5118 6613
1399 523 1599 588 LIB.
1645 524 1788 588 ΙΙΙ.
1835 525 2282 591 ΕΝΝΕΑῙ).
2330 528 2780 605 QUINTAE.
2825 550 2891 615 p.
2924 547 3283 617 924—932.

670 715 736 780 p.
769 694 920 778 928,
954 712 1009 759 2.
1057 696 1135 762 ὥς
1173 695 1279 760 τὸν
1311 699 1687 778 γινώσκοντα
1716 725 1769 761 κ.
1792 723 1845 762 τ.
1872 699 1966 783 λ.]
2016 699 2164 786 Ego
2191 700 2274 763 ab

577 796 948 862 auctoritate
976 797 1277 863 librorum
1309 801 1507 865 MSS.
1538 800 1829 865 standum
1847 801 2168 888 judicavi:
2205 818 2279 868 ut

579 900 840 986 proinde
868 901 978 988 qui
1009 924 1075 967 se
1102 901 1418 989 cognoscit
1456 901 1693 989 duplex
1724 903 1825 981 sit,
1854 905 1960 968 ille
1991 905 2269 992 quidem,

576 1004 686 1090 qui
739 1021 1073 1093 cognoscat
1122 1004 1346 1071 animae
1392 1005 1765 1094 cogitatricis
1808 1022 2120 1087 naturam,
2171 1010 2272 1073 hic

576 1130 747 1186 vero,
791 1109 1172 1196 superiorem
1217 1108 1346 1187 illo,
1391 1112 1503 1197 qui
1546 1132 1611 1174 se
1660 1109 1868 1197 ipsum
1915 1130 2268 1199 cognoscat,

570 1214 799 1300 quique
858 1212 1202 1277 secundum
1260 1212 1438 1277 illum
1494 1212 1873 1278 intellectum
1919 1214 2123 1280 factus
2168 1216 2263 1281 sit.

573 1314 829 1380 Ficinus
856 1314 1032 1379 haud
1060 1314 1252 1379 dubie
1279 1314 1433 1402 legit
1462 1316 1540 1383 ὡς
1574 1315 1642 1379 τὸ
1673 1322 1971 1398 γινῶσκον
2001 1320 2175 1385 ἑαυτὸ
2205 1335 2268 1385 et

574 1418 659 1482 sic
690 1441 899 1505 porr0‚
931 1418 1115 1505 cujus
1144 1418 1419 1485 lectionis
1456 1417 1616 1483 levia
1644 1419 1906 1506 vestigia
1933 1438 2269 1509 supersunt

571 1521 636 1585 in
684 1520 857 1586 libris
904 1536 967 1586 et
1010 1522 1073 1586 in
1120 1522 1397 1608 margine
1440 1521 1727 1585 editionis
1771 1522 2138 1590 Basileensis
2161 1552 2266 1590 :—

573 1624 761 1703 Quod
791 1624 1081 1689 Plotinus
1109 1625 1171 1689 in
1205 1624 1608 1712 sequentibus
1633 1650 1647 1689 :
1698 1624 1731 1688 ὃ
1763 1626 1859 1689 καὶ
1887 1624 2129 1692 δύναται
2153 1627 2263 1708 μό-

572 1755 680 1793 νον
706 1732 1065 1811 πτεροῦσθαι
1094 1757 1148 1793 κ.
1170 1755 1221 1793 τ.
1241 1737 1305 1792 λ.
1336 1753 1414 1793 ex
1447 1727 1774 1793 Platonico
1803 1730 2077 1795 Phaedro
2104 1731 2263 1797 colo-

572 1855 703 1896 rem
733 1832 942 1911 duxit,
974 1856 1158 1897 nemo
1185 1845 1300 1911 est,
1330 1833 1483 1919 quin
1513 1831 1744 1896 videat.

634 1959 699 2022 p.
724 1955 945 2020 929‚4.
968 1936 1098 1999 ἔστι
1118 1935 1189 2014 δὴ
1212 1936 1509 2003 νοῦς-ὧς
1526 1935 1595 2014 δὴ
1616 1936 1722 1999 οὖν
1746 1939 1881 2002 νοῦς
1899 1935 2108 2000 ἑαυτὸν
2124 1937 2261 2021 ὁρᾷ]

570 2039 617 2101 J
620 2061 680 2102 o.
714 2036 1097 2125 Philoponus
1123 2035 1189 2101 in
1220 2036 1546 2102 Aristotel.
1579 2039 1634 2102 I.
1666 2037 1746 2101 de
1776 2040 2004 2103 Anima
2035 2040 2113 2104 B.
2145 2042 2262 2105 IV.

574 2159 610 2204 2
636 2165 651 2204 ε
699 2144 850 2206 ἴδιον
879 2144 995 2223 γὰρ
1023 2145 1130 2205 τοῦ
1156 2146 1263 2205 νοῦ
1289 2140 1435 2222 πρὸς
1476 2141 1690 2205 ἑαυτὸν
1718 2143 2050 2207 συννεύειν.
2096 2142 2270 2210 αὐτὸς

571 2247 686 2325 γὰρ
731 2245 765 2306 ὁ
808 2246 981 2326 ὁρῶν,
1015 2242 1190 2310 αὐτὸς
1224 2245 1257 2306 ὁ
1295 2244 1609 2325 ὁρώμενος.
1655 2246 1810 2325 ὁρῶν
1851 2248 1967 2326 γὰρ
2009 2249 2086 2309 τὰ
2124 2249 2266 2327 εἴδη,

574 2346 786 2410 ἑαυτὸν
815 2349 944 2429 ὁρᾷ,
977 2345 1072 2409 καὶ
1103 2344 1314 2409 ἑαυτὸν
1344 2348 1499 2427 ὁρῶν
1526 2349 1602 2411 τὰ
1632 2349 1755 2425 εἴδη
1783 2347 2074 2411 τεθέαται.
2119 2349 2269 2428 πλή-

570 2475 736 2531 ρωμα
764 2447 878 2531 γάρ
911 2451 1041 2511 ἐστι
1070 2453 1188 2512 τῶν
1218 2450 1389 2512 εἰδῶν
1418 2449 1514 2512 καὶ
1545 2449 1698 2516 εἶδος
1727 2452 1918 2514 εἶδῶν.

657 2575 720 2638 p.
753 2573 900 2636 930,
932 2571 992 2632 7.
1041 2554 1094 2615 εἰ
1120 2552 1234 2631 μὲν
1260 2552 1434 2616 τύποι
1476 2552 1689 2630 αὐτῶν,
1721 2553 1827 2616 οὐκ
1870 2552 2018 2617 αὐτὰ
2054 2553 2269 2636 ἔχει-

570 2671 633 2718 et
658 2654 860 2718 infra:
910 2656 1095 2717 τύπον
1118 2658 1235 2737 γὰρ
1267 2654 1618 2738 ἕξει-ὅπερ
1642 2656 1747 2719 οὐκ
1774 2655 1940 2719 ἔστιν
1963 2655 2262 2746 ἀλήθεια]

572 2756 966 2844 Porphyrius
1010 2756 1075 2819 in
1126 2757 1433 2820 Sententt.
1482 2780 1589 2844 ap.
1638 2757 1811 2822 Stob.
1861 2757 2127 2844 Eclogg.
2167 2760 2264 2823 11.

570 2881 678 2945 5¹·
739 2883 801 2947 p.
852 2860 998 2943 780.
1056 2861 1255 2924 Heer.
1304 2873 1368 2924 et
1416 2882 1482 2947 p.
1514 2879 1656 2945 223.
1704 2860 1800 2924 ed.
1859 2860 2262 2949 cantabrig:

569 2963 760 3042 πάντη
796 2965 861 3027 δὲ
900 2962 970 3026 τὸ
1014 2961 1291 3041 αἰσθήσει
1318 2965 1784 3045 προσχρώμενον
1815 2969 1938 3031 τοῖς
1982 2964 2092 3043 ἔξω
2133 2967 2264 3030 ἐπι-

569 3067 811 3145 βάλλον
852 3070 1079 3148 θεωρεῖ,
1130 3065 1244 3148 οὐχ
1295 3066 1617 3145 ἑνούμενον
1662 3067 1907 3135 ἐκείνοις
1948 3065 1989 3131 ἃ
2034 3072 2263 3151 θεωρεῖ,

571 3171 733 3233 ἀλλὰ
767 3167 955 3249 μόνον
992 3169 1177 3232 τύπον
1206 3169 1397 3233 αὐτῶν
1427 3170 1493 3232 ἐκ
1522 3173 1622 3248 τῆς
1649 3169 1795 3251 πρὸς
1822 3172 1970 3235 αὐτὰ
1997 3178 2265 3253 προσβο-

568 3276 678 3352 λῆς
713 3271 1052 3353 λαμβάνον.
1130 3270 1231 3336 Cf.
1267 3270 1589 3336 Plotinum
1637 3288 1919 3338 nostrum
1968 3296 2157 3363 supra
2192 3295 2258 3361 p.

567 3392 714 3460 452.
748 3376 834 3440 D.
868 3389 932 3439 et
960 3398 1026 3461 p.
1049 3394 1200 3461 453.
1230 3374 1381 3461 ibiq.
1412 3389 1624 3438 annot.

655 3502 716 3565 p.
744 3497 981 3563 931,9.
1026 3481 1105 3541 Εί
1146 3478 1254 3542 οὖν
1301 3477 1593 3559 ἐνέργεια,
1636 3480 1731 3542 καὶ
1773 3480 1811 3559 ἦ
1867 3480 2044 3543 οὐσία
2088 3481 2266 3545 αὐτοῦ

571 3581 886 3666 ἐνέργεια,]
942 3579 1009 3644 Si
1037 3580 1323 3668 proxime
1343 3580 1704 3667 praecedens
1727 3582 1968 3662 δυνάμει
1988 3581 2264 3669 itemque

568 3682 890 3771 sequentia
930 3698 1193 3770 reputo:
1241 3683 1305 3747 h.
1329 3682 1373 3746 l.
1417 3683 1515 3749 bis
1557 3684 1953 3749 scribendum
1995 3685 2263 3750 arbitror

568 3789 840 3872 ἐνεργείᾳ
866 3796 1033 3853 actu.
1118 3786 1363 3851 Eadem
1386 3787 1764 3875 ambiguitas
1784 3787 1950 3853 infra
1977 3813 2032 3853 c.
2062 3789 2122 3853 6.
2156 3812 2255 3853 re·

565 3890 795 3955 currit:
847 3892 943 3956 καὶ
970 3894 1123 3972 ὁρῶν
1154 3889 1426 3973 ἐνέργεια
1453 3891 1548 3970 ἦν,
1586 3890 1692 3954 ubi
1725 3890 1888 3956 Cod.
1916 3893 2058 3958 Vat.
2093 3895 2257 3975 ἐνερ·

567 3997 702 4080 γείᾳ
730 3993 940 4073 habet‚
971 4008 1034 4058 et
1065 3992 1322 4058 Ficinus
1350 3992 1574 4058 maluit
1604 3995 1672 4058 ἐν
1702 3996 1993 4080 ἐνεργείᾳ.
2056 3996 2257 4059 Prox-

567 4095 688 4160 ime
706 4095 870 4160 idem
902 4095 1169 4161 voluisse
1198 4095 1482 4161 videtur:
1533 4099 1586 4162 εἰ
1616 4097 1683 4162 ἓν
1713 4100 1777 4161 δὲ
1799 4102 1867 4179 τῇ
1900 4100 2170 4184 ἐνεργείᾳ
2188 4099 2257 4162 τὸ

564 4201 635 4264 ὃν
664 4200 760 4264 καὶ
789 4198 857 4263 τὸ
888 4197 1121 4280 νοητόν.

650 4340 739 4354 -
772 4317 872 4385 17.
915 4301 998 4366 ‘H
1026 4304 1139 4384 μὲν
1178 4307 1293 4386 γὰρ
1331 4303 1502 4386 ψυχὴ
1548 4300 1704 4367 ἐνόει
1746 4303 1981 4382 ἑαυτὴν,
2010 4305 2102 4367 ὅτι
2141 4305 2254 4368 άλ-

566 4414 697 4470 λον·
746 4406 781 4468 ὁ
817 4407 885 4468 δὲ
922 4408 1077 4478 νοῦς,
1110 4407 1201 4468 ὅτι
1239 4402 1435 4490 αὐτός]
1486 4403 1825 4492 Attingere
1865 4405 1999 4470 haec
2041 4420 2105 4470 et
2149 4430 2252 4471 su-

564 4506 808 4595 periora
834 4528 904 4593 p.
925 4525 1075 4590 499.
1107 4506 1305 4571 videri
1340 4506 1536 4594 possit
1569 4506 1832 4570 Proclus
1868 4507 1930 4571 in
1975 4507 2256 4573 Platonis

568 4607 878 4696 Theolog.
910 4631 966 4673 c.
998 4609 1207 4673 XIX.
1240 4632 1305 4695 p.
1324 4628 1409 4693 52
1436 4633 1450 4672 :
1497 4610 1668 4692 ψυχὴ
1694 4611 1808 4688 μὲν
1827 4611 2123 4675 ἆνελίττει
2149 4612 2256 4677 τὸν

568 4717 728 4786 νοῦν,
762 4715 898 4778 νοῦς
923 4714 989 4776 δὲ
1016 4712 1200 4776 αὑτὸν
1237 4712 1529 4791 ἆνέλιξεν,
1560 4712 1763 4793 ὥσπερ
1809 4713 1905 4776 καὶ
1944 4715 1978 4776 ὁ
2016 4719 2253 4779 Πλωτῖ-

568 4841 669 4883 νος
716 4816 903 4896 ὀρθῶς
937 4817 1055 4879 πού
1092 4824 1243 4897 φησι
1287 4815 1421 4895 περὶ
1463 4820 1580 4878 τῶν
1631 4821 1857 4894 νοητῶν
1896 4816 2259 4897 ὑποβάσεων

570 4920 771 4984 εἰπόν.
828 4916 933 4983 Cf.
966 4939 1156 5004 supra
1182 4917 1264 4982 ad
1304 4915 1557 4982 titulum
1599 4916 1742 4980 libri
1777 4916 1969 5004 hujus
2008 4941 2072 5006 p.
2102 4923 2254 5004 496.

569 5022 681 5087 ubi
707 5019 939 5108 conjeci
971 5019 1258 5085 Proclum
1283 5018 1630 5107 scripsisse:
1678 5018 1953 5100 περὶτῶν
1976 5027 2258 5100 νοητικῶν

565 5124 975 5190 ὖποστάσεων.
1052 5124 1330 5189 Verbum
1352 5139 1561 5187 autem
1588 5123 1919 5186 ἆνελίττειν
1950 5121 2013 5185 in
2044 5122 2153 5209 huj
2164 5146 2261 5189 us-

565 5226 806 5293 oemodi
833 5226 1360 5315 disputationibus
1386 5224 1533 5291 alibi
1556 5237 1820 5312 usurpat
1847 5224 2157 5305 Plotinus‚
2183 5242 2255 5292 ut

563 5355 628 5419 p.
654 5349 715 5416 5.
746 5330 1221 5395 A.—Ceterum
1267 5328 1348 5393 cf.
1394 5352 1458 5416 p.
1481 5329 1631 5411 489.
1676 5328 1752 5391 Β.
1782 5328 1861 5392 C.
1908 5350 1962 5393 c.
1992 5328 2150 5392 VII.
2191 5343 2256 5395 et

562 5456 626 5521 p.
651 5433 802 5519 498.
832 5434 922 5497 A.
945 5432 1025 5496 B.
1055 5455 1121 5520 p.
1142 5448 1289 5517 507.
1322 5433 1656 5497 E.—Mox
1680 5429 1974 5496 Ficinum
1997 5454 2252 5519 expres-

562 5536 709 5603 sisse
755 5536 850 5602 καὶ
894 5536 1048 5616 ὁρῶν
1095 5537 1162 5600 ἐν
1201 5536 1470 5620 ἐνεργείᾳ
1507 5533 1604 5613 ἦν,
1636 5533 1755 5598 sub
1794 5533 1981 5599 finem
2017 5557 2248 5622 praece-

3938 532 4059 617 283

2359 701 2567 764 dentis
2609 699 2830 787 capitis
2878 700 3185 766 monitum
3231 714 3345 780 est,
3380 717 3444 767 et
3494 701 3698 767 nescio
3740 704 4057 790 quomodo

2360 801 2495 867 haec
2535 802 2716 868 lectio
2751 803 2901 868 mihi
2945 798 3192 868 arridet.
3285 805 3586 869 Dativum
3632 805 3762 870 sine
3807 829 4050 895 praepo-

2358 906 2579 972 sitione
2606 907 2884 994 agnoscit
2912 908 3070 972 liber
3091 906 3445 972 Vaticanus.
3518 909 3652 972 Nec
3683 908 3889 974 minus
3917 910 4050 997 pla-

2356 1023 2455 1073 cet
2498 1008 2565 1073 in
2609 1008 3014 1096 sequentibus
3043 1008 3224 1075 lectio
3270 1009 3506 1074 Ficini:
3553 1008 3591 1090 ἢ
3636 1010 3900 1093 ἀνάγκην
3940 1015 4053 1092 μὲν

2356 1113 2538 1180 οὕτως
2565 1135 2683 1199 pro
2712 1112 2957 1196 ἀνάγκη.

2439 1238 2502 1303 p.
2535 1233 2686 1301 932,
2716 1236 2777 1300 5.
2824 1216 3131 1299 ἐνέργειαν
3188 1215 3485 1300 πιστικήν]
3540 1217 3728 1281 Hanc
3778 1216 4041 1283 formam

2354 1315 2497 1382 libri
2512 1333 2881 1405 agnoscunt,
2898 1321 3172 1404 itemque
3194 1317 3257 1382 in
3285 1317 3564 1382 Platonis
3582 1320 3779 1407 Gorg.
3804 1344 3871 1408 p.
3890 1324 4041 1407 456.

2352 1443 2408 1484 a.
2429 1419 2612 1485 etiam
2641 1420 2805 1486 cod.
2827 1420 3243 1496 Bodleianus3
3278 1436 3344 1486 et
3371 1421 3629 1487 retinuit
3649 1444 3852 1512 nuper
3877 1424 4043 1488 Bek-

2356 1522 2561 1589 keruS.
2640 1524 2828 1589 Conf.
2858 1523 2940 1589 ad
2966 1547 3111 1588 eum
3151 1524 3360 1589 locum
3388 1524 3726 1591 Heindorf.
3754 1550 3821 1614 p.
3854 1547 3957 1612 29.
3987 1542 4049 1592 et

2355 1627 2574 1693 Lexic.
2606 1627 2897 1716 Xenoph.
2930 1628 3047 1692 III.
3086 1651 3143 1715 p.
3169 1646 3317 1713 547.
3382 1629 3454 1693 In
3486 1629 3844 1695 Aristotelis
3873 1629 4045 1695 Rhe.

2353 1744 2465 1793 tor.
2503 1731 2564 1795 I.
2597 1748 2657 1795 2.
2705 1730 2849 1794 libri
2885 1730 3146 1796 variant.
3227 1730 3625 1797 Gaisfordius
3667 1746 3881 1797 tamen
3924 1759 4051 1798 πει-

2354 1833 2523 1913 στικὴ
2565 1832 2797 1921 recepit
2835 1832 2901 1897 in
2946 1833 3228 1898 ordinem
3258 1857 3324 1921 p.
3351 1853 3455 1918 29.
3542 1833 3648 1898 Nil
3680 1834 3917 1900 variare
3945 1859 4049 1901 eos

2353 1935 2535 2000 video
2576 1935 2639 2000 in
2683 1936 2893 2000 Dione
2940 1935 3391 2023 chrysostomo
3428 1939 3616 2002 Orat..
3654 1938 3931 2003 XVIII.
3977 1962 4044 2024 p.

2353 2039 2501 2118 481.
2529 2036 2809 2103 Reiskii:
2858 2037 2926 2103 τό
2955 2065 3022 2103 τε
3047 2039 3200 2106 εἶδος
3221 2043 3322 2119 τῆς
3339 2041 3712 2122 ἆπαγγελίας
3732 2045 4044 2123 προσηνὲς,

2355 2141 2452 2204 καὶ
2497 2141 2948 2224 κεχαρισμένον.
3000 2143 3095 2207 καὶ
3137 2143 3428 2218 πιστικὸν,
3473 2145 3709 2223 πολλὴν
3745 2147 3859 2224 μὲν
3904 2147 4048 2230 ἔχον

2352 2240 2731 2322 πιθανότητα,
2776 2244 3014 2322 πολλὴν
3058 2246 3123 2308 δὲ
3180 2244 3356 2327 χάριν
3414 2246 3510 2308 καὶ
3558 2246 3871 2326 ἐπιβολήν.
3944 2247 4042 2311 Cf.

2355 2345 2548 2430 Diog.
2596 2346 2816 2410 Laert.
2859 2347 2977 2410 IV.
3009 2347 3074 2410 6.
3111 2365 3211 2411 12.
3253 2360 3317 2411 et
3357 2345 3484 2410 vid.
3533 2348 3785 2412 Ernesti
3832 2349 4043 2415 Lexic.

2355 2446 2744 2534 Technolog.
2807 2449 3016 2514 Graec.
3078 2449 3271 2513 Rhet.
3325 2472 3385 2536 p.
3421 2448 3562 2515 266.
3606 2449 3718 2514 inf.
3810 2453 4044 2517 Nostro

2351 2566 2559 2614 autem
2593 2552 2729 2614 loco
2758 2551 3065 2634 ἐνέργειαν
3086 2554 3361 2632 πιστικῆν
3382 2575 3497 2639 pro
3525 2554 3832 2634 πειστικῆν
3852 2554 4038 2621 debe-

2354 2676 2496 2717 mus
2540 2653 2839 2741 accipere,
2884 2654 3058 2741 quod
3098 2654 3385 2742 proxima
3421 2654 3760 2737 declarant,
3791 2680 3863 2723 ac
3906 2681 4044 2744 pro-

2351 2755 2497 2819 inde
2547 2770 2787 2821 vertere
2842 2760 3147 2822 actionem
3192 2781 3242 2823 S.
3290 2759 3734 2845 efficacium,
3767 2783 4043 2848 persua-

2350 2859 2868 2944 dendifizcultatc
2883 2861 3670 2949 pollentem—Sequentia
3705 2862 4043 2930 admonent

2355 2962 2635 3027 Platonis
2668 2963 2732 3028 in
2778 2964 3054 3052 Sophist.
3084 2988 3154 3053 p.
3183 2967 3325 3053 265.
3355 2964 3401 3030 d
3425 2970 3641 3029 ε-νῦν
3669 2966 3746 3031 ἂν
3774 2972 3853 3054 τῷ
3883 2967 4046 3056 λόγῳ

2351 3070 2502 3146 μετὰ
2527 3072 2764 3136 πειθοῦς
2790 3069 3119 3151 ἀναγκαίας
3163 3072 3576 3152 ἐπιχειροῦμεν
3604 3076 3798 3135 ποιεῖν
3827 3074 4043 3153 ὁμολο-

2348 3177 2502 3251 γεῖν.
2581 3173 2783 3259 Gorg.
2817 3195 2883 3260 p.
2913 3191 3060 3259 527.
3094 3173 3171 3237 6:
3219 3174 3526 3240 πείθοντες
3570 3172 3664 3236 καὶ
3705 3172 4046 3255 βιαζόμενα

2347 3274 2447 3338 ἐπὶ
2488 3279 2679 3340 τοῦτο.
2771 3278 2874 3341 Ac
2925 3274 3379 3341 Themistocles
3425 3275 3600 3363 apud
3646 3276 4046 3343 Herodotum

2352 3377 2555 3442 VIII.
2587 3399 2729 3444 111.
2801 3378 3064 3443 Andriis
3100 3379 3259 3444 duas
3298 3378 3446 3442 deas
3484 3401 3549 3442 se
3586 3394 3918 3465 apportare
3946 3381 4042 3445 di-

2348 3487 2471 3544 cit:
2521 3484 2724 3546 Πειθὸ
2755 3482 2851 3546 καὶ
2877 3481 3260 3565 Ἀναγκαίην,
3291 3481 3371 3545 ad
3401 3504 3589 3569 quem
3629 3480 3831 3545 locum
3867 3484 4045 3548 Wes-

2348 3582 2565 3670 seling.
2594 3599 2658 3648 et
2691 3583 3171 3649 Valckenaerius
3214 3607 3277 3671 p.
3308 3587 3456 3667 672.
3500 3582 3684 3671 plura
3720 3607 4041 3672 congesse-

2346 3703 2497 3751 runt
2524 3687 2711 3752 etiam
2740 3712 2776 3751 e
2803 3687 3319 3775 philosophorum
3350 3687 3625 3774 scriptis:
3672 3687 3813 3767 alia,
3840 3694 4043 3755 πειθα-

2347 3790 2572 3873 νάγκην
2601 3789 2916 3856 illustrans
2956 3813 3058 3877 ap.
3093 3790 3424 3877 Synesium
3462 3790 3544 3855 de
3584 3792 3813 3878 Regno
3840 3815 3905 3880 p.
3941 3795 4040 3858 26.

2344 3916 2402 3957 a.
2434 3892 2824 3958 doctissimus
2869 3893 3247 3980 Krabinger.
3287 3893 3351 3957 in
3390 3907 3633 3958 annott.
3676 3893 3740 3959 in
3785 3918 3928 3959 eum
3975 3920 4040 3983 p.

2343 4012 2495 4081 317.

2427 4135 2516 4146 —
2553 4118 2653 4177 ¹4·
2697 4098 2804 4178 τὴν
2856 4100 3063 4182 ψυχὴν
3119 4100 3284 4180 ἡμῶν
3334 4096 3610 4189 διδάξαι,]
3659 4101 3851 4171 Quod
3899 4101 3961 4166 h.
3995 4102 4039 4167 l.

2342 4199 2499 4264 liber
2542 4202 2688 4265 Vat.
2734 4200 2924 4267 habet
2970 4202 3283 4282 ἐνὸιὸάξαι,
3327 4202 3689 4269 addendum
3731 4219 3827 4269 est
3871 4204 4039 4283 locis,

2341 4326 2545 4391 nuper
2593 4326 2632 4367 a
2691 4302 2898 4368 Kallio
2940 4318 3003 4369 et
3064 4304 3631 4393 Schweighaeusero
3679 4306 3763 4370 ad
3823 4308 4038 4395 Steph.

2344 4407 2538 4472 Thea.
2580 4408 2849 4472 Londin.
2890 4407 3282 4495 consignatis.
3374 4410 3454 4473 In
3494 4407 3628 4474 loco
3672 4424 3880 4475 tamen
3934 4413 4044 4476 Sa·

2339 4511 2531 4596 pient.
2570 4510 2770 4574 VIII.
2803 4510 2862 4573 8.
2910 4510 3358 4575 Schleusnerus
3386 4511 3451 4575 in
3492 4514 3678 4577 Novo
3709 4513 4039 4579 Thesauro

2342 4613 2417 4675 V.
2452 4612 2541 4675 T.
2572 4611 2725 4676 alios
2759 4611 2950 4677 libros
2990 4613 3320 4678 ἐκδιδάσκει
3346 4614 3568 4679 offerre
3609 4615 3814 4696 docet,
3844 4616 4038 4682 idem-

2341 4737 2466 4800 que
2509 4713 2573 4777 h.
2599 4712 2641 4778 l.
2691 4716 2994 4803 expressit
3044 4716 3576 4782 Ficinus—Mox
3619 4724 3792 4784 τοῦτο
3833 4723 4035 4786 τοίνυν

2342 4818 2701 4900 γιγνώσκειν
2741 4818 3044 4901 προσήκει,
3092 4821 3169 4886 ὡς
3207 4820 3301 4884 καὶ
3342 4820 3504 4894 αὐτὸ,
3542 4822 3660 4885 ὅσα
3703 4825 3813 4907 ὁρᾷ
3856 4826 4035 4905 γινῶ-

2343 4944 2495 4985 σκει.
2590 4919 2847 4986 Ficinus
2902 4922 3203 5012 expressit
3259 4922 3422 4996 αὑτὸ,
3474 4936 3538 4986 et
3596 4924 3690 4988 καὶ
3745 4926 4032 5013 repetivit

2342 5035 2488 5087 ante
2514 5025 2653 5088 ὅσα.
2746 5023 2933 5102 Quod
2963 5024 3013 5088 si
3061 5046 3206 5088 cum
3247 5023 3488 5112 aliquot
3516 5023 3689 5090 libris
3714 5049 3830 5114 pro
3858 5032 4029 5092 τοῦτο

2345 5124 2568 5212 legeris
2624 5128 2833 5214 τούτῳ,
2874 5126 3011 5192 haec
3059 5128 3319 5193 fortasse
3368 5127 3671 5192 sententia
3720 5129 4027 5195 nascitur:

2346 5230 2493 5294 Hoc
2513 5229 2733 5313 (ablat.
2757 5253 2843 5295 sc.
2863 5229 3208 5314 intellectu)
3227 5254 3595 5320 cognoscere
3616 5231 3791 5297 decet
3808 5255 4027 5319 quem-

2337 5329 2678 5396 admodum
2710 5344 2773 5396 et
2800 5330 3009 5420 ipsum
3047 5355 3443 5420 quaecunque
3471 5332 3662 5414 videt,
3691 5334 4026 5422 cognoscit,

2339 5433 2447 5497 διο.
2535 5432 2704 5498 Nolo
2731 5432 2894 5497 enim
2924 5434 2989 5497 in
3019 5433 3155 5499 loco
3182 5446 3312 5500 tam
3345 5434 3643 5523 ambiguo
3678 5436 4028 5524 quidquam

2337 5549 2666 5602 tentatum.
2746 5536 2988 5625 Taylor
3011 5536 3135 5604 ita:
3171 5546 3214 5579 ‘⁶
3250 5540 3314 5604 It
3341 5538 3394 5604 is
3425 5538 3516 5618 fit,
3540 5538 3868 5622 therefore,
3890 5541 4028 5610 that

2455 5645 2506 5698 ο
2542 5650 2585 5697 o
2622 5632 2667 5697 2
