5118 6613
1365 550 1572 615 LIB.
1618 550 1721 615 11.
1767 551 2233 616 ENNEAD.
2281 553 2809 619 SECUNDAE.
2845 575 2908 640 p.
2946 571 3299 639 190—199.
3970 574 4046 640 91

596 724 679 790 de
725 724 789 789 vi
840 721 1212 790 Christianae
1259 720 1573 809 religionis
1616 720 1717 787 cui
1767 744 1950 787 nemo
2006 722 2284 789 resistere

597 840 836 916 potest:
886 828 982 893 καὶ
1024 827 1161 891 οὐδὲ
1201 827 1466 908 ἐνεγκεῖν
1494 825 1807 905 δυνήσεται
1844 826 2078 909 ἄφατον
2107 827 2285 892 αὐτοῦ

597 932 802 1013 ῥύμην-

680 1056 742 1121 p.
776 1049 922 1118 192,
952 1046 1011 1113 7.
1047 1033 1194 1096 κατὰ
1222 1031 1406 1113 φύσιν
1427 1030 1465 1110 ἡ
1491 1032 1908 1114 περιφορὰ-ἡ
1929 1033 2077 1096 κατὰ
2097 1033 2283 1115 φύσιν

594 1134 873 1223 -φορά]
899 1132 1012 1198 Ad
1038 1133 1173 1198 haec
1201 1131 1428 1197 adhibe
1450 1134 1571 1197 Ez.
1595 1133 1927 1221 Spanhem.
1950 1135 2284 1222 Epreuves

594 1242 672 1305 de
720 1240 1107 1324 Remarques
1155 1258 1271 1301 sur
1310 1236 1398 1301 les
1444 1235 1674 1301 Cestio-s
1709 1236 1785 1300 de
1820 1237 2040 1301 Julien
2081 1260 2148 1324 p.
2180 1253 2279 1325 15.

598 1342 711 1409 ubi
762 1344 1085 1423 περιφορᾶς
1132 1360 1347 1403 vocem
1398 1336 1633 1425 duplici
1678 1351 1984 1427 potestate
2033 1339 2283 1406 Plotino

600 1443 888 1532 usurpari
932 1442 1115 1507 docet
1156 1453 1222 1505 et
1263 1463 1380 1528 pro
1421 1440 1703 1506 circulari
1756 1455 1930 1507 motu
1974 1455 2279 1508 astrorum

597 1548 915 1638 ipsiusque
972 1542 1135 1622 coeli,
1185 1558 1250 1608 et
1290 1566 1408 1631 pro
1464 1542 1628 1622 soli5,
1677 1543 1847 1609 lunae
1895 1544 2283 1633 aliorumque

596 1665 902 1717 astrorum
932 1646 1140 1735 globO.

680 1791 767 1803 —
802 1772 900 1816 10.
935 1751 1027 1815 Οὔ
1055 1750 1253 1814 τοίνυν
1283 1748 1418 1813 οὐδὲ
1445 1753 1666 1832 τροφῆς
1693 1754 1924 1815 δεῖσθαι
1951 1750 2179 1834 φατέον
2206 1755 2282 1817 τὰ

596 1857 749 1942 ἐκεῖ]
787 1851 1169 1940 Obloquitur
1200 1850 1523 1916 Heraclito
1548 1865 1613 1916 et
1644 1852 1884 1933 Stoicis,
1913 1853 2024 1940 qui
2048 1852 2144 1918 vel
2174 1876 2280 1919 ex-

594 1956 1010 2026 halationibus
1035 1971 1216 2020 terrae
1242 1953 1341 2018 vel
1383 1953 1562 2040 aquis
1597 1970 1663 2019 et
1691 1955 1843 2020 mari
1879 1954 2104 2021 nutriri
2131 1955 2277 2021 stel-

593 2060 685 2127 las
712 2062 1052 2146 lunamque
1078 2056 1546 2123 contenderant.
1612 2057 1789 2123 Stob.
1814 2058 1872 2122 Ι.
1908 2077 2007 2144 25.
2038 2082 2105 2144 p.
2124 2079 2275 2144 510.

597 2167 789 2230 Heer.
820 2162 901 2228 de
936 2159 1240 2226 Heracliti
1280 2158 1614 2224 sententia:
1662 2160 1989 2243 τρέφεσθαι
2033 2165 2099 2226 δὲ
2147 2163 2281 2231 τοὺς

593 2266 848 2349 ἀστέρας
895 2267 962 2329 ἐκ
1004 2268 1105 2343 τῆς
1146 2262 1263 2328 ἀπὸ
1307 2266 1415 2345 γῆς
1457 2262 1919 2342 ἀναθυμιάσεως.
1997 2262 2164 2328 Ibid.
2207 2287 2275 2352 p.

594 2371 742 2456 556.
777 2369 868 2451 (Ι.
904 2369 1042 2452 27.)
1074 2388 1154 2431 ex
1184 2364 1524 2454 Chrysippi
1550 2363 1867 2430 doctrina:
1899 2366 1988 2431 διὸ
2021 2368 2116 2431 καὶ
2145 2369 2274 2432 τού-

594 2498 715 2540 τοις
754 2470 1080 2554 τρέφεσθαι
1109 2469 1254 2553 (sc.)
1287 2469 1553 2548 ποτίμοις
1591 2469 1767 2532 ὕδασι
1807 2467 1915 2547 τὴν
1956 2468 2272 2554 σελήνην.)

595 2572 916 2640 Plutarchi
950 2570 1367 2660 Symposiacc.
1401 2570 1606 2635 VIII.
1632 2593 1698 2658 p.
1734 2571 1877 2654 728.
1910 2570 1979 2635 οὗ
2007 2574 2123 2655 γὰρ
2151 2572 2278 2654 τρέ-

593 2681 819 2760 φεσθαι
843 2676 977 2744 τοὺς
1014 2675 1183 2741 θεοὺς
1220 2672 1317 2739 ἀπ’
1350 2673 1526 2753 αὐτῆς
1556 2672 1686 2755 (τῆς
1726 2672 2045 2758 θαλάττης)
2077 2674 2278 2756 ὥσπερ

589 2782 650 2845 οἱ
670 2780 919 2845 Στωϊκοὶ
936 2778 1071 2845 τοὺς
1091 2775 1344 2859 ἀστέρας
1358 2774 1909 2855 ὑπολαμβάνουσιν.
1954 2775 2058 2841 Cf.
2084 2775 2276 2864 Diog.

591 2883 808 2948 Laert.
838 2881 997 2945 VII.
1028 2899 1167 2965 145.
1201 2878 1354 2965 ibiq.
1401 2879 1659 2965 Menag.
1700 2891 1764 2941 et
1793 2878 2062 2966 Bagueti
2104 2901 2274 2943 oom-

591 2997 782 3049 ment.
811 2982 893 3049 de
923 2980 1281 3069 Chrysippo
1310 2981 1371 3065 ξ.
1398 2979 1710 3044 LXXX.
1736 3002 1801 3067 p.
1830 2995 1972 3063 177.
2013 2979 2175 3065 [Cic.
2197 2979 2277 3045 de

593 3089 681 3152 N.
701 3088 788 3152 D.
821 3087 923 3150 11.
956 3103 1050 3171 15.
1080 3106 1145 3171 p.
1183 3087 1329 3169 265.
1360 3106 1455 3170 sq.
1484 3082 1623 3147 coll.
1654 3105 1717 3169 p.
1751 3083 1926 3168 747.]

674 3226 762 3239 --
782 3208 883 3274 13.
914 3187 1308 3274 συγκρίματα]
1342 3184 1604 3273 Proprie
1643 3188 2077 3265 concretiones,
2107 3186 2276 3251 unde

586 3291 771 3358 etiam
809 3300 1093 3357 concreta
1133 3311 1415 3376 corpora.
1508 3287 1898 3354 Vocabulum
1940 3312 1978 3353 a
2021 3288 2275 3355 medicis

586 3397 1088 3483 frequentatum:
1135 3392 1216 3457 cf.
1268 3391 1481 3479 Stepb.
1533 3391 1726 3456 Thes,
1774 3416 1840 3478 p.
1861 3392 2053 3477 5348.
2091 3393 2269 3478 Valp.

586 3497 781 3563 Adde
824 3493 1146 3562 Plutarch.
1190 3495 1325 3558 IX.
1373 3515 1438 3580 p.
1474 3513 1624 3577 499.
1670 3492 1884 3558 Reisk.
1930 3508 1992 3558 et
2021 3492 2142 3558 vol.
2178 3495 2269 3559 X.

585 3622 649 3688 p.
672 3617 821 3687 592.
847 3598 994 3663 infr.
1040 3595 1423 3661 Luculenter
1454 3595 1741 3660 Plotinus
1763 3597 1842 3660 V.
1869 3616 1928 3682 9.
1947 3617 2013 3681 3.
2034 3619 2102 3684 p.
2119 3615 2269 3681 557.

588 3704 665 3767 Β.
706 3716 1110 3790 posteaquam
1160 3698 1242 3763 de
1286 3699 1473 3764 rebus
1514 3711 1648 3762 arte
1689 3698 2041 3785 compositis
2082 3723 2271 3785 expo-

586 3804 733 3883 suit,
762 3803 852 3869 ita
893 3802 1132 3892 pergit:
1183 3803 1280 3866 καὶ
1320 3802 1438 3882 μὴν
1468 3802 1563 3866 καὶ
1596 3803 1672 3865 τὰ
1697 3804 1878 3884 φύσει
1907 3809 2268 3877 συνεστῶτα,

586 3911 660 3972 τὰ
700 3908 1114 3972 πολυσύνθετα
1156 3906 1345 3969 αὐτῶν
1385 3905 1479 3968 καὶ
1522 3906 1889 3986 συγκρίματα
1937 3907 2272 3985 καλούμενα

586 4011 907 4076 ἀναλύσεις
950 4011 1033 4076 είς
1070 4007 1138 4071 τὸ
1181 4007 1280 4071 ἐπὶ
1321 4011 1471 4071 πᾶσι
1513 4012 1636 4073 τοῖς
1672 4011 2074 4089 συγκριθεῖσιν
2119 4006 2271 4073 εἶδος

583 4113 715 4177 οἷον
743 4113 1053 4194 ἄνθρωπον
1080 4112 1162 4177 εἰς
1186 4108 1395 4194 ψυχὴν
1417 4109 1513 4173 καὶ
1540 4115 1727 4188 σῶμα,
1757 4109 1850 4173 καὶ
1877 4108 1945 4172 τὸ
1973 4114 2162 4189 σῶμα,
2189 4112 2271 4178 εἷς

581 4217 660 4280 τὰ
685 4214 973 4296 τέσσαρα.

666 4316 754 4383 ib.
785 4316 894 4397 τήν
920 4341 988 4380 τε
1014 4314 1358 4407 μεταβολὴν
1384 4320 1502 4378 τῶν
1527 4317 1665 4395 τῇδε
1693 4312 1979 4393 σωμάτων
2009 4312 2112 4397 ἀφ’
2138 4315 2270 4380 ἑαυ-

580 4425 700 4485 τόν
724 4419 1158 4504 μεταβάλλειν]
1202 4418 1449 4503 Repeto
1490 4439 1568 4480 ex
1613 4415 2105 4504 praecedentibus
2148 4426 2265 4500 φα-

583 4522 742 4603 τέον,
778 4537 843 4588 et
875 4521 965 4587 ita
1003 4534 1214 4585 verto:
1260 4521 1358 4584 Et
1383 4520 1711 4584 dicendum
1738 4528 1829 4585 est
1860 4522 2272 4607 permutatio-

580 4646 723 4690 nem
748 4647 1100 4712 corporum,
1127 4646 1267 4712 quae
1292 4623 1394 4688 hic
1424 4623 1521 4707 (in
1558 4633 1749 4708 terra)
1779 4630 1952 4701 sunt,
1988 4623 2068 4687 ab
2109 4624 2270 4709 ipsi-s·

584 4726 655 4811 (i.
683 4751 738 4793 e.
771 4750 852 4792 ex
880 4726 1157 4815 ipsorum
1188 4728 1439 4812 natura)
1447 4727 1631 4813 fieri.

1240 4912 1438 4977 LIB.
1503 4914 1605 4977 11.

666 5036 747 5100 P.
774 5055 917 5121 199,
940 5052 1000 5118 7.
1030 5039 1225 5099 ΠΕΡΙ
1257 5037 1686 5097 ΚΙΝΗΣΕΩΣ
1717 5033 2130 5121 OTPANOT]
2158 5033 2264 5097 Se-

579 5137 827 5203 cundus
867 5150 963 5202 est
995 5135 1098 5200 hic
1133 5134 1291 5200 liber
1332 5134 1610 5199 omnium
1642 5133 2136 5200 Plotinianorum
2168 5158 2260 5200 se-

578 5239 861 5305 cundum
889 5253 1134 5325 tempus
1157 5237 1522 5326 scriptionis,
1539 5237 1688 5301 alibi
1709 5238 1846 5320 περὶ
1874 5239 2266 5321 κυκλοφορίας

579 5342 931 5431 inscriptus.
1022 5340 1169 5406 Vid.
1216 5340 1528 5427 Porphyr.
1573 5339 1656 5406 de
1695 5339 1842 5404 Vita
1879 5339 2040 5405 Plot.
2070 5363 2123 5404 c.
2162 5359 2263 5421 24.

576 5468 642 5533 p.
675 5466 820 5529 141.
850 5444 1100 5511 Fabric.
1142 5446 1613 5531 Argumentum
1650 5457 1860 5509 autem
1897 5441 2265 5531 philosopho

580 5563 793 5615 nostro
842 5561 1097 5613 enatum
1143 5561 1235 5614 est
1277 5545 1667 5635 potisdmum
1709 5569 1789 5611 ex
1830 5545 2077 5612 Timaeo
2115 5546 2260 5613 Pla-

2368 723 2594 804 tonico,
2639 723 2980 813 praesertim
3022 721 3141 803 his,
3184 747 3331 813 quae
3371 722 3668 811 leguntur
3707 746 3774 811 p.
3806 744 3911 811 34.
3957 749 4047 813 sq.

2368 827 2573 892 Bekk.
2606 829 2835 908 κίνησιν
2861 831 2977 912 γὰρ
3005 827 3321 908 ἀπένειμεν
3342 827 3496 913 αὐτῷ
3524 826 3631 906 τὴν
3652 830 3757 890 τοῦ
3784 829 4054 908 σώματος

2367 932 2611 1011 οἰκείαν,
2641 936 2758 995 τὸν
2788 932 2937 995 ἑπτὰ
2975 931 3111 1012 περὶ
3150 935 3292 995 νοῦν
3332 930 3427 994 καὶ
3469 930 3763 1012 φρόνησιν
3790 929 4052 1010 μάλιστα

2367 1034 2576 1098 οὖσαν.
2625 1033 2713 1098 διὸ
2743 1033 2814 1113 δὴ
2845 1036 2992 1098 κατὰ
3017 1033 3200 1097 ταῦτᾶ
3230 1034 3297 1097 ἐν
3327 1036 3403 1118 τῷ
3445 1031 3599 1118 αὐτῷ
3637 1032 3732 1095 καὶ
3771 1034 3838 1096 ἐν
3867 1035 4051 1119 ἑαυτῷ

2365 1137 2744 1220 περιαγαγὼν
2771 1135 2912 1201 αὐτὸ
2953 1135 3199 1216 ἐποίησε
3239 1137 3427 1220 κύκλῳ
3464 1139 3752 1199 κινεῖσθαι
3794 1136 4049 1217 στρεφό-

2364 1263 2570 1318 μενον,
2600 1241 2705 1307 τὰς
2733 1241 2799 1303 δὲ
2828 1238 2892 1318 ἓξ
2919 1237 3155 1305 ἁπάσας
3185 1236 3440 1317 κινήσεις
3480 1238 3698 1319 ἀφεῖλε
3735 1237 3829 1300 καὶ
3858 1238 4048 1302 ἀπλα-

2367 1343 2466 1408 νὲς
2521 1341 2924 1424 ἀπειργάσατο
2984 1341 3225 1405 ἐκείνων
3274 1367 3325 1405 κ.
3360 1365 3418 1404 τ.
3455 1346 3516 1403 λ.
3592 1340 3910 1404 Caeterum
3966 1339 4047 1404 cf.

2365 1442 2551 1509 etiam
2596 1442 2924 1532 Epinomis
2966 1465 3029 1530 p.
3063 1443 3209 1527 982.
3243 1465 3336 1530 sq.
3383 1465 3448 1528 p.
3480 1444 3632 1527 356.
3662 1465 3800 1529 sqq.
3844 1440 4046 1507 Bekk.

2368 1547 2449 1610 In
2499 1545 2610 1610 illo
2652 1559 2859 1611 autem
2909 1544 3136 1610 Timaei
3176 1544 3314 1609 loco
3356 1543 3722 1632 explicando
3770 1543 4051 1608 certatim

2365 1648 2763 1714 elaborarunt
2784 1647 3135 1736 philosophi
3166 1646 3471 1713 Platonici
3500 1646 3833 1735 praecipue.
3924 1648 4048 1712 Co·

2363 1752 2536 1840 piose
2582 1752 2648 1816 in
2697 1751 2913 1840 primis
2950 1750 3224 1816 diversas
3267 1765 3548 1816 veterum
3593 1748 3923 1814 sententias
3971 1749 4051 1814 de

2363 1870 2541 1920 motu
2583 1853 2722 1919 coeli
2763 1853 3140 1919 examinavit
3168 1852 3427 1918 Procius
3467 1852 3533 1917 in
3574 1852 3804 1917 Timaei
3845 1852 4050 1918 locum

2363 1980 2429 2045 p.
2457 1961 2600 2041 167.
2630 1981 2766 2045 sqq.
2815 1955 3170 2022 Aristotelis
3214 1956 3330 2021 hac
3373 1955 3454 2020 de
3494 1978 3563 2019 re
3610 1954 3859 2042 placita,
3905 1979 4050 2042 quae

2362 2059 2574 2147 attigit
2602 2058 2865 2125 Proclus
2890 2058 3120 2146 aliique
3160 2058 3501 2146 attingunt,
3530 2055 3828 2144 leguntur
3867 2058 3931 2121 in
3975 2058 4050 2122 li-

2362 2161 2492 2227 bris
2519 2162 2601 2227 de
2631 2162 2804 2229 Coelo
2835 2163 2937 2227 11.
2969 2180 3030 2227 2.
3062 2163 3177 2227 IV.
3211 2181 3271 2225 1.
3299 2161 3366 2225 in
3398 2160 3853 2247 Meteorologg.
3890 2162 3948 2226 1.
3985 2179 4043 2226 2.

2361 2264 2637 2353 itemque
2664 2266 2728 2330 in
2757 2264 2988 2343 libelle,
3015 2264 3128 2352 qui
3160 2264 3320 2329 inter
3347 2261 3755 2328 Aristoteleos
3789 2262 4048 2327 circum-

2363 2368 2584 2447 fertur,
2628 2367 2710 2433 de
2755 2366 3009 2433 Mundo
3045 2368 3149 2432 II.
3184 2386 3244 2452 3.
3286 2365 3395 2430 ubi
3439 2363 3739 2430 nonnulla
3778 2365 3843 2429 in
3887 2365 4048 2431 hanc

2360 2493 2489 2535 rem
2520 2471 2813 2559 adposuit
2842 2469 3132 2558 Kappius
3159 2492 3223 2557 p.
3261 2487 3363 2552 25.
3393 2491 3530 2555 sqq.
3593 2466 3871 2533 Platonis
3898 2467 4047 2533 item

2361 2571 2441 2637 de
2468 2572 2604 2638 caeli
2632 2587 2810 2638 motu
2838 2569 3169 2637 sententias
3196 2571 3424 2659 partim
3445 2569 3794 2635 retulerunt
3819 2571 4047 2658 partim

2360 2681 2743 2741 exornatunt
2768 2675 2892 2740 alii.
2938 2674 3098 2739 Vide
3129 2673 3465 2739 Alcinoum
3494 2673 3575 2738 de
3602 2672 3882 2738 doctrina
3904 2673 4048 2739 Pla-

2363 2778 2523 2843 tonis
2550 2802 2603 2843 c.
2639 2778 2832 2844 XIV.
2865 2802 2931 2866 p.
2961 2778 3111 2858 488.
3139 2801 3273 2865 sqq.
3318 2776 3420 2841 ed.
3461 2778 3630 2841 Dan.
3667 2776 3892 2841 Heius».
3937 2777 4046 2841 ubi

2361 2893 2425 2946 et
2460 2879 2583 2946 alia
2624 2894 2689 2947 et
2725 2881 2859 2946 haec
2901 2880 3199 2968 leguntur
3225 2902 3290 2968 p.
3322 2898 3499 2963 490.:
3546 2879 3584 2960 ἦ
3623 2881 3736 2959 μὲν
3775 2882 3892 2962 γὰρ
3943 2884 4049 2948 τοῦ

2359 2983 2556 3049 πάντα
2597 2984 2976 3068 περιέχοντος
3018 2983 3270 3065 οὐρανοῦ
3314 2983 3538 3063 κίνησις
3580 2980 3847 3061 ἀπλανὴς
3895 2982 4047 3047 οὖσα

2358 3087 2466 3167 μία
2492 3085 2562 3150 τέ
2589 3088 2718 3151 ἔστι
2748 3088 2845 3151 καὶ
2871 3085 3220 3169 τεταγμένη.
3262 3086 3300 3165 ἡ
3336 3083 3540 3165 μέντοι
3577 3090 3695 3148 τῶν
3725 3084 3889 3152 ἐκτὸς
3912 3110 4043 3149 ποι-

2362 3190 2519 3269 κίλη,
2552 3189 2647 3253 καὶ
2676 3191 2745 3254 ἐν
2772 3191 3090 3256 ἀνατολαῖς
3121 3189 3215 3252 καὶ
3257 3189 3501 3253 δόσεσιν
3529 3187 3767 3251 ἀλλοία·
3816 3187 3905 3251 διὸ
3951 3189 4047 3252 καὶ

2358 3291 2657 3373 πλανήτης
2687 3297 2952 3358 καλεῖται
2982 3320 3034 3357 κ.
3055 3318 3110 3356 τ.
3131 3298 3191 3355 λ.
3243 3288 3604 3355 Chalcidius
3631 3288 3693 3354 in
3726 3289 4044 3355 Timaeum

2360 3392 2637 3459 Platonis
2677 3417 2744 3482 p.
2795 3414 2942 3481 213.
3004 3396 3249 3459 Meurs.
3283 3391 3374 3478 [p.
3404 3410 3553 3478 322.
3586 3392 3688 3457 ed.
3720 3394 3778 3458 1.
3805 3394 3883 3458 A.
3917 3395 4041 3459 Fa-

2357 3496 2505 3563 bric.
2550 3496 2634 3562 ad
2683 3496 2912 3562 calcem
2961 3500 3241 3584 Operum
3292 3498 3357 3560 S.
3388 3494 3779 3583 Hippolyti.]
3836 3502 3880 3533 ‘⁶
3915 3494 4041 3560 Ubi

2356 3622 2505 3664 vero
2532 3599 2822 3665 movendi
2851 3622 3002 3664 usus
3028 3613 3121 3664 est
3149 3596 3525 3663 necessarius
3543 3596 3713 3662 visus
3738 3619 3817 3661 ex
3845 3597 4041 3662 omni-

2354 3702 2475 3767 bus
2527 3702 2801 3768 motibus
2856 3701 3015 3766 duos
3062 3701 3178 3765 bos
3226 3701 3469 3783 (Deum
3522 3722 3605 3764 sc.
3654 3697 3837 3764 Plato
3890 3698 4042 3765 dicit

2354 3804 2621 3890 mundo)
2656 3803 2940 3869 tribuisse
2976 3803 3346 3891 praecipuos,
3379 3823 3576 3866 unum
3606 3825 3684 3866 ex
3712 3801 4036 3881 accidenti,

2355 3930 2485 3994 quo
2505 3906 2669 3995 rapit
2690 3905 2894 3971 stellas
2916 3904 3167 3994 aplanes
3186 3905 3268 3970 ad
3288 3903 3568 3984 occidua,
3587 3926 3776 3991 quem
3797 3919 4037 3970 motum

2354 4032 2523 4073 nunc
2548 4023 2728 4074 vocat
2753 4008 2819 4073 in
2847 4007 3304 4073 antecedentia:
3337 4006 3600 4073 alterum
3634 4029 3782 4072 vero
3813 4006 4034 4093 princi·

2353 4110 2582 4199 palem,
2627 4111 2739 4198 qui
2780 4125 2875 4177 est
2908 4109 3327 4189 circumactio,
3356 4109 3641 4197 circaque
3683 4126 3876 4175 semet
3897 4132 4032 4175 ver-

2354 4213 2529 4292 titur,
2553 4213 2812 4279 similem
2841 4213 3258 4280 deliberativae
3282 4212 3504 4278 animae
3524 4212 3743 4291 motui,
3758 4212 4036 4300 quinque

2350 4316 2589 4381 caeteris
2656 4317 3056 4383 cessantibus.
3144 4315 3398 4382 Etenim
3461 4314 3762 4380 Ioculares
3830 4330 4038 4381 motus

2352 4430 2589 4508 septem
2619 4433 2787 4501 sunt,
2814 4419 3072 4507 opinor;
3118 4419 3248 4484 duo
3272 4418 3527 4506 quidem
3546 4419 3737 4507 juxta
3761 4417 4032 4506 longitu-

2354 4521 2587 4601 dinem,
2616 4521 2682 4586 id
2710 4536 2824 4601 est,
2854 4536 2999 4587 ante
3026 4536 3090 4586 et
3116 4536 3295 4609 post:
3342 4521 3472 4587 duo
3497 4521 3646 4586 item
3674 4520 3778 4585 alii
3807 4545 3918 4608 per
3944 4520 4036 4587 la-

2354 4622 2708 4702 titudinem,
2740 4624 2807 4688 in
2859 4624 3142 4690 dextram
3186 4638 3249 4690 et
3284 4624 3349 4687 in
3394 4623 3737 4698 sinistram;
3784 4625 4037 4713 duoque

2352 4725 2456 4791 alii
2489 4727 2680 4813 juxta
2718 4726 3232 4814 profunditatem,
3264 4749 3510 4791 sursum
3539 4741 3603 4791 et
3632 4726 3943 4806 deorsum,
3974 4743 4036 4794 et

2350 4828 2611 4895 ultimus
2655 4852 2846 4917 supra
2891 4840 3270 4894 memoratae'
3299 4829 3755 4894 circumactioni
3802 4829 4033 4910 similis,

2349 4930 2463 5018 qui
2503 4932 2635 4997 fixo
2673 4930 3074 4997 circumvolat
3097 4931 3367 4997 cardine.
3441 4931 3610 5010 Quin
3651 4954 3803 5020 ergo
3843 4956 3921 4998 ex
3962 4932 4036 4998 iis

2348 5048 2587 5122 septem
2642 5034 2913 5100 motibus
2970 5034 3240 5099 duorum
3290 5034 3724 5100 tantummodo
3780 5035 4035 5122 singulis

2347 5136 2499 5203 ratis
2517 5136 2707 5203 stellis
2720 5159 2905 5202 usum
2928 5136 3149 5202 tribuit
3164 5139 3341 5202 Deus
3362 5136 3758 5225 principalem
3781 5136 4034 5225 quidem

2350 5237 2910 5317 circumactionem‚
2940 5262 3020 5303 ex
3058 5237 3360 5303 accidenti
3390 5262 3538 5304 vero
3579 5239 3688 5325 qui
3730 5239 3929 5302 fertur
3968 5238 4034 5302 in

2348 5339 2657 5420 dextram,
2709 5354 2872 5406 recte
2928 5340 3090 5405 dixit
3136 5341 3417 5429 quinque
3474 5356 3772 5429 praeterea
3828 5357 4036 5406 motus

2348 5442 2501 5508 alios
2548 5466 2785 5508 vacare.
2872 5442 3123 5509 Deinde
3171 5443 3486 5509 concludit
3529 5464 4033 5521 commemorans,

2348 5569 2415 5612 se
2457 5545 2773 5706 stgllarum
2830 5545 2911 5611 de
2955 5546 3228 5612 motibus
3274 5545 3613 5611 errantium
3669 5544 4032 5634 disputasse.

2412 5652 2472 5705 N
