5118 6613
1072 575 1204 647 450

1078 730 1403 795 sublunaria
1421 729 1711 809 quomodo
1730 727 2074 807 sempiterna
2100 744 2178 804 97

1078 813 1396 877 substantia
1433 831 1710 891 nusquam
1750 811 1903 869 velut
1945 808 2006 867 in
2046 809 2179 867 sub-

1149 902 1308 977 jecto
1351 894 1517 961 inest,
1556 912 1661 953 nec
1704 893 1777 952 de
1819 893 2073 970 subjecto
2118 901 2183 948 ut

1155 990 1482 1037 extraneum
1511 973 1846 1054 praedicatur
2059 970 2178 1029 622

1077 1056 1393 1119 substantia
1431 1057 1650 1116 ratione
1688 1053 1992 1135 percipitur

1824 1135 1949 1193 Fic.
1979 1154 2035 1212 p.
2060 1150 2180 1208 320

1075 1219 1389 1282 substantia
1397 1217 1686 1297 quomodo
1703 1214 2038 1295 proedicetur
2048 1226 2175 1271 tan-

1154 1323 1325 1382 quam
1354 1320 1534 1382 genus
1560 1300 1632 1359 de
1659 1296 1893 1357 materia
1919 1308 1979 1355 et
1997 1296 2182 1434 10ιέωο

2104 1394 2176 1434 22

1073 1463 1388 1526 substantia
1414 1482 1554 1542 pura
1577 1481 1702 1540 quae
1728 1459 1949 1520 dicatur
2056 1458 2173 1534 623

1075 1548 1393 1606 substantia
1426 1563 1696 1623 corporea
1722 1561 1791 1602 ex
1815 1540 2020 1622 quibus
2057 1540 2178 1598 effi-

1156 1627 1337 1687 ciatur
2097 1622 2177 1680 ib.

1071 1705 1401 1767 substantie
1441 1707 1625 1784 primo
1650 1701 1847 1784 generi
1875 1722 2000 1782 quae
2042 1702 2176 1761 sub·

1144 1789 1416 1869 Jiciantur
2056 1783 2176 1842 618

1071 1868 1401 1930 substantiae
1429 1886 1714 1946 corporeas
1752 1863 2045 1945 proprium
2083 1884 2178 1924 ac-

1152 1949 1400 2011 cidentia
1428 1948 1705 2008 sustinere
2057 1945 2176 2023 619

1071 2030 1403 2092 substantiae
1444 2050 1625 2109 genus
1667 2047 1845 2087 unum
1889 2046 2007 2085 non
2051 2046 2178 2086 esse

1150 2133 1318 2193 posse
1343 2129 1649 2171 commune
1673 2108 2012 2188 intelligibili
2046 2127 2176 2167 sen·

1149 2193 1414 2274 sibilique
1441 2205 1659 2252 naturae
2059 2190 2173 2265 567

1070 2275 1399 2335 substantia
1427 2273 1625 2333 divisio
1650 2271 2029 2352 Peripatetica
2065 2270 2168 2329 161

1067 2356 1397 2417 substantioe
1425 2355 1621 2435 primae
1660 2367 1721 2414 et
1759 2353 2022 2414 secundae
2050 2372 2178 2492 guae

2103 2453 2132 2491 2

1068 2522 1401 2580 substantiae
1426 2517 1628 2577 divinae
1655 2517 1807 2575 inter
1833 2450 2173 2595 principiu11⁵1

1147 2602 1396 2681 primum
1436 2612 1498 2659 et
1537 2598 1814 2658 mundum
1858 2609 1972 2655 tres

1824 2677 1944 2737 Fic.
1974 2697 2029 2755 p.
2053 2677 2127 2754 65
2142 2696 2165 2735 1

1066 2762 1396 2824 substantioe
1412 2760 1690 2821 sensibilis
1698 2779 1877 2839 genus
1885 2758 2174 2836 quomodo

1120 2844 1338 2924 optime
1352 2844 1411 2901 in
1429 2842 1642 2921 species
1657 2841 2037 2920 distinguatur
2052 2839 2128 2897 62
2135 2855 2168 2917 5

1066 2927 1172 2985 sub
1200 2924 1541 2985 Substantioe
1569 2941 1777 3003 genere
1816 2920 2034 2999 species
2062 2941 2174 2998 qua

1135 3005 1501 3064 distinctione
1528 3003 1888 3062 numerandae
1916 3000 2031 3060 sint
2052 3002 2173 3076 624

1067 3086 1506 3146 substantiarum
1550 3083 1991 3164 compositarum
2037 3102 2173 3162 pro-

1147 3168 1333 3248 prium
2052 3163 2169 3239 623

1066 3247 1505 3310 substantiarum
1534 3266 1799 3306 numerus
2051 3244 2122 3302 61
2138 3262 2169 3320 7

1065 3333 1411 3391 substantias
1430 3349 1570 3409 quas
1590 3325 1947 3405 Peripatetici
1971 3339 2175 3385 vocant

1144 3415 1206 3472 in
1233 3413 1433 3473 eadem
1472 3423 1672 3470 natura
1708 3424 1825 3469 non
1861 3426 2174 3489 congruere

1065 3576 1411 3635 substantias
1437 3573 1495 3632 in
1521 3591 1636 3631 una
1660 3573 1804 3632 serie
1831 3573 1904 3629 ab
1930 3489 2174 3629 0110511507-

1130 3657 1325 3735 inceps
1344 3656 1700 3734 dependente
1719 3651 2021 3732 dispositas
2048 3670 2174 3710 esse

2052 3734 2170 3809 568

1063 3818 1236 3877 sudor
1823 3814 1939 3873 Fic.
1970 3835 2026 3893 p.
2050 3834 2162 3891 341

1063 3897 1276 3957 succini
1305 3897 1383 3956 vis
1822 3895 1941 3955 Fic.
1972 3916 2030 3975 p.
2057 3914 2166 3973 213

1061 3998 1348 4037 summum
1378 3978 1589 4036 malum
1618 3976 1784 4055 quale
1822 3976 1942 4035 Fic.
1971 3997 2028 4055 p.
2058 3995 2172 4054 129

1062 4079 1349 4118 summum
1378 4057 1436 4116 in
1466 4058 1697 4117 homine
1724 4056 1860 4135 quid
1887 4059 1952 4115 F.
1975 4078 2031 4136 p.
2052 4058 2171 4117 628

1063 4142 1354 4219 superiora
1398 4141 1458 4197 in
1508 4138 1775 4197 inferiora
1822 4149 2017 4218 agunt,
2070 4139 2170 4197 sed

1144 4220 1356 4299 duplici
1385 4218 1600 4278 ratione
2047 4235 2171 4295 474

1063 4301 1351 4381 superiora
1414 4320 1514 4360 0111
1567 4299 1899 4359 inferiorum
1960 4300 2173 4360 indicia

1144 4382 1477 4441 contineant
1821 4383 1938 4441 Fic.
1966 4401 2024 4460 p.
2048 4397 2161 4460 451

1063 4466 1354 4544 superiora
1374 4462 1554 4543 magis
1575 4462 1791 4543 species
1811 4463 2171 4523 inferioribus

2094 4564 2168 4604 20

1059 4624 1348 4705 superiora
1386 4624 1683 4705 provident
1720 4561 2084 4685 inferioribus7

1484 4789 1497 4802 ⁶
1807 4707 1931 4766 Fic.
1960 4728 2014 4786 p.
2041 4726 2163 4783 449

1058 4807 1302 4869 superna
1342 4807 1540 4846 omma
1577 4806 1770 4846 casum
1813 4800 2085 4881 respuunt

1226 4952 1241 4965 ⁸
1474 4948 1486 4962 .
1712 4949 1725 4962 ο
1809 4870 1932 4929 Fic.
1963 4890 2019 4949 p.
2043 4887 2161 4944 347

1055 4970 1409 5031 supernorum
1436 4962 1551 5009 vnta
1578 4949 1758 5028 qualis
2044 4967 2158 5027 545

1055 5031 1332 5112 supplicia
1358 5031 1579 5110 injustis
1608 5029 1766 5090 illata
1798 5033 1892 5091 cui
1921 5033 2161 5091 attribu-

1136 5114 1284 5173 enda
2041 5115 2161 5189 384

1054 5195 1521 5273 superpulchrum
1549 5192 1686 5272 quid
2044 5210 2162 5270 724

1053 5276 1320 5354 Synesius
1346 5276 1675 5335 Platonicus
1798 5274 1922 5333 Fic.
1950 5295 2010 5353 p.
2038 5293 2160 5349 410

1055 5357 1273 5433 Synesii
1315 5356 1593 5416 Platonici
1636 5355 1825 5415 divina
1857 5357 2147 5447 sententia

1800 5437 1925 5495 Fic.
1953 5456 2015 5515 p.
2035 5454 2156 5513 433

2045 5599 2160 5657 166

2038 5681 2157 5759 389

1049 5598 1279 5690 Tactus·
1293 5597 1520 5677 objecta
1564 5520 1639 5578 T·

1050 5691 1237 5738 tactus
1264 5691 1643 5767 instrumenta

2257 724 2483 784 talionis
2523 724 2614 784 lex
2639 723 2700 783 in
2726 723 2978 783 humano
3004 742 3214 805 genere
3240 722 3367 801 plu·

2341 808 2546 865 rimum
2577 805 2926 886 conspicitur
3252 805 3369 880 264

2260 887 2487 947 talionis
2514 907 2690 967 poena
3010 885 3135 946 Fic.
3165 906 3224 965 p.
3246 885 3367 964 629

2258 980 2451 1028 taurus
2478 988 2579 1028 cur
2604 967 2763 1028 arieti
2792 967 3059 1027 succedat
3084 968 3150 1026 F.
3170 988 3226 1046 p.
3250 986 3316 1026 21
3335 985 3359 1024 1

2260 1062 2452 1109 taurus
2479 1070 2583 1109 0111
2603 1070 2638 1108 a
2656 1049 2934 1110 veteribus
2961 1048 3021 1109 in
3048 1049 3231 1109 sidera
3250 1049 3367 1107 eol-

2340 1131 2559 1191 locatus
3005 1131 3131 1190 Fic.
3165 1151 3223 1209 p.
3250 1149 3281 1189 2
3299 1149 3367 1188 10

2259 1212 2404 1271 tauri
2435 1211 2515 1270 vis
3012 1211 3134 1271 Fic.
3164 1231 3224 1291 p.
3252 1230 3367 1287 234

2258 1293 2593 1353 temeritatis
2633 1292 2695 1353 in
2737 1293 2952 1353 mundo
2982 1293 3171 1353 nullus
3209 1293 3367 1352 locus

3008 1374 3133 1433 Fic.
3164 1396 3221 1455 p.
3243 1389 3364 1449 447

2259 1469 2485 1536 tempus
2512 1456 2648 1535 quid
3015 1455 3139 1515 Fic.
3166 1476 3221 1534 p.
3246 1472 3360 1533 593

2257 1551 2482 1617 tempus
2521 1558 2640 1598 non
2665 1549 2755 1597 est
2791 1536 3064 1597 motionis
3091 1555 3364 1596 consecu-

2337 1618 2421 1678 tio

2258 1713 2482 1778 tempus
2502 1720 2538 1759 a
2555 1701 2796 1760 circuitu
2823 1712 3100 1759 astrorum
3130 1636 3366 1778 nonagef

2337 1796 2582 1853 neratur,
2610 1782 2712 1841 sed
2738 1782 3160 1841 demonstratur
3245 1797 3363 1857 337

2255 1876 2481 1941 tempus
2533 1863 2751 1922 ratione
2799 1882 3079 1922 mensurae
3131 1881 3363 1922 mensu-

2334 1947 2513 2004 rantis
2540 1943 2599 2003 in
2628 1943 2947 2023 quantitate
2973 1955 3060 2003 est
3243 1942 3360 2019 623

2255 2038 2482 2105 tempus
2519 2042 2678 2086 extra
2714 2024 2961 2085 animam
3000 2044 3118 2084 non
3156 2024 3362 2103 accipi-

2335 2108 2550 2166 endum
3245 2106 3366 2182 336

2254 2199 2481 2268 tempus
2508 2208 2611 2248 cur
2636 2200 2916 2248 astrorum
2944 2198 3135 2247 motus
3168 2206 3202 2245 a
3226 2187 3361 2245 Pla-

2337 2282 2472 2329 tone
2499 2270 2719 2328 dicatur
3284 2268 3361 2327 ib.

2254 2363 2479 2430 tempus
2508 2371 2646 2410 num
2677 2350 2890 2409 factum
3243 2368 3358 2428 335

2255 2445 2481 2513 tempus
2517 2453 2658 2491 num
2697 2430 2968 2491 motionis
3008 2430 3363 2491 intervallum

3281 2512 3360 2571 ib.

2253 2608 2482 2673 tempus
2508 2615 2640 2656 cum
2668 2593 2928 2654 universo
2956 2594 3169 2654 factum
3241 2595 3360 2671 336

2252 2689 2477 2756 tempus
2508 2696 2619 2756 qua
2649 2674 2868 2735 ratione
2886 2676 3106 2736 dicatur
3126 2695 3226 2734 seu
3252 2696 3360 2734 nu·

2335 2777 2541 2829 merus,
2571 2778 2670 2817 seu
2698 2777 2963 2816 mensura
2991 2768 3179 2816 motus
3240 2775 3358 2833 332

2252 2851 2477 2919 tempus
2503 2839 2644 2919 quid
2671 2851 3026 2898 mensuretur
3240 2856 3357 2915 333

2252 2932 2476 3000 tempus
2506 2941 2621 2980 non
2650 2939 2817 3000 posse
2837 2933 3058 2979 motum
3079 2939 3204 2980 esse
3229 2939 3357 2999 pro-

2335 3003 2502 3061 batur
3238 3019 3349 3078 331

2252 3093 2475 3163 tempus
2517 3103 2656 3142 num
2700 3081 2968 3142 metiatur
3007 3081 3255 3162 quietem

3004 3164 3128 3223 Fic.
3158 3184 3212 3241 p.
3238 3179 3350 3239 593

2253 3258 2475 3325 tempus
2501 3246 2564 3304 in
2591 3243 2781 3304 anima
2807 3244 3004 3304 mundi
3056 3246 3125 3303 1⁴³.
3155 3265 3210 3324 p.
3238 3261 3354 3322 592

2251 3338 2476 3407 tempus
2504 3347 2607 3387 cur
2626 3327 2749 3386 caeli
2772 3327 3016 3386 motioni
3037 3327 3355 3464 assignetug

2250 3499 2475 3566 tempus
2503 3488 2599 3566 qui
2623 3489 2823 3549 dicunt
2848 3488 3058 3569 aliquid
3086 3487 3356 3547 motionis

2328 3589 2468 3639 esse,
2482 3571 2765 3649 triplicem
2784 3573 2997 3631 habent
3014 3570 3353 3629 sententiam

3008 3652 3130 3711 Fic.
3163 3672 3217 3730 p.
3239 3668 3353 3730 593

2248 3744 2474 3811 tempus
2502 3751 2627 3792 esse
2655 3753 2973 3793 mensuram
3011 3733 3357 3812 probabilius

2329 3829 2435 3883 est,
2465 3835 2635 3894 quam
2666 3836 2964 3874 numerum
3278 3815 3355 3874 ib.

2250 3907 2477 3973 tempus
2505 3916 2622 3954 non
2652 3909 2741 3955 est
2764 3909 2947 3956 status
3235 3913 3346 3971 331

2252 3988 2475 4055 tempus
2503 3977 2657 4055 quid,
2688 3977 2887 4058 triplex
2914 3976 3198 4036 sententia
3277 3978 3354 4035 ib.

2251 4071 2475 4138 tempus
2517 4078 2634 4118 non
2676 4071 2765 4118 est
2803 4061 2863 4118 in
2907 4072 3098 4118 mente
3138 4058 3324 4118 divina

3006 4141 3126 4200 Fic.
3155 4161 3213 4219 p.
3236 4158 3352 4217 592

2249 4232 2476 4299 tempus
2507 4238 2622 4278 non
2651 4232 2740 4280 est
2764 4221 2983 4299 spbaera
3234 4239 3307 4296 33
3324 4240 3345 4279 1

2250 4313 2475 4380 tempus
2504 4321 2622 4360 non
2653 4314 2741 4361 est
2769 4315 2958 4361 motus
2993 4301 3118 4360 Fic.
3147 4322 3207 4380 p.
3235 4319 3349 4378 593

2247 4393 2472 4461 tempus
2505 4382 2654 4441 sitne
2692 4383 2956 4442 motionis
2995 4382 3352 4442 intervallum

3321 4483 3352 4523 2

2246 4543 2578 4684 ‘esras
2600 4544 3353 4704 ..rr

2244 4720 2473 4784 tempus
2511 4707 2660 4766 sitne
2702 4706 2944 4768 ordinati
2991 4720 3178 4766 motus
3220 4727 3352 4786 spa-

2324 4788 2467 4847 tium
3274 4788 3350 4848 ib.

2242 4882 2469 4948 tempus
2496 4890 2634 4928 num
2663 4870 2723 4929 in
2754 4869 2918 4929 nobis
3231 4888 3352 4947 339

2242 4963 2471 5028 tempus
2496 4950 2681 5028 qualis
2711 4970 2977 5010 numerus
3231 4970 3264 5027 3
3271 4970 3351 5026 34

2242 5044 2467 5112 tempus
2492 5032 2792 5091 intermitti
2821 5031 3020 5111 nequit
3229 5051 3339 5108 331

2242 5125 2467 5190 tempus
2492 5113 2822 5173 aeternitatis
2849 5116 3040 5193 imago
3229 5129 3342 5189 335

2240 5193 2512 5273 temporis
2561 5194 2813 5254 definitio
2862 5194 3215 5254 Aristotelica
3261 5214 3346 5253 10-

2321 5276 2690 5355 prehenditur
3226 5293 3348 5351 334

2239 5356 2513 5434 temporis
2551 5356 2805 5416 definitio
2844 5357 3206 5416 Aristotelica
3244 5377 3347 5416 0111

2321 5436 2612 5497 intellectu
2638 5438 2881 5498 difficilis
3228 5438 3345 5514 338

2240 5517 2508 5595 temporis
2539 5532 2740 5579 natura
2999 5519 3119 5579 Fic.
3152 5539 3206 5598 p.
3224 5536 3341 5596 592

2238 5598 2512 5677 temporis
2582 5614 2782 5660 natura
2835 5601 3126 5680 quomodo
3182 5599 3344 5660 inda-

2320 5682 2505 5760 ganda
3226 5700 3258 5757 3
3267 5702 3300 5758 5
3313 5701 3337 5740 1

2064 550 2381 616 INDEX
2423 549 2775 616 RERUM
2819 548 2949 615 ΕΤ
2996 548 3548 616 VERBORUM.

3449 721 3721 801 temporis
3771 722 4016 784 essentia
4055 743 4124 783 ex
4164 743 4287 784 esse
4333 736 4395 785 et
4436 743 4555 783 non

3528 823 3654 863 esse
3684 804 3856 864 mixta
4204 805 4326 865 Fic.
4354 828 4413 886 p.
4439 820 4554 883 592

3446 885 3721 965 temporis
3748 889 4053 947 essentiam
4079 887 4368 967 quomodo
4391 888 4559 947 Plato

3528 966 3845 1027 ostenderit
4436 970 4555 1045 338

3444 1051 3717 1126 temporis
3746 1048 4076 1109 aeternitatis
4111 1062 4172 1110 et
4206 1050 4404 1110 circuli
4431 1050 4556 1109 col-

3529 1129 3667 1188 latio
3757 1207 3760 1212 ,
4203 1130 4324 1190 Fic.
4355 1153 4410 1211 p.
4433 1148 4552 1209 592

3445 1209 3717 1290 1010ρο110
3744 1223 3935 1290 partes
4243 1213 4364 1273 Fic.
4393 1233 4450 1291 p.
4475 1214 4552 1271 82

3444 1291 3717 1371 temporis
3758 1307 3818 1352 et
3854 1292 4224 1353 dimensionis
4259 1295 4557 1354 combina-

3530 1375 3613 1432 tio
4434 1376 4514 1435 66

3445 1468 3701 1535 tempore
3740 1456 4030 1535 quomodo
4070 1468 4261 1516 motus
4302 1397 4555 1537 indiges?

4476 1539 4551 1597 82

3445 1617 3823 1696 temperantia
3848 1618 3987 1697 quid
4433 1559 4465 1615 ⁵
4480 1639 4503 1678 1
4517 1637 4550 1698 5

3444 1699 3817 1779 temperantia
3854 1700 3913 1759 in
3954 1702 4150 1760 Deum
4194 1720 4309 1760 non
4350 1700 4506 1761 cadit

4241 1781 4361 1841 Fic.
4434 1826 4447 1841 .
4476 1801 4543 1840 21

3441 1865 3815 1940 temperantia
3850 1865 4099 1922 humana
4131 1862 4335 1942 quibus
4368 1803 4547 1944 plissi-

3523 1942 3627 2001 bus
3654 1944 4027 2023 subsequatur
4050 1943 4302 2004 divinam
4425 1962 4457 2021 5
4468 1962 4536 2021 51

3441 2024 3832 2102 temperantias
3859 2024 4120 2084 definitio
4469 2028 4543 2085 82

3442 2107 3833 2183 temperantiae
3861 2108 4180 2186 subjectum
4475 2127 4495 2166 1
4513 2125 4543 2164 2

3442 2197 3818 2264 temperatum
3848 2207 3973 2247 esse
3996 2187 4135 2266 quid
4477 2206 4542 2265 13

3440 2277 3661 2347 tergum
3689 2282 3944 2348 spectare
3971 2268 4106 2347 quid
4194 2267 4314 2329 Fic.
4344 2289 4403 2349 p.
4436 2269 4546 2329 160

3441 2347 3715 2408 terminus
3756 2363 3816 2410 et
3847 2350 4247 2410 determinatio
4288 2351 4360 2411 ad
4391 2351 4545 2430 quod

3520 2450 3701 2510 genus
3728 2432 4041 2491 revocanda
4066 2433 4184 2491 sint
4425 2433 4543 2492 628

3439 2512 3713 2570 ternarius
3759 2532 3991 2573 omnem
4032 2512 4092 2572 in
4139 2533 4201 2574 se
4248 2532 4543 2573 numerum

3520 2593 3782 2653 continet
4425 2596 4544 2669 488

3438 2674 3717 2734 ternarius
3772 2675 3832 2734 in
3894 2695 4079 2736 rerum
4130 2675 4545 2755 compositione

3520 2755 3646 2832 quis
4200 2757 4319 2817 Fic.
4349 2778 4405 2836 p.
4432 2777 4502 2835 27
4518 2778 4540 2817 1

3437 2836 3665 2895 ternarii
3695 2849 3893 2896 natura
4236 2839 4358 2899 Fic.
4378 2860 4443 2919 p.
4466 2858 4545 2916 34

3437 2930 3584 2976 terra
3612 2938 3752 2977 num
3779 2918 3903 2977 sine
3927 2920 4062 2998 igne
4088 2918 4276 2979 lucida
4430 2939 4542 2980 100

3436 3010 3586 3058 terra
3611 2999 3670 3058 in
3702 2999 3887 3059 medio
3917 3001 4132 3060 mundo
4195 3001 4317 3060 Fic.
4348 3020 4406 3081 p.
4433 3003 4540 3079 167

3436 3092 3586 3138 terra
3611 3101 3712 3139 cur
3738 3101 3855 3139 non
3883 3081 4073 3141 luceat
4187 3082 4313 3141 Fic.
4345 3104 4400 3162 p.
4430 3101 4535 3160 173

3436 3173 3583 3221 terra
3622 3164 3825 3222 mundi
3864 3176 4123 3242 respectu
4162 3176 4439 3243 punctum

4190 3244 4313 3304 Fic.
4343 3266 4399 3326 p.
4422 3247 4543 3322 446

3434 3337 3581 3384 terra
3607 3327 3863 3384 omnium
3892 3326 4328 3386 fundamentum
4428 3347 4539 3388 102

3434 3418 3583 3464 terra
3608 3425 3711 3465 cur
3737 3427 3851 3465 non
3881 3407 3940 3466 in
3968 3408 4107 3467 caelo
4428 3427 4530 3467 101

3435 3500 3587 3546 terra
3610 3508 3736 3566 quoe
3763 3488 3974 3548 sentiat
4413 3490 4535 3563 488

3435 3580 3583 3627 terra
3609 3570 3896 3648 quomodo
3927 3569 4044 3649 igni
4071 3571 4368 3629 misceatur
4422 3589 4528 3630 101

3434 3662 3583 3708 terra
3608 3650 3755 3709 sitne
3781 3651 3986 3710 00110εο
4136 3654 4288 3730 'ceps
4410 3671 4535 3726 414

3434 3742 3585 3789 terra
3605 3734 3799 3790 omnia
3818 3732 3878 3791 in
3900 3752 3962 3792 se
3980 3753 4011 3791 e
4033 3745 4259 3792 ementa
4281 3733 4540 3793 continet

4427 3834 4532 3874 101

3434 3906 3583 3953 terra
3608 3893 3913 3955 immobilis
3938 3914 4163 3975 semper
4197 3894 4316 3954 Fic.
4344 3915 4401 3975 p.
4429 3897 4536 3971 167

3434 3986 3581 4033 terra
3596 3975 3937 4035 soliditatem
3947 3979 4221 4056 exseipsa
4234 3977 4406 4036 habet
4427 3996 4451 4035 1
4461 3998 4498 4035 0
4508 3996 4531 4035 1

3434 4068 3581 4115 terra
3607 4077 3720 4134 qua
3747 4057 3797 4114 vi
3823 4057 4032 4116 sentiat
4420 4061 4539 4132 418

3434 4151 3580 4196 terra
3608 4137 3900 4218 peregrina
3941 4139 4349 4219 hospitalisque
4376 4141 4537 4199 Gno-

3513 4220 3780 4277 sticorum
3811 4221 4147 4300 figmentum
4416 4222 4538 4295 416

3433 4311 3596 4359 terrae
3620 4299 3873 4359 soliditas
3899 4301 4081 4379 qualis
4427 4322 4495 4361 10
4510 4322 4532 4361 1

3433 4392 3595 4439 terrae
3625 4381 3836 4441 utilitas
4189 4381 4313 4442 Fic.
4342 4403 4400 4462 p.
4425 4384 4534 4459 167

3431 4475 3593 4521 terrae
3620 4462 3811 4521 anima
3838 4462 3990 4521 unde
4016 4462 4095 4521 sit
4415 4483 4535 4540 414

3433 4555 3640 4602 terram
3670 4543 3980 4603 animatam
4007 4563 4132 4604 esse
4420 4564 4536 4621 704

3431 4637 3638 4684 terrani
3665 4644 3790 4684 esse
3816 4624 4026 4684 animal
4056 4627 4326 4704 probatur
4416 4645 4535 4702 414

3431 4718 3579 4765 terra
3593 4705 3650 4764 in
3670 4705 3856 4765 medio
3873 4705 4059 4785 posita
4075 4720 4137 4766 et
4154 4709 4395 4767 rotunda
4417 4723 4535 4785 549

3431 4800 3718 4845 terrenum
3749 4787 3808 4845 in
3836 4787 4081 4847 deterius
4109 4788 4352 4848 sumitur
4424 4808 4530 4848 102

3430 4881 3653 4927 terrena
3675 4867 4098 4962 ordinatissima
4187 4870 4307 4930 Fic.
4335 4891 4393 4948 p.
4414 4871 4534 4945 446

3429 4962 3653 5008 terrena
3680 4969 3852 5008 scissa
3876 4969 3979 5009 001·
4005 4970 4123 5009 11011
4151 4971 4370 5010 rursum
4400 4971 4532 5011 coa-

3512 5030 3730 5090 lescant
4416 5052 4535 5109 309

3428 5124 3779 5171 terrenorum
3833 5131 4101 5171 sensuum
4157 5112 4535 5173 instrumenta

3509 5192 3728 5252 diversa
3753 5212 3788 5251 a
3816 5194 4022 5252 nostris
4411 5213 4534 5271 419

3425 5274 3758 5333 Theodorus
3785 5274 4157 5354 philosophus
4455 5277 4534 5352 76

3425 5354 3802 5432 Theophrasti
3830 5355 3972 5414 liber
3998 5357 4071 5414 de
4097 5356 4228 5432 igne
4253 5358 4314 5415 F.
4339 5377 4394 5434 p.
4416 5359 4531 5436 169

3425 5436 3673 5495 thesauri
3699 5436 4040 5495 inventionis
4068 5456 4234 5496 eausa
4419 5458 4531 5517 145

3426 5518 3718 5577 Thersites
3745 5517 4257 5577 deformosissimus
4418 5540 4449 5578 2
4462 5542 4531 5599 57

3423 5598 3674 5657 Timaeus
3704 5599 3922 5658 Locrus
4184 5599 4302 5659 Fic.
4332 5620 4388 5679 p.
4413 5618 4529 5679 507

3422 5680 3672 5740 Timaeus
3701 5680 4104 5760 Pythagoricus
4186 5682 4306 5742 Fic.
4337 5702 4395 5762 p.
4414 5701 4535 5761 450
