5118 6613
1044 483 1169 550 294

2019 467 2873 533 ANNOTATIONES
2941 467 3052 532 IN
3117 466 3568 534 PLOTINI

1047 638 1144 702 nis
1176 639 1365 703 verba
1391 639 1603 704 citavit
1634 640 1888 706 Proclus
1916 640 1981 706 in
2009 641 2223 707 Alcib.
2253 664 2351 729 pr.
2397 663 2458 728 p.
2484 660 2591 726 37.
2628 639 2735 705 ubi
2824 641 2992 706 tiunt
3040 663 3184 705 cum
3233 640 3685 707 dormientibus
3735 638 4310 727 somniantibusque
4352 664 4520 706 com-

1052 739 1178 805 vid.
1210 755 1420 806 annot.
1454 758 1642 806 nostr.

1121 866 1186 931 p.
1211 844 1359 927 980,
1380 844 1442 910 8.
1474 847 1711 909 Καὶ-ό
1737 846 1871 915 θεὸς
1899 847 2012 930 οὐχ
2039 848 2334 930 ὁρώμενος
2361 848 2741 911 ἀπιστεῖσθαι

1050 952 1212 1011 ποιεῖ
1241 949 1317 1014 ὡς
1344 948 1449 1012 οὐκ
1476 947 1561 1013 ὢν
1587 950 2146 1038 τοῖς-νομίζουσα]
2195 949 2424 1036 Margo
2456 946 2744 1012 editionis

1048 1049 1239 1114 habet
1267 1050 1374 1115 οὐκ
1402 1053 1494 1118 ὄν.
1584 1053 1984 1118 Constructio
2009 1067 2220 1118 autem
2257 1052 2371 1116 sibi
2401 1064 2664 1127 constat,
2693 1048 2744 1113 si

1042 1152 1277 1240 jungas
1304 1154 1417 1238 οὐχ
1445 1157 1740 1237 ὁρώμενος
1778 1162 1901 1224 τοῖς
1939 1158 2238 1237 νομίζουσι
2265 1170 2329 1219 et
2356 1153 2438 1218 ad
2469 1155 2738 1218 ἀπιστεῖ·

1053 1261 1195 1320 σθαι
1221 1265 1385 1323 ποιεῖ
1404 1260 1636 1346 cogites
1666 1262 1891 1329 αὐτούς.
1950 1260 2053 1325 Ad
2082 1258 2445 1324 sententiam
2483 1259 2744 1323 Marcus

1058 1360 1418 1426 Antoninus
1449 1364 1590 1428 ΙΙΙ.
1624 1367 1719 1429 16.
1749 1387 1813 1451 p.
1844 1365 1947 1428 88.
1978 1387 2116 1451 sqq.
2143 1362 2268 1427 ita:
2319 1368 2516 1442 Σῶμα,
2550 1358 2740 1443 ψυχὴ,

1055 1466 1208 1531 νοῦς.
1255 1467 1526 1546 σώματος
1554 1467 1880 1547 αἰσθήσεις,
1910 1471 2112 1552 ψυχῆς
2149 1466 2346 1548 ὁρμαὶ,
2378 1468 2483 1529 νοῦ
2520 1464 2742 1546 δόγμα-

1054 1593 1148 1631 τα.
1193 1568 1261 1632 τὸ
1289 1571 1400 1649 μὲν
1428 1574 1755 1634 τυποῦσθαι
1788 1574 2220 1652 φανταστικῶς,
2253 1568 2347 1632 καὶ
2376 1572 2493 1630 τῶν
2523 1572 2748 1645 βοσκη-

1052 1670 1273 1749 μάτων·
1319 1671 1388 1735 τὸ
1419 1674 1484 1736 δὲ
1513 1676 2089 1754 νευροσπαστεῖσθαι
2131 1674 2449 1752 ὁρμητικῶς
2491 1669 2588 1732 καὶ
2629 1671 2747 1731 τῶν

1055 1776 1292 1857 θηρίων,
1324 1775 1419 1840 καὶ
1445 1781 1563 1839 τῶν
1592 1777 1990 1858 ἀνδρογύνων,
2024 1776 2120 1840 καὶ
2146 1773 2481 1856 Φαλάριδος
2511 1773 2606 1835 καὶ
2628 1769 2747 1835 Νέ·

1052 1903 1261 1958 ρωνος,
1289 1880 1385 1942 καὶ
1413 1885 1529 1943 τῶν
1557 1879 1725 1946 θεοὺς
1751 1879 1832 1958 μὴ
1862 1875 2215 1958 νομιζόντων
2245 1904 2298 1940 κ.
2320 1901 2372 1938 τ.
2390 1884 2454 1938 λ.
2502 1875 2747 1961 Sequor

1057 1980 1218 2044 enim
1250 1981 1313 2045 in
1345 1981 1461 2046 hoc
1488 1980 1623 2046 loco
1651 1980 1870 2046 luxato
1900 1978 2200 2046 Gatakeri
2233 1977 2532 2043 rationem
2569 1976 2748 2043 Philo

1055 2088 1101 2150 J
1111 2086 1219 2152 ud.
1254 2088 1416 2175 Leg.
1447 2085 1763 2175 Allegorr.
1799 2088 1900 2152 ΙΙ.
1932 2109 1999 2174 p.
2027 2105 2168 2151 200.
2202 2085 2451 2150 Pfeiff.:
2502 2087 2599 2150 καὶ
2631 2085 2748 2166 μὴν

1055 2192 1212 2255 πολὺ
1240 2190 1429 2255 πλέον
1459 2192 1752 2272 ἄπρακτος
1778 2191 2007 2272 γίνεται
2035 2191 2093 2270 (ὁ
2123 2191 2280 2270 νοῦς)
2309 2189 2455 2252 ὅταν
2482 2188 2518 2268 ἡ
2546 2191 2750 2269 γεῦσις

1056 2294 1436 2389 ἐξαναστᾶσα
1466 2298 1709 2375 λαβρῶς
1738 2294 2140 2374 ἐμπίμπληται
2167 2298 2286 2356 τῶν
2314 2291 2574 2375 γαστρὸς
2593 2293 2746 2371 ἡδο·

1059 2421 1196 2460 νων.

1141 2537 1231 2549 -
1257 2520 1318 2585 9,
1365 2499 1400 2564 ὃ
1428 2505 1498 2581 τῇ
1530 2501 1705 2583 σαρκὶ
1730 2498 1917 2580 μόνον
1943 2499 2158 2587 ἴδοιεν]
2208 2497 2366 2563 Vide
2394 2520 2624 2585 supra:
2671 2496 2751 2576 μὴ

1054 2606 1254 2668 τοίνυν
1280 2603 1435 2682 ζήτει
1464 2609 1695 2684 θνητοῖς
1725 2605 1949 2683 ὄμμασι
1979 2605 2409 2666 τοῦτο-ἰδεῖν.
2478 2597 2752 2665 Proinde

1056 2704 1119 2768 h.
1145 2705 1186 2768 l.
1219 2707 1256 2785 ἡ
1286 2709 1435 2787 σὰρξ
1474 2721 1569 2770 est
1602 2728 1831 2792 corpus
1868 2704 2132 2769 mortale
2173 2721 2365 2791 atque
2404 2703 2749 2776 caducum3

1056 2808 1137 2871 de
1166 2832 1295 2895 quo
1317 2832 1435 2873 usu
1466 2809 1710 2874 dicendi
1732 2809 1930 2874 otium
1965 2808 2141 2873 nobis
2169 2808 2407 2873 faciunt
2430 2806 2544 2871 viri
2568 2805 2755 2870 Docti

1061 2910 1188 2975 Th.
1215 2910 1516 2977 Gataker.
1558 2913 1636 2977 de
1682 2913 1849 2977 Novi
1893 2910 2303 2976 Instrumenti
2350 2909 2529 2999 Stylo
2568 2933 2621 2974 c.
2660 2910 2753 2972 X.

1056 3039 1118 3103 p.
1152 3017 1253 3079 66.
1286 3038 1379 3101 sq.
1455 3017 1679 3101 Operr.
1730 3014 1919 3079 Critt.
1951 3014 2352 3080 Valckenaer.
2402 3014 2467 3076 in
2518 3012 2757 3077 Scholis

1060 3118 1140 3184 ad
1173 3118 1378 3183 Hebr.
1413 3119 1514 3182 II.
1551 3138 1653 3199 14.
1702 3118 1826 3184 vol.
1862 3119 1965 3182 II.
2011 3141 2073 3205 p.
2103 3138 2253 3202 443.
2301 3115 2752 3203 Wyttenbach.

1060 3223 1140 3288 ad
1174 3222 1487 3288 Plutarch.
1520 3245 1578 3309 p.
1601 3222 1750 3308 580.
1803 3236 1866 3286 et
1909 3220 2248 3310 praesertim
2281 3243 2345 3309 p.
2376 3220 2519 3284 822.
2551 3234 2617 3284 et
2645 3219 2755 3285 Ja-

1062 3328 1227 3393 cobs.
1257 3326 1338 3392 ad
1369 3325 1634 3392 Anthol.
1673 3327 1789 3391 Gr.
1828 3323 1947 3390 vol.
1976 3326 2071 3389 X.
2103 3348 2165 3413 p.
2196 3325 2335 3409 198.

1144 3470 1234 3483 —
1257 3450 1352 3496 10.
1399 3432 1528 3495 οἷον
1558 3434 1615 3495 εἴ
1639 3455 1795 3497 τινες
1833 3433 1930 3494 διὰ
1966 3430 2106 3510 βίου
2145 3429 2754 3508 κοιμώμενοι-κατα-

1062 3536 1434 3620 δαρθάνοιεν]
1486 3533 1670 3597 Varie
1710 3532 1873 3596 inter
1917 3555 1982 3597 se
2025 3542 2466 3619 comparantur
2506 3552 2760 3594 somnus

1061 3655 1124 3703 et
1154 3637 1385 3726 vigilia.
1475 3636 1601 3719 Sic,
1629 3651 1703 3701 ut
1740 3636 1857 3700 hoc
1898 3650 2061 3714 utar,
2093 3633 2449 3699 Heraclitus
2490 3657 2595 3721 ap.
2620 3633 2762 3698 Cle-

1059 3756 1253 3806 ment.
1285 3740 1474 3805 Alex.
1510 3742 1736 3805 Strom.
1773 3740 1912 3803 111.
1943 3758 2005 3824 3.
2038 3761 2100 3826 p.
2122 3755 2273 3823 520.
2309 3734 2564 3804 θάνατός
2591 3739 2759 3801 ἐστιν

1063 3844 1252 3909 ὁκόσα
1281 3843 1621 3926 ἐγερθέντες
1645 3841 1911 3924 ὁρέομεν,
1936 3838 2125 3906 ὁκόσα
2153 3843 2218 3904 δὲ
2249 3843 2534 3915 εὕδοντες,
2557 3842 2755 3906 ὕπνος.

1065 3946 1381 4011 Nimirum
1413 3944 1827 4032 significatum
1857 3942 1997 4007 vult
2025 3945 2135 4023 τὴν
2163 3945 2375 4026 ὅρασιν
2402 3945 2756 4026 ψεύδεσθαι,

1068 4065 1141 4114 ut
1182 4063 1272 4113 est
1318 4072 1419 4136 ap.
1453 4047 1719 4133 Diogen.
1754 4047 1971 4111 Laert.
2005 4047 2140 4110 IX.
2171 4067 2231 4131 5.
2309 4045 2653 4132 AEschylus
2694 4045 2758 4109 in

1068 4151 1408 4218 Eumenid.
1447 4171 1629 4231 104.:
1679 4151 1931 4215 εὕδουσα
1969 4151 2086 4232 γὰρ
2126 4150 2284 4231 φρὴν
2314 4152 2576 4229 ὄμμασιν
2604 4156 2755 4228 λαμ-

1067 4260 1365 4340 πρύνεται,
1396 4255 1476 4319 ad
1508 4276 1693 4341 quem
1743 4251 1948 4317 locum
1979 4250 2518 4338 Pythagoreorum
2550 4268 2615 4316 et
2643 4253 2763 4315 Pe-

1066 4359 1531 4448 ripateticorum
1575 4355 1938 4422 sententiam
1986 4353 2194 4442 attigit
2242 4353 2578 4433 StanleiuS,
2620 4355 2762 4419 Pla-

1070 4462 1232 4527 tonis
1280 4483 1533 4549 quoque
1584 4459 1925 4524 admonens
1973 4457 2055 4522 de
2104 4458 2268 4546 Rep.
2319 4458 2453 4523 IX.
2508 4481 2577 4545 p.
2611 4476 2761 4544 571.

1075 4571 1170 4655 (p.
1194 4569 1346 4647 426.
1378 4562 1613 4649 Bekk.)
1643 4563 1824 4650 cujus
1854 4561 2042 4626 verba
2074 4560 2302 4625 Latine
2346 4560 2620 4626 reddidit
2664 4561 2764 4624 Ci-

1072 4693 1215 4735 cero
1243 4669 1324 4734 de
1352 4667 1634 4733 Divinat.
1669 4667 1726 4730 1.
1761 4685 1863 4749 29.
1896 4669 2000 4730 60.
2034 4688 2095 4752 p.
2131 4683 2272 4751 145.
2302 4689 2437 4753 sqq.
2485 4665 2584 4730 ed.
2621 4667 2767 4730 Mo-

1075 4772 1232 4848 seri;
1281 4770 1450 4835 unde
1483 4785 1763 4833 extrema
1804 4782 2046 4833 tantum
2091 4766 2375 4832 adscribo
2399 4775 2557 4832 :—“
2592 4770 2764 4833 Tum

1075 4874 1338 4956 eveniet,
1364 4872 1611 4938 duabus
1653 4870 1843 4936 animi
1889 4869 2226 4935 temerariis
2271 4871 2554 4959 partibus
2598 4896 2766 4937 com·

1075 4978 1322 5070 pressiS,
1351 4989 1423 5041 ut
1452 4975 1557 5040 illa
1587 4974 1768 5039 tertia
1806 4997 1953 5062 pars
1994 4971 2247 5036 rationis
2283 4988 2347 5037 et
2384 4973 2609 5038 mentis
2641 4974 2771 5038 elu-

1078 5101 1235 5158 ceat,
1280 5097 1341 5147 et
1391 5103 1457 5146 se
1503 5096 1785 5166 vegetam
1829 5077 1909 5142 ad
1955 5076 2385 5141 somniandum
2438 5099 2767 5164 acremque

1079 5188 1401 5278 praebeat:
1470 5199 1605 5247 tum
1659 5181 1715 5246 ei
1763 5180 1894 5245 visa
1940 5179 2169 5267 quietis
2220 5195 2548 5244 occurrent
2597 5196 2765 5245 tran-

1079 5290 1274 5378 quilla
1300 5304 1364 5355 et
1390 5286 1688 5353 veracia.''
1777 5284 2059 5350 Plotinus
2102 5298 2310 5349 autem
2355 5306 2569 5347 eorum
2617 5307 2767 5349 con·

1082 5395 1401 5470 ditionem,
1431 5391 1542 5478 qui
1573 5388 1854 5455 sensibus
1896 5386 2229 5476 mancipati
2255 5403 2317 5451 et
2346 5385 2659 5451 obscurati
2691 5389 2770 5453 ad

1082 5494 1491 5583 intelligibilia
1532 5508 1598 5559 et
1640 5492 1845 5580 ipsum
1897 5494 2145 5558 Bonum
2197 5489 2533 5581 spectanda
2576 5514 2772 5559 caecu-

2824 759 3024 834 parat.
3101 745 3286 810 Philo
3313 748 3361 811 J
3367 746 3587 811 udaeus
3619 746 3774 833 Leg.
3807 743 4110 832 Allegorr.
4145 745 4248 809 ΙΙ.
4279 767 4348 832 p.
4370 762 4517 809 200.

2830 848 3033 914 Pseiff.
3073 849 3152 914 de
3191 872 3408 915 somno
3437 848 3707 914 Adami:
3755 854 3878 915 πῶς
3920 851 4026 913 οῦν
4067 853 4349 930 γεννᾶται
4394 849 4516 931 (αἵ-

2829 956 3109 1036 σθησις);
3175 955 3253 1020 ὥς
3295 953 3470 1020 αὐτὸς
3515 952 3700 1017 πάλιν
3748 953 3956 1035 φησὶν,
4006 952 4153 1016 ὅταν
4197 953 4442 1030 ὑπνόσῃ
4485 953 4519 1014 ὁ

2831 1060 2982 1123 νοῦς.
3014 1059 3095 1142 τῷ
3122 1059 3239 1139 γὰρ
3268 1057 3398 1120 ὄντι
3423 1058 3806 1122 ὑπνῶσαντος
3837 1058 3944 1119 νοῦ
3970 1056 4201 1138 γίνεται
4227 1057 4519 1133 αἴσθησις.

2830 1161 2926 1224 καὶ
2968 1164 3085 1243 γὰρ
3128 1159 3384 1239 ἔμπαλιν
3416 1157 3805 1243 ἑγρηγορότος
3847 1162 3971 1233 νοῦ,
4003 1157 4348 1239 σβέννυται.
4397 1160 4516 1223 Οὔ·

2828 1289 2939 1330 τως
2963 1267 3076 1343 μὲν
3103 1265 3249 1327 ὅταν
3276 1265 3505 1344 ἀναστῇ
3537 1263 3632 1327 καὶ
3662 1259 4014 1345 ἐγρηγόρσει
4058 1265 4272 1345 χρῆται
4301 1263 4335 1324 ὁ
4365 1265 4517 1334 νοῦς,

2829 1367 3136 1450 φθείρεται
3192 1369 3484 1447 αἴσθησις·
3550 1368 3767 1446 ἴδωμεν
3818 1366 3881 1428 δὲ
3934 1365 4028 1427 καὶ
4078 1363 4351 1445 θάτερον,
4401 1370 4523 1431 πῶς

2828 1473 2991 1557 ὕπνῳ
3017 1474 3228 1555 χρῆται
3256 1473 3290 1534 ὁ
3325 1474 3460 1537 νοῦς
3490 1497 3539 1533 κ.
3552 1495 3603 1532 τ.
3622 1477 3686 1531 λ.
3734 1467 3834 1532 Cf.
3865 1489 4010 1553 quae
4040 1488 4230 1553 supra
4257 1466 4523 1553 apposui

2832 1575 2912 1639 ad
2946 1572 3170 1638 Plotini
3201 1572 3396 1638 nostri
3427 1595 3490 1659 p.
3517 1588 3654 1657 175.
3682 1572 3756 1636 C.
3802 1585 3867 1635 et
3907 1569 4251 1657 praesertim
4279 1592 4344 1657 p.
4368 1588 4517 1654 307.

2833 1678 2921 1743 G.
2964 1676 3073 1741 ubi
3112 1675 3297 1741 etiam
3343 1674 3690 1741 Platonicos
3728 1672 3893 1738 locos
3934 1671 4223 1737 indicavi.
4308 1672 4524 1737 Nostri

2831 1780 3103 1867 denique
3144 1779 3263 1844 loci
3304 1778 3607 1843 sententia
3649 1775 3940 1863 congruit
3982 1798 4127 1840 cum
4166 1774 4315 1841 locis
4347 1773 4523 1840 Pauli

2833 1882 3124 1972 Apostoli
3155 1884 3348 1947 Rom.
3375 1882 3596 1946 XIII.
3626 1902 3653 1946 1
3671 1901 3724 1944 1.
3749 1905 3764 1944 :
3814 1882 3877 1960 ἐξ
3905 1881 4092 1944 ὕπνου
4122 1881 4435 1962 ἐγερθῆναι
4461 1893 4526 1941 et

2833 1987 3071 2075 EpheS.
3094 1987 3169 2049 V.
3200 2007 3301 2067 14:
3337 1986 3561 2069 ἔγειραι
3590 1988 3624 2049 ὁ
3656 1984 3974 2060 καθεύδων,
4002 1981 4106 2047 ubi
4139 1981 4525 2069 peccantium

2833 2089 3201 2179 perversitas
3227 2112 3371 2153 cum
3400 2088 3684 2176 graviore
3715 2108 3932 2151 somno
3956 2098 4375 2174 comparatur.
4422 2084 4523 2149 Cf.

2835 2193 3063 2259 Glassii
3098 2191 3315 2258 Philol.
3349 2193 3517 2257 Sacr.
3550 2216 3615 2280 p.
3642 2212 3666 2256 1
3690 2206 3823 2273 174.
3858 2189 4096 2254 Dathii.

2922 2320 2985 2383 p.
3007 2296 3155 2382 981.
3177 2312 3242 2381 5.
3290 2297 3366 2363 ὡς
3394 2297 3536 2360 ἄνευ
3566 2296 3745 2360 αὐτοῦ
3773 2294 3842 2357 οὗ
3873 2294 4114 2358 δύναται
4145 2291 4322 2376 εἶναι]
4382 2291 4524 2355 Non

2836 2398 3115 2464 haesitavi
3143 2398 3233 2463 ita
3259 2419 3490 2485 ponere
3518 2418 3660 2461 cum
3695 2394 3914 2460 Ficino
3942 2417 4058 2482 pro
4087 2393 4325 2467 εἰδέναι,
4357 2394 4530 2479 quod

2837 2503 2983 2567 edit.
3015 2501 3226 2580 habet,
3259 2524 3402 2566 mox
3437 2502 3653 2565 οὔποτε
3681 2521 3797 2586 pro
3826 2499 3895 2563 οὗ
3932 2499 4079 2562 ποτὲ
4117 2496 4319 2584 (quod
4352 2497 4527 2584 Tay-

2838 2606 2932 2670 lor
2961 2620 3103 2694 post
3131 2605 3457 2685 ἀνάμνησις
3481 2602 3763 2667 additum
3796 2600 3935 2665 vult
3973 2601 4128 2665 ἶδίαε
4178 2622 4303 2664 non
4343 2622 4532 2664 ausus

2840 2732 2977 2775 sum
3025 2708 3155 2774 sine
3196 2707 3369 2772 libris
3411 2706 3643 2791 facere)
3676 2720 3739 2769 et
3766 2706 3977 2772 ὀδύνας
4013 2726 4131 2791 pro
4161 2702 4381 2767 vitioso
4408 2703 4529 2767 ὁδί-

2841 2839 2965 2888 νας,
3018 2811 3135 2876 nisi
3185 2809 3477 2875 malueris
3527 2809 3756 2875 ὠδῖνας.
3857 2808 4318 2894 Argumentum
4368 2821 4533 2870 certe

2840 2917 3242 3004 conjunctum
3274 2928 3368 2979 est
3403 2934 3546 2977 cum
3595 2911 3692 2976 his
3730 2909 4000 2976 Platonis
4027 2909 4090 2974 in
4122 2908 4426 2973 Convivio
4469 2932 4534 2995 p.

2847 3023 2987 3084 206.
3020 3018 3159 3084 sub.
3189 3018 3298 3082 fin.
3330 3040 3396 3105 p.
3421 3017 3570 3101 436.
3606 3012 3843 3079 Bekk.:
3892 3016 4034 3079 ὅθεν
4073 3014 4143 3092 δὴ
4180 3016 4262 3099 τῷ
4303 3013 4538 3077 κυοῦντί

2843 3148 2910 3187 τε
2936 3123 3044 3203 ἤδη
3076 3123 3170 3186 καὶ
3199 3125 3542 3202 σπαργῶντι
3578 3117 3777 3196 πολλὴ
3806 3118 3842 3197 ἡ
3870 3115 4116 3197 πτόησις
4142 3115 4363 3199 γέγονε
4399 3115 4536 3197 περὶ

2844 3225 2912 3290 τὸ
2946 3226 3149 3299 καλὸν,
3177 3227 3273 3289 διὸ
3299 3223 3366 3286 τὸ
3393 3221 3657 3305 μεγάλης
3687 3221 3892 3287 ὠδῖνος
3920 3220 4206 3284 ἀπολύειν
4232 3218 4341 3282 τὸν
4369 3217 4540 3301 ἔχον-

2843 3356 2937 3394 τα.
3030 3328 3171 3394 Vid.
3222 3349 3411 3415 supra
3455 3339 3753 3390 annotata
3797 3323 3877 3389 ad
3925 3347 3983 3409 p.
4018 3324 4168 3404 466.
4202 3324 4291 3387 A.
4318 3322 4395 3385 B.
4425 3320 4539 3384 inf.

2848 3433 2971 3498 Sed
3014 3432 3132 3497 hoc
3173 3431 3312 3495 loco
3356 3444 3610 3517 praestat
3653 3429 3882 3495 ὀδύνας.
3973 3423 4301 3513 Praecipue
4331 3441 4536 3489 tamen

2843 3537 2907 3602 h.
2939 3536 2982 3600 l.
3038 3533 3318 3601 Plotinus
3373 3548 3518 3596 ante
3568 3530 3779 3596 oculos
3837 3529 4053 3595 habuit
4105 3528 4425 3615 disputata
4473 3527 4536 3590 in

2849 3639 3108 3704 Philebo
3153 3637 3233 3702 de
3275 3636 3417 3701 idea
3461 3634 3624 3699 Boni
3670 3649 3733 3698 et
3778 3632 3859 3697 de
3903 3631 4160 3708 ratione,
4190 3654 4335 3718 quae
4377 3631 4540 3694 inter

2851 3744 3102 3807 Bonum
3146 3738 3470 3805 intercedit
3516 3750 3706 3824 atque
3754 3734 4093 3800 Pulchrum
4139 3734 4373 3822 ipsum,
4417 3734 4537 3796 Ve-

2844 3867 2986 3908 rum
3022 3858 3213 3932 atque
3245 3839 3704 3929 Symmetriam‚
3731 3862 3878 3927 quae
3915 3837 4050 3925 ipsa
4085 3835 4287 3901 locata
4322 3834 4541 3900 dicun-

2846 3964 2952 4013 tur
2979 3950 3051 4012 ἐπ
3079 3948 3250 4013 Boni
3292 3944 3614 4010 vestibuli-5
3663 3942 3786 4024 (ἐπὶ
3822 3947 3945 4008 τοῖς
3983 3944 4091 4004 τοῦ
4126 3941 4355 4022 ἀγαθοῦ
4392 3963 4536 4019 προ-

2848 4054 3062 4135 θύροις,
3095 4049 3214 4115 sub
3241 4048 3427 4113 finem
3459 4047 3597 4133 ejus
3622 4044 3855 4132 dialogi
3883 4066 3943 4132 p.
3965 4045 4067 4125 64.
4098 4065 4160 4130 p.
4182 4060 4322 4107 220.
4359 4039 4544 4106 Stall-

2845 4154 3060 4219 baum.
3108 4153 3192 4218 cf.
3238 4151 3432 4238 hujus
3463 4148 3748 4236 Prolegg.
3781 4147 3845 4213 in
3879 4144 4118 4212 Phileb.
4150 4167 4212 4232 p.
4240 4145 4544 4236 XXIII.

2848 4281 2985 4344 sqq.
3015 4256 3168 4344 ibiq.
3197 4255 3369 4319 laud.
3399 4253 3642 4319 Platon.
3672 4251 3752 4316 de
3775 4252 3941 4338 Rep.
3963 4249 4079 4313 VI.
4110 4272 4174 4337 p.
4193 4248 4343 4334 508.
4373 4249 4537 4334 sqq.)

2850 4362 3050 4439 Quem
3098 4359 3302 4424 locum
3353 4355 3757 4446 philosophus
3786 4366 3993 4418 noster
4022 4351 4324 4439 expressit
4351 4350 4542 4437 hujus

2849 4461 3170 4528 Enneadis
3196 4460 3306 4525 lib.
3328 4461 3460 4525 IX.
3485 4483 3541 4523 c.
3564 4478 3620 4523 2.
3643 4481 3705 4546 p.
3719 4457 3871 4543 556.
3892 4457 3976 4519 D.
4007 4454 4088 4518 ad
4117 4475 4303 4541 quem
4334 4451 4540 4517 locum

2850 4567 3002 4632 alios
3030 4566 3216 4631 etiam
3246 4563 3661 4629 laudabimus,

2922 4708 3008 4720 —
3036 4690 3134 4750 14.
3155 4670 3274 4733 Καὶ
3294 4670 3519 4732 οἴονται
3537 4668 3602 4729 δὲ
3617 4663 3882 4747 τάγαθὸν
3902 4659 4201 4742 λαβόντες
4216 4663 4419 4744 ἀρκεῖν
4439 4661 4544 4724 αὖ·

2852 4775 3144 4841 τοῖς-εἷς
3159 4774 3274 4855 γᾶρ
3290 4771 3361 4835 τὸ
3381 4770 3555 4837 τέλος
3572 4766 3855 4854 ἀφῖχθαι]
3883 4764 4062 4830 Plato
4085 4762 4330 4829 Phileb.
4347 4785 4412 4850 p.
4439 4781 4543 4828 20.

2859 4901 2915 4965 p.
2942 4881 3051 4957 46.
3080 4874 3301 4939 Stallb.
3325 4898 3339 4938 :
3372 4873 3480 4953 τὴν
3506 4873 3769 4954 τάγαθοῦ
3795 4874 4008 4951 μοῖραν
4035 4864 4287 4948 πότερον
4315 4864 4545 4947 ἀνάγκη

2856 4979 3066 5044 τέλεον
3093 4976 3129 5059 ἢ
3157 4978 3238 5059 μὴ
3265 4975 3478 5040 τέλεον
3509 4974 3660 5038 εἶναι
3683 4997 3702 5046 ;
3753 4977 3916 5054 Πρω.
3949 4970 4207 5035 Πάντων
4235 4968 4419 5050 δήπου
4446 4993 4542 5032 τε-

2850 5084 3172 5155 λεώτατον,
3205 5078 3252 5144 ὣ
3282 5080 3607 5160 Σώκρατες.
3698 5081 3817 5139 Σω.
3862 5075 3923 5139 τί
3962 5073 4063 5147 δέ;
4113 5072 4317 5138 ἱκανὸν
4358 5073 4542 5154 τάγα-

2854 5184 2999 5259 θόν;
3046 5190 3210 5266 Πρω.
3257 5188 3379 5250 πῶς
3419 5184 3535 5264 γὰρ
3563 5181 3671 5252 mh
3719 5179 3815 5242 καὶ
3849 5175 4089 5241 πάντων
4127 5200 4202 5258 γε
4245 5176 4328 5242 εἰς
4371 5178 4546 5238 τοῦτο

2856 5287 3159 5370 διαφέρειν
3185 5292 3303 5350 τῶν
3332 5287 3541 5348 ὄντων.
3631 5287 3749 5346 Σω.
3780 5277 3937 5345 Τόδε
3977 5304 4051 5362 γε
4087 5278 4226 5359 μὴν,
4258 5279 4336 5345 ὥς
4362 5276 4544 5356 οἶμαι,

2855 5393 2990 5476 περὶ
3033 5390 3212 5454 αὐτοῦ
3255 5382 3721 5469 ἀναγκαιότατον
3762 5381 3913 5448 εἶναι
3954 5381 4184 5464 λέγειν,
4213 5382 4290 5448 ὡς
4326 5383 4448 5443 πᾶν
4476 5378 4546 5442 τὸ

2856 5500 3153 5580 γινῶσκον
3174 5490 3316 5558 αὐτὸ
3341 5489 3571 5570 θηρεύει
3600 5487 3696 5552 καὶ
3725 5486 3958 5568 ἐφίεται
3983 5486 4362 5565 βουλόμενον
4383 5484 4550 5546 ἑλεῖν
