5118 6613
1109 550 1231 613 166

1099 727 1218 786 τῶν
1269 725 1370 801 τῆς
1404 722 1728 806 Λαχέσεως
1767 724 2003 804 ἐξάπτει
2045 725 2317 809 γονάτων
2360 730 2393 792 ὁ
2436 734 2621 809 μῦθος
2662 737 2790 801 ταῖς

1100 827 1215 905 μὲν
1243 826 1476 909 χερσὶν,
1510 827 1587 893 ὥς
1613 827 2015 910 ὑψηλοτέρας
2042 829 2330 910 δυνάμεσι
2357 831 2425 895 τὸ
2454 837 2576 897 πᾶν
2608 836 2799 899 κινού-

1105 952 1216 1007 σης
1243 928 1459 1001 arbim,
1492 930 1561 992 ἐν
1591 932 1657 993 δὲ
1685 936 1809 997 τοῖς
1835 932 2092 1014 γόνασιν
2121 934 2452 1016 ὑφειμένως
2478 939 2586 1003 τὰς
2614 938 2804 1006 αἰτίας

1101 1035 1220 1094 τῶν
1261 1037 1533 1114 ψυχικῶν
1575 1035 1863 1114 περιόδων
1893 1036 2163 1119 ἐχούσης.
2255 1037 2410 1102 Fusi
2452 1052 2665 1102 autem
2706 1061 2804 1103 ra.-

1103 1134 1333 1199 tionem
1364 1159 1440 1200 ex
1473 1137 1688 1225 priscis
1717 1139 1996 1203 Dearum
2031 1140 2221 1228 signis
2246 1142 2557 1231 explicare
2585 1144 2802 1210 studui

1100 1236 1164 1301 in
1199 1239 1556 1326 Symbolica
1587 1242 1726 1306 111.
1762 1264 1827 1329 p.
1851 1262 2001 1329 433.
2029 1243 2128 1308 ed.
2160 1244 2269 1310 alt.

1797 1430 1982 1494 LIB.
2029 1432 2109 1496 V.

1187 1586 1250 1651 p.
1281 1581 1435 1648 527,
1469 1582 1531 1641 7.
1579 1570 1772 1629 ΠΕΡΙ
1821 1569 2203 1658 ΕΡΩΤΟΣ,]
2254 1569 2493 1636 Ordine
2552 1588 2798 1661 tempo-

1101 1665 1206 1744 ris,
1238 1689 1368 1753 quo
1412 1665 1642 1753 singuli
1679 1666 1821 1731 libri
1868 1669 2082 1757 scripti
2126 1686 2294 1751 sunt,
2326 1688 2420 1738 est
2461 1674 2564 1740 hic
2607 1677 2794 1764 quin-

1100 1768 1501 1855 quagesimus
1579 1769 1730 1850 (vid.
1795 1771 2114 1860 Porphyr.
2183 1774 2264 1839 de
2318 1777 2460 1842 Vita
2519 1777 2684 1845 Plot.
2744 1804 2796 1845 c.

1102 1872 1331 1935 XXV.
1382 1894 1448 1958 p.
1489 1892 1630 1958 143.
1678 1873 1760 1937 cf.
1805 1897 1939 1961 cap.
1999 1877 2118 1941 VI.
2176 1902 2239 1966 p.
2289 1900 2433 1967 103.
2483 1882 2796 1968 Fabric.),

1100 1973 1421 2061 igiturque
1473 1975 1536 2039 in
1589 1977 1882 2041 extremis
1921 1981 2382 2062 memoranduS,
2425 2003 2800 2071 argumento

1099 2093 1310 2142 autem
1342 2101 1485 2142 cum
1516 2079 1833 2167 superiore
1872 2080 1952 2145 de
1998 2083 2202 2149 Genio
2233 2086 2797 2172 conjunctissimus,

1100 2202 1215 2245 nec
1246 2181 1452 2246 minus
1480 2204 1621 2247 cum
1654 2182 1828 2249 libris
1857 2185 1960 2249 De
1989 2185 2224 2253 Pulcro
2252 2204 2314 2253 et
2347 2191 2451 2254 De
2480 2191 2800 2281 1πίεηὶςὶ-

1099 2284 1213 2349 bili
1255 2285 1720 2351 Pulcritudine.
1812 2288 2043 2352 Ansam
2090 2305 2297 2355 autem
2348 2294 2796 2382 materiamque

1098 2386 1463 2474 disputandi
1506 2387 1586 2453 de
1628 2411 1839 2454 amore
1882 2414 1959 2455 ex
2003 2391 2280 2458 Platonis
2309 2395 2578 2461 maxime
2606 2398 2796 2487 scrip-

1097 2491 1176 2555 tis
1205 2491 1256 2554 si
1295 2491 1627 2579 arripuisse
1657 2492 1720 2556 in
1753 2493 1888 2580 ipso
1917 2494 2056 2559 libri
2101 2495 2294 2585 hujus
2324 2499 2583 2564 exordio
2611 2502 2798 2588 profi-

1098 2608 1268 2658 tetur
1313 2592 1621 2661 PlotinuS.
1715 2598 1817 2661 Ac
1860 2620 2001 2661 cum
2033 2597 2094 2663 in
2129 2600 2344 2666 multis
2371 2602 2567 2668 divini
2598 2604 2799 2691 philo-

1099 2698 1278 2785 sophi
1340 2697 1600 2785 dialogis
1652 2699 1883 2763 mentio
1932 2701 2040 2765 fiat
2100 2703 2361 2768 amoris:
2414 2707 2796 2771 Convivium

1099 2813 1305 2865 tamen
1337 2823 1482 2865 cum
1513 2801 1792 2867 Phaedro
1814 2817 1875 2867 et
1902 2803 2156 2867 Philebo
2185 2828 2317 2891 prae
2345 2808 2564 2872 ceteris
2594 2809 2656 2873 in
2678 2809 2798 2875 hoc

1099 2903 1331 2989 scripto
1360 2903 1783 2990 consignando
1806 2904 2058 2970 Plotino
2087 2907 2485 2974 observatum
2516 2927 2629 2977 est.
2679 2914 2794 2978 At-

1099 3027 1226 3092 que
1255 3004 1633 3070 Convivium
1677 3004 1832 3070 illud
1881 3007 1942 3071 in
1990 3008 2212 3073 scholis
2241 3034 2314 3075 ea
2342 3027 2526 3078 aetate
2566 3031 2794 3080 tracta·

1099 3124 1235 3172 tum
1263 3106 1455 3171 fuisse
1475 3107 1683 3194 arguit
1715 3109 2049 3197 Porphyrii
2081 3112 2352 3177 narratio
2380 3113 2460 3178 de
2494 3117 2603 3181 vit.
2632 3117 2793 3184 Plot.

1101 3235 1154 3275 c.
1207 3212 1360 3275 XV.
1395 3233 1460 3298 p.
1501 3229 1642 3294 117.
1679 3211 1870 3276 Fabr.
1952 3212 2199 3279 Multos
2226 3239 2377 3282 vero
2402 3234 2544 3305 post
2577 3218 2793 3284 Plato-

1099 3338 1242 3380 nem
1272 3315 1356 3381 ad
1387 3332 1696 3380 extremos
1728 3315 2082 3381 Platonicos
2115 3341 2313 3406 usque
2353 3320 2413 3384 in
2447 3323 2662 3388 eodem
2696 3347 2794 3388 ar·

1099 3434 1403 3505 gumento
1427 3420 1793 3500 elaborasse,
1818 3438 1880 3488 et
1899 3423 2129 3489 multos
2151 3424 2340 3490 libros
2354 3428 2570 3508 fuisse,
2596 3432 2797 3517 qualis

1098 3537 1192 3587 est
1222 3524 1539 3606 Ἐρωτικὸς
1567 3525 1916 3605 Plutarchi,
1950 3550 2073 3592 non
2117 3544 2209 3594 est
2253 3531 2428 3618 quod
2463 3556 2720 3620 operose
2759 3559 2797 3599 a

1097 3649 1200 3691 me
1245 3627 1362 3692 hoc
1406 3627 1543 3693 loco
1587 3646 2005 3706 monstretur;
2057 3655 2260 3720 neque
2310 3635 2507 3721 magis
2555 3659 2797 3703 necesse

1097 3745 1191 3795 est
1220 3730 1318 3794 hic
1349 3730 1534 3796 altius
1585 3731 1956 3799 descendere
1996 3734 2058 3799 in
2099 3735 2292 3824 hujus
2316 3735 2433 3802 loci
2464 3739 2540 3803 de
2573 3742 2798 3807 Amore

1097 3835 1323 3912 fonteS,
1354 3836 1934 3926 vicissitudinesque
1968 3856 2109 3926 post
2153 3864 2249 3919 ea,
2278 3864 2422 3928 quae
2454 3865 2643 3929 supra
2683 3867 2796 3931 po-

1100 3937 1340 4002 suimus
1385 3939 1467 4003 ad
1512 3940 1973 4029 inscriptionem
2016 3941 2155 4006 libri
2191 3945 2247 4009 I.
2283 3948 2342 4008 6.
2394 3945 2499 4026 (de
2530 3946 2795 4033 Pulcro)

1099 4039 1241 4103 etin
1260 4041 1657 4106 annotatione
1678 4043 1758 4107 ad
1779 4044 2356 4133 eundem‚itemque
2374 4048 2451 4111 ad
2474 4048 2701 4113 librum
2723 4051 2799 4114 de

1099 4142 1451 4206 Dialectica
1486 4167 1552 4231 p.
1593 4164 1864 4229 19—21.
1900 4170 2012 4211 nec
2043 4149 2248 4214 minus
2277 4174 2421 4236 quae
2451 4151 2794 4237 disputavi-

1100 4266 1241 4309 mus
1271 4244 1334 4309 in
1369 4247 1741 4333 Symbolicae
1770 4249 1985 4314 multis
2021 4250 2192 4331 locis,
2221 4254 2565 4339 praesertim
2603 4254 2794 4320 Volu-

1101 4346 1267 4412 mine
1319 4349 1502 4413 tertio
1539 4374 1677 4439 cap.
1728 4353 1849 4417 VI.
1893 4377 1954 4441 p.
1995 4356 2361 4440 536—579.
2410 4355 2511 4420 ed.
2556 4358 2688 4435 alt.,
2734 4374 2798 4422 et

1101 4473 1247 4536 quae
1275 4449 1545 4539 denique
1575 4454 1910 4520 Heusdius
1933 4479 2107 4520 meus
2128 4455 2462 4544 eleganter,
2494 4459 2586 4524 uti
2618 4460 2795 4537 solet,

1100 4551 1181 4616 de
1236 4552 1526 4619 universo
1584 4555 1701 4621 hoc
1751 4574 2122 4644 argumento
2171 4560 2460 4647 exposuit
2506 4561 2570 4625 in
2623 4580 2796 4650 parte

1098 4654 1300 4741 prima
1340 4655 1504 4735 libri,
1546 4658 1657 4745 qui
1696 4660 2092 4726 inscribitur:
2139 4663 2345 4727 Initia
2375 4664 2799 4753 Philo-sophica

1102 4758 1463 4825 Platonicae.
1501 4762 1557 4826 I.
1594 4763 1871 4849 Trajecti
1900 4764 1976 4829 ad
2014 4764 2223 4829 Rhen.
2266 4766 2452 4847 1827.

1188 4898 1274 4911 —
1312 4883 1411 4949 13.
1436 4864 1501 4932 ὃς
1530 4865 1598 4944 δὴ
1624 4865 2173 4951 (Πλάτων)-περὶ
2206 4869 2420 4949 ἔρωτος
2440 4870 2800 4951 ἔγραψεν-

1106 4967 1199 5030 καὶ
1238 4967 1488 5046 δαίμονα
1522 4969 1711 5050 φησὶν
1756 4969 1935 5032 αὐτὸν
1967 4971 2079 5044 καὶ,
2124 4971 2257 5052 περὶ
2286 4971 2584 5053 γενέσεως
2621 4973 2800 5037 αὐτοῦ

1102 5071 1430 5155 διεξῆλθεν]
1484 5072 1604 5134 Est
1632 5070 2047 5135 nobilissimus
2081 5072 2249 5136 locus
2279 5072 2340 5136 in
2371 5074 2702 5160 Symposio
2732 5099 2791 5162 p.

1106 5191 1251 5237 202.
1283 5196 1376 5260 sq.
1409 5197 1472 5260 p.
1494 5177 1642 5254 428.
1677 5198 1815 5261 sqq.
1850 5174 2054 5239 Bekk.
2086 5174 2426 5239 multorum
2458 5174 2562 5239 ille
2591 5188 2652 5239 et
2682 5200 2789 5239 ex-

1103 5274 1538 5363 plicationibus
1566 5293 1629 5341 et
1661 5278 2110 5344 imitationibus
2138 5279 2504 5357 celebratuS,
2540 5296 2610 5343 ut
2643 5280 2784 5344 Ori-

1101 5378 1278 5466 genis
1307 5395 1523 5445 contra
1543 5379 1794 5444 Celsum
1825 5379 1929 5445 lib.
1958 5383 2077 5447 Iv.
2100 5406 2164 5469 p.
2201 5384 2345 5467 189.
2371 5406 2464 5469 sq.
2499 5384 2792 5467 Spencer.

1102 5504 1168 5569 p.
1200 5501 1347 5569 532.
1384 5509 1475 5571 sq.
1509 5483 1718 5562 Ruaei,
1751 5484 1861 5571 qui
1891 5507 2025 5549 eam
2057 5486 2467 5551 narrationem
2501 5509 2646 5550 cum
2670 5486 2792 5550 his-

1105 5583 1263 5651 toria
1322 5587 1602 5652 Paradisi
1654 5588 1718 5652 in
1780 5588 2007 5653 Genesi
2068 5591 2401 5678 componit.
2499 5589 2797 5655 Aristidis

2080 554 2914 623 ANNOTATIONES
2980 560 3092 625 IN
3157 562 3611 628 PLOTINI

2889 734 3096 798 Oratt.
3128 736 3211 800 T.
3248 735 3343 800 II.
3374 758 3436 824 p.
3475 738 3613 802 106.
3645 736 3692 800 J
3695 736 3839 803 ebb.
3867 739 4193 807 Plutarchi
4222 742 4304 807 de
4334 742 4491 809 Isid.
4517 760 4579 811 et

2888 836 3054 901 Osir.
3086 860 3148 925 p.
3180 840 3329 925 361.
3366 840 3443 904 B.
3493 854 3558 904 et
3593 863 3657 927 p.
3688 857 3835 926 374.
3870 844 3947 907 C.
3980 845 4065 909 D.
4112 868 4176 933 p.
4211 847 4363 926 480.
4407 859 4471 911 et
4512 872 4578 938 p.

2887 958 3041 1026 532,
3060 959 3209 1027 533.
3241 942 3457 1030 Wytt.
3490 943 3762 1008 Maximi
3807 946 3994 1034 Tyrii
4038 948 4371 1016 Dissertat.
4403 951 4484 1017 X.
4515 975 4577 1035 4.

2889 1043 3075 1107 XIV.
3135 1045 3196 1108 8.
3259 1045 3596 1134 Porphyrii
3647 1045 3728 1111 de
3785 1049 4069 1138 Nymph.
4128 1053 4321 1118 Antr.
4372 1058 4430 1141 ξ.
4481 1058 4578 1123 16.

2889 1145 3193 1233 Ejusdem
3248 1148 3312 1212 in
3361 1149 3671 1215 Sententt.
3716 1149 3777 1215 in
3823 1151 3930 1218 fin.
3980 1176 4046 1242 p.
4089 1157 4231 1236 248.
4281 1158 4573 1224 Cantabr.

2888 1249 3094 1315 Procli
3124 1251 3188 1316 in
3220 1253 3466 1318 Platon.
3505 1252 3732 1319 Theol.
3766 1277 3818 1320 c.
3857 1257 3958 1321 28.
3991 1279 4053 1345 p.
4091 1275 4239 1345 233.
4270 1260 4373 1326 J0.
4410 1262 4575 1327 Lau-

2885 1354 3068 1418 rentii
3111 1355 3276 1443 Lydi
3329 1355 3393 1420 in
3439 1356 3662 1445 fragm.
3697 1358 3778 1422 de
3824 1359 4157 1425 Mensibus
4199 1384 4266 1450 p.
4301 1364 4446 1429 282.
4476 1364 4573 1430 ed.

2889 1457 3069 1522 Hasii
3114 1458 3448 1524 Themistii
3492 1461 3669 1526 Orat.
3716 1462 3937 1526 XIII.
3970 1486 4033 1552 p.
4073 1466 4214 1530 162.
4246 1467 4322 1531 B.
4375 1467 4576 1533 Procli

2883 1561 3030 1625 item
3065 1561 3127 1625 in
3159 1561 3477 1628 Timaeum
3510 1586 3571 1651 p.
3607 1566 3838 1648 287.et
3867 1588 3932 1653 p.
3964 1587 4115 1653 305.
4149 1585 4214 1634 et
4242 1569 4303 1634 in
4336 1572 4578 1659 Cratyl.

2883 1688 2948 1753 p.
2973 1682 3082 1751 75.
3113 1689 3204 1753 sq.
3241 1666 3521 1731 Boisson.
3546 1683 3608 1732 et
3637 1668 3701 1732 in
3733 1668 3872 1734 Alc.
3904 1692 4001 1758 pr.
4036 1694 4099 1758 p.
4149 1692 4286 1757 190.
4321 1697 4411 1760 sq.
4436 1674 4575 1739 coll.

2885 1791 2953 1856 p.
2991 1788 3133 1855 233.
3199 1770 3520 1835 Hermetis
3566 1771 3960 1860 Trismegisti
4000 1774 4063 1837 in
4099 1774 4276 1839 Stob.
4309 1776 4575 1864 Eclogg.

2888 1872 3078 1960 Phys.
3112 1896 3173 1961 p.
3215 1874 3357 1938 118.
3404 1873 3711 1962 Appuleii
3741 1874 3822 1939 de
3852 1877 3995 1941 Deo
4037 1877 4306 1942 Socratis
4334 1901 4397 1966 p.
4430 1880 4573 1961 674.

2884 1998 2950 2062 p.
2990 1995 3132 2063 133.
3174 1976 3271 2041 ed.
3322 1977 3633 2042 Bosschae.
3682 1978 3943 2044 Eusebii
3980 1979 4044 2044 in
4080 1982 4292 2069 Praep.
4325 1983 4575 2069 Evang.

2884 2079 3053 2143 XII.
3084 2101 3151 2165 p.
3182 2080 3333 2165 584.
3411 2080 3684 2145 Platonis
3720 2096 3928 2147 autem
3971 2082 4219 2150 decreta
4248 2083 4327 2149 de
4368 2106 4577 2150 amore

2883 2205 2961 2246 ex
3007 2182 3205 2271 ipsius
3244 2183 3489 2272 scriptis
3533 2207 3734 2273 nuper
3778 2184 4112 2252 illustravit
4155 2208 4284 2251 van
4315 2188 4577 2252 Heusde

2882 2285 2946 2349 in
2995 2285 3201 2350 Initiis
3247 2286 3668 2375 Philosophiae
3714 2288 4054 2354 Platonicae
4100 2291 4156 2354 Ι.
4198 2313 4265 2379 p.
4305 2309 4446 2356 120.
4481 2313 4573 2377 sq.

2885 2389 2988 2453 De
3034 2388 3266 2454 Plotini
3295 2389 3489 2478 ipsius
3516 2389 3666 2456 locis
3692 2390 3921 2479 partim
3952 2415 4161 2480 supra,
4196 2392 4470 2457 vidimus
4496 2392 4577 2457 ad

2882 2513 2947 2577 p.
3007 2512 3152 2574 142.
3201 2493 3285 2559 G.
3335 2494 3560 2582 partim
3608 2495 3772 2559 infra
3820 2495 4193 2562 videbimus.
4282 2497 4577 2562 Proxime

2885 2593 3066 2659 lectio
3097 2602 3510 2677 συμπλακῆναι
3540 2597 3818 2663 Platonis
3846 2598 3907 2663 in
3941 2599 4076 2688 ipso
4100 2600 4407 2666 Convivio
4432 2625 4577 2667 auc-

2885 2697 3135 2763 toritate
3162 2715 3367 2787 potest
3395 2699 3645 2765 defendi
3671 2724 3736 2789 p.
3777 2722 3914 2786 19¹·
3939 2725 4001 2790 p.
4032 2724 4183 2789 405.
4218 2702 4457 2769 Bekk.:
4508 2705 4574 2769 τὸ

2883 2804 3136 2884 λειφθὲν
3165 2805 3320 2867 ἄλλο
3352 2803 3537 2883 ἐζήτει
3568 2805 3662 2868 καὶ
3692 2805 4115 2872 συνεπλέκετο.

2969 2926 3033 2991 p.
3057 2906 3210 2989 528,
3241 2925 3337 2992 13.
3385 2908 3500 2993 ὅτῳ
3532 2906 3599 2972 δέ
3626 2934 3712 2975 τις
3739 2909 3985 2998 ἄγαται]
4036 2912 4224 2975 Hanc
4252 2910 4571 2976 lectionem

2881 3005 3222 3095 amplector
3244 3022 3316 3073 ut
3343 3009 3744 3075 difficiliorem
3770 3027 3831 3076 et
3862 3011 4246 3077 Platonicam
4282 3017 4571 3103 Sympos.

2882 3134 2947 3198 p.
2985 3128 3127 3198 179.
3170 3135 3234 3200 p.
3263 3113 3415 3200 383.
3444 3112 3645 3177 Bekk.
3677 3115 4047 3196 ἆγασθέντος
4082 3121 4161 3204 τῷ
4209 3118 4382 3204 ἔργῳ.
4473 3121 4574 3184 De

2882 3237 3007 3299 qua
3038 3215 3492 3280 constructione
3524 3215 3647 3280 vid.
3683 3216 4025 3283 Ruhnken.
4043 3218 4124 3283 ad
4154 3219 4380 3284 Timaei
4414 3222 4568 3286 Lex.

2886 3316 3048 3382 Plat.
3085 3340 3150 3405 p.
3188 3321 3247 3384 8.
3294 3319 3575 3384 Pierson.
3606 3320 3687 3386 ad
3729 3322 3932 3386 Moer.
3966 3346 4028 3409 p.
4067 3344 4124 3388 1.
4171 3346 4261 3411 sq.
4306 3342 4370 3390 et
4413 3327 4570 3390 Lex.

2887 3419 3167 3508 Seguier.
3229 3422 3293 3486 in
3344 3421 3613 3488 Bekkeri
3670 3424 3963 3489 Anecdd.
4009 3448 4135 3512 grr.
4193 3427 4253 3491 I.
4314 3450 4380 3516 p.
4419 3448 4569 3515 335.

2882 3522 3024 3588 infr.

2967 3664 3055 3675 —
3092 3629 3187 3692 16.
3240 3629 3356 3692 Καὶ
3403 3633 3519 3712 γὰρ
3558 3631 3718 3695 οὗτοι
3758 3633 3977 3696 τίκτειν
4012 3635 4344 3712 βούλονται
4384 3638 4454 3700 ἐν
4494 3639 4573 3722 τῷ

2887 3735 3067 3818 καλῷ·
3115 3734 3355 3815 ἐπείπερ
3402 3734 3626 3798 ἄτοπον
3643 3737 3808 3799 -ἐν
3859 3738 4087 3822 αἰσχρῷ
4144 3741 4369 3821 γεννᾷν
4423 3741 4570 3817 βού-

2883 3841 3102 3900 λεσθαι
3132 3865 3183 3901 κ.
3202 3839 3371 3926 τ.λ.]
3421 3838 3605 3903 Plato
3636 3839 3899 3905 Conviv.
3935 3863 3995 3927 p.
4024 3844 4166 3905 206.
4199 3864 4263 3930 p.
4294 3862 4443 3929 435.
4476 3866 4573 3930 sq.

2884 3936 3276 4004 &kk—bt&
3307 3945 3491 4005 ταῦτα
3534 3943 3678 4005 ὅταν
3719 3944 3832 4022 μὲν
3878 3946 4038 4030 καλῷ
4081 3944 4463 4025 προσπελάζῃ
4504 3946 4572 4009 τὸ

2887 4046 3081 4116 κυοῦν,
3112 4044 3293 4107 ἰ’λεῶν
3319 4069 3386 4108 τε
3416 4045 3683 4126 γίγνεται
3715 4045 3809 4109 καὶ
3849 4046 4322 4128 εὐφραινόμενον
4349 4053 4570 4132 διαχεῖ-

2884 4169 2979 4207 ται
3010 4145 3104 4208 καὶ
3133 4148 3313 4210 τίκτει
3355 4172 3421 4211 τε
3456 4147 3551 4210 καὶ
3602 4151 3809 4232 γεννᾷ·
3857 4149 4002 4212 ὅταν
4037 4151 4102 4212 δὲ
4147 4152 4397 4236 αἰσχρῷ,
4430 4176 4569 4215 σκυ-

2884 4249 3119 4327 θρωπόν
3148 4274 3214 4312 τε
3246 4249 3339 4312 καὶ
3367 4252 3742 4329 λυπούμενον
3771 4256 4160 4333 σνσπειρᾶται
4193 4252 4287 4316 καὶ
4319 4253 4571 4336 ἀποτρέ·

2881 4373 3056 4412 πεται
3087 4352 3181 4415 καὶ
3209 4352 3550 4416 ἆνείλλεται
3580 4354 3674 4416 καὶ
3703 4353 3772 4417 οὐ
3801 4357 4007 4438 γεννᾷ.
4057 4354 4188 4419 ἔστι
4215 4358 4351 4438 γὰρ.
4377 4357 4422 4419 ὃ
4448 4359 4573 4421 Σό-

2885 4479 3107 4534 κρατες,
3133 4455 3269 4537 ἔφη,
3291 4456 3360 4518 οὗ
3391 4461 3495 4519 τοῦ
3524 4461 3711 4520 καλοῦ
3739 4460 3772 4519 ὁ
3803 4457 3965 4538 ἔρως,
3998 4459 4074 4524 ὡς
4096 4458 4173 4523 σὺ
4194 4462 4325 4523 οἴει.
4371 4458 4573 4524 Ἀλλὰ

2884 4557 2945 4619 τί
2966 4556 3121 4636 μήν;
3167 4562 3288 4636 Τῆς
3317 4559 3654 4640 γεννήσεως
3694 4562 3789 4623 καὶ
3827 4564 3933 4624 τοῦ
3974 4562 4149 4624 τόκου
4179 4563 4247 4625 ἐν
4274 4566 4355 4648 τῷ
4389 4567 4569 4649 καλῷ.

2885 4658 3088 4744 Cujus
3117 4658 3552 4747 disputationis
3581 4661 3764 4725 etiam
3796 4662 4037 4749 reliqua
4063 4662 4125 4726 in
4173 4665 4574 4751 sequentibus

2883 4776 3027 4825 ante
3069 4762 3280 4827 oculos
3323 4763 3511 4827 habet
3556 4764 3863 4830 Plotinus.
3956 4767 4272 4830 Caeterum
4319 4765 4399 4830 de
4449 4769 4570 4832 ori-

2882 4862 3029 4950 gine
3056 4865 3341 4930 amicitiae
3376 4882 3440 4931 et
3478 4867 3726 4944 amoriS,
3758 4891 3946 4956 quam
3998 4869 4059 4933 h.
4083 4867 4123 4931 l.
4156 4870 4348 4934 verbo
4376 4871 4569 4936 attin-

2882 4966 2975 5052 git
3029 4968 3439 5057 philosophus
3496 4970 3919 5058 LycopoliteS,
3975 4972 4063 5038 ita
4106 4972 4467 5038 Aristoteles
4508 4975 4571 5038 in

2885 5070 3042 5134 Eth.
3062 5072 3309 5137 Nicom.
3345 5074 3469 5137 IX.
3493 5094 3557 5158 5.
3589 5093 3652 5159 3.
3675 5073 3881 5138 Ἔοικε
3911 5077 3977 5138 δὲ
4005 5076 4159 5159 ἀρχὴ
4187 5078 4395 5158 φιλίας
4422 5077 4575 5142 εἶναι

2878 5176 3082 5256 ὥσπερ
3127 5180 3232 5239 τοῦ
3279 5178 3422 5258 ἐρᾷν
3467 5176 3503 5254 ἡ
3550 5178 3646 5238 διὰ
3695 5179 3795 5254 τῆς
3840 5177 4041 5256 ὅψεως
4082 5175 4282 5256 ἡδονή·
4328 5178 4409 5256 μὴ
4459 5182 4576 5260 γὰρ

2881 5280 3199 5359 προησθεὶς
3226 5284 3294 5359 τῇ
3337 5278 3463 5363 ἰδέα
3490 5278 3684 5345 οὐθεὶς
3713 5280 3833 5361 ἐρᾷ.
3881 5280 3914 5341 ὁ
3950 5280 4014 5342 δὲ
4057 5280 4283 5362 χαίρων
4311 5284 4394 5366 τῷ
4433 5284 4575 5346 εἴδει

2884 5382 3058 5445 οὐθὲν
3092 5386 3328 5461 μᾶλλον
3376 5384 3501 5464 ἐρᾷ,
3547 5379 3682 5443 ἁλλ’
3715 5382 3860 5445 ὅταν
3891 5381 3984 5444 καὶ
4013 5382 4243 5445 ἀπόντα
4270 5385 4444 5462 ποθῇ,
4480 5384 4575 5448 καὶ

2882 5489 2983 5564 τῆς
3010 5488 3336 5567 παρουσίας
3367 5489 3629 5564 ἐπιθυμῇ.

2968 5612 3032 5676 p.
3064 5610 3214 5675 529‚
3245 5610 3306 5675 9.
3341 5588 3508 5674 ’Ότῳ
3540 5591 3604 5652 δὲ
3638 5587 3908 5667 μέμικται
3957 5588 4049 5651 καὶ
4092 5588 4253 5667 ἄλλη
4292 5592 4398 5652 τοῦ
4425 5589 4572 5653 ἀθό-
