5118 6613
1593 563 1912 629 INDEX
1958 562 2307 629 RERUM
2352 564 2482 629 ET
2527 564 3080 630 VERBORUM.

591 739 913 801 intellectus
940 759 1043 799 cur
1065 738 1318 798 masculo
1343 751 1704 816 comparetur

1349 817 1466 877 Fic.
1495 839 1555 898 p.
1578 838 1701 896 430

594 902 917 964 intellectus
941 900 1231 979 quomodo
1259 919 1320 959 se
1348 898 1532 979 ipsum
1563 920 1698 980 cog-

673 996 876 1045 noscat
1578 983 1701 1060 496

594 1066 917 1126 intellectus
938 1083 1040 1123 cur
1058 1083 1175 1122 non
1204 1061 1612 1122 animadvertat
1637 1083 1700 1122 se

675 1147 826 1206 circa
850 1145 1035 1204 divina
1062 1144 1327 1224 occupari
1579 1163 1700 1219 494

595 1227 915 1288 intellectus
944 1225 1194 1305 optimus
1578 1226 1698 1300 488

596 1309 915 1369 intellectus
941 1307 1163 1366 divinus
1191 1306 1479 1386 quomodo
1508 1308 1701 1366 omnia

1273 1442 1282 1452 ,
1350 1387 1466 1446 Fic.
1498 1408 1556 1466 p.
1587 1403 1694 1464 125

592 1471 916 1531 intellectus
959 1469 1247 1549 quomodo
1290 1482 1580 1527 moveatur

1348 1548 1466 1608 Fic.
1497 1571 1552 1629 p.
1583 1567 1695 1626 207

593 1632 917 1692 intellectus
944 1644 1032 1690 est
1057 1632 1219 1690 Deus
1578 1646 1693 1708 523

595 1713 913 1773 intellectus
943 1713 1068 1771 finis
1098 1711 1415 1770 motionum
1445 1713 1509 1770 F.
1538 1733 1595 1791 p.
1614 1713 1693 1786 48

593 1794 915 1855 intellectus
942 1794 1153 1873 primus
1178 1793 1304 1872 quis
1346 1794 1470 1853 Fic.
1500 1814 1557 1872 p.
1577 1812 1693 1870 352

595 1875 913 1936 intellectus
938 1873 1124 1955 gignit
1382 1874 1505 1933 Fic.
1535 1895 1592 1953 p.
1616 1893 1697 1951 49

597 1957 916 2016 intellectus
943 1955 1170 2015 divinus
1190 1955 1476 2034 quomodo
1505 1975 1567 2015 se
1595 1957 1697 2014 ha-

674 2040 807 2098 beat
831 2038 900 2097 ad
931 2057 1059 2096 suas
1087 2036 1238 2096 ideas
1578 2038 1649 2097 61
1665 2056 1696 2095 2

594 2119 918 2178 intellectus
944 2118 1081 2197 quid
1658 2136 1700 2193 4

595 2200 915 2260 intellectus
957 2200 1198 2258 universi
1241 2198 1520 2258 ambitum
1561 2218 1701 2258 eon-

594 2294 913 2422 intselillgcius
953 2382 1086 2443 erga
1125 2364 1315 2421 Deum
1359 2281 1699 2421 uflili'gctzls

595 2525 915 2585 intellectus
942 2525 1145 2584 animae
1173 2523 1392 2584 infusus
1434 2459 1697 2584 scien⁷tiiiz

675 2626 798 2665 rum
829 2626 999 2665 causa
1580 2607 1695 2681 762

594 2688 915 2747 intellectus
942 2689 1064 2768 regi
1091 2685 1292 2745 similis
1576 2702 1694 2763 522

596 2769 916 2828 intellectus
971 2767 1254 2847 corporeis
1308 2766 1699 2826 instrumentis

677 2871 794 2909 non
824 2853 999 2909 utitur
1579 2849 1700 2925 336

595 2931 911 2991 intellectus
953 2930 1180 3010 quando
1220 2927 1399 2989 libero
1441 2929 1696 2988 volunta-

675 3012 872 3092 rioque
899 3024 1058 3071 motu
1089 3010 1318 3069 incedat
1582 3011 1700 3086 736

594 3093 913 3153 intellectus
960 3091 1223 3172 producit
1267 3090 1533 3159 animam,
1575 3093 1698 3151 hoec

677 3187 935 3234 naturam
1341 3172 1465 3231 Fic.
1495 3193 1553 3251 p.
1580 3174 1699 3250 506

594 3256 913 3317 intellectus
940 3274 1039 3335 per
1064 3254 1338 3333 sphaeram
1370 3253 1699 3334 imaginatio

674 3358 799 3416 quoe
827 3336 1038 3410 divina,
1068 3348 1127 3396 et
1150 3336 1440 3415 quomodo
1469 3337 1696 3395 institu-

672 3432 800 3478 atur
1578 3433 1699 3495 550

592 3500 912 3560 intellectus
939 3499 1295 3558 conditiones
1322 3497 1539 3578 aliquot
1578 3517 1694 3576 507

593 3581 911 3642 intellectus
952 3593 1012 3641 et
1053 3580 1283 3639 luminis
1323 3579 1554 3638 collatio

1338 3661 1462 3719 Fic.
1495 3681 1547 3738 p.
1580 3679 1696 3740 239

589 3742 908 3803 intellectus
950 3741 1236 3803 rationalis
1276 3740 1533 3800 definitio

1346 3822 1469 3882 Fic.
1499 3845 1553 3902 p.
1583 3840 1690 3901 125

589 3905 907 3965 intellectus
958 3916 1015 3963 et
1062 3902 1264 3963 animoe
1312 3903 1615 3963 discrimen
1658 3924 1693 3963 a

669 3986 940 4046 felicitate
1338 3986 1465 4045 Fic.
1495 4006 1549 4064 p.
1573 4004 1688 4062 433

589 4068 910 4127 intellectus
952 4079 1011 4126 et
1050 4064 1421 4146 intelligibilis
1463 4066 1540 4125 rei
1577 4066 1692 4125 dis-

668 4147 872 4208 tinctio
1579 4166 1683 4221 141

586 4230 905 4289 intellectus
932 4230 1245 4309 subjectum
1617 4248 1684 4287 21

588 4310 907 4371 intellectus
939 4311 1020 4369 vis
1055 4316 1252 4391 major,
1285 4328 1454 4388 quam
1496 4328 1692 4369 sensus

1333 4389 1456 4449 Fic.
1489 4410 1545 4470 p.
1571 4406 1687 4468 592

586 4472 912 4533 intellectus
940 4471 1109 4565 primi
1139 4473 1470 4565 propagatio
1522 4551 1534 4565 ι
1575 4488 1690 4565 700

585 4554 907 4614 intellectus
935 4554 1105 4613 divini
1146 4553 1205 4611 in
1243 4554 1394 4612 ideas
1421 4552 1691 4612 derivatio

1574 4650 1686 4711 545

586 4714 905 4775 intellectus
945 4714 1120 4774 divini
1148 4727 1208 4773 et
1249 4715 1444 4774 mundi
1485 4716 1689 4773 animae

665 4796 861 4855 eadem
888 4796 1030 4854 ratio
1570 4798 1643 4872 65
1657 4815 1686 4855 2

585 4875 909 4935 intellectus
936 4874 1298 4955 pulchritudo
1569 4896 1602 4953 3
1614 4879 1690 4951 84

585 4957 909 5016 intellectus
930 4969 1086 5015 ortus
1568 4977 1685 5037 493

587 5037 907 5098 intellectus
934 5037 1171 5118 perfecti
1198 5035 1422 5112 objecta
1570 5056 1641 5117 55
1654 5042 1689 5099 8

587 5119 910 5180 intellectus
957 5117 1313 5196 operationes
1355 5119 1410 5178 in
1455 5141 1578 5200 quae
1627 5143 1688 5180 a·

665 5212 824 5281 gant,
854 5212 914 5259 et
940 5198 1036 5259 ubi
1066 5198 1504 5277 interquiescant
1573 5202 1684 5279 561

589 5281 907 5341 intellectus
936 5282 1102 5361 primi
1131 5281 1319 5360 imago
1347 5301 1607 5361 expressa
1634 5296 1693 5342 et

665 5363 839 5422 virtus
1573 5366 1687 5440 653

589 5442 908 5503 intellectus
928 5442 1099 5502 divini
1128 5441 1184 5500 in
1216 5459 1317 5502 sua
1342 5443 1585 5503 essentia
1615 5445 1692 5504 vis

669 5537 730 5583 et
754 5525 989 5585 facultas
1570 5527 1691 5600 614

588 5605 909 5666 intellectus
936 5607 1157 5685 objecta
1182 5603 1372 5683 qualia
1570 5624 1645 5684 52
1660 5627 1680 5665 1

586 5686 904 5747 intellectus
931 5707 1154 5746 summa
1180 5687 1291 5747 vita
1372 5685 1498 5747 Fic.
1528 5707 1585 5766 p.
1608 5706 1690 5767 49

681 5788 869 5841 VOL.
907 5788 1032 5842 111.

1783 738 2105 798 intellectus
2133 738 2379 798 officium
2573 737 2695 797 Fic.
2723 759 2780 818 p.
2803 757 2885 817 49

1782 819 2106 879 intellectus
2133 832 2193 879 et
2219 819 2423 879 animae
2454 819 2685 879 collatio
2768 837 2877 898 501

1781 899 2103 961 intellectus
2130 900 2289 981 origo
2763 901 2883 975 488

1782 980 2104 1041 intellectus
2144 983 2215 1042 ad
2256 1001 2460 1062 corpus
2501 980 2797 1041 inclinatio

2570 1064 2692 1123 Fic.
2720 1084 2781 1143 p.
2807 1080 2885 1141 79

1783 1224 1796 1238 .
2473 1223 2487 1238 .
2582 1224 2596 1238 .
2767 1145 2883 1220 ⁷³8

1780 1224 2104 1285 intellectus
2130 1236 2189 1284 et
2214 1245 2412 1285 sensus
2432 1224 2735 1284 discrimen
2766 1242 2885 1303 519

1780 1306 2102 1366 intellectus
2143 1319 2203 1366 et
2245 1305 2472 1366 rationis
2514 1307 2744 1366 collatio

2015 1405 2030 1412 ⁴
2531 1387 2656 1446 Fic.
2687 1408 2742 1466 p.
2763 1405 2877 1462 431

1782 1467 2120 1538 intellectus,
2151 1468 2387 1528 rationis
2427 1481 2487 1527 et
2527 1468 2886 1549 imaginatio-

1865 1548 1954 1609 nis
1982 1549 2212 1608 collatio
2537 1549 2660 1609 Fic.
2689 1570 2744 1628 p.
2765 1552 2879 1625 653

1780 1627 2101 1690 intellectus
2144 1630 2316 1690 divini
2345 1643 2405 1690 et
2437 1632 2727 1689 rationalis
2766 1631 2884 1689 dis-

1864 1710 2066 1771 tinctio
2532 1712 2656 1770 Fic.
2687 1733 2743 1792 p.
2775 1727 2880 1788 125

1780 1791 2102 1852 intellectus
2128 1792 2308 1853 divini
2340 1793 2651 1852 dimanatio
2683 1794 2745 1852 in
2786 1812 2885 1852 na-

1861 1886 2046 1932 turam
2767 1891 2888 1951 554

1781 1968 1848 2014 ut
1889 1956 2220 2016 Intellectus
2269 1954 2484 2035 primus
2528 1956 2643 2014 vita
2685 1956 2884 2035 prima,

1864 2036 1948 2096 sic
2007 2037 2128 2096 sola
2182 2035 2581 2097 intellectualis
2637 2035 2749 2095 vita
2801 2049 2891 2095 est

1780 1143 2101 1203 intellectus
2129 1143 2359 1204 libertas

1864 2137 1992 2178 vera
2811 2138 2847 2175 0

1782 2197 2102 2259 intellectus
2131 2197 2391 2258 animalis
2418 2197 2543 2278 quis
2586 2199 2658 2259 F.
2689 2220 2746 2278 p.
2766 2133 2887 2275 {3}

1781 2280 2105 2340 intellectus
2126 2281 2358 2341 secundi
2374 2281 2663 2359 quomodo
2680 2280 2890 2339 formas

1780 2375 2248 2503 ἰηιέῗῑεέἑξιιιέῃιξοιι
2277 2454 2413 2502 sunt
2440 2362 2699 2521 Plurglc·
2728 2380 2889 2501 92ἑὲ

1780 2523 2093 2584 intellectui
2126 2525 2416 2604 quomodo
2458 2523 2637 2583 insint
2676 2522 2885 2583 intelli-

1861 2605 2056 2685 gibilia
2572 2606 2695 2664 Fic.
2725 2626 2782 2684 p.
2807 2621 2881 2682 52

1780 2685 2093 2747 intellectui
2145 2706 2247 2746 cur
2296 2686 2711 2766 argumentatio
2765 2706 2883 2745 non

1862 2769 2164 2829 conveniat
2769 2768 2884 2844 675

1778 2850 2130 2909 intellectum
2150 2869 2217 2909 ea
2244 2849 2366 2929 ipsa
2393 2867 2533 2918 esse,
2558 2868 2682 2927 quae
2711 2849 2887 2908 habet

1778 3010 2128 3071 intellectum
2159 3031 2281 3071 esse
2312 2931 2886 3089 (1111011111ῗὲοξιοἒὲ

1863 3095 2133 3172 probetur
2530 3091 2655 3151 Fic.
2686 3113 2742 3171 p.
2776 3110 2884 3166 ¹24

1778 3173 2130 3233 intellectum
2175 3193 2238 3233 se
2272 3172 2455 3253 ipsum
2496 3193 2614 3233 non
2642 3193 2885 3254 cognos-

1859 3275 1985 3317 cere
2013 3253 2474 3318 absurdissimum
2503 3267 2593 3315 est
2762 3258 2886 3333 496

1779 3337 2131 3398 intellectum
2161 3340 2219 3397 in
2248 3337 2516 3397 omnibus
2557 3335 2883 3396 bominibus

1860 3440 2038 3479 unum
2081 3438 2206 3479 esse
2245 3418 2545 3478 arbitratus
2586 3430 2675 3477 est
2707 3419 2887 3477 Aver-

1860 3520 1985 3559 roes
2529 3498 2655 3558 Fic.
2687 3520 2741 3578 p.
2763 3499 2883 3575 679

1778 3581 2131 3641 intellectum
2160 3582 2233 3640 ab
2253 3581 2444 3640 anima
2469 3599 2587 3639 non
2609 3579 2879 3660 generari,

1860 3663 1958 3721 sed
1986 3675 2187 3721 contra
2763 3674 2881 3738 559

1778 3743 2126 3803 intellectum
2155 3756 2213 3802 et
2242 3740 2596 3821 intelligibile
2629 3739 2877 3818 primum

1857 3824 2008 3883 idem
2038 3843 2161 3883 esse
2188 3824 2459 3903 probatur
2522 3821 2649 3883 Fic.
2680 3842 2735 3900 p.
2761 3836 2877 3898 352

1778 3906 2133 3965 intellectum
2188 3924 2291 3984 pro
2348 3923 2612 3963 mensura
2664 3902 2882 3961 virtutis

1855 4007 1971 4045 suae
2014 4005 2198 4066 agere,
2233 3985 2520 4065 quomodo
2563 3984 2881 4063 intelligen-

1851 4068 1987 4126 dum
2800 4064 2878 4125 ib.

1773 4148 2124 4208 intellectum
2150 4168 2265 4207 non
2295 4166 2460 4227 posse
2488 4144 2733 4226 primum
2756 4165 2879 4206 esse

1851 4229 2168 4289 ostenditur
2763 4244 2880 4304 759

1770 4310 2124 4370 intellectum
2154 4330 2271 4368 non
2292 4329 2416 4369 esse
2442 4310 2631 4388 ipsum
2662 4308 2876 4367 bonum

2761 4408 2874 4467 713

1773 4472 2125 4532 intellec-tum
2194 4473 2324 4531 Deo
2392 4469 2569 4530 semel
2629 4472 2875 4550 potitum

1855 4574 2145 4633 nunquam
2175 4553 2307 4612 inde
2335 4552 2529 4611 reverti
2761 4553 2877 4629 769

1772 4635 2124 4695 intellectum
2158 4634 2456 4693 infundere
2501 4630 2745 4691 materiae
2788 4653 2877 4691 ra·-

1853 4715 2071 4775 tionem
2112 4716 2403 4795 quomodo
2443 4711 2874 4790 intelligendum

2522 4795 2645 4853 Fic.
2674 4815 2734 4874 p.
2754 4813 2875 4871 430

1773 4877 2123 4938 intellectum
2154 4877 2471 4936 universum
2509 4895 2652 4947 esse,
2681 4888 2741 4934 et
2776 4896 2876 4934 co·

1850 4958 2047 5039 gnosci
2758 4957 2880 5031 664

1773 5039 2062 5100 intellectu
2110 5039 2396 5118 quomodo
2446 5039 2703 5119 proficiat
2750 5037 2875 5096 ani·

1854 5142 1980 5180 mus
2521 5119 2645 5179 Fic.
2675 5141 2732 5200 p.
2757 5137 2878 5197 449

1771 5202 2061 5262 intellectu
2079 5203 2299 5261 duobus
2319 5201 2503 5259 modis
2522 5200 2740 5279 agimus
2757 5219 2879 5279 499

1773 5285 1832 5342 in
1856 5284 2154 5344 Intellectu
2178 5282 2373 5342 omnia
2392 5282 2682 5361 quomodo
2709 5280 2877 5341 simul

1854 5364 1986 5433 sint,
2018 5377 2077 5424 et
2106 5377 2297 5423 tamen
2327 5365 2597 5422 distincta
2760 5364 2877 5439 560

1774 5445 1831 5504 10
1861 5446 2162 5505 Intellectu
2190 5466 2317 5526 quae
2341 5464 2523 5503 rerum
2551 5464 2762 5524 genera
2789 5444 2879 5502 in-

1772 5538 2163 5667 intzllrl'gctuum
2212 5605 2540 5668 differentiae
2588 5541 2878 5685 quomffig

1852 5689 2163 5768 probentur
2483 5775 2527 5841 3
2567 5790 2623 5841 Κ
2759 5705 2874 5767 597

3953 587 4079 655 433

2968 739 3026 798 10
3081 738 3475 800 Intellectibus
3526 736 3732 798 divinis
3784 741 4073 817 quomodo

3046 832 3251 900 praeter
3275 833 3532 881 centrum
3562 840 3710 880 unus
3736 820 3889 880 orbis
3918 834 4072 881 extet

2966 982 3362 1042 intellectualis
3404 983 3592 1042 anima
3632 984 3924 1062 quomodo
3956 904 4074 1044 iffi

3049 1062 3107 1120 in
3136 1063 3348 1133 multis,
3376 1079 3437 1124 et
3477 1084 3666 1124 rursus
3704 1065 3886 1125 multa
3921 1066 4074 1125 circa

3048 1164 3225 1203 unum
3951 1148 4073 1221 664

2967 1225 3369 1284 intellectualis
3396 1224 3598 1286 animae
3629 1226 3756 1285 finis
3953 1246 4063 1305 721

2968 1305 3363 1366 intellectualis
3403 1320 3617 1366 naturae
3652 1307 3729 1366 im
3806 1307 3926 1401 :nes
3954 1322 4068 1368 tres

3811 1409 3882 1448 10.
3913 1410 3967 1468 p.
3993 1406 4063 1467 51

2969 1467 3368 1527 intellectualis
3388 1482 3605 1528 naturai
3625 1482 3737 1529 tres
3756 1469 3964 1549 gradus
3990 1471 4068 1530 ib.

2967 1548 3366 1609 intellectualis
3393 1552 3524 1609 vitoe
3550 1549 3677 1609 finis
3718 1550 3840 1610 Fic.
3870 1572 3926 1631 p.
3950 1553 4067 1628 627

2968 1628 3369 1690 intellectualis
3411 1630 3615 1690 animae
3656 1649 3778 1690 esse
3817 1631 3953 1710 quid

3751 1712 3875 1773 Fic.
3906 1735 3963 1793 p.
3997 1714 4072 1773 80

2966 1791 3025 1851 10
3048 1791 3429 1851 Intellectuali
3458 1794 3675 1853 mundo
3695 1813 3797 1852 cur
3814 1794 3929 1854 sint
3956 1795 4075 1853 ani-

3046 1872 3217 1932 malia
3712 1947 3717 1952 ,
3955 1877 4074 1954 699

2967 1954 3407 2015 intellectualem
3442 1953 3689 2014 animam
3718 1954 3777 2013 in
3806 1956 4076 2037 intelligi-

3050 2036 3166 2104 bili,
3190 2034 3567 2096 irrationalem
3601 2035 3658 2095 in
3689 2037 3922 2096 materia
3950 2057 4074 2097 esse

3049 2118 3337 2194 quomodo
3365 2116 3604 2198 intellig.
3720 2117 3843 2177 Fic.
3917 2163 3930 2176 .
3950 2122 4072 2195 308

2969 2197 3407 2258 intellectualem
3439 2198 3719 2257 actionem
3749 2198 3835 2257 int
3893 2199 4072 2259 lectu-

3049 2280 3123 2337 ali
3151 2292 3365 2338 naturae
3394 2300 3512 2338 non
3540 2279 3743 2338 servire
3955 2296 4068 2357 737

2968 2360 3410 2420 intellectualem
3432 2360 3679 2419 2011112111
3703 2372 3920 2440 partem
3947 2362 4071 2420 uni·

3049 2442 3189 2501 versi
3239 2462 3354 2501 non
3399 2461 3523 2501 esse
3569 2442 3721 2500 unde
3760 2442 4074 2519 deprehen-

3048 2522 3215 2581 datur
3715 2523 3841 2583 Fic.
3871 2542 3928 2601 p.
3949 2543 4069 2598 400

2965 2603 3374 2663 intellectuales
3424 2602 3625 2662 animae
3673 2604 3962 2682 quomodo
4011 2604 4070 2663 in

3049 2684 3171 2763 ipso
3200 2685 3490 2745 intellectu
3520 2684 3638 2744 sint
3720 2681 3840 2743 Fic.
3872 2705 3927 2764 p.
3952 2685 4067 2762 663

2968 2765 3373 2825 intellectuales
3414 2767 3746 2825 substantiae
3785 2766 3854 2825 ad
3898 2785 4067 2844 quam

3045 2847 3229 2906 ideam
3260 2848 3562 2906 referendae
3713 2846 3837 2906 Fic.
3868 2868 3926 2926 p.
3949 2865 4069 2922 440

2964 2940 3031 2986 ut
3071 2927 3472 2988 intellectualia
3516 2928 3575 2987 in
3616 2928 3823 2988 divinis
3869 2941 4076 2988 cuncta

3047 3029 3171 3068 esse
3951 3010 4071 3087 690

2966 3089 3337 3172 intelligibilis
3402 3092 3646 3150 mundus
3705 3089 4073 3151 eontineatne

3047 3171 3256 3250 aliquid
3287 3171 3521 3232 rationis
3548 3191 3748 3251 expers
3953 3187 4063 3247 701

2965 3251 3330 3348 intelligibilis
3358 3254 3602 3314 mundus
3625 3253 3945 3334 potentiam
3983 3273 4072 3313 re·

3047 3349 3201 3414 spuit
3719 3334 3841 3394 Fic.
3868 3355 3924 3413 p.
3950 3353 4068 3412 307

2965 3414 3332 3495 intelligibilis
3360 3416 3579 3493 sphaera
3713 3415 3841 3475 Fic.
3867 3436 3925 3495 p.
3947 3419 4069 3493 356

2964 3495 3332 3577 intelligibilis
3360 3497 3432 3555 ad
3459 3495 3811 3556 intellectum
3833 3517 4070 3576 propor-

3044 3576 3127 3636 tio
3712 3577 3835 3636 Fic.
3866 3598 3924 3657 p.
3948 3594 4065 3655 352

2961 3657 3332 3738 intelligibilis
3358 3656 3565 3736 duplex
3949 3675 3980 3734 5
3999 3677 4019 3716 ι
4033 3678 4065 3735 7

2964 3738 3317 3819 intelligibile
3344 3738 3589 3818 primum
3709 3738 3831 3798 Fic.
3862 3758 3919 3818 p.
3945 3740 4019 3816 65
4036 3759 4058 3798 1

2967 3819 3323 3900 intelligibile
3405 3819 3656 3898 possitne
3736 3821 4058 3881 intellectus

3045 3921 3169 3961 esse
3948 3917 3981 3979 5
3993 3901 4069 3979 56

2963 3981 3326 4063 intelligibilis
3355 3980 3555 4041 mundi
3582 3984 3883 4042 encomion
3954 4001 3976 4040 1
3990 3999 4063 4060 75

2964 4063 3333 4144 intelligibilis
3382 4063 3581 4122 mundi
3628 4063 4069 4143 contemplatio-

3046 4165 3181 4204 num
3211 4144 3504 4204 distinctio
3750 4145 3878 4206 Fic.
3908 4167 3963 4224 p.
3991 4146 4069 4221 36

2964 4226 3330 4307 intelligibilis
3353 4224 3549 4284 mundi
3570 4226 3907 4286 animalibus
3930 4227 4067 4306 quid

3042 4327 3273 4375 cornua,
3297 4327 3534 4387 ungues,
3558 4305 3781 4386 aliaque
3807 4309 3866 4368 id
3886 4327 4068 4388 genus

3042 4390 3366 4448 conducant
3950 4408 4065 4466 702

2961 4469 3331 4549 intelligibilis
3354 4467 3552 4527 mundi
3571 4469 3771 4530 incolae
3787 4491 3911 4549 quae
3927 4490 4067 4530 con-

3040 4551 3387 4629 templentur
3945 4553 4066 4629 546

2958 4631 3327 4711 intelligibilis
3368 4630 3564 4691 mundi
3610 4653 3748 4691 num
3778 4632 3923 4691 ullus
3965 4633 4065 4692 de-

3043 4714 3224 4772 fectus
3952 4730 4065 4789 702

2958 4793 3324 4874 intelligibilis
3368 4793 3567 4853 mundi
3593 4814 3714 4853 sors
3754 4794 4059 4873 exoptatis-

3039 4878 3184 4934 sima
3947 4892 4061 4951 722

2959 4957 3017 5015 10
3054 4955 3403 5037 Intelligibili
3447 4956 3660 5015 mundo
3702 4954 3844 5013 nihil
3885 4956 4063 5095 1οΐοἑ-

3041 5057 3134 5097 100
3981 5057 3997 5094 1
4047 5082 4062 5095 .

2961 5118 3341 5201 intelligibilia
3401 5118 3517 5177 fieri
3583 5116 3949 5188 intellectum,
4005 5130 4065 5176 et

3041 5221 3158 5259 non
3182 5220 3215 5260 e
3233 5220 3522 5267 converso,
3542 5217 3667 5277 quae
3691 5196 3831 5256 ratio
3848 5196 3922 5256 sit
3942 5199 4062 5274 560

2958 5281 3340 5361 intelligibilia
3407 5280 3569 5339 aliter
3619 5280 3691 5337 ab
3742 5277 4063 5350 Aristotele,

3041 5383 3210 5442 quam
3242 5364 3477 5422 Platone
3503 5359 3883 5438 disponuntur
3943 5379 4064 5439 490

2962 5443 3221 5503 interitus
3248 5462 3481 5522 quarum
3513 5461 3697 5499 rerum
3727 5440 3818 5511 sit,
3847 5454 3907 5500 et
3948 5463 4063 5502 non

3042 5527 3117 5583 sit
3951 5543 4058 5583 201

2962 5605 3256 5666 interiores
3299 5622 3385 5663 res
3425 5622 3526 5663 cur
3566 5622 3717 5683 saepe
3756 5604 4039 5664 intereant

3714 5685 3837 5748 Fic.
3868 5706 3924 5764 p.
3950 5689 4061 5746 118
