5118 6613
1264 537 1463 601 LIB.
1513 536 1712 602 VIII.
1761 536 2231 602 ENNEAD.
2279 534 2748 614 QUARTAE.
2792 560 2853 624 p.
2888 537 3249 619 876—880.

549 716 650 778 νός
693 736 808 774 που
858 710 953 774 καὶ
999 708 1277 791 Ἀμέλιος
1321 711 1419 774 ἐπὶ
1475 711 1686 790 ταύτης
1732 712 1850 774 εἰσὶ
1899 714 2000 790 τῆς
2041 710 2227 789 δόξης.

545 812 778 877 Ἐνίοτε
825 816 942 895 γὰρ
986 814 1062 879 ὥς
1107 814 1301 893 ἄλλην
1347 814 1454 892 τὴν
1496 812 1778 894 μεριστὴν
1824 812 2031 895 ψυχὴν
2073 815 2234 892 παρὰ

547 919 654 997 τὴν
684 920 852 997 ὅλην,
885 919 1076 981 ἐνίοτε
1105 920 1168 980 δὲ
1201 917 1380 996 αὐτὴν
1408 919 1553 999 πρὸς
1588 919 1818 996 ἐκείνην
1848 916 1998 980 εἶναι
2028 917 2236 997 ἀφορί-

544 1030 757 1096 ζονται.
846 1018 962 1086 Ὠς
1006 1018 1055 1084 δ’
1097 1020 1173 1084 ἂν
1208 1022 1362 1084 εἴποι
1406 1022 1763 1102 Πορφύριος,
1808 1018 1998 1098 πάντῃ
2044 1020 2226 1101 κεχώ-

543 1152 741 1207 ρισται
768 1129 843 1189 τὰ
879 1130 980 1205 τῆς
1012 1127 1153 1205 ὅλης
1191 1130 1391 1209 ψυχῆς
1427 1129 1586 1208 παρὰ
1625 1126 1733 1204 τὴν
1759 1124 2041 1206 μεριστὴν
2070 1127 2230 1205 ἐνερ-

545 1229 797 1311 γήματα.
879 1227 1032 1292 Vide
1064 1228 1395 1315 Porphyrii
1439 1231 1741 1292 Sententt.
1782 1228 1908 1292 XI.
1943 1250 2008 1314 p.
2032 1230 2135 1292 61.
2169 1240 2233 1290 et

545 1332 626 1396 de
655 1331 908 1396 Plotino
934 1345 996 1395 et
1029 1331 1266 1395 Amelio
1302 1332 1515 1395 confer
1556 1330 1872 1394 Stoboeum
1903 1329 2130 1395 ibidem
2163 1347 2228 1416 p.

547 1436 690 1498 866.
737 1450 800 1498 et
837 1432 1066 1497 adhibe
1113 1433 1336 1497 Plotini
1384 1433 1547 1497 locos
1589 1432 1752 1496 infra
1793 1456 1855 1519 p.
1887 1452 2037 1514 492.
2071 1448 2132 1497 et
2160 1456 2228 1519 p.

546 1540 693 1618 647.
725 1560 858 1623 cap.
886 1537 1002 1600 IV.
1038 1538 1120 1598 A.
1147 1536 1223 1599 B.

631 1663 693 1727 p.
718 1641 862 1722 878,
904 1658 1004 1721 17.
1054 1641 1216 1719 εἴπερ
1244 1636 1426 1708 ‘trab-‚3
1459 1639 1565 1700 ἐὰν
1592 1633 1632 1715 ᾗ
1660 1642 1778 1700 τῶν
1807 1636 2048 1724 ὄντων]
2086 1637 2228 1699 Non

544 1741 825 1807 dubitavi
854 1742 918 1806 in
965 1739 1241 1804 ordinem
1274 1739 1544 1825 recipere
1574 1737 1732 1801 hanc
1762 1738 2081 1803 lectionem
2115 1739 2225 1802 Fi·

545 1844 687 1923 cini,
718 1867 906 1930 quam
941 1843 1215 1907 secunda
1260 1865 1502 1920 manuS,
1546 1842 1674 1906 sive
1707 1865 1780 1906 ea
1822 1841 2018 1929 ipsius
2057 1844 2231 1907 Mar-

546 1947 660 2011 silii
705 1947 805 2026 sit,
835 1947 963 2010 sive
991 1945 1148 2010 alius
1178 1945 1293 2008 viri
1326 1945 1514 2023 docti,
1537 1945 1598 2008 in
1635 1945 1796 2009 Cod.
1833 1945 2122 2010 Mediceo
2151 1947 2225 2009 A.

545 2051 788 2138 posuit:
825 2048 1043 2114 Editio
1065 2049 1249 2113 habet
1272 2075 1321 2113 ε.
1337 2075 1401 2112 π.
1421 2048 1454 2111 ὃ
1479 2051 1527 2112 ἐ.
1549 2048 1609 2127 ἢ,
1629 2054 1746 2112 τῶν
1769 2055 2011 2128 νοητῶν.
2043 2048 2225 2126 Quod

549 2151 1069 2240 argumentationi
1098 2167 1427 2238 repugnat.

627 2280 693 2344 p.
723 2258 870 2340 879,
892 2276 958 2340 5.
988 2259 1113 2323 Τὰς
1134 2255 1202 2334 δὴ
1234 2253 1358 2318 καθ’
1385 2255 1607 2319 ἕκαστα
1622 2258 1843 2339 ψυχὰς,
1870 2253 2230 2339 ὀρέξειχρω-

544 2359 749 2444 μένας]
792 2359 896 2422 Ita
928 2357 1070 2423 dedi
1103 2380 1245 2421 cum
1278 2357 1636 2422 melioribus
1662 2357 1834 2422 libris
1863 2357 2087 2421 nostris
2115 2380 2232 2445 pro

544 2462 886 2546 χρωμένοις,
916 2476 979 2525 et
1013 2460 1103 2525 ita
1140 2460 1436 2533 Ficinus;
1483 2484 1673 2548 quem
1717 2460 1971 2547 insuper
2013 2460 2231 2547 legisse

544 2565 710 2629 dicas
735 2564 869 2648 χρή,
902 2563 1018 2628 nisi
1060 2579 1367 2628 constaret
1405 2586 1545 2627 eum
1590 2564 1925 2629 sexcenties
1963 2562 2228 2628 brevilo-

543 2668 860 2755 quentiam
903 2666 1138 2731 Plotini
1179 2666 1482 2753 ejusmodi
1512 2666 1716 2731 verbis
1745 2682 1808 2731 et
1847 2666 2231 2731 additamen-

544 2774 788 2850 mentiS,
819 2769 1005 2857 quale
1035 2769 1134 2834 hic
1161 2785 1254 2834 est
1292 2770 1622 2857 repetitum
1658 2780 1896 2858 oportet
1932 2770 2229 2858 adjuvare

543 2872 755 2940 solere.
846 2875 1161 2938 Caeterum
1192 2872 1359 2937 hunc
1400 2872 1601 2937 locum
1644 2872 1997 2960 similesque
2039 2874 2230 2961 respi-

542 3001 678 3041 cere
708 2976 955 3041 videtur
989 2975 1369 3040 lamblichus
1395 3000 1497 3063 ap.
1535 2977 1853 3041 Stobaeum
1879 2975 2141 3064 Eclogg.
2171 2978 2223 3041 I.

543 3100 648 3163 52.
682 3104 747 3167 p.
773 3052 920 3143 866.
946 3078 1046 3143 ed.
1068 3080 1338 3143 Heeren.
1367 3078 1474 3144 ubi
1492 3095 1897 3167 posteaquam
1930 3080 2229 3144 Numenii

543 3182 621 3246 de
646 3181 854 3246 animo
874 3181 1235 3246 sententiam
1267 3181 1575 3269 exposuit,
1596 3183 1666 3246 οὐ
1694 3182 1884 3263 πάντῃ
1914 3185 1979 3247 δὲ
2008 3185 2223 3262 ὁμολο-

544 3285 841 3367 γουμένως
874 3290 1197 3352 Πλωτῖνος.
1277 3284 1379 3349 Cf.
1418 3284 1783 3350 Plotinum
1770 3310 1972 3374 ipsum
2005 3285 2128 3351 VI.
2165 3309 2223 3367 4.

549 3391 645 3454 16.
704 3412 764 3475 p.
798 3393 942 3472 659.
1020 3388 1442 3475 Porphyrium
1502 3391 1720 3472 ἀφορμ.
1773 3415 1872 3471 πρ.
1919 3394 1993 3454 τὰ
2048 3390 2229 3471 νοητά

544 3494 603 3575 §-
632 3512 738 3577 32.
785 3515 847 3579 p.
876 3510 1017 3576 232.
1066 3514 1197 3578 sqq.
1267 3490 1631 3556 Cudworth.
1682 3495 1848 3579 Syst.
1897 3491 2109 3558 Intell.
2160 3516 2224 3580 p.

549 3598 732 3660 1026.
778 3617 914 3681 sqq.
965 3593 1064 3657 ed.
1121 3594 1330 3658 Mosh.
1382 3607 1442 3658 et
1496 3594 1799 3659 Bruckeri
1847 3594 2018 3659 Hist.
2065 3595 2225 3660 Crit.

543 3697 770 3763 Philus.
797 3697 896 3761 ΙΙ.
919 3720 984 3784 p.
1010 3715 1158 3782 415.
1184 3697 1292 3784 qui
1312 3697 1398 3762 ita
1423 3722 1438 3761 :
1476 3706 1519 3735 ‘⁶
1554 3700 1715 3762 Sunt
1739 3696 1874 3762 haec
1898 3698 2227 3784 oenigmata

542 3799 988 3864 obscurissimae
1033 3798 1465 3887 philosophiae,
1513 3799 1590 3862 de
1637 3799 1932 3863 descensu
1991 3800 2223 3864 anima-

540 3926 702 3981 rum,
746 3926 892 3990 quae
929 3901 1044 3967 nisi
1085 3925 1196 3966 nos
1224 3901 1381 3966 fallit
1424 3902 1785 3979 obscurita5‚
1816 3926 1892 3965 eo
1921 3902 2219 3967 tendunt:

539 4007 794 4084 animaS,
824 4029 969 4093 quae
997 4005 1058 4069 in
1091 4004 1405 4070 intellectu
1434 4004 1647 4069 divino
1666 4005 1863 4082 fuere,
1888 4028 2017 4069 sese
2045 4006 2220 4092 quasi

541 4109 969 4197 proripienteS,
1015 4123 1078 4173 et
1117 4108 1366 4173 seorsim
1406 4108 1668 4173 existere
1701 4107 2220 4195 concupiscenteS‚

542 4212 747 4299 quoad
777 4211 954 4289 illud,
983 4211 1156 4299 quod
1184 4213 1248 4275 in
1278 4211 1575 4275 descensu
1605 4210 1725 4274 illis
1752 4210 2125 4288 adnascitur,
2157 4210 2220 4274 in

541 4331 769 4381 statum
794 4314 1238 4402 singularitatis
1267 4313 1605 4391 devenisse,
1637 4313 1847 4400 sicque
1890 4313 2221 4378 deteriores

539 4418 731 4483 factas
772 4440 940 4482 esse:
989 4416 1303 4481 intellectu
1336 4430 1564 4493 tamen,
1594 4416 1705 4502 qui
1743 4416 1809 4480 in
1854 4415 1928 4479 iis
1969 4416 2216 4495 residet,

538 4522 596 4585 in
656 4520 882 4585 divinis
939 4518 1284 4584 manente.'’
1373 4518 1612 4582 Eadem
1673 4519 1807 4583 hoec
1867 4518 2220 4584 Plotiniana

538 4623 760 4711 placita
788 4636 1008 4687 tractat
1037 4621 1443 4687 'stedemanm
1462 4620 1525 4684 in
1559 4620 1719 4685 libro
1743 4622 1919 4685 θεία
1945 4621 2058 4685 der
2073 4644 2212 4709 spe-

534 4729 727 4792 kalae.
755 4726 973 4790 Pluteos
1000 4772 1018 4802 ‚
1053 4726 1193 4789 111.
1229 4748 1291 4812 p.
1318 4743 1463 4805 422.
1497 4747 1591 4811 sq.

620 4852 684 4916 p.
708 4830 855 4906 880,
893 4847 985 4908 14.
1033 4827 1129 4891 καὶ
1159 4829 1529 4907 ἀναβαίνειν,
1562 4827 1709 4890 ὅταν
1738 4827 1929 4910 ἀρχὴν
1956 4826 2122 4907 λάβῃ
2153 4828 2216 4905 ἐξ

535 4931 914 5012 ἀναμνήσεως
940 4934 1190 4994 θεᾶσθαι
1217 4933 1291 4994 τὰ
1326 4930 1642 4995 ὄντα-οἷς
1670 4927 1743 4993 τὰ
1772 4933 2013 4995 ἐναντία
2037 4927 2076 5009 ἢ
2104 4933 2215 5013 φύ-

534 5061 626 5099 σει
665 5031 703 5113 ἢ
747 5034 895 5115 τύχῃ
932 5033 1212 5116 ὑπῆρξεν]
1284 5032 1385 5095 De
1427 5031 1705 5096 doctrina
1749 5030 2214 5096 reminiscentiae

533 5136 756 5224 saepius
797 5134 930 5221 agit
968 5133 1274 5198 PlotinuS.
1349 5134 1506 5198 Vide
1548 5157 1687 5198 v.c.
1736 5157 1924 5221 supra
1966 5158 2030 5221 p.
2062 5153 2210 5220 391.

533 5244 615 5305 A.
638 5242 712 5303 Β.
745 5238 897 5325 ibiq.
929 5252 1164 5303 annott.
1197 5251 1260 5301 et
1298 5237 1465 5302 alibi.
1555 5240 1700 5302 Hoc
1729 5237 1864 5303 loco
1893 5252 2037 5303 ante
2065 5260 2210 5301 ocu-

529 5343 618 5408 los
661 5339 885 5406 habuit
928 5340 1062 5403 haec
1100 5340 1377 5405 Platonis
1420 5342 1481 5405 in
1528 5341 1802 5405 Phaedro
1826 5360 1900 5428 p.
1931 5360 2074 5425 249.
2107 5341 2211 5404 fin.

536 5466 674 5534 250.
723 5446 801 5508 A.
847 5467 909 5532 p.
942 5465 1046 5526 47.
1080 5443 1283 5508 Bekk.
1322 5449 1489 5509 πᾶσα
1535 5447 1649 5524 μὲν
1694 5446 2002 5526 ἀνθρώπου
2040 5444 2211 5526 ψυχὴ

532 5555 708 5635 φύσει
736 5548 1009 5615 τεθέαται
1037 5546 1112 5611 τὰ
1136 5550 1299 5622 ὄντα,
1330 5545 1368 5627 ἢ
1397 5549 1501 5613 οὐκ
1541 5549 1616 5612 ἂν
1643 5547 1829 5628 ἦλθεν
1859 5551 1942 5616 εἰς
1977 5549 2114 5611 τόδε
2141 5548 2208 5611 τὸ

3888 543 4008 625 263

2316 715 2482 784 ζῶον,
2516 708 3063 789 ἀναμιμνήσκεσθαι
3092 707 3140 773 δ’
3174 712 3240 773 ἐκ
3268 715 3452 774 τῶνδε
3482 712 3682 775 ἐκεῖνα
3709 712 3779 776 οὗ
3806 712 4009 797 ῥᾴδιον

2318 813 2538 893 ἁπάσῃ,
2578 812 2699 877 οὔθ’
2734 814 2852 876 ὅσα
2897 813 3172 897 βραχέως
3202 813 3359 878 εἶδον
3397 816 3534 879 τότε
3571 817 3755 890 τάκεῖ,
3787 818 3914 881 οὔθ’
3947 820 4009 882 αἱ

2321 921 2489 999 δεῦρο
2521 920 2836 989 πεσοῦσαι,
2870 918 3297 1000 ἐδυστύχησαν,
3330 918 3485 981 ὥστε
3514 919 3632 982 ὑπό
3669 944 3846 983 τινων
3876 922 4003 1000 ὁμι-

2320 1025 2467 1083 λιῶν
2497 1020 2593 1083 ἐπὶ
2619 1020 2687 1082 τὸ
2730 1021 2932 1084 ἄδικον
2961 1021 3315 1101 τραπόμενοι
3354 1019 3544 1100 λήθην
3572 1023 3655 1085 ὧν
3682 1023 3819 1087 τότε
3849 1022 4007 1087 εἶδον

2317 1124 2488 1204 ἱερῶν
2518 1122 2702 1206 ἔχειν.
2747 1124 2952 1204 ὀλίγαι
2981 1124 3046 1186 δὲ
3080 1123 3406 1196 λείπονται,
3440 1124 3530 1191 αἷς
3557 1124 3625 1188 τὸ
3654 1128 3755 1204 Τῆς
3781 1125 4006 1207 μνήμης

2320 1229 2526 1293 ἱκανῶς
2571 1226 3131 1308 πάρεστιν-ΗΜ
3179 1224 3454 1288 Platonis
3499 1226 4004 1316 Pythagoraeque

2316 1328 2562 1393 decrete
2589 1327 3044 1414 reprehendens
3074 1327 3449 1391 Eustathius
3477 1330 3910 1396 Antiochenus
3937 1334 4001 1396 in

2320 1435 2492 1519 Ang.
2530 1431 2692 1496 Maii
2729 1430 2986 1495 Collect.
3019 1430 3316 1494 Vaticana
3348 1431 3407 1494 1.
3429 1452 3493 1516 3.
3526 1455 3587 1518 p.
3616 1449 3716 1514 77.
3750 1434 3838 1497 ita
3876 1434 4001 1498 dis·

2318 1551 2502 1621 putat
2525 1561 2540 1599 z
2577 1533 2713 1599 ἀλλ’
2750 1535 2948 1613 ἐπειδὴ
2978 1539 3185 1615 σαφῶς
3212 1537 3421 1598 ἴσασιν
3444 1534 3888 1615 ἁλισκομένους,
3916 1540 4009 1602 ἐν-

2317 1643 2522 1702 τεῦθεν
2568 1638 2807 1704 ἑαυτοὺς
2846 1638 3371 1717 μεταβαλλόμενοι
3414 1637 3743 1702 πλάττουσι
3791 1639 3859 1702 τὸ
3907 1645 4008 1719 τῆς

2316 1740 2498 1821 λήθης
2522 1744 2699 1822 ὕδωρ,
2731 1739 2769 1803 ἅ
2799 1749 2953 1822 φασι
2992 1740 3272 1806 πίνοντας
3317 1739 3598 1807 ἑκάστους
3635 1743 3739 1808 τὰς
3776 1748 3892 1805 τῶν
3921 1747 4001 1808 εί-

2319 1846 2504 1909 κότων
2550 1846 2706 1923 βίων
2762 1843 3072 1925 γεννήσεις
3129 1843 3487 1922 ἀμνημονεῖν
3541 1845 3614 1924 (“
3644 1866 3774 1930 qua
3818 1861 4002 1932 epota

2316 1947 2491 2011 aiunt
2510 1945 2787 2034 singulos
2815 1945 3090 2009 oblivisci
3110 1947 3590 2031 praeteritarum
3608 1945 3874 2011 vitarum
3900 1971 4002 2013 na-

2316 2050 2621 2115 tivitates”
2643 2054 2731 2134 (ἲ)
2778 2053 2886 2113 An
2928 2049 3171 2135 scripsit
3215 2048 3590 2112 Eustathius
3633 2053 3738 2117 τὰς
3773 2057 3889 2115 τῶν
3920 2056 4000 2115 εἶ-

2316 2156 2590 2237 ληχότων
2626 2155 2781 2233 βίων
2821 2152 3109 2234 γενέσεις,
3141 2152 3434 2231 vitarum,
3461 2174 3600 2240 quae
3635 2162 3801 2217 sorte
3827 2155 4002 2218 obve-

2314 2259 2590 2322 nerunt?
2634 2279 2762 2343 quo
2803 2278 2985 2320 sensu
3025 2254 3208 2319 Plato
3243 2258 3451 2339 λαχὼν
3496 2270 3778 2343 usurpat.
3854 2256 3995 2321 Vid.

2318 2358 2632 2423 Ruhnken
2662 2359 2742 2423 ad
2771 2359 2936 2423 Tim.
2974 2360 3054 2423 L.
3084 2358 3183 2422 Pl.
3216 2381 3278 2445 p.
3314 2374 3450 2444 173.
3475 2372 3537 2422 et
3559 2360 3704 2422 Ast.
3731 2358 3809 2422 ad
3844 2358 4001 2425 Plat.

2319 2464 2520 2550 Legg.
2557 2465 2633 2527 V.
2664 2487 2731 2550 p.
2758 2477 2902 2544 272.
2972 2465 3083 2525 An
3125 2461 3286 2526 forte
3332 2464 3577 2544 αἱρετῶν
3619 2463 3792 2541 βίων,
3840 2462 3999 2528 vita·

2315 2589 2479 2640 rum,
2502 2588 2661 2653 quas
2697 2566 2947 2652 singuli
2972 2565 3096 2629 sibi
3124 2565 3447 2652 elegerunt
3465 2567 3496 2627 2
3543 2565 3707 2628 Nam
3754 2564 4003 2652 respicit

2317 2667 2689 2732 Eustathius
2731 2667 2935 2731 locum
2992 2665 3381 2752 Reipublicae
3427 2690 3488 2752 p.
3523 2670 3672 2746 617.
3725 2667 3845 2731 sub
3886 2667 3997 2731 fin.

2313 2777 2539 2852 πρῶτος
2581 2769 2628 2833 δ’
2659 2772 2692 2833 ὁ
2735 2771 2943 2853 λαχὼν
2983 2776 3208 2851 πρῶτος
3245 2770 3523 2850 αἱρείσθω
3565 2771 3723 2849 βίον.
3816 2772 4001 2834 Certe

2317 2873 2638 2961 sequentia
2696 2895 2757 2959 p.
2802 2874 2946 2937 621.
2982 2876 3068 2936 A.
3132 2871 3284 2935 ibid.
3346 2871 3582 2958 tangit:
3646 2874 4005 2954 πορεύεσθαι

2314 2975 2578 3044 ἅπαντας
2609 2979 2691 3043 εἷς
2723 2975 2791 3039 τὸ
2831 2979 2933 3054 τῆς
2969 2973 3167 3055 Λήθης
3199 2974 3706 3056 πεδίον-μέτρον
3741 2977 3854 3055 μὶν
3895 2977 4004 3040 οὖν

2314 3106 2370 3144 τι
2396 3085 2501 3144 τοῦ
2525 3082 2735 3145 ὕδατος
2769 3083 2955 3142 πᾶσιν
2994 3080 3321 3160 ἀναγκαῖον
3352 3077 3505 3141 εἶναι
3533 3078 3908 3143 πιεῖν.·-τὸν
3937 3082 4002 3143 δὲ

2315 3185 2408 3248 ἀεὶ
2455 3185 2668 3247 πιόντα
2716 3181 2954 3245 πάντων
3000 3179 3525 3244 ἐπιλανθάνεσθαι·
3574 3182 3665 3244 ὅτι
3709 3183 3776 3244 δὲ
3820 3187 4003 3246 ταῦτα

2311 3288 2543 3367 μυθώδη
2574 3285 2668 3350 καὶ
2706 3286 2902 3367 πόῤῥω
2940 3285 3309 3368 φιλοσοφίας
3352 3284 3518 3347 ἐστὶν
3559 3283 3748 3352 οὐδεὶς
3789 3291 3908 3350 τῶν
3936 3288 4002 3351 εὖ

2313 3391 2694 3472 φρονούντων
2741 3388 2933 3453 ἔοικεν
2969 3389 3231 3469 ἀγνοεῖν·
3276 3389 3339 3450 τί
3368 3385 3485 3468 γάρ
3529 3395 3746 3467 φαμεν,
3779 3386 3826 3451 ὦ
3870 3395 3999 3453 Πυ·

2314 3494 2563 3574 θαγόραι
2608 3492 2702 3555 καὶ
2750 3490 3091 3562 Πλάτωνες,
3141 3488 3308 3552 αὐτοὶ
3357 3489 3425 3552 τὸ
3471 3488 3797 3567 ληθοποιὸν
3846 3493 3998 3572 ὕδωρ

2312 3596 2620 3659 πεπῶκατε
2641 3595 2935 3673 λαβόντες
2958 3617 2975 3665 ;
3014 3619 3062 3654 κ.
3087 3618 3140 3655 τ.
3162 3588 3563 3654 λ.-Ῑ)εἰῐιάε
3590 3589 3678 3654 ita
3709 3608 3991 3678 perorat:

2314 3696 2449 3762 ἀλλ’
2504 3700 2587 3764 εἰς
2640 3699 2854 3775 ταύτην
2901 3692 3262 3777 βαρβαρῶδη
3309 3697 3771 3774 δεισιδαιμονίαν
3816 3696 3993 3777 ἀτρα-

2310 3799 2520 3867 πέντες
2563 3797 2921 3880 ἐσφάλησαν
2971 3798 3310 3879 Αἰγυπτίοις
3344 3796 3709 3879 χρησάμενοι
3749 3802 3993 3879 καθηγε-

2308 3904 2470 3980 μόσι.
2562 3901 2737 3987 Lege
2781 3899 3228 3981 ἀνατραπέντες.
3324 3899 3447 3963 Sed
3497 3898 3756 3964 fortasse
3806 3901 3988 3966 etiam

2308 4002 2667 4086 βαρβαρῶδη
2695 4001 2961 4067 debetur
2994 4001 3278 4080 librarii3‚
3309 4002 3419 4090 qui
3453 4017 3707 4091 propter
3744 4005 3994 4093 AEgyp-

2309 4106 2426 4171 tios
2452 4106 2539 4171 ita
2565 4119 2899 4183 mutarent,
2929 4128 3073 4169 cum
3104 4106 3478 4171 Eustathius
3506 4106 3841 4194 scripsisset
3868 4115 3983 4188 βα-

2306 4207 2591 4292 ραθρώδη.
2669 4209 2959 4273 Clemens
2992 4208 3175 4272 Alex.
3220 4211 3509 4274 Stromm.
3547 4211 3663 4274 lv.
3694 4233 3759 4297 p.
3778 4213 3993 4296 568-

2305 4313 2445 4378 τάτε
2473 4316 2653 4396 ὀργῆς
2681 4314 2776 4377 καὶ
2804 4317 2988 4392 θυμοῦ
3014 4312 3308 4394 βάραθρα.
3403 4313 3710 4377 Libanius
3738 4314 3818 4379 de
3849 4315 3991 4379 Vita

2305 4440 2418 4481 sua
2465 4440 2530 4504 p.
2561 4438 2625 4496 4.
2665 4413 2917 4479 Reisk.:
2970 4418 3053 4481 είς
3106 4414 3415 4497 βάραθρον
3467 4418 3718 4495 ἀμαθίας
3758 4425 3986 4483 πεσεῖν.

2308 4520 2565 4583 Lucian.
2594 4518 2674 4582 de
2704 4516 3063 4604 Astrologia
3089 4539 3151 4604 p.
3175 4519 3297 4601 367
3329 4518 3687 4597 ε-ἐξέπεσε
3715 4524 3816 4600 τῆς
3842 4523 3986 4600 ἀλη-

2304 4622 2467 4702 θηίης
2494 4623 2591 4686 καὶ
2617 4620 2848 4687 πάντως
2875 4619 3199 4701 ἀπεσφάλη
3220 4624 3326 4683 τοῦ
3352 4622 3540 4703 λόγου
3571 4624 3666 4685 καὶ
3695 4625 3777 4689 εἰς
3803 4623 3989 4687 πέλα-

2303 4750 2410 4805 γος
2453 4723 2776 4807 κατενέχθη
2827 4724 3117 4802 ἀβύσσων
3159 4723 3533 4804 πρηγμάτων.
3602 4723 3778 4789 Philo
3828 4726 3983 4790 Jud.

2303 4825 2383 4890 de
2411 4826 2729 4913 Agricult.
2764 4827 2904 4890 III.
2936 4848 3001 4911 p.
3021 4826 3126 4905 64.
3152 4824 3358 4890 Pfeiff.
3392 4830 3619 4912 θολερῷ
3649 4829 3714 4891 δὲ
3744 4829 3839 4892 καὶ
3866 4835 3981 4908 βα·

2300 4927 2587 5011 ραθρῶδει
2627 4932 2763 5014 βίῳ,
2799 4927 2916 4992 nisi
2951 4928 3040 4992 ibi
3084 4926 3418 5015 legendum
3464 4943 3559 4992 est
3590 4929 3981 5012 βορβορώδει.

2300 5033 2361 5095 Ε
2399 5055 2529 5119 quo
2585 5055 2812 5119 genere
2860 5030 3046 5119 plura
3096 5031 3363 5119 reperias
3410 5031 3471 5094 in
3522 5033 3984 5119 Wyttenbachii

2298 5135 2653 5200 animadvv.
2672 5135 2734 5200 in
2768 5134 3088 5201 Plutarch.
3114 5135 3194 5200 de
3226 5137 3289 5200 S.
3314 5136 3396 5200 N.
3417 5135 3497 5199 V.
3528 5159 3591 5224 p.
3616 5152 3715 5219 72.
3746 5158 3811 5222 p.
3831 5156 3978 5224 392.

2302 5263 2396 5327 sq.
2428 5238 2526 5303 ed.
2552 5240 2758 5304 Oxon.
2836 5241 3163 5304 Hactenus
3183 5238 3425 5304 deloco
3452 5239 3792 5305 Eustathii.
3855 5241 3983 5306 Ad-

2301 5342 2524 5407 damus
2568 5342 2719 5407 alios
2755 5341 2835 5408 ad
2865 5345 3393 5406 reminiscentiam
3420 5344 3811 5407 Platonicam
3841 5366 3982 5431 per·

2301 5444 2585 5510 tinenteS.
2659 5444 2843 5510 Plato
2874 5445 3174 5510 Phaedon.
3206 5470 3271 5533 p.
3300 5462 3400 5528 72.
3424 5469 3493 5510 e:
3540 5448 3787 5527 ὅτιὴμῖν
3810 5450 3847 5528 ἡ
3875 5476 3984 5528 μω

2296 5553 2463 5628 θησις
2517 5550 2621 5613 οὐκ
2680 5550 2834 5613 ἄλλο
2891 5575 2947 5612 τι
3001 5547 3038 5628 ἢ
3097 5549 3417 5629 ἀνάμνησις
3475 5548 3757 5633 τυγχάνει
3807 5553 3979 5617 ουσα.

2796 5693 2834 5728 0
