5118 6613
1383 541 1581 605 LIB.
1619 542 1673 605 Ι.
1719 542 2181 606 ΕΝΝΕΑΙ).
2232 542 2637 607 SEXTAE.
2684 564 2745 629 p.
2785 541 3227 624 1044—1048.

567 715 944 780 descendunt
974 713 1252 778 Romuli.
1345 712 1467 778 Sed
1498 713 1665 801 quis,
1698 712 1809 801 qui
1838 728 2118 778 veterum
2165 712 2259 777 in-

572 833 910 904 terpretum
953 816 1260 881 licentiam
1294 817 1679 903 cognoverit,
1710 839 1833 882 non
1866 816 2096 895 videat,
2128 817 2260 880 Ro-

569 942 818 985 manum
872 918 1226 1006 exemplum
1280 921 1507 985 Graeco
1553 920 1841 1006 exemplo
1888 919 2264 984 substituere

569 1021 833 1088 voluisse
855 1023 1147 1086 Romano
1175 1045 1454 1086 sermone
1479 1038 1750 1087 utentem
1783 1022 2182 1110 interpretem
2204 1025 2258 1105 ?)

567 1130 714 1206 μετὰ
742 1128 808 1189 δὲ
835 1130 1019 1189 ταῦτα
1055 1125 1204 1210 [καὶ]
1242 1125 1310 1188 τὸ
1340 1130 1568 1205 πλῆθος
1611 1131 1729 1190 τῶν
1757 1125 1874 1191 ἀπὸ
1910 1130 2045 1206 μιᾶς
2083 1127 2266 1209 ἀρχῆς

568 1231 695 1294 οἷον
734 1229 885 1314 [τοῦ]
922 1226 1312 1311 Ἡρακλέους,
1356 1227 1389 1292 ὃ
1430 1231 1810 1312 ἀφορίζοντες
1854 1229 1949 1293 καὶ
1992 1227 2108 1293 ἀπὸ
2146 1233 2266 1293 τῶν

565 1334 769 1397 ἄλλων
798 1334 1143 1415 χωρίζοντες
1186 1333 1417 1415 ἔφαμεν
1446 1331 1514 1396 τὸ
1556 1334 1706 1399 ὅλον
1733 1333 2028 1415 ἄθροισμα
2068 1330 2258 1414 Ἡρα-

568 1440 814 1501 κλειδῶν
854 1435 1047 1519 γένος.
1140 1436 1243 1500 Cf.
1290 1438 1594 1499 Ammon.
1627 1433 1908 1523 Dexipp.
1938 1449 2002 1498 et
2031 1432 2256 1499 Boeth.

568 1539 631 1603 in
668 1539 969 1626 Porphyr.
1018 1537 1457 1603 Recentiorum
1490 1537 1899 1626 interpretum
1933 1535 2123 1601 miror
2153 1559 2259 1601 ne-

570 1642 795 1706 minem
839 1640 1174 1707 Plotiniani
1218 1640 1332 1705 loci
1375 1641 1748 1706 mentionem
1792 1639 2043 1713 fecisse;
2096 1639 2263 1705 unde

570 1763 772 1809 tamen
805 1744 1199 1832 Porphyrius
1242 1744 1434 1833 hujus
1477 1743 1744 1832 exempli
1773 1766 1983 1808 ansam
2016 1742 2257 1830 arripu-

566 1848 683 1912 isse
730 1847 925 1913 videri
976 1848 1191 1935 possit.
1282 1851 1393 1912 An
1445 1846 1747 1926 dicamus,
1794 1845 1929 1911 haec
1977 1846 2263 1934 exempla

568 1951 1071 2027 Heraclidarum‚
1102 1950 1589 2038 Cecropidarum
1638 1953 1748 2015 Sto.
1794 1948 1859 2013 in
1911 1949 2027 2014 hac
2072 1951 2257 2014 Cate-

562 2054 877 2142 goriarum
922 2054 1205 2119 doctrina
1244 2053 1325 2118 ad
1365 2076 1725 2119 communes
1770 2053 1934 2117 locos
1976 2051 2257 2140 pertinu-

562 2157 717 2223 isse?
758 2160 947 2223 Certe
974 2156 1320 2222 communis
1349 2156 1449 2221 hic
1481 2157 1652 2221 locus
1680 2156 1802 2223 fuit
1830 2157 1892 2219 in
1918 2156 2257 2221 Oratorum

563 2262 928 2326 Graecorum
956 2260 1435 2347 Rhetorumque
1462 2259 1867 2338 orationibus,
1890 2258 2260 2324 funebribus

562 2364 849 2430 maxime.
912 2362 1055 2429 Vid.
1090 2363 1358 2428 Himerii
1388 2365 1564 2428 Orat.
1603 2364 1700 2428 11.
1738 2367 1798 2448 ξ.
1822 2382 1885 2448 3.
1929 2381 2028 2426 10.
2064 2383 2162 2426 11.
2194 2377 2258 2426 et

562 2467 623 2531 in
665 2490 801 2532 eam
848 2480 1145 2532 annotata
1189 2466 1624 2531 Wernsdorfio
1672 2489 1739 2553 p.
1770 2484 1918 2551 374.
1962 2466 2113 2552 385.
2162 2488 2256 2552 sq.

561 2569 662 2635 Ad
695 2569 1177 2635 Heraclidarum
1206 2593 1304 2633 res
1333 2592 1566 2633 novum
1598 2569 1755 2656 quid
1782 2568 2005 2634 lucrati
2038 2592 2258 2634 sumus

560 2696 635 2738 ex
669 2671 918 2759 Polybii
951 2672 1278 2758 Excerptis
1320 2672 1383 2736 in
1433 2672 1760 2759 Scriptorr.
1795 2674 1962 2738 Vett.
1994 2670 2252 2740 Collect.

562 2775 756 2841 Vatic.
792 2777 975 2840 Nova
1006 2775 1101 2840 ed.
1124 2777 1291 2864 Ang.
1318 2775 1478 2840 Maii
1511 2777 1701 2839 Tom.
1730 2777 1827 2840 11.
1861 2799 1925 2864 p.
1944 2776 2094 2862 386.
2128 2775 2259 2840 Ad-

552 2879 852 2966 jectivum
882 2878 1241 2962 Ἡράκλειος
1281 2877 1679 2943 eximendum
1708 2894 1801 2944 est
1829 2902 1908 2943 ex
1941 2877 2166 2944 Proclo
2193 2878 2257 2943 in

560 2983 841 3048 Platonis
885 2982 1214 3069 Cratylum
1262 2985 1321 3067 ξ.
1357 3003 1461 3067 79.
1506 3007 1568 3072 p.
1600 3003 1705 3064 42.
1742 2983 2025 3048 Boisson.
2117 2984 2254 3048 Ex·

558 3086 736 3175 ponit
763 3085 1184 3175 Philosophus
1226 3085 1307 3151 de
1351 3086 1705 3151 nominibus
1743 3109 1982 3162 eorum,
2011 3085 2121 3174 qui
2150 3109 2254 3150 eo·

561 3212 700 3255 rum
730 3189 1083 3268 numinum,
1115 3213 1154 3254 a
1179 3189 1412 3276 quibus
1454 3188 1749 3278 appellati
1787 3189 1930 3269 sint,
1958 3190 2256 3254 virtutem

561 3294 688 3360 suis
732 3292 917 3359 etiam
964 3292 1313 3358 actionibus
1357 3294 1652 3381 omnique
1698 3293 1830 3359 vita
1874 3293 2147 3382 prodant
2192 3310 2257 3359 et

557 3396 892 3475 celebrent,
921 3396 1087 3461 velut
1115 3395 1182 3474 ii,
1211 3397 1323 3483 qui
1354 3396 1687 3461 Minerviae
1716 3395 1894 3461 seriei
1925 3398 2054 3479 (τῆς
2079 3398 2256 3476 Ἀθη-

559 3505 758 3582 ναῖκῆς
798 3502 1029 3584 σειρᾶς)
1075 3499 1355 3587 adjuncti
1400 3498 1540 3564 sint.
1628 3499 1899 3577 Deinde,
1943 3498 2255 3565 nonnullis

554 3604 889 3692 interjectis
912 3602 1143 3690 pergit:
1175 3602 1305 3667 Τὸν
1332 3607 1480 3685 γοῦν
1507 3601 1838 3685 Ἡρακλέα,
1872 3605 2083 3686 φασὶν,
2108 3603 2256 3668 Ἀλ-

557 3711 751 3787 κείδην
777 3708 1374 3790 προσαγορευόμενον
1404 3705 1522 3770 ἀπὸ
1561 3709 1678 3770 τῶν
1708 3711 1940 3786 θνητῶν
1981 3706 2254 3789 πατέρων

552 3812 591 3892 ἡ
612 3812 811 3876 Πυθία
839 3808 1122 3890 κέκληκεν
1143 3807 1474 3891 Ἡρακλέα,
1501 3812 1597 3873 διὰ
1624 3810 1734 3889 τὴν
1760 3809 1908 3892 πρὸς
1935 3811 2045 3890 τὴν
2062 3808 2252 3891 Ἡρά-

554 3923 754 3979 κλειον
782 3912 949 3993 τάξιν
979 3913 1073 3976 καὶ
1101 3913 1351 3990 θεότητα
1381 3910 1760 3995 συγγένειαν·
1808 3912 1944 3980 θεὸς
1972 3915 2089 3996 γὰρ
2118 3914 2252 3977 ὀνό-

555 4044 737 4099 ματος
774 4016 1061 4102 ἀνθρώπῳ
1095 4016 1435 4095 μεταδιδοὺς
1474 4018 1558 4083 εἰς
1592 4015 1700 4094 τὴν
1728 4017 1879 4095 ὅλην
1907 4015 2087 4079 αὐτοῦ
2123 4041 2247 4080 σει-

553 4124 667 4204 ρᾶν
696 4121 792 4185 καὶ
821 4120 927 4199 τὴν
955 4119 1105 4198 ζωὴν
1132 4117 1208 4198 ἦν
1236 4118 1652 4200 προβέβληται
1692 4116 1942 4198 βλέπων
1970 4118 2076 4197 τὴν
2104 4117 2244 4200 πρέ-

552 4248 786 4290 πουσαν
828 4223 1061 4302 τίθησιν
1105 4222 1460 4301 ἐπωνυμίαν.
1562 4221 1770 4308 Lege:
1820 4224 1916 4284 διὰ
1956 4220 2064 4299 τὴν
2105 4220 2250 4303 πρὸς

553 4328 661 4407 τὴν
687 4324 950 4408 Ἡραίαν
977 4324 1144 4404 τάξιν
1176 4351 1228 4387 κ.
1250 4349 1302 4387 τ.
1321 4331 1382 4387 λ.
1448 4324 1547 4388 Ad
1577 4325 1623 4387 J
1630 4323 1929 4387 unonium
1958 4323 2120 4388 enim
2151 4348 2249 4388 or-

552 4429 761 4495 dinem
807 4452 873 4493 se
909 4442 1342 4514 composuerat
1375 4427 1704 4504 Hercules,
1737 4442 1799 4491 et
1841 4449 1914 4490 ea
1951 4425 2069 4490 dea
2112 4429 2249 4514 ejus

551 4531 957 4599 certaminum
983 4545 1046 4594 et
1065 4528 1281 4618 gloriae
1313 4552 1425 4617 per
1442 4530 1780 4594 certamina
1807 4542 2003 4615 partae
2031 4546 2250 4595 auctor

550 4636 903 4701 exstiterat:
951 4633 1087 4698 vid.
1121 4631 1321 4697 Procl.
1353 4632 1508 4697 ibid.
1557 4634 1614 4716 ξ.
1654 4651 1795 4717 123.
1829 4655 1893 4720 p.
1924 4634 2026 4716 78.
2078 4636 2242 4719 Ety-

551 4738 838 4826 mologioe
895 4736 1160 4801 nominis
1215 4734 1579 4825 obloquitur
1638 4739 1955 4823 Astyages
2013 4737 2242 4801 Gram-

552 4841 833 4918 maticus,
865 4839 1338 4906 assentientibus
1370 4838 1864 4926 Lexicographis
1909 4839 2239 4904 veteribus.

551 4945 694 5012 vid.
747 4943 1030 5032 Etymol.
1080 4942 1255 5008 Gud.
1309 4967 1374 5031 p.
1420 4945 1564 5022 248.
1660 4941 1872 5006 Orion.
1923 4941 2133 5005 Theb.
2181 4941 2242 5005 in

549 5049 831 5137 Etymol.
880 5047 1032 5135 ibiq.
1080 5046 1380 5112 Larcher.
1424 5070 1493 5134 p.
1526 5048 1631 5129 69.
1708 5044 1811 5111 Cf.
1850 5044 2061 5109 Koesii
2109 5047 2244 5110 Ex·

547 5168 760 5240 cerpta
804 5175 840 5215 e
885 5149 1049 5215 Cod.
1080 5151 1244 5238 Reg.
1297 5149 1499 5214 Paris.
1549 5150 1630 5214 ad
1677 5148 1849 5214 Calc.
1883 5148 2132 5214 Orionis
2174 5172 2242 5234 p.

556 5256 697 5321 186.
727 5253 826 5319 ed.
863 5252 1112 5319 Sturzii.
1159 5257 1384 5336 Σειρῶν
1411 5252 1476 5317 in
1505 5252 1808 5317 similibus
1836 5252 1985 5317 locis
2014 5251 2247 5316 mentio

550 5359 1004 5446 frequentatur.
1082 5355 1346 5420 Proclus
1373 5378 1437 5443 p.
1465 5374 1605 5442 159.
1637 5355 1699 5419 in
1732 5354 1936 5421 Alcib.
1967 5377 2101 5442 pr.:
2152 5355 2247 5419 καὶ

549 5462 705 5545 ἔχεις
737 5459 922 5525 πάλιν
952 5462 1206 5524 ἐνταῦθα
1234 5463 1342 5539 τὴν
1371 5463 1579 5542 σειράν
1607 5464 1725 5523 τῶν
1755 5462 2121 5542 ἀγαθοειδῶν
2152 5461 2241 5522 αῖ-

547 5566 688 5629 τίων
716 5561 1173 5647 ἑκφαινομένην.
1261 5560 1339 5627 ‘0
1368 5565 1480 5643 μὲν
1508 5566 1625 5647 γὰρ
1654 5561 1963 5645 Σωκράτης
2006 5565 2089 5630 εἷς
2115 5562 2243 5626 δαί-

3915 559 4041 625 323

2347 741 2504 795 μονα
2533 713 2891 795 ἀποβλέπει,
2917 717 2950 778 ὁ
2976 717 3041 778 δὲ
3069 715 3291 794 δαίμων
3321 716 3405 781 εἷς
3433 712 3575 778 θεὸν
3601 714 3672 778 οὗ
3702 715 3868 779 ἔστιν
3895 717 4040 779 ὀπα-

2351 818 2468 891 δὸς,
2503 817 2598 882 καὶ
2628 816 3034 882 συνάπτεσθαι
3063 816 3213 904 (leg.
3244 817 3632 902 συνάπτεται)
3664 821 3744 905 τῶ
3779 820 3918 904 θείῳ
3947 824 4043 886 διὰ

2349 925 2455 984 τοῦ
2482 922 2785 1001 δαιμονίου
2814 923 2847 984 ὁ
2878 920 3205 1002 Σωκράτης.
3251 920 3583 1008 Eunapius
3612 921 3677 986 in
3707 924 4040 1011 Excerptt.

2351 1025 2630 1088 Historr.
2657 1025 2853 1089 XVI.
2884 1046 2946 1110 p.
2974 1025 3118 1104 264.
3159 1023 3243 1107 (in
3276 1026 3352 1088 A.
3381 1025 3542 1089 Maii
3574 1027 3759 1092 Nova
3783 1026 4043 1094 Collect.

2352 1125 2552 1191 Vatic.
2584 1127 2711 1206 ΙΙ.)
2749 1125 2830 1191 de
2870 1124 3133 1191 «Iuliano
3169 1125 3574 1213 imperatore:
3622 1131 3822 1212 ὥσπερ
3866 1133 3899 1194 ὁ
3946 1134 4041 1195 ἐκ-

2351 1230 2510 1293 είνου
2559 1227 2937 1311 (Πλάτωνος)
2990 1228 3300 1311 Σωκράτης
3342 1231 3513 1312 φησὶ,
3554 1233 3703 1310 μετὰ
3738 1234 3852 1311 μὲν
3900 1234 4045 1301 Διὸς

2345 1332 2531 1412 ἡμεῖς,
2573 1330 2712 1395 ἀλλ’
2742 1332 2813 1396 οὗ
2853 1330 2977 1412 μετ’
3009 1334 3202 1396 ἄλλου
3246 1335 3364 1396 τῶν
3411 1336 3584 1397 θεῶν.
3627 1333 3843 1415 ταύτην
3891 1335 4039 1422 (leg.

2348 1432 2551 1516 ταύτῃ)
2586 1435 2681 1499 καὶ
2709 1435 2882 1504 αὐτὸς
2912 1438 2994 1502 εἰς
3020 1435 3128 1515 τὴν
3154 1435 3407 1516 ἡλιακὴν
3432 1438 3759 1515 βασιλείαν
3785 1439 3878 1502 καὶ
3905 1465 4044 1521 χρυ-

2349 1541 2466 1616 σῆν
2494 1541 2703 1621 σειράν
2732 1538 3050 1620 ἀναφέρων
3081 1540 3177 1602 καὶ
3206 1539 3838 1618 ουναπτόμενος.-Ῑη
3884 1540 4044 1606 hanc

2349 1662 2476 1704 rem
2508 1639 2789 1727 disputat
2815 1641 2998 1706 etiam
3033 1640 3389 1729 Simplicius
3415 1639 3479 1704 in
3512 1642 3876 1730 Categorias
3903 1645 3961 1707 F
3963 1645 4045 1708 ol.

2347 1761 2455 1828 43.
2488 1766 2585 1807 a.:
2635 1747 2951 1810 Πλειόνων
2988 1747 3053 1809 δὲ
3097 1748 3216 1809 τῶν
3256 1747 3403 1827 πρός
3446 1770 3504 1809 τι
3545 1746 3893 1829 λεγομένων
3927 1748 4044 1813 ὑπὸ

2346 1850 2452 1910 τοῦ
2491 1845 2962 1929 Ἀριστοτέλους,
2998 1849 3093 1912 καὶ
3123 1849 3376 1912 ἐνταῦθα
3404 1849 3481 1916 ὣς
3507 1848 3575 1912 τὸ
3603 1855 3803 1929 μεῖζον
3832 1852 3927 1915 καὶ
3956 1856 4044 1916 δι·

2346 1950 2630 2025 πλάσιον,
2665 1952 2761 2017 καὶ
2800 1952 2936 2031 ἕξις,
2968 1952 3064 2015 καὶ
3108 1950 3434 2026 ἀνάκλισις,
3468 1952 3563 2015 καὶ
3600 1955 3676 2016 τά
3711 1956 3914 2026 λοιπὰ,
3949 1955 4045 2018 καὶ

2347 2054 2555 2119 ἄλλων
2584 2057 2649 2119 δὲ
2675 2054 2769 2120 ὑπ’
2804 2055 2984 2119 αὐτοῦ
3009 2052 3486 2136 παραδοθέντων,
3516 2050 3601 2117 ὧν
3627 2056 3917 2137 πρότερον
3946 2057 4046 2135 ἐμμ-

2347 2155 2815 2238 νημονεῦσαμεν,
2847 2161 2965 2221 τῶν
2992 2182 3060 2221 τε
3105 2155 3229 2221 καθ’
3260 2157 3559 2240 ὑπεροχὴν
3597 2156 3693 2220 καὶ
3737 2157 4039 2240 ἔλλειψιν,

2347 2261 2442 2323 καὶ
2482 2264 2604 2324 τῶν
2633 2264 2781 2324 κατὰ
2823 2257 3069 2339 δύναμιν
3098 2260 3193 2324 καὶ
3221 2261 3472 2339 ἀδυμίαν
3504 2257 3651 2345 [leg.
3681 2261 4037 2345 ἀδυναμίαν]

2346 2364 2440 2429 καὶ
2468 2369 2586 2429 τῶν
2614 2367 2822 2429 ἄλλων
2858 2363 3137 2429 τοιούτων
3177 2367 3391 2447 ἀπορεῖ
3429 2367 3462 2428 ὁ
3507 2371 3834 2440 Πλωτῖνος,
3877 2369 3964 2434 τίς
4005 2369 4044 2446 ἡ

2345 2468 2414 2530 ἐν
2440 2471 2591 2531 πᾶσι
2617 2466 2843 2536 τούτοις
2872 2469 3153 2549 κοινότης.
3202 2469 3317 2550 ἀρα
3344 2467 3549 2551 γενική
3575 2494 3679 2544 τις,
3712 2467 3749 2549 ἢ
3781 2469 3902 2534 κατ’
3936 2472 4042 2535 άλ-

2342 2578 2457 2634 λον
2476 2571 2715 2653 τρόπον,
2743 2574 2891 2636 κατὰ
2917 2570 3024 2650 τὴν
3048 2573 3131 2638 εἷς
3160 2571 3229 2635 ἓν
3250 2572 3564 2654 ἀναφορὰν
3590 2572 3667 2639 ὣς
3694 2574 3828 2640 τοὺς
3852 2571 4043 2656 Ἤρα-

2346 2673 2599 2747 κλείδας,
2632 2675 2714 2740 εἷς
2758 2674 2865 2738 ἕνα
2910 2674 3108 2738 κοινὸν
3139 2673 3548 2757 ἀναφέρεσθαι
3588 2675 3695 2740 τὸν
3728 2674 4041 2759 Ἡρακλέα

2344 2775 2567 2857 φαμέν.
2603 2778 2699 2840 καὶ
2718 2780 2833 2859 γὰρ
2864 2779 2918 2842 εἰ
2941 2779 3056 2857 μὲν
3083 2778 3468 2859 ἐφαπτόμενα
3495 2782 3615 2843 τῶν
3640 2778 4042 2859 ὑποκειμένων

2345 2880 2441 2942 καὶ
2486 2879 2748 2962 ἑχόντων
2775 2879 2884 2958 τὴν
2911 2877 3154 2962 σχέσιν,
3186 2881 3268 2943 ὧν
3296 2882 3371 2944 τὰ
3406 2879 3522 2959 μέν
3552 2882 3718 2944 ἐστιν
3747 2883 3816 2945 ἐν
3843 2882 4038 2966 οὐσίᾳ,

2343 2985 2418 3046 τὰ
2447 2984 2512 3045 δὲ
2542 2984 2613 3046 ἐν
2638 2985 2829 3068 ποσῷ,
2862 2984 2937 3046 τὰ
2964 2983 3030 3046 δὲ
3068 2984 3137 3046 ἐν
3161 2987 3284 3049 τοῖς
3326 2983 3558 3056 ἄλλοις,
3590 2984 4034 3064 ουναλλοιωθή-

2345 3109 2516 3148 σεται
2557 3090 2680 3152 τοῖς
2717 3085 2930 3153 ἄλλοις
2967 3089 3042 3149 τά
3078 3088 3225 3167 πρός
3261 3106 3336 3150 τι·
3385 3088 3439 3150 εί
3476 3088 3541 3151 δὲ
3583 3088 3873 3167 μηδεμίαν
3911 3089 4042 3171 ἔχοι

2345 3189 2657 3252 κοινωνίαν
2684 3186 2832 3270 πρὸς
2858 3191 2933 3252 τὰ
2962 3189 3182 3271 ἔχοντα
3209 3188 3316 3268 τὴν
3346 3189 3583 3273 σχέσιν,
3616 3188 3755 3253 ἀλλ’
3787 3191 4043 3274 ἀσχετός

2343 3290 2511 3354 ἐστιν
2537 3291 2576 3371 ἡ
2603 3294 2721 3355 τῶν
2748 3292 2894 3374 πρός
2920 3316 2977 3356 τι
3006 3293 3343 3375 κατηγορία,
3377 3293 3492 3377 οὐχ
3530 3293 3650 3372 ἔξει
3691 3293 3911 3378 σχέσιν
3941 3297 4035 3360 ἑκ-

2342 3399 2491 3468 εῖνα,
2518 3394 2655 3457 οὐδὲ
2685 3395 2855 3458 ἔσται
2874 3397 3019 3476 πρός
3044 3421 3101 3459 τι
3129 3396 3266 3459 οὐδὲ
3285 3396 3510 3460 τούτων
3529 3399 3794 3476 κοινότης
3823 3399 4038 3477 ἐκείνη·

2341 3496 2592 3576 Μήποτε
2622 3499 2729 3561 οὖν
2755 3499 2890 3562 οὐδὲ
2921 3502 3429 3562 συναλλοιοΰσθαι
3467 3497 3566 3564 δεῖ
3601 3505 3724 3567 τοῖς
3759 3499 4035 3582 πράγμα-

2340 3624 2459 3672 σιν,
2506 3601 2643 3664 οὔτε
2685 3599 3066 3664 παντάπασιν
3109 3601 3301 3665 αὐτῶν
3344 3600 3696 3684 ἀπέχεσθαι,
3744 3602 3881 3666 ἀλλ’
3914 3602 4035 3682 ἅμα

2340 3701 2710 3782 ἐξῃρημένων
2738 3706 2856 3766 τῶν
2884 3705 3286 3784 διαφερόντων
3313 3702 3420 3782 τὴν
3446 3703 3594 3785 πρὸς
3631 3705 3874 3786 ἄλληλα
3913 3733 4033 3770 κοι-

2339 3806 2559 3868 νωνίαν
2580 3803 2823 3887 συνέχει
2854 3802 2976 3868 κατ’
2997 3805 3179 3884 αὐτὴν
3201 3805 3308 3885 τὴν
3326 3809 3427 3885 τῆς
3453 3804 3725 3889 σχέσεως
3753 3810 4026 3887 ἰδιότητα.

2339 3906 2434 3970 καὶ
2462 3909 2578 3988 γάρ
2609 3909 2662 3971 εἰ
2688 3912 2810 3974 τοῖς
2840 3907 3210 3990 διαφέρουσι,
3245 3909 3341 3973 καὶ
3370 3910 3922 3993 ἀντιδιαιρουμένοις
3965 3914 4034 3978 ἓν

2338 4007 2410 4073 ὃν
2436 4009 2504 4072 τὸ
2549 4009 2691 4074 αὐτὸ
2733 4015 3044 4093 πανταχοῦ
3084 4011 3359 4094 πάρεστι,
3395 4013 3693 4096 χωριστὸν
3722 4014 3892 4080 ἔσται
3937 4017 4032 4081 καὶ

2338 4119 2600 4194 κρεῖττον
2630 4118 2748 4177 τῶν
2778 4116 3081 4192 ἐναντίων,
3108 4116 3264 4179 ὥστε
3292 4115 3382 4190 οὗ,
3414 4115 3523 4180 κᾶν
3548 4115 3649 4199 ὑφ’
3678 4116 3813 4185 ἑνὸς
3839 4120 4032 4183 αὐτῶν

2338 4216 2662 4300 κατέχοιτο,
2694 4217 2831 4282 οὐδὲ
2860 4219 3221 4298 ἐμποδίζοιτο
3264 4218 3359 4282 καὶ
3387 4222 3467 4305 τῶ
3510 4219 3688 4306 ἑτέρῳ
3730 4227 4023 4303 παρεῖναι.

2337 4323 2390 4383 εἷ
2416 4322 2482 4384 δὲ
2508 4324 2693 4384 ταῦτα
2721 4321 2912 4400 ἀληθῆ
2938 4319 3220 4402 λέγομεν,
3252 4322 3393 4385 ὅσαι
3431 4321 3507 4386 ἂν
3533 4319 3647 4386 ὦσι
3691 4325 3788 4387 καὶ
3830 4326 4030 4389 ὁποῖαι

2335 4423 2614 4504 διαφοραὶ
2640 4427 2759 4487 τῶν
2783 4425 2929 4505 πρός
2956 4447 3033 4502 τι,
3060 4428 3250 4488 πᾶσαι
3278 4423 3393 4488 ὑπὸ
3425 4426 3570 4504 μίαν
3597 4425 3706 4505 τὴν
3731 4428 4029 4511 χωριστὴν

2338 4526 2736 4610 ταχθήσονται
2780 4527 3151 4608 κατηγορίαν,
3188 4531 3462 4607 μηδαμῶς
3504 4529 3730 4607 ἐκείνης
3770 4531 3885 4594 ὑπὸ
3928 4535 4029 4611 τῆς

2335 4633 2621 4712 διαφορᾶς
2666 4632 2784 4693 τῶν
2831 4626 3205 4712 μετεχόντων
3254 4630 3428 4708 αὐτῆς
3485 4631 3867 4712 ἑξισταμένης
3921 4633 4024 4716 ἀφ’

2334 4734 2557 4812 ἑαυτῆς.
2596 4730 2853 4813 Ἕτερον
2881 4734 2947 4795 δὲ
2976 4734 3265 4814 ἀποροῦσι
3295 4760 3347 4795 κ.
3368 4757 3422 4795 τ.
3441 4739 3502 4796 λ.

2417 4858 2484 4922 p.
2513 4835 2697 4915 1048,
2726 4854 2749 4897 1
2766 4881 2781 4898 .
2809 4833 3094 4916 Ἀριθμὸν
3122 4834 3193 4913 δὴ
3220 4840 3453 4916 πρῶτον
3480 4835 3678 4900 ποσὸν
3703 4836 4023 4927 λέγουσιν]

2333 4940 2436 5003 De
2463 4937 2740 5004 numeris
2766 4949 2859 5002 est
2888 4935 3216 5024 peculiaris
3243 4936 3400 5001 liber
3427 4935 3778 5025 philosophi
3812 4941 4026 5019 nostri,

2334 5057 2547 5106 sextus
2576 5040 2767 5128 hujus
2797 5039 3137 5119 EnneadiS,
3163 5040 3271 5105 ubi
3301 5039 3429 5105 vid.
3452 5053 3755 5105 annotatt.
3787 5041 3849 5105 in
3881 5043 4030 5108 titu-

2334 5143 2465 5209 lum
2496 5160 2559 5209 et
2588 5144 2725 5232 ipsa
2750 5142 2979 5231 capita.
3059 5145 3204 5208 Hoc
3233 5143 3369 5209 looo
3394 5143 3634 5208 excutit
3661 5154 3725 5208 et
3755 5144 4027 5211 refutare

2331 5246 2543 5313 studet
2590 5246 2870 5312 Plotinus
2913 5246 3277 5312 Aristotelis
3320 5246 3792 5335 categoriarum
3836 5265 4027 5335 caput

2331 5367 2651 5439 quartum,
2682 5350 2857 5438 quod
2899 5350 3256 5415 inscribitur
3283 5352 3418 5434 περὶ
3451 5356 3665 5431 ποσοῦ,
3696 5366 3759 5415 et
3800 5351 3887 5417 ita
3931 5353 4025 5419 in-

2330 5454 2482 5542 cipit
2508 5458 2605 5543 (p.
2633 5474 2741 5541 30.
2775 5477 2865 5542 sq.
2905 5453 3153 5541 Sylb.):
3201 5459 3308 5519 τοῦ
3335 5456 3401 5518 δὲ
3436 5459 3631 5519 ποσοῦ
3658 5453 3727 5518 τὸ
3755 5455 3869 5535 μέν
3898 5459 4029 5523 ἐστι

2330 5557 2719 5641 διωρισμένον
2761 5556 2829 5621 τὸ
2874 5560 2939 5621 δὲ
2983 5556 3255 5642 συνεχές·
3319 5557 3415 5621 καὶ
3458 5556 3527 5621 τὸ
3574 5559 3690 5639 μὲν
3739 5560 3807 5623 ἐκ
3857 5560 4028 5625 θέσιν

2488 5667 2539 5717 Τ
2577 5656 2610 5717 t
2646 5653 2691 5717 2
