5118 6613
1345 579 1545 644 LIB.
1592 578 1727 643 1x.
1773 578 2227 644 ENNEAD.
2278 578 2810 645 SECUNDAE.
2856 602 2921 667 p.
2951 583 3318 668 365-369·

581 766 754 819 tatur
800 752 1104 840 Origenes
1162 754 1514 817 Comment.
1565 751 1629 815 in
1691 750 1898 839 Epist.
1949 751 2032 817 ad
2081 752 2274 816 Rom.

3937 601 4058 670 125

2360 751 2567 817 Persis
2611 774 2677 839 p.
2710 769 3070 840 251—272.
3116 753 3197 820 de
3236 754 3565 843 AEgyptiis
3607 778 3670 843 p.
3702 756 4057 839 188—224.

581 859 743 923 VII.
769 879 830 943 9.
882 857 1055 939 (Vol.
1108 858 1223 922 IV.
1274 878 1339 945 p.
1362 875 1512 945 549.
1562 856 1795 942 Ruaei.)
1884 856 2022 922 Nec
2067 855 2274 921 minus
2356 853 2438 919 de
2463 854 2713 942 populis
2742 856 3324 944 septentrionalibus
3352 881 3414 944 p.
3438 877 3587 944 300.
3620 858 3795 947 sqq.]

582 960 1048 1049 Carpocratiani
1077 975 1138 1026 et
1169 959 1508 1025 Manichaei
1542 959 2015 1044 (Theodoretus
2045 962 2268 1024 Haere-

577 1064 680 1129 tic.
712 1062 931 1128 fabull.
966 1062 1315 1151 Compend.
1349 1064 1406 1128 1.
1435 1066 1537 1129 26.
1586 1062 1722 1128 Vol.
1753 1064 1871 1127 IV.
1901 1086 1963 1151 p.
1994 1083 2141 1148 320.
2175 1088 2267 1151 sq.

581 1165 889 1233 Schulzii:
937 1173 1155 1251 ψυχῶν
1193 1168 1258 1231 δὲ
1289 1167 1849 1247 μετενσωματῶσεις
1885 1165 2138 1248 λέγουσι
2178 1168 2271 1249 γί-

578 1274 788 1334 νεσθαι
818 1296 869 1333 κ.
897 1294 948 1332 τ.
966 1272 1062 1353 λ.)
1151 1268 1254 1331 De
1302 1266 1561 1332 Platone
1603 1279 1814 1332 autem
1854 1266 1943 1332 ita
1972 1268 2276 1355 Origenes

576 1371 639 1436 in
673 1369 1147 1457 Philosophum.
1176 1370 1316 1436 Vol.
1350 1371 1408 1434 I.
1432 1393 1500 1457 p.
1525 1370 1672 1455 897.
1719 1370 1941 1434 Ruaei:
1990 1373 2146 1438 τινὲς
2164 1373 2276 1452 μὲν

577 1477 685 1540 οὖν
728 1483 921 1557 φασιν
969 1475 1065 1538 καὶ
1106 1472 1640 1553 μετενσωμάτωσιν
1683 1472 1863 1537 αὐτὸν
1915 1473 2050 1555 (τὸν
2095 1472 2273 1537 Πλά-

576 1581 763 1662 τωνα)
796 1578 1119 1659 ὁμολογεῖν
1148 1602 1200 1639 κ.
1223 1601 1276 1639 τ.
1298 1582 1360 1639 λ.
1410 1574 1521 1638 ubi
1553 1575 1609 1638 I.
1648 1574 1802 1638 Chr.
1844 1575 2098 1661 Woffius
2136 1574 2270 1639 lau-

575 1678 724 1744 dato
757 1678 1010 1744 Laertio
1043 1679 1182 1743 111.
1208 1680 1311 1762 67.
1359 1677 1448 1741 ita
1489 1676 1732 1765 pergit:
1783 1685 1828 1716 ‘⁶
1860 1679 2064 1756 Quam
2108 1693 2274 1743 recte

575 1781 768 1869 igitur
813 1780 1063 1846 Platoni
1107 1781 1243 1846 haec
1273 1780 1574 1846 sententia
1605 1779 1925 1859 tribuitur,
1958 1795 2085 1846 tam
2116 1781 2274 1846 falso

575 1884 737 1950 idem
769 1884 938 1949 illius
965 1895 1183 1949 auctor
1220 1883 1517 1948 statuitur
1544 1884 1624 1947 ab
1657 1884 1901 1948 Irenaeo
1943 1882 2050 1948 lib.
2086 1884 2186 1950 11.
2217 1908 2268 1948 c.

573 2004 682 2074 59.
712 1988 793 2053 de
826 1988 1072 2054 Haeres.
1116 2010 1262 2052 nam
1313 2001 1458 2052 ante
1507 2009 1652 2052 enm
1685 1985 2010 2074 AEgyptiis
2053 2000 2115 2050 et
2147 1987 2273 2075 Py-

576 2091 856 2179 thagorae
901 2091 1065 2155 idem
1115 2112 1477 2179 persuasum
1529 2088 1674 2153 fuit.
1766 2089 1906 2154 Vid.
1961 2090 2266 2177 Interprr.

574 2194 652 2260 ad
704 2196 917 2260 Laert.
974 2194 1172 2258 VIII.
1205 2194 1342 2274 143⁹
1428 2193 1722 2257 Debebat
1775 2192 2006 2257 addere
2063 2194 2271 2258 Indis.

578 2299 686 2361 Tu
722 2296 864 2362 vide
892 2319 1060 2361 nunc
1090 2300 1176 2360 A.
1214 2295 1390 2361 Guil.
1423 2297 1764 2385 Schlegelii
1795 2297 2092 2361 Indiae-he
2119 2297 2273 2361 Bib-

574 2401 819 2465 liotkek.
868 2400 967 2465 11.
994 2420 1059 2486 3.
1106 2424 1169 2488 p.
1200 2402 1352 2486 360.
1404 2398 1515 2486 qui
1574 2398 1881 2463 Indorum
1927 2399 2269 2463 doctrinam

574 2504 1177 2583 μετενσωματῶσεως,
1209 2526 1354 2590 quae
1392 2502 1647 2589 quidem
1693 2502 1759 2565 in
1800 2502 2072 2566 carmine
2100 2503 2275 2566 Blia-

569 2607 979 2696 gavad-Gita
1001 2606 1292 2684 traditur,
1316 2606 1732 2694 Pythagoreae
1762 2603 2130 2668 simillimam
2164 2627 2273 2668 ex-

573 2709 830 2775 istimat.
920 2710 1086 2797 Ejus
1125 2709 1412 2774 carminis
1452 2708 1618 2773 locos
1660 2707 2028 2795 insigniores
2056 2730 2272 2771 verna-

575 2811 713 2878 cule
736 2812 923 2878 vertit
950 2828 1013 2877 et
1041 2812 1223 2877 docte
1252 2811 1620 2900 dijudicavit
1644 2812 1814 2876 Guil.
1835 2809 2273 2874 abHumboldt

574 2916 639 2981 in
702 2920 1154 2983 Commentatt.
1216 2914 1602 2981 Germanicis
1676 2911 1998 2978 Societatis
2052 2910 2275 2999 Regiae

577 3020 922 3085 Borussicae
982 3017 1252 3085 Berolin.
1308 3018 1562 3084 Scientt.
1616 3039 1762 3081 ann.
1826 3015 2009 3081 1826.
2077 3014 2272 3079 Class.

576 3123 802 3189 Philol.
836 3148 896 3212 p.
919 3144 1026 3211 39.
1061 3147 1197 3210 sqq.
1292 3123 1456 3186 Haec
1483 3144 1602 3208 ego
1631 3135 1904 3184 extrema
1946 3131 2276 3205 propterea

574 3226 977 3292 memoranda
1003 3226 1238 3304 censui,
1270 3225 1442 3313 quod
1471 3223 1709 3288 faciunt
1750 3221 1830 3285 ad
1866 3218 2273 3309 judicandam

571 3332 1003 3419 quaestionem,
1065 3346 1277 3395 utrum
1336 3344 1538 3402 recte;
1596 3325 1884 3391 Plotinus
1943 3324 2276 3389 Gnosticos

574 3434 731 3501 hanc
773 3433 1120 3499 doctrinam
1169 3455 1210 3498 a
1252 3432 1516 3497 Platone
1560 3442 1877 3493 mutuatos
1917 3427 2104 3506 dicat,
2136 3450 2276 3492 nec-

574 3560 667 3603 ne.
758 3540 902 3617 Qua
944 3536 1007 3601 in
1052 3559 1140 3615 re,
1172 3550 1245 3600 ut
1279 3533 1551 3600 breviter
1592 3531 1792 3595 dicam
1838 3530 2009 3619 quod
2056 3530 2273 3608 sentio,

570 3664 791 3706 rursus
835 3639 989 3704 mihi
1017 3639 1268 3703 videtur
1310 3633 1822 3723 distinguendum
1868 3633 2032 3698 inter
2078 3633 2276 3698 varias

573 3743 1017 3809 Gnosticorum
1042 3741 1344 3807 ‘familias
1436 3738 1691 3804 Etenim
1737 3738 1846 3825 qui
1877 3735 2274 3802 Alexandriae

571 3848 862 3935 agebant,
903 3845 999 3910 vel
1044 3869 1121 3911 ex
1169 3842 1602 3909 Alexandrina
1643 3838 1969 3928 disciplina
2000 3839 2271 3927 profecti

571 3967 748 4016 erant
787 3949 1093 4027 Gnostici,
1122 3972 1228 4013 eos
1267 3945 1633 4012 crediderim
1681 3941 2018 4008 Platonicae
2059 3968 2266 4022 μετεν-

572 4056 979 4136 σωματῶσεως
1021 4051 1300 4117 notitiam
1346 4048 1679 4114 habuisse:
1727 4044 1830 4110 alii
1874 4059 2111 4123 contra,
2157 4045 2269 4132 qui

572 4183 683 4247 per
714 4158 957 4247 Syriam
989 4157 1264 4244 aliasque
1292 4153 1546 4220 orientis
1566 4168 1760 4217 terras
1777 4151 2037 4239 dispersi
2067 4165 2265 4229 erant,

570 4264 830 4328 eandem
888 4260 1232 4326 doctrinam
1277 4258 1462 4323 etiam
1520 4255 1773 4321 aliunde
1814 4252 2090 4318 hausisse
2131 4267 2270 4340 pot-

569 4382 744 4431 erant
772 4388 852 4430 ex
880 4362 1271 4429 orientalium
1305 4360 1625 4425 hominum
1655 4358 1829 4423 libris
1857 4356 2269 4421 sermonibus-

570 4491 716 4555 que.
806 4466 1049 4554 Nequit
1074 4465 1237 4530 enim
1263 4463 1551 4529 universe
1579 4461 1815 4550 negari,
1843 4458 2042 4525 multa
2071 4459 2268 4524 inesse

568 4569 630 4634 in
693 4569 1138 4635 Gnosticorum
1182 4567 1466 4646 decretis,
1510 4590 1656 4653 quae
1717 4564 2023 4629 Persicam
2082 4563 2264 4627 Indi·

569 4694 835 4760 camque
886 4688 949 4736 et
1008 4670 1408 4736 Chaldaicam
1466 4684 1584 4735 etc.
1643 4667 1941 4756 originem
2004 4667 2266 4755 sapiant.

569 4777 799 4863 Neque
839 4797 964 4839 non
995 4774 1332 4839 tenendum
1362 4789 1478 4852 est,
1511 4772 1834 4837 Plotinum
1874 4771 2269 4858 reliquosque

571 4878 931 4944 Platonicos
978 4878 1228 4943 Platoni
1269 4901 1384 4943 suo
1428 4875 1797 4964 saepiuscule
1846 4875 2105 4939 nimium
2159 4899 2267 4962 pa-

568 4982 882 5061 trocinari,
914 4981 1254 5070 praesertim
1282 4981 1346 5045 in
1377 4981 1494 5045 hac
1520 4995 1732 5057 causa,
1763 4992 1984 5065 utpote
2024 4977 2265 5057 merito,

567 5087 833 5151 offensos
918 5083 1273 5171 arrogantia
1355 5081 1698 5147 multorum
1789 5080 2256 5156 Gnosticorum,

569 5190 797 5254 Graeca
841 5188 1051 5252 omnia
1099 5186 1414 5252 fastidiose
1469 5183 1996 5272 adspernantium.
2107 5182 2267 5248 Vide

569 5293 753 5357 modo
797 5290 1121 5378 sequentia
1164 5314 1227 5378 p.
1251 5308 1397 5372 204.
1449 5290 1638 5354 D.E.
1720 5284 1865 5373 [Ad
1915 5309 2044 5350 rem
2089 5285 2262 5364 facit,

572 5416 754 5480 quem
799 5415 993 5481 supra
1033 5390 1306 5471 laudavi,
1354 5390 1650 5456 Irhovius
1699 5388 1779 5454 de
1831 5387 2264 5476 Palingenesia

574 5511 721 5562 vett.
752 5496 868 5584 qui
910 5495 990 5560 de
1039 5495 1216 5561 Indis
1244 5518 1308 5585 p.
1339 5511 1699 5580 273—299.
1733 5490 1813 5556 de
1854 5490 2170 5556 Chaldaeis
2198 5507 2262 5555 et

2443 983 2507 1048 p.
2533 959 2763 1046 368,4.
2811 962 2878 1024 ἓν
2914 965 2995 1047 τῷ
3034 960 3067 1024 ὃ
3108 962 3238 1026 ἔστι
3279 968 3427 1038 ζῶον
3479 963 3727 1047 καθορᾷ]
3782 960 4062 1028 Platonis

2358 1058 2530 1127 locus
2573 1063 2635 1126 in
2684 1062 2931 1128 Timaeo
2974 1086 3037 1151 p.
3059 1084 3166 1150 39.
3201 1065 3309 1128 fin.
3355 1065 3444 1129 ita
3485 1064 3711 1129 habet:
3759 1062 3909 1146 ᾗπερ
3953 1066 4061 1129 οὖν

2360 1172 2496 1235 νοῦς
2525 1168 2778 1235 ἐνούσας
2808 1167 2966 1236 ἰδέας
2993 1172 3074 1254 τῷ
3107 1168 3140 1232 ὃ
3175 1168 3306 1232 ἔστι
3333 1174 3501 1244 ζῶον,
3533 1168 3661 1233 οἶαί
3675 1193 3744 1231 τε
3774 1168 3870 1231 καὶ
3897 1169 4058 1243 ὅσαι,

2361 1275 2604 1354 καθορᾷ,
2647 1269 2783 1335 haec
2839 1269 3033 1358 igitur
3074 1271 3257 1335 lectio
3301 1271 3705 1335 confirmatur
3758 1292 4061 1335 consensu

2358 1372 2641 1437 codicum
2690 1372 2953 1458 Plotini)
2998 1376 3291 1442 τοσαύτας
3335 1374 3431 1437 καὶ
3470 1375 3742 1441 τοιαύτας
3791 1373 4061 1453 διενοήθη

2361 1480 2486 1540 δεῖν
2530 1477 2627 1540 καὶ
2670 1478 2807 1541 τόδε
2852 1483 3047 1561 σχεῖν.
3099 1476 3200 1541 Cf.
3237 1475 3467 1540 Plotin.
3510 1475 3657 1540 infr.
3699 1499 3760 1564 p.
3786 1478 3935 1562 356.
3968 1479 4059 1540 A.

2363 1578 2472 1643 ubi
2510 1578 2779 1643 eundem
2828 1577 3109 1643 Platonis
3152 1578 3354 1644 locum
3403 1579 3672 1667 attingit.
3737 1580 3842 1645 Cf.
3872 1579 4057 1644 etiam

2360 1705 2551 1770 supra
2581 1706 2643 1771 p.
2674 1702 2818 1747 200.
2856 1684 2934 1747 E.

2443 1805 2639 1852 -12,
2668 1788 2896 1851 ἐκείνου
2933 1785 3316 1871 [Πλάτωνος]
3351 1788 3417 1850 δὲ
3453 1787 3551 1851 καὶ
3580 1791 3699 1850 τῶν
3720 1787 3926 1850 ἄλλων
3943 1791 4061 1848 τῶν

2356 1891 2660 1972 μακαρίων
2689 1890 2950 1972 ἀνδρῶν]
2996 1890 3102 1953 De.
3129 1912 3280 1953 voce
3315 1889 3599 1971 μακάριος
3627 1886 3840 1952 monui
3870 1909 4064 1975 supra

2356 1993 2438 2057 ad
2470 2016 2534 2081 p.
2558 2008 2592 2076 7
2598 2014 2659 2079 3.
2696 1995 2773 2058 C.
2806 1993 2923 2057 hoc
2949 1991 3290 2080 locojuvat
3318 1991 3573 2057 laudare
3602 1989 3946 2056 Ruhnken.
3978 1989 4060 2053 ad

2361 2095 2591 2160 Timaei
2622 2097 2784 2161 Lex.
2813 2119 2880 2184 p.
2903 2117 3010 2182 59.
3059 2110 3123 2160 et
3166 2094 3530 2160 Boissonad.
3563 2094 3645 2158 ad
3685 2094 3888 2158 Nicet.
3923 2095 4063 2157 Eu-

2357 2222 2498 2286 gen.
2559 2198 2668 2264 lib.
2733 2200 2792 2263 1.
2852 2222 2918 2286 p.
2957 2201 3226 2281 14—16.
3294 2197 3468 2263 unde
3534 2197 3660 2262 hoc
3685 2212 4048 2262 teneamus:

2359 2312 2403 2344 “
2433 2301 2751 2390 Equidem
2784 2301 3004 2390 opinor
3033 2302 3102 2366 τὸ
3129 2302 3450 2384 μακαρίτης
3492 2299 3745 2388 proprie
3774 2299 3855 2364 de
3896 2321 4062 2363 mor-

2357 2406 2482 2472 tuis
2510 2405 2655 2483 dici,
2686 2405 2772 2469 ita
2802 2420 2877 2470 ut
2904 2427 3356 2492 nonnunquam
3375 2418 3438 2468 et
3466 2402 3536 2467 τὸ
3563 2402 3848 2485 μακάριος
3877 2424 4060 2466 usur-

2359 2508 2494 2596 pari
2542 2508 2872 2595 potuerit.''
2960 2510 3108 2572 Hoc
3154 2522 3364 2572 autem
3408 2506 3549 2572 loco
3593 2521 3739 2570 sunt
3787 2506 4061 2589 μακάριοι

2356 2611 2568 2690 iidem,
2593 2634 2753 2697 quos
2783 2609 2995 2698 paullo
3023 2625 3166 2698 post
3195 2610 3329 2678 τοὺς
3356 2612 3549 2677 θείους
3586 2610 3802 2691 ἄνδρας
3838 2606 4056 2696 appel·

2357 2715 2463 2780 lat.
2556 2716 2758 2793 Quem
2803 2713 2966 2778 idem
2999 2714 3096 2777 vir
3135 2714 3357 2778 doctus
3400 2713 3482 2776 ad
3523 2711 3884 2777 Philostrati
3919 2712 4054 2775 He-

2357 2818 2525 2894 roica
2572 2841 2635 2906 p.
2673 2819 2822 2901 326.
2871 2840 2963 2904 sq.
3025 2816 3231 2882 locum
3284 2828 3509 2880 tractat
3567 2814 3927 2879 Philostrati
3979 2814 4060 2879 de

2360 2919 2506 2985 Vita
2557 2918 2878 3007 Apollonii
2927 2920 3025 2984 11.
3062 2921 3164 2984 26.
3213 2941 3279 3006 p.
3305 2918 3413 3000 78.
3456 2916 3688 2981 Olearii
3731 2931 4062 3004 propterea

2359 3043 2695 3110 apponam,
2722 3021 2895 3109 quod
2925 3022 3154 3087 codicis
3182 3045 3304 3110 ope
3332 3020 3639 3086 maculam
3669 3020 3815 3085 inde
3853 3020 4061 3086 eluere

2357 3148 2653 3214 possum:
2704 3125 2976 3208 Μακάριε
3009 3129 3115 3189 τοῦ
3152 3130 3470 3207 θησαυροῦ,
3507 3125 3693 3199 εἶπεν,
3741 3127 3793 3189 εἶ
3833 3129 4063 3208 χρυσοῦ

2362 3230 2457 3294 καὶ
2504 3230 2760 3313 ἀργύρου
2821 3228 2935 3313 (sic
2991 3228 3174 3293 etiam
3240 3227 3397 3294 Cod.
3456 3226 3826 3292 Schellersh.
3878 3226 4061 3315 cujus

2362 3333 2654 3399 lectiones
2702 3332 2906 3396 habeo
2955 3347 3235 3396 enotatas
3292 3332 3356 3396 in
3403 3354 3544 3395 meo
3599 3330 3903 3417 margine,
3950 3329 4059 3394 sed

2360 3440 2591 3520 χρυσοῦ
2616 3460 2684 3500 τε
2713 3436 2810 3499 καὶ
2837 3437 2971 3517 ἆργ.
3007 3450 3171 3499 recte
3201 3435 3359 3500 Cod.
3394 3437 3483 3498 A.
3514 3457 3618 3522 ap.
3660 3432 4056 3517 Boissonad.)

2361 3540 2612 3620 ἆντερύῃ
2657 3538 2945 3620 (ἆνταρύῃ
2991 3536 3150 3602 Cod.
3193 3540 3283 3600 A.
3328 3552 3391 3600 et
3436 3534 3803 3601 Schellersh.
3851 3534 4058 3600 minus

2358 3655 2546 3706 recte.
2636 3639 2956 3727 Tangitur
2996 3640 3158 3703 enim
3220 3638 3612 3726 Theognidis
3653 3659 3867 3702 versus
3912 3652 4052 3721 77.:

2359 3745 2568 3811 πιστὸς
2606 3744 2754 3823 ἀνὴρ
2798 3748 3025 3826 χρυσοῦ
3065 3768 3131 3807 τε
3179 3742 3275 3806 καὶ
3318 3744 3574 3825 ἀργύρου
3617 3741 4056 3822 ἆντερύσασθαι

2346 3845 2553 3927 'Afros
2588 3892 2603 3909 .
2639 3895 2655 3910 .
2683 3850 2731 3931 .)
2784 3846 2919 3912 τοὺς
2985 3846 3216 3927 φίλους,
3280 3847 3342 3923 ἐξ
3407 3841 3491 3907 ὧν
3553 3842 3888 3925 ἇναφύεταί
3953 3867 4055 3905 σοι

2354 3948 2561 4014 πολλά
2588 3975 2654 4014 τε
2689 3949 2783 4013 καὶ
2813 3947 3027 4030 ἀγαθά.
3063 3948 3157 4010 καὶ
3191 3948 3303 4027 μὲν
3337 3947 3434 4011 καὶ
3470 3945 3596 4027 (καὶ
3627 3945 3744 4026 μὴν
3774 3946 3870 4009 καὶ
3909 3944 4049 4009 cod.

2358 4050 2585 4117 Schell.
2618 4065 2813 4116 recte:
2867 4051 3039 4124 Quin
3067 4051 3287 4133 etiam)
3320 4054 3444 4118 τοῖς
3472 4052 3726 4134 ἐχθροῖς,
3761 4048 3898 4130 ἔφη,
3933 4073 4054 4111 κοι-

2355 4162 2522 4221 νωνῶ
2550 4158 2656 4219 τοῦ
2679 4154 2965 4218 πλούτου.
3056 4152 3364 4217 Geminus
3396 4166 3607 4216 autem
3649 4148 3823 4216 locus
3861 4150 4054 4214 nostri

2352 4273 2445 4323 est
2473 4257 2638 4321 infra
2663 4280 2729 4344 p.
2754 4274 2839 4342 32
2841 4271 2903 4341 5.
2937 4257 3267 4323 0.-τινᾶς
3293 4262 3413 4319 τῶν
3441 4256 3708 4338 ἀρχαίων
3738 4254 3834 4317 καὶ
3861 4279 4046 4333 μακα·

2352 4363 2496 4444 ρίων
2523 4361 2905 4443 φιλοσόφων,
2938 4358 3045 4423 ubi
3092 4357 3508 4444 Philosophos
3550 4356 3697 4422 inde
3738 4380 3778 4421 a
3820 4356 4055 4421 Phere-

2350 4463 2512 4552 cyde
2538 4478 2730 4551 atque
2760 4461 3125 4550 Pythagora
3151 4460 3404 4548 cogitat.

2439 4590 2502 4655 p.
2524 4569 2678 4652 369,
2708 4580 2805 4650 15.
2850 4565 2959 4644 τὴν
2989 4565 3347 4629 ἐπιθέουσαν
3390 4566 3473 4631 εἰς
3510 4564 3853 4646 ἀνθρώπους
3894 4562 4051 4627 ἀπά-

2352 4671 2486 4755 την]
2536 4670 2709 4733 Nota
2755 4666 2882 4730 vim
2927 4667 3100 4731 verbi
3155 4666 3220 4731 h.
3244 4666 3287 4731 l.
3347 4666 3593 4732 sinistro
3645 4688 3828 4731 sensu
3875 4690 4055 4732 usur-

2352 4772 2505 4860 pati.
2599 4772 2700 4836 De
2742 4770 2880 4857 ejus
2915 4756 3042 4834 ¹usu
3072 4770 3194 4834 alio
3221 4793 3411 4859 supra
3441 4771 3522 4835 ad
3550 4794 3616 4859 p.
3639 4785 3744 4855 54.
3780 4773 3869 4833 A.
3897 4769 4055 4834 vidi-

2352 4896 2515 4938 mus.
2605 4872 2789 4938 Adde
2816 4872 3020 4939 locum
3044 4872 3209 4937 infra
3238 4897 3301 4962 p.
3327 4876 3472 4955 614.
3509 4875 3587 4939 B.
3617 4887 3681 4939 et
3707 4896 3922 4938 omnes
3959 4897 4053 4938 re-

2351 4975 2559 5064 liquos
2594 4999 2754 5062 quos
2791 4975 3154 5065 collegimus
3181 4977 3245 5040 in
3278 4975 3573 5064 singulari
3606 4976 3782 5043 Edit.
3818 4977 4051 5042 Plotini

2353 5078 2435 5144 de
2479 5077 2835 5143 Pulcritud.
2879 5102 2948 5167 p.
2976 5098 3120 5165 230.
3168 5079 3367 5167 adjice
3413 5079 3835 5168 Stephaniano
3879 5079 4053 5143 The-

2355 5206 2541 5247 sauro
2601 5182 2985 5248 Londinensi
3043 5205 3107 5270 p.
3141 5198 3330 5266 4257.
3387 5182 3499 5248 ubi
3552 5182 3619 5247 in
3674 5182 3792 5246 hac
3848 5180 4051 5245 forma

2348 5286 2525 5350 verbi
2552 5286 2815 5350 nimium
2847 5286 3330 5374 deproperatum
3360 5288 3883 5351 est.—Caeterum
3915 5306 4049 5370 quo

2348 5388 2752 5475 sequentibus
2782 5388 3126 5472 εἰσάγοντες
3166 5403 3230 5452 et
3273 5387 3527 5475 reliquis
3563 5384 3908 5473 participiis
3935 5409 4051 5452 sua

2346 5491 2506 5556 ratio
2553 5506 2818 5571 constet,
2866 5490 3267 5579 cogitandum
3313 5504 3407 5555 est
3458 5490 3597 5554 εἰσί.
3688 5489 4049 5575 Argumen-
