5118 6613
1093 576 1171 657 78

1086 746 1304 835 put0.”
1348 742 1583 808 Maluit
1610 742 1804 830 igitur
1833 742 1894 806 h.
1914 742 1953 806 l.
1986 747 2275 825 παροῦσα.
2357 741 2502 819 Sed,
2533 741 2771 807 bonum

1085 849 1344 928 factum,
1371 845 1634 911 alterum
1663 868 1916 934 quoque
1944 845 2204 933 adjecit:
2240 848 2533 933 patiem‚·
2578 844 2771 931 idque

1085 962 1522 1039 expresserunt
1580 949 1763 1014 etiam
1823 946 2097 1035 Engelh.
2156 962 2219 1012 et
2270 946 2528 1034 Taylor.
2636 949 2771 1012 Nec

1086 1054 1254 1118 ullus
1296 1053 1451 1118 liber
1495 1053 1643 1116 MS.
1693 1051 1803 1115 dat
1846 1054 2135 1131 παροῦσα.
2228 1050 2415 1128 Quod
2467 1049 2517 1114 si
2562 1064 2767 1113 tamen

1084 1157 1371 1244 accipias,
1421 1156 1508 1219 ita
1555 1152 1864 1243 explicare
1914 1152 2125 1230 debeS,
2174 1165 2246 1216 ut
2295 1152 2373 1217 sit
2421 1175 2767 1240 progressa,

1085 1261 1123 1324 i.
1150 1283 1202 1324 e.
1248 1275 1652 1347 posteaquam
1696 1256 1900 1320 anima
1930 1279 1964 1319 e
1992 1254 2128 1319 loco
2158 1257 2441 1319 Deorum
2471 1278 2534 1319 se
2566 1255 2764 1342 prori-

1084 1374 1308 1450 puerat
1351 1377 1415 1425 et
1464 1360 1544 1425 ad
1593 1373 1848 1424 externa
1884 1358 2019 1445 jam
2071 1357 2404 1444 spectabat.
2497 1356 2670 1421 Illud
2717 1357 2767 1421 si

1084 1479 1312 1543 teneaS,
1358 1461 1758 1551 cogitandum
1803 1475 1896 1525 est
1939 1460 2006 1524 τὸ
2047 1467 2278 1541 πρῶτον
2316 1460 2502 1527 πάθος
2544 1464 2763 1544 ψυχῆς,

1083 1569 1212 1632 sive
1254 1566 1456 1655 prima
1496 1565 1604 1629 illa
1645 1564 1868 1628 animae
1910 1562 2177 1641 affectiO,
2209 1586 2338 1649 qua
2371 1585 2445 1626 ea
2469 1561 2767 1626 obliviosa

1082 1669 1368 1736 redditur
1423 1667 1808 1756 primigenioe
1872 1689 2003 1730 suae
2057 1663 2312 1753 originis
2367 1664 2760 1753 virtutisque.

1087 1776 1233 1839 Hoc
1260 1772 1482 1861 placet.

1176 1893 1318 1963 157,
1349 1876 1442 1939 16.
1487 1874 1566 1955 μὴ
1607 1877 1677 1953 τῇ
1706 1872 2000 1956 παρουσίᾳ
2043 1872 2215 1950 αὐτῆς
2242 1870 2349 1949 τὴν
2378 1870 2622 1951 γένεσιν
2648 1879 2762 1935 λα-

1083 1979 1311 2067 βοῦσα]
1357 1977 1424 2041 h.
1452 1999 1506 2041 e.
1562 1974 1677 2039 nisi
1727 1972 1932 2038 anima
1977 1972 2306 2060 praesentia
2350 1973 2623 2038 materiae
2673 1996 2768 2038 re-

1084 2104 1248 2159 rum,
1277 2103 1424 2168 quae
1466 2079 1646 2155 fiunt,
1690 2098 1815 2140 non
1861 2099 2074 2164 reapse
2121 2089 2287 2152 sunt,
2327 2075 2610 2163 adeoque
2656 2099 2765 2141 na-

1085 2198 1244 2249 turae
1287 2182 1477 2247 fluxae
1520 2195 1583 2245 et
1626 2178 1941 2243 moriturae
1983 2176 2540 2266 concupiscentiam
2569 2179 2763 2266 adop-

1083 2300 1291 2353 tasset.
1379 2283 1536 2349 Vide
1565 2305 1708 2371 quae
1745 2281 1958 2370 paullo
1996 2281 2279 2369 superius
2308 2281 2386 2346 de
2413 2304 2566 2345 voce
2593 2281 2761 2364 γένε-

1085 2416 1178 2458 σις
1204 2388 1495 2454 diximus,

1167 2516 1230 2580 p.
1273 2492 1416 2577 158,
1455 2510 1508 2556 1.
1545 2491 1611 2554 ἐκ
1648 2495 1765 2554 τῶν
1792 2489 1926 2570 περὶ
1952 2489 2095 2567 ὕλης
2136 2485 2763 2576 λόγων-εἰρημένου]

1083 2594 1406 2661 Amandat
1448 2592 1705 2657 lectores
1730 2591 1792 2655 h.
1812 2590 1854 2654 l.
1889 2589 2176 2654 Plotinus
2204 2589 2287 2654 ad
2315 2588 2634 2653 Enneadis
2677 2613 2768 2653 se-

1080 2697 1303 2766 cundae
1328 2696 1555 2760 librum
1584 2707 1902 2782 quartum,
1924 2692 2059 2779 qui,
2083 2715 2223 2756 cum
2254 2691 2447 2779 vulgo
2477 2690 2765 2756 laudetur

1083 2802 1217 2883 περὶ
1256 2802 1418 2878 ὕλης,
1448 2796 1676 2883 inipso
1706 2794 1889 2859 titulo
1929 2793 2283 2858 inscribitur
2325 2795 2460 2875 περὶ
2502 2799 2620 2856 τῶν
2660 2796 2761 2858 δύο

1082 2906 1261 2968 ὑλῶν.
1354 2897 1548 2964 Plura
1575 2897 1851 2962 dicemus
1879 2896 1960 2961 ad
1989 2896 2182 2984 hujus
2209 2895 2350 2960 libri
2377 2895 2648 2959 initium.

1167 3040 1255 3053 —
1271 3017 1338 3087 5.
1381 3003 1418 3083 ἦ
1446 3004 1561 3083 γὰρ
1590 3003 1778 3082 ὄρεξις
1804 3000 2060 3087 ἀγαθοῦ]
2105 2997 2365 3063 Proclus
2398 2999 2557 3062 Inst.
2593 2997 2766 3062 The-

1084 3105 1251 3193 olog.
1302 3102 1666 3167 XXXIX.
1715 3124 1780 3187 p.
1810 3101 1914 3165 66.
1961 3100 2262 3189 triplicem
2308 3102 2501 3182 ὄρεξιν
2546 3101 2765 3166 distin·
2819 3112 2824 3117 ’

1083 3208 1257 3296 guit:
1306 3205 1400 3270 καὶ
1441 3205 1695 3286 ἡόρεξις
1740 3204 1846 3267 οὖν
1873 3209 1995 3271 τοῖς
2035 3203 2147 3284 μέν
2178 3206 2307 3268 ἐστι
2353 3203 2474 3267 κατ’
2508 3205 2651 3269 αὐτὸ
2695 3206 2762 3269 τὸ

1087 3312 1238 3376 εἶναι
1263 3311 1469 3391 μόνον,
1494 3308 1883 3388 ἐπιτηδειότης
1910 3308 2063 3371 οὖσα
2090 3306 2235 3389 πρὸς
2262 3306 2369 3386 τὴν
2388 3306 2625 3388 μέθεξιν
2646 3317 2765 3373 τῶν

1087 3416 1307 3480 αἰτίων·
1340 3417 1461 3479 τοῖς
1487 3412 1550 3475 δὲ
1583 3413 1730 3475 κατὰ
1757 3410 1863 3489 τὴν
1884 3409 2057 3488 ζωὴν,
2088 3411 2312 3490 κίνησις
2339 3411 2492 3474 οὖσα
2517 3412 2665 3492 πρὸς
2692 3416 2766 3477 τὰ

1087 3519 1405 3600 κρείττονα·
1465 3519 1587 3583 τοῖς
1636 3515 1702 3578 δὲ
1754 3516 1901 3577 κατὰ
1949 3513 2057 3592 τὴν
2107 3520 2330 3595 γνῶσιν
2378 3514 2766 3595 συναίσθησις

1084 3621 1236 3685 οὖσα
1258 3623 1359 3699 τῆς
1384 3624 1502 3682 τῶν
1530 3618 1731 3682 αἰτίων
1758 3617 2140 3698 ἀγαθότητος.
2192 3614 2353 3680 Inde
2384 3615 2542 3680 hanc
2571 3618 2765 3698 ὄρεξιν

1083 3723 1277 3811 ipsam
1321 3722 1550 3803 ἀγαθὴν
1591 3718 1865 3808 appellat
1894 3718 2155 3806 DionyS.
2194 3720 2432 3805 Areop.
2461 3717 2540 3782 de
2570 3717 2760 3785 divin.

1083 3847 1316 3890 nomm.
1349 3824 1467 3888 IV.
1496 3843 1594 3908 19.
1628 3837 1859 3908 p.571.

1167 3964 1258 3977 —
1285 3927 1346 3990 6.
1392 3925 1430 4003 ἡ
1459 3928 1523 3989 δὲ
1553 3925 2065 4005 νόησις-ἀγαθοῦ
2093 3925 2222 3986 ἐστι
2252 3924 2346 3987 καὶ
2377 3924 2582 4007 κακοῦ]
2608 3925 2764 3987 Pro·

1085 4027 1219 4095 clus
1245 4028 1311 4091 in
1339 4025 1550 4090 Alcib.
1579 4048 1675 4112 pr.
1705 4048 1765 4111 p.
1795 4043 1933 4090 22.:
1983 4026 2077 4088 καὶ
2104 4025 2220 4104 μὴν
2251 4027 2348 4089 καὶ
2374 4028 2407 4089 ὁ
2434 4028 2766 4105 Τίμαιος-

1088 4130 1292 4211 νοήσει
1334 4131 1447 4210 μὲν
1487 4129 1636 4208 ἡμᾶς
1681 4128 1776 4190 καὶ
1817 4127 1980 4211 λόγῳ
2027 4130 2489 4205 παρακελεύεται
2517 4130 2593 4191 τὰ
2621 4129 2765 4191 ὄντα

1089 4236 1324 4315 κρίνειν,
1356 4232 1493 4310 δόξῃ
1522 4231 1588 4293 δὲ
1617 4229 1713 4293 καὶ
1740 4227 2013 4308 αἰσθήσει
2041 4228 2115 4290 τὸ
2142 4227 2222 4306 μὴ
2251 4231 2395 4293 ὄντα
2435 4232 2567 4310 μὲν,
2598 4231 2762 4312 γιυό-

1060 4324 1239 4416 ’μενα
1266 4337 1331 4399 δὲ
1361 4334 1457 4398 καὶ
1488 4332 1894 4412 ἀπολλύμενα.

1173 4475 1261 4487 -
1279 4457 1341 4524 9.
1384 4435 1493 4516 ἤδη
1530 4434 1624 4499 καὶ
1659 4432 2036 4498 αὐτὸ-ὅλον
2075 4434 2277 4518 κακόν]
2331 4433 2586 4498 Ficinus
2625 4456 2768 4499 con-

1079 4540 1298 4630 jecisse
1344 4536 1592 4602 videtur
1643 4538 1846 4621 ἐκείνῳ
1899 4535 1931 4598 ὃ
1983 4536 2131 4599 ὅλον
2183 4538 2384 4614 κακόν,
2433 4550 2499 4601 et
2553 4559 2766 4624 reapse

1088 4642 1259 4709 istud
1299 4645 1366 4707 ἐν
1401 4644 1480 4726 τῷ
1523 4662 1602 4704 ex
1645 4660 1970 4727 perperam
2014 4637 2278 4725 repetito
2324 4641 2524 4726 ἐκείνῳ
2570 4639 2769 4704 enasci

1089 4745 1295 4835 potuit
1323 4757 1384 4809 et
1415 4744 1447 4807 ὃ
1476 4757 1620 4808 ante
1648 4745 1796 4807 ὅλον
1823 4742 2112 4828 opprimi.
2174 4741 2382 4806 Possis
2417 4742 2637 4807 etiam:
2674 4745 2765 4806 ἐκ-

1094 4851 1229 4934 είνῳ
1260 4849 1327 4912 ἐν
1354 4844 1399 4933 ᾦ
1426 4849 1574 4910 ὅλον
1604 4846 1801 4919 κακόν,
1827 4867 1939 4908 nec
1968 4843 2174 4908 minus
2207 4845 2410 4930 ἐκείνῳ
2441 4847 2509 4908 έν
2536 4850 2616 4931 τῷ
2647 4846 2770 4931 ὅλῳ

1095 4953 1198 5034 (ut
1225 4948 1434 5038 plures
1460 4947 1673 5032 codd.)
1701 4950 1872 5032 κακῷ.
1920 4948 2021 5011 De
2043 4946 2234 5010 verbo
2264 4952 2577 5010 συντελεῖν
2603 4946 2766 5011 adde

1074 5054 1183 5132 -iis‚
1214 5074 1358 5140 quae
1391 5047 1845 5136 Lexicographi
1886 5050 2268 5135 congessere,
2297 5047 2530 5112 Baehrii
2575 5049 2766 5113 nostri

1094 5161 1337 5222 Annot.
1367 5152 1433 5217 in
1463 5150 1782 5216 Plutarchi
1807 5153 2099 5237 Compar.
2125 5149 2374 5237 Philop.
2406 5162 2471 5213 et
2500 5149 2764 5215 Flamin.

1099 5281 1153 5324 1.
1190 5282 1253 5346 p.
1277 5258 1452 5342 136.:
1498 5252 1579 5318 ad
1619 5251 2133 5317 constructionem
2178 5252 2368 5338 hujus
2409 5251 2583 5316 verbi
2627 5276 2767 5318 cum

2058 568 2876 635 ANNOTATIONES

2946 570 3056 635 IN
3123 572 3567 639 PLOTINI

2855 744 2966 820 μὲν
3013 745 3120 809 οὖν
3171 747 3267 809 καὶ
3317 751 3572 814 Μαλιεῖς
3622 747 3717 810 καὶ
3764 748 4076 814 Αἰνειᾶνας
4126 747 4221 812 καὶ
4269 752 4539 817 Φθιῶτας

2857 849 3206 915 Θεσσαλοῖς
3263 855 3590 913 συντελεῖν.
3666 848 4069 913 Usitatiorem
4122 851 4534 916 constructio·

2854 969 2994 1011 nem
3044 971 3156 1013 nec
3203 951 3410 1014 minus
3454 967 3716 1037 usurpat
3762 952 4009 1029 Noster,
4057 965 4128 1016 ut
4166 954 4286 1018 VI.
4320 973 4380 1017 1.
4430 972 4535 1019 21.

2855 1058 3165 1116 συντελεῖν
3209 1056 3291 1120 εἰς
3332 1054 3562 1117 οὐσίαν.
3610 1052 3694 1117 cf.
3727 1054 3846 1117 VI.
3878 1071 3936 1135 7.
3976 1072 4069 1138 13.
4115 1068 4278 1119 extr.
4337 1057 4541 1120 Prox-

2853 1150 3012 1216 ime:
3064 1154 3379 1223 ἐλάττονος
3424 1155 3578 1237 (scil.
3610 1157 3970 1236 μεταλαβών
4007 1179 4086 1219 ex
4124 1157 4539 1224 antecedenti-

2852 1253 3000 1340 bus)
3048 1259 3112 1320 δὲ
3155 1256 3193 1337 ᾗ
3236 1256 3563 1336 ἠλάττωται
3604 1262 3685 1343 τῷ
3729 1260 3931 1343 ἀγαθῷ
3965 1259 4078 1340 (sc.
4108 1260 4534 1345 συντελέσαν),

2852 1357 3023 1443 quod
3054 1381 3202 1422 vero
3229 1358 3479 1423 minoris
3506 1358 3648 1423 mali
3679 1360 3989 1448 particeps
4025 1376 4138 1439 est,
4170 1384 4249 1426 ex
4278 1384 4539 1451 propor-

2852 1460 3039 1541 tione,
3067 1485 3193 1549 qua
3221 1462 3426 1526 minus
3453 1462 3663 1541 habet,
3697 1464 3876 1527 Bono
3901 1479 4275 1529 accensetur.

2935 1601 3024 1613 —
3045 1580 3142 1651 15.
3192 1567 3503 1630 Φαντασία
3531 1567 3594 1629 δὲ
3630 1593 3682 1629 κ.
3706 1592 3758 1629 τ.
3782 1567 3878 1655 λ.]
3928 1567 4006 1629 In
4039 1567 4536 1655 proecedentibus

2851 1666 3137 1732 Plotinus
3179 1667 3401 1732 animae
3443 1666 3607 1732 mala
3647 1667 4030 1755 explicuerat
4063 1693 4160 1748 ec,
4192 1670 4363 1758 quod
4407 1694 4532 1737 non

2848 1792 3009 1857 pura
3039 1770 3348 1849 manserit,
3373 1769 3481 1834 sed
3502 1770 3836 1835 commixta
3864 1770 4054 1836 fuerit
4082 1795 4226 1836 cum
4256 1775 4529 1838 materia.

2850 1875 2894 1936 J
2898 1895 2999 1936 am
3027 1871 3300 1936 indidem
3331 1872 3638 1959 explicare
3665 1872 3934 1938 instituit
3960 1887 4024 1938 et
4052 1874 4438 1961 phantasiam
4470 1893 4535 1941 et

2850 1976 3264 2064 opinationem
3295 1975 3552 2040 falsam:
3602 1979 3908 2058 φαντασία
3949 1978 4035 2050 δὲ,
4067 1978 4261 2058 πληνὴ
4306 1980 4533 2061 ἀλόγου

2852 2080 2927 2145 ὡς
2955 2079 3188 2159 ἔξωθεν.
3266 2080 3395 2142 Pro
3424 2081 3520 2154 ὥς,
3552 2078 3722 2165 quod
3753 2078 3926 2143 abest
3953 2102 3991 2142 a
4019 2079 4303 2166 plurimis
4334 2079 4530 2159 libris,

2852 2181 3107 2246 Ficinus
3141 2180 3391 2245 videtur
3430 2179 3646 2267 legisse
3686 2183 3850 2258 ζώου.
3941 2183 4231 2246 Fortasse
4274 2181 4424 2248 latet
4467 2180 4531 2248 in

2852 2285 3076 2365 ἀλόγου
3118 2285 3193 2350 ὦς
3233 2306 3357 2346 vox
3406 2285 3631 2365 ἀλόγου
3675 2284 3912 2366 φύσεως
3955 2282 4053 2347 vel
4098 2286 4324 2367 ἀλόγου
4363 2291 4527 2367 ζωῆς.

2856 2385 3018 2450 Utut
3059 2399 3175 2463 est,
3222 2384 3606 2449 lamblichus
3650 2409 3753 2473 ap.
3804 2385 4122 2451 Stobaeum
4169 2387 4436 2477 Eclogg.
4472 2391 4529 2455 I.

2850 2502 2953 2573 52.
3001 2511 3068 2573 p.
3100 2488 3241 2574 896.
3277 2489 3549 2552 Heeren.
3641 2487 4103 2553 Platonicorum
4148 2489 4389 2577 aliquot
4431 2515 4527 2556 re-

2850 2590 3189 2655 centiorum
3220 2589 3467 2655 decreta
3493 2590 3573 2654 de
3603 2592 3774 2654 Mali
3805 2591 4041 2679 origine
4083 2616 4403 2659 recensens
4444 2594 4531 2660 ita

2853 2706 3091 2756 narrat:
3140 2699 3257 2756 τῶν
3291 2691 3338 2756 δ’
3382 2694 3456 2757 αὖ
3501 2693 3889 2774 διϊσταμένων
3931 2694 4076 2777 πρὸς
4127 2697 4385 2772 τούτους,
4436 2699 4532 2763 καὶ

2849 2794 2965 2860 ἀπὸ
2994 2801 3111 2858 τῶν
3133 2796 3349 2874 ἔξωθεν
3364 2797 3835 2878 προσφυομένων
3863 2797 4301 2878 προστιθέντων
4331 2803 4532 2865 ὁπωσ-

2849 2901 2954 2960 οῦν
2992 2901 3061 2976 τῇ
3103 2901 3273 2981 ψυχῇ
3317 2897 3385 2960 τὸ
3432 2898 3629 2971 κακὸν,
3671 2898 3785 2962 ἀπὸ
3824 2901 3937 2979 μὲν
3973 2904 4074 2980 τῆς
4109 2903 4253 2981 ὕλης
4296 2907 4533 2983 Νουμη-

2851 3001 2978 3063 νίου
3019 3000 3112 3063 καὶ
3152 2999 3423 3081 Κρονίου,
3465 3000 3768 3067 πολλάκις·
3817 3001 3933 3066 ἀπὸ
3978 3003 4041 3066 δὲ
4080 3008 4197 3066 τῶν
4239 3005 4533 3084 σωμάτων

2851 3102 3041 3166 αὐτῶν
3067 3102 3288 3166 τούτων
3318 3102 3482 3166 ἔστιν
3512 3104 3612 3165 ὅτε
3644 3103 3736 3166 καὶ
3756 3101 4279 3185 Ἀρποκρατίωνος·
4314 3106 4432 3170 ἀπὸ
4464 3111 4531 3172 δὲ

2850 3209 2951 3285 τῆς
2995 3206 3231 3287 φύσεως
3289 3204 3384 3268 καὶ
3439 3208 3539 3283 τῆς
3589 3205 3813 3286 ἀλόγου
3861 3210 4006 3285 ζωῆς
4062 3208 4375 3272 Πλωτίνου
4430 3210 4530 3274 καὶ

2852 3309 3196 3391 Πορφυρίου
3224 3309 3301 3374 ὣς
3326 3310 3400 3371 τὰ
3428 3304 3646 3371 πολλά.
3740 3306 3949 3394 Igitur
3978 3309 4265 3374 Plotinus
4305 3311 4533 3378 animae

2850 3409 3081 3474 malum
3125 3409 3414 3474 accedere
3440 3408 3591 3474 dicit
3618 3430 3660 3471 a
3687 3420 3925 3475 natura
3965 3432 4041 3475 ac
4083 3414 4218 3477 vita
4259 3416 4533 3481 rationis

2850 3522 3115 3600 experte.
3163 3511 3425 3578 Proclus
3452 3511 3514 3574 in
3548 3510 3757 3576 Alcib.
3787 3535 3884 3600 pr.
3917 3536 3980 3600 p.
4002 3514 4144 3580 280.
4178 3515 4247 3579 τὸ
4275 3518 4389 3596 μὲν
4415 3521 4533 3600 γὰρ

2853 3615 3029 3680 κακὸν
3056 3620 3176 3680 πᾶν
3205 3616 3422 3695 ἔξωθεν
3454 3616 3547 3679 καὶ
3586 3618 3937 3681 έπείσακτόν
3967 3618 4096 3681 ἐστι
4130 3621 4200 3698 τῇ
4235 3624 4427 3704 ψυχῇ,
4462 3621 4532 3684 τὸ

2851 3721 2915 3783 δὲ
2947 3717 3173 3800 ἀγαθὸν
3202 3718 3675 3782 {vanem—Aca
3703 3719 3772 3798 δὴ
3804 3719 3898 3801 (δὲ
3926 3718 4038 3806 al.)
4063 3724 4235 3785 τοῦτο
4266 3723 4362 3786 καὶ
4389 3727 4528 3798 πᾶν,

2853 3820 2885 3883 ὃ
2916 3820 2991 3885 ἂν
3020 3822 3236 3900 ἔξωθεν
3267 3819 3619 3903 εἰσδέχεται,
3649 3820 3815 3900 μένει
3855 3823 4124 3901 κείμενον
4153 3823 4317 3892 ἐκτὸς
4359 3826 4536 3905 arn-5⁵19

2851 3925 3051 4005 ὥσπερ
3093 3926 3167 3988 τὰ
3211 3921 3497 4005 φάσματα
3541 3924 3637 3986 καὶ
3681 3924 3755 3986 τὰ
3797 3926 4047 4004 αἰσθητὰ
4090 3952 4144 3989 κ.
4169 3951 4224 3989 τ.
4248 3934 4313 3991 λ.
4405 3928 4533 3992 Sed

2851 4042 3053 4090 tamen
3100 4024 3390 4089 intactam
3435 4022 3655 4111 reliqui
3690 4024 4031 4112 vulgatam,
4061 4050 4206 4113 quae
4247 4026 4334 4092 ita
4374 4052 4533 4116 quo-

2851 4152 2975 4216 que
3018 4127 3309 4215 explicari
3339 4126 3552 4215 possit,
3583 4141 3655 4191 ut
3699 4127 3778 4191 sit
3817 4137 4115 4215 tanquam
4142 4131 4532 4197 extr-insecus

2849 4244 3039 4317 atque
3066 4230 3155 4294 ita
3178 4229 3363 4294 vertit
3392 4228 3798 4317 Engelhardt.

2934 4371 3022 4382 —
3053 4334 3128 4395 16
3136 4380 3149 4394 .
3198 4333 3290 4396 καὶ
3320 4333 3460 4411 δόξα
3488 4333 3557 4410 δὴ
3585 4333 3808 4414 ψευδὴς
3837 4332 4396 4415 ἔξωθεν-ἀληθοῦς
4425 4339 4528 4402 αὗ-

2852 4436 2984 4524 τοῦ]
3032 4433 3289 4499 Ficinus
3334 4433 3550 4521 legisse
3595 4433 3845 4498 videtur
3880 4463 3934 4499 κ.
3977 4437 4140 4515 δόξαι
4182 4437 4251 4516 δὴ
4287 4444 4534 4521 ψευδεῖς

2855 4538 2962 4617 ἔξω
2991 4536 3280 4619 γενομένῃ
3314 4539 3420 4619 (sc.
3450 4540 3642 4620 ψυχῇ)
3677 4542 3782 4601 τοῦ
3808 4539 4063 4617 ἀληθοῦς
4097 4538 4294 4603 αὐτοῦ.
4383 4542 4532 4607 Nou

2854 4638 3033 4717 male,
3093 4651 3156 4702 et
3222 4660 3509 4725 magnam
3577 4654 3812 4726 partem
3872 4639 4280 4727 probantibus
4336 4641 4531 4709 libris.

2857 4744 3170 4807 Caeterum
3216 4740 3632 4828 comparanda
3680 4754 3826 4804 sunt
3876 4740 4010 4806 haec
4052 4763 4195 4807 cum
4245 4741 4338 4820 iis,
4385 4769 4534 4832 quae

2856 4844 3040 4909 Plato
3068 4844 3131 4907 in
3165 4842 3455 4930 Sophista
3483 4866 3546 4928 p.
3584 4844 3724 4928 263.
3756 4842 3835 4907 de
3867 4845 4032 4932 Rep.
4070 4844 4208 4908 111.
4233 4863 4297 4925 4.
4336 4865 4438 4930 13.
4468 4866 4534 4914 et

2855 4946 3022 5024 alibi,
3052 4958 3242 5033 atque
3270 4943 3639 5010 Aristoteles
3680 4944 3760 5009 de
3803 4946 4028 5010 Anima
4073 4946 4212 5010 111.
4239 4965 4303 5031 3.
4348 4945 4531 5015 inde-

2850 5073 2974 5136 que
3019 5048 3305 5114 Stobaeus
3337 5049 3396 5111 I.
3425 5048 3532 5133 58.
3562 5068 3669 5132 59.
3701 5071 3766 5133 p.
3802 5068 3984 5129 1114.
4016 5072 4149 5136 sqq.
4189 5047 4269 5112 de
4298 5058 4530 5133 φαυτα-

2854 5153 2975 5238 σία,
3008 5150 3300 5230 αἰσθήσει,
3333 5152 3490 5236 δόξα,
3524 5150 3727 5230 νοήσει
3753 5150 4141 5237 praecipiunt.

2942 5277 3010 5340 p.
3041 5273 3183 5339 159,
3216 5273 3270 5318 2.
3303 5254 3751 5317 συνεῖναι-καὶ
3779 5254 3846 5316 ἐν
3875 5253 4029 5339 αὐτῷ
4062 5255 4399 5346 ἱδρυμένην]
4432 5260 4536 5325 De

1096 5360 1330 5426 Dativo
1376 5373 1517 5422 tene
1566 5354 1679 5420 hos
1727 5353 1925 5418 locos:
1975 5353 2204 5442 Polyb.
2250 5355 2365 5418 IV.
2415 5356 2515 5419 60.
2556 5376 2622 5436 4.
2672 5360 2776 5426 τὰς
2858 5357 3049 5420 verbo
3082 5358 3395 5438 ἱδρύεσθαι,
3437 5354 3607 5441 quod
3652 5355 3731 5419 de
3773 5353 4103 5420 stabilitate
4144 5372 4209 5421 et
4249 5380 4536 5445 perman-

1097 5466 1291 5530 κοινάς
1336 5461 1620 5541 εἰσφορὰς
1661 5461 1782 5523 τοῖς
1825 5455 2091 5539 Ἀχαίοις
2134 5462 2462 5521 συντελεῖν.
2510 5456 2592 5522 cf.
2624 5458 2776 5522 Plu-

2860 5458 3027 5523 sione
3084 5457 3146 5520 in
3206 5459 3390 5520 rebus
3442 5454 3926 5543 intelligibilibus
3982 5456 4263 5544 adeoque
4312 5461 4539 5532 divinis

1095 5564 1292 5631 tarchi
1336 5566 1506 5627 Arat.
1554 5586 1605 5626 c.
1636 5579 1739 5646 34.
1808 5560 2074 5624 Pausan.
2109 5560 2204 5622 X.
2245 5559 2309 5623 8.
2343 5577 2404 5624 2.
2452 5565 2777 5642 Μαγνῆτας
2862 5577 3181 5647 tantopere
3228 5558 3625 5644 frequentant
3667 5556 3991 5636 Platonici,
4043 5557 4228 5645 plura
4275 5562 4409 5628 dixi
4454 5570 4540 5634 ad
