5118 6613
1086 519 1210 603 256
2015 515 2863 582 ANNOTATIONES
2927 516 3036 581 IN
3101 517 3532 583 PLOTINI

1090 689 1160 753 τὸ
1190 689 1577 769 τελειότητος,
1610 687 1784 753 ἑαυτὸ
1818 688 2054 753 τέλειον
2083 687 2492 771 ἀπεργάζεται.
2583 690 2788 754 Caete·

1092 814 1237 857 rum
1263 791 1399 857 hoec
1429 789 1654 856 Plotini
1683 806 1809 856 tam
1847 790 2164 879 ingeniose
2198 790 2550 878 excogitata
2578 806 2642 855 et
2671 791 2785 856 mi·

1092 908 1291 972 ratur,
1357 915 1562 980 neque
1615 906 1825 957 tamen
1896 913 2350 981 usquequaque
2422 892 2789 982 comprobat

1098 996 1507 1062 Tiedemann.
1540 994 1603 1059 in
1648 994 1809 1061 libro
1843 994 1925 1060 de
1966 995 2167 1061 causis
2202 993 2616 1082 Philosophiae
2643 1018 2788 1061 con·

1096 1096 1494 1187 templativoe.
1531 1098 1670 1163 III.
1700 1120 1764 1187 Ρ.
1795 1102 1945 1186 365.
1979 1121 2118 1187 sqq.

1179 1228 1247 1293 p.
1280 1205 1429 1283 868,
1463 1203 1522 1269 8.
1560 1203 1699 1269 Ἔτι
1738 1206 1793 1269 εἰ
1830 1209 2035 1270 πᾶσαν
2063 1204 2273 1289 ψυχὴν
2301 1203 2568 1287 φήσουσι
2597 1209 2787 1289 φθαρ-

1095 1309 1257 1397 rim]
1307 1307 1547 1372 Stoicos
1584 1322 1646 1371 et
1695 1307 1957 1372 fortasse
2001 1307 2349 1396 Epicureos
2392 1308 2645 1374 videtur
2689 1332 2785 1374 re-

1094 1412 1329 1502 spicere
1359 1409 1664 1475 Plotinus.
1754 1412 1855 1475 De
1883 1409 2217 1498 Epicureis
2233 1409 2362 1476 vid.
2393 1433 2584 1499 supra
2611 1411 2691 1476 ad
2721 1435 2784 1499 p.

1093 1533 1246 1603 457.
1294 1538 1434 1603 cap.
1465 1534 1530 1600 3.
1571 1513 1706 1578 init.
1755 1515 1858 1578 De
1906 1512 2127 1579 Stoicis
2172 1514 2455 1579 Ciceron.
2497 1514 2787 1581 Tuscull.

1095 1620 1155 1684 Ι.
1186 1637 1295 1705 32.
1332 1618 1483 1704 ibiq.
1527 1616 1743 1682 Davis.
1775 1616 2115 1705 Wyttenb.
2142 1617 2225 1683 ad
2268 1616 2440 1682 Plut.
2483 1617 2566 1683 de
2611 1620 2672 1684 S.
2700 1620 2787 1684 N.

1097 1724 1173 1788 V.
1224 1744 1292 1810 Ρ.
1322 1739 1474 1803 400.
1526 1744 1592 1809 p.
1625 1722 1733 1804 78.
1786 1719 1887 1785 ed.
1939 1719 2156 1808 Lugd.
2209 1719 2337 1785 Ed.
2385 1720 2594 1786 Oxou.
2645 1721 2783 1786 Van

1094 1824 1366 1912 Lynden
1395 1821 1477 1887 de
1520 1823 1803 1889 Panaetio
1843 1847 1908 1912 p.
1940 1839 2041 1906 70.
2089 1824 2338 1911 Baguet
2377 1823 2442 1887 111
2484 1824 2787 1913 Chrysip-

1091 1929 1226 2017 peis
1253 1951 1318 2017 p.
1356 1947 1495 1991 101.
1525 1949 1616 2013 sq.

1170 2069 1258 2081 -—
1292 2052 1316 2096 1
1332 2032 1388 2096 8.
1433 2030 1605 2115 Ψυχὴ
1641 2031 1707 2094 δὲ
1733 2029 1841 2109 μία
1870 2029 1966 2093 καὶ
2000 2032 2161 2110 ἀπλῆ
2204 2029 2477 2113 ἐνέργεια
2517 2032 2675 2096 οὖσα
2717 2033 2786 2095 ἐν

1093 2139 1173 2222 τῷ
1200 2138 1308 2214 ζῇν
1336 2134 1535 2216 φύσις,
1568 2133 1639 2197 οὐ
1681 2134 1883 2197 τοίνυν
1924 2134 2105 2214 ταύτῃ
2149 2133 2569 2219 φθαρήσεται.]
2620 2135 2785 2200 Haec

1091 2238 1275 2303 etiam
1307 2235 1611 2323 expressit
1652 2234 1999 2313 Marsilius,
2029 2235 2147 2301 nisi
2192 2236 2366 2323 quod
2410 2252 2556 2302 ante
2598 2240 2665 2302 ἐν
2704 2241 2784 2326 τῷ

1088 2346 1195 2423 ζῇν
1221 2338 1518 2428 cogitavit
1548 2340 1660 2402 καί.
1752 2339 1924 2402 Ε11111
1964 2355 2214 2404 secutus
2259 2338 2501 2428 Taylor
2528 2339 2617 2404 ita
2647 2363 2783 2405 ver-

1090 2445 1200 2512 tit:
1250 2451 1296 2484 “
1326 2445 1459 2508 But
1495 2440 1633 2506 soul
1668 2439 1862 2528 being
1887 2463 2005 2505 one
2045 2441 2265 2530 simple
2307 2465 2565 2530 energy,
2592 2442 2716 2508 and
2747 2466 2787 2508 a

1088 2562 1311 2614 nature
1332 2543 1777 2611 characterised
1808 2544 1895 2632 by
1924 2542 2052 2623 life,
2082 2560 2309 2610 cannot
2336 2545 2417 2610 be
2444 2547 2783 2634 corrupted

1085 2675 1153 2717 as
1195 2675 1234 2716 a
1281 2647 1678 2735 composite.”
1766 2645 2032 2712 Codices
2082 2647 2143 2711 in
2194 2647 2455 2737 vulgata
2496 2673 2783 2738 perseve-

997 2818 1026 2844 ρ
1086 2769 1245 2820 rant.
1335 2749 1868 2839 wyttenbachius
1927 2751 2311 2838 suspicatur:
2390 2755 2575 2836 φύσει
2632 2757 2784 2820 ἐστί.

1089 2854 1343 2921 Etenim
1373 2852 1454 2916 ad
1491 2851 1768 2916 Platonis
1791 2851 2098 2917 Phaedon.
2122 2876 2182 2940 p.
2210 2870 2352 2939 197.
2376 2869 2782 2944 posteaquam

1087 2957 1321 3025 Plotini
1350 2956 1555 3021 locum
1576 2978 1638 3042 p.
1660 2972 1807 3041 557.
1832 2959 1917 3019 A.
1947 2954 2180 3043 attigit,
2199 2955 2286 3021 ita
2307 2957 2511 3044 pergit
2536 2982 2550 3021 ε
2589 2959 2779 3046 “jam

1083 3060 1244 3127 illud
1293 3058 1582 3136 alterum,
1634 3059 1996 3140 δίαιρεθῆναι
2036 3059 2217 3138 ταύτῃ
2268 3056 2420 3141 ᾗπερ
2470 3060 2777 3141 συνετέθη,

1081 3164 1245 3229 hanc
1270 3161 1463 3227 habet
1483 3160 1634 3239 vim,
1656 3174 1728 3224 ut
1753 3173 1955 3224 totum
1985 3159 2304 3226 dividatur
2326 3162 2390 3226 in
2416 3185 2519 3227 eas
2545 3178 2778 3250 partes,

1084 3291 1164 3334 ex
1213 3265 1447 3355 quibus
1505 3262 1915 3352 compositum
1963 3278 2080 3344 est,
2125 3278 2188 3330 et
2231 3287 2304 3329 ea
2347 3264 2608 3347 ratione,
2655 3290 2781 3356 qua

1085 3369 1494 3458 compositum
1526 3382 1651 3434 est:
1688 3366 1882 3433 veluti
1896 3391 2125 3455 corpus
2146 3368 2208 3433 in
2234 3385 2507 3456 quatuor
2535 3370 2639 3435 ille
2660 3372 2780 3436 ele-

1085 3489 1294 3541 menta
1336 3472 1570 3561 quibus
1606 3486 1871 3551 constat,
1901 3486 1965 3536 et
2007 3470 2322 3537 dissolutis
2364 3472 2627 3538 vinculis
2671 3474 2782 3539 has

1085 3594 1294 3666 partes
1321 3574 1801 3642 continentibus.
1894 3577 2147 3662 Spectat
2177 3574 2301 3640 huc
2341 3575 2632 3642 Plotinus
2661 3579 2782 3659 (se-

1082 3684 1301 3771 quitur
1329 3695 1536 3746 noster
1565 3677 1737 3743 locus
1755 3703 1882 3742 —2
1933 3680 2000 3743 ἐν
2028 3683 2108 3765 τῷ
2138 3683 2245 3759 ζῇν
2278 3682 2457 3763 φύσις
2487 3682 2566 3745 F.
2597 3683 2780 3764 φύσει

1084 3786 1220 3850 ἐστί
1237 3788 1281 3867 :)
1333 3785 1402 3849 οὖ
1430 3784 1631 3847 τοίνυν
1658 3783 1838 3862 ταύτῃ
1866 3781 2255 3864 φθαρήσεται.
2332 3784 2506 3848 Tum
2535 3784 2781 3850 diversa

1081 3885 1541 3974 compositionis
1590 3907 1663 3948 ac
1720 3882 2140 3948 dissolutionis
2190 3907 2420 3971 genera
2479 3903 2774 3953 recenset.

1083 3992 1322 4055 AEneas
1350 3989 1621 4052 Gazaeus
1662 4009 1727 4073 p.
1763 3988 1881 4050 66:
1931 3989 2322 4067 διαλυόμενον
2357 3992 2423 4053 δὲ
2462 3990 2530 4054 τὸ
2569 3994 2780 4057 σύνθε-

1084 4119 1189 4157 τον
1219 4093 1325 4156 οὐκ
1362 4094 1446 4157 εἷς
1474 4094 1658 4154 ταῦτα
1687 4088 1872 4153 πάλιν
1900 4092 2203 4174 ἀναχωρεῖ
2244 4093 2308 4171 ἐξ
2336 4094 2419 4156 ὧν
2447 4093 2771 4174 συνετέθη·

1087 4197 1252 4260 Sunt
1299 4192 1464 4257 enim
1514 4190 1877 4255 cohaesionis
1927 4213 2256 4278 corporum
2303 4194 2475 4259 varia
2523 4218 2775 4282 genera,

1081 4312 1299 4386 postea
1340 4321 1380 4361 a
1420 4292 1640 4359 Stoicis
1674 4292 2016 4358 celebrata:
2067 4308 2137 4358 ut
2183 4309 2276 4360 est
2319 4296 2494 4385 apud
2537 4297 2779 4363 Plutar-

1083 4401 1291 4466 chum.
1340 4400 1651 4484 Praecept.
1696 4397 1973 4484 Conjug.
2008 4420 2073 4485 p.
2114 4416 2256 4480 142.
2290 4401 2373 4464 E.
2421 4406 2541 4464 τῶν
2580 4401 2778 4481 σωμάρ

1082 4529 1201 4571 των
1232 4506 1307 4568 τὰ
1344 4504 1456 4582 μὲν
1498 4504 1564 4565 ἑκ
1605 4503 1955 4576 διεστώτων,
1991 4501 2281 4585 λέγουσιν
2311 4503 2481 4578 εἶναι,
2517 4504 2779 4586 καθάπερ

1083 4608 1308 4670 στόλον
1346 4604 1440 4668 καὶ
1484 4604 1908 4684 στρατόπεδον·
1956 4607 2032 4667 τὰ
2081 4602 2128 4667 δ’
2184 4606 2250 4668 ἐκ
2290 4606 2774 4686 συναπτομένων,

1084 4711 1286 4789 ὥσπερ
1316 4707 1507 4770 οἰκίαν
1539 4706 1634 4768 καὶ
1664 4709 1828 4768 ναῦν·
1874 4709 1949 4770 τᾶ
1986 4709 2051 4770 δὲ
2090 4707 2363 4788 ἡνωμένα
2401 4709 2496 4772 καὶ
2536 4714 2778 4792 συμφυῆ

1085 4810 1345 4892 καθάπερ
1374 4808 1503 4873 ἐστὶ
1532 4814 1650 4872 τῶν
1678 4810 1840 4884 ζώων
1870 4809 2144 4883 ἕκαστον,
2191 4809 2301 4875 ubi
2332 4812 2512 4897 plura
2533 4810 2598 4875 in
2619 4811 2778 4876 hanc

1081 4936 1212 4978 rem
1254 4910 1601 4976 dedimu8.''
1677 4912 1819 4993 (Tu
1851 4910 1994 4975 vide
2037 4911 2476 4978 animadverss.
2520 4913 2585 4978 111
2632 4938 2774 4980 011111

1085 5018 1289 5083 10011111
1318 5037 1380 5102 p.
1413 5015 1559 5099 892.
1590 5013 1691 5077 ed.
1738 5014 1946 5078 Oxon.
2010 5013 2204 5078 Adde
2249 5015 2680 5102 Olympiodor.
2712 5018 2775 5081 in

1082 5120 1296 5187 Alcib.
1325 5142 1419 5207 pr.
1452 5139 1516 5203 p.
1553 5121 1710 5202 25.).
1800 5115 2047 5181 Deinde
2084 5116 2558 5204 explicationem
2589 5120 2782 5185 conti-

1083 5237 1277 5291 nuat:
1327 5229 1375 5262 “
1407 5219 1597 5300 Quod
1639 5234 1846 5284 autem
1881 5218 2074 5284 velint
2115 5218 2419 5284 Platonici
2467 5223 2775 5298 σύνθετον,

1083 5325 1492 5415 compositum
1531 5345 1611 5387 esc·
1649 5325 1944 5411 partib-us
1972 5332 2158 5387 extra
2174 5333 2401 5411 partes
2418 5327 2674 5412 positia,
2709 5343 2780 5392 ut

1083 5429 1275 5517 vulgo
1303 5429 1623 5506 dicuntur,
1655 5424 1925 5513 spatium
1966 5425 2317 5513 implenteS,
2348 5441 2656 5504 extensas,
2688 5427 2779 5490 in-

1086 5531 1385 5620 telligitur
1426 5555 1506 5596 ex
1534 5528 1889 5617 frequentia
1931 5528 2400 5617 exemplorum:
2449 5554 2507 5596 v.
2531 5554 2586 5595 c.
2623 5529 2773 5595 Plu-

2873 690 3071 756 tarchi
3124 690 3206 756 de
3256 689 3512 755 Animae
3572 691 3890 756 Procreat.
3932 714 3997 779 p.
4037 710 4226 758 1022.
4257 694 4341 758 Ε.
4394 692 4563 758 Adv.

2877 794 3097 859 Stoice.
3144 817 3211 882 p.
3251 794 3434 879 1085.
3485 795 3565 858 C.
3611 792 3845 858 Plotini
3890 815 3955 882 p.
3987 797 4131 860 160.
4174 794 4257 858 D.
4290 796 4374 861 E.
4420 797 4564 862 161.

2875 899 2952 963 C.
2978 898 3062 963 D.
3097 899 3238 963 162.
3270 897 3357 960 D.
3407 898 3551 982 163.
3577 896 3657 960 E.
3701 900 3842 981 165.
3873 896 3954 962 A.
4008 897 4146 961 166.
4179 898 4266 962 Ε.
4295 917 4447 983 310.
4488 900 4566 964 C.

2870 1020 3021 1086 313.
3052 1002 3136 1064 E.
3163 1016 3311 1085 457.
3336 1001 3421 1063 A.
3456 999 3606 1081 466.
3640 1001 3724 1063 A.
3750 1001 3825 1064 C.
3851 999 4117 1085 557.Α.
4146 997 4370 1065 Albini
4400 1001 4569 1066 Doc-

2874 1104 3020 1169 trin.
3061 1102 3310 1167 Platon.
3350 1125 3416 1190 p.
3438 1119 3586 1188 372.
3610 1103 3697 1167 D.
3746 1103 3973 1167 AEneae
4016 1102 4177 1167 Gaz.
4224 1125 4294 1190 Ρ.
4317 1122 4428 1190 59.
4459 1106 4565 1169 66.

2873 1205 3195 1271 Zachariae
3240 1204 3458 1293 Mityl.
3504 1228 3572 1294 p.
3607 1219 3748 1290 175.
3799 1203 4235 1293 olympiodori
4277 1203 4343 1269 in
4386 1206 4565 1272 Phae-

2872 1308 3020 1375 (1011.
3052 1307 3215 1375 cod.
3248 1308 3386 1373 ΙΙΙ.
3428 1331 3491 1395 p.
3517 1326 3624 1389 40.
3656 1321 3720 1372 et
3764 1306 3913 1371 alibi
3954 1329 4159 1395 saepe:
4210 1307 4375 1373 Cod.
4409 1310 4466 1374 I.
4499 1332 4565 1398 p.

2873 1415 2976 1499 63.
3014 1411 3193 1498 185.”
3288 1410 3537 1476 Deinde
3557 1433 3700 1476 cum
3731 1409 3956 1475 Ficino
3984 1409 4233 1498 scripsi:
4280 1411 4422 1476 ἀλλ’
4450 1410 4566 1495 ἀρα

2877 1520 3023 1605 (pro
3063 1517 3207 1599 ἀρα)
3246 1518 3617 1595 μερισθεῖσα,
3657 1512 4107 1595 κερματιζομένη
4135 1514 4421 1578 ἀπόλοιτο
4450 1515 4564 1595 άνς

2874 1643 3018 1686 011111
3049 1619 3227 1706 signo
3253 1615 3695 1703 interrogandi.
3714 1617 4076 1681 —Fortasse
4116 1631 4261 1681 ante
4301 1642 4567 1699 κερματι-

2869 1723 3082 1803 ζομένη
3109 1719 3339 1786 excidit
3376 1719 3632 1806 insuper
3669 1719 3784 1784 καί.
3877 1718 4063 1783 Plato
4103 1732 4312 1784 autem
4356 1719 4446 1784 ita
4483 1720 4564 1785 de

2873 1827 3040 1913 Rep.
3070 1847 3132 1911 p.
3157 1843 3304 1909 395.
3338 1822 3411 1886 Β.
3452 1822 3736 1904 φαίνεταί
3772 1848 3874 1902 μοι
3914 1825 3998 1890 εἷς
4037 1824 4349 1907 μικρότερα
4388 1849 4562 1890 κατα-

2872 1928 3319 2010 κεκερματίσθαι
3343 1927 3381 2005 ἡ
3408 1929 3514 1988 τοῦ
3541 1926 3851 2007 ἀνθρόπου
3870 1927 4069 2007 φύσις.
4142 1925 4458 1991 Plutarch.
4479 1926 4559 1992 de

2870 2029 3124 2094 Animae
3151 2027 3458 2092 Procreat.
3488 2050 3551 2115 p.
3580 2045 3765 2094 1020.
3796 2027 3881 2092 L.
3912 2049 3974 2115 p.
4004 2047 4149 2114 153.
4183 2029 4554 2116 Wyttenb.;

2870 2134 3077 2196 -εἵτε
3118 2129 3388 2210 τέμνοιτο
3435 2129 3934 2211 κερματιζομένων
3973 2133 4057 2199 εἰς
4095 2134 4276 2216 μόρια
4301 2138 4418 2198 τῶν
4447 2160 4554 2214 μο·

2870 2235 3084 2300 νάδων.
3160 2233 3262 2299 Cf.
3301 2231 3690 2298 Schleusneri
3744 2234 3906 2298 Lex.
3959 2234 4043 2300 N.
4062 2233 4143 2300 T.
4182 2234 4247 2298 in
4289 2261 4555 2318 κερματι·

2872 2336 3029 2417 στής.
3112 2335 3389 2401 Plotinus
3434 2358 3623 2424 supra
3664 2358 3765 2424 ap.
3802 2336 4044 2403 Euseb.
4094 2338 4170 2402 P.
4191 2339 4276 2403 E.
4319 2361 4384 2426 p.
4413 2339 4560 2425 833.

2870 2441 2965 2505 A:
3016 2439 3497 2522 κερματιζομένου
3548 2441 3614 2504 δὲ
3670 2444 3777 2503 τοῦ
3823 2440 4114 2519 σόματος,
4172 2439 4268 2523 ἐφ’
4332 2440 4560 2527 ἑκάστῳ

2865 2543 3094 2626 μέρειῆ
3125 2543 3270 2623 αὐτὴ
3309 2544 3548 2621 ποιότης
3581 2541 3773 2622 μένει.
3849 2542 3954 2608 Cf.
4002 2541 4233 2608 Plotin.
4278 2543 4441 2608 infra
4482 2545 4555 2607 V.

2871 2649 2928 2712 8.
2962 2669 3025 2733 9.
3073 2647 3187 2712 v1.
3222 2665 3281 2713 2.
3317 2665 3373 2711 2.
3421 2646 3539 2709 VI.
3577 2664 3633 2709 2.
3671 2643 4113 2712 12.—Deinde
4151 2668 4295 2711 cum
4343 2645 4561 2712 Ficino

2868 2769 2930 2815 et
2973 2750 3115 2816 cod.
3161 2750 3462 2816 Vaticano
3506 2749 4004 2839 interrogationis
4047 2751 4296 2841 signum
4338 2754 4560 2819 sustuli

2868 2870 3010 2942 post
3037 2853 3228 2939 ψυχή,
3261 2868 3324 2918 et
3351 2854 3531 2941 posui
3561 2869 3705 2942 post
3732 2853 3985 2936 φθοράν.

2954 2979 3013 3044 p.
3041 2956 3186 3042 869,
3223 2973 3283 3038 7.
3318 2961 3458 3023 Πῦς
3485 2956 3782 3035 οὖν-ἥδε
3812 2954 3927 3039 (sic
3948 2953 4093 3020 dedi
4112 2978 4192 3019 ex
4212 2956 4409 3023 Vatic.
4442 2982 4558 3046 pro

2865 3061 2902 3139 ἡ
2933 3062 3028 3144 δὲ)
3061 3062 3144 3125 εἰς
3182 3064 3353 3138 σῶμα
3394 3059 3632 3142 ἔρχεται
3652 3059 3706 3147 ς]
3756 3057 3998 3146 Taylor
4031 3057 4114 3122 ad
4153 3058 4322 3126 hunc
4349 3061 4555 3128 locum

2866 3160 3161 3226 versionis
3200 3183 3329 3225 suae
3372 3160 3625 3227 exhibet
3664 3160 3870 3225 locum
3916 3160 4116 3227 Procli
4144 3161 4207 3228 in
4239 3164 4555 3231 Timaeum

2865 3288 2932 3354 p.
2954 3285 3100 3353 343.
3148 3278 3211 3330 et
3267 3263 3523 3352 quidem
3571 3263 3812 3353 anglice
3861 3287 4253 3347 conversum,
4300 3291 4428 3356 quo
4474 3270 4555 3336 de

2865 3367 3212 3431 animarum
3270 3366 3567 3431 descensu
3626 3365 3909 3454 loquitur
3967 3365 4068 3432 hic
4122 3367 4550 3459 philosophus,

2870 3469 2992 3535 Sed
3032 3492 3146 3534 nos
3174 3470 3254 3535 de
3284 3470 3400 3534 hac
3429 3469 3713 3535 doctrina
3751 3486 3816 3535 et
3848 3492 4040 3558 supra
4071 3469 4344 3538 diximus
4374 3474 4453 3539 ad
4484 3499 4550 3564 p.

2865 3573 3015 3659 381.
3061 3595 3202 3660 sqq.
3248 3588 3309 3638 et
3349 3573 3634 3661 proxime
3677 3572 3956 3638 dicemus
3998 3572 4079 3637 ad
4123 3573 4371 3642 initium
4413 3578 4553 3645 libri

2865 3677 3179 3764 sequentis
3226 3701 3293 3765 Ρ.
3316 3678 3468 3758 468.
3499 3679 3583 3740 A.
3673 3677 3969 3742 Proxime
4012 3700 4130 3765 pro
4178 3679 4343 3754 ὅσος,
4385 3684 4554 3769 quis-

2863 3784 3028 3869 quis,
3084 3780 3341 3846 Ficinus
3388 3780 3693 3869 expressit
3740 3782 3910 3855 ὅσον,
3960 3791 4283 3868 quantum.
4373 3783 4552 3850 Libri

2867 3885 3068 3948 MSS.
3098 3883 3258 3948 illud
3285 3882 3574 3961 retinent,
3606 3897 3670 3947 et
3699 3882 4033 3971 respondet
4058 3882 4115 3947 01
4148 3883 4212 3948 111
4244 3887 4552 3973 sequenti-

2863 3986 2986 4050 bus
3022 3986 3055 4050 δ
3096 3984 3144 4051 δ’
3187 3987 3284 4050 ἄν.
3384 3984 3565 4050 Idem
3610 4007 3758 4049 mox
3797 3985 4099 4073 expressit
4140 3987 4320 4063 οἶδεν,
4354 3993 4551 4055 novit.

2867 4089 2951 4155 At
2978 4088 3261 4177 plerique
3288 4088 3431 4153 libri
3460 4087 3694 4153 habent
3724 4088 3900 4162 εἶδεν,
3937 4089 4118 4154 vidit.

2947 4231 3033 4243 —
3066 4213 3161 4259 12.
3212 4193 3499 4273 -ὥσπερ
3551 4195 3724 4256 κυοῦν
3776 4189 3873 4256 ἀπ’
3928 4192 4137 4266 αὐτῶν,
4187 4193 4284 4256 καὶ
4341 4193 4553 4260 ὦδῖνον

2862 4297 3180 4383 γεννῆσαι]
3221 4296 3542 4359 Platonem
3565 4293 3847 4358 imitatur
3871 4293 4136 4358 Conviv.
4165 4316 4231 4381 p.
4262 4297 4405 4360 206.
4431 4296 4549 4361 sub

2861 4397 2970 4462 fin.
3004 4420 3066 4484 p.
3091 4399 3240 4482 436.
3275 4396 3480 4462 Bekk.
3507 4422 3520 4461 :
3570 4398 3714 4462 ὅθεν
3743 4396 3813 4476 δὴ
3840 4401 3920 4484 τῷ
3965 4399 4200 4462 κυοΰντί
4222 4424 4290 4463 τε
4321 4402 4417 4465 καὶ
4442 4401 4550 4482 ἤδη

2864 4505 3205 4583 σπαργῶντι
3231 4499 3432 4578 πολλὴ
3458 4501 3495 4580 ἡ
3523 4500 3770 4579 πτόησις
3806 4498 4024 4581 γέγονε
4063 4500 4199 4582 περὶ
4236 4501 4305 4565 τὸ
4345 4504 4550 4578 καλὸν,

2864 4607 2960 4667 διὸ
3000 4603 3069 4667 τὸ
3106 4601 3371 4684 μεγάλης
3412 4602 3619 4669 ὠδῖνος
3663 4603 3948 4667 ἀπολύειν
3987 4602 4093 4667 τὸν
4136 4603 4375 4687 ἔχοντα.
4447 4607 4551 4671 Cf.

2863 4706 2944 4771 (10
2987 4703 3267 4793 Republ.
3302 4705 3423 4769 VI.
3466 4729 3531 4792 Ρ.
3552 4725 3702 4790 490.
3749 4728 3813 4792 p.
3843 4706 3989 4791 285.
4032 4704 4233 4771 Bekk.
4279 4707 4454 4772 Tim.
4486 4733 4553 4797 p.

2865 4810 2967 4874 86.
2996 4832 3060 4897 p.
3095 4828 3236 4895 139.
3281 4808 3361 4872 (10
3407 4808 3610 4896 Legg.
3656 4807 3770 4871 lv.
3803 4826 3949 4892 717.
3996 4832 4064 4896 p.
4087 4828 4235 4895 357.
4282 4811 4551 4899 Epistol.

2867 4913 2964 4977 ΙΙ.
3013 4931 3248 4999 Ρ.313.
3298 4913 3371 4975 Α.
3462 4911 3573 4976 Ad
3614 4911 3804 4976 verba
3852 4927 3916 4975 et
3968 4912 4299 4977 sententias
4342 4915 4555 4980 confer

2868 5013 3160 5080 Proclum
3206 5014 3270 5077 in
3309 5012 3507 5078 Alcib.
3554 5036 3649 5102 pr.
3698 5037 3762 5100 p.
3798 5031 3939 5098 150.
3991 5013 4423 5102 Olympiodor.
4472 5018 4552 5083 ad

2864 5117 3053 5182 eund.
3106 5141 3171 5203 p.
3201 5134 3235 5200 7
3260 5118 3444 5183 ι-ὦς
3489 5117 3789 5181 ὠδύνοντα
3836 5115 3988 5203 (leg.
4038 5117 4353 5203 ὠδίνοντα)
4410 5121 4557 5203 πρὸς

2863 5227 3055 5295 τοῦτο,
3101 5230 3174 5285 ut
3210 5223 3319 5309 qui
3354 5242 3600 5307 pronus
3642 5228 3798 5284 esset
3844 5219 3932 5282 ad
3971 5219 4151 5285 illud.
4226 5220 4367 5284 Vid.
4410 5245 4554 5309 quae

2863 5323 2949 5387 ibi
2978 5322 3372 5388 laudavimus
3401 5323 3461 5388 in
3496 5325 3736 5387 Annot.
3767 5336 3830 5387 et
3867 5323 4081 5386 confer
4114 5323 4318 5409 ipsum
4364 5324 4559 5391 Ploti-

2866 5448 3015 5490 num
3065 5450 3256 5516 supra
3311 5450 3376 5515 Ρ.
3400 5429 3550 5513 346.
3587 5427 3673 5489 D.
3762 5424 3956 5490 Adde
4018 5426 4420 5491 Damascium
4478 5428 4560 5493 de

2869 5528 3196 5617 Principiis
3233 5553 3295 5618 p.
3323 5550 3424 5615 79.
3459 5528 3555 5594 ed.
3604 5530 3859 5617 Kopp.=
3908 5530 4065 5593 ὥστε
4105 5531 4199 5594 καὶ
4243 5532 4276 5593 ὁ
4321 5534 4476 5605 νοῦς,
4522 5528 4559 5612 ᾗ
