5118 6613
1020 535 1153 602 310

1022 690 1202 756 cione
1258 684 1579 752 liberanda
1629 683 1891 749 censuit.
2007 683 2223 749 Etiam
2282 682 2600 748 Lucianus
2656 680 2719 746 in

1022 791 1390 881 Lexiphane
1422 791 1477 854 Ι.
1509 812 1574 876 p.
1602 808 1754 874 319.
1786 789 2092 853 Wetsten.
2119 812 2135 852 z
2183 785 2461 869 νέκταρος
2488 783 2604 867 γάρ
2633 810 2717 849 τι-

1024 922 1126 964 νος
1170 896 1361 961 ἔοικας
1403 890 1782 975 οἰνοχοήσειν
1822 892 1962 972 ἡμῖν
2001 888 2098 956 ἀπ’
2132 890 2328 955 αὐτοῦ.
2421 890 2719 953 Ceterum

1022 996 1196 1085 quod
1231 995 1516 1060 Plotinus
1558 992 1737 1057 addit
1782 994 1876 1057 καὶ
1918 997 2298 1074 πληρωθεῖσι,
2333 1012 2456 1055 non
2502 1013 2718 1078 super-

1020 1100 1246 1180 fluum,
1279 1096 1586 1186 siquidem
1624 1110 1696 1161 ut
1739 1095 2081 1184 plurimum
2111 1095 2435 1174 οζνῶμενον
2462 1092 2718 1158 distinc-

1021 1220 1158 1269 tum
1191 1201 1411 1267 volunt
1442 1199 1652 1266 Graeci
1680 1222 1719 1263 a
1743 1200 2022 1279 μεθύοντι
2053 1195 2463 1284 (wesseling.
2493 1195 2575 1261 ad
2607 1195 2721 1261 Di-

1019 1306 1192 1372 odor.
1228 1307 1284 1370 1.
1317 1320 1422 1390 57.
1469 1327 1535 1390 p.
1569 1304 1673 1387 67.
1748 1301 2087 1389 Mangeius
2128 1299 2210 1364 ad
2256 1299 2509 1364 Philon.
2542 1299 2605 1364 1.
2654 1321 2718 1386 p.

1018 1414 1201 1496 350.)
1292 1408 1460 1473 Nam
1505 1429 1696 1494 supra
1725 1404 2083 1489 (Platonem
2128 1418 2378 1469 secutus
2418 1402 2483 1466 in
2532 1404 2718 1490 Sym·

1021 1512 1177 1601 posii
1208 1511 1248 1576 l.
1274 1510 1344 1591 l.)
1379 1534 1440 1599 p.
1468 1529 1615 1594 299.
1646 1513 1721 1573 A.
1757 1522 2022 1596 usurpat
2062 1508 2303 1589 μεθύειν
2336 1510 2417 1593 τῷ
2462 1505 2717 1587 νέκταρι,

1018 1630 1082 1681 et
1111 1614 1264 1679 ibid.
1299 1614 1401 1678 D:
1447 1615 1544 1678 καὶ
1572 1614 1764 1677 εὕδειν
1794 1615 1921 1676 ἐκεῖ
1957 1613 1991 1676 ὁ
2036 1607 2235 1692 Πόρος
2277 1610 2364 1678 οἶς
2408 1610 2718 1690 ἐπληρῶθη

1018 1716 1456 1800 βεβαρημένος.
1554 1714 1742 1779 Philo
1790 1716 1836 1779 J
1845 1713 1948 1778 ud.
2002 1712 2083 1777 de
2137 1712 2406 1777 Plantat.
2460 1711 2603 1776 Noe
2651 1734 2717 1799 p.

1022 1841 1166 1908 234.
1197 1844 1251 1885 a.
1298 1844 1362 1908 p.
1394 1819 1537 1900 148.
1568 1816 1825 1883 Pseiff.:
1882 1816 2066 1882 Ἔστι
2113 1816 2315 1881 τοίνυν
2359 1814 2429 1878 τὸ
2478 1816 2720 1894 μεθύειν

1019 1926 1231 1997 διττὸν,
1264 1923 1331 1987 ἐν
1357 1923 1471 2001 μὲν
1499 1923 1637 1986 ἴσον
1664 1947 1721 1985 τι
1748 1924 1829 2008 τῷ
1859 1922 2184 1984 οἰνοῦσθαι.
2234 1918 2439 1999 ἕτερον
2471 1919 2536 1981 δὲ
2579 1919 2720 1981 ἴσον

1017 2028 1098 2112 τῷ
1142 2031 1348 2107 ληρεῖν
1393 2025 1461 2088 ἐν
1499 2027 1659 2110 οἴνῳ.
1754 2025 1919 2089 Cum
1968 2021 2065 2086 his
2107 2044 2254 2087 vero
2294 2020 2442 2086 locis
2484 2018 2719 2085 Plotini

1016 2126 1363 2216 comparari
1388 2125 1621 2191 debent
1650 2125 1785 2191 haec
1820 2124 2029 2191 Procli
2057 2125 2119 2189 in
2151 2123 2313 2189 Plat.
2341 2122 2569 2188 Theol.
2599 2125 2716 2188 IV.

1024 2251 1126 2317 15.
1158 2253 1223 2318 p.
1252 2248 1414 2294 202:
1462 2231 1499 2310 ἡ
1543 2231 1609 2293 δὲ
1653 2227 1938 2312 τρόφιμος
1978 2235 2097 2293 τῶν
2140 2234 2293 2294 θεῶν
2336 2228 2496 2293 αἰτία
2541 2224 2719 2308 νοητή

1016 2360 1104 2402 τις
1148 2335 1314 2398 ἐστὶν
1343 2333 1554 2400 ἕνωσις
1594 2332 1703 2412 τὴν
1745 2334 1896 2413 ὅλην
1935 2336 2335 2412 συλλαβοῦσα
2376 2329 2718 2411 τελειότητα

1016 2442 1134 2501 τῶν
1164 2441 1316 2501 θεῶν
1347 2438 1414 2500 ἐν
1446 2437 1642 2517 ἑαυτῇ,
1677 2436 1773 2499 καὶ
1802 2439 2114 2517 πληροῦσα
2149 2434 2283 2501 τοὺς
2325 2434 2494 2502 θεοὺς
2535 2434 2719 2514 ἆκμῆς

1019 2540 1114 2605 καὶ
1143 2539 1459 2619 δυνάμεως,
1494 2541 1577 2606 εἵς
1604 2564 1672 2604 τε
1710 2538 1819 2618 τὴν
1845 2536 2131 2621 πρόνοιαν
2158 2543 2278 2601 τῶν
2306 2536 2594 2619 δευτέρων
2624 2536 2719 2601 καὶ

1015 2643 1124 2721 τὴν
1155 2640 1364 2722 νόησιν
1386 2642 1495 2720 τὴν
1525 2642 1817 2723 ἄτρεπτον
1842 2647 1962 2706 τῶν
1987 2643 2254 2724 πρώτων.
2284 2639 2421 2705 ἀλλ’
2453 2641 2576 2705 ἄνω
2603 2643 2718 2721 μὲν

1018 2747 1287 2811 ἑνοειὸὣς
1315 2745 1537 2809 τούτων
1566 2746 1625 2808 οἰ
1653 2745 1779 2809 θεοὶ
1805 2744 2147 2829 μετέχουσι,
2181 2746 2249 2810 ἐν
2278 2747 2344 2809 δὲ
2371 2749 2499 2812 ταῖς
2533 2741 2713 2826 προό-

1015 2851 1138 2914 δοις
1164 2850 1387 2911 ἑαυτῶν
1416 2845 1790 2927 διῃρημένως.
1824 2844 2028 2912 Ὅπου
2069 2846 2138 2926 δὴ
2181 2847 2275 2911 καὶ
2304 2850 2405 2926 τῆς
2430 2850 2653 2930 τροφῆς
2679 2847 2716 2926 ἡ

1013 2951 1127 3029 μὲν
1171 2948 1476 3030 ἀμβροσία
1519 2952 1784 3013 καλεῖται
1827 2952 1991 3030 παρὰ
2031 2953 2137 3013 τοῦ
2181 2947 2527 3022 Πλάτωνος,
2569 2949 2607 3028 ἦ
2651 2951 2716 3013 δὲ

1018 3050 1250 3132 νέκταρ.
1297 3048 1461 3131 Πρὸς
1489 3051 1553 3113 δὲ
1580 3048 1688 3129 τὴν
1717 3050 1969 3132 φάτνην,
2001 3051 2153 3133 φησὶ
2185 3050 2402 3133 (Plato
2428 3050 2492 3115 in
2525 3051 2712 3116 Phae-

1016 3151 1116 3217 dri
1143 3151 1186 3217 l.
1204 3151 1283 3238 l.)
1314 3152 1448 3219 τοὺς
1476 3154 1687 3220 ἵππους
1716 3152 1942 3233 στήσας
1960 3153 2312 3236 παρέλαβεν
2343 3153 2411 3238 (l.
2442 3154 2713 3237 παρέβα-

1014 3260 1155 3341 λεν)
1182 3255 1542 3337 ἇμβροσίαν,
1581 3255 1676 3319 καὶ
1705 3253 1795 3321 ἐπ’
1820 3256 1963 3339 αὐτῇ
1988 3256 2199 3339 νέκταρ
2225 3255 2503 3324 ἐπότισεν
2524 3285 2576 3323 κ.
2591 3283 2642 3322 τ.
2652 3265 2713 3324 λ.

1016 3358 1256 3426 Julian.
1288 3357 1495 3446 Epist.
1532 3359 1866 3424 XXVII:
1914 3360 1983 3424 τὸ
2034 3363 2151 3442 γὰρ
2197 3362 2293 3426 ἀεὶ
2336 3362 2472 3444 περὶ
2523 3363 2718 3427 αὐτῶν

1015 3465 1251 3529 ἀκούειν
1281 3462 1376 3526 καὶ
1404 3461 1612 3544 λέγειν
1643 3462 1773 3527 ἔστι
1799 3489 1903 3544 μοι
1932 3462 2167 3545 νέκταρ.
2255 3465 2417 3543 Quae
2444 3464 2718 3530 formula

1014 3564 1329 3652 proverbii
1372 3564 1500 3628 vim
1543 3563 1774 3653 adepta
1815 3580 1930 3633 est.
2021 3566 2168 3633 Vid.
2209 3568 2286 3632 L.
2317 3570 2411 3633 H.
2446 3569 2714 3658 Heyler.

1014 3666 1095 3732 ad
1125 3690 1271 3733 eum
1300 3666 1525 3732 locum.
1556 3691 1619 3756 p.
1648 3687 1793 3754 291.

1101 3794 1166 3857 p.
1198 3789 1384 3848 1020,
1416 3791 1481 3857 3.
1511 3771 1647 3836 ἀλλ’
1682 3771 1810 3857 ἔχει
1845 3772 1913 3837 τὸ
1954 3772 2134 3852 ὀξέως
2176 3775 2331 3856 όρῶν
2360 3778 2427 3840 ἐν
2455 3777 2610 3862 αὐτῷ
2646 3775 2715 3840 τὸ

1016 3874 1346 3961 ὁρώμενον]
1396 3873 1734 3939 Vaticanus
1761 3896 1884 3939 non
1916 3874 2196 3962 agnoscit
2224 3875 2312 3952 τὸ,
2343 3892 2535 3964 atque
2568 3900 2711 3942 cum

1020 3975 1276 4040 Ficinus
1304 3976 1646 4041 masculino
1675 3991 1913 4056 utatur,
1943 3977 2257 4065 equidem,
2288 3978 2339 4043 si
2369 4002 2534 4044 unus
2559 3980 2718 4045 liber

1015 4078 1374 4157 addixisset,
1406 4080 1814 4166 reposuissem
1854 4082 1888 4145 ὁ
1935 4080 2115 4160 ὀξέως
2158 4083 2330 4163 ὀρῶν,
2373 4082 2716 4170 praesertim

1017 4204 1158 4244 cum
1190 4181 1474 4268 proxime
1501 4181 1566 4245 in
1598 4182 1756 4266 ἔχων
1783 4182 2169 4249 consentiant
2195 4207 2429 4250 omneS.

1108 4320 1189 4331 —
1215 4301 1273 4366 7.
1317 4286 1519 4366 ὥσπερ
1567 4288 1624 4349 εἴ
1658 4311 1744 4353 τις
1787 4286 1902 4350 ὑπὸ
1952 4291 2091 4351 θεοῦ
2136 4289 2542 4372 κατασχεθεὶς,
2575 4295 2717 4355 Φοι-

1021 4384 1324 4466 βόληπτος
1362 4385 1399 4466 ἢ
1436 4385 1549 4451 ὑπό
1593 4413 1750 4456 τινος
1794 4389 2065 4475 Μούσης]
2121 4391 2207 4478 In·
2233 4390 2564 4456 Herodoto
2596 4393 2716 4457 1v.

1027 4509 1127 4574 13.
1171 4487 1411 4575 aliquot
1454 4488 1594 4553 libri
1640 4492 1838 4555 MSS.
1884 4490 2002 4556 hoc
2044 4492 2249 4581 ipsum
2285 4493 2558 4562 offerunt
2599 4519 2719 4585 pro

1025 4590 1241 4656 Ionico
1272 4590 1745 4674 φοιβόλαμπτος,
1778 4594 1984 4659 minus
2014 4611 2200 4661 recte.
2276 4598 2608 4686 Longinus
2635 4599 2717 4665 de

1025 4693 1290 4759 Sublim.
1323 4695 1515 4758 XVI.
1553 4714 1608 4760 2.
1642 4719 1705 4783 p.
1737 4698 1838 4761 68.
1874 4698 2182 4765 Weiskii:
2228 4699 2309 4764 de
2339 4703 2713 4770 Demosthe-

1023 4820 1135 4861 ne:
1171 4796 1308 4861 ἀλλ’
1343 4797 1561 4876 ἐπειδὴ,
1596 4796 1854 4882 καθάπερ
1882 4803 2267 4880 ἐμπνευσθεὶς
2295 4806 2575 4888 ἐξαίφνης
2601 4810 2717 4874 ὑπὸ

1024 4904 1164 4965 θεοῦ
1216 4901 1311 4964 καὶ
1357 4902 1538 4964 οἱονεὶ
1590 4899 1999 4983 φοιβόληπτος
2048 4904 2369 4986 γενόμενος
2417 4908 2523 4973 τὸν
2573 4915 2720 4977 κατὰ

1022 5009 1139 5067 τῶν
1168 5003 1426 5085 ἆρίστων
1453 5007 1554 5081 τῆς
1579 5001 1875 5073 Ἑλλάδος
1904 5007 2081 5088 ὅρκον
2111 5009 2507 5090 ἐξεφώνησεν.
2578 5013 2717 5101 Ly-

1022 5105 1302 5195 cophron
1332 5106 1396 5169 in
1427 5106 1778 5170 Cassandra
1817 5130 1878 5171 v.
1919 5110 2098 5188 1460.
2147 5109 2306 5175 hanc
2347 5110 2544 5198 ipsam
2590 5116 2715 5180 vir-

1020 5210 1229 5297 ginem
1274 5209 1382 5288 τὴν
1424 5206 1838 5291 φοιβόληπτον
1880 5209 2167 5294 χελιδόνα
2207 5213 2502 5301 appellat,
2543 5220 2717 5304 quod

1025 5313 1248 5376 Tzetz.
1282 5311 1346 5374 in
1381 5310 1641 5376 Scholiis
1668 5335 1730 5399 p.
1765 5318 1947 5393 1046.
1980 5312 2329 5401 explicant:
2379 5317 2486 5397 τὴν
2510 5346 2715 5399 nav-n-

1027 5415 1150 5492 κήν,
1182 5428 1246 5479 et
1274 5413 1675 5496 φοιβόληπτοι
1701 5414 1830 5480 sive
1860 5415 2211 5499 θεοφόρητοι
2239 5417 2412 5498 dicti,
2443 5423 2556 5508 qui
2586 5423 2715 5491 dae-

1026 5516 1245 5594 monis»,
1276 5517 1404 5582 sive
1433 5515 1581 5583 boni
1609 5516 1735 5596 sive
1765 5517 1931 5598 mali,
1954 5518 2248 5587 instinctu
2279 5520 2583 5606 divinant,
2606 5543 2718 5595 aut

2013 508 2856 576 ANNOTATIONES
2904 510 3015 574 IN
3062 510 3506 576 PLOTINI

2805 680 3057 769 quidvis
3097 681 3269 748 aliud
3309 683 3535 753 mentis
3577 706 3707 750 suae
3750 707 3876 750 non
3914 700 4234 774 compotes
4274 704 4499 775 agunt.

2809 783 2982 849 Hinc
3023 784 3208 850 etiam
3252 785 3334 851 ad
3378 801 3615 873 poetas,
3644 803 3918 854 oratores
3961 789 4353 869 transfertur,
4383 790 4496 855 ob-

2807 903 3089 953 servante
3119 890 3285 954 Mer.
3320 889 3694 956 Casaubono
3735 890 3815 956 ad
3860 892 4174 957 Antonin.
4209 894 4386 958 XII.
4434 892 4499 958 in

2805 989 2904 1055 ed.
2938 990 3242 1057 Gatakeri
3285 1015 3348 1080 p.
3381 1010 3533 1074 420.
3624 993 3814 1073 Quod
3854 994 4035 1060 addit
4078 994 4406 1061 Plotinus:
4461 995 4499 1077 ἢ

2804 1091 2919 1159 ὑπό
2946 1120 3108 1164 τινος
3134 1098 3386 1177 Μούσης
3415 1098 3887 1181 (κατασχεθεὶς),
3918 1098 4094 1164 haud
4120 1099 4312 1165 dubie
4355 1115 4506 1165 ante

2805 1195 3018 1263 oculos
3061 1197 3285 1264 habuit
3327 1199 3518 1264 alium
3570 1199 3773 1265 locum
3817 1201 4097 1267 Phaedri.
4186 1203 4293 1268 Ita
4334 1201 4499 1267 enim

2805 1323 2870 1388 p.
2903 1319 3046 1386 245.
3074 1324 3129 1366 a.
3176 1325 3242 1390 p.
3271 1318 3381 1388 37.
3429 1301 3628 1367 Bekk.
3738 1302 3972 1369 Plato:
4038 1306 4201 1387 τρίτη
4257 1307 4325 1370 δὲ
4381 1304 4499 1370 ἀπὸ

2806 1407 3073 1468 Μουσῶν
3112 1403 3423 1488 κατακωχή
3465 1430 3531 1469 τε
3577 1405 3672 1469 καὶ
3711 1407 3896 1486 μανία
3937 1410 4219 1487 λαβοῦσα
4261 1407 4500 1487 ἁπαλὴν

2807 1506 2904 1570 καὶ
2952 1506 3183 1587 ἄβατον
3235 1508 3463 1591 ψυχὴν,
3524 1509 3841 1591 ἐγείρουσα
3897 1510 3992 1573 καὶ
4049 1512 4501 1595 ἐκβακχεύουσα

2806 1607 2954 1672 κατά
2989 1634 3057 1674 τε
3094 1607 3247 1696 ᾠδὸς
3289 1611 3384 1674 καὶ
3429 1612 3576 1675 κατὰ
3625 1610 3733 1691 τὴν
3772 1612 3966 1691 ἄλλην
4002 1614 4244 1693 ποίησιν
4283 1640 4333 1677 κ.
4353 1639 4408 1676 τ.
4429 1620 4492 1678 λ.

2807 1709 2988 1775 Idem
3018 1710 3099 1776 de
3129 1712 3333 1800 Legg.
3363 1714 3518 1777 VII.
3554 1731 3700 1797 790.
3728 1712 3794 1779 d.
3816 1737 3869 1779 e.
3916 1738 3979 1803 p.
4004 1718 4062 1779 6.
4097 1714 4300 1781 Bekk.
4325 1741 4340 1782 ε
4390 1741 4492 1781 κα-

2803 1813 2992 1896 θάπερ
3030 1816 3094 1879 αἰ
3135 1820 3252 1879 τῶν
3292 1812 3601 1897 ἐκφρόνων
3626 1821 3930 1901 βακχειῶν
3960 1817 4162 1887 τάσεις
4203 1821 4383 1899 ταύτῃ
4424 1822 4496 1900 τῇ

2803 1920 2904 1997 τῆς
2932 1917 3213 1998 κινήσεως
3242 1917 3363 1997 ἅμα
3382 1919 3591 2004 χορείᾳ
3614 1919 3708 1982 καὶ
3727 1921 3922 2000 μούσῃ
3943 1921 4258 2005 χρώμεναι.
4291 1922 4496 2000 Quem

2802 2018 3006 2084 locum
3049 2035 3195 2085 ante
3237 2019 3450 2085 oculos
3491 2020 3780 2086 habuisse
3821 2021 4071 2088 videtur
4115 2023 4296 2089 Philo
4333 2026 4379 2089 J
4384 2024 4495 2090 ud.

2803 2122 2961 2202 Quis
3016 2145 3169 2189 rerr.
3218 2122 3454 2188 divinn.
3515 2122 3714 2189 haeres
3762 2147 3827 2212 p.
3853 2125 4005 2205 482.
4064 2126 4168 2191 ed.
4213 2126 4496 2216 Mangeii

2809 2225 2982 2310 (Vid.
3012 2243 3222 2292 annot.
3254 2242 3449 2292 nostr.
3480 2227 3562 2292 ad
3593 2226 3728 2292 Cic.
3759 2226 3840 2293 de
3869 2227 4154 2295 Divinat.
4183 2229 4243 2294 1.
4273 2250 4321 2294 1.
4349 2253 4414 2318 p.
4430 2248 4493 2317 5.

2802 2329 2952 2397 edit.
2982 2329 3275 2415 Moseri.)
3341 2329 3664 2396 Himerius
3693 2333 3871 2397 Orat.
3907 2333 4123 2399 XIII.
4159 2352 4221 2417 7.
4258 2357 4320 2422 p.
4346 2337 4492 2421 596.

2802 2432 3165 2499 Wernsdf.:
3203 2431 3241 2514 ἢ
3270 2433 3400 2498 οἷον
3429 2433 3538 2498 τὸν
3563 2434 3958 2519 βακχειῶτην,
3988 2438 4139 2501 οὕτω
4168 2440 4286 2520 γὰρ
4316 2438 4495 2504 αὐτὸν

2802 2538 2839 2618 ἡ
2867 2539 3021 2619 λύρα
3065 2542 3254 2611 καλεῖ,
3285 2536 3394 2601 τὸν
3423 2534 3725 2602 Διόνυσον
3752 2537 4040 2620 λέγουσα,
4070 2539 4210 2622 ἦρος
4251 2542 4384 2624 ἄρτι
4423 2543 4492 2607 τὸ

2801 2645 3034 2723 πρῶτον
3064 2638 3505 2722 ἐκλάμψαντος,
3536 2640 3754 2705 ἄνθεσί
3775 2665 3843 2705 τε
3870 2640 4126 2722 ἦρινοῖσι
4162 2645 4258 2708 καὶ
4296 2651 4502 2711 κισσοῖ

2804 2744 3122 2825 κορύμβοις
3165 2744 3440 2809 Μούσαις
3486 2741 3729 2826 κάτοχοι
3766 2745 4002 2824 ποιηταὶ
4043 2745 4381 2829 πέψαντες
4423 2749 4490 2813 ἄ-

2800 2870 2978 2927 γουσι
3006 2872 3056 2910 κ.
3077 2870 3131 2908 τ.
3149 2852 3209 2908 λ.
3259 2843 3551 2910 Proxima
3580 2843 3885 2911 Platonici
3915 2845 4166 2912 Phaedri
4193 2849 4495 2937 expressit

2803 2946 2991 3012 Philo
3030 2949 3076 3012 J
3082 2946 3305 3012 udaeus
3348 2946 3429 3012 de
3474 2947 3878 3013 Providentia
3922 2947 3986 3014 in
4026 2951 4198 3015 vers·
4228 2954 4495 3020 Armen.

2801 3067 2867 3116 et
2895 3049 3100 3115 Latin.
3149 3074 3214 3139 p.
3250 3067 3354 3134 77.
3396 3049 3674 3115 ed.Ven.
3726 3050 3860 3136 (ubi
3902 3051 3966 3116 in
4015 3053 4255 3119 Graecis
4298 3056 4495 3122 scribe

2802 3155 3111 3237 ἀφίκηται)
3142 3153 3419 3241 itemque
3446 3152 3827 3219 Plutarchus
3869 3153 3949 3220 de
3979 3155 4226 3222 Virtute
4262 3158 4496 3224 Morali

2803 3280 2865 3346 p.
2895 3275 3047 3342 452.
3080 3257 3156 3321 B.
3202 3278 3267 3342 p.
3300 3258 3443 3342 845.
3475 3257 3726 3345 Wytt.:
3774 3257 3844 3322 οὗ
3871 3260 3986 3342 γὰρ
4011 3257 4200 3340 μόνον
4230 3262 4299 3327 ἐν
4323 3262 4490 3344 ποιή-

2800 3386 3006 3442 μασιν,
3036 3357 3075 3441 ᾗ
3106 3369 3295 3442 φησιν
3322 3362 3356 3423 ὅ
3386 3359 3668 3436 Πλάτων,
3698 3360 3804 3426 τὸν
3831 3364 4106 3446 τεχνίτην
4147 3365 4242 3428 καὶ
4279 3370 4491 3448 διηκρι-

2800 3462 3080 3545 βωμένον
3102 3466 3136 3527 ὁ
3158 3458 3572 3543 μουσόληπτος
3601 3462 3697 3527 καὶ
3726 3462 4089 3548 κατάσχετος
4117 3466 4495 3536 ἀποδείκνυσι

2804 3571 3048 3650 γελοῖον
3078 3592 3130 3630 κ.
3155 3591 3210 3628 τ.
3227 3573 3288 3629 λ.
3360 3563 3852 3652 olympiodorus
3878 3564 3944 3630 in
3973 3565 4255 3633 Platonis
4283 3570 4493 3637 Alcib.

2803 3692 2901 3756 pr.
2934 3691 2997 3756 p.
3032 3687 3105 3735 2:
3156 3669 3449 3750 Δεύτερος
3492 3666 3924 3750 ἐνθουσιασμός
3964 3671 4131 3736 ἐστιν
4160 3673 4230 3738 ἐν
4256 3677 4326 3755 τῇ
4363 3679 4491 3739 Πο-

2801 3774 3016 3857 λιτείᾳ,
3076 3771 3223 3836 ἔνθα
3273 3768 3686 3851 μουσόληπτος
3740 3774 4004 3854 γεγονὼς
4056 3776 4336 3858 ὑπεκρίθη
4393 3782 4499 3846 τὰς

2802 3877 3056 3943 Μούσας
3098 3898 3183 3939 sc.
3217 3873 3418 3951 Plato,
3460 3872 3572 3960 qui
3613 3872 3846 3938 ibidem
3890 3873 3955 3938 in
3983 3875 4224 3942 Timaeo
4265 3878 4496 3946 dicitur

2802 4003 2933 4045 esse
2974 3976 3331 4059 θεόληπτοςε
3380 3977 3444 4041 in
3475 3976 3784 4042 Phaedro:
3832 3978 4270 4062 νυμφόληπτος.
4358 3987 4493 4051 Ac-

2800 4098 3016 4148 curate
3061 4081 3264 4146 varias
3304 4079 3670 4146 obsessionis
3718 4087 3820 4165 (ut
3861 4080 3950 4146 ita
3993 4081 4224 4168 dicam)
4265 4109 4498 4174 genera

2802 4183 3132 4273 distinguit
3192 4182 3578 4249 lamblichus
3636 4184 3907 4273 Myster.
3964 4185 4105 4250 111.
4153 4205 4221 4272 5.
4281 4211 4346 4276 p.
4386 4192 4494 4278 65.

2805 4289 2949 4355 Gal.
2981 4311 3016 4353 e
3044 4311 3174 4375 quo
3200 4286 3338 4351 loco
3365 4286 3804 4351 tantummodo
3831 4286 4077 4352 initium
4122 4312 4448 4379 excerpam
4474 4321 4490 4360 :

2805 4393 2935 4457 ἔστι
2962 4393 3032 4472 δὴ
3061 4392 3168 4456 οὖν
3194 4393 3398 4455 πολλὰ
3423 4394 3525 4470 τῆς
3553 4390 3715 4458 θείας
3745 4395 4084 4475 κατακωχῆς
4110 4394 4235 4473 εἴδη
4264 4398 4489 4477 (extre.

2804 4518 2967 4560 mam
2998 4516 3211 4558 vocem
3244 4515 3366 4557 non
3395 4506 3743 4580 agnoscunt
3780 4491 3922 4558 libri
3952 4493 4103 4580 mei)
4138 4497 4234 4560 καὶ
4260 4506 4490 4564 πολλα-

2801 4605 2941 4684 χῶς,
2963 4599 3001 4678 ἡ
3024 4597 3155 4662 θεία
3184 4598 3461 4660 ἐπίπνοια
3487 4597 3867 4660 ἆνακινεῖται·
3899 4597 4042 4661 ὅθεν
4070 4597 4141 4677 δὴ
4170 4599 4265 4663 καὶ
4292 4607 4497 4669 πολλὰ

2802 4705 2876 4767 τὰ
2902 4705 3120 4781 σημεῖα
3147 4699 3322 4779 αὐτῆς
3353 4700 3481 4763 ἐστι
3509 4697 3886 4782 διαφέροντα.
3978 4699 4194 4765 Scribe
4234 4703 4329 4767 καὶ
4367 4709 4492 4770 δια-

2805 4803 3090 4887 φέροντα.
3180 4803 3286 4867 Ita
3312 4799 3475 4865 enim
3505 4823 3719 4866 omnes
3754 4800 4017 4880 codices,
4045 4826 4315 4890 quorum
4345 4808 4492 4894 qui-

2805 4906 2948 4973 dem
2978 4905 3267 4971 lectiones
3295 4904 3516 4968 haben.
3608 4902 3732 4968 Sed
3761 4916 3935 4970 totus
3970 4904 4144 4972 locus
4170 4930 4311 4972 cum
4344 4910 4491 4976 Plo-

2804 5009 3039 5075 tiniano
3064 5007 3409 5095 comparari
3430 5005 3638 5072 debet.

2872 5149 2960 5162 —
2980 5131 3075 5176 10.
3096 5113 3173 5175 ΕΖ
3200 5109 3268 5175 δέ
3295 5136 3381 5178 τις
3406 5110 3569 5190 ἡμῶν
3597 5111 3901 5176 ἆδυνατῶν
3928 5111 4143 5177 ἑαυτὸν
4169 5115 4343 5201 όρᾷν]
4382 5118 4493 5182 Se-

2803 5214 3062 5304 quentia
3099 5226 3244 5278 ante
3286 5211 3499 5278 oculos
3541 5211 3833 5279 habuisse
3873 5212 4128 5279 videtur
4154 5215 4499 5307 Dionysius

2804 5321 3037 5406 Areop.
3068 5316 3149 5382 de
3174 5315 3341 5381 divv.
3374 5336 3604 5380 nomm.
3640 5316 3760 5382 IV.
3789 5337 3852 5402 9.
3898 5340 3967 5405 p.
3997 5319 4156 5402 561:
4202 5325 4406 5405 ψυχῆς
4431 5327 4499 5390 δὲ

2806 5424 3031 5506 κίνησίς
3059 5422 3208 5496 ἐστι,
3244 5419 3482 5499 κυκλικῆ
3505 5422 3637 5500 μὲν,
3669 5420 3707 5500 ἡ
3736 5422 3820 5489 εἰς
3861 5420 4075 5500 ἑαυτὴν
4103 5425 4336 5491 εἴσοδος
4374 5426 4495 5492 ἀπὸ

2803 5532 2922 5592 τῦν
2950 5526 3060 5606 ἔξω
3103 5525 3199 5590 καὶ
3225 5529 3343 5589 τῶν
3372 5528 3594 5605 νοερῶν
3621 5523 3797 5604 αὐτῆς
3838 5523 4141 5605 δυνάμεων
4167 5524 4205 5605 ἡ
4237 5526 4500 5610 ἑνοειδῇς
