5118 6613
1008 598 1138 665 390

1014 767 1220 817 tamen
1273 761 1336 811 et
1385 745 1593 833 ipsum
1639 740 1822 807 bonis
1880 741 2283 830 scriptoribus
2336 754 2708 829 usurpatum

1015 855 1241 921 docent
1268 849 1523 915 collecta
1558 870 1599 912 a
1629 844 1880 933 Vigerio
1921 868 1987 933 p.
2014 847 2144 931 564
2172 860 2236 911 et
2264 868 2303 910 a
2334 843 2614 910 Matthia
2645 842 2711 907 in

1019 960 1301 1025 Gramm.
1330 978 1426 1041 gr.
1460 957 1516 1038 ς.
1545 969 1698 1037 539.
1732 970 1784 1013 1.
1815 948 1918 1014 ed.
1950 948 2058 1013 alt.

1102 1083 1163 1147 p.
1202 1077 1481 1143 1311,1.
1526 1053 1563 1135 ἢ
1593 1057 1655 1118 τί
1692 1053 1769 1118 ἃν
1797 1051 2068 1133 διαφέροι
2109 1053 2176 1116 ἐν
2203 1055 2284 1137 τῷ
2314 1051 2469 1116 εἶναι
2495 1048 2532 1130 ἢ
2561 1051 2717 1118 ὅλως

1014 1163 1093 1243 μὴ
1139 1159 1472 1227 εἶναι-καὶ
1508 1157 1615 1222 τὸν
1644 1159 1846 1239 φόβον
1876 1159 1976 1234 τῆς
2004 1158 2231 1236 φθορᾶς
2261 1181 2309 1218 κ.
2331 1179 2384 1218 τ.
2405 1155 2497 1240 λ.]
2551 1156 2715 1218 Haec

1013 1266 1351 1332 admonent
1381 1259 1697 1327 Ciceronis
1738 1259 1801 1322 in
1836 1256 2124 1322 Tuscull.
2159 1258 2215 1321 1.
2247 1259 2324 1321 6:
2378 1258 2543 1322 “M.
2580 1255 2712 1321 Ubi

1017 1383 1162 1435 sunt
1202 1391 1355 1454 ergo
1397 1364 1486 1442 hi,
1517 1385 1677 1450 quos
1721 1360 1974 1424 miseros
2016 1359 2213 1424 dicis?
2258 1376 2370 1425 aut
2399 1382 2587 1447 quem
2626 1359 2714 1425 lo-

1014 1495 1158 1537 cum
1195 1469 1519 1534 incolunt?
1586 1464 1651 1529 Si
1694 1464 1856 1529 enim
1890 1478 2059 1541 sunt,
2089 1486 2396 1551 nusquam
2426 1486 2557 1528 esse
2588 1486 2710 1528 non

1013 1588 1296 1662 possunt.
1388 1573 1476 1635 A.
1509 1571 1655 1655 Ego
1683 1591 1833 1632 vero
1860 1589 2174 1653 nusquam
2206 1590 2336 1631 esse
2368 1566 2504 1631 illos
2531 1580 2710 1653 puto.

1019 1680 1119 1743 M.
1175 1676 1385 1763 Igitur
1434 1696 1515 1737 ne
1563 1695 1694 1736 esse
1741 1669 2017 1758 quidem.
2127 1671 2214 1734 A.
2271 1671 2541 1734 Prorsus
2595 1670 2715 1734 isto

1014 1779 1242 1857 modo;
1298 1793 1361 1842 et
1403 1792 1608 1841 tamen
1658 1773 1908 1838 miseros
1949 1774 2033 1838 ob
2068 1772 2132 1837 id
2177 1771 2381 1860 ipsum
2428 1771 2712 1859 quidem,

1015 1883 1167 1972 quia
1208 1881 1366 1946 nulli
1415 1879 1621 1944 sunt.”
1707 1878 1911 1947 Quem
1957 1899 2105 1941 vero
2154 1876 2271 1941 ista
2317 1876 2713 1964 objicientem

1018 1987 1306 2053 Plotinus
1348 1980 1688 2048 introducit
1716 1980 1777 2044 h.
1813 1979 1850 2044 l.
1881 1980 1933 2044 is
1966 2003 2044 2043 ex
2075 1979 2532 2067 Epicureorum
2579 2000 2714 2043 sen-

1014 2090 1208 2156 tentia
1249 2087 1500 2152 videtur
1541 2082 1986 2172 argumentari,
2023 2082 2132 2170 qui
2175 2098 2238 2147 et
2279 2082 2344 2146 in
2390 2081 2712 2170 voluptate

1011 2192 1368 2259 felicitatem
1414 2188 1749 2276 ponebant,
1795 2202 1856 2251 et
1907 2185 2065 2250 illud
2107 2186 2347 2273 jactare
2394 2184 2706 2251 solebant:

1009 2297 1089 2363 ‘0
1120 2296 1372 2362 θάνατος
1399 2294 1571 2357 οὐδὲν
1599 2290 1746 2374 πρὸς
1771 2292 1941 2371 ἡμᾶς.
1988 2289 2321 2376 Wyttenb.
2352 2291 2432 2355 ad
2466 2289 2706 2355 Platon.

1012 2398 1322 2466 Phaedon.
1354 2419 1416 2484 p.
1450 2413 1804 2477 142—144.
1895 2394 2191 2458 Proxime
2225 2407 2430 2457 tamen
2461 2393 2712 2482 respicit

993 2502 1286 2569 -Calliclis
1341 2515 1404 2564 et
1454 2497 1748 2563 similium
1805 2495 2055 2585 placita,
2107 2520 2254 2585 quae
2303 2498 2587 2561 Socrates
2644 2495 2711 2561 in

1015 2607 1255 2693 Gorgia
1280 2601 1622 2689 redarguit.
1711 2603 1854 2680 Quo
1882 2599 2194 2688 pertinent
2220 2598 2404 2665 etiam
2435 2624 2532 2678 ea,
2564 2623 2711 2689 quae

1012 2708 1092 2774 de
1129 2709 1306 2793 φιλία
1337 2704 1662 2787 (amicitia)
1692 2705 1794 2768 bic
1832 2703 2151 2790 leguntur.
2228 2702 2369 2767 Vid.
2407 2703 2708 2789 Gorgiam

995 2836 1077 2900 -p.
1109 2827 1257 2896 507.
1290 2833 1344 2872 e.
1391 2831 1456 2895 p.
1495 2823 1634 2892 133.
1670 2805 1870 2870 Bekk.
1955 2807 2052 2870 An
2107 2806 2379 2894 respexit
2423 2805 2711 2871 Plotinus

1014 2913 1244 2979 Timaei
1292 2909 1596 2975 Platonici
1649 2908 1877 2984 locum,
1917 2910 2025 2974 ubi
2067 2909 2147 2973 de
2196 2912 2372 2994 φιλίᾳ
2415 2909 2711 2973 Universi

1012 3017 1223 3103 agitur
1261 3038 1326 3100 p.
1356 3032 1460 3098 32.
1491 3036 1549 3076 e.
1595 3035 1660 3099 p.
1698 3030 1801 3096 29.
1832 3011 2035 3077 Bekk.
2069 3013 2285 3099 (quem
2329 3011 2534 3076 locum
2574 3010 2707 3076 lau-

1011 3118 1123 3183 dat
1157 3117 1344 3182 etiam
1375 3113 1673 3180 Eubulus
1714 3114 1954 3179 advers.
1992 3113 2394 3178 Aristotelem
2435 3115 2499 3178 in
2531 3116 2708 3202 Ang.

1015 3221 1177 3287 Maii
1223 3219 1479 3285 Collect.
1514 3218 1790 3282 Vatican.
1840 3219 1937 3282 II.
1987 3220 2137 3300 674,
2179 3216 2290 3304 qui
2334 3216 2520 3282 etiam
2566 3244 2707 3283 ‹ruv-

1012 3325 1301 3407 δήσαντος
1328 3323 1537 3402 habet,
1563 3345 1766 3409 neque
1792 3321 1987 3408 igitur
2015 3322 2440 3410 patrocinatur
2467 3322 2709 3410 conjec-

1012 3445 1172 3493 turae
1201 3425 1497 3492 Lindavii
1529 3428 2003 3510 συμφύσαντος).

1095 3567 1184 3582 -·
1210 3551 1271 3616 5.
1341 3530 1778 3594 Πλάτων-ἑν
1827 3534 1908 3616 τῷ
1959 3526 2237 3615 Φιλήβῳ]
2319 3528 2711 3593 Obversatur

1014 3634 1265 3701 Plotino
1294 3631 1516 3698 nobilis
1541 3630 1648 3696 illa
1674 3631 2016 3718 disputatio
2045 3631 2110 3695 in
2139 3655 2214 3695 eo
2239 3630 2487 3719 dialogo
2515 3655 2581 3719 p.
2608 3650 2707 3697 22.

1011 3762 1106 3826 sq.
1152 3761 1219 3826 p.
1249 3754 1392 3822 154.
1424 3734 1886 3800 Bekk.:—01²1&
1921 3738 2038 3819 γὰρ
2068 3737 2101 3798 ὁ
2150 3734 2259 3802 σὸς
2298 3739 2453 3810 νοῦς,
2495 3737 2541 3799 ὦ
2580 3736 2707 3800 Σό-

1012 3866 1236 3923 κρατες,
1269 3840 1399 3903 ἔστι
1441 3839 1723 3920 τάγαθὸν,
1763 3837 1899 3902 ἀλλ’
1948 3839 2065 3918 ἕξει
2106 3863 2222 3902 που
2264 3838 2447 3901 ταύτὰ
2491 3837 2707 3920 ἐγκλή-

1009 3969 1167 4025 ματα
1196 3968 1319 4007 κ.τ.
1341 3950 1400 4005 λ.
1478 3940 1601 4005 Cui
1632 3940 1767 4004 loco
1797 3963 1921 4004 non
1950 3939 2303 4005 adhibitum
2343 3940 2533 4004 miror
2564 3939 2710 4005 Plo-

1013 4045 1213 4110 tinum
1242 4067 1282 4108 a
1307 4042 1716 4108 Stallbaumio
1744 4066 1805 4130 p.
1833 4058 1938 4128 54.
1968 4066 2062 4130 sq.
2093 4065 2237 4107 cum
2269 4058 2473 4107 tamen
2503 4042 2708 4130 philo-

1011 4147 1247 4235 sophus
1276 4161 1482 4210 noster
1508 4144 1590 4209 de
1617 4144 1869 4209 consilio
1902 4144 2174 4210 Platonis
2201 4161 2265 4210 et
2292 4145 2372 4210 de
2400 4146 2538 4233 ejus
2569 4169 2706 4210 sen-

1012 4249 1220 4316 tentiis
1247 4264 1535 4336 exponat.
1604 4248 2045 4335 comparanda
2072 4264 2278 4313 autem
2312 4265 2403 4313 est
2429 4271 2575 4313 cum
2604 4248 2712 4313 illa

1010 4352 1205 4418 altera
1250 4351 1591 4439 disputatio
1637 4351 1703 4415 in
1753 4351 2034 4417 Platonis
2077 4351 2317 4439 Gorgia
2359 4375 2425 4439 p.
2456 4355 2586 4436 506
2616 4375 2705 4440 sq.

1011 4478 1078 4543 p.
1118 4475 1236 4541 130
1266 4479 1405 4542 sqq.
1438 4453 1668 4520 Bekk.:
1732 4461 1848 4520 Σω.
1887 4453 2111 4520 Ἀκουε
2150 4456 2218 4536 δὴ
2260 4459 2324 4536 ἐξ
2353 4457 2539 4540 ἀρχῆς
2569 4458 2713 4536 ἐμοῦ

1012 4561 1429 4640 ἀναλαβόντος
1448 4558 1555 4622 τὸν
1574 4559 1787 4640 λόγον.
1841 4555 2001 4642 'Apa
2022 4559 2090 4623 τὸ
2118 4559 2226 4640 ἡδὺ
2256 4560 2351 4624 καὶ
2382 4558 2451 4622 τὸ
2479 4559 2708 4641 ἀγαθὸν

1011 4662 1228 4726 ταύτόν
1257 4664 1460 4735 ἐστινς
1510 4689 1560 4726 κ.
1580 4687 1634 4725 τ.
1653 4669 1713 4725 λ.

1094 4786 1159 4851 p.
1198 4783 1380 4849 1313,
1414 4765 1473 4829 6.
1517 4767 1679 4847 παρὰ
1714 4770 1832 4829 τῶν
1858 4766 2090 4841 ζώντων
2118 4766 2155 4845 ἡ
2186 4764 2494 4845 ἐπιμέλεια
2535 4765 2632 4828 καὶ
2669 4765 2706 4845 ἡ

1010 4865 1304 4956 κήδευσις]
1375 4868 1481 4932 Ita
1523 4890 1741 4955 margo
1789 4882 1852 4932 et
1902 4868 2042 4932 libri
2090 4870 2288 4934 MSS.
2323 4867 2543 4957 optimi
2591 4890 2707 4953 pro

1006 4970 1167 5045 ζῶων
1199 4984 1260 5033 et
1302 4970 1622 5050 ἐπιμένεια.
1717 4971 2193 5037 Substantivum
2243 4972 2509 5052 κήδευσις
2549 4970 2707 5058 adji-

1006 5071 1293 5136 ciendum
1328 5073 1649 5161 exemplis,
1680 5097 1826 5162 quae
1858 5098 2058 5162 nuper
2084 5074 2166 5139 ad
2201 5074 2501 5162 Stephan.
2533 5073 2708 5138 The-

1010 5196 1173 5241 saur.
1215 5175 1597 5263 collegerunt
1627 5177 1743 5241 viri
1785 5177 1952 5241 docti
1996 5192 2060 5241 et
2101 5177 2594 5264 consignandum
2640 5176 2703 5241 in

1011 5277 1369 5344 Schneideri
1402 5279 1658 5344 Lexic0.
1724 5281 2090 5367 Usurpatur
2117 5294 2326 5344 autem
2359 5280 2477 5345 hoc
2504 5302 2706 5367 genus

1008 5403 1229 5444 vocum
1268 5381 1519 5468 proprie
1548 5381 1628 5446 de
1670 5405 1823 5447 cura
1850 5382 2112 5448 mortuis
2153 5382 2456 5470 impertiri
2501 5382 2703 5461 solita,

1009 5483 1239 5547 Zonar.
1275 5485 1433 5548 Lex.
1473 5504 1671 5565 1204:
1731 5484 1950 5564 κήδεια.
2002 5487 2040 5565 ἡ
2086 5485 2266 5569 ταφή·
2330 5487 2425 5550 καὶ
2474 5487 2511 5566 ἡ
2563 5512 2708 5569 συγ-

1008 5587 1293 5669 γαμβρία.
1358 5588 1549 5653 Plura
1574 5612 1653 5654 ex
1677 5589 2119 5657 Grammaticis
2139 5587 2389 5676 collegit
2412 5588 2707 5677 Heynius

1983 567 2840 634 ANNOTATIONES
2907 566 3019 631 IN
3084 563 3537 631 PLOTINI

2796 737 2877 803 ad
2908 737 3098 803 Iliad.
3125 746 3201 822 ψ.
3240 740 3379 802 160.
3423 737 3488 802 in
3533 734 3767 824 quibus
3810 736 3996 802 etiam
4040 739 4178 829 ipsa
4222 766 4344 809 vox
4394 747 4492 829 κῆ.

2798 847 2995 910 δευσις
3035 840 3323 906 occurrit.
3394 842 3443 904 J
3450 839 3708 927 ungitur
3740 856 3954 907 autem
3999 844 4308 924 ἐπιμέλεια
4349 872 4493 915 mm

2798 944 2992 1032 hujus
3031 944 3283 1009 samiliae
3326 942 3661 1008 vocabulis.
3748 943 3875 1009 Dio
3920 946 4174 1012 Cassius
4220 951 4494 1017 XLIII.

2805 1065 2901 1132 17.
2941 1048 3060 1113 sub
3096 1047 3205 1112 fin.
3250 1070 3315 1134 p.
3349 1065 3496 1134 353.
3538 1046 3847 1112 Reimar.:
3903 1049 4013 1129 τὴν
4053 1052 4166 1131 μὲν
4210 1056 4496 1136 πρόνοιαν

2798 1152 2906 1233 τήν
2936 1178 3004 1217 τε
3033 1152 3382 1232 κηδεμονίαν
3410 1151 3517 1231 τὴν
3544 1149 3679 1232 παρ’
3714 1152 3860 1231 ἐμοῦ
3897 1156 4499 1235 καρπούμενοι,-καὶ

2800 1257 2918 1338 ἐγὼ
2953 1256 3030 1323 ὦς
3063 1257 3288 1319 παίδων
3331 1257 3494 1334 ὑμῶν
3535 1255 3917 1335 ἑπιμελῶμαι.
4006 1255 4135 1320 1)ἰο
4166 1259 4493 1348 Chrysost.

2800 1360 2976 1424 Orat.
3009 1359 3218 1422 LIII.
3263 1381 3325 1446 p.
3356 1359 3507 1443 556.
3540 1359 3616 1422 C.
3666 1381 3731 1445 p.
3766 1376 3912 1443 279.
3944 1359 4163 1425 Reisk.
4207 1362 4288 1427 de
4329 1366 4495 1431 Jove

2799 1478 3097 1549 tanquam
3138 1460 3461 1525 hominum
3488 1473 3682 1548 ‚patre
3702 1463 3887 1530 ε-ὧς
3928 1462 4064 1528 δέον
4095 1464 4203 1544 τὴν
4231 1473 4350 1531 τῶν
4375 1475 4493 1549 βα.

2799 1565 3022 1629 σιλέων
3063 1564 3409 1645 ἐπιμέλειαν
3445 1565 3731 1646 πατρικὴν
3761 1565 3855 1629 καὶ
3900 1568 4281 1648 κηδεμονικὴν
4320 1570 4494 1636 εἶναι.

2801 1667 3243 1732 Theodoretus
3263 1667 3325 1731 in
3346 1666 3583 1731 Ezech.
3608 1668 3958 1732 XXXVI.
3980 1667 4117 1733 Vol.
4140 1670 4240 1736 11.
4269 1695 4331 1760 p.
4343 1693 4496 1761 993:

2800 1771 2998 1850 ἐπειδὴ
3048 1774 3165 1853 γὰρ
3210 1770 3419 1837 αὐτοὺς
3464 1772 3631 1851 δίκην
3670 1771 3991 1853 προβάτων
4034 1773 4149 1837 ὑπὸ
4195 1774 4306 1854 τὴν
4349 1778 4495 1858 ἐμὴν

2800 1875 3075 1955 ᾰφῶρισα
3122 1874 3489 1953 κηδεμονίαν,
3535 1878 3872 1954 ποιμενικῆς
3918 1876 4114 1943 αὐτοῖς
4158 1878 4495 1960 ἐπιμελείας

2795 1977 3134 2057 μεταδώσω.
3200 1978 3361 2040 Mox
3390 1975 3574 2039 etiam
3608 1977 4010 2058 ἀμετανόητον
4037 1991 4333 2067 tanquam
4369 1998 4492 2048 ter·

2799 2079 2954 2145 tium
3013 2078 3370 2166 exemplum
3429 2078 3621 2166 hujus
3673 2103 3825 2145 usus
3880 2081 4367 2169 consignandum
4429 2087 4491 2153 in

2798 2182 3050 2248 Lexicis
3076 2197 3187 2247 est.

2881 2323 2970 2335 —
3002 2306 3098 2372 15.
3145 2287 3275 2350 οἷον
3314 2286 3411 2350 ἐπὶ
3449 2289 3529 2372 τῷ
3557 2286 3722 2351 παιδὶ
3764 2287 3857 2350 ὅτι
3889 2287 4178 2369 πάρεστιν
4211 2292 4490 2383 ἥδεσθαι]

2798 2389 2900 2453 Ne
2929 2388 3092 2454 sorte
3119 2388 3261 2475 quis
3289 2403 3491 2476 putet,
3525 2388 3730 2453 minus
3764 2403 3928 2454 recte
3970 2408 4293 2481 acceptum
4323 2395 4493 2463 bunc

2794 2490 2999 2557 locum
3045 2516 3083 2556 a
3122 2491 3342 2556 Ficino
3385 2515 3535 2570 esse,
3568 2507 3631 2556 et
3667 2491 4030 2580 cogitandos
4072 2519 4204 2560 esse
4243 2520 4489 2584 pueros,

2796 2619 2956 2684 quos
2999 2594 3111 2682 qui
3157 2595 3220 2659 in
3266 2594 3498 2659 deliciis
3541 2594 3773 2660 habent
3816 2618 4061 2679 semper
4103 2623 4310 2664 secum
4361 2623 4491 2668 esse

2795 2713 3040 2786 optant,
3078 2713 3141 2762 et
3187 2711 3255 2762 ut
3298 2697 3360 2761 in
3408 2696 3688 2762 Platonis
3735 2699 4066 2787 Symposio
4107 2718 4199 2766 est
4242 2726 4308 2791 p.
4350 2724 4485 2789 192.

2798 2825 2858 2890 p.
2889 2805 3036 2883 408.
3069 2799 3304 2866 Bekk.:
3356 2803 3424 2865 ἐν
3461 2806 3541 2887 τῷ
3582 2803 3736 2890 αὐτῷ
3775 2803 4063 2885 γενέσθαι
4100 2807 4193 2870 ὅτι
4229 2807 4493 2887 μάλιστα

2797 2906 3103 2986 ἀλλήλοις,
3150 2906 3306 2970 ὥστε
3353 2905 3449 2969 καὶ
3495 2907 3677 2970 νύκτα
3721 2907 3815 2970 καὶ
3857 2907 4082 2990 ἡμέραν
4122 2909 4204 2990 μὴ
4247 2912 4488 2977 ἀπολεί-

2795 3013 3015 3073 πεσθαι
3056 3008 3360 3088 ἀλλήλων.
3409 3021 3473 3072 et
3509 3007 3575 3073 in
3615 3008 3954 3074 Charmide
3996 3034 4063 3098 p.
4102 3030 4242 3099 155.
4276 3036 4346 3079 e:
4397 3017 4493 3081 καὶ

2798 3112 3049 3192 ἐνόμισα
3085 3112 3441 3195 σοφώτατον
3479 3110 3632 3176 εἶναι
3673 3112 3781 3177 τὸν
3816 3115 4061 3195 Κριτίαν
4102 3119 4177 3180 τὰ
4220 3118 4489 3200 ἐρωτικὰ,

2796 3214 2862 3281 ὃς
2897 3215 3063 3279 εἶπεν
3103 3216 3201 3279 ἐπὶ
3237 3219 3343 3279 τοῦ
3381 3219 3567 3279 καλοῦ
3596 3214 3798 3297 λέγων
3823 3218 4031 3285 παιδός
4069 3245 4118 3282 κ.
4138 3243 4193 3283 τ.
4208 3221 4489 3310 λ.-Ρ1’ἰ-

2796 3341 2970 3383 11111111
3015 3320 3068 3407 ej
3080 3319 3318 3384 usmodi
3361 3318 3790 3408 interpretatio
3819 3320 4040 3386 Attico
4070 3323 4283 3409 potins
4324 3340 4388 3389 et
4416 3324 4485 3388 li-
4506 3370 4541 3409 9

2798 3423 2963 3487 berae
2993 3423 3080 3487 rei
3120 3422 3389 3510 publicae
3432 3423 3658 3510 aequali
3704 3424 3986 3511 scriptori
4029 3427 4491 3493 accommodata

2795 3526 3266 3591 esset—deinde
3305 3527 3389 3591 ad
3426 3550 3636 3592 rerum
3669 3551 4070 3593 venerearum
4115 3530 4486 3597 mentionem

2796 3629 2861 3693 in
2912 3629 3315 3717 sequentibus
3365 3630 3617 3695 demum
3672 3630 4127 3718 transgreditur
4181 3632 4487 3699 Plotinus.

2799 3734 3094 3796 Ceterum
3127 3732 3433 3798 tenendus
3462 3749 3555 3798 est
3584 3756 3663 3799 ex
3693 3733 3828 3800 loco
3856 3734 4112 3801 laudato
4137 3736 4490 3803 Charmidis

2795 3835 3155 3901 indefinitus
3203 3860 3355 3901 usus
3397 3837 3669 3902 Articuli
3713 3838 3900 3903 etiam
3943 3839 4023 3904 ad
4070 3856 4350 3906 nostrum
4396 3841 4487 3907 lo-

2795 3962 2979 4014 cum;
3048 3940 3128 4004 de
3185 3964 3316 4027 quo
3367 3964 3486 4005 usu
3538 3941 3689 4006 ibid.
3742 3941 4079 4007 Heindorf.
4130 3944 4283 4031 egit.
4382 3947 4486 4011 Cf.

2797 4042 3038 4108 Matth.
3074 4044 3187 4108 Gr.
3217 4066 3315 4130 gr.
3350 4046 3410 4127 ξ.
3440 4046 3582 4125 267.
3677 4045 3755 4109 111
3791 4045 4083 4109 extremis
4112 4069 4258 4111 vero
4286 4048 4491 4113 verbis

2794 4144 2953 4211 illud
2981 4168 3051 4210 re
3080 4147 3321 4211 uncinis
3361 4147 3603 4225 inclusi,
3634 4147 3701 4212 in
3734 4148 3992 4229 LatiniS,
4023 4166 4088 4213 et
4124 4149 4322 4237 adjeci
4364 4174 4489 4216 om-

2794 4250 2987 4314 m'no:
3031 4249 3189 4314 illud
3233 4249 3372 4327 feci,
3406 4253 3759 4336 utfemina
3801 4251 4131 4338 cogitetur,
4172 4254 4343 4339 quod
4390 4278 4484 4319 re-

2794 4352 2990 4440 quirit
3031 4353 3253 4418 vocula
3303 4352 3377 4435 ᾖε
3444 4354 3584 4433 hoc,
3631 4371 3703 4419 ut
3746 4377 3825 4418 ne
3867 4355 4010 4440 quis
4058 4355 4214 4420 illud
4264 4362 4490 4439 δρῶντα

2795 4456 3022 4520 reserat
3048 4456 3130 4521 ad
3157 4459 3866 4545 concubitum—Supra
3892 4483 3956 4547 p.
3968 4459 4208 4545 321.F.
4230 4479 4376 4546 322.
4394 4463 4483 4526 A:

2794 4561 3083 4642 ἐργασίαν
3109 4558 3190 4623 de
3225 4560 3602 4648 perficiendo
3643 4585 3832 4650 opere
3862 4586 4126 4628 venereo
4164 4565 4487 4652 usurpavit

2791 4663 2924 4750 ipse
2948 4662 3256 4742 Plotinus,
3281 4664 3454 4751 quod
3482 4665 3629 4731 alibi
3664 4681 3758 4730 est
3778 4682 4059 4754 quaestus
4088 4667 4483 4732 meretricius.

2797 4766 2972 4850 (Vid.
3007 4765 3300 4832 Valcken.
3346 4768 3430 4832 ad
3475 4769 3787 4834 Herodot.
3830 4770 3891 4834 I.
3925 4774 4061 4856 93.)
4155 4771 4302 4858 Ipse
4343 4794 4488 4836 con-

2791 4870 3042 4935 cubitus
3074 4885 3168 4935 est
3198 4872 3375 4955 ἔργον
3402 4874 3680 4954 πορνείας
3710 4873 4020 4960 Gregorio
4050 4873 4480 4939 Nazianzeno:

2789 4975 2925 5056 περὶ
2952 4973 3241 5057 βλέψεως
3270 4977 3565 5054 ε’μπαθοῦς
3589 4975 3653 5040 in
3686 4975 3844 5040 Cod.
3879 4975 4177 5040 Heidelb.
4208 4999 4302 5040 nr.
4333 4979 4481 5062 356.

2793 5076 2899 5142 ubi
2930 5076 3297 5165 Theologus
3339 5077 3457 5143 ita:
3506 5079 3666 5144 εἶδον
3710 5079 3932 5147 κάλλος
3969 5080 4248 5161 γυναικὸς
4282 5086 4487 5160 βασα-

2792 5182 2951 5257 νίζον
2981 5207 3096 5261 μου
3134 5181 3242 5260 τὴν
3272 5181 3537 5247 διάνοιαν
3566 5183 3663 5247 καὶ
3689 5182 3798 5262 τὴν
3826 5184 4249 5265 σωφροσύνην.
4296 5183 4389 5247 καὶ
4416 5182 4485 5246 τὸ

2787 5286 2901 5365 μὲν
2933 5285 3111 5368 ἔργον
3142 5287 3420 5368 πορνείας
3458 5285 3762 5370 διέφυγον,
3795 5287 3903 5365 τὴν
3942 5287 4009 5351 δὲ
4050 5288 4299 5366 ἐμαυτοῦ
4334 5310 4483 5368 παρ-

2792 5388 2997 5451 θενίαν
3042 5389 3305 5467 ἐμόλυνα
3346 5393 3493 5453 κατὰ
3533 5388 3801 5453 διάνοιαν
3840 5389 4485 5470 naphtam—Ceterum

2793 5487 3081 5553 Plotinus
3108 5489 3306 5554 videri
3334 5506 3539 5577 potest
3566 5490 3632 5555 h.
3657 5490 3699 5554 l.
3730 5491 3813 5555 ad
3836 5489 4114 5556 Platonis
4142 5491 4333 5556 verba
4360 5492 4490 5556 Re-

2791 5589 2969 5678 publ.
2997 5592 3115 5656 VI.
3162 5616 3229 5681 p.
3259 5609 3407 5679 505.
3455 5615 3521 5680 p.
3551 5614 3706 5680 313.
3749 5593 4050 5682 respicere
4068 5595 4377 5677 ε-ἆγαθᾶ
4420 5597 4487 5661 δὲ
