<?xml version="1.0" encoding="UTF-8"?>
<!DOCTYPE html PUBLIC "-//W3C//DTD XHTML 1.0 Transitional//EN"
    "http://www.w3.org/TR/xhtml1/DTD/xhtml1-transitional.dtd">
<html xmlns="http://www.w3.org/1999/xhtml" xml:lang="en" lang="en">
 <head>
  <title>
</title>
<meta http-equiv="Content-Type" content="text/html;charset=utf-8" />
  <meta name='ocr-system' content='tesseract 3.04.00' />
  <meta name='ocr-capabilities' content='ocr_page ocr_carea ocr_par ocr_line ocrx_word'/>
</head>
<body>
  <div class='ocr_page' id='page_1' title='image "./plotinioperaomn00chumgoog_0156.png"; bbox 0 0 5118 6613; ppageno 0'>
   <div class='ocr_carea' id='block_1_1' title="bbox 1098 572 1222 641">
    <p class='ocr_par' dir='ltr' id='par_1_1' title="bbox 1098 572 1222 641">
     <span class='ocr_line' id='line_1_1' title="bbox 1098 572 1222 641; baseline 0.016 -23"><span class='ocrx_word' id='word_1_1' title='bbox 1098 572 1222 641; x_wconf 87' lang='lat'>150</span> 
     </span>
    </p>
   </div>
   <div class='ocr_carea' id='block_1_2' title="bbox 1091 719 2806 5657">
    <p class='ocr_par' dir='ltr' id='par_1_2' title="bbox 1091 719 2800 1846">
     <span class='ocr_line' id='line_1_2' title="bbox 1091 719 2791 809; baseline -0.006 -17"><span class='ocrx_word' id='word_1_2' title='bbox 1091 726 1277 792; x_wconf 86' lang='lat' dir='ltr'>etiam</span> <span class='ocrx_word' id='word_1_3' title='bbox 1328 722 1645 790; x_wconf 87' lang='lat' dir='ltr'>Galenum</span> <span class='ocrx_word' id='word_1_4' title='bbox 1695 722 1776 787; x_wconf 91' lang='lat' dir='ltr'>de</span> <span class='ocrx_word' id='word_1_5' title='bbox 1826 719 2058 809; x_wconf 88' lang='lat' dir='ltr'>partib.</span> <span class='ocrx_word' id='word_1_6' title='bbox 2097 742 2341 808; x_wconf 84' lang='lat' dir='ltr'>corpor.</span> <span class='ocrx_word' id='word_1_7' title='bbox 2389 719 2569 786; x_wconf 89' lang='lat' dir='ltr'>hum.</span> <span class='ocrx_word' id='word_1_8' title='bbox 2622 722 2680 785; x_wconf 92' lang='lat' dir='ltr'>I.</span> <span class='ocrx_word' id='word_1_9' title='bbox 2728 742 2791 808; x_wconf 88' lang='lat' dir='ltr'>p.</span> 
     </span>
     <span class='ocr_line' id='line_1_3' title="bbox 1092 824 2796 916; baseline -0.004 -22"><span class='ocrx_word' id='word_1_10' title='bbox 1092 831 1245 916; x_wconf 85' lang='lat'><strong>367.</strong></span> <span class='ocrx_word' id='word_1_11' title='bbox 1288 827 1389 892; x_wconf 90' lang='lat' dir='ltr'>ed.</span> <span class='ocrx_word' id='word_1_12' title='bbox 1439 825 1631 892; x_wconf 89' lang='lat' dir='ltr'>Basil.</span> <span class='ocrx_word' id='word_1_13' title='bbox 1679 841 1741 889; x_wconf 91' lang='lat' dir='ltr'>et</span> <span class='ocrx_word' id='word_1_14' title='bbox 1783 849 1930 912; x_wconf 87' lang='lat' dir='ltr'>quae</span> <span class='ocrx_word' id='word_1_15' title='bbox 1979 824 2176 913; x_wconf 90' lang='lat' dir='ltr'>plura.</span> <span class='ocrx_word' id='word_1_16' title='bbox 2224 825 2289 890; x_wconf 89' lang='lat' dir='ltr'>J.</span> <span class='ocrx_word' id='word_1_17' title='bbox 2325 826 2406 890; x_wconf 88' lang='lat' dir='ltr'><strong>F.</strong></span> <span class='ocrx_word' id='word_1_18' title='bbox 2458 824 2796 890; x_wconf 89' lang='lat' dir='ltr'>Fischerus</span> 
     </span>
     <span class='ocr_line' id='line_1_4' title="bbox 1093 926 2797 998; baseline -0.005 0"><span class='ocrx_word' id='word_1_19' title='bbox 1093 930 1309 998; x_wconf 87' lang='lat' dir='ltr'>citavit</span> <span class='ocrx_word' id='word_1_20' title='bbox 1352 929 1436 994; x_wconf 88' lang='lat' dir='ltr'>ad</span> <span class='ocrx_word' id='word_1_21' title='bbox 1466 932 1853 993; x_wconf 88' lang='lat' dir='ltr'>Anacreont.</span> <span class='ocrx_word' id='word_1_22' title='bbox 1893 927 1935 991; x_wconf 91' lang='lat' dir='ltr'>l.</span> <span class='ocrx_word' id='word_1_23' title='bbox 1968 926 2011 991; x_wconf 93' lang='lat' dir='ltr'>l.</span> <span class='ocrx_word' id='word_1_24' title='bbox 2045 942 2108 992; x_wconf 90' lang='lat' dir='ltr'>et</span> <span class='ocrx_word' id='word_1_25' title='bbox 2146 929 2416 991; x_wconf 92' lang='lat' dir='ltr'>Annott.</span> <span class='ocrx_word' id='word_1_26' title='bbox 2448 926 2689 991; x_wconf 87' lang='lat' dir='ltr'>Moseri</span> <span class='ocrx_word' id='word_1_27' title='bbox 2732 940 2797 990; x_wconf 89' lang='lat' dir='ltr'>et</span> 
     </span>
     <span class='ocr_line' id='line_1_5' title="bbox 1094 1028 2794 1118; baseline -0.005 -18"><span class='ocrx_word' id='word_1_28' title='bbox 1094 1049 1289 1100; x_wconf 86' lang='lat' dir='ltr'>nostr.</span> <span class='ocrx_word' id='word_1_29' title='bbox 1338 1034 1402 1098; x_wconf 90' lang='lat' dir='ltr'>in</span> <span class='ocrx_word' id='word_1_30' title='bbox 1446 1032 1732 1098; x_wconf 89' lang='lat' dir='ltr'>Ciceron.</span> <span class='ocrx_word' id='word_1_31' title='bbox 1769 1031 1850 1096; x_wconf 91' lang='lat' dir='ltr'>de</span> <span class='ocrx_word' id='word_1_32' title='bbox 1890 1032 1971 1094; x_wconf 90' lang='lat' dir='ltr'>N.</span> <span class='ocrx_word' id='word_1_33' title='bbox 2000 1032 2088 1095; x_wconf 92' lang='lat' dir='ltr'><strong>D.</strong></span> <span class='ocrx_word' id='word_1_34' title='bbox 2138 1030 2239 1094; x_wconf 89' lang='grc' dir='ltr'>ΙΙ.</span> <span class='ocrx_word' id='word_1_35' title='bbox 2272 1051 2377 1116; x_wconf 84' lang='lat'><strong>50.</strong></span> <span class='ocrx_word' id='word_1_36' title='bbox 2415 1052 2482 1118; x_wconf 88' lang='lat' dir='ltr'>p.</span> <span class='ocrx_word' id='word_1_37' title='bbox 2512 1049 2664 1110; x_wconf 86' lang='lat'><strong>420.</strong></span> <span class='ocrx_word' id='word_1_38' title='bbox 2693 1028 2794 1094; x_wconf 92' lang='lat' dir='ltr'>ed.</span> 
     </span>
     <span class='ocr_line' id='line_1_6' title="bbox 1098 1130 2799 1226; baseline -0.004 -23"><span class='ocrx_word' id='word_1_39' title='bbox 1098 1138 1273 1226; x_wconf 87' lang='lat' dir='ltr'>Lips.</span> <span class='ocrx_word' id='word_1_40' title='bbox 1347 1135 1686 1223; x_wconf 81' lang='lat' dir='ltr'>Sequentia</span> <span class='ocrx_word' id='word_1_41' title='bbox 1733 1133 2293 1222; x_wconf 86' lang='lat' dir='ltr'>impeditioraque:</span> <span class='ocrx_word' id='word_1_42' title='bbox 2344 1130 2482 1197; x_wconf 86' lang='grc' dir='ltr'>ἀλλ’</span> <span class='ocrx_word' id='word_1_43' title='bbox 2529 1134 2623 1197; x_wconf 82' lang='grc' dir='ltr'>ὅτι</span> <span class='ocrx_word' id='word_1_44' title='bbox 2679 1132 2799 1196; x_wconf 78' lang='grc' dir='ltr'>ἔδει</span> 
     </span>
     <span class='ocr_line' id='line_1_7' title="bbox 1096 1236 2800 1326; baseline -0.004 -21"><span class='ocrx_word' id='word_1_45' title='bbox 1096 1240 1257 1305; x_wconf 85' lang='grc' dir='ltr'>-τὰ</span> <span class='ocrx_word' id='word_1_46' title='bbox 1283 1240 1450 1322; x_wconf 87' lang='grc' dir='ltr'>μέρη,</span> <span class='ocrx_word' id='word_1_47' title='bbox 1486 1237 1730 1326; x_wconf 87' lang='lat' dir='ltr'>Taylor</span> <span class='ocrx_word' id='word_1_48' title='bbox 1770 1238 1833 1301; x_wconf 91' lang='lat' dir='ltr'>in</span> <span class='ocrx_word' id='word_1_49' title='bbox 1881 1237 2192 1325; x_wconf 86' lang='lat' dir='ltr'>plerisque</span> <span class='ocrx_word' id='word_1_50' title='bbox 2223 1236 2515 1301; x_wconf 90' lang='lat' dir='ltr'>Ficinum</span> <span class='ocrx_word' id='word_1_51' title='bbox 2548 1249 2800 1300; x_wconf 88' lang='lat' dir='ltr'>secutus</span> 
     </span>
     <span class='ocr_line' id='line_1_8' title="bbox 1095 1339 2797 1410; baseline -0.004 0"><span class='ocrx_word' id='word_1_52' title='bbox 1095 1345 1185 1410; x_wconf 90' lang='lat' dir='ltr'>ita</span> <span class='ocrx_word' id='word_1_53' title='bbox 1224 1344 1446 1408; x_wconf 87' lang='lat' dir='ltr'>vertit:</span> <span class='ocrx_word' id='word_1_54' title='bbox 1497 1351 1540 1381; x_wconf 92' lang='lat'><strong>“</strong></span> <span class='ocrx_word' id='word_1_55' title='bbox 1571 1344 1682 1407; x_wconf 82' lang='lat' dir='ltr'>but</span> <span class='ocrx_word' id='word_1_56' title='bbox 1726 1344 1798 1405; x_wconf 77' lang='lat' dir='ltr'>in</span> <span class='ocrx_word' id='word_1_57' title='bbox 1840 1342 1993 1406; x_wconf 73' lang='lat' dir='ltr'>such</span> <span class='ocrx_word' id='word_1_58' title='bbox 2037 1363 2079 1404; x_wconf 86' lang='lat' dir='ltr'>a</span> <span class='ocrx_word' id='word_1_59' title='bbox 2119 1362 2388 1405; x_wconf 82' lang='lat' dir='ltr'><strong><em>manner</em></strong></span> <span class='ocrx_word' id='word_1_60' title='bbox 2426 1339 2562 1404; x_wconf 72' lang='lat' dir='ltr'>that</span> <span class='ocrx_word' id='word_1_61' title='bbox 2605 1339 2797 1404; x_wconf 75' lang='lat' dir='ltr'>lesser</span> 
     </span>
     <span class='ocr_line' id='line_1_9' title="bbox 1096 1442 2798 1535; baseline -0.004 -22"><span class='ocrx_word' id='word_1_62' title='bbox 1096 1448 1318 1535; x_wconf 72' lang='lat' dir='ltr'>things</span> <span class='ocrx_word' id='word_1_63' title='bbox 1345 1468 1458 1510; x_wconf 84' lang='lat' dir='ltr'>are</span> <span class='ocrx_word' id='word_1_64' title='bbox 1486 1446 1818 1510; x_wconf 76' lang='lat' dir='ltr'><em>contained</em></span> <span class='ocrx_word' id='word_1_65' title='bbox 1844 1448 1915 1507; x_wconf 80' lang='lat' dir='ltr'>in</span> <span class='ocrx_word' id='word_1_66' title='bbox 1944 1445 2097 1509; x_wconf 72' lang='lat' dir='ltr'>such</span> <span class='ocrx_word' id='word_1_67' title='bbox 2125 1467 2200 1508; x_wconf 73' lang='lat' dir='ltr'>as</span> <span class='ocrx_word' id='word_1_68' title='bbox 2229 1465 2342 1508; x_wconf 85' lang='lat' dir='ltr'>are</span> <span class='ocrx_word' id='word_1_69' title='bbox 2350 1452 2641 1532; x_wconf 76' lang='lat' dir='ltr'><strong><em>greater,</em></strong></span> <span class='ocrx_word' id='word_1_70' title='bbox 2664 1442 2798 1506; x_wconf 84' lang='lat' dir='ltr'>and</span> 
     </span>
     <span class='ocr_line' id='line_1_10' title="bbox 1091 1549 2794 1642; baseline -0.003 -28"><span class='ocrx_word' id='word_1_71' title='bbox 1091 1561 1278 1639; x_wconf 74' lang='lat' dir='ltr'>parts</span> <span class='ocrx_word' id='word_1_72' title='bbox 1308 1552 1379 1614; x_wconf 74' lang='lat' dir='ltr'>in</span> <span class='ocrx_word' id='word_1_73' title='bbox 1411 1550 1510 1613; x_wconf 78' lang='lat' dir='ltr'>the</span> <span class='ocrx_word' id='word_1_74' title='bbox 1556 1549 1765 1622; x_wconf 73' lang='lat' dir='ltr'>whole,</span> <span class='ocrx_word' id='word_1_75' title='bbox 1804 1571 2035 1642; x_wconf 58' lang='lat' dir='ltr'>Wmcn</span> <span class='ocrx_word' id='word_1_76' title='bbox 2067 1571 2582 1621; x_wconf 60' lang='lat' dir='ltr'>consecutura?</span> <span class='ocrx_word' id='word_1_77' title='bbox 2611 1570 2794 1611; x_wconf 65' lang='grc' dir='ltr'>κυεῖ·</span> 
     </span>
     <span class='ocr_line' id='line_1_11' title="bbox 1096 1652 2795 1739; baseline -0.003 -19"><span class='ocrx_word' id='word_1_78' title='bbox 1096 1677 1184 1720; x_wconf 72' lang='lat' dir='ltr'>nn</span> <span class='ocrx_word' id='word_1_79' title='bbox 1233 1676 1536 1728; x_wconf 71' lang='lat' dir='ltr'><strong><em>UNEQUAL</em></strong></span> <span class='ocrx_word' id='word_1_80' title='bbox 1583 1677 1663 1717; x_wconf 76' lang='grc' dir='ltr'>Το</span> <span class='ocrx_word' id='word_1_81' title='bbox 1706 1677 1845 1717; x_wconf 69' lang='grc' dir='ltr'>τηε</span> <span class='ocrx_word' id='word_1_82' title='bbox 1889 1676 2146 1730; x_wconf 66' lang='lat' dir='ltr'>urnam,</span> <span class='ocrx_word' id='word_1_83' title='bbox 2175 1676 2251 1717; x_wconf 93' lang='lat' dir='ltr'>or</span> <span class='ocrx_word' id='word_1_84' title='bbox 2286 1652 2429 1739; x_wconf 73' lang='lat' dir='ltr'>they</span> <span class='ocrx_word' id='word_1_85' title='bbox 2473 1652 2678 1716; x_wconf 77' lang='lat' dir='ltr'>would</span> <span class='ocrx_word' id='word_1_86' title='bbox 2713 1672 2795 1715; x_wconf 80' lang='lat' dir='ltr'>no</span> 
     </span>
     <span class='ocr_line' id='line_1_12' title="bbox 1095 1756 1687 1846; baseline -0.005 -24"><span class='ocrx_word' id='word_1_87' title='bbox 1095 1759 1322 1846; x_wconf 77' lang='lat' dir='ltr'>longer</span> <span class='ocrx_word' id='word_1_88' title='bbox 1349 1758 1419 1822; x_wconf 86' lang='lat' dir='ltr'>be</span> <span class='ocrx_word' id='word_1_89' title='bbox 1435 1756 1687 1845; x_wconf 79' lang='lat' dir='ltr'>parts.”</span> 
     </span>
    </p>

    <p class='ocr_par' dir='ltr' id='par_1_3' title="bbox 1092 1858 2801 3798">
     <span class='ocr_line' id='line_1_13' title="bbox 1184 1858 2788 1947; baseline 0 -24"><span class='ocrx_word' id='word_1_90' title='bbox 1184 1882 1250 1947; x_wconf 88' lang='lat' dir='ltr'>p.</span> <span class='ocrx_word' id='word_1_91' title='bbox 1279 1860 1432 1941; x_wconf 88' lang='lat'>478,</span> <span class='ocrx_word' id='word_1_92' title='bbox 1470 1878 1530 1925; x_wconf 95' lang='lat'><strong>2.</strong></span> <span class='ocrx_word' id='word_1_93' title='bbox 1578 1859 1709 1941; x_wconf 83' lang='grc' dir='ltr'>ἔχόι</span> <span class='ocrx_word' id='word_1_94' title='bbox 1755 1859 1829 1923; x_wconf 79' lang='grc' dir='ltr'>ἂν</span> <span class='ocrx_word' id='word_1_95' title='bbox 1871 1859 1979 1938; x_wconf 76' lang='grc' dir='ltr'>τὴν</span> <span class='ocrx_word' id='word_1_96' title='bbox 2026 1860 2344 1923; x_wconf 76' lang='grc' dir='ltr'>ἐπίστασιν</span> <span class='ocrx_word' id='word_1_97' title='bbox 2384 1858 2479 1922; x_wconf 88' lang='grc' dir='ltr'>καὶ</span> <span class='ocrx_word' id='word_1_98' title='bbox 2508 1859 2788 1943; x_wconf 77' lang='grc' dir='ltr'>ἀπορίαν]</span> 
     </span>
     <span class='ocr_line' id='line_1_14' title="bbox 1100 1959 2794 2049; baseline -0.002 -23"><span class='ocrx_word' id='word_1_99' title='bbox 1100 1960 1395 2026; x_wconf 84' lang='lat' dir='ltr'>Similiter</span> <span class='ocrx_word' id='word_1_100' title='bbox 1425 1963 1741 2026; x_wconf 78' lang='grc' dir='ltr'>ἐπίστασιν</span> <span class='ocrx_word' id='word_1_101' title='bbox 1767 1975 1829 2025; x_wconf 88' lang='lat' dir='ltr'>et</span> <span class='ocrx_word' id='word_1_102' title='bbox 1873 1964 2075 2044; x_wconf 87' lang='grc' dir='ltr'>φόβον</span> <span class='ocrx_word' id='word_1_103' title='bbox 2103 1960 2323 2049; x_wconf 84' lang='lat' dir='ltr'>junxit</span> <span class='ocrx_word' id='word_1_104' title='bbox 2365 1959 2631 2026; x_wconf 89' lang='lat' dir='ltr'>Diodor.</span> <span class='ocrx_word' id='word_1_105' title='bbox 2670 1960 2794 2025; x_wconf 90' lang='lat' dir='ltr'>Sic.</span> 
     </span>
     <span class='ocr_line' id='line_1_15' title="bbox 1094 2062 2794 2148; baseline -0.001 -19"><span class='ocrx_word' id='word_1_106' title='bbox 1094 2065 1367 2129; x_wconf 91' lang='lat' dir='ltr'><strong>XVIII.</strong></span> <span class='ocrx_word' id='word_1_107' title='bbox 1401 2066 1523 2148; x_wconf 85' lang='lat'>67;</span> <span class='ocrx_word' id='word_1_108' title='bbox 1571 2064 1834 2132; x_wconf 84' lang='grc' dir='ltr'>πολλοὺς</span> <span class='ocrx_word' id='word_1_109' title='bbox 1868 2062 1984 2146; x_wconf 84' lang='grc' dir='ltr'>γὰρ</span> <span class='ocrx_word' id='word_1_110' title='bbox 2023 2065 2173 2146; x_wconf 79' lang='grc' dir='ltr'>ἦγεν</span> <span class='ocrx_word' id='word_1_111' title='bbox 2205 2067 2286 2131; x_wconf 77' lang='grc' dir='ltr'>εἷς</span> <span class='ocrx_word' id='word_1_112' title='bbox 2322 2065 2641 2128; x_wconf 78' lang='grc' dir='ltr'>ἐπίστασιν</span> <span class='ocrx_word' id='word_1_113' title='bbox 2670 2068 2794 2128; x_wconf 81' lang='grc' dir='ltr'>δια·</span> 
     </span>
     <span class='ocr_line' id='line_1_16' title="bbox 1096 2163 2798 2251; baseline -0.002 -20"><span class='ocrx_word' id='word_1_114' title='bbox 1096 2167 1263 2234; x_wconf 92' lang='grc' dir='ltr'>νοίας</span> <span class='ocrx_word' id='word_1_115' title='bbox 1292 2167 1387 2231; x_wconf 82' lang='grc' dir='ltr'>καὶ</span> <span class='ocrx_word' id='word_1_116' title='bbox 1416 2167 1639 2248; x_wconf 84' lang='grc' dir='ltr'>φόβον,</span> <span class='ocrx_word' id='word_1_117' title='bbox 1674 2164 1782 2228; x_wconf 92' lang='lat' dir='ltr'>ubi</span> <span class='ocrx_word' id='word_1_118' title='bbox 1819 2163 2081 2228; x_wconf 86' lang='lat' dir='ltr'>docente</span> <span class='ocrx_word' id='word_1_119' title='bbox 2114 2163 2552 2251; x_wconf 80' lang='lat' dir='ltr'>WesselingiO,</span> <span class='ocrx_word' id='word_1_120' title='bbox 2584 2163 2798 2228; x_wconf 85' lang='lat' dir='ltr'>abesse</span> 
     </span>
     <span class='ocr_line' id='line_1_17' title="bbox 1093 2266 2798 2356; baseline -0.002 -22"><span class='ocrx_word' id='word_1_121' title='bbox 1093 2283 1339 2356; x_wconf 88' lang='lat' dir='ltr'>poterat</span> <span class='ocrx_word' id='word_1_122' title='bbox 1399 2268 1682 2336; x_wconf 82' lang='grc' dir='ltr'>διανοίας.</span> <span class='ocrx_word' id='word_1_123' title='bbox 1773 2269 2018 2332; x_wconf 86' lang='lat' dir='ltr'>Tamen</span> <span class='ocrx_word' id='word_1_124' title='bbox 2076 2267 2414 2355; x_wconf 84' lang='lat' dir='ltr'>Sophocles</span> <span class='ocrx_word' id='word_1_125' title='bbox 2470 2266 2798 2353; x_wconf 86' lang='lat' dir='ltr'>Antigona</span> 
     </span>
     <span class='ocr_line' id='line_1_18' title="bbox 1094 2368 2793 2458; baseline -0.002 -23"><span class='ocrx_word' id='word_1_126' title='bbox 1094 2396 1187 2436; x_wconf 77' lang='grc' dir='ltr'>νε.</span> <span class='ocrx_word' id='word_1_127' title='bbox 1216 2391 1298 2438; x_wconf 87' lang='lat'>22</span> <span class='ocrx_word' id='word_1_128' title='bbox 1300 2389 1340 2458; x_wconf 80' lang='lat'><em>5</em></span> <span class='ocrx_word' id='word_1_129' title='bbox 1365 2397 1380 2436; x_wconf 71' lang='grc' dir='ltr'><strong>ε</strong></span> <span class='ocrx_word' id='word_1_130' title='bbox 1427 2368 1660 2438; x_wconf 82' lang='grc' dir='ltr'>πολλὰς</span> <span class='ocrx_word' id='word_1_131' title='bbox 1687 2368 1804 2453; x_wconf 84' lang='grc' dir='ltr'>γὰρ</span> <span class='ocrx_word' id='word_1_132' title='bbox 1855 2371 2043 2454; x_wconf 85' lang='grc' dir='ltr'>ἔσχον</span> <span class='ocrx_word' id='word_1_133' title='bbox 2073 2372 2406 2453; x_wconf 81' lang='grc' dir='ltr'>φροντίδων</span> <span class='ocrx_word' id='word_1_134' title='bbox 2435 2369 2793 2436; x_wconf 90' lang='grc' dir='ltr'>ἐπιστάσεις.</span> 
     </span>
     <span class='ocr_line' id='line_1_19' title="bbox 1097 2472 2794 2560; baseline -0.001 -22"><span class='ocrx_word' id='word_1_135' title='bbox 1097 2475 1287 2540; x_wconf 87' lang='lat' dir='ltr'>Unde</span> <span class='ocrx_word' id='word_1_136' title='bbox 1331 2474 1479 2539; x_wconf 90' lang='lat' dir='ltr'>satis</span> <span class='ocrx_word' id='word_1_137' title='bbox 1521 2472 1913 2559; x_wconf 81' lang='lat' dir='ltr'>intelligitur,</span> <span class='ocrx_word' id='word_1_138' title='bbox 1945 2472 2099 2560; x_wconf 90' lang='lat' dir='ltr'>quid</span> <span class='ocrx_word' id='word_1_139' title='bbox 2142 2472 2257 2537; x_wconf 86' lang='lat' dir='ltr'>sibi</span> <span class='ocrx_word' id='word_1_140' title='bbox 2304 2473 2367 2537; x_wconf 91' lang='lat' dir='ltr'>h.</span> <span class='ocrx_word' id='word_1_141' title='bbox 2401 2472 2442 2537; x_wconf 92' lang='lat' dir='ltr'>l.</span> <span class='ocrx_word' id='word_1_142' title='bbox 2476 2472 2628 2538; x_wconf 86' lang='lat' dir='ltr'>velit</span> <span class='ocrx_word' id='word_1_143' title='bbox 2673 2496 2794 2537; x_wconf 84' lang='lat' dir='ltr'>vox</span> 
     </span>
     <span class='ocr_line' id='line_1_20' title="bbox 1096 2576 2796 2663; baseline -0.001 -21"><span class='ocrx_word' id='word_1_144' title='bbox 1096 2579 1407 2645; x_wconf 88' lang='grc' dir='ltr'>ἐπίστασις</span> <span class='ocrx_word' id='word_1_145' title='bbox 1437 2576 1736 2663; x_wconf 88' lang='lat' dir='ltr'>adjuncta</span> <span class='ocrx_word' id='word_1_146' title='bbox 1767 2577 1899 2639; x_wconf 87' lang='lat' dir='ltr'>voci</span> <span class='ocrx_word' id='word_1_147' title='bbox 1932 2579 2168 2657; x_wconf 82' lang='grc' dir='ltr'>ἀπορία.</span> <span class='ocrx_word' id='word_1_148' title='bbox 2260 2576 2604 2641; x_wconf 86' lang='lat' dir='ltr'>Vernacule</span> <span class='ocrx_word' id='word_1_149' title='bbox 2626 2576 2796 2641; x_wconf 89' lang='lat' dir='ltr'>haud</span> 
     </span>
     <span class='ocr_line' id='line_1_21' title="bbox 1092 2678 2801 2768; baseline 0 -24"><span class='ocrx_word' id='word_1_150' title='bbox 1092 2679 1485 2745; x_wconf 84' lang='lat' dir='ltr'>incommode</span> <span class='ocrx_word' id='word_1_151' title='bbox 1572 2678 1838 2743; x_wconf 82' lang='lat' dir='ltr'>reddas:</span> <span class='ocrx_word' id='word_1_152' title='bbox 1927 2680 2042 2742; x_wconf 84' lang='lat' dir='ltr'>der</span> <span class='ocrx_word' id='word_1_153' title='bbox 2121 2679 2257 2743; x_wconf 69' lang='lat' dir='ltr'>sich</span> <span class='ocrx_word' id='word_1_154' title='bbox 2325 2681 2801 2768; x_wconf 69' lang='lat' dir='ltr'>atffdringende</span> 
     </span>
     <span class='ocr_line' id='line_1_22' title="bbox 1099 2780 2794 2870; baseline -0.001 -22"><span class='ocrx_word' id='word_1_155' title='bbox 1099 2783 1363 2868; x_wconf 63' lang='lat' dir='ltr'>Zwefil</span> <span class='ocrx_word' id='word_1_156' title='bbox 1388 2780 1486 2846; x_wconf 88' lang='lat' dir='ltr'>vel</span> <span class='ocrx_word' id='word_1_157' title='bbox 1528 2782 1825 2846; x_wconf 74' lang='lat' dir='ltr'>Amtand</span> <span class='ocrx_word' id='word_1_158' title='bbox 1862 2783 2000 2845; x_wconf 81' lang='lat' dir='ltr'>und</span> <span class='ocrx_word' id='word_1_159' title='bbox 2041 2783 2316 2868; x_wconf 64' lang='lat' dir='ltr'>Zwezfil.</span> <span class='ocrx_word' id='word_1_160' title='bbox 2407 2781 2621 2847; x_wconf 86' lang='lat' dir='ltr'>Alium</span> <span class='ocrx_word' id='word_1_161' title='bbox 2669 2783 2794 2870; x_wconf 87' lang='lat' dir='ltr'>sig-</span> 
     </span>
     <span class='ocr_line' id='line_1_23' title="bbox 1093 2885 2798 2967; baseline -0.001 -17"><span class='ocrx_word' id='word_1_162' title='bbox 1093 2885 1415 2950; x_wconf 87' lang='lat' dir='ltr'>nificatum</span> <span class='ocrx_word' id='word_1_163' title='bbox 1460 2886 1829 2948; x_wconf 68' lang='lat' dir='ltr'>attentionis</span> <span class='ocrx_word' id='word_1_164' title='bbox 1858 2885 1939 2948; x_wconf 89' lang='lat' dir='ltr'>ab</span> <span class='ocrx_word' id='word_1_165' title='bbox 1978 2885 2321 2967; x_wconf 84' lang='grc' dir='ltr'>ἐφίσταμαι,</span> <span class='ocrx_word' id='word_1_166' title='bbox 2352 2886 2628 2961; x_wconf 79' lang='lat' dir='ltr'>attendo,</span> <span class='ocrx_word' id='word_1_167' title='bbox 2657 2889 2798 2949; x_wconf 80' lang='lat' dir='ltr'>ani-</span> 
     </span>
     <span class='ocr_line' id='line_1_24' title="bbox 1093 2985 2797 3073; baseline 0.001 -22"><span class='ocrx_word' id='word_1_168' title='bbox 1093 3010 1269 3052; x_wconf 83' lang='lat' dir='ltr'>mum</span> <span class='ocrx_word' id='word_1_169' title='bbox 1296 2987 1571 3060; x_wconf 75' lang='lat' dir='ltr'>intendo,</span> <span class='ocrx_word' id='word_1_170' title='bbox 1604 2986 1960 3073; x_wconf 87' lang='lat' dir='ltr'>repetitum,</span> <span class='ocrx_word' id='word_1_171' title='bbox 1991 2985 2289 3073; x_wconf 85' lang='lat' dir='ltr'>explicuit</span> <span class='ocrx_word' id='word_1_172' title='bbox 2328 2989 2691 3053; x_wconf 72' lang='lat' dir='ltr'>Salmasius</span> <span class='ocrx_word' id='word_1_173' title='bbox 2731 2989 2797 3054; x_wconf 92' lang='lat' dir='ltr'>in</span> 
     </span>
     <span class='ocr_line' id='line_1_25' title="bbox 1098 3089 2793 3178; baseline 0.001 -23"><span class='ocrx_word' id='word_1_174' title='bbox 1098 3091 1500 3178; x_wconf 87' lang='lat' dir='ltr'>Interpretat.</span> <span class='ocrx_word' id='word_1_175' title='bbox 1555 3089 1968 3176; x_wconf 89' lang='lat' dir='ltr'>Hippocratei</span> <span class='ocrx_word' id='word_1_176' title='bbox 2030 3089 2386 3176; x_wconf 89' lang='lat' dir='ltr'>Aphorismi</span> <span class='ocrx_word' id='word_1_177' title='bbox 2439 3092 2793 3156; x_wconf 85' lang='lat' dir='ltr'><strong>LXXIX.</strong></span> 
     </span>
     <span class='ocr_line' id='line_1_26' title="bbox 1094 3191 2795 3280; baseline 0.001 -23"><span class='ocrx_word' id='word_1_178' title='bbox 1094 3213 1161 3273; x_wconf 92' lang='lat'>4.</span> <span class='ocrx_word' id='word_1_179' title='bbox 1192 3215 1259 3280; x_wconf 88' lang='lat' dir='ltr'>p.</span> <span class='ocrx_word' id='word_1_180' title='bbox 1294 3193 1434 3259; x_wconf 90' lang='lat'><strong>128.</strong></span> <span class='ocrx_word' id='word_1_181' title='bbox 1467 3214 1556 3278; x_wconf 82' lang='lat' dir='ltr'>sq.</span> <span class='ocrx_word' id='word_1_182' title='bbox 1590 3191 1809 3279; x_wconf 83' lang='lat' dir='ltr'>Lugd.</span> <span class='ocrx_word' id='word_1_183' title='bbox 1843 3193 1989 3257; x_wconf 90' lang='lat' dir='ltr'>Bat.</span> <span class='ocrx_word' id='word_1_184' title='bbox 2020 3194 2206 3278; x_wconf 88' lang='lat'><strong>1643.</strong></span> <span class='ocrx_word' id='word_1_185' title='bbox 2273 3192 2457 3258; x_wconf 87' lang='lat' dir='ltr'>Adde</span> <span class='ocrx_word' id='word_1_186' title='bbox 2493 3195 2795 3259; x_wconf 77' lang='lat' dir='ltr'>Gataker.</span> 
     </span>
     <span class='ocr_line' id='line_1_27' title="bbox 1097 3294 2795 3385; baseline 0.001 -24"><span class='ocrx_word' id='word_1_187' title='bbox 1097 3295 1180 3361; x_wconf 89' lang='lat' dir='ltr'>ad</span> <span class='ocrx_word' id='word_1_188' title='bbox 1211 3297 1415 3361; x_wconf 90' lang='lat' dir='ltr'>Marc.</span> <span class='ocrx_word' id='word_1_189' title='bbox 1445 3294 1745 3360; x_wconf 85' lang='lat' dir='ltr'>Antonin.</span> <span class='ocrx_word' id='word_1_190' title='bbox 1779 3296 1837 3360; x_wconf 97' lang='lat' dir='ltr'>I.</span> <span class='ocrx_word' id='word_1_191' title='bbox 1878 3317 1975 3360; x_wconf 92' lang='lat'><strong>11.</strong></span> <span class='ocrx_word' id='word_1_192' title='bbox 2010 3319 2076 3383; x_wconf 91' lang='lat' dir='ltr'>p.</span> <span class='ocrx_word' id='word_1_193' title='bbox 2111 3315 2214 3362; x_wconf 87' lang='lat'>20.</span> <span class='ocrx_word' id='word_1_194' title='bbox 2303 3295 2447 3361; x_wconf 86' lang='lat' dir='ltr'>Alia</span> <span class='ocrx_word' id='word_1_195' title='bbox 2472 3320 2795 3385; x_wconf 87' lang='lat' dir='ltr'>congesse-</span> 
     </span>
     <span class='ocr_line' id='line_1_28' title="bbox 1094 3398 2797 3488; baseline 0.001 -24"><span class='ocrx_word' id='word_1_196' title='bbox 1094 3414 1248 3464; x_wconf 90' lang='lat' dir='ltr'>runt</span> <span class='ocrx_word' id='word_1_197' title='bbox 1278 3399 1393 3463; x_wconf 86' lang='lat' dir='ltr'>viri</span> <span class='ocrx_word' id='word_1_198' title='bbox 1438 3399 1606 3463; x_wconf 90' lang='lat' dir='ltr'>docti</span> <span class='ocrx_word' id='word_1_199' title='bbox 1636 3398 1697 3463; x_wconf 94' lang='lat' dir='ltr'>in</span> <span class='ocrx_word' id='word_1_200' title='bbox 1734 3399 2035 3487; x_wconf 84' lang='lat' dir='ltr'>Stephani</span> <span class='ocrx_word' id='word_1_201' title='bbox 2066 3399 2265 3463; x_wconf 91' lang='lat' dir='ltr'>Thes.</span> <span class='ocrx_word' id='word_1_202' title='bbox 2294 3399 2475 3488; x_wconf 89' lang='lat' dir='ltr'><strong>Valp.</strong></span> <span class='ocrx_word' id='word_1_203' title='bbox 2509 3401 2629 3465; x_wconf 87' lang='lat' dir='ltr'>sub</span> <span class='ocrx_word' id='word_1_204' title='bbox 2660 3425 2797 3466; x_wconf 82' lang='lat' dir='ltr'>voc.</span> 
     </span>
     <span class='ocr_line' id='line_1_29' title="bbox 1096 3501 2795 3592; baseline 0.001 -24"><span class='ocrx_word' id='word_1_205' title='bbox 1096 3517 1162 3568; x_wconf 89' lang='lat' dir='ltr'>et</span> <span class='ocrx_word' id='word_1_206' title='bbox 1186 3503 1320 3591; x_wconf 88' lang='lat' dir='ltr'>ipse</span> <span class='ocrx_word' id='word_1_207' title='bbox 1347 3501 1623 3590; x_wconf 84' lang='lat' dir='ltr'>congessi</span> <span class='ocrx_word' id='word_1_208' title='bbox 1656 3502 1735 3565; x_wconf 85' lang='lat' dir='ltr'>ad</span> <span class='ocrx_word' id='word_1_209' title='bbox 1770 3501 2063 3567; x_wconf 89' lang='lat' dir='ltr'>Proclum</span> <span class='ocrx_word' id='word_1_210' title='bbox 2095 3501 2158 3565; x_wconf 91' lang='lat' dir='ltr'>in</span> <span class='ocrx_word' id='word_1_211' title='bbox 2190 3502 2402 3568; x_wconf 92' lang='lat' dir='ltr'>Alcib.</span> <span class='ocrx_word' id='word_1_212' title='bbox 2434 3526 2529 3592; x_wconf 90' lang='lat' dir='ltr'>pr.</span> <span class='ocrx_word' id='word_1_213' title='bbox 2555 3527 2623 3591; x_wconf 90' lang='lat' dir='ltr'>p.</span> <span class='ocrx_word' id='word_1_214' title='bbox 2648 3524 2795 3590; x_wconf 85' lang='lat'><strong>309.</strong></span> 
     </span>
     <span class='ocr_line' id='line_1_30' title="bbox 1100 3604 2801 3688; baseline 0.004 -19"><span class='ocrx_word' id='word_1_215' title='bbox 1100 3604 1389 3670; x_wconf 90' lang='lat' dir='ltr'>Plotinus</span> <span class='ocrx_word' id='word_1_216' title='bbox 1417 3605 1583 3670; x_wconf 87' lang='lat' dir='ltr'>infra</span> <span class='ocrx_word' id='word_1_217' title='bbox 1613 3606 1751 3670; x_wconf 92' lang='grc' dir='ltr'>ΙΙΙ.</span> <span class='ocrx_word' id='word_1_218' title='bbox 1791 3625 1847 3688; x_wconf 91' lang='lat'>7.</span> <span class='ocrx_word' id='word_1_219' title='bbox 1893 3627 1912 3670; x_wconf 86' lang='grc' dir='ltr'>ι</span> <span class='ocrx_word' id='word_1_220' title='bbox 1945 3631 1959 3669; x_wconf 85' lang='lat'>:</span> <span class='ocrx_word' id='word_1_221' title='bbox 2011 3609 2094 3673; x_wconf 79' lang='grc' dir='ltr'>εἰς</span> <span class='ocrx_word' id='word_1_222' title='bbox 2116 3607 2433 3673; x_wconf 85' lang='grc' dir='ltr'>ἐπίστασιν</span> <span class='ocrx_word' id='word_1_223' title='bbox 2463 3607 2616 3673; x_wconf 78' lang='grc' dir='ltr'>ἰέναι</span> <span class='ocrx_word' id='word_1_224' title='bbox 2642 3612 2801 3678; x_wconf 88' lang='grc' dir='ltr'>τινός</span> 
     </span>
     <span class='ocr_line' id='line_1_31' title="bbox 1097 3724 1383 3798; baseline 0 -24"><span class='ocrx_word' id='word_1_225' title='bbox 1097 3724 1383 3798; x_wconf 81' lang='lat' dir='ltr'>usurpat.</span> 
     </span>
    </p>

    <p class='ocr_par' dir='ltr' id='par_1_4' title="bbox 1097 3813 2806 5553">
     <span class='ocr_line' id='line_1_32' title="bbox 1182 3813 2801 3899; baseline 0.003 -23"><span class='ocrx_word' id='word_1_226' title='bbox 1182 3850 1270 3862; x_wconf 94' lang='lat'><strong>—</strong></span> <span class='ocrx_word' id='word_1_227' title='bbox 1296 3833 1362 3899; x_wconf 84' lang='lat'><strong>3.</strong></span> <span class='ocrx_word' id='word_1_228' title='bbox 1410 3813 1556 3877; x_wconf 86' lang='grc' dir='ltr'>κατά</span> <span class='ocrx_word' id='word_1_229' title='bbox 1613 3838 1680 3876; x_wconf 89' lang='grc' dir='ltr'>τε</span> <span class='ocrx_word' id='word_1_230' title='bbox 1724 3813 1832 3893; x_wconf 78' lang='grc' dir='ltr'>τὴν</span> <span class='ocrx_word' id='word_1_231' title='bbox 1864 3815 2361 3897; x_wconf 84' lang='grc' dir='ltr'>’ἀλληλοφαγίαν</span> <span class='ocrx_word' id='word_1_232' title='bbox 2419 3820 2536 3878; x_wconf 81' lang='grc' dir='ltr'>τῶν</span> <span class='ocrx_word' id='word_1_233' title='bbox 2594 3817 2801 3881; x_wconf 82' lang='grc' dir='ltr'>ἄλλων</span> 
     </span>
     <span class='ocr_line' id='line_1_33' title="bbox 1097 3913 2796 4005; baseline 0 -25"><span class='ocrx_word' id='word_1_234' title='bbox 1097 3915 1317 4003; x_wconf 58' lang='grc' dir='ltr'>ζώων]</span> <span class='ocrx_word' id='word_1_235' title='bbox 1393 3913 1536 3978; x_wconf 91' lang='lat' dir='ltr'>Vid.</span> <span class='ocrx_word' id='word_1_236' title='bbox 1584 3915 1947 4003; x_wconf 74' lang='lat' dir='ltr'>Wesseling.</span> <span class='ocrx_word' id='word_1_237' title='bbox 1980 3915 2060 3979; x_wconf 93' lang='lat' dir='ltr'>ad</span> <span class='ocrx_word' id='word_1_238' title='bbox 2094 3915 2357 3980; x_wconf 86' lang='lat' dir='ltr'>Diodor.</span> <span class='ocrx_word' id='word_1_239' title='bbox 2385 3917 2444 3980; x_wconf 97' lang='lat' dir='ltr'>I.</span> <span class='ocrx_word' id='word_1_240' title='bbox 2474 3932 2571 3998; x_wconf 83' lang='lat'><strong>14.</strong></span> <span class='ocrx_word' id='word_1_241' title='bbox 2600 3941 2666 4005; x_wconf 93' lang='lat' dir='ltr'>p.</span> <span class='ocrx_word' id='word_1_242' title='bbox 2700 3936 2796 4001; x_wconf 77' lang='lat'>17,</span> 
     </span>
     <span class='ocr_line' id='line_1_34' title="bbox 1101 4016 2797 4104; baseline 0.002 -23"><span class='ocrx_word' id='word_1_243' title='bbox 1101 4016 1211 4081; x_wconf 93' lang='lat' dir='ltr'>ubi</span> <span class='ocrx_word' id='word_1_244' title='bbox 1243 4016 1439 4082; x_wconf 85' lang='lat' dir='ltr'>Osiris</span> <span class='ocrx_word' id='word_1_245' title='bbox 1468 4032 1531 4082; x_wconf 93' lang='lat' dir='ltr'>et</span> <span class='ocrx_word' id='word_1_246' title='bbox 1565 4016 1685 4080; x_wconf 88' lang='lat' dir='ltr'>Isis</span> <span class='ocrx_word' id='word_1_247' title='bbox 1724 4017 2023 4083; x_wconf 89' lang='lat' dir='ltr'>dicuntur</span> <span class='ocrx_word' id='word_1_248' title='bbox 2056 4024 2283 4084; x_wconf 81' lang='grc' dir='ltr'>παῦσαι</span> <span class='ocrx_word' id='word_1_249' title='bbox 2311 4024 2413 4099; x_wconf 84' lang='grc' dir='ltr'>τῆς</span> <span class='ocrx_word' id='word_1_250' title='bbox 2440 4022 2797 4104; x_wconf 84' lang='grc' dir='ltr'>ἀλληλοφα-</span> 
     </span>
     <span class='ocr_line' id='line_1_35' title="bbox 1100 4119 2802 4210; baseline 0.002 -27"><span class='ocrx_word' id='word_1_251' title='bbox 1100 4120 1237 4202; x_wconf 87' lang='grc' dir='ltr'>γίας</span> <span class='ocrx_word' id='word_1_252' title='bbox 1278 4119 1346 4183; x_wconf 86' lang='grc' dir='ltr'>τὸ</span> <span class='ocrx_word' id='word_1_253' title='bbox 1389 4125 1508 4184; x_wconf 81' lang='grc' dir='ltr'>τῶν</span> <span class='ocrx_word' id='word_1_254' title='bbox 1553 4122 1877 4202; x_wconf 76' lang='grc' dir='ltr'>ἀνθρώπων</span> <span class='ocrx_word' id='word_1_255' title='bbox 1921 4121 2114 4204; x_wconf 86' lang='grc' dir='ltr'>γένος,</span> <span class='ocrx_word' id='word_1_256' title='bbox 2160 4145 2308 4207; x_wconf 83' lang='lat' dir='ltr'>quae</span> <span class='ocrx_word' id='word_1_257' title='bbox 2363 4121 2570 4210; x_wconf 86' lang='lat' dir='ltr'>epulae</span> <span class='ocrx_word' id='word_1_258' title='bbox 2625 4125 2802 4187; x_wconf 79' lang='lat' dir='ltr'>Mos-</span> 
     </span>
     <span class='ocr_line' id='line_1_36' title="bbox 1100 4221 2796 4312; baseline 0.001 -26"><span class='ocrx_word' id='word_1_259' title='bbox 1100 4221 1305 4287; x_wconf 91' lang='lat' dir='ltr'>chioni</span> <span class='ocrx_word' id='word_1_260' title='bbox 1336 4238 1540 4308; x_wconf 89' lang='lat' dir='ltr'>poetae</span> <span class='ocrx_word' id='word_1_261' title='bbox 1579 4245 1679 4309; x_wconf 92' lang='lat' dir='ltr'>ap.</span> <span class='ocrx_word' id='word_1_262' title='bbox 1731 4223 1910 4286; x_wconf 89' lang='lat' dir='ltr'>Stob.</span> <span class='ocrx_word' id='word_1_263' title='bbox 1940 4222 2210 4309; x_wconf 85' lang='lat' dir='ltr'>Eclogg.</span> <span class='ocrx_word' id='word_1_264' title='bbox 2242 4224 2467 4312; x_wconf 82' lang='lat' dir='ltr'>Physs.</span> <span class='ocrx_word' id='word_1_265' title='bbox 2506 4225 2564 4290; x_wconf 93' lang='lat'><strong>1.</strong></span> <span class='ocrx_word' id='word_1_266' title='bbox 2599 4245 2662 4310; x_wconf 91' lang='lat'><strong>9.</strong></span> <span class='ocrx_word' id='word_1_267' title='bbox 2690 4230 2796 4311; x_wconf 85' lang='lat'><strong>38.</strong></span> 
     </span>
     <span class='ocr_line' id='line_1_37' title="bbox 1099 4324 2804 4414; baseline 0.001 -23"><span class='ocrx_word' id='word_1_268' title='bbox 1099 4349 1165 4414; x_wconf 90' lang='lat' dir='ltr'>p.</span> <span class='ocrx_word' id='word_1_269' title='bbox 1203 4344 1349 4407; x_wconf 91' lang='lat'><strong>242.</strong></span> <span class='ocrx_word' id='word_1_270' title='bbox 1386 4328 1582 4390; x_wconf 88' lang='lat' dir='ltr'>Heer.</span> <span class='ocrx_word' id='word_1_271' title='bbox 1614 4324 1960 4390; x_wconf 87' lang='lat' dir='ltr'>luculenter</span> <span class='ocrx_word' id='word_1_272' title='bbox 1982 4325 2438 4391; x_wconf 86' lang='lat' dir='ltr'>describuntur.</span> <span class='ocrx_word' id='word_1_273' title='bbox 2514 4326 2626 4392; x_wconf 93' lang='lat' dir='ltr'>Ad</span> <span class='ocrx_word' id='word_1_274' title='bbox 2657 4327 2804 4392; x_wconf 91' lang='lat' dir='ltr'>Plo-</span> 
     </span>
     <span class='ocr_line' id='line_1_38' title="bbox 1101 4426 2803 4495; baseline 0.001 -3"><span class='ocrx_word' id='word_1_275' title='bbox 1101 4426 1218 4492; x_wconf 87' lang='lat' dir='ltr'>tini</span> <span class='ocrx_word' id='word_1_276' title='bbox 1246 4428 1610 4493; x_wconf 88' lang='lat' dir='ltr'>sententiam</span> <span class='ocrx_word' id='word_1_277' title='bbox 1642 4428 1791 4493; x_wconf 89' lang='lat' dir='ltr'>facit</span> <span class='ocrx_word' id='word_1_278' title='bbox 1821 4428 1921 4493; x_wconf 91' lang='lat' dir='ltr'>hic</span> <span class='ocrx_word' id='word_1_279' title='bbox 1955 4428 2128 4494; x_wconf 90' lang='lat' dir='ltr'>locus</span> <span class='ocrx_word' id='word_1_280' title='bbox 2174 4429 2487 4494; x_wconf 85' lang='lat' dir='ltr'>Hieroclis</span> <span class='ocrx_word' id='word_1_281' title='bbox 2524 4430 2606 4495; x_wconf 90' lang='lat' dir='ltr'>de</span> <span class='ocrx_word' id='word_1_282' title='bbox 2647 4431 2803 4494; x_wconf 91' lang='lat' dir='ltr'>Pro-</span> 
     </span>
     <span class='ocr_line' id='line_1_39' title="bbox 1101 4530 2800 4619; baseline 0.002 -25"><span class='ocrx_word' id='word_1_283' title='bbox 1101 4530 1378 4596; x_wconf 86' lang='lat' dir='ltr'>videntia</span> <span class='ocrx_word' id='word_1_284' title='bbox 1404 4554 1472 4619; x_wconf 90' lang='lat' dir='ltr'><strong>p.</strong></span> <span class='ocrx_word' id='word_1_285' title='bbox 1504 4532 1604 4598; x_wconf 88' lang='lat'><strong>82.</strong></span> <span class='ocrx_word' id='word_1_286' title='bbox 1636 4531 1737 4595; x_wconf 93' lang='lat' dir='ltr'>ed.</span> <span class='ocrx_word' id='word_1_287' title='bbox 1772 4532 2047 4596; x_wconf 90' lang='lat' dir='ltr'>Londin.</span> <span class='ocrx_word' id='word_1_288' title='bbox 2086 4531 2172 4615; x_wconf 92' lang='lat' dir='ltr'>(in</span> <span class='ocrx_word' id='word_1_289' title='bbox 2208 4532 2397 4597; x_wconf 81' lang='lat' dir='ltr'>Phot.</span> <span class='ocrx_word' id='word_1_290' title='bbox 2445 4532 2611 4597; x_wconf 91' lang='lat' dir='ltr'>Cod.</span> <span class='ocrx_word' id='word_1_291' title='bbox 2654 4551 2800 4618; x_wconf 85' lang='lat'><strong>251.</strong></span> 
     </span>
     <span class='ocr_line' id='line_1_40' title="bbox 1100 4632 2805 4720; baseline 0.002 -23"><span class='ocrx_word' id='word_1_292' title='bbox 1100 4655 1170 4720; x_wconf 89' lang='lat' dir='ltr'><strong>p.</strong></span> <span class='ocrx_word' id='word_1_293' title='bbox 1202 4635 1352 4714; x_wconf 90' lang='lat'><strong>466.</strong></span> <span class='ocrx_word' id='word_1_294' title='bbox 1387 4632 1724 4717; x_wconf 87' lang='lat' dir='ltr'>Bekkeri):</span> <span class='ocrx_word' id='word_1_295' title='bbox 1775 4637 1871 4699; x_wconf 88' lang='grc' dir='ltr'>ἐπὶ</span> <span class='ocrx_word' id='word_1_296' title='bbox 1920 4638 2032 4716; x_wconf 80' lang='grc' dir='ltr'>μὲν</span> <span class='ocrx_word' id='word_1_297' title='bbox 2080 4638 2186 4700; x_wconf 80' lang='grc' dir='ltr'>οὖν</span> <span class='ocrx_word' id='word_1_298' title='bbox 2235 4643 2352 4700; x_wconf 85' lang='grc' dir='ltr'>τῶν</span> <span class='ocrx_word' id='word_1_299' title='bbox 2388 4636 2598 4700; x_wconf 76' lang='grc' dir='ltr'>ἄλλων</span> <span class='ocrx_word' id='word_1_300' title='bbox 2642 4639 2805 4713; x_wconf 75' lang='grc' dir='ltr'>ζώων</span> 
     </span>
     <span class='ocr_line' id='line_1_41' title="bbox 1107 4736 2799 4822; baseline 0.003 -24"><span class='ocrx_word' id='word_1_301' title='bbox 1107 4736 1202 4799; x_wconf 85' lang='grc' dir='ltr'>καὶ</span> <span class='ocrx_word' id='word_1_302' title='bbox 1232 4742 1435 4818; x_wconf 81' lang='grc' dir='ltr'>φυτῶν</span> <span class='ocrx_word' id='word_1_303' title='bbox 1463 4738 1559 4801; x_wconf 85' lang='grc' dir='ltr'>καὶ</span> <span class='ocrx_word' id='word_1_304' title='bbox 1598 4738 1971 4821; x_wconf 84' lang='grc' dir='ltr'>προαιρέσεις</span> <span class='ocrx_word' id='word_1_305' title='bbox 2007 4738 2283 4820; x_wconf 82' lang='grc' dir='ltr'>ἡμέτεραι</span> <span class='ocrx_word' id='word_1_306' title='bbox 2319 4741 2415 4803; x_wconf 85' lang='grc' dir='ltr'>καὶ</span> <span class='ocrx_word' id='word_1_307' title='bbox 2444 4740 2799 4822; x_wconf 76' lang='grc' dir='ltr'>ἀλληλοφα·</span> 
     </span>
     <span class='ocr_line' id='line_1_42' title="bbox 1100 4839 2799 4927; baseline 0.001 -21"><span class='ocrx_word' id='word_1_308' title='bbox 1100 4839 1236 4920; x_wconf 65' lang='lat' dir='ltr'>yles</span> <span class='ocrx_word' id='word_1_309' title='bbox 1293 4839 1609 4922; x_wconf 81' lang='grc' dir='ltr'>ἀναγκαῖαι</span> <span class='ocrx_word' id='word_1_310' title='bbox 1666 4847 1862 4924; x_wconf 80' lang='grc' dir='ltr'>χρεῖαι</span> <span class='ocrx_word' id='word_1_311' title='bbox 1923 4843 2051 4924; x_wconf 88' lang='grc' dir='ltr'>(καὶ</span> <span class='ocrx_word' id='word_1_312' title='bbox 2102 4841 2463 4906; x_wconf 85' lang='lat' dir='ltr'>addendum</span> <span class='ocrx_word' id='word_1_313' title='bbox 2522 4841 2799 4927; x_wconf 86' lang='lat' dir='ltr'>videtur)</span> 
     </span>
     <span class='ocr_line' id='line_1_43' title="bbox 1103 4942 2804 5026; baseline 0.003 -23"><span class='ocrx_word' id='word_1_314' title='bbox 1103 4947 1381 5005; x_wconf 82' lang='grc' dir='ltr'>παντοῖαι</span> <span class='ocrx_word' id='word_1_315' title='bbox 1401 4942 1497 5005; x_wconf 88' lang='grc' dir='ltr'>καὶ</span> <span class='ocrx_word' id='word_1_316' title='bbox 1519 4944 1765 5026; x_wconf 82' lang='grc' dir='ltr'>τυχηραὶ</span> <span class='ocrx_word' id='word_1_317' title='bbox 1782 4947 2172 5025; x_wconf 76' lang='grc' dir='ltr'>περιπτώσεις</span> <span class='ocrx_word' id='word_1_318' title='bbox 2190 4944 2564 5024; x_wconf 73' lang='grc' dir='ltr'>ἐκβιάζονται</span> <span class='ocrx_word' id='word_1_319' title='bbox 2581 4945 2804 5009; x_wconf 80' lang='grc' dir='ltr'>ἕκαστα</span> 
     </span>
     <span class='ocr_line' id='line_1_44' title="bbox 1103 5048 2806 5134; baseline 0.005 -20"><span class='ocrx_word' id='word_1_320' title='bbox 1103 5050 1219 5133; x_wconf 84' lang='grc' dir='ltr'>πρὸ</span> <span class='ocrx_word' id='word_1_321' title='bbox 1249 5054 1351 5130; x_wconf 79' lang='grc' dir='ltr'>τῆς</span> <span class='ocrx_word' id='word_1_322' title='bbox 1380 5048 1527 5116; x_wconf 78' lang='grc' dir='ltr'>κατὰ</span> <span class='ocrx_word' id='word_1_323' title='bbox 1550 5054 1737 5133; x_wconf 85' lang='grc' dir='ltr'>φύσιν</span> <span class='ocrx_word' id='word_1_324' title='bbox 1755 5055 2082 5121; x_wconf 85' lang='grc' dir='ltr'>διαλύσεως</span> <span class='ocrx_word' id='word_1_325' title='bbox 2110 5053 2370 5120; x_wconf 80' lang='grc' dir='ltr'>ἀτάκτως</span> <span class='ocrx_word' id='word_1_326' title='bbox 2399 5054 2494 5118; x_wconf 85' lang='grc' dir='ltr'>καὶ</span> <span class='ocrx_word' id='word_1_327' title='bbox 2518 5054 2806 5134; x_wconf 78' lang='grc' dir='ltr'>ἀορίστως</span> 
     </span>
     <span class='ocr_line' id='line_1_45' title="bbox 1103 5159 2804 5250; baseline 0.002 -25"><span class='ocrx_word' id='word_1_328' title='bbox 1103 5162 1480 5245; x_wconf 85' lang='grc' dir='ltr'>φθείρεσθαι·</span> <span class='ocrx_word' id='word_1_329' title='bbox 1528 5159 1685 5225; x_wconf 81' lang='grc' dir='ltr'>ὥστε</span> <span class='ocrx_word' id='word_1_330' title='bbox 1720 5161 1865 5249; x_wconf 88' lang='lat' dir='ltr'>(leg.</span> <span class='ocrx_word' id='word_1_331' title='bbox 1901 5165 1978 5231; x_wconf 82' lang='grc' dir='ltr'>ὡς</span> <span class='ocrx_word' id='word_1_332' title='bbox 2003 5162 2168 5244; x_wconf 83' lang='grc' dir='ltr'>μήτε,</span> <span class='ocrx_word' id='word_1_333' title='bbox 2202 5178 2275 5227; x_wconf 90' lang='lat' dir='ltr'>ut</span> <span class='ocrx_word' id='word_1_334' title='bbox 2303 5162 2366 5227; x_wconf 93' lang='lat' dir='ltr'>in</span> <span class='ocrx_word' id='word_1_335' title='bbox 2398 5169 2626 5250; x_wconf 85' lang='lat' dir='ltr'>marg.)</span> <span class='ocrx_word' id='word_1_336' title='bbox 2662 5190 2804 5246; x_wconf 88' lang='grc' dir='ltr'>προ-</span> 
     </span>
     <span class='ocr_line' id='line_1_46' title="bbox 1103 5263 2806 5349; baseline 0.004 -21"><span class='ocrx_word' id='word_1_337' title='bbox 1103 5263 1498 5345; x_wconf 83' lang='grc' dir='ltr'>βεβιωμένων</span> <span class='ocrx_word' id='word_1_338' title='bbox 1555 5264 1750 5332; x_wconf 83' lang='grc' dir='ltr'>αὗτοῖς</span> <span class='ocrx_word' id='word_1_339' title='bbox 1809 5268 1966 5346; x_wconf 85' lang='grc' dir='ltr'>δίκης</span> <span class='ocrx_word' id='word_1_340' title='bbox 2006 5267 2363 5349; x_wconf 75' lang='grc' dir='ltr'>ὑφεστώσης</span> <span class='ocrx_word' id='word_1_341' title='bbox 2424 5266 2806 5348; x_wconf 74' lang='grc' dir='ltr'>(ἐφεστώσης</span> 
     </span>
     <span class='ocr_line' id='line_1_47' title="bbox 1104 5366 2805 5454; baseline 0.002 -24"><span class='ocrx_word' id='word_1_342' title='bbox 1104 5388 1305 5454; x_wconf 87' lang='lat' dir='ltr'>marg.</span> <span class='ocrx_word' id='word_1_343' title='bbox 1329 5370 1549 5452; x_wconf 87' lang='lat' dir='ltr'>recte),</span> <span class='ocrx_word' id='word_1_344' title='bbox 1574 5366 1721 5446; x_wconf 85' lang='grc' dir='ltr'>μήτε</span> <span class='ocrx_word' id='word_1_345' title='bbox 1752 5366 1847 5448; x_wconf 85' lang='grc' dir='ltr'>ἐφ’</span> <span class='ocrx_word' id='word_1_346' title='bbox 1872 5370 1958 5435; x_wconf 77' lang='grc' dir='ltr'>οἷς</span> <span class='ocrx_word' id='word_1_347' title='bbox 1988 5368 2116 5433; x_wconf 88' lang='grc' dir='ltr'>νυνὶ</span> <span class='ocrx_word' id='word_1_348' title='bbox 2144 5372 2419 5433; x_wconf 83' lang='grc' dir='ltr'>ποιοῦσιν</span> <span class='ocrx_word' id='word_1_349' title='bbox 2439 5367 2477 5449; x_wconf 87' lang='grc' dir='ltr'>ἢ</span> <span class='ocrx_word' id='word_1_350' title='bbox 2498 5367 2805 5452; x_wconf 86' lang='grc' dir='ltr'>πάσχουσι</span> 
     </span>
     <span class='ocr_line' id='line_1_48' title="bbox 1107 5469 1890 5553; baseline 0.003 -22"><span class='ocrx_word' id='word_1_351' title='bbox 1107 5470 1354 5551; x_wconf 87' lang='grc' dir='ltr'>κρίσεως</span> <span class='ocrx_word' id='word_1_352' title='bbox 1380 5469 1890 5553; x_wconf 81' lang='grc' dir='ltr'>προσδοκωμένης.</span> 
     </span>
    </p>

    <p class='ocr_par' dir='ltr' id='par_1_5' title="bbox 1192 5574 2805 5657">
     <span class='ocr_line' id='line_1_49' title="bbox 1192 5574 2805 5657; baseline 0.003 -22"><span class='ocrx_word' id='word_1_353' title='bbox 1192 5609 1280 5621; x_wconf 90' lang='grc'>-</span> <span class='ocrx_word' id='word_1_354' title='bbox 1310 5574 1371 5636; x_wconf 90' lang='grc'>8.</span> <span class='ocrx_word' id='word_1_355' title='bbox 1448 5575 1607 5639; x_wconf 77' lang='grc' dir='ltr'>αἰτία</span> <span class='ocrx_word' id='word_1_356' title='bbox 1663 5576 1777 5653; x_wconf 78' lang='grc' dir='ltr'>ὕλη</span> <span class='ocrx_word' id='word_1_357' title='bbox 1835 5575 2017 5640; x_wconf 79' lang='grc' dir='ltr'>οὕτως</span> <span class='ocrx_word' id='word_1_358' title='bbox 2075 5575 2360 5657; x_wconf 85' lang='grc' dir='ltr'>ἐχόντων,</span> <span class='ocrx_word' id='word_1_359' title='bbox 2421 5576 2499 5643; x_wconf 85' lang='grc' dir='ltr'>ὣς</span> <span class='ocrx_word' id='word_1_360' title='bbox 2555 5576 2805 5641; x_wconf 83' lang='grc' dir='ltr'>ἐλαττό-</span> 
     </span>
    </p>
   </div>
   <div class='ocr_carea' id='block_1_3' title="bbox 2069 544 3605 614">
    <p class='ocr_par' dir='ltr' id='par_1_6' title="bbox 2069 544 3605 614">
     <span class='ocr_line' id='line_1_50' title="bbox 2069 544 3605 614; baseline -0.003 0"><span class='ocrx_word' id='word_1_361' title='bbox 2069 546 2908 614; x_wconf 84' lang='lat' dir='ltr'><strong>ANNOTATIONES</strong></span> <span class='ocrx_word' id='word_1_362' title='bbox 2974 545 3089 611; x_wconf 89' lang='lat' dir='ltr'>IN</span> <span class='ocrx_word' id='word_1_363' title='bbox 3150 544 3476 610; x_wconf 89' lang='lat' dir='ltr'><strong>PLOTI</strong></span> <span class='ocrx_word' id='word_1_364' title='bbox 3495 545 3605 609; x_wconf 92' lang='lat' dir='ltr'><strong>NI</strong></span> 
     </span>
    </p>
   </div>
   <div class='ocr_carea' id='block_1_4' title="bbox 2878 731 4585 2992">
    <p class='ocr_par' dir='ltr' id='par_1_7' title="bbox 2880 731 4581 2038">
     <span class='ocr_line' id='line_1_51' title="bbox 2881 731 4574 820; baseline -0.002 -20"><span class='ocrx_word' id='word_1_365' title='bbox 2881 761 2995 804; x_wconf 81' lang='grc' dir='ltr'>νως</span> <span class='ocrx_word' id='word_1_366' title='bbox 3041 735 3230 819; x_wconf 83' lang='grc' dir='ltr'>ἔχειν]</span> <span class='ocrx_word' id='word_1_367' title='bbox 3308 732 3599 799; x_wconf 82' lang='lat' dir='ltr'>Materiae</span> <span class='ocrx_word' id='word_1_368' title='bbox 3655 731 3718 796; x_wconf 90' lang='lat' dir='ltr'>in</span> <span class='ocrx_word' id='word_1_369' title='bbox 3775 731 4016 797; x_wconf 89' lang='lat' dir='ltr'>mundo</span> <span class='ocrx_word' id='word_1_370' title='bbox 4071 747 4281 820; x_wconf 80' lang='lat' dir='ltr'>partes</span> <span class='ocrx_word' id='word_1_371' title='bbox 4326 731 4574 819; x_wconf 86' lang='lat' dir='ltr'>attingit</span> 
     </span>
     <span class='ocr_line' id='line_1_52' title="bbox 2880 833 4576 902; baseline -0.001 0"><span class='ocrx_word' id='word_1_372' title='bbox 2880 838 3066 902; x_wconf 90' lang='lat' dir='ltr'>etiam</span> <span class='ocrx_word' id='word_1_373' title='bbox 3113 837 3300 902; x_wconf 90' lang='lat' dir='ltr'>Philo</span> <span class='ocrx_word' id='word_1_374' title='bbox 3341 838 3389 900; x_wconf 84' lang='lat' dir='ltr'><strong>J</strong></span> <span class='ocrx_word' id='word_1_375' title='bbox 3396 835 3615 901; x_wconf 83' lang='lat' dir='ltr'>udaeus</span> <span class='ocrx_word' id='word_1_376' title='bbox 3661 837 3860 899; x_wconf 89' lang='lat' dir='ltr'>Serm.</span> <span class='ocrx_word' id='word_1_377' title='bbox 3895 835 4000 900; x_wconf 95' lang='lat' dir='ltr'>II.</span> <span class='ocrx_word' id='word_1_378' title='bbox 4046 834 4128 899; x_wconf 91' lang='lat' dir='ltr'>de</span> <span class='ocrx_word' id='word_1_379' title='bbox 4173 833 4576 900; x_wconf 87' lang='lat' dir='ltr'>Providentia</span> 
     </span>
     <span class='ocr_line' id='line_1_53' title="bbox 2883 937 4580 1029; baseline -0.001 -24"><span class='ocrx_word' id='word_1_380' title='bbox 2883 964 2947 1029; x_wconf 87' lang='lat' dir='ltr'><strong>p.</strong></span> <span class='ocrx_word' id='word_1_381' title='bbox 2995 959 3096 1026; x_wconf 90' lang='lat'><strong>97.</strong></span> <span class='ocrx_word' id='word_1_382' title='bbox 3143 964 3304 1005; x_wconf 85' lang='lat' dir='ltr'>vers.</span> <span class='ocrx_word' id='word_1_383' title='bbox 3357 944 3620 1005; x_wconf 90' lang='lat' dir='ltr'>Armen.</span> <span class='ocrx_word' id='word_1_384' title='bbox 3713 939 3838 1018; x_wconf 84' lang='lat' dir='ltr'>Qui</span> <span class='ocrx_word' id='word_1_385' title='bbox 3882 938 4055 1003; x_wconf 89' lang='lat' dir='ltr'>locus</span> <span class='ocrx_word' id='word_1_386' title='bbox 4097 938 4161 1002; x_wconf 92' lang='lat' dir='ltr'>in</span> <span class='ocrx_word' id='word_1_387' title='bbox 4208 937 4456 1003; x_wconf 89' lang='lat' dir='ltr'>Latinis</span> <span class='ocrx_word' id='word_1_388' title='bbox 4495 938 4580 1003; x_wconf 89' lang='lat' dir='ltr'>ita</span> 
     </span>
     <span class='ocr_line' id='line_1_54' title="bbox 2885 1040 4579 1130; baseline -0.004 -20"><span class='ocrx_word' id='word_1_389' title='bbox 2885 1045 3112 1110; x_wconf 84' lang='lat' dir='ltr'>habet:</span> <span class='ocrx_word' id='word_1_390' title='bbox 3165 1053 3208 1085; x_wconf 76' lang='lat'>‘⁴</span> <span class='ocrx_word' id='word_1_391' title='bbox 3241 1044 3538 1108; x_wconf 88' lang='lat' dir='ltr'>Similiter</span> <span class='ocrx_word' id='word_1_392' title='bbox 3577 1066 3691 1130; x_wconf 91' lang='lat' dir='ltr'>per</span> <span class='ocrx_word' id='word_1_393' title='bbox 3734 1042 4203 1107; x_wconf 89' lang='lat' dir='ltr'>Providentiam</span> <span class='ocrx_word' id='word_1_394' title='bbox 4231 1040 4366 1129; x_wconf 88' lang='lat' dir='ltr'>regi</span> <span class='ocrx_word' id='word_1_395' title='bbox 4397 1063 4579 1105; x_wconf 90' lang='lat' dir='ltr'>mun-</span> 
     </span>
     <span class='ocr_line' id='line_1_55' title="bbox 2885 1143 4580 1234; baseline -0.003 -20"><span class='ocrx_word' id='word_1_396' title='bbox 2885 1148 3006 1214; x_wconf 88' lang='lat' dir='ltr'>dus</span> <span class='ocrx_word' id='word_1_397' title='bbox 3030 1148 3281 1228; x_wconf 88' lang='lat' dir='ltr'>dicitur,</span> <span class='ocrx_word' id='word_1_398' title='bbox 3309 1169 3434 1212; x_wconf 92' lang='lat' dir='ltr'>non</span> <span class='ocrx_word' id='word_1_399' title='bbox 3464 1146 3635 1234; x_wconf 92' lang='lat' dir='ltr'>quod</span> <span class='ocrx_word' id='word_1_400' title='bbox 3668 1146 3876 1211; x_wconf 90' lang='lat' dir='ltr'>omnia</span> <span class='ocrx_word' id='word_1_401' title='bbox 3919 1160 4210 1233; x_wconf 87' lang='lat' dir='ltr'>procuret</span> <span class='ocrx_word' id='word_1_402' title='bbox 4240 1147 4441 1223; x_wconf 75' lang='lat' dir='ltr'>DeuS,</span> <span class='ocrx_word' id='word_1_403' title='bbox 4473 1143 4580 1209; x_wconf 86' lang='lat' dir='ltr'>sed</span> 
     </span>
     <span class='ocr_line' id='line_1_56' title="bbox 2885 1248 4580 1338; baseline -0.002 -23"><span class='ocrx_word' id='word_1_404' title='bbox 2885 1251 3038 1338; x_wconf 87' lang='lat' dir='ltr'>quia</span> <span class='ocrx_word' id='word_1_405' title='bbox 3079 1250 3349 1338; x_wconf 81' lang='lat' dir='ltr'>dignitas</span> <span class='ocrx_word' id='word_1_406' title='bbox 3390 1251 3528 1338; x_wconf 85' lang='lat' dir='ltr'>ejus</span> <span class='ocrx_word' id='word_1_407' title='bbox 3571 1267 3813 1314; x_wconf 85' lang='lat' dir='ltr'>naturae</span> <span class='ocrx_word' id='word_1_408' title='bbox 3856 1265 3971 1326; x_wconf 91' lang='lat' dir='ltr'>est,</span> <span class='ocrx_word' id='word_1_409' title='bbox 4006 1264 4076 1314; x_wconf 89' lang='lat' dir='ltr'>ut</span> <span class='ocrx_word' id='word_1_410' title='bbox 4118 1249 4374 1313; x_wconf 90' lang='lat' dir='ltr'>omnino</span> <span class='ocrx_word' id='word_1_411' title='bbox 4417 1248 4580 1313; x_wconf 89' lang='lat' dir='ltr'>bona</span> 
     </span>
     <span class='ocr_line' id='line_1_57' title="bbox 2884 1351 4578 1442; baseline -0.002 -23"><span class='ocrx_word' id='word_1_412' title='bbox 2884 1354 3335 1442; x_wconf 83' lang='lat' dir='ltr'>utilissimaque</span> <span class='ocrx_word' id='word_1_413' title='bbox 3388 1353 3506 1418; x_wconf 87' lang='lat' dir='ltr'>sit:</span> <span class='ocrx_word' id='word_1_414' title='bbox 3557 1351 3865 1418; x_wconf 89' lang='lat' dir='ltr'>contraria</span> <span class='ocrx_word' id='word_1_415' title='bbox 3920 1375 4092 1430; x_wconf 86' lang='lat' dir='ltr'>vero,</span> <span class='ocrx_word' id='word_1_416' title='bbox 4151 1351 4248 1415; x_wconf 87' lang='lat' dir='ltr'>vel</span> <span class='ocrx_word' id='word_1_417' title='bbox 4306 1351 4578 1416; x_wconf 84' lang='lat' dir='ltr'>materiae</span> 
     </span>
     <span class='ocr_line' id='line_1_58' title="bbox 2880 1454 4574 1523; baseline -0.001 -1"><span class='ocrx_word' id='word_1_418' title='bbox 2880 1457 2981 1523; x_wconf 84' lang='lat' dir='ltr'>vel</span> <span class='ocrx_word' id='word_1_419' title='bbox 3009 1457 3262 1523; x_wconf 86' lang='lat' dir='ltr'>malitiae</span> <span class='ocrx_word' id='word_1_420' title='bbox 3300 1473 3543 1523; x_wconf 81' lang='lat' dir='ltr'>naturae</span> <span class='ocrx_word' id='word_1_421' title='bbox 3571 1456 3998 1522; x_wconf 65' lang='lat' dir='ltr'>immoderatae</span> <span class='ocrx_word' id='word_1_422' title='bbox 4025 1455 4249 1520; x_wconf 86' lang='lat' dir='ltr'>erroris</span> <span class='ocrx_word' id='word_1_423' title='bbox 4277 1471 4425 1520; x_wconf 86' lang='lat' dir='ltr'>sunt</span> <span class='ocrx_word' id='word_1_424' title='bbox 4454 1454 4574 1520; x_wconf 86' lang='lat' dir='ltr'>foe-</span> 
     </span>
     <span class='ocr_line' id='line_1_59' title="bbox 2883 1556 4575 1648; baseline -0.002 -23"><span class='ocrx_word' id='word_1_425' title='bbox 2883 1575 3021 1642; x_wconf 85' lang='lat' dir='ltr'>tus3</span> <span class='ocrx_word' id='word_1_426' title='bbox 3068 1582 3339 1648; x_wconf 88' lang='lat' dir='ltr'>quorum</span> <span class='ocrx_word' id='word_1_427' title='bbox 3372 1559 3531 1625; x_wconf 90' lang='lat' dir='ltr'>deus</span> <span class='ocrx_word' id='word_1_428' title='bbox 3561 1582 3682 1624; x_wconf 92' lang='lat' dir='ltr'>non</span> <span class='ocrx_word' id='word_1_429' title='bbox 3717 1575 3810 1624; x_wconf 89' lang='lat' dir='ltr'>est</span> <span class='ocrx_word' id='word_1_430' title='bbox 3838 1560 4084 1624; x_wconf 83' lang='lat' dir='ltr'>causa.”</span> <span class='ocrx_word' id='word_1_431' title='bbox 4158 1556 4448 1623; x_wconf 89' lang='lat' dir='ltr'>Plotinus</span> <span class='ocrx_word' id='word_1_432' title='bbox 4466 1581 4575 1622; x_wconf 90' lang='lat' dir='ltr'>au-</span> 
     </span>
     <span class='ocr_line' id='line_1_60' title="bbox 2883 1660 4576 1737; baseline -0.002 -10"><span class='ocrx_word' id='word_1_433' title='bbox 2883 1679 3010 1734; x_wconf 88' lang='lat' dir='ltr'>tem</span> <span class='ocrx_word' id='word_1_434' title='bbox 3040 1662 3108 1727; x_wconf 91' lang='lat' dir='ltr'>h.</span> <span class='ocrx_word' id='word_1_435' title='bbox 3137 1661 3181 1727; x_wconf 88' lang='lat' dir='ltr'>l.</span> <span class='ocrx_word' id='word_1_436' title='bbox 3218 1661 3478 1726; x_wconf 86' lang='lat' dir='ltr'>fortasse</span> <span class='ocrx_word' id='word_1_437' title='bbox 3513 1677 3659 1726; x_wconf 89' lang='lat' dir='ltr'>ante</span> <span class='ocrx_word' id='word_1_438' title='bbox 3699 1661 3913 1726; x_wconf 89' lang='lat' dir='ltr'>oculos</span> <span class='ocrx_word' id='word_1_439' title='bbox 3958 1661 4177 1726; x_wconf 91' lang='lat' dir='ltr'>habuit</span> <span class='ocrx_word' id='word_1_440' title='bbox 4221 1660 4576 1737; x_wconf 86' lang='lat' dir='ltr'>Gnosticos,</span> 
     </span>
     <span class='ocr_line' id='line_1_61' title="bbox 2884 1761 4580 1853; baseline -0.003 -23"><span class='ocrx_word' id='word_1_441' title='bbox 2884 1765 2996 1853; x_wconf 89' lang='lat' dir='ltr'>qui</span> <span class='ocrx_word' id='word_1_442' title='bbox 3024 1780 3332 1853; x_wconf 89' lang='lat' dir='ltr'>quantum</span> <span class='ocrx_word' id='word_1_443' title='bbox 3376 1764 3666 1829; x_wconf 67' lang='lat' dir='ltr'>Materiae</span> <span class='ocrx_word' id='word_1_444' title='bbox 3696 1764 4028 1829; x_wconf 86' lang='lat' dir='ltr'>tribuerint</span> <span class='ocrx_word' id='word_1_445' title='bbox 4056 1785 4247 1850; x_wconf 88' lang='lat' dir='ltr'>supra</span> <span class='ocrx_word' id='word_1_446' title='bbox 4275 1761 4580 1827; x_wconf 87' lang='lat' dir='ltr'>intellexi-</span> 
     </span>
     <span class='ocr_line' id='line_1_62' title="bbox 2885 1866 4581 1957; baseline -0.002 -23"><span class='ocrx_word' id='word_1_447' title='bbox 2885 1893 3026 1934; x_wconf 88' lang='lat' dir='ltr'>mus</span> <span class='ocrx_word' id='word_1_448' title='bbox 3048 1893 3083 1934; x_wconf 91' lang='lat' dir='ltr'>e</span> <span class='ocrx_word' id='word_1_449' title='bbox 3111 1869 3293 1948; x_wconf 80' lang='lat' dir='ltr'>libre,</span> <span class='ocrx_word' id='word_1_450' title='bbox 3322 1869 3430 1957; x_wconf 92' lang='lat' dir='ltr'>qui</span> <span class='ocrx_word' id='word_1_451' title='bbox 3461 1868 3523 1934; x_wconf 91' lang='lat' dir='ltr'>in</span> <span class='ocrx_word' id='word_1_452' title='bbox 3557 1868 3856 1933; x_wconf 91' lang='lat' dir='ltr'>Editione</span> <span class='ocrx_word' id='word_1_453' title='bbox 3884 1867 4215 1932; x_wconf 88' lang='lat' dir='ltr'>Adversus</span> <span class='ocrx_word' id='word_1_454' title='bbox 4249 1866 4581 1932; x_wconf 82' lang='lat' dir='ltr'>Gnosticos</span> 
     </span>
     <span class='ocr_line' id='line_1_63' title="bbox 2883 1972 3256 2038; baseline -0.005 -1"><span class='ocrx_word' id='word_1_455' title='bbox 2883 1972 3256 2038; x_wconf 86' lang='lat' dir='ltr'>inscribitur.</span> 
     </span>
    </p>

    <p class='ocr_par' dir='ltr' id='par_1_8' title="bbox 2878 2071 4585 2992">
     <span class='ocr_line' id='line_1_64' title="bbox 2967 2071 4578 2160; baseline -0.001 -21"><span class='ocrx_word' id='word_1_456' title='bbox 2967 2111 3051 2123; x_wconf 92' lang='lat'>—</span> <span class='ocrx_word' id='word_1_457' title='bbox 3084 2094 3181 2160; x_wconf 85' lang='lat'><strong>13.</strong></span> <span class='ocrx_word' id='word_1_458' title='bbox 3227 2074 3336 2142; x_wconf 89' lang='grc' dir='ltr'>Τίς</span> <span class='ocrx_word' id='word_1_459' title='bbox 3370 2075 3478 2140; x_wconf 75' lang='grc' dir='ltr'>οὖν</span> <span class='ocrx_word' id='word_1_460' title='bbox 3512 2074 3549 2154; x_wconf 84' lang='grc' dir='ltr'><strong><em>ἡ</em></strong></span> <span class='ocrx_word' id='word_1_461' title='bbox 3595 2078 3700 2138; x_wconf 86' lang='grc' dir='ltr'>τοῦ</span> <span class='ocrx_word' id='word_1_462' title='bbox 3736 2071 4004 2153; x_wconf 89' lang='grc' dir='ltr'>πολέμου</span> <span class='ocrx_word' id='word_1_463' title='bbox 4038 2077 4145 2137; x_wconf 85' lang='grc' dir='ltr'>τοῦ</span> <span class='ocrx_word' id='word_1_464' title='bbox 4172 2073 4578 2154; x_wconf 83' lang='grc' dir='ltr'>ἀκηρύκτου-</span> 
     </span>
     <span class='ocr_line' id='line_1_65' title="bbox 2884 2173 4578 2265; baseline -0.002 -24"><span class='ocrx_word' id='word_1_465' title='bbox 2884 2175 3187 2265; x_wconf 75' lang='grc' dir='ltr'>ἀνάγκης]</span> <span class='ocrx_word' id='word_1_466' title='bbox 3237 2173 3524 2240; x_wconf 82' lang='lat' dir='ltr'>Colorem</span> <span class='ocrx_word' id='word_1_467' title='bbox 3574 2174 3760 2240; x_wconf 88' lang='lat' dir='ltr'>duxit</span> <span class='ocrx_word' id='word_1_468' title='bbox 3806 2199 3841 2239; x_wconf 90' lang='lat' dir='ltr'>e</span> <span class='ocrx_word' id='word_1_469' title='bbox 3882 2174 4164 2239; x_wconf 89' lang='lat' dir='ltr'>Platonis</span> <span class='ocrx_word' id='word_1_470' title='bbox 4200 2173 4341 2238; x_wconf 91' lang='lat' dir='ltr'>loco</span> <span class='ocrx_word' id='word_1_471' title='bbox 4381 2173 4578 2238; x_wconf 87' lang='lat' dir='ltr'>Ploti-</span> 
     </span>
     <span class='ocr_line' id='line_1_66' title="bbox 2883 2279 4575 2366; baseline -0.001 -22"><span class='ocrx_word' id='word_1_472' title='bbox 2883 2303 3023 2344; x_wconf 91' lang='lat' dir='ltr'>nus.</span> <span class='ocrx_word' id='word_1_473' title='bbox 3115 2280 3232 2345; x_wconf 91' lang='lat' dir='ltr'>Ille</span> <span class='ocrx_word' id='word_1_474' title='bbox 3287 2280 3450 2344; x_wconf 89' lang='lat' dir='ltr'>enim</span> <span class='ocrx_word' id='word_1_475' title='bbox 3510 2279 3591 2344; x_wconf 89' lang='lat' dir='ltr'>de</span> <span class='ocrx_word' id='word_1_476' title='bbox 3650 2281 3853 2366; x_wconf 87' lang='lat' dir='ltr'>Legg.</span> <span class='ocrx_word' id='word_1_477' title='bbox 3906 2279 3962 2342; x_wconf 93' lang='lat' dir='ltr'>I.</span> <span class='ocrx_word' id='word_1_478' title='bbox 4019 2301 4084 2365; x_wconf 95' lang='lat' dir='ltr'>p.</span> <span class='ocrx_word' id='word_1_479' title='bbox 4130 2280 4280 2348; x_wconf 80' lang='lat'><strong>626.</strong></span> <span class='ocrx_word' id='word_1_480' title='bbox 4331 2301 4396 2364; x_wconf 90' lang='lat' dir='ltr'>p.</span> <span class='ocrx_word' id='word_1_481' title='bbox 4436 2279 4575 2343; x_wconf 86' lang='lat'><strong>182.</strong></span> 
     </span>
     <span class='ocr_line' id='line_1_67' title="bbox 2884 2383 4580 2468; baseline -0.002 -18"><span class='ocrx_word' id='word_1_482' title='bbox 2884 2383 3088 2450; x_wconf 85' lang='lat' dir='ltr'>Bekk.</span> <span class='ocrx_word' id='word_1_483' title='bbox 3112 2410 3127 2448; x_wconf 79' lang='lat' dir='ltr'>t</span> <span class='ocrx_word' id='word_1_484' title='bbox 3174 2385 3249 2465; x_wconf 81' lang='grc' dir='ltr'>ἦν</span> <span class='ocrx_word' id='word_1_485' title='bbox 3276 2383 3392 2468; x_wconf 82' lang='grc' dir='ltr'>γὰρ</span> <span class='ocrx_word' id='word_1_486' title='bbox 3423 2389 3709 2449; x_wconf 84' lang='grc' dir='ltr'>καλοῦσιν</span> <span class='ocrx_word' id='word_1_487' title='bbox 3732 2387 4088 2448; x_wconf 73' lang='grc' dir='ltr'>οἱπλεῖστοι</span> <span class='ocrx_word' id='word_1_488' title='bbox 4116 2390 4234 2447; x_wconf 85' lang='grc' dir='ltr'>τῶν</span> <span class='ocrx_word' id='word_1_489' title='bbox 4256 2384 4580 2465; x_wconf 76' lang='grc' dir='ltr'>ἀνθρώπων</span> 
     </span>
     <span class='ocr_line' id='line_1_68' title="bbox 2883 2488 4578 2574; baseline -0.001 -20"><span class='ocrx_word' id='word_1_490' title='bbox 2883 2489 3138 2572; x_wconf 77' lang='grc' dir='ltr'>εἰρήνην,</span> <span class='ocrx_word' id='word_1_491' title='bbox 3180 2488 3335 2553; x_wconf 83' lang='grc' dir='ltr'>τοῦτ’</span> <span class='ocrx_word' id='word_1_492' title='bbox 3369 2489 3519 2554; x_wconf 82' lang='grc' dir='ltr'>εἶναι</span> <span class='ocrx_word' id='word_1_493' title='bbox 3559 2491 3747 2569; x_wconf 83' lang='grc' dir='ltr'>μόνον</span> <span class='ocrx_word' id='word_1_494' title='bbox 3786 2491 3995 2568; x_wconf 79' lang='grc' dir='ltr'>ὄνομα,</span> <span class='ocrx_word' id='word_1_495' title='bbox 4046 2492 4125 2573; x_wconf 70' lang='grc' dir='ltr'>τῷ</span> <span class='ocrx_word' id='word_1_496' title='bbox 4167 2490 4230 2550; x_wconf 82' lang='grc' dir='ltr'>δὲ</span> <span class='ocrx_word' id='word_1_497' title='bbox 4267 2488 4421 2574; x_wconf 76' lang='grc' dir='ltr'>ἔργῳ</span> <span class='ocrx_word' id='word_1_498' title='bbox 4467 2488 4578 2552; x_wconf 90' lang='grc' dir='ltr'>πά-</span> 
     </span>
     <span class='ocr_line' id='line_1_69' title="bbox 2883 2590 4582 2676; baseline -0.001 -19"><span class='ocrx_word' id='word_1_499' title='bbox 2883 2619 3018 2661; x_wconf 89' lang='grc' dir='ltr'>σαις</span> <span class='ocrx_word' id='word_1_500' title='bbox 3044 2594 3192 2676; x_wconf 84' lang='grc' dir='ltr'>πρὸς</span> <span class='ocrx_word' id='word_1_501' title='bbox 3219 2592 3418 2661; x_wconf 90' lang='grc' dir='ltr'>πάσας</span> <span class='ocrx_word' id='word_1_502' title='bbox 3465 2590 3570 2661; x_wconf 79' lang='grc' dir='ltr'>τὰς</span> <span class='ocrx_word' id='word_1_503' title='bbox 3597 2591 3804 2660; x_wconf 82' lang='grc' dir='ltr'>πόλεις</span> <span class='ocrx_word' id='word_1_504' title='bbox 3839 2593 3932 2656; x_wconf 88' lang='grc' dir='ltr'>ἀεὶ</span> <span class='ocrx_word' id='word_1_505' title='bbox 3960 2594 4229 2671; x_wconf 85' lang='grc' dir='ltr'>πόλεμον</span> <span class='ocrx_word' id='word_1_506' title='bbox 4259 2592 4582 2674; x_wconf 86' lang='grc' dir='ltr'>ἀκήρυκτον</span> 
     </span>
     <span class='ocr_line' id='line_1_70' title="bbox 2885 2694 4585 2782; baseline -0.002 -21"><span class='ocrx_word' id='word_1_507' title='bbox 2885 2695 3031 2762; x_wconf 83' lang='grc' dir='ltr'>κατὰ</span> <span class='ocrx_word' id='word_1_508' title='bbox 3059 2700 3247 2780; x_wconf 85' lang='grc' dir='ltr'>φύσιν</span> <span class='ocrx_word' id='word_1_509' title='bbox 3278 2697 3449 2762; x_wconf 82' lang='grc' dir='ltr'>εἶναι.</span> <span class='ocrx_word' id='word_1_510' title='bbox 3539 2696 3738 2775; x_wconf 88' lang='lat' dir='ltr'>Alibi,</span> <span class='ocrx_word' id='word_1_511' title='bbox 3771 2710 3844 2761; x_wconf 88' lang='lat' dir='ltr'>ut</span> <span class='ocrx_word' id='word_1_512' title='bbox 3867 2720 3928 2759; x_wconf 84' lang='lat' dir='ltr'><strong>v.</strong></span> <span class='ocrx_word' id='word_1_513' title='bbox 3976 2718 4030 2760; x_wconf 88' lang='lat' dir='ltr'>c.</span> <span class='ocrx_word' id='word_1_514' title='bbox 4077 2694 4249 2782; x_wconf 87' lang='lat' dir='ltr'>apud</span> <span class='ocrx_word' id='word_1_515' title='bbox 4296 2695 4585 2759; x_wconf 88' lang='lat' dir='ltr'>Herodo-</span> 
     </span>
     <span class='ocr_line' id='line_1_71' title="bbox 2881 2797 4583 2888; baseline 0 -24"><span class='ocrx_word' id='word_1_516' title='bbox 2881 2814 3015 2864; x_wconf 89' lang='lat' dir='ltr'>tum</span> <span class='ocrx_word' id='word_1_517' title='bbox 3048 2802 3126 2866; x_wconf 92' lang='lat' dir='ltr'><strong>V.</strong></span> <span class='ocrx_word' id='word_1_518' title='bbox 3172 2822 3277 2888; x_wconf 79' lang='lat'><strong>31.</strong></span> <span class='ocrx_word' id='word_1_519' title='bbox 3323 2810 3465 2865; x_wconf 89' lang='grc' dir='ltr'>πολ.</span> <span class='ocrx_word' id='word_1_520' title='bbox 3511 2803 3676 2882; x_wconf 90' lang='grc' dir='ltr'>ἀκηρ.</span> <span class='ocrx_word' id='word_1_521' title='bbox 3725 2816 3819 2865; x_wconf 88' lang='lat' dir='ltr'>est</span> <span class='ocrx_word' id='word_1_522' title='bbox 3861 2799 4094 2864; x_wconf 87' lang='lat' dir='ltr'>bellum</span> <span class='ocrx_word' id='word_1_523' title='bbox 4141 2822 4266 2864; x_wconf 91' lang='lat' dir='ltr'>non</span> <span class='ocrx_word' id='word_1_524' title='bbox 4313 2797 4583 2887; x_wconf 86' lang='lat' dir='ltr'>legitime</span> 
     </span>
     <span class='ocr_line' id='line_1_72' title="bbox 2878 2902 4583 2992; baseline 0 -24"><span class='ocrx_word' id='word_1_525' title='bbox 2878 2905 3203 2971; x_wconf 90' lang='lat' dir='ltr'>indictum.</span> <span class='ocrx_word' id='word_1_526' title='bbox 3297 2905 3469 2970; x_wconf 92' lang='lat' dir='ltr'>Hinc</span> <span class='ocrx_word' id='word_1_527' title='bbox 3499 2905 3694 2970; x_wconf 90' lang='lat' dir='ltr'>altera</span> <span class='ocrx_word' id='word_1_528' title='bbox 3737 2904 4105 2992; x_wconf 87' lang='lat' dir='ltr'>significatio</span> <span class='ocrx_word' id='word_1_529' title='bbox 4135 2902 4322 2968; x_wconf 86' lang='lat' dir='ltr'>fluxit</span> <span class='ocrx_word' id='word_1_530' title='bbox 4358 2902 4583 2968; x_wconf 89' lang='lat' dir='ltr'>atrocis</span> 
     </span>
    </p>
   </div>
   <div class='ocr_carea' id='block_1_5' title="bbox 2880 3005 4582 3196">
    <p class='ocr_par' dir='ltr' id='par_1_9' title="bbox 2880 3005 4582 3196">
     <span class='ocr_line' id='line_1_73' title="bbox 2881 3005 4580 3096; baseline -0.002 -23"><span class='ocrx_word' id='word_1_531' title='bbox 2881 3007 3023 3073; x_wconf 91' lang='lat' dir='ltr'>belli</span> <span class='ocrx_word' id='word_1_532' title='bbox 3053 3008 3338 3094; x_wconf 88' lang='lat' dir='ltr'>adeoque</span> <span class='ocrx_word' id='word_1_533' title='bbox 3370 3007 3678 3096; x_wconf 87' lang='lat' dir='ltr'>perpetui.</span> <span class='ocrx_word' id='word_1_534' title='bbox 3745 3007 3847 3071; x_wconf 87' lang='lat' dir='ltr'><strong>Cf.</strong></span> <span class='ocrx_word' id='word_1_535' title='bbox 3872 3006 4119 3071; x_wconf 87' lang='lat' dir='ltr'>Erasmi</span> <span class='ocrx_word' id='word_1_536' title='bbox 4153 3005 4403 3093; x_wconf 86' lang='lat' dir='ltr'>Adagg.</span> <span class='ocrx_word' id='word_1_537' title='bbox 4437 3007 4580 3071; x_wconf 92' lang='lat'><strong>111.</strong></span> 
     </span>
     <span class='ocr_line' id='line_1_74' title="bbox 2880 3108 4582 3196; baseline 0.001 -24"><span class='ocrx_word' id='word_1_538' title='bbox 2880 3130 2943 3196; x_wconf 85' lang='lat'><strong>3.</strong></span> <span class='ocrx_word' id='word_1_539' title='bbox 2979 3110 3081 3191; x_wconf 90' lang='lat'><strong>84.</strong></span> <span class='ocrx_word' id='word_1_540' title='bbox 3131 3108 3509 3196; x_wconf 87' lang='lat' dir='ltr'>Wesseling.</span> <span class='ocrx_word' id='word_1_541' title='bbox 3539 3108 3619 3173; x_wconf 88' lang='lat' dir='ltr'>ad</span> <span class='ocrx_word' id='word_1_542' title='bbox 3664 3108 3855 3174; x_wconf 90' lang='lat' dir='ltr'>Diod.</span> <span class='ocrx_word' id='word_1_543' title='bbox 3886 3110 4074 3174; x_wconf 89' lang='lat' dir='ltr'><strong>XIV.</strong></span> <span class='ocrx_word' id='word_1_544' title='bbox 4107 3129 4211 3189; x_wconf 92' lang='lat'><strong>40.</strong></span> <span class='ocrx_word' id='word_1_545' title='bbox 4247 3132 4309 3194; x_wconf 89' lang='lat' dir='ltr'>p.</span> <span class='ocrx_word' id='word_1_546' title='bbox 4343 3110 4491 3191; x_wconf 92' lang='lat'><strong>674.</strong></span> <span class='ocrx_word' id='word_1_547' title='bbox 4519 3124 4582 3173; x_wconf 89' lang='lat' dir='ltr'>et</span> 
     </span>
    </p>
   </div>
   <div class='ocr_carea' id='block_1_6' title="bbox 2883 3211 4590 5665">
    <p class='ocr_par' dir='ltr' id='par_1_10' title="bbox 2883 3211 4590 5665">
     <span class='ocr_line' id='line_1_75' title="bbox 2884 3211 4583 3300; baseline 0 -23"><span class='ocrx_word' id='word_1_548' title='bbox 2884 3217 3020 3277; x_wconf 87' lang='lat' dir='ltr'>Ast.</span> <span class='ocrx_word' id='word_1_549' title='bbox 3052 3212 3133 3277; x_wconf 89' lang='lat' dir='ltr'>ad</span> <span class='ocrx_word' id='word_1_550' title='bbox 3166 3212 3415 3278; x_wconf 90' lang='lat' dir='ltr'>Platon.</span> <span class='ocrx_word' id='word_1_551' title='bbox 3446 3213 3487 3278; x_wconf 89' lang='lat' dir='ltr'>l.</span> <span class='ocrx_word' id='word_1_552' title='bbox 3518 3213 3556 3276; x_wconf 91' lang='lat' dir='ltr'>l.</span> <span class='ocrx_word' id='word_1_553' title='bbox 3587 3236 3654 3300; x_wconf 91' lang='lat' dir='ltr'>p.</span> <span class='ocrx_word' id='word_1_554' title='bbox 3694 3234 3792 3294; x_wconf 90' lang='lat'><strong>14.</strong></span> <span class='ocrx_word' id='word_1_555' title='bbox 3844 3212 4013 3277; x_wconf 90' lang='lat' dir='ltr'>Add.</span> <span class='ocrx_word' id='word_1_556' title='bbox 4047 3212 4254 3278; x_wconf 90' lang='lat' dir='ltr'>locum</span> <span class='ocrx_word' id='word_1_557' title='bbox 4301 3211 4583 3277; x_wconf 91' lang='lat' dir='ltr'>Philonis</span> 
     </span>
     <span class='ocr_line' id='line_1_76' title="bbox 2883 3315 4586 3402; baseline 0.001 -22"><span class='ocrx_word' id='word_1_558' title='bbox 2883 3316 3046 3381; x_wconf 90' lang='lat' dir='ltr'>hanc</span> <span class='ocrx_word' id='word_1_559' title='bbox 3103 3316 3504 3402; x_wconf 89' lang='lat' dir='ltr'>posteriorem</span> <span class='ocrx_word' id='word_1_560' title='bbox 3557 3316 3924 3382; x_wconf 87' lang='lat' dir='ltr'>sententiam</span> <span class='ocrx_word' id='word_1_561' title='bbox 3976 3315 4328 3380; x_wconf 88' lang='lat' dir='ltr'>luculenter</span> <span class='ocrx_word' id='word_1_562' title='bbox 4382 3315 4586 3381; x_wconf 90' lang='lat' dir='ltr'>decla-</span> 
     </span>
     <span class='ocr_line' id='line_1_77' title="bbox 2883 3417 4580 3507; baseline 0 -24"><span class='ocrx_word' id='word_1_563' title='bbox 2883 3418 3078 3483; x_wconf 87' lang='lat' dir='ltr'>rantis</span> <span class='ocrx_word' id='word_1_564' title='bbox 3116 3420 3217 3483; x_wconf 91' lang='lat' dir='ltr'>De</span> <span class='ocrx_word' id='word_1_565' title='bbox 3266 3419 3501 3484; x_wconf 91' lang='lat' dir='ltr'>Mundi</span> <span class='ocrx_word' id='word_1_566' title='bbox 3546 3419 3723 3507; x_wconf 85' lang='lat' dir='ltr'><strong>Opif.</strong></span> <span class='ocrx_word' id='word_1_567' title='bbox 3770 3442 3831 3507; x_wconf 91' lang='lat' dir='ltr'>p.</span> <span class='ocrx_word' id='word_1_568' title='bbox 3872 3439 4013 3484; x_wconf 84' lang='lat'><strong>112.</strong></span> <span class='ocrx_word' id='word_1_569' title='bbox 4061 3417 4315 3483; x_wconf 74' lang='lat' dir='ltr'>Pseiff.:</span> <span class='ocrx_word' id='word_1_570' title='bbox 4366 3419 4580 3503; x_wconf 83' lang='grc' dir='ltr'>ἐγκρά-</span> 
     </span>
     <span class='ocr_line' id='line_1_78' title="bbox 2885 3519 4581 3606; baseline 0 -21"><span class='ocrx_word' id='word_1_571' title='bbox 2885 3545 3014 3585; x_wconf 89' lang='grc' dir='ltr'>τεια</span> <span class='ocrx_word' id='word_1_572' title='bbox 3039 3521 3238 3604; x_wconf 86' lang='grc' dir='ltr'>μάχην</span> <span class='ocrx_word' id='word_1_573' title='bbox 3280 3524 3669 3606; x_wconf 87' lang='grc' dir='ltr'>ἀκαθαίρετον</span> <span class='ocrx_word' id='word_1_574' title='bbox 3700 3523 3797 3586; x_wconf 80' lang='grc' dir='ltr'>καὶ</span> <span class='ocrx_word' id='word_1_575' title='bbox 3840 3519 4107 3602; x_wconf 81' lang='grc' dir='ltr'>πόλεμον</span> <span class='ocrx_word' id='word_1_576' title='bbox 4146 3522 4452 3586; x_wconf 77' lang='grc' dir='ltr'>ἄσπονδον</span> <span class='ocrx_word' id='word_1_577' title='bbox 4487 3524 4581 3586; x_wconf 89' lang='grc' dir='ltr'>ἐκ-</span> 
     </span>
     <span class='ocr_line' id='line_1_79' title="bbox 2887 3623 4586 3713; baseline 0.001 -25"><span class='ocrx_word' id='word_1_578' title='bbox 2887 3624 3156 3707; x_wconf 78' lang='grc' dir='ltr'>φέρουσα</span> <span class='ocrx_word' id='word_1_579' title='bbox 3182 3625 3329 3706; x_wconf 86' lang='grc' dir='ltr'>πρός</span> <span class='ocrx_word' id='word_1_580' title='bbox 3371 3626 3662 3707; x_wconf 89' lang='grc' dir='ltr'>ἀκρασίαν</span> <span class='ocrx_word' id='word_1_581' title='bbox 3713 3627 3809 3689; x_wconf 78' lang='grc' dir='ltr'>καὶ</span> <span class='ocrx_word' id='word_1_582' title='bbox 3850 3625 4084 3706; x_wconf 81' lang='grc' dir='ltr'>ἡδονήν.</span> <span class='ocrx_word' id='word_1_583' title='bbox 4175 3623 4318 3689; x_wconf 84' lang='lat' dir='ltr'>Alia</span> <span class='ocrx_word' id='word_1_584' title='bbox 4375 3624 4586 3713; x_wconf 83' lang='lat' dir='ltr'>attigit</span> 
     </span>
     <span class='ocr_line' id='line_1_80' title="bbox 2889 3725 4583 3814; baseline -0.002 -23"><span class='ocrx_word' id='word_1_585' title='bbox 2889 3728 3138 3813; x_wconf 86' lang='lat' dir='ltr'>Segaar.</span> <span class='ocrx_word' id='word_1_586' title='bbox 3180 3725 3261 3790; x_wconf 88' lang='lat' dir='ltr'>ad</span> <span class='ocrx_word' id='word_1_587' title='bbox 3309 3726 3617 3792; x_wconf 88' lang='lat' dir='ltr'>Clement.</span> <span class='ocrx_word' id='word_1_588' title='bbox 3659 3727 3851 3791; x_wconf 84' lang='lat' dir='ltr'>Alex.</span> <span class='ocrx_word' id='word_1_589' title='bbox 3927 3727 4085 3805; x_wconf 84' lang='lat' dir='ltr'>Quis</span> <span class='ocrx_word' id='word_1_590' title='bbox 4127 3725 4303 3791; x_wconf 83' lang='lat' dir='ltr'>dives</span> <span class='ocrx_word' id='word_1_591' title='bbox 4330 3725 4485 3791; x_wconf 85' lang='lat' dir='ltr'>salv.</span> <span class='ocrx_word' id='word_1_592' title='bbox 4517 3749 4583 3814; x_wconf 91' lang='lat' dir='ltr'>p.</span> 
     </span>
     <span class='ocr_line' id='line_1_81' title="bbox 2888 3828 4579 3915; baseline -0.001 -23"><span class='ocrx_word' id='word_1_593' title='bbox 2888 3846 3030 3915; x_wconf 81' lang='lat'><strong>253.</strong></span> <span class='ocrx_word' id='word_1_594' title='bbox 3121 3831 3436 3894; x_wconf 86' lang='lat' dir='ltr'>Caeterum</span> <span class='ocrx_word' id='word_1_595' title='bbox 3486 3829 3705 3895; x_wconf 87' lang='lat' dir='ltr'>similia</span> <span class='ocrx_word' id='word_1_596' title='bbox 3742 3830 3932 3894; x_wconf 86' lang='lat' dir='ltr'>habet</span> <span class='ocrx_word' id='word_1_597' title='bbox 3970 3829 4032 3893; x_wconf 92' lang='lat' dir='ltr'>in</span> <span class='ocrx_word' id='word_1_598' title='bbox 4074 3828 4211 3893; x_wconf 91' lang='lat' dir='ltr'>loco</span> <span class='ocrx_word' id='word_1_599' title='bbox 4238 3828 4319 3894; x_wconf 89' lang='lat' dir='ltr'>de</span> <span class='ocrx_word' id='word_1_600' title='bbox 4360 3828 4579 3893; x_wconf 86' lang='lat' dir='ltr'>Provi-</span> 
     </span>
     <span class='ocr_line' id='line_1_82' title="bbox 2885 3931 4582 4020; baseline 0 -24"><span class='ocrx_word' id='word_1_601' title='bbox 2885 3931 3095 3997; x_wconf 92' lang='lat' dir='ltr'>dentia</span> <span class='ocrx_word' id='word_1_602' title='bbox 3141 3931 3327 3996; x_wconf 89' lang='lat' dir='ltr'>Philo</span> <span class='ocrx_word' id='word_1_603' title='bbox 3365 3931 3527 3996; x_wconf 85' lang='lat' dir='ltr'>Jud.</span> <span class='ocrx_word' id='word_1_604' title='bbox 3562 3933 3663 3996; x_wconf 95' lang='lat' dir='ltr'>II.</span> <span class='ocrx_word' id='word_1_605' title='bbox 3713 3955 3774 4020; x_wconf 91' lang='lat' dir='ltr'>p.</span> <span class='ocrx_word' id='word_1_606' title='bbox 3815 3951 3950 3997; x_wconf 88' lang='lat'><strong>102.</strong></span> <span class='ocrx_word' id='word_1_607' title='bbox 3986 3934 4238 3996; x_wconf 87' lang='lat' dir='ltr'>Armen.</span> <span class='ocrx_word' id='word_1_608' title='bbox 4279 3946 4344 3997; x_wconf 89' lang='lat' dir='ltr'>et</span> <span class='ocrx_word' id='word_1_609' title='bbox 4388 3932 4582 3996; x_wconf 87' lang='lat' dir='ltr'>Lat.:</span> 
     </span>
     <span class='ocr_line' id='line_1_83' title="bbox 2889 4033 4585 4122; baseline 0.001 -25"><span class='ocrx_word' id='word_1_610' title='bbox 2889 4041 2933 4073; x_wconf 92' lang='lat'><strong>“</strong></span> <span class='ocrx_word' id='word_1_611' title='bbox 2965 4033 3221 4099; x_wconf 88' lang='lat' dir='ltr'>Talisne</span> <span class='ocrx_word' id='word_1_612' title='bbox 3248 4034 3327 4099; x_wconf 86' lang='lat' dir='ltr'>sit</span> <span class='ocrx_word' id='word_1_613' title='bbox 3354 4050 3603 4099; x_wconf 89' lang='lat' dir='ltr'>curator</span> <span class='ocrx_word' id='word_1_614' title='bbox 3632 4049 3841 4099; x_wconf 86' lang='lat' dir='ltr'>noster</span> <span class='ocrx_word' id='word_1_615' title='bbox 3868 4057 3940 4099; x_wconf 89' lang='lat' dir='ltr'>ac</span> <span class='ocrx_word' id='word_1_616' title='bbox 3978 4034 4341 4122; x_wconf 79' lang='lat' dir='ltr'>inspector?</span> <span class='ocrx_word' id='word_1_617' title='bbox 4388 4033 4585 4098; x_wconf 80' lang='lat' dir='ltr'>Dives</span> 
     </span>
     <span class='ocr_line' id='line_1_84' title="bbox 2887 4137 4588 4226; baseline 0.001 -27"><span class='ocrx_word' id='word_1_618' title='bbox 2887 4137 3073 4201; x_wconf 89' lang='lat' dir='ltr'>miser</span> <span class='ocrx_word' id='word_1_619' title='bbox 3100 4138 3324 4202; x_wconf 85' lang='lat' dir='ltr'>evadat</span> <span class='ocrx_word' id='word_1_620' title='bbox 3365 4161 3441 4202; x_wconf 86' lang='lat' dir='ltr'>ex</span> <span class='ocrx_word' id='word_1_621' title='bbox 3486 4137 3939 4226; x_wconf 88' lang='lat' dir='ltr'>multiplicibus</span> <span class='ocrx_word' id='word_1_622' title='bbox 3984 4137 4188 4202; x_wconf 89' lang='lat' dir='ltr'>causis</span> <span class='ocrx_word' id='word_1_623' title='bbox 4215 4159 4588 4201; x_wconf 88' lang='lat' dir='ltr'>concurren-</span> 
     </span>
     <span class='ocr_line' id='line_1_85' title="bbox 2889 4241 4586 4329; baseline -0.001 -24"><span class='ocrx_word' id='word_1_624' title='bbox 2889 4241 3091 4306; x_wconf 88' lang='lat' dir='ltr'>tibus:</span> <span class='ocrx_word' id='word_1_625' title='bbox 3157 4242 3315 4306; x_wconf 89' lang='lat' dir='ltr'>sicut</span> <span class='ocrx_word' id='word_1_626' title='bbox 3362 4241 3694 4307; x_wconf 89' lang='lat' dir='ltr'>nonnullos</span> <span class='ocrx_word' id='word_1_627' title='bbox 3741 4242 3868 4307; x_wconf 88' lang='lat' dir='ltr'>ursi</span> <span class='ocrx_word' id='word_1_628' title='bbox 3913 4241 4246 4321; x_wconf 90' lang='lat' dir='ltr'>invadunt,</span> <span class='ocrx_word' id='word_1_629' title='bbox 4291 4255 4405 4306; x_wconf 89' lang='lat' dir='ltr'>aut</span> <span class='ocrx_word' id='word_1_630' title='bbox 4447 4241 4586 4329; x_wconf 92' lang='lat' dir='ltr'>apri</span> 
     </span>
     <span class='ocr_line' id='line_1_86' title="bbox 2887 4341 4586 4432; baseline 0.001 -25"><span class='ocrx_word' id='word_1_631' title='bbox 2887 4360 3000 4408; x_wconf 90' lang='lat' dir='ltr'>aut</span> <span class='ocrx_word' id='word_1_632' title='bbox 3027 4341 3255 4422; x_wconf 91' lang='lat' dir='ltr'>leones,</span> <span class='ocrx_word' id='word_1_633' title='bbox 3283 4360 3396 4408; x_wconf 90' lang='lat' dir='ltr'>aut</span> <span class='ocrx_word' id='word_1_634' title='bbox 3432 4342 3571 4408; x_wconf 82' lang='lat' dir='ltr'>aliae</span> <span class='ocrx_word' id='word_1_635' title='bbox 3598 4344 3749 4409; x_wconf 86' lang='lat' dir='ltr'>ferae</span> <span class='ocrx_word' id='word_1_636' title='bbox 3779 4344 4107 4432; x_wconf 86' lang='lat' dir='ltr'>sylvestres</span> <span class='ocrx_word' id='word_1_637' title='bbox 4123 4368 4143 4425; x_wconf 82' lang='lat'><em>3</em></span> <span class='ocrx_word' id='word_1_638' title='bbox 4190 4359 4253 4409; x_wconf 89' lang='lat' dir='ltr'>et</span> <span class='ocrx_word' id='word_1_639' title='bbox 4279 4357 4419 4432; x_wconf 88' lang='lat' dir='ltr'>post</span> <span class='ocrx_word' id='word_1_640' title='bbox 4451 4342 4586 4408; x_wconf 82' lang='lat' dir='ltr'>hoec</span> 
     </span>
     <span class='ocr_line' id='line_1_87' title="bbox 2888 4443 4581 4533; baseline 0.001 -26"><span class='ocrx_word' id='word_1_641' title='bbox 2888 4443 3063 4508; x_wconf 89' lang='lat' dir='ltr'>illum</span> <span class='ocrx_word' id='word_1_642' title='bbox 3121 4444 3488 4531; x_wconf 88' lang='lat' dir='ltr'>putabimus</span> <span class='ocrx_word' id='word_1_643' title='bbox 3542 4446 3815 4532; x_wconf 86' lang='lat' dir='ltr'>cogitare</span> <span class='ocrx_word' id='word_1_644' title='bbox 3874 4446 3954 4511; x_wconf 91' lang='lat' dir='ltr'>de</span> <span class='ocrx_word' id='word_1_645' title='bbox 4025 4462 4238 4511; x_wconf 89' lang='lat' dir='ltr'>nostro</span> <span class='ocrx_word' id='word_1_646' title='bbox 4306 4449 4581 4533; x_wconf 79' lang='lat' dir='ltr'>genere?</span> 
     </span>
     <span class='ocr_line' id='line_1_88' title="bbox 2885 4544 4584 4634; baseline 0.001 -25"><span class='ocrx_word' id='word_1_647' title='bbox 2885 4544 3127 4610; x_wconf 67' lang='lat' dir='ltr'>“Melius</span> <span class='ocrx_word' id='word_1_648' title='bbox 3154 4545 3454 4633; x_wconf 81' lang='lat' dir='ltr'>profecte,</span> <span class='ocrx_word' id='word_1_649' title='bbox 3485 4569 3599 4634; x_wconf 89' lang='lat' dir='ltr'>per</span> <span class='ocrx_word' id='word_1_650' title='bbox 3626 4551 3672 4611; x_wconf 78' lang='lat' dir='ltr'>,J</span> <span class='ocrx_word' id='word_1_651' title='bbox 3676 4571 3857 4612; x_wconf 88' lang='lat' dir='ltr'>ovem</span> <span class='ocrx_word' id='word_1_652' title='bbox 3885 4547 4005 4613; x_wconf 89' lang='lat' dir='ltr'>illis</span> <span class='ocrx_word' id='word_1_653' title='bbox 4032 4547 4353 4613; x_wconf 88' lang='lat' dir='ltr'>attendere</span> <span class='ocrx_word' id='word_1_654' title='bbox 4377 4545 4584 4626; x_wconf 88' lang='lat' dir='ltr'>liceat,</span> 
     </span>
     <span class='ocr_line' id='line_1_89' title="bbox 2887 4648 4586 4738; baseline 0.001 -26"><span class='ocrx_word' id='word_1_655' title='bbox 2887 4648 2998 4736; x_wconf 91' lang='lat' dir='ltr'>qui</span> <span class='ocrx_word' id='word_1_656' title='bbox 3028 4672 3105 4713; x_wconf 91' lang='lat' dir='ltr'>ex</span> <span class='ocrx_word' id='word_1_657' title='bbox 3135 4648 3486 4736; x_wconf 90' lang='lat' dir='ltr'>insipientia</span> <span class='ocrx_word' id='word_1_658' title='bbox 3515 4650 3920 4731; x_wconf 86' lang='lat' dir='ltr'>arbitrantur,</span> <span class='ocrx_word' id='word_1_659' title='bbox 3945 4651 4081 4716; x_wconf 84' lang='lat' dir='ltr'>haec</span> <span class='ocrx_word' id='word_1_660' title='bbox 4107 4649 4447 4715; x_wconf 86' lang='lat' dir='ltr'>animantia</span> <span class='ocrx_word' id='word_1_661' title='bbox 4467 4672 4586 4738; x_wconf 92' lang='lat' dir='ltr'>pro</span> 
     </span>
     <span class='ocr_line' id='line_1_90' title="bbox 2889 4751 4586 4842; baseline 0.002 -27"><span class='ocrx_word' id='word_1_662' title='bbox 2889 4751 3326 4816; x_wconf 85' lang='lat' dir='ltr'>exercitatione</span> <span class='ocrx_word' id='word_1_663' title='bbox 3382 4751 3701 4817; x_wconf 89' lang='lat' dir='ltr'>hominum</span> <span class='ocrx_word' id='word_1_664' title='bbox 3750 4769 4034 4819; x_wconf 88' lang='lat' dir='ltr'>naturam</span> <span class='ocrx_word' id='word_1_665' title='bbox 4085 4776 4459 4842; x_wconf 88' lang='lat' dir='ltr'>procreasse,</span> <span class='ocrx_word' id='word_1_666' title='bbox 4512 4770 4586 4818; x_wconf 89' lang='lat' dir='ltr'>ut</span> 
     </span>
     <span class='ocr_line' id='line_1_91' title="bbox 2889 4854 4586 4945; baseline 0 -27"><span class='ocrx_word' id='word_1_667' title='bbox 2889 4854 3286 4920; x_wconf 86' lang='lat' dir='ltr'>firmarentur</span> <span class='ocrx_word' id='word_1_668' title='bbox 3313 4854 3571 4929; x_wconf 85' lang='lat' dir='ltr'>robore;</span> <span class='ocrx_word' id='word_1_669' title='bbox 3619 4857 4128 4945; x_wconf 90' lang='lat' dir='ltr'>quandoquidem</span> <span class='ocrx_word' id='word_1_670' title='bbox 4160 4880 4321 4944; x_wconf 86' lang='lat' dir='ltr'>quos</span> <span class='ocrx_word' id='word_1_671' title='bbox 4349 4856 4586 4945; x_wconf 85' lang='lat' dir='ltr'>praevia</span> 
     </span>
     <span class='ocr_line' id='line_1_92' title="bbox 2887 4958 4586 5048; baseline 0 -26"><span class='ocrx_word' id='word_1_672' title='bbox 2887 4958 3323 5024; x_wconf 86' lang='lat' dir='ltr'>exercitatione</span> <span class='ocrx_word' id='word_1_673' title='bbox 3365 4958 3700 5024; x_wconf 87' lang='lat' dir='ltr'>instructos</span> <span class='ocrx_word' id='word_1_674' title='bbox 3728 4960 3966 5041; x_wconf 89' lang='lat' dir='ltr'>vident,</span> <span class='ocrx_word' id='word_1_675' title='bbox 4005 4961 4173 5048; x_wconf 90' lang='lat' dir='ltr'>ipsos</span> <span class='ocrx_word' id='word_1_676' title='bbox 4203 4958 4444 5036; x_wconf 89' lang='lat' dir='ltr'>timent,</span> <span class='ocrx_word' id='word_1_677' title='bbox 4474 4981 4586 5022; x_wconf 91' lang='lat' dir='ltr'>au-</span> 
     </span>
     <span class='ocr_line' id='line_1_93' title="bbox 2889 5060 4587 5149; baseline 0.001 -25"><span class='ocrx_word' id='word_1_678' title='bbox 2889 5060 3292 5149; x_wconf 85' lang='lat' dir='ltr'>fugiuntque,</span> <span class='ocrx_word' id='word_1_679' title='bbox 3323 5084 3520 5149; x_wconf 88' lang='lat' dir='ltr'>quum</span> <span class='ocrx_word' id='word_1_680' title='bbox 3554 5062 3616 5125; x_wconf 93' lang='lat' dir='ltr'>in</span> <span class='ocrx_word' id='word_1_681' title='bbox 3648 5063 3975 5128; x_wconf 85' lang='lat' dir='ltr'>venatione</span> <span class='ocrx_word' id='word_1_682' title='bbox 3997 5078 4109 5128; x_wconf 92' lang='lat' dir='ltr'>aut</span> <span class='ocrx_word' id='word_1_683' title='bbox 4136 5063 4199 5127; x_wconf 92' lang='lat' dir='ltr'>in</span> <span class='ocrx_word' id='word_1_684' title='bbox 4232 5061 4587 5127; x_wconf 86' lang='lat' dir='ltr'>obviatione</span> 
     </span>
     <span class='ocr_line' id='line_1_94' title="bbox 2888 5163 4583 5255; baseline 0.001 -27"><span class='ocrx_word' id='word_1_685' title='bbox 2888 5166 3282 5228; x_wconf 81' lang='lat' dir='ltr'>occurrunt.&#39;&#39;</span> <span class='ocrx_word' id='word_1_686' title='bbox 3324 5180 3389 5228; x_wconf 91' lang='lat' dir='ltr'>et</span> <span class='ocrx_word' id='word_1_687' title='bbox 3417 5163 3641 5230; x_wconf 89' lang='lat' dir='ltr'>iterum</span> <span class='ocrx_word' id='word_1_688' title='bbox 3673 5189 3739 5255; x_wconf 92' lang='lat' dir='ltr'>p.</span> <span class='ocrx_word' id='word_1_689' title='bbox 3778 5186 3944 5245; x_wconf 67' lang='lat'><strong>112„</strong></span> <span class='ocrx_word' id='word_1_690' title='bbox 3975 5188 4164 5254; x_wconf 89' lang='lat' dir='ltr'>quem</span> <span class='ocrx_word' id='word_1_691' title='bbox 4191 5165 4396 5230; x_wconf 90' lang='lat' dir='ltr'>locum</span> <span class='ocrx_word' id='word_1_692' title='bbox 4444 5166 4583 5229; x_wconf 91' lang='lat' dir='ltr'>Eu-</span> 
     </span>
     <span class='ocr_line' id='line_1_95' title="bbox 2890 5266 4588 5358; baseline -0.001 -27"><span class='ocrx_word' id='word_1_693' title='bbox 2890 5267 3097 5332; x_wconf 87' lang='lat' dir='ltr'>sebius</span> <span class='ocrx_word' id='word_1_694' title='bbox 3127 5269 3200 5332; x_wconf 93' lang='lat' dir='ltr'><strong>P.</strong></span> <span class='ocrx_word' id='word_1_695' title='bbox 3233 5270 3318 5333; x_wconf 82' lang='lat' dir='ltr'><strong>E.</strong></span> <span class='ocrx_word' id='word_1_696' title='bbox 3365 5270 3568 5334; x_wconf 91' lang='lat' dir='ltr'><strong>VIII.</strong></span> <span class='ocrx_word' id='word_1_697' title='bbox 3610 5290 3708 5350; x_wconf 87' lang='lat'><strong>14.</strong></span> <span class='ocrx_word' id='word_1_698' title='bbox 3750 5269 4109 5358; x_wconf 88' lang='lat' dir='ltr'>descripsit:</span> <span class='ocrx_word' id='word_1_699' title='bbox 4159 5272 4234 5333; x_wconf 76' lang='grc' dir='ltr'>τὸ</span> <span class='ocrx_word' id='word_1_700' title='bbox 4276 5266 4325 5332; x_wconf 86' lang='grc' dir='ltr'>δ’</span> <span class='ocrx_word' id='word_1_701' title='bbox 4365 5269 4588 5347; x_wconf 71' lang='grc' dir='ltr'>ἄλκιμα</span> 
     </span>
     <span class='ocr_line' id='line_1_96' title="bbox 2890 5369 4583 5455; baseline 0 -22"><span class='ocrx_word' id='word_1_702' title='bbox 2890 5376 3007 5434; x_wconf 82' lang='grc' dir='ltr'>τῶν</span> <span class='ocrx_word' id='word_1_703' title='bbox 3037 5372 3252 5452; x_wconf 87' lang='grc' dir='ltr'>θηρίων</span> <span class='ocrx_word' id='word_1_704' title='bbox 3293 5371 3568 5454; x_wconf 85' lang='grc' dir='ltr'>γέγονεν,</span> <span class='ocrx_word' id='word_1_705' title='bbox 3601 5373 3671 5436; x_wconf 83' lang='grc' dir='ltr'>οὗ</span> <span class='ocrx_word' id='word_1_706' title='bbox 3714 5375 3831 5455; x_wconf 75' lang='grc' dir='ltr'>γὰρ</span> <span class='ocrx_word' id='word_1_707' title='bbox 3863 5369 4583 5452; x_wconf 72' lang='grc' dir='ltr'>ὑποσιωπητέον-ἀσκή-</span> 
     </span>
     <span class='ocr_line' id='line_1_97' title="bbox 2896 5474 4586 5557; baseline -0.001 -20"><span class='ocrx_word' id='word_1_708' title='bbox 2896 5500 3049 5541; x_wconf 86' lang='grc' dir='ltr'>σεως</span> <span class='ocrx_word' id='word_1_709' title='bbox 3100 5475 3275 5538; x_wconf 80' lang='grc' dir='ltr'>ἕνεκα</span> <span class='ocrx_word' id='word_1_710' title='bbox 3325 5478 3426 5554; x_wconf 84' lang='grc' dir='ltr'>τῆς</span> <span class='ocrx_word' id='word_1_711' title='bbox 3476 5474 3622 5556; x_wconf 84' lang='grc' dir='ltr'>πρὸς</span> <span class='ocrx_word' id='word_1_712' title='bbox 3677 5475 4031 5554; x_wconf 84' lang='grc' dir='ltr'>πολεμικοὺς</span> <span class='ocrx_word' id='word_1_713' title='bbox 4089 5475 4323 5557; x_wconf 83' lang='grc' dir='ltr'>ἀγῶνας</span> <span class='ocrx_word' id='word_1_714' title='bbox 4374 5498 4428 5535; x_wconf 83' lang='grc' dir='ltr'>κ.</span> <span class='ocrx_word' id='word_1_715' title='bbox 4448 5497 4501 5535; x_wconf 88' lang='grc' dir='ltr'>τ.</span> <span class='ocrx_word' id='word_1_716' title='bbox 4522 5482 4586 5536; x_wconf 89' lang='grc' dir='ltr'>λ.</span> 
     </span>
     <span class='ocr_line' id='line_1_98' title="bbox 2894 5575 4590 5665; baseline -0.002 -23"><span class='ocrx_word' id='word_1_717' title='bbox 2894 5578 3070 5655; x_wconf 83' lang='lat' dir='ltr'>Quos</span> <span class='ocrx_word' id='word_1_718' title='bbox 3098 5575 3265 5641; x_wconf 89' lang='lat' dir='ltr'>locos</span> <span class='ocrx_word' id='word_1_719' title='bbox 3292 5576 3404 5662; x_wconf 90' lang='lat' dir='ltr'>qui</span> <span class='ocrx_word' id='word_1_720' title='bbox 3435 5599 3576 5642; x_wconf 91' lang='lat' dir='ltr'>cum</span> <span class='ocrx_word' id='word_1_721' title='bbox 3609 5577 3800 5642; x_wconf 89' lang='lat' dir='ltr'>nostri</span> <span class='ocrx_word' id='word_1_722' title='bbox 3831 5577 4182 5665; x_wconf 81' lang='lat' dir='ltr'>philosophi</span> <span class='ocrx_word' id='word_1_723' title='bbox 4202 5575 4590 5663; x_wconf 87' lang='lat' dir='ltr'>argumentis</span> 
     </span>
    </p>
   </div>
  </div>
 </body>
</html>
