5118 6613
1101 562 1222 628 126

1094 751 1229 800 tum
1274 732 1448 821 quod
1485 732 1731 810 attinet,
1762 730 1946 797 etiam
1984 730 2103 795 hoc
2144 729 2283 795 loco
2325 728 2789 794 Valentinianos

1095 836 1269 924 tangi
1325 835 1666 901 arbitratur
1720 835 2027 899 Neander
2074 833 2141 898 in
2202 834 2416 898 Gmet.
2469 832 2788 898 Entwick.

1093 943 1207 1005 der
1239 941 1456 1004 Gnosi.
1488 939 1773 1026 Systeme
1802 961 1863 1026 p.
1893 956 2039 1004 212.

1179 1067 1244 1132 p.
1276 1062 1428 1129 370,
1448 1061 1511 1127 3.
1546 1040 1691 1107 Ὅτι
1716 1044 1829 1122 μὲν
1856 1042 1962 1105 οὖν
1989 1042 2125 1105 οὔτε
2152 1039 2385 1122 ἤρξατο,
2410 1040 2547 1104 οὔτε
2573 1040 2796 1102 παύσε-

1097 1146 1224 1234 ται]
1272 1146 1374 1208 De
1403 1143 1521 1208 hoc
1558 1142 1808 1231 placite,
1841 1141 2146 1207 mundum
2177 1165 2309 1206 esse
2337 1155 2665 1218 aeternum,
2694 1162 2796 1204 su-

1095 1272 1213 1337 pra
1269 1247 1626 1313 monuimus
1666 1244 1746 1311 ad
1811 1246 1908 1310 11.
1965 1266 2024 1309 1.
2070 1257 2280 1309 annot.
2342 1245 2544 1332 prima
2589 1267 2649 1332 p.
2686 1245 2789 1328 96.

1100 1352 1202 1417 Cf.
1229 1351 1376 1416 infr.
1411 1351 1552 1414 ΙΙΙ.
1582 1369 1640 1414 2.
1670 1369 1720 1413 1.
1764 1362 1827 1412 et
1875 1349 1990 1413 lv.
2015 1368 2079 1433 3.
2102 1369 2162 1432 9.
2238 1349 2536 1412 Veterum
2579 1345 2788 1434 philo·

1096 1454 1433 1542 sophorum
1479 1451 1559 1516 de
1604 1451 1719 1516 hac
1770 1474 1837 1515 re
1891 1450 2224 1516 sententias
2266 1451 2457 1515 refert
2503 1450 2793 1515 Stobaeus

1097 1556 1362 1644 Eclogg.
1406 1555 1636 1644 Physs.
1668 1555 1727 1619 1.
1755 1573 1858 1620 22.
1897 1576 1961 1641 p.
1983 1554 2134 1639 438.
2166 1576 2304 1640 sqq.
2345 1555 2622 1617 Heeren.
2679 1552 2791 1616 Ab

1096 1658 1438 1725 Aristotele
1466 1673 1675 1723 autem
1719 1656 1876 1721 illud
1920 1655 2241 1721 decretum
2286 1655 2574 1720 sumsisse
2616 1653 2794 1720 item-

1093 1786 1220 1850 que
1247 1786 1286 1826 a
1315 1759 1652 1825 Platonicis
1687 1757 1927 1847 aliquot
1953 1758 2430 1846 antiquioribus,
2463 1757 2571 1822 sed
2618 1756 2793 1822 novis

1094 1880 1300 1931 tamen
1330 1862 1713 1950 argumentis
1738 1862 2013 1926 firmasse
2044 1861 2365 1927 Plotinum
2397 1875 2607 1926 monet
2644 1862 2793 1925 Tie-

1093 1970 1386 2034 demann.
1414 1966 1477 2031 in
1523 1965 1684 2031 libro
1723 1964 2098 2030 Germanico
2125 1967 2228 2029 De
2266 1965 2467 2030 causis
2502 1964 2789 2029 Philoso-

1095 2071 1260 2159 pbiae
1289 2069 1586 2158 speculat.
1621 2070 1763 2133 111.
1796 2091 1858 2156 p.
1883 2069 2028 2153 289.
2058 2092 2196 2155 sqq.
2259 2070 2606 2156 Impugnat
2633 2066 2792 2132 hanc

1094 2174 1393 2239 rationem
1440 2171 1740 2238 Nicolaus
1783 2171 2216 2236 Methonensis
2256 2170 2321 2234 in
2353 2170 2695 2236 Anecdott.
2728 2171 2787 2234 I.

1093 2301 1159 2366 p.
1191 2299 1256 2365 3.
1289 2301 1425 2365 sqq.
1483 2280 1560 2341 Et
1612 2277 1923 2349 ἀδύνατον,
1972 2274 2126 2339 εἶναι
2171 2274 2312 2339 θεὸν
2356 2274 2464 2339 τὸν
2506 2274 2692 2355 μηδέν
2733 2299 2791 2338 τι

1090 2382 1471 2461 πεποιηκότα·
1518 2386 1642 2448 πῶς
1686 2380 1818 2444 ἔστι
1861 2377 1997 2447 θεὸς
2026 2380 2079 2442 εἰ
2120 2379 2154 2441 ὁ
2197 2380 2416 2458 κόσμος
2444 2377 2786 2461 ἀγέννητος,

1095 2484 1246 2549 καθά
1271 2510 1394 2549 τισι
1423 2489 1619 2559 δοκεῖς
1670 2509 1723 2546 κ.
1742 2508 1794 2547 τ.
1816 2489 1881 2545 λ.
1923 2480 2030 2546 ubi
2062 2480 2205 2544 vide
2236 2481 2296 2544 1.
2322 2480 2453 2545 Th.
2489 2478 2788 2544 Voemelii

1091 2587 1575 2666 annotationem,
1606 2585 1719 2674 qui
1747 2607 1870 2649 non
1899 2583 2133 2649 oblitus
2160 2598 2255 2648 est
2298 2582 2636 2648 Plotiniani
2674 2583 2792 2647 hu-

1093 2693 1192 2757 'us
1220 2690 1360 2756 loci.

1081 2715 1110 2778 J
1179 2832 1268 2844 —
1283 2810 1348 2880 5.
1384 2795 1461 2860 ὡς
1489 2793 1594 2856 οὐκ
1616 2792 1860 2871 ἄμεινον
1888 2793 1958 2870 τῇ
1986 2788 2189 2873 ψυχῇ]
2234 2790 2365 2852 Pro
2402 2789 2509 2853 οὐκ
2538 2787 2790 2871 ἀγαθὸν,

1092 2921 1223 2962 non
1250 2898 1399 2962 bene
1427 2904 1519 2959 est
1557 2895 1813 2970 animoe,
1844 2915 1971 2956 non
2013 2893 2301 2956 conducit
2342 2892 2606 2955 animae:
2656 2890 2790 2954 haec

1094 2998 1387 3074 formula,
1436 2997 1563 3061 sive
1607 2995 1853 3074 similes,
1894 2995 2041 3060 inde
2082 2994 2164 3060 ab
2206 2997 2490 3059 Homero
2538 2992 2792 3080 optimis

1096 3100 1505 3190 scriptoribus
1520 3099 1935 3186 frequentata.
1988 3097 2133 3162 Vid.
2160 3097 2457 3161 Eustath.
2475 3095 2537 3160 in
2559 3096 2788 3186 odyss.

1098 3206 1261 3271 VII.
1295 3221 1434 3289 159.
1464 3201 1772 3267 Herodot.
1811 3203 1868 3266 1.
1894 3218 1993 3284 27.
2042 3202 2144 3266 11.
2166 3203 2270 3281 46.
2297 3215 2359 3265 et
2387 3199 2790 3265 Valckenaer.

1095 3310 1178 3376 ad
1208 3332 1352 3374 eum
1385 3330 1445 3395 p.
1472 3308 1613 3391 1¹76.
1647 3320 1710 3370 et
1735 3304 1820 3370 cf.
1852 3306 2056 3369 Henr.
2100 3302 2318 3392 Steph.
2352 3303 2431 3368 de
2471 3302 2789 3369 Dialectis.

1096 3437 1158 3502 p.
1184 3413 1287 3499 38.
1319 3425 1384 3475 et
1424 3415 1531 3496 58.
1580 3410 1910 3495 Musgrav.
1959 3407 2036 3471 ad
2089 3406 2315 3494 Eurip.
2365 3405 2602 3471 Alcest.
2646 3410 2793 3493 763.

1100 3518 1330 3583 Bauer.
1360 3513 1440 3578 ad
1474 3512 1707 3577 Sanctii
1740 3512 2018 3576 Minerv.
2052 3511 2138 3576 Τ.
2164 3511 2262 3574 ῙῙ.
2292 3533 2357 3597 p.
2384 3510 2532 3596 308.
2571 3534 2662 3597 sq.

1180 3639 1344 3703 —9.
1394 3614 1773 3703 ἐνδεδεμένη]
1823 3614 2159 3679 Librorum
2190 3611 2513 3677 lectionem
2544 3611 2793 3677 reduxi.

1099 3722 1375 3787 Verbum
1408 3719 1522 3784 δέω
1552 3717 1784 3805 saepius
1812 3716 1876 3781 in
1909 3731 2188 3781 veterum
2213 3715 2634 3780 monumentis
2662 3738 2794 3780 cor-

1096 3842 1359 3914 ruptum
1389 3819 1773 3910 deprehendi
1801 3819 2043 3885 monuit
2067 3820 2269 3884 Koen.
2302 3818 2383 3883 ad
2416 3819 2686 3906 Gregor.
2717 3821 2796 3884 de

1102 3925 1367 3993 Dialect.
1418 3948 1486 4012 p.
1527 3925 1667 3988 188.
1713 3922 1846 3998 δέω,
1908 3922 2089 3988 ἐνδέω
2143 3938 2207 3987 et
2262 3921 2383 3986 alia
2428 3922 2794 4010 composita,

1099 4027 1441 4118 praesertim
1470 4029 1534 4090 in
1565 4026 1678 4090 fati
1707 4025 2153 4113 significatione
2184 4040 2586 4114 usurpantur.
2662 4027 2797 4090 He-

1101 4132 1305 4197 rodot.
1340 4132 1396 4195 I.
1436 4150 1533 4193 11.
1580 4128 1661 4209 μή
1696 4154 1798 4208 μιν
1848 4129 2138 4211 ἀναγκαίῃ
2188 4130 2401 4192 ἐνδεῖν.
2490 4128 2665 4193 Hinc
2702 4152 2795 4192 re-

1101 4257 1243 4299 rum
1287 4231 1613 4298 necessitas
1641 4231 1892 4308 ἔνδεσις,
1922 4231 2222 4318 illigatio,
2251 4231 2497 4296 dicitur.
2564 4233 2798 4297 Seneca

1101 4337 1307 4425 Epist.
1338 4355 1455 4421 77:
1507 4343 1549 4374 “
1574 4333 1775 4399 Series
1803 4333 2034 4398 invicta
2059 4347 2122 4397 et
2153 4332 2324 4397 nulla
2364 4333 2680 4399 mutabilis
2719 4336 2793 4399 il.

1100 4442 1269 4530 ligat
1313 4455 1376 4505 et
1418 4438 1669 4504 trahit.”
1756 4438 1900 4514 Quo
1929 4435 2008 4501 de
2039 4459 2157 4500 usu
2187 4451 2250 4500 et
2281 4435 2639 4501 Gatakerus
2667 4460 2797 4502 mo-

1101 4543 1242 4608 nuit
1289 4541 1370 4606 ad
1426 4543 1629 4605 Marc.
1678 4539 1989 4605 Antonin.
2032 4541 2125 4604 X.
2180 4539 2279 4607 28.
2327 4555 2390 4605 et
2438 4540 2569 4626 ipse
2612 4540 2795 4629 plura

1100 4644 1381 4731 congessi
1421 4644 1485 4709 in
1535 4642 1820 4732 Dionyso
1866 4666 1932 4732 p.
1974 4659 2079 4729 73.
2125 4667 2261 4731 sqq.
2323 4643 2606 4709 adhibita
2650 4646 2796 4709 Mo-

1098 4770 1238 4813 sero
1266 4769 1406 4811 meo
1431 4746 1512 4811 ad
1546 4746 1676 4813 Cic.
1717 4746 1798 4812 de
1836 4746 2116 4812 Divinat.
2152 4748 2211 4811 I.
2236 4764 2339 4834 55.
2370 4771 2435 4835 p.
2467 4765 2615 4832 274.
2690 4750 2797 4813 Se-

1103 4872 1271 4915 necae
1298 4849 1491 4937 igitur
1519 4851 1710 4915 verbo
1752 4866 1964 4915 nostro
1998 4849 2135 4915 loco
2177 4851 2523 4933 ἐνδεδεμένη
2551 4867 2791 4917 vertas:

1097 4953 1376 5042 illigata.
1464 4954 1688 5018 Refert
1724 4969 1933 5018 autem
1980 4968 2189 5019 noster
2231 4954 2639 5042 philosophus
2668 4953 2792 5020 h.l.

1100 5055 1181 5121 ad
1203 5078 1464 5143 corpora
1491 5057 1826 5144 praecipue.
1902 5057 2063 5122 Vide
2092 5058 2435 5145 sequentia,
2463 5057 2527 5122 in
2561 5057 2795 5146 quibus

1100 5159 1330 5224 verba:
1377 5165 1590 5227 συνδεῖ
1616 5159 1653 5225 ὃ
1696 5159 1773 5224 ἂν
1799 5160 2098 5243 περιλάβῃ
2134 5161 2414 5226 Platonis
2454 5161 2793 5227 admonent

1101 5262 1163 5326 in
1214 5260 1544 5349 Symposio
1577 5284 1637 5349 p.
1662 5280 1807 5327 202.
1840 5263 1946 5326 fin.
1977 5261 2134 5329 ὥστε
2175 5263 2243 5328 τὸ
2286 5269 2407 5329 πᾶν
2450 5263 2593 5329 αὐτὸ
2637 5266 2791 5350 αὐτῷ

1101 5364 1499 5445 ξυνδεδέσθαι.

1187 5491 1248 5556 p.
1273 5488 1424 5554 371,
1451 5487 1547 5533 10.
1596 5469 1852 5533 ἐνταῦθα
1874 5469 1964 5543 δὲ,
1990 5468 2067 5537 ὣς
2084 5470 2556 5552 ὖπεκφεύγοντα,
2583 5469 2666 5536 εἷς
2686 5467 2794 5547 τὴν

2079 555 2907 622 ANNOTATIONES
2969 553 3081 619 IN
3136 556 3587 622 PLOTINI

2871 727 3038 808 τάξιν
3064 728 3173 808 τὴν
3203 732 3425 795 ἑαυτῶν
3452 728 3570 794 δέδ.
3607 734 3658 794 δ.
3691 731 3772 816 δ.]
3868 730 4133 794 Secutus
4156 751 4293 793 sum
4324 728 4576 795 distinc-

2872 832 3101 898 tionem
3148 830 3369 897 Ficini.
3460 833 3540 896 In
3573 832 3696 898 Ed.
3725 847 3819 898 est
3860 834 4270 921 impressum:
4321 835 4373 896 ἐ.
4405 836 4470 897 δέ
4499 834 4575 901 ὥς

2876 938 3329 1019 ὑπεκφεύγοντα
3366 939 3449 1003 εἷς
3475 961 3529 1000 τ.
3550 962 3603 1002 τ.
3630 963 3684 1002 r.
3725 940 3950 1001 ἑαυτῶν
3979 941 4031 1001 ὃ.
4058 941 4108 1001 ὃ.
4134 942 4185 1001 ὃ.
4228 959 4374 1023 quae
4417 935 4573 1000 ratio

2878 1038 3048 1117 fecit,
3084 1054 3156 1105 ut
3183 1039 3247 1103 in
3282 1062 3411 1104 uno
3441 1039 3602 1105 Cod.
3633 1039 3906 1104 secunda
3933 1061 4156 1104 manus
4184 1054 4573 1126 expungeret

2880 1142 3038 1207 illud
3057 1147 3157 1211 εἰς.
3206 1145 3407 1208 Recte
3426 1159 3635 1208 autem
3658 1143 3934 1231 Taylor:
3968 1152 4012 1183 “
4037 1146 4108 1206 in
4130 1144 4296 1208 their
4316 1164 4570 1208 Paorssa

2879 1241 3126 1325 ordorf
3152 1262 3343 1333 atque
3385 1246 3517 1333 ipse
3552 1247 3791 1311 correxi
3820 1247 4187 1311 versionem.
4275 1246 4572 1311 Proxime

2882 1349 3107 1414 retinui
3166 1349 3486 1414 lectionem
3532 1348 3819 1414 editionis
3863 1349 4199 1426 πιέζουσαν.
4294 1349 4573 1415 Pertinet

2876 1449 2958 1516 ad
2989 1456 3084 1516 δεῖ
3109 1452 3246 1534 (τὴν
3281 1452 3537 1535 ψυχήν).
3628 1451 4022 1516 Describitur
4066 1451 4229 1516 enim
4275 1450 4394 1516 hoc
4438 1451 4572 1517 loco

2877 1556 3122 1621 diversa
3147 1556 3332 1644 plane
3362 1580 3536 1635 cura,
3562 1580 3692 1645 qua
3717 1557 3922 1622 anima
3956 1556 4242 1622 universa
4267 1556 4441 1623 illinc
4470 1581 4574 1623 su-

2876 1660 3177 1747 periorem
3212 1684 3416 1725 rerum
3440 1660 3720 1725 ordinem
3744 1661 4018 1749 disponit
4046 1678 4107 1725 et
4137 1661 4394 1728 retinet:
4427 1662 4570 1727 hinc

2875 1763 3226 1828 inferiorem
3255 1765 3423 1852 cogit
3447 1780 3512 1830 et
3552 1773 3813 1843 coercet,
3843 1764 4019 1829 illum
4051 1764 4179 1830 sola
4205 1765 4566 1845 voluntate3

2877 1865 3045 1930 hunc
3093 1866 3150 1930 vi
3192 1890 3265 1932 ac
3308 1867 3687 1932 necessitate.
3777 1867 3889 1931 Ad
3941 1867 4133 1955 hujus
4177 1867 4572 1957 significatio-

2875 1991 3017 2033 nem
3047 1969 3196 2034 facit
3227 1970 3633 2058 Participium
3657 1971 3994 2048 πιέζουσαν.
4065 1972 4166 2036 De
4193 1973 4378 2059 cujus
4399 1971 4571 2038 verbi

2878 2085 3182 2157 potestate
3212 2073 3383 2137 varia
3418 2072 3581 2138 adde
3619 2073 3715 2150 iis,
3746 2096 3890 2160 quae
3932 2072 3995 2138 in
4041 2096 4205 2137 novo
4245 2073 4573 2140 Thesauro

2887 2173 3268 2239 Londinensi
3325 2175 3656 2264 Valpyano
3713 2190 4008 2263 congesta
4064 2191 4211 2240 sunt
4266 2200 4334 2265 p.
4381 2181 4568 2262 7562.

2876 2278 3352 2365 Wyttenbachii
3385 2279 3759 2344 Animadvv.
3790 2279 3854 2342 in
3889 2279 4211 2344 Plutarch.
4241 2280 4383 2345 Vol.
4420 2283 4475 2346 1.
4507 2305 4574 2370 p.

2878 2396 3020 2464 272.
3050 2395 3114 2444 et
3141 2403 3288 2467 quoe
3311 2403 3455 2445 cum
3488 2381 3779 2446 Bekkero
3814 2405 3953 2445 meo
3986 2381 4119 2469 ipse
4154 2382 4334 2470 posui
4363 2382 4427 2447 in
4458 2383 4576 2448 hu-

2864 2484 2975 2572 jus
3031 2483 3365 2571 specimine
3411 2484 3474 2547 in
3536 2484 3898 2549 Philostrati
3956 2484 4086 2550 Vit.
4133 2484 4458 2573 Apollonii
4504 2509 4572 2574 p.

2872 2606 2983 2673 52.
3016 2610 3106 2674 sq.

2959 2713 3024 2778 p.
3046 2708 3195 2776 372,
3225 2707 3324 2777 15.
3370 2691 3818 2772 ἄγαλμα-τῶν
3863 2696 4090 2771 νοητῦν
4141 2691 4325 2780 θεῶν]
4379 2691 4576 2756 Adhi-

2876 2791 3015 2856 buit
3046 2792 3211 2856 hunc
3241 2791 3443 2857 locum
3479 2795 3667 2880 Casp.
3703 2792 3925 2857 Barth.
3956 2792 4036 2857 ad
4071 2792 4395 2858 Zachariae
4424 2795 4575 2882 My-

2877 2893 3103 2959 tilenaei
3136 2894 3390 2982 Dialog.
3420 2917 3486 2982 p.
3513 2896 3656 2977 178.
3685 2894 3749 2959 in
3779 2909 3937 2960 nott.
3969 2918 4035 2981 p.
4062 2896 4208 2960 282.
4237 2896 4347 2962 ubi
4376 2896 4576 2962 varias

2876 2996 3255 3086 praedicandi
3279 2997 3471 3085 hujus
3492 2997 3712 3061 mundi
3741 2998 4043 3063 formulas
4064 3015 4391 3065 memorat.
4437 3000 4575 3065 Ad-

2877 3100 3025 3164 dere
3054 3112 3335 3164 nostrum
3379 3099 3583 3164 locum
3615 3099 3797 3164 etiam
3842 3099 4109 3166 debebat
4156 3102 4576 3168 Ruhnkenius

2877 3203 3146 3289 egregiae
3175 3226 3305 3266 suae
3333 3202 3738 3290 disputationi
3767 3201 3849 3268 de
3877 3227 4028 3269 voce
4056 3206 4301 3287 ἄγαλμα
4330 3205 4410 3269 ad
4454 3206 4574 3271 Ti-

2880 3305 3020 3371 maei
3075 3306 3215 3370 Lex
3263 3305 3513 3371 Platon.
3570 3329 3637 3394 p.
3662 3308 3724 3370 6.
3784 3306 3894 3371 ubi
3953 3308 4079 3373 ita:
4127 3315 4168 3346 “
4203 3310 4272 3372 Is
4325 3309 4571 3396 (Plato)

2879 3410 3046 3476 enim
3118 3419 3309 3475 totam
3381 3432 3597 3473 rerum
3667 3418 4026 3475 creatarum
4097 3413 4575 3479 universitatem

2880 3514 3125 3595 ἄγαλμα
3171 3518 3279 3577 τοῦ
3320 3517 3461 3577 θεοῦ
3501 3526 3701 3577 vocat.
3751 3513 3925 3577 Tim.
3971 3533 4210 3602 p.529.
4259 3517 4335 3579 C.
4384 3517 4462 3583 ὣς
4510 3518 4576 3581 δὲ

2882 3615 3118 3696 κινηθέν
3148 3642 3214 3680 τε
3252 3616 3393 3680 αὐτὸ
3437 3616 3532 3680 καὶ
3567 3622 3680 3692 ζῶν
3721 3619 4006 3696 ἐνενόησε
4045 3623 4163 3681 τῶν
4192 3618 4395 3682 ἀϊδίων
4424 3624 4576 3683 θεῶν

2879 3722 3131 3804 γεγονὸς
3158 3724 3404 3804 ἄγαλμα
3429 3724 3462 3785 ὁ
3499 3720 3795 3803 γεννήσας
3832 3721 4045 3804 πατήρ.
4082 3722 4256 3808 quod
4298 3722 4577 3789 imitatus

2879 3838 2971 3888 est
3022 3823 3321 3889 Julianus
3369 3824 3477 3911 Ep
3499 3841 3626 3911 .51.
3679 3847 3741 3911 p.
3768 3845 3917 3910 434.
3967 3824 4267 3911 Epinom.
4318 3848 4381 3913 p.
4424 3846 4573 3909 701.

2882 3927 2974 3991 H.
3038 3926 3301 3992 Proclus
3329 3927 3394 3991 in
3436 3928 3607 3992 Tim.
3637 3926 3745 3991 lib.
3782 3928 3837 3991 I.
3872 3950 3937 4014 p.
3955 3947 4017 4008 4.
4071 3928 4169 3992 II.
4203 3950 4267 4015 p.
4293 3928 4396 4015 83.
4457 3930 4572 3994 IV.

2879 4052 2947 4117 p.
2971 4029 3149 4115 239.''
3241 4030 3363 4095 Sed
3397 4028 3820 4094 Ruhnkenius
3847 4029 3909 4093 in
3940 4029 4059 4094 illis
4081 4030 4243 4094 notis
4269 4030 4576 4098 rarissime

2882 4133 3114 4198 Plotini
3144 4133 3307 4198 locos
3348 4133 3655 4198 adhibuit.
3747 4132 3846 4195 Ex
3887 4131 4245 4219 hujusmodi
4289 4132 4440 4199 locis
4475 4159 4578 4201 co-

2879 4235 3072 4301 lorem
3124 4236 3444 4301 duxerunt
3488 4235 3712 4323 passim
3763 4234 4067 4299 Platonici
4109 4236 4455 4323 scriptores,
4505 4253 4576 4303 ut

2881 4338 3143 4404 Proclus
3186 4339 3248 4403 in
3304 4338 3517 4403 Alcib.
3560 4361 3658 4426 pr.
3683 4360 3746 4425 p.
3773 4357 3897 4423 92:
3945 4337 4200 4420 Λέγοιτο
4252 4338 4300 4403 δ’
4341 4339 4438 4415 ἂν,
4485 4343 4575 4405 ὅτι

2881 4444 2977 4506 καὶ
3003 4443 3133 4506 οἶον
3161 4441 3461 4524 ἀγάλματι
3501 4447 3607 4506 τοῦ
3645 4445 3857 4521 νοητοῦ
3896 4440 4153 4509 κάλλους
4193 4445 4509 4524 πρόσεισιν
4539 4447 4572 4508 ὁ

2880 4543 3189 4626 Σωκράτης
3214 4549 3296 4630 τῷ
3327 4546 3588 4626 ἐμφανεῖ
3611 4542 3843 4607 κάλλει.

2965 4669 3029 4734 p.
3056 4666 3291 4733 373,7.
3336 4647 3370 4709 ὁ
3416 4646 3484 4709 τὸ
3526 4647 3755 4726 μίμημα
3797 4647 4119 4722 ἀποσῶζων
4162 4648 4415 4733 ἐκείνου]
4467 4649 4576 4714 Cf.

2883 4751 3001 4815 IV.
3028 4769 3086 4834 7.
3109 4766 3170 4836 5.
3206 4773 3275 4838 p.
3294 4752 3446 4830 460.
3476 4749 3544 4813 τὸ
3574 4750 3788 4813 ταύτὸν
3810 4751 4141 4825 ἀποσώζειν
4162 4751 4427 4814 δύναται.
4474 4751 4575 4815 De

2881 4851 2999 4917 hoc
3028 4852 3220 4917 verbo
3256 4851 3509 4917 consule
3549 4851 3767 4916 Lexic.
3803 4850 4216 4939 Xenophont.
4250 4852 4309 4915 Ι.
4339 4875 4405 4940 p.
4424 4873 4571 4940 370.

2883 4954 3231 5042 Singularis
3255 4972 3349 5020 est
3394 4977 3543 5019 usus
3583 4954 3861 5018 Platonis
3898 4954 4105 5043 Epist.
4141 4955 4302 5019 V11.
4336 4978 4399 5043 p.
4423 4960 4573 5045 336.

2880 5081 2941 5146 p.
2960 5073 3109 5143 450.
3146 5057 3417 5138 Beklteri
3442 5081 3456 5121 :
3488 5058 3639 5139 ἥπερ
3661 5055 3738 5121 ἂν
3769 5059 3970 5141 (δόξα)
3993 5060 4156 5140 παρὰ
4182 5062 4369 5122 πᾶσιν
4395 5057 4472 5124 ἂν
4500 5062 4577 5129 ὥς

2882 5161 3020 5228 ἔπος
3050 5163 3238 5225 εἰπεῖν
3277 5161 3606 5243 ἀνθρώποις
3633 5159 3916 5224 ἀπέσωσε
3942 5159 4256 5242 γενομένη,
4287 5183 4403 5248 pro
4432 5165 4578 5228 ἀπε-

2880 5261 3241 5344 σώθη,υηᾶε
3259 5262 3429 5328 hunc
3446 5263 3650 5328 locum
3672 5276 4026 5350 suspectum
4047 5261 4293 5328 dicebat
4324 5263 4578 5331 Schnei-

2878 5365 3007 5431 der.
3096 5366 3220 5431 Sed
3257 5365 3412 5430 nihil
3442 5366 3684 5430 variant
3724 5364 3888 5445 libri,
3934 5379 3998 5428 et
4034 5365 4332 5454 explicari
4370 5383 4579 5455 potest

2880 5468 3204 5535 commode
3232 5469 3284 5534 is
3309 5492 3462 5534 usus
3490 5493 3526 5533 e
3546 5484 3772 5534 natura
3796 5467 3989 5556 hujus
4017 5467 4212 5533 verbi.
