5118 6613
1092 557 1177 638 76

1091 725 1433 814 praesertim
1462 749 1526 816 p.
1549 727 1698 813 763.
1775 723 2069 792 Similiter
2095 725 2423 791 Aristotel.
2456 725 2517 789 in
2549 726 2774 813 Magn.

1095 831 1265 895 Mor.
1302 831 1359 895 I.
1391 852 1442 895 c.
1470 849 1571 915 25.
1604 852 1669 917 Ρ.
1700 844 1802 914 25.
1839 828 2015 915 Sylb.
2045 829 2113 893 τὸ
2149 830 2263 909 μὲν
2303 831 2418 910 γὰρ
2459 828 2641 893 κακὸν
2675 854 2780 893 πο-

1089 932 1338 1001 λυειδές·
1373 932 1441 997 τὸ
1471 932 1519 998 δ’
1551 932 1778 1015 ἀγαθὸν
1792 930 2131 1012 μονοειδέςε
2179 945 2242 996 et
2266 930 2478 995 Ethic.
2501 930 2776 995 Eudem.

1090 1036 1250 1100 VII.
1273 1052 1337 1119 5.
1386 1034 1669 1117 ἀνάγεται
1698 1036 1763 1099 δὲ
1800 1034 1868 1098 τὸ
1909 1035 2022 1114 μὲν
2060 1037 2266 1114 ὅμοιον
2313 1034 2407 1098 καὶ
2448 1037 2530 1101 εἰς
2567 1033 2636 1098 τὸ
2674 1033 2782 1115 ἡδὺ

1090 1138 1187 1202 καὶ
1215 1141 1297 1206 εἰς
1324 1138 1393 1202 τὸ
1424 1139 1672 1220 ἀγαθόν.
1721 1139 1810 1210 τό,
1841 1161 1907 1201 τε
1936 1140 2052 1219 γὰρ
2081 1137 2311 1218 ἀγαθὸν
2332 1139 2583 1211 ἁπλοῦν,
2615 1136 2684 1200 τὸ
2715 1137 2780 1200 δὲ

1090 1240 1271 1304 κακὸν
1298 1241 1710 1322 πολύμορφον.
1742 1267 1798 1303 κ.
1824 1265 1877 1303 τ.
1901 1247 1965 1303 λ.

1182 1360 1325 1428 154,
1360 1362 1456 1426 15.
1507 1344 1639 1408 ἐπεὶ
1668 1343 1764 1407 καὶ
1794 1344 1848 1407 εἰ
1874 1346 2178 1409 παντελῶς
2222 1344 2473 1410 ἴοι-είς
2514 1345 2782 1421 παντελῆ

1090 1446 1327 1534 κακίαν]
1382 1446 1548 1509 Nam
1595 1444 1644 1509 si
1689 1443 1873 1509 etiam
1919 1465 2353 1533 usquequaque
2402 1444 2553 1528 (sive
2584 1446 2777 1532 peni·

1088 1552 1219 1632 tus)
1265 1548 1472 1612 anima
1497 1547 1563 1611 in
1592 1547 1937 1613 absolutam
1977 1546 2347 1634 pravitatem
2376 1548 2587 1612 iverit.
2634 1545 2779 1611 Vid.

1088 1673 1278 1738 supra
1304 1651 1385 1715 ad
1417 1650 1660 1715 initium
1692 1650 1912 1738 capitis
1940 1649 2314 1715 duodecimi.

1165 1791 1256 1804 —
1284 1769 1380 1837 17.
1431 1754 1516 1817 ἔτι
1552 1757 1668 1836 γὰρ
1711 1752 2078 1835 ἀνθρωπικὸν
2121 1754 2159 1833 ἦ
2204 1753 2406 1841 κακία]
2456 1751 2639 1816 Infra
2672 1753 2770 1816 II.

1086 1877 1145 1941 9.
1174 1877 1235 1942 9.
1282 1869 1494 1920 nostro
1537 1854 2012 1943 distinguuntur
2054 1858 2113 1921 οἱ
2153 1856 2660 1937 ἀνθρωπικώτεροι
2716 1868 2780 1918 et

1083 1962 1141 2023 οἱ
1170 1963 1498 2033 σπουδαῖοι,
1528 1958 1640 2023 ubi
1683 1958 1940 2023 Ficinus
1976 1957 2134 2022 illud
2163 1957 2351 2022 vertit
2388 1958 2777 2022 humiliore-v.

1081 2060 1197 2126 Ad
1240 2076 1522 2126 nostrum
1569 2061 1774 2126 locum
1826 2061 2020 2150 possit
2065 2060 2349 2125 adhiberi
2403 2059 2636 2124 Pollux
2678 2061 2777 2124 II.

1090 2184 1227 2250 131.
1262 2164 1372 2250 qui
1392 2163 1608 2251 jungit
1650 2169 1875 2247 κοῦφον
1906 2166 2171 2246 εὔφορον
2201 2178 2265 2229 et
2293 2165 2686 2246 ἀνθρώπινον,
2720 2175 2784 2227 et

1079 2266 1338 2354 apponit
1380 2265 1420 2330 ἃ
1451 2267 1555 2332 οὐκ
1600 2268 1675 2331 ἄν
1717 2292 1803 2334 τις
1844 2266 2098 2349 ἐνέγκοι,
2154 2279 2219 2331 et
2269 2264 2528 2341 similia;
2586 2265 2782 2353 igitur

1077 2371 1420 2434 humanum
1449 2368 1567 2433 hoc
1613 2392 1818 2447 sensu,
1848 2370 2022 2456 quod
2062 2369 2127 2433 in
2169 2368 2438 2434 hominis
2482 2384 2771 2434 naturam

1076 2471 1242 2537 cadit
1286 2471 1567 2559 adeoque
1594 2471 1662 2536 in
1689 2471 1939 2536 homine
1983 2471 2366 2537 tolerandam
2397 2487 2510 2536 est.
2605 2474 2771 2536 Nam

1078 2574 1177 2640 hae
1223 2574 1442 2640 formae
1487 2574 1836 2662 promiscue
1889 2588 2299 2663 usurpantur.
2388 2573 2621 2640 Pollux
2668 2576 2769 2640 11.

1076 2693 1141 2763 5.
1167 2680 1596 2759 ε-ἆνθρωπος,
1639 2679 2028 2758 ἀνθρώπινον,
2068 2678 2496 2759 ἀνθρωπίσκος,
2538 2678 2765 2759 ἀνθρώ-

1077 2806 1235 2854 πιον,
1286 2778 1653 2860 ἀνθρωπικὸν
1698 2807 1749 2842 κ.
1773 2787 1914 2844 τ.λ.
1977 2779 2082 2844 Cf.
2123 2779 2304 2844 etiam
2352 2781 2652 2843 Ammon.
2699 2803 2768 2867 Ρ.

1084 2900 1226 2963 147.
1260 2881 1410 2967 ibiq.
1455 2879 1870 2967 Oudendorp.
1946 2880 2118 2944 Hinc
2161 2881 2388 2969 passim
2432 2881 2770 2946 lectionum

1077 2984 1427 3064 varietates,
1474 2997 1548 3048 ut
1593 2983 1894 3071 Xenoph.
1944 2983 2177 3071 Cyrop.
2226 2984 2369 3048 ΙΙΙ.
2421 3004 2474 3047 1.
2505 3005 2612 3065 40.
2663 2987 2766 3049 ἀν·

1081 3086 1344 3169 θρῶπινά
1398 3113 1499 3165 μοι
1549 3092 1737 3154 δοκεῖς
1792 3090 2073 3169 ἁμαρτεῖν
2098 3123 2184 3135 -
2215 3088 2632 3170 συγγίγνωσκε
2690 3092 2770 3174 τῷ

1076 3191 1273 3271 πατρί,
1306 3189 1416 3254 ubi
1459 3188 1562 3253 alii
1592 3189 1946 3271 ἆνθρωπικά,
1989 3211 2180 3277 quam
2222 3190 2578 3255 varietatem
2623 3212 2771 3277 neg-

1075 3290 1296 3358 lectam
1325 3292 1508 3358 video
1544 3291 1612 3357 in
1656 3292 1893 3358 Lexico
1940 3291 2424 3380 Xenophonteo.
2515 3292 2769 3358 Plutar-

1075 3395 1234 3460 chus
1284 3395 1454 3461 illam
1505 3396 1770 3462 sormam
1826 3396 2024 3484 magis
2068 3395 2426 3483 frequentat
2473 3396 2539 3460 in
2585 3396 2765 3477 Vitis,

1075 3497 1236 3563 hanc
1272 3498 1333 3563 in
1376 3498 1748 3564 MoralibuS.
1798 3497 2138 3586 Phrynich.
2171 3508 2417 3582 σοφιστ.
2448 3525 2630 3582 προπ.
2659 3523 2759 3587 ap.

1076 3600 1342 3666 Bekker.
1387 3601 1725 3667 Anecdott.
1766 3602 2007 3667 Graecc.
2045 3603 2105 3666 1.
2143 3624 2208 3689 p.
2238 3620 2341 3667 21.
2401 3602 2763 3685 ἀνθρωπικὸς

1072 3709 1270 3785 μῦθος’
1318 3708 1352 3770 ὁ
1399 3707 1537 3788 περὶ
1582 3706 1961 3787 ἀνθρωπείων
2008 3703 2385 3786 πραγμάτων.
2463 3705 2761 3793 Synesius

1077 3808 1348 3895 Epistol.
1387 3827 1526 3893 139.
1558 3807 1692 3872 init.
1719 3831 1787 3895 p.
1813 3809 1958 3891 176.
1990 3812 2107 3871 τῶν
2137 3808 2368 3888 ἐρώτων
2396 3810 2455 3872 02
2495 3810 2609 3888 μὲν
2645 3833 2757 3891 χα·

1076 3913 1183 3991 μαὶ
1211 3909 1534 3995 ἑρχομένας
1568 3911 1663 3974 καὶ
1699 3912 2064 3991 ἀνθρωπικὰς
2091 3913 2195 3977 τὰς
2222 3912 2408 3994 ἀρχὰς
2437 3911 2766 3994 ἔχοντες-

1081 4014 1167 4079 οῖς
1199 4014 1264 4075 δὲ
1291 4013 1560 4094 ἐφεστὼς
1587 4015 1878 4093 βραβεύει
1907 4012 2043 4079 θεὸς
2071 4039 2121 4075 κ.
2145 4037 2199 4075 τ.
2220 4021 2284 4075 λ.

1164 4149 1250 4161 -
1277 4114 1374 4177 18.
1422 4112 1749 4196 ψυχὴ-έν
1776 4117 1856 4198 τῷ
1881 4115 2107 4193 σώματι
2128 4114 2612 4201 βεβαπτισμένη]
2662 4116 2765 4180 De

1075 4214 1267 4280 altera
1311 4215 1503 4302 hujus
1536 4214 1712 4279 verbi
1757 4214 2211 4280 constructione
2257 4215 2528 4281 vidimus
2574 4241 2765 4304 supra

1078 4316 1162 4382 ad
1208 4317 1268 4382 Ῑ.
1296 4337 1359 4399 4.
1387 4337 1447 4401 9.
1492 4315 1630 4381 init.
1679 4315 1762 4380 ad
1800 4317 1991 4381 verba
2038 4319 2428 4398 βαπτίζεσθαι
2478 4321 2765 4387 νόσοις-

1078 4419 1333 4503 τέχναις.
1445 4420 1801 4506 Utramque
1849 4420 2134 4507 junctam
2187 4420 2419 4508 reperis
2472 4421 2537 4484 in
2594 4421 2764 4487 dicto

1080 4520 1415 4586 Alcibiadis
1468 4544 1574 4609 ap.
1640 4520 1961 4587 Scholiast.
2016 4521 2283 4587 Aristid.
2345 4546 2411 4610 p.
2466 4525 2608 4610 196.
2661 4524 2759 4588 ed.

1080 4623 1417 4689 Frommel.
1443 4623 1640 4704 βάπτε
1678 4650 1756 4704 με
1795 4625 1863 4688 ἐν
1888 4623 2235 4704 θυμέλῃσιν’
2283 4626 2400 4706 ἐγὼ
2444 4624 2510 4689 δέ
2549 4651 2624 4691 σε
2662 4629 2758 4690 κύ-

1077 4752 1227 4807 μασι
1270 4728 1489 4790 πόντου
1531 4727 1833 4806 βαπτίζων
1864 4754 1916 4791 κ.
1941 4753 1997 4790 τ.
2023 4735 2081 4790 λ.
2172 4727 2402 4791 Noster
2445 4727 2591 4793 infr.
2643 4731 2759 4794 VI.

1079 4849 1137 4913 9.
1165 4828 1225 4892 8.
1255 4832 1335 4914 τῷ
1365 4830 1430 4893 δὲ
1466 4827 1546 4907 μὴ
1588 4828 1982 4909 βαπτισθέντι
2023 4833 2102 4915 τῷ
2148 4831 2391 4908 σώματι.
2445 4829 2760 4895 Theodor-

1080 4929 1410 4996 Metochit.
1439 4954 1489 4995 c.
1515 4949 1624 5016 31.
1661 4953 1723 5017 p.
1747 4946 1889 5013 207.
1923 4954 2017 5018 sq.
2062 4931 2179 4996 ἀπὸ
2222 4936 2339 4995 τῶν
2382 4932 2450 4995 ἐν
2490 4931 2640 5012 μέθῃ
2682 4934 2762 5014 μὴ

1078 5035 1317 5101 τελείως
1360 5032 1833 5112 βαπτισθέντων.
1926 5035 2199 5098 Hermes
2254 5031 2318 5096 in
2379 5034 2639 5099 Cratere
2695 5059 2760 5123 p.

1079 5140 1181 5203 26.
1212 5137 1315 5202 ed.
1346 5136 1570 5200 Franc.
1605 5135 1837 5200 Patrio.
1876 5135 2178 5217 βάπτισον
2225 5135 2482 5201 σεαυτὸν
2512 5138 2596 5204 εἰς
2631 5143 2761 5203 τοῦ·

1076 5266 1181 5305 τον
1208 5240 1314 5304 τὸν
1344 5241 1614 5322 κρατῆρα.
1704 5238 1887 5303 Idem
1930 5236 2159 5304 ibidem
2205 5235 2420 5325 paullo
2452 5251 2617 5325 post,
2652 5241 2756 5304 sed

1076 5342 1319 5408 diversa
1355 5339 1694 5408 sententia:
1730 5341 1865 5406 ὅσοι
1888 5343 2001 5422 μὲν
2030 5341 2629 5420 οὖν-ἐβαπτίσαντο
2658 5348 2763 5408 τοῦ

1078 5448 1231 5512 νοός.

1161 5569 1226 5633 p.
1259 5560 1402 5630 155,
1429 5564 1485 5611 2.
1532 5546 1642 5613 ἕως
1687 5544 2014 5629 ἀναδράμῃ]
2067 5545 2442 5634 Legendum
2470 5546 2760 5612 videatur

2060 552 2882 621 ANNOTATIONES
2951 552 3062 618 IN
3130 552 3579 618 PLOTINI

2866 727 2972 793 ἔως
3000 723 3076 790 ἂν
3106 723 3407 806 ἀναδράμῃ
3433 721 3740 812 particula
3764 721 3846 788 ab
3875 721 4050 788 initio
4092 724 4408 812 sequentis
4435 746 4549 788 vo·

2862 827 3071 893 cabuli
3097 827 3341 893 hausta.

2930 968 3015 981 —
3034 950 3095 1016 3.
3130 931 3225 995 καὶ
3251 934 3422 994 τοῦτο
3447 930 4175 1017 ἐστὶ-ἐπικαταδαρθεῖν]
4198 929 4553 1018 Desumpta

2865 1045 3034 1112 sunt,
3060 1031 3179 1097 levi
3207 1032 3549 1097 mutatione
3578 1031 3843 1096 admissa
3870 1055 3906 1096 e
3935 1031 4213 1120 Republ.
4249 1031 4550 1111 Platonis,

2867 1138 3027 1201 VII.
3061 1159 3122 1223 Ρ.
3141 1155 3289 1221 534.
3322 1158 3386 1223 Ρ.
3409 1136 3559 1221 363.
3593 1133 3837 1199 Bekk.:
3886 1134 4097 1199 οὐκοῦν
4140 1135 4237 1200 καὶ
4274 1135 4410 1217 περὶ
4447 1138 4552 1198 τοῦ

2865 1241 3093 1321 ἀγαθοῦ
3123 1239 3644 1305 &caurum—ofin
3674 1237 3815 1301 αὐτὸ
3858 1236 3926 1300 τὸ
3966 1237 4195 1319 ἀγαθὸν
4223 1236 4434 1319 φήσεις
4463 1240 4547 1301 εἰ·

2867 1342 3033 1407 δέναι
3074 1340 3182 1406 τὸν
3209 1344 3390 1408 οὕτως
3427 1341 3664 1424 ἔχοντα,
3707 1341 3842 1404 οὔτε
3879 1341 4035 1405 ἄλλο
4080 1340 4309 1421 ἀγαθὸν
4351 1339 4545 1412 οὐδὲν,

2868 1445 3005 1512 ἀλλ’
3038 1449 3094 1512 εἴ
3128 1472 3209 1525 πῃ
3240 1447 3485 1510 είδῶλου
3527 1444 3685 1513 τινὸς
3723 1441 4067 1527 ἐφάπτεται,
4099 1446 4237 1525 δόξῃ
4281 1445 4386 1510 οὗκ
4420 1447 4545 1510 ἑπι-

2868 1549 3057 1630 στήμῃ
3088 1545 3477 1631 ἐφάπτεσθαι,
3511 1548 3607 1612 καὶ
3634 1546 3740 1611 τὸν
3769 1551 3874 1611 νῦν
3895 1548 4036 1627 βίον
4053 1549 4551 1628 ὀνειροπολοῦντα

2869 1653 2964 1717 καὶ
2999 1653 3379 1716 ὑπνώττοντα
3418 1650 3558 1732 πρὶν
3598 1646 3791 1715 ἐνθάδ’
3839 1649 4204 1732 ἑξέγρεσθαι,
4243 1652 4326 1717 εἰς
4367 1651 4548 1714 Αἴδου

2865 1756 3152 1837 πρότερον
3180 1754 3543 1836 ἀφικόμενον
3563 1750 3783 1820 τελέως
3805 1751 4386 1834 ἑπικαταδαρθάνειν.
4432 1752 4548 1817 Ce-

2866 1875 3069 1923 terum
3116 1855 3255 1921 vide
3297 1877 3425 1919 var.
3467 1853 3606 1919 lect.
3653 1853 3736 1919 ad
3778 1867 4059 1919 nostrum
4104 1853 4332 1934 locum,
4384 1854 4547 1920 unde

2862 1959 3228 2046 intelligitur
3255 1957 3502 2023 haesisse
3529 1956 3809 2022 librarios
3835 1956 3899 2019 in
3929 1957 4383 2023 constructione
4408 1957 4546 2023 loci.

2870 2061 2994 2128 Sed
3025 2061 3168 2126 vide
3211 2084 3357 2149 quoe
3403 2083 3593 2147 supra
3628 2059 3708 2125 ad
3752 2082 3816 2147 p.
3841 2076 3944 2145 55.
3979 2062 4066 2124 A.
4113 2060 4192 2125 ad
4235 2061 4422 2126 verba
4464 2063 4548 2128 εἰς

2868 2163 3012 2251 ᾅδου
3043 2166 3347 2230 κείσεσθαι
3376 2167 3443 2228 ἐν
3469 2164 3749 2249 βορβόρῳ
3786 2162 4258 2238 annotavimus3
4306 2163 4418 2250 qui
4457 2161 4547 2227 lo-

2866 2291 2977 2334 cus
3004 2280 3095 2332 est
3124 2266 3363 2354 integer
3398 2265 3479 2331 ad
3522 2265 3716 2330 nostri
3754 2264 3871 2329 loci
3901 2264 4263 2329 sententiam
4293 2289 4546 2353 quoque

2856 2369 3331 2459 comparandus.
3419 2369 3522 2432 De
3561 2368 3762 2433 forma
3801 2367 4019 2432 Attica
4062 2370 4543 2452 ἑπικαταδαρθεῖν

2855 2473 2982 2538 vid.
3014 2472 3283 2538 Dorvill.
3315 2471 3395 2536 ad
3442 2471 3767 2536 Chariton.
3797 2490 4032 2559 p.415.
4063 2471 4241 2558 Lips.
4270 2470 4369 2558 [p.
4387 2490 4534 2558 353.

2855 2576 3006 2642 edit.
3036 2574 3421 2663 Amstelod.]

2939 2717 3027 2729 —
3048 2679 3109 2742 8.
3182 2676 3672 2766 συγκαταθέσεις]
3749 2677 3911 2741 Sunt
3980 2674 4127 2741 alibi
4184 2699 4537 2753 corum-sus,

2853 2783 3304 2847 corz-sermones.
3351 2779 3496 2844 vid.
3541 2778 3706 2844 locos
3750 2778 3812 2843 in
3863 2778 4084 2865 Steph.
4114 2779 4446 2845 Thesauro
4471 2804 4535 2868 p.

2856 2903 3046 2969 9429.
3082 2882 3267 2970 Valp.
3299 2897 3642 2970 congestos,
3665 2896 3730 2947 et
3751 2896 3986 2946 annott.
4011 2896 4200 2947 nostr.
4234 2882 4298 2946 in
4329 2882 4535 2948 Procl.

2853 2985 2920 3050 in
2963 2985 3174 3051 Alcib.
3221 3007 3316 3073 pr.
3362 3007 3426 3071 p.
3462 2986 3565 3070 63.
3628 2984 3738 3050 ubi
3793 2984 4132 3072 opponitur
4172 2987 4432 3068 ἀῤῥεψία
4475 3000 4539 3050 et

2857 3088 3062 3172 ἐποχή.
3149 3087 3344 3153 Adde
3391 3086 3773 3152 Theodoret.
3824 3088 3942 3152 IV.
3994 3110 4057 3175 p.
4095 3107 4237 3169 140.
4286 3087 4394 3152 ubi
4453 3110 4533 3153 ex

2858 3190 3196 3255 Ambrosio
3252 3190 3680 3274 συγκατάθεσις
3723 3194 3825 3271 τῆς
3874 3192 4047 3274 ἁγίας
4099 3190 4394 3272 παρθένου
4439 3208 4535 3256 est

2858 3290 3208 3360 obedientia
3251 3293 3391 3358 Deo
3434 3317 3499 3358 se
3534 3292 3948 3382 permittentis
3990 3308 4215 3359 sanctoe
4255 3292 4529 3382 virginis.

2854 3397 3032 3462 Sicut
3058 3412 3270 3461 autem
3295 3396 3608 3461 Arrianus
3636 3396 3701 3461 in
3730 3396 4074 3484 Epicteteis
4093 3397 4234 3462 ΙΙΙ.
4257 3415 4358 3463 22.
4387 3418 4528 3480 104.

2848 3499 3224 3587 adjectivum
3281 3502 3574 3583 προπετὴς
3618 3500 3838 3588 junxit
3890 3501 4024 3566 voci
4082 3501 4531 3584 συγκατάθεσις,

2847 3601 2936 3669 ita
2959 3617 3170 3668 noster
3198 3617 3459 3691 usurpat
3490 3629 3737 3686 προπετ.
3768 3606 3851 3672 εἰς
3877 3602 4359 3687 συγκαταθέσεις,
4387 3627 4533 3691 quae

2844 3706 2907 3771 h.
2929 3705 2968 3770 l.
3001 3712 3129 3775 ταῖς
3156 3709 3359 3789 ὀργαῖς
3385 3706 3690 3794 oppositae
3717 3708 4245 3771 reconciliationes
4278 3719 4442 3771 sunt.

2932 3846 3021 3858 —
3044 3829 3143 3875 10.
3185 3811 3302 3875 ὑπό
3329 3835 3397 3874 τε
3422 3808 3769 3890 πνευμάτων
3795 3810 3912 3873 ὑπό
3938 3835 4005 3875 τε
4035 3809 4355 3898 εἱλήσεων]
4389 3807 4533 3874 Plar-

2849 3923 3055 3976 tonem
3107 3912 3406 3999 expressit
3458 3911 3538 3976 de
3580 3910 3861 3999 Republ.
3917 3911 4012 3975 11.
4078 3916 4257 3997 (431.
4299 3913 4420 3992 A.)
4462 3934 4527 3998 p.

2847 4014 2998 4099 380.
3027 4016 3110 4080 E.
3166 4020 3287 4079 πᾶν
3332 4014 3524 4098 φυτὸν
3568 4013 3683 4079 ὑπὸ
3724 4013 4014 4094 εἱλήσεών
4052 4039 4119 4079 τε
4162 4015 4256 4078 καὶ
4297 4014 4531 4093 ἀνέμων

2852 4117 2947 4182 καὶ
2975 4123 3093 4182 τῶν
3125 4119 3405 4183 τοιούτων
3432 4116 3791 4198 παθημάτων
3826 4117 4228 4201 (ἀλλοιοῦται)
4263 4115 4371 4181 ubi
4400 4115 4530 4181 vid.

2853 4219 3116 4284 Scholia.
3160 4242 3224 4306 p.
3265 4235 3407 4304 152.
3455 4219 3609 4284 ibid.
3659 4221 3798 4284 III.
3848 4242 3914 4306 p.
3938 4238 4086 4301 404.
4134 4218 4253 4282 B.:
4298 4223 4532 4288 πολλᾶς

2846 4321 3496 4402 μεταβολὰς-ὑδάτων
3538 4347 3605 4387 τε
3649 4323 3744 4385 καὶ
3780 4328 3899 4387 τῶν
3940 4324 4147 4388 ἄλλων
4188 4323 4390 4396 σίτων,
4437 4323 4532 4387 καὶ

2850 4423 3157 4502 εἱλήσεων,
3192 4425 3288 4488 καὶ
3313 4426 3641 4506 χειμώνων.
3685 4423 3831 4489 Vid.
3859 4422 4205 4487 Ruhnken.
4243 4423 4326 4487 ad
4357 4423 4530 4488 Tim.

2849 4525 3007 4588 Lex.
3042 4523 3205 4589 Plat.
3237 4547 3304 4611 Ρ.
3331 4527 3433 4609 96.
3465 4549 3558 4612 sq.
3586 4525 3669 4590 ad
3689 4549 3752 4591 v,
3782 4529 4026 4607 εῇησις·
4074 4526 4385 4600 ἔκκαυσις;
4419 4527 4530 4613 qui

2845 4626 3011 4691 idem
3040 4649 3119 4691 ex
3151 4625 3383 4690 Plotini
3411 4627 3548 4692 loco
3577 4629 3761 4693 tertio
3787 4628 3923 4693 loco
3954 4627 4234 4693 Platonis
4274 4628 4528 4693 medici-

2847 4752 2991 4793 nam
3018 4729 3419 4816 comparavit.
3510 4731 3615 4795 Ita
3655 4730 3820 4795 enim
3862 4744 4046 4796 antea
4084 4730 4406 4818 legebatur
4448 4731 4530 4796 de

2849 4831 3053 4919 Legg.
3084 4833 3161 4897 V.
3192 4854 3258 4919 Ρ.
3282 4848 3426 4915 747.
3459 4855 3523 4918 Ρ.
3544 4852 3693 4914 410.
3729 4831 3927 4897 Bekk.
3960 4836 4018 4898 οἱ
4041 4834 4155 4914 μέν
4180 4831 4255 4914 γέ
4279 4858 4394 4896 που
4430 4836 4531 4898 διὰ

2845 4937 3150 5015 πνεύματα
3189 4940 3442 5000 παντοῖα
3481 4936 3577 4999 καὶ
3615 4933 3930 5016 διειλήσεις
3968 4935 4290 5000 ἀλλόκοτοί
4313 4958 4380 4999 τε
4408 4936 4528 4999 είσὶ

2849 5037 2944 5101 καὶ
2970 5038 3231 5101 ἀναίσιοι
3259 5036 3469 5114 αὐτῶν,
3500 5040 3558 5101 οἱ
3588 5039 3654 5102 δὲ
3682 5036 3750 5101 δι’
3782 5040 3987 5102 ὕδατα.
4034 5035 4144 5102 ubi
4171 5035 4386 5100 itidem
4419 5036 4528 5100 Fi-

2844 5137 3022 5203 cinus
3048 5140 3328 5204 turbines
3356 5153 3647 5218 verterat,
3678 5151 3751 5204 ut
3779 5138 3841 5203 in
3871 5138 4147 5204 hocloco
4169 5137 4422 5216 Plotini,
4447 5162 4526 5204 ex

2844 5264 2975 5328 quo
3002 5255 3065 5306 et
3093 5264 3171 5306 ex
3201 5240 3445 5306 Galeno
3472 5241 3550 5306 T.
3587 5241 3641 5305 1.
3673 5264 3736 5328 p.
3764 5242 3912 5327 389.
3946 5239 4367 5306 Ruhnkenius
4385 5240 4529 5307 Pla-

2847 5343 2977 5408 toni
3004 5342 3278 5409 reddidit
3307 5344 3401 5409 καὶ
3438 5343 3508 5409 δι’
3554 5343 3827 5423 εἰλήσεις,
3859 5365 4131 5429 eumque
4159 5343 4352 5409 secuti
4382 5360 4529 5408 sunt

2845 5445 3129 5512 editores.
3178 5445 3293 5528 (cf.
3339 5445 3497 5510 Astii
3543 5444 3915 5511 Animadvv.
3962 5444 4029 5508 in
4080 5445 4162 5509 de
4206 5445 4410 5534 Legg.
4457 5470 4523 5534 p.

2847 5564 2993 5633 275.
3047 5551 3216 5635 sqq.)
3278 5547 3583 5633 Spiritum
3630 5561 3834 5611 tamen
3891 5568 4179 5634 asperum
4229 5550 4529 5636 expressit
