5118 6613
1388 544 1580 607 Lm.
1631 544 1711 607 v.
1757 543 2223 608 ENNEAD.
2275 543 2761 620 QUARTAE.
2804 565 2870 630 p.
2904 542 3264 629 823—830.
3946 564 4068 632 243

569 717 652 781 ad
701 718 863 781 Luc.
916 713 1234 779 Holstenii
1279 713 1575 802 Epistoll.
1618 737 1685 802 p.
1719 714 1896 798 248.)
1947 713 2177 801 Optica
2218 718 2278 799 §-

658 946 721 1010 p.
755 923 907 999 826,
939 907 998 985 6.
1042 920 1218 985 Ἐπεὶ
1248 922 1347 984 καὶ
1373 919 1581 1000 τὸτῆς
1618 919 1825 987 νυκτὸς
1853 922 2277 1003 ὀρᾷν-χαλε-

567 1026 687 1091 πὸν
708 1027 892 1104 ταύτῃ
921 1028 992 1103 τῇ
1022 1021 1309 1086 ὑποθέσει
1338 1023 1715 1110 ἀπευθῦναι]
1765 1021 1958 1086 Locis
1979 1020 2059 1085 ad
2087 1021 2279 1107 hujus

570 1127 761 1192 Verbi
811 1148 996 1189 usum
1047 1122 1488 1188 illustrandum
1541 1124 1852 1210 congestis
1906 1122 2070 1188 adde
2117 1123 2274 1188 Dio-

572 1252 709 1316 nyS.
773 1227 1098 1292 Halicarn.
1160 1228 1238 1291 de
1298 1228 1598 1313 Compos
1661 1226 1794 1289 XI.
1846 1225 1950 1291 80.
2010 1248 2074 1311 p.
2133 1245 2276 1312 134.

574 1330 805 1396 Schaef.
837 1346 902 1394 et
942 1329 1148 1394 Photii
1198 1327 1500 1392 Biblioth.
1548 1327 1711 1392 Cod.
1750 1329 1895 1412 165.
1933 1350 1995 1414 p.
2036 1327 2180 1392 108.
2212 1327 2272 1392 b.

568 1434 707 1498 infr.
744 1431 1051 1497 Bekkeri:
1100 1446 1164 1495 et
1191 1431 1274 1495 cf.
1311 1432 1390 1494 P.
1424 1430 1803 1516 Wesseling.
1846 1430 1928 1493 ad
1976 1430 2274 1516 Sophocl.

571 1537 751 1622 Ajac.
795 1558 852 1598 v,
889 1552 991 1618 72.
1087 1534 1332 1619 Saepius
1384 1547 1595 1595 autem
1646 1547 1986 1616 usurpatur
2038 1554 2078 1595 a
2123 1531 2276 1596 Plu-

571 1638 786 1703 tarcho
813 1638 876 1700 in
910 1636 1307 1708 Moralibus;
1342 1637 1452 1721 qui
1484 1634 1571 1697 ita
1599 1634 1680 1699 de
1712 1636 1969 1699 Pueror.
1995 1633 2274 1699 Educat.

570 1764 634 1827 p.
670 1759 725 1805 2.
761 1742 849 1803 D.
894 1762 961 1826 p.
992 1741 1056 1802 6.
1091 1739 1339 1825 Wytt.:
1389 1735 1494 1804 τάς
1536 1762 1611 1819 γε
1651 1737 1770 1816 μὴν
1809 1738 2118 1816 καμπύλας
2158 1742 2278 1800 τῶν

569 1846 900 1924 ὑποκριτῶν
937 1841 1262 1921 βακτηρίας
1306 1841 1659 1904 ἀπευθύνειν
1707 1837 2039 1922 ἀμήχανον.
2129 1840 2277 1902 Hoc

570 1945 620 2009 si
649 1959 864 2009 nostro
890 1943 1028 2007 loco
1056 1941 1378 2020 adhibeas,
1401 1965 1475 2005 ea
1496 1940 1597 2005 hic
1619 1939 1976 2027 accipienda
2000 1939 2082 2005 sit
2102 1939 2276 2004 verbi

2367 714 2713 779 centiorum
2737 713 2835 778 vel
2856 713 3125 778 inventis
3143 712 3242 777 vel
3263 712 3585 778 sententiis
3604 732 4067 802 compararunt.

2455 841 2517 905 p.
2555 819 2704 902 829,
2748 836 2805 882 2.
2856 816 2992 880 ἀλλ’
3028 819 3082 880 εἰ
3115 819 3229 896 μὲν
3260 817 3500 896 ποιότης
3542 820 4067 902 μόνον-ἀνάγκη,

2369 923 2465 985 καὶ
2490 921 2559 984 τὸ
2590 915 2718 1002 φῶς
2741 925 2955 999 ζητεῖν,
2988 921 3057 982 ἓν
3084 916 3130 1006 ᾧ
3176 918 3348 983 ἔσται
3383 920 3664 1007 σώματι]
3714 920 3976 986 Proclus
4004 922 4067 986 in

2367 1022 2650 1087 Platonis
2681 1021 2999 1086 Timoeum
3026 1044 3091 1108 p.
3122 1040 3235 1101 141
3269 1046 3284 1086 ι
3332 1022 3529 1086 πάντα
3549 1026 3667 1104 γὰρ
3692 1026 3768 1088 τὰ
3787 1025 4071 1107 χρώματα

2365 1123 2592 1208 ἔγγονά
2622 1124 2772 1210 (leg.
2810 1123 3058 1208 ἔκγονό)
3092 1125 3223 1188 ἐστι
3250 1126 3468 1205 φωτός.
3515 1123 3620 1188 Cf.
3653 1147 3844 1212 supra
3871 1149 3939 1214 p.
3960 1143 4066 1211 52.

2364 1228 2440 1290 F.
2470 1241 2534 1292 et
2562 1249 2625 1314 p.
2665 1229 2809 1292 166.
2843 1249 2935 1313 sq.

2445 1367 2536 1381 —
2569 1332 2673 1394 16.
2720 1327 2859 1393 ἀλλ’
2892 1330 3096 1409 ὥσπερ
3125 1328 3529 1411 ζωὴ-ψυχῆς
3550 1329 3718 1393 ἐστιν
3741 1328 4063 1419 ἐνέργεια]

2364 1432 2466 1496 Cf.
2500 1432 2665 1497 infra
2694 1455 2756 1519 p.
2788 1432 2936 1516 458.
2970 1432 3051 1493 B.
3082 1443 3146 1493 et
3175 1428 3262 1492 ibi
3290 1440 3504 1493 annot.

2478 1559 2542 1622 p.
2574 1536 2723 1620 830,
2763 1554 2863 1598 12.
2925 1536 3003 1597 ΕΖ
3049 1531 3117 1596 δέ
3176 1535 3343 1596 ἐστιν
3391 1531 3668 1614 ἐνέργεια
3695 1534 4065 1612 -ἑπεβάλ·

2362 1637 2558 1722 λετ-0.]
2613 1638 2829 1702 Locus
2858 1635 3013 1698 mihi
3056 1633 3314 1721 quidem
3356 1634 3799 1714 subobscurus,
3831 1650 3897 1700 et
3938 1636 4066 1701 for-

2364 1754 2524 1803 tasse
2568 1761 2692 1803 non
2738 1761 2947 1803 sarmS.
3040 1737 3297 1802 Ficinus
3339 1736 3562 1824 legisse
3596 1738 3791 1803 videri
3835 1741 4065 1827 possit:

2365 1842 2460 1906 καὶ
2506 1844 2702 1925 εἴχετο
2734 1844 2876 1906 εἵσω
2905 1863 3024 1928 pro
3062 1843 3258 1924 ἐχεῖτο
3307 1840 3901 1927 (prqfimderemr).
3991 1844 4073 1907 In

2365 1944 2570 2009 Codd.
2624 1943 2778 2007 nihil
2835 1942 3081 2008 auxilii.
3172 1941 3449 2006 Proinde
3506 1941 3714 2008 locum
3761 1943 4066 2009 intactum

571 2048 688 2126 vis,
718 2062 793 2111 ut
833 2046 914 2110 sit
952 2049 1169 2128 ὀρθοῦν
1212 2048 1288 2108 τὰ
1327 2047 1500 2123 λοξὰ,
1534 2043 1684 2123 sive,
1713 2065 1859 2129 quae
1901 2041 2175 2129 implexa
2216 2059 2280 2107 et
2364 2045 3139 2133 reliquimus—Ceterum
3181 2043 3356 2131 quod
3399 2044 3872 2109 Tiedemannus
3898 2046 3962 2110 in
3993 2046 4066 2110 li-

567 2148 868 2236 impedita
895 2163 1064 2224 sunt,
1092 2146 1363 2233 dirigere
1399 2159 1460 2209 et
1506 2144 1819 2232 expedire.
1899 2144 2046 2209 vid.
2081 2146 2274 2211 Scho-

564 2250 726 2315 liast.
774 2248 1101 2336 Sophoclis
1143 2249 1210 2313 in
1256 2247 1485 2335 OEdip.
1534 2248 1697 2333 Tyr.
1745 2270 1806 2310 v.
1845 2267 1989 2328 104.
2098 2249 2273 2312 Tum

565 2354 699 2417 haec
750 2351 869 2415 loci
924 2349 1116 2414 nostri
1174 2348 1482 2413 sententia
1538 2347 1658 2412 sit:
1710 2348 1984 2426 Quando
2028 2348 2275 2413 illud-—'

567 2467 754 2519 noctu
786 2476 899 2517 nos
922 2449 1469 2516 videre—difficile
1491 2465 1584 2514 est
1612 2450 1730 2515 hac
1759 2450 2093 2538 hypothesi
2126 2450 2272 2533 (hac

565 2556 830 2642 ratione)
891 2553 1228 2641 explicatu.
1322 2553 1448 2617 Sed
1502 2553 1707 2618 nescio
1757 2575 1837 2617 an
1888 2552 2090 2639 magis
2147 2553 2271 2618 huc

567 2658 749 2723 faciat
791 2657 988 2722 altera
1029 2655 1139 2719 illa
1166 2656 1284 2734 vis,
1303 2678 1496 2742 quam
1541 2654 1706 2719 idem
1756 2654 2100 2719 Scholiasta
2127 2679 2269 2743 pro-

563 2760 689 2826 dit:
739 2761 1069 2832 ἀπευθύνω,
1104 2759 1200 2822 καὶ
1227 2758 1296 2822 τὸ
1326 2758 1445 2822 ἀπὸ
1472 2758 1715 2838 εὐθύνης
1737 2764 1906 2832 ποιῶ,
1931 2757 2063 2838 ἤτοι
2092 2758 2269 2823 ἀπεύ-

563 2869 763 2928 θυνον.
829 2863 975 2925 Hoc
1006 2860 1058 2924 si
1086 2859 1407 2936 admittaS,
1438 2875 1719 2924 extrema
1747 2859 2050 2925 vertenda
2077 2875 2261 2926 sunt:

564 2964 812 3029 difficile
841 2963 922 3027 sit
959 2960 1306 3026 secundum
1347 2960 1509 3025 banc
1555 2961 1935 3050 hypothesin
1964 2984 2269 3028 excusare

565 3067 722 3149 (sive
759 3089 802 3130 a
850 3065 1327 3152 reprehensione
1385 3062 1652 3128 liberum
1714 3064 2025 3148 reddere).
2145 3064 2268 3130 Ni·

565 3169 792 3234 mirum
850 3167 1101 3231 ironice.
1193 3168 1288 3230 Et
1346 3179 1495 3230 sunt
1544 3166 1606 3229 in
1668 3165 1786 3230 hac
1844 3165 2269 3253 disputatione

565 3272 747 3360 plura
795 3269 1096 3336 irrisionis
1146 3268 1451 3356 vestigia3
1496 3269 1669 3356 quod
1715 3270 1848 3358 jam
1902 3267 2061 3334 vidit
2112 3269 2270 3335 Fnci-

567 3397 706 3440 nus.

646 3514 735 3527 —
769 3475 868 3540 18.
920 3474 1073 3557 Περὶ
1121 3476 1188 3538 δὲ
1231 3478 1338 3537 τοῦ
1381 3471 1618 3538 ἀκούειν
1666 3500 1718 3536 κ.
1740 3498 1795 3536 τ.
1813 3473 1906 3557 λ.]
1960 3474 2088 3538 Pro
2125 3475 2267 3539 fon-

565 3580 732 3645 tibus
759 3577 957 3665 hujus
984 3575 1104 3641 loci
1143 3574 1483 3640 Plotiniani
1522 3573 1791 3639 habendi
1830 3574 2113 3640 Platonis
2157 3578 2272 3642 Ti-

565 3705 758 3747 maeus
796 3704 863 3768 p.
895 3682 1002 3762 67.
1053 3701 1117 3766 p.
1149 3698 1257 3762 92.
1306 3700 1396 3764 sq.
1438 3676 1643 3741 Bekk.
1708 3677 2069 3742 Aristotelis
2112 3678 2271 3743 liber

565 3783 877 3849 secundus
910 3782 991 3847 de
1034 3780 1274 3845 Anima
1315 3804 1368 3843 c.
1416 3783 1474 3844 8.
1521 3802 1584 3867 p.
1615 3797 1723 3866 37.
1769 3803 1910 3866 sqq.
1939 3780 2019 3844 cf.
2058 3781 2271 3845 Theo-

563 3886 799 3973 phrast.
855 3883 937 3949 de
996 3884 1205 3948 Senss.
1259 3906 1323 3970 p.
1375 3902 1474 3966 19.
1529 3904 1671 3968 sqq.
1716 3880 2077 3946 Aristotelis
2115 3885 2271 3949 Pro-

561 3988 814 4053 blemm.
842 3987 942 4051 11.
977 3989 1036 4051 6.
1067 4009 1132 4074 p.
1163 3985 1263 4069 89.
1297 4008 1436 4071 sqq.
1471 3984 1794 4072 Sylburgii
1816 4000 1878 4050 et
1910 3984 2264 4050 Alexandri

565 4088 800 4157 Probll.
831 4112 899 4177 p.
935 4108 1077 4174 259.
1115 4089 1260 4154 268.
1312 4087 1486 4174 Sylb.
1579 4089 1833 4151 Horum
1870 4086 2263 4175 aliorumque

564 4191 1084 4280 Philosophorum
1131 4190 1211 4254 de
1256 4189 1511 4255 Auditu
1564 4188 1817 4254 decreta
1856 4189 1920 4253 in
1965 4213 2258 4277 compen·

558 4297 732 4362 dium
761 4293 1144 4379 redegerunt
1178 4291 1463 4360 Galenus
1490 4291 1635 4356 hist.
1666 4290 1885 4378 philos,
1919 4315 1975 4355 c.
2007 4291 2259 4357 XXVI.

560 4397 884 4465 Plutarch.
915 4395 994 4461 de
1040 4394 1291 4459 Placitt.
1328 4393 1592 4459 Philoss.
1629 4394 1749 4458 IV.
1788 4395 1885 4456 16.
1916 4416 1982 4480 p.
2014 4414 2159 4478 901.
2190 4418 2257 4481 p.

556 4502 704 4587 636.
752 4522 843 4586 sq.
893 4497 1232 4585 Wyttenb.
1281 4496 1574 4562 Stobaeus
1623 4495 1892 4583 Eclogg.
1941 4496 2136 4584 Phys.
2197 4498 2253 4561 1.

554 4600 658 4684 56.
688 4613 756 4661 et
782 4612 893 4683 57.
923 4619 988 4684 p.
1029 4617 1215 4660 1110.
1256 4615 1443 4674 1112,
1479 4597 1671 4660 Heer.
1702 4607 1768 4659 et
1809 4595 2140 4660 Nemesius
2178 4598 2259 4660 de

553 4704 799 4766 Natura
844 4698 1139 4763 Hominis
1182 4721 1323 4786 cap.
1362 4718 1461 4762 10.
1512 4721 1575 4785 p.
1611 4718 1756 4783 199.
1797 4721 1888 4784 sq.
1937 4697 2035 4762 ed.
2079 4701 2253 4763 Mat-

556 4804 721 4868 thaei.
798 4802 900 4867 Cf.
960 4801 1190 4866 etiam:
1241 4799 1601 4865 Aristotelis
1656 4800 1737 4864 de
1794 4800 1927 4864 soni
1969 4816 2035 4864 et
2089 4802 2258 4865 vocis

553 4905 843 4970 humanae
872 4917 1099 4967 natura
1127 4917 1321 4990 atque
1363 4907 1539 4987 ortu)
1573 4902 1812 4966 theoria
1841 4925 1985 4989 exp.
2022 4903 2259 4989 Kreys-

554 5008 663 5095 sig.
696 5006 875 5094 Lips.
915 5021 1097 5091 1793.
1131 5019 1193 5071 et
1227 5004 1587 5070 Schneideri
1612 5003 1995 5070 Animadvv.
2026 5004 2091 5068 in
2126 5007 2251 5069 Ec-

553 5109 725 5199 logas
757 5107 1052 5196 Physicas
1078 5106 1161 5172 ab
1187 5107 1327 5195 ipso
1363 5107 1562 5172 editas
1603 5130 1667 5194 p.
1706 5109 1851 5172 168.
1896 5130 2035 5193 sqq.
2125 5107 2252 5185 Qui

553 5228 756 5275 tamen
788 5209 891 5274 hic
926 5232 1053 5274 non
1098 5209 1321 5297 magis,
1350 5232 1541 5297 quam
1585 5210 1650 5274 in
1691 5209 1829 5274 loco
1870 5209 1952 5274 de
1990 5208 2251 5289 visione,

2361 2149 2506 2213 bro:
2559 2149 2738 2213 Geist
2767 2148 2882 2211 der
2911 2148 3374 2234 Spekulativen
3404 2147 3808 2235 Philosophie
3839 2149 3978 2212 111.
4000 2172 4061 2236 p.

2358 2271 2512 2336 409,
2539 2249 2994 2314 Aristotelicam
3038 2248 3251 2313 dicens
3295 2248 3457 2313 hanc
3502 2251 3911 2314 sententiam:
3959 2273 4064 2315 ac-

2360 2362 2495 2418 tum
2520 2352 2892 2435 (ἐνέργειαν)
2913 2373 3044 2417 esse
3071 2351 3305 2429 lumen,
3330 2373 3454 2414 non
3480 2364 3687 2415 tamen
3717 2352 4070 2416 confirmari

2357 2452 2539 2518 addit
2565 2475 2701 2517 eam
2742 2452 3155 2516 recentiorum
3190 2452 3602 2539 Physicorum
3634 2452 4067 2518 examinibus:

2358 2551 2639 2617 nondum
2687 2567 2946 2617 noverat
2988 2551 3093 2616 ille
3135 2575 3232 2632 ea,
3262 2575 3409 2638 quae
3450 2552 3915 2640 ingeniosorum
3962 2575 4068 2617 na-

2358 2667 2520 2719 turae
2583 2670 3003 2720 scrutatorum
3065 2652 3709 2741 philosophorumque
3779 2652 4064 2717 acumine

2353 2779 2557 2844 nuper
2587 2755 2899 2843 explicata
2927 2769 3102 2835 sunt,
3132 2754 3213 2819 de
3240 2755 3477 2842 quibus
3505 2778 3633 2820 non
3652 2771 3938 2820 nostrum
3970 2771 4064 2820 est

2353 2860 2419 2924 h.
2438 2860 2483 2926 l.
2514 2882 2843 2948 exponere.

2438 2999 2529 3012 —
2566 2981 2659 3044 17.
2704 2960 2881 3026 Ἐπεὶ
2923 2962 3019 3025 καὶ
3066 2964 3120 3025 εΖ
3161 2961 3605 3027 πολλαπλασία
3644 2963 3682 3042 ἡ
3733 2963 4069 3032 ἀπόστασις

2353 3062 2449 3142 ἦν,
2478 3061 2515 3143 ἦ
2547 3067 2655 3127 νῦν
2686 3065 2816 3127 ἐστι
2844 3063 2991 3145 πρὸς
3019 3065 3168 3143 ἡμᾶς
3194 3068 3301 3127 τοῦ
3326 3065 3521 3143 ἡλίου,
3552 3065 3630 3146 ἦν
3658 3063 3735 3130 ἂν
3765 3066 3862 3130 καὶ
3889 3067 4067 3151 μέχρι

2358 3168 2485 3230 ἐκεῖ
2509 3166 2691 3253 ‹Mis-,J
2743 3165 3122 3252 Suspiceris:
3170 3167 3208 3245 ἡ
3260 3170 3367 3230 τοῦ
3406 3167 3616 3246 ἡλίους
3666 3167 3773 3232 sed
3820 3168 3884 3232 in
3931 3169 4069 3234 tali-

2356 3265 2477 3331 bus
2505 3265 2876 3353 elegantiam
2906 3265 2970 3331 in
3005 3267 3258 3332 Plotino
3277 3290 3444 3356 saepe
3466 3267 3801 3335 desideres.
3850 3269 4064 3336 Etiam

2352 3368 2434 3433 de
2463 3369 2761 3434 varietate
2791 3369 2892 3433 hic
2936 3369 3208 3434 breviter
3252 3369 3634 3435 monendum
3678 3394 3811 3436 esse
3842 3372 4062 3438 admo-

2355 3489 2506 3538 nent
2555 3473 2695 3537 hoec
2766 3473 3047 3538 Platonis
3101 3473 3164 3536 in
3218 3472 3541 3537 Phaedone
3587 3497 3653 3561 p.
3685 3476 3792 3540 61.
3845 3499 3901 3540 e.
3953 3477 4062 3542 ubi

2355 3576 2540 3640 etiam
2592 3575 2737 3639 solis
2788 3576 3023 3640 mentio
3064 3576 3175 3640 fit:
3238 3575 3376 3640 ἀλλ’
3427 3579 3498 3640 έν
3544 3579 3624 3663 τῷ
3667 3576 3846 3660 μέχρι
3889 3579 4064 3658 ἡλίου

2358 3683 2597 3757 δυσμῶν
2634 3680 2852 3763 χρόνῳ,
2901 3678 3010 3742 ubi
3057 3677 3396 3742 Heindorf.
3440 3700 3508 3763 p.
3540 3696 3660 3759 24:
3708 3679 3886 3763 μέχρι
3944 3703 4062 3768 pro

2355 3778 2616 3865 vulgato
2631 3779 2839 3862 μέχρις
2865 3803 2941 3843 ex
2976 3778 3544 3844 Grammaticorum
3567 3793 3887 3868 praecepto
3915 3805 4058 3848 cum

2356 3880 2565 3947 Codd.
2601 3884 2780 3967 Aug.
2809 3897 2873 3946 et
2905 3882 3076 3947 Tub.
3127 3881 3321 3964 (adde
3360 3882 3597 3967 Paris.)
3629 3882 3889 3947 dederat
3924 3885 4058 3971 jam

2714 3986 2751 4013 Ἃ

2353 3984 2711 4048 Fischerus.
2824 3986 2929 4050 Cf.
2963 3985 3230 4051 eundem
3272 3984 3354 4050 ad
3392 3987 3590 4072 Gorg.
3622 4009 3685 4074 p.
3724 4002 3866 4072 137.
3902 4002 3967 4053 et
3994 4011 4054 4075 p.

2356 4086 2499 4151 180.
2591 4090 2816 4173 Atque
2844 4087 2909 4151 in
2953 4088 3286 4176 Symposio
3329 4088 3585 4154 Bastius
3617 4102 3683 4154 et
3727 4088 4058 4155 Bekkerus

2349 4187 2649 4254 librorum
2690 4192 3063 4258 auctoritate
3090 4217 3155 4280 p.
3191 4212 3338 4259 210.
3381 4192 3697 4258 dederunt
3733 4193 3913 4278 μέχρι
3957 4197 4052 4258 ἐν.

2347 4297 2553 4358 ταῦθα.
2646 4293 2942 4359 Similiter
2994 4295 3341 4360 Stallbaum
3395 4296 3459 4360 in
3522 4295 3791 4360 Philebo
3846 4319 3913 4383 p.
3953 4298 4049 4361 18.

2347 4417 2411 4481 p.
2429 4414 2537 4480 39.
2558 4419 2595 4460 e
2619 4395 2871 4459 Stobaeo
2885 4396 3062 4479 μέχρι
3081 4395 3215 4463 ἑνὸς
3231 4418 3348 4482 pro
3366 4395 3592 4479 μέχρις.
3655 4399 3867 4483 Atque
3883 4396 4051 4462 idem

2347 4497 2442 4561 vir
2469 4497 2696 4562 doctus
2731 4497 2810 4561 ad
2856 4496 3240 4561 Phoedonem
3272 4520 3341 4584 p.
3383 4499 3524 4582 183.
3556 4496 3701 4562 licet
3728 4498 3875 4562 hinc
3904 4498 4052 4564 inde

2343 4622 2559 4664 omnes
2603 4599 2743 4665 libri
2784 4623 2929 4664 mss.
2964 4599 3247 4664 Platonis
3271 4599 3479 4682 μέχρις
3505 4599 3792 4679 offerant,
3824 4600 3888 4664 in
3934 4600 4052 4665 hoc

2345 4715 2552 4767 tamen
2602 4702 2902 4789 scriptore
2943 4700 3043 4766 vel
3086 4715 3231 4766 ante
3277 4701 3570 4766 Vocalem
3616 4724 3735 4788 pro
3774 4702 3952 4786 μέχρι
3986 4718 4049 4768 et

2343 4806 2485 4889 ἄχρι
2527 4820 2795 4892 pugnat.
2884 4803 3212 4868 Diversam
3274 4802 3460 4890 plane
3504 4803 3873 4868 sententiam
3918 4827 4048 4868 am-

2343 4905 2638 4991 plectitur
2689 4907 2909 4970 Loers.
2968 4904 3049 4969 ad
3109 4907 3537 4969 Menexenum
3595 4926 3661 4990 p.
3719 4920 3864 4990 155.
3955 4908 4047 4970 Et

2341 5031 2487 5073 vere
2515 5008 2669 5072 mihi
2696 5007 3131 5095 pronuntiasse
3150 5006 3403 5071 videtur
3426 5004 3703 5070 Lobeck.
3730 5006 3812 5069 ad
3834 5006 4041 5095 Phry-

2343 5109 2507 5175 nichi
2537 5110 2808 5196 Eclogg.
2846 5134 2909 5198 p.
2949 5130 3048 5191 14.
3082 5133 3176 5196 sq.
3208 5108 3305 5173 vel
3345 5108 3408 5173 in
3450 5106 3685 5174 Atticis
3720 5107 4040 5196 scriptori-

2338 5210 2459 5276 bus
2492 5218 2534 5251 “
2567 5212 2693 5276 utri
2723 5212 3139 5299 praerogativa
3170 5211 3500 5291 debeatur,
3529 5211 3595 5275 in
3621 5210 3921 5297 ambiguo
3946 5234 4041 5277 re-

554 5313 901 5380 Plotiniana
956 5312 1218 5377 curavit.
1310 5313 1540 5400 Neque
1588 5312 1700 5399 qui
1754 5312 2008 5401 proprie
2063 5311 2252 5377 hodie
2334 5311 3109 5399 linquendum”—nedum
3140 5313 3203 5378 in
3232 5311 3681 5378 recentioribus
3721 5312 4039 5400 scriptori·

552 5417 869 5491 dicuntur,
903 5414 1159 5501 Physici
1191 5413 1439 5501 reliqui,
1472 5414 1646 5501 quod
1676 5416 1889 5492 sciam,
1914 5413 2143 5479 Plotini
2169 5414 2250 5479 de

548 5518 678 5583 visu
698 5516 1054 5604 audituque
1071 5529 1135 5581 et
1156 5516 1411 5605 reliquis
1427 5517 1711 5583 sensibus
1725 5517 1972 5582 decreta
1991 5538 2134 5581 cum
2154 5539 2250 5580 re-

2337 5414 2478 5479 bus.
2569 5415 2870 5494 Proinde,
2904 5416 3047 5481 licet
3089 5415 3211 5481 hoc
3244 5415 3383 5480 loco
3421 5430 3488 5480 et
3523 5413 3658 5478 aliis
3701 5413 3864 5480 cod.
3896 5416 4032 5483 Ciz.

2335 5532 2401 5581 et
2429 5517 2759 5686 νῗῑίἰοὲιιί
2787 5518 2997 5602 μέχρις
3024 5517 3202 5596 dant,
3230 5518 3490 5582 fortasse
3513 5515 3749 5581 Plotini
3778 5539 4032 5584 manum
