5118 6613
1061 514 1188 578 216

1058 709 1126 774 p.
1159 685 1307 773 908.
1342 685 1575 750 Heer.:
1625 684 1764 769 Οὗχ
1798 685 1836 765 ἦ
1882 685 2028 766 αὖε-ἠ
2069 688 2199 751 ἐστι
2239 692 2454 752 πασῶν
2491 691 2611 751 τῶν
2648 692 2768 768 ψυ-

1060 794 1190 874 χῶν
1247 790 1523 853 κοινωνία
1580 787 1729 870 πρὸς
1778 791 1854 852 τὰ
1901 790 2167 869 σόματα,
2223 788 2361 855 ἀλλ’
2409 790 2447 869 ἡ
2495 792 2611 869 μὲν
2652 790 2768 870 ὅλη

1063 891 1268 973 ὥσπερ
1307 891 1403 956 καὶ
1443 892 1736 976 Πλωτίνῳ
1777 894 1955 965 δοκεῖ,
1988 890 2245 972 προσιὸν
2289 892 2434 971 αὐτῇ
2481 891 2549 955 τὸ
2596 898 2769 972 σῶμα

1067 991 1196 1077 ἔχει
1226 995 1295 1057 ἐν
1325 994 1524 1073 ἑαυτῇ,
1557 991 1694 1057 ἀλλ’
1737 992 1843 1057 οὐκ
1896 992 2041 1073 afa-ij
2083 993 2362 1074 πρόσεισι
2401 997 2481 1081 τῷ
2515 996 2765 1074 σώματι,

1063 1096 1200 1161 οὐδὲ
1236 1095 1579 1179 περιέχεται
1603 1091 1699 1159 ὑπ’
1733 1095 1932 1159 αὐτοῦ·
1982 1096 2045 1160 αἱ
2082 1096 2148 1160 δὲ
2189 1095 2467 1178 μερισταὶ
2506 1096 2765 1179 προσέρ-

1060 1230 1275 1289 χονται
1302 1209 1424 1272 τοῖς
1454 1204 1690 1283 σῶμασι
1721 1205 1818 1268 καὶ
1846 1210 1966 1268 τῶν
1994 1203 2287 1285 σωμάτων
2314 1206 2645 1288 γίγνονται,
2671 1206 2770 1271 καὶ

1060 1308 1189 1388 ἤδη,
1223 1305 1634 1389 κρατουμένων
1671 1311 1790 1371 τῶν
1818 1305 2109 1387 σωμάτων
2135 1306 2251 1371 ὑπὸ
2281 1311 2383 1387 τῆς
2411 1312 2517 1372 τοῦ
2543 1308 2769 1377 παντὸς

1061 1411 1302 1492 φύσεως
1358 1410 1770 1484 εἶσοικίζονται
1826 1410 1910 1476 είς
1966 1410 2116 1474 αὐτὰ
2172 1436 2222 1473 κ.
2247 1435 2298 1474 τ.
2318 1418 2382 1474 λ.
2473 1415 2572 1476 At
2620 1435 2768 1477 vero

1059 1512 1222 1576 hanc
1250 1533 1376 1576 non
1409 1532 1865 1598 usquequaque
1896 1511 2264 1577 sententiam
2304 1511 2501 1602 ipsius
2531 1514 2766 1580 Plotini

1057 1639 1191 1680 esse
1232 1627 1507 1701 arguunt
1557 1613 1882 1699 sequentia
1927 1614 2119 1702 hujus
2160 1615 2304 1680 libri
2349 1616 2579 1705 capita.
2656 1618 2764 1682 Cf.

1059 1717 1246 1784 etiam
1279 1715 1599 1804 Porphyr.
1629 1715 1710 1780 de
1743 1715 2068 1781 Gradibus
2099 1718 2389 1782 XXIX.
2427 1742 2493 1806 p.
2531 1737 2678 1806 230.

1147 1843 1210 1907 p.
1247 1820 1396 1903 718,
1432 1838 1535 1883 11.
1580 1819 1653 1883 οὔ
1692 1817 1813 1898 μὴν
1855 1817 1976 1883 οὔδ’
2024 1820 2102 1887 ὣς
2145 1822 2213 1885 ἐν
2257 1822 2484 1907 ἀγγείῳ
2516 1849 2567 1885 κ.
2592 1822 2760 1907 τ.λ.]

1062 1921 1461 2013 Porphyrius
1493 1920 1576 1985 de
1615 1919 1943 1985 Gradibus
1970 1944 2022 1985 c.
2058 1922 2352 1988 XXIX.
2388 1946 2454 2011 p.
2490 1943 2652 2011 230:
2698 1924 2769 1989 τὸ

1062 2028 1381 2106 ἆσῶματον
1408 2025 1484 2089 ἂν
1515 2025 1583 2088 ἐν
1613 2025 1841 2103 σῶματι
1869 2028 2233 2108 κατασχεθῇ,
2266 2026 2336 2089 οὐ
2366 2029 2765 2108 συγκλεισθῆ-

1063 2154 1162 2195 ναι
1191 2133 1299 2203 δεῖ,
1332 2128 1408 2194 ὣς
1438 2130 1507 2191 ἐν
1535 2126 1795 2211 ξωγρείῳ
1824 2126 2014 2207 θηρία.
2053 2131 2447 2209 συγκλεῖσθαι
2476 2129 2593 2209 γὰρ
2624 2128 2768 2192 αὐτὸ

1060 2232 1235 2297 οὐδὲν
1278 2231 1428 2294 οὕτω
1469 2230 1714 2294 δύναται
1752 2228 1850 2293 καὶ
1890 2235 2250 2310 περιλαβεῖν
2302 2236 2493 2310 σῶμα.
2535 2232 2660 2296 οὐδ’
2692 2232 2770 2299 ὦς

1060 2333 1244 2401 ἆσκὸς
1270 2333 1455 2415 ὑγρόν
1485 2357 1542 2396 τι
1583 2331 1746 2395 ἕλκει
1782 2327 1819 2409 ἢ
1858 2335 2110 2412 πνεῦμα.
2146 2330 2284 2396 ἀλλ’
2317 2332 2460 2396 αὐτὸ
2500 2337 2597 2398 δεῖ
2618 2335 2765 2398 ὑπο-

1059 2439 1279 2516 στῆσαι
1298 2431 1572 2513 δυνάμεις
1607 2432 1907 2514 ῥέπουσας
1946 2432 2064 2498 ἀπὸ
2108 2437 2209 2512 τῆς
2250 2433 2398 2516 πρὸς
2426 2434 2571 2499 αὐτὸ
2620 2437 2765 2500 ἐνώ-

1062 2563 1216 2607 σεως
1245 2539 1328 2604 εἷς
1356 2535 1425 2600 τὸ
1457 2535 1589 2614 ἔξω,
1623 2535 1715 2601 αῖς
1752 2536 1818 2597 δὲ
1860 2534 2062 2598 κατιὸν
2090 2534 2493 2613 συμπλέκεται
2534 2541 2616 2622 τῷ
2645 2538 2763 2601 σό-

1056 2661 1216 2720 ματι·
1262 2636 1334 2703 δι’
1362 2636 1658 2704 ἐκτάσεως
1686 2636 1794 2699 οῦν
1824 2635 2134 2717 ἆρρήτουῆ
2165 2640 2248 2704 εἷς
2276 2644 2449 2718 σῶμα
2472 2641 2761 2721 σύνερξις.

1061 2741 1176 2806 Διὸ
1208 2739 1327 2805 οὐδ’
1358 2740 1515 2803 ἄλλο
1558 2737 1701 2802 αὐτὸ
1745 2743 1986 2802 καταδεῖ
2024 2736 2162 2802 ἀλλ’
2195 2738 2339 2803 αὐτὸ
2387 2742 2580 2805 ἑαυτό.
2627 2741 2767 2807 οὐδὲ

1058 2843 1193 2906 λύει
1241 2842 1444 2904 τοίνυν
1491 2841 1789 2920 θραυσθέν
1833 2838 1902 2903 τὸ
1950 2845 2122 2920 σῶμα
2169 2840 2267 2905 καὶ
2326 2841 2577 2924 φθαρέν.
2625 2843 2763 2909 ἀλλ’

1060 2943 1204 3009 αὐτὸ
1236 2940 1411 3007 ἑαυτὸ
1442 2943 1715 3023 στραφὲν
1746 2942 1811 3005 ἐκ
1839 2945 1941 3021 τῆς
1967 2945 2397 3023 προπαθείας.
2473 2944 2765 3032 Tangere

1059 3058 1274 3109 autem
1323 3042 1614 3109 Plotinus
1655 3044 1910 3111 videtur
1954 3046 2325 3133 Epicureos,
2373 3049 2485 3135 qui
2536 3073 2767 3138 corpus

1057 3147 1333 3213 animam
1365 3162 1668 3233 tanquam
1700 3170 1810 3213 vas
1851 3147 2033 3212 aliam
2081 3150 2403 3214 materiam
2449 3152 2766 3218 continere

1058 3250 1368 3317 docebant
1412 3263 1567 3315 teste
1611 3249 1805 3339 Diog.
1858 3250 2110 3317 Laertio
2153 3252 2239 3318 X.
2277 3254 2363 3336 64
2385 3277 2404 3334 3
2451 3253 2533 3318 ad
2575 3279 2762 3342 quem

1058 3352 1312 3420 consule
1353 3354 1728 3441 Menagium
1769 3377 1837 3442 p.
1865 3357 2018 3440 463.
2047 3355 2127 3420 cf.
2161 3360 2396 3421 Annot.
2441 3357 2523 3422 ad
2554 3360 2767 3445 proxi-

1058 3481 1222 3523 mam
1254 3457 1550 3546 paginam
1582 3473 1776 3521 nostr.
1806 3458 1954 3544 387.
1987 3460 2069 3524 E.

1145 3584 1212 3649 p.
1241 3578 1391 3645 720,
1419 3578 1477 3625 2.
1511 3561 1618 3626 οῦκ
1639 3560 1714 3625 ἂν
1734 3561 1968 3643 ἔφαμεν
1988 3563 2096 3640 τὴν
2116 3561 2326 3646 ψυχὴν
2349 3565 2417 3627 ἐν
2434 3567 2514 3651 τῷ
2540 3565 2769 3644 σώματι

1061 3663 1271 3752 εἶναι]
1347 3661 1453 3727 Cf.
1513 3676 1730 3727 annot.
1794 3661 1878 3727 ad
1937 3685 2082 3750 pag.
2146 3663 2414 3750 praeced.
2473 3666 2626 3750 386.
2685 3666 2763 3730 F.

1059 3765 1345 3831 Achilles
1376 3765 1608 3829 Tatius
1639 3768 1808 3852 Isag.
1843 3765 1909 3829 in
1935 3765 2111 3830 Arati
2142 3767 2535 3832 Phaenomm.
2566 3791 2621 3832 c.
2658 3787 2761 3854 13:

1058 3869 1463 3935 Ποσειδώνιος
1501 3869 1567 3933 δὲ
1606 3868 1852 3949 ἀγνοεῖν
1880 3867 2018 3934 τοὺς
2043 3866 2486 3951 Ἐπικουρείους
2517 3870 2656 3953 ἔφη.
2689 3871 2768 3937 ὦς

1059 3971 1196 4035 οὔτε
1228 3969 1305 4052 (f.
1333 3970 1404 4033 οὐ
1431 3972 1507 4033 τὰ
1537 3967 1806 4052 Bakius)
1840 3971 2088 4049 σώματα
2116 3974 2222 4038 τὰς
2263 3975 2468 4056 ψυχὰς
2498 3973 2763 4057 συνέχει,

1061 4070 1199 4136 ἀλλ’
1245 4073 1308 4136 αἱ
1346 4073 1545 4154 ψυχαὶ
1586 4074 1662 4135 τὰ
1690 4072 1957 4150 σώματα·
2009 4074 2210 4154 ὥσπερ
2241 4075 2337 4137 καὶ
2365 4076 2402 4153 ἦ
2434 4076 2628 4139 κόλλα
2671 4076 2767 4140 καὶ

1063 4175 1278 4254 ἑαυτὴν
1318 4174 1413 4238 καὶ
1452 4178 1528 4239 τὰ
1577 4172 1745 4241 ἐκτὸς
1789 4180 2008 4255 κρατεῖ.
2073 4173 2220 4238 Vid.
2265 4176 2587 4241 Posidonii
2632 4179 2764 4243 Re-

1062 4277 1213 4364 liqq.
1244 4274 1379 4340 Ed.
1412 4274 1597 4339 Bakii
1629 4298 1695 4363 p.
1722 4277 1829 4360 65.
1860 4299 2005 4362 quae
2032 4275 2124 4340 ita
2151 4277 2339 4342 vertit
2369 4294 2432 4343 et
2475 4278 2763 4344 illustrat.

1063 4378 1599 4466 Wyttenbachius
1628 4377 1784 4443 ibid.
1814 4400 1882 4466 p.
1909 4397 2053 4464 273.
2079 4402 2207 4466 sq.:
2260 4387 2305 4418 “
2328 4379 2371 4444 i.
2392 4405 2444 4445 e.
2476 4403 2601 4445 non
2634 4404 2768 4446 cor-

1059 4504 1217 4569 pora
1243 4479 1481 4546 animas
1507 4480 1854 4561 continent,
1886 4481 1996 4546 sed
2040 4481 2266 4547 animae
2299 4506 2584 4571 corpora.
2677 4485 2769 4548 Et

1064 4582 1326 4647 verbum
1384 4582 1668 4666 συνέχειν
1710 4583 2036 4670 proprium
2086 4583 2201 4648 hac
2244 4583 2309 4648 in
2353 4608 2443 4664 re,
2488 4607 2769 4666 servare,

1061 4688 1399 4766 ematinere,
1427 4686 1763 4762 sustinere,
1789 4707 1868 4749 ne
1889 4687 2265 4751 dilabantur
2287 4712 2309 4751 .·
2353 4701 2417 4754 et
2447 4687 2769 4774 placitum,

1065 4802 1139 4852 ut
1188 4808 1331 4850 vere
1391 4783 1813 4862 Platonicum,
1867 4810 1906 4850 a
1963 4787 2300 4854 Platonicis
2358 4790 2767 4856 celebratum.

1066 4887 1395 4954 Maximus
1426 4887 1670 4974 Tyrius
1705 4887 1852 4953 XV.
1883 4908 1947 4973 5.
1977 4912 2044 4976 p.
2074 4893 2234 4974 169:
2285 4895 2339 4957 εἰ
2367 4896 2484 4975 γὰρ
2521 4897 2604 4978 τῷ
2649 4894 2767 4956 σώ-

1064 5015 1204 5072 ματι
1261 4992 1341 5076 τῷ
1393 4990 1577 5071 φύσει
1634 4990 2006 5078 φθειρομένῳ
2061 4993 2128 5073 (ᾗ
2167 4994 2367 5077 ψυχὴ)
2408 4993 2661 5076 παρέχει
2701 4993 2770 5057 τὸ

1065 5093 1147 5174 μὴ
1190 5091 1564 5174 φθείρεσθαι,
1613 5090 1761 5171 ἡνίκ’
1794 5091 1870 5157 ἂν
1909 5093 2055 5172 αὐτῇ
2095 5097 2266 5173 συνῇ,
2296 5098 2533 5157 πολλοῦ
2567 5119 2641 5175 γε
2683 5097 2780 5158 δεῖ

1069 5201 1369 5282 φθαρῆναι
1427 5194 1631 5275 αὐτήν.
1719 5196 1831 5260 Ἐν
1887 5200 2036 5276 γοῦν
2078 5199 2148 5276 τῇ
2208 5196 2502 5261 συστάσει
2544 5196 2614 5260 τὸ
2658 5200 2771 5278 μὲν

1070 5306 1243 5379 σῶμα
1270 5297 1611 5380 συνέχεται,
1642 5297 1679 5377 ἦ
1708 5299 1774 5361 δὲ
1803 5296 1972 5381 ψυχὴ
2002 5297 2267 5381 συνέχει.
2317 5301 2371 5362 εἰ
2412 5300 2478 5363 δὲ
2525 5300 2622 5363 καὶ
2663 5299 2773 5378 τὴν

1068 5401 1278 5484 ψυχὴν
1309 5400 1514 5482 ἔτερόν
1557 5424 1614 5463 τι
1651 5399 1915 5482 συνέχει,
1959 5401 2124 5464 ἀλλὰ
2154 5400 2235 5480 μὴ
2281 5401 2426 5481 αὐτὴ
2463 5401 2666 5480 αὐτ-ἦν’
2715 5403 2779 5467 τί

1071 5508 1245 5569 τοῦτο
1285 5503 1455 5568 ἔσται
1486 5502 1582 5567 καὶ
1614 5503 1702 5569 τίς
1731 5500 1806 5566 ἂν
1836 5500 2147 5581 ἐπινοήσαι
2184 5503 2394 5587 ψυχὴν
2421 5507 2661 5587 ψυχῆςς
2710 5531 2766 5571 κ.

2051 514 2909 580 ANNOTATIONES
2957 515 3069 580 IN
3117 514 3557 581 PLOTINI

2849 712 2901 750 τ.
2924 686 3027 753 λ.”
3119 686 3422 774 Sequitur
3473 685 3574 750 hic
3611 685 3744 773 ipse
3774 684 3948 750 locus
3978 684 4409 761 Plotinianus;
4454 687 4557 751 cui

2851 791 3272 879 subjiciuntur
3301 788 3699 878 Porphyrius
3725 803 3789 853 et
3832 788 4190 853 Numenius
4217 811 4322 877 ap.
4357 790 4564 855 Euse-

2851 894 3025 958 bium
3058 893 3122 958 in
3159 893 3231 959 P.
3254 894 3340 957 E.
3376 893 3513 958 XI.
3544 914 3610 980 p.
3633 893 3782 978 556.
3811 906 3876 956 et
3905 892 4051 956 XV.
4079 915 4148 980 p.
4182 892 4350 979 8193
4398 893 4552 958 Plu·

2854 996 3111 1062 tarchus
3129 998 3365 1076 Quaest.
3389 995 3680 1061 Platonn.
3705 1019 3767 1081 p.
3805 1012 3989 1061 1002.
4015 996 4090 1059 B.
4116 993 4551 1084 Olympiodor.

2853 1099 2918 1164 in
2952 1098 3199 1165 Platon.
3249 1099 3557 1164 Phaedon.
3598 1096 3762 1163 Cod.
3793 1097 3846 1162 1.
3880 1120 3950 1185 p.
3983 1113 4088 1182 74.
4151 1095 4556 1187 Augustinus

2853 1201 2935 1267 de
2964 1201 3330 1281 Quantitate
3362 1201 3606 1266 Animae
3637 1202 3728 1265 T.
3762 1200 3822 1265 I.
3852 1223 3917 1288 p.
3948 1219 4104 1287 322.
4136 1203 4246 1267 &c

2938 1327 3006 1392 p.
3039 1320 3188 1389 720,
3225 1324 3326 1369 11.
3368 1303 3484 1371 Ὧς
3509 1305 3623 1385 μὲν
3650 1307 3768 1389 γαρ
3811 1303 4219 1386 πλωτὴρ-ὧς
4246 1306 4313 1369 δέ
4343 1312 4550 1388 κυβερ-

2852 1407 3317 1489 νήτην-ὤσπερ
3363 1408 3401 1487 ἦ
3456 1405 3628 1491 ψυχὴ
3674 1408 3742 1471 ἐν
3797 1410 3878 1493 τῷ
3922 1407 4204 1495 σάματι]
4279 1406 4550 1494 Taylor:

2855 1517 2899 1551 ‘⁶
2930 1511 3062 1575 For
3089 1509 3196 1575 the
3238 1507 3421 1596 pilot,
3451 1531 3522 1573 so
3549 1508 3648 1572 far
3675 1530 3744 1572 as
3781 1506 3863 1572 he
3899 1506 3953 1573 is
3993 1530 4034 1572 a
4074 1508 4281 1588 sailor,
4312 1508 4435 1573 will
4472 1509 4551 1574 be

2853 1612 3015 1677 from
3060 1609 3343 1677 accident
3384 1633 3425 1676 a
3465 1609 3626 1698 pilot
3662 1611 3727 1674 in
3776 1609 3883 1674 the
3927 1609 4086 1697 ship.
4177 1611 4314 1676 But
4354 1612 4413 1676 if
4446 1610 4551 1678 the

2855 1712 2992 1779 soul
3021 1714 3075 1778 is
3102 1726 3353 1802 present
3383 1711 3531 1776 with
3556 1710 3664 1777 the
3692 1710 3865 1798 body
3883 1711 3946 1775 in
3972 1710 4081 1777 the
4102 1734 4270 1778 same
4296 1736 4552 1780 manner

2855 1840 2924 1883 as
2981 1815 3089 1881 the
3140 1814 3298 1904 pilot
3355 1814 3537 1881 alone
3582 1813 3730 1880 with
3780 1813 3888 1879 the
3942 1813 4107 1904 ship,
4146 1814 4286 1880 how
4328 1817 4383 1881 is
4433 1816 4553 1883 this

2855 1919 3170 1985 affected?
3216 1919 3348 1983 For
3377 1918 3484 1983 the
3528 1916 3684 2006 pilot
3725 1916 3780 1981 is
3807 1929 3919 1982 not
3948 1916 4013 1980 in
4044 1915 4126 1981 all
4158 1918 4267 1983 the
4296 1917 4458 2007 ship,
4487 1919 4549 1983 in

2858 2021 2963 2087 the
2993 2044 3161 2087 same
3189 2043 3448 2086 manner
3473 2043 3543 2086 as
3573 2019 3681 2084 the
3720 2018 3859 2084 soul
3902 2019 3955 2083 is
3993 2018 4056 2083 in
4089 2019 4171 2085 all
4204 2020 4313 2087 the
4354 2022 4552 2110 ship.”

2857 2128 3003 2212 Ego
3030 2147 3107 2189 ex
3138 2123 3418 2212 probatis
3444 2122 3620 2189 libris
3647 2122 3923 2212 primum
3956 2122 4101 2188 dedi
4147 2126 4214 2190 ἐν
4249 2126 4404 2213 αὐτῷ·
4435 2148 4551 2214 pro

2858 2230 2926 2293 ἐν
2955 2228 3121 2309 αὐτῇ.
3213 2228 3437 2314 Atque
3474 2225 3633 2291 illud
3677 2226 3884 2313 ipsum
3927 2227 4276 2316 conjecerat
4317 2232 4552 2295 Censor

2857 2332 3138 2395 Batavus
3165 2328 3454 2394 editionis
3486 2327 3693 2417 pecul.
3725 2328 3961 2394 Plotini
4000 2329 4081 2394 de
4127 2330 4411 2412 Pulcrit„
4442 2334 4552 2421 qui

2853 2433 2951 2498 vir
2979 2433 3203 2499 doctus
3230 2431 3534 2520 sagaciter
3560 2432 3729 2497 hunc
3751 2431 3958 2497 locum
3982 2433 4291 2520 conjectat
4310 2435 4549 2500 restitui

2854 2560 3072 2625 posse:
3122 2538 3198 2606 ὦς
3241 2539 3353 2617 μὲν
3398 2539 3515 2620 γδρ
3551 2536 3796 2618 πλωτὴρ
3848 2538 3998 2600 κατὰ
4043 2537 4429 2617 συμβεβηκὸς
4477 2537 4551 2602 ἂν

2854 2644 2944 2722 εἴη
2996 2642 3064 2705 ἐν
3110 2640 3265 2726 αὐτῷ
3328 2640 3444 2721 (sc.
3491 2642 3571 2725 τῷ
3624 2639 3905 2723 σώματι)
3955 2639 4033 2705 ὥς
4079 2640 4147 2703 δὲ
4194 2639 4548 2721 κυβερνήτης

2850 2748 3010 2816 πῶςς
3060 2741 3197 2806 οὐδὲ
3240 2743 3358 2822 γὰρ
3387 2743 3456 2805 ἐν
3488 2738 3655 2819 πάσῃ
3686 2739 3787 2820 νηῒ
3809 2741 3843 2803 ὁ
3874 2739 4255 2822 κυβερνήτης,
4287 2743 4488 2823 ὥσπερ
4512 2743 4550 2822 ἦ

2851 2844 3024 2929 ψυχὴ
3057 2846 3125 2910 ἐν
3150 2848 3230 2930 τῷ
3261 2844 3512 2924 σώματι.
3578 2842 3786 2920 Quam
3815 2864 3936 2929 ego
3964 2843 4265 2907 rationem
4288 2843 4550 2910 indicavi

2850 2947 2914 3011 in
2950 2945 3230 3012 versione
3260 2944 3513 3024 Latina,
3540 2944 3631 3008 ita
3659 2958 3889 3022 tamen,
3916 2958 3990 3010 ut
4018 2944 4403 3011 Ficinianam
4424 2970 4551 3012 ver-

2852 3048 3086 3114 sionem
3117 3046 3302 3112 simul
3347 3047 3643 3112 intactam
3685 3045 4397 3134 relinquerem.—Sicut
4437 3072 4545 3114 au-

2853 3166 2981 3217 tem
3009 3148 3375 3216 Aristoteles
3408 3148 3648 3238 priores
3675 3148 3813 3213 illos
3843 3149 4063 3214 modos
4102 3151 4551 3238 conjunctionis

2852 3253 3078 3320 animae
3124 3275 3267 3318 cum
3328 3275 3589 3340 corpore
3635 3266 3961 3318 enumerat
4002 3253 4067 3317 in
4114 3253 4434 3341 Physicis:
4468 3255 4554 3322 ita

2852 3357 3017 3423 idem
3063 3356 3145 3421 de
3188 3355 3417 3419 Anima
3459 3355 3562 3420 lib.
3613 3356 3673 3419 1.
3717 3378 3856 3441 cap.
3900 3374 3966 3441 3.
4009 3378 4075 3443 p.
4108 3376 4168 3441 9.
4232 3356 4552 3446 Sylburgii

2852 3462 2943 3526 ita
2964 3464 3249 3544 ε-διχῶς
3289 3460 3355 3523 δὲ
3395 3457 3741 3537 κινουμένου
3767 3460 4009 3527 παντός·
4054 3456 4091 3538 ἢ
4120 3462 4238 3543 γὰρ
4268 3461 4395 3526 καθ’
4428 3464 4551 3529 ἐτε-

2850 3589 2980 3647 ρον,
3011 3560 3048 3643 ἢ
3078 3560 3203 3627 καθ’
3237 3563 3400 3626 αὑτό·
3451 3560 3577 3625 καθ’
3603 3561 3809 3642 ἕτερον
3837 3563 3902 3624 δὲ
3929 3560 4213 3644 λέγομεν,
4234 3564 4356 3629 ὅσα
4378 3572 4550 3632 κινεῖ-

2851 3692 2950 3732 ται
2992 3669 3073 3753 τῷ
3121 3667 3188 3730 ἐν
3232 3663 3554 3750 κινουμένῳ
3592 3663 3745 3728 εῖναι
3784 3663 3915 3728 οῖον
3955 3668 4279 3748 πλωτῆρες·
4325 3669 4398 3733 οὔ
4439 3673 4553 3753 γὰρ

2854 3771 3068 3851 ὁμοίως
3120 3772 3416 3834 κινοῦνται
3457 3769 3539 3853 τῳ
3587 3767 3782 3852 πλοίῳ
3824 3766 3894 3830 τὸ
3935 3770 4048 3847 μὲν
4090 3770 4208 3851 γὰρ
4252 3771 4380 3835 καθ’
4411 3771 4552 3837 αὐτὸ

2854 3876 3118 3945 κινεῖται,
3148 3873 3207 3934 οῖ
3246 3871 3313 3934 δὲ
3355 3872 3435 3956 τῷ
3475 3870 3545 3933 ἐν
3572 3871 3654 3955 τῷ
3698 3868 4018 3954 κινουμένῳ
4059 3869 4232 3937 εῖναι.
4281 3876 4467 3952 δῆλον
4495 3875 4550 3939 δ’

2854 3974 2953 4039 ἐπὶ
2981 3979 3100 4038 τῶν
3125 3973 3368 4054 μορίων·
3415 3972 3605 4035 οίκεία
3630 3972 3746 4050 μὲν
3772 3970 3890 4053 γάρ
3920 3972 4051 4036 ἐστι
4078 3973 4323 4053 κίνησις,
4354 3982 4551 4041 ποδῶν

2851 4076 3055 4157 βάσις·
3104 4077 3249 4154 αὕτη
3278 4076 3343 4138 δέ
3380 4074 3476 4137 καὶ
3519 4074 3866 4155 ἀνθρώπων·
3913 4073 4028 4157 οὐχ
4054 4074 4310 4160 ὑπάρχει
4339 4079 4406 4142 δὲ
4432 4085 4554 4148 τοῖς

2852 4181 3161 4259 πλωτῆρσι
3188 4178 3344 4250 τότε,
3379 4180 3555 4259 διχῶς
3594 4176 3702 4240 οῦν
3727 4174 4062 4257 λεγομένου
4102 4182 4212 4241 τοῦ
4243 4185 4549 4257 κινεῖσθαι,

2856 4283 2964 4345 νῦν
3008 4280 3446 4357 ἐπισκοποῦμεν
3473 4278 3611 4359 περὶ
3643 4280 3863 4360 ψυχῆς,
3898 4280 3952 4341 εἶ
3990 4275 4117 4342 καθ’
4148 4279 4332 4360 αὑτὴν
4377 4289 4547 4348 κινεῖ-

2853 4406 2950 4445 ται
2981 4380 3075 4445 καὶ
3102 4379 3344 4463 μετέχει
3372 4379 3671 4459 κινήσεως.
3748 4377 3921 4442 Hinc
3949 4379 4222 4467 exempli
4249 4383 4389 4469 ejus
4416 4384 4553 4450 fons

2853 4481 3225 4569 intelligitur
3259 4481 3427 4546 unde
3455 4480 3686 4545 ductus
3714 4480 3816 4544 sit.
3903 4481 4127 4568 Atque
4154 4482 4237 4549 de
4259 4484 4379 4550 hoc
4406 4488 4554 4552 Ari-

2856 4584 3093 4650 stotelis
3140 4584 3429 4671 exemplo
3477 4583 3679 4648 multa
3734 4582 4062 4671 disputant
4116 4584 4312 4675 hujus
4368 4588 4554 4657 inter-

2855 4701 3084 4776 pretes.
3175 4686 3348 4751 Illud
3395 4709 3593 4751 unum
3633 4686 3863 4752 addam
3908 4686 4210 4776 Simplicii
4238 4713 4317 4755 ex
4345 4713 4550 4779 prooe.

2856 4790 2983 4855 mio
3025 4791 3090 4853 in
3137 4790 3382 4854 Corum.
3415 4788 3720 4853 librorum
3757 4788 3838 4853 de
3881 4789 4121 4855 Anima
4144 4795 4418 4860 ι-ἆλλᾶ
4460 4798 4556 4863 καὶ

2854 4892 2925 4957 τὸ
2982 4894 3246 4975 ὄργανον
3293 4893 3498 4973 ἕτερον
3542 4896 3649 4955 τοῦ
3688 4892 4017 4975 χρωμένου.
4065 4895 4164 4958 καὶ
4209 4896 4557 4983 ἐντελέχεια

2861 4996 2957 5058 καὶ
2984 4994 3053 5057 τὸ
3082 4996 3412 5077 χρώμενον,
3444 4995 3522 5062 ὥς
3565 4995 3598 5056 ὁ
3635 4993 3878 5076 πλωτὴρ
3909 4998 4013 5075 τῆς
4038 4998 4205 5063 νεός.
4250 4999 4412 5079 διττὴ
4440 5004 4556 5085 γὰρ

2857 5096 2895 5175 ἦ
2926 5096 3296 5179 ἐντελέχεια·
3338 5096 3376 5175 ἡ
3404 5098 3517 5176 μὲν
3543 5093 3669 5160 καθ’
3692 5096 3769 5176 ἥν
3788 5098 3919 5161 ἐστι
3948 5101 4108 5165 ναῦς·
4150 5099 4187 5179 ἦ
4216 5098 4265 5164 δ’
4291 5101 4370 5168 ὥς
4395 5115 4556 5168 πλω-

2857 5196 2980 5280 τήρ.
3073 5196 3464 5263 lamblichus
3489 5219 3593 5285 ap.
3626 5198 3806 5264 Stob.
3837 5198 3902 5262 in
3937 5198 4204 5288 Eclogg.
4236 5201 4463 5291 Physs.
4500 5208 4556 5273 I.

2856 5317 2964 5385 52.
2997 5314 3103 5385 37.
3137 5321 3200 5387 p.
3233 5301 3381 5385 916.
3431 5299 3621 5363 Heer.
3666 5316 4073 5388 posteaquam
4121 5301 4378 5383 Plotini,
4427 5322 4562 5372 tan.

2859 5423 3051 5488 quam
3089 5401 3153 5466 in
3198 5400 3513 5489 prioribus
3558 5400 3896 5467 Platonicis
3932 5404 4246 5484 censendi,
4294 5409 4556 5476 mentio-

2857 5526 2999 5569 nem
3029 5503 3199 5584 fecit,
3227 5504 3317 5570 ita
3343 5504 3586 5592 pergit:
3633 5505 3743 5586 ἤδη
3773 5508 3975 5570 τοίνυν
4002 5507 4039 5587 ἦ
4067 5510 4281 5592 χρῆσις
4308 5513 4417 5573 τοῦ
4445 5515 4563 5579 σό-
