5118 6613
1549 535 1862 600 INDEX
1906 535 2252 600 RERUM
2299 535 2427 599 ET
2473 535 3023 602 VERBORUM.

559 709 865 773 celestium
893 706 1289 768 immortalitas
1316 705 1580 767 astruitur

1543 807 1653 865 203

561 871 869 933 caelestium
898 891 1032 929 usus
1058 870 1264 947 duplex
1542 889 1655 946 232

562 953 875 1014 celestibus
901 952 1069 1011 vitam
1103 952 1374 1045 derogare
1411 971 1527 1010 non
1570 964 1657 1011 est

1308 1032 1431 1092 Fic·
1460 1054 1517 1112 p·
1539 1049 1653 1109 353

682 1114 823 1174 0012».
850 1133 1013 1173 voces
1039 1113 1185 1173 inter
1212 1133 1273 1173 se
1299 1114 1477 1172 edunt
1535 1132 1657 1188 400

563 1210 741 1257 coetus
807 1194 1123 1255 animarum
1191 1195 1655 1255 intellectualium

639 1297 772 1337 cum
799 1277 939 1336 ideis
965 1275 1293 1336 mirabiliter
1319 1275 1616 1416 copulatgg

1626 1377 1645 1416 1

561 1453 815 1500 centrum
841 1458 915 1497 an
942 1458 1011 1496 eo
1033 1442 1212 1515 majus
1232 1436 1486 1507 unicum,
1502 1438 1653 1517 quod

639 1521 710 1579 ab
737 1540 806 1580 eo
836 1520 1139 1579 multitudo
1166 1519 1436 1578 linearum
1466 1521 1605 1578 fluat

639 1034 906 1174 Ehilosop
870 1032 967 1112 phi

560 1135 639 1176 coe

562 1681 903 1762 Chrysippus
927 1681 1025 1741 fati
1054 1679 1293 1742 caelestis
1319 1601 1653 1740 assert0550

1307 1762 1425 1822 Fic.
1455 1784 1511 1839 p.
1535 1779 1648 1840 405

560 1844 859 1924 Chrysippi
879 1843 1070 1922 opinio
1088 1844 1159 1903 de
1174 1844 1291 1903 fato
1319 1845 1367 1903 F
1369 1844 1439 1902 ic.
1463 1863 1649 1922 ρ.402

560 1925 1002 1985 Christianorum
1033 1925 1090 1983 in
1126 1925 1394 2005 religione
1433 1945 1659 1984 conser-

636 2008 820 2067 vanda
844 2006 1231 2085 aequanimitas
1257 2019 1316 2066 et
1336 2006 1654 2065 constantia

1305 2089 1423 2147 Fic.
1455 2107 1511 2164 p.
1530 2092 1650 2162 408

556 2170 703 2228 circa
719 2170 906 2229 Deum
934 2188 1156 2250 semper
1175 2168 1529 2228 revolvuntur
1548 2170 1650 2227 ho-

637 2252 818 2309 mines
1536 2250 1648 2327 767

556 2329 905 2390 circumcisio
956 2330 1213 2390 Mosaica
1270 2330 1567 2410 diligenter
1617 2351 1652 2390 a

635 2414 672 2470 J
677 2412 849 2472 udaeis
874 2414 1166 2472 observata
1303 2411 1417 2470 Fic.
1447 2432 1507 2491 p.
1529 2414 1649 2485 408

557 2492 705 2553 circa
762 2494 1182 2553 concretionem
1239 2504 1298 2551 et
1358 2492 1649 2552 discretio·

637 2594 768 2634 nem
802 2586 944 2654 quot
977 2574 1371 2655 contingentia
1411 2593 1647 2632 concur-

638 2668 765 2715 rant
1530 2656 1647 2729 640

555 2735 837 2797 circularis
866 2749 1055 2795 motus
1082 2755 1182 2815 per
1208 2735 1468 2796 accidens
1496 2736 1649 2794 loca·

638 2817 705 2877 lis
731 2830 818 2876 est
1536 2834 1642 2893 107

554 2898 839 2958 circularis
868 2913 1055 2958 motus
1081 2897 1262 2977 qualis
1288 2916 1388 2977 per
1413 2917 1475 2956 se
1570 2898 1645 2957 ib.

554 2979 728 3039 civilis
754 2978 926 3039 virtus
1576 2998 1596 3037 1
1609 2997 1642 3054 3

555 3061 745 3121 civiles
774 3063 1003 3121 virtutes
1029 3080 1199 3139 quare
1228 3080 1341 3120 non
1371 3059 1430 3118 in
1458 3058 1565 3118 deo

1341 3142 1460 3200 Fic.
1490 3161 1543 3220 p.
1575 3161 1647 3219 19

553 3221 740 3282 civiles
766 3222 994 3283 virtutes
1020 3222 1212 3302 quales
1568 3222 1645 3282 ib.

556 3304 866 3364 Clementis
920 3304 1304 3384 apostolorum
1355 3302 1647 3365 sectatoris

634 3386 705 3444 de
732 3387 849 3445 fsto
876 3385 1215 3467 astrologico
1241 3384 1525 3445 sententia

1294 3466 1412 3526 Fic.
1444 3487 1500 3544 p.
1527 3466 1643 3540 408

554 3546 821 3642 cogitatio
848 3548 986 3627 quid
1526 3565 1640 3626 405

554 3627 820 3709 cogitatio
849 3630 1069 3688 intenta
1088 3648 1189 3689 cur
1210 3627 1380 3688 dividi
1403 3641 1647 3708 nequeat

554 3789 819 3869 cogitatio
847 3790 1049 3849 animae
1076 3791 1298 3871 propria
1528 3727 1642 3868 39}

554 3871 819 3952 cogitatio
848 3872 982 3950 quid
1566 3871 1640 3931 ib.

553 3952 907 4032 cogitationis
935 3952 1179 4013 officium
1568 3952 1643 4011 ib.

552 4033 800 4113 cognitio
828 4033 961 4112 quid
1342 4034 1459 4093 Fic.
1486 4054 1542 4113 p.
1563 4035 1643 4108 46

549 4113 799 4194 cognitio
824 4127 1033 4174 aeterna
1057 4127 1118 4174 et
1143 4115 1465 4195 temporalis

1329 4196 1379 4253 F
1380 4195 1450 4255 ic
1480 4216 1536 4275 p.
1560 4211 1593 4272 5
1611 4215 1634 4254 1

549 4275 797 4357 cognitio
825 4289 1018 4336 nostra
1043 4278 1152 4336 tria
1176 4276 1603 4354 comprehendit

1295 4357 1414 4417 Fic.
1444 4378 1500 4437 p.
1524 4358 1597 4434 65
1604 4376 1638 4433 3

548 4438 794 4534 cognitio
820 4438 906 4498 sui
933 4437 1110 4518 ipsius
1136 4459 1206 4500 ex
1229 4437 1433 4498 animae
1451 4439 1642 4518 cogni-

627 4523 784 4579 tione
810 4522 1021 4599 pendet
1294 4519 1409 4579 Fic.
1442 4541 1498 4599 p.
1522 4520 1636 4596 685

549 4600 795 4681 cognitio
836 4622 936 4680 per
962 4599 1385 4661 similitudinem
1424 4601 1639 4680 perfici·

548 4695 899 4842 cognitiones
938 4776 998 4822 et
1031 4761 1385 4822 conditiones
1412 4775 1553 4841 quot
1581 4775 1642 4823 et

625 4862 748 4923 <1¹¹oe
1522 4861 1638 4920 730

547 4942 827 5004 cognosce
854 4936 911 4985 te
939 4925 1146 5006 ipsum,
1173 4944 1313 5003 quos
1340 4925 1642 4984 admoneat

546 5105 887 5166 cognoscere
912 5086 1043 5165 quid
1073 5086 1148 5145 sit
1519 5024 1635 5165 {gi

544 5187 893 5247 cognoscens
921 5189 983 5227 se
1009 5168 1193 5247 ipsum
1223 5165 1428 5246 duplex
1516 5187 1638 5246 499

542 5267 891 5328 cognoscens
910 5251 992 5308 vis
1019 5248 1097 5307 rei
1124 5249 1532 5329 cognoscendae
1562 5249 1636 5307 si-

624 5329 770 5388 milis
1295 5330 1412 5389 Fic.
1443 5350 1500 5409 p.
1530 5348 1640 5405 ι24

539 5428 888 5550 cgfinoscens
915 5430 976 5470 se
1002 5410 1187 5489 ipsum
1216 5411 1382 5491 quale
1517 5412 1636 5488 496

540 5510 572 5549 0
653 5511 759 5551 ι2ιο
786 5494 1053 5551 durorum
1091 5511 1388 5572 corporum
1416 5511 1514 5551 cur
1541 5511 1635 5551 ca-

622 5572 796 5632 lorem
800 5573 1018 5668 gignat
1291 5573 1410 5631 Fic.
1438 5592 1495 5651 p.
1522 5591 1588 5632 21
1601 5590 1633 5650 5

537 5653 694 5713 color
709 5654 814 5713 ab
799 5673 929 5735 igne
945 5653 1311 5734 proficiscitur
1331 5655 1447 5713 Fic.
1460 5674 1513 5732 p.
1523 5673 1545 5713 1
1561 5672 1631 5729 72

1737 708 1892 767 color
1918 727 1986 767 ex
2014 706 2231 766 lumine
2488 709 2610 769 Fic.
2640 732 2696 790 p.
2724 727 2828 786 173

1735 790 1986 848 colorum
2018 788 2372 868 pulchritudo
2758 809 2832 867 53

1735 871 1924 930 colore
1951 891 2065 929 uno
2091 871 2267 929 tincta
2304 892 2405 931 cur
2433 872 2653 930 minora
2680 871 2832 931 vide·

1817 966 1981 1011 antur
2000 952 2088 1022 iis,
2113 972 2235 1031 quae
2262 952 2541 1012 coloribus
2569 952 2835 1013 distincta

1817 1047 1952 1091 sunt
2484 1032 2603 1093 Fic.
2636 1056 2689 1112 p.
2714 1053 2820 1110 341

1735 1114 1986 1174 colorum
2013 1114 2298 1174 distinctio
2490 1115 2612 1173 Fic.
2638 1136 2693 1193 p.
2724 1134 2823 1190 131

1735 1195 1986 1255 colorum
2014 1196 2229 1255 flosculi
2712 1215 2828 1272 422

1736 1290 1971 1336 cometoe
1996 1276 2283 1372 generatio
2487 1276 2604 1336 Fic.
2637 1298 2693 1355 p.
2719 1295 2787 1354 17
2792 1293 2825 1355 5

1734 1359 2057 1417 communia
2085 1356 2281 1417 mundi
2309 1378 2431 1437 quae
2487 1360 2608 1416 Fic.
2636 1379 2690 1435 p.
2712 1361 2829 1434 348

1734 1441 2078 1578 compassio
2080 1439 2355 1498 resultat'
2341 1459 2411 1578 13
2431 1439 2596 1498 nobis
2635 1446 2830 1579 0κὸῇο-

1734 1540 2412 1695 comlribtaiiglrilmcoaerpudiitlini
2451 1614 2514 1660 ut
2556 1604 2669 1670 fiat,
2702 1541 2829 1681 opii9

1815 1681 2013 1741 niones
2043 1696 2153 1742 tres
2482 1682 2601 1741 Fic.
2634 1704 2687 1762 p.
2709 1700 2827 1759 330

1733 1763 2072 1842 compositio
2112 1764 2170 1822 in
2204 1763 2419 1823 mundo
2461 1764 2826 1823 intellectuali

1813 1856 1871 1903 et
1898 1844 2143 1904 sensibili
2482 1844 2599 1903 Fic.
2631 1866 2686 1924 p.
2714 1846 2825 1904 268

1731 1925 2108 2005 compositum
2142 1926 2370 2005 quando
2413 1939 2642 2004 praestat
2680 1926 2828 1986 acci·

1811 2026 1941 2086 pere
1961 2028 2124 2086 quam
2149 2008 2387 2066 sormam
2416 2022 2515 2066 aut
2537 2009 2826 2147 materi6am

2752 2108 2822 2148 22

2714 2187 2821 2246 173

1729 2168 2028 2247 compositi
2057 2183 2240 2249 partes
2267 2171 2391 2229 duae

1730 2250 2043 2328 composita
2094 2271 2220 2329 quoe
2272 2264 2423 2320 sunt,
2476 2251 2625 2309 unde
2685 2270 2824 2309 con-

1810 2343 1964 2389 stent
2706 2347 2820 2408 557

1728 2411 2045 2490 composita
2095 2411 2470 2492 intelligibilia
2523 2411 2739 2472 diversa
2791 2432 2826 2471 a

1809 2492 2092 2572 corporeis
2712 2496 2822 2552 160

1728 2574 2046 2653 composita
2071 2594 2169 2632 cur
2195 2573 2414 2633 solvant
2478 2573 2599 2635 Fic.
2630 2595 2684 2652 p.
2711 2592 2813 2651 171

1727 2655 2165 2734 compositorum
2193 2675 2489 2734 corporum
2522 2655 2670 2713 actio

2477 2736 2596 2796 Fic.
2627 2758 2683 2815 p.
2704 2737 2824 2813 506

1726 2815 2168 2955 commitorum
2225 2816 2532 2957 di⁸⁸⁰¹⁰tiss
2572 2838 2686 2876 non
2735 2830 2824 2877 est

1807 2917 1863 2955 m
2518 2919 2593 2958 ιο.
2750 2918 2778 2957 2

1727 2978 2166 3058 compositorum
2197 2977 2461 3038 resolutio
2622 2919 2680 2977 p
2702 2918 2822 3057 528

1726 3074 2034 3119 concentus
2063 3059 2261 3119 musici
2286 3079 2451 3120 voces
2492 3060 2610 3120 Fic.
2628 3081 2687 3140 p
2706 3081 2819 3136 240

1726 3140 2114 3219 conceptionis
2157 3142 2293 3200 hora
2340 3142 2410 3200 ad
2445 3139 2819 3214 judicandum

1807 3221 1932 3282 vitae
1960 3241 2185 3281 cursum
2213 3222 2361 3283 valet
2387 3222 2693 3302 plurimum

2471 3306 2592 3365 1²10.
2621 3325 2677 3384 p.
2706 3324 2816 3382 223

1723 3399 2032 3526 ωἳωιίἷυε
2070 3386 2276 3465 gradus
2304 3388 2592 3465 quomodo
2621 3387 2821 3526 (100ζί-

1845 3487 1918 3527 en
1958 3479 2082 3526 atur
2741 3486 2760 3525 ι
2805 3511 2818 3524 .

1724 3547 2181 3628 concupiscentia
2206 3567 2273 3608 ex
2302 3550 2633 3608 necessitate
2655 3546 2802 3607 inest

2703 3646 2733 3686 2
2783 3631 2818 3689 8

1722 3709 2008 3770 concretio
2048 3723 2108 3767 et
2147 3709 2412 3769 discretio
2453 3720 2643 3768 motus
2686 3648 2820 3768 205οι

1803 3792 1876 3850 ab
1903 3789 2026 3849 aliis
2054 3792 2301 3849 motibus
2335 3803 2506 3869 atque
2533 3788 2816 3868 qualitati-

1804 3873 1908 3931 bus
1934 3871 2251 3930 differentes
2696 3872 2818 3945 640

1722 3951 2192 4031 concupiscentiae
2220 3972 2322 4012 cur
2345 3951 2469 4010 duae
2495 3964 2781 4029 ponantur

2747 4052 2768 4091 ι

1723 4113 2191 4193 concupiscentiae
2248 4112 2611 4174 incitamenta
2666 4052 2817 4174 1ιῖἀί

1800 4194 2053 4254 οι·ἰ2οιιιι·
2738 4195 2814 4254 ib.

1721 4277 2300 4369 concupiscentiarum
2332 4274 2588 4354 potentia
2700 4294 2816 4353 234

1719 4356 2154 4438 concupiscendi
2180 4356 2457 4417 facultatis
2477 4358 2797 4437 depravatio

2696 4456 2815 4515 304

1718 4518 2154 4599 concupiscendi
2180 4521 2264 4579 vis
2290 4519 2517 4598 quaudo
2543 4519 2628 4578 vel
2669 4532 2815 4578 tem·

1798 4620 2002 4679 perans
2022 4600 2103 4660 vel
2133 4601 2513 4680 intemperans
2541 4600 2605 4657 F.
2626 4620 2682 4678 p.
2702 4603 2814 4678 196

1717 4682 2018 4741 concordia
2044 4695 2104 4740 et
2130 4680 2407 4741 discordia
2433 4699 2620 4739 rerum
2699 4683 2814 4758 256

1716 4762 1971 4822 conditio
1999 4775 2191 4821 nostra
2217 4763 2363 4822 haud
2392 4760 2737 4840 deploranda

2469 4842 2587 4903 Fic.
2616 4863 2672 4921 p.
2695 4843 2814 4902 626

1717 4923 2066 4983 conditiones
2127 4923 2466 4984 attributivoe
2525 4925 2814 5001 quomodo

1798 5005 2135 5066 conveniant
2194 5005 2463 5084 subjectis
2524 5005 2688 5064 rebus
2756 5017 2816 5064 et

1798 5086 2038 5153 aeternis,
2063 5089 2291 5146 tandem
2319 5084 2514 5166 primae
2541 5084 2800 5145 essentiae

2696 5185 2809 5243 742

1714 5249 2003 5308 confluxus
2018 5267 2204 5307 rerum
2221 5250 2327 5308 sub
2343 5248 2479 5307 caelo
2501 5247 2618 5307 Fic.
2631 5266 2687 5325 p.
2692 5268 2811 5325 409

1715 5329 2038 5410 conjugium
2068 5349 2170 5408 per
2190 5328 2490 5408 septimum
2520 5329 2593 5387 ab
2615 5349 2810 5389 ascen-

1793 5412 1964 5471 dente
1991 5411 2212 5490 signum
2243 5409 2658 5490 praenunciatur

2461 5491 2523 5549 F
2510 5511 2579 5549 ιο
2611 5512 2667 5569 p.
2697 5510 2811 5568 209

1713 5571 1987 5631 connexio
2016 5591 2199 5631 rerum
2230 5573 2486 5630 omnium

2211 5651 2327 5711 Fic.
2358 5673 2414 5732 p.
2441 5671 2576 5728 234.
2604 5665 2664 5711 et
2690 5653 2804 5731 695

3886 557 4012 624 423

2915 728 3258 770 connexaene
3284 708 3403 769 sint
3427 710 3577 769 inter
3602 728 3664 769 se
3692 728 3779 769 res
3805 730 4004 770 omnes

3895 810 4008 867 232

2913 872 3263 931 consuetudo
3281 873 3456 932 altera
3475 886 3673 932 natura
3691 870 3811 932 Fic.
3826 893 3879 950 p.
3892 892 4011 951 409

2915 954 3262 1012 consuetudo
3279 954 3482 1032 quibus
3499 956 3665 1014 rebus
3680 966 3907 1014 constet
3934 954 4009 1013 ib.

2914 1034 3335 1093 consuetudinis
3362 1033 3446 1094 vis
3934 1034 4008 1095 ib.

2914 1116 3235 1174 constantia
3258 1134 3444 1174 rerum
3473 1116 3728 1176 omnium
3759 1116 3908 1174 unde

3667 1198 3782 1257 Fic.
3814 1217 3871 1276 p.
3896 1216 3915 1255 1
3939 1215 4003 1274 ¹7

2913 1275 3191 1334 contraria
3216 1276 3379 1335 sola
3366 1298 3423 1335 in
3452 1297 3514 1337 se
3540 1277 3773 1338 invicem
3804 1292 3982 1357 agunt

3888 1376 3919 1435 3
3936 1378 3957 1417 ι
3972 1379 4002 1419 2

2911 1439 3278 1498 contrarietas
3305 1440 3590 1518 quomodo
3619 1441 3716 1499 fiat
3931 1458 4003 1518 77

2910 1519 3322 1579 contrarietatis
3349 1520 3706 1581 definitiones
3731 1521 3857 1580 duae

3663 1600 3782 1661 Fic.
3812 1621 3868 1681 p.
3896 1620 4006 1677 130

2909 1680 3192 1739 contraria
3217 1702 3341 1759 quae
3933 1702 4005 1760 77

2908 1762 3316 1840 contemplatio
3377 1763 3712 1843 principium
3770 1776 3831 1823 et
3882 1763 4008 1823 finis

2989 1856 3076 1901 est
3101 1844 3356 1902 omnium
3659 1843 3776 1904 Fic.
3806 1866 3862 1924 p.
3887 1847 4004 1922 627

2909 1925 3313 2002 contemplatio
3342 1925 3468 1985 finis
3495 1925 3782 2005 agentium

3656 2007 3775 2066 Fic.
3806 2026 3862 2084 p.
3886 2026 4001 2083 443

2907 2085 3314 2166 contemplatio
3344 2086 3808 2166 philosophorum
3843 2089 3915 2147 ab
3943 2109 4003 2148 a·

2988 2166 3189 2226 liorum
3219 2169 3352 2247 quid
3381 2168 3659 2248 discrepet
3884 2186 3957 2247 55
3974 2190 3995 2228 ι

2907 2249 3309 2327 contemplatio
3356 2248 3545 2308 divina
3590 2270 3703 2327 quo
3748 2250 4004 2325 subjecto

2988 2328 3215 2399 nitatur,
3263 2341 3323 2388 et
3374 2330 3433 2389 in
3482 2331 3633 2409 quod
3685 2329 4003 2406 subjectum

2986 2423 3117 2490 »εει
3256 2490 3269 2504 .
3354 2491 3367 2505 .
3699 2492 3712 2505 .
3882 2428 3999 2489 ⁵⁵2

2904 2491 3400 2572 contemplationis
3425 2506 3855 2572 proeparauones
3876 2514 4002 2572 quae

2985 2584 3045 2631 et
3071 2585 3212 2650 quot
3924 2573 4001 2634 ib.

2903 2653 3402 2733 contemplationis
3443 2655 3608 2713 ardor
3634 2654 3784 2713 unde
3825 2654 4001 2714 facul·

2986 2747 3159 2793 tatem
3189 2734 3427 2814 accipiat
3454 2735 3836 2815 perscrutandi
3864 2738 3998 2796 sub-

2984 2814 3205 2874 limiora
3884 2818 4002 2910 556

2903 2896 3400 2976 contemplationis
3419 2917 3765 2978 progressus,
3777 2897 4000 2958 initium

2983 2991 3043 3037 et
3070 2978 3344 3038 terminus
3371 2979 3658 3057 quomodo
3686 2992 4005 3039 statuantur

2903 3140 3397 3220 contemplationis
3433 3141 3620 3201 nullus
3656 3062 4000 3201 terminuss56

2903 3303 3446 3383 contemplationem
3529 3305 3722 3364 omnia
3796 3325 3995 3364 conse-

2983 3399 3255 3463 quuntur,
3277 3384 3377 3443 sed
3397 3383 3612 3444 diversa
3635 3385 3851 3445 ratione
3878 3404 3994 3462 343

2901 3464 3440 3544 contemplationem
3468 3464 3661 3524 omnia
3687 3478 3966 3545 appetunt

3922 3547 3998 3607 ib.

2900 3625 3395 3706 contemplationis
3420 3625 3613 3686 omnia
3638 3639 3773 3685 sunt
3876 3630 3996 3704 348

2900 3707 3375 3786 contemplamina
3399 3706 3718 3767 intellectus
3744 3707 3877 3787 quid

3649 3789 3765 3849 Fic.
3792 3809 3853 3868 p.
3877 3790 3992 3865 627

2899 3869 3371 3947 contemplatores
3398 3888 3569 3963 quare
3594 3869 3795 3929 diversi
3878 3891 3950 3949 55
3968 3891 3991 3931 1

2898 3950 3407 4029 contemplantium
3455 3949 3659 4010 animae
3708 3971 3840 4011 cum
3886 3954 3996 4012 AE-

2978 4031 3265 4111 thiopibus
3281 4046 3618 4112 comparatae
3635 4045 3867 4093 venusta
3882 4034 3996 4093 col-

2978 4112 3186 4172 latione
3918 4115 3992 4175 ib.

2897 4193 3362 4289 contingentiaad
3377 4195 3705 4255 utrumlibet
3723 4196 3789 4255 F.
3808 4216 3863 4274 p.
3875 4198 3995 4271 406

2897 4275 3285 4368 contingentia
3308 4275 3456 4335 circa
3481 4296 3607 4354 qua‘.
3646 4278 3765 4335 Fic.
3796 4298 3853 4357 p.
3875 4297 3992 4353 402

2899 4355 3286 4436 contingentia
3312 4377 3346 4416 a
3370 4358 3499 4415 Deo
3530 4357 3876 4436 permittitur

3651 4439 3770 4497 Fic.
3798 4460 3855 4517 p.
3874 4459 3989 4516 403

2898 4517 3285 4611 contingentia
3312 4517 3385 4576 ad
3414 4520 3801 4579 necessitatem
3831 4521 3995 4580 redu·

2976 4597 3123 4657 citur
3648 4601 3766 4659 Fic.
3794 4621 3850 4680 p.
3873 4621 3995 4677 404

2896 4678 3289 4773 contingentia
3324 4678 3383 4738 in
3413 4680 3711 4760 agentibus
3738 4683 3992 4742 volunta-

2975 4759 3073 4819 riis
3101 4761 3455 4854 potissimum
3644 4762 3761 4821 Fic.
3792 4785 3847 4843 p.
3873 4766 3992 4839 406

2896 4841 3288 4921 contingentia
3313 4843 3464 4901 unde
3491 4854 3753 4902 nascatur

3647 4923 3765 4983 Fic.
3793 4944 3850 5003 p.
3871 4943 3993 5000 404

2895 5000 3340 5082 contingentiam
3369 5023 3403 5061 2
3428 5005 3559 5062 Deo
3584 5004 3823 5064 alienam
3874 5022 3991 5081 744

2894 5084 3232 5179 contingens
3247 5083 3495 5142 medium
3513 5084 3648 5162 quid
3668 5086 3786 5144 Fic.
3801 5106 3855 5164 p.
3870 5105 3991 5161 404

2894 5167 3292 5224 continuorum
3318 5164 3551 5243 ‚species
3578 5186 3690 5244 qua
3723 5165 3985 5226 differen-

2976 5244 3057 5304 tia
3083 5245 3436 5305 inveniantur
3869 5249 3986 5324 627

2893 5344 3202 5385 convexum
3231 5341 3290 5387 et
3315 5347 3622 5387 concavum
3651 5329 3785 5406 quid

3640 5408 3759 5468 Fic.
3791 5432 3847 5503 p.
3870 5429 3987 5488 307

2893 5493 3258 5569 conjunctum
3279 5490 3566 5569 quomodo
3589 5490 3848 5551 molestia
3868 5494 3989 5551 affi-

2970 5572 3151 5629 ciatur
3948 5594 3989 5646 4

2890 5650 3081 5710 coralli
3112 5650 3193 5710 vis
3650 5652 3767 5713 Fic.
3792 5674 3850 5734 p.
3875 5673 3990 5730 234
