5118 6613
1395 536 1600 601 LIB.
1636 535 1734 605 LI.
1783 534 2245 601 ENNEAD.
2293 533 2689 599 SEXTAE.
2737 557 2804 623 p.
2841 536 3288 617 1114—1128.

591 722 867 776 escentes
917 707 1000 773 ad
1048 730 1186 773 eam
1238 708 1580 774 versionem
1637 704 2283 775 accommodavimus:

587 814 873 877 eocietate
899 814 1071 876 inter
1096 813 1461 899 sejunctis.
1553 812 1733 877 Infra
1763 811 1883 875 VI.
1913 830 1976 896 3.
2017 831 2113 876 10.
2144 811 2280 876 init.

587 938 651 1003 p.
680 918 826 1001 625.
850 915 935 979 Α.
967 913 1201 1002 legitur
1227 915 1684 980 substantivum
1719 915 2108 994 συνδυασμός.

3949 557 4077 626 347

2373 711 2580 772 πᾶσαν
2610 708 2880 772 εὐτονίαν
2909 710 3150 791 ἀγαθῶν
3181 707 3392 791 ἔργων.
3453 708 3501 773 J
3504 733 3564 774 0.
3588 707 4074 797 chrysostomus

2374 808 2617 874 Homil.
2654 810 2749 875 X.
2790 833 2853 897 p.
2882 812 3032 896 387.
3060 810 3145 875 D.
3176 834 3238 898 p.
3270 830 3330 877 2.
3373 809 3471 876 ed.
3505 811 3835 877 Matthaei:
3886 816 4073 880 εἴδετε

2368 909 2471 976 τὸν
2500 911 2758 994 γέροντα
2785 913 2880 976 καὶ
2911 912 3073 977 νέον.
3121 912 3376 996 γέροντα
3399 911 3511 995 μὲν
3537 919 3619 1002 τῷ
3649 916 3898 997 σώματι,
3928 916 4069 982 νέον

670 1042 740 1106 p.
766 1036 957 1104 1123,
992 1019 1054 1083 8.
1086 1019 1285 1085 ἄλλως
1314 1020 1378 1082 δὲ
1411 1018 1711 1092 ἑκάστους,
1746 1016 2028 1084 ἑκάστους
2054 1019 2120 1080 δὲ
2147 1016 2282 1084 τοὺς
2369 1013 2435 1078 δὲ
2478 1019 2559 1102 τῷ
2605 1004 2954 1097 φρονήματι.
3035 1018 3242 1080 Εἴδετε
3284 1020 3507 1081 πολιᾶν
3550 1017 3926 1098 ἀκμάζουσαν
3971 1021 4069 1085 καὶ

581 1122 718 1206 μὲν]
763 1121 866 1186 Sic
894 1143 970 1184 ex
996 1120 1176 1184 Med.
1200 1121 1289 1185 A.
1317 1119 1589 1207 vestigiis
1616 1143 1761 1184 cum
1793 1118 1927 1183 Fic.
1961 1116 2280 1207 posuimus
2365 1121 2550 1199 γῆρας
2577 1119 2756 1182 τόνον
2785 1124 3155 1200 σφριγῶντα.
3204 1118 3330 1183 Ubi
3364 1118 3653 1184 Mattbaei
3683 1119 3933 1208 conjicit
3962 1121 4063 1187 vel

582 1246 697 1311 pro
725 1226 928 1291 ἄλλως
956 1225 1044 1299 δὲ,
1078 1226 1144 1288 ἐκ
1173 1225 1238 1287 δὲ
1270 1223 1553 1291 ἑκάστους
1580 1224 1715 1290 τοὺς
1740 1221 1872 1303 μέν.

2365 1223 2546 1301 γῆρας
2573 1217 2677 1284 τὸν
2706 1224 2847 1285 νοῦν
2877 1228 3152 1304 σφριγῶν
3184 1221 3404 1307 (quam
3443 1222 3860 1310 conjecturam
3899 1248 4058 1312 quo-

662 1347 786 1414 p..1
808 1345 953 1408 124,
983 1341 1048 1412 5.
1096 1328 1366 1412 ἐνεργείᾳ
1408 1325 1680 1408 ἔσονται]
1725 1324 1859 1390 Fic.
1889 1321 2192 1411 expressit
2214 1338 2279 1388 et
2361 1320 2698 1387 dammodo
2725 1322 2973 1388 firmare
3001 1322 3306 1410 potuisset
3333 1323 3452 1388 hoc
3482 1323 3715 1390 Plotini
3756 1326 3913 1406 loco,
3945 1329 4058 1393 ubi

578 1428 641 1493 in
675 1427 860 1494 Med.
880 1431 969 1494 A.
1000 1428 1336 1494 correxisse
1366 1427 1614 1492 videtur
1643 1427 1931 1511 ἐνέργεια.

661 1570 750 1582 -
776 1552 877 1618 13.
926 1532 1021 1597 καὶ
1049 1533 1180 1596 οἷον
1209 1537 1553 1615 σφριγῶσαι
1583 1531 1678 1595 καὶ
1707 1532 1939 1610 ἀληθῶς
1967 1528 2266 1618 δυνάμεις]

578 1635 839 1724 Proprie
867 1634 948 1700 de
974 1634 1339 1721 corporibus
1370 1649 1709 1720 usurpatur
1736 1632 2039 1712 Verbum,
2068 1647 2141 1696 ut
2168 1656 2268 1721 ap.

2363 1425 2586 1489 mentis
2614 1424 2775 1490 vires
2804 1432 3149 1510 σφριγῶσαι
3178 1426 3505 1512 dicuntur)
3539 1426 3675 1492 vel:
3723 1430 3915 1512 γήρως
3955 1433 4057 1495 τό-

2363 1553 2470 1592 νον
2499 1536 2864 1612 σφριγῶντα.
2928 1529 3137 1594 Possis
3165 1531 3353 1594 etiam
3384 1529 3717 1618 suspicari:
3752 1532 3849 1596 καὶ
3874 1536 4059 1615 γῆρας

2359 1631 2608 1700 εὐτόνως
2642 1639 2917 1716 σφριγῶν
2949 1632 3061 1715 (cf.
3095 1632 3320 1698 Plotin.
3354 1656 3420 1720 p.
3447 1636 3631 1720 691.)
3663 1633 3759 1698 vel
3792 1636 4051 1701 εὔτονον.

580 1736 819 1802 Platon.
851 1738 1059 1826 Legg.
1093 1738 1229 1802 IX.
1277 1738 1426 1818 840.
1458 1740 1545 1801 A.
1594 1759 1654 1824 p.
1688 1737 1789 1822 98.
1823 1734 2066 1800 Bekk.:
2113 1736 2273 1801 πολὺ
2361 1733 2486 1798 Sed
2516 1735 2661 1801 nolo
2689 1735 3002 1801 hariolari.

577 1841 778 1906 κάκιον
817 1841 980 1922 ἦσαν
1014 1840 1470 1921 πεπαιδευμένοι
1514 1843 1618 1907 τᾶς
1661 1841 1885 1922 ψυχᾶς,
1917 1842 1992 1902 τᾶ
2037 1841 2103 1903 δὲ
2149 1841 2268 1904 ‹ms-

572 1968 729 2022 ματα
769 1944 926 2008 πολὺ
965 1947 1203 2024 μᾶλλον
1252 1948 1641 2025 σφριγῶντες,
1683 1963 1870 2029 quem
1919 1940 2124 2005 locum
2169 1964 2268 2005 re-

572 2045 776 2133 spexit
805 2045 1090 2110 Timaeus
1123 2045 1186 2109 in
1222 2046 1382 2110 Lex.
1430 2069 1493 2133 p.
1531 2063 1673 2126 244.
1706 2044 1814 2109 ubi
1846 2043 2269 2109 Ruhnkenius

569 2148 649 2213 de
676 2148 870 2236 hujus
898 2148 1069 2213 verbi
1099 2172 1219 2213 usu
1247 2148 1494 2236 egregie
1524 2147 1835 2236 exposuit.
1919 2146 2042 2211 Cui
2064 2147 2268 2234 junge

569 2274 737 2316 nunc
779 2250 1303 2339 elegantissimum
1335 2250 1590 2315 Jacobs.
1623 2250 1705 2315 ad
1737 2249 2097 2316 Philostrati
2128 2251 2264 2314 Im·

567 2377 713 2442 agg.
757 2377 825 2442 p.
853 2355 1005 2440 587.
1049 2369 1112 2418 et
1157 2353 1499 2442 praesertim
1544 2377 1613 2441 p.
1646 2356 1792 2438 665.
1824 2376 1917 2439 sq.
1983 2351 2263 2417 Sufficiat

570 2456 870 2523 nonnulla
924 2456 1154 2522 addere
1210 2455 1479 2520 maxime
1531 2479 1610 2520 ex
1659 2455 1911 2543 optimis
1958 2454 2262 2520 Ecclesiae

569 2559 996 2647 scriptoribus:
1032 2558 1347 2645 Diogenes
1367 2581 1468 2645 ap.
1491 2558 1664 2623 Stob.
1687 2555 1902 2622 Floril.
1914 2558 1989 2622 T.
2012 2557 2256 2621 XXIX.

566 2684 631 2749 p.
655 2680 802 2745 207.
833 2685 899 2749 p.
923 2680 1024 2747 23.
1060 2659 1418 2726 Gaisford.:
1469 2661 1564 2724 καὶ
1592 2664 1666 2724 τᾶ
1695 2660 1941 2740 σώματα
1970 2664 2257 2742 διεφθαρ-

563 2762 776 2843 μένους
803 2760 918 2828 ὑπὸ
945 2768 1167 2847 τρυφῆς
1197 2766 1264 2828 ἐν
1292 2768 1414 2831 τοῖς
1440 2763 1787 2846 γυμνασίοις
1832 2763 1926 2827 καὶ
1962 2769 2085 2831 τοῖς
2123 2788 2256 2828 πει-

560 2868 853 2948 ρατηρίοις
894 2870 1198 2931 διαπονεῖν
1242 2867 1338 2931 καὶ
1382 2865 1657 2950 ἰσχυροὺς
1697 2871 1892 2930 ποιεῖν
1937 2867 2032 2930 καὶ
2075 2875 2255 2949 σφρι-

565 2975 812 3051 γῶντας.
872 2968 1225 3033 Herodian.
1259 2969 1402 3033 111.
1441 2988 1536 3054 13.
1574 2988 1675 3049 14.
1706 2991 1772 3055 p.
1796 2985 1957 3051 747:
2007 2969 2261 3052 ἀφηνία-

560 3079 662 3147 ζον
683 3074 749 3135 δὲ
779 3073 875 3136 καὶ
899 3072 1251 3136 ἐπεδίδοσαν
1275 3074 1358 3139 εἰς
1386 3069 1453 3136 τὸ
1478 3077 1702 3155 χεῖρον·
1734 3071 1838 3136 ἅτε
1862 3073 1927 3135 δὲ
1953 3071 2127 3155 (fort.
2155 3073 2254 3158 δὴ)

564 3174 800 3242 νεανίας
826 3180 1221 3258 σφριγῶντας,
1256 3175 1350 3238 καὶ
1377 3172 1493 3238 ὑπὸ
1515 3178 1836 3254 βασιλικῆς
1875 3175 2147 3254 ἐξουσίας
2175 3178 2258 3244 εἷς

559 3276 758 3345 πάσας
782 3278 1010 3358 ἡδονῶν
1032 3276 1253 3360 ὀρέξεις
1285 3276 1599 3358 ἀπλήστως
1629 3277 2019 3361 ὁρμωμένους.
2066 3277 2252 3344 Philo

557 3381 603 3443 J
610 3379 720 3444 ud.
744 3378 826 3444 de
850 3380 1087 3445 Mundi
1111 3380 1286 3468 Opif.
1313 3403 1378 3467 p.
1403 3400 1506 3460 14.
1555 3382 1771 3468 Marg.
1796 3403 1858 3468 p.
1877 3400 1984 3463 40.
2046 3382 2250 3447 Pseiff.

559 3482 638 3548 de
664 3482 972 3570 piscibus:
1023 3484 1119 3548 καὶ
1156 3486 1232 3547 τᾶ
1268 3486 1381 3564 μὲν
1411 3483 1572 3569 εὐδίᾳ
1606 3488 1856 3568 σφριγᾷ,
1888 3488 1963 3549 τὰ
2001 3486 2067 3549 δὲ
2109 3487 2247 3551 κλύ-

559 3591 697 3651 δωνι
742 3587 837 3651 καὶ
880 3588 1227 3667 κνματῶσει.
1322 3585 1455 3651 Ubi
1499 3586 1674 3672 quod
1720 3586 1926 3652 Codd.
1965 3590 2245 3675 August.

557 3688 800 3753 addunt
830 3691 1000 3776 ἀφρῷ
1029 3687 1337 3776 glossema
1363 3688 1611 3753 videtur
1633 3713 1668 3753 e
1691 3711 1886 3777 marg.
1919 3689 2246 3756 intrusum.

559 3796 786 3876 σφριγᾷ
831 3814 980 3856 vero
1024 3814 1146 3855 non
1198 3791 1468 3856 debebat
1514 3792 1669 3857 verti
1710 3793 2097 3858 delectantur
2140 3796 2250 3860 sed

554 3896 957 3960 roborantur.
1045 3894 1413 3981 Respondet
1449 3894 1610 3959 enim
1651 3895 1934 3983 proxime
1978 3901 2246 3980 κραταιό-

559 3996 697 4079 τερά
743 3996 812 4061 τέ
859 4000 988 4062 ἐστι
1034 3996 1127 4080 (in
1173 3997 1323 4064 edit.
1354 3997 1558 4063 Pfeiff.
1609 3997 1767 4063 falso
1810 3998 2110 4087 scriptum
2155 4016 2250 4066 est

556 4099 971 4183 κρατερότερά)
1015 4103 1163 4164 ἐστι.
1256 4100 1568 4165 Absolute
1612 4100 1692 4164 de
1736 4123 1879 4165 sene
1922 4103 2247 4168 maceriam

556 4202 962 4268 transsiliente
1005 4202 1446 4269 Theodoretus
1491 4203 1662 4268 Hist.
1709 4202 1920 4290 Relig.
1968 4205 2246 4271 XVIII.

553 4328 618 4392 p.
646 4325 831 4392 1230.
861 4320 1056 4371 extr.:
1103 4308 1455 4389 ὑπερβαίνει
1496 4304 1564 4371 τὸ
1606 4307 1871 4389 θρίγκιον
1898 4306 2003 4371 οὐκ
2050 4308 2243 4373 εὐεπί-

551 4415 743 4489 βατον
763 4408 837 4473 ὃν
857 4407 992 4474 οὐδὲ
1017 4414 1139 4477 τοῖς
1164 4409 1330 4489 μάλα
1358 4415 1679 4492 σφριγῶσι.
1727 4408 1996 4473 Basilius
2022 4412 2241 4499 Magn.

551 4511 616 4576 in
647 4513 959 4576 Hexaem.
995 4510 1236 4577 Homil.
1261 4513 1313 4575 1.
1348 4534 1412 4598 p.
1444 4531 1545 4598 15.
1568 4513 1660 4576 A:
1693 4513 1893 4580 ἄλλως
1920 4511 1987 4577 δέ
2015 4539 2102 4581 τις
2127 4521 2246 4578 τῶν

553 4617 945 4698 σφριγῶντων
996 4618 1142 4679 κατὰ
1192 4616 1626 4698 πιθανολογίαν
1673 4617 2011 4683 ἐπαναστὰς
2060 4616 2246 4682 πάλιν

550 4719 796 4785 τούτοις.
888 4715 1067 4781 Idem
1098 4715 1163 4781 in
1196 4717 1425 4781 Psalm.
1458 4718 1654 4783 LXI.
1688 4741 1753 4805 p.
1785 4719 1894 4803 38.
1921 4721 2013 4784 C:
2062 4723 2121 4785 οῑ
2148 4722 2246 4785 ἐπὶ

551 4824 619 4901 τῇ
666 4821 819 4900 ἀκμῇ
867 4823 969 4899 τῆς
1011 4821 1241 4901 ἡλικίας
1286 4811 1678 4904 σφριγῶντες.
1768 4821 1949 4886 Idem
1999 4823 2243 4890 Homil.

550 4921 766 4985 XIII.
798 4920 879 4986 de
901 4921 1207 5009 Baptism.
1237 4945 1303 5009 p.
1325 4925 1477 5004 481.
1500 4925 1692 4988 A.B:
1739 4929 1862 4992 πῶς
1889 4926 1923 4988 ὁ
1951 4927 2242 4990 παλαιού-

546 5052 726 5108 μενος
756 5025 851 5091 καὶ
880 5027 1268 5109 φθειρόμενος
1298 5029 1446 5091 κατὰ
1472 5029 1577 5093 τᾶς
1606 5027 1909 5106 ἐπιθυμίας
1944 5031 2045 5106 τῆς
2088 5027 2239 5092 ἀπά·

548 5156 648 5211 της
690 5133 921 5214 σφριγᾷ
965 5128 1151 5194 πάλιν
1190 5129 1285 5193 καὶ
1318 5130 1542 5213 ἀνηβᾷ,
1581 5129 1677 5192 καὶ
1722 5130 1803 5195 εἷς
1843 5126 1910 5191 τὸ
1955 5129 2243 5207 ἀληθινὸν

548 5235 729 5301 ἄνθος
754 5237 856 5312 τῆς
885 5234 1156 5313 νεότητος
1184 5230 1593 5315 ἐπανέρχεται.
1687 5229 1810 5309 Qui
1844 5229 2017 5295 locus
2053 5254 2236 5318 supe-

543 5334 691 5402 riori
719 5334 1023 5422 Diogenis
1052 5333 1319 5399 maxime
1358 5332 1666 5399 convenit.
1758 5332 1939 5398 Idem
1971 5333 2240 5400 Basilius

545 5437 788 5504 Homil.
830 5437 1006 5502 XII.
1053 5436 1119 5500 in
1166 5436 1510 5501 Proverbb.
1561 5460 1628 5524 p.
1657 5438 1828 5521 465:
1884 5439 1918 5500 ὁ
1965 5444 2239 5520 σφριγῶν

538 5540 683 5625 πρὸς
718 5545 823 5611 τὰς
858 5540 1097 5624 πράξεις
1132 5543 1236 5623 τῆς
1274 5540 1606 5623 εὐσεβείας,
1641 5541 1737 5607 καὶ
1781 5539 2052 5623 ἀκμάζων
2093 5543 2237 5622 πρὸς

2442 1860 2504 1924 p.
2548 1857 2734 1922 1127,
2764 1855 2826 1923 5.
2882 1839 2999 1903 Καὶ
3040 1836 3361 1921 ᾐνιγμένον
3407 1838 3711 1913 Πλάτωνι,
3763 1836 3831 1904 τὸ
3869 1837 4050 1929 ᾗπερ]

2355 1939 2501 2003 Non
2532 1940 2820 2006 dubitavi
2850 1941 2939 2005 ita
2963 1940 3231 2006 scribere
3258 1941 3488 2028 partim
3517 1966 3596 2007 ex
3625 1942 3799 2007 libris
3828 1943 4055 2008 nostris

2354 2056 2417 2105 et
2445 2041 2751 2108 Platone
2736 2066 2895 2132 ipso,
2924 2043 3153 2130 partim
3178 2059 3527 2109 commotus
3555 2043 3651 2109 his
3678 2045 3827 2110 locis
3859 2045 4050 2112 Ploti-

2352 2142 2552 2209 nianis
2595 2168 2658 2232 p.
2691 2146 2963 2231 381.F:
3010 2152 3250 2227 μᾶλλον
3292 2152 3464 2212 τοῦτο
3515 2147 3667 2212 εἶναι
3715 2148 4048 2232 ἠνιγμένος,

2357 2245 2463 2310 ubi
2493 2247 2633 2311 Ciz.
2666 2247 2814 2312 item
2842 2248 3192 2332 ἠνιγμένως,
3226 2264 3291 2313 et
3319 2272 3384 2336 p.
3404 2253 3555 2336 364.
3583 2251 3682 2315 D:
3731 2256 3903 2316 τοῦτο
3934 2254 4050 2334 ἄρα

2350 2350 2479 2412 ἐστὶ
2506 2347 2576 2413 τὸ
2601 2352 2770 2417 θείως
2809 2350 3157 2433 ἠνιγμένον,
3191 2351 3299 2415 ubi
3330 2352 3478 2416 item
3507 2353 3749 2440 passive
3778 2376 4044 2441 usurpa-

2348 2464 2475 2515 tur.
2565 2454 2797 2517 Nostro
2826 2452 2963 2518 loco
2992 2453 3184 2518 editio
3214 2451 3402 2519 habet
3442 2453 3756 2539 ᾐνιγμένος
3797 2471 3862 2521 et
3904 2455 4048 2522 libri

2345 2552 2586 2640 aliquot
2605 2554 2935 2638 ἠνιγμένως
2961 2571 3025 2620 et
3046 2557 3215 2638 ἥπερ,
3241 2579 3459 2644 margo
3482 2557 3611 2622 Ed.
3637 2559 3803 2641 ἤπερ.
3837 2560 4047 2625 Verba

2345 2673 2555 2722 autem
2592 2656 2864 2723 Platonis
2906 2681 3051 2745 quae
3097 2657 3521 2747 Philosophus
3563 2676 3771 2725 noster
3800 2661 4039 2742 laudat,

2342 2758 2642 2848 leguntur
2669 2760 2733 2824 in
2767 2760 3015 2826 Timaeo
3042 2785 3108 2850 p.
3131 2781 3235 2847 39.
3266 2776 3426 2827 extr.
3460 2786 3525 2850 p.
3549 2784 3657 2846 40.
3688 2763 3892 2830 Bekk.
3926 2789 4039 2831 sae-

2343 2862 2486 2950 pius
2525 2862 2634 2927 illa
2677 2862 2933 2951 quidem
2975 2862 3234 2929 laudata
3262 2888 3300 2928 a
3337 2864 3581 2930 Plotino
3614 2889 3681 2953 p.
3715 2885 3862 2953 203.
3891 2868 4037 2934 infr.

2343 2977 2408 3030 et
2438 2984 2582 3046 204.
2615 2989 2785 3054 supr.
2819 2989 2887 3054 p.
2906 2968 3055 3051 356.
3085 2969 3169 3032 A.
3201 2990 3268 3054 p.
3289 2972 3438 3053 362.
3465 2969 3541 3032 B.
3587 2984 3652 3033 et
3694 2993 3761 3058 p.
3787 2974 3937 3056 690.
3959 2973 4036 3036 Β.

2343 3091 2420 3132 ex
2451 3068 2685 3156 quibus
2729 3092 2927 3134 unum
2971 3070 3408 3136 tantummodo
3449 3071 3664 3136 citavit
3692 3072 4044 3140 Lindavius

2341 3170 2424 3236 ad
2452 3170 2630 3236 illum
2662 3194 2723 3259 p.
2742 3173 2851 3258 58.
2920 3171 3217 3237 Liberius
3243 3173 3309 3236 h.
3329 3172 3369 3237 l.
3401 3173 3682 3240 laudavit
3713 3175 4038 3243 Platonem

2340 3287 2571 3354 noster,
2605 3288 2676 3339 ut
2704 3298 2868 3364 saepe
2897 3273 3047 3341 alias
3081 3275 3251 3356 facit,
3283 3299 3521 3364 ponens
3547 3303 3561 3343 ε
3612 3281 3681 3344 ἐν
3710 3283 3790 3367 τῷ
3819 3306 4035 3347 παντε-

2337 3386 2442 3444 λεῖ
2462 3383 2587 3467 ζῶῳ
2616 3403 2734 3467 pro
2763 3384 2842 3468 τῷ
2865 3380 2899 3444 ὃ
2922 3381 3052 3444 ἔστι
3080 3386 3247 3456 ζῶον.
3297 3380 3472 3447 Illud
3502 3396 3708 3446 tamen
3738 3398 3803 3447 et
3829 3382 4037 3470 ipsum

2335 3481 2401 3546 in
2433 3483 2685 3547 Timaeo
2713 3482 2943 3571 legitur
2969 3481 3092 3548 alio
3120 3482 3256 3547 loco
3284 3507 3350 3571 p.
3377 3502 3483 3568 31.
3512 3507 3580 3571 p.
3610 3501 3713 3566 27.
3744 3484 3950 3549 Bekk.
4037 3517 4046 3522 ·

2437 3608 2504 3672 p.
2544 3587 2733 3664 1128,
2770 3605 2827 3649 1.
2895 3587 3512 3670 κατακερματίζεσθαι]
3595 3588 3701 3651 Ita
3760 3587 4035 3674 junctim

2335 3687 2549 3775 scripsi
2578 3710 2696 3774 pro
2724 3713 2871 3752 κατα
2902 3689 3365 3769 κερματίζεσθαι.
3455 3687 3639 3752 Plato
3671 3690 3934 3755 Menon.
3966 3715 4030 3779 p.

2339 3806 2441 3872 79.
2471 3791 2559 3855 A.
2590 3813 2652 3877 p.
2677 3808 2781 3873 47.
2813 3812 2903 3876 sq.
2941 3788 3200 3853 Stallb.:
3234 3791 3314 3870 μὴ
3344 3792 3705 3873 καταγνύναι
3731 3791 3875 3872 μηδὲ
3905 3820 4034 3876 κερ-

2330 3894 2592 3973 ματίζειν
2619 3894 2727 3973 τὴν
2756 3891 2989 3974 ἀρετήν.
3041 3891 3308 3979 Republ.
3335 3911 3480 3979 279.
3511 3892 3618 3958 ubi
3646 3910 3741 3959 est
3770 3897 4034 3962 verbum

2333 3994 2770 4082 compositum,
2801 3995 2975 4081 quod
3019 3994 3184 4059 idem
3232 4014 3440 4061 noster
3477 3995 3803 4084 aliquoties
3847 4022 4026 4064 usur·

2334 4112 2467 4184 pat,
2503 4113 2576 4162 ut
2606 4099 2745 4163 ΙΙΙ.
2779 4119 2838 4183 9.
2867 4117 2935 4183 5.
2979 4099 3060 4163 V.
3098 4119 3156 4163 1.
3190 4119 3247 4166 2.

2418 4238 2507 4250 —
2533 4223 2595 4281 4.
2644 4204 2727 4269 εἷς
2755 4200 2822 4265 τὸ
2850 4202 3097 4283 ἄπειρον
3123 4202 3553 4282 μεθέντα-είς
3581 4204 3828 4287 ἀριθμὸν
3859 4205 4032 4291 ἔρχε-

2331 4329 2428 4368 ται
2454 4303 2610 4388 ἤδη.]
2651 4303 2926 4391 Insignis
2955 4304 3219 4370 varietas
3249 4305 3526 4370 lectionis
3556 4308 3871 4373 Vaticanae
3901 4309 3965 4373 h.
3988 4309 4028 4374 l.

2330 4405 2654 4471 advertere
2685 4428 2797 4471 nos
2824 4405 3034 4471 debet.
3123 4409 3269 4495 Ego
3297 4431 3428 4495 quo
3457 4408 3656 4497 magis
3684 4409 3747 4474 in
3779 4410 3877 4475 his
3904 4435 4023 4477 cae-

2330 4510 2520 4588 cutio,
2548 4535 2625 4575 eo
2668 4510 2875 4574 minus
2916 4510 3238 4598 vulgatam
3279 4527 3518 4577 tentare
3561 4536 3701 4577 sum
3744 4530 4025 4580 conatus.

2332 4615 2629 4677 Ceterum
2658 4614 3062 4700 conjunctum
3091 4629 3185 4678 est
3213 4613 3405 4701 hujus
3439 4613 3555 4680 loci
3583 4632 4026 4704 argumentum

2328 4738 2469 4780 cum
2522 4715 2943 4804 disputatione
2992 4715 3073 4781 de
3126 4719 3368 4804 ἀπείρῳ,
3415 4718 3647 4801 πέρατι,
3690 4723 3912 4808 ἀριθμῷ
3959 4719 4022 4786 in

2331 4817 2596 4884 Philebo
2638 4843 2706 4908 p.
2743 4838 2845 4906 23.
2876 4832 3036 4884 extr.
3084 4843 3223 4907 sqq.
3269 4843 3331 4907 p.
3366 4840 3471 4905 59.
3517 4845 3655 4908 sqq.
3700 4822 3798 4888 ed.
3837 4822 4021 4888 Stall-

2328 4922 2536 4986 baum.
2599 4921 2856 4987 Ficinus
2883 4938 3093 4987 autem
3123 4936 3404 4987 extrema
3428 4940 3706 4989 vertens:
3742 4933 3784 4964 ‘⁶
3803 4948 4026 4991 conve-

2326 5024 2510 5090 niunt
2550 5026 2901 5113 speciebus”
2932 5024 3261 5112 Expressit
3302 5024 3625 5090 lectionem
3674 5030 3879 5104 εἴδεσι,
3907 5051 4023 5115 pro

2324 5128 2453 5208 ηδη,
2487 5128 2619 5207 sed,
2643 5128 2921 5217 exceptis
2967 5127 3294 5207 Mediceis,
3338 5127 3458 5193 boc
3498 5146 3848 5217 agnooeunt
3874 5129 4019 5197 libri

2324 5230 2567 5317 reliqui.

2407 5371 2496 5383 —
2524 5351 2622 5419 17.
2656 5332 2794 5399 ἀλλ’
2827 5361 2904 5402 ως
2931 5338 3005 5399 τὰ
3035 5337 3104 5398 ἐν
3131 5340 3256 5403 τοῖς
3284 5332 3654 5417 κατόπτροις]
3690 5331 3904 5399 Alium
3934 5334 4024 5402 lo-

2321 5460 2465 5503 cum
2494 5437 2575 5502 de
2609 5436 2877 5524 speculis
2907 5438 3047 5502 111.
3080 5438 3142 5501 6.
3178 5457 3240 5523 9.
3275 5459 3464 5524 supra
3508 5435 3910 5504 tractavimus
3952 5465 4014 5530 p.

2318 5557 2467 5627 312.
2491 5540 2573 5603 Β.
2603 5539 2683 5603 cf.
2715 5539 2901 5605 etiam
2930 5561 2997 5627 p.
3020 5539 3168 5626 316.
3194 5541 3282 5604 C:
3333 5539 3461 5604 οἷον
3490 5537 3586 5603 καὶ
3614 5540 3700 5607 εἰς
3735 5537 3804 5605 τὸ
3841 5541 4011 5608 κάτο-

2420 5648 2479 5699 Y
2514 5653 2567 5723 y
2601 5635 2646 5700 2
