5118 6613
981 602 1025 661 4
1951 579 2779 646 ANNOTATIONES
2842 579 2958 645 IN
3019 580 3470 647 PLOTINI

1068 776 1137 841 p.
1168 774 1230 839 9,
1269 754 1370 818 16.
1415 753 1649 841 θηρίον]
1704 751 1891 817 Plato
1932 752 2014 817 de
2043 752 2318 842 Republ.
2352 755 2488 819 IX.
2518 754 2669 839 588.

982 880 1050 944 p.
1072 856 1224 942 458.
1262 855 1364 923 ed.
1395 854 1688 921 Bekkeri.
1779 854 2018 944 Tangit
2060 856 2276 921 eadem
2308 855 2564 922 Proclus
2604 855 2670 920 in

983 959 1197 1025 Alcib.
1225 961 1283 1024 1.
1315 982 1377 1047 p.
1406 962 1546 1024 160.
1575 960 1672 1025 ed.
1704 975 1897 1024 nostr.
1926 959 2037 1023 ubi
2064 958 2249 1047 plura
2275 958 2548 1025 laudavi.

1068 1062 1150 1127 ib.
1198 1064 1982 1145 Συνδρόμου-ὅντος-τῇ
2022 1067 2233 1146 λογικῇ
2274 1064 2477 1152 ψυχῇ]
2533 1061 2673 1128 Sui-

984 1165 1097 1230 das
1142 1165 1286 1230 111.
1337 1188 1404 1253 p.
1437 1184 1592 1251 450.
1636 1167 1962 1248 σύνδρομος
2010 1167 2349 1249 σύμφωνος.
2439 1165 2673 1230 Noster

985 1267 1158 1333 locus
1216 1267 1543 1333 addendus
1601 1267 1854 1333 Lexicis
1922 1268 2396 1333 constructionis
2466 1291 2668 1333 causa.

985 1373 1126 1436 Vox
1153 1370 1290 1459 ipm
1315 1371 1397 1436 ad
1426 1371 1891 1460 exprimendam
1930 1371 2123 1458 hujus
2160 1370 2277 1436 loci
2306 1370 2670 1437 sententiam

985 1497 1130 1540 sane
1179 1495 1370 1562 quam
1426 1474 1909 1552 accommodata,
1959 1489 2024 1539 et
2076 1472 2260 1563 plane
2304 1474 2670 1539 Plotinianae

984 1577 1397 1666 proprietatis,
1424 1601 1569 1665 quae
1612 1577 1839 1666 saepius
1879 1578 1962 1642 ad
1998 1576 2385 1642 Platonicam
2425 1577 2673 1665 elegan-

984 1679 1135 1745 tiam
1163 1679 1421 1768 propius
1445 1680 1700 1746 accedit.
1763 1682 2079 1746 Caeterum
2106 1680 2225 1744 hoc
2254 1702 2487 1745 novum
2515 1704 2668 1760 esse,

984 1797 1048 1851 et
1074 1807 1113 1848 a
1136 1782 1386 1848 Plotino
1411 1783 1685 1872 primum
1713 1783 2155 1871 excogitatum,
2183 1781 2355 1870 quod
2384 1782 2446 1847 in
2479 1783 2668 1848 sensi-

983 1886 1105 1950 bus
1129 1885 1255 1950 vim
1283 1886 1546 1951 activam
1574 1886 1789 1965 inesse,
1819 1900 1884 1952 et
1909 1885 2211 1973 quicquid
2254 1886 2460 1950 anima
2500 1901 2668 1974 agat,

983 1989 1050 2053 id
1069 1989 1318 2077 proprie
1339 1988 1563 2054 mentis
1588 1988 1960 2077 cogitatione
1987 1988 2224 2077 peragi,
2248 1987 2670 2054 demonstrare

989 2090 1353 2171 instituerit,
1386 2092 1854 2157 Tiedetnannus
1873 2092 2118 2180 judicat
2145 2092 2209 2156 in
2237 2091 2433 2156 libro:
2493 2093 2670 2158 Geist

986 2195 1098 2260 der
1149 2196 1572 2283 spemdativen
1629 2194 2047 2283 Philosophia,
2117 2194 2245 2260 sive
2315 2194 2395 2259 de
2469 2195 2670 2260 causis

980 2296 1388 2387 philosophiae
1430 2297 1946 2386 contemplativae,
1979 2299 2125 2363 III.
2157 2321 2224 2386 p.
2247 2313 2399 2385 347.
2429 2322 2523 2386 sq.
2558 2299 2669 2364 ubi

983 2401 1146 2466 idem
1191 2400 1324 2466 haec
1375 2400 1606 2466 Plotini
1655 2403 1904 2467 decreta
1947 2399 2196 2467 decreto
2229 2402 2672 2489 prce-stabilitae

980 2504 1348 2582 harmonice,
1386 2528 1531 2592 quae
1574 2504 1824 2585 dicitur,
1868 2528 2082 2571 ansam
2125 2506 2466 2594 praebuisse
2507 2506 2670 2572 arbi-

983 2619 1205 2672 tratur.

1087 2732 1155 2797 Ρ.
1191 2729 1291 2787 10,
1338 2725 1400 2792 7.
1466 2710 1902 2798 κεχωρισμένα]
1969 2710 2157 2775 Conf.
2218 2712 2523 2776 Nostrum
2585 2714 2664 2777 V.

981 2831 1047 2896 3.
1071 2811 1129 2874 6.
1159 2833 1221 2898 p.
1240 2830 1392 2896 501.
1423 2813 1510 2876 A.
1541 2812 1688 2898 ibiq.
1720 2835 1759 2876 a
1787 2812 1967 2877 nobis
2008 2826 2320 2878 annotata.
2410 2812 2670 2879 Adhibe

982 2912 1167 2978 etiam
1214 2911 1413 2977 Procli
1461 2913 1666 2978 Instit.
1701 2913 2010 3002 Theolog.
2059 2938 2192 3002 cap.
2232 2917 2374 2998 176.
2420 2939 2483 3004 p.
2519 2919 2663 2984 262.

984 3040 1121 3104 sqq.
1196 3017 1299 3080 De
1340 3038 1457 3080 usu
1498 3015 1670 3081 verbi
1716 3019 2066 3100 ἐποχεῖσθαι
2109 3017 2410 3082 monitum
2455 3034 2549 3084 est
2586 3018 2668 3083 ad

981 3116 1215 3183 Plotin.
1246 3117 1326 3183 de
1356 3118 1616 3183 Pulcrit.
1644 3142 1713 3207 p.
1737 3139 1883 3205 340.
1909 3143 2049 3207 sqq.
2095 3120 2199 3185 Ad
2227 3137 2669 3208 argumentum

980 3222 1172 3310 hujus
1227 3220 1345 3286 loci
1403 3222 1614 3287 confer
1675 3221 1923 3288 Sallust.
1986 3222 2207 3313 philos.
2268 3223 2348 3289 de
2405 3224 2547 3289 Diis
2604 3239 2668 3290 et

983 3326 1238 3390 Mundo
1267 3347 1403 3414 cap.
1430 3326 1489 3390 8.
1521 3326 1630 3390 ubi
1660 3325 2029 3392 Holstenius
2057 3328 2121 3392 in
2153 3329 2398 3394 Annot.
2431 3353 2496 3417 p.
2520 3350 2545 3393 1
2563 3349 2665 3395 20.

980 3428 1078 3493 ed.
1127 3429 1212 3494 G.
1243 3429 1433 3494 Conr.
1473 3427 1687 3494 Orellii
1747 3429 2027 3518 Theagis
2069 3431 2453 3520 Pythagorei
2494 3432 2665 3520 frag-

979 3547 1261 3597 mentum
1297 3531 1383 3614 (in
1416 3530 1598 3597 Galei
1626 3555 1873 3619 opuscc.
1903 3532 2190 3622 mytholl.
2233 3558 2300 3623 p.
2322 3535 2496 3618 688.)
2530 3535 2666 3600 lau-

978 3635 1089 3700 dat
1115 3649 1179 3699 et
1206 3633 1544 3699 Plotiniani
1570 3633 1689 3699 loci
1714 3635 2025 3702 admonet.
2085 3639 2188 3702 De
2220 3638 2409 3703 verbo
2436 3640 2670 3705 ἀνελίτ-

979 3763 1102 3805 τειν
1130 3736 1379 3803 consule
1407 3737 1861 3825 Wyttenbach.
1889 3739 1970 3805 ad
2003 3739 2323 3805 Plutarch.
2353 3763 2419 3828 p.
2441 3743 2592 3828 598.

1084 3877 1173 3889 —
1229 3859 1291 3924 9.
1366 3840 1541 3926 φησὶ]
1623 3839 1820 3906 Plato,
1907 3841 2189 3929 Respicit
2244 3855 2455 3907 autem
2512 3841 2663 3907 doc-

979 3940 1204 4005 trinam
1250 3940 1317 4006 in
1368 3941 1616 4006 Timaeo
1673 3942 2041 4030 expositam,
2092 3944 2406 4032 praecipue
2461 3968 2527 4033 p.
2561 3945 2665 4029 87.

979 4066 1116 4129 sqq.
1164 4043 1383 4131 Steph.
1428 4067 1494 4129 p.
1525 4063 1668 4129 132.
1698 4068 1836 4132 sqq.
1885 4045 2172 4111 Bekkeri.
2261 4049 2367 4112 Ex
2397 4062 2665 4135 utroque

978 4158 1188 4210 autem
1216 4158 1281 4210 et
1302 4144 1564 4211 Platone
1591 4160 1653 4210 et
1677 4146 1927 4212 Plotino
1951 4148 2214 4236 profecit
2239 4151 2528 4229 Hermes,
2553 4149 2664 4238 qui

978 4246 1227 4327 dicitur,
1267 4271 1372 4334 ap.
1408 4249 1584 4313 Stob.
1616 4248 1882 4337 Eclogg.
1916 4252 1973 4314 I.
2003 4270 2112 4335 52.
2152 4275 2299 4340 pag.
2330 4253 2471 4317 808.
2524 4277 2662 4341 sqq.

977 4351 1081 4416 De
1116 4374 1237 4416 usu
1265 4351 1440 4416 verbi
1469 4351 1772 4418 Platonici
1801 4366 1864 4418 et
1893 4353 2228 4419 Plotiniani
2263 4355 2666 4438 φαντάζεσθαι

980 4452 1106 4517 vid.
1136 4457 1376 4520 Annot.
1423 4470 1611 4520 nostr.
1639 4455 1706 4519 in
1736 4455 1969 4523 Plotin.
1999 4457 2079 4522 de
2110 4456 2371 4523 Pulcrit.
2416 4481 2482 4546 p.
2514 4475 2659 4545 135.

1090 4697 1174 4708 -
1248 4680 1348 4747 13.
1419 4661 1809 4742 ἔλλάμπουσα
1865 4665 1948 4731 εἷς
2004 4664 2181 4752 αὐτὰ]
2261 4664 2439 4729 Tene
2512 4686 2663 4729 con-

975 4763 1396 4841 structionem,
1426 4777 1489 4828 et
1518 4763 1600 4828 de
1626 4764 1799 4829 verbi
1830 4788 1950 4830 usu
1979 4765 2109 4830 vid.
2143 4765 2440 4854 Stephani
2468 4766 2656 4831 Thes

974 4889 1041 4954 p.
1064 4866 1252 4951 5598.
1284 4865 1381 4930 ed.
1412 4889 1557 4931 nov.
1589 4866 1866 4932 Londin.
1914 4867 2107 4933 Adde
2137 4868 2565 4957 Olympiodor.
2595 4869 2660 4934 in

974 4968 1176 5034 Alcib.
1216 4968 1405 5056 prior.
1442 4992 1580 5057 cap.
1609 4989 1672 5056 3.
1703 4993 1765 5059 p.
1791 4991 1890 5057 13.
1922 4971 2067 5036 infr.
2107 4987 2169 5037 et
2206 4994 2272 5059 p.
2303 4992 2403 5054 14.
2446 4994 2659 5059 supra,

978 5071 1083 5138 ubi
1131 5073 1432 5156 ἔλλαμψις
1483 5072 1889 5162 distinguitur
1936 5073 2019 5138 ab
2066 5075 2260 5150 οὐσία,
2309 5089 2372 5139 et
2415 5074 2661 5140 Nicolai

976 5174 1374 5240 Methonens..
1405 5175 1689 5241 Refutat.
1723 5175 1922 5242 Procli
1954 5176 2166 5244 Instit.
2200 5176 2428 5242 Theol.
2456 5201 2525 5265 p.
2552 5178 2656 5243 88.

971 5301 1039 5366 p.
1065 5296 1169 5363 92.
1242 5277 1348 5342 Ad
1386 5293 1821 5366 argumentum
1852 5279 1970 5344 loci
1999 5280 2192 5345 nostri
2221 5280 2369 5345 facit
2400 5280 2660 5346 Themi-

972 5380 1126 5447 stius
1152 5382 1218 5446 in
1248 5381 1593 5447 Aristotelis
1632 5381 1771 5447 libr.
1806 5384 1946 5448 ΙΙΙ.
1991 5384 2071 5448 de
2110 5382 2336 5449 Anima
2378 5406 2518 5472 cap.
2545 5404 2655 5471 32.

971 5506 1032 5571 p.
1050 5485 1198 5569 562.
1231 5509 1370 5573 sqq.
1401 5485 1497 5550 ed.
1520 5483 1714 5550 Basil.

1055 5608 1118 5673 p.
1155 5607 1255 5666 11,
1291 5608 1392 5653 10.
1448 5589 1486 5669 ἦ
1529 5591 1592 5653 δὲ
1636 5595 1754 5654 τῶν
1794 5591 2424 5673 ψευδῶν-φαντασία
2465 5590 2644 5676 οὖσα]

2753 752 2921 819 docti
2950 771 3392 842 congesserunt
3419 754 3484 818 in
3509 752 3840 818 Thesauro
3859 777 3924 843 p.
3950 769 4143 841 9915.
4174 779 4310 843 sqq.
4340 755 4436 821 ed.

2756 856 3032 922 Londin.
3075 856 3237 922 adde
3278 856 3533 944 insuper
3559 855 3768 921 Procl.
3801 855 3866 920 in
3896 856 4098 921 Alcib.
4141 858 4331 945 prior.
4376 882 4437 947 p.

2753 979 2859 1045 43.
2894 961 3380 1043 φαντασία-καὶ
3408 963 3700 1041 αἴσθησις,
3731 982 3798 1047 p.
3826 960 3967 1025 162.
3998 959 4108 1024 ubi
4139 964 4442 1043 φαντασία

2756 1077 2819 1128 et
2846 1066 3119 1144 αἴσθησις
3145 1076 3553 1151 opponuntur
3580 1061 3743 1126 inter
3772 1085 3856 1127 se.
3899 1061 4088 1128 ibid.:
4138 1066 4442 1146 φαντασία

2757 1166 2852 1233 καὶ
2880 1169 3153 1247 αἴσθησις
3180 1167 3276 1232 καὶ
3303 1168 3500 1249 ἄλογα
3526 1165 3703 1245 πάθη.
3735 1164 3885 1230 item
3912 1163 4342 1254 Olympiodor.
4375 1166 4440 1230 in

2755 1268 3027 1334 eundem
3057 1268 3309 1357 Dialog.
3338 1292 3402 1357 p.
3430 1268 3490 1332 8.
3511 1269 3745 1354 5ι.61.
3775 1289 3914 1334 101.
3976 1269 4091 1333 Ad
4118 1291 4445 1356 argumen-

2757 1385 2893 1436 tum
2950 1386 3159 1438 autem
3219 1370 3487 1439 universi
3542 1370 3736 1458 hujus
3790 1370 3908 1436 loci
3959 1371 4293 1437 Plotiniani
4340 1370 4442 1436 vel

2754 1473 3024 1539 maxime
3068 1474 3324 1551 faciunt,
3353 1498 3498 1562 quae
3541 1473 3820 1561 disputat
3848 1474 4217 1540 Aristoteles
4258 1474 4321 1538 in
4364 1472 4439 1537 li-

2755 1577 2871 1642 bro
2900 1577 3083 1643 tertio
3110 1576 3190 1642 de
3217 1577 3456 1643 Anima
3481 1600 3662 1665 capp.
3696 1595 3757 1661 7.
3788 1601 3922 1665 sqq.
3954 1601 4015 1666 p.
4039 1580 4142 1642 60.
4172 1601 4312 1665 sqq.
4339 1576 4439 1641 ed.

2759 1679 3053 1769 Sylburg.

2841 1806 2909 1871 p.
2937 1803 3034 1862 12,
3064 1804 3123 1848 1.
3168 1784 3391 1868 τύπων]
3441 1783 3545 1847 De
3574 1781 3744 1847 vario
3771 1782 3964 1869 hujus
3993 1782 4277 1847 vocabuli
4315 1784 4441 1870 sig·

2755 1885 3010 1951 nificatu
3069 1885 3358 1974 exposuit
3418 1884 3716 1950 Gataker.
3761 1885 4130 1950 Adversarr.
4189 1909 4327 1974 cap.
4371 1908 4436 1970 4.

2755 1988 2835 2053 cf.
2890 1989 3144 2077 insuper
3186 1989 3322 2053 Ast.
3371 1987 3453 2052 ad
3507 1987 3750 2053 Platon.
3803 1987 4138 2076 Rempubl.
4190 2012 4258 2078 p.
4289 2005 4439 2075 473.

2756 2090 2911 2157 Zell.
2942 2091 3024 2156 ad
3053 2090 3379 2156 Aristotel.
3410 2091 3567 2155 Eth.
3598 2091 3846 2155 Nicom.
3882 2092 3936 2155 Ι.
3973 2110 4032 2158 2.
4066 2115 4122 2178 p.
4150 2092 4212 2157 8.
4257 2092 4440 2157 Stall-

2751 2194 2963 2259 baum.
3008 2194 3090 2259 ad
3136 2194 3379 2259 Phileb.
3432 2197 3492 2278 §.
3531 2213 3669 2275 ¹44-
3714 2217 3780 2282 p.
3815 2212 3961 2260 202.
4025 2194 4305 2261 Boisson.
4355 2194 4437 2259 ad

2753 2299 3007 2386 Eunap.
3036 2321 3102 2386 p.
3123 2318 3274 2383 409.
3319 2295 3584 2361 Proclus
3610 2295 3676 2360 in
3705 2295 3912 2362 Alcib.
3941 2298 3999 2361 I.
4030 2320 4095 2386 p.
4124 2298 4269 2384 298.
4289 2298 4440 2385 jun-

2752 2401 2848 2491 git
2869 2403 3082 2470 τύπους
3111 2400 3452 2468 καθολικοὺς
3482 2406 3609 2467 ταῖς
3633 2405 3852 2467 κοιναῖς
3875 2402 4143 2469 ἐννοίαις.
4176 2400 4439 2488 Proprie

2753 2521 2847 2570 est
2873 2505 3046 2593 apud
3075 2507 3375 2571 Nostrum
3411 2508 3528 2572 IV.
3551 2522 3619 2591 5.
3641 2526 3702 2593 3.
3736 2508 3913 2574 τύπος
3942 2510 4009 2572 ἐν
4039 2510 4213 2595 κηρῷ.
4256 2507 4433 2572 Idem

2752 2607 2942 2673 habet
2968 2610 3244 2687 τύπωσις,
3274 2623 3348 2673 ut
3383 2610 3520 2674 111.
3552 2611 3610 2674 6.
3651 2630 3704 2674 1.
3750 2624 3813 2674 et
3857 2609 4083 2699 saepius
4115 2616 4439 2676 τυποῦσθαι

2755 2712 2830 2774 V.
2875 2726 2939 2796 5.
2977 2730 3036 2774 1.
3080 2723 3144 2775 et
3187 2710 3359 2776 alibi.
3452 2711 3745 2777 Proxime
3793 2712 3949 2777 illud
4002 2714 4438 2796 ἆτρεμήσει-ἡ

2751 2812 2941 2895 ψυχὴ,
2974 2811 3076 2876 cui
3117 2813 3457 2901 opponitur
3499 2817 3532 2877 ὁ
3578 2817 3848 2897 θόρυβος,
3882 2831 3975 2881 est
4021 2815 4436 2882 Platonicum.

2756 2915 2890 2979 Nec
2932 2913 3108 2978 aliter
3147 2917 3394 2998 ἆτρεμὴς
3432 2931 3693 3003 usurpat
3736 2932 3943 2981 noster
3969 2917 4117 2982 item
4146 2918 4224 2982 de
4253 2919 4439 2983 rebus

2754 3015 3265 3103 intelligibilibus,
3295 3033 3370 3082 ut
3400 3019 3459 3082 I.
3492 3019 3553 3082 6.
3581 3037 3648 3104 5.
3696 3041 3762 3105 Ρ.
3793 3037 3897 3104 54.
3929 3021 4165 3083 14.-ἐν
4203 3023 4443 3103 ἀτρεμεῖ

2757 3121 2853 3184 καὶ
2895 3121 3139 3205 ἀκύμονι
3183 3121 3278 3184 καὶ
3324 3123 3545 3185 ἀπαθεῖ
3583 3120 3862 3185 διαθέσει.
3942 3120 4136 3186 Adde
4178 3121 4434 3186 similem

2753 3221 2956 3287 locum
2987 3246 3054 3312 p.
3074 3240 3217 3308 770.
3252 3224 3329 3287 B.
3392 3225 3708 3289 Caeterum
3738 3221 3818 3287 ad
3847 3238 4282 3311 argumentum
4328 3245 4439 3287 no-

2753 3324 2863 3390 stri
2890 3324 3006 3390 loci
3034 3324 3505 3413 intelligendum
3545 3324 3695 3390 facit
3735 3325 3892 3390 alter
3917 3325 4089 3393 locus
4118 3328 4282 3391 Enn.
4318 3328 4432 3391 IV.

2838 3570 2922 3580 —
2953 3551 3049 3596 10.
3097 3532 3568 3618 κεχωρισμένων]
3622 3531 4036 3620 Engelhardt.
4071 3546 4234 3596 recte
4271 3555 4436 3596 com-

2752 3650 2932 3721 parat
2973 3634 3176 3699 locum
3223 3658 3415 3724 supra
3454 3658 3592 3723 cap.
3620 3655 3685 3722 3.
3725 3637 3887 3701 ἀλλὰ
3912 3635 4025 3717 πρὸ
4054 3639 4159 3699 τοῦ
4183 3636 4437 3719 χωρίσαι

2753 3741 2848 3801 διὰ
2874 3740 3262 3821 φιλοσοφίας.

2836 3877 2925 3889 -
2956 3862 3056 3921 14.
3106 3845 3211 3909 τὰς
3260 3844 3469 3924 ἀρετ-ἂς
3518 3841 3706 3925 ἔχων]
3770 3842 3870 3905 De
3913 3839 4250 3905 virtutibus
4304 3842 4434 3927 agit

2753 3941 3041 4007 Plotinus
3066 3943 3374 4031 copiosius
3414 3943 3574 4008 libro
3614 3943 3920 4031 sequenti.
4011 3944 4091 4007 In
4136 3943 4436 4008 sententia

2751 4048 2784 4108 ὁ
2817 4045 3066 4128 καθαρὸς
3107 4047 3330 4112 τούτων
3368 4046 3488 4111 hoc
3529 4060 3911 4134 postremum
3941 4044 4309 4110 vocabulum
4352 4046 4431 4110 ad

2751 4148 2978 4228 omnia,
3017 4173 3162 4236 quae
3207 4163 3353 4214 sunt
3394 4148 3670 4237 corporis
3711 4148 3992 4236 adeoque
4035 4148 4119 4212 ad
4162 4152 4236 4213 τὰ
4276 4148 4433 4228 πάθη

2750 4250 3143 4316 referendum
3175 4265 3307 4326 est;
3357 4253 3617 4317 verbum
3649 4269 3857 4318 autem
3891 4255 4187 4336 ἱδρύεσθαι
4218 4254 4431 4320 Plato·

2749 4352 2901 4418 nicis
2938 4353 3205 4419 maxime
3233 4353 3553 4434 familiare,
3585 4371 3648 4421 et
3690 4355 3940 4444 proprie
3981 4357 4063 4421 ad
4109 4356 4433 4423 simulacra

2751 4456 3122 4543 templorum
3173 4459 3511 4542 pertinens,
3564 4482 3603 4522 a
3652 4482 3753 4524 me
3801 4457 4178 4525 illustratum
4224 4477 4318 4526 est
4366 4461 4429 4525 in

2746 4574 2958 4625 annot.
2987 4559 3053 4624 in
3082 4558 3309 4625 librum
3341 4560 3420 4626 de
3453 4561 3710 4627 Pulcrit.
3742 4585 3808 4650 p.
3834 4579 3975 4647 177.
4005 4578 4069 4627 et
4095 4583 4240 4650 332.

2832 4698 2919 4712 -
2955 4664 3054 4726 16.
3108 4664 3551 4748 ἑλλαμφθεῖσα]
3605 4666 3727 4730 Est
3773 4664 3980 4728 anima
4023 4665 4276 4730 inferior
4314 4665 4431 4729 hu-

2747 4787 2953 4844 mana,
2984 4788 3128 4852 quae
3154 4788 3193 4830 a
3220 4765 3520 4854 superiori
3550 4766 3678 4832 sive
3705 4767 4075 4855 intelligibili
4117 4768 4321 4832 anima
4358 4767 4430 4831 il-

2745 4867 3110 4938 luminatur.
3185 4868 3441 4933 Etenim
3471 4869 3576 4935 illa
3607 4875 3723 4953 (sc.
3753 4873 3791 4951 ᾗ
3819 4872 3989 4957 ψυχὴ
4018 4873 4055 4951 ἡ
4085 4870 4289 4954 νοητὴ)
4322 4892 4428 4932 su-

2743 4993 2857 5058 pra
2884 4994 3021 5058 cap.
3043 4972 3107 5035 8.
3135 4970 3365 5036 dicitur
3393 4972 3801 5055 ἐλλάμπουσα.
3867 4974 3970 5039 Cf.
4013 4971 4197 5037 etiam
4240 4993 4429 5057 supra

2743 5096 2883 5162 cap.
2914 5092 2975 5138 2.
3036 5074 3350 5138 Caeterum
3384 5075 3557 5162 quod
3588 5076 3848 5142 Ficinus
3871 5075 3936 5140 in
3968 5072 4426 5139 Commentario

2745 5175 2810 5239 in
2838 5190 3116 5242 nostrum
3161 5176 3366 5241 locum
3396 5179 3694 5245 Numenii
3733 5177 4046 5253 admonet,
4076 5190 4146 5238 tu
4177 5173 4426 5240 consule

2749 5279 2979 5344 Stobaei
3009 5278 3268 5367 Eclogg.
3298 5281 3357 5344 I.
3388 5299 3495 5366 52.
3526 5306 3585 5370 Ρ.
3613 5282 3761 5369 836.
3795 5281 3941 5344 866.
3970 5279 4116 5364 894.
4144 5291 4208 5342 et
4243 5279 4421 5343 1066.

2745 5384 2941 5447 Heer.
2973 5382 3082 5447 ubi
3110 5382 3303 5471 hujus
3345 5383 3695 5472 philosophi
3740 5379 4057 5446 sententiae
4100 5378 4180 5444 de
4221 5381 4426 5445 anima

2739 5485 3011 5551 breviter
3032 5502 3449 5573 exponuntur.

2824 5611 2886 5677 p.
2921 5609 3023 5675 13,
3051 5607 3108 5656 2.
3156 5594 3262 5653 τοῦ
3304 5590 3477 5654 ἔνδον
3513 5585 3849 5673 ἀνθρώπου]
3899 5584 4261 5671 Comparari
4287 5600 4423 5672 pot-

970 5688 1154 5755 Adde
1184 5690 1350 5756 hunc
1377 5689 1579 5758 locum
1606 5691 1702 5773 iis,
1726 5714 1871 5782 quae
1896 5693 2249 5782 Stephanus
2274 5692 2504 5781 aliique
2534 5693 2652 5760 viri
2736 5706 2830 5758 est
2857 5715 2999 5758 cum
3029 5695 3109 5778 τῷ
3141 5692 3283 5771 ἔσω,
3316 5714 3398 5757 sc.
3434 5690 3681 5767 ἔσωθεν,
3706 5688 3991 5774 ἆνθρόπῳ
4015 5686 4200 5753 Pauli
4220 5687 4419 5776 Epist.
