5118 6613
1345 543 1547 609 LIB.
1596 542 1672 608 V.
1718 542 2177 609 ENNEAD.
2224 541 2666 621 QUINTAE.
2710 566 2774 632 p.
2804 542 3170 632 980—985.

524 718 621 783 καὶ
668 719 806 801 περὶ
856 715 1000 782 αὑτὸ
1054 715 1401 797 κτήσασθαι.
1468 718 1565 782 καὶ
1619 722 1739 781 τῶν
1793 717 2001 782 ἄλλων
2050 716 2223 782 οὐδὲν

520 821 837 903 φροντίζει,
882 819 1044 899 πλὴν
1085 825 1204 884 τῶν
1246 819 1741 901 ἀποτελουμένων
1787 819 1909 900 ἅμα
1951 821 2219 902 ἀγαθοῖς.

522 923 680 1003 Quoe
717 921 1000 988 refellere
1044 922 1256 988 studet
1284 922 1656 988 Aristoteles
1682 921 1747 987 in
1780 922 1936 988 Eth.
1970 922 2217 988 Nicom.

521 1026 615 1090 X.
649 1044 709 1091 2.
756 1048 825 1113 p.
853 1041 1003 1112 435.
1035 1047 1173 1112 sqq.
1203 1024 1361 1091 Zell.
1421 1024 1680 1090 Eudoxi
1710 1039 1775 1090 et
1804 1024 2086 1090 Platonis
2115 1025 2220 1090 de-

519 1144 689 1194 creta
713 1127 1087 1216 dijudicans.

606 1254 674 1319 p.
706 1231 856 1317 982,
891 1250 954 1315 9.
1002 1232 1121 1295 Καὶ
1149 1231 1280 1295 ἔστι
1318 1233 1383 1296 δὲ
1420 1230 1490 1295 τὸ
1524 1233 1637 1310 μὲν
1662 1232 1839 1312 ἤπιον
1868 1234 1964 1296 καὶ
1990 1258 2213 1314 προσ-η·

520 1335 650 1423 νὲς]
700 1333 876 1399 Illud
902 1334 1079 1415 ἤπιον
1107 1332 1439 1398 illustravit
1470 1334 1924 1422 Wyttenbach.
1954 1334 2034 1399 ad
2064 1335 2218 1400 Plu-

521 1436 719 1503 tarch.
751 1436 832 1501 de
864 1438 1061 1502 Sanit.
1093 1435 1309 1501 tuend.
1343 1459 1409 1524 p.
1443 1436 1589 1520 847.
1622 1459 1713 1524 sq.
1790 1438 1894 1502 De
1919 1440 2219 1520 προσηνὴς

524 1540 654 1607 vid.
686 1541 747 1606 1.
776 1563 839 1622 4.
869 1560 966 1620 14.
996 1563 1059 1628 p.
1086 1541 1191 1626 38.
1216 1541 1296 1604 B.
1347 1541 1407 1605 I.
1429 1543 1490 1606 6.
1524 1562 1593 1628 p.
1618 1558 1729 1627 52.
1753 1543 1838 1606 E.
1886 1542 2004 1606 IV.
2022 1564 2088 1623 4.
2109 1561 2213 1628 32.

523 1667 589 1732 p.
622 1645 770 1724 426.
803 1645 878 1708 C.
968 1644 1133 1708 Mox
1179 1643 1243 1707 in
1289 1665 1488 1731 marg.
1534 1642 1686 1709 edit.
1735 1643 2033 1733 scriptum
2085 1659 2219 1710 erat

524 1748 730 1829 παρὸν
758 1747 912 1833 αὐτῷ
942 1768 1060 1833 pro
1087 1745 1281 1827 παρὸν
1310 1747 1485 1834 αὐτῷ.

607 1886 696 1899 -
720 1868 817 1914 12.
851 1850 969 1914 Καὶ
994 1853 1111 1932 γάρ
1154 1851 1229 1914 αὑ
1267 1851 1365 1915 καὶ
1405 1852 1567 1915 ἕλκει
1606 1852 1723 1917 ἀπὸ
1763 1857 1869 1917 τοῦ
1906 1854 2219 1934 ἀγαθοῦ-

525 1954 728 2035 ὤσπερ
756 1951 875 2017 ἀπὸ
904 1952 1368 2034 πατρὸς-ὥστε
1398 1956 1623 2022 ἐκεῖνος
1653 1956 1748 2019 καὶ
1776 1958 1988 2036 ταύτης
2031 1958 2222 2039 κύριος

527 2085 580 2122 κ.
605 2083 660 2121 τ.
678 2065 741 2121 λ.
792 2079 991 2144 usque
1034 2056 1114 2120 ad
1166 2057 1354 2122 finem
1403 2057 1677 2147 capitis.]
1727 2061 1960 2147 Margo
1998 2059 2130 2125 Ed.
2172 2058 2219 2147 ᾧ

526 2160 622 2224 καὶ
649 2160 758 2240 τὴν
786 2161 910 2225 δύν.
941 2182 1057 2246 pro
1087 2162 1144 2224 ὅ.
1227 2162 1464 2225 Contra
1492 2184 1570 2225 ex
1600 2162 1818 2227 eodem
1849 2162 2128 2250 margine
2154 2163 2218 2227 in

523 2276 884 2327 contextum
918 2262 1264 2350 recepimus
1290 2263 1353 2327 in
1385 2287 1560 2352 seqq.
1588 2264 1884 2346 ἐμέλησεν
1905 2289 2021 2353 pro
2049 2266 2224 2347 ἐμέλ-

526 2373 740 2446 λησεν,
766 2364 1043 2452 itemque
1070 2368 1496 2448 ὑπερβεβηκὸς
1537 2390 1654 2455 pro
1696 2368 2128 2450 ὑπερβεβηκὸς,
2160 2385 2223 2434 et

524 2465 688 2532 linea
716 2466 1085 2554 poenultima
1113 2469 1237 2536 οἶός
1264 2495 1331 2533 τε
1359 2492 1475 2556 pro
1504 2471 1593 2537 οῖς
1619 2495 1703 2533 τε.
1751 2469 1862 2534 Ad
1893 2492 2224 2557 argumen-

528 2586 664 2635 tum
694 2572 776 2636 cf.
809 2570 956 2635 infr.
995 2570 1174 2635 initio
1217 2570 1359 2636 libri
1402 2571 1483 2636 de
1526 2572 1897 2660 intelligibili
1942 2573 2218 2661 pulchri-

529 2671 748 2737 tudine
805 2694 867 2760 p.
897 2689 1046 2758 541.
1079 2674 1165 2736 A.
1220 2674 1316 2738 καὶ
1361 2676 1571 2739 τούτου
1627 2675 1943 2760 (κάλλους)
1996 2676 2224 2759 πατέρα

531 2805 583 2841 κ.
604 2803 659 2841 τ.
677 2785 741 2841 λ.
787 2792 851 2841 et
892 2775 1122 2841 adhibe
1152 2776 1491 2843 Alcinoum
1539 2778 1618 2843 de
1658 2779 1941 2845 doctrina
1970 2782 2218 2845 Platon.

525 2904 582 2944 c.
606 2880 696 2945 X.
729 2904 797 2969 p.
817 2899 966 2963 477.
1001 2902 1095 2967 sq.
1187 2879 1488 2967 Irrigavit
1515 2901 1725 2946 autem
1754 2881 2039 2947 hortulos
2076 2906 2221 2947 suos

526 3006 604 3047 ex
650 2982 745 3047 his
784 2982 1121 3048 Platonicis
1162 2983 1442 3049 fontibus
1484 2999 1851 3072 personatus
1878 2986 2223 3074 Dionysius

530 3085 909 3175 Areopagita
947 3085 1027 3150 de
1057 3085 1305 3151 Divinis
1334 3085 1711 3151 Nominibus
1751 3111 1803 3152 c.
1833 3088 1949 3153 IV.
1983 3111 2049 3175 p.
2070 3090 2218 3174 558.

528 3213 663 3278 sqq.
699 3189 1000 3255 Corder.:
1072 3193 1244 3253 τοῦτο
1295 3190 1560 3272 τάγαθὸν
1605 3192 1870 3270 ὑμνεῖται
1918 3190 2064 3273 πρὸς
2105 3198 2223 3257 τῶν

533 3296 704 3377 ἱερῶν
732 3295 1040 3376 θεολόγων
1071 3292 1166 3357 καὶ
1196 3293 1273 3360 ὡς
1302 3292 1488 3357 καλὸν
1517 3293 1611 3358 καὶ
1641 3294 1717 3362 ὡς
1753 3293 1991 3369 κάλλος,
2024 3295 2118 3360 καὶ
2147 3296 2224 3364 ὡς

528 3397 749 3481 ἀγάπη,
784 3397 881 3462 καὶ
910 3398 986 3464 ὥς
1012 3395 1337 3478 ἀγαπητὸν,
1373 3398 1468 3461 καὶ
1504 3398 1645 3460 ὅσαι
1687 3398 1873 3462 ἄλλαι
1917 3398 2224 3480 εὐπρεπεῖς

531 3503 647 3565 εἰσι
687 3503 790 3579 τῆς
834 3503 1198 3565 καλλοποιοῦ
1240 3499 1336 3563 καὶ
1377 3499 1845 3582 κεχαριτωμένου
1875 3499 2224 3582 ὦραιότητος

527 3604 861 3684 θεωνυμίαι.
909 3602 977 3667 τὸ
1025 3604 1091 3667 δὲ
1141 3601 1328 3665 καλὸν
1375 3603 1470 3666 καὶ
1517 3601 1741 3670 κάλλος
1784 3603 1854 3666 οὗ
1899 3604 2222 3685 διαιρετέον

529 3708 625 3771 ἐπὶ
651 3710 753 3786 τῆς
780 3708 849 3770 ἐν
880 3706 969 3770 ἑνὶ
996 3709 1071 3769 τά
1098 3706 1217 3769 ὅλα
1246 3706 1673 3787 συνειληφυίας
1706 3707 2217 3789 αἰτίας-τολμή-

526 3836 654 3876 σειε
696 3812 762 3875 δὲ
807 3811 904 3874 καὶ
944 3814 1117 3874 τοῦτο
1163 3811 1352 3874 εἰπεῖν
1379 3810 1413 3872 ὁ
1441 3805 1644 3891 λόγος,
1675 3811 1767 3873 ὅτι
1811 3810 1907 3873 καὶ
1932 3810 2002 3873 τὸ
2030 3811 2110 3891 μὴ
2150 3810 2222 3877 ὃν

525 3914 764 3999 μετέχει
805 3919 910 3980 τοῦ
952 3918 1138 3978 καλοῦ
1184 3914 1279 3978 καὶ
1327 3915 1574 3995 ἀγαθοῦ,
1606 3914 1753 3978 ὅταν
1799 3916 1866 3978 ἐν
1914 3918 2029 4002 θεῷ
2074 3919 2223 3981 κατά

526 4018 632 4097 τὴν
659 4017 900 4082 πάντων
927 4018 1249 4099 ἀφαίρεσιν
1274 4016 1637 4098 ὑπερουσίως
1674 4018 1939 4095 ὕμνηται.
2027 4022 2219 4082 Τοῦτο

524 4123 593 4187 τὸ
639 4123 708 4187 ἓν
754 4121 987 4205 ἀγαθὸν
1028 4123 1124 4185 καὶ
1172 4120 1358 4185 καλὸν
1410 4122 1611 4185 ἑνικῶς
1653 4120 1782 4181 ἐστι
1825 4117 2064 4182 πάντων
2101 4126 2220 4184 τῶν

523 4232 772 4291 πολλῶν
797 4230 995 4289 καλῶν
1025 4225 1121 4289 καὶ
1148 4225 1390 4306 ἀγαθῶν
1411 4225 1620 4288 αἴτιον.
1667 4220 1851 4298 Quod
1877 4243 2024 4286 vero
2051 4221 2213 4286 idem

525 4329 739 4394 itidem
770 4328 957 4394 dicit:
997 4327 1086 4393 διὸ
1118 4328 1213 4391 καὶ
1240 4324 1456 4391 ταύτόν
1485 4328 1616 4390 ἐστι
1642 4327 1880 4411 τάγαθῷ
1909 4325 1977 4388 τὸ
2009 4326 2213 4401 καλὸν,

525 4435 749 4497 ὄτιτοῦ
777 4435 963 4495 καλοῦ
993 4431 1088 4495 καὶ
1117 4431 1345 4512 ἀγαθοῦ
1382 4431 1531 4493 κατά
1567 4432 1769 4493 πᾶσαν
1799 4429 1994 4492 αἰτίαν
2022 4429 2218 4493 πάντα

525 4538 777 4618 ἐφίεται,
808 4533 998 4599 habet
1039 4548 1104 4597 et
1145 4531 1264 4597 hoc
1300 4531 1619 4596 Platonem
1664 4545 2004 4611 auctorem,
2036 4531 2216 4596 nimi-

523 4661 662 4703 rum
710 4637 776 4701 in
824 4635 1130 4702 Convivio
1175 4658 1245 4723 p.
1281 4653 1425 4701 201.
1479 4656 1542 4722 p.
1574 4653 1725 4719 425.
1757 4632 1997 4698 Bekk.:
2056 4637 2218 4699 ἀλλά

525 4741 772 4823 σμικρὸν
802 4740 890 4804 ἔτι
918 4738 1067 4804 εἰπέ·
1114 4740 1347 4821 τάγαθά
1372 4739 1442 4802 οὗ
1472 4739 1569 4802 καὶ
1596 4739 1752 4801 καλά
1793 4741 1957 4801 δοκεῖ
1994 4762 2093 4802 σοι
2134 4738 2213 4801 εἶ-

525 4870 660 4918 ναι;
710 4871 762 4907 κ.
784 4869 841 4908 τ.
867 4851 928 4907 λ.
989 4842 1153 4911 Quae
1179 4840 1362 4905 etiam
1393 4839 1664 4905 mutuati
1695 4854 1839 4904 sunt
1870 4839 2131 4905 Proclus
2156 4858 2220 4907 et

527 4944 1016 5034 olympiodorus
1059 4944 1126 5008 in
1171 4943 1379 5009 Alcib.
1431 4966 1564 5031 pr.:
1612 4942 1740 5023 ille,
1788 4966 1850 5030 p.
1880 4962 2030 5027 319.
2080 4967 2219 5032 sqq.

523 5069 671 5137 3²7·
717 5069 869 5135 335.
917 5071 1104 5135 sqq.:
1165 5046 1293 5124 hic,
1339 5071 1405 5135 p.
1445 5063 1584 5130 117.
1625 5066 1768 5112 121.
1805 5048 1945 5111 126.
2038 5047 2219 5112 Idem

525 5153 840 5217 decretum
895 5150 1213 5215 excutitur
1263 5149 1325 5214 in
1373 5150 1621 5215 Timaeo
1673 5171 1738 5237 p.
1772 5149 1876 5232 87.
1955 5148 2218 5215 Philebo

524 5278 588 5343 p.
619 5257 726 5337 64.
760 5278 894 5343 sqq.
973 5253 1177 5343 Hipp.
1225 5254 1371 5341 maj.
1417 5278 1484 5342 p.
1520 5255 1666 5340 296.
1715 5269 1779 5318 et
1826 5252 1892 5317 in
1943 5255 2216 5320 Menone

612 5484 673 5547 p.
704 5461 856 5546 983,
895 5481 991 5524 10.
1045 5463 1098 5524 εἰ
1126 5461 1298 5524 οὐδὲν
1328 5459 1485 5547 ἔχει]
1536 5460 1616 5523 In
1661 5457 1781 5523 hoc
1822 5458 2216 5548 Syllogism0‚

524 5562 649 5628 sive
689 5563 903 5651 potius
948 5562 1171 5641 Sorite‚
1202 5561 1372 5627 haud
1416 5560 1689 5627 absurda
1718 5560 2016 5628 Vaticana
2046 5564 2215 5630 vide-

3876 569 3998 638 295

2310 729 2417 781 tur
2443 714 2650 794 lectio,
2682 717 2868 782 modo
2889 738 3027 782 eam
3052 737 3197 782 cum
3228 718 3485 808 vulgata
3510 719 3599 785 ita
3626 722 3993 811 conjungas:

2308 823 2363 885 εί
2405 822 2512 886 οὑν
2540 820 2716 885 οὐδὲν
2744 820 2894 905 ἔχει.
2986 822 3153 886 Mox
3194 843 3393 910 marg.
3424 822 3549 888 Ed.
3595 822 3785 889 habet
3829 827 4001 890 οὐδὲν

2308 923 2455 1008 ἔχον
2480 946 2599 1012 pro
2633 924 2806 988 οὐδὲν
2835 923 3012 1008 ἔχων,
3043 922 3271 990 deinde
3309 929 3390 1013 τῷ
3431 928 3615 1007 μηδὲν
3645 927 3811 1012 ἔχειν
3838 950 4004 994 rece-

2306 1026 2514 1114 pimus
2542 1049 2660 1113 pro
2688 1026 2757 1090 τὸ
2786 1052 2848 1106 μ.
2883 1052 2930 1091 ε.
3021 1027 3317 1092 Ceterum
3360 1027 3443 1093 ad
3487 1029 3681 1094 nostri
3710 1028 3829 1096 loci
3860 1055 3996 1097 sen·

2305 1128 2565 1194 tentiam
2620 1128 2718 1193 vel
2780 1127 3053 1194 maxime
3110 1129 3349 1196 faciunt
3399 1130 3534 1196 hoec
3583 1133 3889 1199 Eustratii
3933 1136 3998 1200 in

2306 1231 2667 1298 Aristotelis
2726 1231 2940 1297 Ethic.
3005 1231 3144 1298 Nic.
3207 1234 3281 1298 X
3331 1252 3412 1299 2:
3490 1234 3625 1303 ἔθος
3681 1238 3813 1301 ἐστὶ
3873 1245 4000 1307 τοῖς

2305 1340 2715 1402 Πλατωνικοῖς
2757 1338 2854 1400 διὰ
2895 1339 2996 1415 τῆς
3036 1336 3372 1418 προσθήκης
3398 1341 3504 1401 τοῦ
3529 1337 3581 1402 τ’
3611 1344 3932 1423 στοιχείου,
3962 1342 4001 1422 ἢ

2304 1442 2405 1518 τῆς
2432 1438 2767 1520 προσθήκης
2794 1442 2896 1518 τῆς
2924 1443 3125 1521 φωνῆς
3152 1443 3254 1519 τῆς
3280 1439 3422 1505 αὐτὸ
3450 1444 3671 1520 δηλοῦν
3698 1445 3803 1509 τὰς
3846 1446 3998 1522 εἰδη-

2304 1545 2466 1608 τικάς
2490 1540 2587 1606 ὑπ’
2621 1542 2812 1605 αὐτῶν
2845 1540 3210 1621 καλουμένας
3237 1543 3446 1625 ἀρχᾶς,
3478 1542 3547 1607 αἴ
3566 1566 3723 1612 τινες
3763 1545 4003 1625 πρώτως

2305 1642 2448 1707 αὐτὸ
2478 1641 2652 1707 τοῦτό
2683 1645 2837 1709 εἰσιν
2866 1643 2900 1708 ὃ
2927 1643 3172 1726 λέγεται
3203 1644 3340 1726 (Cf.
3370 1643 3524 1709 ibid.
3560 1646 3617 1711 I.
3653 1647 3718 1710 6.
3745 1666 3813 1731 5.
3856 1669 4001 1711 cum

2309 1744 2490 1809 Zellii
2521 1745 2714 1810 nostri
2744 1748 3167 1812 Commentar.
3210 1768 3273 1834 p.
3310 1752 3443 1832 27.)
3487 1751 3583 1812 διὰ
3622 1750 3737 1827 μὲν
3764 1750 3872 1815 οῦν
3899 1756 4005 1814 τοῦ

2304 1876 2415 1915 ταυ
2443 1851 2728 1933 τάγαθὸν,
2761 1853 2907 1932 ὅπερ
2942 1850 3116 1916 οὐδέν
3143 1877 3200 1915 τι
3228 1852 3385 1915 ἄλλο
3425 1854 3611 1927 ἐστὶν,
3645 1853 3783 1918 ἀλλ’
3813 1853 3851 1934 ἢ
3893 1855 4000 1934 μό-

2307 1979 2419 2021 νως
2447 1955 2677 2037 ἀγαθὸν
2701 1955 2796 2019 καὶ
2819 1956 3059 2036 πρώτως
3087 1951 3416 2036 ἀγαθόν.-
3425 1955 3643 2037 ἔλεγον
3665 1959 3730 2021 δὲ
3752 1961 3810 2022 οἱ
3833 1963 4004 2023 Πλα-

2304 2057 2537 2121 τωνικοὶ
2566 2056 2632 2120 τὸ
2664 2057 2877 2121 αὑτοὲν
2906 2058 3001 2121 καὶ
3028 2056 3098 2120 τὸ
3128 2057 3502 2139 αὐτοαγαθὸν
3528 2058 3597 2123 τὸ
3645 2060 3787 2124 αὐτὸ
3828 2062 3998 2135 εἶναι,

2307 2160 2402 2224 καὶ
2436 2160 2541 2223 οὑκ
2569 2160 2725 2223 ἀλλο
2758 2160 2854 2224 καὶ
2883 2159 3304 2224 ἄλλα-εἷναι
3345 2163 3461 2243 γάρ
3490 2164 3823 2243 πρώτιστον
3851 2165 3999 2229 πάν-

2305 2287 2423 2326 των
2450 2261 2519 2325 τὸ
2549 2262 2783 2339 αὗτοέν,
2816 2261 2943 2327 εἶτα
2986 2262 3053 2325 τὸ
3098 2262 3334 2337 αὗτοὸν,
3369 2263 3496 2328 εἶτα
3535 2265 3643 2344 τὴν
3687 2266 3998 2346 αὗτοζωῆν,

2308 2365 2436 2430 εἶτα
2476 2365 2544 2428 τὸ
2590 2367 2900 2441 αὐτοζῶον.
2991 2363 3165 2428 Hinc
3209 2364 3473 2430 Proclus
3518 2367 3729 2432 Instit.
3770 2368 4001 2432 Theol.

2308 2468 2514 2532 VIII.
2567 2491 2628 2555 p.
2669 2487 2785 2549 14:
2847 2467 3086 2533 πάντων
3129 2473 3246 2531 τῶν
3299 2470 3575 2534 ὄπωσοῦν
3619 2475 3726 2536 τοῦ
3775 2474 4004 2553 ἀγαθοῦ

2306 2568 2681 2654 μετεχόντων
2707 2573 2937 2654 ἡγεῖται
2965 2571 3031 2636 τὸ
3061 2573 3300 2652 πρώτως
3340 2572 3569 2654 ἀγαθὸν
3599 2575 3715 2652 καὶ,
3748 2573 3782 2638 ὃ
3818 2579 4003 2656 μηδὲν

2307 2674 2464 2737 ἄλλο
2490 2671 2528 2753 ἢ
2557 2671 2838 2756 τάγαθόν.
2933 2672 3114 2738 Idem
3154 2672 3418 2740 deinde:
3468 2676 3544 2739 ἄν
3586 2675 3702 2758 γάρ
3745 2703 3801 2740 τι
3844 2680 4002 2741 ἄλλο

2306 2781 2588 2859 προσθῇς,
2636 2777 2984 2856 ἠλάττωσας
3030 2780 3101 2857 τῇ
3154 2775 3479 2858 προσθέσει
3528 2777 3598 2841 τὸ
3651 2778 3901 2860 ἀγαθὸν,
3947 2782 4004 2843 τὶ

2307 2880 2537 2962 ἀγαθὸν
2563 2879 2817 2959 ποιήσας
2844 2881 2977 2944 ἀντὶ
3004 2883 3112 2943 τοῦ
3138 2882 3368 2962 ἀγαθοῦ
3393 2884 3499 2943 τοῦ
3527 2883 3744 2949 ἀπλῶς.
3813 2883 4001 2948 Conf.

2307 2982 2512 3070 ipsum
2547 2981 2859 3046 Plotinum
2904 3005 3097 3070 supra
3122 3005 3190 3070 p.
3215 3002 3368 3068 352.
3398 2983 3487 3047 D.
3512 2983 3597 3047 E.
3633 3008 3779 3071 quae
3817 2985 4000 3050 etiam

2306 3108 2450 3150 cum
2483 3084 2890 3172 sequentibus
2917 3086 3261 3173 comparari
3291 3084 3540 3151 debent.

2393 3211 2459 3277 p.
2491 3189 2642 3274 984,
2676 3189 2739 3252 8.
2787 3191 2875 3270 εἴη
2919 3191 3033 3271 γάρ
3079 3188 3155 3253 ἂν
3198 3188 3314 3253 ὑπὸ
3353 3188 3452 3277 ἓν]
3503 3188 3748 3276 Saepius
3797 3190 4006 3256 hiatus

2306 3291 2683 3358 offendimus
2711 3292 2778 3357 in
2808 3289 3041 3357 Plotini
3072 3290 3242 3357 libris
3269 3291 3580 3356 omnibuS.
3647 3293 3864 3381 Hujus
3891 3296 4004 3360 ὑπὸ

2309 3397 2377 3462 ἓν
2418 3394 2705 3483 exempla
2751 3408 3097 3482 suppetunt
3144 3394 3208 3458 in
3261 3393 3435 3458 libris
3478 3394 3759 3460 Platonis
3806 3410 3876 3462 ut
3924 3399 4005 3461 de

2306 3500 2503 3587 Legg.
2525 3499 2689 3563 VII.
2718 3521 2782 3585 p.
2809 3499 2957 3582 789.
2988 3496 3050 3561 d.
3114 3498 3250 3561 XI.
3283 3518 3348 3584 p.
3374 3514 3524 3580 929.
3554 3519 3613 3561 a.
3688 3498 3890 3585 Gorg.
3935 3523 4002 3586 p.

2303 3605 2452 3683 464.
2487 3626 2542 3667 c.
2607 3604 2895 3689 SympOS.
2943 3623 3003 3686 p.
3045 3600 3186 3684 178.
3217 3598 3281 3663 d.
3354 3599 3515 3686 Rep.
3551 3600 3607 3663 1.
3656 3623 3722 3687 p.
3752 3619 3899 3686 342.
3933 3602 4000 3665 d.

2306 3705 2381 3768 V.
2411 3728 2475 3793 p.
2497 3704 2644 3786 468.
2676 3704 2737 3767 b.
2800 3704 2895 3768 X.
2924 3725 2989 3789 p.
3013 3705 3160 3786 615.
3189 3725 3245 3766 c.
3323 3699 3518 3765 Plura
3544 3724 3623 3768 ex
3652 3701 3787 3767 aliis
3813 3704 3999 3768 etiam

2307 3805 2714 3895 scriptoribus
2742 3803 3031 3891 exempla
3056 3802 3363 3891 congessit
3386 3802 3617 3868 Chriss.
3642 3806 3999 3882 Wurmius‚

2305 3909 2402 3973 vir
2448 3910 2695 3988 doctus,
2743 3907 2808 3972 in
2863 3908 3282 3972 Commentar.
3330 3905 3393 3969 in
3439 3905 3742 3972 Dinarchi
3796 3910 3997 3974 Oratt.

2306 4028 2431 4077 tres
2461 4035 2525 4099 p.
2545 4031 2653 4097 31.

2387 4137 2453 4201 p.
2479 4114 2630 4199 985,
2657 4132 2712 4178 2.
2745 4116 2955 4199 πολλῷ
2986 4109 3468 4200 ἄρα-ἀγαθόν]
3495 4112 3784 4178 Ficinum
3817 4129 4000 4201 putes

2304 4217 2522 4304 legisse
2555 4243 2570 4281 :
2643 4216 3127 4281 Πολλαπλάσιον
3170 4216 3286 4295 ἄρα
3328 4214 3396 4278 τὸ
3447 4214 3545 4280 ἀπ’
3594 4217 3773 4280 αὑτοῦ
3814 4215 4001 4296 μόνον

2304 4318 2552 4404 ἀγαθόν.
2634 4318 2816 4383 Libri
2845 4317 2995 4382 nihil
3025 4317 3350 4404 adjuvant.
3435 4320 3601 4383 Cum
3629 4336 4000 4407 argumento

2302 4423 2496 4510 hujus
2537 4421 2758 4509 capitis
2799 4443 3091 4508 compara
3136 4434 3416 4485 nostrum
3462 4443 3685 4508 supra:
3735 4425 3871 4505 περὶ
3897 4429 4002 4487 τοῦ

2302 4530 2533 4610 πρώτου
2577 4528 2805 4608 ἀγαθοῦ
2848 4525 2943 4589 καὶ
2984 4529 3103 4587 τῶν
3146 4525 3352 4587 ἄλλων
3380 4525 3621 4606 ἀγαθῶν
3663 4546 3728 4610 p.
3763 4526 3836 4587 61
3853 4575 3865 4589 .
3900 4549 3996 4612 sq.

2302 4630 2450 4695 item
2484 4627 2691 4693 Procli
2725 4626 2932 4691 Instit.
2962 4625 3496 4702 Theol.,CXX1.
3544 4643 3608 4691 et
3645 4651 3805 4714 quos
3846 4628 3999 4693 alios

2303 4733 2390 4799 ibi
2419 4730 2670 4797 laudavi
2699 4752 2767 4818 p.
2795 4730 2934 4811 178.
2986 4728 3167 4794 Infra
3196 4744 3403 4793 noster
3434 4727 3854 4817 Philosophus
3873 4731 3992 4795 VI.

2306 4861 2364 4924 9.
2397 4838 2459 4901 6.
2504 4834 2613 4922 qui
2666 4833 2839 4897 locus
2886 4848 3053 4897 totus
3097 4853 3240 4896 cum
3295 4847 3504 4895 nostro
3551 4829 3687 4896 loco
3731 4833 3997 4898 conferri

2306 4939 2522 5023 debet)
2586 4952 2847 5025 usurpat
2902 4935 3288 5017 ὑπεράγαθος.
3425 4933 3596 4998 Hinc
3653 4934 3999 5023 Dionysius

2307 5042 2978 5129 Pseudo-Areopagita
3022 5041 3086 5103 in
3134 5038 3391 5103 exordio
3425 5037 3654 5104 Theol.
3700 5040 3997 5126 Mysticae

2307 5172 2374 5236 p.
2409 5165 2554 5231 707.
2631 5144 3009 5209 Trinitatem
3060 5140 3333 5229 appellat
3375 5140 3601 5221 Τριάδα
3641 5142 3996 5221 ὑπερούσιον

2305 5251 2401 5314 καὶ
2427 5248 2718 5330 ὑπέρθεον
2749 5248 2844 5311 καὶ
2863 5245 3262 5327 ὑπεράγαθον,
3282 5261 3344 5309 et
3362 5244 3441 5308 de
3463 5245 3721 5309 Divinn.
3739 5246 3801 5308 N
3805 5267 3990 5308 omm.

2305 5354 2406 5416 II.
2436 5373 2500 5434 4.
2545 5375 2610 5439 p.
2643 5371 2792 5435 419.
2841 5364 3103 5435 usurpat
3151 5349 3259 5427 τὴν
3303 5347 3678 5430 ὑπεράγαθον
3723 5345 3992 5426 θεότητα,

2302 5455 2460 5520 sicut
2489 5454 2643 5519 ibid.
2675 5455 2727 5518 l.
2756 5469 2816 5538 5.
2849 5475 2910 5539 p.
2937 5452 3087 5537 382.
3139 5452 3315 5515 Deus
3344 5450 3540 5515 eidem
3574 5448 3804 5513 dicitur
3832 5451 3868 5528 ἡ
3896 5455 3997 5529 τῆς

2300 5554 2810 5640 ὑπεραγαθότητος
2836 5558 3094 5635 ὕπαρξις.
