5118 6613
1075 497 1161 562 94

1076 649 1345 733 στροφὴν
1371 653 1644 713 ποιεῖται.
1690 646 1787 711 καὶ
1828 647 1904 714 ὣς
1941 651 2162 713 εκεῖνος
2196 645 2449 727 οὐδαμοῦ
2483 645 2596 727 μέν
2626 647 2755 711 ἐστι

1076 757 1146 835 τῇ
1176 752 1351 837 οὐσίᾳ
1377 754 1684 833 πανταχοῦ
1715 752 1953 836 (repete
1981 751 2314 833 πανταχοῦ)
2347 752 2412 813 δὲ
2439 756 2566 816 ταῖς
2595 751 2755 831 ἐνερ-

1077 858 1284 940 γείαις,
1315 855 1464 918 οὕτω
1497 853 1590 917 καὶ
1618 855 1652 916 ὁ
1681 851 1926 934 οὐρανὸς
1962 851 2082 931 ἅμα
2117 855 2426 936 πανταχοῦ
2464 853 2577 932 μὲν
2605 849 2755 916 εἶναι

1078 957 1249 1038 σῶμά
1275 982 1349 1040 γε
1378 955 1461 1021 ὢν
1488 955 1567 1035 μὴ
1594 954 1912 1035 δυνάμενος
1941 956 2087 1018 κατὰ
2111 953 2258 1037 μέρη
2292 957 2600 1037 πανταχοῦ
2626 954 2752 1035 γίν-

1082 1086 1228 1126 εται.
1262 1060 1355 1124 καὶ
1375 1060 1465 1122 ὅτι
1492 1062 1559 1138 τῇ
1590 1058 1764 1143 οὐσίᾳ
1791 1063 1908 1121 τῶν
1936 1057 2102 1124 ἐντὸς
2130 1056 2476 1139 έξηρημένος
2499 1059 2755 1140 κυβερνᾷ

1079 1161 1276 1228 πάντα
1314 1167 1440 1228 ταῖς
1477 1164 1685 1225 ἑαυτοῦ
1723 1162 2059 1242 ἐνεργείαις,
2095 1186 2144 1223 κ.
2165 1185 2218 1223 τ.
2233 1168 2293 1223 λ.
2367 1159 2467 1224 Ad
2497 1157 2756 1223 eandem

1079 1265 1332 1331 classem
1360 1262 1636 1328 locorum
1666 1262 1933 1350 pertinet
1961 1261 2144 1326 etiam
2172 1260 2275 1326 hic
2300 1260 2579 1349 ejusdem
2609 1259 2759 1326 Phi-

1081 1367 1288 1457 loponi
1322 1366 1494 1431 locus
1534 1365 1599 1430 in
1630 1365 1886 1430 Aristot.
1917 1364 1995 1430 de
2024 1364 2259 1429 Anima
2287 1366 2364 1429 Β.
2393 1379 2459 1451 5.
2487 1387 2546 1428 a.
2572 1363 2756 1429 Ἀπο·

1084 1473 1285 1536 δίδωσι
1316 1470 1410 1534 καὶ
1437 1471 1470 1532 ὁ
1502 1474 1809 1536 Πλωτΐνος
1839 1466 2046 1551 (Male
2086 1468 2333 1544 Suidas,
2362 1467 2472 1555 qui
2504 1467 2639 1531 hoec
2667 1490 2761 1530 re-

1081 1574 1204 1640 fert
1230 1574 1294 1637 in
1322 1595 1458 1636 voc.
1492 1571 1741 1655 φυσικὸς
1767 1572 1966 1654 λόγος,
1999 1570 2237 1657 scripsit
2269 1574 2303 1635 ὁ
2332 1569 2613 1644 Πλάτων,
2642 1591 2757 1633 no-

1083 1691 1254 1743 tante
1284 1677 1611 1759 KusterO.)
1651 1676 1718 1738 ἑκ
1758 1678 1858 1753 τῆς
1900 1673 2188 1757 σχέσεως,
2226 1673 2300 1754 ἦν
2335 1673 2463 1757 ἔχει
2504 1672 2648 1754 πρὸς
2688 1675 2763 1737 τὰ

1080 1781 1195 1862 πρὸ
1224 1782 1417 1844 αὑτοῦ.
1464 1784 1510 1817 “
1534 1775 1820 1842 Plotinus
1846 1799 2100 1864 quoque
2127 1776 2347 1864 figuras
2373 1775 2565 1863 hujus
2599 1773 2760 1862 (glo-

1080 1884 1273 1960 bosoe,
1305 1882 1637 1964 σφαιρικῆς)
1670 1901 1915 1943 causam
1945 1878 2171 1958 reddit,
2199 1877 2453 1965 petitam
2485 1898 2565 1942 ezr
2590 1878 2758 1941 rela-

1084 1989 1271 2063 tione,
1289 2006 1473 2071 quam
1495 1983 1710 2045 ccelam
1737 1982 1918 2047 habet
1942 1981 2029 2044 ad
2047 2003 2142 2059 ea,
2163 2003 2303 2068 quae
2328 2002 2527 2068 supra
2553 1982 2762 2067 ipsum

1082 2088 1287 2153 sunt?
1373 2087 1535 2151 Haec
1562 2084 1880 2171 aliquanto
1919 2082 2103 2172 plura
2132 2083 2416 2171 adposui,
2447 2106 2593 2148 cum
2634 2105 2765 2170 quo

1086 2188 1389 2255 Platonici
1420 2186 1876 2274 Plotinianique
1903 2186 2019 2252 loci
2048 2185 2368 2252 celebritas
2397 2185 2766 2273 intelligere-

1083 2308 1211 2372 tur,
1242 2305 1375 2357 tum
1406 2314 1535 2379 quo
1562 2290 1708 2356 huic
1735 2290 1982 2356 decreto
2009 2314 2088 2355 ex
2117 2288 2428 2355 veteribus
2456 2287 2760 2377 interpre-

1084 2395 1252 2462 tibus
1278 2395 1389 2459 lux
1417 2392 1756 2458 accederet.

1170 2521 1235 2586 p.
1266 2518 1408 2583 199,
1436 2516 1532 2560 10.
1575 2498 1666 2560 ὅτι
1713 2494 1884 2579 ψυχὴ
1931 2497 1998 2559 ἐν
2039 2496 2183 2576 αὐτῇ
2227 2495 2535 2560 ἑστι-ἀεὶ
2578 2494 2761 2577 ἰέναι]

1087 2600 1278 2665 Dicas
1307 2598 1597 2664 Ficinum
1640 2596 1856 2685 legisse
1899 2599 1990 2661 ὅτι
2029 2598 2200 2682 ψυχὴ
2244 2600 2311 2662 ἐν
2351 2599 2578 2682 σφαίρᾳ
2616 2597 2763 2670 ἐστὶ,

1089 2705 1183 2768 καὶ
1230 2705 1372 2782 αὕτη
1427 2700 1571 2783 πρὸς
1620 2700 1801 2779 αὐτὴν
1850 2702 2091 2764 σπεύδει
2149 2699 2317 2774 ἰέναι,
2369 2699 2595 2764 omisso
2651 2701 2762 2765 ἀεί.

1088 2806 1235 2869 Hoc
1277 2802 1530 2890 quidem
1581 2801 2008 2867 auctoritatem
2061 2801 2251 2866 habet
2291 2800 2614 2880 librorum,
2665 2800 2771 2866 illa

1087 2905 1237 2971 bina
1253 2904 1664 2994 praecedentia
1689 2904 1974 2982 minime;
2019 2903 2395 2991 omninoque
2422 2915 2678 2992 proestat
2704 2903 2767 2968 in

1087 3007 1394 3095 ejusmodi
1420 3006 1557 3071 loco
1584 3028 1835 3071 manum
1866 3005 2192 3071 abstinere.

1174 3134 1244 3199 p.
1265 3129 1409 3189 200,
1429 3128 1526 3193 17.
1548 3108 1874 3190 ἢ-ὤσπερ
1895 3106 2352 3190 περιολισθάνον
2374 3107 2759 3193 ἀνακάμπτει]

1091 3212 1325 3280 Nullus
1379 3212 1535 3277 liber
1590 3209 1844 3276 exhibet
1896 3213 2390 3292 περιολισθαῖνον.
2467 3209 2763 3297 Thucyd.

1092 3319 1253 3382 VII.
1272 3318 1375 3404 65.
1400 3315 1813 3393 ἀπολισθάνοι,
1842 3312 1987 3378 item
2018 3312 2538 3378 consentientibus
2568 3315 2764 3379 MSS.

1093 3421 1355 3486 Lucian.
1392 3417 1585 3484 Diall.
1617 3419 1785 3482 Mar.
1822 3418 1976 3481 XV.
2009 3436 2067 3483 2.
2102 3416 2397 3493 similiter,
2429 3416 2536 3481 ubi
2567 3430 2772 3480 tamen

1093 3524 1245 3589 Tib.
1291 3521 1648 3588 Hemsterh.
1685 3544 1749 3609 p.
1777 3521 1929 3608 326.
1974 3543 2053 3584 ex
2100 3543 2215 3584 usu
2262 3518 2617 3606 postulabat
2659 3521 2769 3584 ἀπ-

1092 3628 1442 3692 ολισθαίνοι.
1489 3626 1624 3690 Nec
1665 3624 1731 3688 in
1776 3624 2121 3711 Polybiano
2157 3622 2393 3687 Lexico
2433 3621 2600 3686 illam
2642 3622 2772 3685 for-

1092 3752 1258 3794 mam
1280 3741 1636 3794 annotatam
1652 3727 1856 3805 video,
1874 3726 2018 3791 licet
2037 3727 2150 3790 IV.
2163 3746 2267 3812 32.
2285 3745 2415 3813 2.p.
2442 3724 2544 3790 80.
2561 3747 2774 3790 omnes

1091 3831 1233 3896 libri
1291 3831 1553 3895 offerant
1609 3831 2023 3895 διωλίσθανον.
2113 3828 2239 3893 Sed
2298 3828 2775 3893 Hemsterhusio

1095 3933 1423 3999 oblocutus
1464 3932 1625 3996 banc
1673 3946 1976 3996 vetustam
2026 3931 2201 3996 verbi
2245 3931 2508 3995 formam
2567 3953 2777 3995 recen-

1096 4035 1357 4101 tioribus
1407 4034 1590 4099 etiam
1634 4033 1922 4122 prosariis
1968 4033 2368 4121 scriptoribus
2420 4032 2773 4098 vindicavit.

1098 4138 1357 4202 Person.
1389 4135 1471 4200 ad
1493 4134 1784 4222 Euripid.
1814 4133 2119 4199 Pboeniss.
2150 4158 2212 4199 v.
2243 4136 2425 4220 1398.
2459 4136 2559 4200 Cf.
2591 4136 2775 4201 etiam

1099 4238 1377 4304 Fischer.
1430 4237 1514 4302 ad
1558 4236 1812 4302 Weller.
1867 4238 2006 4301 111.
2060 4261 2125 4325 p.
2175 4258 2315 4320 141.
2366 4261 2638 4326 quocum
2695 4238 2776 4303 ad

1100 4342 1490 4428 Temporum
1518 4339 1747 4403 formas
1774 4339 1985 4403 confer
2015 4339 2290 4405 Lobeck.
2323 4340 2405 4404 ad
2434 4339 2774 4429 Phrynich.

1098 4467 1162 4532 p.
1196 4460 1302 4527 74.
1337 4463 1394 4510 2.
1424 4467 1518 4530 sq.
1571 4441 1849 4507 Accedat
1891 4442 2083 4529 igitur
2127 4442 2376 4507 Lexicis
2421 4443 2777 4531 exemplum

1099 4547 1374 4635 antiquae
1421 4546 1638 4609 formae
1685 4544 1803 4608 hoc
1853 4544 2056 4630 ipsum
2102 4544 2544 4624 Plotinianum‚
2599 4547 2779 4611 item-

1100 4673 1226 4738 que
1253 4648 1395 4713 infr.
1430 4649 1529 4712 II.
1563 4649 1624 4712 6.
1657 4668 1711 4712 1.
1755 4648 1895 4712 III.
1931 4654 1987 4712 6.
2022 4668 2119 4731 14.
2164 4647 2271 4712 ubi
2316 4662 2439 4712 tres
2481 4648 2623 4713 libri
2666 4649 2774 4714 ha-

1099 4752 1252 4817 bent
1294 4749 1741 4815 ἀπολισθάνειν.
1831 4751 1933 4815 De
1975 4774 2092 4815 usu
2137 4750 2309 4815 verbi
2351 4754 2674 4817 ὀλισθαίνω
2716 4766 2780 4818 et

1102 4857 1413 4935 ὀλίσθησις
1454 4851 1672 4918 tralate
1713 4852 1813 4940 egi
1855 4852 1936 4917 ad
1982 4852 2275 4917 Proclum
2318 4852 2383 4916 in
2413 4853 2548 4918 Alc.
2578 4878 2674 4942 pr.
2709 4877 2774 4941 p.

1108 4978 1247 5044 139.
1291 4954 1487 5020 Adde
1514 4977 1680 5018 nunc
1710 4955 2044 5043 Wyttenb.
2077 4958 2320 5020 Annot.
2350 4954 2414 5018 in
2438 4957 2690 5043 Eunap.
2711 4980 2775 5044 p.

1102 5082 1205 5147 90.
1241 5083 1330 5147 sq.
1361 5056 1457 5122 ed.
1485 5057 1843 5122 Boissonad.
1877 5058 2152 5122 Verbum
2185 5057 2592 5145 compositum
2621 5084 2780 5140 περι-

1102 5164 1425 5229 ολισθαίνω
1455 5158 1600 5224 satis
1626 5160 1917 5246 frequens
1937 5160 2106 5248 apud
2130 5182 2328 5224 unum
2347 5159 2781 5241 Plutarchum,

1102 5266 1212 5353 qui
1239 5265 1405 5331 idem
1434 5265 1499 5329 in
1530 5262 1687 5327 Vitis
1716 5261 1852 5327 Vol.
1886 5264 1984 5328 11.
2010 5286 2073 5350 p.
2098 5278 2248 5348 551.
2273 5261 2486 5327 Reisk.
2519 5279 2781 5351 usurpat

1102 5367 1576 5452 περιολισθήσεις
1616 5372 1732 5429 τῶν
1772 5370 2025 5448 γεωδῶν,
2072 5380 2134 5429 et
2168 5365 2393 5452 saepius
2434 5363 2621 5429 etiam
2663 5366 2781 5431 hoc

1103 5472 1433 5537 verborum
1455 5492 1654 5558 genus
1674 5467 1929 5533 obvium
1947 5466 2028 5532 de
2049 5467 2409 5555 corporibus
2430 5468 2781 5550 mundanis,

2035 474 2794 541 ANNOTATIONE
2815 473 2858 538 S
2927 474 3029 539 IN
3098 471 3543 538 PLOTINI

2837 645 3172 724 elementis,
3204 660 3278 711 ut
3305 644 3368 709 in
3398 645 3516 709 hoc
3543 644 3679 709 loco
3701 643 3970 718 Plotini;
4003 644 4113 731 qui
4142 643 4313 732 quod
4342 645 4521 712 addit

2839 749 3202 829 ἀνακάμπτει
3258 748 3376 813 hoc
3432 748 3724 813 admonet
3773 746 4039 835 duplicis
4092 747 4335 834 generis
4392 749 4520 838 sig—

2838 874 3062 918 norum
3096 850 3376 929 Zodiaci,
3409 849 3692 916 videlicet
3719 857 3837 915 τῶν
3867 850 4286 931 καμπτομένων
4312 866 4377 917 et
4404 859 4523 916 τῶν

2840 958 3193 1037 ὀλισθηρῶν.
3279 955 3382 1018 De
3424 952 3522 1017 his
3563 967 3626 1017 et
3662 952 3797 1018 aliis
3845 953 4085 1018 monuit
4126 953 4393 1020 Dorvill.
4439 954 4522 1019 ad

2843 1057 3161 1122 Chariton.
3211 1058 3311 1122 II.
3350 1076 3402 1120 1.
3447 1079 3514 1144 p.
3562 1076 3707 1142 293.
3752 1055 3853 1120 ed.
3900 1055 4075 1143 Lips.
4110 1053 4206 1144 [p.
4238 1074 4376 1142 154.
4420 1055 4518 1123 cd.

2843 1159 3226 1245 Amstelod.]

2930 1285 2995 1350 p.
3031 1282 3176 1340 201,
3211 1281 3269 1329 2.
3304 1266 3403 1327 θεῖ
3439 1263 3546 1326 οῦν
3583 1263 3651 1326 ἐν
3688 1258 3734 1348 ᾧ
3781 1261 4099 1344 ἔχει-οὐκ
4149 1263 4250 1327 ἶνα
4290 1261 4525 1343 μένῃ-

2844 1364 2980 1430 ἀλλ’
3038 1367 3138 1429 ἵνα
3194 1363 3473 1453 φέρηται]
3537 1363 3639 1429 Sic
3694 1362 4049 1450 scripsimus
4103 1386 4220 1451 pro
4272 1363 4524 1444 μένοι-

2844 1467 3107 1551 φέροιτο,
3153 1466 3310 1532 illud
3358 1466 3723 1532 auctoritate
3772 1466 4147 1553 optimorum
4200 1465 4525 1545 librorum,

2844 1570 2982 1649 hoc,
3014 1593 3143 1657 quo
3171 1569 3287 1635 sibi
3315 1583 3552 1634 constet
3584 1567 3928 1634 Modorum
3956 1568 4136 1650 ratio,
4165 1581 4229 1634 et
4256 1568 4428 1656 quod
4457 1569 4531 1634 il-

2843 1671 2958 1737 lud
3008 1672 3258 1755 φέρηται
3312 1693 3678 1761 oppressum
3721 1684 3925 1759 potest
3970 1694 4101 1737 esse
4146 1693 4186 1736 a
4234 1685 4529 1758 sequente

2848 1776 2962 1853 καὶ,
2983 1791 3319 1862 utrumque
3341 1789 3550 1840 autem
3579 1773 3975 1863 poscentibus
4001 1773 4235 1862 linguae
4262 1773 4524 1861 legibus.

2849 1880 3161 1943 Caeterum
3209 1877 3574 1943 Macrobius
3615 1877 3680 1942 in
3725 1879 3976 1942 Saturn.
4012 1878 4070 1942 Ι.
4095 1894 4192 1961 17.
4222 1900 4410 1964 quem
4437 1876 4530 1942 lo·

2846 2003 2988 2046 cum
3034 2003 3223 2069 supra
3263 1981 3577 2068 integrum
3619 1980 3903 2069 apposui,
3942 1979 4078 2044 hoec
4113 1978 4344 2045 Plotini
4386 1993 4529 2045 ante

2846 2082 3058 2148 oculos
3075 2083 3366 2148 habuisse
3382 2083 3650 2161 videtur,
3679 2082 3789 2147 ubi
3811 2081 4021 2148 scribit
4037 2090 4191 2147 :—“
4209 2081 4360 2170 quia
4386 2104 4530 2147 cum

2849 2208 3090 2274 semper
3112 2185 3347 2252 moveri
3375 2208 3617 2251 necesse
3647 2184 3746 2264 sit,
3768 2186 3942 2250 ultra
3969 2195 4178 2250 autem
4197 2186 4366 2251 Ιοεω
4393 2186 4532 2250 nul-

2846 2291 2948 2354 lus
2973 2292 3079 2369 sit,
3108 2312 3239 2377 quo
3266 2312 3331 2354 se
3360 2291 3573 2354 tendat
3601 2288 3885 2368 accessio,
3908 2287 4367 2354 continuatione
4393 2311 4532 2377 per·

2848 2405 3057 2480 petuae
3082 2391 3146 2456 in
3178 2415 3243 2456 se
3279 2390 3597 2457 reditionis
3633 2390 3925 2478 agitatur.
3970 2413 4122 2479 ergo
4163 2390 4228 2456 in
4270 2414 4400 2479 quo
4441 2405 4532 2457 est

2850 2495 2950 2559 vel
2974 2496 3154 2559 habet
3180 2496 3406 2573 currit,
3438 2504 3498 2559 et
3524 2496 3806 2558 accedere
3832 2497 3969 2581 ejus
3993 2494 4233 2559 revolvi
4252 2504 4366 2572 est,
4385 2494 4534 2583 quia

2850 2596 3110 2684 sphaerae
3140 2595 3337 2684 spatia
3364 2610 3429 2662 et
3453 2594 3589 2661 loca
3623 2595 4084 2684 complectentis
4125 2597 4334 2662 omnia
4366 2619 4532 2662 unus

2851 2713 2943 2764 est
2970 2722 3211 2776 cursus,
3241 2698 3490 2764 rotari.”

2936 2839 3023 2851 —
3047 2821 3148 2882 14.
3196 2805 3301 2866 νῦν
3339 2803 3404 2866 δὲ
3450 2801 3648 2881 ἐπειδὴ
3689 2800 3856 2867 πᾶσά
3900 2802 4065 2866 ἐστιν
4094 2801 4287 2883 αὐτῆς,
4317 2801 4535 2871 παντὸς

2855 2905 3111 2988 ἐφίεται]
3175 2904 3552 2991 Recepimus
3605 2909 3774 2968 πᾶσα
3818 2925 3937 2992 pro
3992 2909 4175 2968 ταῦτα
4231 2927 4309 2969 ex
4364 2902 4536 2970 libris

2852 3006 3076 3071 nostris
3105 3028 3282 3094 paene
3309 3006 3616 3072 omnibus.
3686 3006 3811 3071 Sed
3854 3005 4131 3071 nondum
4177 3020 4537 3093 persanatus

2853 3109 3101 3173 videtur
3148 3107 3339 3174 locus.
3431 3108 3689 3174 Ficinus
3732 3108 3823 3173 ita
3869 3108 4076 3186 vertit,
4120 3132 4194 3174 ac
4243 3109 4294 3174 si
4336 3111 4539 3198 conje-

2852 3211 3026 3291 cerit,
3057 3217 3188 3276 Νῦν
3216 3214 3304 3291 δὲ,
3337 3211 3535 3291 ἐπειδὴ
3561 3211 3632 3291 ἧς
3660 3212 3891 3293 ἐφίεται
3924 3211 4090 3276 πᾶσά
4131 3214 4261 3277 ἐστι
4295 3215 4534 3282 παντός.

2855 3314 3090 3396 Placet,
3132 3314 3321 3381 modo
3354 3314 3735 3380 deficientem
3783 3314 4112 3401 Apodosin
4153 3316 4423 3404 expleas,
4470 3331 4540 3382 ut

2857 3418 3003 3483 fecit
3031 3418 3193 3483 idem
3239 3417 3561 3505 interpres.
3650 3419 3809 3496 Quae
3852 3416 4109 3505 Ellipsis
4150 3434 4293 3505 post
4331 3424 4438 3484 νῦν
4474 3422 4539 3485 δὲ

2857 3519 3353 3608 frequentissima
3380 3520 3601 3585 Atticis
3629 3519 4050 3607 scriptoribus.
4112 3519 4288 3586 Plato
4318 3522 4533 3611 Symp.

2857 3647 2914 3688 c.
2945 3626 3002 3689 8.
3037 3627 3090 3688 el
3114 3625 3227 3704 μὲν
3254 3628 3370 3708 γὰρ
3400 3625 3483 3690 εἷς
3507 3623 3583 3702 ἦν
3613 3626 3646 3687 ὁ
3666 3622 3880 3705 Ἔρως,
3912 3628 4103 3690 καλῶς
4133 3623 4209 3688 ἂν
4237 3624 4384 3708 εἶχε·
4432 3629 4538 3690 νῦν

2859 3727 3078 3791 δὲ-οὗ
3119 3726 3234 3809 γάρ
3279 3729 3445 3791 ἐστιν
3488 3727 3587 3794 εἷς.
3635 3726 3717 3790 cf.
3762 3726 3844 3789 de
3888 3726 4093 3813 Legg.
4130 3726 4262 3789 IX.
4291 3748 4356 3815 p.
4391 3729 4537 3812 875.

2857 3852 2913 3893 c.
2942 3828 3004 3893 d.
3055 3829 3253 3894 Lach.
3284 3853 3350 3918 p.
3383 3830 3526 3911 184.
3551 3843 3615 3895 et
3634 3851 3778 3916 quae
3808 3827 3990 3916 plura
4015 3827 4312 3893 exhibent
4336 3830 4540 3895 Heus-

2858 3930 2999 3996 dius
3043 3933 3223 4018 Spec.
3269 3932 3404 3998 crit.
3450 3931 3515 3995 in
3557 3930 3719 3997 Plat.
3754 3953 3822 4018 p.
3855 3932 3997 3997 286.
4042 3946 4106 3995 et
4148 3930 4411 3996 Heindf.
4456 3932 4539 3997 ad

2861 4035 3181 4100 Charmid.
3213 4058 3276 4123 p.
3310 4055 3452 4118 114.
3481 4050 3544 4101 et
3571 4034 3652 4099 ad
3686 4033 3931 4099 Theaet.
3963 4056 4029 4121 p.
4064 4034 4209 4100 286.
4286 4035 4538 4101 Macro-

2858 4137 3001 4202 bius
3041 4138 3106 4202 in
3154 4141 3362 4203 Somn.
3399 4138 3569 4226 Scip.
3598 4137 3640 4202 l.
3671 4137 3718 4202 l.
3746 4136 3857 4225 qui
3894 4136 4029 4201 haec
4069 4135 4303 4201 Plotini
4344 4137 4543 4227 magis

2862 4241 3203 4328 exscripsit,
3246 4263 3436 4328 quam
3480 4240 3667 4306 vertit
3713 4240 3859 4322 (nisi
3905 4240 4067 4305 forte
4114 4240 4541 4307 Eustochiana

2859 4344 3208 4408 recensione
3229 4340 3452 4408 harum
3483 4342 3853 4407 Enneadum
3881 4364 4024 4407 eum
4063 4365 4248 4407 usum
4287 4366 4420 4409 esse
4447 4343 4540 4409 di-

2861 4449 3031 4532 cas:)
3063 4445 3231 4510 hunc
3263 4459 3467 4511 tamen
3495 4445 3702 4510 locum
3739 4445 3827 4521 ita
3865 4444 4165 4533 expressit
4183 4452 4338 4509 :—“
4356 4459 4544 4512 staret

2863 4548 3048 4627 enim,
3070 4548 3120 4613 si
3149 4571 3410 4635 usquam
3443 4566 3704 4613 stantem
3726 4548 3994 4613 animam
4017 4547 4334 4635 reperiret.
4382 4550 4544 4615 Cum

2865 4673 3011 4715 vero
3038 4652 3173 4729 illa,
3201 4652 3288 4715 ad
3313 4653 3495 4737 cujus
3522 4654 3942 4738 appetentiam
3971 4652 4273 4730 trahitur,
4303 4672 4545 4739 semper

2862 4755 2936 4817 in
2963 4757 3265 4819 universa
3290 4754 3633 4840 sefimdat,
3663 4776 3902 4841 semper
3929 4766 3993 4818 et
4013 4775 4237 4841 corpus
4263 4774 4327 4817 se
4354 4750 4419 4816 in
4449 4753 4547 4841 ip-

2864 4878 2992 4920 sam
3044 4872 3108 4921 et
3155 4879 3268 4944 per
3311 4856 3508 4942 ipsam
3565 4858 3941 4944 retorquet.''
4028 4859 4342 4923 caeterum
4400 4854 4544 4919 uni-

2864 4953 3108 5023 versum
3148 4959 3266 5023 hoc
3294 4973 3483 5046 caput
3513 4958 3744 5023 variam
3771 4958 3972 5025 labem
4006 4958 4217 5037 traxit,
4245 4980 4436 5046 quam
4481 4971 4546 5023 et

2862 5062 3116 5126 rationis
3143 5076 3207 5127 et
3234 5061 3529 5126 librorum
3560 5085 3701 5150 ope,
3731 5062 3939 5149 quoad
3970 5062 4023 5149 ej
4033 5084 4106 5126 us
4146 5060 4280 5125 fieri
4319 5074 4545 5148 potest,

2863 5165 3211 5252 abstergere
3257 5163 3632 5229 studuimus.
3719 5165 3831 5229 Ad
3882 5163 4246 5229 sententiam
4296 5162 4549 5251 expedi-

2864 5267 3088 5331 endam
3115 5266 3178 5331 in
3210 5267 3358 5332 locis
3386 5282 3512 5332 tam
3540 5266 3876 5354 impeditis,
3906 5265 4108 5353 qualis
4149 5266 4251 5331 hic
4291 5281 4407 5346 est,
4436 5267 4551 5332 mi·

2863 5369 3053 5447 rifice,
3100 5383 3172 5434 ut
3213 5370 3576 5458 plurimum,
3620 5369 3768 5434 facit
3799 5369 3998 5433 versio
4042 5368 4331 5434 Marsilii.
4422 5369 4549 5448 Qui

2865 5471 3120 5559 quidem
3169 5473 3235 5536 in
3281 5472 3574 5537 extremis
3613 5472 3704 5537 ita
3741 5470 3927 5537 vertit
3967 5492 4041 5535 ac
4082 5471 4132 5535 si
4175 5470 4416 5560 legerit,
4450 5469 4552 5537 vel
