5118 6613
1393 506 1593 571 LIB.
1646 506 1761 570 1v.
1808 505 2266 571 ENNEAD.
2314 504 2786 584 QUARTAE.
2833 505 3294 591 p.·761-776.
3962 523 4084 590 229

586 706 731 745 ποτε
762 681 1082 745 σπουδαία.
1149 678 1588 766 Olympiodor.
1622 678 1684 742 in
1731 678 2002 743 eundem
2042 700 2107 764 p.
2141 694 2290 762 215.

586 807 676 872 sq.
699 808 713 847 :
764 783 960 851 δεινὸς
987 786 1104 865 γὰρ
1134 781 1495 848 διδάσκαλος
1517 784 1551 845 6
1574 786 1770 862 δῆμος.

673 909 718 973 p
771 888 923 968 764,
962 886 1063 950 18.
1107 885 1294 950 πάλιν
1339 885 1445 974 αὖ]
1508 884 1888 972 Disjunctim
1942 897 2007 948 et
2047 883 2295 950 inverso

587 988 806 1052 ordine
867 985 1056 1051 Plato
1116 983 1392 1071 Apolog.
1458 986 1625 1050 Socr.
1693 1008 1756 1073 p.
1822 1001 1926 1067 27.
1990 1007 2051 1071 p.
2119 1005 2233 1049 111
2271 1009 2287 1049 ε

586 1088 788 1154 Bekk.
820 1090 1096 1157 ε-θεοὺς
1142 1090 1255 1172 οὐχ
1289 1089 1568 1170 ἡγεῖσθαι
1617 1087 1806 1169 φάναι
1851 1090 1955 1168 ἐμὲ
2001 1087 2171 1155 θεοὺς
2220 1090 2294 1153 αὖ

590 1193 869 1274 ἡγεῖσθαι
907 1191 1113 1256 πάλιν.
1196 1189 1535 1277 Sophocles
1583 1190 1648 1253 in
1701 1189 1894 1254 Peleo
1941 1213 2045 1277 ap.
2092 1189 2293 1255 Clem.

589 1293 771 1358 Alex.
805 1295 1038 1358 Strom.
1073 1294 1191 1357 VI.
1222 1315 1284 1379 p.
1321 1293 1445 1372 748
1470 1316 1487 1355 :
1534 1292 1721 1356 πάλιν
1750 1295 1867 1374 γὰρ
1897 1294 2063 1360 αὖθις
2093 1300 2232 1361 παῖς
2259 1297 2293 1358 6

584 1396 903 1480 γηράσκων
949 1394 1098 1477 ἀνήρ
1139 1394 1252 1477 (cf.
1297 1396 1537 1481 Fragg.
1570 1417 1631 1481 p.
1666 1408 1775 1479 57.
1807 1393 1907 1458 ed.
1942 1397 2147 1459 Oxou.
2185 1418 2294 1461 no-

585 1499 762 1581 viss.)
810 1497 912 1562 Cf.
945 1497 1130 1561 etiam
1182 1499 1437 1584 Segaar.
1478 1496 1557 1561 ad
1607 1495 1804 1562 Clem.
1852 1497 2035 1565 Alex.
2136 1498 2294 1577 Quis

589 1601 784 1665 Dives
831 1599 983 1665 salv.
1036 1601 1091 1682 §.
1134 1617 1237 1683 27.
1276 1623 1341 1688 p.
1376 1618 1522 1684 259.
1573 1600 1834 1664 Lucian.
1877 1602 2290 1688 Necyomant.

587 1706 648 1786 ξ.
679 1724 741 1785 4.
785 1701 925 1767 Vol.
971 1703 1032 1766 I.
1076 1725 1142 1790 p.
1171 1706 1323 1782 461.
1365 1701 1634 1766 Amstel.
1670 1705 1703 1766 6
1748 1702 1816 1767 δέ
1854 1729 1941 1771 τις
1984 1704 2058 1768 αὖ
2106 1703 2293 1769 πάλιν

587 1806 819 1888 ἀγαθὸν
869 1805 1023 1870 εἶναι
1066 1806 1161 1869 καὶ
1200 1804 1307 1869 τὸν
1349 1809 1613 1869 πλοῦτον
1665 1804 1849 1869 αὐτὸν
1900 1807 2287 1887 ἀπεφαίνετο.

589 1908 694 1973 Cf.
718 1910 1128 1995 Hoogeveen.
1162 1907 1243 1971 de
1273 1907 1603 1973 Particull.
1628 1931 1690 1995 p.
1719 1907 1870 1993 518.
1904 1906 2006 1971 ed.
2029 1907 2286 1973 Scbutz.

585 2010 693 2076 alt.
746 2009 1010 2074 Weiske
1052 2009 1133 2074 de
1174 2010 1590 2074 Pleonasmm.
1636 2033 1699 2097 p.
1739 2028 1878 2093 142.
1926 2010 2163 2074 Rhoer.
2210 2011 2290 2075 ad

590 2113 902 2201 Porphyr.
935 2112 1018 2177 de
1046 2112 1411 2178 Abstinent.
1451 2114 1552 2177 11.
1583 2133 1691 2195 40.
1725 2136 1790 2201 p.
1819 2130 1960 2197 179.
1986 2127 2050 2176 et
2083 2113 2292 2178 Schae-

583 2216 699 2281 feri
729 2215 1121 2280 Meletemm.
1171 2240 1234 2305 p.
1265 2235 1376 2301 39.
1455 2215 1746 2280 Plotinus
1778 2214 2008 2279 iterum
2039 2238 2105 2302 p.
2135 2235 2289 2296 414.

593 2320 685 2383 B:
738 2319 834 2383 καὶ
863 2319 1050 2383 πάλιν
1079 2320 1153 2383 αὖ
1196 2318 1416 2401 λέγων,
1457 2333 1522 2382 et
1565 2317 1899 2404 saepissime
1936 2318 1998 2381 in
2041 2317 2296 2405 reliquis

585 2421 785 2499 libris,
817 2437 890 2486 ut
929 2421 1226 2508 putidum
1265 2421 1345 2485 sit
1387 2421 1581 2509 hujus
1624 2420 2060 2485 redundantiae
2087 2443 2294 2484 exem-

585 2523 690 2612 pla
742 2523 1084 2589 cumulare.
1179 2526 1309 2588 Pro
1353 2547 1428 2587 eo
1485 2524 1671 2588 etiam
1726 2525 1890 2592 αὖθις
1938 2525 2012 2588 αὖ
2060 2545 2204 2587 cum
2257 2546 2296 2586 a

588 2625 810 2714 poetis,
843 2638 979 2689 tum
1026 2647 1064 2688 a
1103 2624 1385 2711 profanis
1418 2624 1824 2711 scriptoribus
1856 2625 2146 2711 usurpari
2178 2623 2293 2688 do-

587 2743 683 2793 cet
712 2730 824 2793 Jo.
849 2726 1147 2792 Davisius
1165 2725 1246 2791 ad
1273 2729 1455 2792 Max.
1483 2730 1643 2814 Tyr.
1677 2729 1902 2791 XXV.
1933 2748 1989 2793 1.
2021 2750 2086 2814 p.
2120 2747 2270 2812 593.

669 2854 739 2918 p.
771 2832 855 2912 76
856 2847 922 2915 5,
951 2850 1017 2915 3.
1060 2830 1099 2910 ἦ
1141 2832 1207 2893 δὲ
1263 2830 1664 2913 ἀγανάκτησις
1710 2834 1859 2895 κατὰ
1919 2830 2027 2894 τὸν
2077 2831 2285 2915 ὄγκον]

590 2931 692 2997 Cf.
725 2931 875 2995 infr.
912 2954 981 3018 p.
1009 2950 1161 3011 421.
1195 2931 1299 2994 D:
1348 2930 1508 3006 ξέσις
1544 2930 1620 2995 ἃν
1670 2929 1912 3013 ἐγένετο
1960 2933 2149 3009 μόνον
2195 2932 2294 2995 καὶ

587 3034 714 3097 οἷον
744 3033 1145 3115 ἀγανάκτησις
1173 3056 1249 3097 ex
1284 3031 1565 3097 Platonis
1597 3032 1871 3097 Phaedro
1901 3031 1963 3120 p.
2005 3051 2116 3116 251
2137 3083 2150 3097 .
2191 3035 2244 3098 C
2271 3057 2286 3098 ε

583 3136 878 3214 -κνῆσίς
920 3160 986 3198 τε
1011 3136 1107 3199 καὶ
1135 3135 1536 3217 ἀγανάκτησις
1563 3137 1698 3218 περὶ
1722 3139 1797 3200 τὰ
1819 3138 2080 3200 οὖλα-.
2110 3142 2202 3212 ξεῖ
2224 3161 2291 3201 τε

591 3239 681 3302 καὶ
718 3239 1047 3320 ἀγανακτεῖ
1078 3238 1175 3300 καὶ
1223 3238 1647 3320 γαργαλίζεται
1688 3238 1930 3321 φύουσα
1965 3240 2041 3301 τὸ
2078 3237 2285 3320 πτερά.

583 3338 880 3404 Alterum
931 3338 1167 3403 Plotini
1210 3338 1414 3404 locum
1455 3339 1507 3403 si
1535 3359 1863 3427 cognosset
1892 3340 2174 3404 Pierson.
2205 3340 2287 3405 ad

589 3444 793 3507 Moer.
825 3465 886 3530 p.
918 3461 1026 3523 41.
1059 3457 1226 3505 certe
1253 3441 1315 3505 in
1349 3442 1485 3506 loco
1530 3441 1847 3507 Platonico
1888 3442 2287 3509 abstinuisset

587 3568 624 3609 a
649 3544 1044 3631 conjecturat
1089 3549 1182 3622 ξεῖ
1206 3569 1273 3608 τε
1302 3547 1399 3609 καὶ
1422 3546 1681 3610 ἀδακτεῖ.

668 3670 734 3735 p.
770 3648 917 3728 766,
946 3665 1011 3731 3.
1059 3647 1161 3710 De
1189 3646 1287 3710 his
1317 3662 1381 3711 et
1408 3670 1554 3734 quae
1589 3646 1884 3733 deinceps
1912 3663 2285 3734 sequuntur,

587 3750 866 3837 disputat
925 3748 1397 3814 Tiedemannus
1439 3749 1504 3813 in
1563 3749 1723 3814 libro
1777 3750 2157 3816 Germanico
2213 3753 2289 3816 de

584 3854 792 3918 cau-52⁰8
842 3851 1265 3938 Philosophiae
1312 3853 1811 3940 contemplativae
1865 3854 2003 3917 111.
2038 3876 2102 3940 p.
2136 3854 2285 3938 348.

666 4081 728 4146 p.
763 4059 913 4140 767,
947 4074 1007 4122 2.
1052 4057 1161 4136 τὴν
1201 4058 1423 4140 τρανὴν
1455 4058 1821 4145 ἑπιθυμίαν,]
1872 4056 1977 4121 Cf.
2013 4079 2205 4145 supra
2236 4058 2287 4121 1.

582 4181 644 4241 4.
681 4179 735 4225 2.
768 4173 834 4222 et
870 4178 935 4243 3.
978 4158 1062 4223 cf.
1105 4157 1312 4222 Procli
1359 4158 1516 4222 Inst.
1555 4157 1784 4223 Theol.
1830 4181 1886 4223 c.
1919 4158 2189 4222 CXLV.
2223 4181 2285 4246 p.

587 4266 731 4329 216.
763 4262 918 4349 ibiq.
952 4265 1199 4326 Annot.

662 4390 728 4454 p.
760 4368 909 4448 768,
943 4385 1041 4428 11.
1075 4367 1152 4432 ὥς
1180 4364 1256 4429 ἂν
1283 4365 1466 4443 αὐτὴν
1495 4369 1574 4452 τῷ
1603 4368 1765 4448 παρὰ
1786 4367 1977 4448 φύσιν
2008 4367 2104 4430 καὶ
2135 4369 2284 4430 κατὰ

580 4470 762 4551 φύσιν
792 4469 1256 4552 ἐπιστατοῦσαν]
1310 4467 1414 4531 Ita
1429 4468 1671 4532 correxi
1692 4491 1773 4533 ex
1794 4467 2048 4532 duobus
2067 4467 2279 4533 Codd.

580 4569 843 4634 —Edit.
888 4569 978 4634 τὸ.
1050 4568 1195 4633 Vid.
1244 4568 1543 4633 Matthiae
1588 4571 1708 4636 Gr.
1758 4571 1877 4636 Gr.
1924 4572 1986 4654 ξ.
2016 4589 2170 4651 402.
2214 4570 2276 4634 d.

584 4672 866 4737 Plotinus
907 4670 1042 4758 ipse
1085 4671 1252 4735 infra
1298 4694 1359 4756 p.
1391 4673 1538 4756 659.
1574 4672 1656 4736 d:
1706 4673 1904 4738 οὐδενὶ
1934 4675 1999 4737 δὲ
2032 4675 2274 4738 ἐπιστα-

577 4779 760 4839 τοῦσα
784 4775 850 4857 (ἦ
879 4773 1117 4857 ψνχή);
1154 4774 1266 4859 qui
1297 4772 1471 4837 locus
1500 4773 1686 4838 etiam
1719 4774 1796 4838 ad
1830 4789 2273 4861 argumentum

579 4876 765 4941 nostri
795 4874 915 4940 loci
943 4875 1401 4962 comparandus
1429 4890 1545 4940 est.

657 5002 722 5066 p.
757 4980 906 5062 769,
939 4977 1001 5041 8.
1049 4977 1438 5057 Πλάτων-ἢ
1467 4979 1653 5043 πάλιν
1684 4980 1758 5043 αὖ
1785 4979 1989 5060 λέγων
2018 5007 2070 5043 κ.
2097 5004 2150 5042 τ.
2173 4980 2271 5069 λ.]

580 5079 758 5146 Plato
784 5079 850 5143 in
884 5079 1131 5144 Timaeo
1158 5102 1222 5166 p.
1246 5099 1352 5162 40.
1401 5104 1462 5168 p.
1488 5101 1562 5160 4¹
1582 5131 1595 5145 .
1629 5078 1833 5144 Bekk.
1867 5080 1948 5144 de
1978 5095 2145 5145 terra
2167 5106 2276 5145 :—

577 5185 814 5266 φύλακα
844 5183 939 5247 καὶ
970 5183 1328 5266 δημιουργὸν
1349 5187 1555 5251 νυκτός
1581 5209 1649 5248 τε
1680 5184 1778 5248 καὶ
1803 5183 2025 5266 ἡμέρας
2053 5186 2274 5267 ἐμηχαν-

576 5285 814 5366 νήσατο,
843 5286 1081 5367 πρώτην
1112 5287 1207 5350 καὶ
1248 5287 1670 5369 πρεσβυτάτην
1707 5290 1881 5360 θεῶν,
1924 5288 2061 5351 ὅσοι
2106 5286 2275 5355 ἐντὸς

577 5389 824 5469 οὐρανοῦ
851 5390 1161 5470 γεγόνασι.
1255 5387 1353 5452 Ad
1386 5411 1574 5476 quem
1608 5387 1813 5452 locum
1844 5387 2077 5453 adhibe
2116 5390 2273 5452 Pro-

576 5488 734 5554 clum
765 5489 829 5555 in
873 5491 1299 5555 Commentar.
1348 5514 1410 5578 p.
1449 5492 1596 5556 281.
1626 5515 1716 5578 sq.
1760 5490 2155 5555 Chalcidium
2202 5513 2269 5577 p.

2387 696 2534 756 214.
2601 676 2989 763 Simplicium
3020 675 3084 738 111
3117 671 3432 741 Aristotel.
3467 673 3548 738 de
3588 672 3764 738 Caelo
3792 674 3904 738 fol.
3944 695 4083 761 125.

2383 803 2521 867 sqq.
2556 778 2845 843 Turnebi
2889 778 3269 843 Adversarr.
3304 779 3496 843 XVI.
3537 778 3637 842 18.
3676 792 3742 843 et
3772 778 4082 844 Cudwor-

2383 881 2495 945 thii
2529 884 2820 968 Systema
2852 879 3160 945 Intellect.
3193 903 3254 967 p.
3277 880 3428 965 483.
3459 879 3560 945 ed.
3592 880 3911 945 Moshem.

2464 1006 2526 1070 p.
2563 1000 2713 1066 771,
2754 1003 2848 1047 11.
2896 982 3202 1070 Disputat
3245 981 3326 1046 de
3366 981 3465 1046 his
3525 980 3759 1047 Plotini
3820 983 4085 1050 decretis

2379 1086 2563 1152 etiam
2598 1085 3071 1150 Tiedemannus
3098 1084 3161 1148 in
3186 1083 3385 1149 libro:
3439 1085 3617 1150 Geist
3644 1086 3760 1149 der
3785 1088 4082 1174 spel-:ula-

2381 1191 2552 1254 tiven
2584 1189 2984 1277 Philosophia
3017 1189 3161 1252 111.
3192 1211 3254 1275 p.
3287 1188 3434 1273 348.
3467 1210 3602 1274 sqq.

2466 1316 2532 1381 p.
2569 1311 2719 1375 772,
2757 1311 2853 1356 12.
2901 1291 3281 1376 ὁμοιοπαθὲς]
3335 1289 3479 1355 Vid.
3515 1313 3705 1377 supra
3731 1292 3810 1356 ad
3843 1316 3904 1380 p.
3952 1315 4043 1381 13.

2466 1433 2554 1444 -
2591 1398 2689 1460 16.
2734 1395 2927 1475 μέσον
2958 1394 3293 1481 ἀνάλογον]
3340 1392 3379 1455 1.
3399 1415 3451 1456 e.
3486 1395 3601 1458 ἀνᾶ
3628 1396 3839 1477 λόγον,
3871 1398 4083 1462 eadem

2373 1500 2801 1585 proportione.
2872 1498 2976 1562 lta
3000 1495 3229 1584 saepius
3247 1494 3433 1560 Plato
3461 1510 3526 1559 et
3556 1494 3884 1562 Platonici.
3946 1501 4083 1564 Do-

2379 1615 2476 1665 cet
2507 1599 2965 1688 Wyttenbach.
2997 1598 3079 1662 ad
3110 1598 3417 1662 Phaedon.
3452 1621 3518 1686 p.
3540 1618 3692 1684 307.
3741 1600 3841 1664 Cf.
3879 1603 4086 1668 Procli

2383 1702 2593 1768 Instit.
2644 1701 2877 1767 Theol.
2928 1725 2980 1765 c.
3021 1703 3165 1779 164.
3209 1713 3271 1764 et
3329 1700 3467 1784 185.
3516 1699 3671 1788 ibiq.
3724 1704 3969 1769 Annot.
4015 1730 4081 1794 p.

2383 1824 2523 1886 242.
2556 1806 2642 1869 cf.
2676 1805 2860 1869 etiam
2906 1802 3118 1869 Celeb.
3155 1804 3439 1866 Haseum
3470 1802 3551 1866 ad
3586 1804 3784 1870 Leon.
3820 1807 4086 1874 Diacon.

2377 1930 2443 1994 p.
2498 1909 2642 1990 187.
2695 1931 2790 1994 sq.
2879 1905 3123 1971 Eadem
3176 1904 3451 1969 formula
3498 1904 3663 1970 infra
3712 1909 3978 1974 recurrit
4022 1935 4083 1999 p.

2375 2030 2524 2091 440.
2557 2012 2647 2074 D.
2678 2033 2744 2096 p.
2782 2011 2930 2094 675.
2967 2009 3043 2073 B.
3095 2007 3432 2094 Eunapius
3463 2008 3525 2071 in
3557 2010 3896 2099 Excerptis
3929 2014 4081 2079 His-

2377 2127 2495 2177 tor.
2529 2112 2592 2176 in
2617 2114 2663 2176 J
2671 2110 2859 2176 uliani
2888 2111 3076 2175 rebus
3110 2111 3242 2175 IX.
3275 2110 3363 2193 (in
3398 2112 3582 2174 Nova
3611 2111 3872 2179 Collect.
3896 2115 4087 2203 scrip-

2378 2231 2583 2280 torum
2620 2215 2788 2278 Vett.
2825 2213 3118 2278 Vaticana
3160 2212 3262 2278 ed.
3304 2212 3535 2299 Angel.
3570 2214 3731 2278 Maii
3761 2217 3949 2281 Tom.
3988 2220 4085 2282 11.

2382 2340 2447 2405 p.
2483 2319 2657 2401 257.)
2690 2340 2705 2379 t
2754 2317 3062 2379 οὕτω-αἵ
3092 2340 3158 2378 τε
3184 2314 3425 2396 πράξεις
3457 2317 3555 2379 ἐπὶ
3593 2317 3752 2380 πολὺ
3793 2319 4086 2400 προΐεσαν

2384 2421 2481 2483 καὶ
2509 2422 2542 2482 6
2573 2425 2692 2483 τῶν
2728 2416 3178 2497 συνισταμένων
3207 2420 3393 2500 ὄχλος
3433 2418 3733 2501 ἀνάλογος
3771 2421 4087 2500 ἠκολούθει

2381 2527 2508 2588 ταῖς
2550 2520 2803 2603 πράξεσι
2828 2527 2999 2583 :—“
3029 2518 3396 2606 ita—plura
3433 2519 3567 2607 jam
3620 2520 3894 2587 facinora
3938 2524 4084 2589 ede-

2382 2624 2638 2702 bantur,
2689 2638 2752 2687 et
2793 2623 2925 2710 jam
2972 2620 3462 2709 conspirantium
3505 2622 3689 2688 turba
3731 2623 3913 2689 factis
3951 2650 4089 2714 par

2383 2726 2821 2814 sequebatur.”
2912 2725 3054 2787 Imo
3097 2723 3426 2806 ἀνάλογον,
3476 2738 3549 2789 ut
3594 2739 3690 2790 est
3735 2727 3798 2790 in
3854 2728 4089 2793 Codice

2381 2830 2681 2916 scriptum
2713 2854 2726 2892 :
2779 2836 2822 2867 “
2853 2827 2939 2892 ita
2971 2843 3030 2891 et
3065 2850 3160 2890 res
3176 2826 3476 2913 majorem
3496 2826 3559 2890 in
3593 2827 3849 2892 modum
3881 2852 4089 2895 succe-

2380 2931 2636 3009 debant,
2667 2945 2732 2994 et
2769 2928 3261 3017 conspirantium
3307 2926 3653 2994 multitudo
3693 2931 3905 2995 eadem
3921 2954 4083 3019 pro·

2370 3036 2666 3123 portione
2701 3057 2798 3098 res
2836 3032 3278 3119 sequebatur,”
3308 3031 3346 3094 i.
3372 3054 3428 3097 e.
3475 3046 3541 3095 et
3578 3054 3709 3118 quo
3750 3032 3948 3120 magis
3990 3057 4088 3100 res

2376 3136 2671 3223 gerendae
2700 3135 3137 3216 succedebant,
3166 3156 3242 3198 eo
3270 3134 3484 3222 plures
3505 3135 3789 3222 quotidie
3811 3138 4088 3204 conflue-

2375 3239 2552 3320 bant,
2586 3239 2697 3327 qui
2727 3254 2790 3304 et
2819 3237 2939 3327 ipsi
2965 3238 3155 3302 rebus
3184 3237 3479 3303 interesse
3507 3254 3832 3328 cuperent.

2374 3444 2442 3508 τὸ
2473 3446 2614 3510 εὐθὺ
2640 3446 2930 3525 τὸ)-καὶ
2959 3448 3039 3531 τῷ
3071 3446 3139 3507 ἐν
3157 3447 3237 3530 τῷ
3268 3444 3727 3528 ξύλῳ-τεθεὶς,
3760 3446 3829 3509 τὸ
3862 3450 4083 3529 κρίνειν

2373 3552 2454 3636 τῷ
2471 3547 3073 3635 τεχνίτῃ-ἔδωκεν]
3109 3548 3213 3611 Ita
3235 3570 3310 3610 ex
3336 3545 3516 3611 bonis
3538 3546 3712 3611 libris
3738 3548 3873 3614 baec
3891 3553 4084 3619 verba

2373 3649 2750 3737 interpolata
2773 3650 2920 3714 hinc
2963 3650 3111 3714 inde
3148 3662 3211 3714 et
3252 3663 3549 3736 corrupta
3590 3651 4080 3721 emendavimus.

2377 3753 2489 3817 Ad
2518 3767 2961 3840 argumentum
2991 3751 3223 3816 adhibe
3250 3751 3571 3839 superiora
3601 3755 3657 3818 Ι.
3693 3756 3755 3818 6.
3785 3775 3850 3841 3.
3880 3779 3945 3843 p.
3968 3777 4077 3843 52.

2379 3857 2465 3920 D.
2501 3854 2650 3941 ibiq.
2681 3865 2998 3918 annotata.

2468 3981 2530 4043 p.
2561 3974 2710 4042 775,
2743 3976 2839 4021 11.
2889 3955 3027 4020 ἀλλ’
3053 3956 3352 4037 ὀμμάτων,
3383 3958 3593 4040 φησὶν,
3626 3959 3732 4023 οὔκ
3757 3963 4076 4051 susacim]

2378 4061 2565 4125 Plato
2592 4059 2656 4123 in
2700 4058 2949 4123 Timaeo
2983 4083 3043 4146 p.
3074 4080 3180 4145 33.
3213 4083 3279 4148 p.
3310 4080 3414 4147 30.
3450 4059 3652 4124 Bekk.
3698 4067 3884 4128 Λεῖον
3913 4068 3977 4129 δὲ
4009 4068 4079 4145 δὴ

2376 4166 2569 4249 κύκλῳ
2597 4167 2719 4227 πᾶν
2749 4164 2968 4242 ἔξωθεν
2990 4163 3134 4227 αὐτὸ
3158 4166 3578 4247 ἀπηκριβοῧτο,
3600 4171 3849 4230 πολλῶν
3875 4167 4074 4250 χάριν·

2373 4265 2653 4346 ὀμμάτων
2681 4291 2747 4329 τε
2787 4269 2904 4349 γὰρ
2944 4269 3213 4331 ἐπεδεΐτο
3258 4268 3574 4350 (ἐπιδεῖται
3617 4290 3782 4331 unus
3828 4269 4073 4347 Codex,

2370 4367 2475 4432 sed
2510 4367 2849 4433 Plotiniani
2878 4367 3201 4455 vulgatam
3230 4370 3672 4453 confirmantz)
3705 4370 3898 4445 οὐδὲν,
3932 4375 4071 4454 ὁρα-

2367 4470 2475 4535 τὸν
2512 4474 2630 4553 γὰρ
2670 4472 2844 4535 οὐδὲν
2871 4473 3231 4535 ὑπελείπετο
3279 4472 3519 4549 ἔξωθεν,
3553 4469 3672 4535 οὐδ’
3708 4474 3902 4553 ἀκοῆς,
3935 4475 4074 4540 οὐδὲ

2366 4577 2484 4656 γὰρ
2514 4574 2810 4637 ἀκουστόν
2844 4571 3028 4656 (alius
3060 4572 3222 4637 Cod.
3256 4572 3603 4638 ὖπέλειπτο.
3690 4573 3907 4638 Voluit
3935 4579 4073 4640 ὑπε-

2363 4675 2670 4749 λέλειπτο,
2703 4688 2778 4740 ut
2823 4673 3080 4762 plurimi
3127 4673 3266 4739 libri
3318 4673 3710 4757 Plotiniani).
3828 4676 4068 4742 Linda-

2363 4776 2506 4840 vius
2531 4776 2615 4841 ad
2651 4776 2898 4843 Platon.
2932 4777 3103 4841 Tim.
3134 4799 3202 4863 p.
3231 4796 3340 4862 39,
3371 4776 3601 4841 Plotini
3643 4800 3767 4842 non
3813 4778 4068 4858 oblitus,

2362 4878 2443 4942 de
2486 4879 2789 4966 proximis
2835 4879 3070 4944 Plotini
3101 4878 3306 4943 verbis
3334 4878 3461 4943 ita:
3511 4887 3555 4918 “
3584 4879 3819 4965 quibus
3850 4881 4067 4963 (nimi-

2363 5003 2503 5045 rum
2564 4981 3096 5068 praecedentibus)
3157 4980 3322 5046 idem
3397 4979 3739 5064 (Plotinus)
3804 4982 4018 5070 adjicit
4048 5009 4061 5048 ε

2362 5082 2502 5146 ἀλλ’
2536 5084 2711 5147 ἔνδον
2740 5109 2813 5165 γε
2840 5084 2916 5164 ἦν
2947 5084 3044 5147 καὶ
3083 5083 3299 5147 ἑαυτὸν
3334 5083 3509 5148 οὐδὲν
3548 5086 3697 5168 ὀρᾷν
3739 5085 4060 5149 ἐκώλυσεν.

2360 5184 2526 5253 Quae
2585 5208 2887 5273 quorsum
2947 5198 3249 5273 spectent,
3302 5184 3564 5250 divines.
3664 5184 4067 5272 significatus

2362 5309 2510 5350 vero
2543 5287 2711 5352 verbi
2741 5290 2977 5353 λείπειν
3004 5288 3149 5366 fert,
3182 5302 3255 5351 ut
3299 5302 3582 5374 tempora
3619 5287 3673 5375 ej
3684 5310 3756 5351 us
3793 5286 3955 5351 inter
3998 5312 4063 5353 se

2359 5389 2859 5474 permutentur.”

2445 5514 2507 5578 p.
2544 5493 2694 5573 776,
2729 5495 2790 5558 8.
2852 5493 2993 5556 ἀλλ’
3039 5493 3177 5556 οὔτε
3226 5493 3720 5577 ὄψιν-ἐνδεοῦς]
3803 5492 4062 5559 Picinus
