5118 6613
1042 512 1165 577 286

1049 686 1181 749 For
1220 704 1301 747 an
1339 677 1718 744 intellectual
1753 697 1998 741 essenee
2037 675 2302 741 because
2335 674 2733 741 sels-subsist-

1043 801 1173 868 ent,
1202 787 1255 852 is
1282 783 1416 850 said
1444 798 1511 848 to
1538 783 1619 848 be
1647 782 1713 846 in
1739 777 1926 846 itself.
1997 780 2130 844 For
2157 801 2227 844 so
2253 778 2352 843 far
2378 800 2448 843 as
2474 777 2524 843 it
2551 777 2606 842 is
2627 777 2736 843 the

1043 916 1226 958 cause
1252 891 1340 965 of,
1370 889 1421 955 it
1456 884 1909 975 comprehends
1937 881 2111 949 itself
2125 907 2144 958 3
2193 882 2311 947 but
2344 903 2414 946 so
2438 880 2538 945 far
2579 904 2649 946 as
2683 880 2734 945 it

1043 996 1096 1060 is
1138 992 1386 1068 caused,
1424 991 1475 1057 it
1513 991 1567 1056 is
1603 986 2104 1076 comprehended
2145 986 2235 1074 by
2261 984 2482 1050 itself.”
2571 986 2734 1050 Haec

1046 1097 1305 1186 Taylor.
1399 1094 1716 1159 Caeterum
1744 1090 1974 1156 adhibe
2003 1090 2098 1154 his
2129 1087 2363 1154 Plotini
2404 1086 2736 1174 disputatis

1043 1199 1308 1264 Aristot.
1335 1195 1725 1283 Metaphyss.
1751 1192 1866 1256 VI.
1895 1210 1992 1275 17.
2026 1214 2095 1279 p.
2121 1210 2260 1278 132.
2292 1188 2468 1279 Sylb.
2500 1213 2566 1278 p.
2594 1192 2732 1276 163.

1044 1301 1333 1368 Brandis.

1127 1426 1191 1491 p.
1218 1420 1368 1487 949,
1400 1419 1499 1480 14.
1520 1395 1693 1461 Ἀλλ’
1718 1398 1920 1476 ὥσπερ
1948 1398 2006 1460 01
2034 1397 2454 1461 ἐνθουσιόντες
2482 1420 2535 1457 κ.
2558 1419 2614 1457 τ.
2631 1392 2727 1480 λ.]

1043 1504 1517 1574 Distinctionem
1543 1498 1991 1586 lectionemque
2029 1497 2222 1585 hujus
2248 1496 2366 1563 loci
2392 1495 2622 1585 partim
2650 1519 2730 1560 ex

1040 1609 1242 1676 Ficini
1264 1606 1540 1671 versione
1557 1602 1786 1692 partim
1808 1624 1887 1666 ex
1914 1599 2088 1667 libris
2118 1600 2341 1665 nostris
2362 1598 2725 1664 emendavi:

1043 1714 1410 1779 Admonent
1434 1721 1646 1772 autem
1665 1705 1802 1771 haec
1827 1703 2143 1769 Ciceronis
2162 1702 2244 1768 de
2272 1702 2556 1768 Divinat.
2590 1703 2646 1766 Ι.
2669 1720 2726 1768 2.

1044 1841 1111 1904 p.
1144 1834 1244 1881 12.
1276 1836 1371 1900 sq.
1401 1811 1498 1876 ed.
1533 1808 1808 1874 Mooeri:
1857 1814 1903 1847 “
1933 1809 2027 1873 Et
2066 1829 2213 1872 cum
2249 1805 2501 1871 duobus
2526 1804 2730 1869 modis

1043 1918 1254 1998 animi,
1279 1917 1408 1981 sine
1426 1913 1664 1979 ratione
1683 1924 1747 1976 et
1762 1910 2035 1990 scientia,
2054 1924 2232 1975 motu
2254 1908 2375 1998 ipd
2396 1931 2511 1974 suo
2530 1907 2735 1975 soluto

1043 2038 1104 2088 et
1133 2021 1328 2086 libero
1355 2015 1815 2084 incitarentur.”

1125 2148 1189 2213 p.
1213 2142 1361 2210 950,
1395 2141 1455 2186 2.
1484 2122 1562 2188 ὥς
1589 2119 1759 2186 οὗτός
1788 2120 1955 2182 ἐστιν
1976 2118 2010 2180 ὀ
2041 2115 2215 2179 ἔνδον
2239 2115 2578 2182 νοῦς-ὅσα
2597 2116 2730 2180 τού-

1041 2255 1145 2293 του
1171 2231 1277 2293 τοῦ
1304 2224 1544 2313 στίχου]
1591 2222 1735 2286 Etsi
1764 2220 1844 2285 ad
1876 2240 2123 2285 sensum
2148 2216 2408 2306 perinde
2433 2232 2548 2296 est,
2574 2217 2734 2282 hanc

1040 2348 1248 2397 tamen
1276 2328 1601 2394 lectionem
1617 2323 1797 2390 alteri
1827 2326 2074 2407 στοίχου
2103 2320 2429 2409 anteposui
2456 2320 2735 2386 admoni-

1041 2450 1144 2499 tus
1185 2433 1371 2498 etiam
1413 2430 1549 2495 loco
1589 2425 1871 2492 Platonis
1914 2426 1979 2489 in
2025 2424 2345 2490 Phoedone
2385 2446 2452 2511 p.
2493 2444 2637 2504 104.
2670 2424 2729 2489 b.

1038 2563 1101 2627 p.
1131 2560 1235 2627 99.
1269 2534 1473 2602 Bekk.
1513 2533 1625 2598 ubi
1665 2531 1795 2597 sine
1839 2529 1966 2596 ulla
2009 2529 2306 2594 varietate
2347 2527 2579 2615 legitur
2609 2529 2732 2591 ‹rt-l·

1039 2670 1166 2726 χος.
1244 2640 1354 2706 Ad
1377 2650 1814 2725 argumentum
1846 2634 2039 2721 hujus
2065 2631 2207 2709 loci,
2237 2630 2531 2719 quoniam
2562 2630 2727 2694 Fici-

1040 2769 1162 2809 nus
1202 2744 1268 2807 in
1321 2745 1721 2828 Argumento
1765 2737 1958 2824 hujus
2011 2734 2232 2822 capitis
2289 2732 2724 2799 Parmenidem

1040 2849 1214 2925 citat,
1243 2844 1478 2920 confer,
1507 2865 1653 2929 quae
1683 2863 1761 2904 ex
1790 2839 1983 2926 hujus
2009 2837 2285 2924 reliquiis
2318 2859 2508 2924 supra
2532 2859 2727 2923 appo-

1042 2948 1137 3013 sui
1175 2946 1259 3011 ad
1300 2968 1362 3033 p.
1392 2946 1543 3029 489.
1575 2944 1678 3007 fin.
1710 2958 1773 3007 et
1803 2965 1869 3029 p.
1901 2960 2048 3026 490.
2079 2940 2219 3005 init.
2307 2940 2503 3005 Adde
2548 2939 2726 3004 Cud-

1043 3050 1374 3128 worthum,
1402 3047 1514 3134 qui
1550 3046 1614 3110 in
1654 3046 1921 3131 System.
1961 3042 2156 3108 intell.
2202 3043 2320 3107 IV.
2341 3045 2447 3129 36.
2478 3066 2545 3131 p.
2578 3043 2727 3127 691.

1044 3161 1089 3194 “
1123 3151 1366 3232 Tertio,
1393 3148 1564 3227 dicit,
1595 3170 1718 3212 non
1755 3146 1932 3211 aliter
1974 3145 2089 3211 sibi
2126 3145 2309 3211 licere
2352 3145 2578 3210 sentire
2603 3168 2725 3232 pu-

1042 3255 1282 3335 tabant,
1329 3252 1503 3342 quod
1536 3250 1829 3339 'cognitio
1883 3263 1947 3316 et
1999 3247 2408 3338 intelligentia
2457 3247 2729 3337 supremi

1042 3358 1422 3446 maximique
1448 3356 1596 3422 boni
1624 3355 1831 3419 locum
1872 3353 2046 3418 nullo
2074 3353 2261 3419 modo
2289 3353 2448 3418 tueri
2478 3366 2724 3441 posset:

1042 3486 1125 3528 ex
1153 3485 1282 3551 quo
1296 3458 1612 3546 consequi,
1633 3455 2029 3545 judicabant,
2058 3478 2189 3520 esse
2216 3470 2502 3520 naturam
2533 3477 2731 3542 quan-

1044 3569 1209 3645 dam,
1232 3589 1378 3653 quoe
1404 3562 1709 3650 dignitate
1725 3575 1916 3648 atque
1942 3559 2147 3646 gradu
2167 3557 2640 3646 intelligentiam
2667 3572 2731 3622 et

1043 3670 1355 3736 scientiam
1386 3665 1729 3732 antecedat.
1807 3665 1996 3728 Hanc
2014 3661 2310 3727 rationem
2339 3659 2522 3725 Plato
2551 3676 2737 3747 urget

1044 3791 1107 3839 et
1134 3772 1531 3861 persequitur
1558 3770 1625 3834 in
1653 3768 1812 3834 libro
1840 3779 2015 3833 sexto
2042 3765 2124 3831 de
2154 3762 2530 3853 Republica.
2611 3763 2736 3829 His

1041 3877 1238 3964 igitur
1282 3875 1426 3939 freti
1468 3871 1852 3961 argumentis
1902 3867 2204 3935 Platonici
2250 3866 2631 3933 confidenter
2672 3885 2736 3932 et

1047 3979 1343 4049 audacter
1372 3977 1713 4041 decernunt
1757 3974 1849 4038 ὅτι
1884 3973 2017 4040 θεὸς
2062 3973 2337 4053 κρείττων
2363 3972 2552 4054 λόγου
2581 3971 2735 4036 &c.’'

1053 4082 1420 4167 Sequuntur
1444 4079 1608 4143 enim
1635 4077 1774 4165 ipsa
1806 4074 2041 4140 Plotini
2069 4075 2261 4140 verba
2303 4074 2367 4139 in
2410 4074 2602 4163 hujus
2632 4098 2734 4140 ca·

1048 4183 1197 4270 pitis
1242 4182 1439 4259 exitu,
1478 4181 1757 4267 itemque
1801 4177 2083 4242 Philonis
2124 4179 2171 4241 J
2177 4177 2343 4242 udaei
2385 4201 2485 4265 ap.
2532 4180 2737 4243 Euse-

1047 4286 1224 4350 bium
1256 4286 1327 4351 P.
1351 4287 1434 4350 E.
1462 4284 1625 4348 VII.
1657 4302 1756 4369 13.
1787 4304 1852 4369 p.
1886 4300 2034 4367 323.

1134 4413 1201 4476 p.
1233 4408 1383 4473 951,
1420 4408 1476 4451 1.
1520 4388 1602 4450 Τί
1625 4388 1740 4468 γὰρ
1766 4383 1843 4449 ἂν
1870 4388 1975 4448 τοῦ
2005 4383 2139 4450 ἑνὸς
2164 4381 2534 4463 βέλτιον-ἢ
2563 4383 2630 4447 τὸ
2658 4385 2741 4465 μὴ

1054 4494 1187 4578 ἕνς]
1242 4489 1563 4577 Insignem
1605 4487 1889 4552 lacunam
1935 4486 2128 4574 hujus
2169 4484 2286 4550 loci
2330 4484 2578 4573 explevi
2620 4510 2740 4575 ope

1054 4594 1330 4684 plurium
1373 4592 1676 4657 librorum
1716 4603 2091 4667 nostrorum,
2123 4588 2437 4676 praecipue
2467 4589 2742 4655 Medicei

1054 4697 1260 4784 primi,
1302 4697 1483 4784 cujus
1520 4694 1844 4759 lectionem
1886 4692 2070 4757 etiam
2115 4691 2418 4781 expressit
2460 4692 2742 4757 FicinuS.

1054 4804 1374 4866 Caeterum
1431 4795 1890 4862 memorabilem
1939 4794 2109 4860 hunc
2159 4794 2364 4859 locum
2410 4808 2474 4860 et
2517 4794 2744 4860 similes

1050 4926 1176 4969 non
1206 4901 1481 4989 neglexit
1509 4897 2050 4988 praestantissimus
2081 4896 2451 4962 Cudworth.
2481 4896 2545 4961 in
2577 4900 2740 4986 Syst.

1053 5006 1249 5073 intell.
1292 5029 1359 5093 p.
1383 5005 1548 5087 687:
1600 5008 1645 5042 “
1667 5003 1902 5067 Exstat
1945 5023 2198 5087 quoque
2239 4999 2526 5087 generale
2567 5001 2740 5090 apud

1056 5111 1373 5178 Plotinum
1428 5120 1835 5194 praeceptum,
1881 5127 2010 5191 quo
2059 5104 2176 5167 hoc
2222 5104 2427 5190 ipsum
2474 5103 2743 5170 inculcat

1058 5216 1249 5299 (infra
1275 5236 1328 5278 c.
1365 5210 1562 5275 XVI.
1592 5208 1784 5295 hujus
1811 5206 1952 5271 libri
1982 5231 2050 5295 p.
2073 5224 2221 5292 513.
2245 5210 2475 5290 extr.):
2527 5209 2596 5271 ἐν
2623 5214 2744 5276 τοῖς

1055 5316 1447 5401 γεννωμένοις
1492 5313 1597 5377 οὐκ
1641 5312 1771 5375 ἔστι
1814 5311 1960 5394 πρὸς
1996 5311 2063 5373 τὸ
2108 5311 2250 5384 ἅνω,
2284 5311 2448 5374 ἀλλὰ
2489 5310 2637 5392 πρὸς
2674 5310 2742 5374 τὸ

1061 5420 1211 5484 κάτω
1249 5422 1488 5501 χωρεῖν.
1577 5415 1760 5478 Inter
1805 5413 1941 5491 illa,
1972 5435 2111 5501 quae
2141 5413 2247 5494 (ex
2294 5411 2463 5475 omni
2505 5412 2749 5476 aeterni-

1061 5523 1215 5605 tate)
1253 5523 1638 5608 gignuntur
1683 5517 1824 5598 (aut
1873 5515 2144 5582 naturali
2189 5514 2460 5604 quadam
2506 5538 2751 5581 emana-

2011 501 2838 568 ANNOTATIONES
2905 502 3019 568 IN
3080 500 3533 567 PLOTINI

2820 675 2988 741 tione
3023 674 3399 762 procedunt)
3429 696 3559 739 non
3573 683 3758 762 patet
3791 674 3874 740 ad
3919 674 4240 763 superiora
4265 697 4514 763 proces-

2818 800 2952 858 sus,
2983 779 3094 844 sed
3133 779 3220 843 ad
3261 779 3617 865 ἱνρῇήονας
3665 787 3850 865 atque
3885 778 3959 843 id
3991 779 4239 867 quidem
4277 780 4395 858 ita,
4435 789 4512 845 ut

2819 885 2892 947 in
2917 885 3217 970 majorem
3238 882 3570 969 gradatim
3609 882 4075 947 multitudinem
4101 882 4509 969 procedatur.

2823 986 3080 1052 Pomnt
3107 984 3294 1074 plura
3319 985 3512 1072 hujus
3530 983 3775 1072 generis
3799 984 3967 1050 dicta
3994 1008 4074 1050 ex
4097 984 4349 1051 Plotino
4370 1009 4512 1072 pro-

2820 1090 3005 1165 ferri;
3053 1111 3273 1154 verum
3304 1111 3500 1153 unum
3533 1103 3777 1154 tantum
3821 1088 4123 1175 subjicere
4142 1088 4417 1176 juvabit,
4443 1090 4511 1153 in

2820 1216 2952 1279 quo
3005 1191 3504 1280 argumentando
3553 1191 3916 1256 sententiam
3967 1213 4145 1257 suam
4194 1191 4503 1257 declarat:

2820 1292 2914 1379 (ἢ)
2973 1295 3045 1359 οὗ
3089 1294 3304 1360 ταύτὸν
3350 1295 3861 1380 (ἔμελλε)-οὗδέ
3903 1321 3978 1378 γε
4021 1296 4272 1375 βέλτιον
4333 1298 4510 1379 (sunt

2816 1397 3009 1463 verba
3043 1397 3326 1486 proxime
3368 1397 3783 1485 praecedentia
3823 1398 4019 1462 nostri
4059 1398 4506 1487 capitis)—Ex

2817 1522 2947 1588 quo
3002 1512 3317 1588 praecepto
3365 1500 3791 1588 consequitur,
3849 1501 3981 1566 fieri
4041 1501 4216 1567 nulla
4271 1503 4510 1568 ratione

2815 1626 3014 1691 posse,
3043 1603 3197 1691 quin
3227 1602 3386 1668 illud
3414 1602 3617 1691 primo
3646 1603 3950 1691 principio
3982 1605 4356 1694 subjectum,
4398 1630 4507 1672 eo·

2814 1730 2940 1794 que
2966 1706 3168 1793 gradu
3197 1721 3262 1771 et
3288 1706 3507 1771 ordine
3534 1705 3791 1770 inferius
3812 1706 3954 1771 sit.''
4001 1707 4234 1772 Confer
4253 1708 4510 1797 insuper

2818 1832 3010 1897 supra
3038 1833 3104 1896 p.
3133 1809 3280 1891 487.
3309 1811 3392 1874 E.
3415 1810 3489 1873 F.

2904 1950 2993 1962 —
3027 1933 3123 1994 14.
3171 1915 3264 1978 ὅτι
3299 1911 3534 1995 μεγάλη
3562 1911 3751 1996 ἀρχή]
3801 1912 4026 1978 Plures
4068 1912 4212 1978 libri
4263 1937 4511 1979 accusa-

2819 2016 3020 2082 tivum
3062 2015 3333 2099 μεγάλην
3375 2015 3570 2098 ἀρχὴν
3611 2015 3905 2095 offerunt,
3934 2039 4124 2103 quem
4167 2016 4511 2106 exprimere

2821 2118 3069 2184 videtur
3096 2116 3362 2182 voluisse
3392 2117 3669 2182 Ficinus.
3759 2119 3918 2195 Quae
3946 2117 4129 2183 lectio
4158 2119 4207 2184 si
4239 2143 4384 2185 vera
4409 2122 4509 2201 sit,

2819 2222 3089 2310 pendere
3109 2220 3453 2309 judicanda
3481 2236 3575 2286 est
3601 2243 3640 2284 a
3668 2220 4056 2308 praecedente
4085 2227 4290 2302 δεῖξαι.
4363 2224 4510 2311 Ego

2817 2326 2883 2391 in
2914 2325 3317 2392 Nominativo
3333 2323 3853 2412 acquiescendum
3878 2325 4372 2412 putavi.—Mox
4400 2349 4510 2390 au·

2820 2445 2943 2494 tem
2986 2443 3126 2492 tene
3164 2426 3479 2492 notionem
3522 2427 3932 2515 ontologicam
3962 2428 4138 2492 verbi
4183 2431 4512 2511 ἐπιβρίθειν

2819 2532 2900 2597 de
2926 2532 3299 2597 inexhausta
3324 2545 3390 2596 et
3416 2529 3710 2596 ineffabili
3738 2530 4121 2596 fecunditate
4150 2531 4360 2597 Unius
4378 2549 4511 2598 tan-

2819 2659 3008 2723 quam
3041 2634 3340 2721 Principii
3359 2634 3597 2699 entium
3617 2633 3897 2699 omnium
3916 2659 3935 2709 ;
3965 2657 4156 2721 quam
4178 2635 4354 2700 verbi
4382 2635 4506 2700 vim

2819 2738 3283 2827 Lexicographi
3310 2760 3435 2803 non
3465 2737 3932 2826 consignarunt.

2895 2866 2957 2931 p.
2983 2863 3022 2929 9
3023 2860 3133 2928 52,
3150 2862 3214 2928 3.
3249 2840 3385 2906 ἀλλ’
3418 2842 3695 2924 ἄρα-ὡς
3717 2841 3797 2922 μὴ
3827 2840 4262 2929 διακεκριμένα]
4297 2848 4341 2878 “
4363 2841 4508 2905 The

2812 2968 2917 3010 are
2960 2944 3288 3011 contained
3331 2944 3394 3009 in
3435 2943 3505 3024 it,
3536 2943 3865 3023 therefore,
3911 2943 3972 3007 in
4011 2942 4174 3008 such
4209 2966 4247 3006 a
4277 2966 4412 3030 way
4441 2967 4509 3009 as

2816 3048 2922 3113 the
2980 3047 3206 3112 subsist
3247 3046 3507 3111 without
3551 3046 3906 3111 distinction
3953 3044 4078 3110 and
4126 3046 4509 3134 separation*

2819 3152 2913 3235 (et
2937 3152 3002 3216 in
3031 3154 3248 3237 nota):
3300 3160 3346 3191 ‘⁴
3379 3154 3477 3215 As
3518 3148 3600 3215 all
3645 3149 3856 3237 things
3898 3149 4164 3237 proceed
4202 3148 4367 3224 from
4410 3152 4509 3216 the

2814 3276 2950 3334 one,
2988 3255 3182 3321 hence
3226 3255 3325 3320 the
3372 3274 3488 3319 one
3529 3252 3581 3318 is
3629 3253 3712 3318 all
3753 3252 3967 3342 things
4023 3252 4194 3340 prior
4250 3266 4316 3318 to
4373 3253 4512 3319 all.”

2824 3360 3086 3445 Taylor.
3179 3357 3475 3422 Proxime
3502 3380 3580 3422 ex
3608 3356 3895 3445 plurimis
3932 3355 4107 3422 libris
4149 3355 4295 3421 dedi
4323 3360 4393 3422 ἐν
4431 3362 4510 3445 τῷ

2817 3461 3065 3548 δευτέρῳ
3092 3484 3212 3549 pro
3243 3463 3309 3525 ἐν
3338 3466 3390 3526 δ.

2905 3587 2968 3652 p.
2999 3580 3148 3650 953,
3184 3582 3243 3627 2.
3289 3566 3366 3630 ὡς
3422 3563 3622 3642 ἐπειδὴ
3681 3564 3749 3628 ἐν
3795 3568 3918 3629 τοῖς
3973 3562 4369 3645 γεννωμένοις
4409 3564 4514 3628 οὐκ

2822 3666 2952 3731 ἔστι
2978 3667 3124 3745 πρὸς
3151 3667 3217 3730 τὸ
3247 3668 3368 3732 ἄνω
3393 3668 3555 3731 ἀλλὰ
3576 3665 3721 3747 πρὸς
3748 3665 3818 3729 τὸ
3844 3665 3996 3730 κάτω
4027 3672 4246 3749 χωρεῖν
4269 3694 4323 3729 κ.
4342 3691 4394 3730 τ.
4414 3668 4503 3752 λ.]

2822 3770 2924 3833 De
2950 3769 3070 3833 hoc
3097 3767 3235 3833 loco
3262 3768 3500 3833 dictum
3530 3782 3623 3832 est
3656 3767 3740 3832 ad
3783 3767 3974 3855 hujus
4003 3767 4144 3832 libri
4173 3791 4225 3832 c.
4261 3770 4417 3834 XV.
4447 3793 4511 3857 p.

2820 3889 2968 3958 512.
3004 3873 3079 3936 Β.
3108 3873 3186 3937 C.
3255 3872 3359 3936 Ad
3385 3870 3674 3959 proxima
3694 3870 3887 3957 hujus
3915 3870 4110 3935 nostri
4132 3871 4351 3959 capitis
4370 3895 4513 3937 con-

2822 3974 2955 4038 sule
3002 3973 3370 4039 Cudworthi
3422 3975 3691 4061 System.
3727 3972 3923 4038 intell.
3968 3996 4023 4039 c.
4061 3974 4180 4038 IV.
4220 3990 4367 4040 sect.
4405 3977 4509 4061 36.

2821 4099 2888 4164 p.
2916 4080 3061 4163 690.
3092 4101 3184 4166 sq.
3215 4092 3280 4142 et
3315 4077 3531 4142 confer
3573 4077 3779 4164 ipsum
3828 4076 4140 4142 Plotinum
4183 4100 4244 4164 p.
4268 4078 4422 4163 518.
4448 4094 4514 4144 et

2908 4320 2997 4332 —
3022 4304 3124 4369 13.
3167 4289 3290 4351 mas
3315 4284 3423 4347 οὖν
3466 4283 3571 4346 οὐκ
3612 4283 3680 4345 ἐκ
3714 4279 3903 4364 λόγου
3929 4282 4115 4362 λόγος
4134 4283 4183 4366 3]
4238 4280 4343 4346 Ita
4369 4305 4509 4348 cor·

2823 4386 3098 4451 reximus
3143 4410 3223 4451 ex
3274 4386 3450 4451 bonis
3489 4384 3664 4449 libris
3710 4398 3774 4448 et
3827 4383 4148 4471 flagitante
4188 4386 4513 4453 sententia.

2828 4488 3404 4576 Transpositionem
3432 4510 3549 4575 pro
3580 4488 3643 4567 ἐξ
3682 4486 3752 4551 οὐ
3788 4484 3978 4568 λόγου
4006 4507 4134 4550 non
4172 4508 4511 4553 moramur.

2827 4590 3071 4677 Saepius
3094 4604 3304 4655 autem
3328 4591 3432 4655 οὐκ
3456 4605 3597 4678 post
3624 4590 3732 4654 οὖν
3758 4587 4040 4652 excidere
4062 4587 4238 4668 solet,
4260 4589 4361 4654 vel
4385 4591 4515 4656 vice

2827 4715 3004 4756 versa
3030 4694 3138 4757 οὖν
3164 4706 3308 4757 ante
3335 4693 3459 4757 οὐκ.
3550 4689 3792 4778 Taylor
3819 4689 4068 4755 volebat
4095 4688 4278 4756 inseri
4304 4692 4406 4773 μή.

2910 4818 2977 4883 p.
3008 4815 3159 4881 954,
3189 4816 3243 4859 1.
3276 4798 3330 4860 εἰ
3346 4796 3452 4859 οὖν
3483 4793 3789 4877 ἀγαπητὸν
3810 4795 3995 4880 τούτῳ
4023 4793 4092 4857 τὸ
4120 4796 4250 4880 ζῇν]
4282 4796 4517 4884 Margo

2830 4897 3104 4963 Medicei
3131 4897 3314 4986 primi
3341 4896 3541 4962 voluit
3568 4898 3754 4983 τούτῳ
3775 4900 3947 4960 τοῦτο
3976 4896 4044 4961 τὸ
4063 4900 4185 4978 ζῇν,
4217 4898 4391 4984 quod
4412 4921 4520 4962 ex-

2827 5003 3046 5090 pressit
3094 5002 3279 5067 etiam
3329 5001 3586 5065 Ficinus
3627 5014 3689 5064 et
3735 5022 3848 5066 nos
3891 4999 4202 5087 recepturi
4245 5023 4513 5078 eramus,

2826 5105 3050 5192 reliqui
3077 5104 3220 5170 libri
3247 5104 3487 5192 aliquot
3514 5103 3565 5168 si
3594 5103 4119 5191 suffragabantur.

2914 5232 2975 5295 p.
3008 5226 3157 5295 955,
3186 5226 3251 5295 5.
3298 5209 3393 5272 καὶ
3420 5209 3511 5271 ὅτι
3553 5208 3739 5292 τούτῳ
3767 5206 3835 5269 τὸ
3866 5207 4164 5286 αὔταρκες,
4191 5208 4258 5270 ἐκ
4279 5206 4519 5271 πάντων

2829 5312 2939 5392 ἔξω
2971 5311 3133 5396 ἐστί]
3186 5311 3332 5376 Sine
3359 5310 3531 5375 libris
3559 5333 3638 5374 ne
3666 5308 3976 5397 virgulam
4013 5308 4271 5397 quidem
4312 5309 4519 5375 delere

2831 5414 3022 5480 volui.
3112 5413 3353 5503 Taylor
3408 5413 3498 5478 ita
3548 5412 3767 5477 vertit:
3819 5420 3864 5452 “
3892 5411 4020 5477 and
4064 5412 4327 5478 because
4371 5413 4519 5478 self-

2834 5516 3188 5604 sufficiency
3218 5531 3285 5581 to
3312 5515 3437 5582 this
3470 5514 3743 5580 intellect
3770 5514 3822 5579 is
3850 5514 3957 5580 the
3986 5513 4179 5580 result
4206 5515 4282 5580 of
4299 5513 4384 5581 all
4414 5515 4523 5581 the
