5118 6613
1070 600 1149 666 70

1068 760 1239 821 θεσιν
1273 756 1338 819 δὲ
1380 759 1499 819 τῶν
1544 752 1967 828 ἐλλειπόντων,
1997 775 2144 840 quae
2184 752 2398 841 paullo
2435 753 2614 819 aliter
2639 777 2749 819 ex-

1065 855 1255 944 plicat
1284 855 1748 944 Eryximachus
1775 855 2052 921 medicus
2079 856 2144 920 in
2174 856 2453 921 Platonis
2483 857 2747 922 Conviv.

1061 982 1127 1046 p.
1165 960 1308 1043 187.
1352 982 1420 1046 p.
1449 961 1599 1044 396.
1630 957 1859 1039 Bekk„
1892 959 2001 1024 ubi
2038 957 2163 1022 vid.
2197 958 2577 1046 Sydenhami
2620 974 2751 1024 not.

1065 1060 1471 1149 Hippocratis
1524 1060 1728 1126 locum
1779 1061 1981 1149 tangit
2037 1061 2222 1127 etiam
2273 1060 2634 1149 Olympiod.
2685 1061 2748 1126 in

1066 1162 1198 1228 Alc.
1246 1187 1345 1252 pr.
1393 1187 1455 1251 p.
1487 1166 1548 1229 6.
1625 1165 1806 1230 Idem
1853 1163 2087 1230 ibidem
2135 1187 2202 1251 p.
2243 1182 2380 1246 124.
2429 1164 2644 1249 αἶσχος
2688 1179 2752 1230 et

1069 1269 1253 1331 νόσον
1297 1271 1497 1352 ψυχῆς
1535 1266 1844 1357 explicat:
1904 1267 1989 1332 cf.
2037 1266 2266 1332 Plotin.
2313 1290 2504 1355 supra
2546 1291 2608 1355 p.
2640 1286 2749 1354 54.

1144 1492 1287 1557 143,
1306 1492 1402 1553 14.
1434 1474 2122 1562 ὕλην-χρησμοσύνην]
2155 1474 2299 1538 Hoc
2323 1471 2749 1538 Heracliteum

1066 1591 1130 1639 et
1160 1575 1437 1639 Stoicum
1467 1575 1859 1641 vocabulum.
1912 1574 2271 1641 Heraclitus
2299 1576 2462 1641 enim
2491 1576 2752 1664 ejusque

1067 1691 1393 1743 sectatores
1430 1678 1495 1742 in
1531 1679 1649 1743 hac
1676 1678 1933 1766 quidem
1961 1702 2049 1759 re,
2082 1679 2296 1760 Stoici,
2329 1694 2557 1745 statum
2588 1701 2754 1743 com-

1065 1779 1235 1844 busti
1263 1780 1504 1859 mundi‚
1537 1780 1665 1846 sive
1692 1781 1980 1847 interitus
2005 1797 2069 1847 et
2096 1782 2529 1848 exinanitionis
2563 1808 2748 1866 χρησ·

1064 1885 1349 1964 μοσύνην,
1378 1883 1646 1949 restituti
1685 1898 1894 1950 autem
1923 1899 1988 1950 et
2013 1885 2294 1951 exornati
2334 1888 2508 1968 κόρον
2535 1884 2748 1973 appel-

1064 1983 1293 2050 labant.
1383 1985 1570 2052 Philo
1597 1987 1760 2075 Leg.
1789 1986 2069 2074 Allegor.
2104 1989 2244 2053 111.
2279 1990 2380 2073 89.
2444 1990 2749 2076 Mangey.

1062 2086 1144 2153 cf.
1194 2111 1258 2175 p.
1295 2090 1442 2175 839.
1551 2090 2003 2177 Wyttenbach.
2056 2090 2141 2155 ad
2192 2090 2515 2156 Plutarch.
2567 2092 2647 2156 de
2700 2095 2754 2158 εί

1064 2189 1294 2278 Delph.
1342 2215 1403 2279 p.
1441 2193 1586 2277 283.
1675 2193 1862 2257 Hanc
1906 2192 2102 2281 igitur
2148 2193 2625 2282 appellationem
2668 2194 2750 2260 ad

1063 2296 1391 2358 materiam
1435 2294 1716 2359 traduxit
1757 2313 1985 2376 noster,
2016 2319 2146 2383 quo
2180 2295 2585 2385 indigentiam
2614 2298 2751 2385 ejus

1064 2394 1419 2462 declararet.
1512 2399 1656 2476 Qua
1683 2397 1763 2462 de
1800 2420 1869 2463 re
1905 2398 2193 2486 pluribus
2234 2399 2548 2488 disputavi
2586 2401 2750 2466 infra

1065 2523 1132 2587 p.
1151 2517 1299 2585 317.
1328 2503 1406 2565 C.
1432 2502 1518 2564 D.

1146 2639 1234 2652 —
1262 2621 1360 2687 17.
1393 2605 1432 2668 ἃ
1460 2602 1509 2668 δ’
1541 2603 1976 2688 ἃν-κατέχειν
2003 2604 2117 2688 οὐχ
2145 2606 2413 2693 ἑκόντας]
2446 2606 2549 2671 De
2581 2610 2743 2672 ἑκου-

1065 2706 1175 2790 σίῳ
1203 2722 1266 2769 et
1296 2707 1552 2792 ἀκουσίῳ
1587 2728 1827 2785 eorum,
1857 2729 2017 2792 quoe⁸
2045 2705 2324 2771 homines
2365 2730 2555 2794 prave
2595 2708 2743 2774 faci-

1062 2820 1201 2886 unt,
1229 2806 1473 2894 copiose
1501 2806 1781 2895 disputat
1807 2806 2214 2897 philosophus
2241 2809 2304 2872 in
2337 2811 2563 2897 Magn.
2595 2813 2742 2876 Mo·

1061 2908 1195 2972 rafl.
1229 2909 1285 2973 1.
1317 2928 1414 2989 14.
1444 2932 1582 2997 sqq.
1613 2933 1676 2997 p.
1705 2911 1806 2975 16.
1832 2934 1969 2997 sqq.
1999 2910 2099 2976 ed.
2121 2910 2300 2998 Sylb.

1147 3032 1215 3097 p.
1245 3030 1388 3092 144,
1418 3031 1483 3091 4.
1528 3012 1983 3091 ἀμείνους-καὶ
2010 3013 2225 3101 τούτῳ]
2274 3012 2530 3078 Ficinus
2572 3013 2746 3080 haud

1061 3111 1253 3177 dubie
1299 3111 1487 3200 legit:
1552 3115 2005 3194 ἀμείνους-καὶ
2049 3120 2238 3180 τοῦτο.
2330 3117 2555 3203 Neque
2601 3141 2748 3182 vero

1063 3214 1230 3280 ullus
1273 3216 1469 3281 codex
1517 3217 1635 3281 hoc
1681 3217 2024 3282 confirmat.
2112 3216 2387 3306 Vulgata
2429 3217 2612 3284 lectio
2661 3220 2747 3285 sic

1061 3318 1429 3407 explicanda
1474 3333 1612 3385 est:
1677 3319 1959 3385 meliores
2016 3336 2161 3386 sunt
2205 3322 2315 3387 hoc
2360 3325 2520 3411 ipso,
2572 3324 2746 3411 quod

1062 3422 1428 3509 superandae
1473 3422 1794 3511 pravitatis
1830 3424 2156 3489 necessitas
2197 3423 2263 3488 in
2300 3424 2374 3490 iis
2416 3425 2591 3490 nulla
2631 3441 2743 3493 est.

1063 3527 1377 3590 Caeterum
1425 3539 1809 3614 quantopere
1858 3527 1994 3592 haec
2042 3526 2344 3592 sententia
2393 3527 2745 3618 philosophi

1058 3629 1250 3693 nostri
1294 3628 1643 3717 refragetur
1676 3630 2118 3719 Apostolorum
2161 3630 2382 3710 effatis,
2427 3654 2612 3697 nemo
2652 3648 2746 3698 est

1057 3731 1169 3818 qui
1197 3732 1449 3797 nesciat.

1141 3870 1230 3884 —
1250 3836 1312 3899 6.
1338 3834 1769 3900 Ἐπισκεπτέον
1798 3838 1864 3901 δὲ
1893 3863 1944 3901 κ.
1966 3862 2020 3900 τ.
2037 3838 2136 3926 λ.]
2186 3837 2399 3902 Locus
2422 3837 2484 3901 in
2519 3837 2745 3904 Theae.

1060 3950 1188 4000 teto
1216 3960 1280 4021 p.
1310 3938 1448 4019 176.
1480 3960 1543 4021 p.
1570 3954 1715 4021 247.
1747 3937 1950 4002 Bekk.
1979 3938 2068 4005 ita
2093 3939 2308 4005 habet:
2359 3946 2544 4023 Σωκρ.
2566 3940 2741 4005 Ἀλλ’

1058 4037 1176 4103 οὔτ’
1219 4038 1552 4103 ἀπολέσθω
1596 4041 1670 4102 τὰ
1722 4043 1867 4103 κακὲι
1914 4042 2181 4117 δυνατὸν,
2213 4041 2260 4107 ὦ
2291 4045 2588 4125 Θεόδωρε·
2632 4046 2740 4108 ὑπ’·

1062 4140 1334 4205 εναντίον
1359 4139 1474 4221 γάρ
1502 4165 1558 4203 τι
1587 4144 1666 4225 τῷ
1694 4142 1897 4227 ἀγαθῷ
1928 4143 2021 4206 ἀεὶ
2054 4143 2206 4209 εἶναι
2232 4146 2478 4227 ἀνάγκη·
2512 4148 2649 4211 οὔτε
2678 4148 2745 4210 ἐν

1060 4248 1217 4309 θεοῖς
1257 4243 1405 4307 αὐτὰ
1447 4244 1733 4322 ἱδρύσθαι,
1764 4243 1871 4322 τὴν
1898 4245 1963 4307 δὲ
1993 4246 2207 4324 θνητὴν
2235 4249 2421 4329 φύσιν
2450 4250 2545 4312 καὶ
2573 4250 2744 4313 τόνδε

1059 4346 1166 4411 τὸν
1194 4346 1379 4409 τόπον
1405 4350 1718 4426 περιπολεῖ
1742 4346 1805 4423 ἐξ
1835 4346 2108 4428 ἀνάγκης.
2200 4347 2495 4413 Eundem
2535 4349 2742 4414 locum

1057 4447 1307 4534 respicit
1335 4445 1622 4511 Plotinus
1649 4445 1813 4511 infra
1842 4448 1987 4512 III.
2019 4468 2077 4516 2.
2109 4465 2175 4534 5.
2218 4450 2326 4515 fin.
2373 4474 2436 4538 p.
2473 4471 2620 4538 259.
2651 4454 2737 4517 D.

1061 4550 1365 4616 Secundae
1408 4548 1725 4614 sententiae
1767 4549 1958 4638 hujus
1999 4550 2113 4615 loci
2153 4553 2484 4640 respondet
2512 4553 2648 4619 haec
2677 4555 2741 4618 in

1058 4652 1230 4718 libris
1257 4652 1337 4716 de
1365 4651 1640 4739 Republ.
1674 4653 1774 4717 II.
1811 4676 1876 4738 p.
1903 4670 2053 4739 379.
2090 4678 2152 4740 p.
2189 4656 2294 4739 98.
2328 4654 2565 4720 Bekk.:
2614 4659 2742 4722 Οὐκ

1059 4758 1174 4838 ἄρα
1212 4755 1453 4820 πάντων
1481 4780 1554 4836 γε
1592 4756 1780 4819 αἴτιον
1807 4755 1875 4820 τὸ
1912 4757 2157 4838 ἀγαθὸν,
2190 4759 2354 4822 ἀλλὰ
2391 4764 2507 4822 τῶν
2534 4761 2647 4839 μὲν
2678 4762 2743 4824 εὖ

1060 4860 1322 4942 ἐχόντων
1351 4859 1558 4931 αἴτιον,
1589 4863 1706 4921 τῶν
1734 4860 1799 4923 δὲ
1830 4866 2019 4923 κακῶν
2047 4861 2331 4924 ἀναίτιον.
2409 4859 2521 4924 Ad
2549 4883 2741 4947 quem

1057 4962 1266 5026 locum
1289 4958 1512 5023 Astius
1539 4982 1684 5023 cum
1712 4959 1862 5024 alios
1890 4960 2236 5048 scriptoreS‚
2260 4974 2395 5025 tum
2420 4961 2740 5028 Plotinum

1058 5077 1339 5129 nostrum
1389 5061 1454 5125 in
1506 5075 1712 5149 partes
1755 5077 1936 5128 vocat
1980 5063 2043 5126 in
2093 5065 2442 5128 Comment.
2497 5088 2558 5149 p.
2588 5084 2736 5150 432.

1061 5170 1168 5232 Tu
1199 5165 1279 5231 cf.
1309 5175 1610 5252 praeterea
1634 5164 1836 5229 locum
1870 5165 1934 5229 in
1959 5165 2219 5230 Politico
2247 5189 2309 5251 p.
2334 5184 2475 5250 273.
2507 5189 2573 5255 p.
2593 5167 2738 5233 281.

1059 5268 1261 5335 Bekk.
1289 5289 1479 5356 quem
1508 5289 1697 5354 supra
1722 5267 1805 5332 ad
1832 5267 2023 5355 hujus
2067 5267 2207 5332 libri
2249 5267 2494 5334 initium
2537 5253 2741 5356 attigi,

1056 5386 1119 5437 et
1163 5370 1519 5437 Hieroclem
1562 5393 1662 5457 ap.
1707 5370 2024 5435 Stobaeum
2068 5370 2132 5434 in
2177 5369 2316 5435 Ecl.
2347 5370 2501 5435 Eth.
2540 5372 2639 5436 11.
2675 5393 2734 5457 9.

1058 5500 1120 5562 p.
1145 5495 1294 5556 420.
1326 5499 1460 5563 sqq.
1496 5475 1692 5538 Heer.
1749 5472 1987 5560 Attigit
2014 5472 2548 5539 celebratissimam
2579 5473 2740 5539 hanc

1058 5577 1419 5643 sententiam
1449 5577 1632 5642 etiam
1663 5574 1938 5664 Cyrillus
1958 5576 2104 5641 adv.
2136 5575 2375 5643 Julian.
2403 5600 2468 5664 p.
2497 5595 2640 5662 145.
2661 5579 2735 5643 B.

2036 582 2862 649 ANNOTATIONES
2928 582 3042 647 IN
3103 582 3554 648 PLOTINI

2836 753 2948 818 Ad
2989 753 3275 841 proxima
3313 754 3396 820 cf.
3430 753 3743 841 Anonymi
3771 754 3962 820 vitam
3994 755 4271 844 Pythag.
4318 757 4380 840 §-
4419 775 4518 819 11.

2835 856 2938 922 ed.
2971 857 3229 922 Kusteri
3252 858 3466 938 ε-τὴν
3508 860 3574 923 δὲ
3616 856 3780 937 τάξιν
3821 858 3999 942 μέχρι
4041 858 4298 938 σελήνης
4341 860 4518 934 σύζε-

2838 965 3000 1039 σθαι,
3030 964 3105 1026 τὰ
3131 964 3198 1025 δὲ
3231 961 3346 1026 ὕπὸ
3376 961 3638 1040 σελήνην
3666 959 3859 1025 οὐκέτι
3887 962 4116 1040 ὁμοίως·
4166 964 4230 1040 ἐξ
4266 959 4523 1042 ἀνάγκης

2837 1062 2905 1128 δέ
2933 1065 3064 1129 ἐστι
3103 1064 3199 1128 καὶ
3225 1064 3262 1145 ἦ
3293 1065 3464 1128 κακία
3493 1066 3575 1130 είς
3601 1063 3707 1127 τὸν
3734 1065 3869 1144 περὶ
3895 1067 4003 1145 γῆς
4028 1065 4230 1128 τόπον.
4301 1062 4522 1128 Cicero

2836 1164 2916 1230 de
2971 1164 3251 1253 Republ.
3294 1167 3412 1230 VI.
3465 1183 3560 1250 17.
3624 1164 3716 1248 (in
3778 1165 4032 1229 Somnio
4092 1165 4259 1253 Scip.
4319 1189 4375 1230 c.
4419 1170 4517 1250 4.)

2839 1276 2883 1309 “
2914 1267 3094 1333 Infra
3134 1282 3344 1334 autem
3389 1266 3661 1352 (lunam)
3684 1269 3816 1355 jam
3861 1266 4015 1331 nihil
4058 1282 4171 1346 est,
4204 1268 4320 1332 nisi
4362 1290 4523 1333 mor-

2836 1370 2959 1436 tale
2986 1386 3050 1436 et
3076 1370 3404 1452 caducum,
3433 1384 3661 1458 praeter
3687 1369 3924 1434 animos
3958 1370 4170 1458 generi
4198 1370 4519 1435 hominum

2835 1494 3093 1537 munere
3112 1475 3393 1538 Deorum
3417 1472 3621 1536 datos:
3655 1494 3844 1559 supra
3873 1470 4085 1535 lunam
4116 1486 4262 1536 sunt
4290 1485 4521 1536 aeterna

2835 1575 3043 1641 omnia
3065 1577 3121 1640 :”
3180 1575 3289 1640 ubi
3342 1576 3634 1639 Moserus
3682 1597 3747 1661 p.
3791 1574 3940 1654 488.
3985 1574 4305 1638 commode
4349 1596 4520 1639 com-

2835 1693 3016 1768 parat
3043 1678 3248 1743 locum
3275 1700 3354 1742 ex
3383 1675 3775 1742 Academicis
3806 1677 3902 1742 11.
3934 1697 4043 1762 39.
4095 1674 4247 1740 Alia
4273 1675 4521 1763 collegit

2838 1780 3288 1870 Wyttenbach.
3340 1779 3420 1845 ad
3477 1778 3799 1845 Plutarch.
3851 1779 3931 1844 de
3975 1778 4132 1844 Isid.
4181 1793 4244 1844 et
4290 1778 4516 1844 Osirid.

2836 1908 2903 1972 P·
2926 1905 3071 1971 234·

2919 2025 3008 2039 —
3040 2007 3139 2073 13.
3179 1986 3380 2052 Ἀλλὰ
3428 1987 3496 2051 τὸ
3547 1988 3821 2051 ἐντεῦθεν
3867 1987 4114 2068 φεύγειν
4149 1987 4519 2068 δεῖν-φυγὴ

2835 2094 2969 2174 γὰρ,
3019 2093 3206 2173 φησίν
3251 2118 3303 2155 κ.
3328 2116 3377 2154 τ.
3401 2092 3498 2178 λ.]
3549 2091 3794 2154 Rursus
3839 2087 4161 2152 Platonem
4192 2086 4255 2150 in
4290 2087 4514 2152 Theae-

2836 2207 2965 2259 teto
2992 2208 3135 2259 ante
3163 2192 3375 2258 oculos
3403 2192 3592 2257 habet
3625 2191 3664 2256 l.
3687 2191 3729 2255 l.
3757 2217 3773 2255 z
3822 2191 3910 2255 διὸ
3941 2193 4038 2256 καὶ
4066 2194 4380 2273 πειρᾶσθαι
4406 2192 4520 2274 χρὴ

2836 2297 3074 2363 ἐνθένδε
3104 2299 3298 2363 ἐκεῖσε
3327 2298 3575 2380 φεύγειν
3603 2297 3694 2359 ὅτι
3721 2293 3995 2378 τάχιστα.
4025 2293 4186 2377 φυγὴ
4215 2295 4281 2358 δὲ
4308 2296 4516 2373 ὁμοίω-

2834 2425 2927 2468 σις
2968 2404 3083 2487 θεῷ
3129 2403 3274 2465 κατὰ
3316 2400 3383 2464 τὸ
3428 2401 3699 2464 δυνατόν.
3746 2399 4023 2476 ὁμοίωσις
4064 2398 4130 2461 δὲ
4172 2398 4397 2461 δίκαιον
4426 2396 4520 2459 καὶ

2832 2505 3004 2567 ὅσιον
3029 2506 3179 2583 μετὰ
3208 2502 3554 2585 φρονήσεως
3581 2500 3885 2584 γενέσθω.

2915 2642 3003 2656 -
3024 2622 3124 2689 17.
3170 2607 3264 2671 καὶ
3292 2610 3396 2669 τοῦ
3423 2601 4005 2686 προσδιαλεγομένου
4037 2630 4088 2665 κ.
4109 2601 4273 2686 τ.λ.]
4311 2600 4390 2664 In
4420 2598 4516 2663 his

2835 2706 3119 2772 Plotinus
3161 2707 3410 2796 respicit
3452 2730 3545 2787 ea,
3571 2730 3716 2793 quae
3757 2706 3822 2769 in
3859 2704 3966 2769 illo
3996 2702 4267 2793 Dialogo
4292 2725 4520 2790 Praece-

2830 2809 3029 2874 dunt:
3078 2813 3405 2893 Θεόδωρος.
3455 2813 3531 2874 Εἰ
3566 2810 3807 2882 πάντας,
3841 2806 3888 2871 ὦ
3931 2809 4252 2891 Σώκρατες,
4298 2807 4520 2871 πείθοις

2831 2914 2870 2977 ἃ
2906 2911 3126 2994 λέγεις,
3169 2915 3368 2995 ὥσπερ
3414 2914 3537 2992 ἐμὲ,
3582 2914 3808 2977 πλείων
3846 2911 3922 2974 ἂν
3963 2909 4180 2993 εἰρήνη,
4228 2910 4324 2973 καὶ
4369 2911 4515 2972 κακῖι

2834 3013 3057 3079 ἐλάττω
3103 3014 3223 3080 κατ’
3262 3017 3600 3097 ἀνθρώπους
3644 3017 3749 3094 εἴη.
3797 3019 3983 3095 Σωκρ.
4015 3011 4189 3077 Ἀλλ’
4219 3009 4337 3077 οὔτ’
4368 3013 4513 3075 ἀπο-

2830 3116 3378 3199 λέσθαι-ἀνάγκη.
3470 3117 3629 3181 Vide
3658 3140 3802 3204 quae
3832 3138 4024 3204 supra
4050 3138 4129 3179 ex
4156 3138 4229 3178 eo
4258 3112 4392 3177 loco
4418 3113 4512 3175 in-

2831 3233 3008 3308 tegra
3032 3219 3313 3309 adposui.
3370 3219 3493 3284 Illa
3519 3234 3728 3283 autem
3759 3219 3839 3283 de
3868 3221 4146 3298 ὁμοιώσει
4173 3237 4360 3303 supra
4377 3215 4513 3302 jam

2831 3324 3087 3389 tractavi
3113 3322 3195 3387 ad
3228 3325 3285 3388 1.
3312 3341 3371 3387 2.
3400 3343 3584 3410 1-3.
3633 3323 3735 3388 Cf.
3768 3321 3975 3400 etiam,
4004 3345 4150 3409 quae
4178 3342 4365 3407 supra
4391 3331 4517 3382 tra-

2830 3426 3070 3491 duntur
3100 3428 3158 3491 1.
3178 3427 3239 3490 6.
3267 3427 3328 3490 8.
3362 3449 3423 3513 p.
3447 3443 3553 3510 57.
3577 3428 3662 3489 A.
3693 3425 3772 3489 de
3801 3423 3954 3512 fuga
3982 3447 4185 3511 neque
4213 3436 4378 3487 terra
4401 3444 4514 3486 nec

2829 3529 2984 3593 mari
3013 3528 3404 3615 capessenda,
3428 3542 3491 3592 et
3519 3551 3664 3615 quae
3692 3527 3777 3591 ibi
3806 3526 4120 3591 annotavi.
4168 3525 4514 3613 Conjunxit

2830 3645 3038 3696 autem
3068 3631 3181 3696 hos
3208 3630 3371 3695 locos
3401 3630 3761 3696 Vincentius
3792 3628 4265 3707 Bellovacensis‚
4294 3627 4405 3714 qui
4448 3626 4512 3690 in

2833 3734 3100 3820 Speculo
3130 3733 3452 3798 Historiali
3500 3733 3608 3798 lib.
3640 3735 3718 3798 V.
3774 3756 3908 3818 cap.
3953 3733 4016 3796 8.
4069 3732 4205 3796 haec
4253 3728 4506 3816 posuit:

2832 3845 2874 3877 ‘⁶
2904 3837 3060 3902 Fuit
3099 3850 3163 3901 et
3204 3836 3362 3901 alius
3401 3836 3778 3912 PlatonicuS‚
3810 3835 3890 3899 de
3931 3858 4059 3922 quo
4087 3834 4250 3898 idem
4280 3835 4512 3919 Augu-

2828 3939 3026 4005 stinus
3069 3938 3133 4003 in
3181 3940 3442 4025 praefato
3484 3937 3644 4003 libro
3676 3938 3785 4021 (de
3817 3936 3955 4002 civ.
3990 3936 4174 4020 Dei),
4204 3935 4383 4023 cujus
4412 3947 4503 3999 et-

2827 4042 2948 4106 iam
2977 4042 3145 4107 illam
3174 4041 3507 4107 notabilem
3535 4041 3752 4105 recitat
3780 4039 4161 4104 sententiam.
4230 4037 4505 4125 Fugien-

2828 4144 2982 4209 dum
3024 4161 3141 4224 est,
3184 4144 3412 4232 inquit,
3454 4144 3533 4209 ad
3573 4142 3967 4208 clarissimam
4009 4140 4295 4228 patriam,
4325 4151 4389 4204 et
4423 4139 4510 4204 ibi

2826 4261 3043 4333 patent
3069 4248 3182 4312 tibi
3210 4247 3434 4312 omnia.
3527 4247 3685 4324 Quae
3729 4245 3922 4332 igitur
3961 4243 4167 4308 classis
4202 4256 4315 4307 aut
4356 4241 4510 4328 fuga

2830 4349 3088 4414 similem
3120 4351 3261 4413 Deo
3288 4349 3418 4413 fieri
3440 4349 3504 4412 ?”

2915 4475 2976 4539 p.
3004 4468 3147 4536 145,
3175 4472 3275 4515 10.
3296 4451 3389 4514 *H
3414 4451 3519 4515 οὐκ
3549 4450 3775 4532 ἀνάγκη
3803 4450 4008 4531 λέγειν
4034 4448 4235 4533 αὐτὸν]
4269 4447 4374 4513 Ita
4400 4446 4506 4511 de·

2827 4554 3035 4619 dimus
3079 4553 3431 4641 postulante
3482 4553 3785 4617 sententia
3830 4552 4302 4638 (interpretatur
4343 4550 4506 4614 enim

2831 4657 3115 4722 Plotinus
3163 4655 3226 4720 h.
3269 4654 3311 4719 l.
3363 4653 3717 4739 Platonem)
3774 4669 3838 4718 et
3887 4652 4256 4741 jubentibus
4312 4651 4505 4716 libris.

2827 4760 3038 4825 Locus
3079 4773 3312 4838 autem,
3351 4758 3400 4822 si
3438 4756 3592 4844 quid
3632 4756 3839 4834 vide0‚
3876 4757 3965 4821 ita
4000 4754 4158 4818 verti
4195 4753 4501 4818 debebat:

2829 4871 2872 4902 “
2904 4862 3000 4927 vel
3033 4884 3155 4926 non
3184 4884 3428 4926 necesse
3454 4874 3547 4924 est
3574 4882 3718 4924 eum
3760 4858 3962 4925 dicere
3993 4857 4339 4942 (Platonem
4385 4855 4500 4918 sci-

2826 4962 2967 5029 licet
3008 4964 3073 5028 in
3115 4963 3250 5028 loco
3281 4962 3620 5048 Theaeteti)
3653 4961 3827 5049 quod
3854 4960 3971 5026 hoc
4000 4983 4142 5025 vere
4168 4957 4411 5022 dicatur
4438 4957 4504 5020 in

2825 5067 2994 5131 omni
3046 5066 3330 5155 opposito
3383 5064 3704 5148 (nimirum
3762 5063 3957 5128 altero
4017 5059 4303 5150 opposito
4355 5059 4505 5124 dato

2825 5168 2960 5233 dari
2990 5169 3174 5234 etiam
3203 5168 3526 5254 alterum):
3562 5166 3670 5231 sed
3696 5165 3929 5249 (dicere
3953 5164 4307 5247 Platonem)
4332 5161 4505 5250 quod

2824 5270 2942 5335 hoc
2970 5295 3113 5336 vere
3141 5270 3383 5336 dicatur
3411 5270 3489 5335 de
3520 5271 3700 5334 Bono
3722 5270 3786 5332 ?”
3831 5265 4211 5332 Vernacule:
4261 5272 4307 5305 “
4340 5266 4506 5330 Oder

2823 5376 2910 5439 ist
2950 5396 3015 5438 es
3055 5374 3226 5438 nicht
3266 5375 3506 5462 m‘ithig,
3553 5374 3700 5436 dass
3728 5372 3914 5434 Plato
3956 5370 4277 5456 behaupte‚
4305 5368 4504 5432 dieses

2825 5478 3022 5540 werde
3058 5499 3179 5540 von
3198 5478 3414 5562 jedem
3449 5478 3835 5563 Gegenaatze
3869 5472 4113 5558 richtig
4134 5480 4505 5559 ausgesagd,

2823 5579 3091 5645 sondern
3117 5579 3293 5660 (dass
3321 5600 3391 5642 er
3411 5578 3736 5662 behaupte)
3763 5597 3893 5637 nur
3910 5595 4047 5636 vom
4070 5573 4276 5636 Gutcn
4306 5573 4505 5636 werde
