5118 6613
1069 499 1154 580 48

1070 669 1348 754 ἀντέχειν
1375 671 1436 735 οἰ
1461 669 1754 751 πολέμιοι.
1805 669 1988 735 Plato
2017 671 2186 759 Rep.
2216 695 2283 760 p.
2303 690 2450 757 341.
2482 671 2546 736 b.
2570 694 2632 758 p.
2651 691 2760 757 31.

1071 770 1273 837 Bekk.
1321 771 1457 838 ἀλλ’
1497 774 1569 839 οὔ
1611 774 1692 853 μὴ
1735 772 1859 842 οἶός
1900 771 1950 838 τ’
1978 771 2067 855 ᾖς.
2135 774 2341 862 Cujus
2387 788 2594 839 tamen
2642 773 2762 841 loci

1069 874 1192 941 alia
1247 874 1409 941 ratio
1462 890 1577 940 est.

1070 976 1244 1043 locus
1287 976 1459 1057 locis,
1511 1001 1671 1066 quos
1713 978 2120 1067 collegerunt,
2166 980 2280 1068 qui
2325 979 2406 1044 de
2450 979 2568 1046 hac
2612 1003 2758 1046 con-

1071 1079 1411 1147 structione
1434 1104 1633 1169 egere.
1680 1080 1979 1148 Valcken.
2008 1082 2092 1148 ad
2120 1085 2284 1149 Eur.
2315 1082 2584 1171 Hippol.
2612 1086 2757 1168 607.

1069 1183 1315 1249 Dawes.
1348 1183 1617 1250 Miscell.
1647 1184 1836 1251 Critt.
1866 1209 1931 1274 p.
1965 1203 2110 1253 221.
2141 1210 2236 1274 sq.
2293 1185 2634 1274 Wyttenb.
2678 1185 2761 1251 ad

1075 1286 1329 1353 Selectt.
1360 1285 1632 1353 Historr.
1661 1311 1728 1376 p.
1758 1307 1909 1375 343.
1937 1301 2002 1354 et
2027 1290 2179 1372 446.
2207 1302 2274 1355 et
2301 1288 2638 1355 Heindorf.
2677 1287 2761 1353 ad

1074 1389 1324 1456 Platon.
1357 1389 1664 1457 Phaedon.
1694 1413 1757 1480 p.
1787 1412 1897 1474 44.

1154 1516 1217 1583 p.
1245 1495 1389 1573 106,
1417 1514 1484 1575 4.
1512 1496 1577 1559 τί
1599 1496 1782 1564 ὄντως
1809 1496 1990 1571 ὄντας
2035 1494 2074 1576 ἢ
2108 1496 2291 1580 καλὰ]
2329 1496 2491 1560 Haec
2532 1509 2645 1561 aut
2673 1494 2758 1559 sic

2035 497 2872 565 ANNOTATIONES
2935 499 3051 566 IN
3113 498 3569 566 PLOTINI

2845 673 2927 739 cf.
2962 671 3215 738 Phaedr.
3248 695 3314 760 p.
3350 686 3492 759 253.
3525 695 3580 737 c.
3614 670 3693 736 de
3715 667 3990 759 Republ.
4021 670 4120 734 11.
4145 692 4211 757 p.
4235 669 4383 755 368.
4421 670 4530 747 (ex'

2849 774 3143 841 Pindaro,
3176 773 3304 840 vid.
3340 776 3574 863 Fragg.
3623 773 3856 839 incerta
3891 773 4006 837 IV.
4038 795 4104 860 p.
4140 773 4240 837 81.
4278 774 4526 861 Heyn.)

1663 876 1834 942 Utut
1879 874 2072 963 legas,
2123 876 2274 943 addi
2323 876 2511 942 debet
2554 893 2764 943 noster
2847 877 2997 943 ibid.
3049 879 3168 944 VI.
3216 901 3282 967 p.
3336 878 3485 964 506.
3533 879 3608 942 C.
3655 875 3735 941 cf.
3787 875 4015 941 Athen.
4073 875 4224 940 XV.
4266 898 4330 964 p.
4376 897 4526 965 540.

2849 981 3137 1069 Schwgh.
3170 995 3235 1047 et
3263 980 3530 1045 Maxim.
3567 981 3728 1067 Tyr.
3762 978 4037 1043 XVIII.
4070 1001 4136 1065 p.
4168 979 4317 1064 338.

2930 1083 3018 1149 ib.
3045 1090 3205 1161 ζῶσα
3245 1083 3396 1163 ζωὴν
3422 1084 3555 1170 τοῦ]
3599 1090 3643 1121 “
3669 1082 3958 1147 Fortasse
3999 1080 4121 1168 leg.
4165 1084 4392 1162 ἑαυτῆς,
4418 1098 4530 1148 aut

2844 1186 3001 1275 quid
3029 1186 3345 1252 omissum.
3348 1188 3386 1213 '⁹
3402 1187 3490 1252 D.
3514 1187 3607 1249 W.
3654 1184 3917 1250 Codices
3941 1183 4133 1248 nostri
4151 1183 4240 1248 nil
4262 1184 4529 1272 amplius

2844 1289 3163 1367 exhibent,
3193 1303 3256 1355 et
3283 1288 3540 1355 eandem
3573 1287 3896 1353 lectionem
3925 1286 4227 1375 expressit
4249 1285 4523 1352 Ficinus.

2928 1392 3015 1458 ib.
3048 1395 3105 1472 ὅ,
3135 1420 3191 1458 τι
3231 1393 3307 1458 ἃν
3334 1391 3920 1479 πάθον-αἶσχος]“
3949 1390 4363 1478 Quodcunque
4398 1413 4527 1478 pa·

2844 1498 3045 1562 tiatur
3060 1517 3187 1583 per
3213 1518 3462 1584 corpus,
3491 1496 3562 1558 id
3576 1517 3706 1582 pro
3731 1495 3920 1559 suavi
3949 1493 4343 1581 turpitudine
4368 1494 4530 1558 acci-

1069 1596 1543 1685 distinguenda.
1592 1598 1652 1661 τί
1695 1601 1841 1663 ὄντα
1892 1596 2151 1666 ὅντως
2117 1625 2155 1679 η
2208 1597 2401 1673 καλάς
2447 1597 2759 1663 intellecto
2827 1601 3042 1687 piem.
3041 1600 3197 1663 D.
3223 1600 3312 1662 W.
3388 1597 3700 1663 Dedimus
3747 1611 3959 1662 autem
4008 1596 4187 1678 πάθῃ,
4229 1594 4527 1662 suadente

1070 1701 1262 1765 ἄλλο·
1246 1750 1261 1764 .
1295 1699 1376 1765 de
1404 1722 1532 1788 qua
1557 1699 1756 1788 ellipsi
1774 1700 1906 1766 vid.
1938 1703 2141 1767 Zeun.
2170 1701 2252 1766 ad
2273 1701 2484 1788 Viger.
2506 1724 2573 1789 p.
2590 1720 2750 1787 409·
2736 1752 2749 1765 .

1072 1809 1118 1842 “
1142 1801 1315 1882 Quid
1343 1825 1486 1867 vere
1511 1802 1844 1868 existentia
1878 1803 2000 1868 alia
2034 1818 2201 1881 sunt,
2231 1827 2421 1891 quam
2464 1803 2755 1891 pulcra?”

1069 1919 1183 1971 aut
1221 1928 1368 1971 cum
1412 1904 1572 1972 Cod.
1614 1905 1802 1971 Vind.
1843 1909 1921 1972 C.
1964 1905 2301 1995 legendum
2346 1907 2407 1988 ἦ,
2456 1908 2752 1995 profheta

1069 2010 1218 2074 Hoc
1245 2008 1467 2097 placet.

1154 2112 1242 2177 ib.
1272 2114 1336 2177 τί
1358 2113 1506 2177 ὄντα
1536 2113 2036 2193 πεποίηκε-οἶον
2072 2115 2220 2198 φῶς]
2259 2112 2444 2179 Plato
2474 2111 2753 2200 Republ.

1069 2216 1213 2281 III.
1242 2239 1306 2304 p.
1339 2216 1490 2280 620.
1522 2214 1586 2280 b.
1621 2216 1719 2279 καὶ
1744 2214 1862 2296 μὴν
1889 2217 1960 2280 τό
1992 2242 2067 2299 γε
2106 2216 2435 2282 κάλλιστον
2464 2216 2751 2299 ἑρασμιό·

1067 2343 1265 2384 ται-ον.
1330 2316 1512 2383 Idem
1542 2317 1797 2383 Phaedr.
1828 2340 1891 2405 p.
1927 2333 2070 2404 250.
2103 2321 2191 2385 D.
2258 2317 2662 2406 Augustinus
2690 2317 2753 2381 in

1067 2420 1364 2487 Psalmm.
1394 2445 1458 2509 p.
1488 2423 1597 2507 56.
1629 2436 1686 2504 7.
1717 2422 1802 2485 E.
1862 2422 2306 2488 Definitionem
2336 2427 2442 2488 τοῦ
2469 2423 2754 2504 ἐρασμίου

1064 2523 1274 2612 posuit
1304 2522 1593 2589 Plotinus
1621 2546 1683 2611 p.
1716 2538 1861 2606 724.
1892 2547 1982 2611 sq.

1148 2664 1236 2676 —
1252 2628 1316 2690 6.
1346 2628 1560 2707 βούλει
1586 2627 2541 2716 δὲ-αἰσχρᾶ-ἆναπαραθεῖναι]
2572 2627 2757 2693 Plato

1066 2728 1343 2816 Republ.
1377 2729 1493 2792 VI.
1526 2751 1588 2815 p.
1619 2729 1772 2814 506.
1800 2751 1853 2792 c.
1883 2751 1952 2817 p.
1982 2747 2134 2814 315.
2180 2727 2379 2793 Bekk.
2406 2733 2622 2795 Βούλει
2650 2731 2757 2795 οὖν

1065 2834 1289 2915 αἰσχρὰ
1345 2830 1699 2896 θεάσασθαι.
1766 2829 1993 2896 Altera
2044 2829 2249 2896 forma
2308 2833 2360 2896 εἷ
2417 2834 2482 2896 δὲ
2536 2834 2753 2913 βούλει

1062 2934 1248 2999 etiam
1281 2932 1670 2998 Infinitivum
1702 2932 1934 2998 Aoristi
1961 2931 2330 3020 adjunctum
2360 2932 2551 2999 habet
2579 2934 2753 3023 apud

1064 3036 1334 3102 eundem
1376 3035 1440 3099 in
1486 3036 1776 3123 Sympos.
1806 3060 1874 3124 p.
1900 3051 2043 3121 177.
2071 3059 2127 3100 a.
2157 3059 2221 3124 p.
2252 3037 2398 3123 378.
2462 3035 2667 3101 Bekk.
2700 3041 2754 3103 εἰ

1063 3142 1131 3206 δὲ
1155 3140 1370 3220 βούλει
1399 3139 1473 3202 αὖ
1502 3137 1849 3221 σκέψασθαι
1877 3140 2012 3208 τοὺς
2036 3139 2331 3224 χρηστοὺς
2359 3139 2677 3223 σοφιστάς.

1148 3277 1233 3293 -
1256 3258 1317 3327 7.
1348 3242 1858 3331 ἀντιπαραθεῖναι]
1916 3241 2073 3308 Cod.
2128 3241 2315 3310 Leid.
2367 3243 2543 3308 VOSS.
2595 3245 2753 3310 ἀντι-

1063 3350 1407 3429 περιθεῖναι,
1439 3343 1655 3410 male.”
1683 3346 1774 3411 D.
1803 3348 1896 3410 W.

1147 3448 1318 3513 —8.
1362 3449 1510 3513 διότι
1552 3447 1782 3537 φαμέν]
1831 3451 2026 3532 φανὲν
2064 3449 2224 3514 Cod.
2260 3450 2435 3514 Vnae.
2471 3447 2566 3535 [et
2608 3448 2751 3538 plu·

1058 3550 1254 3642 rimi].
1321 3550 1547 3617 Omisit
1577 3550 1713 3616 Fic.
1747 3551 1794 3617 f.
1825 3552 2084 3640 vulgata
2112 3565 2424 3617 vertatur:
2471 3562 2533 3617 et
2552 3575 2752 3641 quare

1057 3656 1341 3722 ἀέσαηιω
1389 3655 1544 3744 quid
1585 3664 1770 3744 turpe
1811 3657 1997 3722 esse?
2026 3659 2114 3721 D.
2137 3658 2225 3718 W.
2297 3654 2406 3719 Sin
2440 3655 2746 3721 Codicum

1057 3758 1472 3846 plurimorum
1492 3758 1697 3823 valeat
1715 3758 1923 3839 lectio,
1948 3757 2353 3824 vertendum:
2389 3767 2574 3846 turpe
2598 3760 2752 3847 quid

1057 3863 1147 3926 sit
1192 3872 1253 3927 et
1308 3884 1436 3950 qua
1490 3862 1566 3926 de
1622 3883 1837 3941 causa,
1886 3864 2291 3950 manfistum
2320 3863 2460 3948 flat
2509 3864 2745 3950 (appa-

1059 3966 1254 4049 reat).

1144 4065 1232 4131 ib.
1256 4063 1461 4129 Ἔστω
1490 4064 1561 4143 δὴ
1585 4065 2085 4153 ψυχὴ-αἶσχος]
2119 4066 2601 4133 Distinctionem
2631 4066 2749 4132 hu-

1049 4169 1160 4256 jus
1186 4167 1304 4233 loci
1332 4166 1816 4232 emendavimus.

1142 4306 1233 4323 -
1261 4292 1357 4336 10.
1389 4269 1877 4357 μικροπρέπειαν]
1919 4269 2176 4335 Poterat
2219 4271 2474 4337 Ficinus
2515 4285 2581 4338 et
2623 4271 2747 4336 for-

1060 4387 1220 4439 tasse
1247 4372 1552 4438 debebat:
1580 4372 2088 4438 illiberalitatem.
2138 4373 2451 4441 Aristotel.
2476 4375 2741 4440 Rhetor.

1062 4478 1118 4542 Ῑ.
1155 4497 1215 4561 9.
1251 4495 1347 4542 12.
1379 4499 1443 4564 p.
1478 4496 1582 4563 33.
1636 4474 1811 4564 Sylb.
1859 4498 1921 4563 p.
1971 4476 2074 4540 68.
2122 4476 2321 4542 Gaisf.
2368 4476 2743 4561 μεγαλοπρέ-

1059 4604 1199 4645 πεια
1249 4581 1315 4644 δὲ
1366 4579 1542 4661 ἀρετὴ
1589 4581 1657 4644 ἐν
1704 4578 2081 4660 δαπανήμασι
2121 4579 2408 4661 μεγέθους
2455 4580 2744 4661 ποιητική·

1058 4684 1425 4767 μικροψυχία
1453 4684 1519 4746 δὲ
1548 4682 1643 4748 καὶ
1668 4681 2093 4764 μικροπρέπεια
2128 4683 2431 4747 τάναντία.
2476 4682 2556 4748 cf.
2593 4682 2744 4747 Ari-

1058 4798 1202 4852 stot.
1236 4784 1448 4851 Ethic.
1484 4785 1582 4849 ΙΙ.
1617 4800 1678 4868 7.
1714 4786 1831 4850 IV.
1868 4802 1928 4850 2.
2007 4785 2108 4849 De
2152 4786 2356 4871 φθόνῳ
2398 4806 2525 4849 non
2568 4808 2744 4873 mag-

1059 4910 1290 4977 nopere
1329 4886 1640 4975 discrepat
1666 4909 1705 4951 a
1733 4887 1987 4953 Plotino
2019 4887 2491 4966 Demosthenes,
2523 4887 2637 4974 qui
2680 4887 2746 4952 in

1059 4990 1370 5081 Leptinen
1395 5013 1459 5077 p.
1486 5008 1629 5055 121.
1660 5013 1749 5078 sq.
1787 4989 1992 5054 Wolf.
2019 4992 2110 5054 ὅτι
2135 4990 2479 5055 παντάπασι
2509 4992 2747 5074 φύσεως

1061 5096 1261 5164 κακίας
1288 5089 1534 5175 omem
1562 5095 1729 5157 ἐστιν
1758 5096 1791 5157 ὁ
1820 5095 2061 5176 φθόνος.

1142 5235 1233 5248 -
1256 5214 1356 5261 12.
1390 5198 1607 5260 σκολιὰ
1654 5197 1986 5281 πανταχοῦ]
2041 5193 2334 5260 Similiter
2383 5194 2555 5284 apud
2603 5195 2747 5261 Pla-

1057 5314 1268 5367 tonem
1325 5296 1515 5383 ορδὸς,
1578 5299 1746 5367 εὐθὺς
1794 5312 1858 5363 et
1916 5298 2156 5366 σκολιὸς
2208 5299 2516 5364 contraria
2573 5312 2739 5365 sunt.

1061 5404 1261 5491 Gorg.
1310 5425 1376 5491 p.
1425 5419 1575 5487 524.
1624 5423 1681 5467 c.
1730 5399 1811 5466 de
1857 5399 2065 5467 anima
2103 5400 2361 5477 vitium
2410 5403 2507 5468 καὶ
2549 5401 2747 5468 πάντα

2841 1702 3027 1767 etiam
3056 1700 3345 1767 Dissenio
3371 1702 3448 1766 V.
3475 1702 3563 1765 D.
3598 1700 3773 1765 Prof.
3808 1699 4096 1787 Gotting.

2925 1841 3014 1855 —
3049 1824 3145 1891 13.
3208 1805 3349 1870 αὐτὸ
3405 1802 3919 1868 τοῦτο-ἐπακτὸν
3976 1801 4161 1867 καλὸν
4218 1800 4521 1893 φήσομεν]

2846 1906 3084 1973 Sustuli
3111 1905 3420 1995 virgulam
3448 1919 3590 1993 post
3618 1906 3780 1986 αὐτῇ.
3859 1904 4115 1969 Ficinus
4143 1903 4341 1968 videri
4379 1929 4519 1993 pos-

2842 2010 2921 2076 sit
2962 2009 3282 2099 aliquanto
3325 2008 3471 2098 plus
3516 2008 3580 2073 in
3632 2008 3760 2074 suis
3818 2007 4157 2073 Codicibus
4203 2007 4519 2094 reperisse.

2843 2112 3030 2192 Quod
3060 2136 3235 2178 secus
3261 2127 3371 2177 est.
3419 2113 3643 2200 Neque
3665 2110 3829 2176 enim
3853 2109 4143 2175 Medicea
4170 2126 4462 2199 excerpta
4486 2136 4526 2178 a

2840 2215 3097 2304 vulgata
3137 2215 3507 2303 discrepant.
3599 2213 3870 2279 Rinckio
3911 2212 4320 2278 necessarium
4355 2214 4525 2280 vide-

2837 2319 3052 2398 batur,
3088 2342 3206 2407 pro
3235 2318 3424 2384 καλὸν
3452 2340 3747 2406 reponere
3787 2316 3985 2391 κακὸν,
4018 2339 4235 2381 verum
4278 2315 4408 2381 sine
4450 2317 4524 2382 li·

2838 2421 2968 2488 bris
3017 2445 3246 2486 novare
3292 2421 3606 2498 nolumus,
3641 2442 3754 2485 nec
3798 2418 4002 2497 video,
4046 2418 4223 2506 quid,
4265 2418 4315 2483 si
4362 2420 4522 2487 hanc

2838 2526 3257 2613 conjecturam
3302 2523 3587 2612 accipias,
3629 2522 3695 2587 in
3738 2522 4141 2610 sequentibus
4184 2522 4300 2586 sibi
4347 2523 4516 2604 velit,

2842 2628 2937 2693 καὶ
2963 2633 3171 2715 πολλῷ
3200 2632 3279 2715 τῷ
3304 2631 3458 2714 κακῷ
3490 2624 4011 2709 συμπεφυρμένην.

2923 2767 3011 2779 -
3034 2750 3131 2812 14.
3154 2728 3270 2813 ἆρα
3291 2729 3752 2818 οὗ-φήσομεν]
3772 2729 4004 2793 Nonne
4031 2728 4304 2793 dicemus
4322 2731 4356 2793 ?
4375 2729 4517 2796 vid.

2839 2833 3129 2919 Hoogev.
3172 2831 3252 2897 de
3306 2829 3628 2897 Particull.
3681 2854 3745 2918 p.
3795 2848 3900 2913 74.
3951 2830 4050 2896 ed.
4101 2829 4356 2898 SchutZ.
4412 2832 4517 2899 alt.

2838 2935 3186 3000 Hermann.
3231 2933 3314 2999 ad
3347 2933 3559 3021 Viget.
3599 2958 3663 3022 p.
3702 2935 3846 3015 824.
3917 2933 4180 2999 Heindf.
4229 2933 4309 2999 ad
4355 2936 4518 3053 Plat.

2840 3037 3081 3125 Cratyl.
3109 3061 3172 3125 p.
3207 3039 3303 3101 18.
3338 3060 3429 3124 sq.
3459 3036 3541 3101 ad
3572 3036 3874 3101 Phaedon.
3908 3060 3971 3124 p.
4001 3037 4107 3123 36.

2920 3140 3008 3206 ib.
3037 3140 3541 3228 προσγεγονέναι]
3577 3139 3761 3205 Plato
3792 3139 3992 3227 Hipp.
4021 3139 4168 3227 maj.
4189 3163 4254 3227 Ρ.
4280 3140 4422 3225 289.
4450 3141 4514 3206 d.

2836 3244 2904 3310 τὸ
2935 3243 3121 3310 καλὸν
3149 3246 3389 3310 ἓπειὸαν
3415 3242 3875 3327 προσγένηται’
3848 3248 4037 3308 εκεῖνο
4069 3242 4136 3308 τὸ
4169 3242 4336 3313 εἶδος.
4416 3246 4519 3311 De

2837 3371 2989 3413 voce
3018 3348 3273 3413 ἐπακτὸν
3294 3346 3494 3411 multa
3519 3346 3701 3434 posui
3721 3345 3784 3410 in
3809 3345 3986 3411 Edit.
4009 3346 4209 3433 pecul.
4229 3370 4375 3433 quoe
4394 3347 4455 3412 h.
4474 3349 4517 3413 l.

2837 3449 3079 3529 omitto,
3110 3474 3223 3516 nec
3252 3473 3494 3515 necesse
3522 3464 3616 3514 est
3643 3448 3828 3536 plura
3853 3447 4001 3513 addi
4042 3463 4186 3536 post
4220 3450 4518 3538 Wytten·

2834 3552 3038 3619 bachii
3083 3553 3400 3641 disputata
3448 3552 3528 3618 ad
3575 3551 3745 3618 Plut.
3778 3552 3838 3617 1.
3868 3575 3935 3639 p.
3963 3571 4110 3638 319.
4142 3575 4235 3639 sq.
4264 3552 4366 3617 cd.
4396 3555 4516 3620 Ox.

2833 3656 2985 3721 min.
3026 3657 3090 3720 in
3136 3655 3472 3722 Platonicis
3510 3672 3574 3721 et
3600 3654 3969 3720 Plotinianis
4012 3676 4114 3718 me
4162 3654 4513 3723 continebo.

2838 3758 3013 3842 (Vid.
3058 3784 3126 3848 p.
3157 3760 3263 3844 56.
3300 3760 3374 3823 Β.
3422 3781 3482 3844 p.
3519 3760 3669 3844 556.
3711 3759 3788 3824 Β.
3837 3757 4056 3825 κάλλος
4099 3758 4353 3824 ἐπακτὸν
4397 3767 4518 3831 τοῖς

2833 3865 3084 3944 σώμασι.
3164 3861 3341 3928 Suid.
3389 3863 3443 3926 1.
3484 3884 3549 3949 p.
3595 3860 3736 3946 785.
3777 3860 3861 3925 cf.
3906 3862 4183 3924 Zonaras
4227 3883 4291 3947 p.
4337 3863 4513 3948 808.)

2829 3964 3147 4031 Ἐπακτόν·
3181 3967 3571 4048 ἐπαγόμενον·
3604 3963 3796 4043 ξένον·
3823 3964 4143 4046 σφροδρόν·
4172 3963 4424 4029 ἐπακτὸν
4445 3970 4515 4047 τῇ

2831 4073 2999 4153 ψυχῇ
3018 4078 3169 4152 φησι
3191 4073 3501 4134 Πλωτῖνος
3522 4066 3628 4146 τὴν
3650 4066 3862 4149 ἀρετὴν
3885 4092 4000 4130 ns.
4015 4074 4076 4131 λ.
4120 4065 4331 4130 Locus
4350 4082 4444 4132 est
4454 4069 4514 4133 I.

2835 4189 2897 4237 2.
2928 4192 2981 4235 1.
3009 4170 3116 4236 ubi
3137 4170 3262 4235 vid.
3285 4173 3528 4234 Annot.
3556 4184 3746 4233 nostr.
3773 4191 3834 4256 p.
3864 4188 3963 4234 12.
3988 4170 4067 4234 C.
4091 4167 4278 4235 Basil.
4311 4171 4516 4259 Apud

2834 4272 3197 4338 Ciceronem
3225 4271 3532 4338 contraria
3558 4288 3705 4336 sunt
3731 4270 3812 4336 de
3841 4273 4121 4360 Harusp.
4152 4273 4516 4340 domesticus

2829 4378 3205 4463 statimque
3232 4377 3456 4440 luctu&
3523 4374 3705 4440 Idem
3734 4373 3814 4438 de
3842 4373 4159 4463 Republ.:
4195 4377 4296 4443 11.
4325 4397 4386 4459 4.
4418 4378 4510 4443 di-

2830 4477 2946 4542 cit:
2993 4500 3222 4543 merces
3249 4479 3643 4556 adventiciae,
3674 4493 3736 4543 et
3763 4476 3914 4544 ibid.
3948 4479 4046 4544 ΙΙ.
4073 4493 4169 4564 15.
4204 4488 4515 4546 transma-

2830 4582 2998 4645 rinis
3025 4591 3087 4646 et
3120 4583 3477 4669 importatis
3516 4582 3779 4646 artibus.
3870 4579 3982 4644 Ad
4027 4583 4392 4648 sententiam
4434 4584 4513 4650 de

2832 4683 3224 4771 turpitudine
3265 4683 3487 4748 animae
3530 4683 3609 4748 cf.
3653 4682 3921 4747 eundem
3964 4683 4044 4748 de
4089 4685 4295 4773 Legg.
4329 4687 4388 4751 I.
4411 4707 4512 4771 19.

2829 4804 2935 4872 52.
2968 4810 3104 4875 sqq.
3176 4788 3277 4851 De
3322 4785 3588 4851 naturali
3637 4784 4078 4874 pulcritudine,
4129 4801 4211 4860 et,
4264 4810 4407 4875 quae
4455 4790 4512 4854 ei

2829 4889 3136 4955 contraria
3161 4889 3442 4979 ponitur,
3472 4892 3756 4977 quaesita,
3778 4889 4031 4977 juvabit
4055 4888 4273 4976 legisse
4302 4887 4509 4957 Philo-

2831 4992 3006 5057 strati
3049 4993 3398 5081 Epistolam
3443 4991 3999 5080 quadragesimam.
4089 4989 4203 5055 Ad
4245 4991 4513 5080 philoso-

2830 5095 3020 5184 pham
3044 5120 3190 5162 vero
3218 5095 3547 5182 utriusque
3569 5093 4004 5183 pulcritudinis
4025 5091 4337 5159 notionem
4360 5096 4512 5163 facit

2830 5198 3111 5287 inprimis
3134 5198 3416 5265 Platonis
3442 5198 3783 5287 disputatio
3802 5197 3865 5262 in
3892 5194 4158 5261 Philebo
4178 5220 4241 5285 p.
4252 5199 4507 5284 51.c.d.

2829 5325 2896 5389 p.
2934 5303 3075 5367 161.
3120 5326 3256 5391 sqq.
3307 5300 3675 5368 Stallbaum.
3744 5300 3937 5366 Adde
3990 5298 4194 5389 Hipp.
4244 5303 4390 5390 maj.
4443 5326 4507 5392 p.

2834 5423 2978 5490 295.
3010 5428 3064 5469 c.
3085 5404 3149 5471 d.
3200 5407 3399 5493 Gorg.
3431 5428 3497 5494 p.
3529 5419 3680 5488 474.
3710 5427 3803 5491 sq.
3866 5403 3979 5468 Ad
4010 5402 4346 5470 Plotiniani
4389 5406 4507 5471 hu-

1060 5509 1278 5572 σκολιὰ
1303 5503 1416 5571 ὑπὸ
1444 5506 1704 5590 ψεύδους
1734 5505 1831 5570 καὶ
1857 5505 2224 5585 ἀλαζονείας,
2257 5507 2352 5570 καὶ
2378 5507 2553 5572 οὐδὲν
2583 5506 2738 5572 εὐθύ.
2820 5505 2931 5593 jus
2957 5506 3073 5572 loci
3103 5509 3293 5573 verba
3319 5506 3556 5574 faciunt
3583 5507 3717 5573 haec
3746 5503 4028 5571 Philonis
4048 5507 4096 5570 J
4101 5506 4267 5573 udaei
4297 5508 4377 5575 de
4406 5533 4513 5576 no-
