5118 6613
1317 561 1516 628 ΜΒ.
1565 559 1670 629 11.
1716 563 2186 667 ΕΝΝΕᾼῙ).
2236 563 2702 642 TERTIAE.
2747 566 3207 654 p.478-481.

536 733 891 814 contulerit,
912 734 964 799 is
991 732 1288 800 continuo
1316 734 1639 824 intelliget,
1667 736 1838 801 hunc
1859 736 2060 802 multo
2088 737 2235 803 sub-

537 838 707 903 tilius
754 838 890 903 haec
934 851 1248 916 tractasse,
1294 860 1482 926 quam
1532 837 1730 905 illum.
1820 840 2093 928 Propius
2149 840 2230 905 ad

537 942 901 1008 sententiam
948 940 1184 1006 Plotini
1235 942 1544 1007 accedunt
1599 967 1745 1031 quae
1797 943 2123 1009 Hierocles
2164 945 2229 1008 'm

538 1044 812 1133 Pythag.
846 1047 1012 1108 Aur.
1049 1046 1327 1109 Carmm.
1356 1044 1439 1109 de
1469 1068 1588 1110 usu
1615 1045 1976 1110 animalium
2010 1046 2230 1135 dispu-

536 1164 643 1214 tat.
676 1172 742 1237 p.
763 1168 916 1235 329.
946 1148 1048 1213 ed.
1081 1148 1354 1214 Canteri.

618 1276 684 1339 p.
713 1269 864 1335 479,
895 1271 960 1337 3.
1006 1253 1192 1316 οἱονεὶ
1248 1253 1347 1316 ἐπὶ
1391 1256 1609 1332 σκηνῆς
1652 1279 1705 1317 κ.
1728 1253 1898 1342 τ.λ.]
1947 1255 2093 1318 Non
2137 1270 2232 1319 est

532 1354 701 1442 quod
750 1368 893 1442 post
941 1355 1331 1419 Gatakerum
1374 1355 1662 1443 exempla
1702 1378 2055 1444 congeram,
2100 1381 2230 1445 quo

534 1458 858 1545 probetur,
890 1474 1278 1545 quantopere
1301 1458 1418 1523 hac
1437 1459 1847 1524 similitudine
1858 1460 2229 1526 Graecorum

531 1559 886 1648 philosophi
943 1559 1230 1625 delectati
1273 1560 1525 1627 fuerint.
1601 1561 1742 1627 Vid.
1789 1562 1869 1627 ad
1917 1564 2226 1631 Antonin.

533 1663 668 1727 IX.
704 1681 802 1748 29.
837 1685 899 1749 p.
937 1681 1080 1746 277.
1130 1663 1254 1727 XI.
1279 1664 1342 1727 6.
1375 1683 1614 1751 p.321.
1649 1665 1828 1729 XII.
1852 1666 1959 1751 36.
1986 1688 2052 1752 p.
2075 1668 2228 1753 363.

532 1789 623 1853 sq.
652 1766 832 1831 Add.
864 1766 1208 1832 Ruhnken.
1241 1768 1323 1832 ad
1351 1768 1520 1833 Tim.
1559 1768 1622 1832 in
1665 1770 1911 1852 τραγικὴ
1939 1771 2129 1852 σκηνὴ
2160 1795 2222 1860 p.

532 1889 677 1957 259.
710 1886 776 1937 et
805 1872 1016 1960 Wytt.
1047 1871 1112 1935 in
1143 1871 1306 1936 Bibl.
1342 1871 1499 1937 Crit.
1534 1873 1677 1937 III.
1714 1894 1766 1937 1.
1798 1898 1864 1962 p.
1886 1895 1995 1956 41.

612 2010 701 2022 —
738 1993 833 2060 13.
879 1980 1068 2050 ζῶντα
1123 1976 1398 2057 παίγνια]
1476 1975 1751 2063 Orphica
1824 1999 1947 2041 non
2021 1978 2230 2044 minus

531 2101 719 2165 quam
751 2076 1076 2143 Platonica
1102 2077 1390 2143 formula.
1485 2079 1723 2144 Mundi
1753 2079 1919 2145 enim
1956 2096 2020 2146 et
2062 2082 2231 2147 entia

529 2181 699 2269 apud
719 2182 835 2247 hos
849 2182 963 2247 scri
971 2200 1179 2267 ptores
1194 2182 1294 2247 vel
1318 2186 1622 2267 ἀθύρματα
1639 2182 1736 2248 vel
1760 2186 2031 2265 θαύματα
2053 2190 2225 2262 θεῶν,

527 2284 869 2373 crepundia
900 2284 993 2350 vel
1026 2308 1308 2364 munera,
1341 2286 1695 2374 spectacula
1714 2287 1975 2353 deorum
2006 2289 2225 2354 dicun-

529 2405 652 2455 tur.
722 2390 863 2455 Vid.
889 2389 1137 2455 Platon.
1162 2390 1243 2455 de
1272 2393 1476 2480 Legg.
1512 2389 1570 2456 I.
1599 2415 1662 2479 p.
1696 2394 1843 2474 644.
1877 2395 1960 2458 E.
1979 2416 2044 2481 p.
2073 2413 2222 2478 219.

531 2493 801 2559 Bekkeri
831 2511 894 2559 et
922 2495 1004 2559 cf.
1034 2494 1386 2584 Dionysum
1421 2511 1703 2561 nostrum
1730 2520 1793 2585 p.
1813 2516 1920 2578 42.

609 2637 700 2648 —
736 2620 832 2679 14.
881 2601 979 2663 οἶα
1038 2601 1104 2663 ἐν
1145 2600 1454 2683 πυῤῥίχαις
1495 2601 1803 2676 παίζοντες
1847 2599 2223 2689 ἐργάζονται]

529 2703 726 2768 Haud
758 2702 952 2769 dubie
995 2702 1096 2767 hic
1141 2726 1398 2790 quoque
1444 2703 1697 2768 Plotino
1739 2704 2107 2770 obversatus
2135 2721 2230 2770 est

529 2805 887 2871 luculentus
929 2806 1103 2871 locus
1150 2805 1430 2870 Platonis
1466 2807 1563 2871 sui
1607 2806 1689 2872 de
1734 2807 1941 2894 Legg.
1973 2808 2131 2872 VII.
2162 2831 2227 2896 p.

527 2910 672 2996 815.
706 2913 796 2974 A.
822 2911 901 2974 B.
935 2933 1000 2998 p.
1030 2930 1140 2995 54.
1186 2908 1386 2975 Bekk.
1421 2910 1531 2975 ubi
1576 2910 1804 2976 diserte
1848 2910 2223 2976 describitur

525 3012 659 3078 haec
687 3012 933 3077 saltatio
960 3012 1199 3078 bellica.
1267 3014 1470 3101 Cujus
1499 3011 1931 3101 descriptionis
1957 3036 2084 3077 non
2113 3013 2225 3079 ob-

523 3117 672 3183 litus
698 3132 793 3182 est
820 3117 1211 3183 doctissimus
1237 3117 1492 3182 Jacobs.
1524 3117 1606 3182 ad
1640 3116 1948 3182 Stratonis
1989 3117 2220 3206 Epigr.

524 3223 888 3288 XXVIII.
965 3221 1115 3286 Vid.
1168 3222 1305 3309 ejus
1365 3222 1788 3286 commentar.
1843 3221 1907 3285 in
1958 3221 2218 3286 Anthol.

524 3328 643 3393 Gr.
688 3328 787 3392 11.
830 3347 889 3413 3.
935 3350 997 3414 p.
1031 3344 1136 3413 75.
1168 3350 1259 3414 sq.
1324 3325 1435 3391 Ad
1475 3348 1605 3391 rem
1652 3338 1957 3414 praeterea
1992 3326 2222 3392 adhibe

524 3431 763 3495 Athen.
799 3430 986 3494 XIV.
1011 3431 1158 3516 631,
1190 3453 1256 3518 p.
1291 3430 1436 3496 286.
1472 3453 1612 3518 sqq.
1648 3430 1940 3518 Schwgh.
1973 3429 2218 3496 Polluc.

527 3536 643 3599 1v.
686 3555 811 3620 99:
877 3557 1020 3598 cum
1063 3532 1357 3621 interprr.
1420 3533 1701 3622 Hesych.
1753 3535 1854 3598 ΙΙ.
1908 3557 1975 3622 p.
2030 3535 2215 3600 1088.

523 3660 666 3701 cum
718 3636 1007 3725 interprr.
1053 3650 1118 3700 et
1169 3641 1299 3701 Ast.
1363 3635 1445 3699 ad
1505 3635 1751 3701 Platon.
1805 3635 1849 3700 l.
1870 3634 1910 3700 l.
1959 3635 2025 3700 in
2072 3636 2221 3701 Ani-

524 3740 780 3805 madw.
826 3762 892 3827 p.
921 3739 1072 3825 382.
1116 3753 1180 3804 et
1222 3762 1288 3827 p.
1324 3756 1473 3824 379.
1505 3761 1597 3825 sq.
1691 3740 1829 3803 Nec
1872 3738 2079 3804 minus
2122 3763 2220 3804 re-

524 3844 793 3931 spexisse
838 3843 1101 3907 alterum
1151 3842 1432 3907 Platonis
1472 3841 1677 3907 locum
1720 3840 1974 3906 videtur
2014 3842 2218 3930 philo-

522 3949 758 4036 sophus
785 3963 1016 4027 noster,
1049 3946 1335 4011 videlicet
1362 3946 1497 4011 haec
1519 3946 1710 4011 verba
1737 3945 1799 4009 in
1831 3946 2049 4011 eodem
2082 3949 2211 4012 Le-

520 4073 674 4139 gum
703 4049 868 4115 libro
898 4072 962 4137 p.
997 4051 1139 4133 796.
1170 4070 1245 4137 p:
1274 4065 1370 4132 17.
1404 4047 1642 4113 Bekk.:
1691 4047 1810 4113 οὐδ’
1842 4051 1963 4113 ὅσα
2000 4051 2068 4114 ἐν
2097 4056 2219 4117 τοῖς

521 4160 725 4238 χοροῖς
775 4156 944 4217 ἐστιν
987 4153 1061 4217 αὖ
1115 4150 1417 4232 μιμήματα
1465 4151 1844 4235 προσήκοντα
1890 4157 2215 4231 μιμεῖσθαι,

522 4255 836 4340 παρετέον,
898 4258 1046 4320 κατὰ
1100 4257 1213 4336 μὲν
1264 4254 1370 4319 τὸν
1425 4256 1611 4319 τόπον
1669 4256 1844 4319 τόνδε
1901 4253 2218 4337 Κουρήτων

522 4362 776 4424 ἐνόπλια
801 4360 1072 4440 παίγνια,
1106 4361 1254 4423 κατὰ
1295 4360 1360 4422 δὲ
1393 4359 1812 4439 Λακεδαίμονα
1841 4360 2213 4441 Διοσκόρων.

518 4461 716 4527 Unde
756 4460 1018 4526 fortasse
1059 4459 1381 4525 lectionem
1429 4459 1632 4524 Ficini
1687 4459 1751 4525 in
1801 4460 1940 4525 loco
1985 4460 2217 4525 Plotini

517 4564 821 4630 defendas
845 4563 1003 4646 (vid.
1037 4586 1171 4627 var.
1203 4565 1407 4628 Lectt.
1440 4566 1687 4648 nostr.).
1777 4562 1970 4628 Illum
2001 4563 2099 4628 bis
2125 4578 2217 4628 at-

518 4669 663 4758 tigit
708 4668 974 4734 Proclu's
1011 4668 1073 4732 in
1121 4667 1348 4732 Theol.
1399 4666 1680 4731 Platonis
1715 4668 1790 4731 V.
1822 4684 1925 4754 35.
1970 4690 2033 4755 p.
2064 4686 2212 4753 323.

518 4790 583 4838 et
624 4773 748 4838 VI.
788 4790 883 4851 14.
929 4793 994 4858 p.
1023 4769 1170 4856 382.
1261 4768 1388 4848 Qui
1430 4768 1776 4856 posteriore
1818 4769 1955 4833 loco
1997 4768 2084 4834 ita
2109 4794 2217 4833 :—

521 4880 723 4960 ὥσπερ
753 4876 825 4955 δὴ
857 4877 954 4939 καὶ
995 4877 1063 4940 ἐν
1091 4875 1302 4942 ἄλλοις
1333 4878 1434 4954 τῆς
1477 4878 1833 4957 Κουρητικῆς
1876 4873 2214 4955 ἐπεμνήσθη

525 4980 852 5067 [Πλάτων]
913 4978 1149 5058 τάξεως,
1199 4977 1515 5061 Κουρήτων
1557 5003 1624 5042 τε
1668 4978 1920 5042 ἔνοπλια
1967 4978 2217 5060 παίγνια

518 5084 701 5168 λέγω.
751 5084 884 5148 ἐπεὶ
911 5085 975 5146 δὲ
1007 5109 1057 5145 κ.
1092 5107 1144 5144 τ.
1168 5088 1233 5145 λ.
1326 5081 1541 5169 Locus
1577 5095 1912 5168 corruptus
1940 5093 2003 5145 et
2041 5079 2213 5145 lacu-

520 5209 731 5263 nosae,
765 5185 1026 5270 Corrige
1048 5184 1404 5265 ε-παίγνια
1438 5182 1640 5266 λέγων
1671 5183 1766 5247 καὶ
1809 5183 2211 5265 Διοσκούρων.

516 5290 845 5379 Admonet
867 5302 1078 5352 autem
1103 5285 1427 5350 universus
1441 5285 1617 5351 locus
1646 5285 2036 5351 Plotinianus
2060 5285 2214 5351 Plu-

517 5394 716 5460 tarchi
745 5392 828 5458 de
876 5393 939 5455 S.
968 5392 1053 5455 N.
1083 5390 1156 5454 V.
1187 5413 1252 5477 p.
1277 5407 1426 5476 554.
1456 5413 1523 5478 p.
1551 5406 1698 5476 235.
1742 5413 1833 5476 sq.
1868 5388 1967 5454 ed.
2003 5390 2218 5477 Wytt.

517 5521 704 5585 quem
742 5497 812 5561 in
855 5493 1137 5559 clausula
1182 5494 1567 5559 adscribam:
1613 5492 1788 5558 Ἀλλ’
1840 5493 2014 5558 οὐδὲν
2071 5493 2219 5557 ἔνιοι

522 5601 869 5686 διαφέρουσι
911 5600 1257 5681 παιδαρίων,
1303 5596 1344 5663 ἃ
1402 5598 1538 5668 τοὺς
1588 5600 1947 5682 κακούργους
1989 5599 2058 5663 έν
2087 5603 2218 5665 ,τοῖς

3894 589 4010 660 151

2320 740 2591 820 θεώμενα
2618 738 2910 808 πολλάκις
2939 743 3007 805 ἐν
3034 745 3247 823 χιτῶσι
3285 741 3627 824 διαχρύσοις
3655 741 3750 806 καὶ
3777 748 4010 826 χλαμυ-

2319 843 2464 910 δίοις
2490 845 2807 924 ἁλουργοῖς
2851 842 3375 925 ἐστεφανωμένους
3419 845 3514 908 καὶ
3549 845 4011 928 πυῤῥιχίζοντας,

2319 947 2535 1030 ἄγαται
2566 947 2661 1011 καὶ
2689 945 2944 1027 τέθηπεν
2985 948 3061 1014 ὣς
3088 949 3423 1029 μακαρίους·
3476 949 3646 1032 ἄχρις
3673 949 3743 1012 οὗ
3774 952 4009 1015 κεντού-

2315 1073 2488 1128 μενοι
2530 1048 2627 1113 καὶ
2670 1050 3135 1131 μαστιγούμενοι
3189 1051 3285 1113 καὶ
3332 1054 3447 1131 πῦρ
3493 1049 3758 1119 ἀνιέντες
3805 1052 3872 1115 ἐκ
3915 1056 4016 1132 τῆς

2318 1154 2558 1233 ἀνθινῆς
2618 1154 2843 1233 ἐκείνης
2894 1155 2991 1218 καὶ
3035 1159 3402 1235 πολυτελοῦς
3453 1157 3701 1234 έσθῆτος
3757 1157 4014 1238 ὀφθῶσι.

2319 1255 2499 1319 Conf.
2546 1253 2731 1319 etiam
2775 1277 2922 1342 quae
2975 1254 3190 1344 paullo
3241 1271 3380 1344 post
3431 1255 3658 1343 adjecit
3705 1255 4013 1325 Plotinus.

2317 1358 2481 1421 Haec
2530 1356 2742 1420 omnia
2789 1370 2864 1422 ut
2916 1356 3171 1421 consilio
3213 1371 3277 1421 et
3334 1373 3706 1445 argumento
3746 1360 4013 1427 dissimi-

2314 1460 2419 1538 lia,
2480 1460 2861 1548 metaphoris
2898 1476 2962 1525 et
3017 1461 3351 1526 verborum
3409 1461 3652 1528 delectu
3705 1464 4017 1532 simillima

2314 1565 2479 1630 inter
2508 1589 2574 1629 se
2604 1579 2771 1630 sunt.

2384 1692 2463 1756 ·p.
2499 1672 2653 1750 480,
2679 1688 2745 1754 3.
2821 1670 2876 1733 εἰ
2931 1666 2979 1732 δ’
3038 1669 3390 1751 ἀφαιροῖντο
3434 1676 3646 1746 ζῶντες
3696 1672 4013 1756 χρημάτων

2315 1800 2366 1838 κ.
2388 1798 2442 1838 τ.
2467 1774 2566 1862 λ.]
2612 1771 2935 1837 Adhibuit
2976 1772 3111 1838 haec
3154 1788 3216 1837 et
3275 1774 3598 1860 sequentia
3650 1777 3888 1842 Galeas
3931 1778 4015 1844 ad

2312 1877 2483 1942 hunc
2509 1875 2717 1941 locum
2767 1874 3041 1941 Sallustii
3084 1876 3165 1941 de
3210 1876 3349 1941 Diis
3392 1894 3456 1942 et
3501 1878 3757 1944 Mundo
3782 1903 3836 1945 c.
3873 1882 4007 1947 IX.

2312 1981 2419 2045 fin.
2450 2003 2517 2068 p.
2551 1982 2711 2066 263:
2762 1983 2815 2045 εἰ
2843 1983 2909 2045 δὲ
2940 1982 3107 2045 κακοὶ
3143 1983 3257 2060 μὲν
3287 1983 3658 2065 εὐτυχοῦσιν,
3690 1986 3905 2068 ἀγαθοὶ
3947 1990 4012 2051 δὲ

2313 2083 2616 2158 πένονται,
2648 2082 2962 2163 θαυμάζειν
2989 2083 3059 2147 οὗ
3088 2088 3195 2147 δεῖ·
3242 2086 3301 2147 οἱ
3326 2086 3440 2164 μὲν
3467 2088 3584 2168 γὰρ
3612 2084 3826 2162 πάντα,
3859 2091 3917 2153 οἶ
3945 2090 4011 2153 δὲ

2313 2187 2555 2255 οὐδενὸς
2582 2192 2844 2252 πλοῦτον
2871 2192 3128 2252 ποιοῦσι.
3207 2188 3342 2252 Ubi
3368 2189 3478 2253 Jo.
3501 2191 3699 2254 Conr.
3733 2194 4012 2258 Orellius

2308 2288 2372 2353 in
2403 2311 2518 2353 sua
2544 2288 2816 2354 editione
2841 2288 3015 2353 aliud
3058 2312 3250 2376 agens
3294 2289 3538 2378 scripsit
3577 2291 3684 2355 τὸν
3719 2297 4007 2359 πλοῦτον.

2314 2394 2439 2458 Sed
2460 2394 2557 2457 vir
2584 2393 2860 2481 optimus
2887 2408 2951 2458 et
2981 2393 3289 2458 bonarum
3319 2393 3636 2460 literarum
3668 2397 4012 2463 amantissi-

2310 2521 2452 2563 mus
2480 2497 2735 2563 omnino
2761 2497 3020 2562 nimium
3051 2497 3369 2564 festinavit
3398 2498 3461 2563 in
3493 2500 3849 2566 emittendis
3878 2501 4012 2566 edi-

2313 2600 2587 2665 tionibus
2658 2599 3029 2688 scriptorum
3091 2615 3388 2665 veterum.
3489 2602 3673 2667 Idem
3741 2604 4013 2670 Orellius

2313 2704 2599 2792 proxime
2637 2726 2755 2791 pro
2789 2703 3209 2785 ποιησαμένων
3237 2705 3420 2770 scribi
3451 2706 3587 2771 vult
3614 2707 4007 2789 ποιησαμένη.

2317 2808 2465 2893 Ego
2514 2828 2753 2885 vereor,
2801 2819 2874 2870 ut
2932 2805 3294 2892 hujusmodi
3337 2808 3615 2873 fomento
3664 2809 3868 2874 sanari
3910 2810 4011 2876 hic

2306 2907 2482 2972 locus
2536 2923 2750 2996 queat.
2842 2909 3007 2972 Nam
3054 2908 3220 2995 quiS,
3266 2933 3505 2997 quoesO,
3548 2910 3684 2976 haec
3725 2912 3925 2978 ferat:
3972 2916 4012 2994 ἡ

2307 3012 2479 3096 ψυχὴ
2520 3010 2719 3077 πάντα
2763 3017 2929 3077 ποιεῖ
2963 3014 3030 3076 ἐν
3060 3017 3559 3094 σκηνῇ-σκηνὰς
3592 3016 3963 3097 ποιησαμένη
3981 3021 4010 3081 Ρ

2308 3117 2417 3181 En
2460 3115 2696 3204 inspice
2735 3114 3309 3203 interpretationem
3352 3117 3574 3195 Ficini‚
3613 3119 3725 3206 qui
3770 3120 4006 3207 plenio-

2308 3241 2441 3283 rem
2469 3219 2639 3284 hunc
2667 3218 2873 3284 locum
2903 3234 3049 3284 ante
3077 3219 3292 3285 oculos
3318 3221 3614 3287 habuisse
3643 3223 3840 3289 videri
3869 3248 4010 3313 pos-

2308 3323 2404 3389 sit.
2495 3323 2667 3403 Quid
2707 3322 2757 3388 si
2794 3323 2928 3389 haec
2965 3323 3265 3390 excidisse
3303 3327 3636 3413 conjicias:
3689 3330 3788 3411 (έν
3818 3334 4005 3411 σκηνῇ

2304 3433 2376 3509 τῇ
2406 3430 2520 3509 ὅλῃ
2548 3431 2658 3513 γῇ)
2690 3426 2785 3511 ἐφ’
2808 3428 2878 3508 ἧς
2907 3429 3070 3493 σκιαὶ
3099 3427 3383 3494 ἀΐσσουσι
3410 3437 3660 3496 πολλῶν
3686 3438 4007 3518 πολλαχοῦ

2307 3557 2404 3596 σκ.
2436 3530 2890 3612 ποιησαμένωυε
2937 3533 3010 3595 in
3037 3554 3165 3620 qua
3212 3540 3422 3616 (terrae
3452 3534 3760 3599 universas
3786 3541 3998 3620 scena)

2307 3634 2648 3698 multorum
2682 3635 2924 3699 umbrae
2960 3635 3228 3699 volitant
3266 3636 3483 3700 multis
3519 3638 3592 3699 in
3620 3637 3770 3702 locis
3796 3640 4002 3702 sceni-

2304 3757 2443 3799 cam
2485 3738 2791 3800 actz'onem
2833 3735 3275 3800 eoehibentium.
3369 3737 3669 3826 Odysseae
3708 3737 3911 3804 locum
3945 3754 3998 3804 x.

2304 3855 2453 3924 495.
2499 3839 2688 3902 etiam
2735 3837 2911 3903 Plato
2957 3839 3158 3926 tangit
3208 3839 3271 3903 in
3319 3841 3595 3906 Menone
3637 3865 3703 3931 p.
3742 3863 3884 3907 100.
3930 3867 3999 3932 p.

2301 3942 2453 4026 389.
2512 3939 2716 4006 Bekk.
2807 3940 2979 4005 Alias
3031 3941 3406 4008 imitationes
3460 3943 3585 4009 vid.
3636 3946 3703 4009 in
3760 3962 4000 4012 annott.

2304 4045 2640 4134 Wyttenb.
2671 4044 2736 4108 in
2769 4043 3091 4109 Plutarch.
3112 4047 3445 4135 Apophth.
3474 4049 3678 4137 Regg.
3710 4072 3779 4137 p.
3810 4052 3996 4115 1126.

2304 4153 2524 4231 σκηνὰς
2571 4162 2782 4214 autem
2827 4172 3011 4214 nemo
3054 4151 3247 4216 nescit
3292 4154 3476 4217 etiam
3522 4153 3689 4241 ipsas
3728 4154 4001 4220 actiones

2302 4252 2571 4317 scenicas
2599 4250 2742 4316 dici.
2829 4251 3060 4317 Paullo
3088 4267 3234 4318 ante
3258 4256 3354 4319 καὶ
3382 4254 3576 4321 πάντα
3603 4261 3769 4322 ποιεῖ
3791 4256 4000 4343 potius

2302 4353 2674 4419 vertendum
2716 4353 2998 4419 videtur:
3045 4365 3107 4420 et
3147 4359 3360 4421 omnia
3374 4359 3560 4444 facit
3600 4357 3642 4423 i.
3665 4382 3717 4421 e.
3750 4381 3998 4424 omnem

2302 4457 2575 4547 lapidem
2621 4473 2850 4523 movet.
2914 4458 3057 4524 Vid.
3093 4458 3192 4524 vel
3226 4459 3435 4548 Viger.
3483 4461 3563 4526 de
3609 4461 3828 4526 Idiott.
3877 4463 3998 4528 Gr.

2304 4564 2379 4626 V.
2419 4583 2515 4627 10.
2554 4582 2652 4648 13.
2682 4576 2747 4627 et
2774 4561 2862 4627 ib.
2896 4575 3028 4627 not.
3063 4583 3121 4646 9.
3153 4586 3221 4651 p.
3257 4565 3406 4647 287.

2387 4687 2452 4752 p.
2485 4665 2638 4746 481,
2670 4685 2733 4749 9.
2780 4667 3048 4729 τοιούτου
3077 4667 3249 4733 ὄντος
3276 4672 3383 4731 τοῦ
3408 4667 3764 4748 ποιουμένου
3782 4669 3836 4757 3]
3885 4671 3941 4733 F
3944 4669 3996 4734 i-

2300 4767 2511 4833 cinum
2555 4767 2790 4833 dixeris
2822 4767 3081 4856 legisse:
3130 4795 3178 4832 τ.
3212 4795 3265 4834 ο.
3301 4774 3406 4834 τοῦ
3432 4775 3742 4839 ποιοῦντος
3770 4774 3867 4837 καὶ
3895 4777 4000 4837 τοῦ

2300 4871 2676 4952 ποιουμένου.
2769 4873 2851 4937 In
2881 4870 3053 4937 libris
3082 4886 3286 4937 tamen
3320 4872 3403 4936 nil
3433 4873 3767 4940 varietatis

2386 5011 2473 5024 —-
2506 4996 2606 5055 14.
2645 4972 2827 5039 Ἔστι
2855 4976 3055 5040 τοίνυν
3086 4976 3256 5043 οὗτος
3284 4976 3389 5039 οὐκ
3418 4976 3669 5056 ἄκρατος
3690 4981 3844 5052 νοῦς,
3875 4977 3995 5042 οὐδ’

2305 5080 2614 5170 αὐτονοῦς]
2661 5078 2953 5145 Extremi
2977 5078 3266 5144 vocabuli
3296 5079 3430 5143 baec
3460 5079 3769 5168 scriptura
3795 5097 3858 5146 et
3895 5080 3997 5145 hic

2303 5197 2367 5247 et
2398 5183 2564 5247 infra
2592 5183 2671 5247 V.
2704 5205 2769 5269 9.
2808 5203 2904 5269 13.
2937 5205 3000 5270 p.
3026 5184 3175 5268 564.
3207 5186 3296 5246 A.
3333 5182 3396 5246 in
3438 5183 3730 5248 omnibus
3772 5182 3996 5247 nostris

2301 5285 2476 5351 libris
2530 5300 2868 5374 comparet.
2962 5283 3257 5350 Similiter
3314 5285 3377 5348 in
3440 5284 3648 5349 Procli
3694 5285 3870 5348 librr.
3930 5284 3996 5349 in

2306 5389 2534 5454 Theol.
2571 5388 2819 5454 Platon.
2854 5388 2932 5454 V.
2977 5405 3071 5474 15.
3105 5412 3166 5476 p.
3197 5407 3358 5474 275:
3410 5391 3537 5453 ἐκεῖ
3557 5391 3674 5471 γὰρ
3700 5390 3734 5451 ὁ
3775 5393 3929 5464 νοῦς,
3963 5392 3996 5454 ὁ

2304 5494 2603 5567 αὖτονοῦς,
2638 5494 2735 5557 καὶ
2773 5493 2842 5556 οὐ
2885 5497 3168 5570 τοιοῦτος,
3200 5493 3404 5559 ὁποῖός
3443 5493 3609 5554 ἐστιν
3643 5493 3677 5553 ὁ
3724 5492 3992 5573 Κρόνιος.

2303 5599 2465 5664 Νοῦς
2489 5597 2605 5676 μὲν
2642 5598 2760 5679 γὰρ
2799 5596 2897 5660 καὶ
2940 5597 3179 5669 ἐκεῖνος,
3212 5594 3350 5659 ἀλλ’
3381 5595 3413 5657 ὁ
3447 5591 3700 5674 καθαρὸς
3731 5598 3827 5660 καὶ
3855 5595 3994 5675 &005-
