5118 6613
1403 588 1600 653 LIB.
1648 588 1806 653 VII.
1851 589 2304 656 ENNEAD.
2354 592 2749 658 PRIMAE.
2794 618 2860 683 p.
2898 613 3041 676 121,
3071 616 3206 663 122.
3937 604 4015 687 63

588 758 764 847 quasi
807 757 1105 846 scriptum
1144 758 1257 823 sit:
1305 760 1453 824 οὕτω
1496 763 1611 842 γὰρ
1653 763 1903 841 τάληθὲς
1945 763 2014 826 οῦ
2057 787 2118 826 π.
2155 764 2253 845 ἐφ.

589 862 901 927 Caeterum
933 860 1194 926 Proclus
1220 862 1283 926 in
1310 862 1448 927 Alc.
1477 885 1570 949 pr.
1594 886 1660 950 p.
1682 883 1792 948 51.
1823 878 1945 928 tres
1967 863 2260 929 monades

588 965 780 1053 pouit,
825 966 1046 1039 πίστιν,
1096 965 1378 1044 ἀλήθειαν
1420 967 1516 1030 καὶ
1565 967 1769 1049 ἔρωτα.
1866 966 1988 1031 Illa
2048 967 2258 1055 (fides)

591 1069 909 1151 ἑδράζουσα
953 1067 1146 1132 πάντα
1190 1070 1284 1132 καὶ
1331 1069 1674 1151 ἐνιδρύουσα
1718 1073 1797 1155 τῷ
1849 1071 2072 1155 ἀγαθῷ,
2125 1068 2263 1134 hoec

594 1171 873 1256 (veritas)
906 1172 1272 1252 ἐκφαίνουσα
1308 1171 1415 1250 τὴν
1452 1173 1517 1235 ἐν
1546 1178 1666 1239 τοῖς
1694 1173 1863 1236 οὖσιν
1893 1170 2081 1237 ἅπασι
2108 1179 2259 1256 γνῶ-

591 1300 709 1348 σιν,
740 1273 839 1338 hic
870 1276 1099 1357 (amor)
1134 1273 1504 1357 ἐπιστρέφων
1532 1274 1724 1339 πάντα
1753 1276 1848 1338 καὶ
1876 1275 2150 1358 συνάγων
2180 1278 2261 1343 εἷς

589 1379 696 1457 τὴν
736 1382 840 1441 τοῦ
895 1381 1080 1441 καλοῦ
1127 1379 1328 1458 φύσιν.
1421 1377 1736 1441 Caeterum
1779 1376 1862 1442 ad
1904 1377 2260 1442 universum

592 1478 819 1544 Plotini
846 1479 1049 1544 locum
1079 1478 1227 1543 facit
1264 1478 1617 1544 distributio
1646 1479 1829 1560 Boni,
1856 1503 2045 1567 quam
2075 1504 2263 1569 pone-

588 1583 738 1647 bant
782 1580 1136 1646 Aristoteles
1177 1597 1239 1646 et
1294 1581 1709 1669 Peripatetici.
1763 1582 1906 1647 Vid.
1949 1583 2261 1649 Aristotel.

591 1687 810 1773 Magn.
855 1683 1081 1749 Moral.
1133 1685 1194 1749 1.
1228 1706 1284 1748 1.
1323 1698 1386 1748 et
1416 1687 1472 1749 Ι.
1500 1704 1558 1750 2.
1609 1698 1670 1750 et
1720 1685 1952 1750 Stobaei
1995 1685 2258 1774 Eclogg.

593 1788 689 1852 11.
725 1810 791 1875 p.
816 1788 958 1854 286.
994 1811 1126 1875 sqq.
1161 1789 1356 1852 Heer.
1391 1787 1557 1852 unde
1587 1788 1722 1853 haec
1753 1803 1990 1854 tantum
2028 1788 2257 1854 adscri-

587 1892 733 1956 bam
756 1896 1070 1975 ε-τριχῶς
1105 1890 1171 1954 δέ
1199 1899 1387 1972 φασιν
1413 1890 1702 1973 λέγεσθαι
1736 1892 1826 1974 (τὸ
1868 1894 2140 1975 ἆγαθόν),
2172 1894 2259 1967 τό,

589 2021 654 2060 τε
680 2021 796 2078 γαρ
832 1997 982 2058 πᾶσι
1008 1999 1127 2060 τοῖς
1154 1994 1287 2057 οὖσι
1316 1995 1601 2076 σωτηρίας
1628 1996 1836 2075 αἴτιον,
1866 1996 1961 2058 καὶ
1988 1994 2056 2057 τὸ
2098 2021 2264 2075 κατη-

591 2099 949 2180 γορούμενον
976 2095 1196 2161 παντὸς
1222 2097 1466 2177 ἀγαθοῦ,
1502 2096 1594 2160 καὶ
1623 2096 1690 2159 τὸ
1731 2098 2150 2179 διαυθαίρετον·
2181 2094 2264 2160 ὧν

590 2200 657 2263 τὸ
683 2201 795 2280 μὲν
822 2203 946 2263 δεῖν
976 2198 1116 2262 θεὸν
1146 2198 1295 2262 εἶναι
1325 2198 1392 2261 τὸ
1422 2203 1653 2280 πρῶτον
1687 2196 1967 2286 (plurimi
1989 2197 2129 2263 libri
2158 2199 2265 2264 τὸν

590 2308 837 2385 πρῶτον,
882 2299 1054 2388 quod
1092 2299 1388 2387 placett),
1432 2301 1499 2365 τὸ
1541 2303 1606 2365 δὲ
1638 2300 1813 2383 γένος
1844 2308 1961 2365 τῶν
2004 2303 2261 2384 ἀγαθῶν,

558 2400 658 2469 “rb
702 2407 765 2468 δὲ
807 2404 979 2470 τέλος
1018 2402 1112 2486 ἐφ’
1150 2403 1184 2466 ὃ
1228 2402 1424 2467 πάντα
1467 2403 1861 2486 ἆναφέρομεν,
1910 2405 2055 2486 ὅπερ
2103 2405 2267 2468 ἐστὶν

596 2508 948 2587 εὐδαιμονία.
1037 2505 1228 2571 Unde
1284 2505 1590 2593 conjiciaS,
1639 2504 1806 2569 illam
1864 2505 2119 2570 alteram
2176 2506 2266 2570 in-

594 2609 985 2697 scriptionem
1028 2609 1221 2696 hujus
1259 2607 1595 2674 Plotiniani
1627 2607 1856 2673 libelli:
1903 2610 2039 2690 περὶ
2077 2610 2263 2673 εὐδαι-

591 2715 794 2794 μονίας
842 2712 924 2776 ab
980 2711 1190 2799 aliquo
1248 2711 1659 2799 Peripatetico
1715 2733 1844 2775 esse
1902 2711 2264 2799 profectam.

590 2818 821 2882 Nostro
848 2829 1058 2880 autem
1086 2838 1228 2880 cum
1256 2816 1392 2879 loco
1420 2813 1705 2901 componi
1734 2812 1920 2878 debet
1958 2811 2128 2878 locus
2154 2836 2262 2901 ge-

592 2919 796 2984 minus
828 2919 963 2982 111.
993 2939 1050 3003 9.
1072 2938 1131 3004 3.
1161 2941 1225 3006 p.
1250 2918 1400 3003 358.
1430 2919 1514 2981 E.
1541 2918 1621 2981 F.
1655 2916 1764 2980 ubi
1806 2915 2090 2981 Plotinus
2131 2916 2266 2981 haec

595 3022 845 3089 uberius
872 3020 1183 3109 explanat.

675 3149 740 3213 p.
766 3144 907 3203 121,
934 3144 1033 3210 13.
1064 3124 1263 3205 ὥσπερ
1286 3124 1501 3188 κύκλον
1516 3123 1659 3205 πρὸς
1682 3122 2076 3205 κέντρον-τὸ
2107 3123 2261 3210 φῶς]

595 3228 697 3293 Cf.
728 3226 960 3292 Plotin.
991 3228 1106 3291 IV.
1138 3248 1190 3290 1.
1236 3226 1472 3309 γραμμὴ
1519 3228 1585 3290 ἐν
1614 3225 1851 3309 κέντρω.
1886 3227 2003 3289 IV.
2037 3243 2097 3291 2.
2126 3224 2260 3290 init.

593 3333 849 3415 γραμμαὶ
889 3333 956 3396 ἐν
988 3333 1176 3417 κύκλῳ
1211 3330 1327 3395 ἀπὸ
1361 3334 1466 3394 τοῦ
1505 3328 1742 3411 κέντρου
1780 3330 1927 3412 πρὸς
1960 3330 2068 3410 τὴν
2101 3355 2263 3411 περι-

593 3435 857 3518 φέρειαν.
895 3434 1012 3498 IV.
1039 3449 1098 3516 7.
1124 3435 1182 3497 6.
1222 3433 1482 3515 γραμμαὶ
1519 3431 1980 3511 συμβάλλουσα
2009 3434 2075 3497 ἐκ
2101 3458 2263 3515 περι·

594 3540 834 3622 φερείας
873 3539 1107 3602 κύκλον.
1154 3536 1254 3600 Cf.
1291 3536 1404 3600 IV.
1436 3554 1501 3616 4.
1529 3553 1628 3621 23.
1674 3535 1790 3599 VI.
1821 3554 1885 3620 5.
1924 3555 2019 3599 11.
2049 3536 2169 3601 VI.
2200 3537 2260 3600 6.

598 3657 694 3724 17.
714 3639 883 3705 unde
904 3639 1050 3704 satis
1075 3637 1463 3725 intelligitur,
1487 3660 1676 3724 quam
1704 3638 1996 3724 frequens
2024 3637 2102 3703 sit
2125 3638 2269 3703 Plo-

595 3743 760 3807 tinus
795 3742 859 3806 in
915 3743 1033 3807 hoc
1083 3740 1368 3828 exemplo
1409 3740 1841 3805 mathematico
1885 3739 2266 3828 usurpando.

598 3845 776 3910 Idem
806 3844 1156 3932 exemplum
1176 3868 1251 3908 ex
1276 3844 1392 3908 hoc
1412 3843 1548 3931 ipso
1571 3842 1802 3907 Plotini
1829 3841 1966 3907 loco
1982 3843 2270 3931 desump-

594 3949 672 4014 sit
716 3947 978 4013 Proclus
1018 3947 1084 4011 in
1129 3946 1405 4011 Platonis
1446 3944 1662 4010 Theol.
1714 3945 2007 4010 XXIII.
2051 3969 2116 4033 p.
2138 3949 2260 4031 58:

597 4050 785 4116 Μένει
811 4076 878 4116 τε
918 4052 1023 4115 οὖν
1049 4049 1243 4114 πάντα
1271 4053 1366 4113 διὰ
1405 4049 1472 4112 τὸ
1516 4048 1734 4131 ἐφετὸν
1761 4051 1862 4127 τῆς
1889 4050 2263 4131 ἆγαθότητος,

598 4155 692 4218 καὶ
719 4154 1054 4237 γεννᾷ-τὸ
1085 4154 1150 4216 δὲ
1182 4154 1254 4216 αὖ
1280 4154 1496 4233 τρίτον,
1527 4150 1595 4215 τὸ
1630 4149 1863 4214 τέλειον
1892 4153 2263 4232 ἐπιστρεπτι-

598 4257 701 4320 κόν
729 4258 857 4321 ἐστι
880 4262 998 4320 τῶν
1024 4257 1183 4318 ὅλων
1205 4255 1301 4318 καὶ
1328 4253 1680 4336 συναγωγὸν
1711 4252 1805 4316 ἐπὶ
1832 4256 1907 4317 τὰ
1935 4255 2091 4317 αἴτια
2123 4256 2268 4318 κατὰ

597 4360 830 4433 κύκλον,
861 4359 930 4423 οῦ
956 4360 1086 4438 μὲν,
1117 4358 1185 4421 τὸ
1214 4362 1393 4431 θεῖον,
1425 4357 1493 4419 οὗ
1522 4358 1605 4430 δὲ,
1636 4355 1704 4419 τὸ
1736 4355 1964 4437 νοερὸν,
1996 4355 2065 4420 οὗ
2093 4357 2157 4418 δὲ
2200 4354 2268 4419 τὸ

593 4460 874 4544 ψυχικὸν,
909 4462 978 4525 οῦ
1025 4463 1109 4535 δὲ,
1142 4460 1208 4524 τὸ
1250 4459 1503 4542 φυσικόν
1544 4485 1596 4521 κ.
1616 4483 1669 4521 τ.
1691 4464 1752 4521 λ.
1800 4457 2090 4524 Julianus
2142 4459 2271 4521 Im-

593 4577 842 4652 perator
869 4565 1046 4629 Orat.
1079 4562 1197 4626 IV.
1227 4585 1292 4649 p.
1318 4577 1460 4645 145.
1504 4573 1907 4648 posteaquam
1951 4559 2031 4624 de
2068 4561 2270 4625 Bonis

594 4665 902 4753 exposuit,
929 4688 1196 4752 quorum
1242 4666 1419 4728 Deus
1461 4685 1739 4727 summus
1788 4661 2057 4750 reliquos
2100 4665 2270 4727 Deos

594 4767 924 4856 participes
954 4768 1125 4848 facit,
1154 4767 1238 4832 ad
1274 4767 1499 4831 Pulcri
1534 4765 1904 4829 mentionem
1935 4780 2271 4852 transgres-

596 4895 700 4936 sus
741 4871 975 4958 pergit:
1023 4868 1069 4958 ᾧ
1100 4872 1195 4935 καὶ
1227 4868 1332 4933 τὸν
1359 4867 1593 4932 τέλειον
1635 4873 1774 4933 νοῦν
1817 4867 2095 4947 διανέμει,
2130 4872 2266 4932 καθ-

598 4975 747 5057 άπερ
764 4976 1022 5055 ὄμμασιν
1032 4973 1287 5038 ἐνδιδοὺς
1303 4974 1397 5035 διὰ
1407 4975 1511 5034 τοῦ
1528 4968 1720 5054 φωτὸς
1730 4971 1837 5050 τὴν
1846 4970 2272 5053 ὤμω-ἑτέρα

596 5076 741 5159 πρὸς
776 5079 1009 5143 ταύταις
1052 5074 1340 5157 ἐνέργεια,
1369 5074 1672 5153 θαυμαστὴ
1702 5073 1976 5156 φαίνεται
2001 5074 2136 5154 περὶ
2167 5072 2272 5137 τὸν

596 5177 864 5259 βασιλέα
905 5183 1023 5242 τῶν
1051 5180 1210 5241 ὅλων
1250 5177 1425 5256 ἥλιον
1459 5176 1496 5254 ἡ
1539 5181 1659 5242 τοῖς
1703 5176 1993 5257 κρείττοσι
2029 5174 2272 5257 γένεσιν

599 5280 934 5361 ἐνδιδομένη
988 5286 1183 5362 μοῖρα.
1290 5278 1494 5342 Nemo
1549 5291 1760 5341 autem
1810 5276 2023 5356 nescit,
2079 5300 2268 5364 quam

598 5381 813 5448 sedulo
841 5381 1206 5447 lectitaverit
1234 5378 1544 5445 Plotinum
1575 5379 1886 5445 Julianus.

680 5508 746 5573 p.
788 5504 927 5560 1223
966 5504 1022 5549 1.
1065 5488 1160 5549 Τὰ
1205 5478 1252 5548 δ’
1302 5484 1464 5548 ἄλλα
1516 5482 1967 5567 πάντα-διχῶς
2025 5484 2120 5547 καὶ
2177 5481 2266 5548 ἐπ’

600 5588 771 5677 αὐτό]
832 5586 1019 5666 Quod
1059 5587 1121 5651 h.
1139 5585 1181 5651 l.
1220 5585 1422 5651 utitur
1462 5585 1668 5652 verbis
1705 5588 2267 5663 εἰδώλου-εἴδωλα,

2345 763 2410 827 in
2453 787 2528 828 eo
2574 765 2850 831 Platonis
2893 791 3074 833 usum
3120 770 3419 857 sequitur,
3463 770 3574 857 qui
3623 770 4017 837 simulacrum

2349 870 2436 934 rei
2464 894 2628 937 verae
2655 872 2930 959 opponit.
2979 872 3121 938 vid.
3153 896 3343 961 supra
3376 873 3457 938 ad
3494 897 3561 961 p.
3584 895 3691 960 50.
3724 876 3802 940 B.
3834 889 3898 940 et
3936 876 4019 942 cf.

2352 972 2645 1038 Proclum
2696 975 2757 1038 in
2798 975 3005 1041 Alcib.
3047 999 3140 1063 pr.
3178 1000 3239 1064 p.
3271 997 3498 1063 33.49.
3536 977 3679 1063 136.
3714 996 3851 1067 152.
3884 1002 4018 1066 sqq.

2356 1096 2493 1162 155.
2525 1077 2625 1142 ed.
2656 1090 2845 1143 nostr.
2895 1078 3191 1166 Inprimis
3218 1093 3426 1144 autem
3452 1078 3587 1144 hoec
3615 1092 3679 1143 et
3706 1081 4025 1166 sequentia

2346 1177 2614 1245 illustrat
2643 1179 2993 1269 philosophi
3021 1181 3216 1246 nostri
3241 1181 3412 1247 locus
3441 1183 3611 1247 Eun.
3636 1183 3713 1247 V.
3746 1180 3849 1246 lib.
3875 1203 3935 1249 1.
3965 1207 4022 1248 c.

2349 1284 2406 1345 6.
2439 1306 2504 1369 p.
2524 1282 2673 1367 487.
2709 1285 2788 1348 F.
2810 1285 2893 1349 G.
2927 1286 2991 1349 τί
3028 1286 3135 1349 οῦν
3177 1286 3292 1368 χρὴ
3334 1287 3469 1367 περὶ
3505 1290 3612 1349 τοῦ
3651 1285 4024 1352 τελειοτάτου

2349 1384 2590 1467 λέγειν;
2637 1388 2818 1466 μηδὲν
2847 1385 2944 1450 ἀπ’
2972 1387 3152 1451 αὐτοῦ
3185 1387 3222 1468 ἢ
3258 1391 3335 1452 τὰ
3370 1387 3625 1470 μέγιστα
3664 1386 3787 1468 μετ’
3819 1389 4015 1454 αὐτόν.

2348 1486 2633 1570 μέγιστον
2661 1490 2725 1552 δὲ
2751 1487 2875 1569 μετ’
2905 1486 3081 1553 αὐτὸν
3110 1494 3261 1564 νοῦς,
3306 1491 3400 1554 καὶ
3439 1492 3728 1572 δεύτερον.
3776 1492 3871 1556 καὶ
3907 1494 4022 1574 γὰρ

2349 1592 2457 1673 ὁρᾷ
2496 1593 2528 1653 ὁ
2567 1594 2699 1656 νοῦς
2729 1592 2973 1665 ἐκεῖνον,
3006 1592 3100 1656 καὶ
3130 1596 3314 1656 δεῖται
3352 1593 3531 1657 αὐτοῦ
3555 1594 3755 1672 μόνου.
3804 1596 4025 1662 ἐκεῖνος

2350 1693 2415 1756 δὲ
2440 1693 2667 1766 τούτου,
2701 1692 2887 1757 οὐδέν.
2936 1694 3030 1757 καὶ
3053 1692 3120 1758 τὸ
3149 1697 3521 1777 γεννώμενον
3552 1693 3667 1760 ἀπὸ
3698 1695 4024 1777 κρείττονος

2349 1798 2454 1858 νοῦ
2496 1799 2638 1858 νοῦν
2668 1794 2839 1859 εἶναι.
2885 1795 2978 1859 καὶ
3014 1798 3299 1880 χρείττων
3341 1795 3617 1862 ἁπάντων
3655 1800 3688 1861 ὁ
3737 1802 3887 1872 νοῦς,
3934 1800 4024 1862 ὅτι

2348 1893 2541 1960 τᾶλλα
2577 1896 2700 1978 μετ’
2733 1895 2910 1962 αὐτὸν
2954 1899 3082 1962 οἷον
3113 1900 3206 1964 καὶ
3245 1901 3281 1978 ἡ
3320 1900 3506 1984 ψυχὴ,
3538 1902 3722 1982 λόγος
3761 1905 3884 1974 νοῦ,
3929 1902 4024 1965 καὶ

2351 1998 2618 2082 ἐνέργειά
2644 2025 2747 2074 τις,
2780 2001 2979 2083 ὥσπερ
3008 2000 3180 2068 αὐτὸς
3208 2004 3450 2066 ἐκείνου.
3501 2004 3662 2067 ἀλλὰ
3689 2007 3889 2087 ψυχῆς
3914 2006 4024 2082 μὲν

2349 2099 2596 2183 ἆμυδρὸς
2622 2104 2655 2165 ὁ
2682 2104 2881 2184 λόγος,
2912 2103 2987 2171 ὦς
3015 2106 3129 2186 γὰρ
3160 2107 3406 2168 εἴδωλον
3435 2110 3556 2179 νοῦ,
3588 2106 3766 2185 ταύτῃ
3808 2107 3903 2170 καὶ
3944 2108 4025 2173 εἰς

2350 2208 2490 2267 νοῦν
2514 2203 2772 2283 βλέπειν
2799 2209 2905 2278 δεῖ,
2938 2209 3072 2272 νοῦς
3100 2208 3165 2270 δὲ
3196 2208 3458 2274 ὁσαύτως
3484 2205 3628 2290 πρὸς
3658 2210 3903 2282 ἐκεῖνον,
3924 2210 4022 2272 ἵνα

2348 2303 2386 2385 ᾗ
2414 2310 2570 2373 νοῦς.
2658 2309 2815 2385 Quae
2843 2305 3183 2394 attigerunt
3225 2308 3662 2373 Theodoretus
3688 2309 3753 2372 in
3785 2308 4026 2374 Thera-

2350 2421 2524 2496 peut.
2561 2409 2658 2472 II.
2688 2432 2756 2496 p.
2782 2427 2815 2492 7
2821 2429 2927 2493 50.
2978 2408 3223 2473 Schulz.
3253 2424 3316 2474 et
3367 2410 3638 2497 Cyrillus
3664 2425 3878 2476 contra
3904 2414 3951 2476 J
3957 2437 4026 2478 u-

2349 2509 2585 2574 lianum
2611 2512 2811 2575 VIII.
2851 2534 2917 2598 p.
2951 2528 3088 2597 173.
3137 2513 3215 2576 B.
3238 2513 3312 2577 C.
3364 2512 3695 2600 Spanhem.
3756 2514 3856 2579 Cf.
3894 2516 4020 2603 Cy-

2350 2612 2556 2678 rillum
2586 2611 2738 2678 ibid.
2771 2613 2883 2677 IV.
2915 2637 2981 2702 p.
3012 2628 3147 2700 145.
3195 2614 3305 2678 ubi
3347 2614 3663 2680 Plotinum
3707 2614 3858 2680 dicit
3900 2639 4022 2681 non

2351 2738 2523 2781 suam
2553 2715 2751 2803 magis
2776 2739 2966 2802 quam
2997 2715 3274 2781 Platonis
3296 2717 3657 2782 sententiam
3680 2718 4019 2806 explicare:

2349 2819 2587 2901 -φησὶ
2629 2816 2744 2900 γὰρ
2800 2820 2950 2882 οὕτω
3002 2824 3309 2886 Πλωτῖνος
3352 2819 3484 2902 περὶ
3532 2821 3725 2895 αὐτοῦ,
3780 2822 3873 2885 καὶ
3924 2824 4025 2887 οὐκ

2351 2923 2502 2985 ἰδίαν
2537 2925 2792 3001 μᾶλλον,
2831 2922 2993 2985 ἀλλὰ
3030 2921 3136 2998 τὴν
3175 2920 3499 2989 Πλάτωνος
3534 2925 3890 3006 διερμηνεύει
3929 2927 4023 2989 δό-

2349 3029 2478 3103 ξαν·
2527 3028 2633 3087 τοῦ
2662 3025 2725 3087 δὲ
2755 3024 2940 3088 αἰτίου
2970 3027 3077 3087 νοῦ
3103 3024 3272 3090 ὄντος
3299 3022 3524 3107 πατέρα
3553 3026 3704 3108 φησὶ
3745 3025 4024 3108 τάγαθὸν,

2352 3125 2445 3189 καὶ
2480 3125 2547 3188 τὸ
2576 3124 2847 3190 ἐπέκεινα
2877 3130 3003 3207 νοῦ,
3034 3125 3128 3190 καὶ
3159 3125 3431 3190 ἐπέκεινα
3459 3128 3682 3195 οὐσίας·
3714 3134 4030 3213 πολλαχοῦ

2351 3229 2415 3291 δὲ
2452 3227 2521 3291 τὸ
2550 3226 2642 3302 ὃν,
2677 3228 2770 3292 καὶ
2809 3227 2915 3292 τὸν
2944 3233 3084 3292 νοῦν
3110 3228 3219 3309 τὴν
3248 3228 3411 3293 Ζδέαν
3439 3228 3627 3312 λέγει·
3677 3232 3830 3295 ὥστε
3860 3231 4029 3296 Πλά-

2351 3355 2508 3395 τωνα
2549 3330 2765 3395 εἰδέναι
2808 3333 2874 3396 ἐκ
2913 3333 3025 3412 μὲν
3054 3333 3314 3414 τάγαθοῦ
3356 3332 3460 3397 τὸν
3502 3337 3684 3400 νοῦν·.
3711 3336 3776 3399 ἐκ
3820 3337 3885 3399 δὲ
3925 3340 4031 3399 τοῦ

2353 3438 2476 3507 νοῦ,
2526 3434 2634 3513 τὴν
2677 3432 2899 3517 ψυχήν.
2991 3433 3185 3498 Plura
3235 3456 3617 3521 apponemus
3667 3435 3749 3500 ad
3797 3436 4029 3502 Plotini

2351 3534 2578 3614 locum,
2608 3558 2793 3622 quem
2839 3559 2915 3600 ex
2944 3534 3164 3623 quinta
3194 3535 3493 3600 Enneade
3520 3536 3707 3602 modo
3732 3538 4026 3603 excitavi-

2351 3659 2511 3702 muS.
2606 3638 2688 3702 In
2716 3661 2885 3725 seqq.
2920 3661 2996 3702 ex
3026 3637 3205 3703 bonis
3231 3637 3401 3701 libris
3426 3637 3710 3702 dedimus
3751 3645 3919 3723 ψυχῇ
3964 3644 4027 3705 δὲ

2353 3740 2421 3804 τὸ
2477 3745 2582 3821 ζῇν
2628 3764 2746 3828 pro
2794 3741 2981 3825 ψυχὴ,
3036 3739 3259 3804 deinde
3303 3739 3883 3826 interpunctionem,
3916 3743 4024 3829 ju-

2354 3843 2538 3907 bente
2584 3842 2903 3921 sententia,
2933 3841 3415 3920 emendavimus,
3444 3842 3716 3929 itemque
3760 3843 3823 3907 in
3855 3845 4029 3909 Lati-

2355 3945 2448 4009 nis
2477 3944 2678 4010 Ficini
2707 3968 2786 4009 ex
2814 3944 3081 4010 editione
3123 3944 3399 4032 principe
3442 3945 3853 4011 correximus:
3904 3955 3948 3987 “
3978 3948 4028 4012 si

2350 4046 2554 4135 ipsum
2584 4050 2889 4136 &aspiciat
2912 4047 3209 4127 bonum?
3237 4070 3353 4136 pro
3379 4048 3679 4113 mendoso
3706 4051 4026 4138 suscipiat.

2434 4189 2522 4201 —
2543 4172 2606 4236 9.
2652 4156 2825 4235 διχῶς
2856 4153 2952 4216 καὶ
2983 4149 3069 4215 ἐπ’
3103 4152 3267 4236 αὐτό]
3322 4150 3433 4215 Ad
3471 4150 3605 4216 haec
3632 4151 3824 4216 verba
3865 4152 4030 4240 cogi-

2355 4252 2613 4318 tandum
2642 4268 2772 4319 est:
2822 4254 2950 4318 ἐστὶ
2991 4254 3058 4317 τὸ
3102 4256 3347 4336 ἀγαθόν.
3435 4255 3793 4342 Dupliciter
3840 4257 4030 4319 etiam

2352 4357 2573 4420 bonum
2598 4366 2689 4421 est
2701 4378 2897 4445 penes
2918 4358 3143 4443 ipsum.
3210 4359 3522 4421 Coeterum
3542 4356 3622 4421 de
3644 4358 3847 4422 Bonis
3860 4360 4030 4422 circa

2353 4461 2631 4523 animam
2668 4482 2746 4524 ex
2775 4458 3076 4523 universae
3105 4458 3355 4523 rationis
3384 4481 3513 4523 suae
3540 4458 3747 4524 indole
3774 4460 4029 4547 exponit

2354 4560 2621 4626 Aristot.
2668 4562 2733 4625 in
2776 4562 2998 4649 Magn.
3030 4561 3259 4626 Mor-al.
3295 4563 3354 4626 Ι.
3376 4582 3439 4647 3.
3484 4585 3669 4649 quem
3714 4562 3921 4627 locum
3964 4562 4028 4627 in

2356 4663 2624 4750 Eclogas
2678 4662 2907 4729 ethicas
2954 4663 3165 4728 retulit
3224 4664 3508 4729 Stoboeus
3555 4665 3649 4730 11.
3683 4681 3742 4749 7.
3791 4689 3857 4753 p.
3879 4686 4023 4752 290.

2358 4784 2501 4852 299.
2538 4768 2732 4832 Heer.

2439 4905 2527 4917 —
2549 4888 2646 4932 10.
2692 4869 2943 4952 χωλεύει
2970 4871 3085 4950 γὰρ
3112 4870 3149 4947 ἡ
3185 4869 3297 4947 ζωὴ
3336 4873 3415 4955 τῷ
3459 4872 3694 4955 φαύλῳ]
3747 4870 3858 4936 Ad
3887 4871 4031 4937 Pla.

2356 4971 2517 5036 tonis
2558 4970 2983 5048 imitationem,
3013 4971 3123 5057 qui
3151 4971 3347 5054 χωλὸς
3386 4987 3451 5036 et
3491 4969 3778 5054 χωλεύειν
3808 4972 3887 5038 de
3928 4997 4024 5039 re-

2354 5075 2473 5139 bus
2502 5088 2785 5161 usurpat,
2816 5095 2960 5160 quoe
2999 5072 3064 5136 in
3102 5073 3369 5137 duarum
3397 5073 3668 5160 partium
3699 5072 3892 5140 altera
3917 5074 4025 5139 de-

2353 5176 2593 5254 ficiunt,
2626 5191 2690 5240 et
2708 5175 2787 5240 ad
2817 5174 3083 5239 animam
3114 5174 3359 5262 aliaque
3387 5176 3799 5263 metaphorice
3829 5191 4024 5241 trans-

2354 5280 2495 5345 fert.
2577 5279 2780 5343 Docet
2807 5278 3249 5365 Wyttenbach.
3281 5277 3359 5341 ad
3393 5278 3710 5343 Plutarch.
3740 5277 3819 5342 de
3849 5301 4025 5366 puer.

2353 5382 2534 5447 educ.
2553 5405 2619 5469 p.
2643 5396 2747 5463 74.
2771 5393 2834 5444 et
2854 5379 2933 5444 ad
2957 5379 3199 5445 Platon.
3225 5380 3526 5445 Pbaedon.
3545 5404 3611 5468 p.
3640 5380 3776 5462 178.
3841 5382 4028 5459 Quod

2352 5507 2500 5550 vero
2531 5483 2669 5548 Fic.
2693 5481 2877 5547 vertit
2898 5483 3230 5561 claudicat,
3248 5481 3312 5547 in
3335 5505 3408 5547 eo
3432 5482 3787 5546 Ciceronem
3810 5499 4027 5548 aucto-

2352 5609 2485 5653 rem
2501 5586 2710 5664 habet,
2727 5584 2917 5672 quiin
2945 5586 3147 5650 Bruto
3163 5608 3218 5649 c.
3238 5604 3345 5671 59.
3369 5582 3644 5649 similiter
3661 5586 4005 5675 usurpavit.
