5118 6613
1076 487 1200 571 368

1079 658 1213 723 loco
1239 654 1467 721 Timaei
1495 653 1799 718 Platonici
1826 653 1907 718 de
1937 654 2192 720 materia
2221 679 2284 743 p.
2302 677 2406 740 49.
2437 679 2571 743 sqq.
2605 655 2773 720 unde

1078 763 1264 826 etiam
1317 758 1592 847 plurium
1645 759 2086 824 sententiarum
2135 759 2303 824 color
2353 760 2586 824 ductus
2635 775 2768 832 est;

1077 863 1419 953 praesertim
1454 885 1515 950 p.
1533 878 1636 947 52.
1671 885 1763 949 sq.
1793 886 1855 950 p.
1878 864 1979 943 64.
2014 886 2150 950 sqq.
2188 862 2386 927 Bekk.
2462 862 2648 940 Quod
2680 886 2774 926 ar-

1076 982 1444 1055 gumentum
1497 964 1724 1029 deinde
1775 978 2107 1030 tractatum
2163 988 2199 1029 a
2252 964 2635 1053 philosophis
2682 978 2774 1029 est

1078 1094 1218 1136 cum
1250 1070 1313 1134 in
1347 1067 1632 1155 Physicis
1674 1085 1737 1131 et
1773 1067 1835 1131 in
1869 1067 2323 1155 Metaphysicis
2352 1066 2773 1154 (Ontologia)‚

1079 1191 1211 1238 tum
1257 1172 1319 1236 in
1368 1170 1836 1258 categoriarum
1868 1169 2186 1243 doctrinm
2238 1186 2309 1235 ut
2341 1172 2632 1249 Herme3‚
2663 1170 2774 1257 qui

1074 1279 1299 1352 fertur,
1331 1275 1394 1339 in
1427 1272 1820 1339 Poemandro
1861 1296 2001 1360 cap.
2037 1292 2096 1338 2.
2132 1297 2190 1337 c.
2231 1292 2329 1336 11.
2359 1288 2420 1337 et
2460 1291 2555 1336 12.
2605 1287 2665 1336 et
2710 1272 2771 1336 in

1077 1378 1373 1465 Asclepio
1400 1401 1451 1441 c.
1480 1393 1539 1459 7.
1587 1374 1860 1440 Consule
1889 1374 2586 1463 praecipue·Aristotelis
2613 1375 2775 1462 Phy-

1075 1484 1200 1548 sica
1229 1482 1345 1546 IV.
1392 1501 1442 1544 t.
1489 1480 1636 1543 item
1672 1479 1786 1542 lv.
1815 1495 1876 1562 5.
1915 1493 1977 1543 et
2009 1479 2122 1542 IV.
2162 1498 2260 1542 10.
2311 1492 2374 1541 et
2418 1501 2564 1565 quae
2610 1477 2772 1542 Sim·

1074 1585 1295 1674 plicius
1315 1598 1378 1650 et
1394 1586 1440 1647 J
1445 1605 1674 1646 oannes
1693 1580 2155 1647 Grammaticus
2186 1580 2247 1644 in
2279 1605 2384 1645 eos
2413 1579 2580 1645 locos
2607 1604 2774 1645 com-

1074 1687 1333 1753 mentati
1363 1699 1527 1750 sunt.

1159 1815 1227 1879 p.
1264 1808 1451 1874 1234,
1481 1809 1540 1872 9.
1585 1788 1665 1867 μὴ
1712 1786 2062 1868 ἐπιβάλλων
2091 1813 2147 1851 τι
2176 1785 2361 1868 πέρας
2404 1787 2608 1868 ὥσπερ
2650 1787 2769 1850 δίκ·

1072 1920 1212 1959 τυον
1238 1894 1736 1975 ὑπεκφεύγουσαν
1760 1891 1933 1975 ἔξεις]
1977 1888 2149 1953 Illud
2181 1891 2383 1972 ὥσπερ
2410 1890 2644 1953 δίκτυον
2666 1890 2773 1952 ad-

1063 1996 1282 2083 jecisse
1336 1994 1532 2059 videri
1584 1992 1778 2080 possit
1825 1991 2114 2057 Plotinus
2163 1991 2558 2056 reminiscens
2606 1990 2772 2055 illius

1070 2098 1303 2164 fabulae
1333 2096 1691 2162 Homericae
1727 2094 1985 2182 (Odyss.
2015 2101 2070 2161 θ.
2097 2096 2242 2160 266.
2275 2098 2445 2182 sqq.)
2479 2094 2589 2159 ubi
2619 2095 2773 2159 Vul-

1068 2225 1264 2267 canus
1292 2200 1490 2265 Marti
1534 2213 1597 2264 et
1631 2198 1852 2262 Veneri
1905 2211 2035 2262 rete
2078 2197 2296 2285 injicit,
2341 2198 2470 2262 sive
2517 2195 2769 2261 subtilia

1070 2328 1183 2369 nec
1234 2303 1495 2369 visibilia
1539 2300 1824 2374 vincula;
1873 2324 2061 2388 quam
2110 2299 2388 2366 fabulam
2435 2300 2633 2388 ipsam
2686 2300 2767 2364 ad

1067 2407 1527 2496 cosmogonicas
1555 2406 1823 2470 rationes
1851 2421 2220 2470 revocarunt
2249 2403 2530 2469 nonnulli
2562 2404 2760 2492 philo·

1070 2511 1249 2600 sophi
1276 2510 1433 2594 (vid.
1460 2508 1755 2575 Eustath.
1787 2508 1848 2572 in
1880 2507 1919 2571 l.
1942 2507 1984 2573 l.
2016 2507 2095 2573 cf.
2125 2508 2542 2595 Symbolicam
2576 2523 2764 2572 nostr.

1074 2617 1173 2682 11.
1207 2639 1274 2702 p.
1297 2616 1479 2701 325.)
1570 2611 1877 2676 Fabulam
1928 2612 2060 2700 ipse
2109 2614 2339 2677 Noster
2384 2611 2616 2698 attigit,
2658 2611 2765 2675 sed

1074 2717 1356 2782 Platonis
1398 2716 1493 2780 sui
1539 2714 1617 2780 ad
1666 2714 2030 2779 sententiam
2066 2715 2225 2799 (vid.
2257 2739 2447 2803 supra
2481 2717 2576 2780 ΙΙ.
2607 2736 2672 2802 3.
2702 2717 2762 2780 6.

1070 2844 1133 2908 p.
1167 2839 1304 2898 140.
1334 2820 1411 2883 C.
1459 2834 1521 2883 et
1563 2818 1645 2882 cf.
1680 2817 1922 2882 Platon.
1956 2818 2300 2904 Rempubl.
2333 2820 2471 2882 III.
2516 2841 2584 2905 p.
2614 2837 2762 2903 390.

1071 2946 1137 3010 p.
1163 2942 1189 2984 1
1208 2937 1304 3006 ¹5·
1345 2920 1580 3004 Bekk.)
1647 2920 1941 2984 Proxime
1972 2936 2175 2984 tamen
2206 2920 2546 2984 similitudo
2576 2920 2768 2985 ducta

1070 3039 1163 3089 est
1183 3047 1222 3087 a
1246 3022 1578 3108 piscatione
1600 3021 1871 3108 indeque
1890 3021 2057 3086 varie
2081 3021 2367 3086 traducta
2387 3021 2465 3085 ad
2492 3020 2765 3086 hostium

1069 3125 1346 3205 insidias,
1377 3125 1485 3211 qui
1515 3124 1671 3188 clam
1718 3123 2150 3210 subterfugere
2199 3123 2476 3188 volentes
2518 3125 2763 3189 interci-

1070 3230 1278 3319 piunt.
1369 3227 1512 3292 Vid.
1549 3227 1735 3291 modo
1771 3226 2092 3291 oraculum
2134 3249 2235 3314 ap.
2270 3226 2668 3290 Herodotum
2705 3229 2762 3293 I.

1072 3335 1194 3407 62;
1243 3334 1326 3398 ad
1354 3355 1541 3420 quem
1571 3331 1775 3396 locum
1807 3330 1989 3417 plura
2016 3329 2268 3395 contuli.
2347 3331 2623 3395 Verbum
2652 3354 2762 3395 au-

1073 3452 1195 3501 tem
1225 3438 1641 3520 ὖπεκφεύγειν,
1676 3451 1740 3499 et
1768 3433 1940 3521 quod
1976 3432 2204 3497 deinde
2234 3433 2352 3497 sub
2378 3433 2564 3497 finem
2597 3434 2763 3521 capi-

1073 3539 1151 3605 tis
1181 3552 1522 3626 usurpatur
1551 3539 1895 3620 ἆποδράναι,
1930 3536 2045 3601 sibi
2075 3537 2335 3601 invicem
2368 3538 2765 3624 respondent.

1075 3644 1502 3708 Phavorinus:
1553 3642 1897 3725 ἀποδράναι·
1945 3639 2013 3705 τὸ
2041 3640 2501 3725 ἆναχορήσαντά
2528 3667 2663 3706 τινα
2693 3643 2764 3706 ἆ-

1075 3751 1259 3826 δηλον
1289 3747 1441 3810 εἶναι
1471 3748 1618 3810 ὅπου
1649 3748 1815 3809 ἐστίν
1846 3754 2036 3809 κ.τ.λ.
2069 3745 2178 3826 (cf.
2210 3748 2507 3809 Ammon.
2539 3744 2602 3807 in
2632 3768 2763 3809 voc.

1074 3865 1137 3913 et
1169 3849 1583 3936 Xenophont.
1617 3848 1891 3911 AnabaS.
1926 3850 1983 3912 I.
2006 3872 2066 3929 4.
2093 3851 2153 3912 8.
2182 3847 2459 3933 itemque
2487 3847 2764 3912 Lexicon

1079 3952 1491 4039 Xenophont.
1518 3952 1573 4014 1.
1610 3974 1669 4036 p.
1694 3956 1872 4035 332.)

1150 4077 1211 4142 p.
1240 4073 1424 4138 1235,
1445 4074 1506 4137 9.
1539 4056 1571 4115 ὁ
1592 4056 1704 4132 μὲν
1725 4055 1831 4117 οὖν
1852 4053 2114 4116 Πλάτων
2145 4055 2228 4120 εἷς
2258 4054 2494 4118 ἔννοιαν
2524 4056 2768 4136 ἀριθμοῦ

1079 4155 1213 4223 τοὺς
1234 4157 1572 4237 ἀνθρώπους
1592 4154 1946 4235 ἐληλυθέναι
1970 4157 2150 4218 εἰπὼν
2176 4157 2403 4244 κ.τ.λ.]
2429 4158 2507 4220 In
2521 4157 2767 4220 Timaeo

1080 4281 1146 4345 p.
1176 4273 1281 4343 37.
1314 4282 1407 4344 sq.
1478 4258 1699 4321 Veram
1732 4270 1940 4321 autem
1973 4254 2251 4320 Platonis
2296 4259 2657 4324 sententiam
2688 4258 2768 4322 de

1080 4360 1354 4425 numeris
1381 4383 1723 4447 eorumque
1758 4359 1839 4425 ad
1876 4359 2046 4423 ideas
2082 4359 2318 4424 ratione
2358 4361 2653 4425 discimus
2691 4384 2769 4424 ex

1086 4462 1405 4528 Aristotel.
1439 4464 1826 4551 Metaphyss.
1862 4464 1921 4526 I.
1955 4463 2015 4525 6.
2061 4485 2125 4549 p.
2162 4464 2255 4526 16.
2292 4462 2466 4551 Sylb.
2509 4465 2770 4552 ejusque

1084 4566 1546 4653 interpretibUS‚
1575 4565 1639 4628 in
1681 4565 1894 4652 primis
1925 4564 2332 4643 Alexandr03
2383 4565 2547 4630 unde
2587 4565 2766 4630 intel-

1085 4667 1320 4756 ligitur,
1362 4692 1503 4732 eum
1551 4669 1780 4756 pariter
1822 4682 2014 4757 atque
2058 4684 2295 4733 veteres
2343 4669 2771 4757 Pythagoreos

1084 4795 1374 4837 numeros
1403 4795 1606 4836 rerum
1639 4772 1939 4861 principia
1970 4771 2214 4836 dixisse.
2289 4772 2428 4836 Vid.
2459 4771 2770 4836 Brandisii

1086 4875 1355 4940 Diatrib.
1384 4875 1464 4939 de
1495 4875 1750 4963 perditis
1780 4873 2132 4939 Aristotelis
2176 4873 2346 4940 libris
2381 4874 2462 4940 de
2495 4875 2666 4938 Ideis
2707 4892 2771 4939 et

1084 4979 1164 5043 de
1192 4980 1372 5043 Bono
1402 5002 1464 5066 p.
1488 4998 1761 5064 30-33.

1175 5117 1254 5132 -
1287 5083 1383 5147 16.
1430 5083 1591 5145 ἀλλὰ
1617 5080 1733 5160 μὴν
1762 5082 1908 5143 ὅταν
1936 5078 2087 5161 λέγῃ
2118 5081 2185 5142 ἐν
2212 5082 2292 5163 τῷ
2320 5081 2579 5164 ἀληθινῷ
2610 5081 2771 5161 ἀριθ-

1082 5186 1201 5272 μῷ]
1237 5185 1516 5271 Respicit
1543 5182 2019 5270 disputationem
2051 5181 2113 5244 in
2147 5179 2423 5244 Platonis
2453 5182 2771 5245 Parmeni-

1086 5287 1166 5352 de
1196 5311 1256 5375 p.
1289 5308 1425 5368 ¹44·
1458 5310 1593 5372 sqq.
1626 5310 1685 5371 p.
1709 5306 1815 5365 44.
1840 5307 1976 5371 sqq.
2001 5282 2198 5347 Bekk.
2233 5282 2595 5347 institutam.
2646 5284 2770 5350 Cui

1084 5389 1311 5453 adhibe
1333 5388 1528 5453 Ficini
1550 5390 1964 5452 Commentar.
1985 5410 2036 5450 c.
2059 5406 2159 5469 95.
2188 5386 2288 5450 Cf.
2312 5400 2589 5449 nostrum
2609 5387 2771 5452 infra

1088 5515 1148 5579 p.
1177 5493 1325 5557 686.
1349 5494 1423 5557 C.
1459 5489 1567 5567 ubi
1597 5489 1991 5568 ἀληθέστατοι
2019 5490 2252 5570 ἀριθμοὶ
2282 5506 2721 5557 memorantur.

2066 483 2908 549 ANNOTATIONES
2956 485 3067 548 IN
3116 483 3552 549 PLOTINI

2944 679 3009 743 p.
3044 676 3066 719 1
3085 659 3230 742 236,
3271 675 3366 720 10.
3416 658 3573 723 οἵους
3602 656 3820 737 ἔλεγον
3849 658 3906 719 02
3936 654 4558 739 Πυθαγόρειοι-οἶον

2860 762 3232 840 διδαιοσύνην
3262 759 3536 845 τετράδα]
3561 760 3751 822 Unus
3779 756 3965 822 liber:
4001 761 4068 822 ἐκ
4094 764 4199 823 τοῦ
4225 758 4549 842 ἀναλόγου.

2864 862 2987 926 Sed
3019 862 3182 938 vide,
3207 885 3352 948 quae
3396 884 3591 946 supra
3618 885 3682 948 p.
3705 863 3854 942 416.
3882 862 3957 946 Β.
3992 876 4054 925 et
4084 884 4148 948 p.
4176 883 4324 943 440.
4352 865 4440 927 D.
4471 863 4554 927 de

2860 965 3061 1030 forma
3106 965 3240 1045 hac,
3270 988 3385 1052 pro
3428 963 3544 1029 ἀνὰ
3586 962 3778 1047 λόγον
3822 964 4109 1050 usurpari
4154 964 4351 1042 solita,
4383 964 4556 1030 dicta

2861 1084 3026 1133 sunt.
3126 1070 3256 1133 Pro
3307 1069 3683 1147 δικαιοσύνην
3733 1089 3952 1153 margo
4004 1066 4134 1131 Ed.
4189 1070 4552 1148 δικαιοσύνῃ,

2863 1194 3027 1235 unus
3057 1170 3213 1235 liber
3241 1172 3599 1250 δικαιοσύνη.
3694 1169 3975 1257 Respicit
4002 1169 4162 1234 hanc
4189 1169 4552 1257 appellatio-

2862 1295 3000 1337 nem
3029 1272 3397 1338 Aristoteles
3429 1273 3821 1361 Metaphyss.
3842 1274 3902 1336 1.
3924 1292 3987 1358 5.
4021 1296 4083 1360 p.
4113 1294 4138 1336 ῐ
4146 1291 4207 1358 5.
4233 1274 4548 1338 Brandis.:
4594 1281 4601 1292 “

2860 1378 2950 1440 ὅτι
2996 1375 3064 1440 τὸ
3101 1379 3214 1456 μὲν
3247 1377 3466 1440 τοιονδὶ
3509 1383 3626 1440 τῶν
3665 1379 3922 1459 ἀριθμῶν
3956 1377 4145 1446 πάθος
4191 1382 4550 1459 δικαιοσύνη,

2859 1477 2927 1543 τὸ
2954 1482 3017 1542 δὲ
3047 1480 3264 1543 τοιονδὶ
3291 1479 3461 1562 ψυχὴ
3492 1481 3587 1543 καὶ
3617 1484 3769 1546 νοῦς.
3861 1481 4073 1544 Locus
4106 1496 4315 1545 autem
4343 1481 4553 1546 classi-

2859 1605 2969 1645 cus
2997 1596 3087 1645 est
3112 1580 3441 1645 Iamblichi
3464 1582 3525 1645 in
3553 1582 3914 1647 Nicomachi
3938 1582 4275 1648 Arithmet.
4300 1585 4548 1650 Introd.

2862 1707 2920 1771 p.
2962 1702 3063 1747 20.
3109 1684 3189 1748 ad
3234 1708 3421 1771 quem
3467 1684 3696 1749 adhibe
3731 1686 3949 1751 Joach.
3985 1689 4301 1751 Camerar.
4348 1711 4409 1775 p.
4441 1690 4547 1768 48.

2861 1810 2949 1873 sq.
2982 1802 3044 1850 et
3077 1789 3246 1851 Sam.
3274 1787 3639 1852 Tenullium
3685 1811 3751 1875 p.
3794 1806 3931 1873 103.
4022 1788 4217 1854 Adde
4247 1791 4547 1877 Wytten-

2859 1891 3038 1955 bach.
3070 1891 3149 1955 ad
3187 1891 3498 1956 Plutarch.
3529 1891 3610 1955 de
3638 1891 3789 1955 Isid.
3820 1908 3884 1956 et
3907 1892 4137 1958 Osirid.
4167 1917 4228 1981 p.
4259 1896 4399 1973 264.
4449 1894 4550 1958 Ad

2858 2016 2983 2056 rem
3008 1993 3246 2058 faciunt
3266 1995 3449 2059 etiam
3474 1994 3607 2059 haec.
3628 1995 3691 2058 in
3716 1994 4248 2081 Theologumenis
4271 1997 4545 2062 Arithm.

2856 2120 2923 2184 p.
2949 2116 3052 2179 24.
3083 2120 3146 2184 p.
3178 2117 3279 2183 23.
3312 2098 3518 2162 Astii:
3554 2100 3768 2178 ἐτίμων
3797 2100 3863 2162 δὲ
3892 2099 4073 2178 αὐτὴν
4105 2100 4242 2181 (τὴν
4269 2100 4547 2183 τετράδα)

2856 2203 2915 2263 οἱ
2944 2203 3361 2283 Πυθαγόρειοι,
3394 2203 3470 2268 ὡς
3499 2201 3739 2267 δεκάδος
3767 2201 4136 2284 γεννητικήν.
4168 2207 4455 2267 Καλεῖται
4484 2207 4549 2268 δὲ

2857 2304 3020 2383 αὐτὴ,
3067 2305 3144 2371 ὥς
3187 2311 3375 2385 φησιν
3420 2306 3452 2366 ὁ
3494 2301 3866 2377 Ἀνατόλιος,
3916 2307 4277 2385 δικαιοσύνη,
4309 2307 4438 2370 ἐπεὶ
4481 2306 4549 2371 τὸ

2854 2405 3227 2488 τετράγωνον
3254 2404 3323 2470 τὸ
3352 2405 3450 2469 ἀπ’
3483 2407 3675 2485 αὐτῆς,
3706 2404 3858 2470 τοῦτ’
3893 2407 4041 2482 ἔστι,
4074 2406 4142 2472 τὸ
4187 2409 4448 2488 ἐμβαδὸν
4475 2415 4547 2490 τῇ

2853 2507 3176 2593 περιμέτρῳ
3218 2511 3358 2572 ἴσον
3402 2536 3453 2572 κ.
3478 2534 3529 2572 τ.
3551 2517 3615 2572 λ.
3659 2507 3740 2573 cf.
3775 2507 3925 2573 ibid.
3972 2533 4036 2597 p.
4074 2510 4178 2574 28.
4269 2513 4419 2576 Alia
4460 2513 4542 2577 de

2852 2610 3247 2697 quaternario
3291 2634 3551 2676 numero
3594 2612 3777 2700 posui
3820 2613 3884 2676 in
3928 2616 4374 2680 Commentatt.
4408 2618 4544 2680 He-

2852 2713 3088 2778 rodott.
3148 2737 3213 2801 p.
3252 2735 3396 2801 134.
3515 2714 3712 2779 Adde
3769 2716 3873 2781 J0.
3915 2716 4108 2780 Laur.
4149 2717 4407 2803 Lydum
4467 2718 4547 2783 de

2854 2819 3093 2882 MenSS.
3113 2819 3368 2881 Romm.
3396 2816 3609 2905 ibique
3634 2818 3935 2883 Roetheri
3965 2841 4226 2905 meaque
4254 2836 4549 2887 annotata

2852 2944 2915 3008 p.
2940 2923 3042 2985 61.
3075 2935 3138 2983 et
3167 2944 3230 3007 p.
3257 2940 3396 3006 233.
3430 2944 3521 3007 sq.
3553 2923 3653 2985 ed.
3675 2921 3996 2986 Roetheri.
4075 2924 4235 2986 Mox
4267 2925 4423 3003 ὅμως
4453 2927 4549 2989 καὶ

2853 3022 2954 3087 τὸν
2983 3023 3228 3105 ἀριθμὸν
3255 3028 3491 3106 συζυγῆ.
3541 3022 3808 3110 Aliquot
3829 3023 4031 3088 Codd.
4060 3032 4311 3107 συζυγεΐ.
4361 3027 4548 3093 Plato

2852 3125 2932 3190 de
2964 3125 3241 3212 Republ.
3281 3128 3472 3191 VIII.
3505 3150 3570 3214 p.
3593 3129 3742 3211 546.
3766 3128 3842 3192 B.
3875 3150 3939 3214 p.
3961 3127 4111 3212 381.
4144 3128 4344 3194 Bekk.
4382 3129 4549 3212 (loco

2851 3228 3285 3292 obscurissimo
3328 3229 3407 3293 de
3453 3252 3712 3293 numero
3755 3230 4054 3318 perfecto,
4099 3254 4283 3318 quem
4339 3232 4544 3298 locum

2855 3331 3224 3397 Aristoteles
3267 3348 3442 3398 notat
3474 3333 3653 3398 Polit.
3679 3335 3757 3398 V.
3796 3352 3894 3399 12.
3939 3333 4021 3398 ad
4064 3358 4249 3422 quem
4295 3337 4545 3402 consule

2856 3434 3223 3522 Goettlingii
3260 3452 3536 3501 annotat.
3568 3461 3633 3522 p.
3661 3456 3739 3517 41
3757 3441 4230 3523 1—413.)-—‹1m
4260 3441 4547 3523 ἐπίτριτος

2850 3538 3081 3618 πυθμὴν
3109 3538 3367 3618 πεμπάδι
3398 3541 3665 3622 συζυγεὶς
3695 3539 3869 3622 (Βίι1ἰ
3904 3539 4106 3605 Codd.
4135 3564 4234 3629 ap.
4268 3541 4541 3608 Bekker.

2852 3642 3130 3725 συζυγὴς)
3191 3645 3294 3706 δύο
3354 3645 3636 3724 ἁρμονίας
3690 3642 4015 3727 παρέχεται
4072 3646 4195 3726 τρὶς
4251 3647 4539 3725 αὐξηθείς.

2855 3743 3185 3809 Iamblich.
3216 3744 3296 3809 de
3330 3745 3455 3810 Vit.
3491 3746 3765 3833 Pythag.
3799 3768 3852 3809 c.
3880 3764 3984 3828 27.
4017 3769 4080 3833 p.
4108 3767 4248 3811 110.
4284 3749 4536 3812 Kuster.

2852 3871 2916 3935 p.
2942 3850 3088 3931 278:
3121 3849 3424 3914 Πλάτωνα
3454 3848 3715 3931 λέγοντα
3743 3855 4017 3930 φανερῶς
4045 3851 4112 3913 ἐν
4135 3853 4205 3929 τῇ
4228 3852 4537 3924 Πολιτεία,

2854 3951 2959 4015 τὸν
2991 3953 3286 4033 ἐπίτριτον
3315 3955 3543 4016 ἐκεῖνον
3570 3950 3858 4031 πυθμένα,
3889 3951 3996 4015 τὸν
4023 3955 4093 4031 τῇ
4131 3951 4389 4031 πεμπάδι
4433 3979 4538 4019 συ-

2849 4054 3259 4136 ζευγνυμένου·
3336 4053 3417 4118 ad
3468 4076 3653 4140 quem
3705 4076 3781 4117 ex
3831 4051 4112 4118 Aristide
4152 4053 4415 4130 Quintil.
4462 4055 4545 4121 de

2856 4156 3103 4221 Musica
3136 4158 3276 4220 III.
3323 4180 3383 4244 p.
3426 4174 3566 4240 152.
3616 4157 3971 4220 ·Kusterus
4014 4155 4226 4220 laudat
4270 4158 4541 4224 eundem

2856 4259 3135 4324 Platonis
3162 4259 3366 4324 locum
3398 4258 3798 4346 respiciente:
3846 4258 4184 4341 συζυγέντα.
4244 4260 4543 4328 Substan-

2858 4362 2986 4427 tivo
3008 4364 3252 4444 συζυγία
3280 4361 3340 4425 ’111
3372 4360 3507 4426 loco
3535 4360 3614 4424 de
3646 4383 3772 4426 uno
3800 4375 3863 4424 et
3894 4361 4164 4424 numeris
4191 4362 4390 4427 utitur
4409 4364 4542 4452 ipse

2860 4463 3041 4528 Plato
3067 4465 3130 4527 in
3165 4464 3535 4528 Parmenide
3564 4487 3624 4552 p.
3653 4484 3794 4547 143.
3829 4463 3962 4528 sub.
3995 4463 4103 4527 fin.
4143 4488 4209 4552 p.
4230 4483 4338 4552 37.
4373 4469 4537 4533 Bek-

2858 4566 3005 4630 keri.
3100 4568 3518 4630 Numerorum
3552 4567 3613 4631 in
3647 4567 3815 4630 sonis
3845 4568 4120 4649 συζυγίας
4151 4585 4375 4633 norant
4405 4573 4535 4656 Py·

2854 4669 3154 4756 thagorei.
3213 4668 3351 4733 Vid.
3390 4668 3615 4733 Iambl.
3634 4668 3715 4732 de
3734 4668 3862 4733 Vit.
3884 4668 4161 4756 Pythag.
4189 4693 4246 4734 c.
4271 4673 4536 4739 XXVI.

2854 4795 2918 4859 p.
2948 4774 3088 4853 248.
3127 4771 3351 4837 Kiessl.
3415 4771 3579 4836 Ibid.
3615 4795 3679 4859 p.
3702 4790 3847 4857 250.
3878 4770 3960 4836 de
3991 4772 4377 4860 Pythagora:
4412 4777 4541 4844 εἶτα

2857 4877 3080 4957 κρούων
3101 4873 3216 4939 ἀνὰ
3238 4878 3339 4940 δύο
3364 4875 3484 4955 ἅμα
3505 4872 3725 4958 χορδὰς
3743 4874 4004 4954 ἐναλλὰξ
4028 4877 4324 4957 (ἐπαλλὰξ
4349 4878 4536 4945 etiam

2857 4979 3280 5042 Memmianus
3309 5000 3483 5041 meus
3510 4977 3768 5064 aliique)
3799 4978 4146 5059 συμφωνίας
4184 4981 4411 5062 εὕρισκε
4440 4984 4542 5053 τὰς

2856 5083 3310 5163 προλεχθείσας,
3349 5082 3544 5160 ἄλλην
3586 5083 3653 5144 ἐν
3692 5081 3850 5161 ἄλλῃ
3894 5082 4134 5166 συζυγία
4181 5083 4315 5164 (Ita
4353 5085 4538 5152 etiam

2860 5184 3123 5246 Memm.
3148 5198 3208 5247 et
3242 5182 3448 5270 plures
3472 5181 3675 5247 Codd.
3708 5182 3771 5246 in
3805 5181 4058 5249 schedd.
4087 5183 4238 5250 meis
4266 5209 4382 5275 pro
4407 5211 4540 5255 cor.

2856 5300 3045 5374 rupto
3092 5289 3444 5372 συντυχίᾳ);
3508 5293 3551 5324 “
3581 5284 4041 5350 consonantiam
4087 5286 4267 5351 aliam
4311 5288 4373 5353 in
4420 5291 4542 5359 alia

2853 5390 3340 5475 conjunctione?
3436 5391 3659 5474 Atque
3704 5389 3819 5452 hac
3860 5387 4008 5452 data
4047 5390 4361 5457 occasione
4406 5393 4540 5461 haec

2855 5491 3124 5581 paucula
3148 5491 3379 5557 addere
3404 5491 3616 5555 liceat:
3667 5493 3869 5556 Nemo
3898 5490 4090 5556 nescit
4113 5492 4543 5583 Pythagoreos
