<?xml version="1.0" encoding="UTF-8"?>
<!DOCTYPE html PUBLIC "-//W3C//DTD XHTML 1.0 Transitional//EN"
    "http://www.w3.org/TR/xhtml1/DTD/xhtml1-transitional.dtd">
<html xmlns="http://www.w3.org/1999/xhtml" xml:lang="en" lang="en">
 <head>
  <title>
</title>
<meta http-equiv="Content-Type" content="text/html;charset=utf-8" />
  <meta name='ocr-system' content='tesseract 3.04.00' />
  <meta name='ocr-capabilities' content='ocr_page ocr_carea ocr_par ocr_line ocrx_word'/>
</head>
<body>
  <div class='ocr_page' id='page_1' title='image "./plotinioperaomn00chumgoog_0150.png"; bbox 0 0 5118 6613; ppageno 0'>
   <div class='ocr_carea' id='block_1_1' title="bbox 1046 525 2733 763">
    <p class='ocr_par' dir='ltr' id='par_1_1' title="bbox 1046 525 2733 763">
     <span class='ocr_line' id='line_1_1' title="bbox 1053 525 1175 587; baseline 0 0"><span class='ocrx_word' id='word_1_1' title='bbox 1053 525 1175 587; x_wconf 86' lang='lat'><strong>¹44</strong></span> 
     </span>
     <span class='ocr_line' id='line_1_2' title="bbox 1046 673 2733 763; baseline -0.002 -23"><span class='ocrx_word' id='word_1_2' title='bbox 1046 697 1185 763; x_wconf 86' lang='lat' dir='ltr'><strong>cap.</strong></span> <span class='ocrx_word' id='word_1_3' title='bbox 1218 675 1393 740; x_wconf 85' lang='lat' dir='ltr'>XII.</span> <span class='ocrx_word' id='word_1_4' title='bbox 1424 676 1517 739; x_wconf 79' lang='grc' dir='ltr'>ὅτι</span> <span class='ocrx_word' id='word_1_5' title='bbox 1552 676 1666 755; x_wconf 78' lang='grc' dir='ltr'><strong>μὲν</strong></span> <span class='ocrx_word' id='word_1_6' title='bbox 1710 675 1816 738; x_wconf 75' lang='grc' dir='ltr'>οὖν</span> <span class='ocrx_word' id='word_1_7' title='bbox 1850 673 2022 739; x_wconf 69' lang='grc' dir='ltr'>οὐδὲν</span> <span class='ocrx_word' id='word_1_8' title='bbox 2066 675 2134 738; x_wconf 70' lang='grc' dir='ltr'>ἓν</span> <span class='ocrx_word' id='word_1_9' title='bbox 2175 677 2257 760; x_wconf 70' lang='grc' dir='ltr'>τῷ</span> <span class='ocrx_word' id='word_1_10' title='bbox 2304 674 2503 760; x_wconf 76' lang='grc' dir='ltr'>κόσμῳ</span> <span class='ocrx_word' id='word_1_11' title='bbox 2547 674 2733 756; x_wconf 77' lang='grc' dir='ltr'>φύσει</span> 
     </span>
    </p>
   </div>
   <div class='ocr_carea' id='block_1_2' title="bbox 1049 776 2737 858">
    <p class='ocr_par' dir='ltr' id='par_1_2' title="bbox 1049 776 2737 858">
     <span class='ocr_line' id='line_1_3' title="bbox 1049 776 2737 858; baseline -0.002 -15"><span class='ocrx_word' id='word_1_12' title='bbox 1049 778 1250 853; x_wconf 79' lang='grc' dir='ltr'>κακὸν,</span> <span class='ocrx_word' id='word_1_13' title='bbox 1282 781 1349 843; x_wconf 77' lang='grc' dir='ltr'><strong>ἐκ</strong></span> <span class='ocrx_word' id='word_1_14' title='bbox 1375 778 1598 842; x_wconf 72' lang='grc' dir='ltr'>τούτων</span> <span class='ocrx_word' id='word_1_15' title='bbox 1627 778 1793 841; x_wconf 72' lang='grc' dir='ltr'>ἐστὶν</span> <span class='ocrx_word' id='word_1_16' title='bbox 1823 778 1986 840; x_wconf 67' lang='lat' dir='ltr'><strong>laetu.</strong></span> <span class='ocrx_word' id='word_1_17' title='bbox 2078 777 2232 858; x_wconf 81' lang='grc' dir='ltr'>Περὶ</span> <span class='ocrx_word' id='word_1_18' title='bbox 2261 778 2326 841; x_wconf 74' lang='grc' dir='ltr'><strong>δὲ</strong></span> <span class='ocrx_word' id='word_1_19' title='bbox 2354 779 2459 842; x_wconf 77' lang='grc' dir='ltr'><strong>τᾶς</strong></span> <span class='ocrx_word' id='word_1_20' title='bbox 2485 782 2604 841; x_wconf 76' lang='grc' dir='ltr'><strong>τῶν</strong></span> <span class='ocrx_word' id='word_1_21' title='bbox 2633 776 2737 839; x_wconf 83' lang='grc' dir='ltr'>ἀν-</span> 
     </span>
    </p>
   </div>
   <div class='ocr_carea' id='block_1_3' title="bbox 1048 877 2736 963">
    <p class='ocr_par' dir='ltr' id='par_1_3' title="bbox 1048 877 2736 963">
     <span class='ocr_line' id='line_1_4' title="bbox 1048 877 2736 963; baseline -0.003 -17"><span class='ocrx_word' id='word_1_22' title='bbox 1048 883 1296 963; x_wconf 70' lang='grc' dir='ltr'>θρώπων</span> <span class='ocrx_word' id='word_1_23' title='bbox 1335 881 1635 963; x_wconf 72' lang='grc' dir='ltr'>ἐνεργείας</span> <span class='ocrx_word' id='word_1_24' title='bbox 1676 879 1771 944; x_wconf 85' lang='grc' dir='ltr'><strong>καὶ</strong></span> <span class='ocrx_word' id='word_1_25' title='bbox 1813 880 2035 943; x_wconf 81' lang='grc' dir='ltr'>τούτων</span> <span class='ocrx_word' id='word_1_26' title='bbox 2073 879 2144 945; x_wconf 81' lang='grc' dir='ltr'><strong>οὗ</strong></span> <span class='ocrx_word' id='word_1_27' title='bbox 2184 877 2445 954; x_wconf 81' lang='grc' dir='ltr'>πάντων,</span> <span class='ocrx_word' id='word_1_28' title='bbox 2476 879 2612 943; x_wconf 71' lang='grc' dir='ltr'>οὐδὲ</span> <span class='ocrx_word' id='word_1_29' title='bbox 2641 878 2736 942; x_wconf 78' lang='grc' dir='ltr'>ἀεὶ</span> 
     </span>
    </p>
   </div>
   <div class='ocr_carea' id='block_1_4' title="bbox 1049 979 2738 1477">
    <p class='ocr_par' dir='ltr' id='par_1_4' title="bbox 1049 979 2738 1477">
     <span class='ocr_line' id='line_1_5' title="bbox 1049 979 2734 1067; baseline -0.003 -18"><span class='ocrx_word' id='word_1_30' title='bbox 1049 985 1327 1067; x_wconf 84' lang='grc' dir='ltr'>φαίνεται</span> <span class='ocrx_word' id='word_1_31' title='bbox 1370 986 1445 1048; x_wconf 77' lang='grc' dir='ltr'>τᾶ</span> <span class='ocrx_word' id='word_1_32' title='bbox 1483 982 1650 1047; x_wconf 88' lang='grc' dir='ltr'>κακά.</span> <span class='ocrx_word' id='word_1_33' title='bbox 1733 985 1940 1047; x_wconf 88' lang='grc' dir='ltr'>Ταῦτα</span> <span class='ocrx_word' id='word_1_34' title='bbox 1977 984 2061 1057; x_wconf 79' lang='grc' dir='ltr'><strong>δὲ,</strong></span> <span class='ocrx_word' id='word_1_35' title='bbox 2109 984 2164 1047; x_wconf 79' lang='grc' dir='ltr'>εί</span> <span class='ocrx_word' id='word_1_36' title='bbox 2201 983 2314 1062; x_wconf 76' lang='grc' dir='ltr'><strong>μὲν</strong></span> <span class='ocrx_word' id='word_1_37' title='bbox 2353 980 2423 1046; x_wconf 80' lang='grc' dir='ltr'><strong>δι’</strong></span> <span class='ocrx_word' id='word_1_38' title='bbox 2471 980 2615 1046; x_wconf 72' lang='grc' dir='ltr'>αὐτὸ</span> <span class='ocrx_word' id='word_1_39' title='bbox 2666 979 2734 1044; x_wconf 85' lang='grc' dir='ltr'>τὸ</span> 
     </span>
     <span class='ocr_line' id='line_1_6' title="bbox 1052 1083 2738 1168; baseline 0 -18"><span class='ocrx_word' id='word_1_40' title='bbox 1052 1085 1232 1150; x_wconf 87' lang='grc' dir='ltr'>κακὸν</span> <span class='ocrx_word' id='word_1_41' title='bbox 1279 1085 1616 1168; x_wconf 77' lang='grc' dir='ltr'>ἡμάρτανον</span> <span class='ocrx_word' id='word_1_42' title='bbox 1671 1086 1989 1167; x_wconf 75' lang='grc' dir='ltr'>ἄνθρωποι,</span> <span class='ocrx_word' id='word_1_43' title='bbox 2043 1085 2187 1164; x_wconf 76' lang='grc' dir='ltr'>αὐτὴ</span> <span class='ocrx_word' id='word_1_44' title='bbox 2244 1084 2320 1149; x_wconf 74' lang='grc' dir='ltr'>ἂν</span> <span class='ocrx_word' id='word_1_45' title='bbox 2363 1084 2439 1164; x_wconf 86' lang='grc' dir='ltr'>ἥν</span> <span class='ocrx_word' id='word_1_46' title='bbox 2477 1084 2515 1164; x_wconf 81' lang='grc' dir='ltr'>ἦ</span> <span class='ocrx_word' id='word_1_47' title='bbox 2557 1083 2738 1166; x_wconf 79' lang='grc' dir='ltr'>φύσις</span> 
     </span>
     <span class='ocr_line' id='line_1_7' title="bbox 1052 1187 2733 1274; baseline -0.004 -19"><span class='ocrx_word' id='word_1_48' title='bbox 1052 1190 1315 1271; x_wconf 61' lang='grc' dir='ltr'>κακή-6</span> <span class='ocrx_word' id='word_1_49' title='bbox 1345 1192 1411 1255; x_wconf 70' lang='grc' dir='ltr'><strong>δὲ</strong></span> <span class='ocrx_word' id='word_1_50' title='bbox 1439 1191 1658 1274; x_wconf 79' lang='grc' dir='ltr'>ἐχθρὸν</span> <span class='ocrx_word' id='word_1_51' title='bbox 1688 1195 1872 1256; x_wconf 77' lang='grc' dir='ltr'>κακῶς</span> <span class='ocrx_word' id='word_1_52' title='bbox 1889 1195 2093 1263; x_wconf 75' lang='grc' dir='ltr'>ποιῶν,</span> <span class='ocrx_word' id='word_1_53' title='bbox 2118 1187 2186 1252; x_wconf 82' lang='grc' dir='ltr'>τὸ</span> <span class='ocrx_word' id='word_1_54' title='bbox 2213 1189 2325 1268; x_wconf 76' lang='grc' dir='ltr'><strong>μὲν</strong></span> <span class='ocrx_word' id='word_1_55' title='bbox 2356 1193 2541 1255; x_wconf 80' lang='grc' dir='ltr'>κακῶς</span> <span class='ocrx_word' id='word_1_56' title='bbox 2566 1190 2733 1266; x_wconf 81' lang='grc' dir='ltr'>ποιῆ·</span> 
     </span>
     <span class='ocr_line' id='line_1_8' title="bbox 1050 1289 2733 1375; baseline -0.004 -17"><span class='ocrx_word' id='word_1_57' title='bbox 1050 1319 1175 1371; x_wconf 90' lang='grc' dir='ltr'>σαι,</span> <span class='ocrx_word' id='word_1_58' title='bbox 1222 1293 1421 1368; x_wconf 84' lang='grc' dir='ltr'>κακὸν,</span> <span class='ocrx_word' id='word_1_59' title='bbox 1451 1292 1521 1358; x_wconf 86' lang='grc' dir='ltr'>τὸ</span> <span class='ocrx_word' id='word_1_60' title='bbox 1566 1295 1631 1357; x_wconf 74' lang='grc' dir='ltr'><strong>δὲ</strong></span> <span class='ocrx_word' id='word_1_61' title='bbox 1668 1292 1774 1356; x_wconf 83' lang='grc' dir='ltr'><strong>τὸν</strong></span> <span class='ocrx_word' id='word_1_62' title='bbox 1819 1291 2036 1375; x_wconf 75' lang='grc' dir='ltr'>ἐχθρὸν</span> <span class='ocrx_word' id='word_1_63' title='bbox 2079 1292 2432 1372; x_wconf 77' lang='grc' dir='ltr'>ἀμύνασθαι,</span> <span class='ocrx_word' id='word_1_64' title='bbox 2481 1289 2733 1372; x_wconf 82' lang='grc' dir='ltr'>ἀγαθὸν,</span> 
     </span>
     <span class='ocr_line' id='line_1_9' title="bbox 1051 1391 2738 1477; baseline -0.004 -16"><span class='ocrx_word' id='word_1_65' title='bbox 1051 1398 1146 1461; x_wconf 80' lang='grc' dir='ltr'><strong>καὶ</strong></span> <span class='ocrx_word' id='word_1_66' title='bbox 1172 1395 1367 1461; x_wconf 90' lang='grc' dir='ltr'>πάντα</span> <span class='ocrx_word' id='word_1_67' title='bbox 1396 1397 1576 1463; x_wconf 80' lang='grc' dir='ltr'>οὕτως</span> <span class='ocrx_word' id='word_1_68' title='bbox 1603 1393 1924 1477; x_wconf 76' lang='grc' dir='ltr'>ἁμαρτάνει</span> <span class='ocrx_word' id='word_1_69' title='bbox 1951 1393 2141 1477; x_wconf 76' lang='grc' dir='ltr'>ψυχὴ,</span> <span class='ocrx_word' id='word_1_70' title='bbox 2176 1393 2270 1457; x_wconf 85' lang='grc' dir='ltr'><strong>καὶ</strong></span> <span class='ocrx_word' id='word_1_71' title='bbox 2298 1391 2367 1457; x_wconf 84' lang='grc' dir='ltr'><strong>δι’</strong></span> <span class='ocrx_word' id='word_1_72' title='bbox 2399 1393 2738 1475; x_wconf 83' lang='grc' dir='ltr'>ἀγαθότ-ητα</span> 
     </span>
    </p>
   </div>
   <div class='ocr_carea' id='block_1_5' title="bbox 1046 1496 2750 5274">
    <p class='ocr_par' dir='ltr' id='par_1_5' title="bbox 1046 1496 2742 3328">
     <span class='ocr_line' id='line_1_10' title="bbox 1046 1496 2738 1583; baseline -0.003 -19"><span class='ocrx_word' id='word_1_73' title='bbox 1046 1501 1276 1583; x_wconf 82' lang='grc' dir='ltr'>γίνεται</span> <span class='ocrx_word' id='word_1_74' title='bbox 1303 1502 1378 1564; x_wconf 76' lang='grc' dir='ltr'>τὰ</span> <span class='ocrx_word' id='word_1_75' title='bbox 1409 1501 1557 1563; x_wconf 81' lang='grc' dir='ltr'><strong>κακᾶ</strong></span> <span class='ocrx_word' id='word_1_76' title='bbox 1588 1499 1819 1580; x_wconf 80' lang='grc' dir='ltr'>(ὥσπερ</span> <span class='ocrx_word' id='word_1_77' title='bbox 1847 1500 1943 1562; x_wconf 75' lang='grc' dir='ltr'><strong>διὰ</strong></span> <span class='ocrx_word' id='word_1_78' title='bbox 1969 1497 2038 1561; x_wconf 83' lang='grc' dir='ltr'>τὸ</span> <span class='ocrx_word' id='word_1_79' title='bbox 2068 1502 2194 1580; x_wconf 77' lang='grc' dir='ltr'><strong>φῶς</strong></span> <span class='ocrx_word' id='word_1_80' title='bbox 2220 1497 2300 1577; x_wconf 80' lang='grc' dir='ltr'>μὴ</span> <span class='ocrx_word' id='word_1_81' title='bbox 2331 1496 2482 1560; x_wconf 80' lang='grc' dir='ltr'>εἶναι</span> <span class='ocrx_word' id='word_1_82' title='bbox 2507 1497 2738 1578; x_wconf 84' lang='grc' dir='ltr'>γίνεται</span> 
     </span>
     <span class='ocr_line' id='line_1_11' title="bbox 1048 1596 2738 1686; baseline -0.004 -20"><span class='ocrx_word' id='word_1_83' title='bbox 1048 1604 1259 1669; x_wconf 78' lang='grc' dir='ltr'>σκότος</span> <span class='ocrx_word' id='word_1_84' title='bbox 1288 1602 1471 1684; x_wconf 80' lang='grc' dir='ltr'>φύσει</span> <span class='ocrx_word' id='word_1_85' title='bbox 1497 1601 1579 1680; x_wconf 80' lang='grc' dir='ltr'>μὴ</span> <span class='ocrx_word' id='word_1_86' title='bbox 1606 1598 1729 1686; x_wconf 81' lang='grc' dir='ltr'>ὃν),</span> <span class='ocrx_word' id='word_1_87' title='bbox 1760 1596 2120 1681; x_wconf 81' lang='grc' dir='ltr'>Ἀμαρτάνει</span> <span class='ocrx_word' id='word_1_88' title='bbox 2153 1600 2264 1679; x_wconf 73' lang='grc' dir='ltr'><strong>μὲν</strong></span> <span class='ocrx_word' id='word_1_89' title='bbox 2293 1598 2399 1661; x_wconf 83' lang='grc' dir='ltr'>οῦν</span> <span class='ocrx_word' id='word_1_90' title='bbox 2425 1598 2616 1680; x_wconf 74' lang='grc' dir='ltr'>ψυχὴ,</span> <span class='ocrx_word' id='word_1_91' title='bbox 2646 1599 2738 1661; x_wconf 84' lang='grc' dir='ltr'>ὅτι</span> 
     </span>
     <span class='ocr_line' id='line_1_12' title="bbox 1048 1698 2733 1787; baseline -0.004 -18"><span class='ocrx_word' id='word_1_92' title='bbox 1048 1706 1281 1787; x_wconf 78' lang='grc' dir='ltr'>ἐφίεται</span> <span class='ocrx_word' id='word_1_93' title='bbox 1325 1705 1572 1786; x_wconf 90' lang='grc' dir='ltr'>ἀγαθοῦ,</span> <span class='ocrx_word' id='word_1_94' title='bbox 1622 1706 1921 1766; x_wconf 76' lang='grc' dir='ltr'>πλανᾶται</span> <span class='ocrx_word' id='word_1_95' title='bbox 1964 1702 2029 1765; x_wconf 69' lang='grc' dir='ltr'><strong>δὲ</strong></span> <span class='ocrx_word' id='word_1_96' title='bbox 2070 1701 2206 1783; x_wconf 82' lang='grc' dir='ltr'>περὶ</span> <span class='ocrx_word' id='word_1_97' title='bbox 2248 1698 2316 1763; x_wconf 82' lang='grc' dir='ltr'>τὸ</span> <span class='ocrx_word' id='word_1_98' title='bbox 2360 1698 2608 1782; x_wconf 85' lang='grc' dir='ltr'>ἀγαθὸν,</span> <span class='ocrx_word' id='word_1_99' title='bbox 2641 1700 2733 1763; x_wconf 78' lang='grc' dir='ltr'>ὅτι</span> 
     </span>
     <span class='ocr_line' id='line_1_13' title="bbox 1046 1799 2737 1888; baseline -0.003 -17"><span class='ocrx_word' id='word_1_100' title='bbox 1046 1807 1127 1888; x_wconf 77' lang='grc' dir='ltr'>μὴ</span> <span class='ocrx_word' id='word_1_101' title='bbox 1154 1807 1352 1888; x_wconf 69' lang='grc' dir='ltr'>πρώτη</span> <span class='ocrx_word' id='word_1_102' title='bbox 1384 1805 1552 1869; x_wconf 78' lang='grc' dir='ltr'>ἐστὶν</span> <span class='ocrx_word' id='word_1_103' title='bbox 1580 1804 1776 1869; x_wconf 79' lang='grc' dir='ltr'>οὐσία.</span> <span class='ocrx_word' id='word_1_104' title='bbox 1843 1805 2003 1881; x_wconf 79' lang='lat' dir='ltr'><strong>Quae</strong></span> <span class='ocrx_word' id='word_1_105' title='bbox 2045 1826 2083 1867; x_wconf 88' lang='lat' dir='ltr'><strong>a</strong></span> <span class='ocrx_word' id='word_1_106' title='bbox 2127 1800 2378 1867; x_wconf 86' lang='lat' dir='ltr'><strong>Plotino</strong></span> <span class='ocrx_word' id='word_1_107' title='bbox 2405 1799 2737 1888; x_wconf 88' lang='lat' dir='ltr'><strong>desumpta</strong></span> 
     </span>
     <span class='ocr_line' id='line_1_14' title="bbox 1047 1903 2735 1994; baseline -0.004 -20"><span class='ocrx_word' id='word_1_108' title='bbox 1047 1931 1180 1973; x_wconf 88' lang='lat' dir='ltr'><strong>esse</strong></span> <span class='ocrx_word' id='word_1_109' title='bbox 1221 1931 1405 1973; x_wconf 91' lang='lat' dir='ltr'><strong>nemo</strong></span> <span class='ocrx_word' id='word_1_110' title='bbox 1440 1922 1531 1971; x_wconf 88' lang='lat' dir='ltr'><strong>est</strong></span> <span class='ocrx_word' id='word_1_111' title='bbox 1577 1906 1732 1994; x_wconf 90' lang='lat' dir='ltr'><strong>quin</strong></span> <span class='ocrx_word' id='word_1_112' title='bbox 1764 1905 1993 1985; x_wconf 84' lang='lat' dir='ltr'><strong>videat,</strong></span> <span class='ocrx_word' id='word_1_113' title='bbox 2029 1919 2092 1970; x_wconf 88' lang='lat' dir='ltr'><strong>et</strong></span> <span class='ocrx_word' id='word_1_114' title='bbox 2134 1903 2458 1971; x_wconf 90' lang='lat' dir='ltr'><strong>commode</strong></span> <span class='ocrx_word' id='word_1_115' title='bbox 2503 1903 2735 1970; x_wconf 88' lang='lat' dir='ltr'><strong>Plotini</strong></span> 
     </span>
     <span class='ocr_line' id='line_1_15' title="bbox 1047 2006 2732 2096; baseline -0.002 -21"><span class='ocrx_word' id='word_1_116' title='bbox 1047 2009 1217 2075; x_wconf 89' lang='lat' dir='ltr'><strong>hunc</strong></span> <span class='ocrx_word' id='word_1_117' title='bbox 1254 2008 1462 2074; x_wconf 88' lang='lat' dir='ltr'><strong>locum</strong></span> <span class='ocrx_word' id='word_1_118' title='bbox 1508 2009 1572 2074; x_wconf 89' lang='lat' dir='ltr'><strong>iu</strong></span> <span class='ocrx_word' id='word_1_119' title='bbox 1614 2023 1829 2074; x_wconf 89' lang='lat' dir='ltr'><strong>annot.</strong></span> <span class='ocrx_word' id='word_1_120' title='bbox 1872 2008 1934 2073; x_wconf 93' lang='lat' dir='ltr'><strong>in</strong></span> <span class='ocrx_word' id='word_1_121' title='bbox 1985 2007 2345 2074; x_wconf 84' lang='lat' dir='ltr'>Sallustium</span> <span class='ocrx_word' id='word_1_122' title='bbox 2379 2007 2505 2073; x_wconf 91' lang='lat' dir='ltr'><strong>h.l.</strong></span> <span class='ocrx_word' id='word_1_123' title='bbox 2537 2006 2732 2096; x_wconf 90' lang='lat' dir='ltr'><strong>adpo-</strong></span> 
     </span>
     <span class='ocr_line' id='line_1_16' title="bbox 1048 2110 2737 2200; baseline -0.002 -22"><span class='ocrx_word' id='word_1_124' title='bbox 1048 2112 1174 2178; x_wconf 83' lang='lat' dir='ltr'>suit</span> <span class='ocrx_word' id='word_1_125' title='bbox 1203 2111 1593 2190; x_wconf 86' lang='lat' dir='ltr'><strong>Holstenius,</strong></span> <span class='ocrx_word' id='word_1_126' title='bbox 1623 2111 1878 2200; x_wconf 88' lang='lat' dir='ltr'><strong>insuper</strong></span> <span class='ocrx_word' id='word_1_127' title='bbox 1905 2110 2168 2176; x_wconf 88' lang='lat' dir='ltr'><strong>laudans</strong></span> <span class='ocrx_word' id='word_1_128' title='bbox 2196 2113 2461 2199; x_wconf 81' lang='lat' dir='ltr'>Dionys,</span> <span class='ocrx_word' id='word_1_129' title='bbox 2484 2112 2737 2198; x_wconf 89' lang='lat' dir='ltr'><strong>Areop.,</strong></span> 
     </span>
     <span class='ocr_line' id='line_1_17' title="bbox 1047 2213 2737 2304; baseline -0.002 -25"><span class='ocrx_word' id='word_1_130' title='bbox 1047 2214 1157 2304; x_wconf 90' lang='lat' dir='ltr'><strong>qui</strong></span> <span class='ocrx_word' id='word_1_131' title='bbox 1188 2215 1410 2293; x_wconf 83' lang='lat' dir='ltr'><strong>fertur,</strong></span> <span class='ocrx_word' id='word_1_132' title='bbox 1450 2213 1530 2279; x_wconf 90' lang='lat' dir='ltr'><strong>de</strong></span> <span class='ocrx_word' id='word_1_133' title='bbox 1568 2214 1828 2279; x_wconf 89' lang='lat' dir='ltr'><strong>Divinn.</strong></span> <span class='ocrx_word' id='word_1_134' title='bbox 1878 2215 2135 2280; x_wconf 90' lang='lat' dir='ltr'><strong>Nomm.</strong></span> <span class='ocrx_word' id='word_1_135' title='bbox 2163 2237 2299 2302; x_wconf 88' lang='lat' dir='ltr'><strong>cap.</strong></span> <span class='ocrx_word' id='word_1_136' title='bbox 2336 2213 2454 2278; x_wconf 90' lang='lat' dir='ltr'><strong>IV.</strong></span> <span class='ocrx_word' id='word_1_137' title='bbox 2485 2225 2550 2278; x_wconf 91' lang='lat' dir='ltr'><strong>et</strong></span> <span class='ocrx_word' id='word_1_138' title='bbox 2579 2213 2737 2277; x_wconf 89' lang='lat' dir='ltr'><strong>Pro-</strong></span> 
     </span>
     <span class='ocr_line' id='line_1_18' title="bbox 1046 2315 2742 2405; baseline -0.002 -22"><span class='ocrx_word' id='word_1_139' title='bbox 1046 2317 1213 2384; x_wconf 90' lang='lat' dir='ltr'><strong>clum</strong></span> <span class='ocrx_word' id='word_1_140' title='bbox 1243 2318 1306 2383; x_wconf 90' lang='lat' dir='ltr'><strong>in</strong></span> <span class='ocrx_word' id='word_1_141' title='bbox 1338 2317 1618 2383; x_wconf 83' lang='lat' dir='ltr'><strong>Platonis</strong></span> <span class='ocrx_word' id='word_1_142' title='bbox 1647 2317 1817 2383; x_wconf 88' lang='lat' dir='ltr'><strong>Tim.</strong></span> <span class='ocrx_word' id='word_1_143' title='bbox 1849 2340 1912 2405; x_wconf 87' lang='lat' dir='ltr'><strong>p.</strong></span> <span class='ocrx_word' id='word_1_144' title='bbox 1953 2337 2091 2402; x_wconf 83' lang='lat'><strong>115.</strong></span> <span class='ocrx_word' id='word_1_145' title='bbox 2127 2340 2216 2404; x_wconf 87' lang='lat' dir='ltr'><strong>sq.</strong></span> <span class='ocrx_word' id='word_1_146' title='bbox 2250 2315 2417 2381; x_wconf 89' lang='lat' dir='ltr'><strong>unde</strong></span> <span class='ocrx_word' id='word_1_147' title='bbox 2461 2328 2742 2380; x_wconf 84' lang='lat' dir='ltr'><strong>extrema</strong></span> 
     </span>
     <span class='ocr_line' id='line_1_19' title="bbox 1049 2417 2739 2506; baseline -0.004 -19"><span class='ocrx_word' id='word_1_148' title='bbox 1049 2420 1486 2487; x_wconf 79' lang='lat' dir='ltr'><strong>tantummodo</strong></span> <span class='ocrx_word' id='word_1_149' title='bbox 1521 2419 1905 2486; x_wconf 77' lang='lat' dir='ltr'><strong>adscribam:</strong></span> <span class='ocrx_word' id='word_1_150' title='bbox 1960 2417 2007 2506; x_wconf 78' lang='grc' dir='ltr'><strong><em>ᾧ</em></strong></span> <span class='ocrx_word' id='word_1_151' title='bbox 2048 2421 2143 2484; x_wconf 82' lang='grc' dir='ltr'><strong>καὶ</strong></span> <span class='ocrx_word' id='word_1_152' title='bbox 2171 2424 2373 2499; x_wconf 81' lang='grc' dir='ltr'>δῆλον,</span> <span class='ocrx_word' id='word_1_153' title='bbox 2406 2420 2496 2482; x_wconf 83' lang='grc' dir='ltr'>ὅτι</span> <span class='ocrx_word' id='word_1_154' title='bbox 2522 2423 2644 2482; x_wconf 78' lang='grc' dir='ltr'><strong>πᾶν</strong></span> <span class='ocrx_word' id='word_1_155' title='bbox 2670 2417 2739 2482; x_wconf 85' lang='grc' dir='ltr'>τὸ</span> 
     </span>
     <span class='ocr_line' id='line_1_20' title="bbox 1052 2521 2742 2606; baseline -0.004 -16"><span class='ocrx_word' id='word_1_156' title='bbox 1052 2525 1231 2590; x_wconf 87' lang='grc' dir='ltr'>κακὸν</span> <span class='ocrx_word' id='word_1_157' title='bbox 1262 2527 1408 2589; x_wconf 74' lang='grc' dir='ltr'>κατὰ</span> <span class='ocrx_word' id='word_1_158' title='bbox 1444 2524 1892 2606; x_wconf 82' lang='grc' dir='ltr'>προυπόστασίν</span> <span class='ocrx_word' id='word_1_159' title='bbox 1931 2525 2080 2596; x_wconf 78' lang='grc' dir='ltr'>ἐστι,</span> <span class='ocrx_word' id='word_1_160' title='bbox 2123 2522 2220 2586; x_wconf 81' lang='grc' dir='ltr'><strong>καὶ</strong></span> <span class='ocrx_word' id='word_1_161' title='bbox 2262 2526 2433 2585; x_wconf 85' lang='grc' dir='ltr'>τοῦτο</span> <span class='ocrx_word' id='word_1_162' title='bbox 2478 2522 2542 2585; x_wconf 73' lang='grc' dir='ltr'><strong>δὲ</strong></span> <span class='ocrx_word' id='word_1_163' title='bbox 2587 2521 2742 2600; x_wconf 81' lang='grc' dir='ltr'>ὅμως</span> 
     </span>
     <span class='ocr_line' id='line_1_21' title="bbox 1047 2623 2742 2710; baseline -0.003 -18"><span class='ocrx_word' id='word_1_164' title='bbox 1047 2629 1161 2693; x_wconf 76' lang='grc' dir='ltr'><strong>ὑπὸ</strong></span> <span class='ocrx_word' id='word_1_165' title='bbox 1182 2631 1288 2692; x_wconf 89' lang='grc' dir='ltr'>τοῦ</span> <span class='ocrx_word' id='word_1_166' title='bbox 1303 2629 1533 2710; x_wconf 78' lang='grc' dir='ltr'>ἀγαθοῦ</span> <span class='ocrx_word' id='word_1_167' title='bbox 1551 2627 1968 2709; x_wconf 80' lang='grc' dir='ltr'>χρωννύμενον</span> <span class='ocrx_word' id='word_1_168' title='bbox 1984 2623 2339 2707; x_wconf 73' lang='grc' dir='ltr'>ὑφέστηκεν,</span> <span class='ocrx_word' id='word_1_169' title='bbox 2367 2624 2524 2687; x_wconf 81' lang='grc' dir='ltr'>ὥστε</span> <span class='ocrx_word' id='word_1_170' title='bbox 2544 2623 2742 2688; x_wconf 87' lang='grc' dir='ltr'>πάντα</span> 
     </span>
     <span class='ocr_line' id='line_1_22' title="bbox 1050 2726 2741 2812; baseline -0.002 -19"><span class='ocrx_word' id='word_1_171' title='bbox 1050 2730 1249 2812; x_wconf 78' lang='grc' dir='ltr'>ἀγαθὰ</span> <span class='ocrx_word' id='word_1_172' title='bbox 1280 2732 1376 2793; x_wconf 73' lang='grc' dir='ltr'><strong>διὰ</strong></span> <span class='ocrx_word' id='word_1_173' title='bbox 1415 2727 1523 2806; x_wconf 78' lang='grc' dir='ltr'><strong>τὴν</strong></span> <span class='ocrx_word' id='word_1_174' title='bbox 1552 2732 1659 2792; x_wconf 86' lang='grc' dir='ltr'>τοῦ</span> <span class='ocrx_word' id='word_1_175' title='bbox 1685 2731 1825 2792; x_wconf 91' lang='grc' dir='ltr'>θεοῦ</span> <span class='ocrx_word' id='word_1_176' title='bbox 1848 2729 2168 2808; x_wconf 84' lang='grc' dir='ltr'>βούλησιν,</span> <span class='ocrx_word' id='word_1_177' title='bbox 2200 2727 2293 2791; x_wconf 82' lang='grc' dir='ltr'><strong>καὶ</strong></span> <span class='ocrx_word' id='word_1_178' title='bbox 2323 2728 2495 2791; x_wconf 76' lang='grc' dir='ltr'>οὐδὲν</span> <span class='ocrx_word' id='word_1_179' title='bbox 2523 2726 2741 2808; x_wconf 80' lang='grc' dir='ltr'>ἔρημον</span> 
     </span>
     <span class='ocr_line' id='line_1_23' title="bbox 1055 2828 2741 2912; baseline -0.001 -18"><span class='ocrx_word' id='word_1_180' title='bbox 1055 2831 1284 2912; x_wconf 87' lang='grc' dir='ltr'>ἀγαθοῦ</span> <span class='ocrx_word' id='word_1_181' title='bbox 1329 2834 1476 2894; x_wconf 71' lang='grc' dir='ltr'>κατὰ</span> <span class='ocrx_word' id='word_1_182' title='bbox 1511 2832 1775 2910; x_wconf 76' lang='grc' dir='ltr'>δύναμιν,</span> <span class='ocrx_word' id='word_1_183' title='bbox 1811 2831 1864 2894; x_wconf 80' lang='grc' dir='ltr'>εί</span> <span class='ocrx_word' id='word_1_184' title='bbox 1907 2830 2001 2894; x_wconf 83' lang='grc' dir='ltr'><strong>καὶ</strong></span> <span class='ocrx_word' id='word_1_185' title='bbox 2044 2832 2319 2895; x_wconf 79' lang='grc' dir='ltr'>ὁπωσοῦν</span> <span class='ocrx_word' id='word_1_186' title='bbox 2363 2831 2493 2893; x_wconf 77' lang='grc' dir='ltr'>ἐστι</span> <span class='ocrx_word' id='word_1_187' title='bbox 2527 2828 2597 2893; x_wconf 85' lang='grc' dir='ltr'>τὸ</span> <span class='ocrx_word' id='word_1_188' title='bbox 2642 2855 2741 2894; x_wconf 88' lang='grc' dir='ltr'><strong>κα-</strong></span> 
     </span>
     <span class='ocr_line' id='line_1_24' title="bbox 1053 2931 2739 3014; baseline -0.001 -17"><span class='ocrx_word' id='word_1_189' title='bbox 1053 2934 1176 2997; x_wconf 89' lang='grc' dir='ltr'>κόν.</span> <span class='ocrx_word' id='word_1_190' title='bbox 1265 2933 1359 2997; x_wconf 79' lang='grc' dir='ltr'><strong>Οὔ</strong></span> <span class='ocrx_word' id='word_1_191' title='bbox 1404 2935 1520 3014; x_wconf 73' lang='grc' dir='ltr'><strong>γὰρ</strong></span> <span class='ocrx_word' id='word_1_192' title='bbox 1563 2932 1658 3011; x_wconf 80' lang='grc' dir='ltr'>ἦν,</span> <span class='ocrx_word' id='word_1_193' title='bbox 1705 2931 2001 3014; x_wconf 81' lang='grc' dir='ltr'>γενέσεως</span> <span class='ocrx_word' id='word_1_194' title='bbox 2045 2932 2243 3012; x_wconf 80' lang='grc' dir='ltr'>οὔσης,</span> <span class='ocrx_word' id='word_1_195' title='bbox 2290 2931 2371 3012; x_wconf 73' lang='grc' dir='ltr'>μὴ</span> <span class='ocrx_word' id='word_1_196' title='bbox 2423 2932 2518 2995; x_wconf 83' lang='grc' dir='ltr'><strong>καὶ</strong></span> <span class='ocrx_word' id='word_1_197' title='bbox 2568 2935 2739 2996; x_wconf 88' lang='grc' dir='ltr'>τοῦτο</span> 
     </span>
     <span class='ocr_line' id='line_1_25' title="bbox 1050 3031 2742 3118; baseline -0.001 -19"><span class='ocrx_word' id='word_1_198' title='bbox 1050 3033 1511 3118; x_wconf 80' lang='grc' dir='ltr'>παρυφιστάναι,</span> <span class='ocrx_word' id='word_1_199' title='bbox 1569 3035 1895 3116; x_wconf 75' lang='grc' dir='ltr'>ἀναγκαῖον</span> <span class='ocrx_word' id='word_1_200' title='bbox 1941 3031 2012 3097; x_wconf 85' lang='grc' dir='ltr'>ὃν</span> <span class='ocrx_word' id='word_1_201' title='bbox 2056 3033 2202 3116; x_wconf 82' lang='grc' dir='ltr'>πρὸς</span> <span class='ocrx_word' id='word_1_202' title='bbox 2245 3033 2353 3113; x_wconf 70' lang='grc' dir='ltr'>τὴν</span> <span class='ocrx_word' id='word_1_203' title='bbox 2397 3036 2742 3114; x_wconf 75' lang='grc' dir='ltr'>τελειότητα</span> 
     </span>
     <span class='ocr_line' id='line_1_26' title="bbox 1051 3134 2736 3203; baseline -0.001 -3"><span class='ocrx_word' id='word_1_204' title='bbox 1051 3143 1169 3203; x_wconf 75' lang='grc' dir='ltr'><strong>τῶν</strong></span> <span class='ocrx_word' id='word_1_205' title='bbox 1197 3138 1377 3202; x_wconf 81' lang='grc' dir='ltr'>ὅλων.</span> <span class='ocrx_word' id='word_1_206' title='bbox 1454 3134 1599 3200; x_wconf 86' lang='lat' dir='ltr'><strong>vid.</strong></span> <span class='ocrx_word' id='word_1_207' title='bbox 1628 3134 1939 3199; x_wconf 90' lang='lat' dir='ltr'><strong>Holstenii</strong></span> <span class='ocrx_word' id='word_1_208' title='bbox 1963 3150 2026 3200; x_wconf 92' lang='lat' dir='ltr'><strong>et</strong></span> <span class='ocrx_word' id='word_1_209' title='bbox 2055 3134 2270 3200; x_wconf 89' lang='lat' dir='ltr'><strong>Orellii</strong></span> <span class='ocrx_word' id='word_1_210' title='bbox 2301 3149 2478 3201; x_wconf 89' lang='lat' dir='ltr'><strong>notas</strong></span> <span class='ocrx_word' id='word_1_211' title='bbox 2504 3135 2571 3200; x_wconf 91' lang='lat' dir='ltr'><strong>in</strong></span> <span class='ocrx_word' id='word_1_212' title='bbox 2604 3135 2736 3200; x_wconf 90' lang='lat' dir='ltr'><strong>Sal-</strong></span> 
     </span>
     <span class='ocr_line' id='line_1_27' title="bbox 1051 3236 2567 3328; baseline 0 -24"><span class='ocrx_word' id='word_1_213' title='bbox 1051 3238 1196 3305; x_wconf 82' lang='lat' dir='ltr'><strong>lust.</strong></span> <span class='ocrx_word' id='word_1_214' title='bbox 1230 3238 1270 3303; x_wconf 93' lang='lat' dir='ltr'><strong>l.</strong></span> <span class='ocrx_word' id='word_1_215' title='bbox 1297 3239 1339 3304; x_wconf 92' lang='lat' dir='ltr'><strong>l.</strong></span> <span class='ocrx_word' id='word_1_216' title='bbox 1370 3260 1435 3328; x_wconf 91' lang='lat' dir='ltr'><strong>p.</strong></span> <span class='ocrx_word' id='word_1_217' title='bbox 1466 3257 1821 3325; x_wconf 85' lang='lat'><strong>152—154.</strong></span> <span class='ocrx_word' id='word_1_218' title='bbox 1840 3236 1942 3303; x_wconf 90' lang='lat' dir='ltr'><strong>ed.</strong></span> <span class='ocrx_word' id='word_1_219' title='bbox 1970 3239 2074 3302; x_wconf 85' lang='lat' dir='ltr'><strong>Jo.</strong></span> <span class='ocrx_word' id='word_1_220' title='bbox 2108 3239 2297 3303; x_wconf 88' lang='lat' dir='ltr'><strong>Conr.</strong></span> <span class='ocrx_word' id='word_1_221' title='bbox 2329 3236 2567 3304; x_wconf 90' lang='lat' dir='ltr'><strong>Orellii.</strong></span> 
     </span>
    </p>

    <p class='ocr_par' dir='ltr' id='par_1_6' title="bbox 1052 3340 2744 3718">
     <span class='ocr_line' id='line_1_28' title="bbox 1136 3340 2739 3431; baseline 0 -24"><span class='ocrx_word' id='word_1_222' title='bbox 1136 3366 1201 3431; x_wconf 89' lang='lat' dir='ltr'><strong>p.</strong></span> <span class='ocrx_word' id='word_1_223' title='bbox 1231 3345 1380 3425; x_wconf 85' lang='grc'>461,</span> <span class='ocrx_word' id='word_1_224' title='bbox 1418 3363 1520 3429; x_wconf 89' lang='grc'><strong>15.</strong></span> <span class='ocrx_word' id='word_1_225' title='bbox 1565 3345 1768 3407; x_wconf 77' lang='grc' dir='ltr'>πολλᾶ</span> <span class='ocrx_word' id='word_1_226' title='bbox 1794 3343 1861 3407; x_wconf 72' lang='grc' dir='ltr'><strong>δὲ</strong></span> <span class='ocrx_word' id='word_1_227' title='bbox 1886 3340 1982 3407; x_wconf 80' lang='grc' dir='ltr'><strong>ὑπ’</strong></span> <span class='ocrx_word' id='word_1_228' title='bbox 2015 3343 2221 3406; x_wconf 79' lang='grc' dir='ltr'>ἄλλων</span> <span class='ocrx_word' id='word_1_229' title='bbox 2247 3341 2473 3426; x_wconf 77' lang='grc' dir='ltr'>πάσχει</span> <span class='ocrx_word' id='word_1_230' title='bbox 2494 3369 2547 3406; x_wconf 86' lang='grc' dir='ltr'>κ.</span> <span class='ocrx_word' id='word_1_231' title='bbox 2569 3367 2622 3407; x_wconf 85' lang='grc' dir='ltr'><strong>τ.</strong></span> <span class='ocrx_word' id='word_1_232' title='bbox 2643 3343 2739 3431; x_wconf 88' lang='grc' dir='ltr'>λ.]</span> 
     </span>
     <span class='ocr_line' id='line_1_29' title="bbox 1056 3445 2739 3533; baseline -0.002 -21"><span class='ocrx_word' id='word_1_233' title='bbox 1056 3447 1270 3512; x_wconf 83' lang='lat' dir='ltr'><strong>Habet</strong></span> <span class='ocrx_word' id='word_1_234' title='bbox 1301 3445 1683 3512; x_wconf 87' lang='lat' dir='ltr'><strong>Theodoret.</strong></span> <span class='ocrx_word' id='word_1_235' title='bbox 1706 3445 2093 3533; x_wconf 87' lang='lat' dir='ltr'><strong>Therapeut.</strong></span> <span class='ocrx_word' id='word_1_236' title='bbox 2119 3446 2241 3509; x_wconf 93' lang='lat' dir='ltr'><strong>VI.</strong></span> <span class='ocrx_word' id='word_1_237' title='bbox 2261 3468 2324 3532; x_wconf 87' lang='lat' dir='ltr'><strong>p.</strong></span> <span class='ocrx_word' id='word_1_238' title='bbox 2347 3446 2493 3528; x_wconf 88' lang='lat'><strong>871.</strong></span> <span class='ocrx_word' id='word_1_239' title='bbox 2515 3468 2608 3532; x_wconf 90' lang='lat' dir='ltr'><strong>sq.</strong></span> <span class='ocrx_word' id='word_1_240' title='bbox 2635 3467 2739 3509; x_wconf 83' lang='lat' dir='ltr'><strong>us·</strong></span> 
     </span>
     <span class='ocr_line' id='line_1_30' title="bbox 1052 3547 2744 3638; baseline 0 -23"><span class='ocrx_word' id='word_1_241' title='bbox 1052 3573 1178 3638; x_wconf 88' lang='lat' dir='ltr'><strong>que</strong></span> <span class='ocrx_word' id='word_1_242' title='bbox 1214 3548 1297 3614; x_wconf 85' lang='lat' dir='ltr'><strong>ad</strong></span> <span class='ocrx_word' id='word_1_243' title='bbox 1337 3549 1530 3614; x_wconf 83' lang='lat' dir='ltr'><strong>verba</strong></span> <span class='ocrx_word' id='word_1_244' title='bbox 1569 3572 1698 3636; x_wconf 90' lang='lat' dir='ltr'><strong>seq.</strong></span> <span class='ocrx_word' id='word_1_245' title='bbox 1744 3547 1996 3637; x_wconf 83' lang='lat' dir='ltr'><strong>capitis:</strong></span> <span class='ocrx_word' id='word_1_246' title='bbox 2047 3551 2130 3618; x_wconf 77' lang='grc' dir='ltr'>εἰς</span> <span class='ocrx_word' id='word_1_247' title='bbox 2171 3547 2596 3632; x_wconf 77' lang='grc' dir='ltr'>συμπλήρωσιν</span> <span class='ocrx_word' id='word_1_248' title='bbox 2637 3553 2744 3615; x_wconf 85' lang='grc' dir='ltr'>τοῦ</span> 
     </span>
     <span class='ocr_line' id='line_1_31' title="bbox 1052 3655 1218 3718; baseline 0.006 -1"><span class='ocrx_word' id='word_1_249' title='bbox 1052 3655 1218 3718; x_wconf 81' lang='grc' dir='ltr'>ὅλου.</span> 
     </span>
    </p>

    <p class='ocr_par' dir='ltr' id='par_1_7' title="bbox 1054 3756 2743 4148">
     <span class='ocr_line' id='line_1_32' title="bbox 1138 3756 2743 3844; baseline -0.001 -23"><span class='ocrx_word' id='word_1_250' title='bbox 1138 3778 1203 3844; x_wconf 93' lang='lat' dir='ltr'><strong>p.</strong></span> <span class='ocrx_word' id='word_1_251' title='bbox 1230 3758 1383 3836; x_wconf 86' lang='lat'><strong>462,</strong></span> <span class='ocrx_word' id='word_1_252' title='bbox 1423 3774 1522 3840; x_wconf 82' lang='lat'><strong>15.</strong></span> <span class='ocrx_word' id='word_1_253' title='bbox 1569 3756 1786 3820; x_wconf 85' lang='grc' dir='ltr'>Πενίαι</span> <span class='ocrx_word' id='word_1_254' title='bbox 1828 3757 1893 3820; x_wconf 73' lang='grc' dir='ltr'><strong>δὲ</strong></span> <span class='ocrx_word' id='word_1_255' title='bbox 1938 3756 2033 3820; x_wconf 81' lang='grc' dir='ltr'><strong>καὶ</strong></span> <span class='ocrx_word' id='word_1_256' title='bbox 2080 3756 2252 3820; x_wconf 91' lang='grc' dir='ltr'>νόσοι</span> <span class='ocrx_word' id='word_1_257' title='bbox 2293 3760 2416 3823; x_wconf 82' lang='grc' dir='ltr'>τοῖς</span> <span class='ocrx_word' id='word_1_258' title='bbox 2450 3756 2564 3835; x_wconf 76' lang='grc' dir='ltr'><strong>μὲν</strong></span> <span class='ocrx_word' id='word_1_259' title='bbox 2596 3756 2743 3838; x_wconf 61' lang='grc' dir='ltr'>ἀγαρ</span> 
     </span>
     <span class='ocr_line' id='line_1_33' title="bbox 1054 3855 2740 3945; baseline -0.001 -23"><span class='ocrx_word' id='word_1_260' title='bbox 1054 3863 1178 3925; x_wconf 82' lang='grc' dir='ltr'><strong>θοῖς</strong></span> <span class='ocrx_word' id='word_1_261' title='bbox 1205 3856 1430 3945; x_wconf 48' lang='grc' dir='ltr'>οὔδει]</span> <span class='ocrx_word' id='word_1_262' title='bbox 1482 3857 1642 3922; x_wconf 89' lang='lat' dir='ltr'><strong>Haec</strong></span> <span class='ocrx_word' id='word_1_263' title='bbox 1677 3870 1743 3920; x_wconf 88' lang='lat' dir='ltr'><strong>et</strong></span> <span class='ocrx_word' id='word_1_264' title='bbox 1784 3856 2126 3943; x_wconf 87' lang='lat' dir='ltr'><strong>sequentia,</strong></span> <span class='ocrx_word' id='word_1_265' title='bbox 2157 3855 2239 3921; x_wconf 90' lang='lat' dir='ltr'><strong>ad</strong></span> <span class='ocrx_word' id='word_1_266' title='bbox 2282 3871 2550 3922; x_wconf 85' lang='lat' dir='ltr'><strong>mentem</strong></span> <span class='ocrx_word' id='word_1_267' title='bbox 2591 3855 2740 3921; x_wconf 87' lang='lat' dir='ltr'><strong>Pla-</strong></span> 
     </span>
     <span class='ocr_line' id='line_1_34' title="bbox 1056 3956 2739 4046; baseline 0 -23"><span class='ocrx_word' id='word_1_268' title='bbox 1056 3957 1217 4023; x_wconf 84' lang='lat' dir='ltr'><strong>tonis</strong></span> <span class='ocrx_word' id='word_1_269' title='bbox 1244 3957 1323 4021; x_wconf 93' lang='lat' dir='ltr'><strong>de</strong></span> <span class='ocrx_word' id='word_1_270' title='bbox 1353 3956 1704 4045; x_wconf 84' lang='lat' dir='ltr'><strong>Republica</strong></span> <span class='ocrx_word' id='word_1_271' title='bbox 1730 3957 2069 4045; x_wconf 88' lang='lat' dir='ltr'><strong>disputata,</strong></span> <span class='ocrx_word' id='word_1_272' title='bbox 2100 3958 2437 4024; x_wconf 90' lang='lat' dir='ltr'><strong>admonent</strong></span> <span class='ocrx_word' id='word_1_273' title='bbox 2480 3958 2739 4046; x_wconf 87' lang='lat' dir='ltr'><strong>Theog-</strong></span> 
     </span>
     <span class='ocr_line' id='line_1_35' title="bbox 1055 4061 2288 4148; baseline 0.001 -22"><span class='ocrx_word' id='word_1_274' title='bbox 1055 4061 1219 4126; x_wconf 83' lang='lat' dir='ltr'><strong>nidis</strong></span> <span class='ocrx_word' id='word_1_275' title='bbox 1250 4063 1482 4127; x_wconf 89' lang='lat' dir='ltr'><strong>Gnom.</strong></span> <span class='ocrx_word' id='word_1_276' title='bbox 1512 4084 1601 4125; x_wconf 83' lang='lat' dir='ltr'><strong>vs.</strong></span> <span class='ocrx_word' id='word_1_277' title='bbox 1630 4063 1760 4147; x_wconf 85' lang='lat'><strong>526</strong></span> <span class='ocrx_word' id='word_1_278' title='bbox 1796 4063 1948 4148; x_wconf 85' lang='grc'>(518</span> <span class='ocrx_word' id='word_1_279' title='bbox 1981 4061 2288 4148; x_wconf 85' lang='lat' dir='ltr'><strong>Brunck.)</strong></span> 
     </span>
    </p>

    <p class='ocr_par' dir='ltr' id='par_1_8' title="bbox 1057 4165 2750 5274">
     <span class='ocr_line' id='line_1_36' title="bbox 1324 4165 2472 4243; baseline 0.003 -22"><span class='ocrx_word' id='word_1_280' title='bbox 1324 4167 1355 4237; x_wconf 85' lang='grc' dir='ltr'><em>ἦ</em></span> <span class='ocrx_word' id='word_1_281' title='bbox 1381 4167 1527 4236; x_wconf 78' lang='grc' dir='ltr'>πενίη</span> <span class='ocrx_word' id='word_1_282' title='bbox 1555 4167 1612 4222; x_wconf 75' lang='grc' dir='ltr'><strong>δὲ</strong></span> <span class='ocrx_word' id='word_1_283' title='bbox 1640 4171 1774 4242; x_wconf 68' lang='grc' dir='ltr'>κακῷ</span> <span class='ocrx_word' id='word_1_284' title='bbox 1801 4165 2080 4241; x_wconf 70' lang='grc' dir='ltr'>σύμφορος</span> <span class='ocrx_word' id='word_1_285' title='bbox 2104 4169 2250 4243; x_wconf 79' lang='grc' dir='ltr'>ἀνδρὶ</span> <span class='ocrx_word' id='word_1_286' title='bbox 2274 4171 2472 4243; x_wconf 73' lang='grc' dir='ltr'>φέρειν.</span> 
     </span>
     <span class='ocr_line' id='line_1_37' title="bbox 1058 4259 2745 4330; baseline 0.002 -4"><span class='ocrx_word' id='word_1_287' title='bbox 1058 4263 1353 4326; x_wconf 87' lang='lat' dir='ltr'><strong>Ceterum</strong></span> <span class='ocrx_word' id='word_1_288' title='bbox 1402 4259 1484 4325; x_wconf 86' lang='lat' dir='ltr'><strong>ad</strong></span> <span class='ocrx_word' id='word_1_289' title='bbox 1526 4259 1697 4325; x_wconf 90' lang='lat' dir='ltr'><strong>hunc</strong></span> <span class='ocrx_word' id='word_1_290' title='bbox 1735 4259 1968 4326; x_wconf 91' lang='lat' dir='ltr'><strong>Plotini</strong></span> <span class='ocrx_word' id='word_1_291' title='bbox 2011 4262 2204 4328; x_wconf 81' lang='lat' dir='ltr'><strong>nostri</strong></span> <span class='ocrx_word' id='word_1_292' title='bbox 2246 4263 2446 4329; x_wconf 90' lang='lat' dir='ltr'><strong>locum</strong></span> <span class='ocrx_word' id='word_1_293' title='bbox 2478 4265 2745 4330; x_wconf 70' lang='lat' dir='ltr'><strong>Proclua</strong></span> 
     </span>
     <span class='ocr_line' id='line_1_38' title="bbox 1057 4363 2741 4432; baseline 0.002 -4"><span class='ocrx_word' id='word_1_294' title='bbox 1057 4365 1131 4428; x_wconf 74' lang='lat' dir='ltr'><strong>in</strong></span> <span class='ocrx_word' id='word_1_295' title='bbox 1156 4364 1293 4428; x_wconf 74' lang='lat' dir='ltr'><strong>suis</strong></span> <span class='ocrx_word' id='word_1_296' title='bbox 1336 4365 1796 4428; x_wconf 61' lang='lat' dir='ltr'><strong>commentariis</strong></span> <span class='ocrx_word' id='word_1_297' title='bbox 1832 4365 1905 4428; x_wconf 71' lang='lat' dir='ltr'><strong>in</strong></span> <span class='ocrx_word' id='word_1_298' title='bbox 1942 4363 2058 4429; x_wconf 74' lang='grc' dir='ltr'><strong>Ῐιω</strong></span> <span class='ocrx_word' id='word_1_299' title='bbox 2092 4365 2441 4432; x_wconf 74' lang='grc' dir='ltr'>Εππεαάαε</span> <span class='ocrx_word' id='word_1_300' title='bbox 2480 4366 2741 4432; x_wconf 89' lang='lat' dir='ltr'><strong>mentio·</strong></span> 
     </span>
     <span class='ocr_line' id='line_1_39' title="bbox 1059 4464 2746 4554; baseline 0.002 -24"><span class='ocrx_word' id='word_1_301' title='bbox 1059 4487 1201 4530; x_wconf 88' lang='lat' dir='ltr'><strong>nem</strong></span> <span class='ocrx_word' id='word_1_302' title='bbox 1250 4464 1479 4530; x_wconf 79' lang='lat' dir='ltr'><strong>fecerat</strong></span> <span class='ocrx_word' id='word_1_303' title='bbox 1540 4464 1809 4554; x_wconf 87' lang='lat' dir='ltr'><strong>Epicteti</strong></span> <span class='ocrx_word' id='word_1_304' title='bbox 1865 4465 2050 4531; x_wconf 87' lang='lat' dir='ltr'><strong>illius.</strong></span> <span class='ocrx_word' id='word_1_305' title='bbox 2142 4467 2269 4532; x_wconf 88' lang='lat' dir='ltr'><strong>Hic</strong></span> <span class='ocrx_word' id='word_1_306' title='bbox 2317 4467 2479 4533; x_wconf 87' lang='lat' dir='ltr'><strong>enim</strong></span> <span class='ocrx_word' id='word_1_307' title='bbox 2530 4491 2746 4533; x_wconf 87' lang='lat' dir='ltr'><strong>servus</strong></span> 
     </span>
     <span class='ocr_line' id='line_1_40' title="bbox 1059 4567 2745 4656; baseline 0.002 -23"><span class='ocrx_word' id='word_1_308' title='bbox 1059 4567 1479 4656; x_wconf 82' lang='lat' dir='ltr'><strong>Epaphroditi</strong></span> <span class='ocrx_word' id='word_1_309' title='bbox 1506 4567 1617 4655; x_wconf 92' lang='lat' dir='ltr'><strong>qui</strong></span> <span class='ocrx_word' id='word_1_310' title='bbox 1641 4568 1909 4633; x_wconf 89' lang='lat' dir='ltr'><strong>Neronis</strong></span> <span class='ocrx_word' id='word_1_311' title='bbox 1927 4568 1990 4633; x_wconf 90' lang='lat' dir='ltr'><strong>in</strong></span> <span class='ocrx_word' id='word_1_312' title='bbox 2014 4569 2247 4635; x_wconf 89' lang='lat' dir='ltr'><strong>intimis</strong></span> <span class='ocrx_word' id='word_1_313' title='bbox 2268 4570 2554 4654; x_wconf 86' lang='lat' dir='ltr'><strong>(Arriani</strong></span> <span class='ocrx_word' id='word_1_314' title='bbox 2583 4571 2745 4636; x_wconf 90' lang='lat' dir='ltr'><strong>Diss.</strong></span> 
     </span>
     <span class='ocr_line' id='line_1_41' title="bbox 1062 4670 2741 4761; baseline 0.002 -25"><span class='ocrx_word' id='word_1_315' title='bbox 1062 4670 1365 4758; x_wconf 90' lang='lat' dir='ltr'><strong>Epictett.</strong></span> <span class='ocrx_word' id='word_1_316' title='bbox 1414 4671 1470 4736; x_wconf 94' lang='lat'><strong>1.</strong></span> <span class='ocrx_word' id='word_1_317' title='bbox 1515 4692 1572 4735; x_wconf 92' lang='lat'><strong>1.</strong></span> <span class='ocrx_word' id='word_1_318' title='bbox 1651 4670 1876 4737; x_wconf 91' lang='lat' dir='ltr'><strong>Suidas</strong></span> <span class='ocrx_word' id='word_1_319' title='bbox 1922 4674 1978 4737; x_wconf 92' lang='grc' dir='ltr'>Ι.</span> <span class='ocrx_word' id='word_1_320' title='bbox 2023 4696 2091 4761; x_wconf 93' lang='lat' dir='ltr'><strong>p.</strong></span> <span class='ocrx_word' id='word_1_321' title='bbox 2125 4674 2270 4757; x_wconf 87' lang='lat'><strong>817.</strong></span> <span class='ocrx_word' id='word_1_322' title='bbox 2329 4675 2522 4741; x_wconf 85' lang='lat' dir='ltr'><strong>Kust.</strong></span> <span class='ocrx_word' id='word_1_323' title='bbox 2568 4676 2741 4739; x_wconf 84' lang='lat' dir='ltr'><strong>Just.</strong></span> 
     </span>
     <span class='ocr_line' id='line_1_42' title="bbox 1064 4772 2748 4864; baseline 0.002 -25"><span class='ocrx_word' id='word_1_324' title='bbox 1064 4773 1238 4861; x_wconf 82' lang='lat' dir='ltr'><strong>Lips.</strong></span> <span class='ocrx_word' id='word_1_325' title='bbox 1268 4772 1346 4837; x_wconf 90' lang='lat' dir='ltr'><strong>ad</strong></span> <span class='ocrx_word' id='word_1_326' title='bbox 1380 4772 1585 4838; x_wconf 82' lang='lat' dir='ltr'><strong>Tacit.</strong></span> <span class='ocrx_word' id='word_1_327' title='bbox 1621 4774 1788 4838; x_wconf 89' lang='lat' dir='ltr'><strong>Ann.</strong></span> <span class='ocrx_word' id='word_1_328' title='bbox 1823 4776 1970 4839; x_wconf 88' lang='lat' dir='ltr'><strong>XV.</strong></span> <span class='ocrx_word' id='word_1_329' title='bbox 2000 4792 2105 4862; x_wconf 83' lang='lat'><strong>55.</strong></span> <span class='ocrx_word' id='word_1_330' title='bbox 2135 4789 2199 4841; x_wconf 90' lang='lat' dir='ltr'><strong>et</strong></span> <span class='ocrx_word' id='word_1_331' title='bbox 2227 4790 2660 4864; x_wconf 86' lang='lat' dir='ltr'><strong>paupertatem</strong></span> <span class='ocrx_word' id='word_1_332' title='bbox 2683 4792 2748 4842; x_wconf 91' lang='lat' dir='ltr'><strong>et</strong></span> 
     </span>
     <span class='ocr_line' id='line_1_43' title="bbox 1060 4874 2750 4966; baseline 0.002 -25"><span class='ocrx_word' id='word_1_333' title='bbox 1060 4876 1349 4942; x_wconf 87' lang='lat' dir='ltr'><strong>morbum</strong></span> <span class='ocrx_word' id='word_1_334' title='bbox 1377 4874 1741 4964; x_wconf 86' lang='lat' dir='ltr'><strong>reliquaque</strong></span> <span class='ocrx_word' id='word_1_335' title='bbox 1761 4875 2124 4965; x_wconf 85' lang='lat' dir='ltr'><strong>pertulerat,</strong></span> <span class='ocrx_word' id='word_1_336' title='bbox 2141 4902 2286 4966; x_wconf 82' lang='lat' dir='ltr'><strong>quae</strong></span> <span class='ocrx_word' id='word_1_337' title='bbox 2306 4878 2569 4944; x_wconf 86' lang='lat' dir='ltr'><strong>servitus</strong></span> <span class='ocrx_word' id='word_1_338' title='bbox 2588 4879 2750 4944; x_wconf 89' lang='lat' dir='ltr'><strong>dura</strong></span> 
     </span>
     <span class='ocr_line' id='line_1_44' title="bbox 1059 4977 2748 5046; baseline 0.001 -1"><span class='ocrx_word' id='word_1_339' title='bbox 1059 4995 1125 5045; x_wconf 91' lang='lat' dir='ltr'><strong>et</strong></span> <span class='ocrx_word' id='word_1_340' title='bbox 1172 4977 1396 5043; x_wconf 85' lang='lat' dir='ltr'><strong>acerba</strong></span> <span class='ocrx_word' id='word_1_341' title='bbox 1450 4977 1656 5043; x_wconf 87' lang='lat' dir='ltr'><strong>habet.</strong></span> <span class='ocrx_word' id='word_1_342' title='bbox 1751 4977 2013 5044; x_wconf 89' lang='lat' dir='ltr'><strong>Illorum</strong></span> <span class='ocrx_word' id='word_1_343' title='bbox 2060 4996 2270 5045; x_wconf 89' lang='lat' dir='ltr'><strong>autem</strong></span> <span class='ocrx_word' id='word_1_344' title='bbox 2330 4981 2537 5045; x_wconf 87' lang='lat' dir='ltr'><strong>Procli</strong></span> <span class='ocrx_word' id='word_1_345' title='bbox 2582 5005 2748 5046; x_wconf 91' lang='lat' dir='ltr'><strong>com-</strong></span> 
     </span>
     <span class='ocr_line' id='line_1_45' title="bbox 1061 5079 2742 5149; baseline -0.001 0"><span class='ocrx_word' id='word_1_346' title='bbox 1061 5079 1502 5149; x_wconf 87' lang='lat' dir='ltr'><strong>mentariorum</strong></span> <span class='ocrx_word' id='word_1_347' title='bbox 1527 5079 1758 5145; x_wconf 83' lang='lat' dir='ltr'><strong>mentio</strong></span> <span class='ocrx_word' id='word_1_348' title='bbox 1775 5095 1978 5146; x_wconf 86' lang='lat' dir='ltr'><strong>exstat</strong></span> <span class='ocrx_word' id='word_1_349' title='bbox 1997 5081 2060 5146; x_wconf 91' lang='lat' dir='ltr'><strong>in</strong></span> <span class='ocrx_word' id='word_1_350' title='bbox 2078 5081 2252 5147; x_wconf 86' lang='lat' dir='ltr'><strong>libris</strong></span> <span class='ocrx_word' id='word_1_351' title='bbox 2277 5083 2522 5148; x_wconf 85' lang='lat' dir='ltr'><strong>Arriani</strong></span> <span class='ocrx_word' id='word_1_352' title='bbox 2540 5085 2742 5148; x_wconf 91' lang='lat' dir='ltr'><strong>MSS.</strong></span> 
     </span>
     <span class='ocr_line' id='line_1_46' title="bbox 1062 5181 2739 5274; baseline -0.001 -24"><span class='ocrx_word' id='word_1_353' title='bbox 1062 5202 1198 5250; x_wconf 88' lang='lat' dir='ltr'><strong>tum</strong></span> <span class='ocrx_word' id='word_1_354' title='bbox 1250 5181 1565 5261; x_wconf 87' lang='lat' dir='ltr'><strong>Parisinis,</strong></span> <span class='ocrx_word' id='word_1_355' title='bbox 1613 5193 1748 5248; x_wconf 90' lang='lat' dir='ltr'><strong>tum</strong></span> <span class='ocrx_word' id='word_1_356' title='bbox 1795 5184 2125 5250; x_wconf 85' lang='lat' dir='ltr'><strong>Vaticanis.</strong></span> <span class='ocrx_word' id='word_1_357' title='bbox 2201 5185 2345 5252; x_wconf 92' lang='lat' dir='ltr'><strong>Vid.</strong></span> <span class='ocrx_word' id='word_1_358' title='bbox 2396 5185 2739 5274; x_wconf 84' lang='lat' dir='ltr'><strong>Schweigh.</strong></span> 
     </span>
    </p>
   </div>
   <div class='ocr_carea' id='block_1_6' title="bbox 2013 498 3529 567">
    <p class='ocr_par' dir='ltr' id='par_1_9' title="bbox 2013 498 3529 567">
     <span class='ocr_line' id='line_1_47' title="bbox 2013 498 3529 567; baseline -0.001 -2"><span class='ocrx_word' id='word_1_359' title='bbox 2013 498 2840 567; x_wconf 87' lang='lat' dir='ltr'><strong>ANNOTATIONES</strong></span> <span class='ocrx_word' id='word_1_360' title='bbox 2906 498 3016 564; x_wconf 92' lang='lat' dir='ltr'><strong>IN</strong></span> <span class='ocrx_word' id='word_1_361' title='bbox 3080 500 3529 566; x_wconf 88' lang='lat' dir='ltr'><strong>PLOTINI</strong></span> 
     </span>
    </p>
   </div>
   <div class='ocr_carea' id='block_1_7' title="bbox 2815 668 4519 5276">
    <p class='ocr_par' dir='ltr' id='par_1_10' title="bbox 2815 668 4508 1686">
     <span class='ocr_line' id='line_1_48' title="bbox 2819 668 4502 756; baseline -0.001 -20"><span class='ocrx_word' id='word_1_362' title='bbox 2819 673 3163 755; x_wconf 81' lang='grc' dir='ltr'>φιλοσόφον</span> <span class='ocrx_word' id='word_1_363' title='bbox 3219 670 3500 756; x_wconf 85' lang='grc' dir='ltr'>Πρόκλου</span> <span class='ocrx_word' id='word_1_364' title='bbox 3552 676 3634 740; x_wconf 80' lang='grc' dir='ltr'>εἰς</span> <span class='ocrx_word' id='word_1_365' title='bbox 3692 677 4008 737; x_wconf 79' lang='grc' dir='ltr'>Πλωτῖνον</span> <span class='ocrx_word' id='word_1_366' title='bbox 4054 668 4502 751; x_wconf 77' lang='grc' dir='ltr'>ὑπομνημάτων·</span> 
     </span>
     <span class='ocr_line' id='line_1_49' title="bbox 2819 769 4502 860; baseline -0.002 -22"><span class='ocrx_word' id='word_1_367' title='bbox 2819 779 3054 843; x_wconf 79' lang='grc' dir='ltr'>Δοῦλος</span> <span class='ocrx_word' id='word_1_368' title='bbox 3077 773 3424 856; x_wconf 80' lang='grc' dir='ltr'>Ἐπίκτητος</span> <span class='ocrx_word' id='word_1_369' title='bbox 3458 772 3718 858; x_wconf 83' lang='grc' dir='ltr'>γενόμην</span> <span class='ocrx_word' id='word_1_370' title='bbox 3745 801 3795 838; x_wconf 92' lang='grc' dir='ltr'>κ.</span> <span class='ocrx_word' id='word_1_371' title='bbox 3819 799 3874 837; x_wconf 88' lang='grc' dir='ltr'><strong>τ.</strong></span> <span class='ocrx_word' id='word_1_372' title='bbox 3897 781 3963 837; x_wconf 88' lang='grc' dir='ltr'><strong>λ.</strong></span> <span class='ocrx_word' id='word_1_373' title='bbox 4041 771 4341 859; x_wconf 88' lang='lat' dir='ltr'><strong>Sequitur</strong></span> <span class='ocrx_word' id='word_1_374' title='bbox 4367 769 4502 860; x_wconf 85' lang='lat' dir='ltr'><strong>epi-</strong></span> 
     </span>
     <span class='ocr_line' id='line_1_50' title="bbox 2815 874 4508 966; baseline -0.002 -23"><span class='ocrx_word' id='word_1_375' title='bbox 2815 901 3119 965; x_wconf 81' lang='lat' dir='ltr'><strong>gramma,</strong></span> <span class='ocrx_word' id='word_1_376' title='bbox 3138 877 3311 965; x_wconf 90' lang='lat' dir='ltr'><strong>quod</strong></span> <span class='ocrx_word' id='word_1_377' title='bbox 3341 877 3524 943; x_wconf 92' lang='lat' dir='ltr'><strong>hodie</strong></span> <span class='ocrx_word' id='word_1_378' title='bbox 3544 877 3775 966; x_wconf 83' lang='lat' dir='ltr'><strong>legitur</strong></span> <span class='ocrx_word' id='word_1_379' title='bbox 3792 875 3854 940; x_wconf 91' lang='lat' dir='ltr'><strong>in</strong></span> <span class='ocrx_word' id='word_1_380' title='bbox 3875 874 4266 963; x_wconf 85' lang='lat' dir='ltr'><strong>Anthologia</strong></span> <span class='ocrx_word' id='word_1_381' title='bbox 4282 876 4508 940; x_wconf 80' lang='lat' dir='ltr'><strong>Graeca</strong></span> 
     </span>
     <span class='ocr_line' id='line_1_51' title="bbox 2819 976 4506 1069; baseline -0.001 -24"><span class='ocrx_word' id='word_1_382' title='bbox 2819 979 2989 1046; x_wconf 82' lang='lat' dir='ltr'><strong>edita</strong></span> <span class='ocrx_word' id='word_1_383' title='bbox 3032 981 3219 1045; x_wconf 91' lang='lat' dir='ltr'><strong>Tom.</strong></span> <span class='ocrx_word' id='word_1_384' title='bbox 3275 983 3392 1046; x_wconf 94' lang='lat' dir='ltr'><strong>IV.</strong></span> <span class='ocrx_word' id='word_1_385' title='bbox 3444 1004 3509 1069; x_wconf 90' lang='lat' dir='ltr'><strong>p.</strong></span> <span class='ocrx_word' id='word_1_386' title='bbox 3562 983 3707 1067; x_wconf 84' lang='lat'><strong>238.</strong></span> <span class='ocrx_word' id='word_1_387' title='bbox 3752 978 4331 1058; x_wconf 85' lang='lat' dir='ltr'><strong>Jacobsii.—Quod</strong></span> <span class='ocrx_word' id='word_1_388' title='bbox 4371 976 4506 1043; x_wconf 86' lang='lat' dir='ltr'><strong>reli-</strong></span> 
     </span>
     <span class='ocr_line' id='line_1_52' title="bbox 2820 1081 4506 1171; baseline -0.002 -23"><span class='ocrx_word' id='word_1_389' title='bbox 2820 1106 3016 1171; x_wconf 90' lang='lat' dir='ltr'><strong>quum</strong></span> <span class='ocrx_word' id='word_1_390' title='bbox 3042 1099 3157 1163; x_wconf 87' lang='lat' dir='ltr'><strong>est,</strong></span> <span class='ocrx_word' id='word_1_391' title='bbox 3196 1085 3662 1149; x_wconf 72' lang='lat' dir='ltr'><strong>Tiedemannm</strong></span> <span class='ocrx_word' id='word_1_392' title='bbox 3692 1082 3756 1147; x_wconf 88' lang='lat' dir='ltr'><strong>in</strong></span> <span class='ocrx_word' id='word_1_393' title='bbox 3784 1081 3983 1146; x_wconf 86' lang='lat' dir='ltr'><strong>libro:</strong></span> <span class='ocrx_word' id='word_1_394' title='bbox 4036 1083 4211 1146; x_wconf 67' lang='lat' dir='ltr'><strong>Geist</strong></span> <span class='ocrx_word' id='word_1_395' title='bbox 4239 1081 4506 1169; x_wconf 69' lang='lat' dir='ltr'><strong>derspe-</strong></span> 
     </span>
     <span class='ocr_line' id='line_1_53' title="bbox 2819 1183 4500 1275; baseline -0.003 -23"><span class='ocrx_word' id='word_1_396' title='bbox 2819 1189 3134 1252; x_wconf 71' lang='lat' dir='ltr'><strong>culativen</strong></span> <span class='ocrx_word' id='word_1_397' title='bbox 3171 1187 3589 1275; x_wconf 67' lang='lat' dir='ltr'><strong>Philosophie,</strong></span> <span class='ocrx_word' id='word_1_398' title='bbox 3622 1183 3762 1250; x_wconf 93' lang='lat' dir='ltr'><strong>Vol.</strong></span> <span class='ocrx_word' id='word_1_399' title='bbox 3803 1185 3944 1250; x_wconf 91' lang='lat'><strong>111.</strong></span> <span class='ocrx_word' id='word_1_400' title='bbox 3987 1206 4055 1271; x_wconf 92' lang='lat' dir='ltr'><strong>p.</strong></span> <span class='ocrx_word' id='word_1_401' title='bbox 4085 1202 4235 1269; x_wconf 88' lang='grc'>329.</span> <span class='ocrx_word' id='word_1_402' title='bbox 4283 1207 4381 1270; x_wconf 86' lang='lat' dir='ltr'><strong>sq.</strong></span> <span class='ocrx_word' id='word_1_403' title='bbox 4426 1206 4500 1248; x_wconf 83' lang='lat' dir='ltr'><strong>ex</strong></span> 
     </span>
     <span class='ocr_line' id='line_1_54' title="bbox 2820 1285 4502 1378; baseline -0.002 -25"><span class='ocrx_word' id='word_1_404' title='bbox 2820 1288 2918 1354; x_wconf 90' lang='lat' dir='ltr'><strong>his</strong></span> <span class='ocrx_word' id='word_1_405' title='bbox 2946 1288 3146 1354; x_wconf 88' lang='lat' dir='ltr'><strong>tribus</strong></span> <span class='ocrx_word' id='word_1_406' title='bbox 3163 1289 3472 1378; x_wconf 82' lang='lat' dir='ltr'><strong>capitibus</strong></span> <span class='ocrx_word' id='word_1_407' title='bbox 3498 1308 3561 1375; x_wconf 89' lang='lat'><strong>3.</strong></span> <span class='ocrx_word' id='word_1_408' title='bbox 3591 1310 3653 1371; x_wconf 86' lang='lat'><strong>4.</strong></span> <span class='ocrx_word' id='word_1_409' title='bbox 3683 1307 3744 1375; x_wconf 83' lang='lat'><strong>5.</strong></span> <span class='ocrx_word' id='word_1_410' title='bbox 3789 1286 4217 1353; x_wconf 82' lang='lat' dir='ltr'><strong>inconstantiae</strong></span> <span class='ocrx_word' id='word_1_411' title='bbox 4253 1285 4502 1374; x_wconf 84' lang='lat' dir='ltr'><strong>culpam</strong></span> 
     </span>
     <span class='ocr_line' id='line_1_55' title="bbox 2819 1389 4504 1477; baseline -0.001 -21"><span class='ocrx_word' id='word_1_412' title='bbox 2819 1392 2881 1456; x_wconf 89' lang='lat' dir='ltr'><strong>in</strong></span> <span class='ocrx_word' id='word_1_413' title='bbox 2933 1391 3254 1458; x_wconf 87' lang='lat' dir='ltr'><strong>Plotinum</strong></span> <span class='ocrx_word' id='word_1_414' title='bbox 3300 1407 3656 1457; x_wconf 85' lang='lat' dir='ltr'><strong>convertere</strong></span> <span class='ocrx_word' id='word_1_415' title='bbox 3708 1389 3942 1455; x_wconf 87' lang='lat' dir='ltr'><strong>studet.</strong></span> <span class='ocrx_word' id='word_1_416' title='bbox 4031 1391 4133 1456; x_wconf 87' lang='lat' dir='ltr'><strong>De</strong></span> <span class='ocrx_word' id='word_1_417' title='bbox 4187 1413 4319 1477; x_wconf 92' lang='lat' dir='ltr'><strong>quo</strong></span> <span class='ocrx_word' id='word_1_418' title='bbox 4375 1389 4504 1477; x_wconf 87' lang='lat' dir='ltr'><strong>ipse</strong></span> 
     </span>
     <span class='ocr_line' id='line_1_56' title="bbox 2820 1492 4505 1581; baseline -0.001 -22"><span class='ocrx_word' id='word_1_419' title='bbox 2820 1495 3064 1561; x_wconf 83' lang='lat' dir='ltr'><strong>viderit.</strong></span> <span class='ocrx_word' id='word_1_420' title='bbox 3157 1495 3451 1560; x_wconf 88' lang='lat' dir='ltr'><strong>Ceterum</strong></span> <span class='ocrx_word' id='word_1_421' title='bbox 3494 1493 3576 1559; x_wconf 90' lang='lat' dir='ltr'><strong>ad</strong></span> <span class='ocrx_word' id='word_1_422' title='bbox 3616 1507 4055 1581; x_wconf 78' lang='lat' dir='ltr'><strong>argumentum</strong></span> <span class='ocrx_word' id='word_1_423' title='bbox 4085 1492 4316 1558; x_wconf 85' lang='lat' dir='ltr'><strong>adhibe</strong></span> <span class='ocrx_word' id='word_1_424' title='bbox 4343 1492 4505 1557; x_wconf 86' lang='lat' dir='ltr'><strong>infra</strong></span> 
     </span>
     <span class='ocr_line' id='line_1_57' title="bbox 2823 1594 4158 1686; baseline -0.003 -23"><span class='ocrx_word' id='word_1_425' title='bbox 2823 1599 2963 1664; x_wconf 91' lang='lat'><strong>111.</strong></span> <span class='ocrx_word' id='word_1_426' title='bbox 2996 1618 3059 1685; x_wconf 84' lang='lat'><strong>3.</strong></span> <span class='ocrx_word' id='word_1_427' title='bbox 3089 1601 3189 1664; x_wconf 93' lang='lat'><strong>16.</strong></span> <span class='ocrx_word' id='word_1_428' title='bbox 3222 1599 3461 1686; x_wconf 84' lang='lat' dir='ltr'><strong>p.384.</strong></span> <span class='ocrx_word' id='word_1_429' title='bbox 3491 1621 3531 1662; x_wconf 91' lang='lat' dir='ltr'><strong>a</strong></span> <span class='ocrx_word' id='word_1_430' title='bbox 3559 1598 3792 1663; x_wconf 87' lang='lat' dir='ltr'><strong>Nostro</strong></span> <span class='ocrx_word' id='word_1_431' title='bbox 3823 1594 4158 1683; x_wconf 89' lang='lat' dir='ltr'><strong>disputata.</strong></span> 
     </span>
    </p>

    <p class='ocr_par' dir='ltr' id='par_1_11' title="bbox 2817 1698 4507 1991">
     <span class='ocr_line' id='line_1_58' title="bbox 2876 1698 4505 1789; baseline -0.001 -25"><span class='ocrx_word' id='word_1_432' title='bbox 2876 1724 2938 1789; x_wconf 88' lang='lat' dir='ltr'><strong>p.</strong></span> <span class='ocrx_word' id='word_1_433' title='bbox 2957 1703 3109 1787; x_wconf 83' lang='lat'><strong>463,</strong></span> <span class='ocrx_word' id='word_1_434' title='bbox 3129 1702 3189 1766; x_wconf 91' lang='lat'><strong>8.</strong></span> <span class='ocrx_word' id='word_1_435' title='bbox 3216 1699 3300 1765; x_wconf 80' lang='lat' dir='ltr'><strong>‘H</strong></span> <span class='ocrx_word' id='word_1_436' title='bbox 3324 1703 3389 1766; x_wconf 75' lang='grc' dir='ltr'><strong>δὲ</strong></span> <span class='ocrx_word' id='word_1_437' title='bbox 3414 1702 3611 1786; x_wconf 85' lang='grc' dir='ltr'>κακία]</span> <span class='ocrx_word' id='word_1_438' title='bbox 3640 1699 3855 1764; x_wconf 88' lang='lat' dir='ltr'><strong>Habet</strong></span> <span class='ocrx_word' id='word_1_439' title='bbox 3873 1698 4316 1764; x_wconf 90' lang='lat' dir='ltr'><strong>Theodoretus</strong></span> <span class='ocrx_word' id='word_1_440' title='bbox 4334 1698 4505 1764; x_wconf 84' lang='lat' dir='ltr'><strong>The-</strong></span> 
     </span>
     <span class='ocr_line' id='line_1_59' title="bbox 2817 1800 4507 1892; baseline 0 -24"><span class='ocrx_word' id='word_1_441' title='bbox 2817 1819 3063 1892; x_wconf 89' lang='lat' dir='ltr'><strong>rapeut.</strong></span> <span class='ocrx_word' id='word_1_442' title='bbox 3095 1804 3217 1868; x_wconf 92' lang='lat' dir='ltr'><strong>VI.</strong></span> <span class='ocrx_word' id='word_1_443' title='bbox 3250 1827 3311 1890; x_wconf 89' lang='lat' dir='ltr'><strong>p.</strong></span> <span class='ocrx_word' id='word_1_444' title='bbox 3346 1804 3490 1887; x_wconf 92' lang='grc'>872.</span> <span class='ocrx_word' id='word_1_445' title='bbox 3522 1827 3617 1891; x_wconf 90' lang='lat' dir='ltr'><strong>sq.</strong></span> <span class='ocrx_word' id='word_1_446' title='bbox 3648 1824 3848 1890; x_wconf 86' lang='lat' dir='ltr'><strong>usque</strong></span> <span class='ocrx_word' id='word_1_447' title='bbox 3884 1800 3968 1868; x_wconf 85' lang='lat' dir='ltr'><strong>ad</strong></span> <span class='ocrx_word' id='word_1_448' title='bbox 3996 1802 4187 1868; x_wconf 81' lang='lat' dir='ltr'><strong>verba</strong></span> <span class='ocrx_word' id='word_1_449' title='bbox 4225 1803 4507 1887; x_wconf 73' lang='grc' dir='ltr'>ἔλλειψιν</span> 
     </span>
     <span class='ocr_line' id='line_1_60' title="bbox 2820 1906 3437 1991; baseline 0.002 -20"><span class='ocrx_word' id='word_1_450' title='bbox 2820 1911 2926 1971; x_wconf 86' lang='grc' dir='ltr'>τοῦ</span> <span class='ocrx_word' id='word_1_451' title='bbox 2952 1909 3181 1991; x_wconf 91' lang='grc' dir='ltr'>ἀγαθοῦ</span> <span class='ocrx_word' id='word_1_452' title='bbox 3206 1906 3437 1972; x_wconf 81' lang='grc' dir='ltr'>τεθέον.</span> 
     </span>
    </p>

    <p class='ocr_par' dir='ltr' id='par_1_12' title="bbox 2822 2006 4515 3945">
     <span class='ocr_line' id='line_1_61' title="bbox 2907 2006 4510 2092; baseline -0.001 -19"><span class='ocrx_word' id='word_1_453' title='bbox 2907 2045 2995 2058; x_wconf 90' lang='grc'><strong>-</strong></span> <span class='ocrx_word' id='word_1_454' title='bbox 3029 2030 3054 2073; x_wconf 84' lang='lat'><strong>1</strong></span> <span class='ocrx_word' id='word_1_455' title='bbox 3072 2030 3125 2072; x_wconf 95' lang='lat'><strong>1.</strong></span> <span class='ocrx_word' id='word_1_456' title='bbox 3169 2011 3451 2092; x_wconf 80' lang='grc' dir='ltr'>πονηρίας</span> <span class='ocrx_word' id='word_1_457' title='bbox 3479 2007 3659 2092; x_wconf 80' lang='grc' dir='ltr'>ὁδοῖς]</span> <span class='ocrx_word' id='word_1_458' title='bbox 3712 2006 4029 2072; x_wconf 86' lang='lat' dir='ltr'><strong>Admonet</strong></span> <span class='ocrx_word' id='word_1_459' title='bbox 4070 2007 4205 2072; x_wconf 81' lang='lat' dir='ltr'><strong>haec</strong></span> <span class='ocrx_word' id='word_1_460' title='bbox 4238 2007 4510 2073; x_wconf 84' lang='lat' dir='ltr'><strong>formula</strong></span> 
     </span>
     <span class='ocr_line' id='line_1_62' title="bbox 2824 2109 4510 2197; baseline -0.001 -21"><span class='ocrx_word' id='word_1_461' title='bbox 2824 2110 3056 2177; x_wconf 86' lang='lat' dir='ltr'><strong>Psalm.</strong></span> <span class='ocrx_word' id='word_1_462' title='bbox 3088 2111 3356 2176; x_wconf 87' lang='lat' dir='ltr'><strong>CXIX.</strong></span> <span class='ocrx_word' id='word_1_463' title='bbox 3395 2130 3450 2175; x_wconf 90' lang='lat'><strong>1.</strong></span> <span class='ocrx_word' id='word_1_464' title='bbox 3484 2132 3544 2197; x_wconf 94' lang='lat'><strong>9.</strong></span> <span class='ocrx_word' id='word_1_465' title='bbox 3581 2129 3725 2175; x_wconf 90' lang='lat'><strong>101.</strong></span> <span class='ocrx_word' id='word_1_466' title='bbox 3774 2112 3840 2174; x_wconf 75' lang='grc' dir='ltr'><strong>ἐκ</strong></span> <span class='ocrx_word' id='word_1_467' title='bbox 3867 2109 4060 2192; x_wconf 83' lang='grc' dir='ltr'>πάσης</span> <span class='ocrx_word' id='word_1_468' title='bbox 4088 2113 4228 2176; x_wconf 84' lang='grc' dir='ltr'>ὁδοῦ</span> <span class='ocrx_word' id='word_1_469' title='bbox 4254 2115 4510 2193; x_wconf 77' lang='grc' dir='ltr'>πονηρᾶς</span> 
     </span>
     <span class='ocr_line' id='line_1_63' title="bbox 2825 2210 4508 2300; baseline -0.002 -21"><span class='ocrx_word' id='word_1_470' title='bbox 2825 2215 3097 2279; x_wconf 72' lang='grc' dir='ltr'>ἐκώλυσα</span> <span class='ocrx_word' id='word_1_471' title='bbox 3124 2213 3258 2281; x_wconf 81' lang='grc' dir='ltr'>τοὺς</span> <span class='ocrx_word' id='word_1_472' title='bbox 3296 2210 3480 2280; x_wconf 87' lang='grc' dir='ltr'>πόδας</span> <span class='ocrx_word' id='word_1_473' title='bbox 3510 2238 3643 2293; x_wconf 86' lang='grc' dir='ltr'>μου,</span> <span class='ocrx_word' id='word_1_474' title='bbox 3686 2226 3749 2277; x_wconf 90' lang='lat' dir='ltr'><strong>et</strong></span> <span class='ocrx_word' id='word_1_475' title='bbox 3779 2211 4048 2300; x_wconf 85' lang='lat' dir='ltr'><strong>Epistol.</strong></span> <span class='ocrx_word' id='word_1_476' title='bbox 4078 2212 4300 2277; x_wconf 81' lang='lat' dir='ltr'><strong>Jacob.</strong></span> <span class='ocrx_word' id='word_1_477' title='bbox 4334 2213 4411 2277; x_wconf 93' lang='lat' dir='ltr'><strong>V.</strong></span> <span class='ocrx_word' id='word_1_478' title='bbox 4446 2214 4508 2276; x_wconf 90' lang='lat'><strong>8.</strong></span> 
     </span>
     <span class='ocr_line' id='line_1_64' title="bbox 2827 2314 4510 2403; baseline 0 -23"><span class='ocrx_word' id='word_1_479' title='bbox 2827 2318 2893 2381; x_wconf 78' lang='grc' dir='ltr'><strong>ἐκ</strong></span> <span class='ocrx_word' id='word_1_480' title='bbox 2920 2315 3149 2396; x_wconf 84' lang='grc' dir='ltr'>πλάνης</span> <span class='ocrx_word' id='word_1_481' title='bbox 3176 2318 3316 2380; x_wconf 81' lang='grc' dir='ltr'>ὀδοῦ</span> <span class='ocrx_word' id='word_1_482' title='bbox 3351 2316 3549 2390; x_wconf 77' lang='grc' dir='ltr'>αὐτοῦ,</span> <span class='ocrx_word' id='word_1_483' title='bbox 3588 2330 3652 2380; x_wconf 92' lang='lat' dir='ltr'><strong>et</strong></span> <span class='ocrx_word' id='word_1_484' title='bbox 3687 2314 3977 2379; x_wconf 86' lang='lat' dir='ltr'><strong>similium</strong></span> <span class='ocrx_word' id='word_1_485' title='bbox 4017 2338 4131 2403; x_wconf 88' lang='lat' dir='ltr'><strong>per</strong></span> <span class='ocrx_word' id='word_1_486' title='bbox 4170 2339 4344 2380; x_wconf 86' lang='lat' dir='ltr'><strong>sacra</strong></span> <span class='ocrx_word' id='word_1_487' title='bbox 4381 2339 4510 2380; x_wconf 88' lang='lat' dir='ltr'><strong>mo-</strong></span> 
     </span>
     <span class='ocr_line' id='line_1_65' title="bbox 2824 2416 4507 2506; baseline 0 -23"><span class='ocrx_word' id='word_1_488' title='bbox 2824 2433 3137 2483; x_wconf 86' lang='lat' dir='ltr'><strong>numenta.</strong></span> <span class='ocrx_word' id='word_1_489' title='bbox 3231 2417 3355 2482; x_wconf 89' lang='lat' dir='ltr'><strong>Sed</strong></span> <span class='ocrx_word' id='word_1_490' title='bbox 3402 2440 3514 2482; x_wconf 89' lang='lat' dir='ltr'><strong>nec</strong></span> <span class='ocrx_word' id='word_1_491' title='bbox 3561 2416 3626 2481; x_wconf 89' lang='lat' dir='ltr'><strong>in</strong></span> <span class='ocrx_word' id='word_1_492' title='bbox 3672 2416 3889 2482; x_wconf 81' lang='lat' dir='ltr'><strong>ceteris</strong></span> <span class='ocrx_word' id='word_1_493' title='bbox 3946 2417 4349 2506; x_wconf 88' lang='lat' dir='ltr'><strong>scriptoribus</strong></span> <span class='ocrx_word' id='word_1_494' title='bbox 4394 2442 4507 2483; x_wconf 81' lang='lat' dir='ltr'><strong>ex-</strong></span> 
     </span>
     <span class='ocr_line' id='line_1_66' title="bbox 2822 2520 4507 2609; baseline 0 -23"><span class='ocrx_word' id='word_1_495' title='bbox 2822 2520 3031 2609; x_wconf 86' lang='lat' dir='ltr'><strong>empla</strong></span> <span class='ocrx_word' id='word_1_496' title='bbox 3073 2520 3326 2600; x_wconf 84' lang='lat' dir='ltr'><strong>desunt,</strong></span> <span class='ocrx_word' id='word_1_497' title='bbox 3372 2520 3481 2586; x_wconf 91' lang='lat' dir='ltr'><strong>ubi</strong></span> <span class='ocrx_word' id='word_1_498' title='bbox 3525 2520 3660 2589; x_wconf 80' lang='grc' dir='ltr'>ὁδὸς</span> <span class='ocrx_word' id='word_1_499' title='bbox 3715 2521 3952 2609; x_wconf 73' lang='lat' dir='ltr'><strong>agendi</strong></span> <span class='ocrx_word' id='word_1_500' title='bbox 4001 2521 4270 2601; x_wconf 83' lang='lat' dir='ltr'><strong>modum,</strong></span> <span class='ocrx_word' id='word_1_501' title='bbox 4311 2524 4507 2586; x_wconf 70' lang='lat' dir='ltr'><strong>ratio·</strong></span> 
     </span>
     <span class='ocr_line' id='line_1_67' title="bbox 2822 2624 4509 2713; baseline -0.001 -22"><span class='ocrx_word' id='word_1_502' title='bbox 2822 2647 2984 2704; x_wconf 79' lang='lat' dir='ltr'><strong>nem,</strong></span> <span class='ocrx_word' id='word_1_503' title='bbox 3033 2627 3347 2703; x_wconf 69' lang='lat' dir='ltr'><strong>instituta,</strong></span> <span class='ocrx_word' id='word_1_504' title='bbox 3393 2645 3593 2689; x_wconf 73' lang='lat' dir='ltr'><strong>mores</strong></span> <span class='ocrx_word' id='word_1_505' title='bbox 3641 2624 3959 2713; x_wconf 71' lang='lat' dir='ltr'><strong>designat.</strong></span> <span class='ocrx_word' id='word_1_506' title='bbox 4062 2624 4164 2689; x_wconf 90' lang='lat' dir='ltr'><strong>De</strong></span> <span class='ocrx_word' id='word_1_507' title='bbox 4210 2647 4340 2712; x_wconf 92' lang='lat' dir='ltr'><strong>quo</strong></span> <span class='ocrx_word' id='word_1_508' title='bbox 4388 2648 4509 2689; x_wconf 92' lang='lat' dir='ltr'><strong>usu</strong></span> 
     </span>
     <span class='ocr_line' id='line_1_68' title="bbox 2823 2724 4508 2815; baseline 0 -24"><span class='ocrx_word' id='word_1_509' title='bbox 2823 2739 3254 2815; x_wconf 84' lang='lat' dir='ltr'><strong>praeceperunt</strong></span> <span class='ocrx_word' id='word_1_510' title='bbox 3303 2725 3420 2790; x_wconf 84' lang='lat' dir='ltr'><strong>viri</strong></span> <span class='ocrx_word' id='word_1_511' title='bbox 3469 2724 3659 2803; x_wconf 91' lang='lat' dir='ltr'><strong>docti,</strong></span> <span class='ocrx_word' id='word_1_512' title='bbox 3713 2725 4009 2790; x_wconf 87' lang='lat' dir='ltr'><strong>Abresch.</strong></span> <span class='ocrx_word' id='word_1_513' title='bbox 4070 2725 4356 2815; x_wconf 86' lang='lat' dir='ltr'><strong>AEschyl.</strong></span> <span class='ocrx_word' id='word_1_514' title='bbox 4407 2728 4508 2792; x_wconf 92' lang='lat'><strong>11.</strong></span> 
     </span>
     <span class='ocr_line' id='line_1_69' title="bbox 2832 2828 4510 2916; baseline 0.001 -23"><span class='ocrx_word' id='word_1_515' title='bbox 2832 2831 2970 2895; x_wconf 90' lang='lat'><strong>108.</strong></span> <span class='ocrx_word' id='word_1_516' title='bbox 3006 2831 3264 2894; x_wconf 86' lang='lat' dir='ltr'><strong>Kuster.</strong></span> <span class='ocrx_word' id='word_1_517' title='bbox 3296 2829 3375 2894; x_wconf 90' lang='lat' dir='ltr'><strong>ad</strong></span> <span class='ocrx_word' id='word_1_518' title='bbox 3395 2828 3722 2916; x_wconf 89' lang='lat' dir='ltr'><strong>Aristopb.</strong></span> <span class='ocrx_word' id='word_1_519' title='bbox 3744 2829 3994 2916; x_wconf 88' lang='lat' dir='ltr'><strong>Equitt.</strong></span> <span class='ocrx_word' id='word_1_520' title='bbox 4021 2848 4203 2896; x_wconf 85' lang='grc'>1012.</span> <span class='ocrx_word' id='word_1_521' title='bbox 4229 2829 4510 2896; x_wconf 85' lang='lat' dir='ltr'><strong>Brunck.</strong></span> 
     </span>
     <span class='ocr_line' id='line_1_70' title="bbox 2823 2931 4515 3020; baseline 0.001 -23"><span class='ocrx_word' id='word_1_522' title='bbox 2823 2933 2905 2997; x_wconf 90' lang='lat' dir='ltr'><strong>ad</strong></span> <span class='ocrx_word' id='word_1_523' title='bbox 2936 2932 3225 3020; x_wconf 88' lang='lat' dir='ltr'><strong>Sophocl.</strong></span> <span class='ocrx_word' id='word_1_524' title='bbox 3259 2931 3484 3019; x_wconf 91' lang='lat' dir='ltr'><strong>OEdip.</strong></span> <span class='ocrx_word' id='word_1_525' title='bbox 3506 2932 3789 3020; x_wconf 87' lang='lat' dir='ltr'><strong>Tyrann.</strong></span> <span class='ocrx_word' id='word_1_526' title='bbox 3807 2950 3959 3018; x_wconf 84' lang='lat'><strong>311.</strong></span> <span class='ocrx_word' id='word_1_527' title='bbox 4035 2933 4171 2998; x_wconf 91' lang='lat' dir='ltr'><strong>Nec</strong></span> <span class='ocrx_word' id='word_1_528' title='bbox 4190 2931 4368 2998; x_wconf 89' lang='lat' dir='ltr'><strong>aliter</strong></span> <span class='ocrx_word' id='word_1_529' title='bbox 4388 2934 4515 2999; x_wconf 90' lang='lat' dir='ltr'><strong>La-</strong></span> 
     </span>
     <span class='ocr_line' id='line_1_71' title="bbox 2827 3034 4511 3102; baseline 0 -2"><span class='ocrx_word' id='word_1_530' title='bbox 2827 3035 2939 3100; x_wconf 90' lang='lat' dir='ltr'><strong>tini</strong></span> <span class='ocrx_word' id='word_1_531' title='bbox 2975 3034 3195 3100; x_wconf 86' lang='lat' dir='ltr'><strong>Cicero</strong></span> <span class='ocrx_word' id='word_1_532' title='bbox 3218 3034 3527 3099; x_wconf 87' lang='lat' dir='ltr'><strong>Paradox.</strong></span> <span class='ocrx_word' id='word_1_533' title='bbox 3559 3035 3635 3099; x_wconf 90' lang='lat' dir='ltr'><strong>V.</strong></span> <span class='ocrx_word' id='word_1_534' title='bbox 3670 3055 3722 3099; x_wconf 93' lang='lat'><strong>1.</strong></span> <span class='ocrx_word' id='word_1_535' title='bbox 3764 3035 4019 3100; x_wconf 71' lang='lat' dir='ltr'><strong>vivendi</strong></span> <span class='ocrx_word' id='word_1_536' title='bbox 4056 3037 4183 3100; x_wconf 73' lang='lat' dir='ltr'><strong>via.</strong></span> <span class='ocrx_word' id='word_1_537' title='bbox 4230 3035 4333 3100; x_wconf 83' lang='lat' dir='ltr'><strong>cf.</strong></span> <span class='ocrx_word' id='word_1_538' title='bbox 4365 3036 4511 3102; x_wconf 82' lang='lat' dir='ltr'><strong>Liv.</strong></span> 
     </span>
     <span class='ocr_line' id='line_1_72' title="bbox 2830 3136 4506 3227; baseline 0 -23"><span class='ocrx_word' id='word_1_539' title='bbox 2830 3139 2931 3204; x_wconf 89' lang='lat'><strong>11.</strong></span> <span class='ocrx_word' id='word_1_540' title='bbox 2965 3157 3065 3220; x_wconf 87' lang='lat'><strong>24.</strong></span> <span class='ocrx_word' id='word_1_541' title='bbox 3135 3136 3407 3203; x_wconf 86' lang='lat' dir='ltr'><strong>Consule</strong></span> <span class='ocrx_word' id='word_1_542' title='bbox 3441 3138 3625 3203; x_wconf 87' lang='lat' dir='ltr'><strong>etiam</strong></span> <span class='ocrx_word' id='word_1_543' title='bbox 3654 3136 3895 3202; x_wconf 84' lang='lat' dir='ltr'><strong>Alberti</strong></span> <span class='ocrx_word' id='word_1_544' title='bbox 3926 3137 4006 3202; x_wconf 89' lang='lat' dir='ltr'><strong>ad</strong></span> <span class='ocrx_word' id='word_1_545' title='bbox 4038 3138 4319 3227; x_wconf 85' lang='lat' dir='ltr'><strong>Hesych.</strong></span> <span class='ocrx_word' id='word_1_546' title='bbox 4352 3140 4411 3204; x_wconf 90' lang='lat'><strong>1.</strong></span> <span class='ocrx_word' id='word_1_547' title='bbox 4443 3161 4506 3227; x_wconf 90' lang='lat' dir='ltr'><strong>p.</strong></span> 
     </span>
     <span class='ocr_line' id='line_1_73' title="bbox 2832 3240 4515 3328; baseline 0 -23"><span class='ocrx_word' id='word_1_548' title='bbox 2832 3259 3020 3328; x_wconf 91' lang='grc'>1252.</span> <span class='ocrx_word' id='word_1_549' title='bbox 3055 3240 3444 3306; x_wconf 86' lang='lat' dir='ltr'><strong>Schleusneri</strong></span> <span class='ocrx_word' id='word_1_550' title='bbox 3481 3242 3641 3306; x_wconf 81' lang='lat' dir='ltr'><strong>Lex.</strong></span> <span class='ocrx_word' id='word_1_551' title='bbox 3676 3242 3758 3305; x_wconf 93' lang='lat' dir='ltr'><strong>N.</strong></span> <span class='ocrx_word' id='word_1_552' title='bbox 3792 3241 3882 3306; x_wconf 91' lang='lat' dir='ltr'><strong>T.</strong></span> <span class='ocrx_word' id='word_1_553' title='bbox 3921 3240 3986 3305; x_wconf 91' lang='lat' dir='ltr'><strong>in</strong></span> <span class='ocrx_word' id='word_1_554' title='bbox 4030 3241 4163 3310; x_wconf 81' lang='grc' dir='ltr'>ὁδὸς</span> <span class='ocrx_word' id='word_1_555' title='bbox 4200 3256 4265 3306; x_wconf 92' lang='lat' dir='ltr'><strong>et</strong></span> <span class='ocrx_word' id='word_1_556' title='bbox 4293 3240 4515 3306; x_wconf 87' lang='lat' dir='ltr'><strong>Valck-</strong></span> 
     </span>
     <span class='ocr_line' id='line_1_74' title="bbox 2827 3343 4513 3431; baseline 0 -21"><span class='ocrx_word' id='word_1_557' title='bbox 2827 3345 3018 3410; x_wconf 89' lang='lat' dir='ltr'><strong>enarii</strong></span> <span class='ocrx_word' id='word_1_558' title='bbox 3061 3344 3291 3410; x_wconf 87' lang='lat' dir='ltr'><strong>Scholl.</strong></span> <span class='ocrx_word' id='word_1_559' title='bbox 3321 3345 3385 3409; x_wconf 90' lang='lat' dir='ltr'><strong>in</strong></span> <span class='ocrx_word' id='word_1_560' title='bbox 3436 3346 3521 3409; x_wconf 93' lang='lat' dir='ltr'><strong>N.</strong></span> <span class='ocrx_word' id='word_1_561' title='bbox 3557 3346 3644 3410; x_wconf 88' lang='lat' dir='ltr'><strong>T.</strong></span> <span class='ocrx_word' id='word_1_562' title='bbox 3677 3346 3738 3409; x_wconf 93' lang='grc' dir='ltr'>Ι.</span> <span class='ocrx_word' id='word_1_563' title='bbox 3775 3367 3842 3431; x_wconf 87' lang='lat' dir='ltr'><strong>p.</strong></span> <span class='ocrx_word' id='word_1_564' title='bbox 3871 3345 4024 3427; x_wconf 85' lang='lat'><strong>446.</strong></span> <span class='ocrx_word' id='word_1_565' title='bbox 4105 3343 4301 3409; x_wconf 88' lang='lat' dir='ltr'><strong>Adde</strong></span> <span class='ocrx_word' id='word_1_566' title='bbox 4341 3346 4513 3411; x_wconf 85' lang='lat' dir='ltr'><strong>Gen-</strong></span> 
     </span>
     <span class='ocr_line' id='line_1_75' title="bbox 2827 3445 4511 3535; baseline 0.002 -23"><span class='ocrx_word' id='word_1_567' title='bbox 2827 3445 2993 3513; x_wconf 85' lang='lat' dir='ltr'><strong>nadii</strong></span> <span class='ocrx_word' id='word_1_568' title='bbox 3025 3446 3324 3512; x_wconf 87' lang='lat' dir='ltr'><strong>Scholarii</strong></span> <span class='ocrx_word' id='word_1_569' title='bbox 3351 3447 3432 3512; x_wconf 89' lang='lat' dir='ltr'><strong>de</strong></span> <span class='ocrx_word' id='word_1_570' title='bbox 3461 3446 3864 3512; x_wconf 88' lang='lat' dir='ltr'><strong>Providentia</strong></span> <span class='ocrx_word' id='word_1_571' title='bbox 3883 3446 4163 3512; x_wconf 88' lang='lat' dir='ltr'><strong>libellum</strong></span> <span class='ocrx_word' id='word_1_572' title='bbox 4191 3470 4253 3535; x_wconf 89' lang='lat' dir='ltr'><strong>p.</strong></span> <span class='ocrx_word' id='word_1_573' title='bbox 4288 3468 4314 3512; x_wconf 93' lang='lat'><strong>1</strong></span> <span class='ocrx_word' id='word_1_574' title='bbox 4331 3469 4384 3513; x_wconf 88' lang='lat'><strong>1.</strong></span> <span class='ocrx_word' id='word_1_575' title='bbox 4407 3447 4511 3517; x_wconf 87' lang='lat' dir='ltr'><strong>ed.</strong></span> 
     </span>
     <span class='ocr_line' id='line_1_76' title="bbox 2828 3548 4512 3638; baseline 0.001 -23"><span class='ocrx_word' id='word_1_576' title='bbox 2828 3572 2962 3638; x_wconf 86' lang='lat' dir='ltr'><strong>prc.</strong></span> <span class='ocrx_word' id='word_1_577' title='bbox 3013 3548 3334 3615; x_wconf 87' lang='lat' dir='ltr'><strong>Thorlacii</strong></span> <span class='ocrx_word' id='word_1_578' title='bbox 3354 3551 3597 3615; x_wconf 74' lang='grc' dir='ltr'>ε-οὕτε</span> <span class='ocrx_word' id='word_1_579' title='bbox 3644 3549 3974 3633; x_wconf 73' lang='grc' dir='ltr'>ὁρωμένου</span> <span class='ocrx_word' id='word_1_580' title='bbox 4016 3551 4078 3614; x_wconf 88' lang='grc' dir='ltr'>τί</span> <span class='ocrx_word' id='word_1_581' title='bbox 4112 3553 4278 3615; x_wconf 78' lang='grc' dir='ltr'>ἐστιν</span> <span class='ocrx_word' id='word_1_582' title='bbox 4324 3554 4393 3616; x_wconf 78' lang='grc' dir='ltr'>ἐν</span> <span class='ocrx_word' id='word_1_583' title='bbox 4441 3555 4512 3632; x_wconf 77' lang='grc' dir='ltr'>τῇ</span> 
     </span>
     <span class='ocr_line' id='line_1_77' title="bbox 2826 3650 4515 3739; baseline 0.001 -22"><span class='ocrx_word' id='word_1_584' title='bbox 2826 3658 2927 3735; x_wconf 81' lang='grc' dir='ltr'>τῆς</span> <span class='ocrx_word' id='word_1_585' title='bbox 2979 3654 3180 3721; x_wconf 82' lang='grc' dir='ltr'>κακίας</span> <span class='ocrx_word' id='word_1_586' title='bbox 3237 3655 3374 3739; x_wconf 76' lang='grc' dir='ltr'>ὁδῷ.</span> <span class='ocrx_word' id='word_1_587' title='bbox 3464 3653 3680 3739; x_wconf 85' lang='lat' dir='ltr'><strong>Hujus</strong></span> <span class='ocrx_word' id='word_1_588' title='bbox 3728 3650 4015 3717; x_wconf 83' lang='lat' dir='ltr'><strong>formulae</strong></span> <span class='ocrx_word' id='word_1_589' title='bbox 4057 3650 4322 3716; x_wconf 87' lang='lat' dir='ltr'><strong>colorem</strong></span> <span class='ocrx_word' id='word_1_590' title='bbox 4376 3653 4515 3718; x_wconf 89' lang='lat' dir='ltr'><strong>red-</strong></span> 
     </span>
     <span class='ocr_line' id='line_1_78' title="bbox 2825 3753 4512 3834; baseline -0.001 -12"><span class='ocrx_word' id='word_1_591' title='bbox 2825 3756 3105 3822; x_wconf 89' lang='lat' dir='ltr'><strong>dendum</strong></span> <span class='ocrx_word' id='word_1_592' title='bbox 3147 3755 3358 3821; x_wconf 86' lang='lat' dir='ltr'><strong>censui</strong></span> <span class='ocrx_word' id='word_1_593' title='bbox 3401 3753 3664 3819; x_wconf 84' lang='lat' dir='ltr'><strong>versioni</strong></span> <span class='ocrx_word' id='word_1_594' title='bbox 3723 3753 3992 3831; x_wconf 65' lang='lat' dir='ltr'><strong>Latinae,</strong></span> <span class='ocrx_word' id='word_1_595' title='bbox 4037 3753 4123 3818; x_wconf 90' lang='lat' dir='ltr'><strong>ita</strong></span> <span class='ocrx_word' id='word_1_596' title='bbox 4167 3768 4396 3834; x_wconf 90' lang='lat' dir='ltr'><strong>tamen,</strong></span> <span class='ocrx_word' id='word_1_597' title='bbox 4438 3771 4512 3821; x_wconf 88' lang='lat' dir='ltr'><strong>ut</strong></span> 
     </span>
     <span class='ocr_line' id='line_1_79' title="bbox 2828 3855 4169 3945; baseline -0.001 -22"><span class='ocrx_word' id='word_1_598' title='bbox 2828 3857 3209 3924; x_wconf 87' lang='lat' dir='ltr'><strong>Ficinianam</strong></span> <span class='ocrx_word' id='word_1_599' title='bbox 3231 3858 3421 3945; x_wconf 87' lang='lat' dir='ltr'><strong>juxta</strong></span> <span class='ocrx_word' id='word_1_600' title='bbox 3444 3856 3706 3944; x_wconf 87' lang='lat' dir='ltr'><strong>positam</strong></span> <span class='ocrx_word' id='word_1_601' title='bbox 3736 3855 4169 3944; x_wconf 87' lang='lat' dir='ltr'><strong>relinquerem.</strong></span> 
     </span>
    </p>

    <p class='ocr_par' dir='ltr' id='par_1_13' title="bbox 2826 3959 4519 5276">
     <span class='ocr_line' id='line_1_80' title="bbox 2910 3959 4505 4048; baseline -0.001 -23"><span class='ocrx_word' id='word_1_602' title='bbox 2910 3999 2999 4011; x_wconf 96' lang='lat'><strong>—</strong></span> <span class='ocrx_word' id='word_1_603' title='bbox 3032 3980 3132 4048; x_wconf 83' lang='lat'><strong>13.</strong></span> <span class='ocrx_word' id='word_1_604' title='bbox 3177 3963 3295 4026; x_wconf 81' lang='grc' dir='ltr'><strong>Καὶ</strong></span> <span class='ocrx_word' id='word_1_605' title='bbox 3312 3961 3382 4025; x_wconf 79' lang='grc' dir='ltr'><strong>οὐ</strong></span> <span class='ocrx_word' id='word_1_606' title='bbox 3403 3959 3622 4043; x_wconf 81' lang='grc' dir='ltr'>γέγονε</span> <span class='ocrx_word' id='word_1_607' title='bbox 3650 3962 3725 4024; x_wconf 77' lang='grc' dir='ltr'>τὰ</span> <span class='ocrx_word' id='word_1_608' title='bbox 3753 3962 3902 4024; x_wconf 79' lang='grc' dir='ltr'><strong>κακᾶ</strong></span> <span class='ocrx_word' id='word_1_609' title='bbox 3928 3963 4025 4025; x_wconf 75' lang='grc' dir='ltr'><strong>διὰ</strong></span> <span class='ocrx_word' id='word_1_610' title='bbox 4052 3963 4235 4024; x_wconf 89' lang='grc' dir='ltr'>ταῦτα</span> <span class='ocrx_word' id='word_1_611' title='bbox 4265 3987 4316 4025; x_wconf 94' lang='grc' dir='ltr'>κ.</span> <span class='ocrx_word' id='word_1_612' title='bbox 4339 3986 4392 4025; x_wconf 90' lang='grc' dir='ltr'>τ.</span> <span class='ocrx_word' id='word_1_613' title='bbox 4416 3962 4505 4047; x_wconf 90' lang='grc' dir='ltr'>λ.]</span> 
     </span>
     <span class='ocr_line' id='line_1_81' title="bbox 2828 4058 4516 4150; baseline -0.001 -23"><span class='ocrx_word' id='word_1_614' title='bbox 2828 4061 2933 4127; x_wconf 83' lang='lat' dir='ltr'><strong>Cf.</strong></span> <span class='ocrx_word' id='word_1_615' title='bbox 2987 4061 3226 4150; x_wconf 83' lang='lat' dir='ltr'><strong>Synesii</strong></span> <span class='ocrx_word' id='word_1_616' title='bbox 3270 4060 3478 4148; x_wconf 89' lang='lat' dir='ltr'><strong>Epist.</strong></span> <span class='ocrx_word' id='word_1_617' title='bbox 3520 4077 3629 4145; x_wconf 82' lang='lat'><strong>57.</strong></span> <span class='ocrx_word' id='word_1_618' title='bbox 3666 4082 3733 4147; x_wconf 94' lang='lat' dir='ltr'><strong>p.</strong></span> <span class='ocrx_word' id='word_1_619' title='bbox 3788 4078 3930 4144; x_wconf 86' lang='lat'><strong>192.</strong></span> <span class='ocrx_word' id='word_1_620' title='bbox 3980 4058 4218 4123; x_wconf 84' lang='lat' dir='ltr'><strong>Petavii</strong></span> <span class='ocrx_word' id='word_1_621' title='bbox 4245 4062 4516 4125; x_wconf 78' lang='grc' dir='ltr'>ε-ἀλλᾶ</span> 
     </span>
     <span class='ocr_line' id='line_1_82' title="bbox 2830 4161 4516 4246; baseline -0.001 -17"><span class='ocrx_word' id='word_1_622' title='bbox 2830 4167 3069 4229; x_wconf 83' lang='grc' dir='ltr'>κάκεῖνα</span> <span class='ocrx_word' id='word_1_623' title='bbox 3110 4164 3374 4244; x_wconf 85' lang='grc' dir='ltr'>μάλιστα</span> <span class='ocrx_word' id='word_1_624' title='bbox 3411 4162 3480 4227; x_wconf 84' lang='grc' dir='ltr'>τὸ</span> <span class='ocrx_word' id='word_1_625' title='bbox 3530 4165 3625 4227; x_wconf 74' lang='grc' dir='ltr'><strong>διὰ</strong></span> <span class='ocrx_word' id='word_1_626' title='bbox 3673 4166 3864 4227; x_wconf 80' lang='grc' dir='ltr'>κακῶν</span> <span class='ocrx_word' id='word_1_627' title='bbox 3905 4161 4333 4242; x_wconf 77' lang='grc' dir='ltr'>ἐπινοηθέντων</span> <span class='ocrx_word' id='word_1_628' title='bbox 4370 4163 4516 4246; x_wconf 79' lang='grc' dir='ltr'>πρὸς</span> 
     </span>
     <span class='ocr_line' id='line_1_83' title="bbox 2827 4263 4514 4349; baseline -0.001 -17"><span class='ocrx_word' id='word_1_629' title='bbox 2827 4274 3004 4332; x_wconf 82' lang='grc' dir='ltr'>τινῶν</span> <span class='ocrx_word' id='word_1_630' title='bbox 3043 4269 3271 4349; x_wconf 87' lang='grc' dir='ltr'>ἀγαθόν</span> <span class='ocrx_word' id='word_1_631' title='bbox 3298 4291 3355 4329; x_wconf 87' lang='grc' dir='ltr'>τι</span> <span class='ocrx_word' id='word_1_632' title='bbox 3399 4265 3494 4330; x_wconf 83' lang='grc' dir='ltr'><strong>καὶ</strong></span> <span class='ocrx_word' id='word_1_633' title='bbox 3526 4264 3790 4349; x_wconf 82' lang='grc' dir='ltr'>χρηστὸν</span> <span class='ocrx_word' id='word_1_634' title='bbox 3826 4263 3999 4332; x_wconf 84' lang='grc' dir='ltr'>τέλος</span> <span class='ocrx_word' id='word_1_635' title='bbox 4035 4266 4371 4340; x_wconf 80' lang='grc' dir='ltr'>ἀποτελεῖν,</span> <span class='ocrx_word' id='word_1_636' title='bbox 4421 4266 4514 4330; x_wconf 82' lang='grc' dir='ltr'><strong>καὶ</strong></span> 
     </span>
     <span class='ocr_line' id='line_1_84' title="bbox 2831 4368 4514 4456; baseline 0.001 -23"><span class='ocrx_word' id='word_1_637' title='bbox 2831 4369 3145 4452; x_wconf 80' lang='grc' dir='ltr'>ὠφελίμως</span> <span class='ocrx_word' id='word_1_638' title='bbox 3172 4374 3294 4436; x_wconf 79' lang='grc' dir='ltr'>τοῖς</span> <span class='ocrx_word' id='word_1_639' title='bbox 3320 4372 3557 4432; x_wconf 83' lang='grc' dir='ltr'>δοκοῦσι</span> <span class='ocrx_word' id='word_1_640' title='bbox 3585 4370 3839 4451; x_wconf 84' lang='grc' dir='ltr'>φαύλοις</span> <span class='ocrx_word' id='word_1_641' title='bbox 3864 4370 4140 4451; x_wconf 82' lang='grc' dir='ltr'>χρῆσθαι.</span> <span class='ocrx_word' id='word_1_642' title='bbox 4230 4368 4329 4432; x_wconf 89' lang='lat' dir='ltr'><strong>Ad</strong></span> <span class='ocrx_word' id='word_1_643' title='bbox 4369 4393 4514 4456; x_wconf 78' lang='lat' dir='ltr'><strong>quae</strong></span> 
     </span>
     <span class='ocr_line' id='line_1_85' title="bbox 2831 4469 4513 4558; baseline -0.001 -22"><span class='ocrx_word' id='word_1_644' title='bbox 2831 4471 3129 4536; x_wconf 84' lang='lat' dir='ltr'><strong>Petavius</strong></span> <span class='ocrx_word' id='word_1_645' title='bbox 3165 4471 3228 4535; x_wconf 90' lang='lat' dir='ltr'><strong>in</strong></span> <span class='ocrx_word' id='word_1_646' title='bbox 3273 4470 3436 4535; x_wconf 87' lang='lat' dir='ltr'><strong>notis</strong></span> <span class='ocrx_word' id='word_1_647' title='bbox 3478 4493 3540 4556; x_wconf 90' lang='lat' dir='ltr'><strong>p.</strong></span> <span class='ocrx_word' id='word_1_648' title='bbox 3567 4490 3676 4555; x_wconf 83' lang='lat'><strong>51.</strong></span> <span class='ocrx_word' id='word_1_649' title='bbox 3709 4469 3855 4533; x_wconf 83' lang='lat' dir='ltr'><strong>infr.</strong></span> <span class='ocrx_word' id='word_1_650' title='bbox 3900 4484 3964 4534; x_wconf 89' lang='lat' dir='ltr'><strong>et</strong></span> <span class='ocrx_word' id='word_1_651' title='bbox 4009 4491 4075 4557; x_wconf 91' lang='lat' dir='ltr'><strong>p.</strong></span> <span class='ocrx_word' id='word_1_652' title='bbox 4105 4487 4215 4554; x_wconf 88' lang='grc'><strong>52.</strong></span> <span class='ocrx_word' id='word_1_653' title='bbox 4248 4492 4418 4558; x_wconf 89' lang='lat' dir='ltr'><strong>supr.</strong></span> <span class='ocrx_word' id='word_1_654' title='bbox 4451 4485 4513 4535; x_wconf 89' lang='lat' dir='ltr'><strong>et</strong></span> 
     </span>
     <span class='ocr_line' id='line_1_86' title="bbox 2833 4570 4512 4659; baseline -0.003 -19"><span class='ocrx_word' id='word_1_655' title='bbox 2833 4574 3065 4640; x_wconf 90' lang='lat' dir='ltr'><strong>Plotini</strong></span> <span class='ocrx_word' id='word_1_656' title='bbox 3092 4573 3296 4640; x_wconf 89' lang='lat' dir='ltr'><strong>locum</strong></span> <span class='ocrx_word' id='word_1_657' title='bbox 3330 4597 3411 4639; x_wconf 84' lang='lat' dir='ltr'><strong>ex</strong></span> <span class='ocrx_word' id='word_1_658' title='bbox 3438 4572 3834 4638; x_wconf 86' lang='lat' dir='ltr'><strong>Theodoreto</strong></span> <span class='ocrx_word' id='word_1_659' title='bbox 3870 4588 3934 4637; x_wconf 89' lang='lat' dir='ltr'><strong>et</strong></span> <span class='ocrx_word' id='word_1_660' title='bbox 3968 4570 4401 4659; x_wconf 84' lang='lat' dir='ltr'><strong>Augustinum</strong></span> <span class='ocrx_word' id='word_1_661' title='bbox 4433 4570 4512 4635; x_wconf 91' lang='lat' dir='ltr'><strong>de</strong></span> 
     </span>
     <span class='ocr_line' id='line_1_87' title="bbox 2834 4673 4514 4754; baseline -0.002 -10"><span class='ocrx_word' id='word_1_662' title='bbox 2834 4678 2975 4744; x_wconf 89' lang='lat' dir='ltr'><strong>Civ.</strong></span> <span class='ocrx_word' id='word_1_663' title='bbox 3006 4677 3128 4742; x_wconf 92' lang='lat' dir='ltr'><strong>Dei</strong></span> <span class='ocrx_word' id='word_1_664' title='bbox 3157 4675 3465 4742; x_wconf 90' lang='lat' dir='ltr'><strong>adhibuit.</strong></span> <span class='ocrx_word' id='word_1_665' title='bbox 3554 4675 3740 4754; x_wconf 83' lang='lat' dir='ltr'><strong>Quod</strong></span> <span class='ocrx_word' id='word_1_666' title='bbox 3768 4691 3977 4740; x_wconf 89' lang='lat' dir='ltr'><strong>autem</strong></span> <span class='ocrx_word' id='word_1_667' title='bbox 4017 4674 4166 4739; x_wconf 90' lang='lat' dir='ltr'><strong>boni</strong></span> <span class='ocrx_word' id='word_1_668' title='bbox 4199 4673 4514 4740; x_wconf 83' lang='lat' dir='ltr'><strong>defectum</strong></span> 
     </span>
     <span class='ocr_line' id='line_1_88' title="bbox 2831 4775 4512 4865; baseline -0.002 -21"><span class='ocrx_word' id='word_1_669' title='bbox 2831 4778 2983 4844; x_wconf 91' lang='lat' dir='ltr'><strong>dicit</strong></span> <span class='ocrx_word' id='word_1_670' title='bbox 3011 4778 3244 4845; x_wconf 89' lang='lat' dir='ltr'><strong>malum</strong></span> <span class='ocrx_word' id='word_1_671' title='bbox 3286 4776 3592 4854; x_wconf 89' lang='lat' dir='ltr'><strong>Plotinus‚</strong></span> <span class='ocrx_word' id='word_1_672' title='bbox 3623 4775 3778 4841; x_wconf 91' lang='lat' dir='ltr'><strong>illud</strong></span> <span class='ocrx_word' id='word_1_673' title='bbox 3822 4798 4204 4865; x_wconf 88' lang='lat' dir='ltr'><strong>consequens</strong></span> <span class='ocrx_word' id='word_1_674' title='bbox 4241 4791 4336 4841; x_wconf 88' lang='lat' dir='ltr'><strong>est</strong></span> <span class='ocrx_word' id='word_1_675' title='bbox 4374 4800 4512 4841; x_wconf 89' lang='lat' dir='ltr'><strong>sen-</strong></span> 
     </span>
     <span class='ocr_line' id='line_1_89' title="bbox 2833 4879 4518 4960; baseline -0.001 -14"><span class='ocrx_word' id='word_1_676' title='bbox 2833 4881 3065 4960; x_wconf 75' lang='lat' dir='ltr'><strong>tentias,</strong></span> <span class='ocrx_word' id='word_1_677' title='bbox 3094 4882 3404 4946; x_wconf 78' lang='lat' dir='ltr'><strong>malorum</strong></span> <span class='ocrx_word' id='word_1_678' title='bbox 3437 4903 3562 4945; x_wconf 78' lang='lat' dir='ltr'><strong>non</strong></span> <span class='ocrx_word' id='word_1_679' title='bbox 3590 4900 3721 4945; x_wconf 73' lang='lat' dir='ltr'><strong>esse</strong></span> <span class='ocrx_word' id='word_1_680' title='bbox 3745 4881 3939 4944; x_wconf 73' lang='lat' dir='ltr'><strong>ideas.</strong></span> <span class='ocrx_word' id='word_1_681' title='bbox 4029 4881 4174 4959; x_wconf 84' lang='lat' dir='ltr'><strong>Qua</strong></span> <span class='ocrx_word' id='word_1_682' title='bbox 4210 4879 4290 4944; x_wconf 90' lang='lat' dir='ltr'><strong>de</strong></span> <span class='ocrx_word' id='word_1_683' title='bbox 4327 4903 4394 4945; x_wconf 88' lang='lat' dir='ltr'><strong>re</strong></span> <span class='ocrx_word' id='word_1_684' title='bbox 4429 4880 4518 4945; x_wconf 83' lang='lat' dir='ltr'><strong>ita</strong></span> 
     </span>
     <span class='ocr_line' id='line_1_90' title="bbox 2837 4980 4509 5072; baseline -0.002 -23"><span class='ocrx_word' id='word_1_685' title='bbox 2837 4982 3135 5072; x_wconf 87' lang='lat' dir='ltr'><strong>Syrianus</strong></span> <span class='ocrx_word' id='word_1_686' title='bbox 3187 4982 3252 5046; x_wconf 90' lang='lat' dir='ltr'><strong>in</strong></span> <span class='ocrx_word' id='word_1_687' title='bbox 3309 4980 3655 5047; x_wconf 90' lang='lat' dir='ltr'><strong>Aristotelis</strong></span> <span class='ocrx_word' id='word_1_688' title='bbox 3698 4982 4060 5069; x_wconf 87' lang='lat' dir='ltr'><strong>Metaphys.</strong></span> <span class='ocrx_word' id='word_1_689' title='bbox 4112 4983 4212 5047; x_wconf 94' lang='lat' dir='ltr'><strong>II.</strong></span> <span class='ocrx_word' id='word_1_690' title='bbox 4263 5002 4327 5068; x_wconf 90' lang='grc'>3.</span> <span class='ocrx_word' id='word_1_691' title='bbox 4372 5005 4509 5069; x_wconf 85' lang='lat' dir='ltr'><strong>sqq.</strong></span> 
     </span>
     <span class='ocr_line' id='line_1_91' title="bbox 2828 5083 4519 5171; baseline -0.001 -21"><span class='ocrx_word' id='word_1_692' title='bbox 2828 5086 2935 5151; x_wconf 83' lang='lat' dir='ltr'><strong>fol.</strong></span> <span class='ocrx_word' id='word_1_693' title='bbox 2968 5089 3030 5153; x_wconf 94' lang='lat'><strong>6.</strong></span> <span class='ocrx_word' id='word_1_694' title='bbox 3061 5085 3157 5151; x_wconf 93' lang='lat' dir='ltr'><strong>ed.</strong></span> <span class='ocrx_word' id='word_1_695' title='bbox 3191 5086 3407 5151; x_wconf 89' lang='lat' dir='ltr'><strong>Venet.</strong></span> <span class='ocrx_word' id='word_1_696' title='bbox 3443 5085 3646 5170; x_wconf 81' lang='lat'><strong>1558:</strong></span> <span class='ocrx_word' id='word_1_697' title='bbox 3697 5093 3740 5124; x_wconf 86' lang='lat'><strong>“</strong></span> <span class='ocrx_word' id='word_1_698' title='bbox 3773 5083 4060 5149; x_wconf 80' lang='lat' dir='ltr'><strong>Dicimus</strong></span> <span class='ocrx_word' id='word_1_699' title='bbox 4096 5083 4349 5171; x_wconf 86' lang='lat' dir='ltr'><strong>quidem</strong></span> <span class='ocrx_word' id='word_1_700' title='bbox 4386 5102 4519 5151; x_wconf 89' lang='lat' dir='ltr'><strong>tur-</strong></span> 
     </span>
     <span class='ocr_line' id='line_1_92' title="bbox 2826 5185 4517 5276; baseline 0.001 -23"><span class='ocrx_word' id='word_1_701' title='bbox 2826 5188 3002 5276; x_wconf 88' lang='lat' dir='ltr'><strong>pium</strong></span> <span class='ocrx_word' id='word_1_702' title='bbox 3057 5203 3121 5253; x_wconf 87' lang='lat' dir='ltr'><strong>et</strong></span> <span class='ocrx_word' id='word_1_703' title='bbox 3170 5187 3673 5275; x_wconf 86' lang='lat' dir='ltr'><strong>imperfectorum</strong></span> <span class='ocrx_word' id='word_1_704' title='bbox 3729 5201 3793 5251; x_wconf 90' lang='lat' dir='ltr'><strong>et</strong></span> <span class='ocrx_word' id='word_1_705' title='bbox 3848 5185 4150 5250; x_wconf 88' lang='lat' dir='ltr'><strong>malorum</strong></span> <span class='ocrx_word' id='word_1_706' title='bbox 4212 5209 4335 5252; x_wconf 91' lang='lat' dir='ltr'><strong>non</strong></span> <span class='ocrx_word' id='word_1_707' title='bbox 4386 5212 4517 5255; x_wconf 87' lang='lat' dir='ltr'><strong>esse</strong></span> 
     </span>
    </p>
   </div>
   <div class='ocr_carea' id='block_1_8' title="bbox 1060 5282 4515 5379">
    <p class='ocr_par' dir='ltr' id='par_1_14' title="bbox 1060 5282 4515 5379">
     <span class='ocr_line' id='line_1_93' title="bbox 1060 5282 4515 5379; baseline 0.002 -28"><span class='ocrx_word' id='word_1_708' title='bbox 1060 5286 1141 5351; x_wconf 92' lang='lat' dir='ltr'><strong>ad</strong></span> <span class='ocrx_word' id='word_1_709' title='bbox 1184 5283 1441 5350; x_wconf 87' lang='lat' dir='ltr'><strong>Arriani</strong></span> <span class='ocrx_word' id='word_1_710' title='bbox 1484 5282 1762 5371; x_wconf 88' lang='lat' dir='ltr'><strong>Epictet.</strong></span> <span class='ocrx_word' id='word_1_711' title='bbox 1803 5283 1846 5351; x_wconf 96' lang='lat' dir='ltr'><strong>l.</strong></span> <span class='ocrx_word' id='word_1_712' title='bbox 1869 5283 1909 5349; x_wconf 95' lang='lat' dir='ltr'><strong>l.</strong></span> <span class='ocrx_word' id='word_1_713' title='bbox 1940 5309 2006 5374; x_wconf 90' lang='lat' dir='ltr'><strong>p.</strong></span> <span class='ocrx_word' id='word_1_714' title='bbox 2038 5306 2142 5352; x_wconf 90' lang='grc'><strong>21.</strong></span> <span class='ocrx_word' id='word_1_715' title='bbox 2205 5286 2486 5352; x_wconf 83' lang='lat' dir='ltr'><strong>Vaticani</strong></span> <span class='ocrx_word' id='word_1_716' title='bbox 2529 5302 2738 5352; x_wconf 85' lang='lat' dir='ltr'><strong>autem</strong></span> <span class='ocrx_word' id='word_1_717' title='bbox 2823 5290 3014 5356; x_wconf 85' lang='lat' dir='ltr'><strong>ideas.</strong></span> <span class='ocrx_word' id='word_1_718' title='bbox 3089 5292 3254 5356; x_wconf 86' lang='lat' dir='ltr'><strong>Nam</strong></span> <span class='ocrx_word' id='word_1_719' title='bbox 3282 5314 3396 5379; x_wconf 88' lang='lat' dir='ltr'><strong>per</strong></span> <span class='ocrx_word' id='word_1_720' title='bbox 3422 5312 3727 5355; x_wconf 88' lang='lat' dir='ltr'><strong>recessum</strong></span> <span class='ocrx_word' id='word_1_721' title='bbox 3758 5289 3890 5355; x_wconf 88' lang='lat' dir='ltr'><strong>haec</strong></span> <span class='ocrx_word' id='word_1_722' title='bbox 3916 5288 3981 5353; x_wconf 92' lang='lat' dir='ltr'><strong>in</strong></span> <span class='ocrx_word' id='word_1_723' title='bbox 4012 5288 4245 5353; x_wconf 87' lang='lat' dir='ltr'><strong>ultimis</strong></span> <span class='ocrx_word' id='word_1_724' title='bbox 4272 5307 4515 5357; x_wconf 82' lang='lat' dir='ltr'><strong>naturoe</strong></span> 
     </span>
    </p>
   </div>
   <div class='ocr_carea' id='block_1_9' title="bbox 1061 5388 2748 5582">
    <p class='ocr_par' dir='ltr' id='par_1_15' title="bbox 1061 5388 2748 5582">
     <span class='ocr_line' id='line_1_94' title="bbox 1062 5388 2742 5482; baseline 0.002 -28"><span class='ocrx_word' id='word_1_725' title='bbox 1062 5388 1345 5465; x_wconf 83' lang='lat' dir='ltr'><strong>Codices,</strong></span> <span class='ocrx_word' id='word_1_726' title='bbox 1374 5413 1644 5477; x_wconf 89' lang='lat' dir='ltr'><strong>quorum</strong></span> <span class='ocrx_word' id='word_1_727' title='bbox 1682 5391 1963 5456; x_wconf 88' lang='lat' dir='ltr'><strong>notitiam</strong></span> <span class='ocrx_word' id='word_1_728' title='bbox 2005 5392 2306 5458; x_wconf 90' lang='lat' dir='ltr'><strong>debemus</strong></span> <span class='ocrx_word' id='word_1_729' title='bbox 2348 5393 2742 5482; x_wconf 87' lang='lat' dir='ltr'><strong>Hieronymo</strong></span> 
     </span>
     <span class='ocr_line' id='line_1_95' title="bbox 1061 5491 2748 5582; baseline 0.003 -24"><span class='ocrx_word' id='word_1_730' title='bbox 1061 5491 1341 5572; x_wconf 89' lang='lat' dir='ltr'><strong>Amatio,</strong></span> <span class='ocrx_word' id='word_1_731' title='bbox 1370 5515 1464 5559; x_wconf 89' lang='lat' dir='ltr'><strong>nr.</strong></span> <span class='ocrx_word' id='word_1_732' title='bbox 1492 5496 1643 5581; x_wconf 84' lang='lat'><strong>328.</strong></span> <span class='ocrx_word' id='word_1_733' title='bbox 1673 5507 1737 5560; x_wconf 90' lang='lat' dir='ltr'><strong>et</strong></span> <span class='ocrx_word' id='word_1_734' title='bbox 1770 5511 1955 5582; x_wconf 84' lang='lat'><strong>1374.</strong></span> <span class='ocrx_word' id='word_1_735' title='bbox 1975 5495 2064 5561; x_wconf 92' lang='lat' dir='ltr'><strong>ita</strong></span> <span class='ocrx_word' id='word_1_736' title='bbox 2091 5495 2354 5562; x_wconf 85' lang='lat' dir='ltr'><strong>habent:</strong></span> <span class='ocrx_word' id='word_1_737' title='bbox 2404 5498 2470 5563; x_wconf 78' lang='grc' dir='ltr'><strong>ἐκ</strong></span> <span class='ocrx_word' id='word_1_738' title='bbox 2495 5503 2615 5564; x_wconf 75' lang='grc' dir='ltr'><strong>τῶν</strong></span> <span class='ocrx_word' id='word_1_739' title='bbox 2641 5502 2748 5563; x_wconf 86' lang='grc' dir='ltr'>τοῦ</span> 
     </span>
    </p>
   </div>
   <div class='ocr_carea' id='block_1_10' title="bbox 2826 5390 4519 5584">
    <p class='ocr_par' dir='ltr' id='par_1_16' title="bbox 2826 5390 4519 5584">
     <span class='ocr_line' id='line_1_96' title="bbox 2828 5390 4519 5481; baseline 0.001 -24"><span class='ocrx_word' id='word_1_740' title='bbox 2828 5393 3194 5475; x_wconf 89' lang='lat' dir='ltr'><strong>subsistunt,</strong></span> <span class='ocrx_word' id='word_1_741' title='bbox 3239 5418 3315 5459; x_wconf 90' lang='lat' dir='ltr'><strong>eo</strong></span> <span class='ocrx_word' id='word_1_742' title='bbox 3357 5394 3606 5474; x_wconf 86' lang='lat' dir='ltr'><strong>scilicet,</strong></span> <span class='ocrx_word' id='word_1_743' title='bbox 3655 5392 3829 5481; x_wconf 90' lang='lat' dir='ltr'><strong>quod</strong></span> <span class='ocrx_word' id='word_1_744' title='bbox 3875 5390 4264 5479; x_wconf 86' lang='lat' dir='ltr'><strong>particularis</strong></span> <span class='ocrx_word' id='word_1_745' title='bbox 4310 5393 4519 5459; x_wconf 87' lang='lat' dir='ltr'><strong>anima</strong></span> 
     </span>
     <span class='ocr_line' id='line_1_97' title="bbox 2826 5494 4514 5584; baseline 0 -23"><span class='ocrx_word' id='word_1_746' title='bbox 2826 5495 3146 5562; x_wconf 88' lang='lat' dir='ltr'><strong>imbecillis</strong></span> <span class='ocrx_word' id='word_1_747' title='bbox 3172 5496 3274 5577; x_wconf 90' lang='lat' dir='ltr'><strong>sit,</strong></span> <span class='ocrx_word' id='word_1_748' title='bbox 3304 5496 3455 5584; x_wconf 91' lang='lat' dir='ltr'><strong>quia</strong></span> <span class='ocrx_word' id='word_1_749' title='bbox 3481 5520 3608 5562; x_wconf 88' lang='lat' dir='ltr'><strong>non</strong></span> <span class='ocrx_word' id='word_1_750' title='bbox 3635 5510 3888 5584; x_wconf 89' lang='lat' dir='ltr'><strong>superat</strong></span> <span class='ocrx_word' id='word_1_751' title='bbox 3920 5494 4272 5582; x_wconf 87' lang='lat' dir='ltr'><strong>subjectum</strong></span> <span class='ocrx_word' id='word_1_752' title='bbox 4308 5495 4514 5561; x_wconf 87' lang='lat' dir='ltr'><strong>infini-</strong></span> 
     </span>
    </p>
   </div>
  </div>
 </body>
</html>
