5118 6613
1012 502 1142 587 336

1018 676 1163 756 πρός
1190 697 1245 736 τι
1274 671 1576 755 ἀνάγεται,
1608 673 1687 756 τῷ
1716 669 1826 748 τὴν
1851 671 1964 750 μὲν
1995 670 2303 753 ἐνέργειαν
2331 674 2435 735 τοῦ
2470 669 2713 749 δυνάμει

1022 774 1175 840 εἶναι
1202 776 1598 857 ἐνεργητικοῦ,
1630 773 1737 852 τὴν
1767 774 1830 836 δὲ
1862 774 2114 855 κίνησιν,
2144 778 2249 838 τοῦ
2276 773 2518 854 δυνάμει
2555 798 2710 852 κινη-

1020 884 1143 957 τοῦ,
1176 885 1367 947 καλῶς
1413 881 1446 942 6
1492 882 1804 944 Πλωτῖνος
1849 878 2199 960 ἀντιλέγων,
2247 878 2455 961 φησὶν,
2505 879 2597 941 ὅτι
2640 879 2717 941 τὸ,

1019 984 1131 1063 μὲν
1158 983 1304 1064 πρός
1331 1007 1386 1045 τι
1416 982 1558 1059 αὕτη
1585 981 1622 1060 ἡ
1654 979 1866 1063 σχέσις
1908 979 2145 1062 ἐγέννα,
2180 978 2317 1043 ἀλλ’
2350 980 2419 1043 οὗ
2461 979 2530 1044 τὸ
2572 977 2719 1061 πρὸς

1023 1084 1227 1167 ἕτερον
1253 1085 1440 1164 μόνον
1468 1082 1774 1164 λέγεσθαι.
1807 1084 1954 1146 ὅταν
1983 1084 2047 1147 δὲ
2075 1080 2112 1163 ᾖ
2141 1108 2226 1148 τις
2249 1084 2577 1148 ὑπόστασις
2608 1081 2717 1146 κᾶν

1027 1187 1229 1270 ἑτέρου
1255 1185 1314 1268 ᾖ,
1348 1187 1458 1252 κᾶν
1489 1186 1635 1269 πρὸς
1676 1186 1899 1268 ἕτερον,
1928 1184 2036 1265 τήν
2069 1211 2142 1267 γε
2176 1184 2293 1267 πρὸ
2332 1189 2437 1249 τοῦ
2478 1186 2624 1266 πρός
2659 1209 2716 1248 τι

1027 1293 1241 1372 εἴληφε
1269 1291 1471 1372 φύσιν.
1506 1291 1648 1367 αὕτη
1678 1290 1879 1352 τοίνυν
1906 1289 1942 1368 ἡ
1973 1287 2245 1369 ἐνέργεια
2285 1288 2379 1351 καὶ
2418 1288 2455 1366 ἡ
2495 1290 2719 1367 κίνησις

1029 1393 1186 1472 καὶὴ
1218 1393 1352 1471 ἕξις,
1387 1391 1496 1456 κᾶν
1525 1390 1727 1472 ἑτέρου
1756 1390 1928 1464 εἰσὶν,
1962 1393 2125 1454 ἀλλὰ
2162 1394 2265 1453 τοῦ
2311 1390 2469 1454 εἶναί
2504 1415 2561 1454 τι
2601 1390 2716 1472 πρὸ

1028 1499 1133 1559 τοῦ
1160 1496 1305 1576 πρός
1337 1506 1408 1564 τι.
1437 1491 1555 1557 κατ’
1586 1494 1765 1573 αὐτὴν
1792 1495 1980 1574 μόνην
2009 1498 2313 1574 θεωρεῖται
2340 1492 2448 1570 τὴν
2477 1491 2715 1575 σχέσιν,

1030 1597 1232 1678 ὥσπερ
1263 1596 1299 1675 ἡ
1329 1596 1584 1675 δεξιότης
1615 1596 1709 1658 καὶ
1736 1595 1772 1674 ἡ
1802 1596 2091 1675 ὁμοιότης·
2124 1597 2200 1658 τὰ
2230 1597 2295 1658 δὲ
2327 1593 2543 1677 ἑτέρων
2575 1595 2722 1658 ὄντα

1031 1700 1231 1771 οὕτως,
1272 1700 1348 1764 ὥς
1392 1700 1539 1761 κατὰ
1578 1697 1839 1781 μετοχὴν
1866 1696 2261 1779 ὑφιστάμενα,
2294 1697 2370 1763 ὥς
2415 1698 2481 1759 ἐν
2509 1699 2589 1781 τῷ
2636 1722 2718 1760 κι-

1032 1799 1296 1886 νουμένῳ
1324 1801 1361 1880 ἥ
1393 1802 1633 1880 κίνησις,
1662 1801 1756 1871 καὶ
1788 1801 1856 1863 ἐν
1883 1802 1962 1883 τῷ
1995 1802 2334 1880 ἐνεργοῦντι
2361 1800 2397 1877 ἦ
2427 1798 2718 1881 ἐνέργεια,

1031 1903 1101 1967 οὑ
1144 1903 1251 1981 τὴν
1295 1905 1441 1985 πρός
1485 1928 1541 1966 τι
1586 1900 1805 1985 σχέσιν
1837 1903 2216 1982 παρίστησιν,
2258 1904 2421 1965 ἀλλὰ
2460 1902 2722 1986 μετοχὴν

1029 2010 1128 2086 τῆς
1159 2005 1439 2085 κινήσεως
1468 2032 1516 2068 κ.
1543 2031 1598 2068 τ.
1626 2011 1688 2067 λ.

1112 2131 1178 2196 p.
1209 2126 1393 2191 1072,
1425 2129 1484 2193 9.
1527 2104 1962 2171 Ἐπισκεπτέον
2000 2107 2084 2179 δὲ,
2135 2109 2187 2170 εἰ
2232 2107 2300 2170 ἐν
2338 2108 2418 2191 τῷ
2465 2132 2516 2168 κ.
2537 2131 2591 2169 τ.
2618 2105 2715 2193 λ.]

1033 2210 1388 2300 Simplicius
1431 2210 1473 2275 l.
1503 2234 1558 2275 c.
1612 2233 1677 2296 p.
1713 2228 1814 2293 79.
1842 2208 1918 2272 b:
1967 2207 2170 2271 Πάλιν
2215 2210 2278 2272 δὲ
2324 2210 2356 2271 6
2408 2213 2719 2274 Πλωτῖνος

1028 2314 1437 2387 ἐπισκεπτέον,
1470 2313 1676 2395 φησὶν,
1712 2313 1765 2375 εί
1808 2314 1876 2376 ἐν
1909 2315 1989 2397 τῷ
2033 2316 2227 2374 ποιεῖν
2254 2314 2358 2377 τᾶς
2398 2312 2511 2389 μὲν
2548 2310 2713 2392 ἐνέρ-

1027 2442 1192 2499 γειας
1235 2415 1518 2499 φήσουσζι,
1551 2417 1655 2481 τὰς
1698 2416 1763 2477 δὲ
1808 2412 2085 2492 κινήσεις,
2121 2414 2215 2477 καὶ
2259 2417 2363 2480 τὰς
2403 2417 2515 2493 μὲν
2550 2413 2715 2495 ἐνέρ-

1025 2543 1190 2600 γειας
1217 2519 1435 2599 ἀθρόας
1462 2515 1766 2599 γενέσθαι,
1800 2519 1904 2582 τὰς
1932 2517 1998 2579 δὲ
2032 2514 2286 2594 κινήσεις
2325 2514 2454 2578 οἷον
2481 2514 2549 2578 τὸ
2580 2515 2715 2595 τέμ-

1027 2642 1175 2684 νειν·
1222 2621 1290 2684 τὸ
1320 2624 1435 2702 γὰρ
1464 2618 1701 2699 τέμνειν
1732 2620 1798 2682 ἐν
1825 2619 2023 2703 χρόνῳ
2054 2619 2447 2700 καταγίνεται·
2482 2614 2519 2697 ἢ
2551 2622 2720 2681 πᾶσα

1025 2725 1261 2801 ποίησις
1305 2723 1400 2786 καὶ
1446 2723 1671 2800 κίνησίς
1714 2723 1898 2794 ἐστιν,
1930 2719 2146 2800 ἦμετᾶ
2190 2720 2489 2799 κινήσεως·
2540 2722 2635 2785 καὶ
2667 2724 2721 2785 εἰ

1028 2825 1226 2891 πάσας
1269 2828 1374 2891 τὰς
1417 2824 1683 2902 ποιήσεις
1722 2823 1868 2904 πρὸς
1913 2822 1980 2886 τὸ
2025 2822 2307 2905 πάσχειν,
2337 2822 2376 2902 ἤ
2419 2848 2581 2889 τινας
2626 2824 2721 2888 καὶ

1029 2928 1378 2998 ἀπολύτους,
1412 2926 1541 2988 οἷον
1581 2925 1649 2988 τὸ
1692 2927 1958 3004 βαδίζειν
2002 2926 2096 2987 καὶ
2139 2924 2207 2988 τὸ
2252 2924 2479 3007 λέγειν·
2530 2927 2625 2990 καὶ
2669 2928 2722 2990 εἰ

1031 3031 1136 3094 τὰς
1176 3028 1288 3106 μὲν
1329 3026 1475 3108 πρὸς
1519 3027 1587 3090 τὸ
1635 3026 1895 3109 πάσχειν
1939 3026 2138 3093 πάσας
2188 3026 2464 3106 κινήσεις·
2509 3032 2615 3096 τὰς
2657 3031 2721 3093 δὲ

1033 3130 1365 3195 ἀπολύτους
1408 3130 1728 3211 ἐνεργείας,
1773 3127 1810 3207 ἣ
1856 3130 1924 3191 ἐν
1969 3127 2263 3210 ἑκατέροις
2307 3129 2606 3211 ἑκάτερον.
2652 3132 2721 3195 τὸ

1032 3235 1180 3316 γοῦν
1206 3232 1469 3312 βαδίζειν
1499 3230 1951 3311 ἀπολελυμένον
1995 3231 2227 3311 κίνησιν
2267 3232 2342 3296 ἂν
2378 3232 2595 3300 πάντες
2640 3236 2721 3298 εἴ·

1031 3358 1220 3401 ποιεν·
1251 3336 1319 3399 τὸ
1349 3338 1414 3400 δὲ
1445 3341 1607 3399 νοεῖν
1638 3337 1825 3399 καίτοι
1864 3336 2009 3418 ἔχον
2036 3335 2280 3418 πάσχον
2301 3335 2368 3399 τὸ
2400 3339 2723 3416 νοούμενον

1036 3438 1343 3521 ἐνέργειαν
1366 3438 1528 3518 οἶμαι
1556 3437 1789 3519 ῥητέον.
1836 3439 2082 3502 Τούτων
2108 3439 2171 3501 δὲ
2199 3438 2345 3519 πρὸς
2372 3438 2440 3502 τὸ
2469 3445 2720 3521 πρῶτον,

1029 3544 1121 3607 ὅτι
1148 3543 1216 3606 τὸ
1239 3548 1443 3607 πᾶσαν
1462 3543 1704 3622 ποίησιν
1730 3543 1960 3621 κίνησιν
1988 3541 2158 3615 εἶναι,
2184 3539 2221 3621 ἦ
2242 3545 2392 3621 μετὰ
2421 3541 2721 3622 κινήσεως,

1030 3645 1135 3709 οὑκ
1174 3644 1493 3727 ἐγκριτέον,
1527 3646 1692 3708 ἀλλὰ
1732 3645 2100 3719 τούναντίον,
2132 3645 2200 3708 τὸ
2243 3649 2453 3709 ποιοῦν
2491 3644 2528 3726 ᾖ
2569 3653 2733 3711 ποιεῖ

1033 3747 1128 3810 καὶ
1147 3746 1255 3823 τὴν
1283 3749 1545 3828 καθαρὰν
1576 3746 1883 3829 ἐνέργειαν
1908 3747 2058 3830 ἔχει,
2084 3746 2202 3811 οὐδ’
2224 3749 2379 3815 ὅλως
2410 3755 2722 3824 κινεῖσθαι,

1033 3850 1190 3911 ὥστε
1222 3851 1287 3912 ἐν
1315 3852 1396 3934 τῷ
1427 3855 1621 3912 ποιεῖν
1647 3849 1717 3913 οὐ
1748 3854 1841 3913 δεῖ
1876 3852 1981 3916 τὰς
2014 3852 2126 3929 μὲν
2155 3851 2456 3933 ἐνεργείας
2499 3852 2724 3934 λέγειν,

1034 3953 1139 4016 τὰς
1168 3953 1231 4013 δὲ
1265 3951 1540 4030 κινήσεις.
1582 3953 1736 4017 ὅλως
1765 3954 1879 4033 γὰρ
1910 3952 2014 4014 οὐκ
2045 3952 2197 4016 εἰσὶν
2228 3954 2295 4016 ἐν
2323 3957 2402 4039 τῷ
2443 3960 2639 4019 ποιεῖν
2668 3958 2730 4019 αἶ

1040 4052 1317 4131 κινήσεις,
1363 4055 1460 4115 διὰ
1503 4055 1606 4118 τὰς
1650 4051 1956 4133 εἰρημένας
1999 4056 2204 4121 αἰτίας.
2265 4055 2402 4120 ἀλλ’
2445 4057 2580 4121 οὐδὲ
2627 4061 2731 4125 τὰς

1038 4155 1256 4233 ἀθρόας
1299 4156 1501 4220 ἅπλῶς
1544 4153 1820 4235 φήσομεν
1865 4157 2164 4238 ἐνεργείας
2208 4156 2378 4231 εἶναι,
2423 4159 2548 4223 καθ’
2579 4161 2731 4224 ὅσον

1040 4254 1195 4318 εἰσὶν
1225 4256 1452 4336 ἀθρόαι,
1489 4257 1634 4319 διότι
1676 4256 1744 4319 τὸ
1787 4257 2028 4337 ἀθρόον,
2070 4259 2166 4321 καὶ
2211 4265 2328 4322 τῶν
2369 4268 2730 4341 μεταβολῶν

1039 4358 1113 4437 ἦν
1140 4360 1310 4432 ἴδιον,
1336 4360 1431 4422 καὶ
1461 4358 1742 4422 οὐδέποτε
1770 4361 1969 4438 ταύτη,
1996 4362 2431 4443 ἀντιδιαιρεῖται
2462 4362 2733 4444 ἐνέργεια

1041 4460 1187 4542 πρὸς
1218 4463 1466 4540 κίνησιν,
1494 4464 1640 4526 διότι
1660 4462 1696 4541 ἦ
1717 4463 1830 4540 μὲν
1852 4463 2039 4543 ἀθρόα
2070 4464 2254 4537 ἐστὶν,
2278 4465 2314 4542 ἡ
2344 4466 2407 4527 δὲ
2439 4467 2505 4528 ἐν
2532 4467 2731 4552 χρόνῳ

1042 4561 1180 4626 ἀλλ’
1213 4564 1429 4629 ἄλλαις
1456 4565 1576 4627 τισὶ
1607 4568 1932 4646 διαφοραῖς.
1968 4565 2115 4645 πρὸς
2143 4567 2209 4628 δὲ
2236 4562 2304 4628 τὸ
2335 4569 2630 4648 δεύτερον,
2662 4571 2729 4631 τὸ

1042 4669 1095 4730 εἰ
1124 4671 1314 4729 πᾶσαι
1357 4665 1503 4746 πρὸς
1542 4663 1609 4729 rb
1653 4666 1914 4749 πάσχειν
1944 4669 2006 4730 αἱ
2033 4667 2316 4746 ποιήσεις,
2347 4668 2387 4748 ἤ
2412 4669 2570 4736 τινές
2613 4671 2731 4734 εἰσι

1043 4769 1138 4832 καὶ
1169 4769 1470 4841 ἀπόλυτοι,
1505 4767 1755 4831 δυνατὸν
1783 4767 2009 4850 λέγειν,
2034 4771 2124 4832 ὅτι
2153 4771 2257 4833 οὐκ
2286 4773 2476 4835 ἐκεῖνο
2505 4768 2574 4835 τὸ
2601 4798 2730 4836 ποι-

1041 4876 1132 4935 εῖν
1161 4868 1228 4934 τὸ
1260 4871 1751 4948 ἀντιταττόμενον
1778 4873 1858 4955 τῷ
1896 4870 2177 4952 πάσχειν,
2211 4875 2287 4938 ὣς
2328 4871 2502 4954 γένος
2539 4873 2727 4939 τέθει-

1042 4999 1142 5037 κεν
1171 4975 1204 5036 ό
1232 4970 1670 5051 Ἀριστοτέλης,
1705 4973 1868 5035 ἀλλὰ
1896 4968 1963 5034 τὸ
1996 4974 2331 5054 κοινότερον
2361 4975 2456 5037 καὶ
2484 4978 2620 5039 ἴσον
2650 4981 2729 5063 τῷ

1043 5078 1329 5157 ἐνεργεῖν,
1382 5074 1477 5137 καὶ
1528 5075 1592 5152 ἐξ
1637 5075 1848 5136 ἑαυτοῦ
1890 5080 2102 5148 ποιεῖν,
2154 5076 2312 5139 ὥστε
2355 5079 2724 5153 ὑποπίπτειν,

1042 5178 1136 5241 καὶ
1181 5174 1248 5240 rb
1294 5180 1637 5256 περιπατεῖν
1676 5176 1770 5238 καὶ
1815 5175 1883 5238 τὸ
1933 5180 2240 5254 καθῆσθαι,
2277 5178 2370 5240 καὶ
2416 5177 2611 5243 πάντα
2655 5183 2730 5244 τὰ

1040 5282 1329 5343 ἀπόλυτα·
1376 5279 1728 5342 ὑποπίπτειν
1765 5279 1829 5341 δὲ
1874 5278 1969 5341 καὶ
2007 5277 2077 5340 τὸ
2123 5280 2621 5361 ἀντιτεταγμένου
2648 5287 2727 5368 τῷ

1039 5382 1319 5464 πάσχειν,
1353 5379 1497 5444 καθὸ
1524 5378 1592 5443 τὸ
1621 5383 1733 5460 μὲν
1764 5381 1830 5443 ἐν
1863 5382 2065 5465 ἑαυτῷ,
2099 5380 2166 5443 τὸ
2209 5383 2273 5444 δὲ
2314 5383 2380 5446 ἐν
2412 5383 2590 5469 ἑτέρῳ
2619 5385 2727 5463 τὴν

1042 5487 1141 5560 τῆς
1186 5483 1467 5564 κινήσεως
1511 5484 1700 5567 ἀρχὴν
1749 5483 1875 5566 ἔχει
1928 5483 2022 5546 καὶ
2071 5484 2282 5547 αἰτίαν.
2339 5484 2467 5548 ἔστι
2519 5487 2584 5548 δὲ
2632 5487 2726 5550 καὶ

1991 496 2845 563 ANNOTATIONES

2913 496 3025 561 IN
3089 495 3541 562 PLOTINI

2798 674 2968 733 τοῦτο
3014 668 3243 751 λέγειν,
3293 670 3368 735 ὣς
3410 669 3479 734 rb
3522 670 3637 749 μὲν
3681 667 4175 747 ἀντιταττόμενον
4224 668 4370 751 πρὸς
4421 668 4488 733 rb

2797 770 3060 855 πάσχειν
3108 773 3203 836 καὶ
3254 773 3588 853 λεγόμενον
3632 769 3812 852 ὀρθὸν
3860 769 3976 834 ὑπὸ
4026 776 4144 835 τῶν
4195 776 4489 846 Στωϊκῶν,

2800 874 2905 937 οὑκ
2951 876 3244 952 εἴληπται,
3278 876 3354 941 ὡς
3397 873 3782 956 σαφέστερον
3822 876 3984 940 ἴσως.
4030 876 4244 953 ὁμοίως
4287 877 4350 938 δὲ
4396 876 4494 939 καὶ

2799 975 2868 1040 τὸ
2897 975 3180 1059 πάσχειν,
3212 977 3348 1059 οὐχὶ
3392 976 3461 1041 τὸ
3503 980 3710 1040 ὕπτιον
3749 978 4084 1059 λεγόμενον
4129 976 4198 1041 τὸ
4239 977 4385 1060 πρὸς
4405 976 4492 1041 Δτὸ

2799 1083 3027 1152 ποιοῦν,
3060 1081 3224 1143 ἀλλὰ
3266 1078 3334 1143 rb
3380 1081 3599 1143 κοινόν.
3643 1077 3894 1157 βέλτιον
3924 1082 3989 1143 δέ
4028 1079 4097 1144 rb
4136 1086 4369 1162 πρῶτον
4398 1082 4493 1145 καὶ

2804 1184 3156 1264 κυριώτατον
3192 1187 3298 1246 τοῦ
3338 1188 3533 1246 ποιεῖν
3570 1180 3746 1263 γένος
3790 1180 4050 1263 καθαρὸν
4076 1183 4365 1256 τίθεσθαι,
4400 1182 4495 1246 καὶ

2800 1287 3089 1365 μηδεμίαν
3130 1285 3276 1368 ἕχον
3318 1283 3465 1366 πρὸς
3508 1282 3577 1347 rb
3621 1283 3881 1367 πάσχειν
3928 1283 4297 1364 συμπλοκήν·
4344 1286 4492 1349 οὕτω

2804 1390 2919 1469 γὰρ
2951 1390 3213 1470 καθαρὰν
3242 1392 3512 1451 νοεῖσθαι
3537 1386 3646 1466 τὴν
3677 1388 3739 1464 ἐξ
3769 1388 3948 1450 αὑτοῦ
3976 1385 4301 1469 ἐνέργειαν.
4346 1390 4400 1452 εἰ
4427 1385 4491 1451 δέ

2805 1515 2891 1557 τις
2921 1490 3017 1554 καὶ
3043 1492 3151 1568 τὴν
3181 1491 3486 1554 ἀντίθεσιν
3524 1493 3630 1553 τοῦ
3672 1494 3866 1553 ποιεῖν
3907 1491 4002 1553 καὶ
4045 1489 4307 1573 πάσχειν
4342 1492 4490 1570 βού-

2804 1602 2973 1657 λοιτο
3025 1592 3383 1673 λαμβάνειν,
3432 1589 3789 1655 ἀποδεκτέον
3839 1592 3935 1655 καὶ
3983 1596 4173 1666 τοῦτο,
4228 1592 4298 1654 οὐ
4346 1595 4493 1655 κατὰ

2808 1694 3047 1779 σχέσιν,
3094 1697 3259 1785 ἀλλὰ
3303 1694 3422 1759 κατ’
3458 1694 3611 1758 ἰδίαν
3657 1691 3935 1775 ἑκατέρου
3977 1695 4331 1767 ὑπόστασιν,
4370 1695 4496 1773 ἥτις

2810 1801 2877 1861 ἐν
2903 1796 3158 1884 ἑκατέρῳ
3189 1799 3361 1872 οὖσα,
3391 1796 3852 1879 προσλαμβάνει
3881 1797 3945 1859 ἐκ
3969 1795 4241 1878 δευτέρου
4262 1795 4368 1860 τὸν
4391 1801 4494 1876 τῆς

2809 1902 3210 1969 ἐναντιώσεως
3236 1903 3450 1982 λόγον.
3497 1899 3565 1962 τὸ
3594 1900 3659 1963 δὲ
3688 1901 3887 1980 τρίτον
3916 1899 4020 1962 οὑκ
4052 1899 4218 1962 ἔστιν
4248 1899 4490 1980 εὑδιόρι-

2808 2028 2974 2077 στον,
3008 2006 3103 2067 διὰ
3131 2004 3240 2081 τὴν
3269 2006 3337 2066 ἐν
3363 2007 3616 2067 πολλοῖς
3660 2007 3777 2065 τῶν
3815 2004 3918 2065 δύο
3964 2002 4166 2085 ἀρχῶν
4202 2003 4380 2081 μίξιν.
4423 2001 4493 2066 τὸ

2806 2107 2913 2170 οὑν
2941 2107 3206 2186 βαδίζειν
3231 2105 3505 2185 μέμικται
3547 2105 3614 2167 ἔκ
3641 2129 3705 2167 τε
3737 2103 4017 2182 κινήσεως
4045 2104 4140 2167 καὶ
4170 2105 4490 2186 ἐνεργείας.

2804 2211 2947 2275 ἴσως
2976 2210 3039 2272 δὲ
3072 2210 3166 2272 καὶ
3195 2208 3265 2271 τὸ
3297 2213 3477 2285 νοεῖν,
3513 2207 3579 2270 ἔκ
3605 2232 3672 2270 τε
3697 2210 3803 2269 τοῦ
3840 2205 4100 2290 πάσχειν
4130 2207 4225 2271 καὶ
4252 2212 4356 2271 τοῦ
4393 2209 4487 2271 ἐν-

2807 2317 3022 2393 εργεῖν,
3072 2314 3167 2376 καὶ
3212 2313 3308 2375 διὰ
3348 2315 3522 2374 τοῦτο
3569 2309 3638 2372 οὗ
3680 2307 3887 2393 ῥᾴδιον
3937 2311 4379 2391 ἀποφαίνεσθαι
4425 2313 4493 2374 ἐν

2802 2416 2952 2501 ποίῳ
2981 2412 3147 2496 γένει
3174 2418 3250 2478 τὰ
3275 2414 3722 2494 προτεινόμενα.
3770 2413 3936 2476 ἀλλὰ
3971 2415 4228 2477 καθόλου
4271 2418 4486 2495 διαιρε-

2802 2515 2961 2590 τέον,
2993 2523 3222 2598 πρῶτας
3263 2518 3375 2595 μὲν
3416 2514 3701 2593 ποιήσεις.
3734 2517 3839 2581 τὰς
3883 2519 4141 2598 καθαρᾶς
4184 2517 4280 2580 καὶ
4322 2518 4488 2596 ἀμίκ-

2803 2645 2938 2687 τους
2981 2616 3284 2701 λέγοντες·
3334 2615 3609 2699 δευτέρας
3636 2619 3723 2694 δὲ,
3754 2621 3859 2684 τὰς
3886 2616 3984 2681 ἀπ’
4017 2620 4279 2697 ἐκείνων,
4313 2621 4395 2685 εἰς
4421 2622 4496 2683 τὰ

2805 2724 3097 2802 σύμμικτα
3123 2719 3290 2804 γένη·
3340 2723 3561 2784 τούτων
3590 2722 3653 2783 δὲ
3686 2719 3838 2783 εἶναι
3867 2721 4150 2788 πλείονας
4189 2722 4493 2804 διαφοράς·

2804 2827 2879 2887 τὰ
2905 2825 3017 2903 μὲν
3039 2826 3155 2905 γᾶρ
3179 2824 3368 2887 αὑτῶν
3387 2821 3533 2904 πρὸς
3560 2821 3627 2885 rb
3658 2821 3937 2904 πάσχειν,
3962 2825 4037 2886 τὰ
4064 2825 4130 2886 δὲ
4157 2823 4303 2905 πρὸς
4331 2825 4494 2888 ἄλλα

2805 2930 2939 2991 τινὰ
2966 2926 3384 3007 συμπλέκεται.
3432 2926 3528 2989 καὶ
3556 2927 3631 2988 τᾶ
3654 2926 3767 3004 μὲν
3794 2926 4096 3006 ἐπικρατεῖ
4122 2927 4268 2989 κατὰ
4295 2925 4403 3004 τὴν
4433 2928 4495 3004 ἐξ

2808 3032 3030 3094 ἑαυτῶν
3060 3028 3386 3110 ἐνέργειαν·
3434 3030 3508 3090 rb
3551 3029 3615 3091 δὲ
3658 3026 3771 3090 ὑπὸ
3814 3032 3932 3089 τῶν
3965 3027 4171 3090 ἄλλων
4198 3016 4315 3091 τῶν
4344 3053 4491 3107 συμ-

2805 3130 3178 3213 μιγνυμένων
3239 3132 3646 3212 ἐπικρατεῖται·
3709 3131 3784 3192 τὰ
3841 3131 3906 3193 δὲ
3962 3130 4162 3196 ἄλλως
4214 3132 4494 3198 ποικιλως

2810 3233 3252 3315 συνυφαίνεται.
3298 3236 3559 3295 Τοιαῦτα
3588 3232 3652 3295 δὲ
3678 3230 3823 3312 πρὸς
3850 3231 3956 3295 τὸν
3986 3236 4301 3295 Πλωτῖνσν
4330 3234 4489 3296 ἀντι-

2809 3336 3129 3414 ταξάμενος
3172 3338 3204 3398 6
3247 3334 3614 3417 Ἰάμβλιχος,
3647 3336 4087 3417 τεχνικώτερον,
4118 3335 4326 3417 φησίν,
4365 3339 4495 3400 ἐστι

2807 3439 3095 3519 πρότερον
3125 3436 3428 3501 διελέσθαι
3468 3437 3575 3516 τὴν
3605 3438 3860 3516 ἰδιότητα
3886 3444 4004 3501 τῶν
4031 3442 4225 3518 γενῶν
4251 3441 4492 3512 τούτων,

2809 3545 2914 3604 τοῦ
2941 3565 3006 3603 τε
3035 3545 3227 3603 ποιεῖν
3258 3541 3352 3603 καὶ
3380 3544 3485 3602 τοῦ
3511 3538 3789 3622 πάσχειν,
3816 3540 3911 3603 καὶ
3938 3540 4045 3619 τὴν
4075 3543 4368 3622 διαφορὰν
4397 3541 4498 3604 αὑ-

2810 3648 2927 3705 τῶν
2972 3643 3080 3720 τὴν
3123 3642 3269 3724 πρὸς
3320 3643 3560 3722 ἄλληλα
3609 3644 3909 3721 ἐπιδεῖξαι.
3956 3642 4072 3707 ἀπὸ
4122 3645 4238 3725 γὰρ
4286 3640 4494 3707 τούτου

2811 3746 3145 3827 φανήσεται
3189 3746 3283 3808 καὶ
3312 3747 3446 3808 τίνα
3472 3743 3819 3808 ὑποτάττειν
3847 3746 4044 3812 αὐτοῖς
4087 3750 4182 3809 δεῖ
4219 3746 4315 3809 καὶ
4354 3750 4495 3808 ποῖα

2814 3850 2889 3911 τὰ
2916 3848 3132 3927 μεταξὺ
3161 3848 3350 3911 αὐτῶν
3381 3850 3508 3910 ἐστι
3538 3850 3845 3926 σύμμικτα.

2901 3972 2961 4036 p.
2999 3966 3184 4035 1073,
3215 3970 3279 4035 3.
3327 3952 3421 4013 καὶ
3458 3950 3495 4029 ἦ
3531 3952 3803 4030 αἴσθησις
3841 3953 3905 4014 δὲ
3948 3952 3985 4030 ἡ
4022 3951 4169 4033 πρὸς
4205 3952 4407 4033 ἕτερον
4438 3978 4490 4014 κ.

2814 4078 2868 4115 τ.
2892 4053 2990 4140 λ.]
3040 4049 3391 4139 Simplicius
3433 4051 3497 4114 in
3543 4054 3808 4138 Categg.
3838 4050 3948 4117 fol.
3974 4058 4078 4116 81.
4112 4053 4206 4116 B:
4259 4054 4497 4135 καὶγὰρ

2814 4156 2948 4236 περὶ
2974 4158 3075 4233 τῆς
3106 4154 3436 4233 αἰσθήσεως
3464 4155 3636 4221 αὑτὸς
3663 4157 3695 4218 6
3728 4161 4037 4222 Πλωτῖνος
4075 4158 4171 4219 καὶ
4203 4158 4496 4236 αἴσθησις,

2815 4259 2987 4340 φησὶ,
3016 4258 3131 4340 πρὸ
3159 4261 3260 4336 τῆς
3289 4257 3558 4340 σχέσεως
3587 4256 3857 4339 ἐνέργειά
3884 4260 4051 4321 ἐστιν
4075 4254 4113 4336 ἢ
4140 4257 4347 4324 πάθος.
4378 4257 4496 4320 ὦσ-

2818 4363 3003 4427 αύτως
3030 4364 3094 4425 δὲ
3126 4362 3220 4424 καὶ
3248 4362 3284 4439 ἡ
3315 4363 3531 4440 νόησις.
3584 4362 3637 4423 εἰ
3665 4362 3729 4423 δὲ
3760 4359 3854 4423 καὶ
3881 4361 3989 4439 τὴν
4019 4361 4227 4439 νόησίν
4256 4384 4342 4426 τις
4383 4364 4502 4422 τῶν

2814 4467 2960 4546 πρός
3002 4490 3058 4528 τι
3102 4466 3345 4544 νομίζοι,
3379 4465 3540 4527 ἀλλὰ
3567 4465 3638 4527 τό
3665 4488 3736 4545 γε
3776 4468 3938 4527 νοεῖν
3969 4464 4035 4526 ἐν
4061 4466 4141 4548 τῷ
4171 4467 4364 4526 ποιεῖν
4394 4462 4494 4524 ἔσ-

2816 4593 2930 4641 ται,
2965 4566 3093 4630 ἐπεὶ
3138 4567 3231 4630 καὶ
3275 4566 3427 4648 ἀρχὴ
3466 4570 3583 4629 τῶν
3610 4567 3755 4646 πρός
3790 4566 3853 4628 τί
3887 4567 4073 4643 ἐστιν,
4106 4566 4269 4628 ἀλλὰ
4296 4564 4364 4627 rb
4394 4565 4496 4645 ἀρ-

2815 4695 2948 4753 χειν
2977 4674 3082 4733 τοῦ
3105 4675 3300 4733 ποιεῖν
3330 4667 3529 4746 ἐπειδὴ
3569 4670 3633 4731 δὲ
3671 4668 3778 4747 τὴν
3806 4667 3987 4746 αὐτὴν
4017 4669 4245 4748 κίνησιν
4275 4667 4369 4730 καὶ
4399 4668 4496 4730 ἐν-

2817 4772 3053 4854 έργειαν
3075 4774 3107 4835 6
3131 4777 3440 4837 Πλωτῖνος
3465 4770 3825 4849 ὑποθέμενος
3851 4769 3918 4834 ἓν
3940 4768 4116 4851 γένος
4141 4770 4249 4848 τὴν
4271 4772 4502 4849 κίνησιν

2816 4875 3181 4956 ἀπεφήνατο,
3208 4877 3420 4953 ἴδωμεν
3447 4879 3568 4939 πῶς
3597 4877 3809 4953 διαιρεῖ
3829 4872 3897 4935 rb
3926 4871 4103 4954 γένος
4127 4877 4316 4936 τοῦτο.
4348 4871 4500 4953 φησὶ

2817 4977 2885 5055 δὴ
2914 4979 3017 5043 τὰς
3042 4979 3153 5055 μὲν
3174 4979 3505 5056 σωματικὰς
3533 4975 3703 5049 εἶναι,
3727 4978 3831 5042 τὰς
3851 4978 3914 5040 δὲ
3937 4979 4198 5059 ψυχικὰς
4226 4974 4496 5054 κινήσεις.

2817 5079 2911 5142 καὶ
2940 5084 3056 5141 τῶν
3083 5084 3356 5161 ψυχικῶν
3384 5082 3488 5145 τὰς
3527 5079 3640 5157 μὲν
3665 5082 3929 5159 λογικὰς,
3961 5081 4066 5145 τὰς
4110 5080 4174 5142 δὲ
4220 5080 4491 5160 ἀλόγους.

2816 5182 2910 5244 καὶ
2939 5184 3123 5259 δῆλον
3152 5181 3242 5244 ὅτι
3268 5183 3430 5261 παρὰ
3456 5182 3531 5243 τὰ
3557 5180 3906 5263 μετέχοντα,
3933 5182 4000 5244 ἐν
4021 5182 4108 5248 οἷς
4137 5181 4496 5263 ἐγγίνονται,

2815 5284 2980 5346 ἐστὶν
3008 5283 3045 5361 ἡ
3074 5285 3309 5362 τοιαύτη
3339 5285 3594 5365 διαφορὰ
3624 5286 3772 5346 κατὰ
3798 5287 4179 5363 συμβεβηκὸς
4213 5281 4494 5364 ἑπομένη,

2814 5384 2949 5450 ἀλλ’
2982 5387 3049 5448 οὐ
3081 5390 3228 5449 κατὰ
3254 5385 3360 5464 τὴν
3389 5390 3494 5448 τοῦ
3520 5383 3731 5466 γένους
3757 5388 3977 5450 οἰκείαν
4006 5388 4298 5468 διαφορὰν
4325 5410 4497 5466 γενο-

2810 5485 2977 5567 μένη.
3030 5487 3146 5551 εἰσὶ
3176 5489 3241 5552 δὲ
3271 5489 3593 5567 σωματικαὶ
3625 5489 3737 5567 μὲν
3767 5487 4021 5568 κινήσεις
4063 5489 4131 5551 ἐν
4158 5490 4238 5573 τῷ
4279 5492 4494 5561 ποιεῖν,
