5118 6613
1400 515 1601 579 ΜΒ.
1648 514 1768 578 1v.
1817 514 2269 579 ENNEAD.
2318 514 2798 590 QUARTAE.
2844 535 2911 600 p.
2944 513 3307 598 807—811.
3956 533 4077 601 237

585 714 723 756 rum
769 705 1051 755 veterum
1100 686 1435 753 sententias
1489 686 1739 774 collegit
1789 686 1853 750 in
1903 686 2065 752 libro
2103 687 2285 751 bonae

581 792 783 879 frugis
832 791 1192 880 plenissimo
1234 790 1314 854 T.
1349 790 1702 854 Pfannerus
1764 791 2034 877 System.
2080 789 2286 854 Theo-

579 894 760 982 logiae
777 893 1128 960 Gentilium
1153 892 1424 981 purioris
1452 896 1603 977 (4to.
1633 891 1822 956 Basil.
1850 896 2039 976 1779)
2070 915 2135 979 p.
2154 894 2277 978 361

577 1016 817 1083 —392.
849 998 981 1060 Mr.

662 1122 726 1187 p.
762 1100 911 1176 810,
943 997 1018 1162 6.]
1037 1095 1285 1180 Ὥσπερ
1315 1099 1378 1161 δὲ
1406 1099 1655 1182 ἐπῳδαῖς
1682 1097 1750 1161 τὸ
1774 1098 2004 1179 ἄλογον
2032 1096 2277 1180 πάσχει,

579 1204 728 1266 οὕτω
757 1203 858 1265 καὶ
885 1202 1059 1268 αὐτὸς
1084 1198 1353 1284 ἀντᾴδων
1377 1200 1472 1264 καὶ
1502 1197 2277 1284 ἀντεπᾴδων-ἀναλύσει.]

572 1303 875 1368 Similiter
902 1319 1095 1390 atque
1128 1300 1418 1367 Plotinus
1450 1301 1810 1367 Scholiastae
1840 1301 2284 1390 Aristophanis

577 1405 972 1493 Thesmoph.
1010 1405 1194 1470 1068.
1237 1421 1579 1491 utrumque
1599 1405 1981 1469 vocabulum
2022 1406 2283 1492 conjun-

577 1522 762 1594 gunt.
810 1508 956 1573 Vid.
978 1507 1166 1572 etiam
1197 1508 1482 1594 Hesych.
1517 1509 1572 1571 1.
1603 1531 1665 1595 p.
1708 1528 1845 1591 191.
1867 1508 1999 1572 init.
2049 1510 2280 1573 Noster

572 1622 789 1674 autem
835 1608 1005 1673 locus
1051 1609 1171 1673 boc
1229 1608 1428 1695 magis
1477 1608 1807 1673 addendus
1849 1626 1950 1675 est
2001 1610 2276 1688 Lexicis,

571 1711 751 1799 quod
798 1711 896 1776 vel
935 1711 1003 1775 in
1049 1710 1232 1776 tertia
1273 1709 1546 1774 editione
1595 1710 2013 1775 Schneiderus
2056 1711 2280 1798 prioris

573 1813 750 1880 verbi
777 1814 904 1878 vim
935 1813 1237 1900 magicam
1261 1812 1601 1899 ignoravit,
1623 1812 1888 1877 alterum
1912 1830 2123 1878 autem
2157 1814 2278 1879 du-

575 1917 754 1982 bium
792 1940 930 1981 esse
974 1916 1206 2003 prodit.
1283 1914 1606 1979 Aristotel.
1649 1914 1963 1980 Auscultt.
1999 1915 2277 1982 Mirabb.

574 2043 632 2084 c.
671 2022 814 2084 162.
831 2045 852 2084 ι
903 2020 1031 2084 εἶτα
1056 2023 1362 2099 μιμεῖσθαι
1389 2020 1498 2098 τὴν
1524 2019 1734 2103 ψυχὴν
1759 2023 1864 2083 τοῦ
1893 2021 2096 2101 θηρίου
2132 2024 2283 2102 (ser-

574 2122 804 2209 pentis)
846 2122 914 2186 τὸ
958 2123 1024 2185 δὲ
1070 2118 1347 2204 ἀντᾴδειν
1395 2121 1489 2185 καὶ
1538 2119 1873 2203 προσιέναι,
1922 2119 2169 2204 ᾅδοντος
2209 2124 2281 2186 δὲ

579 2230 966 2307 καταδαρθεῖν
1023 2223 1132 2302 τὴν
1203 2229 1473 2305 γυναῖκα,
1537 2222 1830 2286 nimirum
1908 2223 2277 2289 Thessalam

575 2327 755 2392 istam
787 2326 1147 2403 veneficam,
1179 2325 1260 2388 de
1293 2348 1426 2412 qua
1455 2323 1729 2389 vidimus
1771 2324 2054 2412 proxime
2095 2326 2178 2390 ad
2209 2351 2273 2415 p.

573 2432 876 2595 4325&
924 2533 1199 2611 δαίμονες
1239 2532 1304 2594 δὲ
1343 2530 1458 2593 οὐκ
1504 2531 1753 2596 ἀπαθεῖς
1803 2528 1923 2594 οὐδ’
1978 2531 2146 2595 αὐτοὶ
2196 2536 2277 2619 τῷ

574 2635 828 2721 ἀλόγῳ]
879 2635 1043 2698 Haec
1071 2656 1194 2697 non
1227 2632 1624 2719 refragantur
1653 2631 1748 2710 iis,
1782 2656 1927 2718 quae
1949 2632 2102 2698 alibi
2125 2657 2274 2722 pro-

574 2735 735 2800 dunt
768 2735 1097 2812 Platonici,
1129 2757 1190 2798 v.
1214 2759 1271 2798 c.
1311 2733 1574 2797 Proclus
1608 2732 1673 2796 in
1706 2732 1907 2799 Alcib.
1941 2757 2038 2821 pr.
2072 2757 2132 2822 p.
2164 2758 2273 2823 54.

572 2854 765 2902 nostr.
790 2863 809 2911 ς
857 2839 994 2902 οὐδὲ
1025 2841 1140 2920 γὰρ
1161 2837 1424 2921 πάσχειν
1451 2836 1521 2900 τὸ
1552 2840 1715 2900 θεῖον
1745 2837 1841 2901 καὶ
1869 2840 1938 2900 τὸ
1971 2840 2275 2918 δαιμόνων

572 2941 800 3023 πέφυκε
851 2944 927 3005 τά
975 2939 1135 3021 πάθη
1185 2946 1304 3004 τῶν
1348 2944 1602 3020 μερικῶν
1644 2944 1883 3023 ψυχῶν.
1971 2938 2084 3004 Ad
2138 2940 2273 3005 haec

573 3044 735 3107 enim
768 3043 1082 3130 pertinent
1110 3041 1216 3106 illa
1242 3040 1511 3107 Socratis
1531 3064 1637 3129 ap.
1668 3041 1985 3106 Platonem
2004 3043 2069 3106 in
2095 3045 2274 3130 Apo-

574 3144 735 3232 logia
782 3167 850 3231 p.
901 3162 1002 3227 27.
1053 3167 1118 3231 p.
1167 3164 1307 3208 111.
1355 3141 1745 3208 Βάκι-εί
1786 3145 1900 3224 μὲν
1947 3145 2082 3208 θεοί
2116 3144 2273 3212 τινές

572 3252 726 3315 εἰσιν
755 3252 813 3313 οἱ
837 3249 1111 3329 δαίμονες
1142 3275 1191 3312 κ.
1217 3255 1350 3311 τ.λ.
1443 3249 1538 3312 At
1582 3245 1703 3312 hoc
1732 3244 1868 3311 loco
1904 3244 2163 3333 aliisque
2192 3270 2271 3312 ex

571 3351 783 3417 multis
813 3350 1141 3438 geniorum
1181 3349 1518 3438 generibus
1560 3373 1666 3414 eos
1693 3348 2007 3427 describit,
2040 3349 2150 3437 qui
2181 3351 2272 3414 in-

570 3455 822 3520 feriores
868 3470 1219 3533 censentur,
1266 3453 1347 3519 de
1397 3453 1631 3540 quibus
1671 3453 2165 3542 Olympiodorus
2204 3454 2271 3518 in

572 3558 777 3623 Alcib.
811 3579 905 3644 pr.
934 3579 1002 3643 p.
1030 3560 1129 3622 18.
1164 3556 1254 3621 ita
1280 3583 1297 3621 ι
1343 3559 1402 3620 ot
1430 3558 1498 3620 δὲ
1524 3556 1671 3639 πρὸς
1699 3557 1809 3636 τὴν
1831 3562 1950 3620 τῶν
1975 3557 2271 3639 οὐρανίων

573 3659 762 3744 (adde
792 3662 998 3742 φύσιν.
1069 3659 1148 3724 cf.
1196 3682 1390 3746 supra
1423 3657 1505 3723 ad
1555 3657 1779 3724 Plotin.
1831 3681 1896 3745 p.
1948 3677 2097 3743 231.
2146 3660 2266 3745 D.)

568 3763 967 3830 συνάπτοντες
991 3763 1144 3842 ἡμᾶς
1174 3764 1410 3845 ἄλογοι.
1502 3761 1695 3825 Adde
1737 3760 2172 3849 Olympiodor.
2204 3785 2269 3848 p.

571 3886 671 3933 20.
717 3865 868 3951 ibiq.
909 3880 1123 3929 annot.
1169 3879 1232 3928 et
1270 3865 1353 3928 cf.
1388 3863 1836 3951 Wyttenbach.
1884 3863 1965 3927 ad
2014 3865 2266 3951 Eunap

566 3993 631 4057 p.
652 3971 754 4057 38.
783 3969 1070 4034 Boisson.
1140 3970 1293 4034 Huc
1310 3969 1550 4034 faciunt
1575 3968 2058 4033 Chamaeleontis
2076 3969 2267 4033 verba

567 4096 665 4160 ap.
690 4072 1066 4138 Athenaeum
1089 4074 1224 4137 XI.
1248 4096 1313 4160 p.
1336 4075 1486 4153 461.
1506 4072 1568 4137 b.
1595 4096 1651 4137 c.
1677 4096 1741 4159 p.
1772 4091 1880 4156 191
1900 4118 1914 4134 .
1938 4071 2263 4159 Schwgh.:

569 4179 622 4241 εἶ
645 4175 724 4256 μή
753 4201 841 4244 τις
867 4177 983 4257 ἄρα
1020 4175 1294 4258 φήσειεν,
1328 4179 1425 4241 διὰ
1462 4175 1571 4255 τὴν
1614 4177 1866 4255 ὀξύτητα
1903 4178 2006 4254 τῆς
2046 4175 2261 4257 ἑπιφαι

571 4279 726 4345 νείας
751 4284 870 4342 τᾶν
898 4279 1194 4358 δαιμόνων
1239 4282 1691 4361 καταδειχθῆναι
1726 4281 1916 4340 τοῦτο.
1962 4276 2266 4360 χαλεποὺς

568 4385 680 4462 γὰρ
714 4380 809 4444 καὶ
843 4378 1107 4458 πλήκτας
1143 4380 1278 4447 τοὺς
1314 4381 1507 4461 ἥρωας
1548 4381 1867 4459 νομίζουσι,
1902 4380 1997 4442 καὶ
2024 4382 2264 4458 μᾶλλον

568 4485 786 4563 νύκτωρ
811 4480 850 4561 ἢ
875 4479 1005 4561 μεθ’
1037 4480 1281 4563 ἡμέραν.
1375 4484 1537 4545 Mox
1570 4482 1939 4546 κατακούειν.
2011 4480 2114 4544 De
2144 4479 2263 4544 hoc

571 4584 757 4648 verbo
783 4583 1053 4647 vidimus
1082 4607 1273 4671 supra
1300 4583 1379 4648 ad
1404 4607 1477 4671 p.
1513 4603 1657 4667 22-9.
1696 4584 1769 4646 B.

647 4711 712 4775 p.
745 4689 820 4751 81
841 4707 896 4764 1,
925 4704 986 4771 5.
1023 4684 1220 4752 Ὅθεν
1260 4687 1357 4751 καὶ
1398 4686 1486 4761 τὸ,
1519 4687 1901 4768 εὐπρόσωπος
1934 4683 2051 4768 γὰρ
2094 4687 2128 4748 δ
2158 4688 2265 4749 ταῦ

566 4788 967 4872 μεγαλήτορος
993 4786 1329 4871 Ἐρεχθέως
1367 4788 1576 4875 δῆμος]
1628 4789 1792 4851 Sunt
1822 4786 2014 4850 verba
2047 4788 2265 4850 Socra-

563 4891 640 4957 tis
658 4891 719 4955 in
743 4889 1024 4956 Platonis
1046 4889 1257 4955 Alcib.
1279 4912 1376 4977 pr..
1404 4912 1465 4976 p.
1504 4908 1647 4975 132.
1674 4891 1762 4952 A.
1791 4911 1855 4976 p.
1881 4893 2032 4973 365.
2055 4886 2260 4952 Bekk.

564 4993 732 5059 unde
760 4993 896 5056 haec
923 5014 1174 5079 appono
1197 5006 1425 5079 utpote
1454 4991 1536 5055 ad
1568 4990 1907 5055 Plotiniani
1934 4989 2055 5055 loci
2083 4990 2261 5056 intel-

565 5096 880 5184 ligentiam
924 5094 1263 5159 necessaria
1289 5121 1304 5158 ε
1349 5095 1450 5159 καὶ
1480 5098 1588 5159 νῦν
1615 5119 1690 5177 γε
1718 5092 1795 5158 ἂν
1815 5094 1904 5174 μὴ
1925 5098 2260 5177 διαφθαρῇς

558 5200 672 5264 ὑπὸ
702 5203 808 5262 τοῦ
837 5195 1174 5277 Ἀθηναίων
1202 5196 1404 5277 δήμου,
1431 5198 1535 5261 καὶ
1564 5199 1828 5281 αἰσχίων
1874 5197 2041 5280 γένῃ,
2072 5198 2144 5261 οὗ
2179 5197 2259 5278 μή

561 5328 632 5367 σε
670 5301 965 5366 ἀπολίπω.
1014 5303 1188 5363 τοῦτο
1230 5303 1348 5382 γὰρ
1374 5297 1615 5379 μάλιστ’
1657 5301 1777 5382 ἐγὼ
1821 5304 2149 5381 φοβοῦμαι,
2177 5300 2259 5380 μὴ

560 5401 923 5485 δημεραστὴς
946 5401 1086 5480 ἡμῖν
1134 5403 1458 5483 γενόμενος
1483 5405 1831 5484 διαφθαρῇς·
1874 5402 2099 5466 πολλοὶ
2141 5405 2259 5483 γὰρ

555 5508 661 5589 ἤδη
690 5505 943 5589 κάγαθοὶ
979 5504 1123 5569 αὐτὸ
1150 5507 1524 5571 πεπόνθασιν
1550 5505 1908 5587 Ἀθηναίων.
1955 5506 2256 5587 εὐπρόσω-

2371 711 2483 753 πος
2508 683 2626 768 γὰρ
2655 688 2689 750 ὁ
2726 690 2832 750 τοῦ
2865 684 3274 768 μεγαλήτορος
3318 689 3496 766 δῆμος
3529 684 3884 770 Ἐρεχθέως.
3933 687 4071 752 ἀλλ’

2372 791 2672 854 ἀποδύντα
2703 789 2815 874 χρὴ
2846 789 3026 854 αὐτὸν
3057 788 3414 854 θεάσασθαι.
3464 790 3731 870 εὐλαβοῦ
3758 792 3865 854 οὖν
3895 791 4071 856 εὐλά-

2368 899 2548 972 βειαν
2591 892 2666 971 ἣν
2707 893 2824 974 ἐγὼ
2863 891 3044 974 λέγω.
3138 893 3382 956 Locum
3436 891 3654 957 laudat
3697 892 3885 957 etiam
3932 892 4076 957 Plu-

2373 994 2567 1057 tarch.
2603 993 2683 1058 de
2714 993 2895 1058 Glor.
2930 993 3328 1059 Athenienss
3364 1018 3430 1082 p.
3455 999 3602 1080 346.
3637 996 3715 1058 B.
3760 995 3841 1059 ad
3882 1018 4071 1082 quem

2369 1095 2496 1161 vid..
2533 1097 2870 1185 Wyttenb.
2900 1096 2965 1160 in
2996 1095 3383 1162 Animadvv.
3416 1120 3482 1184 p.
3523 1118 3660 1184 139.
3690 1098 3837 1162 item
3870 1098 4075 1163 Athe-

2369 1220 2545 1263 naeus
2565 1200 2690 1264 XI.
2725 1223 2786 1287 p.
2811 1203 2959 1285 506.
2994 1200 3078 1263 D.
3110 1222 3174 1286 p.
3202 1199 3349 1284 383.
3383 1199 3676 1285 Schwgh.
3723 1200 3863 1264 Vid.
3883 1202 4070 1266 etiam

2365 1300 2806 1388 Olympiodor.
2838 1302 2900 1365 in
2935 1301 3145 1367 Alcib.
3178 1325 3269 1388 pr.
3307 1325 3374 1389 p.
3409 1321 3551 1366 221.
3598 1303 3766 1368 unde
3811 1304 4073 1391 profecit

2372 1403 2743 1469 Scholiastes
2798 1405 3079 1470 Platonis
3138 1429 3200 1492 p.
3254 1406 3359 1470 82.
3422 1405 3757 1470 Ruhnken.
3810 1431 3870 1494 p.
3916 1428 4069 1494 390.

2371 1504 2575 1571 Bekk.
2651 1506 2757 1570 Cf.
2800 1507 2986 1571 etiam
3039 1506 3275 1594 Heynii
3321 1506 3628 1572 Observv.
3661 1508 3725 1572 in
3773 1508 3956 1574 Iliad.
3984 1510 4072 1574 ad

2365 1608 2621 1673 laudata
2650 1610 2840 1674 verba
2868 1616 3069 1696 poe'tae
3098 1616 3168 1690 β.
3198 1628 3351 1695 547.

2450 1715 2622 1776 -6.
2652 1714 2736 1776 Τί
2771 1711 2889 1796 γὰρ
2926 1715 3135 1778 παθόν
3180 1739 3267 1781 τις
3303 1714 3451 1795 πρὸς
3495 1715 3652 1778 ἄλλο
3693 1714 3889 1800 ἔχεις]
3935 1714 4065 1779 Μῖ-

2366 1828 2542 1879 retur
2585 1814 2845 1879 fortasse
2884 1815 3223 1901 quispiam,
3271 1839 3371 1879 me
3411 1815 3706 1881 intactam
3750 1816 4071 1905 reliquisse

2368 1917 2688 1982 Editionis
2703 1917 3054 1996 lectionem,
3069 1917 3313 1982 tametsi
3331 1918 3614 2005 quinque
3630 1919 3886 2007 optima.²
3909 1936 4073 1986 notae

2365 2018 2635 2083 >Codices
2681 2019 2943 2083 offerant
2987 2021 3215 2101 μαθὼν,
3248 2034 3310 2084 et
3353 2021 3710 2098 Jacobsius,
3756 2020 3849 2085 vir
3890 2022 4038 2108 inge

2368 2121 2772 2201 niosissimus,
2788 2121 2869 2186 de
2898 2122 3016 2186 hoc
3047 2122 3183 2187 loco
3213 2122 3300 2188 ita
3328 2122 3750 2210 pronuntiarit
3777 2124 3840 2187 in
3859 2122 4067 2188 Addi-

2361 2236 2582 2290 tamm.
2630 2224 3015 2289 Animadvv.
3062 2224 3126 2288 in
3172 2225 3557 2289 Athenaeum
3593 2248 3662 2312 p.
3693 2240 3857 2310 327:
3910 2233 3955 2264 “
3988 2226 4069 2292 In

2363 2328 2633 2393 eundem
2679 2351 2949 2393 errorem
2994 2327 3213 2392 incidit
3255 2328 3353 2391 vir
3398 2329 3621 2392 Graece
3674 2326 4068 2392 doctissimus

2365 2430 2665 2496 Villoison
2696 2431 2757 2495 in
2791 2430 3121 2496 Anecdott.
3157 2433 3239 2494 T.
3279 2432 3374 2496 ΙΙ.
3407 2455 3471 2519 p.
3507 2448 3655 2515 235,
3685 2430 3794 2516 qui
3824 2429 3886 2494 in
3923 2430 4068 2495 Plo-

2361 2532 2477 2597 tini
2506 2533 2777 2597 Diatrib.
2810 2533 2873 2596 τί
2895 2536 3013 2615 γὰρ
3040 2532 3247 2596 παθόν
3288 2556 3374 2598 τις
3402 2531 3552 2612 πρὸς
3581 2532 3736 2594 ἄλλο
3768 2531 3896 2614 ἔχει
3924 2553 4060 2596 cor-

2362 2634 2530 2722 rigit,
2562 2658 2680 2723 pro
2708 2637 2771 2698 τί
2796 2639 2910 2717 γὰρ
2937 2635 3142 2714 μαθών
3175 2683 3188 2697 .
3221 2683 3235 2698 .
3268 2680 3283 2696 .
3316 2680 3330 2695 .
3363 2632 3536 2719 quod
3568 2632 3824 2697 omnino
3862 2633 4061 2699 since-

2362 2761 2505 2802 rum
2564 2739 2718 2802 est.''
2810 2739 2972 2801 Haec
3014 2735 3139 2799 ille.
3232 2734 3356 2799 Sed
3399 2734 3697 2800 Villoison
3736 2734 4065 2823 ignorabat

2362 2852 2537 2919 tunc,
2571 2841 2707 2905 haec
2734 2840 2940 2927 capita
2958 2839 3093 2926 jam
3132 2838 3195 2901 in
3226 2838 3411 2903 editis
3439 2838 3584 2926 legi,
3624 2838 3955 2925 ignorabat
4000 2840 4063 2903 in

2360 2944 2633 3010 editione
2655 2968 2734 3009 ex
2764 2957 3039 3031 quatuor
3066 2942 3241 3008 libris
3261 2944 3463 3008 MSS.
3481 2941 3606 3031 legi
3629 2944 3858 3018 παθὼν,
3886 2943 4065 3031 igno-

2361 3046 2539 3112 rabat
2571 3047 2929 3125 Cizensem,
2963 3044 3611 3131 Darmstadinumque
3646 3043 3879 3110 librum
3916 3045 4068 3112 item

2360 3150 2627 3214 retinere
2654 3151 2883 3222 παθὼν,
2916 3148 3245 3235 ignorabat
3292 3147 3608 3227 Ficinum,
3640 3147 3753 3234 qui
3797 3148 3861 3212 in
3906 3148 4068 3213 binis

2362 3251 2670 3317 Mediceis
2712 3250 3037 3338 reperisset
3067 3251 3131 3315 τί
3165 3250 3390 3331 μαθὼν,
3424 3265 3630 3318 tamen
3677 3250 4059 3339 reposuisse:

2360 3364 2404 3394 “
2432 3355 2739 3442 quidnam
2758 3351 3238 3442 pacatas—Et
3267 3366 3431 3416 recte
3455 3351 3574 3417 hic.
3642 3354 3811 3416 Nam
3841 3353 3906 3417 in
3932 3369 4064 3420 toto

2355 3457 2493 3522 loco
2520 3456 2913 3545 disquiritur,
2942 3454 3245 3543 quidnam
3284 3454 3667 3519 extrinsecus
3687 3455 3958 3536 accidat,
3990 3471 4063 3521 ut

2353 3582 2639 3647 precum,
2688 3573 3004 3636 votorum,
3058 3555 3547 3620 incantationum
3593 3555 3895 3621 illecebris
3939 3573 4061 3622 tra.-

2353 3661 2591 3726 hantur
2632 3659 2914 3724 homines
2957 3673 3020 3722 et
3060 3656 3270 3745 genii3
3319 3669 3384 3720 et
3427 3657 3619 3721 verba
3663 3663 3954 3723 κινεῖσθαι
3997 3676 4061 3724 et

2354 3764 2620 3848 πάσχειν
2648 3762 2881 3851 pluries
2904 3774 3295 3848 repetuntur.
3368 3760 3579 3846 Atque
3599 3758 3896 3825 continuo
3916 3777 4058 3848 post

2353 3866 2461 3932 illa
2489 3869 2551 3931 τί
2573 3865 3032 3948 παθὸν-ἔχεις
3082 3877 3436 3949 sequuntur
3455 3861 3622 3927 haec:
3670 3861 3706 3942 ἢ
3738 3865 4058 3944 ἑλκόμενος

2351 3972 2425 4035 ,οὗ
2451 3969 2662 4052 μάγων
2689 3967 2945 4051 τέχναις.
3019 3965 3192 4036 Quid
3223 3965 3500 4052 quaeris?
3548 3965 3780 4030 Totius
3808 3965 3926 4030 loci
3956 3989 4054 4030 ar—

2351 4087 2751 4159 gumentum,
2808 4070 2917 4135 ubi
2976 4070 3201 4135 animae
3248 4068 3541 4157 patientis
3590 4084 3653 4133 et
3697 4068 4060 4156 impatibilis

2353 4174 2578 4240 mentis
2605 4171 2958 4239 differentia
2987 4172 3345 4260 attingitur,
3374 4171 3656 4259 requirit,
3685 4172 3857 4257 quod
3893 4190 4057 4241 recte

2346 4293 2702 4366 auguratus
2753 4291 2846 4341 est
2892 4275 3214 4355 Villoison,
3266 4278 3331 4342 τί
3374 4276 3620 4341 *anonim
3670 4276 3909 4338 Contra
3956 4298 4056 4338 ve-

2348 4380 2588 4445 rissime
2613 4379 2782 4445 idem
2823 4378 3158 4443 Jacobsius
3194 4377 3426 4445 ibidem
3462 4376 3772 4464 judicavit
3811 4376 4055 4443 deloco

2352 4480 2769 4546 Philostrateo
2811 4479 2877 4543 in
2905 4479 3033 4543 vita
3070 4477 3380 4563 Apollonii
3431 4478 3490 4545 1.
3541 4480 3646 4543 28.
3694 4500 3754 4565 p.
3784 4481 3893 4564 36,
3942 4480 4051 4546 ubi

2341 4583 2532 4649 etiam
2568 4582 2726 4650 Cod.
2770 4580 3243 4647 Schellershem.
3278 4580 3534 4645 exhibet
3556 4582 3788 4661 μαθόν.
3877 4583 4051 4660 Qua·

2348 4702 2606 4775 propter
2632 4686 2819 4752 etiam
2861 4684 3190 4750 Bekkerus
3227 4707 3406 4748 meus
3430 4684 3497 4747 in
3531 4684 3800 4771 Specim.
3834 4684 4050 4750 Philo-

2339 4803 2520 4853 strat.
2571 4812 2642 4876 p.
2675 4808 2779 4873 90.
2823 4803 2991 4855 recte
3034 4809 3099 4850 se
3143 4785 3226 4849 ad
3281 4785 3562 4849 Jacobsii
3614 4785 4046 4852 auctoritatem

2335 4889 2863 4956 accommodavit.
2929 4890 3135 4967 Quam
3157 4886 3412 4953 alteram
3438 4886 3771 4951 formulam
3796 4887 3865 4952 in
3901 4889 4045 4953 Pla.

2349 4994 2511 5059 tonis
2539 4992 2785 5081 scriptis
2819 5014 3022 5057 raram
3062 4990 3333 5078 egregie,
3364 4989 3458 5057 uti
3501 4988 3678 5069 solet,
3709 5013 3786 5054 ex
3833 4992 4046 5055 Comi.-

2344 5119 2562 5161 corum
2594 5094 2743 5160 locis
2769 5093 3161 5159 confirmavit
3192 5092 3588 5157 Clarissimus
3622 5091 3953 5157 Heusdius
3981 5092 4045 5157 in

2347 5199 2615 5286 Specim·
2650 5197 2809 5264 Crit.
2840 5196 2909 5264 in
2942 5195 3188 5261 Platon.
3222 5218 3285 5283 p.
3308 5193 3812 5281 57.—Proxima
3836 5194 4047 5278 μάγων

2344 5301 2585 5386 τέχναις
2627 5298 2950 5386 attigimus
2992 5322 3184 5386 supra
3221 5297 3301 5363 ad
3349 5322 3416 5386 p.
3448 5317 3593 5382 434.
3628 5296 3918 5360 B.—Pro
3946 5303 4048 5378 τῆς

2344 5404 2587 5487 φύσεως
2613 5407 2715 5482 τῆς
2742 5402 2967 5482 ἀπάτης
2997 5401 3212 5483 δούσης
3246 5400 3411 5465 idem
3453 5398 3752 5464 Villoison
3796 5399 4047 5487 conjicit

2343 5503 2592 5585 δεούσης
2615 5501 2710 5567 vel
2742 5501 3125 5581 συνδεούσης,
3157 5502 3328 5589 quod
3374 5499 3761 5587 recepissem,
3791 5498 3840 5563 si
3884 5524 4048 5566 unus
