5118 6613
1404 517 1609 582 LIB.
1642 517 1764 583 v1.
1815 518 2278 584 ENNEAD.
2326 517 2718 583 sExTAE.
2765 542 2832 608 p.
2868 529 3317 605 1245—1255.

601 687 877 771 περιάγει
907 691 1217 773 κεχηνώς.)
1249 690 1501 771 βέλτιον
1522 694 1639 774 γὰρ
1665 694 1814 756 οἵκοι
1841 692 2131 773 μένοντας
2159 717 2306 775 σχο-

3961 536 4087 605 373

2390 713 2538 777 quae
2580 689 2877 755 continuo
2921 704 3304 778 sequuntur:
3351 690 3499 773 πρὸς
3526 691 3635 771 τὴν
3661 692 3883 758 τούτων
3909 692 4080 776 γένε-

599 790 804 868 λάζειν
831 796 1137 876 προσευχῇ
1170 792 1364 876 (Cod.
1391 819 1492 877 σχ.
1526 797 1787 876 διηνεκὲς
1815 821 1870 858 τ.
1899 800 2031 879 πρ.)
2062 792 2099 875 ἢ
2127 798 2304 878 τιμᾷν
2390 819 2508 859 σιν.

602 896 943 975 νομίζοντας
984 898 1089 963 τὰς
1135 899 1339 978 ἑορτὰς
1385 896 1574 979 (cod.
1621 895 1657 978 ἢ
1701 902 1798 963 διὰ
1838 903 1946 963 τοῦ
1985 904 2159 979 τιμᾶν
2198 902 2303 965 τὰς

601 999 836 1080 ἑορτὰς)
867 997 1154 1081 γενέσθαι
1181 998 1483 1083 πάρεργον
1519 1002 1750 1085 ἐχθρῶν
1775 1002 1969 1083 (Cod.
1999 1002 2299 1086 πάρεργον

598 1101 876 1183 γίνεσθαι
902 1107 1022 1165 τῶν
1051 1103 1333 1186 ἐχθρῶν).

684 1238 773 1251 -
802 1223 903 1289 13.
947 1201 985 1283 ἢ
1013 1205 1105 1268 ὅτι
1131 1207 1244 1285 μὲν
1272 1205 1393 1280 ὧδὶ,
1427 1208 1460 1270 ὁ
1491 1204 1539 1270 δ’
1572 1206 1704 1294 ὁδὶ]
1741 1206 2134 1296 Recepissem
2169 1207 2292 1271 Va-

597 1302 862 1369 ticanam
892 1304 1212 1372 lectionem
1242 1305 1280 1388 ἢ
1310 1310 1401 1372 ὅτι
1431 1311 1464 1373 ὁ
1493 1311 1605 1388 μὲν
1634 1310 1756 1385 ὡδὶ,
1789 1309 1905 1374 nisi
1935 1334 2014 1376 ex
2042 1309 2178 1374 aliis
2205 1309 2294 1374 lo-

594 1406 683 1471 cis
708 1407 884 1473 haud
912 1409 1128 1497 paucis
1147 1410 1459 1489 vidissem,
1485 1410 1602 1476 hoc
1624 1435 1755 1478 esse
1780 1412 2294 1500 breviloquentiae

600 1508 990 1591 Plotinianae,
1023 1526 1097 1577 ut
1132 1512 1198 1577 in
1241 1512 1439 1578 altero
1481 1513 1762 1579 membro
1804 1538 1883 1580 ex
1922 1514 2117 1580 altero
2147 1513 2294 1580 talia

597 1612 947 1700 supplenda
986 1612 1487 1702 relinquerentur
1513 1615 1895 1703 cogitationi,
1927 1639 2053 1681 non
2097 1617 2288 1703 scrip-

598 1730 769 1779 tuoni.

680 1840 747 1905 p.
782 1835 965 1902 1251,
992 1837 1059 1903 3.
1109 1819 1301 1883 ἄλλου
1337 1822 1450 1900 μὲν
1490 1823 1662 1890 ὄντος
1702 1827 1809 1888 τοῦ
1851 1822 2147 1906 φανέντος
2189 1827 2294 1890 τοῦ

596 1922 1098 2002 ἀνθρώπου-τοῦ
1126 1922 1223 2010 ἕν]
1257 1923 1592 2011 Respicere
1618 1924 1907 1990 Plotinus
1938 1925 2295 1992 Aristotelis

596 2022 1079 2110 disputationem
1111 2023 1361 2089 videtur
1401 2024 1464 2090 in
1508 2026 1905 2115 Metaphyss.
1942 2029 2084 2093 111.
2118 2047 2179 2093 2.
2223 2052 2287 2116 p.

594 2145 698 2209 49.
730 2149 867 2213 sqq.
922 2124 1099 2214 Sylb.
1127 2150 1195 2214 p.
1223 2129 1497 2212 62—70.
1532 2129 1821 2195 Brandis.
1882 2133 2178 2196 Ceterum
2209 2132 2289 2196 cf.

594 2228 757 2293 infra
783 2229 905 2292 VI.
939 2228 996 2292 8.
1027 2248 1084 2294 2.
1117 2252 1185 2316 p.
1209 2229 1358 2315 758.

682 2353 745 2416 p.
778 2350 853 2395 12
854 2349 966 2415 52,
1000 2350 1059 2398 2.
1106 2334 1145 2413 ἡ
1173 2332 1403 2398 διάνοια
1431 2337 1615 2413 δῆλόν
1641 2362 1757 2402 που
1790 2340 2044 2403 ἐνταῦθα
2069 2339 2292 2418 ποιεΐῆ

598 2438 841 2498 διδοῦσα
885 2433 952 2498 τὸ
997 2435 1187 2515 &tt—h
1230 2435 1730 2524 ὀξέως-ἰδοῦσα]
1781 2439 1913 2504 Fic.
1955 2440 2017 2504 in
2052 2440 2292 2505 Medic.

596 2536 801 2623 primo
828 2559 867 2600 a
895 2537 1166 2602 secunda
1209 2561 1395 2603 manu
1445 2540 1741 2628 scriptum
1789 2541 1960 2630 legit,
1992 2543 2120 2609 sive
2160 2544 2293 2630 ipse

597 2638 867 2703 correxit
905 2641 975 2704 οὗ
1013 2645 1275 2706 διδοῦσα.
1369 2642 1490 2707 Sed
1521 2667 1665 2708 cum
1698 2644 1759 2708 in
1790 2644 1986 2710 altero
2015 2646 2295 2711 membro

602 2744 936 2809 Vaticanus
976 2745 1196 2810 offerat
1222 2744 1278 2825 ἢ,
1312 2746 1483 2810 haud
1530 2747 1655 2812 scio
1697 2772 1776 2812 an
1823 2750 2160 2837 utrobique
2202 2750 2289 2814 le-

595 2846 874 2932 gendum
905 2845 983 2911 sit
1009 2844 1046 2927 ἢ
1076 2846 1440 2930 διδοῦσα-ἢ
1470 2850 1650 2931 ὀξέως
1680 2854 1906 2926 ἰδοῦσα,
1942 2860 1985 2892 “
2013 2854 2112 2917 vel
2137 2853 2293 2918 dans

601 2948 1017 3037 (impertiens)
1062 2954 1471 3031 unum,—vel
1510 2953 1732 3018 acriter
1771 2955 2295 3043 perspiciens.''—

600 3053 896 3117 Ceterum
946 3052 1027 3118 ad
1078 3054 1214 3119 haec
1262 3069 1327 3121 et
1378 3057 1701 3143 sequentia
1756 3056 2151 3123 adhibendus
2201 3072 2296 3124 est

601 3155 972 3221 Aristoteles
1000 3157 1062 3221 in
1096 3158 1492 3246 Metaphyss.
1516 3160 1632 3223 VI.
1664 3182 1730 3246 p.
1755 3180 1898 3245 134.
1918 3145 2066 3225 infr.
2100 3163 2297 3226 Bran·

597 3257 759 3338 disii,
791 3274 854 3325 et
887 3261 1021 3326 IX.
1059 3281 1111 3325 1.
1156 3283 1223 3349 p.
1265 3280 1424 3347 1923
1473 3261 1642 3326 unde
1686 3261 1821 3328 haec
1864 3280 2144 3330 extrema
2184 3265 2292 3331 de-

598 3384 816 3450 cerpo:
864 3363 1109 3448 λέγεται
1149 3367 1263 3445 μὲν
1305 3366 1412 3429 οὖν
1453 3365 1521 3429 τὸ
1569 3366 1637 3429 ἓν
1679 3364 2080 3452 τοσαυταχῶς,
2117 3370 2189 3434 τό
2229 3395 2297 3434 τε

600 3468 851 3550 συνεχὲς
878 3468 1062 3549 φύσει
1102 3468 1198 3532 καὶ
1227 3473 1295 3531 τὸ
1326 3468 1495 3542 ὅλον,
1529 3469 1626 3532 καὶ
1654 3469 1722 3533 τὸ
1752 3469 1880 3535 καθ’
1913 3470 2170 3537 ἕκαστον
2201 3473 2298 3538 καὶ

599 3568 666 3632 τὸ
699 3568 823 3633 καθ’
858 3571 1040 3634 ὅλους
1089 3578 1132 3609 “
1162 3571 1294 3635 Tot
1331 3569 1527 3657 igitur
1571 3570 1773 3635 modis
1815 3571 2045 3638 dicitur
2075 3597 2295 3654 unum,

596 3670 882 3736 videlicet
907 3671 1277 3738 continuum
1307 3688 1532 3738 natura
1560 3689 1623 3738 et
1654 3688 1857 3741 totum
1888 3690 1952 3740 et
1982 3675 2296 3765 singulare

602 3787 663 3838 et
693 3773 1097 3841 universale.”
1187 3774 1366 3840 Idem
1398 3775 1480 3840 de
1523 3775 1943 3842 multitudinis
1974 3781 2293 3867 (πλήθους)

603 3878 852 3943 notione
879 3878 1138 3966 exponit
1165 3878 1394 3944 ibidem
1430 3880 1572 3945 ΙΙΙ.
1606 3904 1671 3968 p.
1695 3882 1800 3965 63.
1826 3896 1891 3947 et
1914 3884 2027 3947 IV.
2061 3907 2127 3971 p.
2153 3888 2294 3948 106.

602 3980 702 4045 De
756 3979 975 4045 iisdem
1034 3980 1390 4046 notionibus
1443 3982 1657 4047 confer
1712 3983 1899 4048 etiam
1958 3985 2295 4073 Porphyrii

602 4083 911 4149 Sententt.
944 4084 1100 4149 XV.
1132 4107 1193 4171 p.
1231 4102 1378 4171 223.
1408 4099 1470 4149 et
1502 4085 1708 4151 Procli
1740 4087 1950 4151 Instit.
1983 4088 2294 4177 Theolog.

601 4185 844 4250 LXII.
875 4210 942 4274 p.
974 4188 1080 4270 96.
1111 4200 1174 4251 et
1200 4186 1406 4274 ipsum
1438 4189 1743 4252 Nostrum
1788 4211 1980 4277 supra
2009 4191 2084 4256 V.
2117 4211 2180 4277 3.
2225 4216 2290 4280 p.

600 4290 747 4372 496·
778 4312 920 4376 sqq·

684 4427 773 4440 -
795 4410 857 4475 7.
902 4395 1086 4471 δῆλον
1127 4394 1681 4480 ὅτι-ὑφεστώσης]
1734 4394 1909 4459 Edit.
1958 4399 2012 4460 δ.
2058 4397 2150 4461 ὅτι
2192 4401 2298 4463 τοῦ

604 4495 775 4562 ὄντος
816 4496 950 4564 ἑνός
985 4521 1145 4563 τινος
1182 4498 1420 4579 φύσεως
1463 4497 1559 4561 καὶ
1596 4499 1971 4580 ὑφεστώσης.
2064 4501 2297 4587 Margo

605 4595 813 4661 Edit.:
848 4602 901 4663 δ.
928 4599 1019 4661 ὅτι
1047 4600 1220 4667 ὄντος
1252 4600 1386 4667 ἑνός
1414 4625 1571 4667 τινος
1599 4609 1665 4683 φ.
1692 4628 1744 4666 κ.
1770 4604 1878 4685 ὑφ.
1927 4602 2063 4666 Nos
2092 4601 2300 4667 lectio-

602 4720 744 4764 nem
787 4699 1154 4787 recepimuS‚
1180 4723 1371 4788 quam
1412 4701 1635 4790 optimi
1679 4701 1820 4768 libri
1861 4726 2074 4768 omnes
2118 4704 2294 4769 exhi-

601 4800 752 4868 bent
779 4818 842 4867 et
869 4803 1171 4890 expressit
1202 4803 1547 4869 Marsilius.
1639 4808 1801 4871 Mox
1834 4808 1909 4870 Β.
1942 4805 2049 4871 lin.
2075 4828 2142 4893 5.
2187 4830 2297 4872 no-

605 4903 835 4971 luimus
862 4928 901 4969 a
927 4904 1186 4993 vulgata
1213 4905 1521 4985 recedere,
1552 4931 1742 4995 quam
1774 4931 1988 4974 omnes
2017 4923 2294 4974 tuentur.

604 5008 793 5074 Unus
836 5008 1042 5075 Marc.
1085 5010 1163 5073 B.
1210 5031 1356 5075 cum
1408 5032 1605 5098 marg.
1650 5011 1776 5076 Ed.
1823 5010 2058 5077 omittit
2102 5012 2299 5081 αὐτοῖς

602 5125 744 5198 post
769 5112 961 5176 verba
990 5111 1059 5176 ἔν
1085 5138 1151 5177 τε
1179 5117 1304 5181 τοῖς
1332 5115 1649 5194 αἰσθητοῖς.

710 5236 774 5302 p.
824 5232 1011 5300 1253,
1056 5215 1116 5279 8.
1193 5212 1368 5279 Ἀλλ’
1431 5217 1501 5281 οὗ
1555 5217 1947 5300 χρεία-καὶ
2006 5217 2294 5306 νοήσεως]

604 5314 957 5382 Emendavi
1009 5316 1144 5382 haec
1191 5316 1417 5405 partim
1463 5341 1542 5383 ex
1586 5340 1785 5406 marg.
1817 5319 1946 5384 Ed.
1989 5319 2217 5409 partim
2262 5345 2297 5385 e

602 5416 777 5484 libris
834 5417 1077 5483 nostris.
1150 5418 1295 5501 πρὸς
1348 5419 1571 5488 παντὸς
1625 5419 1889 5503 γένεσιν,
1936 5421 2106 5509 quod
2156 5423 2212 5487 F
2216 5422 2295 5487 ic.

605 5523 927 5612 expressit,
957 5522 1284 5588 confirmat
1323 5522 1510 5590 etiam
1541 5523 1701 5590 Cod.
1735 5525 2015 5591 Darmst.
2054 5541 2119 5593 et
2152 5549 2300 5591 vero

2472 919 2539 983 p.
2577 915 2758 981 1254,
2797 913 2851 976 7.
2896 898 2998 974 τῆς
3036 894 3320 977 αἱρέσεως
3358 896 3500 961 αὐτὸ
3542 896 3899 985 φθειράοης]
3948 898 4075 963 Fic.

2384 997 2686 1087 expressit
2712 1024 2765 1063 τ.
2790 996 3148 1079 διαιρέσεως,
3180 1012 3243 1062 et
3270 998 3359 1062 ita
3386 998 3516 1086 ipse
3544 998 3882 1064 correxisse
3912 999 4080 1064 vide-

2384 1114 2489 1165 tur
2517 1101 2580 1165 in
2608 1100 2789 1165 Med.
2822 1098 3045 1187 primo.
3096 1101 3324 1187 Neque
3352 1102 3513 1165 enim
3545 1101 3704 1166 alius
3734 1101 3890 1167 liber
3919 1102 4079 1168 hanc

2379 1201 2705 1269 lectionem
2753 1202 3029 1281 exhibet,
3065 1225 3253 1290 quam
3302 1216 3507 1268 tamen
3552 1228 3907 1291 germanam
3964 1206 4074 1270 ba·

2378 1306 2547 1385 beas,
2583 1306 2633 1371 si
2667 1307 2924 1393 cogites»,
2956 1328 3144 1393 quam
3191 1306 3372 1371 facile
3418 1329 3527 1395 per
3560 1308 3957 1373 lotacismum
4003 1308 4076 1373 il·

2378 1408 2489 1475 lud
2522 1417 2580 1476 δι
2608 1426 2751 1498 post
2780 1414 2883 1490 τῆς
2911 1409 3254 1497 praesertim
3305 1409 3766 1497 pronuntiando
3805 1411 4078 1499 potuerit

2377 1512 2714 1578 absorberi.
2778 1513 2940 1577 Mox
2973 1535 3114 1576 cum
3149 1513 3281 1578 Fic.
3314 1527 3377 1578 et
3403 1513 3565 1578 Cod.
3590 1515 3795 1579 Marc.
3822 1516 3902 1580 B.
3933 1514 4078 1579 dedi

2377 1615 2446 1680 τὸ
2475 1616 2618 1680 αὐτὸ
2649 1639 2767 1703 pro
2793 1620 2874 1702 τῷ
2905 1616 3083 1703 αὐτῷ.

2462 1742 2524 1806 p.
2566 1736 2751 1804 1255,
2786 1719 2846 1782 8.
2901 1719 2985 1782 Τί
3023 1719 3129 1782 οὖν
3171 1717 3239 1782 τὸ
3284 1721 3483 1801 κύριον
3527 1721 3756 1793 αἴτιονς
3806 1747 3858 1783 κ.
3890 1745 3942 1784 τ.
3974 1722 4072 1809 λ.]

2379 1822 2524 1885 Hoc
2553 1819 2909 1908 exemplum
2953 1820 3136 1885 etiarn
3181 1819 3328 1886 alibi
3366 1820 3622 1885 obvium
3655 1821 3976 1905 (nimirum
4010 1825 4077 1888 ἓν

2374 1925 2488 2004 μὲν
2511 1925 2663 1989 εἶναι
2693 1929 2798 1988 τοῦ
2827 1925 2893 1988 ἓν
2921 1925 3240 2006 παρουσία,
3268 1925 3370 1988 δύο
3402 1926 3467 1988 δὲ
3497 1924 3726 2002 δυάδος,
3750 1926 3952 2008 ὥσπερ
3983 1927 4078 1991 καὶ

2378 2026 2597 2090 λευκὸν
2623 2031 2841 2090 λευκοῦ
2870 2052 2922 2090 κ.
2948 2052 3000 2090 τ.
3027 2030 3146 2109 λ.).
3216 2025 3362 2091 Vid.
3395 2049 3569 2114 supr.
3601 2027 3716 2090 IV.
3747 2047 3809 2113 3.
3845 2046 3903 2094 2.
3954 2030 4073 2093 VI.

2377 2148 2442 2214 3.
2479 2150 2544 2210 4.
2578 2132 2671 2216 (p.
2693 2131 2840 2210 619.
2873 2129 3162 2213 A.B.C.)
3211 2131 3329 2193 Est
3360 2143 3567 2193 autem
3602 2129 4074 2211 Aristoteleum,

2381 2231 2519 2296 Vid.
2555 2255 2614 2296 v.
2647 2255 2704 2296 c.
2738 2230 3136 2318 Metaphyss.
3174 2231 3285 2296 v1.
3315 2253 3380 2313 4.
3427 2248 3492 2295 et
3533 2250 3598 2317 5.
3642 2255 3707 2319 p.
3744 2252 3884 2314 107.
3934 2258 4068 2321 sqq.

2382 2334 2559 2422 sylb.
2597 2357 2663 2421 p.
2703 2352 2841 2418 132.
2873 2357 3007 2421 sqq.
3071 2332 3359 2398 Brandis.
3394 2335 3571 2399 XII.
3604 2335 3664 2399 8.
3714 2359 3777 2423 p.
3814 2355 3961 2421 230.
4007 2361 4073 2425 p.

2382 2440 2527 2502 281.
2616 2439 2708 2501 Et
2736 2435 2802 2499 in
2834 2436 2948 2501 hac
2978 2436 3264 2500 universa
3305 2436 3725 2524 disputatione
3765 2439 4071 2505 Aristote-

2380 2539 2499 2605 lem
2527 2539 2590 2603 in
2622 2537 2839 2627 primis
2868 2539 3142 2604 refutare
3172 2539 3441 2604 instituit
3472 2539 3777 2606 Plotinus,
3869 2542 4070 2607 Nimi-

2378 2665 2518 2708 rum
2548 2642 2613 2707 in
2644 2642 3100 2731 Metaphysicis
3119 2644 3294 2707 XII.
3325 2642 3435 2725 (al.
3459 2644 3715 2729 XIII.)
3745 2643 3805 2708 8.
3836 2668 3900 2732 p.
3928 2647 4073 2710 228.

2385 2745 2564 2833 Sylb.
2611 2769 2673 2833 p.
2710 2762 2856 2830 279.
2889 2745 3200 2824 Brandis.,
3243 2760 3650 2834 posteaquam
3698 2745 3970 2812 Platonis
4011 2765 4075 2813 et

2381 2849 2923 2937 Pythagoreorum
2966 2847 3048 2913 de
3099 2847 3373 2913 numeris
3417 2848 3666 2914 decreta
3714 2849 3942 2938 attigit,
3987 2851 4074 2917 ita

2379 2952 2584 3041 pergit
2631 2951 2955 3039 Stagirites
2996 2951 3449 3039 philosophus:
3513 2955 3566 3018 εἰ
3606 2955 3806 3018 τοίνυν
3850 2953 4075 3035 ἀνάγκη

2376 3057 2511 3136 μὲν,
2547 3058 2711 3138 εἴπερ
2757 3055 2924 3119 ἐστὶν
2968 3055 3211 3137 ἀριθμὸς
3254 3061 3372 3120 τῶν
3416 3057 3608 3120 ὄντων
3649 3081 3706 3119 τι
3753 3054 3878 3120 καθ’
3910 3056 4072 3131 αὐτὸ,

2379 3159 2604 3222 τούτων
2632 3157 2790 3223 εἶναί
2811 3183 2946 3222 τινα
2973 3164 3090 3221 τῶν
3120 3157 3443 3240 εἰρημένων
3470 3160 3723 3241 τρόπων,
3755 3159 3969 3224 οὐδένα
4011 3162 4075 3224 δὲ

2379 3263 2603 3327 τούτων
2633 3260 2956 3346 ἐνδέχεται,
2982 3260 3250 3344 φανερὸν
3279 3261 3357 3329 ὥς
3384 3262 3490 3326 οὐκ
3519 3261 3687 3325 ἔστιν
3716 3262 3962 3343 ἀριθμοῦ
3990 3288 4077 3331 τις

2379 3368 2617 3444 τοιαύτη
2667 3368 2850 3447 φύσις
2902 3366 3037 3429 οἵαν
3089 3363 3623 3441 κατασκευάζουσιν
3672 3366 3730 3428 οἱ
3777 3365 4075 3447 χωριστὸν

2380 3473 2686 3536 ποιοῦντες
2715 3467 2915 3532 αὐτόν.
2975 3465 3224 3532 Deinde
3254 3481 3394 3552 post
3423 3464 3769 3530 uberiorem
3799 3464 4081 3552 disputa-

2382 3569 2612 3636 tionem
2642 3570 2725 3636 de
2754 3569 3027 3634 numeris
3059 3571 3290 3651 (μονὰς,
3324 3571 3480 3642 δυὰς,
3512 3571 3959 3653 τριὰς-δεκὰς)
4006 3590 4073 3656 p.

2384 3691 2532 3760 233.
2580 3698 2648 3760 p.
2681 3674 2824 3759 285.
2873 3671 3175 3738 rationem
3228 3670 3317 3735 ita
3358 3669 3712 3735 concludit:
3760 3669 3957 3734 πάντα
4005 3672 4077 3751 δὴ

2380 3781 2565 3841 ταῦτα
2593 3776 2689 3840 καὶ
2716 3777 2880 3840 ἄλλα
2907 3779 3147 3838 τοιαῦτα
3176 3772 3443 3857 φανερὸν
3469 3778 3633 3837 ποιεῖ
3656 3774 3747 3837 ὅτι
3783 3774 4074 3838 ἀδύνατον

2382 3879 2535 3945 εἶναι
2559 3878 2667 3944 τὸν
2688 3877 2937 3961 ἀριθμὸν
2962 3877 3056 3941 καὶ
3078 3879 3153 3941 τὰ
3178 3875 3402 3959 μεγέθη
3428 3875 3712 3960 χωριστά·
3744 3876 3830 3939 ἔτι
3859 3878 3921 3940 δὲ
3954 3881 4078 3942 δια-

2381 3988 2607 4065 φωνεῖν
2632 3982 2767 4049 τοὺς
2794 3982 3059 4062 πρώτους
3086 3980 3222 4062 περὶ
3248 3984 3367 4043 τῶν
3395 3980 3654 4061 ἆριθμῶν
3683 3983 3952 4059 σημεῖον,
3986 3982 4077 4046 ὅτι

2381 4088 2456 4149 τὰ
2482 4081 2801 4167 πράγματα
2843 4087 3030 4148 ταῦτα
3070 4083 3175 4147 οὔκ
3217 4084 3365 4147 ὄντα
3400 4081 3651 4166 παρέχει
3677 4082 3786 4161 τὴν
3811 4084 4079 4168 ταραχὴν

2382 4187 2596 4254 αὐτοῖς.
2659 4189 2823 4252 Haec
2849 4202 3129 4251 extrema
3155 4209 3234 4250 ex
3260 4209 3393 4251 asse
3421 4199 3781 4273 congruunt
3806 4184 3902 4264 iis,
3932 4210 4077 4274 quae

2381 4310 2573 4375 supra
2614 4287 2695 4353 ad
2738 4312 2801 4376 p.
2840 4289 2990 4353 680.
3026 4288 3103 4354 F.
3156 4312 3191 4352 e
3238 4290 3434 4353 Sexto
3478 4287 3802 4376 Empirico
3844 4289 4077 4377 Pyrrh.

2383 4394 2612 4481 Hypp.
2640 4416 2704 4480 p.
2738 4395 2878 4459 166.
2923 4391 3322 4481 protulimus.
3411 4391 3701 4457 Plotinus
3742 4407 3977 4472 contra,
4006 4409 4079 4459 ut

2381 4493 2445 4559 in
2491 4495 2780 4560 universa
2819 4496 2951 4560 fere
2998 4495 3114 4560 hac
3162 4510 3337 4559 sexta
3366 4494 3690 4573 Enneade,
3719 4494 3808 4559 ita
3849 4495 3913 4560 in
3958 4496 4075 4562 hoc

2380 4597 2543 4662 libro
2570 4597 2846 4684 antiquae
2874 4596 3037 4661 illius
3066 4597 3371 4662 doctrinae
3390 4596 3471 4661 de
3500 4619 3901 4662 numerorum
3933 4599 4079 4665 sub-

2380 4700 2610 4767 stantia
2650 4699 3021 4790 primigenia
3064 4699 3445 4787 perennique
3487 4699 3722 4764 vindex
3761 4700 4075 4767 existit.—

2385 4801 2594 4869 Δυάδα
2618 4803 2791 4891 quod
2821 4803 3044 4868 attinet
3076 4802 3216 4879 vide
3240 4802 3802 4891 Pythagoricorum
3831 4803 4080 4870 decreta

2381 4907 2665 4996 exposita
2706 4906 2878 4994 apud
2912 4905 3205 4972 Proclum
3246 4907 3312 4970 in
3344 4905 3625 4970 Platonis
3655 4905 3829 4970 Tim.
3873 4930 3935 4995 p.
3966 4925 4074 4992 54.

2383 5034 2517 5098 sqq.
2570 5010 2649 5075 cf.
2685 5009 2935 5074 Theon.
2985 5008 3049 5073 in
3096 5008 3343 5073 Platon.
3393 5008 3598 5073 Math.
3650 5031 3707 5072 c.
3738 5009 3816 5074 V.
3870 5032 3936 5097 p.
3966 5030 4075 5095 30.

2386 5113 2706 5180 Bullialdi.
2785 5112 3103 5178 Plutarch.
3136 5111 3217 5177 de
3248 5111 3487 5178 Placitt.
3523 5110 3777 5198 philoss.
3811 5112 3869 5176 I.
3905 5128 3963 5194 7.
4011 5134 4077 5199 p.

2381 5237 2532 5303 545.
2598 5216 2914 5305 Theolog.
2947 5215 3227 5281 Arithm.
3259 5238 3321 5302 9.
3358 5239 3419 5304 p.
3446 5232 3507 5299 7.
3542 5218 3683 5279 Ast.
3715 5229 3779 5279 et
3809 5217 4076 5280 Annott.

2382 5320 2445 5385 in
2493 5323 2606 5385 J0.
2641 5322 2945 5386 Laurent.
2979 5319 3238 5408 Lydum
3284 5318 3365 5383 de
3409 5317 3740 5384 Mensibus
3771 5319 3870 5382 II.
3900 5320 3964 5383 6.
4009 5341 4075 5406 p.

2383 5426 2489 5504 48.
2524 5447 2617 5510 sq.
2654 5423 2968 5488 Roetheri.
3061 5422 3339 5488 Platonis
3381 5422 3547 5487 locos
3573 5420 3654 5486 de
3682 5420 3848 5487 δυάδι
3887 5446 4082 5512 supra

2384 5525 2563 5614 attigi
2592 5525 2657 5591 in
2686 5542 2897 5591 annot.
2927 5526 2992 5590 in
3023 5526 3103 5591 V.
3131 5546 3198 5608 4.
3234 5546 3294 5594 2.
3324 5547 3389 5613 Ρ.
3413 5523 3567 5609 518.
3588 5526 3682 5589 A.
