5118 6613
1103 529 1226 594 116

2089 532 2915 599 ANNOTATIONES

2984 534 3093 598 IN
3165 531 3604 598 PLOTINI

1107 701 1316 791 Wytt.
1348 702 1444 766 καὶ
1486 700 1594 765 τὸν
1637 701 1944 785 ἐλέφαντα
1985 708 2066 790 τῷ
2108 706 2268 781 ζύθει
2311 706 2587 785 μαλακὸν
2623 708 2796 788 γενό-
2885 709 3203 790 μίγνυνταί
3224 733 3339 771 που
3378 705 3694 785 ἀλλήλαις,
3725 705 3936 770 ἄποτοι
3974 707 4042 768 δὲ
4075 706 4139 768 αἱ
4177 703 4376 767 οὐσίαι
4403 701 4583 785 χωρὶς

1106 833 1293 887 μενον
1321 807 1417 871 καὶ
1445 812 1728 889 χαλῶντα
1758 805 2089 887 κάμπτουσι
2120 808 2214 872 καὶ
2254 809 2797 892 διασχηματίζουσι.
2887 811 3329 875 ὑπολείπονται.
3375 810 3649 872 λείπεται
3678 807 3907 890 λέγειν,
3940 808 4033 871 ὅτι
4063 807 4159 871 καὶ
4188 808 4252 869 αἱ
4282 806 4589 883 ποιότητες

1110 911 1214 975 Cf.
1248 907 1599 975 Dioscorid.
1635 910 1751 973 IV.
1782 911 1889 992 46.

1197 1037 1264 1101 p.
1285 1032 1438 1098 335,
1464 1032 1528 1097 3.
1548 1012 2431 1102 Τὰς-αὐξας-ι-ᾖν-αὔξην]
2460 1014 2647 1078 Hanc
2676 1013 2803 1078 for·

1112 1137 1277 1179 mam
1328 1137 1368 1179 a
1420 1113 1682 1178 Platone
1735 1129 2065 1179 mutuatus
2119 1129 2214 1179 est
2255 1115 2318 1178 in
2364 1115 2699 1179 Theaeteto
2741 1138 2801 1203 p.

1122 1235 1265 1303 173.
1296 1242 1354 1282 a.
1400 1240 1465 1305 p.
1505 1218 1659 1303 388.
1708 1216 1974 1281 Heindf.
2029 1218 2163 1304 qui,
2218 1234 2539 1304 proeeunte
2586 1218 2813 1282 Ruhn-

1114 1321 1301 1386 kenio
1341 1320 1495 1385 alios
1536 1322 1673 1408 ejus
1715 1321 1935 1385 formae
1976 1320 2316 1386 imitatores
2361 1321 2615 1386 indicat.
2706 1323 2807 1387 De

1114 1437 1379 1490 accentu
1429 1424 1555 1488 vid.
1601 1424 1932 1489 Anecdota
1982 1425 2209 1488 Graeca
2252 1423 2521 1489 Bekkeri
2561 1448 2623 1513 p.
2657 1427 2804 1506 464.

1117 1542 1183 1592 et
1207 1550 1271 1615 p.
1305 1543 1485 1612 1347.
1532 1542 1596 1591 et
1636 1528 1716 1593 cf.
1757 1529 1970 1592 Nostr.
2021 1528 2136 1591 IV.
2171 1544 2231 1609 7.
2264 1544 2325 1614 5.
2359 1528 2437 1591 V.
2467 1548 2524 1592 1.
2554 1548 2621 1608 4.
2671 1528 2811 1609 (ubi

1118 1631 1314 1719 vulgo
1341 1632 1568 1716 αὔξειν)
1599 1646 1664 1696 et
1691 1632 1813 1695 VI.
1843 1649 1905 1714 3.
1940 1649 2039 1715 13.

1207 1757 1276 1820 p.
1305 1735 1585 1819 336,12.
1617 1736 1714 1798 διὰ
1757 1737 1863 1796 τοῦ
1912 1734 2072 1814 ἐρίου
2119 1731 2226 1814 ῥέῃ
2277 1731 2345 1795 τὸ
2389 1731 2574 1820 ὕδωρ]
2619 1731 2817 1797 Hunc

1121 1838 1327 1902 locum
1379 1837 1429 1902 si
1475 1853 1777 1902 noverant
1823 1835 2064 1915 Critici,
2113 1850 2398 1923 poterant
2446 1837 2819 1924 conjecturis

1121 1940 1523 2029 supersedere
1552 1940 1615 2004 in
1656 1939 1753 2004 his
1785 1937 2066 2004 Platonis
2109 1937 2171 2001 in
2222 1940 2554 2028 Symposio
2581 1964 2642 2029 p.
2674 1957 2816 2027 175.

1120 2067 1188 2132 p.
1218 2060 1370 2130 375.
1400 2043 1784 2108 neith—an
1813 2044 1902 2108 Εὐ
1940 2042 2016 2107 ἂν
2045 2043 2196 2126 ἔχοι,
2229 2041 2438 2124 φάναι,
2473 2045 2814 2131 (Σωκράτη)

1123 2151 1169 2213 ὦ
1197 2148 1495 2232 Ἀγάθων,
1536 2153 1590 2215 εἰ
1631 2153 1899 2213 τοιοῦτον
1946 2151 2034 2228 εἴη
2084 2149 2121 2227 ἡ
2173 2150 2383 2230 σοφία,
2426 2149 2567 2213 ὥστ’
2610 2152 2676 2215 ἐκ
2713 2156 2820 2215 τοῦ

1121 2250 1529 2334 πληρεστέρου
1573 2253 1658 2318 εἷς
1698 2250 1806 2315 τὸν
1836 2251 2160 2332 κενότερον
2186 2254 2316 2333 ῥεῖν
2345 2252 2526 2331 ἡμῶν,
2563 2254 2670 2317 ἐὰν
2699 2256 2816 2318 ἅπ-

1122 2356 1356 2433 τῶμεθα
1383 2351 1690 2432 ἀλλήλων,
1721 2353 1925 2434 ὥσπερ
1955 2352 2022 2414 τὸ
2054 2354 2121 2416 ἐν
2149 2359 2277 2420 ταῖς
2316 2355 2542 2432 κύλιξιν
2568 2357 2722 2436 ὕδωρ
2749 2354 2818 2418 τὸ

1124 2460 1221 2520 διὰ
1264 2461 1370 2520 τοῦ
1415 2457 1575 2538 ἐρίου
1633 2458 1776 2539 ῥεόν
1834 2457 1901 2519 ἐκ
1955 2459 2057 2534 τῆς
2113 2456 2519 2538 πληρεστέρας
2575 2460 2658 2525 είς
2711 2458 2819 2538 τὴν

1127 2558 1457 2642 κενωτέραν
1514 2587 1565 2623 κ.
1614 2584 1667 2624 τ.
1710 2568 1773 2624 λ.
1822 2558 1931 2623 ubi
1996 2558 2434 2646 Sydenhamus
2491 2572 2698 2624 tamen
2757 2575 2820 2625 et

1125 2661 1428 2740 Wolfius,
1451 2672 1516 2725 et
1536 2660 1649 2748 qui
1677 2684 1882 2749 nuper
1910 2660 2078 2725 hunc
2109 2661 2302 2725 secuti
2335 2677 2481 2726 sunt
2498 2662 2818 2750 vulgatam

1127 2779 1276 2828 sunt
1304 2763 1487 2836 tuiti;
1538 2785 1742 2849 neque
1769 2762 1837 2827 in
1867 2762 2207 2828 Platonicis
2239 2766 2440 2828 MSS.
2474 2765 2673 2851 magis
2699 2765 2822 2829 dis-

1127 2866 1348 2944 sensio,
1396 2888 1585 2952 quam
1643 2865 1708 2929 in
1760 2865 2146 2931 Plotinianis.
2241 2867 2366 2932 Sed
2412 2868 2706 2954 quoniam
2756 2868 2820 2933 in

1128 2970 1297 3033 hunc
1326 2969 1530 3033 locum
1563 2967 1845 3033 Platonis
1865 2968 2230 3034 incidimus:
2266 2970 2403 3055 lege
2425 2970 2577 3033 mihi
2606 2985 2822 3036 contra

1126 3073 1267 3136 haec
1308 3071 1375 3135 in
1404 3071 1667 3159 Theage
1696 3095 1760 3158 p.
1794 3091 1935 3157 130.
1967 3096 2032 3158 p.
2070 3089 2213 3157 279.
2251 3072 2481 3152 Bekk„
2517 3073 2627 3138 ubi
2666 3074 2817 3138 Ari-

1130 3175 1321 3241 stides
1349 3190 1412 3239 et
1439 3174 1562 3238 alia
1588 3190 1820 3254 narrat,
1850 3175 2106 3262 quando
2148 3191 2211 3239 et
2248 3174 2568 3262 quomodo
2608 3174 2742 3263 ipse
2783 3199 2823 3240 a

1134 3282 1388 3346 Socrate
1428 3277 1772 3367 plurimum
1816 3278 2172 3368 profecerit,
2202 3298 2265 3344 et
2293 3300 2443 3344 vero
2483 3278 2619 3345 hoec
2646 3279 2815 3368 ipsa:

1130 3385 1289 3449 πολὺ
1316 3386 1382 3448 δὲ
1408 3383 1673 3464 μάλιστα
1703 3384 1800 3447 καὶ
1818 3389 2111 3448 πλεῖστον
2135 3385 2459 3457 ἐπεδίδουν,
2481 3385 2665 3448 ὁπότε
2684 3383 2819 3466 παρ’

1133 3486 1313 3551 αὐτόν
1343 3511 1417 3549 σε
1455 3486 1800 3567 (Socratem
1846 3483 2029 3566 dicit)
2071 3487 2355 3565 καθοίμην
2397 3487 2684 3570 ἐχόμενος
2727 3486 2823 3550 καὶ

1132 3591 1475 3670 ἁπτόμενος.
1568 3590 1790 3674 Atque
1828 3587 1946 3652 ista
1990 3586 2219 3652 scilicet
2251 3590 2532 3652 Socrates
2559 3611 2684 3653 non
2713 3589 2828 3653 mi-

1132 3714 1252 3759 nus
1272 3707 1571 3779 tanquam
1603 3714 1779 3756 suam
1810 3690 1942 3779 ipse
1972 3690 2338 3756 sententiam
2369 3691 2823 3779 eloquitur—;

1132 3796 1326 3885 igitur
1353 3796 1471 3860 ista
1498 3794 1652 3859 mihi
1680 3794 1893 3881 legito,
1918 3810 1981 3859 et
2003 3818 2146 3859 cum
2178 3794 2274 3858 his
2305 3795 2593 3860 Convivii
2625 3795 2829 3860 verbis

1134 3897 1507 3984 componito.
1597 3897 1770 3975 Quid
1812 3898 2090 3984 quaeris?
2138 3899 2464 3986 Theagem
2500 3898 2647 3963 fecit
2679 3898 2830 3963 Ale-

1134 4000 1459 4065 xandrinae
1501 3999 1755 4064 familiae
1798 3997 2232 4089 philosophus,
2261 4024 2466 4089 neque
2512 4025 2662 4065 vero
2704 4001 2830 4088 pri-

1137 4106 1370 4171 marius
1398 4105 1645 4191 aliquiS,
1665 4103 1839 4168 velut
1865 4104 2177 4183 Plotinus,
2205 4104 2314 4168 sed
2343 4128 2419 4169 ex
2452 4104 2830 4169 secundariis

1136 4209 1277 4289 illis,
1303 4207 1414 4295 qui
1444 4208 1570 4271 vim
1615 4207 1887 4271 divinam
1934 4230 2048 4295 per
2092 4220 2414 4272 contactus
2448 4207 2612 4272 tradi
2651 4230 2830 4294 posse

1138 4312 1583 4399 opinabantur,
1644 4324 1707 4375 et
1756 4310 1819 4374 in
1867 4310 2073 4375 verbis
2130 4310 2547 4398 orationisque
2603 4332 2830 4398 genere

1142 4415 1467 4481 Platonem
1513 4413 1753 4479 felicius
1793 4413 2222 4493 imitabantur,
2253 4438 2442 4501 quam
2473 4415 2536 4478 in
2569 4414 2832 4478 decretis

1143 4543 1214 4583 ac
1258 4517 1597 4582 sententiis.
1690 4517 1921 4583 Primae
1964 4534 2176 4583 autem
2221 4519 2420 4583 aetatis
2456 4517 2833 4583 Alexandri-

1146 4642 1297 4685 num
1343 4619 1642 4706 suspicor,
1673 4635 1736 4684 et
1765 4620 1876 4707 qui
1914 4619 2155 4708 aliquot
2184 4620 2407 4686 seculis
2442 4619 2831 4707 praeverterit

1149 4721 1576 4787 Plutarchum.

1230 4848 1298 4912 p.
1329 4838 1483 4909 337,
1515 4842 1572 4888 2.
1607 4826 1683 4888 Et
1710 4827 1775 4888 δὲ
1804 4830 2114 4907 πανταχοῦ
2150 4826 2187 4904 ἡ
2215 4826 2328 4904 ὕλη
2356 4827 2506 4904 μετὰ
2533 4828 2636 4903 τῆς
2662 4826 2828 4889 ποιό-

1040 5000 1043 5005 .
1146 4954 1315 5009 τητος
1340 4955 1393 4991 κ.
1418 4953 1474 4990 τ.
1492 4926 1587 5015 λ.]
1623 4927 1772 4991 Hoc
1799 4925 1936 4990 loco
1967 4927 2255 4991 Plotinus
2296 4948 2545 4991 rursum
2593 4927 2824 5014 Scepti-

1145 5051 1360 5095 corum
1389 5028 1710 5114 disputata
1737 5029 2039 5116 respicere
2068 5028 2336 5093 videtur.
2402 5029 2567 5091 Nam
2604 5030 2834 5092 Sextus

1147 5159 1213 5224 p.
1251 5154 1388 5215 144.
1419 5132 1540 5196 ita:
1591 5134 1645 5197 εἰ
1685 5134 1751 5196 δὲ
1793 5134 1897 5200 τὰς
1938 5134 2248 5212 ποιότητας
2289 5132 2614 5213 μίγνυσθαι
2660 5131 2835 5213 λέγοι

1149 5266 1252 5313 τις,
1285 5240 1390 5305 τὰς
1432 5237 1497 5300 δὲ
1541 5235 1748 5302 οὐσίας
1788 5239 2080 5315 μηδαμῶς,
2117 5235 2377 5299 ἀδύνατα
2412 5233 2596 5312 λέξει.
2643 5234 2680 5312 ἦ
2717 5237 2833 5317 γᾶρ

1147 5348 1265 5407 τῶν
1292 5338 1618 5419 ποιοτήτων
1644 5339 1972 5405 ὑπόστασις
2000 5340 2066 5403 ἐν
2095 5343 2226 5404 ταῖς
2254 5337 2482 5404 οὐσίαις
2511 5337 2662 5400 ἐστί.
2712 5339 2831 5402 διό-

1149 5471 1260 5527 περ
1288 5449 1533 5527 γελοῖον
1562 5442 1637 5507 ἂν
1668 5444 1756 5521 εἵη
1783 5440 2008 5523 λέγειν,
2043 5442 2119 5508 ὡς
2149 5442 2207 5505 οἱ
2241 5442 2353 5521 μὲν
2380 5441 2686 5521 ποιότητες
2711 5467 2830 5523 χω-

1147 5551 1447 5629 ρισθεῖσαι
1473 5550 1591 5608 τῶν
1619 5544 1837 5609 οὐσιῶν
1869 5538 1999 5627 [καὶ
2038 5540 2373 5606 delendum
2406 5539 2686 5630 videtur]
2720 5544 2836 5628 ἰδίᾳ

2890 919 3007 977 τῶν
3038 912 3401 994 κιρναμένων
3433 912 3529 976 καὶ
3569 914 3632 975 αὶ
3665 912 3865 975 οὐσίαι
3901 915 4165 994 χωροῦσι
4199 907 4269 973 δι’
4302 906 4587 987 ἀλλήλων

2896 1015 2993 1078 καὶ
3016 1016 3371 1096 μιγνύμεναι
3398 1014 3506 1093 τὴν
3538 1018 3748 1095 κρᾶσιν
3774 1014 4193 1077 ἀποτελοῦσιν·
4237 1010 4273 1073 δ
4301 1015 4420 1073 τῶν
4445 1034 4585 1091 προ-

2897 1117 3217 1200 ειρημένων
3249 1119 3415 1182 ἐστὶν
3445 1117 3734 1199 (fortasse
3775 1116 3892 1200 ἔτι)
3928 1115 4322 1196 ἀτοπώτερον.
4371 1113 4584 1176 ἀδύνα-

2896 1247 2996 1287 τος
3041 1219 3157 1302 γάρ
3204 1222 3371 1283 ἐστιν
3385 1297 3400 1312 ,
3414 1222 3451 1299 ἡ
3493 1222 3731 1300 τοιαύτη
3776 1224 3994 1301 κρᾶσις.
4087 1218 4276 1298 Quod
4327 1217 4590 1303 probare

2898 1322 3106 1386 studet
3125 1321 3437 1410 exemplo,
3459 1322 3508 1387 si
3534 1323 3679 1410 quis
3700 1321 3912 1408 decem
3936 1321 4157 1411 cotylis
4186 1343 4369 1407 aquae
4402 1342 4589 1384 unam

2895 1425 3059 1490 succi
3085 1425 3306 1490 cicutae
3331 1426 3600 1514 cotylam
3631 1426 3988 1491 admisceat.

2984 1568 3070 1579 —
3101 1550 3201 1615 15.
3231 1527 3269 1609 ἢ
3312 1531 3405 1593 ὅτι
3456 1533 3763 1611 ἀσώματοι
3808 1531 3901 1612 (αἱ
3940 1531 4274 1612 ποιότητες)
4311 1530 4414 1606 τῆς
4449 1527 4592 1605 ὕλης

2902 1633 3219 1713 ἀσωμάτου
3248 1634 3456 1722 οὔσης]
3492 1633 3592 1698 Cf.
3613 1633 3776 1697 infra
3796 1655 3934 1720 cap.
3956 1652 4021 1718 3.
4040 1633 4124 1696 G.
4154 1635 4249 1695 δεῖ
4269 1629 4377 1694 τὸν
4402 1630 4594 1711 λόγον

2902 1736 3280 1815 τοῦτον-μὴ
3320 1736 3428 1815 τὴν
3454 1738 3606 1816 ὕλην
3639 1733 4226 1817 συμπεριειληφέναι.
4304 1732 4593 1796 Stoboeus

2905 1836 3130 1925 Eclog.
3162 1839 3215 1901 I.
3247 1860 3310 1925 p.
3333 1853 3511 1923 370.:
3560 1839 3696 1907 τοὺς
3738 1837 4084 1917 ἀσωμάτους
4122 1837 4344 1917 λόγους
4380 1833 4594 1902 οἵτινές

2907 1944 3026 2005 εἱσι
3080 1942 3257 2023 λόγοι
3314 1943 3764 2023 συγκρίνασθαι.
3853 1938 4209 2003 Heerenius
4265 1937 4401 2001 haec
4446 1937 4594 2001 Ari-

2902 2043 3107 2110 stoteli
3136 2043 3394 2109 attribui
3424 2044 3685 2108 miratus
3713 2066 3827 2108 nec
3855 2042 3918 2106 in
3950 2066 4048 2122 eo,
4080 2064 4194 2106 nec
4231 2040 4294 2105 in
4326 2041 4465 2128 ejus
4491 2041 4590 2104 in-

2902 2164 3172 2235 terprete
3200 2147 3571 2213 Alexandro
3599 2146 4074 2236 Aphrodisiens.
4118 2148 4322 2229 λόγων
4350 2143 4593 2226 ἀσωμά-

2903 2277 3023 2316 των
3053 2250 3426 2315 mentionem
3472 2249 3725 2338 reperiri
3769 2263 4000 2314 monet.
4092 2246 4272 2312 Idem
4304 2247 4500 2312 verba
4542 2249 4597 2312 έί

2903 2380 3059 2423 τινες
3093 2353 3204 2438 (ita
3231 2353 3407 2419 dedit
3435 2377 3514 2419 ex
3546 2354 3711 2418 Cod.
3748 2356 3828 2418 A.
3862 2376 3979 2441 pro
4006 2354 4242 2434 οἵτινες)
4273 2354 4392 2415 εἰσι
4418 2353 4595 2433 λόγοι

2902 2458 3226 2545 glossatori
3270 2457 3483 2521 deberi
3526 2456 3861 2536 existimat,
3901 2455 4167 2542 ideoque
4214 2452 4457 2518 uncinis
4505 2454 4596 2517 in-

2902 2561 3106 2626 clusit.
3195 2560 3513 2647 Equidem
3560 2583 3703 2624 cum
3748 2560 3869 2624 hoc
3907 2560 4327 2645 fragmentum
4360 2556 4424 2620 in
4459 2556 4597 2622 loco

2905 2666 3040 2747 περὶ
3071 2664 3332 2748 κράσεως
3354 2665 3449 2728 καὶ
3475 2666 3688 2744 μίξεως
3713 2662 3885 2750 apud
3927 2662 4246 2728 Stobaeum
4278 2675 4501 2740 exstet,
4532 2675 4596 2724 et

2905 2792 3049 2834 cum
3083 2767 3452 2832 Plotinianis
3481 2767 3797 2831 sententiis
3819 2766 3919 2831 hic
3942 2766 4198 2854 prolatis
4222 2778 4594 2852 congruant,

2907 2870 3067 2935 male
3097 2868 3489 2934 Aristoteleis
3517 2869 3761 2957 adjecta
3790 2892 3921 2933 esse
3958 2867 4353 2933 crediderim.
4410 2870 4514 2932 Ac
4544 2868 4594 2931 si

2906 2971 3196 3038 hariolari
3245 2971 3448 3048 liceat,
3503 2987 3673 3036 totus
3722 2971 3896 3036 locus
3943 2971 4032 3036 ita
4081 2968 4592 3035 constituendus:

2905 3078 3335 3159 παρατίθεσθαι
3362 3073 3669 3154 ἀλλήλοις·
3750 3073 3975 3156 (Hisce
3999 3073 4203 3138 verbis
4229 3072 4457 3138 desinit
4485 3096 4593 3137 ex-

2906 3194 3187 3266 cerptum
3218 3201 3297 3242 ex
3323 3176 3679 3241 Aristotelis
3708 3177 3967 3265 scripto)
3998 3179 4155 3246 Τοὺς
4174 3179 4228 3242 δ’
4252 3176 4599 3258 ἀσωμάτους

2906 3285 3126 3368 λόγους
3155 3282 3310 3347 εἰσὶν
3340 3281 3554 3349 οἵτινες
3578 3280 3830 3364 λέγουσι
3859 3282 4309 3365 ουγκρίνασθαι.

3527 3471 3632 3536 LI
3649 3471 3724 3535 B.
3773 3471 3977 3535 VIII.

2998 3591 3075 3655 P.
3106 3609 3259 3676 343,
3291 3606 3353 3672 7.
3387 3594 3582 3655 ΠΕΡΙ
3632 3593 4013 3653 ΟΡΑΣΕΩΣ
4043 3615 4093 3652 κ.
4119 3612 4169 3650 τ.
4193 3587 4287 3671 λ.]
4323 3587 4598 3652 Tricesi-

2911 3714 3053 3757 mus
3104 3693 3364 3779 quintus
3414 3692 3756 3757 secundum
3806 3689 4100 3778 temporis
4140 3690 4419 3756 ordinem
4469 3715 4599 3779 quo

2913 3795 3124 3885 scripti
3152 3812 3297 3861 sunt
3328 3795 3663 3861 Plotiniani
3700 3795 3864 3859 libri.
3939 3794 4139 3882 Apud
4170 3794 4600 3883 Porphyrium

2912 3914 3121 3965 autem
3152 3900 3216 3963 in
3245 3900 3515 3966 editione
3543 3899 3689 3964 vitae
3720 3898 3952 3964 Plotini
3981 3899 4210 3963 desunt
4238 3899 4428 3963 verba
4464 3901 4602 3982 περὶ

2915 4002 3177 4084 ὁράσεως
3222 4000 3260 4083 ἢ
3307 4002 3465 4084 (vid.
3511 4025 3648 4089 cap.
3692 4021 3791 4084 24.
3824 4024 3889 4089 p.
3924 4020 4062 4083 142.
4107 3999 4256 4088 ibiq.
4315 3999 4598 4085 Fabric.)

2915 4106 3060 4182 Quo
3101 4128 3250 4171 vero
3299 4105 3654 4193 conjunctio
3702 4105 3896 4192 hujus
3940 4104 4082 4169 libri
4127 4126 4269 4167 cum
4314 4103 4603 4191 proxime

2913 4207 3289 4295 praecedenti
3345 4208 3748 4294 intelligatur,
3808 4230 4118 4295 apponam
4180 4204 4386 4271 locum
4449 4205 4604 4272 Plu-

2917 4309 3112 4373 tarchi
3140 4310 3203 4373 in
3238 4309 3650 4396 Symposiacc.
3687 4311 3743 4374 1.
3779 4312 3838 4375 8.
3867 4330 3932 4390 4.
3960 4332 4022 4397 p.
4058 4310 4207 4375 626.
4240 4310 4320 4373 C.
4350 4331 4413 4396 p.
4441 4327 4595 4395 532.

2916 4412 3160 4498 Wytt.=
3207 4414 3370 4492 ἡμεῖς
3399 4414 3464 4476 δὲ
3498 4413 3606 4491 τὴν
3635 4412 4044 4491 Πλατωνικὴν,
4077 4410 4452 4494 φυλάξαντες
4493 4414 4598 4493 ἆρ-

2915 4514 3050 4597 χῆν,
3101 4513 3364 4596 λέγομεν
3410 4516 3501 4578 ὅτι
3547 4520 3778 4595 πνεῦμα
3822 4521 3939 4578 τῶν
3977 4517 4255 4594 ὀμμάτων
4300 4516 4604 4597 αὐγοειδὲς

2918 4618 3201 4681 ἐκπίπτον
3231 4619 3611 4699 ἀνακίρναται
3639 4623 3720 4704 τῷ
3746 4620 3881 4700 περὶ
3921 4622 3995 4682 τά
4024 4619 4270 4698 σώματα
4298 4618 4469 4700 φωτὶ,
4507 4617 4603 4682 καὶ

2915 4719 3217 4800 λαμβάνει
3243 4723 3554 4802 σύμπηξιν,
3579 4723 3735 4786 ὥστε
3762 4723 3831 4786 ἐν
3861 4725 3924 4801 ἐξ
3953 4725 4178 4804 ἀμφοῖν
4199 4728 4371 4802 σῶμα
4399 4724 4605 4789 διόλου

2918 4825 3219 4903 συμπαθὲς
3273 4822 3574 4904 γενέσθαι·
3643 4823 3987 4906 κεράννυται
4044 4827 4108 4888 δὲ
4168 4824 4373 4906 ἕτερον
4421 4824 4603 4912 ἑτέρῳ

2918 4927 3273 5008 συμμετρίας
3298 4927 3464 5011 λόγῳ
3492 4951 3559 4990 τε
3589 4927 3683 4989 καὶ
3709 4929 4054 5007 ποσότητος·
4101 4929 4171 4991 οὐ
4204 4930 4322 5010 γὰρ
4360 4929 4600 5010 ἀναιρε-

2920 5032 3091 5107 θῆναι
3134 5033 3229 5091 δεῖ
3266 5027 3515 5110 θάτερον
3550 5028 3665 5093 ὑπὸ
3710 5028 3957 5112 θατέρου
4002 5032 4287 5112 κρατηθὲν
4321 5028 4459 5094 ἀλλ’
4501 5030 4601 5097 ἀπ’

2920 5132 3145 5212 ἀμφοῖν
3176 5130 3236 5198 ἔς
3261 5155 3318 5193 τι
3343 5130 3534 5211 μέσον
3563 5134 3812 5217 ἁρμονίᾳ
3841 5131 3935 5195 καὶ
3965 5134 4237 5217 κοινωνίᾳ
4271 5134 4604 5216 συναχθέν-

2919 5258 3037 5296 των
3092 5234 3236 5313 μίαν
3292 5236 3537 5313 δύναμιν
3594 5237 4035 5299 ἀποτελεῖσθαι.
4122 5241 4167 5273 “
4196 5236 4332 5298 Nos
4388 5248 4602 5301 autem

2921 5332 3313 5399 Platonicum
3344 5336 3538 5399 secuti
3577 5335 3950 5424 principium
3985 5335 4284 5417 dicemuS,
4312 5337 4604 5425 spiritum

2919 5436 3073 5501 lucis
3122 5436 3378 5500 similem
3431 5461 3508 5502 ex
3558 5437 3754 5502 oculis
3800 5436 4104 5517 excidere,
4160 5453 4225 5504 et
4265 5460 4412 5504 cum
4464 5439 4605 5508 luce

2919 5563 3065 5626 quae
3112 5538 3277 5604 circa
3321 5562 3550 5628 corpus
3590 5554 3707 5622 est,
3758 5541 4159 5620 commisceri,
4203 5564 4277 5607 ac
4326 5567 4475 5609 cum
4530 5568 4606 5610 ea
