5118 6613
1339 548 1543 613 LIB.
1594 547 1714 612 vl
1760 548 2225 612 ENNEAD
2276 545 2747 610 TERTIAE.
2789 568 2853 633 p
2881 561 3246 632 539-551·

3900 568 4014 637 173

601 748 666 813 p.
651 742 821 810 .,542
834 722 928 788 18.
946 721 1578 801 κῆπος-καὶπλούτου
1590 721 2088 810 ἑγκαλλῶπισμα]
2101 721 2237 785 Ex·
2321 723 2437 784 τῶν
2487 718 2942 800 ἀπέσβηκε,τά
2986 720 3051 782 δὲ
3103 716 3505 800 διεσπαρμένα
3559 723 3781 802 εἴρηται
3838 723 4016 806 χωρὶς

546 843 741 891 tremo
769 822 1076 889 vocabulo
1103 822 1431 910 adjicitur.
1480 827 1581 903 τῆς
1607 826 1809 915 ψυχῆς
1843 822 1907 886 iu
1949 822 2234 887 Christo·

543 930 724 1018 phori
772 925 1202 994 Contoleontis
1245 924 1580 1012 Excerptis
1617 949 1651 990 e
1692 924 1989 990 Plotino
1974 948 2040 989 in
2072 925 2232 991 Cod.

545 1035 687 1111 Vat,
717 1055 816 1097 nr.
850 1051 1042 1114 2141.
1108 1030 1362 1108 Vereor,
1380 1041 1452 1093 ut
1481 1042 1665 1093 recte.
1740 1026 2037 1092 Proxime
2066 1027 2237 1093 haud

540 1136 776 1201 veritus
804 1159 942 1200 sum
985 1155 1286 1223 reponere
1325 1130 1669 1216 ἀγλαΐζεται
1705 1132 1801 1196 καὶ
1832 1136 1912 1218 τῷ
1957 1136 2063 1197 τοῦ
2092 1132 2240 1200 Διὸς

539 1241 704 1326 λόγῳ
748 1261 866 1326 pro
908 1238 1001 1303 τά.
1094 1236 1400 1324 Respexit
1447 1248 1658 1300 autem
1702 1246 1986 1300 nostrum
2031 1234 2237 1300 locum

541 1343 665 1406 Ea.
686 1340 1116 1430 Spanhemiua
1137 1339 1202 1403 in
1222 1338 1382 1402 notis
1402 1336 1484 1402 ad
1505 1360 1664 1401 νοτε.
1687 1336 1973 1423 gallicam
1996 1338 2043 1400 J
2049 1336 2240 1402 uliani

545 1446 866 1510 Caesarum
897 1466 962 1531 p.
996 1442 1141 1508 228.
1186 1456 1313 1506 not.
1346 1441 1507 1525 778:
1558 1445 1604 1479 “
1636 1440 1850 1504 Plotia
1879 1461 1957 1503 en
1984 1441 2242 1527 quelque

540 1548 788 1612 endroit
813 1547 1055 1635 appelle
1076 1547 1164 1610 les
1187 1567 1470 1612 JARDINS
1489 1567 1575 1607 na
1593 1543 1649 1608 J
1651 1565 1924 1623 varran,
1943 1544 2009 1607 la
2027 1545 2235 1631 ‚splen-

543 1651 724 1730 denr,
753 1653 888 1739 qui,
917 1658 1167 1715 sor-tant
1193 1650 1270 1713 de
1295 1670 1409 1713 son
1439 1647 1881 1723 entendement,
1916 1670 1998 1712 va
2025 1649 2243 1713 briller

543 1756 704 1820 dans
732 1755 915 1818 l'ame
942 1754 1018 1818 de
1045 1753 1384 1818 Chommeff'

622 1881 691 1946 p.
712 1874 867 1943 543,
886 1875 950 1942 5.
986 1857 1081 1921 καὶ
1110 1859 1143 1920 6
1169 1860 1425 1921 πλοῦτος
1452 1860 1573 1918 τῶν
1602 1859 1818 1927 καλῶν,
1853 1855 1920 1917 ἑν
1951 1854 2241 1937 ἑκφάνσει

542 1959 673 2046 ἤδη]
729 1958 1137 2025 Aristobulus
1156 1982 1259 2047 ap.
1285 1958 1524 2022 Euseb.
1558 1958 1630 2021 P.
1659 1958 1741 2020 E.
1768 1956 1967 2020 VIII.
2001 1979 2069 2044 p.
2091 1958 2237 2042 378.

545 2066 668 2127 A.:
717 2067 790 2144 τῇ
840 2068 946 2127 τοῦ
990 2062 1174 2144 πυρὸς
1220 2061 1601 2144 ἀστραπηδὸν
1648 2059 2121 2143 ἑκφάνσει-διά
2171 2061 2239 2125 τὸ

545 2167 677 2234 τοὺς
699 2172 1074 2249 συνορῶντας
1092 2167 1455 2248 ἔκφαντικῶς
1483 2164 1707 2228 ἕκαστα
1737 2162 2238 2245 καταλαμβάνειν.

546 2269 652 2335 Cf.
687 2268 1027 2356 Wyttenb.
1055 2266 1135 2332 ad
1175 2266 1500 2332 Plutarch.
1531 2288 1599 2353 p.
1634 2280 1780 2348 714.
1812 2265 1922 2352 qui
1955 2268 2240 2349 ἐμφαντι-

546 2379 656 2441 κῶς
700 2372 898 2459 magis
946 2370 1393 2437 Plutarcheum
1443 2368 1616 2446 dicit,
1646 2382 1710 2433 et
1752 2368 1871 2433 hoc
1914 2368 2242 2433 discrimen

545 2475 742 2563 ponit,
775 2490 848 2540 ut
878 2477 1191 2558 ἐμφαίνειν
1222 2473 1339 2538 sit:
1386 2474 1639 2537 omnino
1667 2473 1823 2560 quid
1847 2474 2239 2560 aig-afficere,

541 2580 784 2644 clarum
813 2588 870 2644 et
899 2578 1375 2663 notumfacere‚
1400 2576 1709 2657 ἐκφαίνειν
1739 2596 1871 2638 rem
1901 2598 1982 2640 ea·
2007 2575 2244 2641 occulto

546 2683 631 2747 ad
658 2682 859 2747 lucem
889 2680 1255 2770 producere.
1322 2678 1514 2743 Adde
1544 2677 1838 2743 Proclum
1871 2678 1936 2742 in
1967 2678 2114 2744 Alc.
2143 2702 2242 2767 pr.

545 2809 611 2872 p.
643 2799 750 2872 51.
783 2803 891 2870 52.
925 2803 1027 2866 71.
1061 2794 1128 2847 et
1159 2782 1369 2847 Instit.
1404 2779 1634 2846 Theol.
1669 2781 1809 2846 111.
1851 2784 1992 2846 186.

634 2925 721 2939 —-
749 2890 815 2953 6.
866 2888 961 2952 καὶ
1009 2887 1184 2951 τοῦτό
1234 2887 1363 2949 ἐστι
1421 2884 1489 2949 τὸ
1544 2886 1785 2965 μεθύειν
1829 2888 1910 2971 τῷ
1972 2884 2237 2974 νέκταρι]

548 2988 944 3078 Porphyrius
1001 2989 1082 3053 de
1153 2989 1366 3052 Antro
1424 2986 1707 3074 Nymph.
1773 2988 1973 3051 XVI.
2034 3012 2101 3076 p.
2147 2990 2241 3052 16.

549 3094 784 3159 Goens.
859 3095 1277 3178 Posteaquam
1332 3105 1543 3154 nectar
1593 3104 1657 3154 et
1707 3091 2076 3154 ambrosiam
2128 3113 2246 3178 pro

548 3195 730 3262 melle
757 3220 798 3261 a
821 3193 1137 3260 nonnullis
1165 3192 1360 3281 accipi
1390 3192 1655 3271 dixerat,
1684 3192 1773 3257 ita
1797 3194 2035 3282 pergit:
2087 3198 2248 3277 παρὰ

549 3303 613 3365 δὲ
628 3304 710 3388 τῷ
733 3301 962 3383 Ὀρφεῖ
985 3300 1017 3362 ὁ
1045 3299 1272 3380 Κρόνος
1298 3296 1495 3377 μέλιτι
1520 3295 1635 3361 ὑπὸ
1659 3300 1764 3361 τοῦ
1784 3295 1930 3365 Διὸς
1952 3299 2247 3380 ἐνεδρεύε-

550 3431 664 3480 ται,
695 3404 985 3484 πλησθεὶς
1021 3407 1139 3486 γὰρ
1165 3401 1405 3483 μέλιτος
1430 3402 1653 3481 μεθύει,
1687 3402 1784 3466 καὶ
1820 3407 2133 3466 σκοτοῦται
2172 3403 2248 3470 ὦς

550 3507 666 3573 ἀπὸ
696 3510 864 3573 οἴνου
887 3507 980 3571 καὶ
1008 3509 1201 3570 ὑπνοῖ.
1249 3506 1326 3573 ὣς
1352 3508 1514 3586 παρὰ
1543 3503 1830 3568 Πλάτωνι
1860 3507 1892 3568 ὁ
1918 3507 2118 3586 Πόρος
2144 3510 2251 3568 τοῦ

553 3613 830 3694 νέκταρος
869 3612 1177 3692 πλησθείς.
1226 3611 1386 3674 οὔπω
1430 3613 1547 3692 γὰρ
1592 3607 1752 3676 οἶνος
1793 3608 1888 3688 ἦν’
1965 3611 2246 3673 Antece-

553 3715 763 3782 dentia
783 3729 994 3779 autem
1025 3712 1295 3800 respexit
1327 3711 1590 3776 Proclus
1618 3711 1682 3775 iu
1715 3710 1996 3775 Platonis
2023 3711 2247 3775 Theol.

553 3844 606 3884 c.
650 3838 748 3904 13.
780 3840 845 3904 p.
867 3819 952 3902 36
978 3841 993 3880 ε
1046 3820 1263 3884 Διττάς
1291 3819 1406 3898 γὰρ
1437 3816 1564 3900 ἔχει
1593 3819 1699 3884 τὰς
1727 3818 2031 3900 ἐνεργείας
2053 3819 2248 3901 (νοῦς)

556 3925 634 3991 ὥς
660 3934 850 4005 φησιν
878 3924 913 3985 6
941 3927 1274 3994 Πλωτῖνος,
1300 3923 1409 3988 τὰς
1445 3923 1577 4001 μὲν,
1611 3922 1687 3987 ὥς
1716 3926 1871 3998 νοῦς,
1902 3924 2007 3989 τὰς
2035 3923 2119 3995 δὲ,
2150 3946 2251 4001 με-

556 4027 711 4090 θύων
738 4028 822 4110 τῷ
851 4023 1104 4105 νέκταρι.
1171 4024 1335 4087 Mox
1368 4022 1657 4087 Ficinum
1686 4023 1906 4110 legisse
1933 4022 2203 4110 opineris
2227 4048 2241 4085 z

560 4132 693 4194 νοῦς
720 4128 787 4190 δὲ
825 4125 1036 4190 ἑαυτὸν
1077 4126 1234 4209 ἔχων
1270 4128 1337 4189 ἐν
1369 4128 1518 4213 κόρῳ
1557 4127 1856 4210 ἡσυχάζει.
1953 4126 2124 4191 Libri
2154 4140 2245 4190 ta-

559 4252 698 4293 men
728 4227 817 4292 nil
848 4227 1105 4292 variant.

642 4369 729 4383 —-
764 4352 791 4395 1
808 4353 832 4395 1
848 4381 862 4394 .
910 4336 1029 4395 Δεῖ
1052 4333 1117 4395 δὲ
1146 4331 1280 4399 τοὺς
1305 4333 1758 4412 μύθους-ὅπου
1783 4333 1879 4396 καὶ
1908 4334 1966 4396 οἱ
1990 4334 2254 4415 λόγοι-

559 4433 877 4522 διαιροῦσι]
925 4436 1139 4497 Aurea
1183 4456 1329 4497 sane
1358 4433 1568 4511 verba,
1615 4449 1678 4498 et
1720 4458 1867 4521 quae
1894 4434 2250 4499 fabularum

556 4535 827 4601 indolem
875 4537 1224 4599 universam
1262 4559 1605 4624 earumque
1648 4561 1685 4600 a
1728 4537 2012 4602 doctrina
2053 4554 2118 4602 et
2160 4560 2255 4601 ra-

558 4641 723 4705 tione
786 4640 1178 4726 (systemate)
1242 4638 1661 4704 diversitatem
1730 4640 1980 4726 penitus
2045 4641 2251 4728 aperi-

557 4759 686 4809 ant.
776 4742 965 4820 Quod
994 4755 1203 4806 autem
1246 4743 1465 4824 λόγους
1503 4742 1656 4807 dicit
1697 4758 1762 4808 et
1803 4743 1972 4831 ipsos
1998 4766 2254 4829 genera-

560 4848 755 4912 tiones
782 4868 1023 4923 eorum,
1054 4867 1201 4932 quoe
1225 4844 1439 4932 genita
1467 4869 1592 4910 non
1634 4844 1780 4923 sint,
1813 4845 2206 4910 introducere
2232 4871 2246 4909 z

556 4948 888 5037 cogitanda
930 4962 1077 5013 sunt
1127 4964 1406 5013 veterum
1459 4948 1994 5037 pbilosophorum,
2040 4964 2104 5013 et
2158 4949 2254 5036 ip-

560 5052 685 5116 sius
732 5050 1032 5129 Platonis,
1080 5051 1145 5115 in
1194 5051 1441 5116 Timaeo
1485 5051 1775 5131 maxime,
1818 5053 2253 5139 cosmogoniae,

558 5155 621 5218 in
648 5153 883 5242 quibus
910 5156 1117 5237 γενεαὶ
1143 5169 1207 5218 et
1235 5154 1506 5238 γενέσεις
1521 5169 1945 5219 memorantur
1972 5155 2037 5219 in
2064 5155 2254 5220 rebus

560 5255 712 5321 adeo
759 5256 1204 5344 metaphysicis
1252 5272 1317 5322 et
1373 5256 1730 5322 moralibus.
1823 5260 1902 5323 In
1962 5259 2254 5324 extremis

563 5374 765 5424 autem
798 5358 1007 5423 verbis
1047 5358 1338 5425 Plotinus
1376 5361 1680 5448 expressit
1722 5360 1927 5426 locum
1976 5361 2254 5427 Platonis

565 5460 624 5526 in
644 5460 912 5527 Politico
940 5483 1004 5549 p.
1029 5464 1173 5547 269.
1207 5486 1275 5550 p.
1304 5478 1450 5546 272.
1484 5462 1688 5528 Bekk.
1723 5464 1832 5529 ubi
1861 5467 2010 5529 item
2033 5463 2115 5530 de
2145 5482 2254 5530 an-

566 5563 752 5652 tiquis
778 5563 1014 5629 fabulis
1030 5569 1236 5630 ε-διᾶ
1281 5567 1347 5630 δὲ
1381 5568 1602 5650 χρόνου
1633 5571 1859 5648 πλῆθος
1892 5571 1968 5633 ra
2004 5570 2117 5648 μὲν
2146 5570 2248 5634 αὗ-

2324 824 2549 887 ἔκαστα
2578 821 2676 887 ἀπ’
2710 822 3016 902 ἀλλήλων.

2999 925 3197 989 Ι.ῙΒ.
3262 926 3382 990 VI.

2410 1052 2474 1116 p.
2534 1045 2687 1115 551,
2739 1044 2799 1112 7.
2873 1034 3066 1092 ΠΕΡΙ
3125 1034 3295 1093 ΤΗΣ
3347 1034 3778 1095 ΑΠΑΘΕΙΑΣ
3836 1037 4014 1096 ΤΩΝ

2325 1133 2825 1216 ΑΣΩΜΑΤΩΝ]
2880 1130 3067 1195 Liber
3117 1130 3453 1218 vigesimus
3494 1145 3558 1196 et
3601 1147 3816 1197 sextus
3857 1134 4017 1215 (vid.

2327 1235 2644 1323 Porphyr.
2688 1234 2768 1298 de
2800 1233 2927 1299 vit.
2964 1233 3132 1298 Plot.
3173 1257 3225 1299 c.
3274 1252 3335 1319 5.
3369 1249 3432 1299 et
3472 1259 3527 1299 c.
3563 1254 3666 1317 24.
3706 1234 3856 1325 ibiq.
3892 1238 4016 1302 Fa-

2325 1336 2514 1421 bric.)
2564 1336 2919 1424 idcircoque
2966 1336 3248 1424 proxime
3294 1352 3439 1403 ante
3485 1353 3609 1403 tres
3659 1338 3849 1404 libros
3883 1341 4021 1425 περὶ

2324 1443 2526 1524 ψυχῆς
2578 1442 2836 1521 ἀποριῶν
2893 1437 3305 1525 conscriptus.
3418 1439 3595 1506 Sicut
3651 1456 3861 1506 autem
3920 1443 4021 1509 hic

2327 1541 2484 1606 liber
2526 1542 2821 1629 praeludit
2862 1540 3033 1606 libris
3075 1541 3150 1605 de
3176 1543 3454 1606 Am'ma:
3497 1542 3588 1608 ita
3628 1542 3794 1609 illius
3827 1569 4018 1633 argu-

2327 1660 2608 1709 mentum
2641 1643 3212 1732 conjunctissimum
3243 1664 3336 1709 est
3373 1668 3517 1709 cum
3548 1646 3710 1711 binis
3738 1648 4022 1735 proxime

2326 1747 2874 1820 antecedentibus;
2924 1746 3433 1834 quandoquidem
3479 1748 3542 1813 in
3587 1750 3723 1814 loco
3765 1751 3845 1816 de
3888 1752 4020 1818 dae-

2325 1850 2618 1915 monibus
2671 1849 2827 1930 illud
2888 1850 3073 1914 etiam
3132 1850 3195 1914 in
3254 1851 3469 1938 primis
3525 1853 3857 1939 quaesitum
3905 1873 4020 1936 est,

2329 1964 2540 2018 utrum
2573 1951 2832 2040 corpore
2883 1952 3007 2017 sint
3051 1952 3302 2040 praediti
3339 1954 3658 2042 igiturque
3702 1957 3832 2044 pati
3876 1983 4017 2047 pos-

2328 2057 2472 2134 sint,
2504 2080 2618 2120 nec
2660 2079 2754 2120 ne.
2846 2056 2990 2120 Vid.
3025 2080 3216 2145 supra
3241 2080 3306 2145 p.
3354 2076 3502 2144 295.
3535 2060 3621 2124 G.
3662 2076 3727 2126 et
3754 2085 3900 2149 quae
3934 2064 4021 2128 ibi

2326 2160 2775 2248 adposuimus;
2834 2183 2979 2246 quae
3037 2160 3303 2246 quaestio
3358 2162 3675 2249 praecipue
3731 2165 3916 2230 etiam
3956 2167 4022 2232 iu

2328 2265 2558 2328 Amore
2604 2261 2868 2350 repetita
2912 2277 3026 2340 est,
3081 2262 3386 2350 siquidem
3425 2263 3666 2347 Ἔρωτα
3723 2269 4019 2352 ἐνεργητι-

2331 2365 2436 2430 κὸν
2493 2365 2832 2429 distinxere
2879 2381 3118 2430 veteres
3160 2389 3201 2430 a
3256 2370 3570 2454 παθητικῷ.
3681 2370 3847 2435 Eam
3901 2372 4027 2437 dis-

2329 2466 2685 2532 tinctionem
2736 2468 2827 2533 ita
2875 2468 3120 2534 orditur
3182 2468 3435 2533 Proclus
3477 2470 3539 2534 in
3589 2471 3736 2538 Alc.
3799 2498 3894 2562 pr.
3959 2478 4020 2560 ξ.

2327 2590 2436 2655 39.
2465 2593 2534 2657 p.
2576 2589 2718 2653 117,
2753 2583 2824 2635 ut
2853 2569 3002 2658 ipsis
3033 2570 3238 2636 verbis
3271 2572 3605 2639 admoneat
3646 2579 4020 2663 argumenti,

2329 2672 2391 2736 in
2449 2696 2580 2759 quo
2646 2672 2748 2737 hic
2806 2672 2964 2737 liber
3022 2672 3256 2738 Plotini
3314 2689 3634 2741 versatur:
3712 2684 3851 2745 Τῶν
3911 2686 4025 2766 γὰρ

2330 2776 2661 2858 ἀσωμάτων
2714 2777 2781 2840 τὸ
2838 2784 3051 2852 ποιεῖν,
3100 2784 3219 2842 τῶν
3269 2780 3335 2843 δὲ
3382 2788 3729 2861 σωματικῶν
3777 2783 3846 2847 τὸ
3903 2786 4020 2850 πά·

2329 2905 2504 2963 σχειν
2533 2883 2717 2944 ἵδιονε
2768 2881 3122 2945 ἀντίκεινται
3152 2884 3218 2946 δὲ
3264 2883 3380 2964 ἄρα
3407 2885 3465 2947 οἳ
3495 2885 3706 2967 ἔρωτες
3734 2888 4022 2970 ἀλλήλοις

2333 2984 2617 3064 εἴπερ-ὁ
2654 2984 2767 3063 μὲν
2797 2985 3167 3066 ἐνεργητικός
3207 2987 3355 3060 ἐστι,
3387 2988 3421 3050 6
3460 2989 3526 3050 δὲ
3567 2994 3901 3071 παθητικάς,
3936 2994 4030 3058 καὶ

2332 3090 2365 3149 6
2394 3088 2505 3167 μὲν
2535 3087 2736 3160 ἄῦλος,
2769 3090 2803 3151 6
2833 3089 2898 3151 δὲ
2928 3087 3131 3155 ὑλικὸς
3176 3115 3226 3152 κ.
3255 3115 3309 3152 τ.
3333 3097 3396 3155 λ.
3489 3091 3653 3157 Inde
3691 3095 3860 3174 satia,
3891 3099 4024 3183 opi-

2333 3213 2470 3268 nor,
2514 3189 2775 3279 intelligi
2821 3191 3074 3278 poterit,
3104 3213 3219 3255 cur
3257 3190 3377 3256 illis
3417 3193 3808 3281 potissimum
3854 3198 4032 3267 libris

2332 3293 2502 3360 hunc
2552 3294 2761 3383 ipsum
2812 3294 3174 3383 adjunxerit
3231 3297 3643 3386 Porphyrius,
3735 3303 4032 3392 Incorpo-

2333 3419 2511 3463 reum
2555 3415 2790 3477 autem,
2824 3398 2952 3463 sive
2990 3400 3057 3464 τὸ
3102 3401 3438 3479 ἀσώματον,
3481 3402 3657 3488 quod
3703 3404 3925 3471 Graece
3966 3421 4030 3473 et

2332 3500 2466 3588 ipse
2495 3502 2821 3589 usurpavit
2849 3502 3070 3566 Cicero
3097 3503 3178 3565 de
3201 3503 3283 3566 N.
3310 3503 3397 3566 D.
3425 3503 3484 3566 I.
3518 3523 3616 3581 12,
3640 3529 3829 3592 quam
3861 3510 4029 3575 varie

2335 3603 2601 3683 dicatur,
2635 3627 2757 3668 non
2787 3619 2903 3685 est,
2935 3604 3106 3691 quod
3138 3605 3199 3668 h.
3224 3603 3269 3669 l.
3301 3628 3657 3692 quaeramus
3686 3625 3830 3697 post
3860 3613 4028 3678 Gud-

2338 3708 2559 3771 worthi
2588 3722 2651 3772 et
2679 3707 3013 3772 Moahemz’i
3041 3707 3360 3794 disputata
3397 3708 3464 3772 in
3509 3711 3778 3797 System.
3815 3715 4026 3782 Intell.

2340 3809 2401 3872 Ι.
2437 3812 2535 3874 26.
2582 3833 2642 3897 p.
2673 3812 2780 3895 36.
2821 3833 2910 3896 sq.
2947 3810 3065 3873 IV.
3099 3830 3204 3892 24.
3245 3835 3307 3897 p.
3337 3832 3486 3897 491.
3532 3813 3606 3877 V.
3638 3834 3699 3900 3.
3731 3839 3801 3903 p.
3839 3839 4025 3904 1014.

2337 3935 2472 4000 sqq.
2507 3912 2595 3993 (in
2628 3911 2859 3999 quibus
2887 3928 3092 3977 tamen
3124 3912 3271 3977 locis
3299 3913 3361 3978 in
3392 3914 3668 3982 Platonis
3694 3935 3861 3985 certe
3892 3924 4030 3990 Pla-

2336 4014 2813 4103 tonicorumque
2858 4014 3368 4103 philosophorum
3409 4035 3680 4085 mentem
3710 4020 3896 4088 altius
3923 4027 4030 4093 de-

2337 4118 2578 4184 scendit
2609 4120 2962 4183 Moshemio
2994 4121 3442 4206 Cudworthus)
3472 4121 3629 4187 illud
3659 4127 3852 4191 verbo
3895 4153 4025 4195 mo-

2340 4222 2546 4286 nuisse
2598 4221 2861 4287 sufficiat
2892 4247 2906 4286 ε
2986 4225 3302 4303 ἀσώματον
3357 4224 3420 4287 in
3494 4225 4027 4315 Pythagoreorum

2339 4324 2583 4412 scriptis
2638 4324 2911 4412 reperiri.
3028 4325 3280 4390 Ocellus
3326 4328 3620 4393 Lucanus
3658 4330 3737 4395 de
3783 4334 4030 4403 Natura

2340 4426 2610 4490 universi
2664 4427 2765 4490 II.
2807 4449 2873 4514 p.
2903 4447 3054 4513 519.
3102 4426 3290 4491 Gal.:
3339 4431 3417 4493 Αἱ
3466 4432 3533 4495 δὲ
3577 4433 3849 4514 δυνάμεις
3893 4440 4029 4505 οὔτε

2339 4533 2705 4613 φθείρονται,
2738 4532 2874 4596 οὔτε
2897 4531 3182 4613 γίνονται.
3230 4533 3404 4614 λόγοι
3431 4536 3548 4615 γὰρ
3570 4537 3872 4616 ἀσώματοι
3892 4567 4027 4625 wy-

2338 4632 2595 4716 χάνουσι
2622 4635 2863 4697 τούτων.
2945 4632 3120 4698 Plato
3143 4649 3348 4698 tamen
3381 4658 3653 4724 eumque
3676 4642 3868 4707 secuti
3889 4645 4028 4730 phi-

2339 4734 2582 4821 losophi
2607 4733 2898 4798 subtilius
2926 4740 3031 4798 τοῦ
3060 4735 3393 4814 ἀσωμάτου,
3426 4738 3813 4827 Incorporei,
3843 4748 4028 4812 ratio-

2339 4860 2478 4901 nem
2510 4837 2908 4915 definierunt,
2939 4852 3003 4901 et
3030 4838 3112 4903 ad
3141 4839 3451 4905 notionem
3484 4844 3729 4923 animae,
3753 4846 3877 4926 dei,
3902 4849 4030 4916 dae.

2337 4941 2557 5022 moniS,
2574 4958 2693 5006 cet.
2729 4941 3155 5008 stabiliendam
3187 4944 3634 5025 adhibuerunt,
3659 4973 3863 5038 neque
3884 4978 4030 5021 vero

2338 5060 2669 5131 propterea
2703 5044 2921 5109 ceteris
2966 5045 3351 5134 philosophis
3400 5072 3851 5140 usquequaque
3887 5079 4028 5143 per.

2338 5148 2600 5212 suadere
2629 5161 2990 5236 potuerunt.
3077 5151 3232 5215 Huc
3265 5153 3578 5239 pertinent
3618 5155 3725 5220 illa
3767 5159 4028 5226 Luciani

2338 5250 2400 5314 in
2450 5251 2849 5316 Hermotimo
2897 5256 2954 5338 ξ.
2999 5255 3106 5338 36.
3148 5277 3215 5340 p.
3251 5274 3397 5340 779.
3448 5256 3550 5321 ed.
3587 5260 3944 5326 Wetsten.:
3991 5268 4024 5329 6

2339 5354 2606 5418 Πλάτων
2655 5356 2872 5435 νομίζει
2915 5357 3233 5435 ἀσώματόν
3276 5383 3333 5422 τι
3373 5360 3441 5422 ἐν
3472 5366 3596 5428 τοῖς
3634 5362 3806 5426 οὖσιν
3851 5364 4022 5444 εἶναι,

2339 5455 2614 5544 itemque
2652 5456 2716 5521 in
2765 5458 3242 5548 Icaromenippo
3272 5463 3333 5544 ξ.
3365 5480 3423 5545 9.
3455 5483 3517 5548 p.
3551 5464 3711 5545 760:
3762 5466 3849 5532 ἔτι
3877 5472 3942 5534 δὲ
3971 5474 4030 5536 οἱ

2337 5560 2450 5639 μὲν
2476 5560 2795 5640 ἀσώματον
2823 5562 2920 5625 καὶ
2956 5562 3231 5646 ἄμορφον
3256 5564 3509 5646 ἡγοῦντο
3550 5563 3703 5630 εἶναι
3740 5566 3810 5632 τὸ
3840 5575 4023 5648 θεῖον,
