5118 6613
1057 524 1181 571 220

1145 701 1209 765 p.
1247 678 1394 756 728,
1427 697 1483 741 1.
1513 677 1644 742 οἷον
1672 675 1740 739 τὸ
1771 679 2016 760 τρνπᾷν,
2052 678 2150 741 καὶ
2177 677 2245 741 τὸ
2274 677 2578 762 ὑφαίνειν]
2620 678 2760 741 Has

1057 779 1493 844 similitudines
1538 803 1577 843 a
1621 776 1885 843 Platone
1928 790 2254 843 mutuatus
2302 791 2396 843 est
2443 778 2759 858 Plotium,

1061 882 1174 969 qui
1195 881 1259 946 in
1285 881 1546 970 Cratylo
1573 880 1709 945 haec
1735 879 1870 968 ipsa
1889 880 2176 967 exempla
2193 881 2274 945 ad
2304 881 2615 968 copiosam
2638 880 2761 944 dis-

1057 984 1444 1071 putationem
1475 982 1766 1048 adhibuit
1795 1006 1859 1070 p.
1886 982 2035 1068 388.
2059 1005 2149 1069 sq.
2171 983 2252 1047 cf.
2276 983 2483 1047 Procli
2512 981 2763 1047 Scholia

1057 1086 1119 1150 in
1151 1109 1293 1151 eum
1327 1086 1532 1150 locum
1565 1089 1622 1171 5.
1654 1100 1935 1170 47—50.
1967 1108 2029 1172 p.
2061 1085 2329 1150 18-21,
2364 1084 2645 1150 Boisson.

1142 1226 1229 1238 —
1266 1189 1363 1252 18.
1409 1191 1612 1270 ὥσπερ
1664 1190 1732 1252 ἐν
1790 1187 2157 1267 οἰνομέλιτος
2210 1187 2440 1273 κράσει]
2512 1187 2759 1251 Aristo-

1058 1290 1206 1355 teles
1236 1290 1634 1378 Metaphyss.
1669 1290 1827 1353 VII.
1865 1309 1922 1354 2.
1958 1313 2024 1377 p.
2065 1309 2207 1374 134.
2239 1313 2334 1375 sq.
2363 1287 2540 1378 Sylb.
2576 1289 2755 1354 καθά-

1055 1420 1167 1477 περ
1193 1396 1572 1476 μελίκρατον.
1622 1392 1798 1456 Sext.
1833 1392 2080 1480 Empir.
2114 1391 2260 1456 adv.
2295 1390 2587 1479 Physioc.
2620 1390 2754 1455 IX.

1065 1517 1204 1581 154.
1238 1519 1300 1583 p.
1331 1497 1484 1581 586.
1528 1494 1779 1559 Fabric.
1828 1492 1965 1559 ἀλλ’
1998 1494 2111 1578 οὐχ
2156 1497 2189 1558 6
2233 1496 2502 1573 οἶνόμελι
2543 1495 2752 1567 πίνων,

1056 1598 1165 1663 ubi
1197 1597 1524 1662 Fabricius
1545 1596 1663 1661 loci
1693 1595 1887 1660 nostri
1918 1618 2039 1660 non
2071 1609 2161 1659 est
2192 1595 2447 1672 oblitu&
2481 1594 2635 1659 nihil
2667 1610 2758 1659 t&

1056 1723 1197 1765 men
1245 1700 1326 1764 de
1369 1699 1527 1764 falsa
1569 1698 1831 1763 lectione
1882 1720 2253 1778 memorans,
2282 1720 2474 1785 quam
2519 1720 2634 1762 nos
2676 1720 2756 1761 ex

1056 1803 1238 1869 bonis
1292 1802 1465 1869 libris
1497 1800 1983 1866 emendavimus.
2091 1800 2318 1864 Moeris
2358 1798 2642 1864 Atticist.
2689 1823 2755 1886 p.

1061 1923 1207 1990 254.
1255 1908 1656 1987 Μελίκρατον,
1687 1903 1982 1971 Ἀττικῶς.
2030 1905 2297 1983 οἰνόμελι
2334 1904 2428 1967 καὶ
2456 1904 2755 1984 ὖδρόμελι,

1054 2007 1456 2089 Ἐλληνικῶςτ
1535 2007 1644 2071 ubi
1702 2005 1833 2069 vid.
1892 2005 2171 2070 Pierson.
2244 2003 2622 2069 Eustathius
2696 2004 2759 2066 in

1056 2110 1289 2198 Odyss.
1322 2139 1375 2175 κ.
1397 2130 1565 2194 519:
1617 2110 2000 2190 Μελίκρατον
2050 2110 2115 2172 δὲ
2166 2111 2225 2172 οἶ
2270 2109 2517 2172 παλαιοὶ
2565 2109 2757 2188 μίγμα

1056 2214 1213 2296 φασὶ
1238 2211 1478 2292 μέλιτος
1504 2212 1601 2275 καὶ
1629 2210 1925 2292 γάλακτος
1961 2209 2068 2293 (cf.
2100 2209 2326 2296 Eurip.
2364 2211 2571 2274 Orest.
2612 2230 2638 2273 1
2658 2228 2754 2295 ¹5·

1053 2315 1208 2402 ibiq.
1258 2312 1614 2396 Scholiast.)
1663 2315 1934 2377 ἐνταῦθα.
1982 2315 2041 2376 οἱ
2082 2311 2288 2392 μέντοι
2330 2311 2457 2392 μεθ’
2480 2310 2757 2394 Ὅμηρον

1053 2417 1233 2502 μέχρι
1263 2419 1358 2481 καὶ
1388 2415 1594 2498 {adpre
1624 2420 1816 2497 κρᾶμα
1842 2413 2082 2494 μέλιτος
2112 2416 2209 2479 καὶ
2234 2417 2444 2481 ὕδατος
2478 2414 2548 2478 τὸ
2586 2416 2754 2494 μελί-

1056 2545 1271 2603 κρατον
1300 2522 1517 2584 οἴδασι.
1609 2519 1710 2582 De
1753 2541 1822 2581 re
1850 2517 1994 2581 vide
2036 2516 2390 2581 Palladium
2436 2517 2517 2581 de
2563 2517 2645 2581 R.
2673 2519 2755 2581 R.

1055 2622 1314 2687 Octobr.
1375 2622 1617 2686 XVII.
1659 2643 1725 2707 p.
1775 2635 1924 2703 227.
1985 2619 2381 2685 Schneideri:
2429 2619 2506 2684 de
2557 2620 2756 2683 OEno·

1055 2725 1231 2788 melle
1262 2735 1301 2758 “
1336 2725 1629 2786 Mustum
1660 2720 1741 2785 de
1770 2721 2113 2807 majoribus
2139 2734 2202 2786 et
2231 2720 2498 2809 egregiis
2529 2720 2760 2785 vitibus

1057 2825 1337 2889 ——sumis
1365 2827 1601 2906 (sumes
1628 2822 1789 2906 alii),
1819 2837 1882 2887 et
1914 2822 1965 2887 si
1996 2822 2192 2888 mellis
2233 2846 2358 2887 non
2402 2822 2758 2909 despumati

1056 2926 1275 3013 optimi
1326 2924 1613 3011 quintam
1663 2936 1906 3011 partem
1967 2924 2200 3010 (prius)
2249 2923 2457 2989 tritam
2513 2924 2760 2988 fortiter

1056 3029 1255 3093 donec
1282 3026 1575 3102 albescat,
1607 3024 1908 3090 admisces
1944 3027 2098 3090 cet.”
2144 3027 2248 3090 Cf.
2285 3025 2645 3090 Beckmann
2677 3026 2759 3090 ad

1061 3129 1376 3195 Aristotel.
1408 3126 1669 3192 mirabb.
1709 3126 2000 3192 auscultt.
2034 3150 2098 3214 p.
2129 3147 2238 3213 52.
2287 3126 2645 3192 Fabricium
2678 3128 2759 3192 ad

1064 3236 1326 3298 Sextum
1375 3229 1481 3296 l.l.
1527 3230 1680 3294 Tib.
1732 3230 2092 3293 Hemsterh.
2142 3229 2224 3293 ad
2275 3229 2539 3294 Luciani
2599 3233 2756 3295 Pro·

1061 3337 1253 3402 meth.
1278 3359 1334 3401 c.
1364 3353 1429 3420 5.
1449 3350 1513 3398 et
1533 3332 1790 3399 Jacobs.
1814 3333 1896 3397 ad
1918 3333 2227 3421 Meleagri
2255 3356 2511 3398 carmm.
2537 3334 2601 3397 in
2625 3338 2765 3399 An-

1061 3440 1218 3506 thol.
1268 3440 1384 3503 Gr.
1419 3437 1557 3502 Vol.
1600 3438 1720 3500 VI.
1766 3459 1828 3523 p.
1860 3455 1972 3520 51.
2064 3437 2252 3500 Hanc
2295 3435 2761 3501 similitudinem

1059 3540 1445 3632 philosophis
1474 3538 1776 3626 placuisse
1803 3553 2083 3626 arguunt
2110 3537 2468 3603 Aristotelis
2496 3554 2561 3603 et
2591 3540 2764 3603 Sexti

1060 3647 1272 3724 verba,
1300 3667 1448 3732 quae
1492 3641 1907 3707 laudavimuS.
1998 3640 2243 3706 Eadem
2288 3657 2500 3706 autem
2539 3641 2605 3705 in
2651 3665 2762 3705 ex-

1057 3747 1348 3836 plicanda
1378 3744 1614 3812 Mundi
1654 3743 1862 3808 anima
1890 3743 2124 3808 abusus
2152 3755 2308 3821 erat,
2339 3742 2437 3807 vel
2467 3759 2634 3807 certe
2665 3743 2760 3807 ni-

1059 3853 1256 3916 mium
1285 3862 1594 3937 quantum
1628 3870 1780 3912 usus
1811 3846 2205 3933 Porphyrius
2232 3846 2350 3909 hoc
2380 3845 2631 3909 nomine
2659 3846 2765 3910 de-

1061 3954 1223 4017 risus
1265 3976 1305 4016 a
1340 3951 1564 4016 Proclo
1607 3949 1670 4013 in
1722 3948 2003 4013 Platonis
2040 3948 2358 4012 Timaeum
2405 3971 2470 4036 p.
2505 3949 2683 4012 218:
2732 3951 2764 4011 6

1061 4058 1173 4136 μὲν
1212 4056 1318 4119 οὖν
1362 4055 1705 4135 Πορφύριος
1750 4052 1847 4115 ἐπὶ
1888 4055 1964 4115 τὰ
2001 4053 2255 4131 αἰσθητὰ
2297 4052 2628 4134 φερόμενος
2673 4052 2767 4115 καὶ

1066 4160 1163 4222 ἐπὶ
1193 4160 1298 4224 τὰς
1325 4157 1510 4236 μίξεις
1538 4158 1642 4221 τὰς
1672 4155 1908 4226 ἑνύλας,
1940 4152 2008 4216 τὸ
2054 4154 2411 4234 μελίκρατον
2442 4154 2538 4217 καὶ
2579 4153 2647 4216 τὸ
2677 4155 2762 4216 ol-

1065 4263 1273 4340 νόμελι
1321 4260 1446 4322 ἅνω
1505 4257 1601 4320 καὶ
1661 4254 1814 4319 κάτω
1862 4260 2134 4336 θρυλλεῖ.
2224 4257 2521 4343 Tangere
2577 4256 2762 4319 etiam

1063 4361 1314 4425 videtur
1363 4357 1856 4445 olympiodorus
1913 4356 1976 4420 in
2054 4355 2335 4421 Platonis
2395 4357 2605 4424 Alcib.
2667 4380 2761 4444 pr.

1067 4464 1301 4529 XXV.
1332 4485 1399 4549 p.
1433 4462 1914 4543 207-λείπεται
1941 4462 2057 4542 ἄρα
2084 4461 2193 4539 τὴν
2221 4461 2430 4545 ψυχὴν
2453 4462 2767 4543 ἄνθρωπον

1067 4567 1240 4631 εἶναι.
1285 4566 1436 4628 οὕτω
1466 4564 1866 4645 προελθόντος
1892 4568 1999 4626 τοῦ
2017 4565 2207 4646 λόγου
2234 4566 2391 4632 τινὲς
2416 4563 2764 4643 λαμβάνον-

1065 4694 1161 4732 ται
1193 4667 1374 4731 αὗτοῦ
1406 4664 1691 4746 λέγοντες
1730 4666 1881 4729 ὅσον
1910 4668 2008 4730 ἐπὶ
2045 4668 2252 4751 τούτῳ·
2304 4668 2504 4745 ἐπειδὴ
2548 4668 2618 4731 τὸ
2661 4693 2765 4747 με-

1064 4772 1346 4851 λίκρατον
1371 4769 1524 4848 ὕδωρ
1565 4767 1696 4830 ἐστὶ
1737 4768 1832 4830 καὶ
1868 4767 2008 4847 μέλι
2046 4765 2083 4846 ἢ
2126 4768 2267 4847 με’λι
2312 4770 2407 4833 καὶ
2449 4772 2623 4852 ὕδωρ·
2674 4772 2771 4834 καὶ

1066 4871 1208 4952 μέλι
1251 4872 1364 4950 μὲν
1408 4870 1513 4933 οὐκ
1572 4869 1757 4942 ἔστιν,
1805 4870 1942 4933 οὐδὲ
1989 4869 2066 4950 (f.
2110 4872 2275 4954 οὔτε)
2323 4871 2441 4950 μὴν
2482 4871 2623 4951 μέλι
2676 4874 2772 4936 καὶ

1067 4976 1241 5055 ὕδωρ,
1282 4973 1616 5035 ὑπολεῖπον
1648 4969 1774 5052 (vel
1806 4973 2167 5055 ὑπόλοιπον)
2212 4971 2354 5035 αὐτὸ
2396 4975 2549 5054 ὕδωρ
2596 4972 2769 5037 εἶναι.

1073 5079 1392 5142 Caeterum
1433 5095 1577 5136 cum
1609 5072 1897 5136 vinorum
1930 5071 2029 5135 vel
2068 5070 2399 5137 dulcedine
2430 5072 2526 5136 vel
2561 5089 2765 5137 auste-

1070 5178 1254 5242 ritate
1283 5176 1541 5239 Veteres
1584 5172 1850 5237 subinde
1892 5181 2220 5260 poetarum
2268 5173 2772 5262 scriptorumque

1071 5277 1390 5367 ingenium
1439 5275 1924 5362 orationemque·
1959 5274 2425 5363 comparabant.
2495 5276 2770 5364 Diogen.

1073 5384 1292 5447 Laert.
1334 5380 1452 5444 IV.
1490 5397 1593 5445 20.
1637 5377 1718 5443 de
1760 5376 2107 5465 Sophocle:
2159 5380 2254 5442 καὶ
2299 5379 2445 5442 ἔνθα
2488 5378 2565 5458 ἦν
2627 5384 2774 5444 κατὰ

1070 5484 1179 5548 τὸν
1208 5484 1533 5567 Φρύνιχον·

2030 505 2864 570 ANNOTATIONES

2936 507 3047 571 IN
3115 506 3570 572 PLOTINI

3080 683 3142 736 οὗ
3168 681 3373 754 γλύξις,
3404 681 3513 738 οὐδ’
3544 683 3820 754 ὑπόχυτος,
3849 682 3990 739 ἀλλὰ
4019 687 4298 758 Πράμνιος.

2846 776 3008 854 Quae
3036 797 3363 863 perperam
3395 776 3477 840 ad
3516 776 3915 841 Polemonem
3970 778 4413 865 Philosophum
4453 804 4545 846 re·

2848 876 2995 941 tulit
3042 876 3269 941 Suidas
3311 878 3451 942 111.
3498 901 3563 965 p.
3598 880 3740 958 264.
3776 880 3968 944 Kust.
4061 882 4168 945 Tu
4215 882 4361 947 vide
4407 883 4541 949 Sal-

2847 978 3109 1043 masium
3150 978 3212 1043 in
3261 980 3636 1045 Exercitatt.
3686 981 3892 1046 Plinn.
3941 1007 4006 1070 p.
4043 986 4184 1048 261.
4236 985 4544 1073 Interprr.

2846 1081 2928 1145 ad
2991 1082 3272 1170 Hesych.
3326 1084 3380 1146 1.
3429 1106 3493 1170 p.
3540 1084 3686 1168 839.
3740 1084 4010 1150 Alberti.
4072 1087 4432 1152 Casaubon.
4481 1104 4545 1154 et

2848 1186 3112 1272 Menag.
3171 1184 3253 1249 ad
3328 1185 3598 1272 Diogen.
3680 1187 3891 1252 Laert.
3954 1187 3992 1252 l.
4044 1188 4083 1253 1.
4149 1190 4422 1256 Casaub.
4481 1203 4546 1256 et

2848 1286 3196 1374 Schweigh.
3226 1287 3308 1351 ad
3334 1288 3574 1352 Athen.
3609 1289 3658 1352 Ι.
3689 1311 3756 1375 p.
3788 1308 3934 1375 234.
3965 1290 4253 1356 Valcken.
4286 1293 4369 1357 ad
4390 1296 4542 1358 Act.

2845 1393 3068 1477 Apost.
3106 1391 3209 1453 II.
3251 1410 3346 1476 13.
3397 1390 3489 1471 (in
3540 1390 3780 1455 Scholis
3825 1393 3881 1455 1.
3930 1415 3992 1479 p.
4023 1398 4200 1479 353.)
4250 1407 4316 1459 et
4361 1395 4538 1462 Bois-

2845 1491 3057 1556 sonad.
3091 1491 3151 1554 in
3188 1492 3443 1555 Notices
3472 1507 3536 1555 et
3566 1493 3851 1557 Extraits
3882 1496 4070 1559 Tom.
4099 1497 4232 1560 XI.
4267 1521 4330 1585 p.
4369 1517 4510 1585 195.

2929 1617 2991 1681 p.
3029 1610 3175 1678 729,
3205 1614 3267 1675 4.
3315 1595 3518 1676 ὥσπερ
3548 1597 3611 1659 αἱ
3641 1597 4093 1682 ἐνσφραγίσεις]
4132 1597 4411 1663 Verbum
4441 1603 4537 1666 ἐν·

2843 1699 3150 1779 σφραγίζω
3180 1696 3612 1783 consignatum
3657 1697 4153 1786 Lexicographis
4190 1716 4285 1765 est
4317 1702 4541 1784 (Adde

2849 1797 3116 1862 Luciani
3163 1801 3420 1862 Amorr.
3462 1801 3521 1883 5.
3550 1816 3610 1883 5.
3662 1823 3723 1886 p.
3757 1820 3908 1885 403.
3952 1801 4051 1865 ed.
4101 1803 4328 1868 Wetst.
4369 1818 4434 1870 et
4477 1808 4539 1890 5.

2852 1920 2950 1981 14.
2976 1923 3038 1987 p.
3071 1904 3252 1984 412.)
3280 1926 3294 1963 :
3348 1900 3824 1966 Substantivum
3863 1902 4077 1967 iisdem
4110 1905 4393 1992 ignotum
4425 1924 4541 1973 est.

2845 2005 2980 2067 Nec
3008 2002 3208 2089 magis
3239 2003 3715 2067 Substantivum
3741 2006 4250 2088 ἇντισφράγισμα,
4275 2032 4539 2097 apogra-

2844 2106 3042 2192 phum
3092 2105 3392 2193 impresso
3435 2105 3637 2192 sigillo
3665 2107 4095 2173 confirmatum
4124 2135 4141 2182 ;
4190 2112 4363 2197 quod
4393 2111 4542 2177 item

2844 2207 3094 2273 Lexicis
3139 2207 3285 2273 addi
3317 2208 3505 2295 jubet
3548 2208 3943 2273 doctissimus
3985 2212 4300 2278 Letronne
4356 2215 4420 2280 in
4464 2216 4538 2280 li-

2845 2310 3044 2375 bello:
3095 2311 3376 2396 Analyse
3423 2312 3690 2398 critique
3742 2312 3831 2375 du
3882 2315 4143 2377 Recueil
4191 2317 4539 2407 &Imm-ip-

2845 2415 3010 2476 tions
3045 2413 3266 2500 Grecq.
3298 2422 3358 2475 et
3392 2413 3658 2477 Latines
3694 2414 3771 2477 de
3809 2416 3951 2478 Mr.
3981 2417 4038 2480 le
4067 2420 4282 2483 Comte
4319 2422 4395 2485 de
4436 2424 4536 2485 Vi-

2844 2516 2992 2579 dua.
3043 2514 3243 2578 Paris.
3280 2515 3461 2579 1828.
3495 2538 3560 2603 p.
3590 2536 3697 2601 39.
3737 2516 4207 2602 Ἐκσφράγισμα
4235 2546 4352 2609 pro
4380 2526 4537 2590 ἆυη.

2845 2617 3059 2703 γράφῳ
3102 2630 3474 2704 usurpatum
3517 2617 3794 2683 invenias
3838 2619 3900 2684 in
3943 2623 4179 2688 Marm.
4231 2627 4435 2690 Oxon.
4476 2651 4537 2715 p.

2852 2720 3437 2806 130.—Gregorius
3470 2720 3849 2785 Nazianzen.
3885 2723 3987 2786 De
4016 2727 4208 2790 Sacro
4222 2728 4537 2815 „Baptism

2845 2845 2907 2909 p.
2959 2839 3107 2907 245.
3153 2821 3345 2885 Basil.
3397 2823 3721 2910 Hervag.:
3770 2827 3982 2890 σκόπει
4028 2830 4094 2891 δὲ
4136 2832 4339 2898 οὕτως·
4388 2833 4539 2896 ἔστω

2844 2925 3087 3008 χρυσὸς,
3122 2926 3276 2989 ἔστω
3318 2927 3576 3007 σίδηρος·
3624 2926 3902 2991 δάκτυλοι
3933 2926 4082 3016 (leg.
4115 2935 4443 3018 δακτύλιοι)
4474 2938 4540 2999 δὲ

2847 3029 3192 3109 ἀμφότεροι,
3237 3028 3331 3091 καὶ
3372 3028 3480 3106 τὴν
3521 3029 3703 3107 αὐτὴν
3754 3032 4301 3116 ἑγκεχαράχθωσαν
4345 3039 4543 3102 εἰκόνα

2845 3130 3193 3208 βασιλικὴν,
3251 3129 3378 3194 εἶτα
3436 3131 3615 3212 κηρὸν
3676 3133 4145 3199 ἑκτυπούτωσαν.
4219 3140 4285 3201 τί
4334 3141 4542 3204 διοίσει

2847 3231 3109 3313 σφραγὶς
3158 3233 3303 3311 αὕτη
3340 3235 3440 3311 τῆς
3484 3237 3816 3315 σφραγῖδος
3859 3235 4123 3316 ἑκείνηςς
4173 3239 4369 3305 οὐδέν.
4415 3244 4538 3308 ἐπί-

2849 3336 3034 3414 γνωθι
3082 3333 3191 3412 τὴν
3234 3336 3384 3414 ὕλην
3429 3337 3497 3399 ἐν
3545 3340 3625 3422 τῷ
3679 3340 3854 3420 κηρῷ·
3905 3337 4014 3401 κᾶν
4061 3339 4130 3419 ἧς
4174 3345 4537 3425 σοφώτατος,

2851 3439 2999 3509 εἰπὲ,
3032 3439 3094 3501 τί
3126 3439 3239 3517 μὲν
3272 3442 3378 3501 τοῦ
3416 3438 3679 3519 σιδήρου,
3710 3440 3773 3502 τί
3809 3441 3873 3502 δὲ
3919 3446 4023 3503 τοῦ
4063 3450 4293 3525 χρυσοῦ
4333 3447 4402 3510 τὸ
4446 3450 4537 3512 ἐκ-

2850 3537 3244 3620 σφράγισμα;
3297 3540 3391 3602 καὶ
3419 3545 3541 3606 πῶς
3571 3540 3638 3603 ἕν
3669 3542 3833 3613 ἐστις
3882 3546 3985 3620 τῆς
4011 3547 4127 3626 γὰρ
4148 3548 4293 3626 ὕλης
4319 3548 4387 3611 τὸ
4417 3550 4539 3613 διά·

2851 3648 3067 3722 φορον,
3099 3642 3170 3705 οὗ
3200 3646 3303 3705 τοῦ
3331 3646 3717 3725 χαρακτῆρος.
3812 3643 4039 3708 Suidas
4055 3661 4117 3709 et
4141 3649 4420 3715 Zonaras
4448 3654 4537 3716 ἐκ·

2850 3743 3208 3825 σφράγισμα
3248 3743 3563 3830 explicant
3592 3768 3742 3809 voce
3782 3748 4111 3827 ἑκτύπωμα.
4181 3751 4544 3842 Etymolog.

2854 3844 3033 3908 Gud.
3094 3869 3160 3932 p.
3225 3866 3368 3930 179.
3429 3846 3561 3910 vice
3619 3871 3797 3911 versa
3856 3850 4165 3930 ἐκτύπωμα
4221 3852 4327 3917 illo
4371 3879 4548 3921 voca-

2853 3944 3024 4012 bule.

2940 4072 3003 4136 p.
3039 4066 3188 4135 730,
3219 4066 3279 4133 7.
3332 4052 3446 4116 Διὸ
3493 4053 3589 4117 καὶ
3629 4056 3662 4117 6
3707 4057 3808 4132 τῆς
3845 4054 4044 4135 Λήθης
4082 4059 4344 4138 ποταμὸς
4379 4063 4547 4134 οὗτος

2853 4150 2930 4215 ἂν
2957 4155 3328 4244 ὑπονοοῖτο.]
3379 4155 3747 4219 Macrobius
3783 4154 3848 4218 in
3883 4158 4097 4221 Somn.
4132 4159 4296 4248 Scip.
4335 4164 4389 4229 1.
4431 4185 4543 4232 12:

2856 4259 2897 4291 “
2933 4256 3055 4318 Sed
3098 4255 3393 4320 altissima
3437 4271 3500 4320 et
3542 4257 3873 4344 purissima
3909 4281 4055 4346 pars
4096 4261 4254 4347 ejus,
4295 4288 4424 4351 qua
4454 4270 4547 4334 vel

2853 4370 3283 4421 sustentantur
3310 4358 3546 4437 divina,
3569 4357 3665 4422 vel
3693 4374 4000 4438 constant,
4031 4379 4245 4428 nectar
4267 4384 4547 4449 vocatur,

2856 4473 2919 4521 et
2962 4459 3237 4524 creditur
3281 4484 3411 4525 esse
3450 4476 3638 4548 potus
3681 4461 3979 4527 deorum:
4028 4464 4284 4531 inferior
4315 4493 4462 4536 vero
4487 4487 4549 4539 et

2859 4560 3188 4639 turbidior,
3224 4578 3417 4650 potus
3459 4563 3826 4629 animarum.
3919 4567 4011 4630 Et
4052 4566 4172 4632 hoc
4215 4587 4330 4650 est,
4376 4578 4547 4660 quod

2857 4679 3095 4729 veteres
3142 4665 3470 4730 Lethaeum
3504 4669 3795 4753 fluvium
3855 4674 4293 4736 vocaverunt.”
4380 4678 4549 4744 Hinc

2858 4766 3012 4848 λήθη
3063 4772 3163 4847 τῆς
3196 4774 3398 4852 ψυχῆς
3450 4784 3513 4833 et
3558 4768 3712 4849 λήθη
3755 4776 4192 4854 γενεσιουργός.
4260 4776 4362 4842 Cf.
4400 4781 4554 4846 Pro-

2857 4870 3023 4934 clum
3054 4870 3117 4934 in
3151 4871 3363 4935 Alcib.
3399 4873 3454 4934 1.
3485 4895 3550 4958 p.
3586 4890 3685 4935 20.
3718 4893 3828 4952 41.
3870 4874 4013 4961 189.
4050 4893 4195 4960 250.
4230 4894 4372 4963 257.
4408 4884 4548 4949 281.

2858 4987 2923 5036 et
2968 4971 3383 5060 Symbolicam
3426 4986 3697 5038 nostram
3748 4975 3888 5039 111.
3936 4998 3999 5062 p.
4033 4997 4183 5062 394.
4212 5002 4350 5068 sqq.
4443 4987 4553 5051 Ad

2857 5074 3185 5139 oblivionis
3235 5075 3739 5162 significationem
3789 5078 3972 5142 etiam
4015 5080 4324 5147 Latonam
4375 5108 4551 5153 revo-

2861 5177 3088 5241 cabant
3116 5177 3416 5242 nonnulli.
3508 5177 3772 5242 Proclus
3809 5179 3870 5243 in
3909 5179 4189 5247 Platonis
4221 5186 4463 5276 Cratyl.
4495 5195 4551 5277 5.

2872 5281 3009 5362 178.
3042 5304 3100 5366 p.
3140 5300 3284 5344 111.
3326 5280 3562 5345 BoisS.:
3604 5280 3782 5364 Ἀγει
3824 5287 3940 5365 γὰρ
3982 5285 4019 5363 ἡ
4061 5285 4257 5367 μνήμη
4300 5292 4446 5371 πρὸς
4487 5294 4556 5358 τὸ

2860 5382 3285 5461 μνημονευτὸν,
3318 5385 3470 5466 φησὶ
3511 5388 3840 5458 Πλωτῖνος,
3876 5388 3971 5449 καὶ
4007 5388 4210 5470 ὥσπερ
4237 5391 4275 5470 ἦ
4305 5398 4553 5476 Μνημο-

2863 5485 3012 5563 σύνη
3042 5485 3151 5563 τὴν
3176 5484 3409 5565 μνήμην
3449 5490 3566 5548 τῶν
3594 5492 3821 5565 νοητῶν
3850 5489 4163 5570 ἀνεγείρει,
4196 5494 4347 5557 οὕτω
4390 5499 4488 5561 καὶ
4520 5501 4559 5579 ἦ
