5118 6613
1322 543 1516 607 LIB.
1567 543 1704 607 ΙΙΙ.
1752 543 2212 609 ΕΝΝΕΑΙ).
2260 545 2750 623 QUARTAE.
2798 568 2857 632 p.
2891 546 3249 631 694—697.

571 713 937 788 doctrinam,
983 737 1173 801 quam
1222 713 1505 778 Indicam
1560 714 1798 793 dicunt,
1843 715 1923 779 de
1971 714 2158 779 Omni
2200 731 2261 779 et

571 821 718 884 Uno
750 819 890 901 (All
915 818 1372 902 Eim·Lehre).
1466 818 1587 883 Sed
1621 842 1742 883 non
1767 841 2085 883 moramur
2113 818 2261 883 istos

569 921 867 998 11οωὶ1168,
899 921 1009 1008 qui
1038 921 1333 997 oderunt,
1366 944 1513 1008 quae
1540 943 1664 985 non
1699 920 2078 1008 intelligunt.

651 1047 716 1111 p.
748 1024 894 1109 696,
925 1045 988 1108 9.
1034 1026 1164 1088 οἷον
1209 1026 1473 1105 ἀδελφῆς
1528 1028 1730 1107 ψυχῆς
1782 1023 2108 1107 ἀρχούσης]
2159 1023 2261 1087 Ι)6

567 1126 770 1191 anima
798 1125 1041 1202 mundi,
1075 1140 1369 1212 tanquam
1403 1141 1745 1191 ceterarum
1784 1125 2127 1189 animarum
2160 1149 2256 1189 so-

569 1254 730 1308 rore,
776 1229 1052 1294 diximus
1089 1252 1278 1314 supra
1315 1229 1394 1292 ad
1436 1231 1537 1294 II.
1573 1250 1633 1311 9.
1667 1229 1762 1293 18.
1796 1253 1859 1316 p.
1887 1248 2029 1311 217.
2063 1229 2144 1294 D.
2176 1228 2253 1293 ad

571 1335 794 1399 verba:
845 1333 961 1397 ἀπὸ
989 1337 1189 1415 ψυχῆς
1218 1334 1482 1415 ἀδελφῆς
1504 1335 1740 1416 ἀγαθῆς.

652 1473 740 1486 -
775 1437 872 1499 18.
916 1434 1183 1514 μένουσα
1226 1435 1332 1497 οὖν
1378 1437 1444 1497 ἐν
1495 1437 1640 1514 αὐτῇ
1695 1433 1810 1516 (ita
1861 1433 2075 1521 scripsi
2113 1455 2256 1497 cum

571 1539 703 1602 Fic.
734 1560 850 1624 pro
878 1538 1053 1616 αὐτῇ)
1084 1542 1247 1601 ποιεῖ
1268 1539 1655 1618 προσιόντων.
1701 1539 1761 1601 αἱ
1790 1538 1853 1600 δὲ
1879 1537 2047 1600 αὐταὶ
2075 1562 2258 1618 προσ-

567 1646 754 1720 ῆλθον
783 1668 835 1704 κ.
859 1667 912 1704 τ.
934 1640 1027 1727 λ.]
1077 1638 1356 1725 Taylor:
1411 1647 1455 1677 “
1490 1638 1797 1725 Abiding,
1832 1638 2160 1714 therefore,
2194 1639 2255 1702 in

569 1743 754 1823 itself,
797 1746 848 1808 it
885 1743 1190 1831 produces
1224 1743 1432 1828 [other
1461 1743 1702 1831 things]
1734 1743 2054 1829 acceding.
2127 1743 2259 1808 But

569 1847 746 1911 other
774 1846 963 1922 801118,
998 1846 1193 1910 which
1214 1846 1685 1933 proceedfrom
1714 1845 1814 1908 the
1848 1845 2007 1920 ιπνοαί,
2037 1843 2259 1930 depart

570 1951 725 2014 from
780 1949 830 2014 it
873 1949 1004 2013 into
1033 1948 1140 2013 the
1185 1947 1551 2035 profundity
1601 1944 1705 2031 [of
1740 1970 1777 2011 a
1822 1945 2098 2010 material
2142 1969 2255 2009 na-

571 2056 731 2139 ture]
749 2055 804 2118 .”
891 2056 987 2118 At
1016 2054 1208 2117 nostri
1243 2051 1384 2116 libri
1429 2075 1551 2115 non
1599 2051 1752 2114 dant
1794 2054 2116 2131 προῆλθον,
2151 2073 2257 2113 116-

570 2181 692 2244 que
731 2156 904 2221 aliud
943 2155 1300 2244 praesidium
1332 2155 1631 2219 exhibent
1658 2154 1722 2219 in
1755 2153 1818 2217 h.
1846 2153 1888 2218 l.
1978 2154 2113 2216 Nec
2142 2176 2260 2238 ego

570 2259 710 2323 volo
737 2261 800 2323 in
832 2285 906 2324 eo
931 2259 1289 2347 periclitari,
1318 2258 1461 2323 licet
1500 2258 1682 2323 etiam
1719 2256 1978 2321 Ficinus
2005 2254 2085 2319 de
2113 2281 2256 2338 προ-

571 2367 758 2441 ῆλθον
786 2361 1095 2449 cogitarit.

655 2487 718 2551 p.
751 2464 899 2546 697,
938 2483 996 2528 2.
1042 2465 1109 2527 τὸ
1138 2467 1255 2545 γὰρ
1283 2461 1556 2544 δευτέρας
1597 2461 1691 2524 καὶ
1727 2460 2258 2540 τρίτας-ὑπονοη-

572 2571 708 2648 τέον
759 2572 1047 2655 εἰρῆσθαι]
1130 2568 1316 2633 Plato
1366 2568 1428 2631 in
1492 2566 1739 2630 Timaeo
1792 2589 1857 2652 p.
1895 2584 2002 2644 41.
2049 2587 2111 2650 p.
2155 2585 2258 2643 44.

575 2671 817 2737 Bekk.:
865 2673 1025 2737 ταῦτ’
1078 2671 1226 2745 εἶπε,
1282 2671 1379 2734 καὶ
1426 2669 1611 2733 πάλιν
1670 2670 1768 2733 ἐπὶ
1817 2668 1923 2731 τὸν
1973 2667 2262 2748 πρότερον

574 2780 843 2857 κρατῆρα,
870 2777 937 2840 ἑν
952 2773 999 2861 ᾧ
1013 2774 1121 2853 τὴν
1137 2777 1244 2836 τοῦ
1264 2773 1485 2840 παντὸς
1500 2772 1709 2856 ψυχὴν
1730 2770 2009 2853 κεραννὺς
2028 2768 2256 2850 ἔμισγε,

572 2881 644 2942 τὰ
670 2884 789 2941 τῶν
816 2880 1080 2958 πρόσθεν
1106 2878 1407 2940 ὑπόλοιπα
1448 2880 1752 2957 κατεχεῖτο
1779 2874 2013 2954 μίσγων
2042 2871 2261 2952 τρόπον

570 2980 681 3060 μέν
709 3006 843 3045 τινα
887 2980 993 3043 τὸν
1038 2979 1237 3052 αὐτὸν,
1271 2975 1534 3059 ἀκήρατα
1572 2975 1620 3040 δ’
1652 2975 1846 3040 οὐκέτι
1890 2976 2038 3038 κατὰ
2079 2973 2264 3036 ταύτὰ

569 3085 863 3157 ὡσαύτως,
895 3086 1059 3148 ἀλλὰ
1098 3083 1342 3163 δεύτερα
1384 3081 1480 3145 καὶ
1505 3082 1693 3161 τρίτα.
1787 3076 1972 3142 Unde
2001 3075 2259 3139 fortasse

573 3185 633 3248 in
681 3184 935 3250 Plotino
977 3182 1415 3270 corrigendum
1454 3183 1697 3262 δεύτερα
1726 3181 1822 3244 καὶ
1848 3180 2032 3261 τρίτα,
2066 3191 2129 3240 et
2172 3176 2258 3240 ita

573 3305 779 3355 noster
805 3289 967 3354 infra
995 3313 1058 3375 p.
1079 3306 1230 3376 377.
1251 3289 1335 3351 D.
1384 3284 1954 3373 Mythologumena
1974 3298 2252 3346 veterum

571 3394 945 3481 populorum
990 3394 1070 3457 de
1117 3408 1352 3458 cratere
1393 3389 1488 3454 vel
1536 3389 1744 3476 potius
1788 3387 1868 3450 de
1919 3385 2260 3450 crateribus

572 3496 830 3583 exposui
870 3496 933 3559 in
968 3495 1254 3582 Dionyso
1281 3517 1345 3580 p.
1379 3495 1481 3556 26.
1513 3515 1649 3579 sqq.
1682 3489 1913 3577 quibus
1934 3486 2262 3574 jungenda

573 3615 738 3676 sunt,
770 3622 916 3685 quae
943 3595 1336 3662 doctissimus
1363 3594 1566 3659 editor
1593 3588 2081 3680 praestantissimi
2110 3610 2257 3674 ope-

573 3701 654 3764 ris
716 3702 1139 3776 Wartoniani,
1201 3698 1308 3762 the
1369 3696 1631 3782 History
1690 3694 1765 3756 of
1815 3692 1921 3756 the
1995 3689 2263 3777 English

572 3820 814 3891 poetry‚
849 3803 1053 3867 Lond.
1097 3804 1277 3881 1824.
1309 3800 1370 3863 in
1417 3796 1789 3863 Praefatione
1835 3818 1898 3882 p.
1924 3798 2025 3876 76.
2061 3817 2200 3880 sqq.
2231 3817 2267 3857 e

574 3906 760 3971 medii
789 3906 907 3970 aevi
933 3904 1132 3992 poetis
1176 3918 1239 3967 et
1279 3900 1684 3989 scriptoribus
1710 3898 1953 3985 copiose
1980 3896 2264 3969 contulit,

573 4010 845 4096 itemque
873 4032 1017 4095 quae
1049 4007 1143 4071 vir
1169 4004 1605 4071 celeberrimus
1634 4004 1710 4066 de
1742 4003 2056 4064 Hammer
2074 4021 2262 4085 super

572 4112 687 4177 hoc
718 4126 1090 4198 argumento
1131 4107 1473 4195 disputavit
1517 4106 1580 4170 in
1624 4127 1852 4191 opere:
1903 4102 2256 4188 Fundgru-

573 4217 683 4281 ben
725 4217 835 4280 des
878 4217 1133 4279 Oriente
1180 4211 1317 4276 Vol.
1354 4211 1469 4275 VI.
1514 4234 1578 4297 p.
1621 4210 1716 4272 18.
1763 4230 1900 4294 sqq.
1947 4221 2010 4268 et
2061 4228 2121 4291 p.
2159 4205 2259 4266 80.

575 4343 742 4470 s‘l‘l—
772 4441 836 4500 4.
885 4420 999 4502 οὐχ
1054 4419 1269 4496 ὁμοίως
1324 4415 1544 4481 πάσαις
1601 4416 1828 4496 ψυχαῖς
1883 4408 2138 4492 ὑπάρχει
2194 4411 2269 4471 τὰ

573 4524 712 4605 πρὸς
736 4526 811 4587 τὰ
839 4524 986 4607 ἐκεῖ]
1041 4522 1186 4584 Non
1217 4518 1507 4583 omnibus
1533 4514 1859 4580 animabus
1886 4511 2120 4599 pariter
2153 4533 2263 4597 po-

576 4642 758 4691 testas
785 4625 857 4690 fit
886 4647 1126 4703 eorum,
1154 4646 1298 4710 quae
1342 4643 1532 4708 supra
1566 4632 1733 4683 sunt.
1777 4615 2066 4699 ὑπάρχειν
2094 4612 2255 4676 euim

576 4729 800 4817 saepius
840 4745 934 4793 est
981 4729 1368 4813 contingere,
1406 4722 1634 4810 saepius
1684 4719 1869 4784 etiam
1913 4726 2260 4804 suppetere.

580 4832 672 4895 Cf.
708 4831 892 4895 Plato
924 4830 1123 4917 Hipp.
1144 4829 1287 4914 maj.
1319 4850 1383 4914 p.
1407 4844 1553 4911 292.
1574 4827 1660 4888 D.
1694 4821 1985 4907 Xenoph.
2018 4822 2255 4906 Cyrop.

579 4935 634 4997 I.
665 4937 728 4999 6.
769 4953 865 4998 10.
909 4933 989 4997 de
1026 4931 1239 4996 Redit.
1274 4930 1413 4994 ΙΙΙ.
1456 4949 1551 4994 12.
1621 4925 1749 4991 Dio
1793 4924 2113 5010 Chrysost.
2161 4940 2260 5004 29.

573 5061 637 5124 p.
669 5042 819 5123 538.
887 5034 1082 5100 Plura
1110 5034 1255 5099 dedi
1286 5032 1366 5097 ad
1400 5030 1633 5096 Plotin.
1666 5053 1724 5116 p.
1755 5030 1860 5113 56.
1897 5027 1977 5090 A.
2010 5045 2266 5112 praeser-

575 5140 682 5203 tim
713 5139 776 5201 in
811 5136 936 5202 Ed.
978 5137 1182 5225 pecul.
1213 5159 1278 5222 p.
1309 5155 1458 5220 313.
1527 5133 1630 5198 Cf.
1663 5131 1848 5196 etiam
1890 5126 2260 5193 Stallbaum.

573 5242 647 5305 ad
704 5240 949 5305 Platon.
997 5239 1237 5305 Criton.
1279 5262 1416 5326 cap.
1457 5238 1576 5301 IV.
1620 5236 1714 5317 (in
1761 5233 2010 5298 Platon.
2066 5227 2255 5293 Diall.

577 5344 823 5409 Selectt.
858 5344 915 5407 Ι.
948 5365 998 5407 1.
1027 5366 1095 5432 p.
1133 5347 1305 5426 111.)
1348 5359 1411 5406 et
1443 5343 1697 5427 Segaar.
1728 5337 1808 5402 ad
1843 5334 2037 5399 Clem.
2071 5333 2257 5396 Alex.

578 5447 728 5526 Quis
754 5445 930 5510 dives
958 5444 1109 5510 salv.
1140 5469 1203 5533 p.
1239 5446 1377 5529 165.

637 5589 724 5602 —
745 5573 808 5635 9.
836 5549 1035 5613 Ἀλλὰ
1062 5550 1130 5613 τὸ
1164 5552 1232 5614 ἐν
1260 5547 1511 5634 Φιλήβῳ
1533 5540 1980 5629 λεχθὲν-ἄλλ’
2013 5541 2159 5620 ὅπερ
2186 5537 2263 5617 ἤν

3928 565 4046 628 207

2347 717 2641 801 χρήσιμον
2672 718 2824 803 αὐτῷ
2854 718 2989 781 τότε
3035 716 3152 799 (ita
3192 714 3448 803 legerim
3477 739 3623 781 cum
3656 718 3790 783 Fic.
3827 741 3941 805 pro
3970 721 4039 783 τό

2347 820 2778 903 τε)-ἆψ·ύχου
2808 824 2912 883 τοῦ
2940 818 3163 885 παντὸς
3192 820 3415 907 ὄντος]
3465 818 3650 885 Plato
3680 821 3946 885 Philebo
3974 844 4038 907 p.

2344 941 2450 1007 30.
2489 924 2574 984 A.
2604 944 2670 1007 p.
2705 921 2808 983 81.
2841 919 3095 984 Stallb.:
3145 926 3259 984 Σω.
3303 921 3370 985 τὸ
3410 920 3545 1002 παρ’
3582 923 3722 1002 ἡμῖν
3750 929 3922 1002 σῶμα
3951 919 4040 1005 ἆρ’

2345 1024 2415 1086 οὗ
2442 1023 2650 1106 ψυχὴν
2680 1020 2956 1102 φήσομεν
2997 1022 3198 1105 ἔχεως
3248 1029 3414 1103 Πρω.
3459 1028 3669 1103 Δῆλον
3707 1026 3798 1088 ὅτι
3843 1023 4034 1107 φήσο-

2342 1150 2475 1203 μεν.
2520 1131 2638 1188 Σω.
2673 1125 2897 1197 Πόθεν,
2944 1122 2990 1187 ὦ
3036 1124 3181 1206 φίλε
3225 1126 3572 1209 Πρώταρχε,
3614 1127 3836 1206 λαβὸν,
3872 1129 4037 1207 εἴπερ

2341 1228 2421 1306 μὴ
2460 1229 2603 1310 τόγε
2647 1231 2754 1290 τοῦ
2799 1225 3021 1293 παντὸς
3063 1232 3235 1306 σῶμα
3281 1227 3559 1311 ἔμψυχον
3603 1227 3675 1293 δν
3719 1231 4031 1314 ἐτύγχανε,

2342 1330 2524 1396 ταῦτά
2561 1356 2634 1412 γε
2673 1330 2819 1413 ἔχον
2845 1331 3030 1415 τούτῳ
3062 1331 3158 1393 καὶ
3189 1331 3275 1394 ἔτι
3303 1331 3617 1395 καλλίονα.
3709 1333 4032 1396 Memora-

2342 1431 2482 1496 bilis
2509 1446 2718 1496 autem
2748 1431 2849 1495 hic
2879 1430 3051 1495 locus
3083 1431 3313 1496 Plotini
3347 1450 3676 1520 propterea
3716 1450 3830 1512 est,
3860 1435 4035 1522 quod

2343 1533 2422 1597 ad
2454 1532 2839 1621 singulorum
2888 1533 3279 1619 dialogorum
3326 1533 3595 1599 Platonis
3621 1550 3733 1600 aut
3763 1537 4034 1623 partium

2342 1637 2525 1701 etiam
2558 1636 2745 1700 unius
2773 1635 3003 1723 dialogi
3040 1636 3292 1701 consilia
3332 1638 3633 1725 respicere
3674 1661 3785 1703 nos
3811 1639 4038 1703 debere

2345 1740 2526 1804 docet
2567 1738 2977 1827 philosophus
3016 1750 3247 1815 noster,
3278 1739 3328 1802 si
3374 1756 3537 1805 recte
3570 1741 3856 1827 judicare
3886 1741 4034 1806 veli-

2345 1865 2486 1905 mus
2528 1841 2608 1905 de
2642 1865 2785 1906 vera
2820 1841 3098 1907 Platonis
3141 1843 3463 1908 sententia.
3557 1846 3647 1910 Et
3693 1859 3896 1909 tamen
3944 1869 4038 1909 re-

2345 1943 2687 2007 centiorum
2717 1944 3125 2030 interpretum
3160 1943 3392 2016 nullus,
3421 1945 3595 2032 quod
3625 1946 3837 2026 sciam,
3869 1947 4038 2012 hunc

2347 2046 2582 2111 Plotini
2624 2046 2827 2111 locum
2886 2046 3196 2111 adhibuit.
3285 2047 3525 2134 Attigit
3582 2065 3790 2114 autem
3845 2051 4038 2137 hujus

2348 2147 2651 2213 Platonici
2705 2149 2819 2213 loci
2877 2148 3060 2213 aliam
3109 2164 3348 2236 partem
3397 2173 3587 2237 supra
3630 2151 4038 2238 philosophus

2345 2267 2551 2316 noster
2581 2274 2640 2337 p.
2669 2271 2823 2338 372.
2853 2253 2933 2316 B.
2957 2252 3035 2315 C.

2432 2393 2520 2406 —
2552 2375 2651 2441 15.
2696 2360 2878 2435 δῆλον
2908 2357 3129 2419 δὲ-ἐν
3164 2358 3392 2442 Τιμαίῳ
3438 2359 3744 2421 ποιεῖ-ἐκ
3784 2362 3890 2421 τοῦ
3932 2360 4034 2422 αὐ-

2348 2462 2453 2521 τοῦ
2493 2460 2756 2539 μιγνύων
2797 2458 3271 2539 κρατῆρος-Τὴν
3305 2461 3371 2522 δὲ
3400 2461 3714 2539 διαφορὰν,
3750 2460 4040 2541 δευτέροις

2350 2561 2445 2624 καὶ
2471 2562 2687 2641 τρίτοις
2715 2561 2953 2645 διδούς]
3004 2560 3225 2624 Timaei
3258 2559 3488 2637 locum,
3521 2584 3583 2647 p.
3617 2583 3726 2639 41,
3759 2561 4040 2648 proxime

2345 2661 2610 2748 apposui
2638 2661 2717 2726 ad
2749 2661 2966 2748 capitis
2986 2662 3392 2749 praecedentis
3420 2664 3627 2728 finem.
3675 2664 3921 2729 Lindau
3956 2665 4039 2728 ad

2351 2762 2622 2828 Platonis
2653 2763 2966 2828 Timaeum
3002 2764 3107 2829 1.1.
3141 2789 3206 2852 p.
3233 2768 3334 2851 65.
3367 2785 3768 2854 posteaquam
3803 2768 4040 2832 Plotini

2348 2866 2536 2931 verba
2579 2866 2881 2944 laudavit,
2928 2868 3061 2932 haec
3117 2868 3327 2933 addit:
3386 2878 3430 2908 ‘⁶
3466 2870 3687 2935 Minus
3731 2895 3875 2935 sane
3931 2873 4039 2936 ob-

2346 2993 2523 3034 scure
2554 2970 2649 3033 vir
2693 2969 2983 3035 dixisset:
3034 2974 3340 3051 ὁμοειδεῖς,
3386 2972 3425 3035 i.
3451 2996 3505 3036 e.
3551 2976 3656 3041 τὰς
3691 2976 3884 3043 ἄλλας
3918 2983 4037 3058 ψυ-

2344 3075 2476 3155 χᾶς,
2505 3078 2691 3137 ποιῶν
2722 3074 2818 3137 καὶ
2845 3077 2914 3153 τῇ
2947 3075 3105 3153 ἄλλῃ
3133 3072 3177 3137 i.
3195 3096 3249 3137 e.
3283 3078 3353 3153 τῇ
3383 3079 3490 3139 τοῦ
3515 3075 3737 3142 παντὸς
3762 3081 3954 3160 ψυχῇ,
3979 3093 4042 3142 et

2347 3197 2492 3238 mox
2523 3175 2799 3257 δευτέρας
2829 3177 2924 3240 καὶ
2950 3178 3145 3258 τρίτης
3170 3176 3215 3239 i.
3239 3199 3296 3239 e.
3328 3176 3549 3256 τάξεως
3576 3201 3625 3240 S.
3655 3179 3884 3259 μοίρας.
3931 3181 4037 3243 Cf.

2349 3277 2567 3342 Lamb.
2613 3279 2761 3342 Bos.
2812 3276 3036 3365 Ellips.
3084 3279 3235 3343 Grr.
3279 3301 3340 3366 p.
3380 3298 3531 3365 305.
3583 3303 3632 3345 8.
3668 3281 3734 3344 S.
3783 3288 3827 3321 “
3865 3282 4044 3346 Infra

2346 3395 2555 3444 noster
2584 3379 2899 3443 mixtionis
2943 3403 3020 3444 ex
3065 3379 3261 3444 altero
3299 3380 3527 3467 poculo
3566 3383 3631 3446 ἑκ
3659 3387 3765 3446 τοῦ
3790 3383 4042 3464 ὑστέρου

2348 3486 2646 3564 κρατῆρος,
2679 3481 3049 3546 mentionem
3083 3482 3253 3561 facit,
3282 3504 3346 3568 p.
3377 3502 3529 3569 473.
3564 3487 3655 3547 A.
3682 3483 3867 3549 Plato
3897 3484 4040 3548 Phi-

2349 3585 2490 3649 lebo
2540 3608 2606 3672 p.
2639 3586 2744 3648 61.
2800 3607 2862 3671 p.
2894 3603 3037 3670 203.
3090 3584 3349 3649 Stallb.:
3404 3584 3523 3650 εἴτε
3573 3589 3867 3653 Διόνυσος
3925 3591 4044 3651 εἴτε

2339 3685 2690 3769 ’Ἠφαιστος
2719 3686 2824 3750 εἴθ’
2857 3688 3020 3752 ὅστις
3055 3691 3207 3750 θεῶν
3236 3689 3452 3766 ταύτην
3488 3687 3596 3766 τὴν
3635 3687 3806 3766 τιμὴν
3836 3691 4042 3771 εἴληχε

2350 3793 2451 3867 τῆς
2493 3788 2885 3871 ξυγκράσεως.
2976 3788 3082 3851 Ad
3132 3811 3279 3874 quae
3318 3788 3508 3852 verba
3555 3788 4041 3876 olympiodorus

2355 3890 2480 3967 (vel
2515 3893 2746 3966 Strat0,
2766 3890 2859 3955 uti
2887 3890 2949 3954 in
2984 3890 3144 3955 Cod.
3182 3893 3364 3955 Mon.
3398 3891 3648 3970 dicitur,
3682 3908 3834 3956 teste
3867 3894 4043 3979 Κορὲ

2351 3992 2455 4080 pio
2483 3992 2565 4056 ad
2598 3992 2997 4057 Damascium
3029 4018 3092 4079 p.
3119 4000 3294 4080 174.)
3320 3994 3441 4058 ita:
3481 3994 3624 4060 Ὅτι
3654 3996 3750 4059 ἐπὶ
3781 3995 4043 4078 κράσεως

2348 4099 2481 4161 θεοί
2535 4100 2672 4170 εἶσι,
2731 4102 2832 4176 τῆς
2887 4100 3000 4176 μὲν
3051 4103 3301 4180 φυσικῆς
3358 4125 3424 4163 τε
3477 4100 3573 4163 καὶ
3620 4102 3958 4181 ἐγκοσμίου,
4007 4104 4040 4163 ὁ

2336 4198 2702 4281 Ἥφαιστος,
2753 4203 2854 4278 τῆς
2897 4201 2961 4263 δὲ
3006 4206 3264 4284 ψυχικῆς
3310 4227 3376 4264 τε
3423 4204 3518 4266 καὶ
3566 4204 3963 4284 ὑπερκοσμίου
4007 4207 4041 4266 ὁ

2355 4304 2670 4368 Διόνυσος.
2714 4303 2959 4385 ἄρχεται
2985 4305 3098 4383 μὲν
3139 4308 3254 4386 γὰρ
3299 4305 3529 4369 ἄνωθεν
3564 4304 3660 4369 ἀπ’
3694 4306 3885 4369 αὐτῶν
3926 4313 4043 4370 τῶν

2355 4411 2506 4470 θεῶν
2555 4407 2593 4485 ἦ
2639 4406 2997 4488 συγκρατικὴ
3042 4408 3271 4487 ἰδιότης,
3322 4410 3558 4488 πρόεισι
3602 4410 3667 4472 δὲ
3712 4408 3888 4492 μέχρι
3926 4417 4042 4473 τῶν

2358 4509 2632 4592 ἐσχάτων
2676 4508 2999 4591 ὑπάρξεων·
3049 4512 3177 4575 οἷον
3219 4514 3252 4573 ὁ
3281 4510 3629 4594 Ἥφαιστος
3665 4516 3766 4591 τῆς
3795 4520 4044 4596 φυσικῆς

2358 4612 2619 4694 κράσεως
2648 4610 2915 4695 ἐξάρχων
2947 4613 3014 4675 ἐν
3055 4614 3240 4698 ἑαυτῷ
3278 4620 3510 4696 πρῶτον
3549 4616 3616 4678 τὸ
3657 4617 3863 4695 ἰδίωμα
3904 4642 4047 4699 προ-

2348 4713 2628 4794 εβάλετο·
2699 4712 2826 4777 εἶτα
2872 4716 2939 4777 ἐν
2980 4718 3061 4800 m}
3105 4720 3184 4800 τῷ
3232 4719 3623 4796 βασιλεύοντι
3674 4719 3770 4782 καὶ
3814 4718 4047 4798 ἁπάσης

2349 4821 2449 4895 τῆς
2477 4819 2716 4898 φύσεως
2744 4818 3177 4896 ἑπιβατεύοντι,
3213 4819 3349 4901 (Ita
3378 4818 3665 4905 equidem
3692 4820 3850 4885 hanc
3880 4821 4044 4885 lacu-

2351 4941 2491 4982 nam
2541 4918 2777 5005 expleri
2824 4941 3004 5005 posse
3048 4922 3428 5007 putaverim)
3485 4921 3613 4986 εἶτα
3658 4925 3725 4987 ἐν
3771 4928 3840 5005 τῇ
3874 4930 4044 5007 ψυχῇ

2353 5024 2566 5101 ὁμοίως
2593 5026 2663 5101 τῇ
2703 5023 2960 5102 τοιαύτῃ,
3001 5023 3095 5086 καὶ
3133 5022 3306 5090 τέλος
3350 5028 3416 5088 ἐν
3454 5029 3533 5110 τῷ
3574 5031 3803 5112 φυσικῷ
3846 5030 4043 5111 κόσμῳ

2350 5122 2474 5186 καθ’
2504 5125 2775 5204 ὕπαρξιν,
2808 5125 2970 5187 ἀλλὰ
3011 5124 3107 5187 καὶ
3152 5128 3185 5187 ὁ
3219 5128 3514 5194 Διόνυσος
3549 5128 4040 5194 ὡσαύτως-Βε-

2347 5225 2492 5289 inde
2536 5224 2824 5312 pluribus
2865 5225 3243 5313 interpositis
3283 5228 3525 5315 pergit:
3578 5230 3674 5292 ἐπὶ
3705 5234 3807 5307 τῆς
3836 5235 4043 5310 νοερᾶς

2350 5333 2478 5393 ἐστι
2507 5329 2771 5411 κράσεως
2816 5332 2848 5392 ὁ
2892 5331 3040 5397 Ζεὺς
3085 5358 3135 5393 κ.
3157 5357 3210 5394 τ.
3237 5340 3296 5394 λ.
3337 5348 3529 5419 atque
3569 5331 3712 5394 hinc
3741 5330 4040 5416 originem

2349 5431 2520 5496 ducit
2550 5430 2654 5494 ille
2681 5447 2882 5495 crater
2925 5433 3148 5497 mentis
3193 5434 3257 5515 (ὁ
3300 5434 3515 5516 κρατὴρ
3544 5438 3651 5497 τοῦ
3680 5435 3842 5517 νοός)
3880 5435 4048 5497 Her-

2349 5533 2550 5613 metis,
2581 5534 2689 5620 qui
2720 5533 2938 5598 fertur.
3016 5534 3197 5613 Vide,
3233 5551 3303 5600 ut
3350 5536 3465 5599 hoc
3512 5551 3675 5612 utar,
3710 5536 4047 5601 Franci-sci
