5118 6613
1047 520 1168 585 228
2011 522 2873 587 ANNOTATIONES
2943 523 3053 586 IN
3122 522 3575 587 PLOTINI

1044 692 1312 758 Osiridis
1340 714 1548 756 arcam
1579 690 1933 779 trepidante
1953 695 2293 773 ε--ἀνοΐξαι
2319 693 2428 773 τὴν
2450 693 2741 776 λάρνακα,

1048 799 1144 862 καὶ
1182 800 1263 883 τῷ
1307 797 1605 882 προσώπῳ
1634 795 1702 859 τὸ
1738 798 2063 877 πρόσωπον
2102 800 2432 872 ἐπιθεῖσαν,
2463 796 2742 861 ἀσπάσα-

1047 903 1191 963 σθαι
1221 899 1316 962 καὶ
1349 899 1638 979 δακρύειν.
1729 897 2022 962 Activum
2071 899 2136 962 in
2179 897 2362 962 simili
2406 921 2589 962 scena
2631 897 2744 961 de·

1044 999 1371 1065 scribenda
1399 1015 1665 1087 usurpat
1704 999 1863 1064 Bion
1909 1001 1991 1066 de
2024 1002 2263 1066 Venere
2295 1000 2610 1065 Adonidis
2647 1024 2746 1065 ca-

1044 1102 1239 1167 daver
1271 1101 1666 1190 amplexante
1692 1129 1707 1167 ε
1760 1102 1950 1190 Idyll.
1983 1104 2073 1168 A.
2105 1127 2163 1167 v.
2194 1125 2319 1184 44:
2369 1104 2447 1170 ὥς
2474 1130 2549 1167 σε
2579 1129 2742 1185 περι-

1042 1208 1237 1285 πτύξω
1270 1207 1365 1270 καὶ
1390 1207 1607 1289 χείλεα
1625 1208 1864 1290 χειλεσι
1881 1208 2046 1286 μίξω.
2116 1205 2357 1270 Passivi
2384 1205 2742 1294 exemplum

1044 1307 1222 1373 dabit
1264 1309 1397 1398 ipse
1442 1311 1673 1373 Noster
1713 1308 1878 1373 infra
1920 1312 2090 1373 Eun.
2124 1311 2244 1373 VI.
2293 1331 2354 1394 9.
2388 1330 2450 1394 9.
2489 1333 2553 1397 p.
2591 1311 2739 1394 768.

1041 1410 1103 1473 E
1130 1435 1144 1474 τ
1194 1411 1264 1474 οὗ
1294 1413 1848 1492 περιπτυσσόμενοι)
1877 1413 2087 1494 σαρξὶν
2118 1413 2368 1491 ἔξωθενε
2413 1411 2518 1476 sed
2553 1410 2744 1498 paulo

1043 1524 1223 1599 post:
1271 1516 1371 1578 ἵνα
1399 1517 1479 1599 τῷ
1510 1516 1633 1601 ὅλῳ
1664 1516 1857 1579 αὐτῶν
1878 1516 2378 1597 περιπτυξῶμεθα,
2404 1513 2740 1601 legendum

1045 1613 1299 1680 videtur
1327 1617 1528 1680 αὐτόν.

1127 1739 1191 1804 p.
1227 1721 1374 1800 76¹,
1403 1734 1503 1802 15.
1523 1720 1556 1780 ὁ
1588 1719 1936 1798 θυμὸς-είς
1951 1720 2180 1799 ἄμυναν
2208 1721 2596 1804 παρακαλῶν]
2637 1719 2743 1783 Cf.

1043 1819 1209 1884 infra
1235 1842 1301 1906 p.
1336 1835 1487 1902 702.
1520 1821 1599 1883 A.
1631 1842 1767 1906 cap.
1811 1840 1925 1884 10:
1975 1823 2039 1884 τί
2061 1824 2177 1903 γὰρ
2209 1821 2425 1904 κέρατα
2453 1824 2582 1885 ἐκεῖ
2599 1822 2744 1903 πρὸς

1042 1923 1310 2002 άμνναν;
1361 1921 1723 1986 Philostrat.
1773 1922 1916 2008 jun.
1969 1923 2216 2011 Imagg.
2276 1945 2345 2009 p.
2397 1925 2563 2007 869:
2613 1926 2647 1987 ὁ
2694 1927 2742 1987 δ’

1042 2024 1157 2088 ὑπὸ
1186 2027 1295 2105 τὴν
1323 2027 1560 2108 πρώτην
1600 2027 1893 2107 ἀγγελίαν
1934 2027 2323 2105 πασάμενος
2360 2026 2429 2090 τὸ
2459 2028 2633 2108 ξίφος
2663 2030 2746 2095 εἰς

1048 2129 1139 2208 (ἐς
1167 2127 1268 2192 ed.
1303 2128 1587 2209 Jacobs.)
1633 2128 1863 2207 άμυναν
1903 2129 2053 2207 ὁμοῦ
2097 2127 2316 2208 ἐπέστη
2360 2136 2483 2196 τοῖς
2527 2131 2746 2212 δρωμέ-

1042 2258 1184 2302 νοις.
1237 2231 1555 2297 Plutarch.
1578 2230 1767 2295 Thes.
1795 2253 1930 2316 cap.
1961 2248 2059 2314 29.
2096 2253 2161 2317 p.
2183 2247 2282 2312 74.
2308 2231 2407 2296 ed.
2435 2233 2743 2320 Leopold.

1042 2335 1368 2417 ἐτράποντο
1397 2335 1545 2418 πρὸς
1573 2336 1803 2415 ἄμυναν
1823 2337 1882 2399 οἱ
1910 2335 2189 2399 Λαπίθαι.
2268 2335 2555 2401 'l'imaeus
2581 2338 2743 2402 Lex.

1041 2440 1289 2505 Platon.
1309 2438 1564 2520 Ἀμυνα.
1597 2440 1692 2503 καὶ
1724 2438 1821 2501 ἐπὶ
1850 2440 2102 2518 ἀμοιβῆς
2132 2438 2228 2501 καὶ
2258 2439 2355 2502 ἐπὶ
2385 2438 2745 2521 εἰσπράξεως

1042 2546 1220 2624 δίκης.
1311 2542 1502 2622 Quod
1542 2542 1590 2606 si
1643 2541 1837 2629 igitur
1887 2540 2035 2604 huic
2087 2538 2572 2630 Lexicographo
2608 2565 2740 2607 cre·

1038 2646 1173 2724 das,
1236 2645 1423 2711 Plato
1470 2645 1633 2709 hanc
1693 2666 1906 2709 vocem
1969 2643 2316 2731 usurpavit.
2420 2643 2543 2708 Sed
2604 2668 2742 2709 eam

1043 2758 1086 2789 “
1117 2749 1352 2813 frustra
1378 2770 1626 2835 quoeras
1645 2746 1708 2811 in
1727 2746 2134 2833 Ἀττικωτάτῳ
2155 2746 2476 2812 Platone.”
2506 2748 2740 2812 Ruhn-

1041 2850 1184 2915 ken.
1216 2850 1296 2914 ad
1327 2850 1393 2914 h.
1416 2849 1459 2913 l.
1490 2871 1553 2935 p.
1591 2851 1693 2914 26.
1767 2847 1894 2927 Qui
1924 2847 1975 2911 si
2007 2849 2197 2914 nostri
2229 2848 2347 2913 loci
2377 2864 2441 2913 et
2466 2848 2742 2928 alterius,

1039 2974 1227 3040 quem
1259 2950 1674 3028 laudavimus,
1706 2950 2104 3028 meminisset,
2136 2950 2305 3015 haud
2336 2950 2529 3015 dubie
2574 2951 2739 3039 pari-

1040 3070 1136 3119 ter
1172 3076 1252 3119 ex
1303 3051 1555 3117 Plotino
1604 3050 2045 3139 interpolatum
2097 3052 2414 3117 Timoeum
2463 3077 2742 3142 pronun-

1039 3155 1274 3235 tiasset,
1316 3166 1509 3240 atque
1563 3177 1641 3218 ex
1694 3152 2053 3240 Porphyrio
2100 3176 2243 3218 eum
2297 3153 2739 3241 interpolatum

1041 3257 1395 3347 suspicatur
1422 3255 1486 3322 in
1529 3255 1789 3322 Praefat.
1819 3278 1881 3343 p.
1918 3256 2137 3321 XIII.
2170 3280 2261 3344 sq.
2311 3273 2374 3322 et
2417 3257 2479 3321 in
2528 3273 2743 3323 annot.

1043 3387 1110 3451 p.
1146 3382 1292 3427 202.
1385 3362 1613 3447 Neque
1649 3359 1851 3447 magis
1888 3360 2139 3446 cognita
2181 3359 2288 3424 illa
2317 3383 2440 3425 vox
2489 3360 2748 3448 reliquis

1041 3463 1273 3529 Atticis
1300 3477 1416 3541 est,
1445 3462 1589 3528 licet
1629 3463 1767 3550 ejus
1810 3462 2045 3526 semina
2084 3462 2146 3526 in
2179 3463 2398 3528 Attica
2427 3465 2743 3552 reperian-

1041 3584 1167 3633 tur.
1217 3566 1360 3630 vid.
1392 3564 1744 3630 Ruhnken.
1776 3564 1855 3629 ad
1885 3565 2158 3652 Hesych.
2192 3566 2255 3629 in
2285 3567 2644 3651 χειμάμυναι
2673 3591 2737 3655 p.

1048 3671 1229 3756 1546.
1265 3669 1376 3753 (cf.
1411 3668 1692 3734 Lexicon
1727 3668 2145 3756 Sophocleum
2178 3668 2278 3734 ed.
2301 3671 2511 3734 Oxon.
2552 3672 2742 3736 1826.

1042 3774 1141 3839 11.
1175 3796 1242 3861 p.
1283 3776 1459 3858 150.)
1499 3773 1808 3859 Interprr.
1841 3771 1922 3836 ad
1969 3773 2178 3837 Moer.
2213 3794 2276 3858 p.
2312 3773 2607 3848 80—823
2664 3772 2744 3838 ad

1038 3877 1268 3941 Thom.
1302 3875 1566 3963 Magist.
1597 3897 1664 3962 p.
1689 3894 1797 3954 42.
1829 3874 2229 3939 Wernsdorf.
2265 3873 2344 3938 ad
2389 3874 2640 3939 Himer.
2681 3898 2743 3962 p.

979 3968 984 3973 ⁸
1048 3998 1187 4059 142.
1242 3975 1524 4042 Lobeck.
1564 3977 1647 4041 ad
1693 3976 2040 4063 Phrynich.
2076 4001 2144 4064 p.
2181 3995 2280 4062 23.
2374 3976 2562 4056 Quod
2597 4000 2746 4042 vero

1044 4084 1469 4168 Havercamp.
1487 4078 1551 4141 in
1577 4077 1725 4142 Ind.
1752 4077 2009 4142 Graecit.
2032 4079 2079 4140 J
2082 4077 2297 4165 osephi
2320 4080 2509 4159 ἀμύνη
2527 4077 2747 4143 laudat

1041 4208 1118 4251 ex
1148 4182 1287 4250 loeo
1314 4181 1396 4246 de
1420 4180 1601 4244 Bello
1626 4178 1786 4246 Jud.
1820 4181 1917 4243 II.
1958 4199 2054 4264 13.
2089 4201 2152 4265 5.
2184 4203 2252 4267 p.
2293 4197 2450 4263 177:
2508 4184 2606 4246 καὶ
2632 4186 2746 4249 πᾶς

1041 4291 1074 4352 ὀ
1112 4291 1290 4369 δῆμος
1319 4282 1717 4366 συνεφήψατο
1747 4286 1850 4361 τῆς
1877 4283 2136 4362 ἀμύνηςε
2185 4283 2265 4347 de
2298 4283 2516 4347 Ionica
2543 4284 2745 4347 forma

1043 4386 1358 4474 Josephus
1402 4408 1481 4449 ne
1525 4384 1856 4449 somniavit
1901 4384 2179 4472 quidem.
2236 4385 2516 4474 Etymol.
2568 4385 2743 4450 Gud.

1041 4515 1104 4579 p.
1145 4508 1252 4572 47.
1284 4491 1366 4553 6:
1416 4489 1629 4569 ἄμυνα,
1669 4489 1707 4568 ἦ
1749 4489 2060 4568 ἐκδίκησις.
2108 4493 2281 4553 τοῦτο
2319 4492 2481 4571 παρὰ
2516 4491 2670 4569 μύνη
2710 4490 2746 4569 ἡ

1043 4619 1088 4656 π
1293 4617 1360 4658 ις.
1436 4594 1587 4670 μετὰ
1643 4595 1748 4654 τοῦ
1813 4593 2148 4655 ἐπιτατικοῦ
2204 4618 2244 4656 α
2302 4594 2502 4672 ἀμύνω
2565 4591 2739 4674 (fort.

1043 4697 1254 4774 ἀμύνη.
1334 4694 1676 4772 Caeterum,
1697 4706 1840 4756 utut
1868 4704 1983 4771 est,
2007 4693 2089 4757 cf.
2120 4692 2346 4779 Odyss.
2379 4703 2445 4777 φ.
2480 4717 2572 4757 vs.
2599 4715 2624 4758 1
2645 4714 2741 4771 ιι,

1047 4797 1156 4861 ubi
1191 4793 1567 4883 Apollonius
1604 4793 1669 4857 in
1712 4794 1876 4858 Lex.
1911 4797 2108 4859 Hom.
2152 4819 2217 4883 p.
2246 4797 2394 4880 465.
2433 4795 2596 4860 Toll.
2642 4800 2747 4877 μύ-

1047 4925 1183 4980 νησι
1213 4898 1358 4962 item
1391 4896 1660 4984 explicat
1689 4896 2074 4979 προφάσεσιε
2123 4896 2287 4960 adde
2330 4898 2626 4962 Eustath.
2665 4897 2745 4962 ad

1045 5024 1188 5065 eum
1221 4999 1423 5064 locum
1454 5022 1518 5086 p.
1553 4999 1699 5081 748.
1736 4997 1957 5083 Basil.)
2037 4999 2236 5063 Simili
2266 5023 2409 5064 cum
2439 5001 2630 5064 verbo
2658 5015 2751 5065 at-

1046 5128 1172 5191 que
1204 5101 1494 5167 Plotinus
1526 5101 1999 5166 Substantivum
2022 5101 2241 5188 junxit
2273 5101 2656 5166 Plutarchus
2682 5103 2745 5167 in

1050 5209 1209 5272 Caes.
1241 5230 1292 5271 c.
1324 5224 1432 5287 44.
1461 5227 1523 5291 p.
1554 5223 1706 5289 305.
1737 5203 1981 5268 Coraii:
2028 5209 2262 5286 πρῶτον
2284 5206 2395 5288 ὁρᾷ
2417 5210 2750 5289 ταξιαρχῶν

1047 5312 1234 5392 ἄνδρα
1260 5311 1396 5373 τινὰ
1422 5306 1640 5372 πιστὸν
1669 5308 1824 5393 αὐτῷ
1857 5307 1953 5371 καὶ
1979 5305 2261 5386 πολέμων
2293 5307 2593 5388 ἔμπειρον,
2621 5310 2746 5372 ἐπι-

1048 5413 1423 5493 θαρσύνοντα
1468 5414 1591 5477 τοῖς
1634 5406 1737 5491 ὑφ’
1792 5410 1947 5495 αὐτῷ
1997 5410 2092 5473 καὶ
2140 5409 2629 5489 προκαλούμενον
2669 5411 2752 5478 εἰς

1049 5518 1279 5596 άμυναν
1309 5514 1506 5591 ἀλκῆς.
1544 5510 1649 5576 ubi
1682 5509 1821 5575 libri
1840 5509 2081 5596 aliquot
2104 5511 2301 5575 MSS.
2328 5525 2390 5575 et
2423 5510 2745 5575 Reiskius:
2839 5512 3166 5593 ἐπιστήμην
3215 5518 3342 5592 ζῇν,
3386 5516 3543 5578 ὥστε
3591 5517 3727 5579 οὐδὲ
3779 5517 4136 5596 δημοκρατία
4181 5515 4258 5579 ἂν
4300 5518 4540 5598 γένοιτό

2830 696 3376 774 προσκαλούμενον.
3469 695 3643 760 Illud
3677 715 3892 758 verum
3933 708 4049 772 est,
4079 709 4143 759 et
4171 694 4433 761 fortasse
4467 695 4531 761 in

2836 796 3081 861 Plotino
3107 796 3292 861 etiam
3324 797 3410 860 sic
3439 796 3833 862 scribendum
3866 796 4009 883 quis
4029 796 4359 884 conjiciat:
4389 824 4533 880 προ.

2837 905 3054 964 καλῶν.
3148 899 3293 964 Sine
3320 898 3495 964 libris
3522 899 3811 987 equidem
3841 912 4087 963 mutare
4116 900 4312 964 nolui.

2922 1024 2984 1089 p.
3016 1004 3163 1084 762,
3191 1025 3253 1082 9.
3302 1005 3421 1067 Καὶ
3449 1002 3616 1066 ἔστιν
3646 1003 3714 1065 ἐν
3738 1003 3852 1081 μὲν
3872 1004 3953 1087 τῷ
3984 1001 4343 1088 φαυλοτάτῳ
4366 1004 4533 1085 ἀνδρὶ

2831 1105 2899 1168 τὸ
2949 1104 3200 1192 κοινόν.]
3250 1104 3382 1168 Fic.
3430 1102 3650 1192 legisse
3699 1103 3951 1168 videtur
3996 1105 4171 1185 ἀνδρί
4208 1130 4265 1168 τι
4310 1109 4529 1170 κοινόν.

2830 1206 3006 1272 Libri
3038 1206 3119 1271 nil
3153 1206 3416 1271 variant.
3486 1207 3647 1271 Mox
3678 1229 3714 1270 e
3742 1204 4023 1292 margine
4051 1205 4283 1271 retraxi
4302 1208 4534 1293 juben-

2831 1311 3001 1376 tibus
3029 1310 3203 1375 libris
3231 1310 3361 1374 fere
3389 1309 3681 1374 omnibus
3706 1312 3974 1393 χρηστόν
4001 1335 4081 1373 τι.
4159 1309 4382 1375 Editio
4414 1310 4529 1375 ha-

2828 1414 2937 1480 bet
2966 1415 3230 1496 κρεῖττόν
3252 1439 3414 1477 τι-.
3506 1411 3756 1476 Deinde
3794 1434 3911 1498 pro
3951 1412 4049 1475 καὶ
4088 1417 4211 1480 τοῖς
4256 1413 4533 1492 ἀμείνοσι

2829 1519 3092 1585 διδόντος
3105 1531 3497 1603 exspectares
3514 1515 3918 1587 δουλεύοντος,
3933 1512 4041 1577 sed
4059 1512 4338 1602 intellige
4356 1517 4531 1580 ἑαυτὸ

2827 1617 2907 1682 ad
2950 1619 3232 1685 διδόντος.
3306 1618 3669 1681 Postremo:
3717 1616 3820 1694 τὴς
3845 1617 3958 1695 μὲν
3986 1616 4130 1689 άνω,
4173 1620 4276 1695 τῆς
4314 1618 4381 1681 δὲ
4414 1622 4532 1681 τῶν

2832 1719 3008 1784 κάτω.
3102 1720 3183 1782 In
3232 1718 3354 1783 alio
3393 1717 3691 1806 scriptore
3737 1716 4012 1804 proclive
4061 1731 4227 1782 erat:
4276 1723 4378 1799 τῆς
4418 1721 4531 1798 μὲν

2830 1826 2949 1884 τῶν
2979 1822 3137 1886 dvm:
3185 1821 3248 1884 in
3311 1819 3576 1899 Plotino,
3612 1818 3937 1906 elegantiae
3979 1819 4188 1884 minus
4230 1819 4529 1899 studiose,

2832 1944 2957 1987 non
2984 1922 3152 1988 item.
3220 1926 3690 2010 Argumentum
3722 1933 3932 1986 autem
3964 1936 4028 1985 et
4056 1922 4533 2010 comparationis

2831 2026 3117 2114 exempla
3146 2025 3330 2113 plane
3358 2048 3435 2089 ex
3465 2025 3616 2090 locis
3640 2024 3914 2090 Platonis
3933 2024 4126 2090 ducta
4156 2040 4324 2090 sunt.
4372 2025 4532 2091 Vide

2833 2128 3161 2193 Politicum
3237 2151 3302 2215 p.
3365 2147 3517 2213 300.
3577 2151 3713 2214 sqq.
3773 2149 3841 2214 p.
3895 2129 4266 2213 341—346.
4328 2127 4530 2193 Bekk.

2835 2233 3067 2315 (Hunc
3115 2230 3519 2319 posteriorem
3572 2229 3777 2294 locum
3828 2229 4104 2317 respexit
4164 2229 4533 2295 Scholiastes

2831 2357 3014 2399 mscr.
3058 2333 3259 2399 Paris.
3302 2332 3620 2398 AEschinis
3657 2334 3905 2398 Orator.
3935 2331 4047 2396 fol.
4079 2335 4169 2397 A.
4203 2356 4272 2421 p.
4304 2352 4377 2398 2:
4426 2335 4532 2399 οὐκ

2831 2439 3017 2519 ὀρθῶς
3046 2439 3336 2520 Αἰσχίνης
3362 2437 3471 2516 τὴν
3510 2437 3828 2519 τυραννίδα
3865 2437 4178 2499 πολιτείαν
4214 2437 4526 2502 ἐκάλεσεν·

2826 2540 2865 2618 ἡ
2907 2542 3022 2620 μὲν
3063 2542 3180 2622 γὰρ
3225 2541 3501 2604 πολιτεία
3551 2541 3617 2603 ἐκ
3670 2541 3867 2617 νόμων
3912 2538 4302 2619 συνέστηκεν.
4348 2542 4415 2605 ἐν
4464 2545 4527 2606 δὲ

2828 2643 3127 2724 τυραννίδι
3157 2643 3262 2705 οὔκ
3304 2643 3423 2705 εἰσι
3464 2643 3654 2721 νόμοι,
3687 2642 3851 2705 ἀλλὰ
3885 2643 4265 2722 παρανομίαι.
4297 2645 4363 2707 ἐκ
4402 2648 4531 2708 τού-

2829 2771 2947 2810 των
2979 2746 3044 2808 a}
3074 2748 3260 2823 δῆλον
3289 2745 3381 2807 ὅτι
3420 2744 3558 2809 οὐδὲ
3595 2744 3756 2823 ἦσαν
3807 2742 4154 2811 Πλάτωνος.
4204 2744 4374 2812 οὗτος
4418 2749 4532 2825 μὲν

2830 2846 2945 2928 γάρ
2989 2855 3161 2929 φησι,
3211 2852 3366 2927 τρεῖς
3412 2844 3564 2910 εἶναι
3601 2847 3926 2912 πολιτείας.
4017 2845 4284 2911 Πλάτων
4328 2850 4392 2911 δὲ
4438 2851 4531 2912 καὶ

2831 2951 2934 3012 δύο
2981 2949 3076 3012 καὶ
3118 2947 3298 3012 πέντε
3346 2949 3441 3012 καὶ
3487 2948 3685 3028 ἑπτά.)
3760 2949 3861 3012 De
3906 2948 4188 3034 Republ.
4221 2950 4426 3014 VIII.
4462 2973 4526 3037 p.

2825 3052 2995 3135 562?
3016 3049 3185 3115 unde
3215 3050 3507 3115 Plotinus
3536 3050 3696 3113 illud
3724 3051 3830 3116 οὐκ
3860 3050 4113 3132 ἀκράτου
4158 3052 4340 3132 οὔσης
4366 3075 4533 3116 sum-

2829 3153 2929 3218 sit.
2993 3155 3096 3217 De
3132 3154 3336 3240 Legg.
3373 3155 3515 3217 111.
3546 3175 3613 3239 p.
3648 3155 3797 3237 689.
3828 3175 3893 3240 p.
3924 3171 4078 3237 304.
4114 3151 4317 3218 Bekk.
4347 3154 4528 3219 item·

2832 3280 2958 3344 que
2987 3280 3047 3344 p.
3082 3258 3227 3342 699.
3260 3280 3353 3344 sq.
3397 3279 3463 3344 p.
3494 3276 3642 3342 324.
3681 3279 3772 3343 sq.
3807 3254 3908 3320 ed.
3956 3253 4203 3329 Bekk.;
4257 3257 4423 3323 unde
4450 3258 4532 3323 ad

2835 3360 3259 3425 Plotinianum
3315 3362 3732 3442 θορυβούντων
3779 3360 3875 3423 καὶ
3930 3360 4218 3438 βοώντων
4276 3374 4417 3425 tene
4466 3384 4527 3448 p.

2831 3482 2959 3548 325
2986 3488 3001 3526 :
3049 3465 3205 3531 τινὲς
3234 3465 3487 3542 ἄμουσοι
3513 3463 3661 3541 βοαὶ
3696 3460 3996 3540 πλήθουςτ
4044 3459 4193 3524 item
4222 3460 4305 3525 de
4338 3464 4528 3551 Legg.

2833 3567 2952 3629 VI.
2984 3589 3048 3653 p.
3081 3585 3226 3650 773.
3262 3589 3324 3652 p.
3356 3582 3508 3650 454.
3541 3563 3744 3628 Bekk.
3809 3562 4139 3650 Praecipue
4165 3578 4378 3630 autem
4408 3567 4531 3631 huc

2831 3669 3071 3733 faciunt
3125 3668 3407 3732 Platonis
3464 3666 3787 3753 disputata
3844 3665 3927 3730 de
3984 3664 4266 3752 Republ.
4318 3668 4436 3732 lv.
4463 3692 4526 3756 p.

2831 3791 2982 3853 440.
3017 3794 3153 3858 sqq.
3198 3795 3258 3855 p.
3289 3768 3869 3855 203—206—208.
3910 3767 4155 3841 Bekk.;
4209 3770 4378 3835 unde
4422 3773 4528 3837 Ci-

2834 3900 2977 3941 cero
3005 3899 3261 3963 quoque
3292 3875 3557 3962 profecit
3590 3874 3671 3938 de
3700 3872 3985 3960 Republ.
4018 3874 4065 3937 Ι.
4094 3873 4179 3958 38
4207 3897 4222 3936 :
4274 3881 4321 3913 “
4353 3876 4532 3961 Ergo

2836 3979 3156 4066 Archytas
3182 3976 3590 4057 iracundiam,
3619 3976 3907 4041 videlicet
3935 3974 4334 4040 dissidentem
4365 4001 4403 4042 a
4433 4001 4527 4042 ra-

2834 4082 3001 4146 tione
3031 4081 3395 4146 seditionem
3431 4080 3746 4166 quandam
3780 4080 3971 4143 animi
3998 4103 4144 4144 vere
4172 4079 4441 4158 dicebat,
4471 4097 4534 4146 et

2832 4206 2966 4247 eam
3027 4182 3281 4247 consilio
3336 4181 3536 4247 sedari
3583 4181 3851 4246 volebat.
3944 4181 4127 4246 Adde
4182 4182 4529 4262 avaritiam,

2831 4285 2996 4350 adde
3016 4285 3283 4373 imperii,
3308 4284 3469 4348 adde
3498 4283 3716 4370 glorioe
3745 4283 4175 4370 cupiditatem,
4199 4283 4365 4349 adde
4395 4285 4531 4350 libi-

2831 4386 3049 4459 dines;
3097 4402 3159 4451 et
3196 4387 3352 4451 illud
3387 4387 3552 4464 vide,
3599 4387 3649 4451 si
3695 4386 3758 4449 in
3803 4386 4024 4451 animis
4068 4386 4392 4452 hominum
4440 4412 4532 4453 re-

2830 4488 2973 4575 gale
3000 4488 3331 4576 imperium
3358 4488 3460 4567 sit,
3487 4489 3673 4553 unius
3697 4490 3833 4553 fore
3861 4488 4279 4569 dominatum,
4297 4493 4530 4556 consilii

2833 4592 3103 4657 scilicet:
3156 4594 3257 4673 (ea
3285 4608 3379 4656 est
3409 4591 3570 4656 enim
3603 4592 3794 4656 animi
3838 4614 3984 4679 pars
4021 4592 4260 4679 optima
4285 4599 4337 4677 :)
4388 4618 4532 4660 con-

2830 4693 2967 4759 silio
3007 4709 3215 4758 autem
3262 4694 3624 4758 dominante
3668 4694 3913 4758 nullum
3969 4718 4103 4758 esse
4143 4694 4530 4777 libidinibus,

2833 4795 3078 4860 nullum
3108 4795 3241 4876 irae,
3272 4795 3514 4859 nullum
3550 4795 3879 4860 temeritati
3913 4795 4174 4860 locum.'’
4365 4800 4528 4888 Scip.

2838 4905 2881 4936 ‘⁶
2915 4897 3050 4961 Sub
3079 4920 3275 4982 regno
3304 4896 3497 4983 igitur
3526 4897 3639 4962 tibi
3679 4921 3814 4961 esse
3849 4896 4055 4985 placet
4093 4920 4310 4963 omnes
4344 4900 4534 4966 animi

2833 5015 3043 5086 partes
3071 5015 3135 5064 et
3172 5023 3275 5063 eas
3309 4999 3441 5087 regi
3468 4999 3724 5064 consilio
3741 5000 3807 5063 ?”
3884 5012 3923 5035 “
3958 5003 4094 5065 Cur
4122 5001 4317 5088 igitur
4345 5002 4531 5069 dubi-

2837 5116 2951 5176 tas,
2996 5100 3151 5187 quid
3196 5102 3277 5166 de
3320 5125 3388 5166 re
3422 5102 3673 5189 publica
3716 5104 3945 5168 sentias
3967 5103 4029 5167 ?”
4076 5127 4141 5192 p.
4179 5124 4530 5193 155—157.

2835 5205 2931 5270 ed.
2967 5207 3227 5271 Moseri.
3281 5208 3420 5272 Vid.
3446 5208 3630 5272 etiam
3678 5207 3970 5273 Proclum
4002 5208 4068 5272 in
4100 5209 4382 5275 Platonis
4415 5213 4530 5276 Al-

2836 5309 3139 5373 cibiadem
3173 5332 3268 5397 pr.
3304 5334 3365 5397 p.
3396 5313 3504 5395 56.
3536 5335 3628 5397 sq.
3677 5310 3995 5398 praecipue
4032 5334 4097 5399 p.
4131 5330 4276 5397 255.
4321 5338 4452 5400 *tq-1
4503 5320 4538 5381 ὁ

2836 5410 2904 5474 δέ
2930 5436 3004 5493 γε
3034 5415 3213 5491 δῆμος
3241 5411 3569 5493 ἐπιστήμην
3598 5414 3667 5476 οὗ
3696 5412 3965 5495 πέφυκεν
3992 5417 4211 5497 ἴσχειν,
4245 5416 4383 5481 οὐδὲ
4414 5418 4536 5483 κατ’
