5118 6613
1014 497 1139 579 284

1016 668 1140 734 this
1166 684 1310 757 part
1349 669 1577 735 should
1608 669 1810 744 know,
1843 670 1978 735 that
2023 670 2096 750 is,
2124 669 2255 735 also
2298 669 2511 734 knows
2552 669 2706 735 such

1017 772 1228 862 things
1256 797 1324 838 as
1352 773 1402 839 it
1427 797 1580 851 sees,
1608 774 1735 838 and
1765 773 1917 838 such
1949 773 2160 860 things
2189 795 2259 838 as
2286 773 2337 837 it
2366 774 2574 860 says.”

1100 899 1163 964 p.
1197 896 1348 963 933,
1375 894 1474 962 15.
1508 878 1673 959 (οὐδὲ
1701 880 1817 960 γᾶρ
1840 878 2028 959 ὄρεξις
2049 881 2129 964 τῷ
2155 881 2386 963 καθαρῷ
2417 881 2498 964 νῷ
2525 875 2706 941 ἀπόν-

1015 981 1170 1065 τος)]
1224 981 1385 1043 Haec
1413 978 1732 1066 quomodo
1765 979 2136 1067 expresserit
2169 978 2267 1043 vel
2305 979 2516 1067 potius
2550 978 2710 1043 dila·

1018 1081 1239 1147 taverit
1269 1081 1550 1160 Ficinus,
1580 1082 1792 1170 arguit
1820 1082 2040 1147 versic.
2105 1082 2347 1169 Taylor
2372 1082 2461 1147 ita
2485 1082 2705 1146 vertit:

1019 1194 1062 1224 “
1097 1186 1227 1249 For
1253 1184 1531 1272 appetite
1559 1184 1611 1249 is
1641 1200 1748 1250 not
1795 1184 1856 1249 in
1883 1208 2042 1274 pure
2084 1184 2396 1262 intellect3
2442 1185 2562 1249 but
2591 1184 2714 1250 this

1019 1288 1209 1375 being
1253 1288 1494 1367 absent,
1535 1289 1687 1353 &c.”
1780 1289 1927 1376 Ego
1972 1287 2036 1352 in
2093 1287 2447 1376 parenthesi
2495 1286 2718 1352 inclusi

1019 1390 1180 1455 hanc
1203 1391 1592 1471 sententiam,
1616 1414 1804 1478 quam
1830 1391 1919 1456 ita
1946 1390 2362 1478 accipiendam
2388 1389 2713 1455 existimo:

1020 1515 1216 1581 neque
1270 1497 1439 1557 enim
1495 1496 1797 1581 appetitio
1836 1516 2030 1583 purae
2084 1495 2278 1558 menti
2322 1496 2716 1582 cujusquam,

1020 1597 1186 1684 quod
1210 1598 1435 1662 absens
1460 1599 1567 1661 ait.

1107 1723 1172 1788 p.
1203 1719 1351 1785 934,
1390 1720 1488 1764 10.
1534 1700 1841 1784 ἡσυχίαν,]
1897 1700 2303 1787 Pachymerae
2344 1699 2712 1785 Paraphras.

1020 1803 1082 1867 in
1136 1803 1398 1889 DionyS.
1447 1806 1769 1891 Areopag.
1808 1803 1887 1868 T.
1933 1804 1991 1869 Ι.
2031 1826 2098 1891 p.
2127 1803 2279 1886 484.
2328 1826 2503 1889 supr.
2553 1804 2715 1867 Cor·

1019 1906 1151 1970 der.
1177 1931 1191 1970 :
1241 1906 1488 1981 διάνοια,
1518 1908 1556 1987 ἡ
1587 1907 2005 1987 ἑπιστημονικῆ
2034 1907 2150 1985 ἕξις
2177 1910 2279 1985 τῆς
2303 1908 2520 1989 ψυχῆς·
2577 1907 2711 1986 νόη-

1022 2035 1135 2083 σις,
1168 2011 1201 2071 ὁ
1231 2013 1336 2072 τοῦ
1362 2008 1499 2075 νοὸς
1528 2008 1820 2091 ἐνέργεια·
1865 2008 2075 2076 στάσις
2102 2008 2232 2072 ἔστι
2257 2010 2369 2087 μὲν
2400 2009 2496 2072 καὶ
2521 2008 2559 2087 ἡ
2587 2008 2719 2090 ἠρε-

1023 2114 1129 2191 μία
1156 2111 1303 2194 πρὸς
1329 2111 1437 2191 τὴν
1466 2112 1698 2191 κίνησιν
1726 2110 2336 2191 ἀναδιαοτελλομένη,
2368 2111 2498 2175 ἔστι
2528 2112 2594 2175 δὲ
2626 2111 2720 2175 καὶ

1022 2212 1090 2277 τὸ
1147 2212 1288 2277 αὐτὸ
1332 2216 1402 2293 τῇ
1463 2215 1704 2295 ἱδρύσει.
1794 2216 1978 2292 Haec,
2028 2215 2255 2303 partim
2315 2237 2391 2279 ex
2442 2214 2722 2279 Platonis

1024 2317 1287 2405 Cratylo
1327 2317 1538 2397 ducta,
1586 2319 1740 2401 (vid.
1786 2341 1931 2382 eum
1974 2317 2294 2406 dialogum
2338 2341 2402 2406 p.
2431 2322 2579 2400 426.
2615 2318 2706 2400 d.)

1019 2421 1203 2486 etiam
1249 2421 1603 2486 adhibenda
1647 2438 1796 2486 sunt
1848 2420 2081 2486 Plotini
2124 2423 2315 2487 nostri
2360 2420 2535 2487 alteri
2578 2422 2713 2486 loco

1019 2526 1134 2590 VI.
1167 2545 1230 2611 3.
1268 2541 1371 2608 27.
1401 2547 1464 2612 p.
1490 2525 1639 2606 642.
1674 2524 1781 2590 ubi
1827 2524 1907 2589 de
1952 2525 2179 2605 κινήσει
2219 2538 2284 2589 et
2327 2525 2538 2589 στάσει
2577 2524 2708 2612 agi-

1021 2645 1142 2693 tur.

1099 2753 1164 2818 p.
1196 2749 1345 2816 935,
1380 2729 1438 2793 8.
1507 2731 1626 2793 εἴτε
1682 2729 1946 2811 πράττοι,
2008 2733 2125 2795 εἴτε
2181 2731 2396 2818 ποιοῖ·]
2462 2732 2715 2795 Horum

1021 2834 1357 2898 verborum
1387 2832 1735 2897 differentia
1777 2832 2024 2897 diverso
2065 2833 2254 2899 modo
2294 2848 2545 2920 accepta
2580 2835 2714 2921 jam

1018 2962 1056 3001 a
1082 2935 1415 3000 veteribuS.
1487 2934 1634 2999 Vid.
1665 2936 2023 3001 Aristotelis
2063 2938 2288 3023 Magn.
2339 2936 2611 3001 Moralia
2652 2938 2708 3002 1.

1020 3056 1128 3125 35.
1172 3061 1239 3126 p.
1276 3056 1421 3119 224.
1454 3038 1530 3101 B.
1576 3054 1640 3102 et
1684 3038 1896 3103 Ethic.
1942 3038 2021 3103 ad
2071 3038 2432 3103 Nicomach.
2483 3041 2600 3105 v1.
2648 3062 2713 3120 4.

1023 3166 1091 3229 p.
1129 3160 1269 3206 101.
1317 3139 1494 3226 Sylb.
1540 3163 1605 3228 p.
1642 3143 1784 3226 263.
1832 3140 1993 3206 Zell.
2051 3157 2116 3207 et
2171 3142 2251 3208 ad
2305 3166 2449 3208 eum
2509 3144 2714 3209 locum

1027 3244 1292 3310 Herveti
1339 3246 1691 3310 Comment.
1783 3244 2028 3310 Eodem
2063 3245 2405 3312 Aristotele
2461 3245 2719 3312 laudato

1023 3350 1144 3415 alia
1190 3368 1397 3415 tamen
1446 3349 1688 3437 profert
1749 3350 2029 3433 (fortasse
2087 3373 2163 3414 ex
2218 3350 2354 3415 aliis
2407 3350 2719 3438 Stagiritae

1025 3454 1197 3520 libris
1226 3457 1603 3536 ἐξωτερικοῖς,
1632 3452 1925 3518 nimirum
1970 3476 2128 3540 quos
2172 3453 2367 3518 altero
2404 3455 2540 3517 loco
2568 3453 2717 3518 citat

1024 3557 1459 3647 philosophus)
1509 3556 1798 3621 Clemens
1845 3555 2318 3620 Alexandrinus
2364 3558 2593 3621 Strom.
2637 3557 2715 3620 V.

1032 3684 1130 3749 13.
1159 3686 1223 3751 p.
1254 3664 1403 3747 697.
1436 3685 1533 3748 sq.
1566 3659 1824 3725 Potteri.
1915 3660 2017 3724 Ea
2060 3659 2409 3724 differentia
2451 3658 2717 3744 pertinet

1025 3766 1210 3831 etiam
1253 3765 1334 3829 ad
1365 3763 1663 3829 formulas
1697 3765 1763 3828 εὖ
1799 3779 1865 3827 et
1904 3769 2089 3831 κακῶς
2129 3763 2428 3846 πράττειν,
2458 3761 2540 3826 de
2581 3762 2721 3849 qui·

1028 3871 1148 3933 bus
1192 3881 1337 3957 post
1380 3865 1851 3954 Wyttenbachii
1897 3880 2111 3932 annot.
2156 3866 2220 3929 in
2276 3865 2591 3931 Plutarch.
2639 3865 2721 3930 de

1027 3972 1309 4036 Discern.
1357 3968 1547 4034 Adul.
1594 3969 1676 4033 ab
1721 3969 1943 4033 Amico
1979 3993 2045 4057 p.
2080 3970 2230 4054 506.
2286 3968 2435 4033 nihil
2476 3967 2719 4033 deside-

1029 4073 1217 4139 rabis.
1308 4073 1390 4136 In
1437 4087 1650 4136 nostro
1705 4071 1842 4136 loco
1899 4072 2125 4137 sufficit
2182 4073 2483 4154 πράττειν,
2529 4094 2725 4160 agere

1036 4175 1387 4258 (naudelu),
1445 4191 1744 4261 tanquam
1809 4175 2173 4254 universale,
2238 4176 2621 4262 distinguere
2686 4198 2725 4239 a

1030 4285 1221 4344 ποιεῖν
1222 4278 1456 4364 ficere
1498 4277 1809 4360 (macheu,
1841 4277 2389 4365 hervorbringen)‚
2424 4294 2722 4365 tanquam

1029 4380 1405 4471 particulari.
1507 4383 1865 4445 Teneamus
1907 4380 2161 4468 insuper
2195 4380 2329 4445 haec
2375 4380 2581 4445 Procli
2617 4404 2720 4469 ap.

1031 4483 1555 4575 Olympiodorum
1597 4484 1662 4548 in
1709 4484 1956 4549 Platon.
2000 4483 2208 4548 Alcib.
2245 4506 2343 4571 pr.
2389 4507 2444 4547 c.
2499 4505 2596 4564 14.
2651 4505 2718 4570 p.

1039 4592 1175 4653 126.
1210 4587 1304 4650 καὶ
1331 4587 1585 4651 ἐνταῦθα
1612 4585 1678 4650 δέ
1712 4586 1883 4667 (fort.
1916 4586 2012 4666 δή)
2040 4594 2245 4668 φησιν,
2271 4587 2361 4650 ὅτι
2385 4588 2443 4650 οἱ
2469 4589 2545 4650 τὰ
2570 4590 2725 4649 καλὰ

1028 4690 1385 4773 πράττοντες
1444 4689 1509 4751 εὖ
1557 4688 1900 4770 πράττουσι,
1953 4688 2021 4752 τὸ
2076 4691 2141 4752 δὲ
2187 4689 2465 4769 πράττειν
2508 4694 2726 4772 ψυχῶν

1035 4797 1186 4870 ἐστι,
1220 4792 1314 4855 καὶ
1341 4790 1409 4854 τὸ
1454 4791 1518 4855 εὖ
1545 4790 1846 4872 πράττειν.

1114 4918 1181 4983 p.
1212 4897 1362 4981 936,
1393 4913 1456 4978 3.
1504 4894 1640 4958 οὐδὲ
1683 4897 1800 4976 γὰρ
1848 4892 1991 4971 αὐτὴ
2049 4891 2406 4979 ἐγέννησεν]
2451 4890 2719 4978 Taylor:

1029 5009 1076 5040 “
1113 4998 1213 5063 for
1240 4996 1480 5061 neither
1507 4995 1617 5059 did
1646 4995 1697 5061 it
1723 5010 2015 5082 generate
2046 4993 2405 5059 these”—in
2431 5009 2581 5058 nota
2608 4993 2719 5058 ad-

1028 5118 1286 5163 monens
1313 5094 1610 5160 omissum
1637 5118 1767 5158 esse
1796 5098 1978 5158 ταῦτα
2007 5092 2067 5156 in
2101 5093 2358 5157 Graecis.
2452 5093 2577 5159 Sed
2606 5094 2723 5159 hoc

1031 5220 1371 5287 pronomen
1401 5221 1478 5262 ex
1508 5195 2019 5261 antecedentibus
2046 5194 2225 5259 facile
2246 5193 2574 5280 cogitatur.

1086 5340 1173 5351 —
1190 5321 1215 5364 1
1230 5320 1288 5383 7.
1308 5304 1479 5364 τοῦτο
1501 5298 1550 5363 δ’
1573 5300 1738 5363 ἔστιν
1760 5298 2066 5377 ὧμοίωσεν
2085 5300 2268 5383 ἑαυτῷ
2291 5300 2370 5383 τῷ
2393 5298 2515 5361 ἄνω
2534 5299 2716 5383 φωτί]

1037 5406 1116 5469 Id
1135 5426 1280 5468 vero
1308 5413 1420 5482 est,
1451 5402 1718 5467 similem
1740 5402 1861 5465 sibi
1891 5400 2166 5463 reddidit
2192 5400 2445 5463 sublimi
2473 5402 2728 5467 lumini.

1038 5508 1142 5571 Ita
1154 5506 1415 5571 scribere
1433 5529 1555 5571 non
1576 5503 1855 5569 dubitavi
1877 5501 2406 5589 innixusvestigiis
2424 5502 2731 5569 codicum.

1985 496 2816 563 ANNOTATIONES
2881 496 2994 560 IN
3058 496 3509 562 PLOTINI

2795 668 3053 735 Ficinus
3094 670 3396 758 expressit
3435 669 3762 737 lectionem
3802 667 4123 735 editionis:
4170 670 4387 751 ὁμοίως
4420 671 4489 735 ἐν

2796 775 3001 860 ἑαυτῷ.
3091 773 3338 839 Deinde
3366 798 3444 839 ex
3478 772 3655 839 libris
3691 772 3838 838 dedi
3868 775 3965 838 καὶ
3989 779 4189 859 μεῖζον
4226 788 4291 839 et
4320 777 4486 854 νομί-

2794 883 2927 951 ζων,
2958 891 3021 939 et
3048 875 3322 941 indidem
3343 890 3532 964 atque
3560 899 3596 940 e
3622 876 3900 963 margine
3937 880 4111 941 τοῦτο
4140 898 4257 964 pro
4284 878 4489 962 τούτῳ.

2795 981 3354 1066 —Argumentum
3401 980 3594 1067 hujus
3621 978 3738 1044 loci
3767 978 3942 1067 quod
3970 979 4216 1058 attinet,
4245 1000 4495 1066 compa-

2798 1095 2955 1160 ratu,
3000 1105 3146 1169 quae
3188 1082 3353 1146 infra
3389 1083 3463 1145 V.
3494 1102 3559 1167 5.
3590 1102 3651 1164 7.
3697 1081 4012 1170 leguntur.
4105 1081 4493 1170 Hujusmodi

2797 1196 3007 1248 autem
3050 1184 3389 1264 sententiae,
3418 1184 3632 1271 quales
3660 1184 3722 1248 h.
3745 1184 3790 1249 l.
3824 1203 3887 1250 et
3916 1183 4217 1250 similibus
4253 1186 4496 1273 profert

2805 1286 3114 1367 PlotinuS,
3148 1310 3270 1352 non
3317 1288 3634 1353 Plutarchi
3663 1289 3916 1354 demum
3947 1303 4059 1353 aut
4097 1288 4311 1376 paullo
4349 1305 4494 1354 ante

2805 1389 3080 1456 Philonis
3122 1405 3305 1455 oetate
3338 1390 3400 1455 in
3445 1390 3899 1480 philosophiam
3931 1390 4193 1456 invectae
4222 1406 4389 1469 sunt,
4421 1406 4495 1457 ut

2799 1493 3095 1582 opinatur
3147 1495 3581 1559 Tennemaun.
3635 1494 3696 1558 in
3761 1493 3931 1560 Hist.
3981 1493 4212 1560 Philos.
4258 1496 4379 1560 VI.
4426 1519 4491 1584 p.

2802 1598 2909 1679 46,
2941 1596 3053 1684 qui
3092 1597 3408 1685 ceteroqui
3458 1613 3621 1662 recte
3657 1612 3976 1686 comparat
4013 1602 4122 1677 τῆν
4162 1600 4298 1681 περὶ
4341 1603 4495 1663 θεῶν

2800 1701 3064 1782 ἔμφυτον
3090 1707 3316 1783 γνῶσιν
3352 1724 3454 1787 ap.
3492 1699 3906 1766 Iamblichum
3954 1700 4035 1765 de
4076 1701 4400 1789 Mysteriis
4430 1703 4489 1765 1.

2798 1822 3169 1888 3,—verum
3208 1826 3312 1867 eas
3343 1804 3476 1890 jam
3521 1803 3948 1892 antiquissima
3974 1804 4362 1894 philosophia
4390 1827 4501 1870 no-

2803 1918 2998 1980 verat,
3028 1903 3171 1969 licet
3198 1906 3405 1970 verbis
3445 1905 3623 1971 aliter
3665 1907 4085 1996 exprimerent
4122 1907 4496 1997 philosophi.

2806 2007 2930 2085 Sic,
2987 2021 3057 2072 ut
3102 2008 3221 2072 hoc
3274 2023 3437 2089 utar,
3482 2009 3614 2097 ipse
3665 2010 3887 2076 Cicero
3932 2010 4012 2075 de
4052 2012 4136 2091 N.
4159 2013 4242 2076 D.
4296 2011 4355 2075 Ι.
4391 2029 4490 2092 17.

2803 2119 2847 2150 ‘⁴
2875 2110 3159 2198 intelligi,
3189 2111 3298 2189 ait,
3327 2135 3572 2178 necesse
3599 2132 3694 2178 est
3721 2136 3851 2178 esse
3878 2113 4048 2197 deos,
4075 2115 4371 2203 quoniam
4396 2116 4496 2177 ἱπ-

2803 2215 2962 2278 sitas
2988 2235 3202 2278 eorum
3232 2215 3332 2279 vel
3352 2217 3575 2303 potius
3602 2218 3862 2281 innata-3
3886 2218 4276 2305 cognitiones
4305 2216 4488 2280 habe·

2798 2318 2998 2382 mu3.''
3056 2316 3156 2381 cf.
3193 2315 3433 2382 Galeus
3477 2317 3560 2383 ad
3607 2318 3936 2385 Iamblich.
3983 2318 4096 2384 l.l.
4146 2342 4212 2408 p.
4249 2322 4384 2385 186.
4432 2337 4496 2385 et

2798 2417 3095 2484 Gataker.
3125 2419 3206 2484 ad
3238 2421 3445 2485 Marc.
3475 2420 3785 2486 Antonin.
3821 2422 3962 2488 III.
3998 2438 4095 2508 15.
4127 2445 4193 2510 p.
4217 2423 4320 2487 88.

2882 2545 2948 2609 p.
3003 2538 3152 2608 937,
3206 2526 3267 2588 6.
3317 2525 3481 2588 ἀλλὰ
3533 2525 3907 2610 τούναντίον]
3986 2524 4255 2614 Taylor:
4306 2534 4350 2565 ‘⁶
4379 2525 4496 2590 but

2801 2625 2911 2689 the
2939 2641 3228 2713 contrary
3257 2628 3318 2691 is
3350 2636 3459 2692 not
3501 2629 3678 2693 true*
3707 2642 3771 2692 et
3797 2627 3949 2694 dicit
3988 2627 4053 2692 in
4092 2643 4262 2709 nota,
4292 2651 4497 2693 neees-

2803 2729 2964 2793 sario
2992 2727 3325 2816 legendum
3369 2754 3538 2805 esse;
3589 2730 3725 2795 ἀλλ’
3758 2732 3828 2795 οὗ
3855 2733 4243 2799 τοῦναντίονε
4289 2733 4497 2799 haeoce

2800 2846 3127 2897 causatus:
3179 2840 3225 2873 “
3258 2833 3405 2897 The
3435 2834 3728 2922 meaning
3747 2834 3822 2899 of
3844 2833 4133 2900 Plotinus
4160 2834 4213 2900 is
4241 2835 4376 2900 that
4403 2835 4495 2900 in-

2801 2933 3100 3022 telligible
3142 2934 3303 3023 light
3343 2936 3395 3001 is
3436 2955 3547 3002 not
3590 2960 3730 3001 seen
3775 2959 3949 3003 more
3989 2937 4237 3027 acutely
4272 2938 4359 3027 by
4386 2938 4496 3004 the

2798 3037 3157 3125 perception
3185 3039 3260 3103 of
3282 3038 3497 3104 visible
3525 3039 3823 3127 objects.'’
3916 3039 4064 3105 Sine
4089 3039 4264 3107 libris
4289 3063 4330 3105 a
4354 3040 4492 3106 vul-

2802 3155 2952 3227 gata
2991 3140 3308 3207 discedere
3356 3141 3549 3221 nolui,
3595 3157 3659 3207 et
3702 3142 3913 3221 habet,
3957 3167 4088 3230 quo
4135 3166 4202 3208 se
4246 3156 4497 3208 tueatur

2805 3244 3108 3311 sententia
3148 3268 3188 3311 a
3227 3244 3447 3311 Ficino
3484 3247 4044 3333 expressa—Mox
4081 3245 4369 3312 Ficinum
4398 3245 4493 3310 le-

2803 3348 2967 3434 gisse
2986 3349 3201 3414 credas
3219 3351 3385 3431 ἠμεῖς
3413 3353 3479 3415 δὲ
3506 3349 3576 3415 δι’
3608 3351 3789 3415 αὐτοῦ
3814 3373 3932 3438 pro
3947 3352 4096 3431 ἡμᾶς
4112 3354 4177 3416 δὲ
4206 3350 4276 3416 δι’
4299 3350 4494 3415 αὐτοῦ.

2809 3450 3079 3515 Medicei
3110 3466 3314 3516 tamen
3346 3450 3488 3515 libri
3516 3450 3601 3514 nil
3633 3451 3876 3517 variant
3904 3475 3944 3517 a
3964 3451 4244 3539 vulgata.

2893 3576 2954 3640 p.
2987 3555 3136 3638 938,
3171 3572 3230 3618 2.
3304 3556 3556 3639 ἀπαιτῇ]
3604 3554 3707 3620 Cf.
3759 3554 3923 3620 infra
3973 3556 4090 3619 VI.
4137 3576 4203 3641 3.
4255 3571 4313 3637 7.
4362 3554 4495 3619 init.

2806 3658 2926 3720 Est
2967 3658 3245 3744 exigere,
3275 3678 3579 3743 quaerere,
3609 3672 3672 3722 et
3700 3658 4138 3745 frequentatur
4179 3658 4242 3722 in
4286 3656 4500 3744 dispu-

2807 3758 2980 3823 tandi
3006 3773 3399 3846 argumentO,
3415 3759 3677 3825 docente
3696 3760 4190 3849 Wyttenbachio
4208 3761 4291 3825 ad
4322 3760 4495 3825 Plut.

2805 3861 2888 3926 de
2922 3861 3184 3926 discern.
3218 3861 3417 3928 Adul.
3439 3878 3503 3928 et
3533 3863 3761 3927 Amico
3788 3887 3850 3952 p.
3886 3881 4032 3950 510.
4122 3865 4242 3929 Est
4285 3880 4495 3928 autem

2807 3965 2869 4029 h.
2894 3964 2937 4028 l.
2983 3966 3273 4031 attractio
3313 3988 3430 4052 pro
3473 3965 3581 4030 ἐάν
3623 3992 3710 4035 τις
3750 3967 3965 4047 ἀπαιτῇ
3995 3970 4205 4031 ὁποῖον
4247 3967 4421 4035 αὐτὸς
4465 3971 4498 4030 ὁ

2812 4074 2945 4137 νοῦς
2975 4097 3029 4132 κ.
3055 4094 3109 4132 τ.
3131 4071 3445 4133 λ.-Μοκ
3472 4068 3536 4133 in
3568 4069 3858 4135 extremis
3873 4070 4078 4135 verbis
4106 4070 4298 4157 hujus
4323 4071 4497 4158 capi·

2811 4171 2889 4236 tis
2919 4172 3177 4237 Ficinus
3218 4172 3519 4259 expressit
3548 4176 3644 4238 διᾶ
3678 4178 3822 4253 ζωῆς
3860 4196 3978 4261 pro
4015 4176 4112 4238 διὰ
4139 4176 4259 4252 τῆς.
4350 4173 4497 4259 Ego

2808 4274 2890 4339 ab
2919 4274 3279 4361 hujusmodi
3308 4275 3445 4340 loco
3473 4298 3724 4341 manum
3756 4299 4011 4364 prorsus
4038 4274 4332 4341 abstinui.

2891 4415 2980 4427 —
3021 4398 3110 4442 10.
3144 4381 3198 4444 εἰ
3226 4379 3476 4461 ἆφέλοις
3502 4386 3735 4461 πρῶτον
3755 4379 3824 4443 τὸ
3854 4379 4242 4460 σῶμα-εἶτα
4271 4378 4366 4444 καὶ
4394 4378 4501 4458 τὴν

2807 4480 3189 4545 πλάττουσαν
3218 4486 3390 4545 τοῦτο
3430 4483 3690 4571 mna]
3742 4480 3925 4547 Plato
3955 4481 4278 4546 Phaedone
4304 4505 4366 4567 p.
4394 4482 4497 4545 82.

2810 4581 2874 4646 d.
2921 4605 2987 4667 p.
3018 4602 3126 4667 55.
3175 4581 3416 4648 Bekk.:
3478 4583 3777 4667 τοιγάρτοι
3820 4586 4045 4652 τούτοις
4092 4587 4205 4664 μὲν
4249 4582 4494 4656 ἅπασιν,

2812 4686 2950 4767 ἔφη,
2982 4683 3029 4749 ὦ
3062 4685 3278 4766 Κέβης,
3313 4688 3527 4751 ἐκεῖνοι
3555 4688 3644 4754 οἷς
3669 4713 3725 4751 τι
3750 4687 3924 4768 μέλει
3950 4692 4051 4767 τῆς
4078 4690 4271 4752 αὐτῶν
4298 4691 4499 4772 ψυχῆς

2812 4790 2975 4852 ἀλλὰ
3001 4787 3081 4868 μὴ
3114 4790 3360 4869 σώματα
3395 4787 3757 4857 πλάττοντες
3782 4796 3943 4866 ζῶσι,
3974 4792 4208 4875 χαίρειν
4237 4792 4502 4855 εἰπόντες

2810 4891 2881 4954 οὐ
2934 4894 3080 4955 κατὰ
3127 4892 3311 4955 ταύτὰ
3359 4893 3710 4974 πορεύονται
3754 4893 3965 4961 αὐτοῖς.
4061 4892 4190 4958 Ubi
4234 4890 4499 4956 Heindf.

2809 5015 2875 5080 p.
2907 4995 3049 5058 116.
3096 4993 3388 5058 haesitans
3416 4992 3513 5057 vel
3558 4996 3784 5074 σώματι
3825 4997 4213 5078 λατρεύοντες
4256 4993 4502 5059 volebat

2809 5096 2906 5160 vel
2936 5104 3108 5176 σῶμα
3134 5097 3514 5165 πλάττοντες.
3605 5099 3708 5161 Ac
3737 5096 3787 5161 si
3816 5115 4095 5163 nostrum
4129 5096 4333 5161 locum
4365 5118 4504 5160 nos-

2809 5213 2924 5276 set,
2954 5198 3127 5262 haud
3171 5196 3361 5262 dubie
3401 5220 3543 5262 eum
3588 5198 3736 5262 huic
3777 5199 4150 5286 conjecturae
4179 5196 4504 5263 firmandoe

2812 5300 3216 5367 adhibuisset.
3307 5300 3431 5366 Sed
3465 5301 3800 5390 Wyttenb.
3830 5301 3912 5367 ad
3948 5302 4247 5367 Phaedon.
4281 5300 4382 5366 l.l.
4415 5301 4506 5365 ita

2816 5430 2878 5492 p.
2909 5424 3071 5489 219:
3119 5413 3162 5444 “
3191 5406 3293 5469 De
3329 5403 3533 5468 anima
3575 5427 3802 5491 corpus
3844 5404 4151 5469 formante
4193 5401 4424 5468 dicitur
4469 5427 4508 5467 a

2821 5506 3073 5572 Plotino
3100 5506 3164 5571 in
3194 5506 3559 5572 deteriorem
3589 5525 3856 5595 partem.
3885 5531 3950 5596 p.
3970 5525 4123 5593 505.
4143 5511 4232 5573 A.
4320 5506 4509 5584 Quod
