5118 6613
1337 582 1775 648 LIB.V111.
1821 578 2280 647 ENNEAD.
2333 581 2728 648 SEXTAE.
2775 607 2843 672 p.
2880 585 3324 673 1377-1385·

3956 606 4081 673 405

595 759 773 840 ταύτῃ
803 762 1072 824 νοεῖσθαι
1099 761 1222 826 τοῖς
1248 761 1528 825 παλαιοῖς
1553 757 1887 839 λεγόμενον
1908 752 1980 819 δι’
1999 756 2294 844 αἱνίξεως]
2385 769 2610 844 putare
2638 758 2948 839 γεννητόν.
3036 758 3159 822 Est
3184 757 3396 845 potius
3424 756 3747 839 ἆγέννητος
3788 759 3941 842 ἀρχὴ
3983 758 4077 823 di·

596 860 880 926 Primum
930 859 1146 925 confer
1189 858 1407 925 Nostri
1436 859 1559 924 VI.
1598 876 1661 941 7.
1693 859 1802 944 38.
1852 856 1989 923 init.
2038 879 2104 945 p.
2147 873 2295 943 729.

591 962 752 1028 med.
784 978 848 1028 et
875 987 1023 1051 quae
1051 962 1175 1028 illic
1202 961 1599 1028 commentati
1630 983 1887 1040 sumus3
1933 958 2159 1025 deinde
2186 959 2296 1025 ad-

591 1067 758 1146 hibe,
788 1090 936 1154 quae
978 1066 1062 1131 ad
1104 1066 1240 1132 11ωο
1275 1063 1710 1153 olympiodori
1737 1063 1803 1128 in
1835 1063 2048 1128 Alcib.
2081 1085 2178 1150 pr.
2224 1086 2289 1150 p.

597 1191 622 1235 1
631 1191 668 1257 3
675 1191 741 1256 3:
778 1174 832 1235 εἰ
858 1172 925 1235 δὲ
956 1171 1051 1235 καὶ
1077 1170 1145 1234 τὸ
1176 1175 1408 1253 πρῶτον
1437 1172 1629 1234 αἴτιον
1654 1168 1908 1252 ἅῤῥητόν
1937 1170 2123 1241 ἐστιν,
2151 1164 2290 1231 ἀλλ’

591 1274 667 1339 ὥς
691 1276 1041 1355 ὑπερειῶὃος
1068 1270 1140 1336 ὃν
1171 1270 1363 1359 (leget
1403 1270 1541 1336 ἀλλ’
1574 1273 1650 1340 ὥς
1677 1274 1825 1353 ὑπὲρ
1856 1271 2008 1338 εἶδος
2037 1268 2128 1344 ὂν,
2159 1284 2293 1334 1811-

2381 858 2637 924 cenduS.
2730 858 2834 923 Cf.
2863 858 3072 946 ipsum
3101 862 3404 928 Nostrum
3433 862 3511 925 V.
3541 881 3603 940 4.
3637 882 3693 926 1.

2468 984 2530 1049 p.
2565 962 2749 1047 1383,
2778 981 2844 1046 5.
2890 962 3008 1026 ἆπὸ
3039 963 3242 1031 οὐσίας
3267 964 3690 1052 ἀνενεργῆτου]
3740 966 3928 1029 Hanc
3957 961 4076 1028 lec-

2381 1062 2612 1129 tionem
2660 1063 2727 1129 in
2770 1087 2967 1152 marg.
3004 1064 3101 1128 ed.
3134 1065 3471 1131 exhibitam
3516 1090 3632 1155 pro
3657 1067 3877 1133 vitiosa
3905 1068 4077 1149 ἆνερ.

2378 1166 2580 1249 γῆτου,
2601 1190 2747 1253 quae
2774 1182 3138 1232 contextum
3161 1168 3378 1247 foedat,
3398 1171 3764 1235 confirmant
3784 1185 3849 1235 et
3872 1168 4074 1234 Codd.

2376 1267 2633 1356 plurimi
2678 1285 2743 1334 et
2788 1294 2936 1334 vero
2981 1270 3164 1334 etiam
3211 1270 3603 1358 Nicephorus
3648 1274 3962 1361 Gregoras
4013 1272 4074 1336 in

589 1398 780 1463 quam
822 1374 913 1454 id,
960 1374 1131 1462 quod
1180 1372 1372 1461 supra
1417 1374 1619 1439 ideam
1665 1379 1788 1460 est)
1836 1397 1915 1439 ex
1957 1372 2292 1438 Damascio
2376 1372 2712 1460 Excerptis
2757 1372 3125 1438 Plotinianis
3170 1373 3416 1438 Histor.
3462 1376 3619 1463 Byz.
3666 1375 3775 1441 lib.
3816 1374 4073 1439 XXII.

589 1480 723 1561 περὶ
751 1480 887 1564 ἆρχ.
916 1500 980 1566 p.
1003 1478 1145 1564 238.
1177 1501 1240 1566 p.
1262 1479 1406 1561 258.
1436 1491 1495 1543 et
1526 1501 1591 1566 p.
1611 1480 1717 1542 60.
1749 1475 1968 1540 Wolfii
1999 1475 2285 1563 apposui,

592 1581 698 1645 ubi
743 1580 1077 1670 Babylonii
1120 1581 1418 1646 dicuntur
1444 1581 1553 1660 τὴν
1590 1582 1734 1661 μίαν
1760 1586 1879 1646 τῶν
1906 1581 2067 1644 ὅλων
2097 1579 2289 1661 ἀρχὴν

589 1688 730 1767 σιγῇ
773 1683 1067 1767 παριέναι,
1098 1698 1161 1748 et
1202 1683 1284 1748 ab
1315 1683 1643 1772 AEgyptiis
1685 1682 1915 1748 dicitur
1959 1683 1996 1762 ἡ
2037 1683 2150 1762 μὲν
2182 1682 2289 1760 μία

588 1792 703 1850 τῶν
732 1788 894 1851 ὅλων
923 1787 1077 1870 ἁρχὴ
1106 1788 1319 1854 σκότος
1346 1788 1660 1870 ἄγνωστον
1684 1784 2034 1866 ὑμνουμένη.
2093 1782 2287 1847 Unde

587 1888 973 1977 intelligitur,
1018 1888 1193 1977 quod
1239 1887 1528 1953 Plotinus
1570 1887 1744 1965 dicit,
1774 1886 2089 1951 veteribus
2129 1884 2288 1949 illud

586 2014 923 2069 summum,
954 1991 1125 2079 quod
1172 2015 1365 2080 supra
1404 1991 1730 2056 essentiam
1772 2004 1889 2070 est,
1919 1991 2181 2055 obscure
2224 2003 2288 2054 et

585 2117 700 2182 per
727 2108 984 2159 tesseras
1011 2093 1324 2159 duntaxat
1349 2117 1479 2158 esse
1519 2093 1954 2181 significatum.
2046 2092 2284 2157 Proba-

587 2196 709 2262 bile
736 2220 885 2260 vero
912 2212 1006 2261 est
1036 2219 1178 2261 eum
1212 2196 1633 2283 Orphicorum
1674 2195 1946 2261 carmina
1974 2208 2038 2260 et
2065 2218 2281 2260 oracu-

584 2298 784 2364 lorum
818 2315 1006 2386 atque
1038 2298 1372 2365 Initiorum
1403 2321 1716 2364 sacrorum
1748 2298 1934 2363 effata
1961 2297 2281 2386 cogitasse.

587 2402 850 2468 Proclus
876 2402 941 2466 in
976 2404 1132 2467 Inst.
1163 2402 1390 2467 Theol.
1420 2403 1774 2467 CXXIII.
1807 2424 1869 2489 p.
1896 2402 2032 2466 182.
2065 2402 2152 2465 ita
2180 2423 2286 2464 ex-

585 2506 870 2571 orditur:
933 2511 1073 2570 Πᾶν
1117 2505 1186 2569 τὸ
1233 2510 1397 2570 θεῖον
1443 2505 1585 2569 αὐτὸ
1631 2508 1728 2570 διὰ
1775 2504 1884 2583 τὴν
1929 2505 2284 2586 ὑπερούσιον

586 2610 802 2674 ἕνωσιν
831 2611 1083 2692 ἄῤῥητόν
1112 2612 1241 2673 ἐστι
1272 2610 1368 2673 καὶ
1396 2610 1709 2691 ἄγνωστον
1737 2611 1886 2671 πᾶσι
1922 2612 2046 2674 τοῖς
2085 2604 2280 2671 δεῦτέ·

585 2738 708 2795 ροις
736 2740 790 2777 κ.
811 2738 862 2776 τ.
887 2721 952 2776 λ.
1045 2711 1236 2776 Color
1263 2710 1456 2798 hujus
1484 2710 1601 2775 loci
1630 2725 1695 2775 et
1733 2709 2026 2773 similium
2055 2709 2285 2773 ductus

586 2838 662 2879 ex
695 2814 973 2879 Platonis
1007 2814 1299 2902 Sophista
1325 2838 1388 2901 p.
1416 2834 1560 2900 239.
1583 2837 1643 2878 a.
1664 2812 1728 2877 b.
1756 2813 2033 2898 itemque
2059 2835 2137 2876 ex
2171 2811 2285 2875 Ti-

585 2940 745 2982 maeo
764 2941 829 3006 p.
852 2921 954 2983 28.
971 2942 1036 2982 e:
1069 2917 1176 2982 τὸν
1195 2919 1309 2999 μὲν
1330 2918 1436 2981 οὖν
1464 2917 1709 2997 ποιητὴν
1741 2916 1836 2979 καὶ
1861 2914 2090 2997 πατέρα
2115 2918 2284 2979 τοῦδε

584 3025 689 3084 τοῦ
728 3022 949 3089 παντὸς
992 3024 1185 3104 εὑρεῖν
1213 3046 1280 3085 τε
1310 3020 1489 3103 ἔργον
1519 3021 1615 3083 καὶ
1645 3021 1892 3102 εὑρόντα
1936 3021 2019 3085 εἰς
2058 3016 2284 3083 πάντας

585 3124 876 3190 ἀδύνατον
903 3123 1131 3207 λέγειν.
1200 3122 1303 3188 Cf.
1338 3122 1502 3186 infra
1529 3124 1835 3188 Nostrum
1868 3122 1992 3184 VI.
2024 3140 2086 3206 9.
2117 3141 2179 3206 3.
2214 3144 2280 3208 p.

586 3243 732 3312 759.
765 3230 849 3291 A.
881 3243 944 3292 et
976 3225 1271 3292 Proclum
1299 3225 1362 3289 in
1396 3224 1645 3291 Platon.
1677 3223 1990 3312 Theolog.
2036 3246 2100 3312 p.
2139 3226 2283 3287 106.

585 3352 795 3419 supra.

669 3456 736 3520 p.
760 3433 947 3519 1381,
979 3452 1076 3518 15.
1108 3437 1242 3497 Νῦν
1270 3435 1335 3498 δὲ
1367 3436 1420 3497 εἰ
1450 3433 1546 3496 καὶ
1572 3432 1711 3514 πρὶν
1742 3434 1926 3496 αἰῶνα
1957 3430 2110 3495 εἶναι
2139 3431 2284 3514 ὅπερ

587 3537 754 3602 ἐστὶν
788 3535 1048 3616 ἦν-καὶ
1092 3537 1219 3600 οἷον
1255 3534 1536 3617 γεννήσει
1579 3535 1770 3620 ἆϊδίῳ]
1823 3535 1989 3598 Haec
2030 3555 2280 3619 compa-

582 3639 780 3705 randa
806 3654 955 3704 sunt
982 3661 1125 3703 cum
1152 3637 1431 3702 Platonis
1450 3637 1699 3702 Timaeo
1719 3659 1784 3724 p.
1803 3655 1906 3722 37.
1931 3636 2061 3700 d.e.
2091 3657 2158 3722 p.
2175 3638 2279 3721 36.

585 3739 786 3807 Bekk.
818 3755 882 3806 et
923 3764 986 3829 p.
1017 3759 1127 3822 42.
1150 3764 1205 3807 e.
1247 3764 1313 3830 p.
1343 3743 1451 3822 46.
1487 3739 1689 3805 Bekk.
1721 3740 1994 3826 itemque
2025 3742 2279 3804 Parme-

582 3845 729 3910 nide
755 3868 821 3932 p.
846 3847 988 3930 136.
1013 3844 1080 3909 b.
1112 3859 1175 3910 et
1201 3867 1263 3932 p.
1297 3861 1436 3929 154.
1460 3868 1553 3932 sq.
1587 3855 1651 3908 et
1675 3842 1872 3930 ipsius
1901 3841 2132 3907 Plotini
2161 3840 2284 3905 dis-

583 3949 820 4037 putatis
867 3971 931 4035 p.
963 3967 1110 4034 329.
1143 3950 1230 4013 D.
1277 3961 1341 4012 et
1383 3971 1447 4035 p.
1479 3963 1632 4032 554.
1662 3949 1747 4010 A.
1842 3943 2029 4009 Adde
2076 3942 2283 4007 Procli

587 4052 743 4117 Inst.
778 4051 1006 4117 Theol.
1055 4052 1193 4116 LV.
1240 4074 1302 4138 p.
1348 4051 1449 4115 86.
1495 4064 1555 4114 et
1604 4050 1782 4113 CIV.
1827 4071 1893 4135 p.
1930 4068 2070 4129 154.
2180 4046 2281 4110 De

583 4154 865 4238 γεννήσει
908 4156 1073 4241 ἀϊδίῳ
1117 4153 1240 4217 Dei
1270 4151 1416 4217 Filii
1445 4175 1523 4216 ex
1557 4154 1745 4216 Patre
1789 4149 1954 4215 locos
1995 4147 2282 4213 collectos

581 4257 851 4346 reperias
893 4255 1066 4346 apud
1114 4254 1437 4320 Suicerum
1476 4253 1543 4317 in
1583 4253 1777 4317 Thes.
1809 4250 2168 4317 Ecclesiast.
2211 4273 2280 4338 p.

583 4363 733 4447 756.
764 4384 856 4448 sq.
890 4359 1123 4447 quibus
1150 4357 1313 4422 adde
1341 4354 1582 4421 Nicolai
1615 4354 2011 4419 Methonens.
2045 4354 2282 4441 Dispu-

582 4478 694 4530 tat.
724 4463 871 4529 adV.
904 4460 1194 4527 Proclum
1225 4483 1290 4548 p.
1315 4479 1422 4541 41.
1453 4458 1555 4522 ed.
1580 4456 1855 4521 Voemel.
1945 4457 2106 4533 Quae
2147 4455 2280 4544 pla-

581 4568 704 4632 cita
732 4565 1227 4633 Christianorum
1274 4561 1599 4625 doctorum
1640 4575 1854 4623 utrum
1883 4582 2029 4624 cum
2060 4559 2274 4624 Plato-

579 4671 860 4736 nicorum
881 4663 1391 4756 philosophorum
1417 4661 1659 4751 placitis
1686 4662 2027 4749 comparari
2051 4663 2145 4726 fas
2175 4662 2274 4742 sit,

579 4796 694 4839 nec
729 4795 830 4850 ne,
862 4768 1169 4837 discordia
1195 4779 1289 4831 est
1316 4766 1477 4831 inter
1509 4763 1967 4830 Cudworthum
1996 4779 2060 4829 et
2091 4767 2273 4829 Mos-

579 4876 879 4943 hemium.
948 4872 1091 4937 Vid.
1126 4893 1258 4935 v.c.
1297 4871 1463 4957 Syst.
1499 4866 1708 4933 Intell.
1743 4868 1858 4930 IV.
1896 4885 1993 4952 15.
2027 4890 2089 4953 p.
2120 4887 2273 4954 315.

580 5003 717 5068 sqq.
806 4978 1102 5042 Ceterum
1146 4996 1330 5038 nemo
1356 4994 1481 5036 non
1513 4970 1684 5035 videt
1727 4970 1887 5034 hanc
1917 4969 2107 5035 ἀΐδιον
2133 4970 2272 5052 γέν-

580 5107 754 5164 νησιν
780 5076 1214 5144 tantummodo
1241 5074 1539 5162 loquendi
1566 5073 1823 5143 modum
1868 5097 1998 5139 esse
2041 5074 2270 5139 doctri-

576 5208 676 5251 nae
716 5205 902 5248 causa
928 5181 1264 5245 inventam.
1356 5180 1650 5264 Namque
1678 5177 1747 5241 τὸ
1777 5179 2015 5260 πρώτως
2044 5178 2140 5242 καὶ
2166 5180 2271 5260 ἆρ-

576 5295 756 5375 χικῶς
782 5286 873 5361 ἂν,
899 5287 975 5353 ὥς
1001 5287 1114 5366 μὲν
1142 5286 1343 5350 ἁπλῶς
1371 5279 1677 5346 ὂν-κατᾶ
1697 5280 2002 5344 Πλάτωνα
2029 5279 2274 5362 γένεσιν

577 5394 684 5457 οὐκ
728 5391 875 5475 ἔχει,
906 5386 1045 5454 ἀλλ’
1081 5388 1247 5451 ἔστιν
1290 5385 1386 5449 ἀεὶ
1426 5382 1757 5466 ἆγεννήτως
1800 5381 1885 5448 ὢν
1928 5382 2273 5447 secundum

579 5493 909 5561 Nicolaum
945 5490 1424 5555 Methonensem
1452 5485 1492 5550 l.
1512 5484 1558 5551 l.
1605 5487 1699 5551 Et
1725 5486 2069 5551 absurdum
2099 5485 2270 5565 dicit,

576 5596 883 5663 Alcinous
923 5592 1005 5659 de
1042 5593 1264 5658 Doctr.
1308 5588 1590 5655 Platonis
1631 5590 1717 5655 X.
1770 5612 1833 5677 p.
1862 5590 2014 5670 481,
2059 5589 2272 5655 Deum

2373 1498 2439 1562 p.
2473 1475 2622 1561 683.
2687 1475 2885 1541 Paris.
2921 1500 2986 1564 p.
3014 1497 3166 1562 551.
3200 1478 3420 1543 Venet.
3516 1479 3595 1542 In
3626 1477 3745 1543 hoc
3772 1476 4077 1542 vocabulo

2373 1576 2604 1664 saepius
2630 1593 2952 1665 peccatum
2983 1594 3096 1645 est.
3191 1580 3294 1644 Sic
3342 1595 3413 1645 ut
3455 1580 3575 1646 hoc
3616 1598 3776 1659 utar,
3807 1580 3869 1645 in
3903 1582 4072 1644 Iam-

2374 1679 2564 1744 blichi
2608 1683 2741 1745 loco
2770 1704 2872 1769 ap.
2910 1683 3087 1747 Stob.
3116 1682 3381 1771 Eclogg.
3419 1685 3478 1747 Ι.
3509 1701 3617 1769 52.
3646 1702 3750 1771 32.
3780 1683 3883 1748 ed.
3906 1685 4069 1748 Can-

2374 1781 2490 1846 teri
2518 1782 2664 1848 dat:
2714 1784 3069 1868 ἐνέργειτον,
3100 1785 3211 1851 ubi
3254 1809 3425 1851 nunc
3467 1803 3635 1852 recte
3677 1787 3907 1875 legitur
3935 1789 4071 1851 ἀνἐ-

2375 1884 2679 1969 νέργητον.
2778 1888 2882 1951 Cf.
2932 1888 3227 1953 Heerenii
3276 1905 3407 1954 not.
3436 1912 3493 1954 a.
3541 1914 3609 1977 p.
3643 1891 3791 1955 882.
3880 1888 4074 1954 Adde

2372 2010 2519 2074 quae
2563 2012 2754 2076 supra
2795 1988 2913 2077 ipsi
2954 1991 3388 2057 annotavimus
3429 1992 3493 2057 111
3540 1993 3757 2058 Nostri
3798 1994 3877 2057 V.
3909 1995 3970 2057 6.
4005 1994 4066 2057 6.

2371 2113 2435 2178 p·
2456 2111 2550 2282 ἐξ
2561 2095 2748 2280 335³,
2785 2216 2841 2260 Ι.
2908 2198 3156 2279 ἆφελῶν
3205 2198 3500 2263 πάντα-
3514 2197 3652 2278 μήτι
3699 2198 4066 2286 προστιθεὶς]

2373 2298 2478 2361 Cf.
2509 2299 2813 2362 Nostrum
2858 2322 2925 2386 p.
2953 2318 3100 2384 332.
3132 2301 3208 2366 C.
3239 2314 3303 2365 et
3339 2323 3407 2388 p.
3432 2318 3581 2386 352.
3611 2301 3695 2364 D.
3719 2300 3804 2364 E.
3895 2300 4069 2376 Quos

2372 2398 2537 2464 locos
2564 2415 2707 2465 ante
2735 2401 2948 2466 oculos
2985 2401 3207 2467 habuit
3237 2401 3522 2482 ProcluS,
3552 2424 3696 2466 cum
3740 2402 3875 2466 haec
3918 2424 4065 2466 scri-

2367 2502 2543 2568 beret
2579 2503 2642 2568 in
2677 2505 2834 2568 Inst.
2870 2504 3097 2570 Theol.
3132 2505 3334 2570 VIII.
3381 2529 3449 2593 p.
3488 2519 3584 2584 14.
3618 2527 3791 2591 sqq.:
3840 2503 3910 2568 τὸ
3952 2505 4069 2585 ἄρα

2369 2609 2609 2690 πρώτως
2650 2607 2880 2692 ἀγαθὸν
2907 2610 3080 2674 οὐδὲν
3108 2610 3266 2673 ἄλλο
3311 2608 3477 2673 ἐστὶν
3503 2605 3541 2687 ἢ
3568 2606 3818 2689 ἀγαθὸν,
3851 2605 3927 2671 ἂν
3952 2605 4069 2688 γάρ

2368 2735 2426 2773 τι
2453 2712 2612 2775 ἄλλο
2640 2715 2920 2794 προσθῇς,
2950 2711 3302 2791 ἠλάττωσας
3342 2716 3413 2792 τῇ
3456 2709 3786 2794 προσθήσει
3813 2709 3883 2773 τὸ
3914 2710 4063 2791 ἀγα-

2371 2810 2498 2886 θὸν,
2529 2812 2586 2875 τὶ
2614 2814 2842 2895 ἀγαθὸν
2868 2804 3121 2894 ποιήσας
3148 2816 3281 2878 ἀντὶ
3315 2819 3420 2878 τοῦ
3459 2816 3687 2896 ἀγαθοῦ
3719 2817 3825 2876 τοῦ
3866 2814 4069 2878 ἅπλῶς

2372 2942 2424 2979 κ.
2450 2940 2503 2981 τ.
2528 2921 2592 2980 λ.

3026 3089 3223 3153 LIB.
3273 3090 3405 3154 IX.

2443 3224 2520 3287 Ρ.
2550 3223 2737 3310 1385,
2759 3244 2820 3310 7.
2856 3230 3049 3289 ΠΕΡΙ
3079 3229 3473 3290 ΤΑΓΑΘοτ
3502 3229 3563 3287 H
3592 3229 3761 3288 ‘ror
3787 3223 4064 3311 ΕΝΟΣ]

2373 3327 2476 3391 Ita
2522 3328 2737 3416 scripsi
2783 3351 2926 3393 cum
2970 3327 3257 3416 plurimis
3301 3328 3474 3393 libris
3514 3327 3748 3392 Plotini
3793 3341 3858 3391 et
3906 3328 4062 3390 Por-

2368 3428 2601 3518 phyrii.
2666 3430 2884 3497 Editio
2911 3431 3161 3496 vitiose:
3210 3433 3365 3514 Περὶ
3393 3433 3462 3495 οὓ
3492 3433 3736 3512 ἀγαθοῦ.
3804 3431 3926 3495 Est
3953 3451 4064 3492 au-

2369 3548 2494 3597 tem
2526 3532 2628 3599 hic
2655 3532 2811 3599 liber
2839 3533 3098 3598 ultimus
3139 3556 3401 3599 numero
3436 3554 3639 3597 nonus
3682 3531 3732 3596 si
3772 3531 4068 3618 temporis

2368 3634 2650 3700 ordinem
2693 3636 2964 3724 respicis.
3054 3636 3198 3702 vid.
3247 3635 3560 3723 Porphyr.
3595 3636 3696 3699 De
3725 3634 3873 3699 Vita
3915 3633 4059 3698 Plo-

2368 3737 2481 3802 tini
2509 3761 2563 3802 0.
2595 3739 2712 3802 IV.
2741 3738 2824 3803 cf.
2851 3738 2990 3827 cap.
3012 3740 3287 3804 XXVI.
3380 3738 3445 3803 Si
3474 3738 3678 3802 fontes
3703 3737 3897 3824 hujus
3923 3736 4066 3800 libri

2368 3841 2666 3927 requiraS,
2717 3856 2864 3907 sunt
2914 3843 2956 3906 ii
3005 3842 3071 3906 in
3121 3841 3407 3931 pluribus
3454 3839 3719 3927 dialogis
3764 3839 4065 3919 PlatoniS,

2367 3944 2710 4032 praesertim
2752 3945 2816 4008 in
2866 3945 3238 4010 Parmenide
3285 3943 3421 4026 (ubi
3469 3943 3722 4008 consule
3774 3942 4062 4007 Ficinum

2366 4069 2417 4110 0.
2447 4050 2585 4132 36.)
2616 4046 2678 4111 111
2715 4048 3009 4135 Sophista
3049 4072 3116 4137 p.
3148 4049 3295 4135 238.
3327 4072 3421 4135 sq.
3472 4047 3612 4130 (ubi
3643 4047 3725 4112 cf.
3761 4046 3957 4111 Ficin.
4004 4070 4059 4110 c.

2364 4152 2502 4235 31.)
2533 4149 2599 4213 in
2628 4149 2895 4216 Philebo
2922 4175 2989 4240 p.
3016 4172 3118 4217 20.
3151 4154 3368 4239 (quem
3413 4150 3617 4217 locum
3664 4149 4063 4238 reprehendit

2365 4252 2738 4319 Aristoteles
2780 4255 2938 4321 Eth.
2970 4256 3215 4320 Nicom.
3248 4255 3330 4320 X.
3369 4274 3426 4319 2.
3474 4253 3577 4319 cui
3618 4252 3848 4317 adhibe
3890 4254 4058 4316 Eus-

2364 4355 2531 4421 tratii
2575 4355 2777 4422 locum
2821 4357 2886 4421 in
2916 4357 3099 4421 Zellii
3143 4357 3334 4422 nostri
3367 4359 3784 4421 Commentar.
3817 4378 3880 4441 p.
3905 4357 4056 4435 426.

2365 4482 2455 4545 sq.
2500 4473 2566 4523 et
2607 4461 2686 4524 cf.
2719 4459 2950 4525 Plotin.
2997 4484 3063 4548 p.
3092 4478 3244 4545 530.
3278 4463 3469 4544 extr.)
3514 4459 3577 4523 in
3626 4457 3904 4545 Republ.
3938 4459 4053 4522 VI.

2362 4583 2428 4648 p.
2457 4580 2610 4648 505.
2643 4563 2755 4645 (cf.
2788 4561 3016 4628 Plotin.
3049 4587 3111 4652 p.
3140 4563 3285 4646 718.
3312 4564 3469 4627 Rc,
3503 4576 3568 4626 et
3596 4584 3662 4649 p.
3691 4578 3835 4644 727.
3866 4565 4055 4646 extr.)

2361 4663 2427 4727 in
2460 4664 2710 4729 Timoeo
2739 4665 3008 4752 denique
3051 4690 3112 4753 p.
3148 4685 3250 4750 29.
3279 4690 3333 4730 e.
3378 4681 3443 4731 et
3483 4688 3548 4753 p.
3576 4684 3679 4750 30.
3716 4663 3845 4746 (cui
3875 4663 4053 4728 adhi-

2361 4765 2606 4831 bendus
2635 4766 2898 4833 Proclus
2940 4768 3001 4832 in
3035 4768 3208 4833 Tim.
3250 4791 3312 4856 p.
3347 4787 3489 4832 112.
3520 4791 3655 4854 sqq.
3700 4767 3779 4831 cf.
3812 4782 3875 4831 et
3905 4765 4050 4831 Plo-

2362 4869 2473 4932 tin.
2500 4892 2567 4956 p.
2590 4871 2735 4936 216.
2759 4871 2833 4934 Β.
2864 4891 3009 4956 330.
3033 4873 3119 4935 D.
3149 4889 3297 4954 474.
3324 4873 3400 4936 Β.
3430 4872 3576 4936 infr.
3624 4888 3770 4953 721.
3791 4873 3875 4934 A.
3906 4871 4049 4935 infr.

2359 4987 2423 5037 et
2452 4973 2809 5038 universum
2840 4973 3068 5039 librum
3102 4975 3245 5038 111.
3270 4974 3331 5037 8.
3362 4974 3498 5057 περὶ
3524 4975 3762 5055 φύσεως
3790 4973 3886 5036 καὶ
3913 4977 4057 5036 θεω-

2356 5077 2488 5158 ρίας
2535 5078 2631 5141 καὶ
2673 5081 2779 5140 τοῦ
2824 5078 3004 5159 ἑνός.)
3097 5077 3260 5140 Hoec
3298 5075 3379 5140 de
3417 5077 3678 5139 Summo
3708 5076 3888 5138 Bono
3927 5075 4055 5140 sive

2360 5181 2513 5245 Uno
2537 5179 2768 5267 placita
2794 5178 3076 5244 Platonis
3100 5179 3164 5244 in
3193 5177 3545 5266 compendii
3572 5177 3837 5241 formam
3873 5175 4047 5242 rede-

2356 5283 2452 5370 git
2497 5281 2806 5346 Alcinous
2849 5282 2951 5346 De
2994 5281 3298 5347 Doctrina
3343 5280 3622 5345 Platonis
3666 5303 3805 5367 cap.
3839 5282 3933 5345 X.
3983 5306 4049 5369 p.

2355 5386 2720 5469 476—481.
2767 5387 2935 5451 Dan.
2967 5385 3188 5449 Heius.
3235 5381 3555 5448 Platonica
3596 5397 3660 5445 et
3702 5381 4057 5448 Plotiniana

2359 5486 2626 5554 Proclus
2665 5487 2729 5552 111
2772 5489 2932 5551 Inst.
2967 5486 3193 5552 Theol.
3223 5508 3358 5573 cap.
3380 5484 3584 5562 VIII,
3616 5484 3789 5571 quod
3832 5485 4050 5551 inscri-

2355 5589 2568 5656 bitur:
2617 5591 2770 5672 Περὶ
2812 5594 2917 5655 τοῦ
2956 5592 3206 5672 πρώτου,
3239 5587 3272 5651 ὃ
3318 5588 3412 5652 καὶ
3453 5586 3720 5670 τάγαθὸν
3764 5596 4049 5664 καλεῖται,
