5118 6613
1095 568 1228 634 424

1102 723 1381 805 cupiditas
1407 722 1557 783 sitne
1581 720 1776 794 animi,
1805 720 2073 802 corporis,
2102 733 2203 781 aut

1183 804 1419 881 alicujus
1448 802 1606 864 mixti
2169 822 2194 861 1

1104 907 1308 966 corpus
1318 906 1433 945 non
1447 904 1675 965 prorsus
1690 883 2064 944 inanimatum
2080 901 2200 957 410

1103 988 1308 1108 corpus
1334 968 1604 1106 110101111ιί1
1613 966 1922 1107 famosa?
1945 964 2201 1043 aliquan-

1228 1069 1262 1108 o
1292 1068 1538 1107 ammam
1608 1067 1641 1105 a
1907 1065 1977 1105 10.
2007 1065 2063 1124 p.
2085 1062 2199 1123 357

1106 1149 1308 1209 corpus
1335 1142 1591 1188 nostrum
1621 1148 1748 1207 pars
1774 1126 2043 1186 mundani
2076 1147 2202 1186 cor-

1186 1210 1338 1289 poris
1859 1207 1977 1267 Fic.
2007 1228 2064 1287 p.
2093 1209 2202 1285 196

1108 1310 1312 1371 corpus
1339 1290 1559 1350 nullum
1588 1289 1714 1350 sine
1739 1289 1972 1348 materia

1856 1371 1975 1430 Fic.
2003 1389 2060 1447 p.
2088 1385 2201 1445 277

1108 1473 1312 1532 corpus
1339 1454 1649 1511 humanum
1677 1470 1778 1510 cur
1802 1453 2044 1509 intereat

1856 1531 1977 1591 Fic.
2005 1552 2061 1611 p.
2093 1548 2198 1606 131

1109 1632 1314 1692 corpus
1345 1612 1404 1671 in
1433 1616 1623 1673 anima
1648 1613 1984 1673 collocatum
2085 1612 2204 1689 388

1109 1713 1311 1773 corpus
1337 1695 1490 1753 unde
1513 1694 1658 1752 vivat
1865 1693 1982 1752 Fic.
2053 1736 2067 1751 .
2095 1712 2208 1770 ¹94

1110 1794 1317 1853 corpus
1345 1774 1630 1855 quomodo
1669 1776 1742 1833 ab
1779 1774 1967 1914 anili-ga
2033 1773 2207 1913 01101ἒὲ

1190 1867 1283 1916 021
1929 1875 1980 1914 0.
2010 1876 2069 1934 p.
2096 1875 2118 1913 1

1109 1937 2063 2096 ωἲὲῗωθῶῗξιὲἳῖἒέῑξὲἲὲᾆᾞ
2079 1935 2209 2094 2ῗὲ

1110 2118 1315 2179 corpus
1343 2117 1672 2177 permanere
1700 2098 1900 2177 nequit
2087 2099 2208 2175 456

1110 2198 1315 2259 corpus
1341 2182 1414 2239 ab
1443 2179 1716 2239 electione
1744 2199 1920 2238 unum
2087 2181 2208 2253 460

1108 2280 1314 2341 corpus
1341 2261 1584 2320 animale
1612 2280 1728 2319 non
1750 2260 2063 2340 intelligere
2087 2262 2204 2335 463

1108 2361 1314 2422 corpus
1342 2342 1594 2401 naturale
1620 2341 1755 2420 quid
1867 2342 1979 2400 Fic.
2009 2363 2065 2422 p.
2090 2359 2205 2417 332

1110 2443 1313 2502 corpus
1340 2424 1474 2502 quid
2097 2441 2117 2480 1
2133 2423 2209 2497 84

1108 2524 1312 2585 corpus
1338 2503 1571 2585 vestigia
1610 2503 1815 2564 animae
1838 2502 1987 2643 3}oe
2020 2502 2206 2562 conti-

1191 2599 1290 2645 net
1907 2604 1976 2643 10.
2050 2628 2063 2642 .
2090 2601 2205 2661 357

1110 2685 1314 2747 corpus
1352 2666 1640 2746 proprium
1670 2686 1741 2725 an
1773 2605 2104 2735 21111112111111,
2136 2686 2208 2724 211

1188 2747 1507 2807 communis
1524 2747 1692 2806 simul
1703 2746 1981 2826 particeps
2000 2746 2075 2805 sit
2089 2748 2208 2820 648

1112 2849 1317 2908 corpus
1345 2828 1594 2907 spiritale
1622 2828 1823 2887 animae
1865 2829 1983 2887 Fic.
2013 2849 2071 2906 p.
2089 2846 2209 2905 449

1109 2929 1313 2986 corpus
1360 2909 1655 2988 pulchrum
1709 2909 1911 2968 animae
1965 2908 2211 2987 pulchra

1190 2989 1413 3068 signum
1868 2990 1983 3048 Fic.
2013 3009 2070 3068 p.
2092 3006 2205 3066 357

1112 3090 1316 3150 corpus
1342 3069 1627 3148 quomodo
1653 3069 1878 3150 proprie
1903 3070 2210 3210 corpussgit

1111 3251 1314 3312 corpus
1341 3232 1648 3290 humanum
1681 3244 1769 3290 est
1796 3232 1990 3290 mundi
2031 3231 2205 3290 simu-

1191 3315 1443 3373 lachrum
2089 3333 2163 3390 43
2179 3334 2201 3372 1

1111 3397 1362 3475 corporis
1402 3407 1461 3454 et
1500 3394 1675 3454 animi
1724 3394 2041 3474 complexio
2081 3415 2208 3453 mu-

1192 3476 1299 3536 tari
1325 3488 1518 3557 potest
2085 3493 2210 3552 434

1111 3550 1361 3639 corporis
1381 3558 1657 3636 stupenda
1682 3577 1850 3637 opera
1881 3557 1999 3616 Fic.
2021 3578 2074 3636 p.
2093 3559 2208 3617 228

1111 3638 1360 3719 corporis
1386 3639 1652 3698 formatio
1903 3638 2022 3697 Fic.
2053 3659 2106 3717 p.
2132 3638 2207 3697 80

1111 3720 1363 3800 corporis
1391 3719 1588 3779 virium
1617 3740 1800 3779 causae
2097 3738 2211 3795 144

1114 3803 1364 3880 corporis
1391 3803 1462 3861 ab
1491 3801 1680 3861 anima
1706 3799 1948 3860 defectio

1851 3882 1970 3940 Fic.
2004 3903 2060 3960 p.
2097 3900 2203 3958 193

1113 3962 1364 4042 corporis
1394 3962 1637 4039 primum
1666 3982 1795 4020 cum
1824 3962 2014 4021 anima
2046 3982 2205 4021 com—

1194 4044 1465 4102 mercium
1494 4042 1645 4121 quod
1859 4044 1977 4102 Fic.
2008 4064 2065 4122 p.
2091 4059 2203 4120 505

1113 4123 1363 4201 corporis
1390 4123 1838 4182 accommodatio
1866 4124 1936 4182 ad
1959 4127 2206 4182 animam

1193 4203 1480 4282 quomodo
1512 4206 1608 4263 fiat
2088 4208 2210 4281 634

1113 4304 1347 4362 corpore
1367 4284 1574 4344 turbari
1595 4284 1765 4344 animi
1795 4284 2060 4344 intuitum
2094 4288 2209 4364 769

1112 4385 1347 4444 corpore
1386 4366 1562 4425 diviso
1602 4386 1703 4425 cur
1729 4387 1846 4425 non
1883 4382 1942 4427 et
1980 4367 2211 4426 materia

1194 4446 1470 4507 dividatur
2093 4465 2204 4525 315

1115 4547 1369 4608 corpora,
1400 4541 1675 4607 quatenus
1701 4548 1953 4608 corpora,
1975 4530 2088 4587 vita
2115 4549 2211 4669 02ἑ

1193 4622 1322 4668 rent

1115 4708 1350 4768 corpora
1377 4690 1575 4749 mundi
1617 4702 1751 4769 apta
1777 4690 2064 4770 quomodo
2090 4626 2213 4749 1111111

1195 4773 1266 4829 ad
1315 4770 1481 4829 vitale
1528 4771 1663 4849 quid
1710 4770 2091 4849 recipiendum
2144 4792 2210 4831 ex

1196 4851 1397 4911 mundi
1426 4854 1616 4910 anima
2091 4854 2213 4929 634

1114 4953 1350 5012 corpora
1390 4933 1581 5012 inepta
1619 4946 1768 5003 sunt,
1798 4953 1924 5012 quoe
1962 4952 2024 4992 se
2064 4934 2212 4993 circa

1196 5016 1387 5074 Deum
1413 5027 1633 5073 versent
2100 5034 2211 5093 109

1113 5116 1351 5175 corpora
1398 5096 1696 5176 omnisque
1741 5115 1932 5154 eorum
1980 5109 2212 5156 ornatus

1194 5178 1345 5236 unde
1375 5178 1615 5255 pendeat
1859 5176 1984 5235 Fic.
2015 5198 2069 5255 p.
2092 5196 2210 5256 399

1114 5278 1351 5337 corpora
1372 5271 1563 5317 nostra
1582 5278 1616 5316 a
1639 5257 1834 5316 mundi
1863 5258 2050 5316 anima
2069 5280 2211 5337 quo-

1195 5340 1368 5399 modo
1395 5339 1564 5397 vitam
1594 5338 1874 5416 accipiant
2092 5342 2213 5414 634

1116 5438 1349 5497 corpora
1375 5421 1594 5480 duobus
1635 5419 1817 5478 modis
1861 5418 2054 5476 mundi
2083 5441 2212 5498 par.

1195 5512 1284 5559 tes
1312 5515 1445 5558 sunt
2090 5517 2205 5577 425

1116 5599 1351 5660 corpora
1389 5601 1423 5639 a
1447 5580 1651 5659 quibus
1684 5580 2042 5649 fabricentur,
2071 5582 2212 5639 Por-

1196 5662 1380 5741 phyrii
1403 5661 1686 5721 sententia
1863 5661 1976 5721 Fic.
2007 5683 2065 5742 p.
2091 5681 2164 5739 35
2180 5683 2203 5723 1

2282 742 2517 802 corpora
2582 734 2776 782 nostra
2839 721 3004 782 aliter
3060 736 3375 792 moventur,

2362 824 2533 883 quam
2563 823 2769 883 corpus
2795 803 3144 862 mundanum

3039 884 3156 943 Fic.
3183 904 3239 963 p.
3266 885 3378 961 196

2282 985 2579 1105 οοιὲροτυιπ)
2608 977 2928 1025 nostrorum
2955 976 3015 1025 et
3041 964 3240 1024 mundi
3267 965 3376 1023 dif-

2386 1058 2603 1105 erenna
3257 1064 3378 1123 470

2282 1147 2585 1206 corporum
2607 1126 2946 1206 simplicium
2968 1127 3378 1187 elementorum

2361 1209 2546 1288 passio
2574 1222 2635 1268 et
2659 1209 2840 1268 officia
3263 1224 3334 1286 55
3349 1227 3372 1267 1

2281 1308 2582 1369 corporum
2599 1302 2798 1350 natura
2814 1289 3099 1368 quomodo
3121 1290 3267 1350 mala
3304 1310 3336 1349 2
3350 1310 3371 1348 1

2282 1390 2583 1450 corporum
2611 1371 3001 1430 antecedentia
3027 1391 3154 1449 quae

3034 1453 3153 1510 Fic.
3183 1473 3240 1532 p.
3261 1471 3380 1530 399

2283 1531 2628 1611 corporeitas
2656 1532 2790 1612 quid
2873 1532 2989 1592 Fic.
3016 1553 3074 1613 p.
3104 1550 3239 1609 277,
3264 1551 3372 1610 331

2286 1613 2678 1693 corporeitatis
2706 1613 3144 1695 significationes
3170 1615 3382 1754 (111εό6

3270 1715 3291 1754 1

2285 1795 2618 1854 corporeum
2666 1774 3070 1836 commercium
3120 1775 3382 1835 difficilli-

2366 1877 2524 1915 mum
3264 1858 3383 1933 634

2286 1956 2556 2016 corporea
2581 1958 2649 1996 ex
2670 1937 3015 2018 incorporeis
3038 1936 3155 1997 fieri
3177 1938 3380 1997 mirum

2369 2038 2485 2077 non
2512 2038 2657 2088 esse,
2687 2018 2860 2078 simili
2887 2019 3205 2079 ostenditur
3274 2021 3382 2096 138

2286 2118 2569 2180 corporeae
2608 2114 2824 2160 naturae
2862 2101 3106 2160 coelestis
3144 2102 3384 2160 influxus

2367 2180 2763 2242 necessitatem
2782 2201 2899 2240 non
2917 2182 3075 2240 affert
3104 2184 3170 2241 F.
3191 2201 3249 2258 p.
3264 2197 3377 2260 405

2288 2261 2569 2341 corporeis
2588 2262 2876 2342 principiis
2897 2275 3101 2322 cuncta
3120 2262 3383 2321 commit-

2371 2358 2489 2402 tere
2515 2344 2816 2403 absurdum
2847 2356 2935 2404 est
3270 2363 3384 2420 230

2288 2425 2620 2502 corpulenta
2642 2430 2853 2505 majore
2881 2423 2931 2483 vi
2972 2424 3031 2483 in
3063 2444 3258 2484 sensus
3295 2428 3385 2483 in-

2369 2507 2571 2564 cidunt
2948 2556 2952 2561 .
3265 2525 3384 2583 309

2288 2586 2618 2666 corpulenta
2643 2607 2742 2647 cur
2767 2586 3101 2653 dividantur,
3125 2586 3387 2646 resistant

3036 2669 3084 2727 F
3084 2667 3153 2727 ic.
3186 2688 3242 2744 p.
3267 2669 3384 2745 548

2288 2748 2619 2827 corpulenta
2643 2768 2743 2808 cur
2768 2768 2968 2808 sensus
2994 2748 3233 2807 maxime
3264 2751 3385 2808 affi-

2370 2831 2526 2889 ciant
3307 2829 3383 2888 ib.

2289 2923 2599 2970 creatarum
2628 2930 2814 2970 rerum
2845 2910 3129 2970 distinctio
3304 2929 3382 2988 97

2290 2992 2571 3051 cruciatus
2592 2991 2765 3051 animi
2782 3011 2940 3051 verus
2958 2991 3081 3071 quis
3113 2993 3175 3050 F.
3193 3014 3251 3073 p.
3269 3007 3382 3069 507

2291 3074 2571 3132 cruciatus
2611 3072 2925 3132 animorum
2959 3072 3249 3132 sensibiles
3278 3074 3384 3154 fig-

2369 3166 2565 3212 menta
2591 3166 2723 3213 sunt
3310 3155 3384 3213 ib.

2289 3234 2566 3294 cruciatus
2593 3233 2887 3312 cuiusnam
2916 3236 2991 3293 sit
3355 3255 3377 3293 1

2799 3398 2878 3456 D.

2289 3479 2533 3537 Daemon
2579 3478 2706 3538 vitoe
2749 3480 2860 3537 dux
2909 3478 3135 3557 quando
3180 3475 3386 3538 animae

2371 3559 2650 3619 tribuatur
3043 3559 3159 3618 Fic.
3190 3580 3246 3639 p.
3270 3576 3379 3636 235

2288 3641 2513 3699 daemon
2542 3660 2785 3717 magnus
3273 3657 3379 3718 145

2289 3722 2512 3781 doemon
2543 3722 2730 3782 nullus
2768 3721 2826 3780 in
2862 3721 3076 3781 mundo
3116 3721 3384 3801 intelligi-

2370 3801 2466 3861 bili
3269 3805 3385 3883 296

2290 3884 2513 3942 daemon
2543 3896 2819 3961 quatenus
2847 3899 3040 3943 noster
3064 3881 3139 3941 sit
3269 3888 3379 3962 285

2289 3965 2513 4025 daemon
2544 3966 2694 4025 unde
2720 3967 2883 4025 detur
2911 3964 3120 4023 1101111111

3041 4045 3158 4103 Fic.
3189 4066 3243 4124 p.
3270 4063 3380 4124 235

2288 4128 2512 4185 daemon
2543 4126 2752 4186 Plotini
2780 4126 3269 4206 praestantissimus

3032 4207 3156 4267 Fic.
3188 4228 3241 4286 p.
3267 4223 3382 4285 505

2291 4288 2564 4347 daemonis
2592 4308 2724 4369 erga
2750 4288 2997 4348 animam
3026 4289 3244 4348 affectio

3043 4368 3160 4428 Fic.
3186 4390 3241 4448 p.
3266 4385 3382 4447 510

2289 4450 2563 4509 daemonis
2590 4450 2792 4509 electio
2820 4450 2969 4509 unde
3038 4449 3157 4508 Fic.
3188 4471 3241 4528 p.
3266 4468 3384 4528 509

2293 4532 2608 4590 daemonem
2633 4532 2838 4611 eligere
2859 4531 3147 4610 quomodo
3176 4532 3382 4590 intelli-

2369 4614 2617 4692 gendum
2646 4614 2721 4671 sit
2748 4614 2895 4693 apud
2922 4612 3222 4671 Platonem
3268 4612 3384 4687 284

2292 4693 2606 4753 daemonem
2637 4714 2802 4752 suum
2831 4693 3118 4773 quomodo
3145 4692 3385 4772 quisque

2290 4796 2618 4916 ‹1aessssssssss
2619 4775 3154 4935 Z‘Jassssssessgffiss‘ss
3165 4792 3385 4914 2¹21ssss

3038 4936 3157 4996 Fic.
3186 4958 3242 5016 p.
3269 4953 3379 5013 235

2290 5019 2576 5076 daemones
2595 5017 2857 5076 animalia
2872 5017 3021 5077 ae‘ria
3057 5016 3177 5077 Fic.
3199 5037 3253 5094 p.
3275 5037 3296 5077 1
3311 5035 3386 5094 74

2293 5100 2579 5157 daemones
2606 5099 2780 5158 divini
2809 5098 2907 5178 qui
3308 5099 3385 5158 ib.

2292 5179 2578 5237 daemones
2609 5180 2876 5239 falluntur
3037 5179 3156 5239 Fic.
3186 5200 3242 5258 p.
3272 5197 3336 5238 21
3357 5200 3379 5239 1

2292 5261 2579 5319 daemones
2599 5261 2885 5338 quomodo
2910 5262 3228 5320 sentiantur
3266 5262 3377 5336 381

2293 5342 2575 5399 daemones
2603 5341 2724 5401 sine
2743 5340 3138 5401 instrumentis
3159 5340 3386 5400 mirabi-

2371 5420 2446 5478 lia
2475 5421 2684 5480 faciunt
3040 5422 3157 5482 Fic.
3186 5443 3242 5502 p.
3263 5441 3374 5499 431

2290 5503 2576 5561 daemones
2629 5503 2724 5582 qui
2778 5503 2995 5584 pulchri
3048 5504 3180 5574 sint,
3226 5505 3387 5582 quive

2372 5583 2652 5643 deformes
3039 5586 3159 5645 Fic.
3187 5606 3247 5664 p.
3266 5601 3381 5661 357

2291 5664 2576 5724 doemones
2603 5666 2777 5725 stellae
2804 5678 2938 5725 sunt
3265 5668 3384 5743 378

2086 545 2402 613 INDEX
2447 547 2794 614 RERUM
2836 547 2967 613 ΕΤ
3010 546 3563 614 VERBORUM.

3457 724 3742 782 daemones
3768 732 3946 801 agunt
3969 730 4171 779 natura
4210 719 4327 780 Fic.
4358 741 4415 801 p.
4434 734 4551 798 505

3459 804 3744 863 doemones
3764 804 4068 862 exteriores
4088 800 4447 861 interioribus
4468 822 4553 861 re-

3538 883 3824 963 spondent
4204 881 4324 942 Fic.
4354 903 4410 963 p.
4434 899 4557 960 504

3459 965 3743 1025 daemones
3765 966 3916 1045 apud
3939 965 4261 1026 Platonicos
4281 965 4554 1043 duplices,

3539 1045 3636 1106 alii
3663 1049 3830 1115 111112,
3859 1046 3963 1106 alii'
3982 1060 4138 1107 extra
4165 1044 4415 1106 animam

4206 1127 4327 1186 Fic.
4357 1147 4414 1206 p.
4437 1143 4558 1204 504

3460 1209 3747 1268 doemones
3775 1207 4025 1288 duplices
4210 1207 4327 1268 Fic.
4356 1228 4413 1287 p.
4435 1226 4556 1285 330

3459 1290 3744 1349 daemones
3768 1292 3830 1349 in
3856 1289 4089 1370 sphaeris
4116 1289 4469 1367 planetarum

4208 1370 4327 1430 Fic-
4356 1390 4413 1449 Ρ·
4438 1385 4557 1447 354

3460 1451 3748 1512 daemones
3788 1451 4201 1531 proestantiores
4241 1452 4320 1511 dii
4364 1451 4554 1531 appel-

3542 1532 3731 1592 lantur
4210 1532 4331 1593 Fic.
4357 1554 4414 1613 p.
4438 1549 4550 1610 505

3462 1614 3748 1673 demones
3775 1634 3892 1673 non
3914 1626 4207 1674 mutantur
4234 1615 4353 1673 Fic.
4369 1634 4425 1693 p.
4438 1628 4557 1691 509

3464 1695 3749 1755 daemones
3777 1695 4058 1754 variantur
4213 1696 4333 1755 Fic.
4363 1716 4419 1773 p.
4439 1712 4551 1772 505

3463 1777 3748 1836 daemones
3772 1796 3874 1836 cur
3900 1796 4017 1836 non
4045 1796 4243 1837 omnes
4270 1795 4491 1836 amores

4442 1857 4556 1933 296

3463 1938 3747 1998 doemones
3761 1939 4047 2016 quomodo
4059 1937 4118 1997 in
4136 1957 4241 1997 nos
4255 1952 4423 2019 agant
4445 1959 4558 2016 250

3464 2018 3749 2079 doemoues
3775 2019 3975 2098 quibus
4000 2022 4166 2080 rebus
4192 2019 4415 2079 alantur

4210 2101 4331 2161 Fic.
4404 2148 4417 2162 .
4441 2116 4560 2178 524

3465 2181 3750 2240 daemones
3777 2180 4091 2241 necessario
4117 2200 4240 2242 esse
4265 2202 4369 2263 pro
4411 2195 4536 2241 atur

4483 2262 4557 2322 ib.

3463 2344 3750 2402 doemones
3795 2362 3895 2402 cur
3940 2342 4199 2403 dicantur
4251 2345 4323 2403 ab
4369 2346 4562 2403 anima

3478 2421 3481 2424 ’
3546 2423 3741 2483 1111111111
3768 2424 4015 2503 pendere
4215 2425 4333 2483 Fic.
4363 2446 4419 2505 p.
4441 2443 4551 2503 525

3465 2506 3753 2564 doemones
3785 2505 4042 2566 coelestes
4081 2518 4141 2565 et
4165 2506 4389 2566 aetherei
4418 2527 4555 2585 qus-

3543 2586 3627 2645 les
4210 2587 4333 2648 Fic.
4366 2608 4422 2682 p.
4441 2606 4556 2664 524

3465 2667 3751 2727 daemones
3778 2672 3868 2747 cuj
3877 2688 3940 2727 us
3968 2668 4211 2728 materiae
4238 2671 4539 2748 participes

4444 2752 4558 2827 296

3465 2830 3753 2890 daemones
3781 2829 3984 2909 impuri
4011 2830 4297 2910 quomodo
4330 2850 4554 2890 arcean-

3545 2923 3637 2969 tur
3663 2931 3698 2969 a
3724 2912 3888 2970 nobis
4216 2913 4334 2972 Fic.
4364 2933 4421 2992 p.
4441 2927 4560 2989 524

3466 2991 3750 3052 daemones
3778 2992 4037 3052 coelestes
4068 2994 4164 3051 ubi
4219 2993 4337 3052 Fic.
4366 3014 4421 3071 p.
4447 3012 4559 3071 174

3466 3073 3751 3133 daemones
3792 3074 4081 3152 quomodo
4124 3075 4358 3154 figuram
4400 3094 4557 3133 suam

3545 3156 3761 3214 varient
3848 3179 3857 3190 ·
4480 3156 4556 3216 ib.

3465 3235 3789 3294 doemonum
3818 3235 4044 3295 ordines
4070 3248 4183 3294 tres
4253 3237 4372 3295 Fic.
4401 3257 4460 3317 p.
4483 3254 4558 3317 79

3464 3318 3783 3377 doemonum
3806 3337 4039 3397 corpora
4062 3317 4246 3396 qualia
4286 3319 4349 3377 F.
4370 3338 4428 3397 p.
4441 3334 4553 3396 525

3465 3397 3787 3458 daemonum
3817 3398 4237 3478 complexiones
4263 3401 4512 3479 quinque

4477 3482 4554 3539 ib.

3465 3560 3784 3619 daemonum
3812 3559 4075 3639 superbia
4219 3560 4327 3619 Fic.
4359 3581 4415 3639 p.
4434 3577 4557 3637 524

3462 3642 3783 3701 daemonum
3812 3642 3997 3700 officia
4208 3642 4321 3700 Fic.
4352 3661 4409 3721 p.
4432 3660 4548 3716 401

3463 3724 3783 3782 daemouum
3811 3721 3977 3801 ignea
4002 3721 4262 3782 animalia
4442 3743 4548 3782 101

3463 3804 3784 3863 doemonum
3812 3803 4037 3863 ordines
4211 3803 4331 3863 Fic.
4360 3825 4417 3884 p.
4436 3824 4547 3880 401

3462 3885 3781 3944 doemonum
3810 3884 3965 3943 lusus
4215 3885 4332 3944 Fic.
4361 3906 4419 3964 p.
4442 3906 4506 3944 21
4524 3904 4547 3944 1

3463 3965 3782 4025 daemonum
3812 3967 3990 4046 figura
4015 3964 4340 4025 orbicularis

4211 4048 4329 4107 Fic.
4360 4068 4416 4127 p.
4445 4065 4554 4124 174

3463 4127 3785 4186 daemonum
3813 4146 4050 4206 corpora
4076 4126 4241 4207 ignea
4477 4129 4552 4188 ib.

3462 4208 3782 4267 daemonum
3810 4209 4257 4277 Mercurialium,
4271 4210 4554 4270 Venereo·

3541 4308 3687 4361 rum,
3716 4301 3775 4348 et
3801 4290 4174 4349 Pboebeorum
4204 4310 4407 4349 munus

4244 4371 4363 4431 Fic.
4392 4392 4451 4451 p.
4476 4391 4554 4449 34

3462 4450 3782 4510 doemonum
3822 4471 4028 4532 genera
4054 4451 4178 4522 tria,
4208 4471 4403 4511 eorum
4430 4455 4554 4512 offi-

3541 4532 3628 4590 cia
4205 4532 4327 4591 Fic.
4356 4553 4412 4612 p.
4439 4554 4551 4593 220

3461 4613 3784 4671 doemonum
3814 4612 4135 4672 distributio
4154 4615 4440 4691 quomodo
4464 4635 4552 4673 ss-

3543 4694 3644 4752 tris
3670 4706 3901 4771 accepta
3926 4694 4155 4753 ferenda
4212 4693 4328 4754 Fic.
4359 4717 4416 4774 p.
4438 4712 4554 4774 509

3462 4776 3782 4833 daemonum
3799 4789 3859 4833 et
3875 4775 4108 4835 deorum
4125 4774 4419 4837 distinctio
4440 4796 4547 4855 295

3460 4857 3781 4915 daemonum
3809 4876 3979 4935 supra
4006 4876 4109 4915 nos
4136 4876 4293 4915 suam
4322 4859 4554 4937 quisque

3540 4938 3814 5014 sphoeram
3842 4936 4066 4996 obtinet
4478 4958 4554 5017 29

3460 5018 3782 5076 daemonum
3809 5018 3966 5098 origo
4210 5019 4331 5078 Fic.
4361 5042 4417 5101 p.
4433 5039 4547 5096 433

3460 5097 3808 5157 doemonibus
3837 5112 4021 5159 totum
4049 5100 4245 5159 caelum
4276 5102 4535 5160 rel'ertum

4211 5181 4329 5241 ffic.
4358 5203 4413 5260 p.
4434 5198 4548 5259 505

3462 5259 3532 5318 de
3557 5260 3931 5321 Daemonibus
3963 5263 4291 5321 Graecorum
4332 5263 4553 5322 theolo-

3464 5355 4052 5481 dgzfflisggtenna
4209 5424 4326 5484 Fic.
4358 5445 4413 5504 p.
4432 5346 4554 5502 1ξὲ

3462 5503 3759 5562 daemonici
3783 5504 4013 5563 affectus
4212 5505 4330 5565 Fic.
4357 5527 4415 5586 p.
4441 5526 4556 5582 230

3464 5582 3718 5643 debilitas
3738 5584 3909 5643 animi
3931 5599 3990 5645 et
4007 5585 4256 5664 corporis
4280 5589 4347 5647 F.
4367 5608 4425 5667 p.
4446 5607 4556 5664 134

3462 5665 3649 5724 debile
3676 5665 3811 5744 quid
4476 5672 4554 5729 ib.
