5118 6613
1364 544 1566 610 LIB.
1618 544 1762 610 111.
1808 543 2273 610 ENNEAD.
2324 541 2794 609 TERTIAE.
2836 540 3294 631 p.492-498.

586 747 767 796 τεται,
801 721 899 785 καὶ
940 719 1008 784 τὸ
1052 721 1202 784 ὅλον
1240 720 1466 787 οἰκείως
1506 719 1824 784 διατίθεται
1869 716 2105 801 (omisit
2146 716 2282 783 haec

587 825 909 914 insigniter
936 822 1167 910 scripta
1195 821 1358 886 Cod.
1378 822 1751 907 Darmst.)⁷‘7
1782 824 2075 902 αἴσθησις,
2099 825 2283 887 ταῦτα

592 929 794 1012 (deest
822 928 887 993 in
917 928 1228 1010 Darmst.)
1263 925 1552 1005 ἀλλήλοις
1580 926 2006 1008 συναρμόττειν
2033 921 2071 1004 ἢ
2100 926 2174 989 τὰ
2198 925 2280 1008 μὴ

587 1034 861 1113 τοιαύτην
901 1031 1121 1114 ἔχοντα
1159 1030 1346 1112 φύσιν
1381 1026 1848 1110 ἐγκαταπλέκειν
1881 1053 1948 1092 τε
1994 1028 2090 1092 καὶ
2132 1053 2278 1093 συν-

585 1137 864 1212 υφαίνειν
892 1138 1015 1202 τοῖς
1042 1130 1385 1212 δυναμένοις
1413 1131 1596 1210 αὐτὴν
1625 1131 1949 1213 γοητεύειν,
1982 1131 2138 1195 ὥστε
2163 1130 2278 1195 ὑπὸ

587 1241 688 1318 τῆς
721 1238 964 1301 ἐκείνων
1005 1233 1248 1318 χάριτος
1290 1234 1735 1299 ἐπισκοτεῖσθαι
1776 1233 1884 1312 τὴν
1927 1235 2150 1298 τούτων
2179 1235 2282 1314 ἀη-

588 1342 739 1406 δίαν·
788 1341 917 1404 οἶόν
944 1364 1002 1402 τι
1027 1341 1303 1402 ποιοῦσιν
1321 1338 1378 1400 οἱ
1406 1337 1685 1420 φρόνιμοι
1707 1334 2107 1419 στρατηλάται
2136 1337 2284 1400 κατὰ

586 1446 692 1511 τὰς
715 1442 907 1522 τάξεις
937 1446 1055 1505 τῶν
1085 1438 1559 1522 στρατευμάτων.
1605 1441 1701 1503 καὶ
1737 1441 1853 1522 γὰρ
1884 1441 2098 1503 ἐκεῖνοι
2134 1463 2280 1521 συγ-

591 1548 909 1628 κρύπτουσι
936 1550 1060 1611 τοῖς
1083 1547 1348 1627 ἰσχυροῖς
1374 1545 1450 1606 τὰ
1479 1543 1706 1621 ἀσθενῆ
1731 1543 1825 1606 καὶ
1853 1543 2083 1624 γίνεται
2111 1541 2284 1605 οὐδὲν

587 1653 685 1728 τῆς
729 1646 1027 1728 δυνάμεως
1067 1644 1243 1728 μέρος
1299 1646 1603 1729 ἄχρηστον
1655 1644 1964 1727 (Darmst.
2019 1656 2083 1709 et
2141 1642 2280 1709 Pal.

590 1751 786 1816 multo
812 1748 1229 1815 contractius:
1275 1746 1313 1829 ἢ
1341 1751 1415 1812 τὰ
1441 1747 1522 1829 μὴ
1549 1751 1789 1812 τοιαῦτα
1818 1747 2284 1830 ἐγκαταπλέκειν

588 1856 799 1922 αὐτοῖς·
849 1855 1051 1936 ὥσπερ
1083 1853 1177 1917 καὶ
1220 1852 1542 1934 στρατηγοὶ
1569 1852 1645 1914 τὸ
1684 1851 1908 1930 ἀσθενῆ
1948 1857 2070 1920 τοῖς
2108 1854 2278 1935 ἰσχυ-

587 1964 709 2040 ροῖς
769 1958 1203 2038 ἐπικρύπτουσι.
1274 1956 1369 2018 καὶ
1425 1954 1656 2036 γίνεται
1715 1954 1910 2021 αὐτοῖς
1961 1955 2133 2019 οὐδὲν
2183 1957 2285 2034 τῆς

587 2059 881 2138 δυνάμεως
908 2056 1085 2139 μέρος
1115 2054 1351 2139 (omiss.
1385 2054 1450 2119 in
1480 2054 1793 2140 Darmst.)
1826 2055 2179 2140 ἄχρηστον.)

668 2185 731 2249 p.
762 2162 911 2247 496,
954 2180 1006 2224 Ι.
1056 2161 1134 2227 ὧς
1154 2160 1284 2223 οἷον
1307 2161 1389 2227 εἰς
1416 2158 1671 2241 θολερὸν
1702 2159 2064 2247 ἐμβάλλειν]
2118 2160 2281 2223 Infr.

584 2288 649 2352 p.
679 2264 830 2351 308.
863 2265 942 2328 B.
964 2264 1039 2328 C.
1070 2261 1170 2326 bis
1196 2263 1263 2326 ἐν
1286 2265 1538 2347 θολερῷ;
1585 2261 1686 2325 cf.
1711 2259 1979 2325 Ruhnk.
2001 2261 2081 2326 ad
2112 2262 2284 2329 Tim.

584 2392 650 2456 p.
722 2386 861 2449 142.
921 2382 986 2432 et
1042 2366 1097 2430 l.
1146 2366 1201 2430 Ι.
1262 2363 1534 2430 Bekker.
1586 2363 1667 2428 ad
1733 2363 2095 2431 Philostrat.
2162 2366 2287 2431 Vit.

586 2469 866 2559 Apollon
903 2469 962 2534 l.
993 2489 1055 2554 9.
1088 2491 1153 2554 p.
1185 2487 1284 2533 11.
1318 2467 1419 2533 ed.
1450 2467 1658 2533 Olear.
1753 2470 1899 2555 Ego
1926 2467 2048 2533 alia
2078 2492 2286 2535 exem-

589 2573 690 2662 pla
720 2571 1064 2660 subjiciam.
1159 2570 1481 2636 Plutarchi
1528 2573 1783 2659 Fragm.
1824 2571 1906 2636 ad
1949 2571 2098 2638 calc.
2143 2571 2285 2638 libri

586 2676 665 2741 de
707 2678 773 2742 S.
796 2676 967 2741 N.V.
1002 2697 1069 2763 p.
1107 2694 1251 2759 113.
1280 2672 1382 2738 ed.
1413 2674 1622 2762 Wytt.
1671 2674 1954 2756 θολεροὺς
1999 2676 2094 2740 καὶ
2137 2679 2284 2742 ἀκα·

590 2780 853 2862 θάρτους.
922 2777 1238 2865 Porphyr.
1268 2775 1349 2841 de
1381 2778 1577 2865 Styge
1606 2769 1667 2841 in
1704 2777 1879 2842 Stob.
1920 2777 2190 2867 Eclogg.
2219 2802 2282 2868 p.

597 2902 756 2968 1052
783 2907 798 2945 :
879 2881 1161 2963 θολεροὺς
1215 2882 1402 2960 βίους.
1480 2879 1859 2946 Artemidor.
1915 2881 2283 2947 Oneirocrit.

592 2988 861 3050 Prooem.
895 3008 962 3071 p.
984 3003 1133 3070 309.
1171 2981 1357 3048 Reiff.
1391 2986 1769 3049 ἐπιθολοΰται
1794 2985 1831 3064 ἡ
1860 2984 2032 3068 ψυχὴ
2069 2987 2289 3069 φόβοις

590 3090 940 3152 -ἐλπίσ-ιν.
1008 3088 1178 3151 Sext.
1233 3088 1483 3174 Empir.
1530 3086 1676 3152 adv.
1732 3088 2017 3153 Gramm.
2070 3089 2128 3153 I.
2183 3109 2285 3175 13.

592 3214 655 3279 p.
707 3191 856 3254 281.
902 3189 1154 3254 Fabric.
1202 3191 1662 3256 ἀνεπιθόλωτον.
1728 3191 1834 3256 Cf.
1881 3191 2175 3256 Proclum
2222 3192 2285 3257 in

594 3294 804 3364 Alcib.
848 3317 949 3382 pr.
980 3318 1045 3382 p.
1082 3311 1229 3380 251.
1272 3291 1372 3358 ed.
1424 3309 1618 3360 nostr.
1695 3294 1876 3359 Idem
1922 3294 1984 3359 in
2034 3294 2286 3361 Platon.

596 3399 762 3465 Tim.
792 3422 859 3488 p.
888 3400 1038 3486 382.
1066 3401 1500 3478 ἐπιθολούμενα
1526 3414 1587 3463 et
1616 3423 1681 3487 p.
1709 3423 1804 3487 sq.
1837 3400 2280 3481 τεθολωμένοις.

597 3504 754 3570 111(19
799 3502 1040 3590 corrige
1100 3502 1436 3591 Porphyrii
1485 3505 1794 3569 Sententt.
1843 3505 2174 3570 XXXII.
2219 3529 2281 3593 p.

597 3627 738 3695 233.
780 3606 1196 3687 τεθολωμένον
1237 3628 1355 3693 pro
1398 3607 1833 3688 τελωθομένον.
1923 3608 2195 3674 Hermes
2221 3608 2284 3673 in

595 3711 790 3777 Clave
816 3709 907 3775 ita
934 3709 1015 3774 de
1049 3709 1257 3774 anima
1296 3708 1586 3774 infantis:
1630 3708 1869 3791 μηδέπω
1916 3712 1981 3775 δὲ
2019 3711 2289 3793 θωλομέ-

596 3840 723 3894 νην.
819 3811 1119 3899 Corrige:
1165 3815 1297 3892 μηδ.
1332 3812 1398 3875 δὲ
1427 3811 1862 3893 τεθολωμένην.
1938 3810 2170 3877 Ρ101111.
2192 3813 2289 3877 in-

595 3917 693 3981 fra
733 3939 796 4005 p.
830 3916 872 3979 6
872 3932 976 4001 54.
1012 3915 1092 3979 Β.
1138 3914 1268 3979 οἷον
1310 3917 1391 3999 τῷ
1439 3915 1593 3996 φωτὶ
1635 3915 1705 3980 τὸ
1750 3916 2056 3996 διαφανὲς,
2100 3920 2181 4003 τῷ
2226 3918 2292 3981 δὲ

597 4017 984 4102 τεθολωμένῳ
1013 4018 1051 4098 ἡ
1077 4015 1414 4099 μετάληψις
1440 4017 1661 4085 ἄλλως.

679 4159 765 4171 -
792 4137 854 4204 7.
903 4120 1020 4184 Καὶ
1066 4116 1135 4184 τὸ
1182 4120 1412 4184 τοιόνδε
1466 4117 1639 4196 εἶναι,
1696 4120 1794 4184 ἐπὶ
1838 4118 1947 4199 τὴν
1996 4118 2294 4203 προτέραν

600 4226 808 4305 βιοτὴν
858 4223 936 4288 ἂν
981 4222 1226 4311 ἀνάγοι]
1276 4220 1468 4309 Legit
1508 4221 1572 4287 in
1622 4221 1718 4287 his
1775 4236 1839 4288 91
1889 4222 2293 4311 sequentibus

603 4325 881 4392 Platonis
909 4324 1006 4390 sui
1034 4323 1296 4413 vestigia
1325 4322 1636 4406 Plotium,
1652 4324 1921 4390 maxime
1948 4324 2013 4390 in
2047 4325 2294 4390 Timaeo

599 4453 659 4517 p.
707 4450 811 4514 91.
847 4452 939 4516 sq.
987 4452 1054 4516 p.
1092 4428 1234 4514 138.
1279 4451 1417 4518 sqq.
1468 4427 1716 4502 Bekk.;
1764 4444 1828 4493 et
1872 4427 2058 4494 Plato
2100 4429 2288 4493 etiam

599 4532 761 4597 infra
787 4530 1159 4619 cogitandus
1186 4530 1483 4598 advocem
1514 4532 1724 4615 φησίν.
1810 4531 2133 4597 Ρ10111111111
2155 4554 2292 4595 rur-

600 4658 703 4700 sus
731 4647 1005 4700 sectatur
1044 4657 1121 4698 ex
1158 4649 1336 4722 parte
1366 4632 1690 4699 Hierocles
1728 4633 1794 4699 in
1838 4633 2001 4700 libro
2027 4634 2108 4699 de
2139 4635 2293 4699 Pro-

600 4736 915 4816 videntia3
960 4734 1079 4801 hoc
1124 4736 1371 4801 nomine
1408 4750 1663 4802 notatus
1700 4758 1740 4800 a
1779 4736 2011 4801 Photio
2037 4736 2100 4800 in
2135 4735 2288 4801 Bib-

596 4840 861 4907 liotheca
891 4839 1050 4905 Cod.
1085 4857 1232 4926 215.
1261 4862 1327 4928 p.
1367 4855 1508 4924 172.
1540 4837 1742 4905 Β91(Ι(.
1776 4838 1888 4926 qui
1917 4838 2003 4903 ita
2030 4837 2285 4926 incipit:

598 4946 632 5008 ὁ
658 4950 946 5011 πλεῖστος
983 4941 1031 5007 δ’
1065 4943 1220 5030 αὐτῷ
1248 4943 1345 5009 καὶ
1369 4942 1558 5027 μέγας
1586 4943 1750 5025 ἀγὸν
1776 4943 1814 5024 ἡ
1851 4948 1970 5006 τῶν
1998 4942 2290 5024 ἀνθρωπί-

599 5071 716 5110 νων
743 5051 963 5129 ψυχῶν
991 5046 1122 5110 ἐστι
1147 5045 1436 5128 προβιοτὴ
1477 5046 1574 5110 καὶ
1610 5044 2140 5127 μετενσωμάτωσις
2188 5045 2295 5111 τὸν

595 5150 709 5226 μὲν
739 5150 804 5227 ἐξ
834 5149 1077 5231 ἀλόγων
1117 5149 1280 5227 ζώων
1314 5145 1354 5228 ἢ
1397 5150 1481 5217 εἰς
1516 5148 1715 5230 ἄλογα
1749 5147 2158 5231 μεταγγισμὸν
2185 5149 2293 5212 οὔκ

597 5252 1035 5335 ἀναδεχόμενος
1065 5250 1241 5333 (fort.
1261 5248 1709 5336 ἀναδεχομένῳ)
1740 5249 1848 5330 τὴν
1877 5253 1942 5314 δὲ
1973 5252 2036 5329 ἐξ
2065 5252 2287 5333 ἀνθρώ-

596 5379 722 5419 πων
761 5357 847 5422 εἷς
886 5355 1227 5436 ἀνθρώπους
1268 5355 1614 5435 μεταβολὴν
1643 5356 2294 5437 σπουδαιολογούμενος

602 5456 672 5537 (s.
704 5459 1395 5545 σπουδαιολογουμένῳ).
1475 5455 1799 5521 Plotinum
1827 5470 2038 5521 autem
2081 5455 2290 5544 ipsum

600 5557 817 5625 harum
849 5558 1292 5625 sententiarum
1316 5582 1533 5626 caussa
1550 5558 1950 5648 reprehendit
1971 5561 2036 5627 N
2038 5559 2285 5648 icepho-

3948 562 4063 631 157

2367 739 2479 782 rus
2505 716 2858 782 Nathanael
2901 715 2968 780 in
3009 713 3237 790 libello,
3267 735 3454 801 quem
3496 712 3643 780 huic
3685 715 4062 781 Enneadum

2367 819 2628 885 editioni
2654 819 3013 910 adjecimus.

2450 960 2539 973 —
2571 923 2673 987 18.
2720 923 2816 987 καὶ
2860 923 3078 1003 σμικρὰ
3119 919 3272 1003 ῥοπὴ
3320 922 3491 1003 ἀρκεῖ
3534 922 3616 988 εἷς
3661 920 3914 1000 ἔκβασιν
3959 926 4064 986 τοῦ

2365 1026 2595 1111 ὀρθοΰ.]
2644 1026 2998 1113 Desumpta
3038 1023 3312 1089 formula
3350 1046 3389 1088 a
3441 1022 3841 1088 MechaniciS.
3919 1023 4063 1088 Vid.

2364 1130 2630 1194 Aristot.
2682 1131 2921 1208 Quaest.
2961 1125 3331 1191 mechanico.
3366 1127 3426 1193 Ι.
3466 1146 3531 1212 3.
3583 1139 3646 1190 91
3691 1125 3771 1190 ad
3801 1149 3946 1192 eum
3979 1125 4064 1192 lo—

2365 1256 2511 1302 cum
2543 1255 2673 1297 van
2706 1231 2979 1320 Capella.
3042 1229 3148 1294 Cf.
3182 1227 3617 1318 Olympiodor.
3645 1228 3711 1293 in
3743 1229 3903 1295 Plat.
3938 1230 4061 1295 Al-

2367 1336 2489 1401 cib.
2518 1358 2614 1424 pr.
2645 1358 2709 1424 p.
2735 1337 2879 1420 185.
2911 1348 2973 1398 91
3002 1331 3297 1398 Proclum
3328 1332 3391 1395 in
3424 1331 3612 1398 eund.
3642 1356 3707 1421 p.
3739 1351 3839 1414 24.
3867 1348 4059 1398 nostr.

2369 1438 2500 1504 Ed.
2549 1438 2699 1526 ibiq.
2743 1451 2983 1503 annott.
3075 1435 3268 1501 Adde
3312 1435 3394 1500 de
3442 1436 3633 1523 hujus
3676 1436 3842 1501 vocis
3893 1437 4063 1501 vario

2372 1566 2491 1607 usu
2550 1543 2673 1606 Ez.
2729 1540 3067 1629 Spanhem.
3124 1540 3455 1627 Epreuves
3504 1539 3614 1605 des
3671 1540 4062 1627 Remarques

2371 1668 2480 1711 sur
2513 1643 2602 1709 les
2631 1647 2855 1709 Cesars
2876 1643 2957 1708 de
2984 1641 3219 1709 Julien.
3250 1666 3313 1729 p.
3354 1663 3377 1705 1
3397 1660 3497 1728 15.
3564 1641 3820 1707 Addam
3850 1641 4058 1708 locum

2372 1747 2685 1814 Gennadii
2711 1772 2746 1812 e
2787 1746 2995 1813 libello
3051 1745 3132 1811 de
3172 1745 3578 1811 Providentia
3604 1769 3668 1834 p.
3692 1748 3771 1810 6:
3821 1753 4068 1828 προνοεῖ

2366 1854 2479 1933 μὲν
2510 1853 2573 1934 (ὁ
2604 1851 2767 1936 θεὸς)
2800 1849 2869 1916 δι’
2903 1849 3067 1925 αὐτὸ,
3087 1853 3290 1917 ἅπλῶς
3308 1852 3519 1926 εἰπεῖν,
3541 1855 3822 1930 κρεῖττον,
3846 1847 3883 1929 ἢ
3915 1853 4062 1914 κατὰ

2368 1954 2566 2020 πάντα
2607 1953 2681 2018 τά
2723 1980 2789 2019 τε
2832 1956 2978 2019 ὄντα
3020 1952 3095 2018 τά
3137 1978 3202 2017 τε
3246 1954 3564 2035 γενόμενα,
3609 1952 3723 2036 οὐχ
3774 1955 3865 2016 ὅτι
3908 1955 4061 2039 αὐτῷ

2367 2062 2605 2138 μᾶλλον
2635 2056 2800 2121 θέλει
2826 2056 2895 2120 τὸ
2940 2056 3119 2121 αὐτοῦ
3148 2056 3379 2138 ἀγαθὸν
3406 2053 3444 2135 ἢ
3475 2056 3719 2122 ἐκείνοις
3747 2056 3815 2119 τὸ
3843 2059 4063 2121 οἰκεῖον

2371 2159 2659 2234 ἑκάστοις,
2693 2158 2829 2224 ἀλλ’
2861 2161 2952 2223 ὅτι
2993 2159 3060 2222 τὸ
3097 2160 3407 2242 ἀνθρώπου
3447 2157 3676 2241 ἀγαθὸν
3716 2164 3915 2238 μεῖζον
3950 2159 4064 2240 μέν

2379 2263 2545 2326 ἐστιν
2572 2259 2609 2341 ἢ
2639 2265 2786 2326 κατὰ
2813 2263 2888 2325 τὰ
2914 2262 3096 2335 ἄλλα,
3126 2265 3325 2340 πολλῇ
3368 2262 3432 2325 δὲ
3462 2262 3796 2342 ἀνθρωπίνῃ
3838 2255 4063 2344 σπουδῇ

2379 2365 2475 2429 καὶ
2501 2365 2738 2429 πλείονι
2765 2367 2834 2444 τῇ
2866 2365 2932 2427 ἐκ
2976 2366 3115 2426 θεοῦ
3147 2363 3298 2443 ῥοπῇ
3343 2361 3622 2436 ἀνυστὸν,
3655 2363 3752 2428 διὰ
3784 2366 3888 2430 τὰς
3917 2389 4061 2429 συν-

2374 2470 2558 2534 ούσας
2584 2471 2665 2553 τῷ
2689 2467 3034 2551 ἀνθρωπίνῳ
3058 2466 3175 2551 βίῳ
3197 2466 3544 2548 δυσχερείας
3567 2489 3580 2528 :
3631 2463 3800 2544 111)ἱὴ
3830 2467 3894 2530 ἐκ
3925 2470 4066 2531 θεοῦ

2370 2570 2522 2654 ῥοπὴ
2565 2582 2659 2634 est
2700 2577 3096 2647 momentum,
3130 2567 3302 2654 quod
3346 2567 3504 2632 deus
3544 2566 3757 2656 adjicit
3800 2568 4065 2633 hominis

2372 2674 2773 2738 inclinationi
2804 2671 2883 2736 ad
2915 2670 3235 2736 virtutem.

2458 2799 2524 2863 p.
2553 2792 2706 2861 497,
2745 2775 2841 2840 18.
2874 2772 2998 2839 ’Ἑν
3027 2777 3093 2839 δὲ
3140 2775 3205 2838 ἐκ
3244 2773 3503 2848 πάντων,
3536 2775 3633 2838 καὶ
3660 2776 3910 2857 πρόνοια
3935 2778 4061 2857 μία,

2371 2878 3102 2966 εἱμαρμένη-ἀρξαμένη]
3169 2878 3270 2941 Ι)9
3319 2875 3669 2941 discrimine
3725 2890 3789 2941 et
3837 2878 4069 2944 finibus

2373 2980 2798 3047 Providentiae
2826 2994 2890 3046 et
2929 2979 3074 3045 Fati
3104 2979 3247 3044 vide
3273 2978 3789 3068 philosophorum
3819 2981 4068 3048 decreta

2373 3084 2545 3172 apud
2608 3086 2781 3149 Sext.
2841 3084 3089 3171 Empir.
3149 3082 3289 3147 adv.
3340 3084 3551 3147 Math.
3612 3084 3692 3147 V.
3752 3086 3859 3161 46.
3917 3084 4066 3174 ibiq.

2375 3188 2569 3253 Fabr.
2600 3212 2662 3276 p.
2686 3189 2837 3274 346.
2869 3201 2933 3252 et
2963 3185 3287 3251 Plutarch.
3317 3185 3398 3250 de
3432 3185 3683 3252 Placitt.
3714 3186 3972 3274 philoss.
4007 3191 4064 3253 Ι.

2375 3310 2479 3376 27.
2516 3312 2619 3378 29.
2651 3315 2716 3379 p.
2745 3292 2898 3378 560.
2919 3314 3056 3379 sqq.
3081 3291 3297 3379 Wytt.
3371 3288 3668 3355 Eundem
3699 3289 3780 3355 de
3811 3292 3976 3357 Fato
4007 3294 4067 3358 I.

2374 3396 2472 3460 11.
2506 3418 2571 3483 p.
2604 3413 2741 3482 290.
2775 3418 2912 3484 sqq.
2938 3396 3143 3483 Wytt.
3191 3393 3630 3458 Theodoretus
3671 3394 4065 3483 Therapeut.

2372 3500 2453 3565 V.
2490 3517 2590 3564 10.
2617 3522 2681 3586 p.
2713 3500 2863 3580 416.
2912 3496 3165 3563 Schulz.
3194 3513 3257 3561 et
3299 3520 3363 3584 p.
3396 3496 3539 3582 833.
3576 3497 3684 3562 ubi
3714 3495 3900 3562 Plato
3928 3499 4064 3563 lau-

2375 3601 2603 3669 datur:
2660 3599 3031 3666 Aristoteles
3080 3600 3472 3687 vituperatur
3496 3599 3700 3664 ε-καὶ
3762 3601 3869 3665 τὸν
3928 3602 4068 3667 θεὸν

2379 3709 2674 3790 εἰρηκότος
2731 3708 2959 3771 ἐκείνου
3020 3706 3407 3790 (Πλάτωνος)
3468 3710 3896 3786 προμηθεῖσθαι
3953 3714 4070 3772 τῶν

2376 3810 2635 3887 πάντων,
2674 3811 2844 3878 οὗτος
2889 3808 3363 3894 (Ἀριστοτέλης)
3409 3809 3519 3888 τὴν
3559 3814 3693 3893 γῆν,
3740 3812 3890 3875 ὅσον
3927 3812 4070 3892 ἧκεν

2379 3917 2462 3983 είς
2487 3917 2708 3998 λόγους
2740 3917 2841 3993 τῆς
2879 3914 3041 3981 θείας
3084 3913 3426 3993 κηδεμονίας
3469 3912 3775 3995 ἐστέρησε.
3821 3917 3897 3979 τὰ
3953 3921 4069 4000 γὰρ

2380 4018 2450 4098 δὴ
2475 4017 2654 4102 μέχρι
2681 4016 2937 4097 σελήνης
2967 4018 3187 4081 ἰθύνειν
3217 4016 3413 4098 ἔφησε
3438 4016 3545 4081 τὸν
3579 4018 3739 4082 θεόν·
3787 4021 3862 4083 τὰ
3890 4019 3957 4084 δέ
3996 4046 4071 4104 γε

2378 4121 2542 4185 ἄλλα
2569 4120 2685 4185 ὑπὸ
2714 4119 2823 4200 τὴν
2853 4119 3206 4201 εἱμαρμένην
3233 4118 3538 4204 τετάχθαι.
3585 4119 3690 4183 Cf.
3719 4120 3908 4185 etiam
3938 4123 4066 4187 Ne-

2381 4222 2640 4287 mcsium
2686 4221 2766 4287 de
2807 4223 3056 4286 Natura
3094 4223 3296 4287 Hom.
3328 4245 3379 4287 c.
3415 4218 3778 4287 XXXIX.
3824 4246 3887 4312 p.
3921 4245 4068 4311 311·

2379 4349 2514 4413 sqq.
2570 4325 2670 4391 ed.
2718 4323 3033 4389 Matthaei.
3141 4325 3223 4388 In
3282 4324 3500 4413 primis
3550 4339 3759 4390 autem
3805 4328 4071 4393 conferri

2378 4452 2520 4495 cum
2547 4428 2800 4493 Plotino
2824 4427 3012 4493 debet
3036 4427 3243 4493 Procli
3273 4427 3447 4493 locus
3475 4427 3555 4492 de
3590 4428 3993 4496 Providentia
4008 4447 4072 4497 et

2378 4534 2545 4597 Fato
2576 4546 2641 4597 et
2678 4533 2795 4597 Eo.
2814 4530 2987 4619 quod
3021 4531 3086 4595 in
3134 4529 3312 4596 nobis
3354 4553 3494 4620 cap.
3526 4531 3664 4597 111.
3696 4555 3762 4619 p.
3800 4553 3899 4598 11.
3930 4558 4067 4623 sqq.

2375 4635 2476 4701 ed.
2507 4634 2763 4700 Cousin.

2462 4761 2529 4827 p.
2561 4738 2714 4824 498,
2745 4756 2846 4819 14.
2885 4735 3215 4816 Γενομένης
3242 4740 3307 4801 δὲ
3334 4739 3631 4817 τομῆς-ὁ
3653 4740 4063 4821 λόγος-συν-

2379 4841 2573 4917 άπτοι,
2608 4842 2704 4906 καὶ
2735 4839 3005 4923 συνάγοι,
3040 4841 3135 4904 καὶ
3164 4839 3328 4926 ῑῷτο]
3380 4839 3480 4904 Cf.
3511 4862 3639 4904 var.
3670 4838 3810 4905 lect.
3886 4843 4069 4907 Colo-

2376 4967 2509 5010 rem
2538 4943 2725 5009 duxit
2754 4941 3044 5007 Plotinus
3085 4965 3164 5006 ex
3192 4940 3472 5006 Platonis
3505 4944 3788 5030 Sympos.
3819 4967 3882 5033 p.
3922 4966 4065 5031 190.

2377 5071 2446 5136 p.
2473 5067 2624 5130 404.
2673 5070 2811 5134 sqq.
2853 5043 3058 5110 Bekk.
3093 5044 3300 5131 (Ζεὺς)
3356 5045 3460 5110 τὸν
3501 5044 3784 5111 Ἀπόλλω
3829 5048 4067 5113 ἐκέλευε

2377 5153 2448 5217 τό
2490 5177 2555 5216 τε
2603 5152 2927 5233 πρόσωπον
2952 5146 3392 5230 μεταστρέφειν
3437 5150 3533 5214 καὶ
3578 5149 3645 5213 τὸ
3684 5155 3790 5214 τοῦ
3817 5149 4066 5232 αὐχένος

2375 5255 2557 5339 ἥμισυ
2606 5252 2754 5337 πρὸς
2809 5252 2917 5331 τὴν
2973 5250 3181 5332 τομήν.
3230 5265 3293 5314 91
3335 5274 3402 5338 p.
3450 5270 3588 5336 191.
3634 5274 3701 5339 p.
3729 5252 3881 5332 406.
3935 5252 4064 5319 ἔστι

2379 5358 2449 5438 δὴ
2487 5358 2715 5421 οὖν-ὁ
2746 5354 3076 5438 ἔρως-τῆς
3115 5353 3366 5437 ἀρχαίας
3399 5355 3636 5435 φύσεως
3662 5354 4060 5436 συναγωγεὺς,

2378 5459 2473 5524 καὶ
2503 5461 2816 5543 ἐπιχειρῶν
2841 5459 3086 5536 ποιῆσαι
3115 5455 3182 5521 ἓν
3212 5458 3278 5520 ἐκ
3305 5461 3486 5529 δυοῖν,
3521 5455 3616 5519 καὶ
3644 5452 3929 5521 ἰάσασθαι
3958 5458 4066 5538 τὴν

2376 5562 2563 5644 φύσιν
2600 5560 2709 5639 τὴν
2737 5559 3130 5640 ἀνθρωπίνην.
3219 5559 3379 5636 Quae
3420 5555 3697 5621 imitatus
3738 5572 3834 5622 est
3875 5559 4059 5626 etiam
