5118 6613
1337 538 1541 603 LIB.
1574 539 1778 605 VIII.
1827 542 2287 607 ENNEAD.
2336 541 2728 609 SEXTAE.
2775 568 2842 632 p.
2880 533 3327 628 13494-1361.

686 735 753 800 p.
785 729 973 798 1352,
1002 731 1063 798 3.
1109 711 1239 776 οἷον
1283 715 1575 791 νοωθῆναι
1614 712 1723 792 τὴν
1766 714 1974 798 ψυχὴν
2015 714 2298 799 ποιοῦσα]

602 817 706 881 Cf.
739 816 905 880 infra
931 839 986 879 c.
1009 815 1067 877 6.
1091 814 1170 878 C.
1260 813 1501 900 Tangit
1545 814 1680 880 haec
1712 815 2015 882 Brucker.
2047 817 2113 880 in
2149 815 2300 880 His-

601 935 718 985 tor.
740 916 899 983 Crit.
925 916 1162 982 Philos.
1186 917 1281 981 11.
1316 939 1377 1004 p.
1400 934 1547 999 417.
1580 917 1645 982 in
1674 918 1844 984 hunc
1873 919 2130 984 modum
2161 943 2305 1008 pro-

599 1021 934 1088 nuntians:
984 1027 1027 1061 “
1063 1021 1168 1085 Ita
1213 1020 1472 1107 quidem
1523 1021 1803 1086 notiones
1848 1021 2198 1090 intellectus
2240 1036 2303 1087 et

600 1125 937 1191 voluntatis
965 1123 1296 1189 confundit
1327 1123 1631 1203 plotinus,
1663 1140 1887 1191 cuncta
1916 1126 1996 1190 ad
2027 1140 2300 1190 contem-

600 1228 934 1318 plationem
965 1225 1374 1292 revocando.''

687 1356 752 1420 p.
784 1349 970 1418 1353,
1002 1351 1060 1395 1.
1107 1331 1203 1395 καὶ
1245 1329 1314 1393 τὸ
1357 1332 1467 1410 ζῇν
1506 1331 1870 1396 κελεύουσαν
1907 1331 2307 1413 προΐεσθαι-

602 1434 739 1500 ἀλλ’
771 1436 840 1500 οὗ
867 1435 936 1498 τὸ
967 1434 1119 1498 εἶναι
1146 1439 1265 1497 τῶν
1291 1431 1387 1497 ὑπ’
1422 1432 1634 1517 αὐτὴν]
1675 1435 1968 1498 Fortasse
1996 1434 2133 1499 haec
2160 1449 2305 1498 ante

601 1539 814 1603 oculos
857 1535 1080 1602 habuit
1115 1535 1448 1601 Sallustius
1476 1536 1556 1600 de
1586 1536 1726 1600 Diis
1753 1549 1818 1601 et
1848 1536 2099 1601 Mundo
2128 1536 2302 1601 C.V.

606 1638 855 1723 (Orellii
884 1662 950 1727 p.
985 1643 1162 1726 20.):
1211 1643 1317 1703 τοῦ
1361 1642 1477 1721 γὰρ
1524 1639 1677 1704 εἶναι
1725 1644 1822 1705 διὰ
1859 1641 1928 1704 τὸ
1974 1640 2202 1722 ἀγαθὸν
2244 1642 2307 1705 αἱ

494 1783 503 1792 -
604 1748 918 1808 σπουδαῖαι
963 1746 1403 1824 καταφρονοῦσι
1430 1744 1647 1826 ψυχαὶ,
1681 1744 1826 1808 ὅταν
1853 1746 2000 1826 ὑπὲρ
2029 1746 2307 1819 πατρίδος

601 1845 640 1927 ἢ
668 1848 866 1928 <potem
892 1843 930 1924 ἢ
960 1847 1168 1928 ἀρετῆς
1195 1846 1551 1910 κινδυνεύειν
1584 1846 1879 1911 ἑθέλωσιι
1927 1845 2038 1910 ubi
2080 1862 2144 1911 et
2184 1844 2306 1910 alia

602 1948 819 2015 laudat
848 1950 1016 2012 Luc.
1044 1946 1336 2012 Holsten.
1368 1971 1428 2035 p.
1462 1968 1596 2013 100.
2179 1977 2185 1986 ·

688 2088 776 2103 —
800 2053 862 2117 8.
894 2055 1098 2116 Ταῦτα
1123 2053 1240 2134 γὰρ
1268 2051 1423 2115 ἔοικε
1453 2051 1643 2133 φησὶν
1672 2051 1849 2133 ἐγγύς
1877 2076 1932 2114 τι
1959 2051 2177 2115 τείνειν
2203 2055 2307 2114 τοῦ

604 2157 897 2240 σόματος]
931 2155 1032 2218 Ita
1060 2153 1276 2241 scripsi
1304 2153 1674 2219 auctoritate
1701 2167 1977 2240 quatuor
2004 2153 2303 2218 librorum

604 2281 747 2326 mss.
778 2256 965 2322 Plato
1000 2256 1067 2321 in
1099 2255 1420 2322 Phaedone
1448 2280 1514 2345 p.
1539 2258 1719 2343 65.a.
1753 2279 1817 2344 p.
1849 2258 1943 2321 18.
1976 2256 2201 2336 Bekk„
2233 2281 2309 2321 eo

605 2361 743 2426 loco
774 2359 880 2425 ubi
910 2359 989 2424 de
1018 2358 1430 2448 philosophiae
1476 2358 1677 2424 officio
1719 2359 1987 2424 animam
2033 2384 2072 2424 a
2116 2358 2302 2424 servi-

608 2479 743 2530 tute
785 2462 1062 2550 corporis
1109 2461 1412 2529 liberandi
1458 2462 1816 2528 disseritur:
1867 2463 1983 2528 Καὶ
2029 2469 2195 2528 δοκεῖ
2234 2461 2310 2545 γε’

607 2593 744 2646 που,
768 2563 814 2631 ὦ
844 2567 1084 2646 Σιμμία,
1115 2571 1238 2634 τοῖς
1262 2572 1516 2634 πολλοῖς
1543 2568 1894 2649 ἀνθρώποις,
1918 2563 1965 2653 ᾧ
1992 2569 2176 2646 μηδὲν
2201 2565 2310 2645 ἡδὺ

609 2676 726 2735 τῶν
763 2671 1044 2734 τοιούτων
1085 2671 1230 2749 μηδὲ
1274 2669 1516 2753 μετέχει
1560 2670 1752 2734 αὐτῶν
1795 2670 1899 2733 οὐκ
1945 2670 2112 2748 ἄξιον
2158 2667 2310 2732 εἶναι

608 2776 736 2853 ζῇν,
769 2770 906 2836 ἀλλ’
941 2773 1120 2854 ἐγγύς
1161 2798 1218 2835 τι
1259 2773 1478 2837 τείνειν
1506 2771 1681 2847 τινὸς,
1712 2773 1979 2836 similem
2020 2793 2151 2836 8883
2192 2771 2309 2834 ali-

607 2876 828 2961 cujus:
872 2873 1163 2961 exposuit
1193 2874 1599 2939 Heindorfius
1627 2897 1692 2962 p.
1725 2894 1851 2961 39:
1899 2874 1979 2938 de
2007 2872 2311 2938 sententia

610 2976 1144 3065 wyttenbachius
1171 2999 1236 3064 p.
1274 2998 1416 3062 149.
1449 3000 1541 3065 sq.
1636 2976 1901 3041 Videtur
1928 3000 2079 3064 ergo
2108 2975 2307 3041 Ploti-

607 3101 727 3144 nus
757 3079 1113 3143 memoriter
1138 3079 1355 3145 citasse
1388 3080 1521 3144 haec
1550 3079 1742 3144 verba
1773 3079 2071 3145 Platonis.

693 3206 762 3271 p.
795 3200 981 3268 1354,
1013 3203 1114 3268 15.
1163 3186 1219 3248 εἴ
1243 3183 1323 3263 μή
1351 3208 1437 3250 τις
1464 3181 1759 3265 τολμηρὸς
1799 3184 1983 3266 λόγος
2027 3181 2312 3264 ἑτέρωθεν

613 3285 854 3354 σταλεὶς
896 3284 1086 3370 λέγοι,
1118 3287 1195 3353 ὥς
1236 3289 1503 3370 τυχοῦσα
1545 3287 1725 3353 οὕτως
1769 3285 1934 3369 ἔχειν
1961 3286 2039 3352 ὧς
2081 3284 2210 3369 ἔχει
2256 3312 2308 3349 κ.

609 3414 663 3456 τ.
695 3389 791 3477 λ.]
841 3388 1054 3452 videri
1099 3387 1295 3475 possit
1343 3387 1406 3451 h.
1441 3386 1484 3451 l.
1531 3386 1818 3451 Plotinus
1861 3387 2313 3476 reprehendere

609 3490 1064 3568 Democritum,
1097 3489 1448 3578 Epicureos
1480 3492 1957 3577 Stratonemque
1989 3491 2308 3578 Peripate-

611 3593 827 3674 ticum,
844 3593 1135 3681 reliquos,
1154 3593 1266 3680 qui
1296 3616 1334 3656 a
1362 3616 1508 3657 casu
1537 3592 1919 3681 fortunaque
1946 3592 2155 3657 omnia
2181 3614 2313 3657 sus-

610 3718 804 3784 pensa
844 3695 1136 3760 fecerant.
1226 3694 1372 3761 vid.
1420 3695 1744 3761 Aristotel.
1792 3697 1872 3761 de
1919 3696 2114 3762 Partt.
2145 3695 2310 3759 Ani-

612 3797 779 3864 mall.
813 3799 872 3862 Ι.
909 3818 966 3862 1.
1042 3798 1405 3863 Ciceronem
1450 3798 1531 3864 de
1578 3801 1740 3864 Fato
1782 3823 1920 3888 cap.
1957 3801 2048 3863 X.
2079 3815 2142 3863 et
2172 3799 2311 3864 XI.

615 3901 1023 3967 Plutarchum
1070 3901 1217 3967 adv.
1251 3900 1534 3967 Colotem
1582 3926 1649 3991 p.
1689 3923 1872 3988 1115.
1906 3904 1985 3967 B.
2040 3904 2128 3989 (p.
2159 3919 2308 3986 557.

615 4004 983 4092 Wyttenb.)
1029 4004 1139 4092 qui
1188 4005 1268 4069 de
1318 4008 1608 4070 Stratone
1655 4006 1798 4070 haec·
1832 4005 2058 4069 refert:
2106 4011 2309 4069 τελευ-

613 4114 780 4173 ταῖον
808 4107 916 4172 τὸν
955 4108 1182 4187 κόσμον
1219 4107 1399 4172 αὐτὸν
1438 4109 1508 4172 οὗ
1543 4114 1692 4183 ζῶον
1733 4106 1891 4171 εἶναί
1931 4115 2103 4189 φησι,
2135 4107 2204 4170 τὸ
2248 4108 2315 4171 δὲ

616 4214 762 4275 κατὰ
782 4208 969 4292 φύσιν
992 4209 1244 4274 ἕπεσθαι
1270 4213 1350 4295 τῷ
1381 4213 1528 4276 κατὰ
1555 4212 1763 4294 τύχην.
1797 4209 1989 4293 ἀρχὴν
2019 4213 2133 4293 γὰρ
2165 4211 2316 4273 ἐνδι-

615 4315 783 4378 δόναι
809 4313 877 4376 τὸ
908 4314 1258 4393 αὐτόματον,
1298 4312 1426 4377 εἶτα
1453 4315 1602 4377 οὕτω
1630 4313 2021 4395 περαίνεσθαι
2057 4317 2175 4375 τῶν
2204 4319 2316 4394 φυ-

614 4421 796 4479 σικῶν
824 4421 1031 4479 παθῶν
1060 4415 1332 4479 ἕκαστον.
1383 4415 1658 4480 Consule
1687 4431 1895 4479 tamen
1922 4413 2109 4480 etiam
2141 4413 2316 4480 Cud-

616 4515 835 4582 worthi
867 4519 1032 4604 Syst.
1067 4515 1276 4581 Intell.
1307 4540 1370 4605 p.
1402 4537 1544 4582 100.
1577 4542 1709 4605 sqq.
1742 4531 1805 4582 et
1836 4540 1900 4603 p.
1931 4537 2072 4603 152.
2104 4541 2239 4605 sqq.

699 4643 765 4708 p.
797 4640 871 4704 13
875 4623 987 4704 56,
1021 4640 1070 4683 1.
1119 4623 1254 4686 οὔτε
1297 4622 1367 4685 οὗ
1413 4622 1611 4703 κύριον
1638 4625 1738 4700 τῆς
1780 4623 1959 4685 αὑτοῦ
1997 4619 2310 4701 γενέσεως,

614 4725 705 4788 ὅτι
752 4725 899 4804 μηδὲ
945 4723 1193 4811 γέγονε]
1268 4726 1430 4788 Haec
1482 4741 1760 4788 extrema
1810 4722 1930 4786 tria
1979 4721 2169 4785 verba
2215 4720 2313 4785 vel

615 4824 881 4890 maxime
910 4825 1180 4890 tenenda
1222 4841 1389 4904 sunt,
1420 4826 1571 4914 quia
1614 4825 1952 4912 unicuique
1988 4824 2176 4889 fidem
2215 4823 2310 4887 fa·

614 4927 809 5007 ciunt,
854 4927 1172 5015 quomodo
1214 4928 1505 4994 Plotinus
1549 4927 1906 5016 accipienda
1950 4925 2315 4991 existimarit

613 5031 804 5096 verba
834 5030 1115 5095 Platonis
1143 5032 1246 5096 De
1277 5035 1442 5120 Rep.
1475 5032 1558 5097 X.
1591 5055 1655 5120 p.
1679 5032 1843 5116 596:
1893 5032 1927 5093 ὁ
1958 5027 2316 5095 αὐτὸς-καὶ

614 5139 732 5210 ζῶα
756 5132 954 5197 πάντα
983 5133 1286 5216 ἐργάζεται
1323 5134 1398 5199 τά
1425 5160 1491 5199 τε
1520 5136 1687 5199 ἄλλα
1717 5134 1813 5199 καὶ
1842 5133 2072 5198 ἑαυτόν.
2165 5130 2314 5195 Vid.

616 5257 760 5322 quae
789 5233 972 5323 plura
1000 5234 1392 5302 laudavimus
1426 5238 1509 5302 ad
1544 5237 1736 5325 hujus
1776 5235 1918 5301 libri
1947 5233 2201 5299 titulum
2245 5257 2310 5322 p.

618 5355 765 5422 734.
788 5336 954 5401 med.
1000 5337 1431 5405 Obversantur
1450 5355 1660 5405 autem
1691 5338 1797 5404 illa
1820 5337 2099 5403 Platonis
2125 5337 2317 5402 verba

619 5439 868 5506 Plotino
898 5462 1040 5504 cum
1070 5440 1188 5505 hoc
1217 5440 1354 5507 loco
1383 5459 1520 5507 tum
1549 5443 1684 5507 aliis
1714 5442 1905 5530 hujus
1930 5440 2128 5529 ipsius
2153 5439 2312 5504 libri.

619 5541 723 5606 Cf.
752 5542 962 5621 etiam,
994 5565 1138 5629 quae
1170 5545 1399 5610 Noster
1426 5544 1593 5610 infra
1618 5569 1674 5610 c.
1699 5564 1800 5612 20.
1831 5568 1895 5633 p.
1923 5562 2067 5630 754.
2114 5541 2311 5631 expli-

722 5667 903 5720 VOL.
942 5667 1067 5721 111.

3969 561 4091 625 401

2388 714 2589 779 catius
2616 712 2696 776 de
2725 712 2842 776 hoc
2869 727 3242 799 argumento
3268 711 3582 799 proponit.

2494 839 2558 904 p.
2597 832 2782 901 1357,
2813 835 2880 900 5.
2941 816 3126 879 καίτοι
3167 816 3339 879 οὐδὲν
3381 815 3457 879 ἂν
3504 818 3772 898 εὕροιμεν
3816 820 4090 883 εἰπεῖν-

2386 921 2523 1002 περὶ
2551 918 3067 1006 αὐτοῦ-ὕστερα]
3095 917 3278 981 Plato
3297 917 3537 983 Phileb.
3563 941 3626 1006 p.
3650 923 3753 1005 65.
3776 942 3834 984 a.
3858 941 3920 1008 p.
3945 937 4086 988 222.

2392 1022 2611 1088 Stallb.
2636 1047 2651 1086 :
2701 1022 2937 1086 Οὐκοῦν
2965 1022 3019 1084 εί
3044 1020 3124 1099 μὴ
3151 1024 3256 1104 μιᾷ
3286 1020 3582 1100 δυνάμεθα
3611 1020 3737 1108 ἰδέᾳ
3763 1022 3832 1086 τὸ
3862 1023 4091 1105 ἀγαθὸν

2390 1129 2673 1207 θηρεῦσαι
2711 1124 2816 1204 ξὺν
2843 1123 3001 1205 τρισὶ
3039 1124 3353 1202 λαβόντες,
3389 1122 3599 1189 κάλλει
3641 1126 3739 1190 καὶ
3775 1127 4090 1211 ξυμμετρίᾳ

2392 1230 2486 1293 καὶ
2515 1229 2786 1313 ἀληθείᾳ,
2816 1226 3092 1308 λέγωμεν
3122 1253 3176 1290 κ.
3197 1251 3247 1288 τ.
3269 1233 3333 1289 λ.
3383 1224 3714 1292 Sallustius
3740 1251 3877 1316 cap.
3901 1229 3979 1294 V.
4006 1227 4088 1292 de

2389 1331 2592 1419 prima
2629 1353 2817 1395 causa
2856 1329 3015 1393 hanc
3055 1327 3250 1415 ipsam
3286 1342 3466 1393 vocat
3492 1329 3601 1409 τὴν
3628 1332 3806 1398 οὕτως
3838 1331 4090 1413 ᾰρῤητον

2390 1437 2655 1515 δύναμιν.
2707 1432 2817 1498 Ad
2848 1455 3036 1518 quem
3069 1431 3273 1496 locum
3298 1429 3571 1495 Orellius
3597 1454 3664 1519 p.
3691 1452 3831 1497 102.
3863 1445 3926 1496 et
3955 1432 4090 1497 haec

2393 1535 2625 1601 Plotini
2673 1536 2863 1600 verba
2905 1534 3217 1612 adhibuit,
3264 1548 3329 1599 et
3371 1532 3507 1599 haec
3549 1533 3820 1599 Arnobii
3864 1535 3920 1599 I.
3960 1555 4037 1620 31
4070 1559 4085 1599 :

2392 1649 2435 1679 “
2467 1638 2683 1704 Prima
2723 1637 2888 1703 enim
2933 1652 3003 1702 tu
3050 1660 3236 1701 causa
3281 1660 3368 1716 es,
3408 1636 3711 1715 infinitus,
3751 1637 4088 1725 ingenituS‚

2389 1740 2778 1821 immortalis,
2823 1754 3187 1828 perpetuus,
3229 1738 3560 1805 solus—de
3601 1764 3732 1827 quo
3775 1739 3931 1804 nihil
3966 1740 4092 1805 dici

2389 1859 2455 1909 et
2483 1844 2749 1934 exprimi
2779 1843 3132 1909 mortalium
3162 1841 3329 1931 potis
3356 1857 3451 1907 est
3476 1841 3922 1930 significatione
3952 1868 4089 1909 ver-

2390 1948 2614 2012 borum
2627 1948 2682 2011 .''

2476 2088 2565 2100 —
2593 2051 2693 2114 16.
2738 2051 2896 2124 τό,τε
2936 2051 3052 2131 γᾶρ
3088 2047 3241 2113 εἶναι
3281 2049 3649 2135 ἆφῃροΰμεν]
3705 2048 3847 2113 Vid.
3880 2051 3944 2114 N
3947 2066 4092 2115 ostr.

2391 2152 2515 2217 VI.
2543 2171 2606 2236 7.
2627 2152 2733 2238 38.
2767 2174 2833 2238 p.
2857 2169 3005 2235 729.
3030 2154 3121 2215 A.
3152 2167 3215 2215 et
3244 2174 3390 2238 quae
3418 2150 3543 2216 illic
3570 2152 4021 2218 annotavimus.

2453 2278 2519 2343 p.
2551 2255 2739 2340 1358,
2756 2273 2822 2335 4.
2857 2253 3583 2335 συμβῇ-συνέβη-πὸς
3610 2256 3718 2319 οὖν
3737 2255 3887 2334 ἦλθε
3897 2284 3912 2329 ;
3946 2260 4094 2342 τύχη

2391 2357 2505 2442 τις]
2534 2356 2709 2421 Huic
2739 2355 2875 2421 loco
2902 2354 3255 2420 adhibenda
3285 2371 3379 2421 est
3401 2356 3722 2422 Plutarchi
3754 2357 4096 2446 disputatio

2389 2460 2456 2524 in
2484 2459 2695 2525 libello
2723 2459 2803 2524 de
2826 2460 3131 2536 Fortuna,
3162 2459 3274 2524 ubi
3303 2459 3385 2524 de
3411 2461 3560 2543 τύχῃ
3587 2474 3651 2524 et
3677 2458 3760 2524 de
3787 2469 4096 2542 συμβεβη-

2395 2564 2519 2627 κότι
2544 2561 2678 2650 agit
2705 2585 2844 2648 cap.
2868 2562 3026 2626 VII.
3060 2586 3126 2650 p.
3152 2580 3303 2646 571.
3327 2585 3419 2650 sq.
3451 2586 3517 2650 p.
3542 2581 3688 2649 304.
3722 2586 3858 2650 sqq.
3895 2565 4092 2651 Wyt-

2394 2663 2727 2743 tenbachii‚
2760 2664 2870 2751 qui
2903 2664 2996 2728 vir
3023 2664 3247 2729 doctus
3272 2664 3446 2729 illum
3493 2665 3697 2731 locum
3728 2666 3912 2730 etiam
3945 2667 4095 2733 Pla·

2394 2766 2525 2831 toni
2555 2766 2848 2832 adhibuit
2873 2766 2940 2830 in
2971 2766 3311 2833 Phaedone.
3402 2767 3546 2834 Vid.
3590 2768 3727 2855 ejus
3768 2784 3980 2835 annot.
4027 2794 4091 2858 p.

2400 2889 2427 2934 1
2446 2889 2541 2956 13.
2576 2893 2667 2956 sq.

2467 2996 2533 3061 p.
2564 2991 2748 3058 1359,
2769 2992 2833 3059 3.
2867 2971 3007 3037 ἀλλ’
3032 2975 3179 3056 ὅπερ
3211 2974 3395 3056 ἐχρῆν
3425 2972 3594 3038 εἶναι·
3626 2975 3696 3038 οὗ
3723 2975 3924 3038 τοίνυν
3951 2977 4099 3037 οὕτω

2398 3075 2650 3156 συνέβη,
2683 3075 2821 3140 ἀλλ’
2856 3076 2976 3141 ἔδει
3019 3078 3195 3161 οὕτω]
3247 3076 3571 3141 Adhibuit
3604 3075 3775 3140 hunc
3800 3075 4006 3141 locum
4034 3076 4097 3139 in

2396 3177 2819 3265 disputatione
2861 3194 3079 3244 contra
3121 3178 3369 3244 Atheos
3414 3179 3783 3244 Cudworth.
3826 3179 3889 3243 in
3932 3181 4100 3268 Syst.

2400 3281 2611 3347 Intell.
2630 3283 2710 3349 V.
2732 3299 2797 3368 5.
2824 3303 2879 3348 1.
2913 3306 2976 3371 p.
3003 3303 3031 3347 1
3049 3284 3188 3367 167.
3216 3282 3325 3349 ubi
3353 3281 3742 3348 Moshemius
3769 3281 3834 3345 in
3861 3284 4098 3347 Annot.

2396 3408 2458 3464 4.
2491 3384 2626 3450 haec
2654 3385 2897 3473 posuit:
2948 3394 2993 3426 “
3014 3388 3169 3451 Huc
3196 3410 3346 3473 ergo
3374 3385 3536 3450 redit
3565 3385 3897 3449 verborum
3925 3386 4103 3468 (Plo-

2399 3488 2568 3572 tini),
2597 3513 2745 3576 quae
2793 3489 2893 3554 hic
2935 3490 3304 3568 afferuntur,
3349 3487 3673 3564 sententia,
3705 3489 3918 3551 Deum
3967 3487 4102 3575 ipsa

2397 3609 2641 3658 naturae
2670 3616 2802 3657 suae
2833 3591 3192 3656 necessitate
3220 3588 3404 3655 talem
3436 3614 3587 3668 esse,
3610 3588 3815 3676 qualis
3841 3605 3956 3668 est,
3988 3613 4101 3655 nec

2397 3694 2496 3758 vel
2517 3694 2852 3782 cogitando
2874 3696 3110 3781 fingere
3137 3695 3234 3758 fas
3259 3717 3411 3773 esse,
3435 3693 3559 3759 alio
3588 3718 3653 3758 se
3680 3694 3869 3758 modo
3886 3694 4097 3758 Deum

2396 3797 2627 3863 habere
2668 3799 3000 3885 posse.''—-
3012 3797 3347 3885 Sequentia
3372 3823 3387 3861 ε
3436 3800 3469 3862 ὁ
3512 3796 4103 3877 βασιλεὺς,-ὅντως

2396 3900 2667 3983 βασιλέα
2700 3900 2965 3966 colorem
3020 3900 3342 3966 duxerunt
3386 3923 3463 3964 ex
3510 3899 3649 3964 loco
3690 3899 3754 3963 in
3801 3900 4103 3988 Epistolis

2399 4002 2681 4068 Platonis
2712 4005 2812 4069 11.
2859 4027 2927 4091 p.
2959 4022 3110 4090 312.
3140 4028 3197 4068 e.
3243 4028 3305 4092 p.
3336 4024 3486 4090 403.
3522 4003 3724 4069 Bekk.
3755 4029 3770 4068 :
3817 4004 3953 4088 περὶ
3995 4005 4102 4069 τὸν

2397 4105 2637 4170 πάντων
2657 4105 2925 4186 βασιλέα
2952 4105 3123 4171 πάντ’
3146 4109 3277 4172 ἐστὶ
3307 4109 3403 4172 καὶ
3425 4111 3652 4173 ἐκείνου
3683 4108 3859 4172 ἕνεκα
3884 4107 4097 4183 πάντα,

2403 4209 2497 4271 καὶ
2535 4209 2728 4272 ἐκεῖνο
2770 4211 2960 4273 αἴτιον
3002 4209 3282 4275 ἁπάντων
3309 4217 3427 4275 τῶν
3473 4218 3688 4286 καλῶν,
3722 4233 3868 4298 quae
3911 4235 4102 4300 supra

2399 4309 2723 4397 attigimus
2751 4310 2829 4375 ad
2861 4334 2927 4399 p.
2952 4331 3095 4397 733.
3122 4313 3202 4376 Β.
3234 4313 3377 4377 infr.

2485 4436 2551 4500 p.
2584 4416 2771 4501 1361,
2804 4417 2862 4479 8.
2911 4417 2979 4480 ἐν
3017 4419 3083 4479 δὲ
3123 4421 3245 4483 τοῖς
3280 4417 3361 4496 μὴ
3398 4414 4101 4498 προηγουμένως-ἅλλα

2401 4516 2823 4604 συμπτώμασι]
2870 4516 3267 4582 Adverbium
3311 4517 3431 4583 hoc
3475 4517 3702 4605 legitur
3736 4519 3920 4582 etiam
3954 4516 4097 4582 111.

2402 4618 2540 4702 8.3.
2576 4619 2695 4683 IV.
2716 4640 2778 4699 4.
2796 4637 2901 4704 39.
2930 4634 2995 4684 et
3022 4619 3106 4683 cf.
3130 4624 3372 4685 Annot.
3403 4620 3468 4684 in
3495 4623 3554 4685 Ι.
3581 4622 3641 4687 8.
3669 4642 3724 4689 2.
3754 4621 3836 4687 ad
3872 4646 3926 4685 v.
3959 4649 4099 4704 προ-

2399 4723 2717 4803 ηγούμενα.
2766 4723 2868 4786 De
2890 4725 3282 4804 συμπτώμασι
3308 4724 3473 4788 adde
3499 4723 3594 4801 iis,
3613 4748 3759 4811 quoe
3787 4748 3990 4813 nuper
4016 4726 4097 4790 ad

2402 4822 2624 4911 Steph.
2646 4824 2958 4891 Thesaur.
2988 4839 3282 4912 congesta
3312 4839 3480 4904 sunt,
3505 4828 3841 4892 Menandri
3865 4832 4095 4918 Fragg.

2402 4928 2688 4993 LXIII.
2711 4953 2778 5018 p.
2798 4929 2942 4994 218.
2991 4926 3273 4994 Meinek.
3291 4943 3356 4994 et
3374 4930 3841 4995 CCLXXXI.
3868 4955 3928 5019 p.
3952 4936 4097 5017 269,

2404 5030 2512 5096 ubi
2540 5034 2709 5116 Τύχη
2738 5048 2801 5097 et
2829 5035 3005 5116 τύχαι
3030 5054 3174 5096 cum
3203 5030 3323 5096 hac
3351 5054 3500 5096 voce
3519 5030 3899 5119 junguntur.
3990 5034 4094 5101 Cf.

2403 5136 2740 5223 Wyttenb.
2768 5135 2850 5201 ad
2885 5135 3203 5201 Plutarchi
3234 5133 3488 5200 Consol.
3513 5133 3837 5221 Apollonii
3866 5158 3926 5223 p.
3954 5152 4095 5219 700.

2400 5249 2461 5300 et
2493 5259 2553 5324 p.
2575 5239 2723 5320 781.
2742 5262 2836 5325 sq.
2884 5237 3166 5328 Eunapii
3187 5240 3516 5326 Excerptt.
3537 5238 3837 5303 Historiae
3865 5262 3927 5327 p.
3952 5240 4094 5325 258.

2401 5339 2501 5405 ed.
2535 5341 2710 5427 Ang.
2746 5340 2942 5405 Maii:
2993 5342 3149 5406 ἔοικε
3183 5343 3296 5422 μὲν
3324 5343 3432 5407 οὖν
3462 5343 3556 5406 καὶ
3584 5344 3783 5410 ἄλλως
3820 5344 3854 5407 ὖ
3883 5344 4100 5427 χρόνος

2403 5447 2471 5508 ἐν
2498 5449 2627 5510 ταῖς
2652 5450 2900 5526 μακραῖς
2924 5445 3217 5526 περιόδοις
3245 5445 3342 5509 καὶ
3372 5444 3640 5525 κινήσεσι
3676 5447 3965 5515 πολλάκις
4003 5450 4104 5515 ἐπὶ

2400 5547 2642 5610 τοιαύτα
2672 5544 3111 5628 καταφέρεσθαι
3138 5549 3559 5628 συμπτώματα.

2526 5658 2658 5725 31·
