5118 6613
133 2895 146 3535 Τ-ι--Ϊ-Ῑ-ῙᾼΑ

1292 521 1479 586 LIB.
1529 521 1670 586 ΙΙΙ.
1720 519 2139 585 ENNEAD.
2192 517 2697 597 QUARTAE.
2745 538 2808 603 p.
2844 529 3213 601 711—717.
3896 529 4020 598 215

505 693 632 760 bus
658 692 1026 759 ordinandis
1054 692 1217 758 inter
1244 714 1310 756 se
1330 691 1513 756 valde
1541 690 1887 756 dissentire.
1980 690 2212 754 Tiede-

502 818 780 862 mannus
806 796 871 860 in
901 795 1101 860 libro:
1150 792 1349 858 Geist.
1385 792 1499 857 der
1526 791 1767 879 spekul.
1802 791 2034 857 Philos.
2069 793 2211 857 111.

507 922 578 986 p.
610 918 763 983 415.
793 897 931 963 haec
958 896 1316 961 Plotiniana
1344 894 1425 959 de
1445 895 1774 960 animabus
1795 895 2044 960 decreta
2072 919 2217 960 cum

509 1000 951 1067 Cabbalisticis
993 1013 1334 1086 comparat.
1424 998 1666 1086 Attigit
1696 1013 1977 1063 nostrum
2009 999 2213 1063 locum

506 1102 699 1168 etiam
747 1105 1242 1168 Tennemannus
1279 1101 1343 1164 in
1397 1101 1682 1165 Historia
1730 1100 1967 1166 Philos.
2003 1101 2116 1165 VI.
2150 1125 2212 1187 p.

603 1331 669 1395 p.
701 1326 849 1390 714,
879 1325 945 1392 3.
994 1307 1123 1371 ἔστι
1151 1306 1268 1391 γάρ
1312 1332 1369 1370 τι
1397 1306 1528 1371 οἷον
1559 1305 2075 1389 κέντρον-αὐγῆς
2104 1307 2213 1370 ἀλ-

509 1410 780 1495 λοτρίας]
834 1410 1065 1475 Insunt
1107 1408 1172 1472 in
1220 1409 1318 1472 his
1363 1407 1665 1474 Eleaticoe
1699 1407 1999 1472 doctrinae
2028 1408 2213 1473 vesti-

512 1511 641 1599 gia.
691 1510 850 1575 Vide
878 1534 1023 1598 quae
1050 1534 1112 1576 v.
1139 1535 1193 1577 c.
1227 1510 1309 1575 de
1340 1510 1713 1575 Parmenide
1741 1509 1952 1598 prodit
1995 1511 2217 1576 Cicero

513 1613 600 1679 de
646 1615 730 1678 N.
756 1615 840 1679 D.
872 1616 931 1679 I.
971 1634 1072 1678 11.
1106 1637 1168 1700 p.
1198 1633 1305 1697 49.
1353 1637 1446 1700 sq.
1498 1612 1649 1700 ibiq.
1698 1627 1908 1677 annot.
1954 1613 2018 1677 in
2064 1613 2216 1678 edit.

515 1731 713 1782 nostr.
743 1731 808 1781 et
835 1718 1005 1781 Mos.
1069 1717 1172 1782 Cf.
1210 1715 1521 1780 Brandisii
1568 1718 1948 1781 Commentt.
1983 1717 2216 1782 Eleatt.

510 1841 583 1906 p.
622 1821 763 1884 160.
794 1841 930 1906 sqq.
1005 1820 1171 1882 Haec
1198 1833 1260 1882 et
1290 1817 1512 1882 similia
1534 1817 1959 1882 Eleaticorurn
1983 1832 2046 1882 et
2073 1818 2214 1882 Pla·

515 1921 866 1986 tonicorum
907 1919 1227 2007 quomodo
1263 1935 1482 2007 postea
1524 1944 1563 1985 a
1608 1919 1927 1985 Gnosticis
1959 1919 2217 2006 aliisque

512 2025 685 2089 varie
712 2038 1129 2089 transmutata
1170 2024 1315 2102 sint,
1348 2039 1760 2088 monstratum
1807 2022 1879 2086 iit
1909 2022 2022 2087 Vir
2064 2023 2212 2087 doc-

511 2125 789 2192 tissimus
818 2125 1097 2212 mihique
1125 2125 1531 2190 amicissimus
1555 2126 1869 2212 Joseplms
1897 2125 1974 2189 de
2001 2127 2213 2189 Ham-

514 2252 672 2296 τηεν.
703 2230 900 2295 nostri
928 2229 1046 2295 loci
1075 2252 1202 2294 non
1230 2230 1578 2308 immernor,
1608 2229 1673 2292 in
1714 2252 1935 2316 opere:
1985 2230 2216 2293 Fund-

505 2337 765 2424 gruben
792 2336 902 2400 des
934 2337 1191 2400 Orients
1224 2336 1470 2418 (Mines
1498 2335 1577 2400 de
1607 2335 1900 2420 l'Orient)
1927 2335 2068 2400 Vol.
2093 2336 2215 2399 vl.

516 2460 581 2525 p.
611 2455 719 2524 51.
752 2461 887 2524 sqq.
930 2452 992 2502 et
1026 2460 1087 2524 p.
1129 2437 1461 2502 110.—Ad
1493 2437 1687 2502 verba
1733 2445 1860 2520 φῶς
1912 2441 1978 2502 ἐκ
2022 2440 2220 2521 φωτός

519 2540 816 2604 Mooerus
843 2554 1054 2603 noster
1073 2540 1314 2604 confert
1341 2540 1479 2604 haec
1500 2541 1563 2603 N
1566 2539 1714 2603 onni
1743 2539 1806 2603 in
1840 2539 2220 2628 Paraphrasi

521 2642 772 2729 Evang.
801 2641 1069 2706 Joannis
1098 2643 1158 2706 1.
1188 2662 1227 2728 3
1257 2666 1272 2706 :

706 2749 790 2802 καὶ
813 2750 975 2820 λόγος
1000 2745 1315 2818 αὖτοφύτοιο
1343 2747 1486 2812 θεοῦ,
1516 2752 1651 2820 φῶς,
1683 2748 1739 2803 ἐκ
1766 2749 1931 2821 φάεος
1956 2751 2091 2821 φῶς.

525 2840 628 2905 Cf.
658 2841 842 2904 etiam
876 2839 1040 2904 infra
1071 2841 1187 2905 VI.
1220 2861 1280 2920 4.
1308 2861 1372 2926 9.

602 2979 690 2991 —
726 2961 826 3006 12.
872 2945 1074 3026 ὥσπερ
1110 2943 1553 3026 χειμαζομένων
1595 2945 1825 3008 πλοίων
1873 2948 2225 3027 κυβερνῆται

521 3047 1052 3135 ἐναπερείδονται]
1103 3046 1288 3109 Infra
1326 3068 1386 3132 p.
1417 3047 1570 3131 389.
1601 3050 1711 3110 A:
1764 3048 1890 3110 ἐκεῖ
1928 3045 2048 3110 ἔδει
2092 3047 2223 3110 οῖον

523 3148 1003 3230 ἑναπερείδεσθαι
1033 3148 1141 3227 τὴν
1169 3150 1417 3228 δύναμιν
1443 3153 1549 3211 τοῦ
1577 3149 1852 3231 τεχνίτου
1884 3148 2135 3227 ἐκείνην,
2160 3163 2225 3214 et

520 3272 582 3338 p.
613 3268 767 3336 524.
800 3253 878 3317 C.
922 3253 1054 3317 οἷον
1093 3253 1590 3333 ἑναπερείσαντος
1624 3254 1691 3316 ἐν
1740 3252 1991 3338 φθόγγῳ
2042 3250 2223 3316 αὐτὸν

519 3358 625 3419 τοῦ
674 3359 1032 3437 φωνοῦντος.
1094 3352 1478 3418 Plutarchus
1530 3352 1784 3418 Morall.
1837 3377 1899 3441 p.
1940 3354 2083 3438 236.
2132 3353 2215 3418 D.

520 3457 920 3539 ἐναπερείδειν
946 3460 1017 3538 τῇ
1044 3458 1262 3540 λόγχῃ.
1337 3455 1517 3520 Idem
1568 3458 1874 3543 Praecept.
1919 3455 2116 3520 Sanit.
2148 3479 2216 3543 p.

529 3560 661 3624 126.
689 3560 773 3622 E.
802 3581 870 3646 p.
892 3578 1044 3645 497.
1077 3560 1329 3646 Wytt.:
1367 3561 1880 3642 ἑναπερειδόμενοι
1902 3563 1971 3638 τῇ
1997 3559 2213 3639 μνήμῃ,

521 3658 900 3725 reluctamur
956 3660 1295 3737 memoriae,
1346 3659 1453 3723 ubi
1515 3659 1897 3723 Meziriacus
1946 3659 2220 3727 malebat

519 3762 1087 3844 ἀνταπερειδόμενοι.
1165 3761 1310 3825 vid.
1347 3760 1681 3848 Wyttenb.
1718 3761 2105 3825 Animadvv.
2148 3784 2216 3849 p.

523 3863 670 3950 823.
758 3862 903 3928 Alia
945 3865 1135 3929 habet
1178 3863 1400 3951 Steph.
1442 3863 1506 3927 in
1550 3863 1741 3928 Thes.
1777 3864 1858 3929 L.
1899 3864 2015 3929 Gr.
2093 3863 2215 3928 Sed

524 3966 909 4049 ἑναπέρεισις,
952 3967 1124 4054 quod
1165 3966 1331 4030 infra
1361 3989 1462 4054 ap.
1511 3966 1742 4031 Plotin.
1779 3967 1899 4031 1v.
1929 3986 1991 4048 4.
2031 3987 2087 4031 1.
2137 3965 2220 4030 le-

518 4067 710 4154 gitur,
740 4091 944 4149 nemo‚
975 4069 1146 4156 quod
1179 4068 1390 4144 sciam,
1420 4068 1484 4132 in
1518 4069 1768 4133 Lexicis
1810 4068 2214 4155 consignavit.

521 4170 1008 4237 Gubernationis
1061 4187 1273 4236 autem
1334 4170 1874 4259 navigationisque
1935 4169 2220 4235 similitu-

521 4271 695 4337 dines
724 4273 788 4337 in
821 4274 1094 4339 Socratis
1136 4289 1200 4339 et
1247 4273 1704 4340 Socraticorum
1736 4273 2065 4360 colloquiis
2095 4273 2218 4338 fre·

519 4389 857 4463 quentatae.
903 4377 1066 4442 Vide
1096 4376 1283 4442 modo
1309 4377 1608 4465 Xenoph.
1633 4376 2035 4441 Memorabb.
2062 4377 2117 4440 I.
2159 4392 2222 4459 7.

516 4497 577 4565 3.
609 4480 756 4544 111.
788 4480 847 4544 6.
877 4480 981 4566 38.
1014 4480 1160 4545 111.
1190 4500 1257 4564 3.
1289 4502 1348 4565 9.
1380 4481 1610 4544 OEcon.
1645 4481 1849 4545 VIII.
1876 4501 1976 4561 14.
2008 4479 2215 4558 Plato,

518 4579 617 4645 vel
644 4581 932 4669 quisquis
958 4582 1096 4668 ejus
1123 4581 1358 4669 dialogi
1385 4593 1608 4647 auctor
1635 4582 1738 4661 sit,
1769 4581 1983 4647 Alcib.
2026 4603 2121 4668 pr.
2153 4604 2213 4668 p.

525 4698 663 4769 125.
697 4685 773 4748 C.
863 4685 1000 4749 Nec
1046 4683 1255 4749 minus
1282 4686 1640 4771 frequentes
1683 4684 2028 4749 locutiones
2068 4708 2108 4749 a
2150 4707 2218 4748 re

518 4785 767 4850 nautica
808 4785 1162 4875 desumptae
1204 4809 1322 4873 per
1362 4786 1592 4874 scripta
1637 4786 1919 4852 Platonis
1959 4810 2020 4851 v.
2053 4812 2105 4852 c.
2152 4787 2215 4851 in

521 4887 851 4975 Symposio
907 4911 974 4976 p.
1040 4908 1181 4973 197.
1238 4912 1304 4976 p.
1343 4891 1495 4970 418.
1548 4889 1748 4953 Bekk.
1803 4889 1883 4954 de
1930 4889 2214 4955 Amore:

518 4988 895 5071 κυβερνήτης,
969 4991 1274 5071 ἐπιβάτης,
1349 4991 1748 5074 παραστάτης,
1823 4992 2019 5074 σωτήρ
2044 4993 2214 5067 ;—in

516 5088 795 5153 Lachete
821 5112 889 5177 p.
923 5111 1066 5176 194.
1097 5114 1163 5180 p.
1189 5108 1333 5177 237.
1367 5090 1569 5157 Bekk.
1602 5091 1852 5174 ἀνδράσι
1883 5092 2062 5173 φίλος
2088 5117 2215 5175 χει-

514 5189 864 5270 μαζομένοις
911 5194 979 5257 ἐν
1019 5194 1185 5279 λόγῳ
1231 5193 1580 5275 βοήθησονς
1630 5195 1695 5258 in
1749 5193 2107 5259 Parmenid.
2153 5218 2215 5282 p.

522 5309 663 5377 137.
694 5314 760 5378 p.
785 5311 887 5373 24.
917 5292 1124 5357 Bekk.
1157 5292 1237 5358 de
1269 5294 1473 5381 Legg.
1495 5296 1620 5359 XI.
1651 5316 1713 5382 p.
1736 5315 1881 5379 919.
1908 5297 2000 5358 A.
2075 5295 2220 5360 Alia

515 5414 655 5457 cum
687 5416 766 5457 ex
800 5392 1091 5473 Platone,
1124 5410 1261 5459 tum
1292 5420 1368 5460 ex
1407 5396 1542 5460 aliis
1585 5397 1992 5491 scriptoribus
2032 5397 2215 5462 colle-

515 5494 610 5582 git
639 5496 989 5561 Ruhnken.
1018 5496 1098 5561 ad
1133 5499 1304 5563 Tim.
1338 5499 1502 5565 Lex.
1533 5522 1599 5587 p.
1632 5519 1737 5586 79.
1836 5498 2028 5564 Adde
2068 5501 2219 5567 Phi-

2301 687 2427 754 lon.
2457 689 2499 754 J
2507 687 2615 752 ud.
2656 688 2759 752 De
2806 686 3149 751 Cherubim
3183 683 3324 748 Vol.
3348 685 3448 747 11.
3479 706 3542 770 p.
3578 699 3681 748 22.
3712 682 3900 749 Pfeif.
3950 697 4013 747 et

2306 790 2606 856 Proclum
2637 789 2702 852 in
2739 788 2942 853 Alcib.
2975 811 3073 875 pr.
3108 812 3170 875 p.
3208 808 3348 868 140.
3384 811 3475 873 sq.

2389 918 2455 982 p.
2489 895 2639 977 716,
2670 915 2737 975 4.
2781 895 2918 975 περὶ
2949 896 3014 956 δὲ
3061 894 3357 972 δαιμόνων
3400 891 3497 954 καὶ
3537 895 3756 973 ψυχῶν
3788 891 3854 953 ἐν
3882 888 4013 970 ἀέρι

2303 1000 2474 1079 φωνῇ
2508 1001 2788 1081 χρῆσθαι,
2822 995 2929 1059 οὗκ
2958 995 3214 1082 ἄτοπον]
3266 995 3361 1058 Sc.
3397 994 3677 1073 νομίζειν,
3707 1014 3785 1055 ex
3819 989 4015 1055 Ploti-

2302 1098 2488 1164 niana
2515 1098 2842 1164 brevitate.
2932 1096 3189 1164 Laudat
3219 1096 3572 1160 memoriter
3605 1111 3884 1160 nostrum
3919 1093 4008 1162 lo-

2302 1223 2446 1265 cum
2478 1202 2777 1265 Hermias
2805 1201 2868 1264 in
2892 1199 3173 1265 Platonis
3198 1198 3540 1263 Phaedrum
3574 1221 3635 1285 p.
3664 1217 3766 1281 94.
3805 1195 4000 1260 Astii:

2301 1305 2443 1369 ὅθεν
2483 1305 2591 1368 οὖν
2617 1310 2931 1371 Πλωτΐνος
2961 1306 3028 1367 ἐν
3067 1307 3148 1388 τῷ
3191 1303 3400 1388 πρώτῳ
3449 1305 3529 1386 τῷ
3576 1302 3711 1382 περὶ
3748 1302 4007 1382 ἀποριῶν

2299 1411 2502 1490 ψυχῆς
2530 1408 2705 1471 οὐδὲν
2736 1407 2961 1471 ἄτοπόν
3001 1415 3173 1488 φησι,
3205 1405 3413 1487 φωνὴν
3444 1403 3687 1487 ἀφιέναι
3714 1403 3849 1469 τοὺς
3877 1404 4002 1466 δαί-

2300 1534 2486 1587 μονας
2529 1511 2598 1572 ἐν
2643 1508 2771 1590 ἀέρι
2809 1506 3242 1586 διαιτωμένους·
3290 1508 3328 1587 ἡ
3372 1507 3611 1585 τοιαύτη
3649 1507 3765 1587 γὰρ
3802 1504 4005 1587 πληγὴ

2307 1616 2409 1675 τοῦ
2440 1611 2613 1694 ἀέρος
2643 1614 2773 1675 ἐστὶ
2802 1609 2993 1693 φωνή.
3085 1611 3252 1674 Tum
3301 1609 3593 1697 pluribus
3624 1608 3758 1672 haec
3796 1629 4007 1694 prose·

2304 1713 2544 1800 quitur.
2636 1716 2788 1801 Ipse
2831 1712 2935 1777 ille
2984 1713 3379 1800 Pythagoras
3408 1711 3766 1776 daemonum
3797 1733 4014 1775 vocem

2304 1817 2631 1904 agnovisse
2676 1815 2948 1881 traditur
2986 1839 3089 1903 ap.
3125 1815 3437 1902 Porphyr.
3486 1813 3565 1877 de
3599 1812 3725 1878 Vit.
3770 1812 4010 1900 Pytha-

2301 1944 2435 2007 gor.
2468 1923 2531 2004 ᾗ.
2563 1940 2668 2001 41.
2702 1943 2764 2006 p.
2796 1938 2905 2000 42.
2941 1919 3129 1983 Kust.
3210 1919 3437 1981 Postea
3471 1915 3741 1981 Socratis
3771 1913 4015 1980 Genius

2304 2021 2665 2109 hujusmodi
2698 2021 3229 2109 disputationibus
3259 2020 3464 2085 locum
3497 2019 3663 2084 fecit.
3756 2018 4011 2083 Plutar-

2302 2124 2461 2190 chus
2489 2124 2570 2189 de
2604 2123 2811 2190 Genio
2856 2123 3127 2189 Socratis
3169 2147 3234 2210 p.
3266 2124 3417 2208 589.
3450 2124 3524 2187 C.
3547 2123 3632 2186 D.
3664 2121 3871 2186 locum
3906 2144 4009 2185 ve·

2304 2243 2561 2294 nustum
2608 2228 2924 2315 integrum
2967 2226 3264 2313 adscripsi
3311 2227 3373 2290 in
3415 2241 3628 2290 annot.
3674 2226 3737 2290 in
3786 2224 4011 2313 Olym-

2303 2331 2473 2419 piod.
2509 2329 2572 2396 in
2604 2331 2815 2396 Alcib.
2845 2354 2942 2418 pr.
2965 2353 3032 2418 p.
3057 2351 3159 2394 21.
3253 2330 3381 2394 Hic
3412 2351 3561 2393 vero
3592 2328 3715 2393 ita:
3764 2330 4003 2411 Τρίτον,
4072 2400 4091 2416 ἐ

2305 2435 2397 2499 ὅτι
2459 2433 2830 2516 (Σωκράτης)
2887 2434 2964 2502 ὣς
3008 2437 3211 2515 φωνῆς
3260 2432 3441 2495 αὐτοῦ
3489 2434 3626 2512 (τοῦ
3672 2432 4005 2513 δαιμονίου)

2308 2538 2498 2602 ἐδόκει
2541 2538 2798 2601 ἀκούειν·
2848 2537 2963 2620 οὐχ
3013 2537 3104 2599 ὅτι
3154 2537 3378 2601 ἐκεῖνος
3422 2533 3651 2606 ἐλάλει,
3700 2534 3843 2596 ἀλλ’
3882 2532 4013 2596 οἷον

2309 2640 2616 2721 έλλαμψίς
2657 2665 2744 2707 τις
2788 2640 2968 2704 αὐτοῦ
3008 2639 3241 2721 ἐγίνετο
3272 2638 3409 2718 περὶ
3448 2638 3521 2700 τὰ
3561 2636 3882 2698 ἀκουστικά
3910 2635 4010 2715 ὄρ·

2307 2767 2483 2823 γανα,
2532 2741 2629 2805 καὶ
2668 2742 2877 2825 φωνῆν
2918 2741 3183 2819 ἐνόμιζεν
3228 2738 3381 2803 εἶναι
3421 2766 3475 2802 κ.
3500 2763 3551 2801 τ.
3575 2745 3632 2800 λ.
3724 2735 4014 2800 Eandem

2311 2842 2721 2929 quaestionem
2767 2842 2977 2930 attigit
3037 2840 3235 2906 Mich.
3301 2839 3548 2905 Psellus
3597 2838 3678 2904 de
3724 2840 4011 2926 Operatt.

2312 2947 2694 3010 Daemonurn
2727 2969 2792 3033 p.
2828 2965 2936 3031 73.
2968 2943 3069 3009 ed.
3110 2943 3324 3010 Kilon.

2395 3085 2483 3098 —
2519 3068 2616 3111 10.
2660 3047 3020 3129 Ἀμέριστον
3036 3049 3149 3128 μὲν
3169 3047 3276 3110 οὖν
3298 3048 3502 3113 ἅπλῶς
3525 3047 3746 3127 εἴρηται
3774 3045 4019 3131 αὐτῷ-

2308 3150 2672 3233 γιγνομένην
2706 3150 3022 3237 μεριστὴν]
3074 3148 3262 3213 Plato
3296 3147 3360 3210 in
3410 3146 3661 3212 Timaeo
3704 3169 3765 3232 p.
3797 3162 3905 3231 35.
3949 3168 4015 3236 p.

2306 3270 2413 3339 32.
2449 3251 2655 3317 Bekk.
2684 3276 2698 3315 ε
2748 3256 2850 3331 τῆς
2872 3253 3194 3334 ἀμερίστου
3224 3251 3319 3315 καὶ
3339 3249 3433 3314 ἀεὶ
3456 3251 3605 3313 κατὰ
3623 3249 3808 3313 ταύτὰ
3838 3250 4012 3334 ἐχού-

2306 3380 2414 3433 σης
2441 3356 2649 3421 οὐσίας
2679 3355 2776 3418 καὶ
2817 3358 2919 3433 τῆς
2959 3356 3034 3420 αὖ
3073 3355 3208 3437 περὶ
3252 3356 3327 3419 τὰ
3370 3354 3617 3432 σώματα
3661 3352 4018 3434 γιγνομένης

2302 3462 2579 3538 μεριστῆς
2621 3458 2823 3539 τρίτον
2870 3459 2932 3536 ἐξ
2985 3459 3214 3539 ἀμφοῖν
3260 3458 3326 3518 ἐν
3368 3454 3536 3539 μέσῳ
3584 3453 4016 3535 ξυνεκεράσατο

2303 3560 2512 3626 οὐσίας
2542 3559 2716 3633 εἶδος,
2749 3564 2850 3638 τῆς
2881 3585 2947 3622 τε
2989 3559 3205 3623 ταύτοῦ
3244 3559 3485 3639 φύσεως
3514 3558 3588 3620 αὖ
3617 3555 3754 3637 πέρι
3785 3556 3880 3619 καὶ
3911 3559 4015 3635 τῆς

2306 3661 2576 3743 θατέρου,
2620 3662 2718 3725 καὶ
2759 3664 2908 3726 κατὰ
2945 3665 3129 3724 ταῦτα
3177 3657 3545 3738 ξυνέστησεν
3584 3661 3652 3721 ἐν
3693 3657 3860 3742 μέσῳ
3905 3662 4011 3723 τοῦ

2304 3789 2372 3828 τε
2401 3765 2650 3845 ἀμεροῦς
2677 3764 2870 3827 αὐτῶν
2902 3763 2997 3827 καὶ
3026 3766 3133 3826 τοῦ
3160 3765 3310 3825 κατὰ
3339 3765 3414 3825 τὰ
3443 3762 3691 3840 σώματα
3712 3764 4012 3842 μεριστοῦ.

2307 3868 2604 3929 Ceterum
2655 3866 2788 3929 baec
2847 3879 2910 3929 et
2960 3863 3283 3951 sequentia
3333 3862 3692 3931 Plotiniana
3736 3862 3799 3925 in
3846 3883 4015 3926 com-

2304 3967 2606 4054 pendium
2654 3967 2895 4054 redegit
2947 3965 3344 4053 Porphyrius
3393 3964 3455 4028 in
3505 3963 3840 4029 Sententiis
3882 3962 4011 4029 sive

2305 4072 2386 4136 de
2472 4071 2820 4149 Gradibus,
2894 4094 3030 4158 cap.
3094 4070 3453 4134 XXVIII.
3528 4092 3667 4155 sqq.
3743 4083 3808 4134 et
3877 4090 4013 4156 cap.

2309 4175 2679 4240 XXXIX.
2709 4197 2772 4261 p.
2803 4193 2947 4257 229.
2979 4196 3119 4260 sqq.
3156 4178 3299 4252 246.
3343 4196 3480 4259 sqq.
3511 4171 3609 4236 ed.
3645 4168 4014 4258 Cantabrig.

2307 4278 2546 4365 Attigit
2573 4278 2694 4342 hoc
2723 4276 3005 4341 Platonis
3033 4275 3115 4340 de
3137 4276 3340 4341 tribus
3363 4272 3684 4362 principiis
3713 4271 4011 4359 placitum

2308 4395 2373 4446 et
2413 4380 2495 4445 de
2530 4379 2741 4445 anima
2782 4378 2967 4444 etiam
3009 4377 3392 4442 Plutarchus
3427 4376 3507 4441 de
3555 4374 3727 4440 Iside
3769 4388 3832 4438 et
3872 4372 4015 4438 Osi·

2307 4483 2440 4548 ride
2483 4505 2547 4570 p.
2580 4498 2735 4568 370.
2768 4484 2850 4546 E.
2883 4481 2966 4545 ad
3013 4503 3200 4567 quem
3247 4479 3454 4544 locum
3484 4475 4017 4565 Wyttenbachius

2303 4584 2367 4648 in
2412 4582 3085 4651 Animadversionibus
3122 4594 3185 4647 et
3222 4580 3329 4646 illa
3370 4578 3650 4644 Platonis
3679 4579 3870 4642 verba
3897 4577 4008 4641 ad·

2303 4685 2512 4752 hibuit
2555 4700 2619 4750 et
2661 4684 2783 4750 alia
2823 4684 3103 4750 laudavit
3138 4707 3202 4773 p.
3233 4703 3380 4766 240.
3412 4682 3511 4747 ed.
3553 4685 3763 4748 Oxon.
3793 4679 4014 4745 fortnae

2307 4787 2440 4851 81⁸³.

2390 4913 2455 4977 p.
2490 4906 2523 4973 7
2542 4908 2639 4973 17,
2671 4890 2728 4954 8.
2778 4890 3060 4969 ἐμπόδιον
3096 4890 3213 4970 γὰρ
3252 4891 3425 4951 τοῦτο
3471 4886 3571 4968 (τὸ
3603 4890 3805 4970 σῶμα)
3841 4887 4010 4951 εἴτις

2306 4995 2463 5079 αὐτῷ
2506 4996 2574 5057 ἐν
2614 4999 2742 5060 ταῖς
2785 4991 3049 5074 σκέψεσι
3092 4989 3478 5077 προσ-χρῷτο]
3557 4988 3661 5052 De
3707 4986 3822 5051 hac
3866 5007 4005 5049 sen-

2305 5096 2500 5160 tentia
2526 5096 2608 5160 cf.
2639 5117 2786 5182 quae
2827 5116 3018 5180 supra
3047 5116 3110 5180 p.
3145 5112 3289 5178 215.
3324 5093 3400 5156 F.
3433 5090 3595 5155 dixit
3628 5088 3916 5154 Plotinus
3944 5099 4009 5150 et

2305 5220 2418 5262 nos
2447 5197 2530 5262 ibi
2565 5196 3023 5261 annotavimus.

2390 5335 2477 5350 —-
2507 5302 2605 5363 16.
2637 5302 2714 5363 Εἰ
2735 5302 2799 5365 δὲ
2823 5299 2918 5363 καὶ
2938 5300 3005 5362 ἐν
3027 5298 3187 5383 τόπῳ
3210 5295 3393 5359 ταῦτά
3413 5321 3478 5360 τε
3510 5295 3606 5359 καὶ
3634 5297 3708 5357 τὰ
3731 5293 3894 5356 ἄλλα
3911 5294 4013 5371 τῆς

2302 5406 2504 5486 ψυχῆς
2531 5403 2838 5484 λεγόμενα
2858 5400 3006 5481 μέρη
3042 5428 3092 5463 κ.
3115 5425 3168 5462 τ.
3186 5382 3291 5486 A]
3329 5397 3567 5484 Attigit
3590 5395 3807 5475 baecpt
3830 5417 4006 5481 seqq.

2308 5503 2698 5569 lamblichus
2732 5527 2836 5591 ap.
2872 5503 3052 5568 Stob.
3088 5500 3359 5587 Eclogg.
3404 5499 3632 5587 Physs.
3667 5499 3723 5562 1.
3755 5517 3864 5584 52.
3895 5502 4007 5583 36.
