<?xml version="1.0" encoding="UTF-8"?>
<!DOCTYPE html PUBLIC "-//W3C//DTD XHTML 1.0 Transitional//EN"
    "http://www.w3.org/TR/xhtml1/DTD/xhtml1-transitional.dtd">
<html xmlns="http://www.w3.org/1999/xhtml" xml:lang="en" lang="en">
 <head>
  <title>
</title>
<meta http-equiv="Content-Type" content="text/html;charset=utf-8" />
  <meta name='ocr-system' content='tesseract 3.04.00' />
  <meta name='ocr-capabilities' content='ocr_page ocr_carea ocr_par ocr_line ocrx_word'/>
</head>
<body>
  <div class='ocr_page' id='page_1' title='image "./plotinioperaomn00chumgoog_0401.png"; bbox 0 0 5118 6613; ppageno 0'>
   <div class='ocr_carea' id='block_1_1' title="bbox 36 2306 41 2977">
    <p class='ocr_par' dir='ltr' id='par_1_1' title="bbox 36 2306 41 2977">
     <span class='ocr_line' id='line_1_1' title="bbox 36 2306 41 2977; baseline 0 0"><span class='ocrx_word' id='word_1_1' title='bbox 36 2306 41 2977; x_wconf 95' lang='lat' dir='ltr'><strong> </strong></span> 
     </span>
    </p>
   </div>
   <div class='ocr_carea' id='block_1_2' title="bbox 35 2306 40 3159">
    <p class='ocr_par' dir='ltr' id='par_1_2' title="bbox 35 2306 40 3159">
     <span class='ocr_line' id='line_1_2' title="bbox 35 2306 40 3159; baseline 0 0"><span class='ocrx_word' id='word_1_2' title='bbox 35 2306 40 3159; x_wconf 95' lang='lat' dir='ltr'><strong> </strong></span> 
     </span>
    </p>
   </div>
   <div class='ocr_carea' id='block_1_3' title="bbox 1420 559 3346 651">
    <p class='ocr_par' dir='ltr' id='par_1_3' title="bbox 1420 559 3346 651">
     <span class='ocr_line' id='line_1_3' title="bbox 1420 559 3346 651; baseline 0.002 -28"><span class='ocrx_word' id='word_1_3' title='bbox 1420 559 1813 625; x_wconf 87' lang='lat' dir='ltr'><strong>LIB.V11.</strong></span> <span class='ocrx_word' id='word_1_4' title='bbox 1860 561 2317 630; x_wconf 86' lang='lat' dir='ltr'><strong>ENNEAD.</strong></span> <span class='ocrx_word' id='word_1_5' title='bbox 2367 564 2755 629; x_wconf 78' lang='lat' dir='ltr'><strong>sEx&#39;rAE.</strong></span> <span class='ocrx_word' id='word_1_6' title='bbox 2801 567 3346 651; x_wconf 77' lang='lat' dir='ltr'><strong>p.1297.-1·306.</strong></span> 
     </span>
    </p>
   </div>
   <div class='ocr_carea' id='block_1_4' title="bbox 611 730 2327 4531">
    <p class='ocr_par' dir='ltr' id='par_1_4' title="bbox 617 730 2327 1935">
     <span class='ocr_line' id='line_1_4' title="bbox 621 730 2327 823; baseline 0 -24"><span class='ocrx_word' id='word_1_7' title='bbox 621 758 750 823; x_wconf 90' lang='lat' dir='ltr'><strong>que</strong></span> <span class='ocrx_word' id='word_1_8' title='bbox 778 757 856 798; x_wconf 83' lang='lat' dir='ltr'><strong>ex</strong></span> <span class='ocrx_word' id='word_1_9' title='bbox 890 730 1215 798; x_wconf 82' lang='lat' dir='ltr'><strong>Aristotel.</strong></span> <span class='ocrx_word' id='word_1_10' title='bbox 1246 732 1406 797; x_wconf 86' lang='lat' dir='ltr'><strong>Eth.</strong></span> <span class='ocrx_word' id='word_1_11' title='bbox 1440 732 1684 796; x_wconf 90' lang='lat' dir='ltr'><strong>Nicom.</strong></span> <span class='ocrx_word' id='word_1_12' title='bbox 1720 733 1814 798; x_wconf 91' lang='lat' dir='ltr'><strong>X.</strong></span> <span class='ocrx_word' id='word_1_13' title='bbox 1851 751 1912 797; x_wconf 88' lang='lat'><strong>2.</strong></span> <span class='ocrx_word' id='word_1_14' title='bbox 1942 732 2024 798; x_wconf 91' lang='lat' dir='ltr'><strong>ad</strong></span> <span class='ocrx_word' id='word_1_15' title='bbox 2069 732 2187 798; x_wconf 90' lang='lat' dir='ltr'><strong>hoc</strong></span> <span class='ocrx_word' id='word_1_16' title='bbox 2229 757 2327 799; x_wconf 90' lang='lat' dir='ltr'><strong>ar·</strong></span> 
     </span>
     <span class='ocr_line' id='line_1_5' title="bbox 624 832 2326 926; baseline -0.001 -24"><span class='ocrx_word' id='word_1_17' title='bbox 624 851 995 926; x_wconf 89' lang='lat' dir='ltr'><strong>gumentum</strong></span> <span class='ocrx_word' id='word_1_18' title='bbox 1022 834 1443 921; x_wconf 67' lang='lat' dir='ltr'><strong>apposuimus</strong></span> <span class='ocrx_word' id='word_1_19' title='bbox 1494 836 1594 900; x_wconf 86' lang='lat' dir='ltr'><strong>Cf.</strong></span> <span class='ocrx_word' id='word_1_20' title='bbox 1621 832 2008 900; x_wconf 88' lang='lat' dir='ltr'><strong>Stallbaumii</strong></span> <span class='ocrx_word' id='word_1_21' title='bbox 2035 836 2326 925; x_wconf 87' lang='lat' dir='ltr'><strong>Prolegg.</strong></span> 
     </span>
     <span class='ocr_line' id='line_1_6' title="bbox 623 938 2324 1006; baseline -0.001 0"><span class='ocrx_word' id='word_1_22' title='bbox 623 940 702 1006; x_wconf 86' lang='lat' dir='ltr'><strong>ad</strong></span> <span class='ocrx_word' id='word_1_23' title='bbox 737 938 982 1005; x_wconf 88' lang='lat' dir='ltr'><strong>Phileb.</strong></span> <span class='ocrx_word' id='word_1_24' title='bbox 1018 938 1315 1002; x_wconf 90' lang='lat' dir='ltr'><strong>XXIII.</strong></span> <span class='ocrx_word' id='word_1_25' title='bbox 1352 939 1656 1003; x_wconf 88' lang='lat' dir='ltr'><strong>LXVII.</strong></span> <span class='ocrx_word' id='word_1_26' title='bbox 1694 940 1848 1004; x_wconf 88' lang='lat' dir='ltr'><strong>XC.</strong></span> <span class='ocrx_word' id='word_1_27' title='bbox 1939 939 2132 1004; x_wconf 87' lang='lat' dir='ltr'>Adde</span> <span class='ocrx_word' id='word_1_28' title='bbox 2177 939 2324 1005; x_wconf 87' lang='lat' dir='ltr'><strong>Pla-</strong></span> 
     </span>
     <span class='ocr_line' id='line_1_7' title="bbox 625 1040 2322 1132; baseline 0.001 -25"><span class='ocrx_word' id='word_1_29' title='bbox 625 1042 808 1121; x_wconf 77' lang='lat' dir='ltr'><strong>toni8‚</strong></span> <span class='ocrx_word' id='word_1_30' title='bbox 827 1065 972 1130; x_wconf 85' lang='lat' dir='ltr'><strong>quae</strong></span> <span class='ocrx_word' id='word_1_31' title='bbox 996 1040 1308 1118; x_wconf 89' lang='lat' dir='ltr'><strong>feruntur,</strong></span> <span class='ocrx_word' id='word_1_32' title='bbox 1334 1041 1745 1107; x_wconf 85' lang='lat' dir='ltr'><strong>Definitiones</strong></span> <span class='ocrx_word' id='word_1_33' title='bbox 1767 1066 1827 1131; x_wconf 89' lang='lat' dir='ltr'><strong>p.</strong></span> <span class='ocrx_word' id='word_1_34' title='bbox 1849 1063 1997 1129; x_wconf 86' lang='lat'><strong>413.</strong></span> <span class='ocrx_word' id='word_1_35' title='bbox 2017 1066 2070 1108; x_wconf 92' lang='lat' dir='ltr'><strong>a.</strong></span> <span class='ocrx_word' id='word_1_36' title='bbox 2095 1067 2158 1132; x_wconf 91' lang='lat' dir='ltr'><strong>p.</strong></span> <span class='ocrx_word' id='word_1_37' title='bbox 2175 1044 2322 1130; x_wconf 85' lang='lat'><strong>568.</strong></span> 
     </span>
     <span class='ocr_line' id='line_1_8' title="bbox 628 1143 2327 1232; baseline 0 -20"><span class='ocrx_word' id='word_1_38' title='bbox 628 1145 855 1212; x_wconf 83' lang='lat' dir='ltr'><strong>Bekk.:</strong></span> <span class='ocrx_word' id='word_1_39' title='bbox 887 1144 1155 1227; x_wconf 78' lang='grc' dir='ltr'>Ἀγαθὸν</span> <span class='ocrx_word' id='word_1_40' title='bbox 1182 1143 1251 1207; x_wconf 82' lang='grc' dir='ltr'><strong>τὸ</strong></span> <span class='ocrx_word' id='word_1_41' title='bbox 1280 1147 1461 1208; x_wconf 81' lang='grc' dir='ltr'>αὑτοῦ</span> <span class='ocrx_word' id='word_1_42' title='bbox 1488 1146 1693 1211; x_wconf 82' lang='grc' dir='ltr'>ἕνεκεν</span> <span class='ocrx_word' id='word_1_43' title='bbox 1718 1149 1832 1228; x_wconf 88' lang='lat' dir='ltr'><strong>(sc.</strong></span> <span class='ocrx_word' id='word_1_44' title='bbox 1853 1145 2126 1232; x_wconf 75' lang='grc' dir='ltr'>ἑφετόν).</span> <span class='ocrx_word' id='word_1_45' title='bbox 2161 1149 2327 1212; x_wconf 88' lang='lat' dir='ltr'><strong>Con-</strong></span> 
     </span>
     <span class='ocr_line' id='line_1_9' title="bbox 626 1246 2322 1335; baseline -0.001 -19"><span class='ocrx_word' id='word_1_46' title='bbox 626 1248 814 1316; x_wconf 81' lang='lat' dir='ltr'>traria</span> <span class='ocrx_word' id='word_1_47' title='bbox 842 1270 1094 1335; x_wconf 89' lang='lat' dir='ltr'><strong>prorsus</strong></span> <span class='ocrx_word' id='word_1_48' title='bbox 1121 1246 1185 1310; x_wconf 91' lang='lat' dir='ltr'><strong>in</strong></span> <span class='ocrx_word' id='word_1_49' title='bbox 1218 1246 1533 1313; x_wconf 85' lang='lat' dir='ltr'>Ciceronis</span> <span class='ocrx_word' id='word_1_50' title='bbox 1563 1249 1643 1313; x_wconf 89' lang='lat' dir='ltr'><strong>de</strong></span> <span class='ocrx_word' id='word_1_51' title='bbox 1675 1250 1941 1315; x_wconf 83' lang='lat' dir='ltr'>Finibus</span> <span class='ocrx_word' id='word_1_52' title='bbox 1984 1249 2144 1314; x_wconf 90' lang='lat' dir='ltr'><strong>libro</strong></span> <span class='ocrx_word' id='word_1_53' title='bbox 2180 1251 2322 1314; x_wconf 94' lang='lat' dir='ltr'><strong>III.</strong></span> 
     </span>
     <span class='ocr_line' id='line_1_10' title="bbox 627 1350 2320 1440; baseline -0.001 -22"><span class='ocrx_word' id='word_1_54' title='bbox 627 1357 688 1419; x_wconf 89' lang='lat'><strong>8.</strong></span> <span class='ocrx_word' id='word_1_55' title='bbox 726 1370 831 1437; x_wconf 88' lang='lat'><strong>27.</strong></span> <span class='ocrx_word' id='word_1_56' title='bbox 872 1351 1005 1416; x_wconf 85' lang='lat' dir='ltr'><strong>haec</strong></span> <span class='ocrx_word' id='word_1_57' title='bbox 1049 1364 1238 1415; x_wconf 81' lang='lat' dir='ltr'><strong>sunt:</strong></span> <span class='ocrx_word' id='word_1_58' title='bbox 1288 1359 1330 1390; x_wconf 77' lang='lat'><strong>‘⁶</strong></span> <span class='ocrx_word' id='word_1_59' title='bbox 1365 1350 1538 1416; x_wconf 89' lang='lat' dir='ltr'><strong>Illud</strong></span> <span class='ocrx_word' id='word_1_60' title='bbox 1582 1367 1793 1418; x_wconf 89' lang='lat' dir='ltr'><strong>autem</strong></span> <span class='ocrx_word' id='word_1_61' title='bbox 1838 1352 2320 1440; x_wconf 86' lang='lat' dir='ltr'><strong>perabsurdum,</strong></span> 
     </span>
     <span class='ocr_line' id='line_1_11' title="bbox 617 1451 2321 1542; baseline -0.002 -19"><span class='ocrx_word' id='word_1_62' title='bbox 617 1458 857 1523; x_wconf 84' lang='lat' dir='ltr'><strong>bouum</strong></span> <span class='ocrx_word' id='word_1_63' title='bbox 886 1477 1019 1519; x_wconf 89' lang='lat' dir='ltr'><strong>esse</strong></span> <span class='ocrx_word' id='word_1_64' title='bbox 1060 1451 1322 1540; x_wconf 82' lang='lat' dir='ltr'><strong>aliquid,</strong></span> <span class='ocrx_word' id='word_1_65' title='bbox 1352 1454 1524 1541; x_wconf 91' lang='lat' dir='ltr'><strong>quod</strong></span> <span class='ocrx_word' id='word_1_66' title='bbox 1563 1478 1687 1520; x_wconf 94' lang='lat' dir='ltr'><strong>non</strong></span> <span class='ocrx_word' id='word_1_67' title='bbox 1717 1455 2138 1542; x_wconf 86' lang='lat' dir='ltr'><strong>expetendum</strong></span> <span class='ocrx_word' id='word_1_68' title='bbox 2184 1455 2321 1520; x_wconf 84' lang='lat' dir='ltr'><strong>sit.&#39;&#39;</strong></span> 
     </span>
     <span class='ocr_line' id='line_1_12' title="bbox 627 1555 2320 1644; baseline -0.001 -19"><span class='ocrx_word' id='word_1_69' title='bbox 627 1564 737 1625; x_wconf 79' lang='grc' dir='ltr'><strong>8ιο.</strong></span> <span class='ocrx_word' id='word_1_70' title='bbox 857 1556 962 1622; x_wconf 90' lang='lat' dir='ltr'><strong>Cf.</strong></span> <span class='ocrx_word' id='word_1_71' title='bbox 1003 1555 1155 1621; x_wconf 90' lang='lat' dir='ltr'><strong>ibid.</strong></span> <span class='ocrx_word' id='word_1_72' title='bbox 1211 1557 1329 1621; x_wconf 92' lang='lat' dir='ltr'><strong>IV.</strong></span> <span class='ocrx_word' id='word_1_73' title='bbox 1378 1560 1439 1622; x_wconf 93' lang='lat'><strong>6.</strong></span> <span class='ocrx_word' id='word_1_74' title='bbox 1479 1576 1577 1644; x_wconf 82' lang='lat'><strong>15,</strong></span> <span class='ocrx_word' id='word_1_75' title='bbox 1627 1558 1735 1623; x_wconf 90' lang='lat' dir='ltr'><strong>ubi</strong></span> <span class='ocrx_word' id='word_1_76' title='bbox 1779 1560 1856 1623; x_wconf 77' lang='lat' dir='ltr'><strong>de</strong></span> <span class='ocrx_word' id='word_1_77' title='bbox 1898 1561 2135 1624; x_wconf 74' lang='lat' dir='ltr'><strong>virtute</strong></span> <span class='ocrx_word' id='word_1_78' title='bbox 2177 1582 2320 1624; x_wconf 90' lang='lat' dir='ltr'><strong>cum</strong></span> 
     </span>
     <span class='ocr_line' id='line_1_13' title="bbox 625 1660 2324 1749; baseline -0.002 -20"><span class='ocrx_word' id='word_1_79' title='bbox 625 1661 851 1729; x_wconf 87' lang='lat' dir='ltr'><strong>summi</strong></span> <span class='ocrx_word' id='word_1_80' title='bbox 894 1660 1060 1726; x_wconf 89' lang='lat' dir='ltr'><strong>Boni</strong></span> <span class='ocrx_word' id='word_1_81' title='bbox 1102 1660 1351 1728; x_wconf 86' lang='lat' dir='ltr'><strong>notione</strong></span> <span class='ocrx_word' id='word_1_82' title='bbox 1393 1662 1748 1749; x_wconf 88' lang='lat' dir='ltr'><strong>conjuncta.</strong></span> <span class='ocrx_word' id='word_1_83' title='bbox 1840 1663 2062 1748; x_wconf 89' lang='lat' dir='ltr'><strong>Atque</strong></span> <span class='ocrx_word' id='word_1_84' title='bbox 2105 1686 2184 1726; x_wconf 90' lang='lat' dir='ltr'><strong>ex</strong></span> <span class='ocrx_word' id='word_1_85' title='bbox 2227 1662 2324 1726; x_wconf 87' lang='lat' dir='ltr'><strong>his</strong></span> 
     </span>
     <span class='ocr_line' id='line_1_14' title="bbox 622 1762 2322 1853; baseline -0.001 -21"><span class='ocrx_word' id='word_1_86' title='bbox 622 1765 923 1853; x_wconf 77' lang='lat' dir='ltr'><strong>conjicere</strong></span> <span class='ocrx_word' id='word_1_87' title='bbox 952 1762 1118 1842; x_wconf 90' lang='lat' dir='ltr'><strong>licet,</strong></span> <span class='ocrx_word' id='word_1_88' title='bbox 1146 1786 1307 1851; x_wconf 90' lang='lat' dir='ltr'><strong>quos</strong></span> <span class='ocrx_word' id='word_1_89' title='bbox 1335 1763 1739 1853; x_wconf 88' lang='lat' dir='ltr'><strong>philosophos</strong></span> <span class='ocrx_word' id='word_1_90' title='bbox 1779 1764 1899 1830; x_wconf 90' lang='lat' dir='ltr'><strong>hoc</strong></span> <span class='ocrx_word' id='word_1_91' title='bbox 1942 1781 2133 1852; x_wconf 88' lang='lat' dir='ltr'><strong>caput</strong></span> <span class='ocrx_word' id='word_1_92' title='bbox 2175 1765 2322 1830; x_wconf 81' lang='lat' dir='ltr'><strong>scri·</strong></span> 
     </span>
     <span class='ocr_line' id='line_1_15' title="bbox 624 1866 1436 1935; baseline -0.006 0"><span class='ocrx_word' id='word_1_93' title='bbox 624 1870 775 1935; x_wconf 91' lang='lat' dir='ltr'><strong>bens</strong></span> <span class='ocrx_word' id='word_1_94' title='bbox 803 1868 1076 1933; x_wconf 86' lang='lat' dir='ltr'><strong>refutare</strong></span> <span class='ocrx_word' id='word_1_95' title='bbox 1103 1866 1436 1931; x_wconf 78' lang='lat' dir='ltr'><strong>studuerit.</strong></span> 
     </span>
    </p>

    <p class='ocr_par' dir='ltr' id='par_1_5' title="bbox 611 1970 2322 4531">
     <span class='ocr_line' id='line_1_16' title="bbox 709 1970 2319 2061; baseline 0.001 -25"><span class='ocrx_word' id='word_1_96' title='bbox 709 1995 773 2058; x_wconf 90' lang='lat' dir='ltr'><strong>p.</strong></span> <span class='ocrx_word' id='word_1_97' title='bbox 807 1991 993 2057; x_wconf 83' lang='lat'><strong>1304,</strong></span> <span class='ocrx_word' id='word_1_98' title='bbox 1024 1971 1088 2033; x_wconf 90' lang='grc'><strong>8.</strong></span> <span class='ocrx_word' id='word_1_99' title='bbox 1136 1970 1244 2034; x_wconf 82' lang='grc' dir='ltr'><strong>κᾶν</strong></span> <span class='ocrx_word' id='word_1_100' title='bbox 1288 1972 1444 2035; x_wconf 80' lang='grc' dir='ltr'>ἄλλο</span> <span class='ocrx_word' id='word_1_101' title='bbox 1490 1975 1698 2054; x_wconf 88' lang='grc' dir='ltr'>φῶμεν</span> <span class='ocrx_word' id='word_1_102' title='bbox 1742 1977 1951 2048; x_wconf 79' lang='grc' dir='ltr'>αἴτιον,</span> <span class='ocrx_word' id='word_1_103' title='bbox 1997 1972 2103 2037; x_wconf 85' lang='grc' dir='ltr'><strong>τὸν</strong></span> <span class='ocrx_word' id='word_1_104' title='bbox 2148 1972 2319 2061; x_wconf 87' lang='grc' dir='ltr'>θεὸν]</span> 
     </span>
     <span class='ocr_line' id='line_1_17' title="bbox 626 2073 2320 2164; baseline -0.003 -22"><span class='ocrx_word' id='word_1_105' title='bbox 626 2075 805 2142; x_wconf 88' lang='lat' dir='ltr'><strong>Philo</strong></span> <span class='ocrx_word' id='word_1_106' title='bbox 833 2074 988 2141; x_wconf 85' lang='lat' dir='ltr'><strong>Jud.</strong></span> <span class='ocrx_word' id='word_1_107' title='bbox 1011 2074 1171 2159; x_wconf 88' lang='lat' dir='ltr'><strong>Leg.</strong></span> <span class='ocrx_word' id='word_1_108' title='bbox 1204 2073 1519 2160; x_wconf 84' lang='lat' dir='ltr'><strong>Allegorr.</strong></span> <span class='ocrx_word' id='word_1_109' title='bbox 1547 2075 1687 2140; x_wconf 93' lang='lat' dir='ltr'><strong>III.</strong></span> <span class='ocrx_word' id='word_1_110' title='bbox 1724 2099 1789 2164; x_wconf 90' lang='lat' dir='ltr'><strong>p.</strong></span> <span class='ocrx_word' id='word_1_111' title='bbox 1821 2096 1961 2140; x_wconf 92' lang='lat'><strong>101.</strong></span> <span class='ocrx_word' id='word_1_112' title='bbox 2009 2078 2230 2161; x_wconf 85' lang='lat' dir='ltr'><strong>Mang.</strong></span> <span class='ocrx_word' id='word_1_113' title='bbox 2259 2098 2320 2162; x_wconf 94' lang='lat' dir='ltr'><strong>p.</strong></span> 
     </span>
     <span class='ocr_line' id='line_1_18' title="bbox 623 2176 2319 2260; baseline -0.002 -16"><span class='ocrx_word' id='word_1_114' title='bbox 623 2180 770 2260; x_wconf 84' lang='lat'><strong>284.</strong></span> <span class='ocrx_word' id='word_1_115' title='bbox 793 2176 1030 2242; x_wconf 79' lang='lat' dir='ltr'><strong>Pfeiffi:</strong></span> <span class='ocrx_word' id='word_1_116' title='bbox 1063 2179 1204 2260; x_wconf 76' lang='grc' dir='ltr'>ὁρᾷς</span> <span class='ocrx_word' id='word_1_117' title='bbox 1230 2178 1322 2241; x_wconf 85' lang='grc' dir='ltr'><strong>ὅτι</strong></span> <span class='ocrx_word' id='word_1_118' title='bbox 1342 2178 1449 2241; x_wconf 87' lang='grc' dir='ltr'><strong>τὸν</strong></span> <span class='ocrx_word' id='word_1_119' title='bbox 1473 2176 1583 2259; x_wconf 75' lang='grc' dir='ltr'><strong>Εἲρ</strong></span> <span class='ocrx_word' id='word_1_120' title='bbox 1609 2180 1867 2259; x_wconf 88' lang='lat' dir='ltr'><strong>(Genes.</strong></span> <span class='ocrx_word' id='word_1_121' title='bbox 1891 2179 2319 2244; x_wconf 89' lang='lat' dir='ltr'><strong>XXXVIII.</strong></span> 
     </span>
     <span class='ocr_line' id='line_1_19' title="bbox 626 2279 2319 2367; baseline -0.001 -21"><span class='ocrx_word' id='word_1_122' title='bbox 626 2301 690 2367; x_wconf 67' lang='lat'><strong>7.</strong></span> <span class='ocrx_word' id='word_1_123' title='bbox 720 2281 830 2347; x_wconf 91' lang='lat' dir='ltr'><strong>ubi</strong></span> <span class='ocrx_word' id='word_1_124' title='bbox 870 2294 965 2346; x_wconf 88' lang='lat' dir='ltr'><strong>est</strong></span> <span class='ocrx_word' id='word_1_125' title='bbox 997 2279 1147 2363; x_wconf 69' lang='lat' dir='ltr'><strong>*Hp‚</strong></span> <span class='ocrx_word' id='word_1_126' title='bbox 1193 2296 1256 2345; x_wconf 94' lang='lat' dir='ltr'><strong>et</strong></span> <span class='ocrx_word' id='word_1_127' title='bbox 1300 2280 1388 2346; x_wconf 88' lang='lat' dir='ltr'><strong>ita</strong></span> <span class='ocrx_word' id='word_1_128' title='bbox 1435 2281 1618 2346; x_wconf 89' lang='lat' dir='ltr'><strong>Suid.</strong></span> <span class='ocrx_word' id='word_1_129' title='bbox 1667 2296 1731 2347; x_wconf 89' lang='lat' dir='ltr'><strong>et</strong></span> <span class='ocrx_word' id='word_1_130' title='bbox 1778 2285 2010 2348; x_wconf 91' lang='lat' dir='ltr'><strong>Zonar.</strong></span> <span class='ocrx_word' id='word_1_131' title='bbox 2050 2282 2113 2346; x_wconf 93' lang='lat' dir='ltr'><strong>in</strong></span> <span class='ocrx_word' id='word_1_132' title='bbox 2153 2284 2319 2364; x_wconf 86' lang='lat' dir='ltr'><strong>voc.)</strong></span> 
     </span>
     <span class='ocr_line' id='line_1_20' title="bbox 621 2383 2320 2468; baseline -0.002 -16"><span class='ocrx_word' id='word_1_133' title='bbox 621 2386 960 2453; x_wconf 76' lang='grc' dir='ltr'>ἀποκτείνει</span> <span class='ocrx_word' id='word_1_134' title='bbox 987 2384 1100 2466; x_wconf 78' lang='grc' dir='ltr'><strong>οὐχ</strong></span> <span class='ocrx_word' id='word_1_135' title='bbox 1128 2386 1161 2446; x_wconf 98' lang='lat'><em>6</em></span> <span class='ocrx_word' id='word_1_136' title='bbox 1195 2385 1404 2466; x_wconf 78' lang='grc' dir='ltr'>κύριος,</span> <span class='ocrx_word' id='word_1_137' title='bbox 1438 2384 1576 2449; x_wconf 80' lang='grc' dir='ltr'>ἀλλ’</span> <span class='ocrx_word' id='word_1_138' title='bbox 1610 2388 1643 2449; x_wconf 89' lang='lat'><em>6</em></span> <span class='ocrx_word' id='word_1_139' title='bbox 1675 2385 1809 2454; x_wconf 88' lang='grc' dir='ltr'>θεός</span> <span class='ocrx_word' id='word_1_140' title='bbox 1826 2415 1843 2460; x_wconf 84' lang='lat'>;</span> <span class='ocrx_word' id='word_1_141' title='bbox 1892 2388 1961 2451; x_wconf 84' lang='grc' dir='ltr'><strong>οὐ</strong></span> <span class='ocrx_word' id='word_1_142' title='bbox 1988 2389 2105 2468; x_wconf 75' lang='grc' dir='ltr'><strong>γὰρ</strong></span> <span class='ocrx_word' id='word_1_143' title='bbox 2134 2383 2259 2449; x_wconf 85' lang='grc' dir='ltr'>καθ’</span> <span class='ocrx_word' id='word_1_144' title='bbox 2285 2384 2320 2448; x_wconf 79' lang='grc' dir='ltr'>δ</span> 
     </span>
     <span class='ocr_line' id='line_1_21' title="bbox 620 2488 2322 2573; baseline -0.002 -19"><span class='ocrx_word' id='word_1_145' title='bbox 620 2492 794 2573; x_wconf 75' lang='grc' dir='ltr'>ἄρχει</span> <span class='ocrx_word' id='word_1_146' title='bbox 823 2489 919 2553; x_wconf 84' lang='grc' dir='ltr'>καὶ</span> <span class='ocrx_word' id='word_1_147' title='bbox 945 2488 1291 2570; x_wconf 81' lang='grc' dir='ltr'>ἡγεμονεύει</span> <span class='ocrx_word' id='word_1_148' title='bbox 1335 2491 1651 2573; x_wconf 75' lang='grc' dir='ltr'>δυναστείᾳ</span> <span class='ocrx_word' id='word_1_149' title='bbox 1690 2489 1933 2571; x_wconf 79' lang='grc' dir='ltr'>κράτους</span> <span class='ocrx_word' id='word_1_150' title='bbox 1975 2489 2322 2571; x_wconf 71' lang='grc' dir='ltr'>αὖτεξουσίᾳ</span> 
     </span>
     <span class='ocr_line' id='line_1_22' title="bbox 621 2588 2320 2677; baseline -0.001 -22"><span class='ocrx_word' id='word_1_151' title='bbox 621 2595 921 2677; x_wconf 70' lang='grc' dir='ltr'>χριόμενος</span> <span class='ocrx_word' id='word_1_152' title='bbox 962 2593 1197 2671; x_wconf 78' lang='grc' dir='ltr'>ἀναιρεῖ</span> <span class='ocrx_word' id='word_1_153' title='bbox 1232 2589 1301 2654; x_wconf 85' lang='grc' dir='ltr'><strong>τὸ</strong></span> <span class='ocrx_word' id='word_1_154' title='bbox 1346 2597 1536 2670; x_wconf 89' lang='grc' dir='ltr'>σῶμα,</span> <span class='ocrx_word' id='word_1_155' title='bbox 1569 2594 1732 2657; x_wconf 77' lang='grc' dir='ltr'>ἀλλὰ</span> <span class='ocrx_word' id='word_1_156' title='bbox 1776 2590 1901 2657; x_wconf 86' lang='grc' dir='ltr'>καθ’</span> <span class='ocrx_word' id='word_1_157' title='bbox 1931 2591 1966 2656; x_wconf 81' lang='grc' dir='ltr'>δ</span> <span class='ocrx_word' id='word_1_158' title='bbox 2002 2588 2320 2673; x_wconf 82' lang='grc' dir='ltr'>ἆγαθότητι</span> 
     </span>
     <span class='ocr_line' id='line_1_23' title="bbox 624 2691 2319 2779; baseline -0.002 -18"><span class='ocrx_word' id='word_1_159' title='bbox 624 2696 717 2761; x_wconf 81' lang='grc' dir='ltr'>καὶ</span> <span class='ocrx_word' id='word_1_160' title='bbox 741 2691 1097 2779; x_wconf 81' lang='grc' dir='ltr'>χρηστότητι</span> <span class='ocrx_word' id='word_1_161' title='bbox 1123 2697 1354 2777; x_wconf 86' lang='grc' dir='ltr'>χρῆται.</span> <span class='ocrx_word' id='word_1_162' title='bbox 1399 2691 1477 2759; x_wconf 85' lang='grc' dir='ltr'><strong>Ὁ</strong></span> <span class='ocrx_word' id='word_1_163' title='bbox 1502 2694 1636 2763; x_wconf 83' lang='grc' dir='ltr'>θεὸς</span> <span class='ocrx_word' id='word_1_164' title='bbox 1654 2699 1770 2778; x_wconf 77' lang='grc' dir='ltr'><strong>γὰρ</strong></span> <span class='ocrx_word' id='word_1_165' title='bbox 1797 2693 2161 2778; x_wconf 85' lang='grc' dir='ltr'>ἆγαθότητός</span> <span class='ocrx_word' id='word_1_166' title='bbox 2189 2696 2319 2758; x_wconf 76' lang='grc' dir='ltr'>ἐστι</span> 
     </span>
     <span class='ocr_line' id='line_1_24' title="bbox 621 2796 2319 2880; baseline -0.002 -17"><span class='ocrx_word' id='word_1_167' title='bbox 621 2803 725 2863; x_wconf 84' lang='grc' dir='ltr'><strong>τοῦ</strong></span> <span class='ocrx_word' id='word_1_168' title='bbox 763 2800 950 2863; x_wconf 76' lang='grc' dir='ltr'>αἰτίου</span> <span class='ocrx_word' id='word_1_169' title='bbox 993 2800 1201 2876; x_wconf 84' lang='grc' dir='ltr'>ὄνομα,</span> <span class='ocrx_word' id='word_1_170' title='bbox 1235 2798 1333 2860; x_wconf 83' lang='grc' dir='ltr'>ἵνα</span> <span class='ocrx_word' id='word_1_171' title='bbox 1373 2800 1528 2875; x_wconf 79' lang='grc' dir='ltr'>εἵδῃς</span> <span class='ocrx_word' id='word_1_172' title='bbox 1567 2799 1659 2861; x_wconf 85' lang='grc' dir='ltr'><strong>ὅτι</strong></span> <span class='ocrx_word' id='word_1_173' title='bbox 1705 2799 1801 2862; x_wconf 79' lang='grc' dir='ltr'>καὶ</span> <span class='ocrx_word' id='word_1_174' title='bbox 1842 2801 1917 2861; x_wconf 73' lang='grc' dir='ltr'><strong>τὰ</strong></span> <span class='ocrx_word' id='word_1_175' title='bbox 1959 2799 2172 2880; x_wconf 79' lang='grc' dir='ltr'>ἄψυχα</span> <span class='ocrx_word' id='word_1_176' title='bbox 2216 2796 2319 2860; x_wconf 80' lang='grc' dir='ltr'><strong>οὐκ</strong></span> 
     </span>
     <span class='ocr_line' id='line_1_25' title="bbox 619 2897 2315 2987; baseline -0.002 -21"><span class='ocrx_word' id='word_1_177' title='bbox 619 2903 861 2987; x_wconf 70' lang='grc' dir='ltr'>ἐξουσίᾳ</span> <span class='ocrx_word' id='word_1_178' title='bbox 887 2900 1224 2980; x_wconf 88' lang='grc' dir='ltr'>πεποίηκεν,</span> <span class='ocrx_word' id='word_1_179' title='bbox 1258 2897 1396 2963; x_wconf 81' lang='grc' dir='ltr'>ἀλλ’</span> <span class='ocrx_word' id='word_1_180' title='bbox 1430 2898 1767 2981; x_wconf 86' lang='grc' dir='ltr'>ἆγαθότητι,</span> <span class='ocrx_word' id='word_1_181' title='bbox 1799 2897 1837 2980; x_wconf 80' lang='grc' dir='ltr'><strong><em>ᾖ</em></strong></span> <span class='ocrx_word' id='word_1_182' title='bbox 1877 2901 1973 2964; x_wconf 67' lang='grc' dir='ltr'>καὶ</span> <span class='ocrx_word' id='word_1_183' title='bbox 2011 2902 2086 2964; x_wconf 74' lang='grc' dir='ltr'><strong>τὰ</strong></span> <span class='ocrx_word' id='word_1_184' title='bbox 2125 2899 2315 2981; x_wconf 76' lang='grc' dir='ltr'>ἔμψυ-</span> 
     </span>
     <span class='ocr_line' id='line_1_26' title="bbox 619 2999 2315 3089; baseline -0.002 -20"><span class='ocrx_word' id='word_1_185' title='bbox 619 3031 723 3089; x_wconf 88' lang='grc' dir='ltr'><strong>χα.</strong></span> <span class='ocrx_word' id='word_1_186' title='bbox 755 3002 929 3069; x_wconf 84' lang='grc' dir='ltr'>Ἔδει</span> <span class='ocrx_word' id='word_1_187' title='bbox 957 3006 1073 3086; x_wconf 75' lang='grc' dir='ltr'><strong>γὰρ</strong></span> <span class='ocrx_word' id='word_1_188' title='bbox 1104 3004 1185 3069; x_wconf 81' lang='grc' dir='ltr'><strong>εἷς</strong></span> <span class='ocrx_word' id='word_1_189' title='bbox 1213 3002 1319 3080; x_wconf 75' lang='grc' dir='ltr'>τὴν</span> <span class='ocrx_word' id='word_1_190' title='bbox 1348 3007 1465 3064; x_wconf 89' lang='grc' dir='ltr'><strong>τῶν</strong></span> <span class='ocrx_word' id='word_1_191' title='bbox 1492 2999 1828 3082; x_wconf 83' lang='grc' dir='ltr'>βελτιόνων</span> <span class='ocrx_word' id='word_1_192' title='bbox 1857 3001 2118 3082; x_wconf 83' lang='grc' dir='ltr'>δήλωσιν</span> <span class='ocrx_word' id='word_1_193' title='bbox 2145 3000 2315 3083; x_wconf 65' lang='grc' dir='ltr'>γένεο</span> 
     </span>
     <span class='ocr_line' id='line_1_27' title="bbox 622 3102 2322 3188; baseline -0.001 -16"><span class='ocrx_word' id='word_1_194' title='bbox 622 3133 722 3172; x_wconf 83' lang='grc' dir='ltr'>σιν</span> <span class='ocrx_word' id='word_1_195' title='bbox 748 3109 1076 3185; x_wconf 77' lang='grc' dir='ltr'>ὑποστῆναι</span> <span class='ocrx_word' id='word_1_196' title='bbox 1119 3105 1217 3170; x_wconf 84' lang='grc' dir='ltr'>καὶ</span> <span class='ocrx_word' id='word_1_197' title='bbox 1258 3110 1375 3169; x_wconf 85' lang='grc' dir='ltr'><strong>τῶν</strong></span> <span class='ocrx_word' id='word_1_198' title='bbox 1403 3102 1711 3188; x_wconf 85' lang='grc' dir='ltr'>χειρόνων,</span> <span class='ocrx_word' id='word_1_199' title='bbox 1741 3106 1856 3169; x_wconf 83' lang='grc' dir='ltr'><strong>ὑπὸ</strong></span> <span class='ocrx_word' id='word_1_200' title='bbox 1885 3104 2180 3184; x_wconf 78' lang='grc' dir='ltr'>δυνάμεως</span> <span class='ocrx_word' id='word_1_201' title='bbox 2222 3107 2322 3183; x_wconf 82' lang='grc' dir='ltr'><strong>τῆς</strong></span> 
     </span>
     <span class='ocr_line' id='line_1_28' title="bbox 622 3204 2319 3293; baseline -0.005 -15"><span class='ocrx_word' id='word_1_202' title='bbox 622 3211 796 3290; x_wconf 70' lang='grc' dir='ltr'>αὐτῆς</span> <span class='ocrx_word' id='word_1_203' title='bbox 823 3206 1186 3293; x_wconf 82' lang='grc' dir='ltr'>ἆγαθότητος</span> <span class='ocrx_word' id='word_1_204' title='bbox 1215 3212 1319 3272; x_wconf 83' lang='grc' dir='ltr'><strong>τοῦ</strong></span> <span class='ocrx_word' id='word_1_205' title='bbox 1349 3210 1559 3287; x_wconf 77' lang='grc' dir='ltr'>αἰτίου,</span> <span class='ocrx_word' id='word_1_206' title='bbox 1586 3208 1625 3287; x_wconf 88' lang='grc' dir='ltr'>ἥ</span> <span class='ocrx_word' id='word_1_207' title='bbox 1653 3234 1740 3275; x_wconf 90' lang='grc' dir='ltr'><strong>τις</strong></span> <span class='ocrx_word' id='word_1_208' title='bbox 1770 3208 1938 3271; x_wconf 80' lang='grc' dir='ltr'>ἐστὶν</span> <span class='ocrx_word' id='word_1_209' title='bbox 1966 3204 2118 3275; x_wconf 85' lang='grc' dir='ltr'>θεός.</span> <span class='ocrx_word' id='word_1_210' title='bbox 2184 3205 2319 3270; x_wconf 85' lang='lat' dir='ltr'><strong>Ubi</strong></span> 
     </span>
     <span class='ocr_line' id='line_1_29' title="bbox 621 3308 2321 3400; baseline -0.003 -22"><span class='ocrx_word' id='word_1_211' title='bbox 621 3326 895 3400; x_wconf 85' lang='lat' dir='ltr'><strong>praestat,</strong></span> <span class='ocrx_word' id='word_1_212' title='bbox 923 3313 1094 3398; x_wconf 91' lang='lat' dir='ltr'><strong>quod</strong></span> <span class='ocrx_word' id='word_1_213' title='bbox 1126 3334 1205 3375; x_wconf 86' lang='lat' dir='ltr'><strong>ex</strong></span> <span class='ocrx_word' id='word_1_214' title='bbox 1232 3310 1408 3375; x_wconf 86' lang='lat' dir='ltr'><strong>editt.</strong></span> <span class='ocrx_word' id='word_1_215' title='bbox 1443 3326 1508 3375; x_wconf 85' lang='lat' dir='ltr'><strong>et</strong></span> <span class='ocrx_word' id='word_1_216' title='bbox 1538 3310 1698 3376; x_wconf 90' lang='lat' dir='ltr'><strong>Cod.</strong></span> <span class='ocrx_word' id='word_1_217' title='bbox 1727 3314 1805 3374; x_wconf 92' lang='lat' dir='ltr'><strong>A.</strong></span> <span class='ocrx_word' id='word_1_218' title='bbox 1837 3310 2075 3398; x_wconf 81' lang='lat' dir='ltr'><strong>profert</strong></span> <span class='ocrx_word' id='word_1_219' title='bbox 2106 3308 2321 3373; x_wconf 80' lang='lat' dir='ltr'><strong>Pseiff-</strong></span> 
     </span>
     <span class='ocr_line' id='line_1_30' title="bbox 617 3412 2319 3500; baseline -0.002 -20"><span class='ocrx_word' id='word_1_220' title='bbox 617 3439 762 3480; x_wconf 84' lang='lat' dir='ltr'><strong>erus</strong></span> <span class='ocrx_word' id='word_1_221' title='bbox 806 3416 1180 3500; x_wconf 74' lang='grc' dir='ltr'>αὖτεξουσίῳ.</span> <span class='ocrx_word' id='word_1_222' title='bbox 1273 3413 1494 3479; x_wconf 89' lang='lat' dir='ltr'><strong>Obiter</strong></span> <span class='ocrx_word' id='word_1_223' title='bbox 1539 3436 1761 3478; x_wconf 89' lang='lat' dir='ltr'><strong>moneo</strong></span> <span class='ocrx_word' id='word_1_224' title='bbox 1803 3437 1881 3478; x_wconf 82' lang='lat' dir='ltr'><strong>ex</strong></span> <span class='ocrx_word' id='word_1_225' title='bbox 1912 3412 2207 3478; x_wconf 86' lang='lat' dir='ltr'><strong>Eustath.</strong></span> <span class='ocrx_word' id='word_1_226' title='bbox 2253 3412 2319 3477; x_wconf 94' lang='lat' dir='ltr'><strong>in</strong></span> 
     </span>
     <span class='ocr_line' id='line_1_31' title="bbox 622 3515 2314 3604; baseline -0.002 -21"><span class='ocrx_word' id='word_1_227' title='bbox 622 3517 807 3583; x_wconf 85' lang='lat' dir='ltr'><strong>Iliad.</strong></span> <span class='ocrx_word' id='word_1_228' title='bbox 839 3526 919 3584; x_wconf 94' lang='grc' dir='ltr'><strong>Δ.</strong></span> <span class='ocrx_word' id='word_1_229' title='bbox 966 3540 1030 3604; x_wconf 86' lang='lat' dir='ltr'><strong>p.</strong></span> <span class='ocrx_word' id='word_1_230' title='bbox 1062 3534 1213 3604; x_wconf 83' lang='lat'><strong>335.</strong></span> <span class='ocrx_word' id='word_1_231' title='bbox 1244 3515 1486 3581; x_wconf 87' lang='lat' dir='ltr'><strong>laudari</strong></span> <span class='ocrx_word' id='word_1_232' title='bbox 1516 3519 1551 3597; x_wconf 89' lang='grc' dir='ltr'>ἡ</span> <span class='ocrx_word' id='word_1_233' title='bbox 1583 3518 1952 3597; x_wconf 77' lang='grc' dir='ltr'>αὐτεξουσία,</span> <span class='ocrx_word' id='word_1_234' title='bbox 1983 3516 2089 3581; x_wconf 87' lang='lat' dir='ltr'><strong>sed</strong></span> <span class='ocrx_word' id='word_1_235' title='bbox 2120 3515 2208 3581; x_wconf 83' lang='lat' dir='ltr'><strong>ibi</strong></span> <span class='ocrx_word' id='word_1_236' title='bbox 2250 3538 2314 3603; x_wconf 90' lang='lat' dir='ltr'><strong>p.</strong></span> 
     </span>
     <span class='ocr_line' id='line_1_32' title="bbox 611 3618 2318 3707; baseline 0.001 -26"><span class='ocrx_word' id='word_1_237' title='bbox 611 3641 657 3707; x_wconf 83' lang='grc'><strong>,3</strong></span> <span class='ocrx_word' id='word_1_238' title='bbox 660 3639 767 3706; x_wconf 88' lang='grc'><strong>54.</strong></span> <span class='ocrx_word' id='word_1_239' title='bbox 796 3620 894 3685; x_wconf 89' lang='lat' dir='ltr'><strong>ed.</strong></span> <span class='ocrx_word' id='word_1_240' title='bbox 919 3619 1094 3706; x_wconf 91' lang='lat' dir='ltr'><strong>Lips.</strong></span> <span class='ocrx_word' id='word_1_241' title='bbox 1129 3618 1359 3707; x_wconf 87' lang='lat' dir='ltr'><strong>legitur</strong></span> <span class='ocrx_word' id='word_1_242' title='bbox 1388 3620 1531 3684; x_wconf 83' lang='grc' dir='ltr'>αὐτὸ</span> <span class='ocrx_word' id='word_1_243' title='bbox 1562 3623 1820 3700; x_wconf 77' lang='grc' dir='ltr'>ἐξουσία.</span> <span class='ocrx_word' id='word_1_244' title='bbox 1915 3621 2077 3684; x_wconf 87' lang='lat' dir='ltr'><strong>Item</strong></span> <span class='ocrx_word' id='word_1_245' title='bbox 2108 3619 2174 3684; x_wconf 90' lang='lat' dir='ltr'><strong>in</strong></span> <span class='ocrx_word' id='word_1_246' title='bbox 2205 3620 2318 3683; x_wconf 92' lang='lat' dir='ltr'><strong>In-</strong></span> 
     </span>
     <span class='ocr_line' id='line_1_33' title="bbox 617 3721 2316 3811; baseline 0 -24"><span class='ocrx_word' id='word_1_247' title='bbox 617 3723 741 3789; x_wconf 90' lang='lat' dir='ltr'><strong>dic.</strong></span> <span class='ocrx_word' id='word_1_248' title='bbox 787 3723 968 3788; x_wconf 89' lang='lat' dir='ltr'><strong>Initt.</strong></span> <span class='ocrx_word' id='word_1_249' title='bbox 1008 3721 1372 3811; x_wconf 90' lang='lat' dir='ltr'><strong>Philosoph.</strong></span> <span class='ocrx_word' id='word_1_250' title='bbox 1407 3723 1654 3788; x_wconf 87' lang='lat' dir='ltr'><strong>Platon.</strong></span> <span class='ocrx_word' id='word_1_251' title='bbox 1700 3739 2051 3788; x_wconf 87' lang='lat' dir='ltr'><strong>nostrorum</strong></span> <span class='ocrx_word' id='word_1_252' title='bbox 2098 3721 2316 3787; x_wconf 88' lang='lat' dir='ltr'><strong>lauda·</strong></span> 
     </span>
     <span class='ocr_line' id='line_1_34' title="bbox 621 3825 2315 3905; baseline -0.001 -16"><span class='ocrx_word' id='word_1_253' title='bbox 621 3841 725 3891; x_wconf 90' lang='lat' dir='ltr'><strong>tur</strong></span> <span class='ocrx_word' id='word_1_254' title='bbox 753 3827 1121 3905; x_wconf 71' lang='grc' dir='ltr'>αὖτεξουσία.</span> <span class='ocrx_word' id='word_1_255' title='bbox 1212 3827 1416 3890; x_wconf 90' lang='lat' dir='ltr'><strong>Locus</strong></span> <span class='ocrx_word' id='word_1_256' title='bbox 1455 3849 1604 3890; x_wconf 90' lang='lat' dir='ltr'><strong>vero</strong></span> <span class='ocrx_word' id='word_1_257' title='bbox 1646 3843 1740 3891; x_wconf 87' lang='lat' dir='ltr'><strong>est</strong></span> <span class='ocrx_word' id='word_1_258' title='bbox 1769 3827 1976 3891; x_wconf 91' lang='lat' dir='ltr'><strong>Procli</strong></span> <span class='ocrx_word' id='word_1_259' title='bbox 2006 3825 2067 3891; x_wconf 93' lang='lat' dir='ltr'><strong>in</strong></span> <span class='ocrx_word' id='word_1_260' title='bbox 2098 3825 2315 3890; x_wconf 90' lang='lat' dir='ltr'><strong>Alcib.</strong></span> 
     </span>
     <span class='ocr_line' id='line_1_35' title="bbox 620 3927 2318 4017; baseline -0.001 -24"><span class='ocrx_word' id='word_1_261' title='bbox 620 3951 711 4016; x_wconf 89' lang='lat' dir='ltr'><strong>pr.</strong></span> <span class='ocrx_word' id='word_1_262' title='bbox 744 3952 810 4016; x_wconf 94' lang='lat' dir='ltr'><strong>p.</strong></span> <span class='ocrx_word' id='word_1_263' title='bbox 838 3949 980 4014; x_wconf 84' lang='lat'><strong>143.</strong></span> <span class='ocrx_word' id='word_1_264' title='bbox 1015 3928 1121 3993; x_wconf 88' lang='lat' dir='ltr'><strong>ubi</strong></span> <span class='ocrx_word' id='word_1_265' title='bbox 1156 3944 1320 3993; x_wconf 88' lang='lat' dir='ltr'><strong>recte</strong></span> <span class='ocrx_word' id='word_1_266' title='bbox 1360 3927 1587 4017; x_wconf 91' lang='lat' dir='ltr'><strong>legitur</strong></span> <span class='ocrx_word' id='word_1_267' title='bbox 1616 3930 1683 3994; x_wconf 85' lang='grc' dir='ltr'><strong>τὸ</strong></span> <span class='ocrx_word' id='word_1_268' title='bbox 1715 3931 2112 4009; x_wconf 78' lang='grc' dir='ltr'>αὐτεξούσιον,</span> <span class='ocrx_word' id='word_1_269' title='bbox 2144 3927 2318 4015; x_wconf 92' lang='lat' dir='ltr'><strong>quod</strong></span> 
     </span>
     <span class='ocr_line' id='line_1_36' title="bbox 619 4030 2315 4119; baseline 0 -23"><span class='ocrx_word' id='word_1_270' title='bbox 619 4054 783 4119; x_wconf 87' lang='lat' dir='ltr'><strong>saepe</strong></span> <span class='ocrx_word' id='word_1_271' title='bbox 831 4030 1018 4095; x_wconf 87' lang='lat' dir='ltr'><strong>etiam</strong></span> <span class='ocrx_word' id='word_1_272' title='bbox 1068 4031 1131 4095; x_wconf 89' lang='lat' dir='ltr'><strong>in</strong></span> <span class='ocrx_word' id='word_1_273' title='bbox 1187 4031 1439 4097; x_wconf 88' lang='lat' dir='ltr'><strong>Plotino</strong></span> <span class='ocrx_word' id='word_1_274' title='bbox 1486 4031 1741 4098; x_wconf 85' lang='lat' dir='ltr'><strong>obvium</strong></span> <span class='ocrx_word' id='word_1_275' title='bbox 1794 4048 1909 4096; x_wconf 91' lang='lat' dir='ltr'><strong>est.</strong></span> <span class='ocrx_word' id='word_1_276' title='bbox 2021 4034 2315 4096; x_wconf 89' lang='lat' dir='ltr'><strong>Ceterum</strong></span> 
     </span>
     <span class='ocr_line' id='line_1_37' title="bbox 621 4132 2319 4223; baseline -0.001 -24"><span class='ocrx_word' id='word_1_277' title='bbox 621 4134 807 4199; x_wconf 92' lang='lat' dir='ltr'><strong>Philo</strong></span> <span class='ocrx_word' id='word_1_278' title='bbox 834 4134 872 4198; x_wconf 93' lang='lat' dir='ltr'><strong>l.</strong></span> <span class='ocrx_word' id='word_1_279' title='bbox 906 4134 949 4199; x_wconf 93' lang='lat' dir='ltr'><strong>l.</strong></span> <span class='ocrx_word' id='word_1_280' title='bbox 993 4149 1064 4198; x_wconf 90' lang='lat' dir='ltr'><strong>ut</strong></span> <span class='ocrx_word' id='word_1_281' title='bbox 1106 4134 1255 4199; x_wconf 89' lang='lat' dir='ltr'><strong>alias</strong></span> <span class='ocrx_word' id='word_1_282' title='bbox 1298 4157 1748 4223; x_wconf 89' lang='lat' dir='ltr'><strong>nonnunquam</strong></span> <span class='ocrx_word' id='word_1_283' title='bbox 1797 4134 1857 4197; x_wconf 92' lang='lat' dir='ltr'><strong>in</strong></span> <span class='ocrx_word' id='word_1_284' title='bbox 1908 4132 2023 4198; x_wconf 92' lang='lat' dir='ltr'><strong>hac</strong></span> <span class='ocrx_word' id='word_1_285' title='bbox 2063 4157 2319 4221; x_wconf 91' lang='lat' dir='ltr'><strong>quoque</strong></span> 
     </span>
     <span class='ocr_line' id='line_1_38' title="bbox 620 4235 2317 4325; baseline -0.001 -22"><span class='ocrx_word' id='word_1_286' title='bbox 620 4237 922 4303; x_wconf 87' lang='lat' dir='ltr'><strong>sententia</strong></span> <span class='ocrx_word' id='word_1_287' title='bbox 947 4238 1024 4303; x_wconf 79' lang='lat' dir='ltr'><strong>de</strong></span> <span class='ocrx_word' id='word_1_288' title='bbox 1052 4238 1191 4302; x_wconf 83' lang='lat' dir='ltr'><strong>Deo</strong></span> <span class='ocrx_word' id='word_1_289' title='bbox 1220 4239 1389 4303; x_wconf 80' lang='lat' dir='ltr'><strong>Bom‘</strong></span> <span class='ocrx_word' id='word_1_290' title='bbox 1418 4260 1615 4303; x_wconf 78' lang='lat' dir='ltr'><strong>causa</strong></span> <span class='ocrx_word' id='word_1_291' title='bbox 1647 4237 1884 4302; x_wconf 89' lang='lat' dir='ltr'><strong>Stoicos</strong></span> <span class='ocrx_word' id='word_1_292' title='bbox 1919 4235 2317 4325; x_wconf 88' lang='lat' dir='ltr'><strong>philosophos</strong></span> 
     </span>
     <span class='ocr_line' id='line_1_39' title="bbox 619 4339 2317 4429; baseline 0 -24"><span class='ocrx_word' id='word_1_293' title='bbox 619 4340 794 4429; x_wconf 86' lang='lat' dir='ltr'><strong>sequi</strong></span> <span class='ocrx_word' id='word_1_294' title='bbox 821 4340 1097 4420; x_wconf 82' lang='lat' dir='ltr'><strong>videtur,</strong></span> <span class='ocrx_word' id='word_1_295' title='bbox 1127 4365 1399 4428; x_wconf 86' lang='lat' dir='ltr'><strong>quorum</strong></span> <span class='ocrx_word' id='word_1_296' title='bbox 1427 4342 1545 4407; x_wconf 91' lang='lat' dir='ltr'><strong>hoc</strong></span> <span class='ocrx_word' id='word_1_297' title='bbox 1575 4340 1870 4427; x_wconf 86' lang='lat' dir='ltr'><strong>placitum</strong></span> <span class='ocrx_word' id='word_1_298' title='bbox 1902 4339 2092 4405; x_wconf 88' lang='lat' dir='ltr'><strong>fuisse</strong></span> <span class='ocrx_word' id='word_1_299' title='bbox 2118 4340 2317 4405; x_wconf 85' lang='lat' dir='ltr'><strong>discas</strong></span> 
     </span>
     <span class='ocr_line' id='line_1_40' title="bbox 616 4442 2313 4531; baseline 0 -24"><span class='ocrx_word' id='word_1_300' title='bbox 616 4467 695 4508; x_wconf 81' lang='lat' dir='ltr'><strong>ex</strong></span> <span class='ocrx_word' id='word_1_301' title='bbox 728 4442 1026 4509; x_wconf 87' lang='lat' dir='ltr'><strong>Gatakeri</strong></span> <span class='ocrx_word' id='word_1_302' title='bbox 1073 4443 1234 4509; x_wconf 91' lang='lat' dir='ltr'><strong>notis</strong></span> <span class='ocrx_word' id='word_1_303' title='bbox 1274 4443 1339 4508; x_wconf 91' lang='lat' dir='ltr'><strong>in</strong></span> <span class='ocrx_word' id='word_1_304' title='bbox 1386 4447 1588 4509; x_wconf 88' lang='lat' dir='ltr'><strong>Marc.</strong></span> <span class='ocrx_word' id='word_1_305' title='bbox 1620 4444 1929 4509; x_wconf 84' lang='lat' dir='ltr'><strong>Antonin.</strong></span> <span class='ocrx_word' id='word_1_306' title='bbox 1963 4444 2061 4508; x_wconf 92' lang='lat'><strong>11.</strong></span> <span class='ocrx_word' id='word_1_307' title='bbox 2106 4464 2202 4509; x_wconf 89' lang='lat'><strong>11.</strong></span> <span class='ocrx_word' id='word_1_308' title='bbox 2245 4466 2313 4531; x_wconf 91' lang='lat' dir='ltr'><strong>p.</strong></span> 
     </span>
    </p>
   </div>
   <div class='ocr_carea' id='block_1_5' title="bbox 618 4567 2317 4739">
    <p class='ocr_par' dir='ltr' id='par_1_6' title="bbox 618 4567 2317 4739">
     <span class='ocr_line' id='line_1_41' title="bbox 618 4567 2317 4739; baseline 0.003 -29"><span class='ocrx_word' id='word_1_309' title='bbox 618 4567 784 4700; x_wconf 51' lang='grc'>47.-·</span> <span class='ocrx_word' id='word_1_310' title='bbox 819 4671 879 4734; x_wconf 89' lang='grc'><strong>9.</strong></span> <span class='ocrx_word' id='word_1_311' title='bbox 926 4652 995 4716; x_wconf 87' lang='grc' dir='ltr'><strong>οὗ</strong></span> <span class='ocrx_word' id='word_1_312' title='bbox 1037 4652 1154 4732; x_wconf 81' lang='grc' dir='ltr'><strong>μὴν</strong></span> <span class='ocrx_word' id='word_1_313' title='bbox 1202 4649 1603 4739; x_wconf 79' lang='grc' dir='ltr'>ἀποστατέον]</span> <span class='ocrx_word' id='word_1_314' title='bbox 1655 4653 1870 4736; x_wconf 87' lang='lat' dir='ltr'><strong>Marg.</strong></span> <span class='ocrx_word' id='word_1_315' title='bbox 1912 4648 2041 4715; x_wconf 92' lang='lat' dir='ltr'><strong>Ed.</strong></span> <span class='ocrx_word' id='word_1_316' title='bbox 2087 4669 2151 4714; x_wconf 86' lang='lat' dir='ltr'><strong>et</strong></span> <span class='ocrx_word' id='word_1_317' title='bbox 2193 4664 2317 4715; x_wconf 83' lang='lat' dir='ltr'><strong>tres</strong></span> 
     </span>
    </p>
   </div>
   <div class='ocr_carea' id='block_1_6' title="bbox 604 4751 2321 5458">
    <p class='ocr_par' dir='ltr' id='par_1_7' title="bbox 604 4751 2319 5230">
     <span class='ocr_line' id='line_1_42' title="bbox 619 4751 2318 4842; baseline -0.001 -25"><span class='ocrx_word' id='word_1_318' title='bbox 619 4752 760 4818; x_wconf 87' lang='lat' dir='ltr'><strong>libri</strong></span> <span class='ocrx_word' id='word_1_319' title='bbox 791 4754 987 4818; x_wconf 90' lang='lat' dir='ltr'><strong>MSS.</strong></span> <span class='ocrx_word' id='word_1_320' title='bbox 1023 4756 1117 4819; x_wconf 86' lang='grc' dir='ltr'>καὶ</span> <span class='ocrx_word' id='word_1_321' title='bbox 1145 4754 1282 4835; x_wconf 79' lang='grc' dir='ltr'>μὴν,</span> <span class='ocrx_word' id='word_1_322' title='bbox 1313 4752 1485 4842; x_wconf 88' lang='lat' dir='ltr'><strong>quod</strong></span> <span class='ocrx_word' id='word_1_323' title='bbox 1515 4753 1818 4841; x_wconf 82' lang='lat' dir='ltr'><strong>expressit</strong></span> <span class='ocrx_word' id='word_1_324' title='bbox 1847 4751 2138 4817; x_wconf 90' lang='lat' dir='ltr'><strong>Ficinus:</strong></span> <span class='ocrx_word' id='word_1_325' title='bbox 2187 4753 2318 4818; x_wconf 80' lang='lat' dir='ltr'><strong>Sed</strong></span> 
     </span>
     <span class='ocr_line' id='line_1_43' title="bbox 615 4853 2312 4945; baseline -0.002 -24"><span class='ocrx_word' id='word_1_326' title='bbox 615 4857 898 4945; x_wconf 72' lang='lat' dir='ltr'><strong>denique.</strong></span> <span class='ocrx_word' id='word_1_327' title='bbox 990 4857 1157 4922; x_wconf 90' lang='lat' dir='ltr'><strong>Mihi</strong></span> <span class='ocrx_word' id='word_1_328' title='bbox 1185 4857 1435 4922; x_wconf 89' lang='lat' dir='ltr'><strong>videtur</strong></span> <span class='ocrx_word' id='word_1_329' title='bbox 1461 4853 1951 4939; x_wconf 83' lang='grc' dir='ltr'>παραδιόρθωσις,</span> <span class='ocrx_word' id='word_1_330' title='bbox 1979 4877 2121 4919; x_wconf 90' lang='lat' dir='ltr'><strong>cum</strong></span> <span class='ocrx_word' id='word_1_331' title='bbox 2169 4876 2312 4942; x_wconf 91' lang='lat' dir='ltr'><strong>pro-</strong></span> 
     </span>
     <span class='ocr_line' id='line_1_44' title="bbox 604 4955 2316 5047; baseline -0.003 -22"><span class='ocrx_word' id='word_1_332' title='bbox 604 4972 760 5047; x_wconf 77' lang='lat' dir='ltr'><strong>pter</strong></span> <span class='ocrx_word' id='word_1_333' title='bbox 804 4961 1147 5046; x_wconf 81' lang='lat' dir='ltr'><strong>sequentia,</strong></span> <span class='ocrx_word' id='word_1_334' title='bbox 1189 4977 1323 5025; x_wconf 89' lang='lat' dir='ltr'><strong>tum</strong></span> <span class='ocrx_word' id='word_1_335' title='bbox 1370 4960 1520 5047; x_wconf 91' lang='lat' dir='ltr'><strong>quia</strong></span> <span class='ocrx_word' id='word_1_336' title='bbox 1570 4959 1856 5023; x_wconf 90' lang='lat' dir='ltr'><strong>Plotinus</strong></span> <span class='ocrx_word' id='word_1_337' title='bbox 1898 4957 1961 5021; x_wconf 94' lang='lat' dir='ltr'><strong>in</strong></span> <span class='ocrx_word' id='word_1_338' title='bbox 2009 4955 2316 5045; x_wconf 88' lang='lat' dir='ltr'><strong>ejusmodi</strong></span> 
     </span>
     <span class='ocr_line' id='line_1_45' title="bbox 621 5059 2319 5149; baseline -0.001 -22"><span class='ocrx_word' id='word_1_339' title='bbox 621 5061 1071 5149; x_wconf 83' lang='lat' dir='ltr'><strong>quaestionibus</strong></span> <span class='ocrx_word' id='word_1_340' title='bbox 1089 5086 1214 5128; x_wconf 76' lang='lat' dir='ltr'><strong>non</strong></span> <span class='ocrx_word' id='word_1_341' title='bbox 1238 5063 1659 5129; x_wconf 69' lang='lat' dir='ltr'><strong>desistendum</strong></span> <span class='ocrx_word' id='word_1_342' title='bbox 1677 5083 1810 5127; x_wconf 75' lang='lat' dir='ltr'><strong>esse</strong></span> <span class='ocrx_word' id='word_1_343' title='bbox 1830 5060 1958 5126; x_wconf 89' lang='lat' dir='ltr'><strong>suis</strong></span> <span class='ocrx_word' id='word_1_344' title='bbox 1985 5059 2319 5126; x_wconf 89' lang='lat' dir='ltr'><strong>lectoribus</strong></span> 
     </span>
     <span class='ocr_line' id='line_1_46' title="bbox 615 5152 1724 5230; baseline -0.003 0"><span class='ocrx_word' id='word_1_345' title='bbox 615 5163 957 5230; x_wconf 78' lang='lat' dir='ltr'><strong>acclamare</strong></span> <span class='ocrx_word' id='word_1_346' title='bbox 985 5164 1155 5230; x_wconf 87' lang='lat' dir='ltr'><strong>solet.</strong></span> <span class='ocrx_word' id='word_1_347' title='bbox 1719 5152 1724 5157; x_wconf 54' lang='grc'><strong><em>’</em></strong></span> 
     </span>
    </p>

    <p class='ocr_par' dir='ltr' id='par_1_8' title="bbox 624 5263 2321 5458">
     <span class='ocr_line' id='line_1_47' title="bbox 704 5263 2321 5355; baseline -0.002 -23"><span class='ocrx_word' id='word_1_348' title='bbox 704 5291 771 5355; x_wconf 89' lang='lat' dir='ltr'><strong>p.</strong></span> <span class='ocrx_word' id='word_1_349' title='bbox 802 5288 991 5354; x_wconf 82' lang='lat'><strong>1305,</strong></span> <span class='ocrx_word' id='word_1_350' title='bbox 1021 5288 1075 5332; x_wconf 92' lang='lat'><strong>1.</strong></span> <span class='ocrx_word' id='word_1_351' title='bbox 1123 5268 1414 5333; x_wconf 78' lang='grc' dir='ltr'>καὶτοῦτο</span> <span class='ocrx_word' id='word_1_352' title='bbox 1443 5267 1513 5333; x_wconf 79' lang='grc' dir='ltr'><strong>τὸ</strong></span> <span class='ocrx_word' id='word_1_353' title='bbox 1542 5267 1772 5351; x_wconf 75' lang='grc' dir='ltr'>ἀγαθὸν</span> <span class='ocrx_word' id='word_1_354' title='bbox 1801 5263 2106 5348; x_wconf 86' lang='grc' dir='ltr'>θησόμεθα</span> <span class='ocrx_word' id='word_1_355' title='bbox 2126 5266 2176 5353; x_wconf 89' lang='grc'><strong>;]</strong></span> <span class='ocrx_word' id='word_1_356' title='bbox 2223 5265 2321 5329; x_wconf 90' lang='lat' dir='ltr'><strong>Ne</strong></span> 
     </span>
     <span class='ocr_line' id='line_1_48' title="bbox 624 5367 2319 5458; baseline -0.002 -24"><span class='ocrx_word' id='word_1_357' title='bbox 624 5370 784 5435; x_wconf 83' lang='lat' dir='ltr'><strong>forte</strong></span> <span class='ocrx_word' id='word_1_358' title='bbox 829 5370 1044 5435; x_wconf 89' lang='lat' dir='ltr'><strong>credas</strong></span> <span class='ocrx_word' id='word_1_359' title='bbox 1075 5369 1364 5434; x_wconf 89' lang='lat' dir='ltr'><strong>Ficinum</strong></span> <span class='ocrx_word' id='word_1_360' title='bbox 1411 5369 1627 5458; x_wconf 82' lang='lat' dir='ltr'><strong>legisse</strong></span> <span class='ocrx_word' id='word_1_361' title='bbox 1657 5398 1708 5435; x_wconf 87' lang='grc' dir='ltr'><strong>κ.</strong></span> <span class='ocrx_word' id='word_1_362' title='bbox 1738 5374 1980 5435; x_wconf 72' lang='grc' dir='ltr'>τοῦτονε</span> <span class='ocrx_word' id='word_1_363' title='bbox 2031 5367 2180 5433; x_wconf 91' lang='lat' dir='ltr'><strong>nihil</strong></span> <span class='ocrx_word' id='word_1_364' title='bbox 2212 5390 2319 5432; x_wconf 90' lang='lat' dir='ltr'><strong>va-</strong></span> 
     </span>
    </p>
   </div>
   <div class='ocr_carea' id='block_1_7' title="bbox 3996 568 4122 653">
    <p class='ocr_par' dir='ltr' id='par_1_9' title="bbox 3996 568 4122 653">
     <span class='ocr_line' id='line_1_49' title="bbox 3996 568 4122 653; baseline -0.063 0"><span class='ocrx_word' id='word_1_365' title='bbox 3996 568 4122 653; x_wconf 83' lang='lat'><strong>387</strong></span> 
     </span>
    </p>
   </div>
   <div class='ocr_carea' id='block_1_8' title="bbox 2409 735 4117 2057">
    <p class='ocr_par' dir='ltr' id='par_1_10' title="bbox 2415 735 4117 928">
     <span class='ocr_line' id='line_1_50' title="bbox 2417 735 4117 825; baseline 0.001 -24"><span class='ocrx_word' id='word_1_366' title='bbox 2417 735 2634 801; x_wconf 90' lang='lat' dir='ltr'><strong>eodem</strong></span> <span class='ocrx_word' id='word_1_367' title='bbox 2682 736 2816 800; x_wconf 89' lang='lat' dir='ltr'><strong>Fic.</strong></span> <span class='ocrx_word' id='word_1_368' title='bbox 2863 737 3090 801; x_wconf 90' lang='lat' dir='ltr'><strong>retinui</strong></span> <span class='ocrx_word' id='word_1_369' title='bbox 3136 737 3460 819; x_wconf 86' lang='grc' dir='ltr'>θησόμεθα.</span> <span class='ocrx_word' id='word_1_370' title='bbox 3561 738 3793 825; x_wconf 86' lang='lat' dir='ltr'><strong>Margo</strong></span> <span class='ocrx_word' id='word_1_371' title='bbox 3837 753 3899 803; x_wconf 90' lang='lat' dir='ltr'><strong>et</strong></span> <span class='ocrx_word' id='word_1_372' title='bbox 3944 738 4117 803; x_wconf 89' lang='lat' dir='ltr'><strong>haud</strong></span> 
     </span>
     <span class='ocr_line' id='line_1_51' title="bbox 2415 837 3769 928; baseline -0.001 -23"><span class='ocrx_word' id='word_1_373' title='bbox 2415 838 2599 928; x_wconf 90' lang='lat' dir='ltr'><strong>pauci</strong></span> <span class='ocrx_word' id='word_1_374' title='bbox 2626 838 2767 903; x_wconf 81' lang='lat' dir='ltr'><strong>libri</strong></span> <span class='ocrx_word' id='word_1_375' title='bbox 2799 839 2899 903; x_wconf 89' lang='lat' dir='ltr'><strong>hic</strong></span> <span class='ocrx_word' id='word_1_376' title='bbox 2928 839 3109 903; x_wconf 88' lang='lat' dir='ltr'><strong>etiam</strong></span> <span class='ocrx_word' id='word_1_377' title='bbox 3144 839 3376 905; x_wconf 88' lang='lat' dir='ltr'><strong>babent</strong></span> <span class='ocrx_word' id='word_1_378' title='bbox 3405 837 3769 921; x_wconf 80' lang='grc' dir='ltr'>στησόμεθα.</span> 
     </span>
    </p>

    <p class='ocr_par' dir='ltr' id='par_1_11' title="bbox 2409 940 4111 1340">
     <span class='ocr_line' id='line_1_52' title="bbox 2500 940 4111 1028; baseline -0.002 -19"><span class='ocrx_word' id='word_1_379' title='bbox 2500 980 2589 993; x_wconf 90' lang='grc'>-</span> <span class='ocrx_word' id='word_1_380' title='bbox 2619 961 2680 1009; x_wconf 88' lang='lat'><strong>2.</strong></span> <span class='ocrx_word' id='word_1_381' title='bbox 2729 944 3010 1025; x_wconf 83' lang='grc' dir='ltr'>κρίνουσα</span> <span class='ocrx_word' id='word_1_382' title='bbox 3049 945 3162 1023; x_wconf 78' lang='grc' dir='ltr'><strong>μὲν</strong></span> <span class='ocrx_word' id='word_1_383' title='bbox 3203 946 3580 1025; x_wconf 68' lang='grc' dir='ltr'>δικαιοσύνην</span> <span class='ocrx_word' id='word_1_384' title='bbox 3625 971 3679 1007; x_wconf 92' lang='grc' dir='ltr'><strong>κ.</strong></span> <span class='ocrx_word' id='word_1_385' title='bbox 3703 969 3753 1006; x_wconf 87' lang='grc' dir='ltr'><strong>τ.</strong></span> <span class='ocrx_word' id='word_1_386' title='bbox 3778 945 3866 1028; x_wconf 87' lang='grc' dir='ltr'><strong>λ.]</strong></span> <span class='ocrx_word' id='word_1_387' title='bbox 3920 940 4111 1006; x_wconf 85' lang='lat' dir='ltr'><strong>Color</strong></span> 
     </span>
     <span class='ocr_line' id='line_1_53' title="bbox 2413 1044 4111 1134; baseline -0.001 -23"><span class='ocrx_word' id='word_1_388' title='bbox 2413 1047 2606 1134; x_wconf 87' lang='lat' dir='ltr'><strong>hujus</strong></span> <span class='ocrx_word' id='word_1_389' title='bbox 2633 1045 2749 1111; x_wconf 93' lang='lat' dir='ltr'><strong>loci</strong></span> <span class='ocrx_word' id='word_1_390' title='bbox 2779 1046 3008 1110; x_wconf 89' lang='lat' dir='ltr'><strong>ductus</strong></span> <span class='ocrx_word' id='word_1_391' title='bbox 3036 1045 3285 1112; x_wconf 82' lang='lat' dir='ltr'><strong>videtur</strong></span> <span class='ocrx_word' id='word_1_392' title='bbox 3313 1071 3391 1110; x_wconf 87' lang='lat' dir='ltr'><strong>ex</strong></span> <span class='ocrx_word' id='word_1_393' title='bbox 3421 1046 3801 1111; x_wconf 87' lang='lat' dir='ltr'><strong>nobilissimo</strong></span> <span class='ocrx_word' id='word_1_394' title='bbox 3831 1044 4111 1111; x_wconf 81' lang='lat' dir='ltr'><strong>Platonis</strong></span> 
     </span>
     <span class='ocr_line' id='line_1_54' title="bbox 2409 1148 4100 1237; baseline -0.001 -22"><span class='ocrx_word' id='word_1_395' title='bbox 2409 1149 2547 1215; x_wconf 91' lang='lat' dir='ltr'><strong>loco</strong></span> <span class='ocrx_word' id='word_1_396' title='bbox 2577 1149 2656 1213; x_wconf 91' lang='lat' dir='ltr'><strong>de</strong></span> <span class='ocrx_word' id='word_1_397' title='bbox 2685 1148 3004 1214; x_wconf 88' lang='lat' dir='ltr'><strong>sortitione</strong></span> <span class='ocrx_word' id='word_1_398' title='bbox 3031 1149 3375 1214; x_wconf 88' lang='lat' dir='ltr'><strong>animarum</strong></span> <span class='ocrx_word' id='word_1_399' title='bbox 3405 1150 3470 1213; x_wconf 90' lang='lat' dir='ltr'><strong>in</strong></span> <span class='ocrx_word' id='word_1_400' title='bbox 3501 1149 3687 1237; x_wconf 91' lang='lat' dir='ltr'><strong>Reip.</strong></span> <span class='ocrx_word' id='word_1_401' title='bbox 3719 1148 3878 1214; x_wconf 91' lang='lat' dir='ltr'><strong>libro</strong></span> <span class='ocrx_word' id='word_1_402' title='bbox 3911 1150 4005 1214; x_wconf 94' lang='lat' dir='ltr'><strong>X.</strong></span> <span class='ocrx_word' id='word_1_403' title='bbox 4041 1171 4100 1237; x_wconf 86' lang='lat' dir='ltr'><strong>p.</strong></span> 
     </span>
     <span class='ocr_line' id='line_1_55' title="bbox 2411 1250 3053 1340; baseline -0.006 -22"><span class='ocrx_word' id='word_1_404' title='bbox 2411 1256 2559 1336; x_wconf 90' lang='lat'><strong>617.</strong></span> <span class='ocrx_word' id='word_1_405' title='bbox 2592 1275 2654 1340; x_wconf 91' lang='lat' dir='ltr'><strong>p.</strong></span> <span class='ocrx_word' id='word_1_406' title='bbox 2678 1270 2824 1338; x_wconf 83' lang='lat'><strong>509.</strong></span> <span class='ocrx_word' id='word_1_407' title='bbox 2851 1250 3053 1316; x_wconf 87' lang='lat' dir='ltr'><strong>Bekk.</strong></span> 
     </span>
    </p>

    <p class='ocr_par' dir='ltr' id='par_1_12' title="bbox 2409 1351 4107 2057">
     <span class='ocr_line' id='line_1_56' title="bbox 2495 1351 4103 1445; baseline -0.003 -24"><span class='ocrx_word' id='word_1_408' title='bbox 2495 1380 2558 1445; x_wconf 89' lang='lat' dir='ltr'><strong>p.</strong></span> <span class='ocrx_word' id='word_1_409' title='bbox 2592 1358 2777 1441; x_wconf 89' lang='grc'>1306,</span> <span class='ocrx_word' id='word_1_410' title='bbox 2808 1373 2870 1441; x_wconf 89' lang='grc'><strong>5.</strong></span> <span class='ocrx_word' id='word_1_411' title='bbox 2901 1354 2990 1420; x_wconf 83' lang='grc' dir='ltr'><strong>Τὸ</strong></span> <span class='ocrx_word' id='word_1_412' title='bbox 3016 1359 3133 1437; x_wconf 76' lang='grc' dir='ltr'><strong>γὰρ</strong></span> <span class='ocrx_word' id='word_1_413' title='bbox 3162 1356 3402 1430; x_wconf 78' lang='grc' dir='ltr'>οἰκεῖον,</span> <span class='ocrx_word' id='word_1_414' title='bbox 3436 1356 3488 1417; x_wconf 76' lang='grc' dir='ltr'><strong>εἰ</strong></span> <span class='ocrx_word' id='word_1_415' title='bbox 3512 1353 3593 1433; x_wconf 78' lang='grc' dir='ltr'><strong>μὴ</strong></span> <span class='ocrx_word' id='word_1_416' title='bbox 3621 1351 3849 1437; x_wconf 73' lang='grc' dir='ltr'>ἀγαθὸν</span> <span class='ocrx_word' id='word_1_417' title='bbox 3878 1354 3984 1432; x_wconf 78' lang='grc' dir='ltr'>εἴη,</span> <span class='ocrx_word' id='word_1_418' title='bbox 4018 1354 4103 1416; x_wconf 76' lang='grc' dir='ltr'><strong>οἱ·</strong></span> 
     </span>
     <span class='ocr_line' id='line_1_57' title="bbox 2409 1453 4107 1541; baseline -0.005 -16"><span class='ocrx_word' id='word_1_419' title='bbox 2409 1466 2570 1525; x_wconf 80' lang='grc' dir='ltr'>κεΐον</span> <span class='ocrx_word' id='word_1_420' title='bbox 2614 1458 2727 1540; x_wconf 82' lang='grc' dir='ltr'><strong>μέν</strong></span> <span class='ocrx_word' id='word_1_421' title='bbox 2778 1460 2929 1532; x_wconf 74' lang='grc' dir='ltr'>ἐστι,</span> <span class='ocrx_word' id='word_1_422' title='bbox 2975 1459 3188 1540; x_wconf 80' lang='grc' dir='ltr'>φεύγει</span> <span class='ocrx_word' id='word_1_423' title='bbox 3239 1455 3306 1520; x_wconf 82' lang='grc' dir='ltr'><strong>δέ</strong></span> <span class='ocrx_word' id='word_1_424' title='bbox 3349 1482 3438 1524; x_wconf 88' lang='grc' dir='ltr'><strong>τις</strong></span> <span class='ocrx_word' id='word_1_425' title='bbox 3479 1453 3669 1541; x_wconf 69' lang='grc' dir='ltr'>αὐτό]</span> <span class='ocrx_word' id='word_1_426' title='bbox 3719 1455 4000 1520; x_wconf 88' lang='lat' dir='ltr'><strong>Diotima</strong></span> <span class='ocrx_word' id='word_1_427' title='bbox 4040 1453 4107 1517; x_wconf 90' lang='lat' dir='ltr'><strong>in</strong></span> 
     </span>
     <span class='ocr_line' id='line_1_58' title="bbox 2410 1551 4104 1647; baseline -0.005 -18"><span class='ocrx_word' id='word_1_428' title='bbox 2410 1562 2690 1629; x_wconf 88' lang='lat' dir='ltr'><strong>Platonis</strong></span> <span class='ocrx_word' id='word_1_429' title='bbox 2720 1560 2984 1626; x_wconf 85' lang='lat' dir='ltr'><strong>Conviv.</strong></span> <span class='ocrx_word' id='word_1_430' title='bbox 3029 1583 3093 1647; x_wconf 89' lang='lat' dir='ltr'><strong>p.</strong></span> <span class='ocrx_word' id='word_1_431' title='bbox 3129 1577 3276 1645; x_wconf 92' lang='grc'><strong>205.</strong></span> <span class='ocrx_word' id='word_1_432' title='bbox 3304 1561 3383 1623; x_wconf 89' lang='grc' dir='ltr'><strong>Ε.</strong></span> <span class='ocrx_word' id='word_1_433' title='bbox 3413 1582 3478 1647; x_wconf 91' lang='lat' dir='ltr'><strong>p.</strong></span> <span class='ocrx_word' id='word_1_434' title='bbox 3503 1578 3651 1644; x_wconf 85' lang='lat'><strong>434.</strong></span> <span class='ocrx_word' id='word_1_435' title='bbox 3687 1556 3929 1623; x_wconf 86' lang='lat' dir='ltr'><strong>Bekk.:</strong></span> <span class='ocrx_word' id='word_1_436' title='bbox 3977 1559 4011 1621; x_wconf 89' lang='lat'><em>6</em></span> <span class='ocrx_word' id='word_1_437' title='bbox 4056 1551 4104 1620; x_wconf 84' lang='grc' dir='ltr'><strong>δ’</strong></span> 
     </span>
     <span class='ocr_line' id='line_1_59' title="bbox 2411 1657 4104 1749; baseline -0.005 -17"><span class='ocrx_word' id='word_1_438' title='bbox 2411 1667 2548 1748; x_wconf 74' lang='grc' dir='ltr'>ἐμὸς</span> <span class='ocrx_word' id='word_1_439' title='bbox 2576 1663 2758 1749; x_wconf 80' lang='grc' dir='ltr'>λόγος</span> <span class='ocrx_word' id='word_1_440' title='bbox 2787 1662 2909 1729; x_wconf 82' lang='grc' dir='ltr'>οὗθ’</span> <span class='ocrx_word' id='word_1_441' title='bbox 2938 1659 3181 1744; x_wconf 86' lang='grc' dir='ltr'>ἡμίσεός</span> <span class='ocrx_word' id='word_1_442' title='bbox 3209 1673 3399 1744; x_wconf 88' lang='grc' dir='ltr'>φησιν</span> <span class='ocrx_word' id='word_1_443' title='bbox 3430 1661 3581 1727; x_wconf 77' lang='grc' dir='ltr'>εἶναι</span> <span class='ocrx_word' id='word_1_444' title='bbox 3608 1662 3716 1726; x_wconf 85' lang='grc' dir='ltr'><strong>τὸν</strong></span> <span class='ocrx_word' id='word_1_445' title='bbox 3745 1662 3952 1744; x_wconf 82' lang='grc' dir='ltr'>ἔρωτα,</span> <span class='ocrx_word' id='word_1_446' title='bbox 3983 1657 4104 1724; x_wconf 79' lang='grc' dir='ltr'>οὐθ’</span> 
     </span>
     <span class='ocr_line' id='line_1_60' title="bbox 2409 1761 4102 1850; baseline -0.005 -16"><span class='ocrx_word' id='word_1_447' title='bbox 2409 1772 2576 1843; x_wconf 79' lang='grc' dir='ltr'>ὅλου,</span> <span class='ocrx_word' id='word_1_448' title='bbox 2610 1771 2717 1833; x_wconf 77' lang='grc' dir='ltr'><strong>ἐὰν</strong></span> <span class='ocrx_word' id='word_1_449' title='bbox 2743 1768 2823 1848; x_wconf 73' lang='grc' dir='ltr'><strong>μὴ</strong></span> <span class='ocrx_word' id='word_1_450' title='bbox 2850 1765 3114 1850; x_wconf 78' lang='grc' dir='ltr'>τυγχάνῃ</span> <span class='ocrx_word' id='word_1_451' title='bbox 3155 1764 3230 1847; x_wconf 74' lang='grc' dir='ltr'><strong>γέ</strong></span> <span class='ocrx_word' id='word_1_452' title='bbox 3264 1791 3398 1839; x_wconf 84' lang='grc' dir='ltr'>που,</span> <span class='ocrx_word' id='word_1_453' title='bbox 3431 1762 3478 1828; x_wconf 76' lang='grc' dir='ltr'><em>ὦ</em></span> <span class='ocrx_word' id='word_1_454' title='bbox 3508 1768 3720 1846; x_wconf 81' lang='grc' dir='ltr'>ἑταῖρε,</span> <span class='ocrx_word' id='word_1_455' title='bbox 3754 1763 3983 1846; x_wconf 78' lang='grc' dir='ltr'>ἀγαθὸν</span> <span class='ocrx_word' id='word_1_456' title='bbox 4012 1761 4102 1836; x_wconf 77' lang='grc' dir='ltr'><strong>ὃν,</strong></span> 
     </span>
     <span class='ocr_line' id='line_1_61' title="bbox 2412 1866 4103 1953; baseline -0.005 -15"><span class='ocrx_word' id='word_1_457' title='bbox 2412 1873 2541 1938; x_wconf 76' lang='grc' dir='ltr'>ἐπεὶ</span> <span class='ocrx_word' id='word_1_458' title='bbox 2571 1874 2762 1935; x_wconf 84' lang='grc' dir='ltr'>αὑτῶν</span> <span class='ocrx_word' id='word_1_459' title='bbox 2787 1896 2862 1953; x_wconf 87' lang='grc' dir='ltr'><strong>γε</strong></span> <span class='ocrx_word' id='word_1_460' title='bbox 2891 1871 2987 1933; x_wconf 88' lang='grc' dir='ltr'>καὶ</span> <span class='ocrx_word' id='word_1_461' title='bbox 3014 1866 3200 1935; x_wconf 80' lang='grc' dir='ltr'>πόδας</span> <span class='ocrx_word' id='word_1_462' title='bbox 3237 1869 3333 1932; x_wconf 84' lang='grc' dir='ltr'>καὶ</span> <span class='ocrx_word' id='word_1_463' title='bbox 3368 1873 3575 1951; x_wconf 82' lang='grc' dir='ltr'>χεῖρας</span> <span class='ocrx_word' id='word_1_464' title='bbox 3613 1867 3928 1931; x_wconf 76' lang='grc' dir='ltr'>ἐθέλουσιν</span> <span class='ocrx_word' id='word_1_465' title='bbox 3956 1869 4103 1931; x_wconf 77' lang='grc' dir='ltr'>ἆπο·</span> 
     </span>
     <span class='ocr_line' id='line_1_62' title="bbox 2409 1972 4107 2057; baseline -0.004 -17"><span class='ocrx_word' id='word_1_466' title='bbox 2409 1975 2729 2057; x_wconf 81' lang='grc' dir='ltr'>τέμνεσθαι</span> <span class='ocrx_word' id='word_1_467' title='bbox 2767 1975 2827 2037; x_wconf 79' lang='grc' dir='ltr'><strong>οἱ</strong></span> <span class='ocrx_word' id='word_1_468' title='bbox 2863 1973 3181 2053; x_wconf 79' lang='grc' dir='ltr'>ἄνθρωποι,</span> <span class='ocrx_word' id='word_1_469' title='bbox 3213 1973 3320 2034; x_wconf 74' lang='grc' dir='ltr'><strong>ἐὰν</strong></span> <span class='ocrx_word' id='word_1_470' title='bbox 3349 1972 3545 2038; x_wconf 80' lang='grc' dir='ltr'>αὐτοῖς</span> <span class='ocrx_word' id='word_1_471' title='bbox 3582 1974 3722 2051; x_wconf 77' lang='grc' dir='ltr'>δοκῇ</span> <span class='ocrx_word' id='word_1_472' title='bbox 3766 1973 3840 2034; x_wconf 79' lang='grc' dir='ltr'><em>τᾶ</em></span> <span class='ocrx_word' id='word_1_473' title='bbox 3885 1973 4107 2034; x_wconf 78' lang='grc' dir='ltr'>ἑαυτῶν</span> 
     </span>
    </p>
   </div>
   <div class='ocr_carea' id='block_1_9' title="bbox 2400 2073 4187 4846">
    <p class='ocr_par' dir='ltr' id='par_1_13' title="bbox 2401 2073 4187 2984">
     <span class='ocr_line' id='line_1_63' title="bbox 2408 2073 4107 2159; baseline -0.005 -15"><span class='ocrx_word' id='word_1_474' title='bbox 2408 2081 2640 2159; x_wconf 72' lang='grc' dir='ltr'>πονηρὰ</span> <span class='ocrx_word' id='word_1_475' title='bbox 2691 2075 2863 2140; x_wconf 78' lang='grc' dir='ltr'>εἶναι.</span> <span class='ocrx_word' id='word_1_476' title='bbox 2925 2074 2994 2138; x_wconf 84' lang='grc' dir='ltr'><strong>οὗ</strong></span> <span class='ocrx_word' id='word_1_477' title='bbox 3043 2076 3158 2156; x_wconf 76' lang='grc' dir='ltr'><strong>γὰρ</strong></span> <span class='ocrx_word' id='word_1_478' title='bbox 3208 2077 3281 2137; x_wconf 78' lang='grc' dir='ltr'><strong>τὰ</strong></span> <span class='ocrx_word' id='word_1_479' title='bbox 3332 2076 3572 2148; x_wconf 78' lang='grc' dir='ltr'>ἑαυτῶν,</span> <span class='ocrx_word' id='word_1_480' title='bbox 3627 2073 3808 2153; x_wconf 78' lang='grc' dir='ltr'>οἶμαι,</span> <span class='ocrx_word' id='word_1_481' title='bbox 3866 2073 4107 2136; x_wconf 79' lang='grc' dir='ltr'>ἕκαστοι</span> 
     </span>
     <span class='ocr_line' id='line_1_64' title="bbox 2410 2175 4109 2258; baseline -0.005 -12"><span class='ocrx_word' id='word_1_482' title='bbox 2410 2180 2792 2256; x_wconf 79' lang='grc' dir='ltr'>ἀσπάζονται,</span> <span class='ocrx_word' id='word_1_483' title='bbox 2817 2180 2869 2242; x_wconf 72' lang='grc' dir='ltr'><strong>εἰ</strong></span> <span class='ocrx_word' id='word_1_484' title='bbox 2894 2178 2975 2257; x_wconf 79' lang='grc' dir='ltr'><strong>μὴ</strong></span> <span class='ocrx_word' id='word_1_485' title='bbox 3005 2179 3061 2241; x_wconf 78' lang='grc' dir='ltr'><strong>εἴ</strong></span> <span class='ocrx_word' id='word_1_486' title='bbox 3085 2202 3171 2243; x_wconf 86' lang='grc' dir='ltr'><strong>τις</strong></span> <span class='ocrx_word' id='word_1_487' title='bbox 3199 2175 3266 2240; x_wconf 82' lang='grc' dir='ltr'><strong>τὸ</strong></span> <span class='ocrx_word' id='word_1_488' title='bbox 3294 2178 3406 2255; x_wconf 77' lang='grc' dir='ltr'><strong>μὲν</strong></span> <span class='ocrx_word' id='word_1_489' title='bbox 3428 2175 3656 2258; x_wconf 81' lang='grc' dir='ltr'>ἀγαθὸν</span> <span class='ocrx_word' id='word_1_490' title='bbox 3684 2178 3903 2239; x_wconf 77' lang='grc' dir='ltr'>οἰκεῖον</span> <span class='ocrx_word' id='word_1_491' title='bbox 3933 2180 4109 2239; x_wconf 76' lang='grc' dir='ltr'>καλεῖ</span> 
     </span>
     <span class='ocr_line' id='line_1_65' title="bbox 2408 2277 4100 2361; baseline -0.004 -14"><span class='ocrx_word' id='word_1_492' title='bbox 2408 2284 2504 2348; x_wconf 80' lang='grc' dir='ltr'>καὶ</span> <span class='ocrx_word' id='word_1_493' title='bbox 2534 2285 2761 2355; x_wconf 72' lang='grc' dir='ltr'>ἑαυτοῦ,</span> <span class='ocrx_word' id='word_1_494' title='bbox 2785 2280 2854 2343; x_wconf 83' lang='grc' dir='ltr'><strong>τὸ</strong></span> <span class='ocrx_word' id='word_1_495' title='bbox 2877 2282 2943 2343; x_wconf 78' lang='grc' dir='ltr'><strong>δὲ</strong></span> <span class='ocrx_word' id='word_1_496' title='bbox 2973 2278 3151 2343; x_wconf 85' lang='grc' dir='ltr'>κακὸν</span> <span class='ocrx_word' id='word_1_497' title='bbox 3173 2277 3514 2361; x_wconf 78' lang='grc' dir='ltr'>ἀλλότριον·</span> <span class='ocrx_word' id='word_1_498' title='bbox 3549 2279 3625 2345; x_wconf 80' lang='grc' dir='ltr'>ὡς</span> <span class='ocrx_word' id='word_1_499' title='bbox 3653 2277 3827 2342; x_wconf 78' lang='grc' dir='ltr'>οὐδέν</span> <span class='ocrx_word' id='word_1_500' title='bbox 3848 2303 3923 2360; x_wconf 93' lang='grc' dir='ltr'><strong>γε</strong></span> <span class='ocrx_word' id='word_1_501' title='bbox 3943 2278 4100 2342; x_wconf 81' lang='grc' dir='ltr'>ἄλλο</span> 
     </span>
     <span class='ocr_line' id='line_1_66' title="bbox 2406 2379 4098 2467; baseline -0.005 -16"><span class='ocrx_word' id='word_1_502' title='bbox 2406 2387 2574 2451; x_wconf 76' lang='grc' dir='ltr'>ἐστὶν</span> <span class='ocrx_word' id='word_1_503' title='bbox 2602 2385 2671 2449; x_wconf 84' lang='grc' dir='ltr'><strong>οὗ</strong></span> <span class='ocrx_word' id='word_1_504' title='bbox 2703 2386 2917 2467; x_wconf 76' lang='grc' dir='ltr'>ἐρῶσιν</span> <span class='ocrx_word' id='word_1_505' title='bbox 2945 2384 3262 2465; x_wconf 85' lang='grc' dir='ltr'>ἄνθρωποι,</span> <span class='ocrx_word' id='word_1_506' title='bbox 3291 2380 3327 2461; x_wconf 83' lang='grc' dir='ltr'>ἢ</span> <span class='ocrx_word' id='word_1_507' title='bbox 3367 2386 3470 2445; x_wconf 83' lang='grc' dir='ltr'><strong>τοῦ</strong></span> <span class='ocrx_word' id='word_1_508' title='bbox 3510 2382 3758 2463; x_wconf 85' lang='grc' dir='ltr'>ἆγαθοΰ.</span> <span class='ocrx_word' id='word_1_509' title='bbox 3847 2379 3959 2443; x_wconf 89' lang='lat' dir='ltr'><strong>Ad</strong></span> <span class='ocrx_word' id='word_1_510' title='bbox 3989 2403 4098 2443; x_wconf 85' lang='lat' dir='ltr'><strong>ex-</strong></span> 
     </span>
     <span class='ocr_line' id='line_1_67' title="bbox 2406 2483 4102 2571; baseline -0.004 -18"><span class='ocrx_word' id='word_1_511' title='bbox 2406 2503 2604 2554; x_wconf 85' lang='lat' dir='ltr'><strong>trema</strong></span> <span class='ocrx_word' id='word_1_512' title='bbox 2644 2486 2873 2552; x_wconf 88' lang='lat' dir='ltr'><strong>adhibe</strong></span> <span class='ocrx_word' id='word_1_513' title='bbox 2903 2484 3223 2550; x_wconf 87' lang='lat' dir='ltr'><strong>Charmid.</strong></span> <span class='ocrx_word' id='word_1_514' title='bbox 3256 2507 3324 2571; x_wconf 93' lang='lat' dir='ltr'><strong>p.</strong></span> <span class='ocrx_word' id='word_1_515' title='bbox 3358 2485 3498 2570; x_wconf 88' lang='lat'><strong>163.</strong></span> <span class='ocrx_word' id='word_1_516' title='bbox 3532 2484 3605 2548; x_wconf 88' lang='lat' dir='ltr'><strong>C.</strong></span> <span class='ocrx_word' id='word_1_517' title='bbox 3695 2483 3916 2547; x_wconf 85' lang='lat' dir='ltr'><strong>Priora</strong></span> <span class='ocrx_word' id='word_1_518' title='bbox 3955 2495 4102 2546; x_wconf 89' lang='lat' dir='ltr'><strong>ante</strong></span> 
     </span>
     <span class='ocr_line' id='line_1_68' title="bbox 2401 2585 4104 2675; baseline -0.004 -20"><span class='ocrx_word' id='word_1_519' title='bbox 2401 2588 2616 2655; x_wconf 90' lang='lat' dir='ltr'><strong>oculos</strong></span> <span class='ocrx_word' id='word_1_520' title='bbox 2642 2589 2870 2654; x_wconf 84' lang='lat' dir='ltr'><strong>habere</strong></span> <span class='ocrx_word' id='word_1_521' title='bbox 2900 2587 3149 2652; x_wconf 84' lang='lat' dir='ltr'><strong>videtur</strong></span> <span class='ocrx_word' id='word_1_522' title='bbox 3178 2585 3569 2675; x_wconf 88' lang='lat' dir='ltr'><strong>Porphyrius</strong></span> <span class='ocrx_word' id='word_1_523' title='bbox 3596 2586 3660 2651; x_wconf 90' lang='lat' dir='ltr'><strong>in</strong></span> <span class='ocrx_word' id='word_1_524' title='bbox 3691 2585 3977 2674; x_wconf 90' lang='lat' dir='ltr'><strong>Epistola</strong></span> <span class='ocrx_word' id='word_1_525' title='bbox 4018 2585 4104 2650; x_wconf 87' lang='lat' dir='ltr'><strong>ad</strong></span> 
     </span>
     <span class='ocr_line' id='line_1_69' title="bbox 2404 2687 4187 2777; baseline -0.004 -19"><span class='ocrx_word' id='word_1_526' title='bbox 2404 2691 2768 2758; x_wconf 89' lang='lat' dir='ltr'><strong>Marcellam</strong></span> <span class='ocrx_word' id='word_1_527' title='bbox 2815 2715 2873 2757; x_wconf 88' lang='lat' dir='ltr'><strong>c.</strong></span> <span class='ocrx_word' id='word_1_528' title='bbox 2908 2692 3260 2756; x_wconf 90' lang='lat' dir='ltr'><strong>XXXIV.</strong></span> <span class='ocrx_word' id='word_1_529' title='bbox 3292 2712 3359 2777; x_wconf 91' lang='lat' dir='ltr'><strong>p.</strong></span> <span class='ocrx_word' id='word_1_530' title='bbox 3389 2690 3496 2775; x_wconf 82' lang='lat'><strong>36,</strong></span> <span class='ocrx_word' id='word_1_531' title='bbox 3525 2688 3625 2753; x_wconf 90' lang='lat' dir='ltr'><strong>cui</strong></span> <span class='ocrx_word' id='word_1_532' title='bbox 3667 2711 3871 2776; x_wconf 91' lang='lat' dir='ltr'><strong>nuper</strong></span> <span class='ocrx_word' id='word_1_533' title='bbox 3909 2687 4105 2753; x_wconf 88' lang='lat' dir='ltr'><strong>medi·</strong></span> <span class='ocrx_word' id='word_1_534' title='bbox 4176 2713 4187 2723; x_wconf 91' lang='lat'><strong>·</strong></span> 
     </span>
     <span class='ocr_line' id='line_1_70' title="bbox 2402 2791 4103 2881; baseline -0.003 -20"><span class='ocrx_word' id='word_1_535' title='bbox 2402 2820 2538 2861; x_wconf 83' lang='lat' dir='ltr'><strong>cam</strong></span> <span class='ocrx_word' id='word_1_536' title='bbox 2585 2818 2838 2861; x_wconf 90' lang='lat' dir='ltr'><strong>manum</strong></span> <span class='ocrx_word' id='word_1_537' title='bbox 2882 2793 3170 2859; x_wconf 86' lang='lat' dir='ltr'><strong>adhibuit</strong></span> <span class='ocrx_word' id='word_1_538' title='bbox 3211 2791 3703 2881; x_wconf 86' lang='lat' dir='ltr'><strong>elegantissimus</strong></span> <span class='ocrx_word' id='word_1_539' title='bbox 3739 2791 3993 2860; x_wconf 85' lang='lat' dir='ltr'><strong>Jacobs.</strong></span> <span class='ocrx_word' id='word_1_540' title='bbox 4037 2791 4103 2856; x_wconf 87' lang='lat' dir='ltr'><strong>in</strong></span> 
     </span>
     <span class='ocr_line' id='line_1_71' title="bbox 2403 2898 3552 2984; baseline -0.002 -20"><span class='ocrx_word' id='word_1_541' title='bbox 2403 2899 2805 2965; x_wconf 87' lang='lat' dir='ltr'><strong>Lectionibus</strong></span> <span class='ocrx_word' id='word_1_542' title='bbox 2838 2898 3157 2964; x_wconf 87' lang='lat' dir='ltr'><strong>Stobenss.</strong></span> <span class='ocrx_word' id='word_1_543' title='bbox 3189 2920 3255 2984; x_wconf 77' lang='lat' dir='ltr'><strong>p.</strong></span> <span class='ocrx_word' id='word_1_544' title='bbox 3283 2898 3390 2982; x_wconf 82' lang='lat'><strong>63.</strong></span> <span class='ocrx_word' id='word_1_545' title='bbox 3423 2910 3552 2962; x_wconf 90' lang='lat' dir='ltr'><strong>not.</strong></span> 
     </span>
    </p>

    <p class='ocr_par' dir='ltr' id='par_1_14' title="bbox 2400 2996 4105 4846">
     <span class='ocr_line' id='line_1_72' title="bbox 2467 2996 4105 3085; baseline -0.001 -20"><span class='ocrx_word' id='word_1_546' title='bbox 2467 3040 2556 3052; x_wconf 92' lang='lat'>-</span> <span class='ocrx_word' id='word_1_547' title='bbox 2580 3023 2680 3083; x_wconf 90' lang='lat'><strong>14.</strong></span> <span class='ocrx_word' id='word_1_548' title='bbox 2707 3003 2802 3067; x_wconf 81' lang='grc' dir='ltr'>καὶ</span> <span class='ocrx_word' id='word_1_549' title='bbox 2822 3007 2927 3066; x_wconf 85' lang='grc' dir='ltr'><strong>τοῦ</strong></span> <span class='ocrx_word' id='word_1_550' title='bbox 2948 2996 3611 3085; x_wconf 58' lang='grc' dir='ltr'>φωτὸς-Ὓλιχόμενος]</span> <span class='ocrx_word' id='word_1_551' title='bbox 3640 2998 3827 3078; x_wconf 84' lang='lat' dir='ltr'><strong>Quod</strong></span> <span class='ocrx_word' id='word_1_552' title='bbox 3850 2999 3914 3063; x_wconf 89' lang='lat' dir='ltr'><strong>in</strong></span> <span class='ocrx_word' id='word_1_553' title='bbox 3938 3022 4105 3064; x_wconf 84' lang='lat' dir='ltr'><strong>novo</strong></span> 
     </span>
     <span class='ocr_line' id='line_1_73' title="bbox 2408 3102 4098 3192; baseline -0.002 -22"><span class='ocrx_word' id='word_1_554' title='bbox 2408 3105 2740 3171; x_wconf 87' lang='lat' dir='ltr'><strong>Thesauro</strong></span> <span class='ocrx_word' id='word_1_555' title='bbox 2786 3105 3087 3192; x_wconf 91' lang='lat' dir='ltr'><strong>Stephan.</strong></span> <span class='ocrx_word' id='word_1_556' title='bbox 3134 3102 3412 3168; x_wconf 91' lang='lat' dir='ltr'><strong>Londin.</strong></span> <span class='ocrx_word' id='word_1_557' title='bbox 3469 3126 3533 3191; x_wconf 91' lang='lat' dir='ltr'><strong>p.</strong></span> <span class='ocrx_word' id='word_1_558' title='bbox 3575 3122 3771 3188; x_wconf 86' lang='lat'><strong>3004.</strong></span> <span class='ocrx_word' id='word_1_559' title='bbox 3830 3127 3919 3189; x_wconf 85' lang='lat' dir='ltr'><strong>sq.</strong></span> <span class='ocrx_word' id='word_1_560' title='bbox 3976 3124 4098 3167; x_wconf 93' lang='lat' dir='ltr'><strong>non</strong></span> 
     </span>
     <span class='ocr_line' id='line_1_74' title="bbox 2403 3205 4098 3296; baseline -0.001 -23"><span class='ocrx_word' id='word_1_561' title='bbox 2403 3208 2835 3295; x_wconf 89' lang='lat' dir='ltr'><strong>consignatum</strong></span> <span class='ocrx_word' id='word_1_562' title='bbox 2867 3206 3131 3296; x_wconf 81' lang='lat' dir='ltr'><strong>reperiO,</strong></span> <span class='ocrx_word' id='word_1_563' title='bbox 3153 3205 3516 3295; x_wconf 89' lang='lat' dir='ltr'><strong>Etymolog.</strong></span> <span class='ocrx_word' id='word_1_564' title='bbox 3539 3206 3711 3270; x_wconf 89' lang='lat' dir='ltr'><strong>Gud.</strong></span> <span class='ocrx_word' id='word_1_565' title='bbox 3743 3230 3806 3294; x_wconf 88' lang='lat' dir='ltr'><strong>p.</strong></span> <span class='ocrx_word' id='word_1_566' title='bbox 3833 3207 3974 3271; x_wconf 86' lang='lat'><strong>126.</strong></span> <span class='ocrx_word' id='word_1_567' title='bbox 3993 3226 4098 3290; x_wconf 86' lang='lat'><strong>49.</strong></span> 
     </span>
     <span class='ocr_line' id='line_1_75' title="bbox 2404 3309 4102 3398; baseline -0.001 -22"><span class='ocrx_word' id='word_1_568' title='bbox 2404 3332 2516 3398; x_wconf 84' lang='lat'><strong>50:</strong></span> <span class='ocrx_word' id='word_1_569' title='bbox 2551 3309 2939 3396; x_wconf 87' lang='grc' dir='ltr'>Γλιχόμενος,</span> <span class='ocrx_word' id='word_1_570' title='bbox 2967 3317 3260 3394; x_wconf 80' lang='grc' dir='ltr'>καρτερῶν</span> <span class='ocrx_word' id='word_1_571' title='bbox 3280 3309 3316 3390; x_wconf 87' lang='grc' dir='ltr'>ἢ</span> <span class='ocrx_word' id='word_1_572' title='bbox 3340 3312 3652 3390; x_wconf 77' lang='grc' dir='ltr'>ἐπιθυμῶν,</span> <span class='ocrx_word' id='word_1_573' title='bbox 3677 3313 3837 3392; x_wconf 75' lang='grc' dir='ltr'>παρὰ</span> <span class='ocrx_word' id='word_1_574' title='bbox 3864 3309 3931 3375; x_wconf 82' lang='grc' dir='ltr'><strong>τὸ</strong></span> <span class='ocrx_word' id='word_1_575' title='bbox 3959 3312 4102 3375; x_wconf 82' lang='grc' dir='ltr'>λίαν</span> 
     </span>
     <span class='ocr_line' id='line_1_76' title="bbox 2406 3410 4094 3499; baseline -0.001 -20"><span class='ocrx_word' id='word_1_576' title='bbox 2406 3415 2665 3499; x_wconf 80' lang='grc' dir='ltr'>ἔχεσθαί</span> <span class='ocrx_word' id='word_1_577' title='bbox 2693 3440 2871 3482; x_wconf 88' lang='grc' dir='ltr'>τινος.</span> <span class='ocrx_word' id='word_1_578' title='bbox 2916 3410 3317 3478; x_wconf 78' lang='grc' dir='ltr'>συντάσσεται</span> <span class='ocrx_word' id='word_1_579' title='bbox 3351 3416 3503 3492; x_wconf 78' lang='grc' dir='ltr'>μετὰ</span> <span class='ocrx_word' id='word_1_580' title='bbox 3535 3418 3769 3494; x_wconf 78' lang='grc' dir='ltr'>γενικῆς</span> <span class='ocrx_word' id='word_1_581' title='bbox 3808 3414 3904 3477; x_wconf 89' lang='grc' dir='ltr'>καὶ</span> <span class='ocrx_word' id='word_1_582' title='bbox 3943 3419 4094 3477; x_wconf 86' lang='grc' dir='ltr'>δοτι-</span> 
     </span>
     <span class='ocr_line' id='line_1_77' title="bbox 2408 3513 4097 3599; baseline -0.004 -14"><span class='ocrx_word' id='word_1_583' title='bbox 2408 3523 2526 3599; x_wconf 84' lang='grc' dir='ltr'>κῆς,</span> <span class='ocrx_word' id='word_1_584' title='bbox 2557 3516 2714 3582; x_wconf 90' lang='lat' dir='ltr'><strong>illud</strong></span> <span class='ocrx_word' id='word_1_585' title='bbox 2766 3540 2865 3581; x_wconf 89' lang='lat' dir='ltr'><strong>me</strong></span> <span class='ocrx_word' id='word_1_586' title='bbox 2906 3515 3195 3581; x_wconf 83' lang='lat' dir='ltr'><strong>advertit.</strong></span> <span class='ocrx_word' id='word_1_587' title='bbox 3288 3515 3516 3578; x_wconf 88' lang='lat' dir='ltr'><strong>Utrum</strong></span> <span class='ocrx_word' id='word_1_588' title='bbox 3563 3513 3738 3578; x_wconf 88' lang='lat' dir='ltr'><strong>locus</strong></span> <span class='ocrx_word' id='word_1_589' title='bbox 3779 3537 3986 3594; x_wconf 88' lang='lat' dir='ltr'><strong>sanus,</strong></span> <span class='ocrx_word' id='word_1_590' title='bbox 4017 3539 4097 3580; x_wconf 92' lang='lat' dir='ltr'><strong>an</strong></span> 
     </span>
     <span class='ocr_line' id='line_1_78' title="bbox 2405 3617 4102 3708; baseline -0.001 -23"><span class='ocrx_word' id='word_1_591' title='bbox 2405 3619 2741 3708; x_wconf 86' lang='lat' dir='ltr'><strong>legendum</strong></span> <span class='ocrx_word' id='word_1_592' title='bbox 2772 3621 2867 3684; x_wconf 85' lang='grc' dir='ltr'>καὶ</span> <span class='ocrx_word' id='word_1_593' title='bbox 2897 3621 3243 3698; x_wconf 75' lang='grc' dir='ltr'>αἰτιατικῆςὲ</span> <span class='ocrx_word' id='word_1_594' title='bbox 3282 3618 3428 3682; x_wconf 90' lang='lat' dir='ltr'><strong>Hoc</strong></span> <span class='ocrx_word' id='word_1_595' title='bbox 3454 3639 3690 3681; x_wconf 88' lang='lat' dir='ltr'><strong>censeo.</strong></span> <span class='ocrx_word' id='word_1_596' title='bbox 3737 3617 3881 3681; x_wconf 84' lang='lat' dir='ltr'><strong>vid.</strong></span> <span class='ocrx_word' id='word_1_597' title='bbox 3910 3619 4102 3683; x_wconf 84' lang='lat' dir='ltr'><strong>Scho-</strong></span> 
     </span>
     <span class='ocr_line' id='line_1_79' title="bbox 2404 3719 4097 3808; baseline 0 -22"><span class='ocrx_word' id='word_1_598' title='bbox 2404 3721 2563 3788; x_wconf 89' lang='lat' dir='ltr'><strong>liast.</strong></span> <span class='ocrx_word' id='word_1_599' title='bbox 2597 3721 2853 3787; x_wconf 90' lang='lat' dir='ltr'><strong>Luciani</strong></span> <span class='ocrx_word' id='word_1_600' title='bbox 2891 3720 2972 3786; x_wconf 91' lang='lat' dir='ltr'><strong>ad</strong></span> <span class='ocrx_word' id='word_1_601' title='bbox 3003 3720 3261 3786; x_wconf 69' lang='lat' dir='ltr'><strong>Aetion.</strong></span> <span class='ocrx_word' id='word_1_602' title='bbox 3307 3743 3371 3808; x_wconf 91' lang='lat' dir='ltr'><strong>p.</strong></span> <span class='ocrx_word' id='word_1_603' title='bbox 3406 3720 3552 3805; x_wconf 83' lang='lat'><strong>833.</strong></span> <span class='ocrx_word' id='word_1_604' title='bbox 3594 3719 3696 3785; x_wconf 89' lang='lat' dir='ltr'><strong>ed.</strong></span> <span class='ocrx_word' id='word_1_605' title='bbox 3729 3723 3936 3786; x_wconf 90' lang='lat' dir='ltr'><strong>Amst.</strong></span> <span class='ocrx_word' id='word_1_606' title='bbox 3988 3723 4097 3804; x_wconf 85' lang='lat' dir='ltr'><strong>(ad</strong></span> 
     </span>
     <span class='ocr_line' id='line_1_80' title="bbox 2404 3820 4096 3909; baseline -0.001 -19"><span class='ocrx_word' id='word_1_607' title='bbox 2404 3826 2599 3890; x_wconf 83' lang='lat' dir='ltr'><strong>verba</strong></span> <span class='ocrx_word' id='word_1_608' title='bbox 2642 3827 2807 3905; x_wconf 86' lang='grc' dir='ltr'>ἥκειν</span> <span class='ocrx_word' id='word_1_609' title='bbox 2847 3826 2907 3888; x_wconf 79' lang='grc' dir='ltr'><strong>οἱ</strong></span> <span class='ocrx_word' id='word_1_610' title='bbox 2949 3826 3197 3904; x_wconf 83' lang='grc' dir='ltr'>νομίσας</span> <span class='ocrx_word' id='word_1_611' title='bbox 3240 3821 3346 3887; x_wconf 80' lang='grc' dir='ltr'><strong>τὸν</strong></span> <span class='ocrx_word' id='word_1_612' title='bbox 3387 3820 3610 3905; x_wconf 82' lang='grc' dir='ltr'>καιρὸν,</span> <span class='ocrx_word' id='word_1_613' title='bbox 3641 3824 3711 3887; x_wconf 82' lang='grc' dir='ltr'><strong>οὗ</strong></span> <span class='ocrx_word' id='word_1_614' title='bbox 3754 3821 3873 3909; x_wconf 89' lang='lat' dir='ltr'><strong>[ita</strong></span> <span class='ocrx_word' id='word_1_615' title='bbox 3907 3825 4096 3889; x_wconf 87' lang='lat' dir='ltr'><strong>corri-</strong></span> 
     </span>
     <span class='ocr_line' id='line_1_81' title="bbox 2404 3926 4094 4018; baseline 0 -25"><span class='ocrx_word' id='word_1_616' title='bbox 2404 3928 2683 4018; x_wconf 84' lang='lat' dir='ltr'><strong>gendum</strong></span> <span class='ocrx_word' id='word_1_617' title='bbox 2726 3926 2893 3992; x_wconf 85' lang='lat' dir='ltr'><strong>istud</strong></span> <span class='ocrx_word' id='word_1_618' title='bbox 2938 3928 3038 4016; x_wconf 81' lang='grc' dir='ltr'><strong>οὗ]</strong></span> <span class='ocrx_word' id='word_1_619' title='bbox 3084 3926 3351 4008; x_wconf 86' lang='grc' dir='ltr'>μάλιστα</span> <span class='ocrx_word' id='word_1_620' title='bbox 3394 3927 3741 4012; x_wconf 78' lang='grc' dir='ltr'>ἑγλίχετο);</span> <span class='ocrx_word' id='word_1_621' title='bbox 3791 3930 4094 4012; x_wconf 86' lang='grc' dir='ltr'>γλίχομαι·</span> 
     </span>
     <span class='ocr_line' id='line_1_82' title="bbox 2402 4030 4091 4121; baseline 0.001 -23"><span class='ocrx_word' id='word_1_622' title='bbox 2402 4035 2546 4098; x_wconf 81' lang='grc' dir='ltr'>λίαν</span> <span class='ocrx_word' id='word_1_623' title='bbox 2577 4032 2808 4117; x_wconf 81' lang='grc' dir='ltr'>ἔχομαι.</span> <span class='ocrx_word' id='word_1_624' title='bbox 2851 4035 3057 4114; x_wconf 76' lang='grc' dir='ltr'>γενικῇ</span> <span class='ocrx_word' id='word_1_625' title='bbox 3089 4031 3183 4096; x_wconf 80' lang='grc' dir='ltr'>καὶ</span> <span class='ocrx_word' id='word_1_626' title='bbox 3212 4033 3518 4112; x_wconf 76' lang='grc' dir='ltr'>αἰτιατικῇ.</span> <span class='ocrx_word' id='word_1_627' title='bbox 3586 4030 3691 4096; x_wconf 88' lang='lat' dir='ltr'><strong>Cf.</strong></span> <span class='ocrx_word' id='word_1_628' title='bbox 3722 4031 3902 4097; x_wconf 91' lang='lat' dir='ltr'><strong>Suid.</strong></span> <span class='ocrx_word' id='word_1_629' title='bbox 3938 4034 3995 4099; x_wconf 91' lang='lat' dir='ltr'><strong>I.</strong></span> <span class='ocrx_word' id='word_1_630' title='bbox 4029 4057 4091 4121; x_wconf 92' lang='lat' dir='ltr'><strong>p.</strong></span> 
     </span>
     <span class='ocr_line' id='line_1_83' title="bbox 2400 4133 4095 4224; baseline 0.001 -24"><span class='ocrx_word' id='word_1_631' title='bbox 2400 4137 2550 4216; x_wconf 89' lang='lat'><strong>484.</strong></span> <span class='ocrx_word' id='word_1_632' title='bbox 2589 4135 2780 4198; x_wconf 85' lang='lat' dir='ltr'><strong>Kust.</strong></span> <span class='ocrx_word' id='word_1_633' title='bbox 2815 4133 2984 4198; x_wconf 91' lang='lat' dir='ltr'><strong>unde</strong></span> <span class='ocrx_word' id='word_1_634' title='bbox 3011 4133 3358 4222; x_wconf 80' lang='lat' dir='ltr'><strong>explendus</strong></span> <span class='ocrx_word' id='word_1_635' title='bbox 3401 4148 3495 4199; x_wconf 87' lang='lat' dir='ltr'><strong>est</strong></span> <span class='ocrx_word' id='word_1_636' title='bbox 3530 4135 3808 4200; x_wconf 87' lang='lat' dir='ltr'><strong>Zonaras</strong></span> <span class='ocrx_word' id='word_1_637' title='bbox 3851 4161 3914 4224; x_wconf 91' lang='lat' dir='ltr'><strong>p.</strong></span> <span class='ocrx_word' id='word_1_638' title='bbox 3944 4156 4095 4218; x_wconf 86' lang='lat'><strong>442.</strong></span> 
     </span>
     <span class='ocr_line' id='line_1_84' title="bbox 2405 4236 4097 4306; baseline 0.001 -2"><span class='ocrx_word' id='word_1_639' title='bbox 2405 4236 2905 4304; x_wconf 85' lang='lat' dir='ltr'><strong>Constructionis</strong></span> <span class='ocrx_word' id='word_1_640' title='bbox 2949 4236 3249 4301; x_wconf 90' lang='lat' dir='ltr'><strong>rationem</strong></span> <span class='ocrx_word' id='word_1_641' title='bbox 3291 4236 3490 4302; x_wconf 88' lang='lat' dir='ltr'><strong>discas</strong></span> <span class='ocrx_word' id='word_1_642' title='bbox 3535 4237 3631 4302; x_wconf 88' lang='lat' dir='ltr'><strong>vel</strong></span> <span class='ocrx_word' id='word_1_643' title='bbox 3677 4262 3756 4303; x_wconf 83' lang='lat' dir='ltr'><strong>ex</strong></span> <span class='ocrx_word' id='word_1_644' title='bbox 3798 4262 3924 4304; x_wconf 91' lang='lat' dir='ltr'><strong>uno</strong></span> <span class='ocrx_word' id='word_1_645' title='bbox 3962 4242 4097 4306; x_wconf 93' lang='lat' dir='ltr'><strong>De-</strong></span> 
     </span>
     <span class='ocr_line' id='line_1_85' title="bbox 2401 4339 4092 4411; baseline 0.003 -6"><span class='ocrx_word' id='word_1_646' title='bbox 2401 4340 2743 4405; x_wconf 87' lang='lat' dir='ltr'><strong>mosthene.</strong></span> <span class='ocrx_word' id='word_1_647' title='bbox 2792 4339 2936 4405; x_wconf 90' lang='lat' dir='ltr'><strong>Vid.</strong></span> <span class='ocrx_word' id='word_1_648' title='bbox 2969 4339 3209 4405; x_wconf 87' lang='lat' dir='ltr'><strong>Reiskii</strong></span> <span class='ocrx_word' id='word_1_649' title='bbox 3239 4339 3442 4404; x_wconf 91' lang='lat' dir='ltr'><strong>Indic.</strong></span> <span class='ocrx_word' id='word_1_650' title='bbox 3475 4341 3730 4406; x_wconf 84' lang='lat' dir='ltr'><strong>Graecit.</strong></span> <span class='ocrx_word' id='word_1_651' title='bbox 3765 4343 4092 4411; x_wconf 87' lang='lat' dir='ltr'><strong>Demostb.</strong></span> 
     </span>
     <span class='ocr_line' id='line_1_86' title="bbox 2400 4442 4092 4533; baseline 0.003 -25"><span class='ocrx_word' id='word_1_652' title='bbox 2400 4467 2466 4532; x_wconf 91' lang='lat' dir='ltr'><strong>p.</strong></span> <span class='ocrx_word' id='word_1_653' title='bbox 2506 4464 2645 4529; x_wconf 87' lang='lat'><strong>179.</strong></span> <span class='ocrx_word' id='word_1_654' title='bbox 2738 4444 2841 4508; x_wconf 90' lang='lat' dir='ltr'><strong>De</strong></span> <span class='ocrx_word' id='word_1_655' title='bbox 2876 4442 3331 4527; x_wconf 68' lang='lat' dir='ltr'><strong>constructione</strong></span> <span class='ocrx_word' id='word_1_656' title='bbox 3373 4466 3513 4508; x_wconf 89' lang='lat' dir='ltr'><strong>cum</strong></span> <span class='ocrx_word' id='word_1_657' title='bbox 3558 4445 3693 4527; x_wconf 84' lang='grc' dir='ltr'>περὶ</span> <span class='ocrx_word' id='word_1_658' title='bbox 3731 4445 4092 4533; x_wconf 86' lang='lat' dir='ltr'><strong>ambigitur.</strong></span> 
     </span>
     <span class='ocr_line' id='line_1_87' title="bbox 2402 4545 4092 4634; baseline 0.002 -22"><span class='ocrx_word' id='word_1_659' title='bbox 2402 4548 2546 4612; x_wconf 88' lang='lat' dir='ltr'><strong>Vid.</strong></span> <span class='ocrx_word' id='word_1_660' title='bbox 2581 4546 2862 4612; x_wconf 86' lang='lat' dir='ltr'><strong>Cattierii</strong></span> <span class='ocrx_word' id='word_1_661' title='bbox 2891 4545 3248 4634; x_wconf 84' lang='lat' dir='ltr'><strong>Gazophyl.</strong></span> <span class='ocrx_word' id='word_1_662' title='bbox 3292 4569 3353 4633; x_wconf 91' lang='lat' dir='ltr'><strong>p.</strong></span> <span class='ocrx_word' id='word_1_663' title='bbox 3386 4548 3489 4630; x_wconf 92' lang='lat'><strong>96.</strong></span> <span class='ocrx_word' id='word_1_664' title='bbox 3537 4562 3600 4611; x_wconf 90' lang='lat' dir='ltr'><strong>et</strong></span> <span class='ocrx_word' id='word_1_665' title='bbox 3644 4547 3861 4634; x_wconf 91' lang='lat' dir='ltr'><strong>Stepb.</strong></span> <span class='ocrx_word' id='word_1_666' title='bbox 3898 4551 4092 4617; x_wconf 88' lang='lat' dir='ltr'><strong>Thes.</strong></span> 
     </span>
     <span class='ocr_line' id='line_1_88' title="bbox 2402 4648 4091 4738; baseline 0.001 -21"><span class='ocrx_word' id='word_1_667' title='bbox 2402 4651 2441 4717; x_wconf 96' lang='lat' dir='ltr'><strong>l.</strong></span> <span class='ocrx_word' id='word_1_668' title='bbox 2464 4651 2504 4719; x_wconf 91' lang='lat' dir='ltr'><strong>l.</strong></span> <span class='ocrx_word' id='word_1_669' title='bbox 2534 4649 2936 4738; x_wconf 85' lang='lat' dir='ltr'><strong>Antiphanes</strong></span> <span class='ocrx_word' id='word_1_670' title='bbox 2962 4672 3060 4737; x_wconf 93' lang='lat' dir='ltr'><strong>ap.</strong></span> <span class='ocrx_word' id='word_1_671' title='bbox 3084 4649 3261 4714; x_wconf 88' lang='lat' dir='ltr'><strong>Stob.</strong></span> <span class='ocrx_word' id='word_1_672' title='bbox 3284 4648 3501 4713; x_wconf 90' lang='lat' dir='ltr'><strong>Floril.</strong></span> <span class='ocrx_word' id='word_1_673' title='bbox 3532 4672 3594 4737; x_wconf 92' lang='lat' dir='ltr'><strong>p.</strong></span> <span class='ocrx_word' id='word_1_674' title='bbox 3616 4651 3762 4715; x_wconf 88' lang='lat'><strong>608.</strong></span> <span class='ocrx_word' id='word_1_675' title='bbox 3792 4651 3927 4716; x_wconf 93' lang='lat' dir='ltr'><strong>Vol.</strong></span> <span class='ocrx_word' id='word_1_676' title='bbox 3955 4655 4091 4719; x_wconf 93' lang='lat'><strong>111.</strong></span> 
     </span>
     <span class='ocr_line' id='line_1_89' title="bbox 2401 4751 3013 4846; baseline -0.005 -26"><span class='ocrx_word' id='word_1_677' title='bbox 2401 4780 2467 4846; x_wconf 94' lang='lat' dir='ltr'><strong>p.</strong></span> <span class='ocrx_word' id='word_1_678' title='bbox 2489 4774 2637 4841; x_wconf 87' lang='lat'><strong>473.</strong></span> <span class='ocrx_word' id='word_1_679' title='bbox 2664 4751 3013 4818; x_wconf 84' lang='lat' dir='ltr'><strong>Gaisford.:</strong></span> 
     </span>
    </p>
   </div>
   <div class='ocr_carea' id='block_1_10' title="bbox 2559 4842 3879 5115">
    <p class='ocr_par' dir='ltr' id='par_1_15' title="bbox 2559 4842 3879 5115">
     <span class='ocr_line' id='line_1_90' title="bbox 2968 4842 3873 4914; baseline 0.004 -17"><span class='ocrx_word' id='word_1_680' title='bbox 2968 4875 3051 4888; x_wconf 93' lang='grc'><strong>--</strong></span> <span class='ocrx_word' id='word_1_681' title='bbox 3128 4872 3213 4885; x_wconf 91' lang='grc'>-</span> <span class='ocrx_word' id='word_1_682' title='bbox 3288 4874 3374 4887; x_wconf 94' lang='lat'><strong>—</strong></span> <span class='ocrx_word' id='word_1_683' title='bbox 3452 4842 3620 4901; x_wconf 71' lang='grc' dir='ltr'>οὐδεὶς</span> <span class='ocrx_word' id='word_1_684' title='bbox 3645 4845 3873 4914; x_wconf 73' lang='grc' dir='ltr'>πώποτε,</span> 
     </span>
     <span class='ocr_line' id='line_1_91' title="bbox 2559 4938 3794 5013; baseline -0.002 -16"><span class='ocrx_word' id='word_1_685' title='bbox 2559 4938 2603 4997; x_wconf 71' lang='lat'><strong>«3</strong></span> <span class='ocrx_word' id='word_1_686' title='bbox 2627 4943 2862 5007; x_wconf 74' lang='grc' dir='ltr'>δέσποτ’,</span> <span class='ocrx_word' id='word_1_687' title='bbox 2887 4939 3094 4996; x_wconf 73' lang='grc' dir='ltr'>ἀπέθαν’</span> <span class='ocrx_word' id='word_1_688' title='bbox 3121 4940 3393 4995; x_wconf 79' lang='grc' dir='ltr'>ἀποθανεῖν</span> <span class='ocrx_word' id='word_1_689' title='bbox 3419 4941 3681 5013; x_wconf 80' lang='grc' dir='ltr'>πρόθυμος</span> <span class='ocrx_word' id='word_1_690' title='bbox 3706 4940 3794 4995; x_wconf 71' lang='grc' dir='ltr'><strong>ὧν·</strong></span> 
     </span>
     <span class='ocr_line' id='line_1_92' title="bbox 2561 5036 3879 5115; baseline 0.001 -20"><span class='ocrx_word' id='word_1_691' title='bbox 2561 5042 2683 5098; x_wconf 83' lang='grc' dir='ltr'>τοὺς</span> <span class='ocrx_word' id='word_1_692' title='bbox 2707 5040 3048 5115; x_wconf 78' lang='grc' dir='ltr'>γλιχομένους</span> <span class='ocrx_word' id='word_1_693' title='bbox 3072 5039 3130 5094; x_wconf 71' lang='grc' dir='ltr'><strong>δὲ</strong></span> <span class='ocrx_word' id='word_1_694' title='bbox 3156 5036 3251 5107; x_wconf 72' lang='grc' dir='ltr'><strong>ζῇν</strong></span> <span class='ocrx_word' id='word_1_695' title='bbox 3275 5042 3514 5108; x_wconf 79' lang='grc' dir='ltr'>κατασπᾷ</span> <span class='ocrx_word' id='word_1_696' title='bbox 3537 5041 3632 5093; x_wconf 84' lang='grc' dir='ltr'><strong>τοῦ</strong></span> <span class='ocrx_word' id='word_1_697' title='bbox 3659 5040 3879 5097; x_wconf 75' lang='grc' dir='ltr'>σκέλους</span> 
     </span>
    </p>
   </div>
   <div class='ocr_carea' id='block_1_11' title="bbox 2564 5135 3820 5211">
    <p class='ocr_par' dir='ltr' id='par_1_16' title="bbox 2564 5135 3820 5211">
     <span class='ocr_line' id='line_1_93' title="bbox 2564 5135 3820 5211; baseline -0.002 -18"><span class='ocrx_word' id='word_1_698' title='bbox 2564 5138 2776 5195; x_wconf 76' lang='grc' dir='ltr'>ἄκοντας</span> <span class='ocrx_word' id='word_1_699' title='bbox 2801 5140 2831 5192; x_wconf 88' lang='lat'><em>6</em></span> <span class='ocrx_word' id='word_1_700' title='bbox 2857 5138 3057 5211; x_wconf 81' lang='grc' dir='ltr'>Χάρων,</span> <span class='ocrx_word' id='word_1_701' title='bbox 3087 5137 3172 5192; x_wconf 78' lang='grc' dir='ltr'>ε’πὶ</span> <span class='ocrx_word' id='word_1_702' title='bbox 3196 5137 3259 5191; x_wconf 82' lang='grc' dir='ltr'><strong>τὸ</strong></span> <span class='ocrx_word' id='word_1_703' title='bbox 3284 5136 3527 5208; x_wconf 75' lang='grc' dir='ltr'>πορθεῖόν</span> <span class='ocrx_word' id='word_1_704' title='bbox 3551 5141 3597 5191; x_wconf 83' lang='grc' dir='ltr'><strong>τ’</strong></span> <span class='ocrx_word' id='word_1_705' title='bbox 3624 5135 3820 5209; x_wconf 75' lang='grc' dir='ltr'>ἄγει-</span> 
     </span>
    </p>
   </div>
   <div class='ocr_carea' id='block_1_12' title="bbox 2408 5262 4100 5454">
    <p class='ocr_par' dir='ltr' id='par_1_17' title="bbox 2408 5262 4100 5454">
     <span class='ocr_line' id='line_1_94' title="bbox 2408 5262 4094 5351; baseline 0.001 -20"><span class='ocrx_word' id='word_1_706' title='bbox 2408 5280 2481 5331; x_wconf 88' lang='lat' dir='ltr'><strong>ut</strong></span> <span class='ocrx_word' id='word_1_707' title='bbox 2523 5264 2770 5351; x_wconf 86' lang='lat' dir='ltr'><strong>egregie</strong></span> <span class='ocrx_word' id='word_1_708' title='bbox 2813 5263 3290 5332; x_wconf 87' lang='lat' dir='ltr'><strong>Valckenaerius</strong></span> <span class='ocrx_word' id='word_1_709' title='bbox 3334 5263 3504 5328; x_wconf 89' lang='lat' dir='ltr'><strong>hunc</strong></span> <span class='ocrx_word' id='word_1_710' title='bbox 3548 5262 3752 5328; x_wconf 89' lang='lat' dir='ltr'><strong>locum</strong></span> <span class='ocrx_word' id='word_1_711' title='bbox 3806 5264 4094 5332; x_wconf 89' lang='lat' dir='ltr'><strong>restituit.</strong></span> 
     </span>
     <span class='ocr_line' id='line_1_95' title="bbox 2412 5366 4100 5454; baseline 0.001 -21"><span class='ocrx_word' id='word_1_712' title='bbox 2412 5366 2797 5433; x_wconf 84' lang='lat' dir='ltr'><strong>lamblichus</strong></span> <span class='ocrx_word' id='word_1_713' title='bbox 2837 5384 3054 5433; x_wconf 87' lang='lat' dir='ltr'><strong>contra</strong></span> <span class='ocrx_word' id='word_1_714' title='bbox 3079 5368 3141 5432; x_wconf 91' lang='lat' dir='ltr'><strong>in</strong></span> <span class='ocrx_word' id='word_1_715' title='bbox 3174 5369 3486 5454; x_wconf 91' lang='lat' dir='ltr'><strong>Protrept.</strong></span> <span class='ocrx_word' id='word_1_716' title='bbox 3531 5388 3667 5454; x_wconf 90' lang='lat' dir='ltr'><strong>cap.</strong></span> <span class='ocrx_word' id='word_1_717' title='bbox 3691 5367 3849 5430; x_wconf 94' lang='lat' dir='ltr'><strong>VII.</strong></span> <span class='ocrx_word' id='word_1_718' title='bbox 3893 5389 3959 5454; x_wconf 89' lang='lat' dir='ltr'><strong>p.</strong></span> <span class='ocrx_word' id='word_1_719' title='bbox 3991 5389 4100 5450; x_wconf 89' lang='grc'><strong>42.</strong></span> 
     </span>
    </p>
   </div>
   <div class='ocr_carea' id='block_1_13' title="bbox 622 5469 4103 5559">
    <p class='ocr_par' dir='ltr' id='par_1_18' title="bbox 622 5469 4103 5559">
     <span class='ocr_line' id='line_1_96' title="bbox 622 5469 4103 5559; baseline 0 -22"><span class='ocrx_word' id='word_1_720' title='bbox 622 5473 784 5538; x_wconf 88' lang='lat' dir='ltr'><strong>riant</strong></span> <span class='ocrx_word' id='word_1_721' title='bbox 811 5472 950 5536; x_wconf 87' lang='lat' dir='ltr'><strong>libri</strong></span> <span class='ocrx_word' id='word_1_722' title='bbox 979 5472 1095 5559; x_wconf 89' lang='lat' dir='ltr'><strong>ipsi</strong></span> <span class='ocrx_word' id='word_1_723' title='bbox 1123 5473 1421 5551; x_wconf 88' lang='lat' dir='ltr'><strong>Medicei‚</strong></span> <span class='ocrx_word' id='word_1_724' title='bbox 1444 5489 1508 5538; x_wconf 90' lang='lat' dir='ltr'><strong>et</strong></span> <span class='ocrx_word' id='word_1_725' title='bbox 1534 5472 1689 5538; x_wconf 88' lang='lat' dir='ltr'><strong>nihil</strong></span> <span class='ocrx_word' id='word_1_726' title='bbox 1720 5471 2107 5559; x_wconf 88' lang='lat' dir='ltr'><strong>frequentius</strong></span> <span class='ocrx_word' id='word_1_727' title='bbox 2133 5472 2198 5535; x_wconf 91' lang='lat' dir='ltr'><strong>in</strong></span> <span class='ocrx_word' id='word_1_728' title='bbox 2226 5470 2326 5535; x_wconf 90' lang='lat' dir='ltr'><strong>his</strong></span> <span class='ocrx_word' id='word_1_729' title='bbox 2410 5472 2632 5535; x_wconf 90' lang='lat' dir='ltr'><strong>Arcer.</strong></span> <span class='ocrx_word' id='word_1_730' title='bbox 2679 5494 2745 5558; x_wconf 88' lang='lat' dir='ltr'><strong>p.</strong></span> <span class='ocrx_word' id='word_1_731' title='bbox 2777 5490 2803 5533; x_wconf 95' lang='lat'><strong>1</strong></span> <span class='ocrx_word' id='word_1_732' title='bbox 2823 5490 2918 5534; x_wconf 93' lang='lat'><strong>10.</strong></span> <span class='ocrx_word' id='word_1_733' title='bbox 2954 5469 3213 5535; x_wconf 88' lang='lat' dir='ltr'><strong>Kiessl.:</strong></span> <span class='ocrx_word' id='word_1_734' title='bbox 3263 5472 3397 5534; x_wconf 81' lang='grc' dir='ltr'>οὐδὲ</span> <span class='ocrx_word' id='word_1_735' title='bbox 3440 5474 3535 5534; x_wconf 84' lang='grc' dir='ltr'><strong>δεῖ</strong></span> <span class='ocrx_word' id='word_1_736' title='bbox 3569 5469 3885 5554; x_wconf 89' lang='grc' dir='ltr'>χρημάτων</span> <span class='ocrx_word' id='word_1_737' title='bbox 3930 5473 4103 5538; x_wconf 79' lang='grc' dir='ltr'>ἕνεκα</span> 
     </span>
    </p>
   </div>
   <div class='ocr_carea' id='block_1_14' title="bbox 621 5575 2324 5664">
    <p class='ocr_par' dir='ltr' id='par_1_19' title="bbox 621 5575 2324 5664">
     <span class='ocr_line' id='line_1_97' title="bbox 621 5575 2324 5664; baseline -0.003 -20"><span class='ocrx_word' id='word_1_738' title='bbox 621 5575 1055 5654; x_wconf 79' lang='lat' dir='ltr'><strong>EnneadibuS‚</strong></span> <span class='ocrx_word' id='word_1_739' title='bbox 1085 5598 1276 5663; x_wconf 87' lang='lat' dir='ltr'><strong>quam</strong></span> <span class='ocrx_word' id='word_1_740' title='bbox 1303 5575 1549 5664; x_wconf 84' lang='lat' dir='ltr'><strong>generis</strong></span> <span class='ocrx_word' id='word_1_741' title='bbox 1578 5575 1786 5642; x_wconf 88' lang='lat' dir='ltr'><strong>subita</strong></span> <span class='ocrx_word' id='word_1_742' title='bbox 1813 5575 2095 5642; x_wconf 87' lang='lat' dir='ltr'><strong>mutati0.</strong></span> <span class='ocrx_word' id='word_1_743' title='bbox 2158 5576 2324 5641; x_wconf 90' lang='lat' dir='ltr'><strong>Cum</strong></span> 
     </span>
    </p>
   </div>
   <div class='ocr_carea' id='block_1_15' title="bbox 2411 5571 4106 5739">
    <p class='ocr_par' dir='ltr' id='par_1_20' title="bbox 2411 5571 4106 5739">
     <span class='ocr_line' id='line_1_98' title="bbox 2411 5571 4106 5739; baseline -0.001 -100"><span class='ocrx_word' id='word_1_744' title='bbox 2411 5580 2589 5739; x_wconf 56' lang='lat' dir='ltr'><strong>altsig</strong></span> <span class='ocrx_word' id='word_1_745' title='bbox 2634 5572 2748 5737; x_wconf 46' lang='grc' dir='ltr'><strong>ἑφέ</strong></span> <span class='ocrx_word' id='word_1_746' title='bbox 2769 5571 3139 5656; x_wconf 73' lang='grc' dir='ltr'>“Ηρακλέους</span> <span class='ocrx_word' id='word_1_747' title='bbox 3179 5573 3403 5656; x_wconf 83' lang='grc' dir='ltr'>στήλας</span> <span class='ocrx_word' id='word_1_748' title='bbox 3447 5575 3542 5639; x_wconf 84' lang='grc' dir='ltr'>καὶ</span> <span class='ocrx_word' id='word_1_749' title='bbox 3585 5572 3874 5642; x_wconf 80' lang='grc' dir='ltr'>πολλάκις</span> <span class='ocrx_word' id='word_1_750' title='bbox 3916 5580 4106 5642; x_wconf 74' lang='grc' dir='ltr'>κινδυ.</span> 
     </span>
     <span class='ocr_line' id='line_1_99' title="bbox 2610 5683 2664 5735; baseline 0 0"><span class='ocrx_word' id='word_1_751' title='bbox 2610 5683 2664 5735; x_wconf 92' lang='lat' dir='ltr'>D</span> 
     </span>
    </p>
   </div>
  </div>
 </body>
</html>
