5118 6613
1010 560 1136 649 378

1016 735 1220 801 locum
1243 730 1576 824 Wyttenb.
1605 732 1672 798 in
1696 732 2083 800 Animadvv.
2116 758 2183 823 p.
2209 736 2357 818 670.
2384 758 2421 800 e
2453 733 2718 799 Platone

1020 838 1237 904 laudat
1272 835 1679 919 ἐτεκτήναντο,
1709 837 1882 902 haud
1909 836 2102 902 dubie
2132 838 2448 903 memoriae
2478 836 2580 903 vel
2611 859 2715 902 ca·

1017 941 1162 1006 lami
1194 941 1363 1006 vitio.
1454 941 1745 1006 Priorum
1781 940 2061 1006 Platonis
2101 940 2448 1006 editionum
2490 939 2719 1004 vitium

1021 1044 1453 1125 συνεκτήναντο
1482 1044 1914 1109 exhibentium
1943 1060 2262 1132 comparet
2288 1043 2475 1108 etiam
2509 1043 2573 1108 in
2603 1068 2716 1107 πα-

1017 1151 1425 1233 ραδιορθῶσει,
1470 1172 1660 1236 quam
1707 1148 1770 1212 in
1816 1146 2096 1236 margine
2141 1147 2392 1212 Codicis
2422 1146 2606 1211 Med.
2640 1147 2718 1212 B.

1021 1252 1226 1318 nescio
1261 1250 1404 1341 quis
1446 1251 1717 1317 instituit
1753 1252 1817 1315 in
1853 1251 2132 1316 oratione
2163 1249 2418 1329 Plotini,
2448 1248 2717 1314 scriben-

1022 1354 1174 1419 dum
1206 1355 1442 1444 jubens
1487 1355 1768 1436 ἐκτήνατο
1801 1353 1947 1443 [sic]
1980 1377 2096 1442 pro
2125 1354 2318 1434 ἔθηκε.
2408 1351 2534 1416 Sed
2564 1350 2724 1415 illud

1021 1458 1244 1525 vitium
1274 1459 1411 1549 jam
1448 1459 1532 1524 ad
1564 1458 1925 1524 Pollucem
1910 1481 1974 1522 in
2007 1454 2411 1522 Onomastico
2442 1452 2725 1519 Platonis

1021 1562 1216 1627 verba
1240 1561 1600 1627 laudantem
1637 1562 1737 1626 ΙΙ.
1770 1564 1871 1647 63.
1920 1584 1983 1648 p.
2023 1561 2163 1646 183.
2195 1558 2297 1624 ed.
2332 1556 2722 1635 Hemsterh.‚

1022 1666 1356 1731 sustulerat
1384 1669 1431 1730 J
1437 1688 1923 1754 ungermannus.
2014 1664 2251 1728 Utrum
2282 1683 2433 1724 vero
2460 1683 2540 1724 ex
2571 1657 2727 1723 Plu-

1021 1770 1217 1835 tarchi
1246 1769 1286 1834 l.
1307 1770 1347 1834 l.
1377 1787 1440 1836 et
1464 1770 1715 1836 Plotino
1742 1768 2101 1856 conjectura
2130 1762 2417 1828 ducenda
2447 1761 2550 1826 sit:
2586 1760 2724 1825 Pla-

1022 1872 1184 1937 tonis
1227 1874 1419 1939 verba
1458 1873 1806 1962 antiquitus
1848 1870 2127 1960 pleniora
2168 1867 2381 1944 fuisse,
2412 1879 2580 1929 certe
2611 1886 2719 1927 vo-

1021 1998 1154 2039 cem
1205 1973 1530 2060 πρόσωπον
1579 1976 1665 2041 ibi
1717 1975 1937 2040 lectam
1988 1973 2201 2050 fuisse,
2257 1994 2379 2035 non
2430 1968 2720 2034 dixerim.

1019 2079 1275 2143 Etenim
1307 2078 1369 2144 in
1403 2079 1638 2144 Stoboei
1667 2077 1924 2165 Eclogis
1953 2077 2014 2142 1.
2041 2096 2150 2162 55.
2182 2093 2238 2139 2.
2287 2096 2347 2160 p.
2387 2090 2575 2137 1110.
2622 2070 2718 2135 ed.

1023 2182 1299 2246 Heeren.
1392 2181 1670 2247 Platonis
1702 2180 1894 2246 verba
1919 2202 2044 2245 non
2074 2178 2319 2265 integra
2345 2173 2724 2239 exhibentur

1020 2298 1082 2348 et
1112 2283 1320 2350 Procli
1353 2284 1855 2350 Commentarius
1899 2307 2020 2349 non
2068 2305 2268 2369 usque
2312 2279 2391 2344 ad
2436 2301 2581 2343 eum
2629 2277 2719 2342 lo-

1020 2409 1163 2451 cum
1212 2386 1529 2476 pertingit.
1621 2387 1804 2453 Libri
1851 2385 2105 2475 quidem
2158 2382 2373 2470 scripti
2419 2381 2484 2446 in
2534 2383 2722 2446 Imm.

1023 2487 1294 2554 Bekkeri
1323 2506 1628 2578 apparatu
1668 2491 1880 2557 critico
1920 2489 2074 2555 nihil
2116 2488 2385 2576 amplius
2426 2485 2721 2551 offerunt.

1024 2590 1376 2657 Lindavius
1402 2593 1482 2658 ad
1517 2593 1576 2658 h.
1600 2593 1643 2657 l.
1670 2595 1900 2660 Tirnaei
1931 2594 2016 2659 nil
2047 2593 2129 2659 de
2160 2593 2421 2657 lectione
2446 2589 2722 2665 monuit;

1022 2716 1228 2781 neque
1255 2715 1404 2759 vero
1435 2696 1759 2762 Plutarchi
1792 2698 2152 2786 Plotinique
2182 2696 2347 2761 locos
2377 2693 2571 2758 novit.

1103 2818 1173 2883 p.
1212 2798 1397 2872 1268,
1426 2818 1490 2882 3.
1537 2804 1719 2864 ταῦτα
1763 2803 1828 2866 δὲ
1875 2804 2040 2868 εἰδὼς
2084 2830 2138 2866 κ.
2162 2827 2216 2864 τ.
2247 2800 2345 2888 λ.]
2394 2796 2572 2863 Male
2618 2819 2725 2860 ne-

1019 2897 1296 2985 glectum
1328 2902 1393 2963 δέ
1420 2898 1485 2964 in
1517 2901 1819 2966 Vaticano
1855 2902 2055 2968 Cod.:
2103 2901 2359 2966 inservit
2387 2899 2549 2964 enim
2581 2922 2726 2986 apo-

1022 3000 1177 3065 dosi.
1268 3001 1414 3066 vid.
1449 3001 1650 3067 Wolf.
1684 3004 1763 3066 ad
1797 3004 2129 3069 Demosth.
2163 3005 2358 3091 Lept.
2391 3025 2455 3090 p.
2487 3019 2635 3086 297.
2667 3015 2730 3065 et

1027 3104 1394 3168 Buttmann.
1426 3104 1511 3168 ad
1543 3105 1807 3170 Midian.
1857 3129 1918 3193 p.
1959 3111 2099 3172 126.
2132 3131 2223 3194 sq.
2269 3106 2367 3171 ed.
2404 3105 2728 3193 Spfflding.

1027 3207 1192 3270 Mox
1252 3227 1397 3270 cum
1455 3206 1677 3272 Ficino
1731 3208 1985 3298 partim,
2037 3209 2262 3297 partim
2323 3231 2467 3274 cum
2523 3207 2731 3274 Codd.

1026 3306 1240 3397 scripsi
1270 3310 1366 3374 καὶ
1396 3308 1467 3374 δι’
1499 3312 1584 3376 ὧν
1612 3311 2040 3396 ἐνεργήσουσιν
2068 3314 2362 3398 ὀργάνων.

1109 3449 1199 3463 —
1227 3432 1322 3476 10.
1369 3414 1470 3478 ἵνα
1512 3415 1708 3479 ἄλλον
1751 3413 1887 3495 ὦσι,
1920 3417 2017 3482 καὶ
2056 3418 2157 3482 ἵνα
2195 3419 2263 3481 ἐν
2294 3420 2449 3504 κακῷ
2497 3416 2733 3491 εἶεν,-

1028 3515 1127 3579 ἴνα
1155 3516 1435 3592 σῶζοιντο
1466 3517 1535 3581 ἐν
1562 3521 1642 3604 τῷ
1674 3521 1860 3609 κακῷ]
1911 3519 2015 3585 Ita
2051 3508 2408 3608 scripsimus
2437 3534 2498 3585 et
2527 3519 2725 3608 pluri-

1028 3638 1273 3681 morum
1302 3616 1605 3685 librorum
1635 3635 1699 3685 et
1729 3621 1930 3688 Ficini
1958 3624 2381 3713 marginisque
2419 3622 2726 3712 exemplo.

1032 3718 1251 3784 Priore
1293 3734 1504 3786 autem
1539 3722 1605 3787 in
1648 3726 1931 3792 membro
1958 3729 2347 3794 observanda
2388 3746 2484 3795 est
2527 3728 2734 3794 subita

1030 3822 1350 3887 conversio
1377 3827 1852 3894 constructionis
1874 3853 1913 3895 a
1943 3832 2364 3920 Conjunctivo
2393 3834 2456 3898 in
2488 3831 2736 3921 Optati-

1032 3945 1217 3988 vum:
1264 3927 1460 3990 altero
1487 3925 1551 3990 in
1584 3931 1863 3995 membro
1890 3934 1991 3998 ἵνα
2017 3957 2163 3999 cum
2194 3935 2498 4022 Optativo
2542 3934 2732 4024 signi-

1031 4026 1380 4091 ficationem
1424 4026 1612 4093 babet
1653 4030 1765 4109 rei,
1795 4056 1988 4119 quam
2032 4037 2164 4101 fieri
2204 4037 2518 4120 volumus»,
2547 4052 2731 4126 opta·

1033 4150 1195 4206 mus,
1226 4144 1290 4192 et
1330 4151 1522 4215 quam
1566 4153 1746 4217 posse
1788 4134 1919 4199 fieri
1965 4152 2294 4223 putamus:
2346 4141 2459 4223 (cf.
2492 4141 2732 4206 Matth.

1036 4232 1154 4296 Gr.
1187 4232 1303 4296 Gr.
1337 4234 1394 4315 ξ.
1419 4249 1571 4317 514.
1616 4248 1678 4298 et
1726 4239 1782 4320 ξ.
1813 4238 1961 4322 518.
1993 4243 2111 4323 4.).
2202 4242 2545 4330 Reputanti
2586 4267 2737 4308 vero

1035 4334 1188 4399 mihi
1216 4334 1380 4401 hanc
1411 4337 1810 4424 Conjunctivi
1836 4363 1979 4406 cum
2008 4343 2312 4431 Optativo
2339 4344 2738 4410 consociatio·
2824 4367 2865 4390 “

1036 4460 1202 4517 nem,
1233 4461 1402 4505 nunc
1432 4439 1637 4506 minus
1668 4442 1893 4530 placet,
1922 4445 2096 4533 quod
2127 4469 2318 4534 supra
2347 4447 2450 4511 11.
2487 4465 2545 4513 2.
2582 4468 2640 4512 1.
2669 4470 2737 4535 p.
2826 4470 2871 4497 «ι

1047 4543 1184 4606 108.
1213 4545 1306 4608 C:
1356 4550 1479 4610 Θεῖ
1517 4547 1624 4610 οὖν
1664 4549 1731 4612 ἐν
1776 4544 1822 4634 ᾧ
1864 4548 2190 4633 ἕχει-οὔχ
2215 4550 2316 4615 ἶνα
2354 4549 2526 4630 μένοι
2569 4548 2741 4631 (libri
2828 4573 2867 4595 ‘⁸

1037 4645 1257 4731 optimi
1316 4648 1515 4729 μένῃ),
1569 4649 1708 4713 ἀλλ’
1759 4652 1860 4715 ἵνα
1915 4650 2177 4734 φέροιτο,
2229 4651 2413 4739 posui
2465 4651 2740 4735 φέρηται.
2829 4675 2870 4698 “

1042 4750 1338 4814 Ceterum
1369 4749 1430 4815 h.
1453 4749 1493 4814 l.
1528 4751 1871 4816 secundum
1908 4754 2259 4819 membrum
2303 4753 2391 4819 ita
2433 4755 2738 4841 accipien-
2829 4777 2870 4800 ‘⁸

1041 4849 1192 4914 dum
1224 4851 1514 4918 arbitror:
1550 4870 1623 4919 ut
1649 4855 1874 4921 animae
1902 4855 2043 4922 licet
2071 4857 2135 4922 in
2166 4861 2332 4923 malo
2359 4860 2424 4943 (i.
2446 4883 2502 4923 e.
2531 4859 2593 4923 in
2625 4858 2741 4924 bac
2830 4878 2872 4902 “

1039 4952 1197 5039 vita)
1229 4955 1584 5022 constitutae
1612 4956 1756 5037 sint,
1778 4958 1828 5023 si
1858 4959 2115 5046 quidem
2143 4960 2278 5025 fieri
2306 4961 2523 5048 possit,
2547 4961 2743 5027 nihilo
2831 4983 2872 5007 “

1039 5056 1239 5121 secius
1284 5064 2133 5128 conserventur.—Ceterum
2180 5064 2351 5151 quod
2402 5088 2737 5153 argumen-

1042 5176 1176 5224 tum
1206 5159 1401 5248 hujus
1429 5160 1546 5226 loci
1573 5161 1720 5227 inde
1747 5162 1830 5228 ab
1857 5163 2034 5229 initio
2061 5166 2281 5253 capitis
2308 5167 2553 5248 attinet,
2577 5169 2742 5235 malo

1042 5285 1347 5350 quaerere,
1388 5287 1580 5350 quam
1623 5263 1975 5345 decernere,
2015 5291 2095 5332 an
2142 5266 2431 5334 Plotinus
2473 5273 2738 5337 Ana'xa-

1043 5387 1236 5452 gorae,
1288 5365 1633 5431 Democriti
1682 5365 2072 5457 aliorumque
2119 5387 2403 5438 veterum
2463 5375 2736 5463 philoso-

1043 5463 1315 5551 phorum
1363 5467 1686 5556 ipsiusque
1733 5468 1993 5537 fortasse
2048 5475 2318 5542 Socratis
2374 5477 2605 5566 placita
2659 5481 2740 5547 de
2829 5497 2869 5521 “

1042 5568 1310 5634 consiliis
1337 5570 1597 5658 Opificis
1624 5571 1889 5638 mundi
1874 5596 1937 5639 in
1965 5578 2337 5664 generandis
2364 5581 2736 5653 formandis-

1981 557 2816 627 ANNOTATIONES
2883 559 2997 626 IN
3061 561 3512 628 PLOTINI

2802 757 2928 821 que
2962 734 3335 802 animalibus
3362 737 3636 827 itemque
3664 735 3745 801 de
3777 759 3895 802 usu
3925 735 4198 825 partium
4229 734 4508 825 corporis

2804 860 3225 925 sensuumque
3251 853 3371 905 etc.
3399 840 3702 928 respiciat.
3750 841 3912 919 Quae
3939 839 4167 928 placita
4186 839 4298 927 qui
4326 862 4506 906 nosse

2805 940 3040 1028 cupiat,
3071 940 3124 1005 is
3165 940 3332 1029 legat
3363 941 3809 1031 Xenophontis
3839 944 4107 1007 Memm.
4138 944 4309 1008 Socr.
4342 942 4403 1007 Ι.
4435 964 4500 1026 4.

2805 1056 2869 1108 et
2911 1042 3181 1108 Aristot.
3225 1043 3307 1109 de
3352 1044 3592 1110 Partib.
3626 1044 3899 1110 Animal.
3933 1045 3993 1110 1.
4029 1048 4328 1112 1.—Hoc
4371 1070 4503 1113 cer·

2808 1159 2968 1223 tum,
3018 1145 3413 1211 Platonicum
3444 1147 3765 1212 Timaeum
3808 1149 4209 1214 obversatum
4254 1149 4509 1217 Plotino

2808 1272 2960 1326 esse,
2991 1271 3133 1313 cum
3163 1248 3299 1314 baec
3327 1249 3641 1315 scriberet.

2922 1389 3011 1401 —
3061 1372 3160 1432 14.
3236 1353 3402 1416 ἀλλὰ
3459 1355 3733 1433 αἴσθησις
3790 1352 3904 1433 μέν
3961 1355 4122 1419 οὔπω
4141 1357 4364 1423 -πῶς
4418 1355 4509 1421 ἔνι

2810 1456 3028 1535 ταύτην
3070 1455 3179 1533 τὴν
3225 1455 3348 1534 ἕξιν
3390 1455 3538 1537 πρὸς
3580 1458 3864 1535 αἰσθητοῦ
3905 1457 4213 1536 διανόησιν
4246 1459 4511 1541 ἀφικνεῖ-

2811 1559 2983 1646 σθαι]
3050 1556 3390 1622 Consulere
3442 1558 3589 1623 huic
3638 1559 3775 1624 loco
3820 1559 4180 1625 studuimus
4221 1561 4508 1627 codicum

2808 1684 2953 1749 ope,
2984 1676 3048 1725 et
3075 1660 3316 1749 aptiore
3344 1660 3861 1749 interpunctione.
3936 1663 4018 1728 In
4048 1664 4343 1730 extremis
4370 1664 4505 1730 Fie.

2810 1764 3111 1853 expressit
3141 1763 3463 1829 lectionem
3498 1764 3659 1830 Cod.
3690 1764 3965 1830 Medicei
3994 1765 4202 1854 primi.
4268 1766 4510 1833 Editio-

2809 1868 2908 1933 nis
2935 1883 2998 1933 et
3027 1882 3375 1933 ceterorum
3407 1867 3708 1933 librorum
3738 1868 3921 1933 lectio
3948 1868 4037 1935 ita
4064 1870 4369 1936 vertenda
4386 1884 4505 1936 est:

2812 1978 2855 2011 “
2880 1970 3214 2050 Quomodo
3251 1971 3386 2035 fieri
3424 1984 3651 2059 potest,
3685 1986 3755 2036 ut
3797 1971 3938 2037 talis
3975 1972 4230 2038 habitus
4265 1973 4349 2038 ad
4376 1974 4513 2062 ejus

2808 2074 2980 2162 quod
3013 2073 3299 2139 sensibile
3338 2087 3454 2153 est,
3484 2074 3921 2162 cogitationem
3962 2076 4282 2164 perveniat
4300 2079 4366 2141 ?”
4409 2079 4513 2142 De

2809 2201 2961 2243 voce
2990 2177 3388 2259 συμπέρασμα
3416 2176 3542 2241 vid.
3575 2202 3721 2265 quae
3765 2201 3956 2267 supra
3995 2177 4392 2246 laudavimus
4431 2180 4513 2245 ad

2808 2303 2958 2369 pag.
2989 2299 3136 2367 579.
3171 2283 3513 2359 A.—Quae
3557 2281 3855 2347 continuo
3898 2298 4251 2370 sequuntur
4289 2283 4369 2348 de
4403 2292 4509 2349 λο-

2810 2387 3028 2470 γισμῷ,
3075 2383 3155 2448 ad
3204 2382 3485 2448 Platonis
3529 2383 3734 2449 locum
3784 2384 3849 2449 in
3897 2384 4145 2450 Timaeo
4186 2383 4512 2452 laudatum

2812 2485 3145 2574 pertinent.
3220 2488 3384 2551 Nam
3416 2510 3559 2552 cum
3593 2493 3893 2572 λογισμσῦ
3919 2488 4225 2554 vocabulo
4254 2490 4512 2578 saepius-

2814 2589 2956 2655 cule
3001 2602 3217 2654 utatur
3248 2589 3352 2653 ille
3393 2590 3825 2679 philosophus,
3858 2593 4147 2657 Lectores
4191 2616 4336 2657 suos
4366 2592 4512 2658 Plo-

2815 2692 2985 2757 tinus
3011 2691 3328 2771 admonet,
3361 2715 3440 2757 ne
3469 2693 3536 2757 id
3564 2692 3628 2758 in
3657 2693 3875 2759 falsam
3907 2695 4272 2760 sententiam
4305 2696 4513 2762 detor·

2814 2810 3066 2883 queant.
3142 2795 3528 2860 Universum
3560 2821 3707 2862 vero
3745 2797 3864 2862 hoc
3899 2814 4091 2886 caput
4120 2799 4217 2864 vel
4248 2801 4517 2865 maxime

2816 2898 3155 2964 tenendum
3202 2913 3296 2964 est
3338 2899 3479 2980 illis,
3507 2901 3620 2987 qui
3667 2899 3946 2966 Platonis
3991 2902 4310 2968 Timaeum
4352 2920 4517 2970 recte

2816 3000 3160 3089 intelligere
3190 3001 3566 3091 discupiant.

2901 3127 2968 3192 p.
3005 3107 3192 3191 1269,
3229 3123 3325 3191 15.
3379 3105 3516 3173 ἀλλ’
3563 3110 3617 3172 εἰ
3659 3113 3756 3173 δεῖ
3793 3106 4050 3189 ἑκάστην
4094 3108 4405 3192 ἐνέργειαν
4437 3109 4517 3190 μὴ

2819 3210 3002 3288 ἀτελῆ
3033 3208 3185 3273 εἶναι
3215 3237 3267 3273 κ.
3288 3236 3338 3274 τ.
3359 3211 3454 3296 λ.]
3506 3210 3693 3275 Conf.
3723 3226 4004 3276 annotat.
4031 3234 4233 3277 meam
4261 3212 4344 3277 ad
4372 3234 4514 3301 pag.

2816 3329 2965 3398 519.
3015 3312 3306 3378 nimirum
3336 3314 3416 3379 ad
3451 3317 3621 3380 Enn.
3653 3316 3730 3382 V.
3760 3331 3826 3401 5.
3862 3336 3916 3380 1.
3946 3315 4080 3382 init.

2814 3521 3031 3581 Joann.
3063 3521 3425 3599 Philoponus
3466 3522 3742 3582 adversus
3774 3524 4045 3583 Proclum
4082 3525 4158 3584 de
4196 3525 4517 3584 eternitate

3555 3620 3779 3679 mundi.

2906 3741 3010 3805 ΙΙ.
3039 3756 3104 3826 5.
3165 3741 3283 3805 Καὶ
3332 3742 3365 3804 ὁ
3412 3743 3756 3825 φιλόσοφος
3797 3746 4112 3811 Πλωτῖνος
4155 3744 4224 3808 ἐν
4264 3744 4344 3830 τῷ
4386 3742 4520 3823 περὶ

2822 3850 3048 3925 νοητῶν
3074 3843 3111 3924 ἢ
3140 3845 3277 3926 περὶ
3317 3846 3670 3927 ἀγαθοῦ,τᾶ
3699 3844 4089 3927 παραπλήσια
4125 3847 4262 3927 περὶ
4290 3849 4392 3926 τῆς
4419 3849 4516 3925 δη-

2819 3950 3154 4030 μιουργικῆς
3181 3971 3247 4010 τε
3278 3946 3374 4010 καὶ
3402 3951 3748 4028 προνητικῆς
3777 3952 3883 4011 τοῦ
3910 3952 4051 4012 θεοῦ
4079 3948 4379 4029 δυνάμεως
4406 3950 4516 4012 ἀπ·

2822 4049 3120 4133 εφήναντο
3146 4051 3295 4113 οὕτω
3318 4048 3608 4133 λέγειν’*
3615 4049 3722 4113 ὀὗ
3743 4076 3878 4130 μην,
3902 4049 4041 4115 ἀλλ’
4068 4053 4121 4115 εἰ
4146 4057 4241 4115 δεῖ
4265 4050 4521 4131 ἑκάστην

2824 4151 3204 4235 “ἐνέργειαν
3252 4151 3334 4233 μὴ
3385 4153 3570 4232 ἀτελῆ
3623 4151 3776 4216 εἶναι
3824 4154 3971 4234 μηδὲ
4020 4152 4183 4234 θέμις
4230 4158 4337 4218 τοῦ
4384 4156 4523 4221 θεοῦ

2825 4266 2866 4288 “
2897 4257 3052 4319 ἄλλο
3091 4281 3149 4319 τι
3189 4255 3466 4336 νομίζειν,
3496 4252 3533 4334 ἢ
3562 4256 3714 4319 ὅλον
3741 4281 3809 4320 τε
3848 4256 3944 4320 καὶ
3971 4260 4111 4331 πᾶν,
4143 4262 4240 4322 δεῖ
4274 4258 4341 4322 ἐν
4375 4260 4519 4322 ὅτω-

2897 4361 3005 4421 οῦν
3042 4361 3148 4421 τοῦ
3182 4358 3360 4421 αὐτοῦ
3394 4356 3592 4422 πάντα
3634 4359 4010 4444 ἐνυπάρχειν.
4055 4365 4152 4425 δεῖ
4186 4362 4388 4426 τοίνυν
4428 4361 4523 4425 καὶ

2898 4463 3004 4523 τοῦ
3046 4460 3140 4524 ἀεὶ
3185 4459 3357 4525 εἶναι.
3412 4466 3505 4524 δεῖ
3543 4462 3745 4526 τοίνυν
3789 4463 3887 4526 καὶ
3927 4463 4260 4543 μέλλοντος
4302 4463 4380 4532 ὥς
4415 4465 4522 4544 ἤδη

2899 4563 3192 4644 παρόντος
3217 4562 3387 4627 εἶναι.
3437 4564 3508 4627 οὐ
3530 4563 3599 4643 δὴ
3627 4565 3880 4647 ὕστερόν
3902 4590 3958 4629 τι
3989 4568 4057 4630 ἐν
4087 4568 4312 4653 ἐκείνῳ.
4361 4568 4523 4631 ἀλλά

2900 4663 2968 4727 τὸ
3010 4664 3120 4745 ἤδη
3165 4666 3292 4729 ἐκεῖ
3328 4665 3522 4748 παρὸν
3564 4668 3818 4750 ὕστερον
3863 4669 3932 4732 ἐν
3970 4670 4141 4755 ἄλλῳ
4175 4671 4426 4753 γίνεται.
4471 4672 4525 4735 εί

2901 4767 3008 4831 οῦν
3044 4766 3152 4847 ἤδη
3189 4766 3441 4849 πάρεστι
3479 4768 3547 4832 τὸ
3590 4768 3848 4850 μέλλον,
3881 4772 4108 4855 ἀνάγκη
4138 4775 4287 4837 οὕτω
4315 4779 4519 4856 παρεῖ-

2902 4895 3020 4946 ναι,
3052 4866 3129 4936 ὥς
3166 4870 3644 4952 προνενοημένου
3690 4876 3772 4941 εἰς
3808 4873 3876 4937 τὸ
3919 4876 4192 4959 ὕστερον.
4241 4882 4412 4941 τοῦτο
4456 4876 4525 4942 δέ

2903 4974 3072 5036 ἐστιν
3115 4970 3192 5040 ὦς
3233 4976 3416 5054 μηδὲν
3460 4980 3692 5040 δεῖσθαι
3735 4977 3985 5057 μηδενὸς
4026 4981 4181 5043 τότε.
4238 4984 4410 5045 τοῦτο
4458 4980 4525 5045 δέ

2830 5086 2871 5108 “
2905 5076 3056 5148 ἐστι,
3086 5076 3270 5154 μηδὲν
3300 5076 3712 5159 ἐλλείψοντος.
3787 5077 4005 5144 Πάντα
4042 5082 4156 5163 ἄρα
4183 5081 4292 5162 ἤδη
4320 5082 4398 5163 ἦν
4426 5083 4523 5148 καὶ

2828 5184 2872 5216 “
2903 5178 2997 5241 ἀεὶ
3033 5177 3131 5257 ἤν.
3178 5178 3273 5242 καὶ
3311 5181 3493 5248 οὕτως
3518 5180 3615 5260 ἦν,
3645 5179 3723 5249 οἷς
3763 5184 3952 5247 εἰπεῖν
3980 5186 4236 5267 ὕστερον
4262 5189 4399 5252 τόδε
4428 5191 4525 5253 διὰ

2829 5287 2870 5318 “
2902 5282 3056 5344 τόδε.
3108 5281 3518 5362 ἐκτεινόμενον
3553 5285 3665 5363 μὲν
3692 5287 3809 5367 γὰρ
3840 5285 3936 5349 καὶ
3975 5286 4105 5351 οἷον
4144 5291 4527 5371 ἀπλούμενον

2829 5394 2868 5417 “
2901 5384 3052 5468 ἔχει,
3073 5389 3368 5449 δεικνῦναι
3394 5388 3532 5451 τόδε
3558 5387 3708 5468 μετὰ
3734 5385 3886 5452 τόδε.
3919 5391 4066 5469 ὁμοῦ
4095 5394 4161 5456 δὲ
4189 5390 4264 5458 ὃν
4288 5398 4434 5475 πᾶν,
4456 5397 4526 5461 ἓν

2899 5484 3053 5551 τόδε.
3085 5490 3260 5551 τοῦτο
3282 5486 3351 5552 δέ
3373 5490 3541 5553 ἐστιν
3559 5490 3706 5574 ἔχον
3728 5492 3795 5555 ἐν
3819 5493 4003 5578 ἑαυτῷ
4029 5494 4125 5558 καὶ
4146 5495 4255 5575 τὴν
4271 5499 4524 5563 αἷτίαν.”

2827 5591 2945 5655 Καὶ
2989 5592 3022 5654 ὁ
3067 5595 3381 5660 Πλωτῖνος
3421 5593 3537 5675 ἄρα
3575 5594 3647 5658 οὗ
3684 5590 3877 5674 μόνον
3908 5598 3983 5659 τὰ
4025 5597 4196 5677 ὄντα,
4227 5599 4393 5663 ἀλλὰ
4429 5603 4524 5667 καὶ
