5118 6613
1410 555 1606 621 LIB.
1637 555 1799 623 VII.
1847 555 2306 623 ENNEAD.
2355 556 2750 624 SEXTAE.
2796 577 2859 645 p.
2900 574 3347 645 1311—1321.
3989 574 4117 645 391

631 732 827 798 οὐδενὶ
866 731 954 797 ἔτι
982 732 1153 816 ἆρκεῖ
1174 733 1249 795 τὰ
1278 734 1563 794 δοκοῦντα
1592 733 1860 804 κτᾶσθαι,
1891 731 2055 795 ἀλλὰ
2083 734 2157 795 τὰ
2185 732 2332 796 ὄντα
2416 754 2572 796 1111111
2620 730 2907 795 videatur
2955 735 3036 817 τῷ
3088 734 3189 811 τῆς
3240 733 3442 814 ψυχῆς
3492 731 3739 817 ἐναντίῳ
3792 730 4113 818 cogitanti,

631 840 885 916 ζητοῦσι,
917 836 1024 915 τὴν
1064 836 1130 899 δὲ
1167 835 1348 913 δόξαν
1376 835 1631 897 ἐνταῦθα
1666 832 1774 913 ἤδη
1811 837 1926 900 πᾶς
1963 832 2332 914 ἆτιμάζει.--
2415 834 2683 899 animam
2723 832 2789 897 in
2831 833 3125 898 inferiora
3163 832 3441 898 inclinari
3484 846 3548 897 et
3577 856 3808 922 cupere
3851 833 4106 898 sensibi-

633 941 748 1004 Καὶ
774 938 956 1020 μάλα.
2286 1003 2295 1011 ,
2416 936 2567 1003 lium
2619 958 2827 1001 rerum
2880 935 3350 1014 oblectamenta,
3399 959 3545 1023 quae
3596 936 3804 1023 ipsum
3857 937 4111 1001 Bonum

713 1063 781 1129 p.
807 1061 992 1127 1314,
1021 1041 1082 1105 6.
1132 1038 1242 1104 κᾶν
1272 1038 1451 1118 ἐθέλῃ
1481 1037 1643 1113 αὐτὸ,
1671 1039 1766 1103 καὶ
1793 1040 1970 1121 χαίρῃ
1999 1042 2078 1124 τῷ
2109 1040 2322 1128 ὁμοίῳ]

633 1146 865 1231 Margo
892 1143 989 1208 ed.
1019 1158 1084 1207 et
1112 1141 1350 1229 aliquot
1379 1140 1591 1229 scripti
1631 1139 1808 1205 libri:
1859 1141 1969 1206 κᾶν
1998 1142 2125 1225 ἔχῃ.
2219 1142 2326 1206 Fi-

628 1247 804 1313 cinus
846 1261 1177 1333 utramque
1218 1244 1542 1310 lectionem
1586 1243 1650 1308 in
1696 1268 1810 1308 sua
1852 1244 2131 1309 versione
2173 1268 2319 1310 con-

620 1351 852 1440 junxit.
942 1352 1087 1416 Non
1119 1348 1302 1427 male,
1333 1348 1575 1436 opinor.
1664 1350 1960 1413 Ceterum
1990 1347 2148 1412 illud
2179 1371 2321 1435 pro-

629 1454 910 1520 verbium
939 1453 1067 1519 huc
1101 1452 1405 1541 pertinet:
1454 1453 1530 1519 ὧς
1557 1453 1763 1532 ὅμοιον
1790 1453 1971 1537 ὁμοίῳ
2002 1453 2096 1517 ἀεὶ
2132 1452 2317 1517 πελά-

627 1568 731 1638 ζει,
757 1571 828 1623 ut
856 1556 1230 1645 exprimitur
1257 1555 1322 1620 in
1353 1555 1632 1620 Platonis
1661 1553 1967 1620 Convivio
1993 1578 2058 1642 p.
2088 1575 2228 1641 195.
2255 1556 2318 1621 b.

629 1661 727 1726 vel
756 1661 967 1749 prouti
999 1659 1134 1725 aliis
1170 1659 1233 1724 in
1265 1657 1413 1723 locis
1451 1657 1629 1723 aliter
1659 1658 1938 1722 effertur.
2013 1657 2158 1724 Vid.
2191 1660 2325 1747 Ly-

629 1764 745 1830 sid.
796 1788 859 1853 p.
894 1782 1036 1845 214.
1098 1765 1246 1827 Ast.
1289 1761 1372 1825 ad
1417 1760 1674 1826 Phaedr.
1723 1784 1789 1848 p.
1819 1762 1967 1848 336.
2033 1759 2192 1826 Zell.
2240 1760 2322 1826 ad

629 1868 896 1933 Aristot.
940 1866 1153 1932 Ethic.
1200 1865 1562 1930 Nicomach.
1605 1866 1810 1929 VIII.
1854 1885 1909 1930 1.
1945 1887 2009 1945 4.
2070 1888 2135 1952 p.
2167 1885 2319 1952 333.

629 1972 913 2037 Ciceron.
959 1968 1041 2035 de
1086 1971 1327 2034 Senect.
1363 1969 1507 2033 111.
1552 1967 1687 2033 init.
1732 1967 1881 2055 ibiq.
1959 1968 2316 2033 Gernhard.

724 2096 823 2162 15·
856 2098 949 2162 ⁸q·

627 2091 840 2266 P'·p¹
851 2194 1005 2265 315
1042 2198 1098 2241 1.
1145 2176 1259 2241 Διὸ
1298 2175 1393 2240 καὶ
1425 2179 1663 2254 μᾶλλον
1697 2175 1988 2242 οἰκείωσις
2027 2175 2173 2258 πρὸς
2215 2178 2318 2240 αὖ·

626 2283 966 2349 τοὺς-τοῖς
988 2285 1229 2361 μᾶλλον
1256 2279 1530 2366 ἀγαθοῖς]
1580 2279 1770 2342 Hanc
1812 2279 2178 2344 sententiam
2221 2303 2321 2344 co-

628 2383 862 2472 piosius
882 2382 1139 2470 exponit
1160 2382 1343 2446 Plato
1364 2380 1428 2445 in
1457 2381 1695 2469 Gorgia
1717 2405 1782 2470 p.
1802 2398 1951 2468 507.
1974 2406 2067 2469 sq.
2093 2406 2160 2471 p.
2181 2402 2324 2469 132.

714 2629 799 2641 —
826 2611 891 2677 5.
939 2592 993 2655 εί
1035 2589 1184 2653 ὅπου
1225 2592 1500 2667 μηδαμῶς
1538 2586 1630 2651 ἔνι
1666 2588 1824 2652 ἄλλο
1863 2586 1931 2651 τὸ
1970 2589 2035 2651 δέ
2079 2590 2325 2652 ἄλλο-

628 2696 857 2776 ἀγαθόν
896 2695 1062 2757 ἐστιν
1103 2692 1314 2777 ἑαυτῷ]
1370 2690 1475 2754 Ita
1518 2689 1873 2778 scripsimus
1915 2714 2059 2756 cum
2092 2690 2225 2756 Fic.
2260 2703 2323 2755 et

627 2796 876 2886 optimis
906 2795 1112 2861 Codd.
1144 2817 1260 2882 pro
1291 2795 1399 2869 ἑνὶ,
1431 2816 1512 2857 ex
1547 2816 1677 2882 qua
1712 2792 2155 2882 depravatione
2192 2793 2320 2857 fac-

629 2918 762 2967 tum
807 2913 987 2989 pute,
1019 2914 1091 2963 ut
1134 2911 1349 2986 postea
1391 2911 1535 2961 ante
1575 2899 1614 2978 ἡ
1656 2899 1947 2965 οἰκείωσις
1987 2896 2325 2962 adderetur

629 3006 814 3080 ἔστιν,
840 3002 1012 3092 quod
1041 3016 1367 3089 propterea
1399 2999 1574 3065 uncis
1600 2998 1983 3065 inclusimus.
2044 2999 2178 3066 Fic.
2211 3000 2322 3065 ali-

630 3123 724 3173 ter
765 3107 913 3172 huic
952 3106 1087 3170 loco
1130 3102 1450 3169 consulere
1500 3103 1766 3184 studuit,
1800 3103 2094 3167 nimirum
2137 3102 2326 3167 inter-

630 3209 921 3299 ponendo
952 3209 1045 3273 καὶ
1067 3195 1217 3273 ‘ante
1246 3208 1475 3289 ἀγαθόν
1506 3209 1673 3271 ἐστιν
1701 3208 1875 3293 αὐτῷ.

711 3353 801 3367 -
834 3335 933 3379 10.
990 3314 1154 3377 ἀλλὰ
1195 3311 1263 3375 τὸ
1305 3313 1417 3392 μὲν
1457 3314 1511 3375 εἰ
1544 3312 1625 3391 μὴ
1662 3313 1915 3376 ἐποιεῖτο
1952 3310 2165 3398 ἡδονῇ]
2212 3308 2326 3372 Ad

632 3419 700 3484 τὸ
729 3421 842 3500 μὲν
873 3413 1150 3502 intellige
1179 3418 1427 3478 κτᾶσθαι
1454 3413 1522 3478 τὸ
1552 3415 1799 3496 ἀγαθόν.
1863 3425 1902 3448 “
1931 3412 2057 3478 Sed
2087 3411 2326 3477 etiamsi

628 3520 885 3610 adipisci
912 3521 1160 3584 Bonum
1208 3516 1489 3603 (adeptio
1521 3516 1711 3603 Boni)
1754 3540 1881 3582 non
1924 3540 2065 3582 cum
2103 3514 2323 3603 volup-

629 3639 754 3691 tate
783 3621 1301 3713 perpetraretur.”

710 3752 775 3817 p.
818 3729 1003 3814 1316,
1035 3746 1101 3807 4.
1135 3724 1338 3789 Ἀλλὰ
1364 3728 1470 3789 τοῦ
1508 3726 1695 3792 εἴδους
1734 3725 2093 3791 ἐπελθόντος
2120 3724 2322 3804 ὥσπερ

628 3835 929 3916 ὀνείρατος
955 3830 1212 3918 ἀγαθοῦ]
1257 3830 1431 3893 Ante
1460 3826 1674 3892 oculos
1701 3827 1890 3892 habet
1915 3825 2323 3917 philosophus

629 3934 1031 4026 Lycopolites
1071 3932 1238 3996 illam
1286 3930 1560 3996 materias
1603 3930 2095 4017 descriptionem,
2132 3953 2322 4018 quam

628 4043 813 4107 Plato
853 4037 1111 4104 mirifice
1152 4035 1362 4123 exegit
1404 4035 1467 4099 in
1501 4034 1749 4099 Timaeo
1795 4058 1864 4123 p.
1896 4056 2002 4121 49.
2036 4059 2172 4123 sqq.
2213 4035 2325 4101 ubi

628 4144 707 4210 de
749 4142 1006 4208 materia
1048 4155 1111 4206 et
1138 4138 1262 4204 alia
1304 4138 1502 4203 multa
1529 4137 1850 4215 dicuntur,
1878 4155 1942 4204 et
1970 4160 2119 4203 vero
2149 4138 2317 4205 haec:

630 4252 725 4337 (p.
747 4267 852 4335 51.
883 4269 951 4334 p.
975 4248 1080 4310 62.
1112 4242 1347 4328 Bekk.)
1380 4242 1850 4323 μεταλαμβάνον
1879 4244 1942 4306 δὲ
1973 4239 2323 4324 ἆπορῶτατᾶ

626 4379 706 4435 πῃ
734 4357 839 4418 τοῦ
867 4353 1099 4430 νοητοῦ.
1191 4346 1404 4413 Somni
1452 4344 1793 4410 similitudo
1823 4359 1887 4408 et
1914 4344 2051 4433 ipsa
2081 4344 2324 4409 Platoni

627 4455 857 4520 usitata
884 4468 998 4531 est,
1023 4468 1095 4516 ut
1123 4450 1342 4515 eodem
1371 4448 1621 4536 dialogo
1648 4472 1710 4536 p.
1730 4467 1839 4533 52.
1870 4471 1932 4536 p.
1955 4448 2060 4529 64.
2090 4447 2319 4526 Bekk„

625 4579 1004 4647 quamquam
1035 4555 1122 4620 ibi
1152 4553 1407 4642 quidem
1447 4550 1661 4640 paullo
1697 4551 1897 4617 aliter.
1986 4553 2090 4617 Cf.
2127 4550 2322 4616 Ploti-

626 4685 776 4727 num
807 4682 1062 4749 quoque
1089 4680 1281 4746 supra
1309 4680 1374 4744 p.
1403 4658 1540 4738 164.
1565 4657 1645 4721 E.
1693 4678 1760 4743 p.
1791 4671 1929 4741 175.
1958 4656 2034 4719 C.
2081 4679 2147 4744 p.
2170 4657 2318 4740 367.

708 4879 796 4918 --'
832 4887 929 4948 14.
982 4865 1051 4930 τὸ
1095 4862 1147 4929 δ’
1192 4863 1290 4928 ἐπὶ
1329 4862 1749 4941 μᾶλλον-κώ
1794 4865 1931 4929 νοῦς
1974 4863 2202 4944 ψυχῆς)
2250 4859 2319 4926 τὸ

625 4970 854 5054 ἀγαθὸν
899 4967 975 5032 ἂν
1016 4971 1366 5050 προο-χωροῖ
1401 4970 1481 5052 τῷ
1522 4968 1624 5045 τῆς
1664 4968 1865 5048 ψυχῆς
1908 4965 2175 5050 ἐναντίῳ,
2224 4965 2320 5029 καὶ

624 5075 753 5138 οἷον
807 5069 1261 5158 καθαιρομένῳ]
1329 5068 1467 5133 Fic.
1515 5066 1816 5155 expressit
1868 5066 1915 5132 δ’
1963 5068 2068 5143 ἔτι,
2116 5083 2181 5134 et
2230 5070 2320 5137 ita

624 5190 967 5242 correctum
1012 5188 1107 5238 est
1138 5172 1206 5237 in
1245 5172 1424 5237 Med.
1456 5174 1546 5237 A.
1581 5171 1786 5253 (Fort.
1820 5171 2109 5239 Plotinus
2142 5174 2320 5242 dedit

625 5278 673 5345 δ’
721 5280 819 5344 ἔπι
853 5277 892 5341 i.
916 5301 970 5343 e.
1015 5276 1288 5361 ἕπεο-τὴς
1351 5274 1579 5340 deinde
1621 5278 1700 5361 τῷ
1742 5278 1843 5355 τῆς
1882 5278 2027 5357 ὕλης
2067 5279 2317 5366 ἐναντίῳ

626 5386 719 5466 (et
746 5379 1030 5471 proxime
1056 5380 1338 5444 Darmst.
1369 5377 1658 5443 exhibet:
1707 5378 1825 5456 ὅ,τι
1850 5382 2053 5462 ψυχῆς
2080 5380 2311 5447 &nov-20,

624 5507 740 5573 pro
781 5487 991 5569 ὕλης);
1055 5485 1202 5570 Ego
1238 5482 1395 5547 nihil
1439 5480 1700 5560 mutavi,
1745 5480 1861 5546 nisi
1904 5489 2209 5567 προχωροῖ
2249 5484 2313 5548 in

2411 1057 2779 1127 aspernetur
2829 1063 2902 1104 ac
2954 1038 3246 1126 refugiat.
3339 1038 3652 1104 Universo
3698 1055 3907 1104 autem
3961 1038 4109 1103 huic

2410 1143 2545 1209 loco
2574 1142 3078 1232 interpungendo
3104 1141 3405 1207 consului.

2495 1271 2561 1336 p.
2602 1265 2790 1333 1317,
2823 1247 2885 1310 8.
2943 1248 3039 1310 καὶ
3081 1246 3161 1326 μὴ
3207 1250 3513 1321 κινεῖσθαι,
3555 1245 3690 1309 ἀλλ’
3729 1247 3806 1314 ὡς
3845 1247 3997 1326 μετὰ
4036 1244 4106 1308 τὸ

2410 1351 2551 1416 αὐτὸ
2594 1352 2777 1436 ἔχειν·
2826 1350 3163 1434 ὃ-ἐνδεεῖ]
3217 1348 3349 1413 Fic.
3393 1349 3694 1436 expressit
3743 1377 3797 1414 κ.
3825 1375 3889 1427 μ.
3928 1354 4104 1417 κινεῖ·

2411 1459 2552 1519 σθαι
2596 1455 2814 1529 ἄλλως,
2855 1452 3028 1540 quod
3075 1475 3291 1516 verum
3338 1451 3609 1532 videtur,
3652 1475 3855 1539 neque
3896 1470 4105 1523 tamen

2408 1556 2709 1623 librorum
2742 1555 3109 1643 suffragium
3141 1555 3348 1621 habet.

2494 1698 2585 1709 -
2618 1680 2716 1746 13.
2765 1659 2872 1723 τὸν
2910 1659 3227 1723 ἀντίτυπον
3265 1661 3458 1742 λόγον
3496 1659 3925 1740 ἆπωσαμένοις.
3977 1663 4107 1728 ἔστι

2410 1766 2476 1829 δὲ
2503 1764 2720 1847 οὗτος]
2770 1762 2931 1827 Vide
2975 1785 3166 1850 supra
3208 1761 3493 1827 laudatos
3521 1761 3689 1827 locos
3719 1764 3999 1831 Platonis
4040 1767 4108 1832 iu

2410 1866 2675 1932 Philebo
2709 1890 2773 1955 p.
2804 1884 2907 1932 22.
2937 1890 3034 1953 sq.
3070 1889 3135 1954 p.
3169 1881 3309 1951 154.
3341 1889 3482 1953 sqq.
3518 1865 3722 1932 Bekk.
3754 1870 3909 1934 etin
3944 1873 4107 1937 Gor-

2405 1970 2512 2057 gia
2554 1994 2619 2058 p.
2652 1973 2802 2056 506.
2833 1993 2927 2056 sq.
2971 1992 3035 2057 p.
3067 1989 3190 2054 130
3219 1992 3356 2056 sqq.
3391 1967 3592 2034 Bekk.
3639 1987 3702 2035 et
3732 1995 3879 2059 quae
3909 1974 4104 2040 Ploti-

2408 2096 2527 2138 nus
2577 2073 2709 2162 ipse
2764 2073 2914 2137 istos
2967 2071 3395 2137 dissentientes
3449 2071 3853 2163 philosophos
3902 2077 4107 2144 dicere

2406 2176 2554 2241 facit
2587 2176 2704 2241 sub
2733 2176 2916 2241 finem
2954 2174 3172 2263 capitis
3203 2175 3473 2240 XXIV.
3514 2198 3579 2263 p.
3609 2180 3755 2261 716.
3789 2179 3862 2243 C.
3899 2181 3981 2245 D.
4018 2183 4100 2246 E.

2405 2280 2559 2368 ibiq.
2591 2294 2833 2345 annott.

2494 2408 2558 2473 p.
2599 2404 2786 2470 1319,
2823 2402 2883 2448 2.
2916 2383 3005 2448 Τὸ
3033 2385 3145 2463 μὲν
3174 2382 3281 2447 οὖν
3317 2383 3552 2447 οἴεσθαι
3577 2382 3646 2446 τὸ
3684 2385 3916 2467 ἀγαθὸν
3944 2387 4010 2452 ἔκ
4037 2415 4104 2455 τε

2408 2492 2514 2552 τοῦ
2535 2485 3010 2571 νοῦ-τιθέντος]
3052 2485 3194 2550 Vid.
3214 2483 3495 2549 Platonis
3523 2484 3726 2551 locum
3751 2487 4099 2570 laudatum,

2411 2590 2696 2656 videlicet
2722 2591 2784 2654 in
2822 2589 3078 2654 Philebo
3106 2612 3172 2677 p.
3190 2608 3302 2656 22.
3329 2613 3461 2676 sqq.
3498 2613 3560 2675 p.
3588 2607 3709 2675 154
3737 2615 3876 2680 sqq.
3897 2595 4103 2662 Bekk.

2493 2716 2561 2782 p.
2601 2712 2786 2780 1320,
2814 2712 2879 2779 3.
2925 2692 2993 2756 τὸ
3030 2692 3345 2773 μεθυσθεὶς
3389 2692 3485 2756 ἐπὶ
3528 2698 3633 2757 τοῦ
3672 2694 3973 2779 νέκταρος,
4006 2701 4101 2765 καὶ

2411 2798 2509 2862 ἐπὶ
2565 2796 3143 2884 δαῖτα-ἑστίασιν]
3222 2794 3399 2862 Plato
3459 2797 3788 2883 Symposio
3843 2823 3907 2887 p.
3957 2820 4104 2888 203.

2409 2924 2475 2989 p.
2494 2919 2642 2985 429.
2673 2898 2907 2964 Bekk.:
2955 2901 3056 2964 ὅτε
3083 2902 3200 2982 γὰρ
3227 2898 3467 2982 ἐγένετο
3493 2900 3532 2979 ἡ
3552 2898 3897 2983 Ἀφροδίτη,
3924 2906 4104 2969 εἱστι-

2412 3010 2563 3068 ῶντο
2606 3006 2665 3068 οἱ
2708 3004 2853 3078 θεοὶ,
2895 3004 2961 3066 οἵ
2993 3027 3061 3067 τε
3110 3003 3291 3067 ἄλλοι
3336 3003 3430 3066 καὶ
3472 3005 3506 3066 ὁ
3548 3006 3648 3083 τῆς
3690 3004 3952 3085 Μήτιδος
3984 3008 4109 3076 υἱὸς

2411 3108 2632 3190 Πόρος.
2679 3105 2879 3185 ἐπειδὴ
2915 3108 2981 3170 δὲ
3027 3107 3388 3184 ἐδείπνησαν
3420 3134 3470 3170 κ.
3489 3131 3543 3169 τ.
3563 3110 3747 3172 λ.-ὖ
3778 3111 3884 3175 οὖν
3910 3114 4109 3195 Πόρος

2409 3210 2725 3289 μεθυσθεὶς
2751 3213 2856 3273 τοῦ
2884 3209 3162 3291 νέκταρος
3191 3236 3243 3274 κ.
3265 3235 3317 3273 τ.
3341 3217 3404 3273 λ.
3451 3233 3637 3298 quem
3676 3210 3880 3277 locum
3918 3238 4111 3301 supra

2408 3312 2656 3401 copiose
2686 3313 2973 3378 tractavit
3002 3312 3290 3377 Plotinus
3322 3313 3463 3377 III.
3490 3330 3556 3399 5.
3580 3334 3646 3398 5.
3674 3335 3732 3397 7.
3763 3318 3824 3381 8.
3851 3339 3911 3403 9.
3962 3320 4106 3384 111.

2410 3420 2602 3498 6:14.
2694 3418 2843 3485 Δαὶς
2869 3430 3080 3481 autem
3108 3416 3354 3503 quoties
3380 3432 3758 3482 memoretur
3786 3419 3867 3485 de
3893 3421 4013 3487 diis
4041 3422 4107 3487 in

2411 3520 2614 3585 Iliade
2663 3536 2727 3585 et
2770 3520 3076 3607 Odyssea,
3120 3519 3412 3607 putidum
3463 3520 3544 3584 sit
3586 3523 3887 3611 exemplis
3934 3547 4103 3589 com-

2408 3639 2773 3690 monstrare.
2863 3623 2967 3689 Cf.
2998 3621 3181 3688 etiam
3226 3620 3471 3687 Platon.
3516 3623 3800 3690 Phaedr.:
3850 3629 3995 3692 ὅταν
4038 3633 4107 3694 δὲ

2408 3727 2479 3808 δὴ
2504 3730 2652 3810 πρὸς
2678 3731 2850 3791 δαῖτα
2878 3726 2973 3790 καὶ
3002 3726 3098 3790 ἐπὶ
3136 3726 3340 3804 θοίνην
3365 3727 3538 3790 ἴωσιν
3570 3729 3760 3811 (θεοί)
3796 3726 3888 3817 [p.
3922 3733 4100 3821 247.]

2407 3832 2593 3895 -καὶ
2621 3831 2688 3895 τὸ
2716 3832 2961 3910 μείδησε
2989 3829 3179 3911 πατὴρ
3208 3841 3300 3893 est
3334 3827 3520 3893 Iliad.
3552 3854 3601 3894 ε.
3627 3834 3773 3912 426.
3814 3859 3869 3897 ο.
3895 3853 4006 3917 47.

2493 3970 2584 3984 -
2613 3935 2673 3999 8.
2720 3932 2835 3998 Διὸ
2878 3934 2975 3997 καὶ
3013 3932 3300 4013 ἀλήθειαν
3327 3935 3408 4019 τῷ
3443 3933 3688 4015 μίγματι
3715 3939 4100 4029 προστίθησι]

2412 4037 2597 4103 Plato
2642 4036 2900 4103 Philebo
2949 4059 3015 4124 p.
3045 4039 3154 4101 60.
3199 4060 3336 4124 sqq.
3390 4060 3453 4124 p.
3493 4055 3634 4102 200.
3682 4061 3819 4127 sqq.
3878 4041 4098 4107 Stallb.

2410 4140 2581 4206 unde
2627 4140 2761 4206 haec
2801 4139 3235 4205 tantummodo
3273 4163 3558 4228 appono:
3625 4147 3740 4205 Σω.
3794 4144 4006 4209 οὐκοῦν
4053 4149 4106 4210 εἰ

2407 4245 2823 4325 τάληθέστατα
2859 4244 3128 4325 τμήματα
3157 4243 3434 4326 ἑκατέρας
3459 4247 3685 4325 ἴδοιμεν
3710 4252 3942 4329 πρῶτον
3971 4255 4107 4329 ξυμ-

2405 4350 2697 4429 μίξαντες,
2730 4345 2819 4430 ἆρ’
2856 4349 3028 4412 ῑκανᾶ
3060 4351 3243 4411 ταῦτα
3272 4347 3710 4429 ξυγκεκραμένα
3737 4348 3842 4413 τὸν
3872 4352 4103 4433 ἀγαπη-

2407 4453 2657 4516 τότατον
2683 4453 2825 4530 βίον
2854 4449 3321 4532 ἆπεργασάμενα
3357 4450 3645 4535 παρέχειν
3678 4452 3836 4533 ἡμῖν,
3867 4455 3907 4535 ἤ
3945 4481 4105 4525 τινος

2407 4554 2495 4619 ἔτι
2522 4555 2936 4637 προσδεόμεθα
2966 4554 3062 4617 καὶ
3088 4559 3207 4617 τῶν
3232 4553 3314 4633 μὴ
3343 4555 3658 4628 τοιούτωνς

2492 4681 2556 4746 p.
2586 4678 2770 4743 1321,
2792 4677 2857 4741 7.
2904 4659 2980 4725 ὥς
3004 4655 3085 4737 μὴ
3112 4657 3427 4720 λείπεσθαι
3458 4660 3604 4721 κατὰ
3632 4659 3877 4739 δύναμιν
3899 4660 4102 4726 θέλειν

2409 4761 2528 4846 (ita
2568 4760 2789 4849 optimi
2832 4759 2995 4824 libri.
3070 4758 3196 4823 Ed.
3230 4757 3463 4823 ἐθέλειν
3498 4783 3642 4824 cum
3681 4760 3844 4845 aliis)
3885 4768 3955 4844 τῇ
3996 4771 4102 4830 τοῦ

2406 4865 2701 4949 ἐρωμένου
2718 4864 3104 4949 σωφροσύνῃ]
3136 4863 3233 4927 De
3246 4862 3704 4928 constructione
3721 4865 3846 4930 vid.
3863 4866 4098 4932 Thom.

2405 4968 2701 5056 Magistr.
2751 4990 2895 5032 cum
2947 4967 3292 5054 interprett.
3343 4988 3407 5052 p.
3448 4969 3588 5030 160.
3640 4967 3740 5032 ed.
3789 4969 4095 5036 Bernard.

2405 5073 2625 5137 Habet
2651 5085 2861 5136 autem
2891 5070 3094 5135 θέλειν
3124 5070 3186 5135 h.
3219 5069 3262 5135 l.
3298 5069 3420 5133 vim
3458 5070 3750 5156 majorem
3799 5071 3987 5136 studii
4033 5089 4096 5138 et

2403 5175 2780 5263 cupiditatis
2872 5176 3039 5239 Nos:
3087 5175 3294 5261 umja
3320 5173 3493 5238 nicht
3518 5175 4096 5258 zurackzubleiben‚

2406 5278 2537 5343 vel:
2585 5277 3084 5368 angelege'ntlt‘ch
3129 5277 3497 5343 wien-schend
3529 5276 3705 5341 nicht
3742 5279 4092 5344 zurilclczu-

2402 5382 2655 5447 bleibcm.
2736 5383 2840 5445 De
2877 5404 3005 5468 qua
3033 5381 3094 5445 vi
3128 5381 3300 5446 verbi
3341 5381 3533 5469 hujus
3561 5379 3689 5443 vid.
3719 5381 4094 5471 Wesseling.

2401 5483 2480 5549 ad
2515 5483 2821 5549 Herodot.
2856 5485 2993 5549 IX.
3040 5505 3133 5566 14.
3193 5483 3554 5549 Markland.
3592 5482 3672 5547 ad
3721 5483 3976 5571 Lysiam
4027 5488 4115 5552 1.·

622 5592 983 5671 προσχωροῖ,
1022 5585 1199 5672 quod
1240 5585 1388 5650 boni
1432 5583 1573 5649 libri
1614 5583 2012 5673 praestabant.
2087 5586 2179 5651 Et
2222 5609 2317 5652 sa-
2399 5610 2463 5676 p.
2500 5606 2644 5674 152.
2691 5608 2753 5674 p.
2786 5589 2929 5652 616.
2961 5587 3222 5653 Reiskii.
3312 5588 3490 5654 Plato
3519 5587 3827 5653 Convivio
3854 5587 3935 5652 de
3977 5590 4089 5654 So·
