5118 6613
1338 577 1537 643 LIB.
1584 579 1726 643 111.
1775 578 2226 644 ENNEAD.
2271 578 2762 650 QUARTAE.
2803 601 2869 667 p.
2905 594 3270 665 707—711.

541 751 658 836 γάρ
681 777 761 833 με
802 752 868 834 (ἦ
898 751 1108 830 νόσος)
1149 752 1501 816 τελευταίαν
1536 751 1813 833 ἡγεῖσθαι
1850 756 1958 816 τοῦ
1996 756 2104 832 ζῇν
2133 753 2242 817 ἆν-

542 857 753 942 θρόπῳ
780 856 1154 937 προθεσμίαν
1197 853 1304 933 τὴν
1349 856 1694 918 ἐνεστῶσαν
1722 854 1964 936 ἡμέραν.
2058 855 2239 920 Idem

539 958 747 1046 Epist.
808 975 916 1043 97.
977 956 1237 1021 θανάτου
1289 958 1662 1038 προθεσμίαν
1720 973 2006 1044 usurpat.
2090 958 2236 1025 Vid.

540 1062 830 1149 Lennep.
861 1058 942 1125 ad
973 1058 1163 1147 prior.
1195 1057 1403 1123 locum
1444 1082 1508 1145 p.
1542 1079 1691 1144 301.
1733 1059 2056 1126 Chariton.
2099 1062 2241 1127 ΙΙΙ.

544 1183 603 1231 2.
631 1187 695 1252 p.
727 1184 835 1251 59.
869 1162 1040 1251 Lips.
1088 1160 1182 1250 [p.
1214 1181 1322 1247 43.
1357 1163 1602 1246 Amst.]
1634 1165 1929 1228 ι--πείσω
1966 1167 2033 1229 δὲ
2062 1167 2241 1245 ταύτῃ

540 1272 780 1348 μᾶλλον
809 1268 907 1332 καὶ
948 1266 1054 1331 τὸν
1088 1265 1399 1347 πενθερὸν,
1434 1266 1511 1332 ὦς
1544 1267 1650 1329 οὐκ
1688 1265 1924 1345 ἀνάξιός
1968 1271 2085 1348 εἰμι
2126 1274 2243 1332 τῶν

539 1370 767 1452 γάμων.
815 1368 1195 1452 καρτέρησον,
1255 1367 1446 1451 ψυχή,
1499 1372 1871 1449 προθεσμίαν
1924 1372 2239 1451 σύντομον,

540 1476 640 1539 ἴνα
674 1472 783 1542 τὸν
809 1474 998 1537 πλείω
1041 1473 1267 1555 χρόνον
1297 1473 1645 1552 ἀπολαύσῃς
1682 1474 1975 1556 ἀσφαλῶς
2010 1475 2243 1554 ἡδονῆς.

543 1577 650 1644 Ex
677 1587 891 1641 nostra
916 1590 1126 1639 autern
1165 1573 1426 1638 lectione
1469 1574 1605 1640 haec
1649 1575 1953 1641 sententia
1993 1576 2240 1642 existit:

545 1676 640 1742 vel
671 1675 1206 1764 quemadmodum
1254 1699 1586 1764 properare
1628 1677 1897 1743 solemus
1932 1679 2014 1744 ad
2058 1693 2242 1743 natu-

544 1780 702 1846 rales
724 1780 1021 1846 terminos
1047 1779 1411 1867 nuptiarum
1441 1780 1486 1844 i.
1510 1804 1565 1845 e.
1588 1781 1846 1867 quando
1863 1781 2239 1847 matrimonii

542 1883 800 1952 ineundi
858 1899 1009 1948 aetas
1070 1885 1224 1966 (ὥρα
1279 1883 1504 1966 γάμου)
1557 1885 1748 1949 adest.
1855 1887 2002 1963 Quo
2056 1908 2239 1949 sensu

543 1986 883 2052 Clearchus
931 2009 1032 2070 ap.
1081 1985 1316 2050 Athen.
1371 1987 1589 2050 XIII.
1630 2010 1696 2074 p.
1727 1991 1879 2073 556.
1927 1987 1990 2052 d.
2035 1988 2129 2075 (p.
2167 2008 2234 2073 5.

545 2089 865 2177 Schwgh.)
895 2089 1046 2155 dicit
1076 2091 1144 2154 ἐν
1172 2091 1295 2175 ὥρα
1321 2089 1635 2171 προσιέναι
1662 2096 1785 2157 τοῖς
1811 2089 2042 2173 γάμοις.
2110 2091 2234 2155 Sed

540 2208 742 2258 tamen
788 2191 1000 2270 habet,
1029 2215 1159 2280 quo
1197 2215 1262 2256 se
1291 2191 1454 2256 tueri
1492 2215 1673 2278 posse
1714 2192 2002 2257 videatur
2042 2192 2236 2258 altera

538 2296 722 2362 lectio
746 2319 785 2360 a
815 2295 1039 2360 Fieino
1074 2294 1260 2359 etiam
1289 2318 1602 2382 expressa,
1632 2297 1976 2377 προθυμίας.
2065 2298 2234 2362 Nam

536 2399 810 2489 primum
839 2400 1206 2482 προθεσμίας
1247 2421 1326 2463 ex
1362 2397 1680 2484 superiore
1715 2400 2078 2481 προθεσμίας
2107 2400 2233 2465 huc

537 2502 896 2567 traductum
941 2499 1065 2565 dici
1115 2500 1331 2587 possit.
1419 2497 1671 2564 Deinde
1723 2501 1974 2582 φυσικαὶ
2025 2498 2233 2582 γάμων

535 2606 850 2689 προθυμίαι
890 2603 1195 2691 oppositae
1223 2602 1423 2667 videri
1457 2613 1693 2690 queant
1736 2603 1990 2685 πράξεσι
2033 2610 2233 2668 καλῶν

537 2709 600 2774 in
642 2708 839 2774 altero
875 2705 1172 2771 orationis
1199 2706 1501 2785 membro,
1534 2720 1606 2770 ut
1648 2706 1954 2770 sententia
1979 2706 2088 2771 fit:
2138 2706 2233 2771 in-

539 2813 765 2879 stinctu
795 2810 1072 2899 quodam
1101 2810 1395 2874 feruntur
1423 2809 1523 2873 vel
1561 2809 1643 2873 ad
1683 2809 2024 2896 explendas
2061 2810 2237 2898 cupi-

538 2915 762 2982 ditates
819 2912 1209 3000 nuptiarum,
1269 2911 1370 2975 vel
1428 2912 1510 2976 ad
1569 2913 1862 2977 honestas
1926 2912 2232 2989 actiones;

539 3039 923 3108 quamquam
968 3016 1057 3080 ita
1093 3015 1306 3102 potius
1348 3015 1685 3080 dicendum
1730 3016 1950 3080 fuisset
1992 3019 2237 3100 ἆφροδι.

541 3124 706 3196 σίων,
737 3142 934 3208 quam
971 3118 1198 3202 γέμων.
1291 3116 1586 3181 Proxime
1632 3117 1765 3182 Fic.
1811 3118 2033 3205 legisse
2063 3118 2239 3183 vide-

542 3239 645 3289 tur
669 3223 912 3306 πράξεις
937 3221 1110 3288 τινές.
1202 3220 1384 3285 Libri
1417 3236 1623 3285 tamen
1653 3219 1807 3284 nihil
1837 3222 2102 3286 variant.

623 3351 685 3416 p.
720 3347 754 3411 7
771 3346 870 3405 10,
909 3345 1009 3411 13.
1049 3326 1177 3389 οἷον
1202 3324 1356 3392 εἰκὸς
1385 3326 1480 3389 καὶ
1508 3325 1616 3389 τὸν
1632 3330 1822 3406 μῦθον
1850 3328 2234 3402 αἰνίττεσθαι,

543 3432 640 3505 ὃς,
665 3429 1015 3495 πλάσαντος
1029 3432 1137 3491 τοῦ
1159 3426 1522 3510 Προμηθέως
1542 3428 1652 3507 τὴν
1666 3428 1971 3516 γυναῖκα]
2007 3430 2236 3505 Nema,

541 3532 651 3622 qui
689 3532 863 3609 seint,
894 3545 1282 3618 quantopere
1320 3529 1382 3594 in
1413 3529 1530 3594 hae
1556 3529 1773 3595 fabula
1801 3530 2108 3595 tradenda
2133 3532 2234 3595 in·

542 3653 638 3703 ter
662 3660 728 3703 se
755 3635 1049 3701 differant
1076 3634 1426 3721 scriptores,
1457 3632 1789 3699 mirabitur
1819 3634 2142 3700 Plotinum
2173 3650 2236 3700 et

539 3739 767 3828 ipsum,
801 3737 948 3801 lieet:
994 3735 1379 3823 Hesiodeum
1426 3735 1631 3800 locum
1677 3735 1966 3823 attingat,
1997 3737 2078 3801 ab
2119 3736 2237 3802 hoc

542 3858 748 3909 tamen
788 3852 976 3929 posta
1018 3839 1106 3904 ab
1137 3838 1398 3926 aliisque
1440 3838 1777 3904 discedere.
1867 3840 1969 3903 De
1995 3839 2102 3903 illa
2129 3864 2236 3904 va-

543 3946 757 4011 rietate
798 3943 929 4008 vid.
964 3942 1206 4031 Heynii
1243 3943 1428 4007 Obss.
1471 3941 1552 4006 ad
1599 3940 1977 4029 Apollodor.
2021 3966 2088 4030 p.
2121 3964 2231 4027 37.

544 4049 803 4115 Schutz.
823 4049 1092 4111 ExeurS.
1118 4045 1197 4110 ad
1233 4045 1521 4132 AEschyli
1548 4045 1867 4110 Prometh.
1894 4060 1955 4110 et
1977 4047 2239 4110 Werns-

541 4152 705 4217 dors.
745 4150 826 4216 ad
873 4147 1141 4215 Himerii
1188 4147 1453 4235 Eclogg.
1483 4170 1553 4234 p.
1589 4166 1732 4232 745.
1766 4171 1859 4235 sq.
1939 4147 2234 4213 Celeber-

541 4254 700 4319 rima
724 4267 938 4318 autem
968 4251 1252 4316 Platonis
1286 4266 1380 4315 est
1414 4251 1551 4337 ejus
1577 4250 1810 4316 fabulae
1854 4251 2128 4315 narratio
2169 4251 2232 4316 in

545 4359 869 4443 Protagor.
915 4377 980 4441 p.
1008 4373 1158 4440 320.
1192 4376 1285 4441 sq.
1319 4376 1382 4440 p.
1426 4371 1564 4437 170.
1611 4377 1745 4440 sqq.
1789 4353 2015 4433 Bekk„
2045 4378 2235 4442 quem

545 4459 768 4525 deinde
795 4458 898 4523 alii
943 4473 1091 4524 sunt
1132 4458 1329 4522 secuti
1373 4457 1761 4545 Philosophi,
1792 4482 1952 4545 quos
1994 4459 2236 4526 inducit

546 4561 942 4627 Wernsdorf.
973 4561 1014 4625 l.
1033 4560 1074 4625 l.
1150 4563 1251 4625 Ac
1280 4560 1553 4649 primum
1577 4560 1712 4625 hoec
1742 4566 1847 4625 τοῦ
1875 4562 2236 4643 Προμήθεως

544 4666 887 4732 πλάσαντος
927 4665 1034 4743 τὴν
1076 4670 1329 4747 γυναῖκα
1378 4661 1693 4727 abludunt
1735 4687 1775 4727 a
1814 4663 2070 4751 vulgata
2110 4666 2236 4730 for-

546 4791 665 4846 ma,
687 4789 836 4854 quae
864 4769 910 4830 J
913 4766 1045 4831 ovis
1064 4767 1248 4853 jussu
1279 4766 1572 4833 feminam
1596 4790 1637 4831 a
1657 4765 1939 4831 Vulcano
1970 4767 2234 4832 effictam

544 4871 779 4936 ferebat
812 4896 831 4944 ς
879 4870 985 4934 sed
1016 4870 1210 4956 hujus
1237 4885 1443 4934 tamen
1476 4869 1661 4933 etiam
1698 4869 2073 4935 diversitatis
2099 4893 2230 4934 ves-

545 4973 695 5061 tigia
736 4972 859 5037 alio
893 4988 1160 5037 exstant.
1223 4972 1369 5036 Vid.
1399 4971 1464 5037 ll.
1487 4972 1743 5038 11.-καὶ
1780 4976 1839 5037 οἱ
1875 4975 2055 5038 ἄλλοι
2083 4975 2232 5038 θεοί.

548 5077 758 5164 Igitur
802 5076 986 5140 etiam
1036 5075 1296 5142 Plotino
1333 5077 1492 5141 deus
1535 5091 1629 5141 est
1679 5076 2113 5157 Prometheus,
2162 5091 2237 5142 ut

547 5179 838 5268 Sophocli
875 5181 938 5244 in
988 5180 1213 5268 OEdip.
1250 5181 1470 5245 Colon.
1512 5198 1617 5265 54.
1650 5204 1781 5267 sq.:
1830 5183 1898 5244 ἐν
1936 5178 1986 5244 δ’
2018 5183 2051 5244 ὁ
2089 5207 2232 5263 πυρ-

544 5285 727 5365 φόρος
776 5286 911 5350 θεός
965 5288 1155 5348 Τιτὰν
1212 5286 1578 5366 Προμηθεύς.
1655 5282 1982 5348 Himerius
2025 5295 2234 5347 autem

545 5385 810 5473 Bologg.
846 5386 1059 5449 XXI.
1108 5386 1464 5451 Promethei
1496 5402 1558 5451 et
1589 5385 1945 5474 Epimethei
1977 5386 2235 5450 mentio-

546 5509 680 5552 nem
724 5494 856 5553 τοῖν
900 5492 1063 5551 δυοῖν
1100 5489 1404 5569 δαιμόνων
1433 5488 1651 5553 addita
1692 5487 2108 5577 appellatione
2136 5488 2231 5551 fa-

543 5591 643 5655 cit.
732 5590 889 5657 Alia
935 5590 1245 5677 oengessit
1291 5590 1442 5657 Tib.
1486 5592 1925 5656 Hemsterhus.
1970 5590 2053 5654 ad
2101 5592 2235 5655 Lu-

3912 602 4030 669 213

2325 752 2483 817 cian.
2517 751 2657 817 Vol.
2695 753 2754 817 Ι.
2789 776 2853 840 p.
2894 755 3036 838 196.
3067 775 3157 839 sq.
3188 764 3247 816 et
3279 751 3524 839 copiose
3554 751 3636 816 de
3662 751 3780 817 hac
3809 775 3877 818 re
3903 754 4028 819 dis-

2325 855 2576 943 putavit
2613 857 2725 920 Fr.
2759 856 2848 920 G.
2889 855 3181 919 Welcker.
3228 854 3291 919 in
3343 854 3537 919 libro:
3608 854 3711 919 die
3747 857 4029 945 AEschy-

2325 959 2545 1024 leische
2584 959 2880 1047 Trilogie
2909 982 2971 1045 p.
2999 960 3104 1043 69.
3134 981 3270 1045 sqq.
3279 1006 3300 1038 ,
3333 958 3445 1046 qui
3476 972 3705 1036 tamen,
3731 962 3780 1023 si
3815 959 4027 1027 Plato·

2325 1061 2423 1126 nis
2451 1061 2514 1126 in
2550 1060 2815 1127 Politico
2845 1086 2910 1149 p.
2946 1080 3091 1144 274.
3120 1084 3189 1150 p.
3218 1064 3364 1147 283.
3397 1061 3601 1127 Bekk.
3635 1062 4028 1151 aliorumque

2328 1164 2823 1230 testimoniorum
2845 1164 3218 1229 mentionem
3253 1165 3668 1253 praemisisset,
3691 1166 3893 1231 lenius
3917 1166 4027 1232 ali-

2327 1283 2567 1355 quanto
2588 1267 2668 1332 de
2696 1269 2815 1332 hoc
2841 1268 2978 1332 loco
3009 1267 3240 1332 Plotini
3274 1269 3756 1356 pronuntiasset.

2414 1408 2502 1420 -—
2536 1390 2634 1455 15.
2682 1377 2861 1453 γαῖαν
2903 1373 3027 1435 ὕδει
3073 1370 3201 1453 (vel
3259 1373 3455 1456 ὕδατι)
3517 1374 3729 1455 φύρειν
3772 1401 3824 1438 κ.
3847 1398 3898 1438 τ.
3923 1375 4019 1456 λ.]

2332 1476 2496 1540 Haec
2523 1473 2847 1562 attigimus
2874 1473 2937 1537 in
2971 1474 3117 1537 Var.
3150 1472 3291 1539 lect.

2414 1614 2505 1628 —-·
2525 1597 2551 1641 1
2565 1578 2625 1641 8.
2658 1580 2739 1663 τῷ
2756 1575 3084 1655 πλάσματι,
3108 1579 3271 1656 παρὰ
3291 1578 3650 1658 προμηθείας
3670 1576 3829 1644 τινὸς
3856 1603 4027 1658 γενο-

2328 1680 2520 1770 μένῳ]
2569 1678 3013 1744 Prometheum
3060 1677 3286 1766 passim
3336 1677 3704 1765 Philosophi
3734 1701 3850 1765 pro
3879 1702 4026 1766 pro·

2331 1782 2629 1859 videntia,
2659 1805 2806 1868 quae
2844 1780 3082 1845 mundo
3117 1780 3533 1868 humanisque
3566 1784 3755 1846 rebus
3781 1782 4026 1870 prospi-

2325 1885 2411 1950 cit
2445 1887 2801 1970 (προμηθείᾳ
2828 1883 2956 1949 sive
2996 1889 3074 1970 τῷ
3122 1889 3485 1970 προνοητικῷ
3517 1888 3617 1963 τῆς
3657 1887 3924 1970 φύσεως)
3956 1909 4028 1952 ac

2325 1991 2577 2074 προνοίᾳ
2604 1987 2933 2074 accipiunt.
2982 1987 3161 2068 (vid.
3188 1989 3499 2074 Interprr.
3525 1988 3782 2052 Graecos
3796 1987 3860 2051 in
3894 1990 4028 2053 He-

2322 2091 2479 2155 siodi
2509 2093 2677 2178 Opp.
2708 2107 2771 2155 et
2811 2089 2966 2154 Dies
2994 2111 3101 2174 49.
3140 2113 3276 2177 sqq.
3315 2104 3379 2154 et
3423 2090 3763 2178 Nicephor.
3792 2090 3857 2155 in
3905 2092 4025 2178 Sy-

2323 2193 2475 2257 nesii
2508 2194 2792 2258 Insomn.
2822 2215 2887 2280 p.
2916 2195 3101 2277 404.)

2406 2319 2471 2383 p.
2510 2313 2656 2379 711,
2690 2317 2744 2360 1.
2777 2293 2868 2360 Ὃ
2915 2298 2980 2360 δὲ
3010 2294 3364 2375 Ἐπιμηθεὺς
3398 2294 3550 2378 (Ed.
3598 2296 3930 2377 προμηθεὺς
3957 2320 4022 2362 ν.

2320 2400 2463 2464 Var.
2497 2400 2711 2484 Lect.)
2737 2400 3204 2477 ἆποποιούμενος
3232 2397 3301 2460 τὸ
3323 2401 3511 2479 δῶρον
3532 2398 4019 2478 αὐτοῦ-ἀμείνω

2320 2502 2496 2589 εἶναι]
2552 2505 2717 2568 Haec
2758 2501 2969 2589 priora
3024 2500 3113 2566 ita
3155 2500 3343 2565 vertit
3404 2499 3698 2563 Ficinus:
3750 2507 3797 2540 ‘⁶
3831 2502 4021 2580 Quod

2316 2619 2523 2671 autem
2584 2602 2998 2691 Epimetheus
3048 2606 3107 2667 ei
3164 2602 3399 2667 donum
3456 2603 3701 2666 dederit
3747 2603 4019 2682 nullum,

2317 2707 2472 2794 quid
2522 2706 2695 2772 aliud
2739 2706 3045 2794 significat
3101 2706 3261 2771 oet.”
3337 2703 3601 2793 Taylor,
3648 2720 3864 2770 notato
3916 2706 4025 2770 Fi-

2316 2811 2482 2890 cino,
2512 2810 2964 2896 lectionemque
2995 2808 3311 2874 Editionis
3338 2823 3611 2883 secutus,
3639 2807 3767 2872 ita:
3819 2818 3862 2848 ‘⁶
3889 2810 4022 2875 But

2325 2913 2488 2978 what
2520 2913 2644 2978 else
2673 2914 2727 2978 is
2755 2913 3040 3001 signified
3069 2913 3156 3001 by
3182 2911 3595 2976 Prometheus
3618 2911 3900 2998 warning
3928 2912 4023 2977 his

2329 3016 2584 3081 brother
2613 3016 3029 3104 Epimetheus
3058 3030 3165 3081 not
3194 3030 3265 3080 to
3290 3029 3506 3103 accept
3535 3014 3643 3079 the
3670 3015 3791 3103 gift
3832 3017 4024 3098 (Pan-

2324 3119 2531 3202 dora),
2565 3118 2717 3184 thau
2759 3119 2895 3184 that
2937 3119 3045 3184 the
3087 3118 3301 3184 choioe
3341 3119 3417 3183 of
3452 3118 3591 3183 that
3621 3119 3817 3184 which
3865 3120 3919 3185 is
3959 3120 4023 3185 in

2325 3222 2432 3287 the
2472 3222 2860 3311 intelligible,
2892 3223 2945 3287 is
2987 3245 3159 3287 more
3202 3221 3504 3287 excellent
3552 3220 3734 3308 [than
3776 3223 3851 3287 of
3887 3222 4026 3288 that

2324 3325 2525 3391 which
2571 3326 2625 3390 is
2650 3328 2715 3391 in
2746 3327 2852 3391 the
2882 3326 3146 3392 sensible
3175 3325 3367 3392 world
3393 3326 3453 3414 ?]
3501 3325 3751 3390 Deinde
3795 3327 4024 3393 Hesio-

2322 3429 2473 3493 dum
2505 3428 2723 3495 laudat
2751 3429 2794 3494 l.
2819 3429 2865 3493 l.
2956 3429 3080 3494 Sed
3110 3429 3245 3493 haec
3272 3428 3486 3517 potius
3514 3427 3894 3515 periphrasis
3929 3429 4025 3494 di-

2320 3533 2518 3597 cenda
2545 3548 2662 3611 est,
2692 3556 2883 3620 quam
2913 3531 3257 3609 translatio,
3276 3554 3390 3596 nec
3422 3531 3628 3594 minus
3657 3529 4018 3608 tenendum,

2324 3636 2592 3701 Hesiodi
2619 3636 3049 3702 amtoritatem
3079 3635 3143 3699 in
3172 3634 3271 3699 his
3298 3657 3423 3699 non
3447 3656 3900 3721 usquequaque
3930 3658 4021 3698 se-

2321 3740 2433 3827 qui
2462 3740 2804 3806 Plotinum.
2894 3738 3171 3803 Proinde
3202 3736 3613 3825 philosophus
3634 3750 3842 3800 noster
3865 3736 4023 3823 Epi.

2323 3842 2640 3907 metheum
2672 3865 2797 3906 non
2833 3864 2950 3929 pro
2977 3841 3156 3906 fatuo
3182 3840 3282 3904 vel
3322 3864 3458 3904 sero
3501 3838 3766 3927 sapienti
3809 3838 4020 3918 habet,

2323 3945 2432 4010 sed
2461 3968 2581 4033 pro
2607 3969 2704 4023 eo,
2721 3944 2834 4032 qui
2863 3967 3023 4031 opus
3051 3967 3089 4008 a
3115 3943 3309 4008 fratre
3340 3942 3721 4008 Prometheo
3745 3941 4019 4007 effictum

2324 4048 2566 4136 sibique
2594 4048 2763 4112 dono
2806 4047 3085 4122 missum,
3108 4047 3289 4134 justo
3331 4045 3523 4111 modo
3560 4044 3868 4110 aestimare
3894 4045 4021 4111 eal-

2321 4151 2467 4230 leat,
2499 4174 2704 4237 neque
2733 4174 2882 4214 vero
2926 4149 3191 4214 retinere
3234 4149 3573 4237 dignetur;
3622 4146 3903 4212 similiter
3929 4164 4022 4215 at-

2323 4278 2454 4341 que
2490 4254 2555 4318 in
2600 4252 2868 4317 Himerii
2913 4252 3264 4317 narratione
3306 4251 3540 4339 pariter
3583 4250 3891 4338 sapientes
3926 4251 4019 4317 di-

2320 4372 2552 4422 cuntur
2594 4371 2657 4421 et
2702 4356 3113 4420 Prometheus
3154 4370 3217 4419 et
3264 4354 3703 4442 Epimetheus».
3792 4352 4016 4440 Igitur,

2322 4460 2372 4524 si
2401 4458 2674 4546 plurium
2705 4459 3005 4524 librorum
3026 4473 3090 4523 et
3122 4457 3322 4522 Ficini
3353 4456 3784 4522 auctoritatem
3818 4456 4021 4542 sequi-

2321 4586 2485 4642 mur,
2513 4562 2615 4627 hic
2643 4562 2817 4627 locus
2856 4561 2945 4626 ita
2980 4559 3379 4648 accipiendus
3421 4575 3554 4623 est:
3602 4556 4019 4645 Epimetheus

2320 4681 2529 4731 autem
2561 4668 2775 4752 rejecit
2811 4667 3209 4752 (aspernatus
3242 4671 3367 4749 est)
3411 4663 3644 4726 donum
3688 4663 3825 4748 ejus
3871 4660 3943 4744 (i.
3962 4686 4015 4725 e.

2321 4768 2703 4846 Promethei,
2734 4768 2849 4832 nisi
2880 4767 3141 4832 fortasse
3168 4789 3291 4854 pro
3317 4766 3497 4830 αὐτοῦ
3526 4763 3817 4828 malueris
3845 4766 4020 4828 ἀδελ.-

2321 4877 2459 4955 φοῦ,
2491 4870 2755 4954 fratris).
2844 4872 3225 4957 Loquuntur
3251 4867 3437 4932 etiam
3471 4866 3793 4955 proxima:
3852 4866 4013 4930 δέδε-

2320 5001 2416 5039 ται
2444 4976 2538 5039 καὶ
2569 4974 2741 5041 αὐτὸς
2758 4976 2791 5037 ὁ
2810 4973 3094 5053 ποιήσαςε
3145 4980 3187 5011 “
3228 4960 3488 5034 Vinctus
3516 4983 3611 5034 est
3640 4968 3825 5033 etiam
3859 4968 4013 5054 ipse,

2318 5077 2432 5164 qui
2460 5077 2609 5142 fecit
2640 5077 2835 5161 (illam
2869 5075 3259 5160 Pandoram)
3290 5073 3450 5137 cet.'’
3535 5069 4010 5143 Ἀποποιεῖσθω,

2319 5203 2627 5261 movere,
2670 5182 3035 5269 aspernari,
3074 5182 3353 5266 rejicere,
3384 5178 3700 5264 repellere,
3746 5175 3862 5239 hac
3905 5196 4015 5261 po-

2322 5296 2541 5348 testate
2572 5284 2805 5371 saepius
2828 5282 3083 5347 obvium
3110 5296 3219 5345 est.
3311 5279 3473 5345 Vide
3498 5280 3667 5342 locos
3691 5275 3755 5339 in
3794 5276 4013 5364 Steph.

2322 5385 2515 5449 Thes.
2551 5385 3101 5473 Londin.-——Valp.
3147 5407 3209 5470 p.
3243 5382 3459 5465 7787;
3505 5379 3667 5444 adde
3715 5377 4009 5443 Schleus·

2319 5511 2450 5551 ner.
2505 5489 2673 5552 Nov.
2735 5488 3045 5551 Thesaur.
3106 5489 3407 5573 Septuag.
3461 5484 3766 5568 Interprr.
3831 5483 3892 5546 1.
3944 5507 4010 5572 p.

2329 5592 2470 5654 186.
2502 5604 2566 5654 et
2611 5588 3065 5676 Wyttenbach.
3102 5587 3184 5651 ad
3229 5582 3549 5650 Plutarch.
3598 5583 3773 5672 Sept.
3820 5585 4015 5672 Sapp.
