5118 6613
1361 528 1563 594 LIB.
1614 530 1732 594 vl.
1779 531 2235 596 ENNEAD.
2283 532 2733 598 TERTIAE.
2779 533 3236 621 p·568—573·

554 698 726 777 mini,
770 710 834 763 et
879 697 961 762 ad
1015 699 1311 763 Proclum
1362 700 1425 764 in
1472 701 1679 767 Alcib.
1732 725 1825 790 pr.
1876 726 1941 790 Ρ.
1969 722 2117 788 225.
2162 704 2245 769 ad

552 801 912 891 Olympiod.
952 801 1014 866 in
1059 801 1327 866 eundem
1369 826 1432 891 p.
1461 824 1566 889 97.
1597 819 1660 870 et
1697 805 1780 870 ad
1825 805 2033 870 Procli
2084 808 2242 872 Inst.

553 905 781 972 Theol.
836 929 900 993 p.
949 924 1052 986 74.
1115 905 1194 969 cf.
1243 929 1308 993 p.
1341 926 1484 989 244.
1564 908 1826 973 Videtur
1874 925 2086 974 autem
2143 910 2244 976 hic

552 1010 958 1075 Pleonasmus
986 1008 1081 1073 his
1106 1008 1441 1076 Platonicis
1463 1012 1866 1101 scriptoribus
1887 1012 2246 1079 familiarior

549 1140 698 1182 esse.
793 1118 1017 1202 Neque
1046 1114 1161 1201 ipsi
1196 1115 1443 1183 Platoni
1464 1118 1734 1206 ignotus
1799 1120 1943 1187 Vid.
1973 1123 2240 1188 Heindf.

547 1221 628 1286 ad
659 1220 984 1286 Charmid.
1018 1224 1078 1305 ς.
1120 1238 1217 1305 15.
1251 1245 1312 1307 p.
1342 1223 1444 1287 81.
1480 1246 1568 1309 sq.

635 1350 701 1414 p.
723 1342 876 1411 570,
909 1346 963 1389 1.
993 1328 1077 1389 Τί
1088 1329 1204 1408 γὰρ
1224 1327 1436 1390 εὐωδία
1462 1328 1796 1409 γλυκύτητα
1815 1328 2165 1410 ἓργάσαιτο;
2190 1358 2239 1395 κ.

551 1458 599 1496 τ.
619 1431 709 1515 λ.]
768 1431 931 1493 Haec
949 1427 1233 1516 exempla
1251 1444 1582 1493 recurrunt
1616 1429 1779 1493 infra
1808 1432 1923 1495 VI.
1954 1448 2012 1516 7.
2044 1451 2140 1498 12.
2173 1456 2237 1518 p.

550 1551 696 1620 705.
733 1533 918 1597 C.D.
1009 1534 1230 1618 Atque
1274 1531 1387 1595 hos
1431 1531 1599 1597 locos
1644 1533 1944 1620 respicere
1991 1534 2242 1601 videtur

551 1635 758 1702 David
795 1635 1129 1699 Armenius
1160 1634 1571 1723 philosophus
1602 1637 2020 1702 commentar.
2054 1661 2237 1703 mscr.

546 1740 610 1805 in
640 1737 998 1804 Aristotelis
1029 1740 1352 1826 Categorr.
1420 1740 1656 1827 (Cujus
1691 1757 1983 1828 excerpta
2024 1765 2060 1805 e
2101 1742 2238 1808 cod.

552 1844 849 1909 Vaticano
891 1864 987 1906 nr.
1024 1860 1209 1929 1023.
1252 1864 1496 1907 mecum
1545 1842 2023 1909 communicavit
2079 1845 2237 1910 Hie-

547 1970 677 2012 ron.
720 1945 1039 2021 Ammius,
1081 1967 1116 2008 e
1163 1946 1453 2010 Monacc.
1483 1945 1666 2011 codd.
1717 1969 1809 2010 nr.
1842 1968 1949 2033 99.
1982 1961 2044 2012 et
2086 1968 2235 2034 399.

554 2051 1024 2136 Krabingerus;
1072 2071 1107 2112 e
1143 2046 1662 2137 Pariss—-Regiis
1692 2072 1788 2114 nr.
1827 2070 2013 2136 1937,
2052 2053 2237 2137 1938,

558 2175 742 2241 1939.
792 2150 1138 2235 Sahunius)
1172 2152 1277 2215 Ita
1318 2151 1483 2216 enim
1513 2152 1655 2217 ille:
1703 2153 1854 2218 Εἶτα
1883 2155 2074 2234 φασὶν
2110 2154 2238 2237 (alii

551 2258 766 2341 φησίν)
814 2257 907 2319 ὄτι
953 2253 1058 2336 (81.
1094 2256 1188 2318 καὶ
1231 2256 1351 2339 ὅτι)
1405 2256 1647 2320 δύναται
1689 2258 1869 2340 χωρὶς
1909 2259 2239 2338 ὑποστῆναι

554 2362 914 2442 (ἀποστῆναι
941 2355 1022 2420 81.
1048 2354 1235 2438 male)
1271 2358 1675 2437 συμβεβηκὸς.
1724 2358 1849 2424 ἰδοὺ
1877 2362 1994 2442 γὰρ
2022 2359 2059 2438 ἥ
2090 2360 2230 2423 aba-

551 2466 649 2528 δία
689 2466 795 2526 τοῦ
830 2459 1023 2540 μήλου
1069 2459 1451 2539 συμβεβηκὸς
1499 2462 1652 2525 οὖσα
1698 2463 2122 2544 καταλείψασα
2166 2462 2234 2525 τὸ

547 2571 739 2648 μῆλον
776 2564 944 2644 μένει
982 2564 1048 2626 ἐν
1078 2567 1157 2647 τῷ
1199 2564 1552 2649 αἰσθητηρίῳ
1580 2561 1617 2642 ἢ
1647 2569 1726 2651 τῷ
1759 2566 2030 2649 κιβωτίῳ,
2108 2566 2232 2629 Λύ-

548 2694 682 2734 ουσι
720 2672 893 2732 τοῦτο
940 2665 1231 2748 διάφοροι·
1277 2667 1311 2728 ὁ
1347 2667 1460 2745 μὲν
1490 2666 1771 2741 Πλάτων,
1804 2669 1896 2730 ὅτι
1939 2667 2045 2730 οὐκ
2083 2668 2229 2751 ἐχω-

547 2776 721 2858 ρίσθη
778 2774 885 2834 τοῦ
936 2767 1343 2847 ὑποκειμένου·
1395 2768 1545 2848 μετά
1589 2794 1767 2833 τινων
1826 2772 1941 2850 γὰρ
1998 2775 2237 2834 λεπτῶν

549 2877 878 2958 ἀποῤῥοιῶν
909 2877 1096 2955 χωρεῖ
1126 2871 1272 2954 πρὸς
1310 2872 1479 2951 ἡμᾶς,
1514 2873 1591 2939 ὦς
1617 2877 1793 2951 δηλοῖ
1813 2872 1851 2951 ἡ
1882 2874 2030 2936 κατὰ
2057 2871 2235 2954 μέρος

548 2980 724 3044 αὐτοῦ
767 2979 1083 3059 ἴσχνανσις
1130 2970 1238 3053 (81.
1271 2976 1577 3058 ἰσχανσις)
1623 2976 1691 3037 ἐν
1732 2976 1848 3056 γὰρ
1891 2977 1970 3059 τῷ
2015 2972 2233 3059 δένδρῳ

547 3084 650 3147 οὐκ
702 3079 1072 3162 Ζσχναίνεται
1132 3074 1238 3156 (81.
1283 3075 1638 3159 ἰσχνένεται.
1691 3075 1771 3140 81.
1824 3074 2234 3162 neglexerunt

548 3186 671 3260 οὐκ,
716 3181 954 3264 111818),
985 3184 1080 3243 διὰ
1123 3178 1190 3242 τὸ
1227 3179 1481 3243 πλείονα
1526 3177 1677 3243 εἰναι
1719 3178 1826 3258 τὴν
1858 3178 2096 3260 εἶσροῆν
2133 3184 2235 3260 τῆς

550 3289 771 3370 ἐκροῆς.
858 3282 936 3349 ‘0
988 3285 1052 3347 δὲ
1087 3279 1509 3364 Ἀριστοτέλης
1550 3280 1618 3345 τὸ
1671 3280 2002 3346 διακονικὸν
2047 3283 2232 3346 αἰτιᾶ-

547 3417 643 3455 ται
682 3394 788 3453 τοῦ
817 3386 1007 3469 ἀέρος,
1041 3388 1132 3449 ὅτι
1161 3382 1208 3470 ᾧ
1235 3385 1401 3469 λόγῳ
1439 3386 1570 3448 ἐστι
1614 3384 1936 3466 διορατικὸς
1973 3385 2068 3449 καὶ
2105 3389 2230 3466 διη-

545 3495 672 3579 χῆς,
704 3495 890 3576 τουτῷ
922 3490 1016 3554 καὶ
1046 3489 1287 3566 δίοσμος
1318 3484 1424 3568 (81.
1462 3487 1556 3550 καὶ
1584 3486 1786 3569 διοχῆς
1813 3486 1893 3551 81.
1922 3488 2018 3551 καὶ
2041 3490 2230 3571 εἰδεχ-

546 3598 665 3664 θεὶς
691 3593 773 3659 81.
799 3593 1017 3674 διοιχὲς
1031 3590 1306 3675 itemque
1326 3587 1408 3652 al.
1445 3589 1744 3669 ἡδίοσμος,
1768 3587 1848 3653 81.
1887 3591 2226 3673 ἡδυοσμός.)

543 3698 622 3765 ‘O
671 3700 736 3762 δὲ
781 3701 1092 3761 Πλωτῖνος
1132 3695 1208 3757 τὰ
1261 3690 1716 3773 Ἀριστοτέλους
1760 3693 1856 3756 καὶ
1907 3691 2236 3761 Πλάτωνος

547 3800 903 3883 συναγαγών
960 3807 1166 3880 φησιν,
1227 3798 1318 3859 ὄτι
1374 3794 1823 3874 μεταβάλλεται
1881 3795 2059 3877 μέρος
2128 3800 2234 3859 τοῦ

545 3904 718 3987 ἀέρος
756 3904 824 3966 ἐν
863 3905 933 3980 τῇ
980 3899 1205 3984 εὐωδία·
1253 3899 1290 3976 ἡ
1334 3900 1449 3980 γὰρ
1492 3897 1703 3961 εὐωδία
1743 3899 2004 3977 μείνασα
2040 3901 2107 3963 ἐν
2150 3902 2230 3985 τῷ

543 4008 710 4093 μήλῳ
752 4008 940 4088 γεννᾷ
969 4004 1182 4082 ὁμοίαν
1214 4000 1319 4082 (81.
1353 4002 1593 4081 ὁμοίως)
1633 4003 1807 4080 ἑαυτῇ
1841 4000 2049 4084 ἑτέραν
2068 4004 2231 4066 ποιό-

542 4136 685 4192 τητα
712 4105 1224 4189 μεταβάλλουσαν
1261 4102 1438 4185 μέρος
1477 4107 1581 4166 τοῦ
1620 4101 1792 4184 ἀέρος
1833 4103 1901 4182 ἧς
1945 4105 2225 4167 αἰσθανό-

541 4207 1068 4294 mom—Deinde,
1099 4218 1429 4293 postquam
1476 4228 1591 4268 nec
1621 4204 1900 4270 Platonis
1931 4229 2042 4270 nec
2072 4206 2226 4270 Ari-

543 4312 775 4380 stotelis
818 4309 1206 4386 sententiam,
1256 4307 1446 4372 solam
1492 4329 1699 4371 veram
1745 4331 1876 4372 esse
1913 4306 2095 4384 dixit,
2142 4307 2229 4373 ita

540 4416 782 4506 pergit:
833 4414 992 4480 Οὐδὲ
1035 4411 1103 4475 τὸ
1148 4415 1251 4476 τοῦ
1280 4412 1597 4475 Πλωτίνου
1630 4409 1740 4492 (81.
1785 4412 1920 4476 οὐδὲ
1963 4415 2068 4475 τοῦ
2097 4417 2223 4475 Πλ.

538 4520 617 4586 81.
679 4519 817 4583 οὐδὲ
846 4515 913 4579 τὸ
948 4520 1071 4578 Πλ.
1117 4512 1201 4576 81.
1247 4514 1585 4578 Πλουτίνου
1607 4511 1739 4593 sic.)
1773 4515 1961 4593 μόνον
1989 4513 2224 4593 ἀληθὲς,

536 4623 605 4686 τὸ
618 4623 935 4686 ποιοΰσθαι
952 4619 1100 4681 ὅλον
1119 4616 1227 4680 τὸν
1250 4615 1412 4697 ἀέρα.
1460 4621 1907 4696 Πλασματῶδες
1925 4617 2228 4700 (πλαστῶ-

539 4731 635 4793 δες
660 4722 778 4807 81.)
818 4724 934 4803 γὰρ
973 4720 1041 4783 τὸ
1081 4718 1287 4801 λέγειν
1317 4720 1465 4782 ὅλον
1493 4718 1599 4782 τὸν
1629 4720 1696 4783 ἐν
1721 4718 1887 4805 μέσῳ
1918 4718 2066 4800 ἀέρα
2093 4744 2223 4782 ποι-

539 4831 751 4892 οΰσθαι
794 4824 892 4887 ἐπὶ
937 4828 1056 4885 τῶν
1092 4827 1295 4903 γυπῶν
1340 4826 1458 4884 τῶν
1502 4821 1951 4901 αἰσθανομένων
1992 4826 2108 4884 τῶν
2160 4821 2226 4884 ἐν

539 4931 753 4995 ἄλλαις
777 4927 1035 4990 πόλεσιν
1064 4923 1312 5006 ἀτάφων
1339 4923 1646 5003 σωμάτων.

621 5054 688 5119 p.
708 5048 861 5116 572,
892 5048 948 5093 1.
974 5030 1384 5092 ἀναλλοίωτον
1421 5027 1562 5092 αὐτὸ
1606 5026 1673 5090 τὸ
1707 5026 1887 5114 εἶδος]
1933 5024 2228 5091 Nicolaus

541 5130 972 5200 Methonensis
1008 5130 1306 5194 adversus
1336 5127 1542 5193 Procli
1577 5130 1735 5193 Inst.
1767 5127 1995 5193 Theol.
2024 5152 2082 5193 c.
2123 5146 2222 5213 15.

537 5261 600 5325 p.
657 5255 780 5323 3οε
857 5236 894 5314 ἡ
945 5234 1350 5300 ἀναλλοίωτος
1406 5234 1503 5296 καὶ
1559 5233 1908 5314 ὑπερούσιος
1966 5234 2222 5312 ἐξουσία.

536 5337 686 5403 Α118
755 5334 1005 5424 collegit
1076 5335 1308 5400 Suicer.
1369 5334 1432 5398 in
1492 5333 1689 5398 Thes.
1749 5333 1991 5398 EccleS.
2046 5335 2103 5398 1.
2158 5356 2222 5421 p.

537 5441 615 5506 28
666 5492 679 5506 .

616 5460 702 5592 Ξ-
717 5562 782 5630 3.
807 5539 1003 5605 Ὅθεν
1032 5539 1102 5618 δὴ
1133 5540 1229 5603 καὶ
1254 5539 1360 5603 τὸν
1382 5537 1845 5604 Πλάτωνα-τὰ
1866 5540 1930 5603 δὲ
1960 5538 2224 5603 εἰσιόντα

3899 541 4013 606 181

2334 706 2428 769 καὶ
2469 708 2706 785 ἐξιόντα
2747 713 2864 771 τῶν
2893 710 3083 773 ὄντων
3119 709 3417 791 μιμήματα
3461 710 3541 789 μὴ
3585 711 3775 791 μάτην
3803 713 4022 795 εἰρηκέ-

2331 809 2481 897 ναι·]
2552 810 2737 874 Plato
2796 811 2856 874 in
2919 810 3167 876 Timaeo
3210 836 3274 900 p.
3308 833 3412 898 50.
3457 836 3522 901 p.
3571 816 3675 878 60.
3723 815 3926 880 Bekk.
3985 820 4020 881 ὁ

2331 912 2503 980 αὐτὸς
2530 913 2601 992 δὴ
2629 915 2812 995 λόγος
2839 914 2935 978 καὶ
2960 916 3096 997 περὶ
3114 919 3216 995 τῆς
3235 920 3310 980 τὰ
3331 916 3527 980 πάντα
3554 917 3878 1000 δεχομένης
3898 922 4017 984 σῶ·

2327 1040 2485 1094 ματα
2508 1017 2765 1097 φύσεως·
2812 1015 3028 1079 ταύτὸν
3056 1017 3237 1096 αὐτὴν
3259 1019 3353 1082 ἀεὶ
3377 1019 3765 1101 προσρητέον·
3813 1022 3878 1084 ἐκ
3906 1024 4022 1104 γὰρ

2328 1121 2429 1196 τῆς
2451 1120 2656 1197 ἑαυτῆς
2683 1116 3031 1200 τοπαράπαν
3052 1120 3157 1183 οὐκ
3187 1123 3484 1199 ἐξίσταται
3506 1121 3823 1203 δυνάμεως·
3874 1123 4010 1209 δέχ·

2331 1222 2464 1284 εταί
2485 1246 2552 1284 τε
2581 1224 2696 1302 γὰρ
2725 1221 2819 1284 ἀεὶ
2847 1224 2921 1284 τὰ
2947 1221 3142 1286 πάντα
3172 1224 3266 1286 καὶ
3300 1225 3538 1306 μορφὴν
3568 1226 3844 1312 οὐδεμίαν
3871 1228 4020 1290 ποτὲ

2330 1324 2524 1388 οὐδενὶ
2552 1330 2670 1387 τῶν
2700 1325 3007 1387 εἰσιόντων
3040 1325 3252 1404 ὁμοίαν
3292 1330 3542 1409 εἴληφεν
3582 1328 3803 1407 οὐδαμῆ
3847 1330 4021 1394 οὖδα-

2326 1431 2465 1506 μῶς·
2514 1428 2828 1509 ἐκμαγεῖον
2855 1430 2972 1508 γὰρ
3001 1428 3185 1509 φύσει
3214 1430 3392 1493 παντὶ
3430 1435 3632 1503 κεῖται,
3674 1432 4018 1512 κινούμενόν

2327 1556 2394 1594 τε
2424 1531 2520 1594 καὶ
2555 1530 3159 1613 διασχηματιζόμενον
3186 1531 3301 1594 ὑπὸ
3345 1537 3462 1596 τῶν
3507 1533 3831 1596 εἰσιόντων·
3880 1536 4019 1616 φαί-

2328 1657 2491 1697 νεται
2529 1634 2594 1696 δὲ
2635 1631 2706 1696 δι’
2739 1634 2936 1696 ἐκεῖνα
2963 1633 3187 1697 ἄλλοτε
3217 1636 3489 1698 ἀλλοῖον·
3536 1638 3611 1698 τὰ
3654 1637 3720 1698 δὲ
3752 1637 4017 1702 εἰσιόντα

2329 1735 2423 1799 καὶ
2455 1737 2686 1815 ἐξιόντα
2710 1739 2828 1797 τῶν
2854 1734 3044 1797 ὄντων
3074 1735 3167 1798 ἀεὶ
3194 1733 3513 1815 μιμήματα,
3546 1736 3887 1801 τυπωθέντα
3915 1737 4013 1804 ἀπ’

2327 1840 2520 1903 αὐτῶν
2552 1839 2773 1919 τρόπον
2805 1839 2939 1901 τινὰ
2978 1839 3363 1919 δύσφραστον
3401 1842 3495 1903 καὶ
3541 1842 3902 1919 θαυμαστόν,
3945 1839 4016 1905 ὃν

2329 1944 2590 2009 εἰσαῦθις
2615 1940 2877 2021 μέτιμεν.

2408 2081 2499 2094 -
2525 2063 2589 2129 5.
2638 2044 2801 2106 ἀλλὰ
2843 2043 3222 2122 βουλόμενον
3263 2043 3411 2122 ἡμᾶς
3462 2048 3729 2108 συνεῖναι
3773 2045 4010 2125 ἐπιστή-

2325 2171 2548 2213 σαντας
2576 2150 2656 2231 τῷ
2685 2147 2879 2230 τρόπῳ
2909 2148 3009 2224 τῆς
3035 2143 3459 2233 μεταλήψεως]
3512 2145 3868 2233 Speciosum
3921 2164 4015 2214 est

2324 2247 2784 2328 ἀπιστήσαντας,
2831 2246 3003 2332 quod
3048 2246 3236 2312 habet
3268 2248 3436 2326 Vat.‚
3478 2270 3681 2335 neque
3710 2272 3858 2314 vero
3901 2273 4011 2315 ne-

2322 2373 2504 2415 cesse.
2573 2350 2802 2413 Verto:
2850 2350 2982 2415 Sed
3009 2350 3307 2414 volentem
3330 2373 3444 2415 nos
3473 2351 3828 2440 intelligere
3865 2355 4010 2417 ani-

2322 2477 2492 2518 mum
2539 2454 2934 2518 advertente-s·
2995 2455 3074 2535 (S.
3132 2453 3408 2518 animum
3469 2454 3880 2543 adplicantes)
3926 2459 4015 2521 ad

2321 2559 2626 2622 rationem
2643 2558 3182 2645 participationis.
3274 2558 3350 2620 In
3384 2558 3818 2638 ἐπιστήσαντας
3845 2560 4010 2625 enim

2318 2660 2479 2726 inest
2517 2661 2610 2725 vis
2660 2659 3004 2725 intentioris
3045 2659 3403 2747 diligentiae,
3462 2683 3653 2746 quam
3695 2661 3878 2734 alicui
3903 2667 4010 2729 'rei

2319 2766 2710 2845 adhibemus,
2732 2764 2900 2829 unde
2927 2765 3379 2852 propemodum
3411 2765 3708 2852 adjuncta
3735 2767 3790 2830 ei
3822 2768 4013 2833 verbo

2320 2868 2412 2934 vis
2455 2870 2757 2949 haerendi,
2814 2869 3167 2933 dubitandi.
3242 2868 3388 2933 Vid.
3444 2869 3889 2935 Schneiderum
3947 2872 4011 2936 in

2319 2974 2484 3038 Lex.
2513 2972 2578 3037 in
2610 2974 2891 3056 ἐφίστημι
2918 2986 2982 3036 et
3022 2972 3086 3036 in
3129 2974 3446 3052 ἐπίσταμαι
3490 2988 3774 3038 accurate
3817 2997 4009 3062 expo-

2316 3091 2590 3153 nentem,
2642 3090 2706 3140 et
2748 3099 2893 3162 quae
2946 3098 3136 3163 supra
3194 3098 3260 3162 p.
3293 3076 3439 3160 265.
3494 3077 3573 3141 F.
3621 3074 3885 3163 adposui
3928 3079 4011 3144 ad

2319 3178 2510 3244 verba
2541 3181 2857 3244 ἐπίστασιν
2887 3180 2981 3244 καὶ
3024 3180 3295 3261 ἀπορίαν.
3388 3180 3479 3243 Et
3509 3191 3722 3243 nostro
3750 3179 3886 3244 loco
3921 3205 4011 3247 se-

2319 3281 2537 3370 quitur
2581 3282 2879 3347 continuo
2908 3282 2974 3346 τὸ
3004 3283 3248 3365 ἄπορον,
3280 3305 3425 3368 quae
3453 3280 3634 3347 lectio
3674 3281 3818 3347 inde
3851 3308 4007 3371 quo-

2318 3409 2444 3472 que
2471 3386 2932 3450 firmamentum
2972 3383 3268 3450 lucratur.
3365 3386 3597 3449 Forma
3623 3404 3832 3450 autem
3865 3415 4005 3453 συν-

2320 3496 2472 3554 εῖναι
2499 3511 2616 3576 pro
2646 3488 2913 3553 συνιέναι
2938 3487 3055 3574 ipsi
3096 3486 3342 3552 Platoni
3382 3509 3506 3550 non
3547 3487 3777 3574 ignota.
3856 3490 4004 3556 Vid.

2321 3594 2524 3680 Legg.
2578 3592 2716 3658 III.
2770 3613 2832 3678 p.
2866 3591 3014 3675 683.
3061 3590 3123 3654 b.
3190 3593 3247 3654 εἴ
3284 3615 3340 3653 τι
3383 3596 3643 3668 ξυνεῖναι
3687 3590 4001 3672 δυνάμεθα.

2320 3693 2566 3781 Cratyl.
2597 3716 2662 3780 p.
2694 3712 2841 3777 413.
2872 3693 2954 3755 D.
2999 3690 3127 3772 μηδ’
3175 3691 3251 3755 ἂν
3295 3691 3403 3755 ἕνα
3447 3693 3771 3773 ἀνθρώπων
3811 3701 4008 3758 συνεῖ-

2320 3825 2437 3873 ναι,
2470 3801 2585 3872 ὄ,τι
2625 3799 2770 3862 ποτὲ
2813 3799 3102 3876 βούλεται
3143 3796 3212 3859 τὸ
3259 3798 3465 3875 ὄνομα.
3532 3794 3690 3860 Cod.
3723 3797 3999 3863 Darmst.

2265 3914 2268 3915 ’
2315 3903 2378 3966 111
2413 3901 2671 3966 Schedis
2711 3900 2894 3964 meis:
2943 3901 3254 3981 ἄνθρωπον
3293 3898 3560 3963 συνιέναι
3602 3902 3678 3964 τὰ
3720 3902 3999 3981 ὀνόματα.

2319 4005 2444 4071 Sed
2468 4005 2610 4069 vide
2637 4003 2717 4068 de
2745 4002 2853 4067 illa
2872 4002 3062 4067 Verbi
3092 4002 3295 4066 forma
3326 4002 3663 4067 Heindorf.
3693 4002 3773 4068 ad
3804 4003 3845 4067 l.
3864 4005 3903 4068 1.
3938 4028 4000 4092 Ρ.

2325 4127 2464 4196 105.
2511 4108 2593 4173 81)
2632 4129 2830 4194 eoque
2872 4105 3197 4171 laudatum
3244 4104 3505 4169 Dorvill.
3549 4105 3630 4170 ad
3679 4105 4002 4172 Chariton.

2315 4236 2380 4300 p.
2414 4212 2556 4296 278.
2590 4214 2805 4275 Amst.

2400 4339 2462 4404 p.
2493 4334 2644 4400 573,
2676 4334 2741 4398 9.
2787 4314 2943 4376 ὥστε
2973 4312 3085 4394 οὐχ
3113 4315 3293 4379 οὕτως
3318 4313 3355 4390 ἡ
3382 4311 3734 4395 μετάληψις,
3769 4315 3845 4381 ὡς
3873 4316 4002 4379 οἶόν

2312 4445 2379 4484 τε
2407 4421 2731 4499 παθούσης·
2781 4414 2916 4480 ἀλλ’
2951 4416 3148 4497 ἔτερος
3175 4418 3388 4497 τρόπος
3428 4416 3556 4479 οἷον
3593 4416 3838 4501 δοκεῖν.]
3892 4419 4002 4482 So-

2311 4521 2411 4586 lus
2434 4521 2594 4587 Cod.
2623 4520 2761 4584 Ciz.
2794 4517 2984 4605 idque
3014 4541 3091 4582 ex
3122 4518 3496 4582 correctione
3519 4517 3707 4582 habet
3738 4520 3813 4585 ὡς
3839 4523 3999 4585 οἷον·

2312 4651 2429 4689 ται.
2502 4622 2708 4688 Possit
2730 4621 2875 4686 huic
2904 4619 3150 4685 lectioni
3181 4620 3650 4685 verisimilitudo
3675 4621 3872 4686 videri
3901 4647 4001 4688 ac-

2312 4727 2530 4791 cedere
2570 4748 2649 4789 ex
2687 4723 3193 4790 antecedentibus
3230 4747 3296 4812 p.
3325 4744 3363 4810 3
3385 4744 3475 4810 ¹3·
3511 4726 3600 4788 D.
3633 4724 3667 4788 ὃ
3696 4728 3754 4788 οἱ
3780 4728 4001 4791 πολλοὶ

2312 4829 2609 4910 ὦήθησαν,
2642 4844 2705 4893 et
2730 4825 2898 4892 illam
2929 4826 3228 4913 expressit
3276 4827 3408 4891 Fic.
3441 4849 3712 4913 eumque
3751 4843 4000 4893 secutus
4036 4820 4041 4829 ¹

2314 4930 2577 5019 Taylor,
2608 4931 2719 5018 qui
2756 4930 2926 4994 hunc
2970 4928 3176 4994 locum
3212 4927 3302 4993 ita
3331 4929 3572 4994 reddit:
3623 4937 3666 4969 “
3698 4932 3918 4996 Hence
3946 4936 4001 4998 it

2310 5036 2453 5101 does
2482 5045 2591 5100 not
2609 5035 2995 5123 participate
3013 5036 3084 5096 in
3113 5032 3265 5097 such
3294 5055 3335 5095 a
3359 5055 3497 5120 way
3519 5055 3594 5097 as
3622 5037 3997 5122 some-fizmy

2311 5140 2364 5204 it
2391 5138 2557 5219 does,
2596 5140 2719 5202 viz.
2753 5137 2832 5223 by
2859 5137 3056 5223 being
3082 5135 3363 5221 passive,
3394 5136 3504 5198 but
3537 5136 3711 5221 qfler
3738 5136 3997 5200 another

2310 5240 2864 5319 manner,whichis
2882 5238 3015 5302 that
3032 5240 3542 5325 ofappearingto
3550 5239 3994 5325 participate?

2313 5346 2459 5432 Ego
2499 5343 2807 5430 scripsisse
2840 5341 3157 5405 Plotinum
3189 5340 3493 5404 arbitror:
3542 5342 3618 5406 ὡς
3643 5340 3770 5403 οἶόν
3797 5364 3854 5403 τι
3881 5365 3992 5405 πα-

2311 5450 2545 5529 θούσης,
2596 5455 2639 5486 “
2669 5445 2844 5532 quasi
2874 5444 3054 5531 quale
3093 5444 3248 5531 quid
3289 5466 3468 5530 passa
3514 5440 3651 5507 sit.”
3741 5441 3865 5506 Cui
3898 5465 3995 5509 re·

2309 5548 2575 5637 spondet
2597 5547 2861 5613 alterum
2893 5545 3242 5611 membrum
3271 5569 3285 5609 ε
3320 5545 3448 5608 οἷον
3476 5548 3691 5619 δοκεῖν,
3721 5543 3839 5609 uisi
3868 5568 3998 5612 ma-
