5118 6613
1358 473 1562 537 LIB.
1610 473 1729 537 IV.
1778 470 2246 536 ENNEAD.
2298 469 2796 548 QUARTAE.
2843 491 2908 555 p.
2945 469 3309 552 812—817.

555 649 878 715 θέλκουσιν
922 647 1189 713 ἐναντίαι
1234 645 1411 708 οὖσαι
1450 643 1539 708 ἐπ’
1574 646 1845 711 ἐναντίας
1886 643 2145 726 πράξεις,
2190 644 2260 709 οὗ

553 753 624 834 δὴ
668 749 1025 834 διωρισμένη
1068 747 1246 830 ἀρετὴ
1290 747 1386 810 καὶ
1433 748 1605 810 κακία
1664 751 1869 810 κεῖται.
1959 746 2253 811 Aliorum

547 854 924 938 imitationes
964 848 1263 916 indicavit
1319 847 1666 914 Ruhnken.
1721 847 1803 913 ad
1868 847 2043 912 Tim.
2088 849 2250 914 Lex.

551 955 801 1021 Platon.
830 979 894 1044 p.
936 973 1081 1035 141.
1174 950 1284 1015 Ad
1328 965 1769 1037 argumentum
1816 967 2025 1016 autem
2071 951 2253 1016 adhi-

550 1058 796 1123 bendus
823 1072 917 1123 est
957 1054 1396 1122 Theodoretus
1423 1052 1486 1116 in
1521 1053 1911 1140 Therapeut.
1942 1052 2054 1117 lib.
2086 1055 2161 1118 V.
2187 1076 2254 1141 p.

553 1162 702 1247 825.
746 1183 886 1247 sqq.
938 1156 1192 1223 Schulz.
1243 1155 1353 1242 qui
1411 1155 1597 1220 etiam
1647 1154 1931 1220 Platonis
1982 1156 2148 1221 locos
2191 1172 2255 1222 et

551 1263 705 1328 alios
730 1275 793 1327 et
820 1261 1000 1326 illum
1029 1259 1234 1347 ipsum
1266 1257 1692 1345 pertractavit.

639 1388 701 1452 p.
736 1366 886 1449 815,
927 1384 948 1425 1
966 1408 982 1425 .
1028 1361 1401 1444 γιγνομένων
1430 1358 1710 1424 ἁπάντων
1733 1362 1962 1446 ἆψόφῳ
1994 1364 2255 1448 κελεύθῳ

556 1470 704 1532 κατὰ
731 1466 929 1554 δίκην]
980 1463 1218 1530 Sumsit
1250 1462 1539 1527 Plotinus
1566 1485 1645 1527 ex
1673 1462 1998 1549 Euripidis
2028 1463 2256 1529 Troasi

557 1592 616 1633 v.
654 1568 801 1648 848.
835 1569 926 1651 (v.
965 1567 1109 1632 880.
1147 1565 1512 1649 Matthiae):

715 1676 860 1742 Ζεὺς,
888 1673 982 1730 εἶτ’
1010 1673 1202 1746 ἀνάγκη
1229 1670 1465 1745 φύσεος.
1493 1669 1599 1726 εἴτε
1625 1675 1746 1728 νοῦς
1769 1674 1977 1744 βροτῶν

718 1771 1105 1845 Προσηυξάμην
1130 1784 1214 1823 σε·
1259 1769 1426 1823 πάντα
1455 1769 1558 1841 γὰρ
1585 1766 1650 1822 δι’
1682 1767 1908 1839 ἀψόφου

718 1870 914 1926 Βαίνων
939 1864 1206 1931 κελεύθου,
1237 1866 1364 1920 κατὰ
1391 1865 1535 1935 δίκην
1562 1865 1626 1919 τὰ
1655 1864 1793 1935 θνήτ’
1821 1864 1981 1938 ἄγεις.

559 1981 706 2049 Vid.
736 1978 1079 2066 Wyttenb.
1120 1975 1202 2041 ad
1246 1973 1570 2040 Plutarch.
1614 1973 1694 2039 de
1738 1977 1914 2040 S.N.
1939 1976 2017 2039 V.
2052 1998 2115 2062 p.
2156 1991 2254 2057 17.

558 2110 619 2174 p.
650 2103 798 2171 323.
829 2081 930 2147 ed.
973 2103 1120 2145 nov.
1170 2081 1378 2144 Oxon.
1433 2078 1545 2165 qui
1593 2076 1928 2142 Plotiniani
1974 2076 2090 2141 loci
2132 2098 2257 2140 non

558 2188 885 2252 immemor
924 2183 1069 2248 fuit.
1115 2180 1431 2246 The-mist.
1473 2182 1649 2245 Orat.
1693 2181 1839 2244 XV.
1884 2202 1950 2267 p.
1988 2181 2131 2264 196.
2166 2179 2257 2242 D.

563 2288 805 2356 Hard.:
857 2292 902 2326 '³‘
933 2286 1029 2350 καὶ
1073 2288 1170 2349 διὰ
1215 2288 1387 2347 τοῦτο
1425 2283 1581 2369 αὐτῷ
1617 2282 1819 2362 πολλὴ
1862 2283 2134 2367 ῥᾳστώνη
2167 2281 2261 2345 καὶ

558 2395 835 2473 βαίνοντι
863 2389 1181 2472 διαφόρους
1209 2387 1523 2452 κελεύθους
1562 2384 1662 2466 (δι’
1696 2387 1947 2468 ἀψόφου
1977 2386 2262 2448 κελεύθου

560 2496 780 2581 Toup.
807 2492 874 2557 in
906 2488 1088 2556 Suid.
1119 2509 1263 2569 104.
1286 2486 1768 2552 Valckenaerius
1794 2485 1859 2550 in
1892 2501 2040 2549 nota
2065 2486 2257 2549 Mser.

559 2596 638 2661 ad
669 2618 871 2681 marg.
901 2591 1171 2679 exempli
1199 2590 1344 2655 mei.
1393 2589 1499 2654 Cf.
1531 2588 1698 2653 idem
1728 2589 1793 2652 in
1824 2586 2091 2652 Diatrib.
2125 2588 2263 2651 Eu-

558 2698 746 2786 ripid.
779 2720 841 2783 p.
884 2696 1028 2760 186.
1058 2710 1123 2758 et
1144 2691 1467 2770 Matthiae,
1488 2692 1564 2755 V.
1589 2690 1714 2768 CL,
1746 2689 1824 2754 ad
1859 2689 2087 2777 Eurip.
2120 2688 2259 2774 l.l.)

563 2805 709 2867 κατὰ
737 2801 904 2880 δίκην
934 2800 1010 2862 τὸ.
1038 2801 1267 2876 θνητῶν
1296 2792 1524 2877 Gyan?
1594 2795 1672 2857 In
1706 2794 2091 2880 Fragmento
2121 2794 2259 2856 Eu-

559 2903 801 2991 ripiden
840 2924 946 2989 ap.
980 2897 1302 2964 Plutarch.
1349 2896 1391 2961 l.
1419 2895 1459 2959 l.
1509 2895 1744 2959 dicitur
1791 2896 1946 2976 Δίκη
1981 2901 2128 2978 σῖγα
2169 2896 2265 2959 καὶ

561 3010 777 3088 βραδεῖ
812 3005 954 3069 ποδὶ
990 3002 1342 3084 στείχουσα.
1433 2997 1645 3077 Unde,
1678 2997 1741 3061 ni
1771 2996 1974 3075 fallor,
2007 2997 2118 3062 lux
2166 3021 2267 3061 ac-

562 3106 847 3173 cenditur
874 3104 974 3170 his
1003 3105 1065 3168 1.
1095 3104 1180 3167 L.
1211 3100 1380 3188 Lydi
1420 3099 1502 3165 de
1543 3099 1821 3165 Ostentis
1852 3124 1912 3187 p.
1955 3121 2095 3184 190.
2130 3101 2268 3164 Ha-

566 3209 681 3275 sei:
729 3213 915 3274 ταῦτα
946 3207 1161 3289 (terrae
1189 3207 1426 3287 motus)
1455 3206 1570 3284 μὲν
1598 3205 1675 3269 ἄν
1703 3229 1808 3277 τις,
1845 3202 1992 3284 πρὸς
2019 3206 2124 3269 τὰς
2154 3212 2270 3285 φυ·

566 3316 733 3380 σικᾰς
779 3312 1013 3377 ἐννοίας
1064 3311 1329 3391 ἀφορῶν,
1379 3310 1660 3387 εἰκονίσῃ·
1707 3308 1959 3392 προνοίᾳ
2008 3309 2073 3370 δὲ
2114 3308 2271 3386 ὅμως

568 3416 660 3480 καὶ
710 3416 1003 3492 ἐπισκοπῇ
1054 3415 1157 3490 τῆς
1213 3412 1373 3491 δίκης
1414 3410 1612 3475 πάντα
1657 3411 1909 3493 γίνεται.
2000 3411 2094 3474 Οὐ
2143 3414 2262 3493 γὰρ

567 3519 711 3597 eff.
760 3516 893 3580 ἐπεὶ
919 3515 1056 3578 τόδε
1084 3514 1152 3577 τὸ
1181 3518 1303 3578 πᾶν
1335 3515 1536 3592 νόμοις
1562 3516 1676 3593 μὲν
1703 3519 1978 3594 φυσικοῖς
2008 3538 2262 3596 συγκρο-

564 3626 765 3693 τεῖται,
789 3617 1042 3701 προνοίᾳ
1057 3617 1125 3679 δὲ
1153 3619 1295 3680 θεοῦ
1317 3615 1413 3679 καὶ
1438 3617 1605 3701 λόγῳ
1629 3619 1801 3697 σιγῆς
1823 3614 2099 3680 ἐπέκεινα
2120 3619 2262 3679 διοι-

565 3725 768 3785 κεῖται.
858 3715 993 3782 Ubi
1049 3713 1598 3802 praestantissimus
1658 3716 1911 3779 Haseus
1962 3718 2153 3796 σιγῆς,
2198 3713 2262 3777 in

564 3845 692 3909 quo
736 3818 946 3886 Codd.
991 3817 1369 3905 conspirant,
1415 3833 1581 3881 recte
1625 3816 1926 3881 intactum
1973 3817 2257 3903 reliquit:

567 3922 627 3986 in
684 3919 1043 3987 animadvv.
1104 3941 1170 4005 p.
1216 3936 1387 4003 324:
1440 3918 1876 3984 tantummodo
1922 3918 2258 3983 dubitans:

567 4032 609 4065 “
639 4025 840 4103 Num,
861 4024 1027 4107 λόγῳ
1056 4023 1271 4104 τύχηςς
1320 4021 1515 4100 δίκηςς
1567 4021 1714 4106 Ego
1736 4019 1873 4084 haec
1895 4018 2266 4107 explicanda

561 4124 928 4191 crediderim
985 4122 1110 4187 ita:
1157 4120 1668 4209 quandoquidem
1727 4121 1845 4185 hoc
1907 4121 2109 4208 (quod
2162 4121 2266 4186 hic

562 4227 910 4309 intuemur)
959 4224 1317 4288 universum
1364 4221 1609 4310 legibus
1664 4222 1922 4310 quidem
1970 4221 2257 4287 naturali-

562 4327 681 4393 bus
723 4324 1138 4413 compositum
1183 4339 1297 4401 est,
1330 4322 1438 4387 sed
1479 4334 1683 4387 tamen
1725 4322 1827 4387 dei
1871 4321 2266 4409 providentia

567 4445 626 4495 et
651 4430 891 4495 ratione
919 4426 1142 4494 silentii
1174 4426 1244 4511 (i.
1266 4450 1321 4491 e.
1361 4425 1595 4490 silentis
1615 4424 1933 4512 justitiae),
1965 4448 2111 4512 quae
2139 4425 2263 4491 illic

568 4549 676 4612 est,
705 4530 1194 4596 administratur.
1244 4528 1428 4593 Philo
1455 4531 1501 4592 J
1510 4528 1613 4593 ud.
1647 4552 1751 4615 ap.
1783 4528 2021 4593 Euseb.
2050 4530 2259 4615 Praep.

569 4636 689 4700 Ev.
721 4635 929 4699 vm.
969 4654 1067 4714 14.
1110 4655 1176 4718 p.
1214 4652 1354 4696 111.
1394 4632 1496 4696 ed.
1529 4633 1750 4695 venet.
1785 4616 2068 4697 Au‘eher.
2115 4630 2262 4694 item

568 4737 641 4803 de
670 4753 854 4803 terrae
882 4750 1058 4799 motu
1085 4759 1100 4798 ε
1149 4734 1286 4801 θεὸς
1324 4738 1440 4816 γὰρ
1475 4733 1716 4800 οὐδενὸς
1743 4736 1927 4800 αἴτιος
1958 4737 2138 4797 κακοῦ
2164 4758 2261 4797 το-

568 4841 864 4924 παράπαν,
909 4836 1047 4903 ἀλλ’
1087 4839 1149 4900 αἱ
1187 4842 1306 4900 τῶν
1347 4838 1665 4919 στοιχείων
1702 4836 2039 4915 μεταβολαὶ
2081 4839 2266 4899 ταῦτα

569 4949 879 5023 γεννῶσιν,
911 4940 982 5004 οὗ
1009 4940 1428 5021 προηγούμενα
1468 4939 1616 5021 ἔργα
1654 4939 1913 5020 φύσεως,
1950 4936 2088 5002 ἀλλ’
2123 4940 2261 5002 {⁷16-

568 5070 714 5123 μενα
742 5048 866 5110 τοῖς
894 5041 1239 5124 ἀναγκαίοις
1277 5041 1373 5105 καὶ
1401 5046 1523 5108 τοῖς
1552 5038 2017 5122 προηγουμένοις
2046 5042 2260 5104 ἐπακο-

568 5151 914 5212 λουθοῦντα.
990 5142 1337 5230 Dionysius
1362 5165 1468 5230 ap.
1505 5141 1686 5207 Stob.
1725 5141 1992 5229 Eclogg.
2034 5142 2262 5230 Physs„

571 5248 626 5312 1.
652 5268 715 5329 4.
756 5267 853 5333 19.
884 5268 951 5334 p.
987 5264 1130 5325 114.
1168 5246 1479 5309 Heeren.:

802 5369 864 5425 Ὀ
894 5370 988 5438 τῆς
1013 5368 1169 5437 Alme
1194 5366 1490 5440 ὀφθαλμὸς,
1513 5366 1570 5424 ὃς
1598 5365 1643 5422 δ’
1669 5366 1874 5439 ἡσύχου

803 5463 1061 5524 Λεύσσον
1084 5467 1394 5537 προσώπου,
1421 5463 1572 5520 rav&
1600 5463 1739 5535 ὅμως
1763 5465 1844 5520 ἀεὶ
1869 5467 2078 5529 βλέπει.

3940 490 4065 557 239

2349 640 2524 707 Illud
2551 656 2763 706 autem
2783 643 3038 724 ἄψοφον
3059 654 3125 705 et
3151 638 3376 704 similia
3407 639 3689 706 Platonis
3705 641 4049 708 imitatione

2344 744 2492 809 alibi
2523 743 2709 807 etiam
2752 741 3153 828 frequentare
3194 740 3514 807 Plotinum
3558 766 3752 831 supra
3778 744 4050 810 vidimus

2343 849 2422 914 ad
2453 873 2519 936 p.
2551 866 2691 913 100.
2723 859 2786 910 et
2813 867 2880 932 p.
2899 847 3049 929 360.
3080 846 3161 909 E.

2428 969 2602 1034 —7.
2646 949 2758 1014 Ἐν
2802 951 2867 1013 δὲ
2912 951 2992 1034 τῷ
3036 951 3104 1011 ἐν
3138 944 3184 1034 ᾧ
3229 975 3280 1012 κ.
3305 972 3359 1011 τ.
3385 950 3473 1032 λ.]
3541 951 3671 1013 Pro
3714 952 3781 1015 ἐν
3818 947 3865 1037 ᾤ
3912 949 4045 1014 Vil-

2341 1054 2537 1119 loison
2569 1052 2752 1118 scribi
2773 1051 2960 1138 jubet
2991 1051 3244 1135 οὐρανῷ,
3263 1052 3337 1113 in
3364 1051 3531 1127 coeIo,
3565 1065 3787 1139 utpote
3803 1076 3879 1117 ex
3903 1052 4046 1117 scri-

2342 1155 2531 1222 bendi
2561 1152 2934 1241 compendio
2959 1167 3097 1215 orta
3125 1150 3607 1238 depravatione:
3655 1161 3823 1219 οῦνῶ.
3919 1154 4043 1219 Sed

2340 1283 2482 1325 cum
2516 1257 2729 1323 nullus
2758 1256 3084 1330 librorum,
3112 1276 3386 1340 quorum
3416 1253 3708 1320 lectiones
3734 1255 4044 1332 novimus,

2341 1385 2476 1427 eam
2504 1361 2832 1426 lectionem
2865 1356 2960 1422 vel
2991 1356 3430 1444 compendium
3459 1372 3774 1444 agnoscat,
3793 1381 3910 1424 nec
3938 1383 4044 1424 ne-

2341 1464 2604 1531 cessaria
2646 1462 2725 1527 sit
2768 1459 3143 1538 emendatio,
3184 1482 3223 1523 a
3274 1459 3568 1524 novando
3610 1460 4042 1527 abstinuimus.

2347 1570 2508 1633 Mox
2538 1589 2684 1632 cum
2736 1563 3096 1629 melioribus
3138 1561 3313 1627 libris
3345 1561 3494 1628 dedi
3536 1586 3655 1651 pro
3690 1568 4046 1647 ταττόμενος

2346 1674 2411 1736 δὲ
2456 1670 2766 1753 ἀνάλογον
2813 1665 2896 1733 ὧν
2941 1666 3013 1732 ὃν
3048 1668 3294 1740 ἔπαθον,
3342 1665 3649 1749 ἀνάλογον
3691 1669 3775 1732 ὃν
3820 1669 4046 1735 ἔπαθον

2345 1774 2390 1838 i.
2413 1798 2465 1838 e.
2500 1776 2618 1838 ἆνᾶ
2645 1774 2837 1855 λόγον
2865 1772 3089 1835 τούτων
3116 1771 3200 1833 ὧν
3236 1767 3481 1842 ἔπαθον,
3512 1771 3853 1835 secundum
3893 1795 4045 1859 pro-

2335 1877 2695 1964 portionem
2723 1895 2963 1950 eorum,
2995 1892 3139 1958 φασι
3166 1892 3384 1958 passae
3410 1880 3607 1944 nant,-
3655 1871 3736 1936 de
3779 1896 3911 1960 quo
3953 1874 4043 1939 lo.

2346 1977 2578 2066 quendi
2614 1999 2729 2041 usu
2763 1998 2955 2062 supra
2975 1973 3213 2039 dictum
3231 1986 3325 2037 est
3353 1971 3435 2036 ad
3463 1996 3534 2060 p.
3552 1977 3704 2055 416.
3735 1976 3814 2039 B.
3883 1978 4044 2043 Mox

2345 2105 2423 2146 ex
2453 2079 2627 2145 libris
2656 2078 2881 2144 nostris
2908 2078 3038 2141 fere
3066 2075 3360 2141 omnibus
3386 2076 3730 2163 adjecimus
3756 2083 3972 2144 ποδῶν.

3030 2267 3232 2330 LIB.
3279 2266 3359 2329 V.

2436 2411 2497 2475 p.
2532 2388 2681 2470 817,
2717 2405 2773 2468 7.
2849 2391 3042 2450 ΠΕΡΙ
3101 2389 3386 2448 ΨὙΧΗΣ
3445 2388 3826 2449 ΑΠΟΡΙΩΝ
3882 2393 4045 2453 ΤΡῙ.

2346 2495 2541 2564 ΤΟΝ,
2577 2495 2637 2553 H
2670 2494 2865 2553 ΠΕΡΙ
2897 2489 3226 2572 ΟΨΕΩΣ.]
3302 2488 3423 2551 Est
3454 2485 3556 2550 hic
3585 2486 3742 2551 liber
3771 2490 4049 2557 undetri-

2348 2591 2614 2657 cesimus
2647 2589 3187 2676 (Vid.-Porphyr.
3227 2588 3310 2653 de
3346 2588 3485 2653 Vita
3516 2588 3748 2655 Plotini
3777 2615 3916 2680 cap.
3947 2615 4046 2680 25.

2348 2717 2416 2782 p.
2474 2713 2621 2774 144.
2683 2692 2966 2772 Fabric.)
3027 2690 3349 2778 igiturque
3397 2706 3540 2778 post
3593 2695 4048 2779 praecedentem

2351 2794 2622 2883 scriptus
2649 2794 2932 2881 adeoque
2975 2793 3143 2859 illius
3184 2794 3361 2880 quasi
3401 2793 3693 2880 quaedam
3728 2799 4051 2866 continua-

2352 2898 2456 2965 tio.
2550 2899 2707 2961 Post
2750 2895 2866 2959 hos
2915 2894 3208 2960 Plotinus
3255 2916 3393 2959 eam
3451 2894 4051 2983 disputatiunculam

2353 3000 2619 3088 scripsit,
2648 3021 2795 3087 quae
2824 2998 3147 3064 Enneadis
3174 2997 3465 3064 secundae
3494 2998 3726 3065 librum
3760 3020 4051 3071 octavum

2351 3103 2697 3182 constituit,
2728 3118 2792 3167 et
2820 3104 2956 3184 περὶ
2984 3102 3249 3183 ὁράσεως
3275 3101 3652 3168 inscribitur.
3722 3104 3882 3171 Vide
3909 3130 4056 3193 quae

2352 3206 2434 3271 ad
2464 3205 2630 3271 illius
2656 3204 2799 3270 libri
2832 3204 3084 3270 titulum
3115 3205 3554 3270 annotavimus
3596 3229 3664 3294 p.
3702 3208 3847 3294 189.
3881 3232 4051 3297 supr.

2356 3311 2662 3375 Conferas
2687 3308 2897 3385 etiam,
2928 3331 3075 3394 quae
3114 3330 3309 3394 supra
3337 3308 3664 3394 posuimus
3692 3309 3771 3374 ad
3805 3334 3869 3398 p.
3901 3332 4055 3397 312.

2355 3414 2435 3477 B.
2523 3414 2829 3476 Nostrum
2861 3409 3092 3475 librum
3121 3408 3295 3495 quod
3325 3409 3608 3496 inprimis
3641 3410 3887 3491 attinet,
3917 3413 4056 3479 haec

2351 3515 2432 3580 de
2460 3513 2695 3579 visione
2724 3512 2991 3599 quaestio
3030 3529 3275 3577 mature
3317 3511 3554 3599 agitata
3590 3525 3686 3577 est
3729 3537 3769 3578 a
3814 3516 4057 3581 Graecis

2352 3615 2763 3705 philosophiS,
2785 3613 3220 3701 Pythagoreis,
3237 3612 3647 3701 Empedocle,
3669 3614 4052 3696 Democrit0‚

2351 3719 2506 3784 aliis.
2597 3715 3003 3805 Empedoclis
3030 3715 3280 3780 decreta
3306 3714 3387 3779 de
3415 3714 3553 3780 visu
3581 3715 3715 3803 ipse
3745 3717 3931 3783 Plato
3958 3735 4055 3785 at-

2349 3821 2492 3909 tigit
2519 3820 2586 3885 in
2616 3822 2896 3885 Menone
2921 3841 2987 3905 p.
3010 3820 3114 3900 76.
3154 3819 3235 3882 C.
3258 3818 3342 3881 D.
3372 3833 3438 3883 et
3461 3817 3666 3883 verbis
3691 3819 3747 3906 ej
3757 3843 3828 3885 us
3865 3822 4051 3887 etiam

2348 3923 2653 4012 appositis
2681 3919 3053 3986 Aristoteles
3080 3919 3161 3985 de
3209 3923 3408 3986 Sensu
3446 3936 3512 3986 et
3551 3922 3774 3988 Sensil.
3805 3948 3858 3988 c.
3895 3946 3952 3990 2.
3989 3950 4050 4014 p.

2350 4047 2412 4107 4.
2459 4049 2554 4112 sq.
2612 4023 2792 4111 Sylb.
2848 4022 3331 4110 Theophrastus
3374 4023 3456 4089 de
3508 4025 3808 4091 Sensibus
3847 4050 3914 4114 p.
3958 4031 4055 4094 18.

2352 4151 2488 4215 sqq.
2518 4149 2583 4213 p.
2618 4128 2767 4211 694.
2798 4149 2932 4213 sqq.
2959 4125 3055 4190 ed.
3092 4125 3451 4191 Schneider.
3498 4126 3601 4192 Cf.
3630 4128 3949 4194 Plutarch.
3978 4133 4055 4196 de

2354 4228 2602 4295 Placitt.
2639 4227 2901 4293 Philoss.
2940 4230 3057 4292 IV.
3087 4249 3184 4314 13.
3216 4252 3281 4317 p.
3316 4232 3460 4315 633.
3493 4253 3588 4317 sq.
3618 4231 3718 4296 ed.
3749 4233 3963 4320 Wytt.
3993 4250 4058 4300 et

2349 4330 2582 4395 adhibe
2621 4330 3075 4417 Empedoclem
3122 4331 3359 4396 Sturzii
3402 4355 3466 4419 p.
3499 4334 3653 4418 348.
3699 4357 3836 4421 sqq.
3883 4352 3947 4401 et
3990 4360 4056 4423 p.

2349 4436 2716 4514 416—420.
2765 4435 3240 4520 Argumentum
3268 4448 3478 4499 autem
3510 4433 3703 4523 hujus
3730 4435 3872 4501 libri
3906 4440 4053 4504 Plo·

2352 4536 2568 4601 tiniani
2598 4535 2880 4623 inprimis
2908 4534 3170 4600 ductum
3197 4550 3290 4599 est
3319 4558 3396 4599 ex
3418 4535 3714 4623 primario
3741 4538 3879 4603 loco
3911 4540 4056 4607 Pla-

2351 4638 2515 4703 tonis
2541 4638 2607 4702 in
2639 4638 2889 4702 Timaeo
2915 4661 2980 4725 p.
3003 4657 3114 4722 45.
3147 4661 3242 4724 sq.
3271 4660 3337 4724 p.
3361 4654 3465 4723 50.
3500 4662 3635 4726 sqq.
3670 4640 3870 4706 Bekk.
3902 4643 4052 4709 item

2352 4764 2430 4804 ex
2460 4739 2821 4805 Aristotelis
2863 4739 2905 4805 l.
2931 4739 2975 4805 l.
3006 4755 3069 4804 et
3110 4738 3191 4803 de
3222 4738 3452 4804 Anima
3488 4763 3545 4805 c.
3577 4758 3638 4822 7.
3680 4765 3742 4829 p.
3773 4763 3878 4829 34.
3912 4768 4048 4834 sqq.

2355 4842 2533 4929 Sylb.
2564 4841 2673 4906 ubi
2716 4840 2998 4906 Platonis
3033 4840 3217 4905 etiam
3262 4840 3327 4905 in
3365 4840 3609 4906 Timoeo
3647 4843 3891 4930 prolata
3918 4870 4055 4911 sen-

2353 4944 2548 5010 tentia
2574 4943 2927 5031 attingitur.
3019 4946 3185 5009 Cum
3216 4942 3314 5006 his
3357 4945 3762 5031 comparandi
3792 4945 3923 5011 duo
3948 4948 4054 5014 alii

2351 5047 2468 5113 loci
2498 5046 2878 5127 Aristotelis,
2906 5046 3178 5134 primum
3211 5046 3275 5111 in
3310 5046 3685 5112 Problemm.
3719 5048 3910 5113 XIV.
3950 5070 4048 5132 14.

2352 5166 2415 5216 et
2457 5146 2558 5215 de'
2579 5153 2877 5215 Generat.
2925 5148 3229 5214 Animall.
3264 5150 3338 5213 V.
3377 5170 3431 5215 1.
3505 5149 3610 5215 Cf.
3647 5151 3930 5216 Galenus
3972 5153 4055 5218 de

2355 5255 2495 5318 Usu
2548 5253 2836 5317 Par-tium
2875 5252 2980 5317 lib.
3013 5254 3107 5317 X.
3155 5276 3220 5340 p.
3256 5268 3399 5338 273.
3442 5251 3542 5318 ed.
3592 5252 3783 5317 Basil.
3832 5256 4049 5340 (quem

2352 5355 2558 5420 locum
2600 5354 2959 5420 Schneider.
3008 5355 3265 5442 Eclogis
3309 5355 3435 5421 suis
3476 5355 3752 5443 physicis
3793 5355 4056 5426 inseruit

2350 5479 2412 5543 p.
2444 5458 2598 5542 361.
2630 5461 2804 5543 sqq.)
2898 5457 3078 5521 Idem
3114 5456 3397 5522 Galenus
3427 5457 3647 5521 harum
3679 5455 4057 5546 disquisitio-
