5118 6613
1096 555 1220 637 146
2064 546 2892 615 ANNOTATIONES
2956 546 3068 613 IN
3133 547 3582 614 PLOTINI

1092 726 1258 806 tivis,
1291 738 1364 790 ut
1405 724 1471 789 in
1502 721 1768 789 Philebo
1794 744 1861 810 p.
1896 738 1969 806 17
1999 745 2014 786 :
2064 724 2307 788 ἐπειδὰν
2332 720 2530 803 λάβῃς
2557 724 2634 786 τὰ
2661 726 2785 786 δια-

1093 829 1567 910 στήματα-ὅσα
1622 826 1970 907 συστήματα
2024 824 2300 908 γέγονεν·
2370 824 2481 889 ubi
2537 823 2791 890 oonsule

1093 933 1468 1000 Stallbaum.
1502 953 1566 1019 p.
1599 946 1704 1017 35.
1779 927 1973 994 Adde
2002 926 2350 1015 interprett.
2383 927 2465 991 ad
2494 927 2787 1015 Thucyd.

1095 1035 1237 1101 111.
1273 1053 1375 1108 20,
1432 1034 1796 1121 Wesseling.
1840 1033 1922 1097 ad
1968 1031 2232 1097 Diodor.
2284 1032 2526 1096 XVII.
2572 1032 2678 1096 82.
2718 1054 2784 1118 p.

1097 1156 1240 1218 224.
1272 1136 1383 1202 ubi
1412 1135 1762 1217 ἐλάμβανον
1789 1139 1849 1200 ot
1877 1136 2222 1202 Μακεδόνες
2247 1149 2340 1198 est
2379 1135 2790 1220 conjiciebant

1093 1257 1145 1306 s.
1188 1229 1696 1305 arbitrabantur.
1786 1241 1933 1326 Ego
1974 1260 2089 1302 nec
2133 1237 2196 1301 in
2240 1236 2339 1301 his
2387 1236 2665 1324 Longini
2708 1237 2791 1303 de

1095 1342 1363 1409 Sublim.
1399 1343 1537 1408 IX.
1570 1360 1631 1425 7.
1660 1341 1907 1406 hoereot
1953 1341 2115 1420 πλὴν
2154 1343 2208 1406 εί
2239 1341 2320 1421 μὴ
2362 1339 2483 1405 κατ’
2520 1343 2786 1424 ἀλληγο·

1089 1448 1228 1529 ρίαν
1283 1445 1679 1527 λαμβάνοιτο,
1732 1444 1827 1509 uti
1885 1445 2194 1509 Weiskius
2247 1442 2417 1521 fecit,
2474 1443 2793 1531 ceteroqui

1088 1563 1257 1615 recte
1276 1547 1593 1636 explicans
1618 1548 1921 1636 intelligi,
1944 1547 2273 1635 explicari.
2357 1547 2617 1612 Poterat
2644 1547 2788 1611 sim-

1091 1651 1312 1740 plicius
1367 1653 1669 1739 accipere.
1757 1652 1865 1715 Ex
1908 1673 2043 1715 asse
2084 1650 2418 1737 respondet
2466 1665 2785 1716 nostrum:

1089 1758 1180 1819 im
1214 1755 1670 1843 allegor-iselam
1698 1754 1903 1820 Sinna
1944 1776 2259 1833 zea-mmm,
2287 1752 2387 1818 vel
2415 1753 2785 1819 annehmen.

1090 1857 1308 1923 Etiam
1336 1857 1399 1921 in
1430 1856 1670 1945 aliquot
1702 1857 1872 1936 locis,
1903 1880 2065 1944 quos
2106 1857 2453 1943 attigimus,
2496 1856 2788 1944 congruit

1092 1959 1540 2026 Germanicum
1556 1960 1818 2025 nahmen
1840 1984 1900 2026 v.
1921 1960 2290 2026 annekmen.
2358 1965 2585 2048 Atque
2613 1960 2786 2048 quod

1091 2062 1154 2129 h.
1186 2060 1229 2126 l.
1265 2063 1629 2145 ἀλληγορίας
1655 2062 2033 2128 vocabulum
2066 2062 2132 2126 in
2177 2078 2447 2128 mentem
2489 2063 2643 2127 mihi
2688 2085 2786 2127 re·

1087 2181 1293 2243 vocat,
1325 2187 1449 2229 non
1479 2164 1752 2230 alienum
1796 2165 1877 2230 sit
1911 2165 2011 2230 hic
2043 2188 2378 2253 apponere.
2469 2165 2788 2230 Nimirum

1086 2268 1259 2356 quod
1303 2269 1756 2333 Ruhnkenium
1800 2283 2052 2335 secutus
2093 2268 2244 2334 alibi
2294 2269 2385 2353 (in
2433 2268 2790 2357 Symbolica

1089 2373 1150 2436 I.
1196 2395 1262 2459 p.
1298 2374 1407 2456 69.
1453 2370 1554 2435 ed.
1599 2371 1803 2452 alter.)
1851 2374 2135 2442 ὑπονοίας
2174 2396 2391 2440 vocem
2436 2373 2784 2460 antiquam,

1088 2475 1452 2559 ἀλληγορίας
1479 2475 1882 2540 recentiorem
1922 2474 2239 2541 dixeram:
2287 2476 2445 2541 illud
2490 2476 2787 2541 adhibeat

1086 2577 1347 2643 fortasse
1403 2577 1710 2666 quispiam
1771 2579 1853 2643 ad
1911 2577 2312 2644 refellendam
2364 2580 2784 2666 conjecturam

1089 2680 1352 2746 Hieron.
1403 2681 1668 2761 Amatii‚
1710 2681 1822 2768 qui
1881 2679 1987 2745 illa
2030 2682 2107 2745 de
2161 2682 2565 2748 Sublimitas
2619 2682 2787 2770 frag-

1087 2799 1300 2849 menta
1338 2784 1648 2871 Dionysio
1692 2783 2226 2849 Halicarnassensi
2273 2784 2611 2850 tribuenda
2655 2807 2787 2849 esse

1088 2901 1429 2953 censuerat.
1523 2889 1729 2966 Quam
1774 2886 2141 2951 sententiam
2172 2909 2343 2951 nunc
2372 2887 2629 2974 quidem
2669 2886 2788 2952 hac

1088 2989 1171 3054 de
1219 3012 1336 3054 usu
1380 2988 1549 3054 vocis
1593 2990 1956 3073 ἀλληγορίας
1999 2989 2428 3055 observatione
2475 2990 2788 3056 confutari

1087 3115 1269 3180 posse
1298 3114 1423 3156 non
1450 3090 1674 3166 credo;
1722 3090 1978 3178 quando
2005 3090 2177 3156 haud
2207 3092 2504 3180 ambigua
2531 3093 2794 3181 vestigia

1089 3209 1599 3273 commonstrant,
1645 3193 2027 3281 antiquiores
2068 3194 2254 3260 etiam
2300 3195 2630 3283 scriptores
2674 3195 2793 3261 hac

1088 3312 1396 3387 potestate
1447 3299 1811 3382 ἀλληγορίας
1854 3321 2006 3363 voce
2051 3322 2197 3364 usos
2241 3323 2396 3380 esse,
2440 3323 2587 3387 quae
2638 3324 2699 3365 v.
2734 3324 2790 3368 c.

1092 3401 1277 3467 Plato
1317 3401 1399 3467 de
1441 3403 1610 3490 Rep.
1643 3402 1743 3466 II.
1778 3425 1843 3489 p.
1876 3402 2022 3487 378.
2053 3425 2119 3490 p.
2154 3405 2261 3488 96.
2307 3402 2505 3468 Bekk.
2536 3406 2790 3469 ὑπονοία

1088 3505 1308 3571 utitur.
1398 3504 1594 3570 Adde
1637 3504 1811 3592 quod
1857 3507 1969 3570 Fr.
2000 3507 2182 3594 Aug.
2218 3504 2498 3571 Wolfius
2534 3506 2599 3571 in
2630 3505 2790 3571 libro

1089 3609 1199 3698 qui
1255 3608 1614 3673 inscribitur
1673 3608 2092 3674 Literarische
2149 3609 2495 3674 Analecten
2556 3611 2660 3675 11.
2718 3633 2785 3697 p.

1088 3716 1241 3801 526.
1271 3727 1488 3778 contra
1512 3712 1960 3777 Ruhnkenium
1982 3712 2093 3795 (ad
2125 3713 2298 3778 Tim.
2326 3714 2491 3778 Lex.
2524 3712 2690 3778 Plat.
2721 3736 2787 3802 p.

1092 3819 1268 3901 200.)
1299 3815 1542 3880 monuit
1564 3818 1928 3899 ἀλληγορίας
1944 3814 2319 3882 vocabulum
2347 3817 2442 3882 bis
2460 3817 2596 3905 jam
2616 3816 2788 3905 apud

1094 3918 1453 3983 Ciceronem
1500 3918 1621 4005 legi
1649 3944 1664 3984 ε
1711 3919 1838 3985 vid.
1877 3922 2126 3985 Orator.
2160 3939 2265 4005 27.
2297 3934 2363 3986 et
2389 3920 2472 3985 ad
2502 3923 2647 3986 Att.
2683 3921 2785 3985 II.

1095 4040 1195 4086 20.
1274 4023 1433 4100 Quoe
1487 4021 1844 4086 adhibenda
1885 4022 2068 4087 etiam
2107 4022 2588 4110 Wyttenbachii
2630 4024 2792 4088 Ani-

1094 4122 1507 4188 madversioni
1536 4123 1597 4187 in
1630 4123 1951 4190 Plutarch.
1987 4127 2088 4190 De
2127 4125 2276 4190 aud.
2301 4126 2501 4213 poetis
2528 4150 2596 4214 p.
2623 4127 2784 4201 2083

1093 4226 1204 4315 qui
1236 4240 1442 4290 tamen
1473 4239 1536 4290 et
1562 4225 1695 4313 ipse
1723 4226 1992 4314 priorem
2020 4226 2222 4292 Tullii
2249 4227 2453 4294 locum
2485 4229 2789 4294 laudavit.

1093 4329 1247 4395 Alia
1294 4328 1419 4394 tela
1460 4343 1714 4404 restant,
1756 4328 1989 4416 quibus
2028 4329 2137 4394 illa
2178 4330 2513 4396 doctissimi
2559 4331 2791 4397 Amatii

1096 4432 1308 4521 opinio
1337 4432 1565 4520 configi
1591 4448 1803 4520 queat,
1822 4431 1887 4497 in
1919 4432 2016 4496 his
2041 4432 2224 4511 illud,
2244 4433 2416 4520 quod
2448 4434 2795 4522 Dionysius

1098 4535 1613 4601 Halicarnasseus
1655 4535 1840 4623 plane
1882 4535 2128 4600 diversa
2168 4536 2408 4601 ratione
2449 4536 2530 4601 de
2578 4537 2790 4604 Theo-

1096 4662 1330 4728 pompo
1357 4662 1564 4704 rerum
1600 4639 1897 4727 scriptore
1916 4639 2172 4719 indicat,
2196 4655 2388 4727 atque
2415 4639 2468 4704 is
2486 4639 2659 4719 facit,
2682 4640 2793 4728 qui

1098 4741 1417 4830 egregium
1463 4741 1633 4805 hunc
1674 4744 1811 4825 περὶ
1850 4744 2044 4825 ὕψους
2084 4741 2365 4808 libellum
2411 4743 2792 4831 conscripsit.

1103 4845 1227 4912 Sed
1257 4846 1336 4910 de
1375 4844 1470 4910 his
1496 4845 1756 4909 fortasse
1784 4843 1955 4909 alias.

1184 4973 1247 5037 p.
1277 4951 1429 5032 466,
1463 4967 1518 5016 2.
1567 4948 1703 5014 ἀλλ’
1738 4952 1929 5014 ἐκεῖνο
1970 4947 2366 5031 ἀποδεδέχθω
2406 4953 2512 5013 τοῦ
2552 4953 2797 5029 ποιητοῦ

1100 5057 1258 5136 -τῇ
1283 5052 1428 5142 ὕλῃ]
1479 5051 2035 5116 Praestantissimus
2063 5049 2233 5115 locus
2262 5067 2326 5114 et
2352 5050 2462 5138 qui
2492 5073 2635 5114 cum
2661 5074 2796 5115 ver-

1099 5158 1197 5224 bis
1225 5172 1361 5222 tum
1392 5154 1695 5220 sententia
1722 5177 2089 5243 germanum
2125 5153 2404 5218 Platonis
2433 5169 2794 5218 sectatorem

1101 5274 1346 5348 arguat.
1439 5260 1543 5323 Ita
1571 5258 1737 5322 enim
1782 5257 1885 5323 ille
1930 5257 1994 5323 in
2039 5256 2361 5322 Phaedone
2401 5280 2467 5344 p.
2499 5276 2605 5341 92.
2636 5280 2694 5321 a.
2728 5259 2798 5322 οὔ

1103 5363 1218 5448 γάρ
1244 5389 1361 5427 που
1390 5360 1646 5441 ἀποδέξῃ
1673 5365 1895 5425 σαυτοῦ
1920 5359 2210 5444 λέγοντος
2246 5359 2290 5423 i.
2317 5384 2369 5425 e.
2407 5360 2705 5447 probabis
2739 5369 2798 5424 te

1101 5467 1311 5553 ipsum
1338 5466 1639 5529 dicentem
1660 5489 1682 5527 .·
1725 5485 1768 5527 a
1792 5472 1850 5528 te
1876 5465 2015 5551 ipso
2041 5464 2280 5528 dicente
2304 5464 2577 5551 accipies
2595 5461 2796 5550 expli-

1102 5583 1281 5633 cante
1324 5566 1819 5656 wyttenbachio
1860 5566 1923 5631 in
1969 5570 2213 5632 Annot.
2256 5589 2322 5655 p.
2351 5584 2498 5648 242.
2545 5565 2799 5654 Euthy-

2875 719 3099 808 phron.
3131 745 3184 785 c.
3223 740 3337 786 11:
3385 725 3567 792 οὕτως
3607 724 3747 805 ἡμῖν
3793 747 3862 787 τε
3907 723 4097 787 αὐτόν
4142 723 4567 806 ἀποδεχόμεθα

2877 825 2973 889 καὶ
3015 831 3134 889 τᾶν
3177 825 3405 900 ἄλλων,
3448 827 3556 891 ἐὰν
3597 829 3786 907 μόνον
3826 829 3912 908 φῇ
3957 827 4045 893 τίς
4087 850 4142 890 τι
4189 825 4355 909 ἔχειν
4393 827 4563 889 οὕτω.

2875 925 2987 991 ubi
3032 926 3160 991 vid.
3223 927 3593 994 Stallbaum.
3651 951 3718 1016 p.
3748 930 3855 992 62.
3945 927 4129 993 Adde
4180 928 4567 993 Schleusneri

2877 1029 3039 1094 Lex.
3070 1031 3156 1094 N.
3193 1032 3281 1094 T.
3315 1031 3380 1095 in
3413 1054 3552 1095 voc.
3600 1034 4071 1119 Argumentum
4110 1032 4285 1118 quod
4324 1031 4566 1110 attinet,

2873 1134 3277 1221 conjunctum
3307 1149 3402 1199 est
3439 1134 3561 1199 hoc
3586 1157 3728 1199 cum
3760 1133 4043 1199 doctrina
4072 1133 4354 1199 Platonis
4380 1134 4567 1198 inter·

2875 1235 3043 1314 valli,
3083 1261 3214 1324 quo
3256 1236 3399 1303 idea
3445 1237 3638 1304 distat
3677 1261 3717 1302 a
3773 1237 4052 1315 materia,
4104 1261 4249 1325 quoe
4291 1236 4572 1302 doctrina

2875 1342 3108 1427 pariter
3162 1340 3598 1428 complectitur
3671 1340 3892 1406 mundi
3966 1341 4156 1428 hujus
4225 1340 4568 1429 opificium,

2874 1464 3067 1530 quam
3110 1443 3416 1508 artificum
3454 1467 3667 1531 opera.
3759 1446 3868 1509 Tu
3914 1444 4038 1509 vid.
4087 1441 4431 1531 Rempubl.
4474 1444 4566 1508 X.

2876 1569 2939 1633 p.
2967 1562 3119 1628 471.
3155 1545 3354 1610 Bekk.
3403 1546 3720 1611 Timoeum
3751 1569 3817 1634 p.
3841 1548 3940 1612 28.
3975 1569 4039 1634 p.
4065 1566 4167 1633 23.
4200 1545 4403 1611 Bekk.
4424 1546 4573 1610 Ari-

2876 1648 3379 1714 stotelisPoetic.
3414 1652 3514 1717 II.
3557 1671 3609 1715 1.
3678 1651 3852 1715 Hinc
3879 1650 3986 1715 illa
4005 1650 4352 1737 judicanda
4382 1650 4570 1716 Plinii

2877 1754 2971 1817 H.
2995 1754 3081 1818 N.
3110 1753 3459 1818 XXXIV.
3490 1775 3589 1839 19.
3620 1778 3686 1842 p.
3710 1757 3860 1840 654.
3909 1754 4230 1819 Harduin.
4255 1753 4338 1819 de
4361 1754 4569 1819 Clear-

2871 1854 2992 1921 cho
3032 1856 3307 1921 artifice:
3357 1865 3401 1896 ‘⁴
3431 1859 3666 1923 nobiles
3695 1859 3869 1922 viros
3895 1859 4231 1923 nobiliores
4243 1858 4478 1943 fecit,”
4508 1873 4568 1922 et

2872 1957 3111 2024 similia.

2959 2099 3047 2111 —
3083 2081 3180 2147 15.
3226 2061 3295 2126 τὸ
3353 2065 3576 2142 κόσμου
3633 2062 3787 2128 εἶναι
3844 2063 3939 2126 καὶ
3985 2064 4397 2142 ἐπιμελεῖσθαι
4438 2092 4488 2127 κ.
4513 2090 4565 2128 τ.

2872 2167 2965 2250 λ.]
3020 2165 3302 2230 Pertinet
3346 2165 3466 2229 hoc
3507 2164 3590 2230 ad
3626 2164 3970 2230 doctrinam
4012 2165 4293 2230 Platonis
4334 2165 4567 2231 anima-

2873 2290 3016 2331 rum
3057 2267 3439 2333 novellarum
3493 2270 3873 2353 (νεοτελῶν),
3910 2291 4057 2355 quae
4101 2270 4437 2350 οἰκονομίας
4472 2272 4572 2349 τῆς

2870 2376 2990 2436 τῶν
3013 2373 3175 2437 ὅλων
3198 2373 3374 2437 ἕνεκα
3394 2371 3457 2434 in
3476 2393 3739 2458 corpora
3761 2372 4116 2436 mittuntur.
4164 2370 4314 2436 vid.
4338 2373 4570 2459 Remp.

2876 2473 2969 2539 X.
3003 2498 3070 2562 p.
3106 2475 3254 2560 518.
3326 2474 3628 2539 Phoedon.
3671 2498 3739 2562 p.
3782 2476 3931 2560 386.
3971 2498 4066 2562 sq.
4096 2475 4246 2560 398.
4280 2477 4367 2538 A.
4431 2473 4572 2540 Cel-

2873 2600 3010 2641 sum
3053 2577 3227 2665 apud
3274 2577 3628 2665 Origenem.
3676 2576 3786 2641 lib.
3833 2578 4037 2642 VIII.
4080 2600 4148 2664 p.
4183 2578 4330 2660 780.
4377 2577 4461 2642 D.
4508 2593 4569 2643 et

2871 2704 3017 2768 quae
3062 2681 3180 2746 hac
3223 2681 3303 2745 de
3347 2704 3415 2745 re
3457 2680 3748 2768 exposuit
3779 2679 4235 2769 Wyttenbach.
4278 2680 4362 2745 ad
4408 2681 4567 2747 Plu-

2874 2784 3067 2849 tarch.
3095 2782 3177 2848 de
3209 2786 3273 2849 S.
3298 2786 3380 2848 N.
3409 2786 3481 2849 V.
3517 2807 3580 2869 p.
3617 2804 3758 2870 113.
3790 2784 3887 2848 ed.
3923 2786 4130 2850 Oxon.
4161 2784 4313 2850 min.

2957 2909 3026 2975 p.
3044 2889 3196 2971 467,
3227 2908 3327 2972 19.
3376 2890 3524 2966 θεοὶ,
3552 2889 3648 2952 καὶ
3664 2888 3913 2971 οὐρανὸς
3927 2893 4041 2956 πᾶς
4069 2888 4292 2978 κύκλῳ]
4340 2889 4574 2955 Decit-

2874 2989 3068 3055 culari
3117 2990 3263 3055 sede
3297 2990 3416 3054 diis
3456 2990 3763 3055 attributa
3801 2989 3929 3055 vid.
3961 2989 4200 3054 Ezech.
4236 2991 4569 3079 Spanhem.

2876 3094 3162 3158 Preuves
3189 3095 3298 3157 des
3326 3095 3716 3181 Remarques
3744 3116 3862 3158 sur
3882 3094 3971 3158 les
4000 3094 4233 3158 Celtas-s
4248 3094 4325 3159 de
4350 3096 4573 3161 Julien

2876 3219 2939 3284 p.
2966 3218 3066 3282 19.
3098 3197 3207 3262 ubi
3239 3210 3517 3261 nostrum
3551 3195 3756 3260 locum
3788 3196 4046 3261 adhibet
4073 3195 4176 3260 hic
4206 3196 4301 3260 vir
4329 3196 4570 3263 doctus.

2878 3300 3212 3366 Proxime:
3261 3301 3329 3367 τὸ
3359 3303 3424 3366 δὲ
3462 3308 3646 3366 κεῖται
3686 3302 3993 3383 ἄνθρωπος
4030 3299 4238 3387 cogita
4269 3303 4465 3382 τίμιον
4493 3325 4570 3367 ex

2874 3403 3394 3491 praeoedentibuS,
3424 3404 3543 3468 hoc
3581 3427 3762 3469 sensu
3791 3430 3807 3481 3
3859 3412 3901 3443 “
3932 3405 4041 3469 sed
4067 3405 4244 3469 istud
4271 3426 4574 3471 veneran-

2873 3507 3046 3586 dum,
3078 3516 3378 3595 tanquam
3406 3508 3608 3587 Ῐιοπιο,
3618 3510 3800 3595 jacet
3829 3510 3900 3571 in
3930 3508 4130 3572 medio
4158 3510 4317 3574 cet.''

2959 3633 3026 3697 p.
3050 3611 3203 3692 468,
3235 3613 3332 3676 16.
3378 3612 3847 3692 ἄρνας-λύκων
3877 3614 4147 3694 ἁρπαγὰς
4169 3611 4377 3701 εἶναι]
4411 3613 4570 3677 For·

2877 3728 3035 3778 tasse
3082 3713 3336 3801 Adagia
3376 3713 3870 3778 obversabantur
3916 3714 4049 3778 haec
4093 3714 4383 3780 scribenti
4424 3714 4573 3780 Plo-

2877 3816 3029 3895 tino‚
3061 3831 3134 3881 ut
3160 3815 3319 3880 illud
3346 3815 3519 3904 apud
3539 3816 3909 3903 Diogenian.
3943 3818 4101 3881 VII.
4137 3819 4218 3903 63
4248 3842 4263 3883 ε
4311 3819 4452 3901 πρὶν
4481 3819 4576 3883 καὶ

2874 3923 3055 3988 λύκος
3094 3922 3193 3985 ὄϊν
3234 3920 3512 4001 ποιμάνῃ,
3546 3918 3642 3983 vel
3684 3918 3880 3984 illud:
3931 3921 3997 3983 ἐκ
4032 3920 4215 3984 λύκου
4260 3924 4573 4002 στόματος,

2875 4022 2972 4088 vel
3020 4022 3243 4106 θρέψαι
3286 4025 3500 4090 λύκους
3541 4045 3644 4110 ap.
3699 4023 4033 4085 Erasmum
4081 4020 4144 4083 in
4195 4020 4465 4109 Adagiis
4508 4044 4571 4109 p.

2878 4145 3026 4212 293.
3056 4140 3116 4189 et
3146 4149 3209 4213 p.
3244 4145 3397 4211 390.
3475 4123 3788 4188 Proximis
3837 4122 4045 4187 verbis
4086 4125 4213 4203 δίκη
4262 4124 4332 4187 τὸ
4377 4126 4579 4194 λύκοις

2880 4228 3034 4293 εἶναι
3081 4230 3175 4293 καὶ
3213 4231 3634 4309 κακοδαίμοσιν
3662 4229 3990 4309 ἀνθρώποις
4029 4242 4241 4291 utrum
4273 4227 4452 4316 vulgi
4479 4228 4573 4293 fa-

2876 4329 3089 4396 bulam
3136 4331 3217 4395 de
3254 4332 3694 4412 λυκανθρῶποις
3740 4329 3897 4413 (vid.
3933 4329 4240 4394 Herodot.
4273 4331 4392 4396 IV.
4430 4350 4575 4417 105.

2882 4433 3069 4498 Plinii
3121 4435 3321 4498 H.N.
3351 4433 3556 4497 VIII.
3603 4452 3707 4518 34.
3756 4432 3896 4497 coll.
3947 4436 4082 4518 22.)
4144 4432 4442 4520 tetigerit,
4493 4456 4574 4498 an

2881 4534 3259 4623 simpliciter,
3318 4535 3426 4599 sed
3496 4535 3796 4623 graviter,
3855 4535 4179 4601 hominum
4256 4538 4574 4624 rapoeium

2882 4661 3082 4703 mores
3125 4637 3448 4724 designare
3477 4637 3745 4703 voluerit
3786 4637 4217 4725 philosophus,
4255 4662 4380 4704 non
4425 4640 4577 4705 defi-

2881 4741 3122 4807 nierim.
3213 4743 3360 4805 Hoc
3389 4740 3729 4828 simplicius
3759 4740 4025 4805 videtur.
4115 4743 4207 4806 Et
4239 4743 4576 4808 Nemesius

2881 4847 2962 4912 de
3007 4848 3254 4911 Natura
3293 4843 3586 4908 Hominis
3620 4868 3676 4908 c.
3713 4845 3815 4908 ΙΙ.
3846 4868 3912 4932 p.
3951 4865 4093 4930 115.
4122 4844 4224 4909 ed.
4258 4846 4574 4921 Matthaei,
4673 4922 4706 4937 .-

2883 4948 3265 5013 Platonicam
3291 4947 3848 5035 metempsychosin
3872 4946 4187 5034 explicans
4213 4949 4302 5013 ita
4325 4948 4574 5014 scribit:

2883 5054 3150 5119 εἰπόντος
3188 5055 3305 5135 γὰρ
3344 5051 3670 5118 Πλάτωνος
3702 5054 3807 5119 τάς
3848 5052 3961 5131 μὲν
4000 5055 4239 5131 θυμικᾶς
4273 5054 4369 5117 καὶ
4407 5054 4574 5136 ὀργί-

2882 5163 3024 5221 λους
3053 5155 3147 5218 καὶ
3179 5156 3533 5237 ἆρπακτικάς
3560 5158 3765 5239 ψυχὰς
3791 5156 3989 5218 λύκων
4021 5154 4116 5217 καὶ
4156 5156 4422 5220 λεόντων
4450 5158 4571 5220 σώ-

2881 5283 3039 5338 ματα
3060 5258 3515 5341 ἀμφιέννυσθαι.

2967 5383 3034 5448 p.
3063 5363 3215 5445 469,
3258 5361 3321 5424 8.
3369 5365 3501 5425 Νῦν
3547 5362 3613 5424 δὲ
3665 5361 3722 5423 οἱ
3770 5360 3882 5438 μὲν
3932 5359 4150 5422 ἄοπλοι
4210 5386 4262 5422 κ.
4288 5384 4340 5423 τ.
4364 5367 4428 5424 λ.
4490 5364 4580 5441 εἴη

2884 5465 3071 5550 θεῖον]
3125 5463 3373 5529 Laudat
3405 5461 3847 5527 Theodoretus
3873 5460 4150 5547 Therap.
4188 5462 4306 5526 VI.
4337 5485 4406 5550 p.
4432 5463 4579 5549 873.

2884 5566 3032 5650 874.
