5118 6613
992 505 1117 590 328

999 684 1116 743 τῶν
1151 681 1342 743 ὄντων
1381 678 1808 757 ἐκβάλλεσθαι,
1841 678 1977 743 ἀλλ’
2010 681 2099 743 ὅτι
2146 680 2226 759 μὴ
2267 679 2461 744 ποσὸν
2509 679 2688 744 αὐτὸν

1977 507 2818 572 ANNOTATIONES
2868 507 2978 570 IN
3027 506 3464 572 PLOTINI

2776 681 3045 764 ἐνεργείᾳ
3073 681 3105 742 6
3134 680 3350 762 χρόνος
3374 680 3739 761 ὑφεστηκὸς,
3775 680 3842 742 ἐν
3871 683 3950 765 τῷ
3981 679 4136 766 αὐτῷ
4167 681 4338 744 ἔσται
4365 681 4466 764 γέ-

999 783 1288 861 βούλεται
1316 780 1485 855 εἶναι,
1515 779 1817 860 ἐδήλωσεν
1839 783 1907 847 ἐν
1927 789 2048 849 τοῖς
2075 784 2210 865 περὶ
2236 787 2341 847 τοῦ
2368 788 2562 847 ποσοῦ
2588 782 2688 846 λέ·
2775 808 2881 856 νει,
2917 785 2983 846 ἐν
3009 781 3167 868 ᾧπερ
3198 783 3294 845 καὶ
3323 783 3356 845 6
3397 785 3497 860 τῆς
3523 785 3724 865 ψυχῆς
3759 779 3967 863 λόγος.
4009 783 4104 846 καὶ
4132 786 4248 865 γὰρ
4280 787 4333 847 εἰ
4356 787 4488 864 μὲν.

1002 909 1144 968 γων·
1193 889 1227 951 6
1257 889 1321 951 δὲ
1359 888 1592 970 χρόνος,
1626 889 1679 951 εἰ
1716 889 1828 967 μὲν
1865 890 2012 951 κατὰ
2052 886 2120 951 τὸ
2156 892 2409 968 μετροῦν
2446 886 2686 967 λαμβά-
2775 886 2883 966 τὴν
2927 888 3158 965 κίνησιν
3206 891 3323 949 τῶν
3365 883 3586 967 λόγων,
3619 887 3820 968 ὥσπερ
3863 887 4044 950 ἄλλοι
4087 888 4260 960 τινες,
4289 889 4473 956 οὕτως

1006 1014 1183 1062 νοιτο,
1218 991 1279 1053 τί
1301 1014 1445 1054 ποτε
1491 990 1558 1054 τὸ
1600 994 1852 1072 μετροῦν
1878 989 2176 1070 ληπτέον;
2219 987 2256 1070 ἦ
2288 994 2401 1073 γὰρ
2430 990 2538 1069 τὴν
2569 998 2686 1073 ψυ-

1003 1092 1137 1174 χὴν,
1168 1089 1204 1171 ἢ
1232 1092 1341 1156 τὸν
1371 1096 1511 1157 νοῦν
1543 1094 1770 1179 (marg.
1801 1093 1869 1156 τὸ
1903 1097 2062 1179 νῦν).
2096 1096 2148 1158 εἰ
2178 1096 2242 1157 δὲ
2281 1097 2426 1157 κατὰ
2453 1094 2522 1157 τὸ
2550 1119 2689 1174 μετ·

1001 1197 1308 1275 ρούμενον,
1345 1199 1398 1260 εἰ
1422 1198 1534 1276 μὲν
1564 1199 1789 1283 (marg.
1818 1198 1874 1260 εί
1901 1201 2030 1280 κεν)
2065 1199 2213 1260 κατὰ
2238 1196 2305 1259 τὸ
2335 1198 2586 1260 τοσόνδε
2617 1195 2695 1260 εῖ-

1006 1323 1121 1371 ναι,
1160 1299 1289 1363 οῖον
1330 1301 1644 1373 ἐνιαύσιος,
1685 1300 1840 1363 ἔστω
1883 1301 2097 1364 ποσόν·
2153 1302 2300 1363 κατὰ
2341 1299 2544 1379 μέντοι
2589 1297 2696 1364 τὸν

1004 1402 1226 1484 χρόνον
1256 1400 1425 1476 εἶναι,
1458 1404 1638 1484 φύσις
1664 1427 1751 1469 τις
1778 1402 1956 1481 άλλη·
1986 1400 2054 1465 τὸ
2091 1405 2205 1484 γὰρ
2234 1404 2502 1476 τοσόνδε,
2536 1404 2694 1466 ἄλλο

1006 1502 1078 1567 ὃν
1106 1506 1357 1568 τοσόνδε
1393 1506 1578 1578 ἐστὶν,
1609 1505 1678 1569 οὗ
1725 1504 1795 1583 δὴ
1840 1506 2100 1584 ποσότης
2144 1507 2177 1568 6
2224 1506 2457 1588 χρόνος.
2503 1506 2540 1584 ἡ
2580 1507 2696 1588 γὰρ

1005 1608 1264 1685 ποσότης
1309 1607 1415 1671 οὐκ
1462 1606 1842 1690 ἐφαπτομένη
1890 1610 2102 1683 ἄλλου,
2135 1607 2205 1672 δι’
2238 1606 2380 1672 αὐτὸ
2417 1615 2591 1672 τοῦτο
2623 1608 2697 1673 ἂν

1010 1713 1097 1789 εἵη
1143 1712 1345 1792 κυρίως
1387 1712 1598 1775 ποσόν.
1648 1712 1701 1775 εἰ
1746 1713 1811 1774 δὲ
1856 1715 1930 1775 τὰ
1973 1711 2305 1795 μετέχοντα
2351 1709 2547 1775 πάντα
2595 1716 2700 1774 τοῦ

1008 1817 1202 1877 ποσοῦ
1232 1814 1394 1878 ποσά
1423 1839 1509 1881 τις
1537 1818 1715 1888 θεῖτο,
1751 1814 1847 1878 καὶ
1875 1813 2052 1877 οὐσία
2090 1813 2260 1876 ἔσται
2303 1813 2370 1877 τὸ
2420 1814 2562 1878 αὐτὸ
2605 1815 2700 1878 καὶ

1009 1918 1222 1980 ποσόν.
1272 1918 1338 1980 ἐν
1381 1918 1445 1981 δὲ
1490 1921 1570 2003 τῷ
1618 1918 1789 2004 τρίτῳ
1820 1922 1938 1980 τῶν
1965 1906 2099 1998 περὶ
2136 1921 2240 1980 τοῦ
2284 1917 2456 1983 ὄντος
2482 1924 2695 1999 γενῶν,

1010 2021 1194 2082 τόπον
1223 2018 1289 2083 δέ
1316 2029 1467 2102 φησι
1497 2021 1593 2084 καὶ
1619 2021 1859 2104 χρόνον,
1891 2019 1970 2099 μὴ
2011 2021 2158 2082 κατὰ
2196 2018 2265 2082 τὸ
2305 2019 2501 2083 ποσὸν
2529 2023 2699 2084 ἐννο-

1014 2127 1228 2196 εῖσθαι,
1262 2125 1422 2187 ἀλλὰ
1468 2122 1573 2187 τὸν
1614 2126 1726 2204 μὲν
1768 2124 2009 2206 χρόνον,
2041 2126 2121 2208 τῷ
2164 2122 2381 2204 μέτρον
2422 2122 2704 2202 κινήσεως

1014 2224 1187 2303 εἶναι,
1220 2229 1299 2311 τῷ
1328 2228 1473 2307 πρός
1500 2251 1557 2290 τι
1586 2225 1810 2289 δοτέον.
1860 2224 1966 2288 τὸν
1998 2227 2063 2289 δὲ
2091 2225 2296 2301 τόπον,
2330 2226 2407 2293 ῶς
2437 2228 2706 2303 σώματος

1011 2327 1395 2410 περιεκτικὸν,
1436 2331 1531 2393 καὶ
1573 2333 1783 2393 τοῦτον
1828 2331 1894 2393 ἐν
1941 2328 2158 2411 σχέσει
2204 2329 2298 2392 καὶ
2342 2335 2421 2416 τῷ
2461 2332 2607 2410 πρός
2649 2356 2705 2394 τι

1015 2436 1265 2507 κεῖσθαι,
1291 2432 1420 2496 ἐπεὶ
1451 2432 1545 2495 καὶ
1572 2432 1610 2512 ἦ
1640 2433 1865 2512 κίνησις
1895 2432 2169 2514 συνεχὴς,
2193 2432 2287 2495 καὶ
2316 2432 2420 2495 οὐκ
2446 2435 2512 2496 ἐν
2532 2437 2703 2519 ποσῷ

1017 2532 1207 2613 ἐτέθη.
1255 2535 1408 2599 ἰδίαν
1436 2537 1552 2617 γὰρ
1582 2535 1777 2601 αὐτοῖς
1807 2536 1839 2596 6
1874 2539 2186 2600 Πλωτῖνος
2216 2536 2570 2617 κατηγορίαν
2598 2536 2705 2616 τὴν

1013 2640 1115 2716 τῆς
1158 2636 1438 2715 κινήσεως
1475 2637 1838 2718 ἆφωρίσατο.
1872 2637 1939 2699 ἐν
1958 2636 2163 2716 μέντοι
2190 2640 2270 2722 τῷ
2301 2638 2434 2719 περὶ
2461 2639 2701 2721 χρόνου,

1015 2739 1120 2802 οὐκ
1162 2738 1342 2802 αὐτὸν
1381 2738 1616 2821 μέτρον,
1650 2741 1812 2804 ἀλλὰ
1857 2744 2094 2818 μᾶλλον
2131 2742 2528 2822 μετρούμενον
2557 2742 2704 2804 ἀπο-

1017 2842 1312 2921 φαίνεται.
1362 2844 1481 2905 εἴτε
1511 2843 1575 2904 δὲ
1601 2841 1837 2924 μέτρον,
1872 2844 1991 2905 εἴτε
2018 2843 2415 2924 μετρούμενον
2445 2843 2704 2924 ἀποφαί-

1019 2968 1201 3016 νεται,
1228 2944 1382 3007 ἄλλο
1413 2941 1485 3007 ὃν
1509 2947 1614 3007 τοῦ
1638 2950 1875 3025 μετρεῖν
1898 2944 1992 3007 καὶ
2019 2948 2360 3025 μετρεῖσθαι
2390 2949 2536 3009 κατὰ
2565 2970 2710 3024 συμ-

1019 3044 1282 3124 βεβηκὸς
1312 3046 1387 3110 ἂν
1409 3046 1542 3129 ἔχοι
1569 3045 1637 3110 τὸ
1664 3053 1900 3128 μετρεῖν
1923 3044 1959 3126 ἢ
1979 3052 2339 3128 μετρεῖσθαι·
2373 3049 2575 3130 ὥσπερ
2605 3049 2711 3112 οῦν

1018 3147 1086 3210 τὸ
1115 3150 1514 3229 μετρούμενον
1540 3148 1654 3213 ὑπὸ
1683 3149 1918 3232 πήχεως
1945 3150 2015 3213 οὗ
2042 3149 2293 3232 λέγεταί
2323 3153 2387 3214 τί
2413 3153 2579 3215 ἐστιν
2607 3152 2708 3215 αὗ-

1021 3252 1108 3324 τό,
1143 3251 1238 3315 καὶ
1285 3253 1339 3315 εἰ
1378 3251 1486 3331 τὴν
1528 3253 1761 3333 κίνησίν
1791 3278 1875 3320 τις
1913 3253 2180 3333 ἀποδοίη,
2212 3253 2279 3317 τὸ
2315 3254 2713 3336 μετρούμενον

1020 3353 1122 3436 ὑφ’
1154 3355 1311 3427 ὅτου,
1351 3355 1420 3419 οὗ
1461 3354 1651 3438 λέγει,
1682 3358 1769 3423 τίς
1813 3358 1979 3419 ἐστιν
2018 3359 2162 3435 αὕτη
2207 3358 2244 3437 ἡ
2288 3359 2531 3437 κίνησις,
2564 3360 2713 3422 οὕτω

1023 3457 1116 3521 καὶ
1147 3459 1180 3520 6
1209 3456 1477 3540 μέτρονῆ
1505 3460 1904 3540 μετρούμενον
1931 3459 2151 3542 λέγων,
2176 3462 2399 3543 χρόνον
2422 3461 2491 3525 οὗ
2518 3461 2708 3544 λέγει,

1022 3560 1404 3641 συμβεβηκὸς
1431 3563 1495 3625 δὲ
1527 3564 1580 3625 εἰ
1608 3563 1724 3642 ἄρα
1751 3588 1808 3626 τι
1834 3566 1915 3648 τῷ
1945 3564 2163 3647 χρόνῳ·
2212 3566 2265 3626 εἰ
2295 3565 2360 3626 δὲ
2388 3566 2589 3629 εἰκόνα
2624 3591 2710 3628 κι-

1022 3663 1201 3744 νητὴν
1232 3668 1440 3731 αἰῶνος
1483 3664 1681 3739 αὐτὸν,
1715 3666 1917 3747 ὥσπερ
1948 3667 1981 3728 6
2012 3665 2275 3730 Πλάτων
2305 3668 2512 3748 φησὶν,
2545 3669 2710 3731 ἀναι-

1019 3772 1117 3847 ρεῖ
1140 3766 1207 3830 τὸ
1239 3767 1389 3831 εἶναι
1417 3769 1564 3849 πρός
1590 3793 1666 3832 τι.
1716 3768 1825 3832 κᾶν
1851 3772 1966 3851 γὰρ
1994 3767 2228 3852 ὑπάρχῃ
2273 3770 2427 3857 αὐτῷ
2466 3770 2533 3834 τὸ
2572 3796 2708 3850 μετ-

1020 3874 1148 3950 ρεῖν
1180 3870 1277 3933 καὶ
1306 3874 1666 3952 μετρεῖσθαι,
1700 3874 1847 3935 κατὰ
1890 3871 2131 3954 σχέσιν,
2163 3873 2266 3937 οὐκ
2309 3874 2437 3936 ὄντι
2481 3872 2714 3956 σχέσει·

1026 3969 1165 4036 ἀλλ’
1195 3973 1364 4057 ἄλλῳ
1393 3973 1507 4036 τινὶ
1535 3971 1648 4053 πρὸ
1678 3977 1778 4052 τῆς
1821 3973 2092 4055 σχέσεως
2133 3977 2491 4057 ὑφεστηκότι
2531 3976 2714 4059 ὑπάρ-

1031 4099 1147 4156 χει.
1198 4075 1333 4137 οὔτε
1361 4075 1468 4138 οῦν
1502 4073 1626 4138 καθ’
1661 4074 1891 4149 ἑαυτὸν,
1923 4077 2059 4140 οὕτε
2100 4080 2246 4159 πρός
2286 4105 2342 4142 τι
2387 4078 2481 4142 καὶ
2524 4080 2716 4147 οὗτος.

1026 4180 1267 4240 τοιαῦτα
1308 4179 1421 4256 μὲν
1448 4175 1593 4259 πρὸς
1619 4176 1727 4240 τὸν
1756 4177 2057 4242 Πλάτωνα
2087 4181 2311 4267 (marg.
2343 4185 2714 4267 Πλωτῖνον).

1028 4279 1303 4344 Δυνατὸν
1332 4282 1396 4344 δὲ
1423 4282 1570 4361 ὑπὲρ
1597 4280 1776 4343 αὐτοῦ
1794 4280 2021 4362 λέγειν,
2055 4282 2133 4349 ὣς
2162 4284 2229 4346 ἐν
2256 4283 2485 4351 οὐσίαις
2517 4287 2551 4348 6
2573 4287 2714 4368 χρό-

1032 4408 1133 4448 νος
1161 4385 1481 4463 θεωρεῖται,
1512 4382 1660 4462 μήτε
1687 4382 1882 4447 ποσὸν
1910 4382 2001 4457 ὂν,
2031 4383 2179 4465 μήτε
2209 4387 2355 4467 πρός
2381 4412 2456 4461 τι,
2491 4388 2587 4452 καὶ
2618 4390 2715 4451 οὕ-

1029 4510 1140 4551 τως
1167 4483 1280 4548 ὖπὸ
1309 4486 1452 4564 μίαν
1479 4491 1598 4550 τῶν
1624 4484 1719 4549 ὑπ’
1745 4486 1924 4550 αὐτοῦ
1950 4492 2235 4553 τεθεισῶν
2262 4488 2442 4554 πέντε
2472 4516 2718 4574 κατηγο-

1027 4594 1168 4669 ριῶν
1195 4587 1621 4670 ὑπαχθήσεται.
1671 4591 1725 4652 εἰ
1753 4592 1867 4671 γὰρ
1900 4591 2070 4654 εἰκών
2100 4592 2230 4655 ἐστι
2263 4592 2462 4674 κινητὴ
2490 4598 2595 4658 τοῦ
2626 4597 2715 4660 αἰ-

1030 4696 1196 4763 ῶνος,
1229 4688 1533 4772 ἀνάλογον
1563 4691 1658 4754 καὶ
1693 4691 1868 4758 αὐτὸς
1908 4692 2173 4777 περιέχει
2214 4698 2288 4759 τὰ
2330 4701 2485 4777 τῇδε,
2516 4698 2719 4780 ὥσπερ

1030 4797 1062 4856 6
1093 4794 1237 4857 αἰὼν
1268 4794 1343 4856 τὰ
1372 4793 1535 4857 ὄντα·
1572 4794 1669 4856 καὶ
1698 4795 1752 4857 εἰ
1780 4798 1913 4861 νοῦς
1944 4796 2110 4859 ἐστιν
2139 4798 2361 4865 ἐκεῖνος
2384 4808 2596 4865 πασῶν
2626 4827 2722 4865 νο-

1028 4897 1226 4977 ήσεων
1255 4897 1351 4960 καὶ
1378 4894 1617 4960 πάντων
1652 4899 1822 4960 εἰδῶν
1850 4898 2226 4978 περιεκτικὸς,
2262 4902 2355 4963 καὶ
2377 4902 2548 4970 οὗτος
2576 4902 2723 4968 πάν-

1030 5027 1134 5066 τας
1162 4999 1295 5066 τοὺς
1321 4998 1540 5081 λόγους
1564 5004 1682 5061 τῶν
1703 4998 2032 5080 γινομένων
2056 5002 2124 5065 ἐν
2148 5003 2331 5089 ἑαυτῷ
2350 5004 2716 5089 περιείληφε.

1033 5105 1126 5169 καὶ
1166 5106 1218 5168 εἰ
1257 5105 1324 5166 ἐν
1353 5101 1565 5166 στάσει
1609 5102 1704 5166 καὶ
1748 5105 1829 5187 τῷ
1873 5102 2079 5182 μένειν
2108 5104 2332 5172 ἐκεῖνος
2362 5107 2428 5169 ἐν
2459 5108 2548 5170 ἑνὶ
2583 5109 2714 5189 ὥρι-

1033 5234 1188 5282 σται,
1223 5208 1318 5272 καὶ
1356 5206 1525 5273 οὗτος
1571 5207 1639 5269 ἐν
1676 5208 1756 5292 τῷ
1806 5210 2095 5269 κινεῖσθαι
2141 5203 2262 5270 κατ’
2294 5207 2545 5288 οὐσιῶδη
2586 5212 2720 5274 τινὰ

1030 5311 1180 5390 ζωὴν
1208 5310 1303 5374 καὶ
1333 5310 1582 5389 κίνησιν,
1615 5306 1711 5372 καὶ
1741 5309 1808 5372 ἐν
1836 5311 1916 5394 τῷ
1960 5310 2348 5389 μεταβαίνειν
2379 5309 2482 5393 ἀφ’
2518 5311 2720 5394 ἑτέρου

1031 5414 1219 5493 λόγου
1267 5415 1349 5479 εἰς
1398 5411 1600 5493 ἕτερον
1638 5412 1829 5493 λόγον
1867 5409 1934 5474 τὸ
1985 5411 2137 5476 εἶναι
2184 5413 2330 5496 ἔχει,
2361 5415 2437 5478 ἄν
2466 5439 2531 5479 τε
2567 5411 2606 5495 ᾖ
2653 5416 2721 5480 ἐν

1033 5521 1154 5581 τοῖς
1200 5519 1298 5593 τῆς
1340 5518 1540 5598 ψυχῆς
1579 5515 1785 5596 λόγοις
1836 5514 1931 5578 καὶ
1975 5518 2045 5595 τῇ
2087 5516 2312 5580 τούτων
2355 5522 2719 5598 μεταβατικῇ

2779 989 2873 1054 καὶ
2916 993 2948 1053 6
2994 996 3305 1056 Πλωτῖνος
3348 989 3758 1071 ἀπεγίνωσκεν
3805 989 3957 1053 εἶναι
4002 989 4275 1069 οὐσιώδη,
4307 989 4473 1073 εἶχεν

2779 1092 2854 1156 ἂν
2880 1092 3106 1174 λέγειν,
3142 1094 3218 1160 ὣς
3247 1092 3360 1174 οὐχ
3386 1089 3499 1155 ὑπὸ
3533 1090 3641 1169 τὴν
3671 1091 3903 1167 οὐσίαν,
3936 1090 4073 1155 ἀλλ’
4103 1089 4218 1155 ὑπὸ
4247 1091 4355 1172 τὴν
4384 1093 4469 1156 κί-

2782 1221 2955 1276 νησιν
2984 1200 3077 1260 δεῖ
3101 1195 3326 1260 τιθέναι
3353 1192 3460 1258 τὸν
3488 1191 3711 1277 χρόνον
3742 1197 3889 1257 κατὰ
3928 1194 4036 1272 τὴν
4072 1196 4473 1275 μεταβατικῇν

2783 1301 3013 1379 κίνησιν
3042 1303 3142 1378 τῆς
3169 1301 3389 1381 ψυχῆς.
3437 1300 3490 1361 εἰ
3527 1299 3592 1361 δὲ
3630 1297 3933 1363 οὐσιῶδεις
3972 1298 4088 1361 εἰσὶ
4127 1302 4247 1362 τῶν
4272 1296 4476 1382 λόγων

2783 1402 3092 1485 ἐνέργειαι,
3128 1399 3247 1465 κατ’
3281 1401 3488 1466 αὐτοὺς
3531 1400 3701 1463 ἔσται
3744 1400 3838 1464 καὶ
3878 1402 3912 1463 ὁ
3954 1403 4170 1483 χρόνος
4210 1398 4325 1466 ὑπὸ
4366 1402 4477 1480 τὴν

2782 1506 3014 1579 οὐσίαν,
3040 1506 3252 1569 οὐσίαν
3282 1506 3365 1577 δὲ,
3397 1503 3505 1583 τὴν
3532 1502 3725 1583 μέσην
3746 1507 3864 1565 τῶν
3891 1527 3956 1565 τε
3987 1509 4212 1583 νοητῶν
4235 1503 4331 1567 καὶ
4357 1510 4475 1568 τῶν

2784 1610 3099 1688 αἰσθητῶν·
3151 1606 3245 1672 καὶ
3290 1607 3460 1673 οὗτος
3506 1605 3581 1669 ἂν
3625 1604 3799 1687 λέγοι
3840 1602 3907 1668 τὸ
3952 1609 4171 1692 (marg.
4202 1605 4473 1690 λέγοιτο)

2782 1714 2928 1775 ποτὲ
2954 1711 3034 1791 μὴ
3064 1709 3315 1776 δεόντως
3343 1709 3770 1792 προστίθεσθαι
3797 1713 3923 1776 ταῖς
3955 1710 4337 1791 κατηγορίαις.
4384 1709 4476 1774 εἶ-

2786 1840 2883 1878 ναι
2912 1818 3026 1896 γὰρ
3058 1812 3199 1878 αὐτὸ
3228 1817 3333 1876 τοῦ
3359 1809 3599 1895 χρόνου,
3624 1808 3730 1874 τὸν
3760 1812 3824 1874 δὲ
3852 1808 4076 1895 χρόνον
4103 1809 4218 1875 ὑπὸ
4246 1811 4353 1891 τὴν
4380 1813 4476 1877 οὗ·

2786 1918 2926 1981 σίαν
2954 1917 3255 2000 τετάχθαι.
3299 1920 3483 1979 ταῦτα
3525 1915 3590 1976 δὲ
3634 1910 3909 1993 δηλονότι
3949 1913 4138 1995 λέγει,
4186 1914 4263 1981 ὥς
4305 1917 4359 1979 εἰ
4397 1915 4479 1996 μὴ

2787 2025 3097 2087 διεστῶτος
3124 2024 3230 2083 τοῦ
3255 2020 3401 2083 ποτὲ
3432 2018 3528 2081 καὶ
3553 2020 3659 2079 τοῦ
3701 2013 3941 2099 χρόνου,
3972 2013 4010 2095 ἢ
4040 2019 4093 2081 εἰ
4123 2017 4219 2081 καὶ
4246 2018 4475 2097 διεστή-

2790 2148 2945 2196 κασι,
2977 2123 3056 2202 μὴ
3085 2125 3257 2188 ὄντος
3300 2122 3465 2200 ἀξίου
3493 2122 3598 2183 τοῦ
3625 2121 3771 2183 ποτὲ
3801 2122 3883 2185 εἰς
3914 2119 4082 2183 θέσιν
4113 2122 4260 2187 ἰδίας
4304 2146 4476 2200 κατη-

2787 2227 2991 2306 γορίας
3034 2226 3196 2288 ἀλλὰ
3238 2229 3420 2288 ταῦτα
3461 2227 3573 2304 μὲν
3600 2221 3724 2303 μετ’
3757 2225 3967 2305 ὀλίγον
3998 2225 4480 2305 ἐξετασθήσεται.

2793 2326 2973 2390 Idem
3007 2350 3070 2413 p.
3108 2327 3212 2391 88.
3241 2350 3313 2392 a:
3352 2325 3551 2392 Ὅταν
3592 2328 3699 2391 οὖν
3746 2329 3804 2391 οἱ
3847 2329 3982 2408 περὶ
4027 2333 4344 2392 Πλωτῖνον
4390 2330 4485 2392 καὶ

2788 2429 3171 2513 Ἀνδρόνικον
3219 2429 3287 2495 τὸ
3338 2436 3481 2514 χθὲς
3531 2433 3626 2495 καὶ
3676 2432 3883 2512 αὔριον
3936 2431 4030 2496 καὶ
4076 2431 4290 2513 πέρυσι
4335 2431 4483 2515 μέρη

2787 2531 3008 2618 χρόνου
3035 2533 3281 2617 λέγωσι,
3310 2534 3405 2598 καὶ
3430 2537 3526 2598 διὰ
3547 2538 3719 2597 τοῦτο
3750 2536 3956 2613 ἀξιῶσι
3984 2538 4063 2620 τῷ
4105 2533 4303 2621 χρόνῳ
4345 2561 4486 2599 συν-

2790 2637 3091 2721 τετάχθαι,
3115 2639 3389 2720 φήσομεν
3410 2638 3516 2702 οὐκ
3539 2636 3689 2701 εἶναι
3712 2638 3859 2702 αὐτὰ
3886 2637 4032 2718 μέρη
4059 2635 4299 2721 χρόνον,
4326 2639 4488 2702 ἀλλὰ

2794 2738 3012 2823 σχέσιν
3041 2739 3341 2823 περιέχειν
3369 2746 3486 2804 τῶν
3528 2742 3596 2804 ἐν
3632 2744 3712 2827 τῷ
3751 2738 3948 2826 χρόνῳ
3991 2742 4181 2805 ὄντων
4213 2740 4483 2823 πραγμά-

2793 2869 2930 2918 των,
2962 2845 3118 2907 ἄλλο
3148 2843 3216 2908 δέ
3244 2845 3373 2908 ἐστι
3411 2845 3633 2907 τούτων
3669 2843 3966 2926 ἑκάτερον.
4015 2842 4151 2907 ἀλλ’
4185 2846 4241 2908 εἰ
4272 2841 4490 2928 χρόνος

2796 2947 2950 3028 φασὶ
2993 2948 3417 3029 παρεληλυθὸς
3458 2946 3526 3009 τὸ
3569 2948 3730 3030 χθὲς,
3761 2944 3797 3026 ἢ
3825 2945 4043 3029 μέτρον
4069 2943 4311 3030 χρόνου,
4344 2948 4486 3012 σύν-

2798 3047 2973 3114 θετόν
3001 3076 3057 3114 τι
3097 3048 3330 3129 ἔσταιῆ
3363 3052 3591 3136 (marg.
3628 3052 3708 3134 εἰ)
3742 3050 3945 3133 ἕτερον
3974 3049 4041 3113 τὸ
4078 3050 4491 3131 παρεληλυθὸς

2799 3153 2893 3217 καὶ
2925 3154 3129 3236 ἕτερον
3156 3157 3188 3216 6
3216 3151 3450 3237 χρόνος,
3479 3154 3573 3217 καὶ
3603 3155 3704 3217 δύο
3738 3154 4076 3235 κατηγορίαι
4108 3153 4370 3228 ἔσονται,
4396 3153 4489 3218 καὶ

2798 3257 2911 3340 οὐχ
2941 3255 3007 3320 ἓν
3036 3259 3267 3321 ἁπλοῦν
3295 3256 3364 3320 τὸ
3394 3255 3560 3321 ποτέ.
3604 3254 3641 3337 ἢ
3685 3259 3764 3343 τῷ
3811 3256 3965 3343 αὐτῷ
4008 3254 4174 3344 λόγῳ
4218 3258 4492 3342 φήσομεν

2800 3362 2855 3424 εἰ
2885 3360 3088 3442 ἕτερον
3114 3360 3182 3423 τὸ
3212 3366 3377 3435 ζῶον,
3413 3359 3507 3423 καὶ
3538 3360 3742 3442 ἕτερον
3770 3358 3838 3423 τὸ
3869 3360 4137 3443 λογικὸν,
4163 3362 4258 3425 καὶ
4288 3363 4491 3444 ἕτερον

2800 3462 2866 3526 τὸ
2912 3462 3150 3543 θνητὸν,
3181 3464 3294 3547 οὐχ
3336 3466 3569 3527 ἁπλοῦν
3613 3463 3800 3537 ἔσται,
3834 3463 3999 3527 ἆλλᾶ
4040 3469 4195 3546 τρεῖς
4239 3489 4491 3548 κατηγο-

2797 3566 2937 3648 ρίαι.
2989 3568 3042 3629 εἰ
3070 3567 3134 3630 δὲ
3166 3566 3261 3629 ἐπὶ
3290 3568 3499 3630 τούτου
3530 3566 3618 3629 ἑνὶ
3645 3569 3725 3651 τῷ
3757 3568 3899 3630 εἴδει
3934 3569 4009 3631 τᾶ
4037 3567 4172 3648 τρία
4211 3575 4489 3648 συλλαμ-

2798 3669 3087 3749 βάνομεν,
3123 3670 3217 3733 καὶ
3251 3672 3284 3733 6
3327 3666 3543 3753 χρόνος
3588 3669 3681 3732 καὶ
3724 3668 3793 3732 τὸ
3839 3669 4250 3751 παρεληλυθὸς
4299 3672 4381 3737 εἰς
4426 3669 4493 3733 ἓν

2798 3777 3040 3854 πρᾶγμα
3067 3778 3362 3847 συντελεῖ,
3398 3773 3493 3836 καὶ
3522 3773 3591 3836 οὗ
3617 3777 3781 3836 ποιεῖ
3819 3775 3921 3837 δύο
3968 3774 4331 3855 κατηγορίας.
4378 3772 4492 3852 μή·

2802 3901 2948 3939 ποτε
2977 3878 3041 3939 δὲ
3071 3877 3207 3940 οὐδὲ
3237 3878 3269 3939 6
3298 3873 3514 3959 χρόνος
3549 3879 3751 3941 ἅπλῶς
3788 3876 4213 3957 παρεληλυθώς
4255 3877 4384 3938 ἐστι
4426 3874 4496 3938 τὸ

2804 3981 2963 4063 χθὲς,
2998 3981 3132 4043 οὐδὲ
3164 3981 3386 4044 ἔννοιαι
3418 3980 3695 4045 πλείονες
3739 3980 3800 4045 ἐς
3842 3979 4018 4042 ταύτὸ
4065 3977 4496 4061 συντρέχουσιν

2807 4084 2903 4147 ἐπὶ
2938 4085 3165 4148 τούτου.
3217 4082 3337 4147 κατ’
3370 4082 3551 4161 αὐτὴν
3594 4085 3708 4164 γᾶρ
3750 4079 3939 4162 μόνην
3981 4081 4089 4161 τὴν
4132 4079 4351 4164 σχέσιν
4392 4083 4500 4144 τοῦ

2804 4185 3146 4267 πράγματος
3186 4185 3332 4267 πρὸς
3373 4185 3480 4249 τὸν
3522 4183 3766 4269 χρόνον,
3797 4185 3865 4248 τὸ
3907 4186 4052 4268 χθὲς
4096 4186 4494 4248 εἰδοποιεῖται.

2806 4287 2944 4354 ἀλλ’
2979 4292 3032 4352 εἰ
3059 4288 3127 4352 τὸ
3158 4288 3304 4353 ποτέ
3331 4297 3487 4371 φασι
3514 4288 3582 4352 τὸ
3607 4291 3673 4353 ἐν
3698 4286 3896 4375 χρόνῳ
3927 4287 4191 4370 λέγεται,
4223 4291 4395 4351 τοῦτο
4427 4286 4496 4350 τὸ

2807 4392 2873 4454 ἐν
2900 4385 3116 4476 χρόνῳ,
3150 4391 3205 4453 εἰ
3234 4390 3348 4469 μὲν
3373 4387 3615 4471 πρᾶγμά
3657 4390 3720 4452 τί
3757 4398 3933 4470 φατε,
3966 4389 4094 4452 οἷον
4121 4388 4227 4453 τὸν
4255 4387 4496 4469 Σωκρά-

2803 4517 2929 4571 την,
2961 4493 3052 4556 ὅτι
3092 4491 3343 4573 πέρυσιν
3372 4491 3448 4572 ἦν
3476 4494 3508 4554 6
3540 4490 3868 4573 Σωκράτης,
3909 4492 4101 4571 ἄλλης
4144 4491 4274 4554 ἐστὶ
4320 4515 4497 4570 κατη·

2803 4597 3024 4678 γορίας·
3074 4598 3127 4660 εἰ
3155 4597 3221 4659 δὲ
3251 4594 3357 4658 τὸν
3379 4591 3622 4677 χρόνον,
3655 4594 3749 4657 καὶ
3779 4594 3947 4660 οὗτος
3977 4594 4186 4674 ἄλλης·
4233 4596 4286 4658 εἰ
4324 4594 4390 4657 δὲ
4428 4593 4497 4657 τὸ

2806 4700 3114 4771 σύνθετον,
3147 4697 3252 4760 οὐκ
3282 4696 3451 4760 ἔσται
3478 4697 3584 4775 μία
3615 4698 3948 4777 κατηγορία·
3983 4691 4022 4774 ἢ
4049 4696 4185 4759 οὔτε
4211 4697 4286 4759 τὰ
4312 4695 4502 4778 πράγ-

2806 4825 2964 4880 ματα
3008 4802 3082 4864 τᾶ
3129 4800 3197 4862 ἐν
3242 4795 3459 4883 χρόνῳ,
3493 4799 3628 4862 οὔτε
3676 4796 3848 4864 αὐτὸς
3892 4799 3925 4860 6
3973 4795 4208 4880 χρόνος,
4256 4798 4389 4860 οὔτε
4427 4797 4498 4861 τὸ

2808 4903 3098 4966 σύνθετον
3127 4903 3190 4981 ἐξ
3221 4903 3446 4983 ἀμφοῖν
3478 4904 3762 4966 εἰδοποιεῖ
3784 4900 3892 4981 τὴν
3919 4906 4024 4964 τοῦ
4058 4903 4205 4964 ποτὲ
4247 4926 4496 4984 κατηγο-

2802 5006 2958 5087 ρίαν·
3002 5004 3159 5087 ψιλὴ
3210 5004 3275 5067 δὲ
3324 5003 3361 5083 ἡ
3409 5003 3621 5087 σχέσις
3663 5008 3769 5067 τοῦ
3813 5002 4155 5086 πράγματος
4198 5002 4345 5085 πρὸς
4391 5004 4499 5069 τὸν

2803 5104 3045 5192 χρόνον.
3094 5105 3184 5170 διὸ
3213 5108 3350 5170 οὔτε
3376 5105 3524 5189 μέρη
3552 5104 3773 5189 χρόνου
3800 5103 4281 5188 παραληψόμεθα
4322 5109 4388 5170 ἐν
4417 5110 4499 5194 τῷ

2803 5211 2969 5282 ποτὲ,
3001 5209 3135 5274 οὔτε
3171 5212 3245 5274 τὰ
3281 5209 3613 5292 πράγματα·
3663 5206 3802 5273 ἀλλ’
3836 5208 4004 5273 ἔσται
4045 5211 4140 5274 καὶ
4173 5214 4344 5275 τοῦτο
4388 5214 4501 5276 άπ-

2804 5315 2953 5376 λοῦν
2983 5311 3185 5394 ὥσπερ
3229 5313 3324 5376 καὶ
3365 5314 3440 5376 τὰ
3485 5313 3649 5377 ἄλλα
3692 5310 4236 5396 γένη.-δέδεικται
4281 5314 4387 5378 οὖν
4434 5315 4502 5377 ἐκ

2804 5420 2924 5479 τῶν
2953 5414 3290 5496 εἰρημένων,
3324 5416 3480 5482 ὅπως
3505 5417 3617 5493 μὲν
3644 5414 4066 5496 Ἀριστοτέλης
4104 5418 4171 5481 ἐν
4200 5417 4361 5497 ἄλλῃ
4402 5442 4504 5482 κα-

2803 5517 3049 5603 τηγορία
3076 5516 3143 5581 τὸ
3173 5522 3318 5583 ποτε
3355 5519 3598 5590 τίθεται,
3630 5523 3757 5583 ταῖς
3802 5521 4111 5600 διαφοραῖς
4152 5524 4271 5583 τῶν
4305 5546 4498 5603 σημα-
