5118 6613
1125 555 1246 604 110

1120 710 1530 800 praecedentia
1556 714 1629 775 τᾶ
1655 717 1773 788 ζῶα
1803 710 1898 774 καὶ
1925 711 2000 772 τὰ
2027 713 2185 792 φυτὰ
2224 708 2451 774 adhibe
2481 710 2649 773 Eun.
2683 708 2801 773 VI.

1117 835 1180 901 3.
1217 815 1277 882 8.
1309 838 1371 902 p.
1405 818 1550 900 623.
1579 814 1654 876 A.

1204 941 1269 1006 p.
1307 920 1452 1001 296,
1485 936 1582 981 10.
1632 917 1749 980 Καὶ
1790 916 1905 997 γὰρ
1947 919 2064 978 τῶν
2104 916 2217 994 μὲν
2252 916 2456 979 ἄλλων
2499 913 2805 997 ἀμεγέθων

1122 1048 1174 1085 κ.
1201 1046 1254 1085 τ.
1279 1022 1370 1106 λ.]
1409 1018 1636 1107 Attigit
1664 1019 1796 1082 haec
1826 1015 2130 1081 Brucker.
2158 1016 2220 1080 in
2254 1016 2427 1081 Hist.
2461 1017 2617 1081 Crit.
2651 1016 2801 1080 Phi-

1119 1122 1228 1186 los.
1265 1123 1361 1187 11.
1402 1146 1469 1210 p.
1499 1140 1646 1203 420.
1694 1120 1781 1185 ita
1828 1142 2115 1185 monens:
2178 1127 2221 1159 “
2245 1121 2414 1184 Cave
2459 1142 2609 1182 vero
2661 1142 2804 1183 con-

1118 1225 1348 1290 fundas
1390 1224 1708 1289 materiam
1750 1245 1892 1287 cum
1931 1245 2203 1309 corpore.
2295 1221 2800 1310 Metaphysicum

1120 1327 1280 1392 enim
1312 1350 1437 1392 non
1468 1326 1795 1415 physicum
1825 1325 1926 1389 hic
1953 1325 2082 1412 agit
2114 1325 2399 1389 Plotinus
2429 1340 2490 1389 et
2519 1325 2628 1412 qui
2659 1348 2800 1389 eum

1121 1430 1403 1517 sequitur
1432 1429 1823 1517 Porphyrius
1849 1428 1929 1493 de
1966 1441 2147 1493 antro
2173 1428 2591 1515 nympharum
2624 1451 2685 1516 p.
2717 1450 2802 1492 m.

1127 1554 1269 1598 110.
1298 1532 1448 1598 edit.
1474 1532 1786 1596 Roman.”
1847 1532 1955 1595 Tu
1980 1530 2108 1594 vid.
2134 1529 2443 1617 Porphyr.
2462 1529 2606 1594 libr.
2631 1529 2799 1594 laud.

1118 1660 1172 1700 c.
1206 1637 1283 1702 V.
1312 1659 1376 1724 p.
1409 1638 1472 1701 6.
1505 1651 1568 1700 et
1596 1658 1753 1722 quos
1790 1632 1872 1697 ad
1900 1632 2075 1697 illum
2114 1633 2318 1698 locum
2352 1631 2567 1698 laudat
2598 1635 2805 1698 Goen-

1119 1738 1247 1803 sius
1275 1762 1340 1826 p.
1373 1738 1476 1823 89.

1203 1865 1270 1928 p.
1302 1860 1447 1925 297,
1469 1857 1564 1922 17.
1600 1840 1694 1904 καὶ
1722 1840 1792 1904 οὐ
1819 1839 1994 1904 κενὸν
2022 1842 2228 1918 ὄνομα,
2262 1839 2398 1904 ἀλλ’
2429 1841 2556 1904 ἔστι
2584 1865 2640 1903 τι
2666 1841 2806 1903 ὕπο-

1123 1945 1421 2032 κείμενον]
1457 1941 1772 2007 Tholuck.
1803 1942 1866 2005 in
1896 1940 2078 2018 libre,
2110 1942 2219 2029 qui
2257 1941 2614 2007 inscribitur
2643 1943 2802 2007 Ssu-

1095 2050 1337 2135 fismus
1365 2070 1425 2135 p.
1463 2048 1599 2126 184.
1641 2069 1777 2133 sqq.
1824 2044 1958 2109 haec
2004 2044 2236 2109 Plotini
2282 2044 2507 2132 placita
2551 2044 2633 2108 de
2678 2066 2804 2108 ma-

1121 2150 1273 2215 teria
1300 2150 1493 2237 probe
1523 2173 1561 2213 a
1583 2151 1911 2212 Persarum
1945 2148 2259 2212 sententiis
2289 2147 2564 2235 mysticis
2592 2147 2807 2212 distin-

1116 2252 1369 2341 guenda
1417 2252 1644 2316 docens
1690 2251 1779 2316 ita
1824 2250 2069 2315 scribit:
2121 2258 2163 2289 “
2192 2251 2354 2313 Nam
2403 2250 2694 2314 Fluddus
2743 2265 2806 2314 et

1119 2354 1423 2420 Platonici
1452 2379 1527 2420 eo
1556 2370 1798 2419 tantum
1830 2369 2134 2441 respectu,
2165 2353 2268 2417 ille
2290 2353 2502 2432 Nihil,
2533 2352 2596 2416 hi
2627 2354 2706 2434 μὴ
2733 2352 2805 2417 ὃν

1117 2458 1434 2523 materiem
1499 2459 1822 2536 vocabant,
1881 2456 2051 2544 quod
2110 2471 2344 2520 careret
2402 2456 2806 2543 qualitatibus

1117 2561 1406 2625 omnibus
1444 2561 1675 2648 quibus
1707 2559 1880 2638 libet,
1909 2573 2124 2624 contra
2163 2558 2324 2623 Ssufi
2368 2559 2495 2622 sine
2528 2557 2804 2645 ambagi-

1118 2665 1238 2729 bus
1265 2663 1579 2730 declarant
1606 2665 1967 2740 Privatum,
1997 2661 2167 2749 quod
2196 2677 2441 2737 vocant,
2474 2684 2587 2725 nec
2615 2677 2805 2725 mate-

1116 2766 1267 2831 riem
1300 2790 1429 2830 esse
1457 2790 1570 2830 nec
1598 2764 1801 2829 locum
1832 2763 2169 2828 materiei.''
2259 2763 2439 2828 Idem
2481 2763 2707 2827 ibidem
2739 2763 2803 2826 in

1117 2868 1512 2933 annotatione
1541 2867 1851 2954 subjecta:
1903 2876 1945 2906 “
1973 2866 2232 2932 Cunctis
2259 2866 2511 2955 quidem
2541 2864 2805 2953 qualita-

1119 2971 1288 3036 tibus
1328 2970 1614 3034 Plotinus
1655 2970 1970 3034 materiem
2015 2968 2241 3057 privat,
2278 2969 2430 3055 quin
2471 2968 2653 3033 etiam
2701 2993 2806 3033 ex-

1117 3072 1524 3161 porrectione,
1582 3071 1896 3159 solamque
1955 3086 2167 3137 tuetur
2227 3072 2445 3135 mundi
2518 3096 2800 3137 causam:

1117 3174 1509 3267 praesentiam
1548 3175 1862 3256 δυναμικὴν
1890 3197 2098 3239 rerum
2141 3175 2565 3239 universarum
2609 3175 2674 3239 in
2717 3176 2808 3240 in-

1119 3278 1370 3345 tellectu
1399 3277 1648 3353 divino:
1697 3277 1890 3343 nihilo
1919 3292 2123 3343 tamen
2164 3277 2370 3343 minus
2397 3277 2803 3343 diffidendum

1119 3398 1213 3448 est
1244 3382 1575 3447 Idealismo
1603 3382 1759 3469 ejus.
1827 3380 2082 3447 Etenim
2112 3404 2494 3469 quamquam
2523 3381 2684 3446 inter
2711 3406 2807 3446 ar-

1117 3485 1613 3574 gumentandum
1642 3485 1741 3549 vel
1782 3485 2082 3572 originem
2120 3484 2392 3549 materiei
2433 3484 2497 3548 in
2529 3485 2806 3550 Numine

1120 3587 1400 3668 collocat,
1461 3590 1657 3676 magis
1724 3588 2086 3654 constantia:
2142 3602 2578 3652 consentaneae'
2622 3612 2808 3653 causa

1118 3692 1235 3758 hoc
1264 3692 1500 3758 factum
1529 3692 1799 3771 videtur,
1829 3713 2020 3780 quam
2053 3690 2466 3779 persuasione.
2517 3692 2807 3778 Namque

1118 3819 1242 3860 non
1272 3796 1484 3874 Nihil,
1515 3795 1624 3859 sed
1652 3799 2038 3875 ὑποκείμενον
2069 3793 2383 3859 materiem
2412 3794 2806 3881 pronunciat,

1119 3920 1262 3963 cum
1307 3897 1441 3962 aliis
1479 3898 1628 3963 locis
1657 3911 1790 3962 tum
1833 3900 2009 3963 Enn.
2046 3898 2144 3961 II.
2176 3918 2238 3977 4.
2272 3917 2367 3962 12.
2404 3897 2574 3961 ἔσται
2606 3899 2806 3962 τοίνυν

1120 4002 1157 4081 ἡ
1213 3999 2220 4082 ὕλη-ὑποκείμενον-ἀμέγεθες,
2313 4001 2514 4078 Quam
2575 4022 2807 4086 paucos

1119 4101 1383 4189 proinde
1424 4102 1727 4167 habemus
1767 4116 1997 4189 praeter
2035 4101 2372 4166 Eleaticam
2419 4101 2806 4190 disciplinam

1120 4227 1446 4293 germanos
1470 4204 1535 4268 iu
1564 4205 1932 4291 antiquitate
1965 4203 2287 4268 Idealistas
2309 4206 2364 4267 !”
2731 4191 2734 4194 .

1208 4331 1272 4396 p.
1311 4327 1456 4393 299,
1487 4328 1586 4371 11.
1619 4307 2057 4394 αὗτοετερότης]
2106 4308 2293 4372 Hanc
2336 4330 2549 4372 vocem
2595 4321 2809 4372 tuetur

1124 4409 1457 4497 Analogia.
1546 4409 1667 4485 Sic,
1702 4426 1772 4475 ut
1800 4409 1916 4473 hoc
1949 4425 2107 4487 utar,
2139 4409 2199 4473 in
2233 4408 2537 4498 Dionysio
2564 4414 2801 4498 Areop.

1123 4511 1204 4577 de
1250 4511 1509 4577 Divinn.
1546 4513 1799 4577 Nomm.
1848 4513 2022 4577 XII.
2058 4533 2110 4577 1.
2156 4511 2386 4599 legitur
2430 4515 2809 4595 αὖτοαγιότης

1124 4629 1187 4680 et
1218 4617 1317 4679 II.
1346 4636 1399 4680 1.
1435 4616 1890 4697 αὖτοαγαθότης,
1924 4630 1994 4679 ut
2022 4614 2142 4680 alia
2180 4629 2561 4703 praeteream.
2655 4617 2808 4679 Pro-

1124 4717 1269 4782 inde
1298 4718 1549 4783 accedat
1577 4717 1846 4782 Lexicis.

1210 4858 1299 4869 —
1319 4836 1416 4908 15.
1438 4819 1650 4903 Ἀρσις
1677 4825 1791 4903 γὰρ
1820 4822 1856 4900 ἡ
1887 4820 2188 4910 στέρησις]
2214 4823 2292 4885 In
2324 4820 2674 4909 parenthesi
2702 4821 2810 4885 ad-

1115 4923 1568 5013 jeci-sublatio,
1606 4946 1735 5010 quo
1763 4923 2024 4988 verbum
2060 4924 2251 4987 verbo
2294 4922 2652 4996 redderem:
2701 4922 2810 4986 sed

1125 5049 1387 5115 sequens
1417 5026 1745 5109 κατάφασις
1771 5026 1979 5113 arguit
2010 5024 2325 5090 Plotinum
2367 5024 2676 5113 scripsisse
2705 5027 2806 5108 ἄρ-

1127 5157 1312 5213 νησις.
1341 5128 1514 5217 quod
1551 5128 1805 5195 Ficinus
1830 5128 2028 5193 etiam
2075 5127 2372 5213 expressit
2407 5150 2678 5214 eumque
2721 5152 2812 5192 se-

1125 5249 1309 5300 cutus
1340 5231 1612 5321 Taylor:
1650 5235 1940 5319 privatio
1969 5232 2380 5318 (privation).

1208 5374 1297 5386 —
1329 5339 1427 5401 16.
1459 5334 1528 5400 τὸ
1566 5337 1681 5418 γὰρ
1722 5333 1802 5413 μὴ
1840 5337 1983 5398 ποιὰ
2021 5332 2198 5415 εἶναι]
2245 5331 2460 5396 Placet
2501 5329 2804 5394 bonorum

1123 5439 1361 5527 aliquot
1381 5438 1678 5503 librorum
1703 5436 1881 5501 lectio
1902 5439 1981 5522 τῷ
1999 5439 2114 5518 γὰρ
2140 5462 2190 5500 κ.
2213 5461 2266 5501 τ.
2287 5441 2350 5499 λ.
2384 5432 2802 5520 Cogitandum

1124 5541 1287 5606 euim
1316 5556 1410 5606 est
1435 5544 1548 5623 ὕλη
1571 5543 1754 5606 ἐστίν.
1827 5546 1871 5578 “
1898 5537 2166 5603 Materia
2192 5539 2302 5604 Ιιοε
2326 5539 2465 5625 ipso
2490 5546 2604 5616 est,
2635 5537 2807 5625 quod

2083 535 2902 602 ANNOTATIONES
2972 537 3080 602 IN
3146 535 3595 602 PLOTINI

2889 731 3013 773 non
3041 707 3242 795 qualis
3269 724 3361 773 est
3387 731 3590 795 neque
3617 707 3879 772 formam
3908 708 4156 773 habet.”

2977 835 3037 898 p.
3071 832 3220 898 300,
3245 832 3340 874 11.
3371 816 3471 891 τῆς
3510 813 3623 892 μὲν
3648 813 3974 890 ὕλης-τῆς
4016 836 4081 874 τε
4131 813 4205 876 αὖ
4243 811 4577 895 στερήσεως

2891 914 3191 997 ὡσαύτως]
3237 915 3409 978 Bene
3442 912 3717 1001 Taylor:
3769 914 3966 976 “and
4007 923 4067 977 to
4111 914 4210 979 the
4251 915 4575 1001 dffinition

2887 1020 2976 1103 of
2996 1027 3245 1096 matter,
3290 1016 3532 1094 indeed,
3574 1017 3650 1080 Ιιε
3696 1017 3919 1081 should
3960 1017 4156 1104 adafflt
4196 1018 4471 1107 nothing
4506 1019 4593 1105 of

2875 1122 3234 1207 privation,
3264 1121 3396 1182 and
3424 1129 3484 1184 to
3513 1120 3612 1183 the
3640 1120 3963 1204 definition
3991 1121 4079 1205 of
4074 1121 4432 1207 privatim,
4461 1142 4574 1185 πο-

2888 1223 3078 1310 thing
3121 1224 3209 1308 ‘ff
3231 1223 3516 1287 matter.”
3603 1220 3890 1286 Ficinum
3939 1221 4125 1286 miror
4163 1223 4226 1287 h.
4258 1221 4300 1287 l.
4334 1246 4374 1287 a
4404 1246 4575 1288 more

2890 1348 3025 1404 suo,
3055 1348 3183 1411 quo
3211 1324 3632 1412 perspicuitati
3660 1323 3952 1388 inservire
3981 1324 4211 1403 studet,
4239 1326 4572 1391 recessisse.

2893 1426 3130 1515 Supple
3159 1427 3350 1514 igitur
3378 1427 3741 1514 cogitando:
3794 1426 4163 1493 Privationis
4197 1451 4434 1516 quoque
4462 1452 4571 1494 ra-

2890 1535 3137 1607 tionem,
3181 1554 3319 1619 quae
3361 1533 3566 1618 ipsam
3608 1531 3888 1615 definiat,
3932 1531 4097 1593 nihil
4131 1533 4438 1597 Mateaeioe
4481 1531 4572 1614 (in

2889 1634 3273 1720 definitione)
3304 1637 3650 1722 attingens.

2974 1761 3035 1825 p.
3068 1757 3219 1822 301,
3247 1758 3300 1800 1.
3330 1739 3418 1819 ῥὶς
3454 1738 3491 1817 ἡ
3535 1737 3676 1817 σιμὴ
3718 1738 3815 1800 καὶ
3847 1737 3914 1800 τὸ
3946 1738 4146 1822 σψόν]
4183 1737 4429 1801 Eodem
4471 1761 4577 1802 ex-

2889 1839 3095 1927 emplo
3139 1839 3337 1905 utitur
3373 1839 3742 1905 Aristoteles
3780 1839 4142 1927 Metaphys.
4178 1841 4256 1905 V.
4287 1861 4340 1904 1.
4371 1864 4436 1927 p.
4470 1859 4573 1926 99.

2892 1942 3066 2029 Sylb.
3107 1944 3341 2007 Noster
3384 1957 3593 2007 autem
3638 1941 3769 2029 ipse
3813 1941 4268 2007 substantivum
4316 1957 4575 2031 usurpat

2888 2046 3052 2110 infra
3080 2048 3157 2111 V.
3192 2067 3252 2132 9.
3288 2066 3312 2108 1
3328 2064 3386 2109 2.

2974 2187 3060 2198 —
3094 2168 3190 2235 15.
3222 2151 3297 2213 Εἰ
3323 2149 3524 2229 μέντοι
3553 2152 3630 2234 τῷ
3662 2149 3917 2234 ἀορίστῳ
3948 2148 4336 2214 εἷναι-εἴναι
4364 2154 4436 2229 τῇ
4462 2152 4572 2229 ὕλῃ

2890 2252 3125 2338 ταύτόν]
3164 2254 3263 2316 Ne
3291 2251 3451 2315 forte
3481 2251 3768 2338 conjicias
3806 2251 3874 2315 τὸ
3915 2254 4169 2338 ἀορίστῳ
4201 2251 4569 2316 εἴναι-ταῦ-

2889 2357 3017 2432 τόν,
3042 2354 3262 2443 supple
3287 2353 3365 2418 ad
3401 2354 3516 2418 hoc
3545 2355 3581 2433 ἡ
3610 2354 3904 2436 στέρησις,
3930 2369 3999 2418 ut
4021 2353 4256 2442 Taylor
4273 2352 4443 2433 fecit,
4465 2354 4573 2441 qui

2891 2458 3110 2522 vertit:
3168 2459 3374 2522 “But
3428 2459 3506 2542 is
3529 2458 3886 2543 privativa,
3935 2459 4005 2521 in
4062 2478 4466 2545 consequence
4507 2457 4593 2543 ‘ff

2891 2561 3083 2648 being
3120 2561 3462 2646 indefinite,
3488 2561 3735 2645 infinite
3777 2561 3908 2623 and
3937 2560 4192 2625 without
4221 2561 4490 2648 quality,
4517 2562 4574 2624 is

2891 2664 2989 2727 the
3008 2686 3178 2728 same
3195 2664 3341 2726 with
3366 2673 3612 2740 matter,
3630 2663 3761 2726 how
3785 2663 4097 2727 winthere
4120 2663 4189 2726 be
4208 2685 4339 2750 any
4354 2664 4575 2751 longer

2890 2776 3006 2831 two
3027 2767 3382 2851 definitiom
3402 2767 3469 2828 ?''

2975 2892 3037 2956 p.
3069 2887 3220 2953 302,
3252 2888 3346 2949 14.
3403 2869 3624 2932 ἀπολεῖ
3677 2868 3856 2932 αὐτοῦ
3912 2867 4020 2947 τὴν
4070 2869 4285 2957 φύσιν]
4335 2868 4575 2956 Taylor

2888 2971 3154 3036 voluisse
3199 2970 3446 3034 videtur
3498 2974 3693 3034 αὑτοῦ.
3785 2969 3962 3035 Idem
4008 2970 4089 3035 ad
4139 2971 4426 3059 proxima
4469 2970 4573 3036 ad-

2891 3087 3100 3138 monet
3142 3072 3257 3137 loci
3301 3072 3506 3137 Procli
3549 3073 3609 3136 in
3644 3071 3872 3137 Theol.
3904 3072 4181 3138 Platonis
4212 3075 4349 3138 III.
4377 3095 4473 3160 19.
4504 3098 4569 3162 p.

2901 3192 3036 3263 137.
3083 3177 3293 3240 Locus
3322 3199 3469 3240 vero
3507 3175 3748 3263 longior
3779 3191 3893 3254 est,
3931 3199 4123 3264 quam
4164 3176 4276 3264 qui
4324 3176 4427 3241 hic
4467 3200 4574 3265 ap-

2892 3279 3036 3367 poni
3067 3279 3387 3343 commode
3416 3280 3640 3367 possit:
3682 3271 4022 3367 insigniora
4053 3294 4117 3345 et
4143 3279 4223 3345 ad
4257 3278 4575 3346 Plotinum

2890 3382 3263 3470 pertinentia
3292 3383 3668 3447 adscribam:
3717 3385 3840 3469 ὅσῳ
3873 3383 3985 3465 γάρ
4016 3386 4145 3447 ἐστι
4180 3386 4262 3471 τῷ·
4293 3385 4382 3448 ἑνὶ
4408 3384 4477 3448 τὸ
4504 3382 4576 3448 ὃν

2892 3484 3384 3567 συγγενέστερον,
3447 3490 3733 3549 τοσοῦτον
3789 3491 4026 3565 μᾶλλον
4083 3487 4439 3568 ἀποκρύπτει
4507 3486 4575 3549 τὸ

2890 3592 3133 3667 πλῆθος,
3166 3588 3261 3652 καὶ
3289 3587 3409 3652 κατ’
3433 3588 3613 3667 αὐτὴν
3633 3590 3820 3668 μόνον
3842 3589 4179 3670 ἀφορίζεται
4206 3588 4313 3667 τὴν
4336 3590 4571 3657 ἕνωσιν.

2891 3690 3074 3755 ταῦτά
3117 3717 3218 3770 μοι
3261 3695 3498 3755 δοκοῦσι
3542 3691 3636 3754 καὶ
3676 3693 3735 3754 ot
3774 3691 3909 3771 περὶ
3938 3696 4254 3755 Πλωτῖνον
4288 3691 4576 3759 πολλάκις

2894 3795 3341 3872 ἐνδεικνύμενοι,
3373 3792 3440 3857 τὸ
3479 3790 3550 3857 ὃν
3586 3793 3675 3857 ἔνι
3712 3818 3779 3858 τε
3824 3796 4009 3860 εἴδους
4048 3794 4144 3857 καὶ
4185 3796 4328 3874 ὕλης
4370 3799 4577 3874 νοητῆς

2891 3901 3083 3960 ποιεῖν
3124 3894 3192 3958 τὸ
3241 3899 3468 3975 πλῆθος
3512 3899 3590 3981 τῷ
3640 3896 3728 3959 ἑνὶ
3783 3897 3878 3960 καὶ
3932 3899 4002 3976 τῇ
4050 3895 4310 3978 ὑπάρξει,
4358 3898 4465 3977 τὴν
4510 3898 4574 3963 δὲ

2893 4000 3137 4078 δύναμιν
3166 3998 3470 4080 ἀνάλογον
3494 3997 3918 4065 ὑποτάττοντες
3944 4002 4015 4078 τῇ
4045 4001 4177 4078 ὕλῃ.
4241 4000 4385 4077 Quo
4410 3999 4573 4064 enim

2891 4100 3094 4188 ipsum
3138 4102 3275 4165 Ens
3320 4100 3442 4164 Uni
3486 4100 3848 4188 cognatione
3897 4101 4310 4188 propinquius
4351 4116 4466 4181 est,
4499 4125 4576 4167 eo

2892 4203 3089 4289 magis
3116 4203 3311 4290 ipsam
3342 4202 3806 4268 multitudinem
3835 4203 4124 4281 occultat,
4149 4218 4211 4269 et
4234 4204 4574 4269 secundum

2892 4304 3087 4392 ipsam
3141 4305 3463 4369 Unitatem
3522 4307 3955 4372 tantummodo
4009 4305 4322 4371 definitur.
4413 4309 4575 4373 Hiec

2891 4406 3044 4471 mihi
3071 4406 3322 4470 videtur
3362 4407 3546 4472 etiam
3579 4407 3866 4473 Plotinus
3909 4409 4272 4497 saepiuscule
4313 4409 4569 4476 demon·

2893 4525 3092 4574 strans
3132 4511 3268 4573 Ens
3318 4533 3395 4574 ex
3439 4509 3641 4575 forma
3674 4527 3738 4576 et
3781 4535 3866 4576 -ex
3911 4512 4165 4578 materia
4205 4511 4574 4600 intelligibili

2892 4613 3113 4690 facere,
3161 4611 3622 4677 multitudinem
3668 4614 3801 4678 Uni
3843 4627 3905 4679 et
3939 4615 4320 4694 substantiae,
4359 4630 4573 4703 poten-

2894 4714 3041 4779 tiam
3096 4737 3245 4779 vero
3300 4715 3698 4803 proportione
3767 4718 4238 4805 respondentem
4302 4718 4573 4784 materiae

2893 4817 3250 4906 subjiciens.

2978 4945 3042 5009 p.
3072 4942 3223 5006 303,
3250 4942 3349 4986 11.
3391 4922 3496 4986 οὗκ
3539 4921 3690 4987 εἶναι
3742 4922 3952 4989 ἐνθάδε
4001 4923 4069 4987 τὸ
4122 4924 4341 5010 ἀπείρῳ
4379 4923 4567 5012 εἶναι]

2896 5024 3226 5103 Quomodo
3257 5024 3511 5089 Ficinus
3535 5025 3669 5090 haec
3700 5026 3761 5090 h.
3792 5026 3833 5090 l.
3875 5027 4197 5114 acceperit,
4226 5027 4408 5093 docet
4434 5049 4572 5091 ver-

2894 5126 3006 5190 sio.
3097 5126 3369 5215 Taylor:
3416 5134 3459 5167 “
3483 5138 3543 5193 to
3569 5129 3638 5192 be
3663 5131 3910 5216 infinite
3937 5131 3995 5193 is
4024 5138 4133 5194 not
4157 5130 4358 5194 ltere?⁹
4426 5130 4575 5194 Ver-

2892 5228 3157 5294 botenus
3183 5229 3269 5295 ita
3299 5230 3684 5296 reddendum
3717 5246 3843 5295 est:
3889 5254 4015 5297 non
4043 5253 4172 5297 esse
4199 5233 4300 5296 hic
4324 5233 4574 5321 infinito

2891 5353 3038 5395 esse.
3114 5332 3293 5397 Idem
3326 5333 3609 5421 proxima
3638 5334 3724 5399 ita
3753 5333 3936 5399 vertit
3963 5350 4026 5399 et
4052 5334 4356 5421 explicat:
4393 5336 4575 5400 “For

2891 5436 2944 5499 it
2974 5437 3175 5500 would
3200 5438 3270 5501 be
3300 5460 3522 5503 reason
3551 5440 3618 5501 in
3648 5438 3835 5501 order
3857 5437 3990 5501 that
4015 5440 4070 5502 it
4095 5438 4301 5526 might
4327 5438 4398 5502 be
4423 5440 4572 5525 irfi-

2892 5540 3045 5618 nite,
3084 5538 3146 5622 [i.
3178 5562 3231 5603 e.
3265 5541 3466 5604 would
3489 5541 3648 5604 have
3675 5562 3717 5603 a
3740 5540 4106 5626 produc-eive
4131 5541 4580 5630 andfimning
