5118 6613
1345 511 1546 580 LIB.
1593 514 1649 579 I.
1693 513 2158 584 ENNEAD.
2205 517 2739 584 SECUNDAE.
2781 541 2851 608 p.
2886 520 3241 606 178—181.

553 705 722 764 nem,
751 706 899 771 quse
923 681 1085 749 inest
1119 682 1188 748 in
1221 684 1523 750 sententia
1556 684 1782 767 μήποτε
1818 688 2245 769 τοῦτο-ἀξιώ-

555 813 656 853 σοι
683 787 1001 870 γίγνεσθαι
1031 785 1213 869 (nihil
1241 785 1405 852 enim
1432 791 1640 873 muto)
1665 787 1891 854 diserte
1918 790 2239 878 expressit.

553 889 661 956 De
678 911 810 977 qua
828 888 891 953 vi
916 887 1241 977 particuloe
1267 888 1520 956 consule
1539 892 1944 980 Hoogeveen.
1968 891 2051 959 de
2083 895 2239 958 Par-

556 989 756 1058 ticull.
785 1013 854 1079 p.
875 1010 1025 1077 391.
1054 990 1152 1058 ed.
1188 991 1441 1057 Schutz.
1469 992 1577 1060 alt.
1611 993 1954 1081 praesertim
1995 1017 2062 1083 p.
2086 1015 2237 1082 394.

558 1116 651 1182 sq.
730 1092 1024 1159 Proxime
1053 1115 1180 1160 non
1218 1107 1334 1174 est,
1361 1095 1536 1183 quod
1571 1118 1829 1184 operose
1863 1111 2243 1164 monstretur

555 1195 719 1262 inter
746 1218 810 1261 se
835 1195 1069 1284 opponi
1097 1199 1246 1262 κατὰ
1273 1197 1340 1262 τὸ
1377 1198 1547 1274 εἶδος,
1579 1199 1921 1264 secundum
1955 1203 2239 1287 speciem,

558 1313 626 1366 et
653 1301 800 1365 κατὰ
824 1300 959 1364 τόδε
987 1298 1328 1366 secundum
1355 1301 1641 1392 singula,
1672 1301 1820 1381 sive,
1849 1301 2021 1390 quod
2049 1301 2244 1392 vulgo

558 1400 808 1481 dicitur,
838 1401 1180 1468 secundum
1209 1403 1566 1472 individua.

643 1527 709 1593 p.
732 1520 877 1591 179,
892 1524 957 1587 4.
1004 1506 1082 1570 Εὶ
1138 1506 1205 1571 δὲ
1261 1509 1341 1593 τῷ
1395 1505 1591 1571 πάντα
1636 1506 2062 1590 συνειληφέναι
2108 1507 2245 1593 (τὸν

563 1606 1240 1694 κόσμον)-ποιήσεται]
1295 1609 1459 1673 Haec
1510 1599 1843 1695 conjuncta
1896 1623 2045 1675 sunt
2096 1633 2241 1675 cum

559 1709 808 1776 decreto
848 1710 1153 1775 mundum
1194 1731 1324 1776 esse
1367 1712 1658 1784 uniam,-
1705 1710 1880 1797 quod
1920 1711 2244 1778 Heraclito

561 1811 849 1880 tribuunt
905 1811 1209 1892 nonnulli,
1256 1825 1332 1878 ut
1387 1812 1659 1900 Diogen.
1718 1813 1936 1879 Laert.
1991 1814 2125 1880 IX.
2178 1816 2238 1881 8.

559 1914 930 1998 πεπεράσθαι
957 1940 1025 1980 τε
1051 1914 1118 1980 τὸ
1147 1919 1268 1980 πᾶν
1298 1915 1394 1980 καὶ
1422 1915 1530 1980 ἕνα
1559 1914 1713 1980 εἶναι
1740 1917 1982 1996 κόσμον.
2060 1916 2245 1982 Plato

560 2015 814 2105 quidem
840 2016 908 2081 in
940 2016 1187 2083 Timaeo
1212 2038 1276 2105 p.
1299 2036 1406 2103 31.
1438 2030 1502 2083 et
1528 2015 1816 2105 pluribus
1843 2016 1991 2083 locis
2016 2017 2245 2086 diserte

561 2118 945 2208 pronuntiat.
1037 2121 1174 2186 Nec
1214 2119 1423 2185 minus
1451 2118 1810 2186 Aristoteles
1853 2119 1934 2185 de
1974 2121 2149 2189 Coelo
2180 2124 2239 2189 I.

565 2222 626 2287 8.
645 2242 708 2310 9.
771 2223 876 2287 De
896 2221 1127 2309 quibus
1146 2221 1410 2289 decretis
1434 2222 1678 2310 copiose
1695 2222 2053 2311 disputatur
2071 2224 2244 2313 apud

563 2324 889 2391 Philonem
920 2323 1001 2389 de
1029 2324 1265 2390 Mundi
1296 2324 1893 2413 Incorruptibilitate
1923 2327 2009 2391 T.
2041 2328 2142 2392 II.
2175 2350 2240 2415 p.

561 2427 711 2511 488.
745 2450 839 2516 sq.
878 2426 979 2494 ed.
1027 2429 1329 2516 Mangey.
1379 2427 1699 2493 Plutarch.
1742 2427 1823 2492 de
1866 2429 2084 2494 Oracc.
2132 2429 2244 2495 de-

562 2529 735 2596 fectu
760 2551 826 2618 p.
850 2547 1000 2612 422.
1022 2553 1115 2617 sq.
1144 2553 1210 2617 p.
1234 2547 1316 2615 72
1315 2547 1378 2617 5.
1417 2529 1746 2617 Wyttenb.
1779 2525 1859 2595 cf.
1880 2530 2064 2595 etiam
2088 2530 2241 2597 Plu-

566 2632 759 2699 tarch.
804 2631 888 2698 de
944 2635 999 2698 εἰ
1053 2631 1365 2720 Delphico
1415 2655 1481 2720 p.
1512 2633 1661 2719 389.
1715 2634 1794 2698 F.
1846 2647 1910 2697 et
1963 2632 2045 2697 ad
2099 2656 2242 2698 eum

566 2734 902 2826 Wyttenb.
948 2757 1014 2822 p.
1042 2736 1186 2822 285.
1246 2735 1310 2799 in
1363 2735 1734 2801 Animadvv.
1785 2733 1924 2801 Vol.
1980 2737 2121 2801 III.
2182 2752 2245 2803 et

566 2861 711 2926 quae
737 2837 925 2926 plura
951 2838 1111 2904 hanc
1138 2838 1201 2903 in
1229 2860 1360 2904 rem
1389 2838 1625 2905 contuli
1650 2838 1731 2903 ad
1772 2838 2131 2905 Ciceronem
2166 2838 2247 2905 de

567 2941 653 3009 N.
677 2942 764 3007 D.
798 2942 899 3007 ΙΙ.
922 2942 1030 3023 46.
1061 2964 1125 3030 p.
1148 2960 1297 3025 401.

651 3066 717 3134 p.
756 3045 900 3120 180,
938 3063 1036 3125 14.
1095 3043 1204 3109 τὸν
1255 3045 1368 3124 μὲν
1426 3043 1932 3129 οὐρανὸν-ἔχειν
1988 3043 2058 3108 τὸ
2116 3045 2242 3133 ἀεί]

570 3145 832 3213 Procius
871 3147 938 3212 in
983 3147 1299 3212 Timaeum
1350 3146 1630 3212 Platonis
1659 3169 1724 3234 p.
1752 3148 1908 3212 166:
1946 3145 2248 3229 Ἀτρεπτα

569 3250 684 3335 ἄρα
708 3250 879 3332 μένει
902 3252 978 3316 τὰ
1004 3249 1266 3333 οὐράνια,
1299 3250 1499 3332 ὥσπερ
1537 3249 1608 3331 δὴ
1645 3255 1763 3315 τῶν
1790 3249 2053 3333 ἀρχαίων
2082 3255 2244 3333 Προ-

573 3352 712 3421 :Aac
748 3378 816 3418 τε
854 3356 888 3417 ὁ
919 3352 1258 3433 Μαλλώτης
1296 3351 1392 3416 καὶ
1431 3353 1780 3432 Φιλονείδης
1817 3350 2100 3433 εἰρήκασι,
2130 3357 2248 3416 τῶν

571 3459 637 3520 δὲ
664 3454 965 3538 νεωτέρων
992 3456 1051 3520 οἱ
1090 3453 1209 3519 ἀπὸ
1248 3454 1563 3519 Πλωτίνου
1606 3453 1822 3521 πάντες
1849 3454 2242 3520 Πλατωνικοί.

568 3555 832 3623 Ptoclus
856 3555 962 3620 ille
987 3555 1283 3643 antiquus
1309 3570 1402 3620 est
1442 3554 1610 3621 Cilix
1646 3554 2053 3644 philosophus
2084 3554 2246 3621 Stoi-

571 3682 698 3725 cus.
755 3658 899 3724 vid.
945 3657 1192 3723 Fabric.
1241 3658 1320 3722 Β.
1366 3658 1481 3723 Gr.
1529 3656 1669 3723 Vol.
1704 3659 1844 3724 III.
1883 3681 1947 3746 p.
1970 3673 2119 3744 574.
2152 3681 2246 3747 sq.

570 3761 669 3826 ed.
702 3760 955 3827 Harles.
985 3775 1050 3825 et
1089 3758 1223 3827 Vol.
1257 3760 1391 3825 IX.
1420 3783 1485 3848 p.
1510 3762 1659 3847 365.
1693 3782 1786 3848 sq.
1836 3761 1939 3828 cf.
1972 3759 2248 3848 ejusdem

572 3862 778 3930 Procli
806 3862 991 3952 Lycii
1016 3861 1281 3928 alterum
1309 3861 1513 3927 locum
1542 3862 1609 3927 in
1638 3861 1803 3929 Plat.
1837 3862 2151 3928 Timaeum
2179 3885 2245 3950 p.

574 3982 675 4055 73.
706 3966 814 4032 ubi
843 3966 981 4032 haec
1010 3964 1362 4031 Plotiniana
1386 3987 1604 4030 rursus
1639 3964 2252 4053 attigit—Proxima

568 4068 787 4135 laudat
814 4069 1082 4134 Ioannes
1108 4066 1495 4155 Philoponus
1521 4066 1819 4133 adversus
1847 4065 2138 4132 Proclum
2170 4066 2251 4132 de

573 4172 915 4240 aeternitate
954 4169 1175 4235 mundi
1207 4170 1425 4234 XIII.
1455 4187 1596 4254 15.;
1642 4191 1831 4257 quem
1872 4167 2079 4234 locum
2122 4168 2251 4234 sine

571 4274 839 4341 auctoris
866 4273 1113 4339 nomine
1140 4295 1177 4337 e
1209 4270 1440 4337 Codice
1470 4271 1747 4336 Platonis
1776 4270 2057 4337 Parisino
2078 4273 2250 4360 Reg.

578 4379 764 4464 1832.
790 4376 975 4442 etiam
1008 4376 1196 4440 Imm.
1229 4373 1555 4440 Bekkerus
1594 4373 1964 4463 interposuit
1994 4374 2250 4441 Scholiis

571 4480 637 4545 in
668 4478 987 4544 Timaeum
1015 4501 1080 4566 p.
1111 4497 1263 4563 439.
1295 4501 1387 4566 sq.
1464 4477 1681 4541 Habet
1716 4491 1924 4543 autem
1966 4475 2093 4542 ita:
2138 4480 2255 4543 ποῦ

573 4584 640 4649 δέ
683 4581 779 4646 καὶ
818 4580 926 4647 τὸν
965 4580 1157 4645 πολὺν
1186 4585 1502 4645 Πλωτῖνον
1540 4579 1822 4660 θήσομεν,
1862 4579 1927 4647 ὃς
1966 4581 2130 4662 εἴπερ
2167 4605 2254 4648 τις

575 4685 763 4753 ἄλλος
790 4683 943 4749 εἶναι
970 4687 1072 4763 τῆς
1098 4682 1379 4766 αἱρέσεως
1406 4681 1734 4751 Πλάτωνος
1761 4685 1937 4762 ἀξιῶν
1964 4683 2035 4747 οὗ
2061 4707 2249 4764 προσ-

573 4787 753 4868 ήκατο
779 4788 893 4867 μὲν
920 4784 1039 4850 οὔδ’
1063 4783 1235 4853 αὐτὸς
1261 4785 1328 4850 τὸ
1355 4783 1450 4850 ὑπ’
1480 4783 1931 4867 Ἀριστοτέλους
1959 4786 2252 4867 ἐπεισκρι-

574 4891 681 4954 osv
706 4891 787 4974 τῷ
812 4887 991 4953 παντὶ
1020 4891 1191 4967 σῶμα
1215 4886 1508 4967 πέμπτον,
1538 4888 1601 4966 ἐξ
1630 4887 1699 4953 οὗ
1727 4889 1802 4952 τὸ
1838 4885 2081 4969 οὐράνια
2108 4912 2249 4951 συν-

574 4993 822 5072 ίστησεν
877 4992 1117 5065 ἐκεῖνος,
1168 4993 1238 5070 τῇ
1285 4988 1611 5057 Πλάτωνος
1658 4991 1724 5054 δέ
1769 4990 2060 5071 σύμφωνα
2115 4989 2253 5070 δόξῃ

574 5093 985 5177 φθεγγόμενος
1012 5093 1079 5156 ἐκ
1115 5098 1232 5157 τῶν
1258 5091 1570 5175 τεσσάρων
1597 5092 1693 5157 καὶ
1733 5090 1907 5158 αὐτὸς
1941 5092 2255 5176 στοιχείων

573 5196 642 5261 τὸ
688 5193 968 5277 οὐράνιον
1008 5199 1180 5274 σῶμα
1222 5195 1557 5274 συνίστησι,
1596 5195 1691 5259 καὶ
1729 5192 2056 5261 Πλάτωνος
2103 5192 2255 5259 εἶναι

572 5297 682 5379 τὴν
705 5298 886 5378 δόξαν
910 5297 1324 5380 ἀποφαίνεται.
1371 5295 1556 5379 Λέγει
1591 5299 1738 5380 γοῦν
1767 5297 1834 5360 ἐν
1867 5299 1947 5383 τῷ
1989 5296 2123 5378 περὶ
2150 5300 2255 5360 τοῦ

576 5401 799 5481 κόσμου
825 5399 1011 5487 λόγῳ·
1060 5399 1266 5464 καίτοι·
1313 5400 1589 5467 ὡσαύτως
1615 5402 1717 5479 τῆς
1744 5398 1981 5481 φύσεως
2006 5401 2112 5462 τοῦ
2139 5399 2254 5463 σό-

572 5528 755 5583 ματος
780 5503 1031 5585 ῥεούσης
1055 5503 1170 5567 aet.
1258 5500 1555 5589 Sequitur
1592 5499 1765 5566 locus
1794 5499 2026 5565 Plotini
2054 5522 2254 5588 usque

573 5603 654 5670 ad
682 5603 877 5670 verba
916 5603 1004 5671 ἔτι
1047 5605 1112 5670 δέ
1149 5607 1388 5686 μᾶλλον
1414 5609 1538 5673 πῦς
1569 5604 1754 5685 ἥλιος.
1844 5603 2141 5670 Proxima
2178 5606 2255 5671 de

3940 529 4020 616 85

2327 690 2668 757 Aristotele
2694 690 2911 758 laudat
2938 691 3124 758 etiam
3153 692 3504 782 Simplicius
3528 694 3593 760 in
3621 696 4017 766 Aristotelem

2325 792 2407 860 de
2438 793 2633 869 caelo,
2662 806 2723 860 et
2752 793 3009 882 quidem
3037 794 3240 862 tribus
3264 795 3434 875 locis,
3464 819 3530 886 p.
3564 817 3627 884 3.
3657 798 3722 865 b.
3753 823 3819 888 p.
3852 819 3916 887 5.
3949 802 4013 868 h.

2324 909 2390 962 et
2413 918 2482 985 p.
2519 897 2620 964 26.
2651 896 2751 964 ed.
2778 898 2997 963 Venet.
3031 897 3293 964 Aldina.
3379 901 3601 987 Atque
3639 900 3845 989 primo
3880 902 4018 970 loco

2325 998 2450 1068 ita:
2496 1000 2741 1066 Τούτων
2768 1001 2835 1065 δέ
2862 1005 2982 1065 τῶν
3005 1000 3352 1067 ὑποθέσεων
3380 1003 3477 1068 καὶ
3498 1009 3810 1073 Πλωτῖνος
3838 1008 3906 1070 ἐν
3933 1011 4015 1094 τῷ

2324 1102 2461 1185 περὶ
2504 1104 2727 1184 κόσμου
2767 1101 3076 1183 μέμνηται.
3119 1105 3488 1186 βουλόμενος
3514 1109 3631 1190 γὰρ
3664 1110 3811 1172 κατὰ
3838 1108 4012 1173 Πλά-

2326 1230 2485 1270 τωνα
2513 1210 2697 1285 δεῖξαι
2723 1205 2832 1286 τὴν
2862 1207 3160 1287 ἆῖδιότητα
3186 1211 3291 1272 τοῦ
3317 1208 3588 1290 οὐρανοῦ,
3620 1210 3828 1292 φησίν·
3858 1208 4018 1293 Ἀρι-

2327 1306 2602 1373 στοτέλει
2628 1309 2740 1388 μὲν
2766 1311 2884 1391 γὰρ
2912 1308 3102 1378 οὐδεὶς
3128 1308 3204 1375 ἂν
3225 1313 3314 1391 εἴη
3340 1312 3524 1379 πόνος
3552 1338 3607 1377 κ.
3625 1336 3680 1380 τ.
3704 1318 3766 1377 λ.
3799 1310 4016 1379 Altero

2326 1423 2536 1475 autem
2564 1409 2654 1474 ita
2680 1409 2930 1498 incipit:
2980 1413 3076 1477 καὶ
3109 1415 3143 1476 ὁ
3179 1412 3366 1497 μέγας
3393 1419 3703 1482 Πλωτῖνος
3731 1414 3828 1479 καὶ
3857 1414 4010 1483 Ξέν-

2328 1537 2512 1596 αρχος
2558 1514 2626 1577 ἐν
2674 1518 2802 1580 ταῖς
2848 1513 2994 1596 πρὸς
3036 1513 3143 1593 τὴν
3184 1513 3453 1596 πέμπτην
3491 1516 3704 1581 οὐσίαν
3746 1518 4015 1599 ἀπορίαις

2330 1640 2382 1676 κ.
2406 1637 2460 1677 τ.
2484 1619 2547 1678 λ.
2594 1611 2955 1700 Appuleius
2984 1612 3066 1679 de
3096 1614 3350 1680 Mundo
3377 1639 3438 1704 p.
3473 1617 3618 1699 708.
3650 1640 3717 1705 p.
3742 1635 3889 1703 291.
3912 1619 4010 1684 ed.

2327 1714 2621 1780 Bosschae
2649 1714 2729 1780 de
2759 1714 2933 1782 caelo
2960 1714 3082 1781 ita:
3131 1723 3175 1757 “
3200 1718 3625 1798 Elementum‚
3656 1742 3781 1784 non
3810 1742 4010 1786 unum

2326 1840 2405 1882 ex
2447 1831 2742 1905 quatuor,
2788 1841 2934 1906 quoe
2982 1833 3131 1883 nota
3180 1836 3328 1885 sunt
3370 1821 3631 1901 cunctis,
3676 1821 3786 1887 sed
3827 1821 4014 1911 longe

2325 1919 2520 1999 aliud,
2565 1943 2827 1985 numero
2867 1923 3177 2009 quintum,
3206 1922 3424 1989 ordine
3466 1923 3762 2011 primum,
3787 1946 4015 2013 genere

2326 2022 2611 2088 divinum
2638 2036 2701 2089 et
2728 2021 3137 2090 inviolabile.”

2412 2148 2478 2213 p.
2506 2127 2652 2204 181,
2678 2144 2737 2193 2.
2768 2130 2870 2207 τῆς
2907 2129 3145 2210 φύσεως
3185 2131 3291 2192 τοῦ
3328 2130 3599 2209 σώματος
3631 2130 3881 2212 ῥεούσης
3919 2130 4014 2194 ἀεὶ

2331 2255 2384 2294 κ.
2414 2253 2466 2291 τ.
2491 2231 2586 2310 λ.]
2619 2227 2896 2293 Primam
2925 2227 3289 2293 sententiam
3312 2230 3486 2316 quod
3506 2230 3750 2310 attinet,
3774 2231 4016 2296 notissi-

2329 2352 2506 2395 mum
2532 2329 2855 2395 decretum
2884 2345 2978 2396 est
3008 2330 3310 2396 Heracliti
3350 2334 3441 2396 ὅτι
3475 2332 3674 2397 πάντα
3707 2338 3895 2417 χωρεῖ
3919 2334 4016 2398 καὶ

2330 2434 2504 2498 οὐδὲν
2528 2431 2861 2513 μένει-ὧς
2901 2433 2988 2501 δὶς
3030 2435 3092 2501 ἐς
3131 2432 3237 2498 τὸν
3273 2434 3452 2499 αὐτὸν
3486 2434 3754 2515 ποταμὸν
3793 2435 3900 2501 οὐκ
3939 2435 4015 2501 ἂν

2332 2535 2598 2615 ἐμβαίης.
2633 2593 2642 2600 .
2687 2533 2898 2599 Verba
2923 2549 3071 2598 sunt
3092 2532 3371 2599 Platonis
3396 2534 3464 2598 in
3491 2533 3751 2623 Cratylo
3771 2557 3836 2622 p.
3862 2555 4022 2617 402.-

2329 2659 2387 2702 a.
2464 2636 2647 2702 Idem
2708 2634 3010 2724 placitum
3065 2635 3454 2716 Aristoteles„
3511 2636 3623 2724 qui
3677 2637 3881 2702 fertur
3934 2638 4015 2703 de

2331 2738 2588 2804 Mundo
2613 2738 2700 2804 sic
2726 2737 3108 2826 exprimere:
3154 2738 3351 2804 πάντα
3379 2745 3658 2820 ποταμόν
3691 2741 3855 2821 δίκην
3887 2742 4016 2823 ῥεῖν

2334 2841 2453 2908 1v.
2487 2858 2591 2926 25.
2639 2842 2784 2919 Qua
2824 2842 2902 2906 de
2943 2863 3012 2905 re
3043 2839 3187 2906 vide
3228 2863 3373 2928 quae
3414 2841 3679 2907 contulit
3706 2842 4013 2930 Wytten-

2330 2943 2513 3010 bach.
2561 2942 2646 3009 ad
2696 2941 3020 3009 Plutarch.
3065 2942 3147 3009 de
3191 2945 3257 3008 S.
3287 2944 3372 3009 N.
3406 2945 3481 3009 V.
3516 2967 3582 3032 p.
3630 2945 3730 3028 76.
3779 2967 3873 3033 sq.
3913 2946 4015 3011 ed.

2333 3045 2497 3111 Min.
2528 3068 2594 3133 p.
2628 3046 2777 3132 398.
2811 3046 2914 3111 ed.
2940 3047 3149 3112 Oxon.
3179 3058 3243 3111 et
3268 3045 3353 3112 ad
3381 3046 3703 3113 Plutarch.
3736 3047 3816 3113 de
3836 3049 4020 3115 Ami-

2330 3170 2549 3214 corum
2578 3146 2811 3213 multit.
2841 3148 2908 3213 in
2935 3147 3406 3216 Animadversa.
3438 3172 3503 3237 p.
3538 3152 3682 3214 660.
3713 3173 3808 3239 sq.
3835 3151 4014 3218 item-

2330 3249 2549 3339 quein
2580 3249 3048 3317 Animadversa
3077 3250 3140 3317 in
3167 3250 3413 3319 Consol.
3435 3251 3758 3341 Apollonii
3779 3276 3846 3342 p.
3870 3273 4013 3342 721.

2331 3377 2424 3442 sq.
2458 3369 2521 3420 et
2549 3377 2611 3442 p.
2643 3368 2789 3439 791.
2820 3377 2914 3441 sq.
2942 3367 3008 3419 et
3033 3377 3180 3442 quoe
3221 3353 3353 3442 ipse
3393 3353 3555 3421 hanc
3594 3356 3660 3421 in
3702 3380 3833 3422 rem
3875 3381 4020 3424 con-

2330 3455 2493 3544 gessi
2518 3455 2587 3521 in
2614 3456 2900 3544 Dionyso
2925 3479 2987 3544 p.
3014 3471 3117 3542 79.
3150 3480 3286 3545 sqq.
3352 3457 3648 3523 Alterum
3691 3458 3850 3524 illud
3886 3482 4016 3526 me·

2332 3558 2714 3638 morabilius‚
2773 3561 2882 3624 sed
2939 3557 3265 3624 Platonem
3327 3558 3557 3647 ipsum,
3613 3560 4018 3628 Aristotelem

2332 3661 2610 3750 aliosque
2648 3660 3040 3750 gravissimos
3076 3673 3356 3726 auctores
3393 3660 3602 3728 habet.
3692 3661 3812 3727 Ille
3853 3663 4016 3730 enim

2335 3764 2613 3853 Republ.
2647 3763 2768 3829 VI.
2799 3786 2865 3851 p.
2896 3763 3041 3849 498.
3072 3762 3137 3828 b.
3167 3785 3234 3850 p.
3264 3783 3414 3850 300.
3448 3761 3650 3829 Bekk.
3683 3764 3830 3848 πρὸς
3857 3767 3923 3831 δὲ
3948 3767 4017 3830 τὸ

2335 3872 2518 3950 γῆρας
2565 3866 2728 3935 ἐκτὸς
2776 3865 2848 3946 δή
2887 3890 3063 3931 τινων
3102 3866 3345 3950 ὀλίγων,
3379 3865 3823 3947 ἀποσβέννυται
3863 3870 4020 3935 πολὺ

2333 3975 2572 4049 μᾶλλον
2619 3972 2726 4032 τοῦ
2764 3965 3214 4049 Ἡρακλειτείου
3260 3969 3452 4048 ἡλίου,
3505 3970 3654 4034 ὅσον
3702 3970 3867 4038 αὖθις
3914 3972 4020 4037 οὐκ

2338 4070 2705 4151 ἐξάπτον-ται.
2771 4070 2866 4136 Et
2891 4068 3180 4135 disertius
3206 4069 3577 4137 Aristoteles
3605 4072 4018 4161 Meteorolog.
4075 4134 4084 4143 .

2337 4174 2435 4238 II.
2472 4191 2531 4239 2.
2572 4195 2641 4260 p.
2670 4192 2778 4258 39.
2828 4170 3319 4260 8γ11).ε-δῆλον
3365 4172 3457 4239 ὅτι
3506 4173 3602 4239 καὶ
3649 4177 3683 4238 ὁ
3733 4176 3901 4255 ἥλιος
3948 4179 4020 4242 οὐ

2334 4276 2523 4357 μόνον
2571 4274 2831 4357 καθάπερ
2872 4272 3261 4357 *Ηράκλειτός
3301 4283 3471 4358 φησι,
3515 4275 3649 4344 νεὸς
3696 4276 3792 4360 ἐφ’
3836 4279 4019 4362 ἡμέρῃ

2337 4378 2524 4452 ἐστὶν,
2556 4374 2695 4442 ἀλλ’
2726 4377 2822 4442 ἀεὶ
2848 4376 2984 4445 νεὸς
3008 4382 3289 4461 συνεχῶς.
3349 4376 3537 4456 Quod
3558 4376 3747 4445 Alex.
3774 4378 4022 4468 Aphro·

2336 4478 2453 4545 dis.
2483 4478 2551 4543 in
2581 4477 2914 4545 Meteorol.
2947 4478 3058 4544 fol.
3083 4498 3185 4565 93.
3204 4502 3263 4544 a.
3280 4478 3582 4567 explicat:
3618 4480 3744 4547 καθ’
3766 4482 4020 4564 ἑκάστην

2335 4580 2559 4665 ἡμέραν
2587 4582 2776 4650 ἄλλος
2818 4583 3208 4662 ἐξαπτόμενος
3248 4585 3355 4646 τοῦ
3390 4585 3620 4664 πρώτου
3659 4585 3727 4648 ἐν
3753 4589 3825 4664 τῇ
3854 4587 4021 4652 δύσει

2338 4683 2766 4765 σβεννυμένου,
2796 4682 2861 4749 id
2900 4698 3015 4760 est.
3047 4696 3122 4748 ut
3150 4682 3408 4771 singulis
3445 4683 3668 4750 diebus
3695 4708 3896 4753 novus
3922 4710 4021 4754 ac-

2336 4785 2640 4852 cendatur
2689 4784 2778 4850 sol
2821 4785 3026 4874 priore
3068 4785 3131 4849 in
3190 4809 3409 4851 occasu
3467 4786 3798 4855 exstincto.
3884 4791 4018 4856 Alii

2336 4887 2514 4954 aliter
2540 4890 2849 4976 accepere.
2918 4889 3141 4976 Ipsum
3171 4888 3476 4954 Heracliti
3518 4889 3600 4954 de
3642 4890 3769 4956 sole
3809 4891 4021 4959 decre-

2340 5006 2475 5056 tum
2503 4990 2759 5078 aliquod
2786 4990 2965 5057 nobis
2992 4991 3258 5056 servavit
3288 4991 3665 5058 Plutarchus
3703 4994 3782 5059 de
3809 4994 4021 5061 Exilio

2337 5116 2406 5181 p.
2439 5096 2587 5176 604.
2621 5097 2708 5159 A.
2740 5095 2910 5175 ἥλιος
2935 5097 3053 5177 γὰρ
3080 5095 3193 5178 οὐχ
3219 5094 3621 5177 ὑπερβήσεται
3651 5096 3855 5179 μέτρα·
3901 5106 4016 5181 φη-

2339 5197 2439 5262 σὶν
2468 5199 2502 5260 ὁ
2528 5194 2938 5279 Ἡράκλειτος·
2984 5198 3038 5262 εΖ
3065 5198 3131 5261 δὲ
3154 5197 3255 5277 μὴ,
3288 5197 3549 5280 ἐρίννυές
3574 5224 3680 5278 μιν
3707 5200 3863 5278 δίκης
3889 5200 4016 5266 ἐπί·

2338 5324 2536 5382 κουροι
2564 5297 2997 5382 ἐξευρήσουσιν.
3087 5301 3250 5364 Item
3280 5297 3362 5365 de
3393 5298 3565 5365 Iside
3591 5314 3654 5365 et
3677 5298 3923 5365 Osiride
3949 5324 4015 5389 p.

2335 5417 2485 5487 370.
2518 5402 2606 5467 D.
2651 5401 2734 5466 ad
2777 5422 2963 5489 quem
3007 5399 3213 5467 locum
3247 5400 3376 5466 vid.
3409 5399 3738 5490 Wyttenb.
3768 5399 3832 5466 in
3863 5403 4023 5469 Ani-

2336 5502 2587 5569 madvv.
2615 5525 2682 5590 p.
2719 5504 2866 5589 238.
2897 5503 2980 5570 cf.
3015 5503 3287 5592 Diogen.
3312 5504 3528 5567 Laert.
3564 5502 3702 5567 IX.
3727 5522 3780 5566 1.
3812 5505 4019 5572 Procl.

2334 5604 2402 5671 in
2431 5605 2682 5673 Platon.
2716 5606 2886 5672 Tim.
2915 5628 2985 5695 p.
3014 5625 3166 5693 334.
3241 5603 3472 5673 Stobaei
3517 5603 3787 5694 Eclogg.
3821 5607 3880 5674 1.
3915 5613 4019 5677 26.
