5118 6613
1020 498 1150 582 364

1947 495 2790 563 ANNOTATIONES
2855 495 2963 559 IN
3027 494 3457 561 PLOTINI

1022 689 1265 732 marum
1293 666 1733 733 immortalium
1764 667 1989 734 similes
2019 684 2166 734 sunt
2193 669 2310 734 loci
2345 667 2619 735 Platonis
2645 668 2710 731 in
2792 666 3254 751 ρανόθεν-Στῆ
3282 666 3330 733 δ’
3362 669 3589 740 ὄπιθεν,
3621 670 3836 746 ξανθῆς
3877 689 3944 730 τε
3989 663 4166 745 κόμης
4209 664 4313 729 ἕλε
4351 670 4482 742 Πη-

1026 768 1283 835 Philebo
1313 794 1374 858 p.
1401 772 1499 835 16.
1535 769 1753 858 Steph.
1798 794 1862 858 p.
1884 790 1988 857 30.
2020 795 2112 859 sq.
2147 771 2367 837 Stallb.
2415 770 2710 836 Aristote-
2794 772 3015 836 λείωνα
3044 773 3169 857 Οἵῳ
3200 768 3767 853 φαινομένη-μετὰ
3795 768 3843 833 δ’
3878 766 4166 850 ἐτράπετ’,
4201 767 4406 831 αὐτίκα
4433 766 4482 831 δ’

1023 873 1098 939 lis
1127 874 1515 961 Metaphyss.
1541 874 1680 938 XI.
1706 875 1769 937 8.
1796 889 1860 939 et
1891 873 2206 939 Ciceronis
2232 874 2295 938 in
2328 871 2612 939 Tuscull.
2648 874 2707 939 I.

1031 995 1133 1042 12.
1165 991 1229 1041 et
1259 978 1317 1042 1.
1355 979 1452 1040 16.

1095 1103 1158 1167 p.
1187 1098 1370 1158 1214,
1390 1101 1449 1160 4.
1484 1079 1579 1143 καὶ
1598 1081 1631 1143 ὁ
1654 1077 1837 1161 λόγος
1864 1079 1931 1144 δέ
1952 1088 2103 1163 φησι
2133 1086 2257 1145 δεῖν
2278 1109 2329 1144 κ.
2348 1083 2504 1167 τ.λ.]
2536 1081 2709 1144 Sext.

1026 1181 1268 1268 Empir.
1304 1181 1613 1270 Pyrrhon.
1647 1183 2056 1271 Hypotypos.
2088 1184 2227 1247 111.
2267 1203 2324 1247 1.
2355 1207 2418 1271 p.
2445 1184 2585 1247 128.
2619 1206 2712 1270 sq.

1028 1284 1267 1349 Fabric.
1291 1309 1305 1348 ε
1353 1285 1480 1349 ἐπεὶ
1509 1286 1616 1349 οὖν
1643 1290 1760 1348 τῶν
1787 1290 2150 1368 δογματικῶν
2178 1289 2236 1351 οἱ
2262 1289 2374 1366 μὲν
2402 1285 2573 1366 σῶμά
2600 1295 2715 1368 φα-

1027 1413 1129 1452 σιν
1156 1388 1307 1452 εἶναι
1350 1387 1452 1451 τὸν
1478 1385 1618 1452 θεὸν
1652 1390 1709 1451 ol
1752 1390 1816 1451 δὲ
1860 1390 2195 1468 ἀσώματον,
2230 1389 2324 1453 καὶ
2367 1391 2425 1453 οἱ
2465 1390 2579 1469 μὲν
2609 1389 2710 1451 ἆν-

1027 1494 1369 1573 θρωποειδῆ,
1400 1493 1460 1554 οῖ
1485 1492 1549 1554 δὲ
1577 1491 1667 1554 οὔ.
1700 1492 1795 1554 καὶ
1824 1493 1882 1555 οἱ
1908 1493 2020 1570 μὲν
2051 1494 2117 1556 ἐν
2138 1488 2298 1577 τόπῳ
2326 1494 2384 1555 οὶ
2411 1494 2476 1555 δὲ
2498 1493 2587 1555 οὕ.
2623 1491 2716 1554 καὶ

1027 1599 1145 1656 τῶν
1174 1595 1241 1657 ἐν
1269 1591 1427 1678 τόπῳ
1457 1594 1514 1656 οἱ
1540 1595 1653 1673 μὲν
1682 1592 1845 1660 ἐντὸς
1876 1591 2116 1674 κόσμου,
2149 1596 2208 1658 οἱ
2236 1597 2300 1658 δὲ
2332 1592 2512 1661 ἐκτός.
2588 1593 2715 1658 Ubi

1030 1695 1356 1762 Fabricius
1396 1694 1513 1760 loci
1551 1694 1747 1760 nostri
1785 1695 2132 1760 admonuit.
2212 1695 2309 1758 Cf.
2345 1694 2714 1760 Cudworth.

1032 1803 1198 1888 Syst.
1236 1798 1446 1864 Intell.
1475 1822 1540 1886 p.
1571 1819 1754 1881 1024.
1786 1799 1890 1864 ed.
1915 1798 2230 1864 Moshem.

1114 1939 1199 1952 —
1224 1904 1282 1968 8.
1331 1903 1522 1968 οὐκέτι
1565 1902 1632 1967 τὸ
1672 1905 1820 1968 ὅλον
1851 1905 2041 1967 ἐκεῖνο
2089 1902 2312 1990 ἔσται]
2362 1902 2604 1989 Taylor
2632 1903 2715 1967 ad

1027 2007 1201 2072 haec:
1249 2014 1291 2046 “
1313 2008 1442 2071 For
1470 2007 1649 2071 when
1681 2006 1788 2072 the
1832 2019 2005 2094 parts
2048 2029 2153 2069 are
2199 2005 2520 2092 separated
2551 2006 2712 2071 from

1026 2110 1174 2174 each
1206 2110 1406 2189 other,
1436 2110 1543 2176 the
1570 2109 1920 2198 continuity
1950 2109 2025 2172 of
2055 2108 2104 2173 it
2131 2108 2185 2171 is
2225 2107 2559 2187 dissolved‚
2590 2108 2713 2173 and

1028 2211 1175 2275 thus
1202 2212 1252 2277 it
1279 2212 1564 2276 becomes
1583 2234 1621 2275 a
1642 2210 1902 2275 discrete
1932 2208 2168 2273 instead
2193 2208 2265 2274 of
2287 2233 2325 2273 a
2344 2209 2717 2274 continuous

1026 2315 1377 2402 quantity.''

1111 2456 1201 2466 —
1226 2436 1321 2503 13.
1363 2420 1416 2481 εἰ
1444 2419 1509 2481 δὲ
1535 2417 1616 2496 μὴ
1646 2415 1969 2497 ἐπιλείψει,
2003 2416 2093 2479 ὅτι
2119 2413 2406 2495 πάρεστιν
2435 2414 2711 2500 ἑκάστῳ]

1027 2520 1284 2586 Ficinus
1327 2519 1661 2607 expressit:
1713 2521 1765 2582 εἰ
1808 2521 1872 2581 δὲ
1919 2519 2241 2599 ἐπιλείψει,
2274 2518 2530 2597 οὐδαμοῦ
2572 2543 2636 2581 π.
2668 2521 2715 2581 ἑ.

1025 2623 1201 2688 Libri
1229 2645 1353 2687 non
1384 2623 1822 2709 suffragantur.
1894 2618 2169 2707 Vulgata
2198 2618 2377 2683 lectio
2405 2619 2713 2707 postulat:

1026 2734 1071 2766 “
1088 2725 1276 2804 Quod
1303 2725 1351 2788 si
1375 2747 1497 2788 non
1519 2724 1783 2799 deficiet,
1808 2723 1983 2787 adest
2013 2723 2304 2787 nimirum
2329 2723 2720 2810 unicuique.”

1030 2830 1177 2914 Ego
1205 2827 1334 2890 sine
1362 2826 1534 2891 libris
1564 2842 1804 2890 mutare
1831 2824 2357 2890 nolui.—Eadem
2403 2841 2612 2891 autem
2643 2826 2717 2890 li·

1030 2953 1148 2993 nea
1174 2952 1319 2993 cum
1347 2928 1522 2992 libris
1544 2942 1608 2992 et
1632 2929 1851 2992 Ficino
1879 2927 2022 2991 dedi
2054 2928 2286 2992 δύναιτο
2315 2951 2431 3016 pro
2460 2930 2716 2994 δύναται.

1035 3030 1217 3110 Quod
1262 3030 1325 3094 in
1369 3032 1493 3095 fine
1535 3030 1751 3118 capitis
1793 3029 1856 3093 in
1889 3031 2131 3094 Latinis
2174 3047 2300 3095 est:
2352 3033 2548 3097 “Sed
2591 3053 2721 3096 rem

1033 3136 1194 3199 hanc
1222 3135 1509 3222 deinceps
1531 3135 1798 3221 planius
1827 3135 2260 3221 explicemus?
2288 3133 2431 3198 ideo
2458 3134 2720 3213 factum,

1036 3238 1182 3327 quia
1201 3238 1457 3302 Ficinus
1486 3238 1697 3301 verba:
1735 3238 1828 3301 καὶ
1852 3238 2179 3320 σαφηνείας
2206 3240 2318 3318 μὲν
2340 3238 2533 3312 ἕνεκα,
2556 3237 2725 3302 unde

1039 3365 1301 3429 sequens
1328 3360 1519 3430 caput
1545 3340 1784 3429 incipit,
1815 3341 1942 3405 huc
1971 3339 2251 3405 retraxit.

1122 3468 1188 3532 p.
1228 3461 1415 3530 1215,
1463 3464 1552 3508 10.
1584 3444 1713 3508 ἔστι
1743 3443 2107 3528 λαμβάνειν]
2144 3441 2385 3530 Taylor
2411 3466 2554 3507 cum
2588 3444 2643 3508 F
2647 3444 2723 3508 ic.

1034 3547 1379 3612 addiderit:
1409 3557 1706 3634 tanquam
1737 3547 2090 3624 distinctas,
2116 3546 2263 3610 addi
2293 3546 2430 3610 vult
2460 3549 2536 3614 ὥς
2565 3548 2726 3629 ἀφω-

1034 3651 1338 3734 ρισμένος.
1415 3652 1506 3715 Et
1534 3649 1612 3714 ad
1646 3649 1966 3736 sequentia
1996 3649 2155 3735 (for
2181 3649 2272 3712 all
2295 3650 2551 3735 ofthem
2579 3651 2722 3714 sub·

1036 3758 1156 3819 siet
1184 3757 1254 3817 in
1282 3775 1397 3818 one
1425 3755 1815 3841 superficies)
1845 3751 2212 3840 explicanda
2240 3750 2414 3815 addit
2444 3751 2506 3814 in
2536 3775 2727 3816 anno-

1045 3857 1307 3922 tatione:
1355 3857 1487 3919 and
1513 3877 1555 3918 α
1583 3858 1941 3942 superficies
1959 3876 2274 3941 possesse&
2302 3856 2598 3918 interval.

1127 3981 1195 4045 p.
1232 3978 1419 4039 1217,
1458 3976 1515 4020 1.
1561 3963 1664 4020 τοῦ
1707 3960 1853 4020 κατὰ
1895 3957 2002 4035 τὴν
2047 3955 2238 4044 ἰδέαν]
2290 3957 2412 4036 Ita,
2442 3980 2558 4044 pro
2586 3957 2723 4021 vul-

1041 4076 1190 4147 gato
1216 4064 1382 4139 μετὰ,
1414 4058 1598 4123 etiam
1630 4058 1901 4121 Medicei
1931 4059 2097 4122 bini:
2142 4073 2213 4122 ut
2245 4059 2594 4124 mirandum
2625 4059 2726 4140 sit,

1047 4162 1333 4227 Ficinum
1378 4177 1583 4226 tamen
1617 4161 1907 4225 vertisse:
1960 4169 2002 4199 “
2033 4175 2173 4247 post
2215 4160 2476 4226 ideam.”
2566 4164 2726 4228 Scri·

1045 4264 1318 4329 bendum
1351 4270 1394 4302 “
1420 4263 1771 4328 Secundum
1804 4262 2065 4326 ideam.”

1130 4392 1298 4447 —4.
1344 4364 1499 4431 Αὗτό
1529 4369 1593 4431 δὲ
1619 4368 1947 4451 ἄνθρωπος]
1985 4372 2030 4406 “
2049 4368 2272 4454 Ipsum
2300 4390 2447 4432 vero
2490 4367 2735 4431 homo.”

1049 4469 1305 4534 Ficinus
1350 4469 1649 4556 expressit
1701 4468 1893 4537 αὐτός.
1995 4469 2116 4533 Sed
2172 4469 2287 4535 hoc
2337 4493 2446 4534 nec
2490 4471 2554 4534 in
2603 4470 2729 4537 Ed.

1050 4574 1274 4637 Graeca
1302 4594 1413 4635 nec
1441 4571 1504 4633 in
1534 4570 1706 4634 libris
1736 4571 1956 4635 nostris
1985 4587 2205 4636 exstat.

1133 4697 1199 4761 p.
1230 4675 1414 4752 1218,
1443 4692 1503 4738 2.
1539 4671 1698 4752 Ἕξω
1741 4675 1854 4754 μὲν
1882 4673 1989 4737 οὖν
2018 4676 2267 4755 ὁρῶντες
2306 4672 2344 4754 ἢ
2387 4677 2528 4739 ὅθεν
2557 4678 2727 4756 ἐξημ-

1045 4777 1199 4859 μέθα
1228 4806 1277 4841 κ.
1302 4804 1355 4841 τ.
1385 4779 1473 4862 λ.]
1525 4784 1570 4816 “
1596 4777 1781 4841 Thus
1809 4776 1871 4840 in
1903 4776 2008 4841 the
2034 4777 2315 4865 original.
2408 4781 2540 4844 But
2570 4779 2668 4843 for
2694 4778 2731 4859 ἢ

1047 4884 1188 4946 ὅθεν
1229 4880 1383 4946 both
1429 4879 1535 4944 the
1577 4903 1749 4944 sense
1792 4879 1917 4943 and
1961 4880 2067 4945 the
2111 4880 2350 4944 version
2379 4881 2454 4944 of
2477 4882 2732 4946 Ficinus

2434 4984 2469 5011 θ’

1046 4984 1292 5072 require
1321 4984 1457 5049 that
1488 5006 1578 5047 we
1611 4982 1833 5047 should
1865 4981 2012 5047 read
2044 4984 2139 5048 καὶ
2164 4984 2245 5064 μὴ
2274 4985 2430 5048 ὅθεν.
2551 4986 2727 5071 Tay-

1046 5090 1220 5239 lor—
1243 5210 1308 5270 4.
1355 5191 1431 5252 El
1458 5186 1523 5252 δέ
1552 5214 1634 5254 τις
1667 5189 2097 5270 ἐπιστραφῆναι
2139 5188 2405 5275 δύναιτο]
2455 5195 2498 5226 “
2525 5186 2636 5251 Vel
2682 5188 2731 5251 si

1049 5291 1165 5378 ipsi
1196 5307 1318 5355 tam
1349 5288 1511 5354 felici
1540 5312 1670 5353 esse
1697 5289 2101 5374 contingeret,
2120 5304 2192 5353 ut
2220 5311 2259 5352 a
2280 5288 2573 5353 Minerva
2600 5290 2734 5378 ipsa

1052 5392 1520 5458 retraheretur.''
1566 5393 1728 5454 Hoec
1757 5412 1834 5454 ex
1861 5389 2060 5453 Iliade
2081 5396 2152 5454 A.
2187 5410 2320 5477 194.
2350 5391 2541 5455 ducta
2570 5408 2735 5473 sunt,

1055 5494 1119 5557 in
1148 5493 1283 5558 loco
1310 5492 1390 5557 de
1417 5491 1736 5561 iracundia
1765 5491 2063 5556 Achillis:
2111 5493 2261 5572 ἦλθε
2286 5492 2330 5557 δ’
2362 5491 2584 5575 Ἀθήνη
2614 5497 2732 5562 Οὗ-

2798 874 2951 956 ἔγνω
2981 872 3255 937 Παλλάδ’
3286 871 3630 953 Ἀθηναίην.
3690 870 3815 950 Qui
3846 870 4017 935 locus
4045 894 4083 934 a
4111 869 4322 934 multis
4350 868 4489 957 phi-

2797 975 3070 1064 losophis
3111 975 3198 1040 ita
3241 990 3531 1063 acceptus
3565 989 3679 1054 est,
3711 987 3781 1038 ut
3813 974 4163 1037 Minervam
4194 971 4489 1055 φρόνησιν

2798 1079 3095 1144 dicerent.
3152 1078 3291 1143 Vid.
3329 1077 3649 1143 Clarkium
3681 1092 3744 1141 et
3774 1076 4103 1164 Heynium
4129 1073 4209 1139 ad
4240 1073 4346 1139 illa
4374 1097 4484 1162 po-

2797 1190 2939 1261 etae,
2963 1197 3025 1247 et
3052 1181 3134 1247 cf.
3159 1182 3259 1248 Jo.
3282 1182 3478 1246 Laur.
3502 1179 3759 1267 Lydum
3790 1178 3870 1243 de
3902 1181 4137 1242 Menss.
4162 1178 4279 1242 IV.
4300 1180 4361 1242 6.
4381 1197 4485 1263 39.

2799 1300 2862 1351 et
2890 1308 3049 1374 quos
3074 1283 3158 1350 ad
3186 1306 3329 1349 eum
3359 1285 3563 1349 locum
3594 1283 3870 1348 laudavit
3902 1281 4257 1347 Roetherus
4284 1295 4490 1346 noster

2799 1412 2863 1476 p·
2886 1408 3251 1555 &hagion
3277 1514 3344 1554 τε
3375 1489 3468 1553 καὶ
3495 1487 3700 1577 αὑτὸν]
3745 1489 3800 1553 F
3803 1488 3879 1553 ic.
3915 1511 4058 1553 cum
4093 1487 4252 1553 Cod.
4286 1489 4489 1551 Marc.

2803 1595 2889 1659 A.
2919 1616 3042 1658 non
3066 1593 3343 1681 agnoscit
3376 1593 3488 1657 καί.
3578 1593 3638 1655 Ε
3670 1606 3878 1655 nostra
3908 1589 4168 1654 lectione
4193 1589 4491 1654 vertenda

2801 1696 2934 1761 haec
2976 1713 3155 1761 sunt:
3206 1720 3294 1760 ετ
3322 1696 3504 1760 deum
3546 1719 3634 1759 ετ
3676 1718 3752 1758 οε
3796 1717 4002 1758 rpsmr
4032 1703 4092 1758 et
4119 1694 4487 1758 universum

2798 1802 3191 1888 conspiceret.

2887 1925 2952 1989 p.
2983 1921 3167 1986 1219,
3193 1923 3255 1982 4.
3304 1902 3382 1968 ὦς
3411 1902 3507 1965 ἐπὶ
3535 1907 3652 1965 τῶν
3680 1903 3974 1981 αἰσθητῶν
4000 1898 4261 1983 λέγομεν
4290 1903 4372 1968 εἷς
4401 1904 4488 1965 αἰ-

2800 2003 3047 2091 σθητὸν]
3102 2003 3420 2091 Integravi
3467 2004 3634 2067 hunc
3676 2003 3878 2068 locum
3921 2026 4000 2067 ex
4036 2002 4209 2067 libris
4250 2003 4485 2089 plum:

2798 2108 3309 2196 quemadmodum
3343 2130 3417 2170 ιΝ
3462 2130 3676 2170 annus
3720 2130 4175 2170 snnsrmmnvs
4220 2130 4295 2170 nv
4341 2130 4492 2171 ssu-

2808 2234 3025 2275 smrm
3058 2234 3247 2274 mam
3278 2232 3555 2274 memus
3588 2233 4174 2274 asumma-towns.

2889 2350 2977 2365 —
3006 2331 3103 2397 15.
3137 2311 3276 2377 αὐτὸ
3306 2313 3375 2393 δὴ
3404 2317 3517 2394 πῦρ
3544 2312 3653 2391 τὴν
3678 2312 3854 2396 ὕλην]
3888 2312 3991 2375 Ita
4019 2311 4231 2399 scripsi
4264 2335 4377 2400 pro
4398 2310 4483 2376 δέ.

2806 2416 2939 2480 Fic.
2971 2430 3272 2503 praeterea
3308 2413 3609 2503 expressit
3641 2418 3975 2497 κρατῆσαν;
4021 2414 4194 2501 quod
4223 2414 4286 2478 in
4317 2413 4491 2479 nullo

2806 2532 3012 2584 tamen
3042 2517 3202 2582 libro
3228 2532 3566 2605 comparet.

2891 2645 2959 2709 p.
2990 2640 3174 2699 1220,
3205 2641 3266 2706 3.
3319 2624 3386 2685 ἐν
3422 2618 3653 2708 ἀτόπῳ]
3700 2617 3889 2687 Quod
3918 2618 3982 2682 in
4014 2641 4208 2705 marg.
4241 2617 4367 2682 Ed.
4398 2633 4492 2684 est

2809 2728 2875 2790 ἐν
2898 2727 2966 2790 οὗ
2990 2723 3147 2812 τόπῳ
3168 2725 3463 2812 scriptum
3496 2738 3588 2787 est
3616 2745 3730 2810 per
3748 2719 4220 2804 παραδιόρθωσιν
4241 2719 4491 2801 librarii,

2805 2828 2914 2916 qui
2943 2843 3198 2893 cautum
3228 2825 3411 2891 vellet
3441 2848 3518 2889 ne
3548 2825 3629 2889 de
3658 2827 3868 2912 inepto
3895 2823 4254 2910 cogitemus.

2892 2968 2973 2981 —
3010 2952 3105 2995 11.
3164 2929 3265 3013 ὑφ’
3322 2929 3599 3017 ἑκάστης]
3662 2928 3793 2991 Fic.
3844 2927 4145 3014 expressit
4198 2925 4299 3008 ὑφ’
4357 2928 4491 2991 ἑαυ-

2805 3038 2907 3113 τῆς
2935 3035 3144 3113 ἄλλης,
3178 3032 3349 3121 quod
3379 3031 3443 3095 in
3478 3030 3660 3095 Med.
3683 3032 3759 3095 B.
3793 3029 4045 3116 legitur.
4135 3031 4238 3093 Ex
4286 3044 4495 3094 nostra

2807 3135 3086 3212 lectione,
3116 3158 3261 3222 quae
3303 3150 3396 3199 est
3438 3134 3819 3220 reliquorum
3849 3131 4149 3197 librorum
4179 3146 4242 3195 et
4270 3131 4487 3197 editio-

2809 3237 2927 3317 nis,
2959 3237 3324 3302 vertendum
3366 3252 3497 3302 est:
3547 3244 3589 3276 “
3622 3252 3693 3301 ut
3738 3235 4167 3324 unusquisque
4209 3235 4371 3324 ignis
4412 3236 4492 3299 ab

2808 3363 3181 3429 unaquaque
3222 3342 3364 3405 idea
3405 3339 3743 3405 alia—ille
3784 3363 3932 3405 vero
3973 3341 4055 3404 ab
4099 3339 4220 3405 alia
4264 3339 4487 3404 forme·

2811 3446 2978 3509 tur.'’

2895 3569 2961 3634 p.
2993 3565 3180 3625 1221,
3212 3567 3312 3626 14.
3347 3550 3400 3611 εἰ
3426 3548 3651 3611 πλείων
3680 3549 3713 3611 ὁ
3745 3545 3964 3627 κόσμος
3991 3547 4090 3632 ἢν]
4130 3545 4238 3610 Ad
4269 3545 4403 3609 haec
4430 3562 4493 3610 et

2812 3673 2982 3736 seqq.
2999 3648 3226 3714 adhibe
3245 3648 3607 3714 Cudworth.
3634 3651 3799 3738 Syst.
3826 3647 4035 3713 Intell.
4060 3672 4123 3736 p.
4142 3668 4326 3730 1014.
4347 3669 4489 3712 cum

2814 3751 3151 3817 Moshemii
3179 3751 3358 3817 notis.

2883 3873 3150 3943 p.1222‚
3182 3873 3272 3919 12.
3304 3856 3487 3940 τούτῳ
3517 3855 3585 3918 ἓν
3614 3856 3794 3922 ὄντως
3824 3854 4000 3939 εἶναι]
4036 3855 4321 3918 Fortasse
4352 3854 4496 3917 scri-

2811 3958 3086 4024 bendum
3109 3962 3296 4021 τοῦτο.
3334 3955 3575 4044 Taylor
3596 3956 3987 4021 scribendum
4010 3979 4142 4021 esse
4168 3972 4373 4021 censet
4394 3960 4493 4043 τῷ.

2898 4098 2986 4110 --
3020 4081 3115 4140 14.
3165 4061 3259 4124 καὶ
3295 4057 3396 4124 τὸν
3428 4058 3786 4143 περιέχοντα
3832 4057 4007 4124 αὐτὸν
4046 4059 4223 4145 εἶναι]
4273 4067 4321 4099 “
4351 4059 4499 4124 The

2817 4187 2988 4228 sense
3018 4163 3293 4250 requires
3320 4162 3457 4228 that
3489 4186 3578 4226 we
3606 4161 3830 4226 should
3867 4161 4015 4225 read
4048 4162 4142 4226 καὶ
4169 4159 4273 4226 τὸν
4300 4187 4498 4244 περιε·

2818 4264 3077 4350 χόμευον
3124 4294 3175 4331 κ.
3208 4293 3259 4331 τ.
3290 4274 3353 4329 λ.
3460 4264 3614 4329 And
3660 4264 3784 4330 this
3827 4264 4215 4329 emendation
4270 4264 4322 4328 is
4371 4264 4503 4329 also

2821 4369 3158 4457 supported
3192 4370 3276 4456 by
3307 4368 3412 4432 the
3442 4367 3680 4432 version
3711 4368 3787 4432 of
3807 4367 4120 4432 Ficinus-'⁹
4171 4369 4433 4454 Taylor.

2905 4494 2970 4558 p.
3002 4489 3186 4555 1223,
3219 4491 3276 4555 9.
3325 4468 3639 4553 ἐφιέμενος
3679 4475 3784 4534 τοῦ·
3826 4472 4036 4559 καλοῦ]
4085 4468 4363 4558 Respicit
4402 4470 4503 4535 hic

2822 4573 3108 4638 Plotinus
3137 4573 3432 4638 Diotimae
3460 4573 3651 4637 verba
3685 4573 3750 4636 in
3782 4572 4062 4637 Platonis
4091 4572 4395 4638 Convivio
4437 4595 4503 4661 p.

2824 4697 2965 4762 203.
3012 4700 3078 4764 p.
3108 4696 3256 4761 430.
3301 4675 3433 4741 init.
3472 4676 3675 4740 Bekk.
3719 4675 3800 4739 de
3843 4680 4119 4740 Amore:
4169 4677 4266 4741 ἐπὶ
4308 4678 4504 4757 θύραις

2819 4780 2911 4844 καὶ
2955 4782 3021 4843 ἐν
3060 4782 3217 4846 ὁδοῖς
3259 4780 3564 4860 ὑπαίθριος
3611 4780 4008 4859 κοιμῶμενοςε
4065 4800 4250 4865 quem
4293 4775 4500 4841 locum

2815 4882 3018 4969 attigit
3049 4895 3255 4946 noster
3282 4881 3467 4946 etiam
3497 4905 3560 4969 p.
3583 4902 3662 4968 29
3665 4900 3726 4966 5.
3750 4906 3807 4946 e.
3889 4881 4194 4960 Quocirca
4221 4879 4338 4945 hoc
4364 4879 4501 4945 loco

2819 4984 3048 5050 Plotini
3080 4985 3269 5050 verba
3304 4985 3392 5049 ita
3430 4984 3753 5049 scribenda
3792 5000 3857 5049 et
3884 4983 4215 5050 vertenda:
4263 4984 4357 5047 καὶ
4400 4984 4498 5048 οὖ-

2816 5086 2914 5155 τός
2956 5092 3121 5153 ἐστιν
3140 5091 3181 5151 ὁ
3223 5093 3530 5170 θυραυλῶν
3546 5088 3779 5170 Ἔρωςε
3827 5102 3889 5152 et
3919 5086 4019 5151 hic
4048 5103 4140 5151 est
4167 5100 4313 5152 ante
4339 5086 4505 5151 fores

2816 5191 3121 5255 accubans
3149 5194 3372 5255 Amor.

2902 5315 2968 5379 p.
3006 5310 3191 5373 1224,
3223 5312 3273 5356 1.
3307 5291 3396 5357 διὸ
3423 5293 3516 5356 καὶ
3542 5290 3716 5371 ξυνὸν
3743 5289 3810 5355 τὸ
3835 5292 4112 5379 φρονεῖν]
4146 5289 4331 5369 Quod
4361 5289 4502 5355 libri

2818 5394 2949 5460 duo
2977 5392 3159 5459 συνὸν
3185 5394 3438 5472 habent,
3468 5393 3683 5458 eodem
3716 5395 4005 5481 pertinet,
4035 5416 4165 5481 quo
4190 5393 4344 5457 illud
4379 5419 4499 5458 κοι-

2822 5497 2950 5577 νὸν,
2979 5496 3149 5586 quod
3192 5497 3339 5562 alibi
3382 5496 3614 5562 librarii
3641 5495 3991 5563 obtrudunt
4033 5519 4147 5584 pro
4183 5495 4290 5561 illo
4316 5520 4499 5562 voca·
