5118 6613
1126 577 1246 663 178

1121 753 1364 836 χορδαῖς
1405 744 1663 831 ἁρμονίῳ
1706 744 2036 828 ἆχωρίστῳ,
2076 740 2144 804 τὸ
2191 745 2380 820 σῶμα·
2428 740 2497 803 τὸ
2542 737 2592 804 δ’
2625 741 2815 802 αἴτιον

1121 858 1228 919 τοῦ
1258 856 1493 931 κινῆσαι
1521 848 1588 912 τὸ
1618 853 1786 924 ζῶον,
1817 848 1914 910 διὰ
1950 844 2019 907 τὸ
2062 843 2216 909 εἶναι
2262 844 2563 927 ἔμψυχον.
2634 840 2815 906 ’Amt-

1124 963 1317 1038 λογον
1347 955 1412 1017 δὲ
1446 955 1525 1037 τῷ
1562 951 1844 1033 μουσικῷ·
1891 949 1987 1012 διὰ
2025 946 2093 1009 τὸ
2130 945 2283 1011 εἶναι
2321 948 2694 1028 ἐναρμόνιον.
2741 948 2817 1009 τὰ

1124 1058 1189 1121 δὲ
1216 1053 1524 1136 πληγέντα
1552 1053 1798 1131 σώματα
1827 1051 1920 1113 διᾶ
1958 1048 2145 1116 πάθος
2187 1047 2528 1128 αἰσθητικὸν
2556 1052 2684 1114 ταῖς
2710 1047 2812 1127 ἣρ-

1120 1157 1443 1239 μοσμέναις
1470 1159 1731 1239 χορδαῖς,
1766 1152 1860 1216 καὶ
1898 1154 2015 1234 γὰρ
2058 1152 2185 1215 ἐκεῖ
2209 1151 2322 1234 οὐχ
2361 1152 2398 1231 ἡ
2436 1152 2690 1233 ἁρμονία
2714 1148 2818 1213 πέ-

1119 1268 1344 1329 πονθεν
1370 1263 1408 1341 ἡ
1450 1259 1733 1345 χωριστὴ,
1777 1255 1915 1322 ἀλλ’
1960 1257 1996 1336 ἦ
2039 1255 2244 1340 χορδή.
2297 1256 2392 1320 καὶ
2439 1261 2593 1319 κινεῖ
2627 1256 2740 1335 μὲν
2784 1255 2817 1316 ὁ

1120 1365 1398 1447 μουσικὸς
1427 1366 1576 1428 κατὰ
1594 1362 1702 1442 τὴν
1731 1363 1799 1425 ἐν
1821 1360 1976 1445 αὐτῷ
1999 1361 2308 1441 ἁρμονίαν·
2353 1361 2424 1424 οὗ
2445 1359 2565 1439 μὴν
2584 1356 2818 1437 ἐκινήθη

1122 1468 1199 1534 ἂν
1224 1469 1262 1549 ἡ
1291 1467 1477 1553 χορδὴ
1502 1469 1812 1546 μουσικῶς,
1841 1465 1894 1527 εΖ
1916 1462 2009 1526 καὶ
2034 1464 2068 1525 ὁ
2096 1462 2378 1543 μουσικὸς
2407 1465 2716 1542 ἐβούλετο,
2740 1459 2820 1540 μὴ

1121 1575 1221 1651 τῆς
1249 1569 1533 1653 ἁρμονίας
1560 1571 1731 1631 τοῦτο
1754 1567 2071 1649 λεγούσης.
2160 1566 2320 1643 Quae
2349 1587 2474 1628 non
2505 1563 2705 1628 solum
2736 1563 2816 1627 ad

1119 1671 1594 1762 explicationem
1625 1668 1888 1746 faciunt,
1918 1690 2135 1732 verum
2168 1667 2351 1732 etiam
2384 1667 2466 1732 ad
2494 1666 2815 1732 lectionem

1121 1775 1313 1863 hujus
1340 1772 1480 1837 loci.
1545 1769 1980 1858 Olympiodor.
2028 1769 2091 1832 in
2138 1767 2431 1833 Phaedon.
2467 1766 2628 1832 Cod.
2668 1769 2717 1830 1.
2747 1789 2811 1854 p.

1123 1878 1239 1942 88:
1293 1875 1731 1955 ἐνδεικνύμενος
1758 1875 1850 1936 ὄτι
1891 1871 2020 1936 ἐστὶ
2054 1877 2217 1935 νοεῖν
2250 1872 2345 1935 καὶ
2385 1870 2686 1953 χωριστὴν
2715 1872 2815 1953 ἆρ-

1119 1980 1596 2061 μονίαν·-οῧτω
1625 1975 1740 2060 γάρ
1769 2002 1893 2043 πως
1931 1975 2026 2040 καὶ
2053 1976 2091 2054 ἡ
2132 1974 2303 2057 ψυχὴ
2332 1974 2572 2056 λέγοιτο
2603 1974 2679 2037 ἂν
2710 1977 2812 2056 ἆρ-

1119 2086 1316 2160 μονία,
1350 2085 1497 2147 κατὰ
1524 2080 1631 2145 τὸν
1657 2082 1927 2160 Τίμαιον.
2019 2076 2446 2142 Cassiodorius
2468 2076 2548 2141 de
2579 2077 2819 2142 Anima

1120 2210 1256 2275 cap.
1318 2186 1392 2250 8:
1474 2192 1517 2223 ‘⁶
1548 2181 1778 2249 Omnia
1833 2179 2203 2245 immortalia
2269 2180 2570 2268 simplicia
2628 2194 2812 2245 sunt:

1119 2291 1326 2355 anima
1354 2303 1565 2353 autem
1593 2308 1717 2351 non
1755 2299 1847 2349 est
1889 2284 2201 2349 armonica
2234 2282 2677 2367 (harmonica),
2709 2307 2816 2347 ne-

1121 2416 1247 2480 que
1274 2405 1519 2457 constat
1561 2412 1641 2453 ex
1671 2387 1982 2476 pluribus,
2012 2387 2119 2452 sed
2150 2386 2412 2475 simplex
2444 2401 2670 2451 natura
2697 2399 2812 2465 est,

1118 2495 1323 2560 anima
1352 2494 1546 2582 igitur
1572 2490 1938 2556 immortalis
1965 2490 2120 2555 est.''

1205 2623 1269 2686 p.
1296 2599 1448 2683 561,
1491 2618 1542 2661 1.
1587 2597 1716 2660 οῖον
1746 2597 1803 2659 εἴ
1825 2597 2065 2662 τις-ἐν
2096 2595 2447 2676 ἐγρηγόρσει
2473 2594 2581 2674 τὴν
2609 2594 2817 2678 ψυχὴν

1119 2701 1395 2789 -ποιοῖ]
1468 2697 1655 2763 Philo
1711 2699 1752 2763 J
1760 2696 1979 2762 udaeus
2037 2697 2230 2783 Legis
2286 2695 2591 2784 Allegorr.
2642 2698 2701 2763 I.
2747 2720 2815 2785 p.

1122 2823 1270 2870 200.
1303 2801 1500 2867 Pseiff
1515 2827 1530 2865 ε
1577 2805 1657 2887 τῷ
1687 2804 1802 2883 γᾶρ
1841 2803 1970 2865 ὄντι
2009 2802 2393 2868 ὑπνώσαντος
2431 2805 2538 2864 νοῦ
2581 2802 2810 2882 γίνεται

1122 2907 1382 2991 (Mang.
1412 2903 1572 2968 vult.
1611 2905 1883 2987 κινεῖται)
1918 2905 2207 2982 αἴσθησις.
2256 2904 2352 2966 καὶ
2394 2906 2510 2985 γὰρ
2552 2903 2811 2983 ἔμπαλιν

1120 3007 1511 3096 ἐγρηγορότος
1541 3009 1664 3078 νοῦ,
1704 3003 2051 3083 σβέννυται.
2144 3002 2311 3069 Ibid.
2341 3027 2406 3090 p.
2441 3023 2604 3069 202:
2652 3007 2807 3070 Οὔκ-

1120 3113 1226 3173 οῦν
1258 3109 1364 3187 ἥτε
1400 3112 1517 3170 τῶν
1560 3105 1899 3185 αῑσθήσεων
1937 3104 2286 3188 ἐγρήγορσις
2310 3108 2495 3173 ὕπνος
2524 3108 2654 3172 ἐστὶ
2684 3113 2807 3172 νοῦ·

1117 3213 1223 3292 ἤτε
1265 3215 1371 3274 τοῦ
1414 3214 1519 3274 νοῦ
1564 3207 1931 3292 ἐγρήγορσις,
1979 3209 2234 3289 ἀπραξία
2281 3215 2398 3272 τῶν
2449 3211 2809 3290 αἰσθήσεων.

1121 3312 1410 3377 Clemens
1438 3309 1627 3376 Alex.
1661 3309 1916 3397 Paedag.
1952 3311 2051 3374 11.
2084 3332 2149 3397 p.
2182 3311 2321 3373 182.
2355 3311 2595 3374 Potter.
2623 3313 2814 3375 ὑπνώ-

1119 3421 1219 3497 δης
1246 3419 1362 3498 γὰρ
1390 3420 1509 3482 πᾶς
1536 3416 1570 3478 ὁ
1599 3414 1679 3494 μὴ
1720 3416 1802 3480 εἷς
1841 3415 2068 3496 σοφίαν
2106 3414 2463 3496 ἐγρηγορῶν,
2496 3414 2660 3476 ἀλλὰ
2695 3414 2810 3477 ὑπὸ

1115 3517 1295 3598 μέθης
1338 3517 1768 3599 βαπτιζόμενος
1819 3518 1901 3582 εἷς
1945 3517 2156 3579 ὕπνον.
2244 3513 2683 3579 Theodoretus
2730 3514 2811 3579 de

1118 3619 1523 3685 Providentia
1551 3620 1670 3684 VI.
1704 3619 1789 3683 T.
1826 3618 1942 3682 lv.
1983 3641 2045 3705 p.
2076 3618 2227 3702 566.
2261 3615 2551 3682 Schulz.:
2601 3620 2813 3683 οὐκοῦν

1118 3726 1404 3807 φρόνησις
1424 3723 1537 3804 μέν
1555 3725 1684 3787 ἐστι
1713 3726 1818 3786 τοῦ
1848 3724 1916 3787 ἐν
1943 3723 2082 3802 ἡμῖν
2109 3726 2356 3805 λογικοῦ
2377 3723 2415 3802 ἡ
2439 3721 2807 3805 ἐγρήγορσις,

1118 3827 1320 3908 ὥσπερ
1349 3825 1559 3906 ἀμέλει
1584 3825 2018 3906 παραφροσύνη
2049 3824 2143 3888 καὶ
2184 3826 2495 3906 ἀφροσύνη
2538 3824 2743 3899 πόλιν,
2774 3826 2812 3904 ἡ

1117 3929 1325 3992 τούτου
1366 3927 1516 4008 μέθη
1562 3928 1628 3990 ἐκ
1662 3932 1780 3990 τῶν
1820 3931 2026 3991 παθῶν
2054 3924 2384 4006 τικτομένη,
2420 3928 2516 3990 καὶ
2561 3928 2690 3991 οἶόν
2728 3953 2814 3994 τις

1119 4027 1347 4110 νεφέλη
1375 4028 1689 4111 γενομένη,
1719 4028 1813 4092 καὶ
1831 4028 2200 4109 πυκνουμένη
2226 4028 2319 4092 καὶ
2344 4031 2808 4111 ἐπιπροσθοῦσα,

1120 4133 1217 4195 καὶ
1255 4134 1518 4215 συνορᾷν
1567 4130 1745 4194 αὐτὸν
1796 4131 1900 4194 οὐκ
1949 4118 2110 4194 ἐῶσα
2157 4131 2225 4193 τὸ
2271 4130 2428 4195 δέον.
2520 4131 2808 4196 Plotinus

1116 4233 1247 4320 ipse
1275 4231 1438 4296 infra
1479 4254 1542 4318 p.
1576 4250 1728 4316 310.
1761 4231 1988 4294 A.—o⁴2
2027 4231 2449 4312 παραπλήσιον
2492 4239 2615 4300 τοῖς
2657 4236 2808 4298 ὀνει-

1114 4338 1403 4418 ρώττουσι
1426 4338 1666 4399 ποιοῦσι
1694 4338 1879 4397 ταῦτα
1906 4335 2119 4416 ἐνεργῆ
2143 4337 2500 4414 νομίζουσιν,
2521 4335 2562 4398 ἃ
2589 4339 2808 4418 ὁρῶσιν

1119 4439 1269 4503 εἶναι
1299 4439 1545 4502 ἐνύπνια
1574 4437 1736 4500 ὄντα.
1787 4438 1884 4501 καὶ
1908 4439 2025 4519 γὰρ
2047 4437 2114 4500 τὸ
2138 4441 2238 4516 τῆς
2257 4438 2590 4518 αἰσθήσεως
2608 4443 2809 4521 ψυχῆς

1117 4543 1282 4605 ἐστιν
1310 4541 1608 4619 εὑδούσης·
1655 4540 1804 4603 ὅσον
1843 4543 1958 4621 γᾶρ
2008 4541 2075 4603 ἐν
2104 4541 2330 4620 σώματι
2372 4545 2593 4624 ψυχῆς,
2633 4546 2806 4605 τοῦτο

1117 4647 1290 4709 εὕδει·
1333 4645 1426 4724 ἡδ’
1456 4645 1705 4723 ἀληθινὴ
1752 4643 2119 4726 ἐγρήγορσις,
2152 4647 2401 4727 ἀληθινὴ
2440 4648 2557 4712 ἀπὸ
2605 4649 2804 4728 σώμα-

1116 4774 1233 4821 τος,
1265 4749 1333 4811 οὐ
1368 4749 1518 4826 μετὰ
1558 4748 1845 4826 σώματος,
1879 4747 2221 4816 ἀνάστασις.
2271 4750 2351 4813 cf.
2384 4750 2533 4813 infr.
2568 4751 2706 4813 111.
2743 4752 2801 4814 8.

1111 4871 1176 4936 3.
1207 4873 1274 4938 p.
1305 4870 1456 4935 345.
1490 4851 1569 4914 F.
1602 4865 1665 4914 et
1705 4872 1894 4936 supra
1926 4851 2023 4914 ΙΙ.
2058 4853 2120 4915 6.
2150 4870 2216 4936 3.
2249 4876 2311 4940 p.
2352 4871 2488 4937 175.
2525 4855 2603 4917 C.
2694 4854 2803 4918 Ad

1113 4952 1283 5017 hunc
1327 4950 1532 5016 locum
1576 4952 1838 5040 apposui
1879 4951 2083 5016 locum
2129 4953 2492 5040 primarium
2527 4955 2807 5020 Platonis

1113 5080 1147 5121 e
1175 5056 1416 5121 Timaeo
1442 5079 1507 5143 p.
1539 5073 1645 5140 52.
1675 5078 1737 5142 p.
1764 5059 1868 5137 64.
1903 5055 2105 5120 Bekk.
2179 5057 2322 5121 Jam
2357 5057 2707 5144 Xenophon
2740 5058 2803 5121 in

1115 5162 1350 5248 Cyrop.
1400 5159 1459 5222 1.
1494 5180 1557 5237 4.
1594 5177 1693 5222 20.
1744 5158 2128 5246 simpliciter,
2179 5175 2395 5247 utpote
2439 5183 2478 5223 a
2525 5160 2804 5225 Platonis

1112 5261 1362 5349 ingenio
1389 5260 1572 5347 longe
1601 5276 1898 5340 remotus,
1917 5261 2134 5349 jungit
2164 5263 2406 5343 ἐφρόνει
2429 5265 2525 5326 καὶ
2556 5264 2802 5345 ἐγρηγό-

1109 5390 1222 5446 ρει,
1253 5363 1424 5451 quod
1456 5360 1846 5426 solummodo
1882 5377 2252 5449 argumento
2281 5381 2372 5427 est
2410 5386 2803 5429 communem

1110 5465 1405 5553 loquendi
1438 5487 1621 5530 usum
1650 5463 1784 5530 haec
1815 5465 2005 5530 verba
2021 5464 2322 5552 junxisse.
2412 5467 2685 5554 Propius
2722 5469 2803 5533 ad

2099 563 2925 633 ANNOTATIONES
2990 564 3101 628 IN
3166 562 3618 628 PLOTINI

2902 736 3137 802 stotelis
3165 736 3246 800 de
3272 735 3510 800 Anima
3542 736 3639 799 11.
3680 755 3734 799 1.
3771 758 3836 823 p.
3865 753 3968 800 22.
4004 734 4181 822 Sylb.
4207 761 4223 800 ε
4272 739 4342 802 ἐν
4370 741 4490 823 γὰρ
4516 745 4594 827 τᾷ

2900 840 3188 925 ὑπάρχειν
3236 840 3345 918 τὴν
3386 840 3596 923 ’ψυχὴν
3646 841 3828 906 ὕπνος
3871 840 3967 902 καὶ
4015 837 4366 921 ἐγρήγορσίς
4409 844 4592 906 ἐστιν.

2903 944 3208 1026 ἀνάλογον
3250 942 3298 1007 δ’
3350 944 3388 1022 ἡ
3441 945 3554 1023 μὲν
3612 941 3963 1024 ἐγρήγορσις
4009 947 4087 1029 τῷ
4134 949 4400 1026 θεωρεῖν·
4448 948 4482 1009 ὁ
4526 950 4589 1011 δὲ

2901 1050 3103 1124 ὕπνος,
3155 1050 3235 1131 τῷ
3289 1046 3452 1129 ἔχειν
3500 1047 3596 1109 καὶ
3642 1046 3721 1124 μὴ
3768 1047 4055 1127 ἐνεργεῖν·
4102 1047 4363 1130 προτέρα
4412 1051 4479 1113 δὲ
4524 1057 4592 1129 τῇ

2903 1149 3143 1232 γενέσει
3193 1148 3289 1213 ἐπὶ
3337 1152 3444 1211 τοῦ
3490 1148 3685 1222 αὑτοῦ,
3729 1148 3766 1226 ἡ
3808 1147 4117 1229 ἐπιστήμη.
4210 1148 4397 1215 Philo
4438 1152 4486 1215 J
4494 1151 4598 1216 ud.

2905 1253 3063 1331 Quis
3083 1274 3289 1315 rerum
3314 1250 3668 1315 divinarum
3692 1250 3771 1316 sit
3789 1250 3987 1315 haeres
4006 1274 4067 1339 p.
4083 1269 4233 1336 524.
4269 1255 4345 1317 B.
4368 1277 4436 1342 p.
4449 1275 4598 1339 510.

2907 1358 3128 1441 Mang.
3150 1353 3380 1422 ’Ὕπνος
3406 1358 3521 1438 γὰρ
3551 1359 3660 1418 νοῦ
3686 1353 4006 1437 γρήγορσίς
4050 1357 4216 1419 ἐστιν
4247 1356 4595 1437 αἰσθήσεως,

2907 1461 3002 1525 καὶ
3023 1464 3139 1544 γὰρ
3169 1461 3231 1523 αἱ
3257 1460 3612 1542 γρηγόρσεις
3631 1461 3733 1537 τῆς
3753 1459 4034 1532 διανοίας,
4063 1459 4397 1539 αἰσθήσεως
4415 1463 4597 1543 ἅπρα·

2906 1566 3024 1644 ξία.
3116 1561 3287 1626 Solet
3312 1561 3498 1625 Philo
3529 1582 3977 1647 nonnunquam
4011 1563 4343 1627 sententias
4368 1564 4595 1651 prima-

2907 1666 3029 1730 rias
3074 1663 3156 1729 ad
3196 1663 3457 1728 verbum
3510 1676 3810 1751 repetere.
3902 1664 4074 1729 Hinc
4118 1665 4413 1754 suspicari
4460 1666 4597 1735 licet

2897 1769 3000 1835 hic
3043 1791 3120 1832 ex
3166 1766 3286 1831 illis
3329 1790 3520 1854 supra
3566 1765 3833 1832 laudatis
3876 1766 4210 1854 legendum
4256 1793 4388 1835 esse
4430 1772 4596 1854 ἐγρή-

2900 1900 3107 1960 γορσις
3133 1890 3195 1935 ct
3227 1873 3627 1954 ἐγρηγόρσεις.
3721 1870 3842 1935 Sed
3887 1870 4206 1954 γρήγορσις
4231 1871 4463 1960 legitur
4491 1898 4590 1961 ap.

2900 1974 3314 2043 Eumathium
3348 1974 3427 2038 de
3460 1975 3687 2038 Ismen.
3715 1977 3970 2038 Amorr.
3996 1975 4128 2039 IX.
4156 1979 4306 2060 396.
4330 1992 4394 2041 et
4418 1976 4595 2041 Lexi-

2902 2076 2990 2143 cis
3028 2075 3387 2142 addendum
3435 2092 3642 2140 censet
3689 2074 3970 2140 Lobeck.
4015 2075 4095 2140 ad
4149 2076 4493 2164 Phrynich.
4525 2101 4589 2165 p.

2907 2203 3053 2271 294.
3079 2207 3195 2270 sq.‚
3216 2204 3403 2268 quem
3428 2181 3658 2246 confer.
3687 2181 3818 2245 Dio
3836 2180 4162 2268 Chrysost.
4191 2185 4366 2247 Orat.
4386 2185 4592 2250 VIII.

2902 2311 2966 2377 p.
3038 2307 3178 2373 134.
3234 2286 3336 2349 D:
3406 2288 3507 2363 τῆς
3553 2286 4186 2367 ἡδονῆς-διαφθεῖραι
4234 2288 4596 2369 πειρωμένης

2903 2393 3116 2471 ὁμοίως
3169 2391 3281 2468 μὲν
3340 2389 3751 2470 ἐγρηγορότας,
3800 2390 4014 2467 ὁμοίως
4070 2390 4135 2452 δὲ
4185 2389 4590 2471 κοιμωμένους.

2901 2494 3011 2558 Ad
3041 2515 3227 2580 quem
3251 2490 3455 2555 locum
3487 2489 3707 2554 similia
3736 2489 4022 2578 exempla
4049 2490 4241 2578 hujus
4266 2515 4437 2571 usus,
4468 2516 4594 2579 quo

2902 2598 3036 2661 haec
3065 2595 3256 2659 verba
3298 2594 3458 2658 inter
3488 2617 3552 2657 se
3580 2608 4009 2679 opponuntur,
4041 2593 4289 2682 collegit
4325 2594 4588 2683 diligen·

2903 2698 3173 2764 tissimus
3204 2698 3472 2783 Baguet.
3505 2695 3567 2759 in
3591 2709 3801 2758 annot.
3833 2719 3901 2781 p.
3934 2717 4037 2780 94.
4070 2719 4165 2783 sq.

2983 2837 3058 2853 —
3099 2802 3193 2863 18.
3217 2801 3293 2866 ὣς
3323 2797 3411 2863 ἐπ’
3443 2799 3623 2862 αὑτοῦ
3643 2800 3918 2881 ὀχεῖσθαι
3937 2800 4157 2885 ἡσυχῇ]
4197 2798 4439 2888 Taylor
4469 2823 4593 2866 ma-

2895 2904 2992 2992 gis
3012 2902 3092 2968 ad
3114 2901 3372 2966 verbum
3401 2926 3416 2964 t
3451 2909 3494 2939 “
3520 2923 3589 2965 so
3610 2901 3743 2964 that
3760 2902 3814 2964 it
3833 2922 3981 2988 may
3998 2902 4068 2965 be
4086 2902 4323 2989 quietly
4343 2903 4593 2968 carried

2896 3011 2969 3072 in
3006 3008 3119 3071 it.”
3208 3004 3519 3068 Nimirum
3584 3019 3653 3067 ut
3696 3002 3903 3067 anima
3939 3003 4057 3069 hoc
4085 3003 4373 3070 vehiculo
4398 3005 4593 3071 tutius

2901 3125 3134 3174 utatur.
3204 3110 3453 3194 Corpus
3497 3105 3658 3169 enirn
3684 3105 4039 3171 vehiculum
4071 3108 4332 3173 animae:
4381 3108 4431 3173 si
4459 3109 4595 3196 qui-

2899 3212 3040 3277 dem
3088 3226 3251 3275 recte
3289 3232 3585 3296 assequor
3614 3209 3804 3295 hujus
3833 3207 3948 3273 loci
3981 3211 4372 3289 sententiam,
4403 3234 4588 3299 quem

2899 3316 3313 3381 obscuriorem
3346 3336 3497 3389 esse,
3528 3328 3592 3376 et
3634 3312 3894 3376 fortasse
3922 3313 4105 3378 etiam
4136 3314 4581 3403 corruptiorem

2898 3440 3087 3504 quam
3139 3432 3212 3481 ut
3260 3432 3430 3481 certo
3475 3415 3877 3502 pronuntiare
3926 3418 4143 3503 possis,
4185 3440 4390 3497 nemo,
4431 3417 4592 3483 arbi-

2898 3535 3050 3598 tror,
3097 3519 3482 3584 diffitebitur.
3574 3519 3675 3583 De
3704 3518 3894 3582 verbo
3928 3521 4277 3603 ἐποχεῖσθαι
4303 3520 4447 3586 vide
4490 3544 4589 3588 su-

2896 3646 3011 3711 pra
3057 3646 3121 3710 p.
3154 3641 3261 3707 52.
3303 3623 3386 3685 E.
3435 3645 3500 3708 p.
3545 3624 3652 3706 56.
3707 3622 3782 3684 F.
3822 3644 3883 3709 p.
3925 3641 4064 3706 109.
4154 3624 4258 3687 De
4305 3623 4585 3706 καθάρσει

2895 3725 2974 3790 cf.
3009 3727 3067 3789 1.
3105 3745 3161 3788 2.
3192 3746 3253 3812 3.
3285 3747 3352 3808 4.
3390 3725 3444 3788 I.
3478 3724 3538 3788 6.
3571 3743 3632 3806 7.
3672 3725 3783 3787 VI.
3822 3741 3878 3807 7.
3911 3726 4020 3810 36.

2983 3851 3047 3916 p.
3068 3832 3221 3913 562,
3255 3849 3307 3892 1.
3354 3828 3483 3906 Τὴν
3503 3829 3616 3907 μὲν
3646 3829 3710 3891 δὲ
3740 3828 3953 3891 οὐσίαν
3982 3828 4090 3906 τὴν
4121 3828 4366 3918 νοητὴν]
4399 3831 4586 3908 Quod

2897 3928 2961 3994 in
2994 3929 3396 4016 sequentibus
3433 3928 3750 3993 materiam
3780 3951 4035 4015 quoque
4065 3929 4196 4016 pati
4228 3946 4415 4019 neg-at
4445 3932 4588 3998 Plo-

2898 4032 3090 4110 tinuS,
3127 4032 3245 4096 hoc
3286 4030 3534 4095 nomine
3577 4030 4054 4118 reprehenditur
4080 4055 4119 4095 a
4150 4033 4343 4098 Petro
4379 4036 4589 4101 Petito

2897 4134 2959 4199 in
2993 4135 3383 4199 Miscellann.
3419 4136 3774 4200 Observatt.
3808 4135 3907 4197 11.
3951 4155 4051 4198 11.
4081 4134 4363 4223 disputat
4401 4137 4584 4204 etiam

2892 4237 2972 4301 de
3000 4238 3097 4302 his
3127 4237 3482 4326 philosophi
3512 4238 3705 4302 nostri
3748 4236 3990 4326 placitis
4030 4238 4497 4306 Tiedemannus
4524 4242 4587 4306 in

2897 4342 3074 4406 Geist
3110 4343 3224 4405 der
3263 4342 3697 4429 spekulativen
3730 4341 4128 4429 Philosophie
4169 4342 4306 4406 111.
4338 4366 4402 4430 p.
4440 4345 4583 4410 286.

2894 4467 2983 4531 sq.
3031 4446 3132 4508 De
3158 4454 3295 4509 ente
3313 4458 3375 4509 et
3404 4469 3529 4509 non
3559 4454 3696 4509 ente
3726 4444 4234 4532 philosophorum
4259 4446 4588 4511 sententias

2893 4561 3165 4610 recenset
3211 4546 3580 4609 Aristoteles
3623 4545 3701 4609 de
3750 4546 4051 4609 Generat.
4083 4560 4146 4609 et
4191 4547 4494 4634 Corrupt.
4528 4549 4580 4611 I.

2900 4669 2958 4714 1.
2991 4661 3054 4713 et
3081 4672 3220 4736 cap.
3251 4650 3394 4713 111.
3430 4649 3717 4736 Physicc.
3752 4646 4065 4712 Auscultt.
4101 4648 4160 4712 1.
4197 4662 4264 4732 5.
4295 4647 4376 4711 de
4406 4648 4585 4714 Coelo

2891 4775 2944 4816 c.
2987 4772 3039 4814 1.
3073 4751 3350 4816 Platonis
3379 4751 3604 4838 placita
3640 4751 3812 4837 quod
3841 4750 4064 4815 attinet
4091 4748 4488 4815 continentur
4514 4772 4587 4816 ea

2892 4855 3283 4943 potissimum
3358 4856 3418 4919 in
3484 4854 3874 4930 Parmenide,
3939 4852 4249 4940 Sophista,
4312 4851 4576 4918 Timaeo.

2894 4957 3101 5022 Procli
3133 4960 3293 5022 Inst.
3326 4958 3554 5022 Theol.
3586 4982 3641 5022 c.
3678 4958 3870 5021 XIV.
3905 4979 3997 5043 sq.
4049 4956 4154 5021 Cf.
4184 4956 4367 5020 etiam
4411 4958 4580 5021 Her·

2893 5059 3073 5132 metis
3097 5059 3578 5146 disputationem
3612 5082 3709 5146 ap.
3740 5058 3914 5123 Stob.
3950 5057 4217 5143 Eclogg.
4252 5057 4480 5143 Physs.
4514 5060 4570 5122 Ι.

2889 5183 2997 5247 43.
3035 5185 3097 5248 p.
3133 5178 3279 5248 750.
3313 5163 3413 5226 ed.
3447 5165 3721 5226 Heeren.
3788 5160 4229 5227 Consulendus
4257 5175 4469 5225 autem
4498 5161 4578 5225 de

2889 5264 2986 5328 his
3017 5265 3407 5329 Moshemius
3428 5265 3508 5329 ad
3538 5263 3685 5329 calc.
3714 5264 4072 5330 Cudworth.
4099 5265 4267 5351 Syst.
4295 5261 4489 5328 intell.
4510 5285 4576 5351 p.

2889 5368 3034 5451 964·
3069 5391 3206 5455 sqq·

2972 5507 3059 5518 —
3093 5491 3191 5535 10.
3234 5476 3406 5534 τοῦτο
3446 5472 3530 5543 δὲ,
3573 5470 3606 5533 ὃ
3649 5473 3832 5551 μηδὲν
3881 5471 4211 5533 ἀποστατεῖ
4242 5471 4348 5531 τοῦ
4392 5466 4569 5553 εἶναι]

1112 5568 1247 5633 haec
1278 5568 1598 5634 Platonica
1639 5583 1702 5633 et
1743 5566 2095 5633 Plotiniana
2144 5568 2448 5634 accedunt
2490 5569 2626 5634 haec
2654 5569 2803 5635 Ari-
2886 5573 3034 5637 Non
3078 5571 3363 5648 dixerim,
3408 5594 3489 5635 an
3535 5571 3790 5636 Ficinus
3832 5570 4049 5657 legerit
4088 5569 4155 5657 ᾧ.
4237 5567 4568 5657 Vulgatam
