<?xml version="1.0" encoding="UTF-8"?>
<!DOCTYPE html PUBLIC "-//W3C//DTD XHTML 1.0 Transitional//EN"
    "http://www.w3.org/TR/xhtml1/DTD/xhtml1-transitional.dtd">
<html xmlns="http://www.w3.org/1999/xhtml" xml:lang="en" lang="en">
 <head>
  <title>
</title>
<meta http-equiv="Content-Type" content="text/html;charset=utf-8" />
  <meta name='ocr-system' content='tesseract 3.04.00' />
  <meta name='ocr-capabilities' content='ocr_page ocr_carea ocr_par ocr_line ocrx_word'/>
</head>
<body>
  <div class='ocr_page' id='page_1' title='image "./plotinioperaomn00chumgoog_0043.png"; bbox 0 0 5118 6613; ppageno 0'>
   <div class='ocr_carea' id='block_1_1' title="bbox 1501 538 3215 628">
    <p class='ocr_par' dir='ltr' id='par_1_1' title="bbox 1501 538 3215 628">
     <span class='ocr_line' id='line_1_1' title="bbox 1501 538 3215 628; baseline 0.002 -26"><span class='ocrx_word' id='word_1_1' title='bbox 1501 538 1700 603; x_wconf 78' lang='lat' dir='ltr'>mn.</span> <span class='ocrx_word' id='word_1_2' title='bbox 1746 539 1865 604; x_wconf 79' lang='lat' dir='ltr'>vl.</span> <span class='ocrx_word' id='word_1_3' title='bbox 1910 539 2362 606; x_wconf 85' lang='lat' dir='ltr'>ENNEAD.</span> <span class='ocrx_word' id='word_1_4' title='bbox 2409 540 2801 606; x_wconf 80' lang='lat' dir='ltr'>PRIMAE.</span> <span class='ocrx_word' id='word_1_5' title='bbox 2845 562 2911 628; x_wconf 88' lang='lat' dir='ltr'>p.</span> <span class='ocrx_word' id='word_1_6' title='bbox 2943 542 3215 628; x_wconf 84' lang='lat'><strong>89—97·</strong></span> 
     </span>
    </p>
   </div>
   <div class='ocr_carea' id='block_1_2' title="bbox 642 708 2317 1517">
    <p class='ocr_par' dir='ltr' id='par_1_2' title="bbox 642 708 2317 1517">
     <span class='ocr_line' id='line_1_2' title="bbox 643 708 2315 799; baseline 0.001 -23"><span class='ocrx_word' id='word_1_7' title='bbox 643 731 856 776; x_wconf 89' lang='lat' dir='ltr'>eorum</span> <span class='ocrx_word' id='word_1_8' title='bbox 906 708 1204 776; x_wconf 91' lang='lat' dir='ltr'>librorum</span> <span class='ocrx_word' id='word_1_9' title='bbox 1255 710 1730 790; x_wconf 83' lang='lat' dir='ltr'>enumeratione,</span> <span class='ocrx_word' id='word_1_10' title='bbox 1783 734 1940 799; x_wconf 89' lang='lat' dir='ltr'>quos</span> <span class='ocrx_word' id='word_1_11' title='bbox 1983 710 2203 799; x_wconf 84' lang='lat' dir='ltr'>viginti</span> <span class='ocrx_word' id='word_1_12' title='bbox 2252 727 2315 777; x_wconf 92' lang='lat' dir='ltr'>et</span> 
     </span>
     <span class='ocr_line' id='line_1_3' title="bbox 642 812 2312 902; baseline 0.001 -24"><span class='ocrx_word' id='word_1_13' title='bbox 642 835 838 878; x_wconf 90' lang='lat' dir='ltr'>unum</span> <span class='ocrx_word' id='word_1_14' title='bbox 872 814 1008 900; x_wconf 89' lang='lat' dir='ltr'>jam</span> <span class='ocrx_word' id='word_1_15' title='bbox 1051 812 1474 901; x_wconf 73' lang='lat' dir='ltr'>conscripsisse</span> <span class='ocrx_word' id='word_1_16' title='bbox 1513 812 1691 878; x_wconf 92' lang='lat' dir='ltr'>illum</span> <span class='ocrx_word' id='word_1_17' title='bbox 1728 813 1959 902; x_wconf 85' lang='lat' dir='ltr'>prodit,</span> <span class='ocrx_word' id='word_1_18' title='bbox 1991 837 2119 900; x_wconf 90' lang='lat' dir='ltr'>quo</span> <span class='ocrx_word' id='word_1_19' title='bbox 2155 828 2312 879; x_wconf 90' lang='lat' dir='ltr'>tem-</span> 
     </span>
     <span class='ocr_line' id='line_1_4' title="bbox 643 914 2314 1005; baseline 0.001 -26"><span class='ocrx_word' id='word_1_20' title='bbox 643 939 794 1005; x_wconf 85' lang='lat' dir='ltr'>pore</span> <span class='ocrx_word' id='word_1_21' title='bbox 833 914 1106 1004; x_wconf 88' lang='lat' dir='ltr'>primum</span> <span class='ocrx_word' id='word_1_22' title='bbox 1149 916 1280 1003; x_wconf 74' lang='lat' dir='ltr'>ipoe</span> <span class='ocrx_word' id='word_1_23' title='bbox 1318 915 1383 979; x_wconf 90' lang='lat' dir='ltr'>in</span> <span class='ocrx_word' id='word_1_24' title='bbox 1422 916 1556 1004; x_wconf 89' lang='lat' dir='ltr'>ejus</span> <span class='ocrx_word' id='word_1_25' title='bbox 1598 916 1878 981; x_wconf 78' lang='lat' dir='ltr'>notitiam</span> <span class='ocrx_word' id='word_1_26' title='bbox 1921 916 2314 1004; x_wconf 89' lang='lat' dir='ltr'>pervenisset.</span> 
     </span>
     <span class='ocr_line' id='line_1_5' title="bbox 645 1017 2313 1107; baseline -0.001 -23"><span class='ocrx_word' id='word_1_27' title='bbox 645 1020 815 1084; x_wconf 91' lang='lat' dir='ltr'>Eum</span> <span class='ocrx_word' id='word_1_28' title='bbox 842 1018 1047 1107; x_wconf 86' lang='lat' dir='ltr'>ipsum</span> <span class='ocrx_word' id='word_1_29' title='bbox 1086 1017 1315 1084; x_wconf 90' lang='lat' dir='ltr'>librum</span> <span class='ocrx_word' id='word_1_30' title='bbox 1355 1018 1420 1083; x_wconf 89' lang='lat' dir='ltr'>in</span> <span class='ocrx_word' id='word_1_31' title='bbox 1462 1019 1781 1106; x_wconf 90' lang='lat' dir='ltr'>publicum</span> <span class='ocrx_word' id='word_1_32' title='bbox 1818 1018 2102 1084; x_wconf 88' lang='lat' dir='ltr'>dedimus</span> <span class='ocrx_word' id='word_1_33' title='bbox 2135 1041 2313 1106; x_wconf 90' lang='lat' dir='ltr'>sepa-</span> 
     </span>
     <span class='ocr_line' id='line_1_6' title="bbox 646 1120 2312 1187; baseline 0 -1"><span class='ocrx_word' id='word_1_34' title='bbox 646 1120 827 1187; x_wconf 88' lang='lat' dir='ltr'>ratim</span> <span class='ocrx_word' id='word_1_35' title='bbox 854 1121 972 1186; x_wconf 89' lang='lat' dir='ltr'>hoc</span> <span class='ocrx_word' id='word_1_36' title='bbox 1001 1120 1216 1186; x_wconf 86' lang='lat' dir='ltr'>titulo:</span> <span class='ocrx_word' id='word_1_37' title='bbox 1264 1122 1505 1187; x_wconf 71' lang='lat' dir='ltr'>Plotini</span> <span class='ocrx_word' id='word_1_38' title='bbox 1534 1122 1726 1187; x_wconf 75' lang='lat' dir='ltr'>Liber</span> <span class='ocrx_word' id='word_1_39' title='bbox 1752 1122 1828 1186; x_wconf 81' lang='lat' dir='ltr'>de</span> <span class='ocrx_word' id='word_1_40' title='bbox 1858 1122 2312 1187; x_wconf 57' lang='lat' dir='ltr'>Palm-{tudine</span> 
     </span>
     <span class='ocr_line' id='line_1_7' title="bbox 647 1223 2316 1311; baseline 0.001 -23"><span class='ocrx_word' id='word_1_41' title='bbox 647 1223 758 1288; x_wconf 83' lang='lat' dir='ltr'>Ad</span> <span class='ocrx_word' id='word_1_42' title='bbox 789 1223 1087 1289; x_wconf 88' lang='lat' dir='ltr'>Codicum</span> <span class='ocrx_word' id='word_1_43' title='bbox 1115 1223 1301 1289; x_wconf 89' lang='lat' dir='ltr'>fidem</span> <span class='ocrx_word' id='word_1_44' title='bbox 1330 1223 1678 1289; x_wconf 80' lang='lat' dir='ltr'>emendavit</span> <span class='ocrx_word' id='word_1_45' title='bbox 1707 1224 2316 1311; x_wconf 88' lang='lat' dir='ltr'>Annotationemque</span> 
     </span>
     <span class='ocr_line' id='line_1_8' title="bbox 646 1325 2317 1416; baseline -0.001 -24"><span class='ocrx_word' id='word_1_46' title='bbox 646 1341 1029 1416; x_wconf 88' lang='lat' dir='ltr'>perpetuam,</span> <span class='ocrx_word' id='word_1_47' title='bbox 1102 1325 1437 1415; x_wconf 84' lang='lat' dir='ltr'>interjectis</span> <span class='ocrx_word' id='word_1_48' title='bbox 1505 1326 1803 1392; x_wconf 72' lang='lat' dir='ltr'>Danielis</span> <span class='ocrx_word' id='word_1_49' title='bbox 1870 1328 2317 1414; x_wconf 72' lang='lat' dir='ltr'>Wytienbachii</span> 
     </span>
     <span class='ocr_line' id='line_1_9' title="bbox 649 1427 2316 1517; baseline 0 -25"><span class='ocrx_word' id='word_1_50' title='bbox 649 1429 829 1508; x_wconf 86' lang='lat' dir='ltr'>notis,</span> <span class='ocrx_word' id='word_1_51' title='bbox 859 1428 1303 1517; x_wconf 82' lang='lat' dir='ltr'>epistolamque</span> <span class='ocrx_word' id='word_1_52' title='bbox 1324 1428 1406 1493; x_wconf 90' lang='lat' dir='ltr'>ad</span> <span class='ocrx_word' id='word_1_53' title='bbox 1428 1428 1693 1493; x_wconf 89' lang='lat' dir='ltr'>eundem</span> <span class='ocrx_word' id='word_1_54' title='bbox 1715 1451 1786 1493; x_wconf 90' lang='lat' dir='ltr'>ac</span> <span class='ocrx_word' id='word_1_55' title='bbox 1807 1427 2316 1517; x_wconf 72' lang='lat' dir='ltr'>praeparationem</span> 
     </span>
    </p>
   </div>
   <div class='ocr_carea' id='block_1_3' title="bbox 646 1529 2319 1701">
    <p class='ocr_par' dir='ltr' id='par_1_3' title="bbox 646 1529 2319 1701">
     <span class='ocr_line' id='line_1_10' title="bbox 646 1529 2319 1617; baseline -0.001 -20"><span class='ocrx_word' id='word_1_56' title='bbox 646 1554 785 1599; x_wconf 90' lang='lat' dir='ltr'>cum</span> <span class='ocrx_word' id='word_1_57' title='bbox 815 1532 898 1596; x_wconf 91' lang='lat' dir='ltr'>ad</span> <span class='ocrx_word' id='word_1_58' title='bbox 924 1532 1093 1597; x_wconf 86' lang='lat' dir='ltr'>hunc</span> <span class='ocrx_word' id='word_1_59' title='bbox 1119 1531 1349 1597; x_wconf 89' lang='lat' dir='ltr'>librum</span> <span class='ocrx_word' id='word_1_60' title='bbox 1379 1547 1515 1597; x_wconf 91' lang='lat' dir='ltr'>tum</span> <span class='ocrx_word' id='word_1_61' title='bbox 1543 1530 1625 1597; x_wconf 85' lang='lat' dir='ltr'>ad</span> <span class='ocrx_word' id='word_1_62' title='bbox 1653 1530 1920 1617; x_wconf 88' lang='lat' dir='ltr'>reliquos</span> <span class='ocrx_word' id='word_1_63' title='bbox 1946 1545 2061 1595; x_wconf 90' lang='lat' dir='ltr'>cet.</span> <span class='ocrx_word' id='word_1_64' title='bbox 2094 1529 2319 1617; x_wconf 82' lang='lat' dir='ltr'>adjecit</span> 
     </span>
     <span class='ocr_line' id='line_1_11' title="bbox 648 1633 2312 1701; baseline -0.001 -2"><span class='ocrx_word' id='word_1_65' title='bbox 648 1636 1020 1700; x_wconf 56' lang='lat' dir='ltr'>Fvidevicus</span> <span class='ocrx_word' id='word_1_66' title='bbox 1040 1635 1328 1701; x_wconf 78' lang='lat' dir='ltr'>Creuzer.</span> <span class='ocrx_word' id='word_1_67' title='bbox 1374 1634 1706 1698; x_wconf 87' lang='lat' dir='ltr'>Accedunt</span> <span class='ocrx_word' id='word_1_68' title='bbox 1722 1633 2048 1698; x_wconf 85' lang='lat' dir='ltr'>Anecdota</span> <span class='ocrx_word' id='word_1_69' title='bbox 2066 1635 2312 1699; x_wconf 84' lang='lat' dir='ltr'>Graeca:</span> 
     </span>
    </p>
   </div>
   <div class='ocr_carea' id='block_1_4' title="bbox 636 1737 2331 5626">
    <p class='ocr_par' dir='ltr' id='par_1_4' title="bbox 648 1737 2329 4908">
     <span class='ocr_line' id='line_1_12' title="bbox 648 1737 2315 1826; baseline -0.003 -22"><span class='ocrx_word' id='word_1_70' title='bbox 648 1739 863 1804; x_wconf 71' lang='lat' dir='ltr'>Procli</span> <span class='ocrx_word' id='word_1_71' title='bbox 912 1739 1282 1826; x_wconf 67' lang='lat' dir='ltr'>Disputatw</span> <span class='ocrx_word' id='word_1_72' title='bbox 1330 1737 1406 1801; x_wconf 81' lang='lat' dir='ltr'>de</span> <span class='ocrx_word' id='word_1_73' title='bbox 1447 1738 1703 1802; x_wconf 77' lang='lat' dir='ltr'>Unitate</span> <span class='ocrx_word' id='word_1_74' title='bbox 1750 1745 1810 1800; x_wconf 81' lang='lat' dir='ltr'>et</span> <span class='ocrx_word' id='word_1_75' title='bbox 1857 1737 2315 1814; x_wconf 58' lang='lat' dir='ltr'>Pulc-vimine,</span> 
     </span>
     <span class='ocr_line' id='line_1_13' title="bbox 648 1839 2319 1928; baseline -0.001 -22"><span class='ocrx_word' id='word_1_76' title='bbox 648 1841 993 1928; x_wconf 54' lang='lat' dir='ltr'>Nic-ephori</span> <span class='ocrx_word' id='word_1_77' title='bbox 1051 1840 1469 1905; x_wconf 71' lang='lat' dir='ltr'>Nathmzaelis</span> <span class='ocrx_word' id='word_1_78' title='bbox 1531 1839 1947 1904; x_wconf 61' lang='lat' dir='ltr'>Anticlia-icus</span> <span class='ocrx_word' id='word_1_79' title='bbox 2015 1840 2319 1904; x_wconf 70' lang='lat' dir='ltr'>adversus</span> 
     </span>
     <span class='ocr_line' id='line_1_14' title="bbox 649 1942 2320 2028; baseline -0.001 -20"><span class='ocrx_word' id='word_1_80' title='bbox 649 1944 971 2009; x_wconf 76' lang='lat' dir='ltr'>Plotinum</span> <span class='ocrx_word' id='word_1_81' title='bbox 1016 1943 1092 2007; x_wconf 82' lang='lat' dir='ltr'>de</span> <span class='ocrx_word' id='word_1_82' title='bbox 1145 1944 1381 2007; x_wconf 76' lang='lat' dir='ltr'>Anima</span> <span class='ocrx_word' id='word_1_83' title='bbox 1407 1967 1431 2015; x_wconf 82' lang='lat'>‚-</span> <span class='ocrx_word' id='word_1_84' title='bbox 1494 1943 1766 2028; x_wconf 89' lang='lat' dir='ltr'>itemque</span> <span class='ocrx_word' id='word_1_85' title='bbox 1812 1942 2126 2007; x_wconf 74' lang='lat' dir='ltr'>Lectiones</span> <span class='ocrx_word' id='word_1_86' title='bbox 2170 1943 2320 2006; x_wconf 65' lang='lat' dir='ltr'>Pu»-</span> 
     </span>
     <span class='ocr_line' id='line_1_15' title="bbox 650 2043 2316 2133; baseline -0.002 -21"><span class='ocrx_word' id='word_1_87' title='bbox 650 2049 868 2112; x_wconf 79' lang='lat' dir='ltr'>tom’cae</span> <span class='ocrx_word' id='word_1_88' title='bbox 911 2044 1240 2110; x_wconf 82' lang='lat' dir='ltr'>maximam</span> <span class='ocrx_word' id='word_1_89' title='bbox 1291 2060 1528 2133; x_wconf 87' lang='lat' dir='ltr'>partem</span> <span class='ocrx_word' id='word_1_90' title='bbox 1572 2067 1650 2108; x_wconf 88' lang='lat' dir='ltr'>ex</span> <span class='ocrx_word' id='word_1_91' title='bbox 1695 2043 1899 2109; x_wconf 90' lang='lat' dir='ltr'>Codd.</span> <span class='ocrx_word' id='word_1_92' title='bbox 1931 2045 2128 2109; x_wconf 91' lang='lat' dir='ltr'>MSS.</span> <span class='ocrx_word' id='word_1_93' title='bbox 2166 2067 2316 2109; x_wconf 89' lang='lat' dir='ltr'>eno·</span> 
     </span>
     <span class='ocr_line' id='line_1_16' title="bbox 650 2147 2322 2236; baseline -0.002 -21"><span class='ocrx_word' id='word_1_94' title='bbox 650 2162 815 2215; x_wconf 82' lang='lat' dir='ltr'>tatae.</span> <span class='ocrx_word' id='word_1_95' title='bbox 887 2147 1324 2236; x_wconf 83' lang='lat' dir='ltr'>Heidelbergae</span> <span class='ocrx_word' id='word_1_96' title='bbox 1368 2148 1886 2213; x_wconf 90' lang='lat' dir='ltr'>MDCCCXIV.</span> <span class='ocrx_word' id='word_1_97' title='bbox 1935 2149 2027 2212; x_wconf 89' lang='lat'>80.</span> <span class='ocrx_word' id='word_1_98' title='bbox 2096 2148 2205 2212; x_wconf 78' lang='lat' dir='ltr'>Ex</span> <span class='ocrx_word' id='word_1_99' title='bbox 2247 2170 2322 2212; x_wconf 89' lang='lat' dir='ltr'>ea</span> 
     </span>
     <span class='ocr_line' id='line_1_17' title="bbox 649 2249 2321 2337; baseline -0.001 -21"><span class='ocrx_word' id='word_1_100' title='bbox 649 2251 915 2316; x_wconf 90' lang='lat' dir='ltr'>editione</span> <span class='ocrx_word' id='word_1_101' title='bbox 970 2251 1095 2316; x_wconf 90' lang='lat' dir='ltr'>huc</span> <span class='ocrx_word' id='word_1_102' title='bbox 1151 2250 1574 2317; x_wconf 85' lang='lat' dir='ltr'>transferenda</span> <span class='ocrx_word' id='word_1_103' title='bbox 1635 2249 1977 2316; x_wconf 84' lang='lat' dir='ltr'>existimavi</span> <span class='ocrx_word' id='word_1_104' title='bbox 2026 2251 2321 2337; x_wconf 88' lang='lat' dir='ltr'>Wytten·</span> 
     </span>
     <span class='ocr_line' id='line_1_18' title="bbox 649 2352 2318 2442; baseline -0.002 -22"><span class='ocrx_word' id='word_1_105' title='bbox 649 2353 850 2420; x_wconf 79' lang='lat' dir='ltr'>bachii</span> <span class='ocrx_word' id='word_1_106' title='bbox 901 2356 1226 2421; x_wconf 89' lang='lat' dir='ltr'>Annotata</span> <span class='ocrx_word' id='word_1_107' title='bbox 1270 2353 1543 2442; x_wconf 84' lang='lat' dir='ltr'>integra:</span> <span class='ocrx_word' id='word_1_108' title='bbox 1590 2376 1625 2418; x_wconf 89' lang='lat' dir='ltr'>e</span> <span class='ocrx_word' id='word_1_109' title='bbox 1674 2353 1824 2418; x_wconf 90' lang='lat' dir='ltr'>meis</span> <span class='ocrx_word' id='word_1_110' title='bbox 1871 2376 1946 2418; x_wconf 86' lang='lat' dir='ltr'>ea</span> <span class='ocrx_word' id='word_1_111' title='bbox 1993 2352 2318 2431; x_wconf 84' lang='lat' dir='ltr'>duntaxat,</span> 
     </span>
     <span class='ocr_line' id='line_1_19' title="bbox 653 2454 2318 2545; baseline -0.002 -22"><span class='ocrx_word' id='word_1_112' title='bbox 653 2481 797 2545; x_wconf 82' lang='lat' dir='ltr'>quoe</span> <span class='ocrx_word' id='word_1_113' title='bbox 840 2456 923 2523; x_wconf 91' lang='lat' dir='ltr'>ad</span> <span class='ocrx_word' id='word_1_114' title='bbox 963 2457 1130 2522; x_wconf 90' lang='lat' dir='ltr'>hunc</span> <span class='ocrx_word' id='word_1_115' title='bbox 1175 2455 1515 2522; x_wconf 85' lang='lat' dir='ltr'>breviorem</span> <span class='ocrx_word' id='word_1_116' title='bbox 1563 2455 2015 2522; x_wconf 87' lang='lat' dir='ltr'>commentandi</span> <span class='ocrx_word' id='word_1_117' title='bbox 2063 2454 2318 2519; x_wconf 92' lang='lat' dir='ltr'>modum</span> 
     </span>
     <span class='ocr_line' id='line_1_20' title="bbox 652 2557 2321 2646; baseline -0.001 -22"><span class='ocrx_word' id='word_1_118' title='bbox 652 2559 1109 2625; x_wconf 85' lang='lat' dir='ltr'>accommodata</span> <span class='ocrx_word' id='word_1_119' title='bbox 1132 2559 1510 2625; x_wconf 85' lang='lat' dir='ltr'>viderentur.</span> <span class='ocrx_word' id='word_1_120' title='bbox 1601 2559 1765 2622; x_wconf 91' lang='lat' dir='ltr'>Nam</span> <span class='ocrx_word' id='word_1_121' title='bbox 1793 2558 1856 2622; x_wconf 89' lang='lat' dir='ltr'>in</span> <span class='ocrx_word' id='word_1_122' title='bbox 1893 2557 1999 2623; x_wconf 93' lang='lat' dir='ltr'>illo</span> <span class='ocrx_word' id='word_1_123' title='bbox 2027 2557 2321 2646; x_wconf 83' lang='lat' dir='ltr'>singulari</span> 
     </span>
     <span class='ocr_line' id='line_1_21' title="bbox 652 2660 2317 2749; baseline -0.001 -22"><span class='ocrx_word' id='word_1_124' title='bbox 652 2663 812 2729; x_wconf 90' lang='lat' dir='ltr'>libro</span> <span class='ocrx_word' id='word_1_125' title='bbox 838 2676 985 2728; x_wconf 89' lang='lat' dir='ltr'>tunc</span> <span class='ocrx_word' id='word_1_126' title='bbox 1022 2662 1273 2749; x_wconf 90' lang='lat' dir='ltr'>quidem</span> <span class='ocrx_word' id='word_1_127' title='bbox 1314 2660 1501 2727; x_wconf 88' lang='lat' dir='ltr'>latius</span> <span class='ocrx_word' id='word_1_128' title='bbox 1541 2684 1707 2726; x_wconf 89' lang='lat' dir='ltr'>eram</span> <span class='ocrx_word' id='word_1_129' title='bbox 1745 2675 2042 2749; x_wconf 83' lang='lat' dir='ltr'>evagatus</span> <span class='ocrx_word' id='word_1_130' title='bbox 2078 2675 2142 2725; x_wconf 90' lang='lat' dir='ltr'>et</span> <span class='ocrx_word' id='word_1_131' title='bbox 2173 2683 2317 2726; x_wconf 92' lang='lat' dir='ltr'>con-</span> 
     </span>
     <span class='ocr_line' id='line_1_22' title="bbox 653 2762 2319 2851; baseline -0.001 -21"><span class='ocrx_word' id='word_1_132' title='bbox 653 2764 837 2846; x_wconf 88' lang='lat' dir='ltr'>sulto,</span> <span class='ocrx_word' id='word_1_133' title='bbox 868 2764 1156 2829; x_wconf 88' lang='lat' dir='ltr'>nimirum</span> <span class='ocrx_word' id='word_1_134' title='bbox 1202 2765 1295 2829; x_wconf 92' lang='lat' dir='ltr'>uti</span> <span class='ocrx_word' id='word_1_135' title='bbox 1344 2765 1407 2829; x_wconf 93' lang='lat' dir='ltr'>in</span> <span class='ocrx_word' id='word_1_136' title='bbox 1451 2787 1526 2828; x_wconf 89' lang='lat' dir='ltr'>eo</span> <span class='ocrx_word' id='word_1_137' title='bbox 1574 2762 1858 2851; x_wconf 87' lang='lat' dir='ltr'>exemplo</span> <span class='ocrx_word' id='word_1_138' title='bbox 1896 2778 2319 2843; x_wconf 83' lang='lat' dir='ltr'>monstrarem,</span> 
     </span>
     <span class='ocr_line' id='line_1_23' title="bbox 653 2866 2323 2957; baseline -0.001 -25"><span class='ocrx_word' id='word_1_139' title='bbox 653 2882 958 2957; x_wconf 89' lang='lat' dir='ltr'>quantum</span> <span class='ocrx_word' id='word_1_140' title='bbox 1002 2867 1195 2955; x_wconf 90' lang='lat' dir='ltr'>hujus</span> <span class='ocrx_word' id='word_1_141' title='bbox 1244 2866 1491 2932; x_wconf 78' lang='lat' dir='ltr'>familiae</span> <span class='ocrx_word' id='word_1_142' title='bbox 1540 2866 2045 2955; x_wconf 87' lang='lat' dir='ltr'>philosophorum</span> <span class='ocrx_word' id='word_1_143' title='bbox 2106 2888 2323 2931; x_wconf 90' lang='lat' dir='ltr'>monu-</span> 
     </span>
     <span class='ocr_line' id='line_1_24' title="bbox 655 2969 2319 3058; baseline -0.002 -21"><span class='ocrx_word' id='word_1_144' title='bbox 655 2987 862 3037; x_wconf 87' lang='lat' dir='ltr'>menta</span> <span class='ocrx_word' id='word_1_145' title='bbox 886 2993 1029 3037; x_wconf 91' lang='lat' dir='ltr'>cum</span> <span class='ocrx_word' id='word_1_146' title='bbox 1057 2971 1141 3036; x_wconf 88' lang='lat' dir='ltr'>ad</span> <span class='ocrx_word' id='word_1_147' title='bbox 1169 2970 1514 3035; x_wconf 88' lang='lat' dir='ltr'>universam</span> <span class='ocrx_word' id='word_1_148' title='bbox 1549 2969 2000 3058; x_wconf 85' lang='lat' dir='ltr'>philosophiam</span> <span class='ocrx_word' id='word_1_149' title='bbox 2028 2969 2319 3048; x_wconf 86' lang='lat' dir='ltr'>facerent,</span> 
     </span>
     <span class='ocr_line' id='line_1_25' title="bbox 656 3071 2323 3162; baseline -0.001 -23"><span class='ocrx_word' id='word_1_150' title='bbox 656 3088 789 3139; x_wconf 90' lang='lat' dir='ltr'>tum</span> <span class='ocrx_word' id='word_1_151' title='bbox 818 3074 899 3138; x_wconf 86' lang='lat' dir='ltr'>ad</span> <span class='ocrx_word' id='word_1_152' title='bbox 928 3072 1323 3162; x_wconf 85' lang='lat' dir='ltr'>theologiam,</span> <span class='ocrx_word' id='word_1_153' title='bbox 1353 3096 1466 3138; x_wconf 90' lang='lat' dir='ltr'>nec</span> <span class='ocrx_word' id='word_1_154' title='bbox 1493 3072 1698 3137; x_wconf 88' lang='lat' dir='ltr'>minus</span> <span class='ocrx_word' id='word_1_155' title='bbox 1725 3072 1807 3137; x_wconf 91' lang='lat' dir='ltr'>ad</span> <span class='ocrx_word' id='word_1_156' title='bbox 1834 3071 2040 3136; x_wconf 86' lang='lat' dir='ltr'>literas</span> <span class='ocrx_word' id='word_1_157' title='bbox 2068 3073 2323 3138; x_wconf 85' lang='lat' dir='ltr'>Graecas</span> 
     </span>
     <span class='ocr_line' id='line_1_26' title="bbox 654 3173 2324 3264; baseline -0.003 -20"><span class='ocrx_word' id='word_1_158' title='bbox 654 3190 936 3244; x_wconf 86' lang='lat' dir='ltr'>accurate</span> <span class='ocrx_word' id='word_1_159' title='bbox 981 3176 1462 3264; x_wconf 87' lang='lat' dir='ltr'>pertractandas.</span> <span class='ocrx_word' id='word_1_160' title='bbox 1549 3174 1678 3239; x_wconf 88' lang='lat' dir='ltr'>Hic</span> <span class='ocrx_word' id='word_1_161' title='bbox 1720 3197 1866 3239; x_wconf 81' lang='lat' dir='ltr'>vero</span> <span class='ocrx_word' id='word_1_162' title='bbox 1914 3173 1976 3238; x_wconf 89' lang='lat' dir='ltr'>in</span> <span class='ocrx_word' id='word_1_163' title='bbox 2027 3173 2324 3239; x_wconf 87' lang='lat' dir='ltr'>universis</span> 
     </span>
     <span class='ocr_line' id='line_1_27' title="bbox 655 3276 2323 3356; baseline -0.003 -9"><span class='ocrx_word' id='word_1_164' title='bbox 655 3278 1060 3347; x_wconf 82' lang='lat' dir='ltr'>Enneadibus</span> <span class='ocrx_word' id='word_1_165' title='bbox 1077 3278 1455 3346; x_wconf 83' lang='lat' dir='ltr'>illustrandis</span> <span class='ocrx_word' id='word_1_166' title='bbox 1480 3276 1599 3343; x_wconf 90' lang='lat' dir='ltr'>alia</span> <span class='ocrx_word' id='word_1_167' title='bbox 1613 3276 1883 3343; x_wconf 88' lang='lat' dir='ltr'>ineunda</span> <span class='ocrx_word' id='word_1_168' title='bbox 1899 3290 2031 3343; x_wconf 89' lang='lat' dir='ltr'>erat</span> <span class='ocrx_word' id='word_1_169' title='bbox 2047 3276 2225 3356; x_wconf 90' lang='lat' dir='ltr'>ratio,</span> <span class='ocrx_word' id='word_1_170' title='bbox 2243 3300 2323 3342; x_wconf 90' lang='lat' dir='ltr'>ne</span> 
     </span>
     <span class='ocr_line' id='line_1_28' title="bbox 654 3378 2322 3473; baseline -0.003 -24"><span class='ocrx_word' id='word_1_171' title='bbox 654 3385 718 3449; x_wconf 90' lang='lat' dir='ltr'>in</span> <span class='ocrx_word' id='word_1_172' title='bbox 747 3406 1034 3473; x_wconf 84' lang='lat' dir='ltr'>magnam</span> <span class='ocrx_word' id='word_1_173' title='bbox 1061 3382 1285 3448; x_wconf 90' lang='lat' dir='ltr'>molem</span> <span class='ocrx_word' id='word_1_174' title='bbox 1316 3393 1689 3448; x_wconf 88' lang='lat' dir='ltr'>excresceret</span> <span class='ocrx_word' id='word_1_175' title='bbox 1716 3403 1876 3468; x_wconf 88' lang='lat' dir='ltr'>opus</span> <span class='ocrx_word' id='word_1_176' title='bbox 1916 3393 1980 3446; x_wconf 91' lang='lat' dir='ltr'>et</span> <span class='ocrx_word' id='word_1_177' title='bbox 2006 3378 2322 3444; x_wconf 88' lang='lat' dir='ltr'>literarum</span> 
     </span>
     <span class='ocr_line' id='line_1_29' title="bbox 655 3482 2326 3571; baseline -0.004 -18"><span class='ocrx_word' id='word_1_178' title='bbox 655 3486 943 3553; x_wconf 76' lang='lat' dir='ltr'>studiosis</span> <span class='ocrx_word' id='word_1_179' title='bbox 997 3484 1338 3551; x_wconf 86' lang='lat' dir='ltr'>molestiam</span> <span class='ocrx_word' id='word_1_180' title='bbox 1390 3484 1726 3550; x_wconf 87' lang='lat' dir='ltr'>exhiberet.</span> <span class='ocrx_word' id='word_1_181' title='bbox 1814 3482 2085 3570; x_wconf 88' lang='lat' dir='ltr'>Anglica</span> <span class='ocrx_word' id='word_1_182' title='bbox 2134 3483 2326 3571; x_wconf 88' lang='lat' dir='ltr'>hujus</span> 
     </span>
     <span class='ocr_line' id='line_1_30' title="bbox 655 3585 2326 3676; baseline -0.002 -22"><span class='ocrx_word' id='word_1_183' title='bbox 655 3588 795 3656; x_wconf 85' lang='lat' dir='ltr'>libri</span> <span class='ocrx_word' id='word_1_184' title='bbox 853 3587 1295 3676; x_wconf 82' lang='lat' dir='ltr'>interpretatio,</span> <span class='ocrx_word' id='word_1_185' title='bbox 1353 3611 1496 3676; x_wconf 82' lang='lat' dir='ltr'>quoe</span> <span class='ocrx_word' id='word_1_186' title='bbox 1553 3587 1642 3652; x_wconf 90' lang='lat' dir='ltr'>ita</span> <span class='ocrx_word' id='word_1_187' title='bbox 1694 3585 2047 3651; x_wconf 86' lang='lat' dir='ltr'>inscribitur</span> <span class='ocrx_word' id='word_1_188' title='bbox 2076 3610 2091 3650; x_wconf 89' lang='lat'>:</span> <span class='ocrx_word' id='word_1_189' title='bbox 2165 3586 2326 3652; x_wconf 83' lang='lat' dir='ltr'><strong><em>Con-</em></strong></span> 
     </span>
     <span class='ocr_line' id='line_1_31' title="bbox 654 3689 2326 3780; baseline -0.003 -23"><span class='ocrx_word' id='word_1_190' title='bbox 654 3694 925 3780; x_wconf 76' lang='lat' dir='ltr'>ceming</span> <span class='ocrx_word' id='word_1_191' title='bbox 948 3692 1047 3756; x_wconf 71' lang='lat' dir='ltr'>tlte</span> <span class='ocrx_word' id='word_1_192' title='bbox 1074 3692 1427 3777; x_wconf 65' lang='lat' dir='ltr'>Bewtffid,</span> <span class='ocrx_word' id='word_1_193' title='bbox 1454 3714 1530 3756; x_wconf 85' lang='lat' dir='ltr'>or</span> <span class='ocrx_word' id='word_1_194' title='bbox 1555 3712 1597 3754; x_wconf 83' lang='lat' dir='ltr'>a</span> <span class='ocrx_word' id='word_1_195' title='bbox 1629 3689 2023 3776; x_wconf 60' lang='lat' dir='ltr'>pao-aphra&amp;</span> <span class='ocrx_word' id='word_1_196' title='bbox 2053 3689 2326 3753; x_wconf 75' lang='lat' dir='ltr'>transla-</span> 
     </span>
     <span class='ocr_line' id='line_1_32' title="bbox 656 3789 2325 3881; baseline -0.004 -20"><span class='ocrx_word' id='word_1_197' title='bbox 656 3796 980 3881; x_wconf 70' lang='lat' dir='ltr'>timfiom</span> <span class='ocrx_word' id='word_1_198' title='bbox 1008 3794 1106 3859; x_wconf 70' lang='lat' dir='ltr'>the</span> <span class='ocrx_word' id='word_1_199' title='bbox 1137 3794 1338 3858; x_wconf 81' lang='lat' dir='ltr'>Greek</span> <span class='ocrx_word' id='word_1_200' title='bbox 1365 3793 1772 3879; x_wconf 74' lang='lat' dir='ltr'>qulotinus,</span> <span class='ocrx_word' id='word_1_201' title='bbox 1804 3793 1970 3856; x_wconf 90' lang='lat' dir='ltr'>Enn.</span> <span class='ocrx_word' id='word_1_202' title='bbox 1992 3791 2050 3856; x_wconf 93' lang='grc' dir='ltr'>Ι.</span> <span class='ocrx_word' id='word_1_203' title='bbox 2074 3789 2240 3856; x_wconf 85' lang='lat' dir='ltr'>book</span> <span class='ocrx_word' id='word_1_204' title='bbox 2262 3793 2325 3856; x_wconf 90' lang='lat'>6.</span> 
     </span>
     <span class='ocr_line' id='line_1_33' title="bbox 656 3893 2324 3986; baseline -0.003 -23"><span class='ocrx_word' id='word_1_205' title='bbox 656 3898 735 3986; x_wconf 72' lang='lat' dir='ltr'>by</span> <span class='ocrx_word' id='word_1_206' title='bbox 773 3897 1047 3963; x_wconf 72' lang='lat' dir='ltr'>Thomas</span> <span class='ocrx_word' id='word_1_207' title='bbox 1083 3897 1344 3983; x_wconf 59' lang='grc' dir='ltr'><em>Ταμὼν,</em></span> <span class='ocrx_word' id='word_1_208' title='bbox 1375 3895 1581 3961; x_wconf 90' lang='lat' dir='ltr'>Lond.</span> <span class='ocrx_word' id='word_1_209' title='bbox 1616 3895 1798 3979; x_wconf 90' lang='lat'>1787.</span> <span class='ocrx_word' id='word_1_210' title='bbox 1830 3894 1917 3958; x_wconf 85' lang='lat'>8⁰.</span> <span class='ocrx_word' id='word_1_211' title='bbox 1961 3916 2132 3958; x_wconf 91' lang='lat' dir='ltr'>nunc</span> <span class='ocrx_word' id='word_1_212' title='bbox 2173 3893 2324 3958; x_wconf 88' lang='lat' dir='ltr'>mihi</span> 
     </span>
     <span class='ocr_line' id='line_1_34' title="bbox 657 3994 2326 4088; baseline -0.003 -23"><span class='ocrx_word' id='word_1_213' title='bbox 657 4022 780 4065; x_wconf 90' lang='lat' dir='ltr'>non</span> <span class='ocrx_word' id='word_1_214' title='bbox 826 3999 1020 4088; x_wconf 87' lang='lat' dir='ltr'>magis</span> <span class='ocrx_word' id='word_1_215' title='bbox 1060 3999 1142 4063; x_wconf 91' lang='lat' dir='ltr'>ad</span> <span class='ocrx_word' id='word_1_216' title='bbox 1178 4021 1433 4063; x_wconf 88' lang='lat' dir='ltr'>manum</span> <span class='ocrx_word' id='word_1_217' title='bbox 1466 4011 1581 4077; x_wconf 88' lang='lat' dir='ltr'>est,</span> <span class='ocrx_word' id='word_1_218' title='bbox 1609 4018 1800 4084; x_wconf 88' lang='lat' dir='ltr'>quam</span> <span class='ocrx_word' id='word_1_219' title='bbox 1828 4009 2000 4076; x_wconf 90' lang='lat' dir='ltr'>tunc,</span> <span class='ocrx_word' id='word_1_220' title='bbox 2027 4019 2224 4084; x_wconf 90' lang='lat' dir='ltr'>quum</span> <span class='ocrx_word' id='word_1_221' title='bbox 2252 3994 2326 4060; x_wconf 92' lang='lat' dir='ltr'>il-</span> 
     </span>
     <span class='ocr_line' id='line_1_35' title="bbox 657 4097 2323 4189; baseline -0.002 -23"><span class='ocrx_word' id='word_1_222' title='bbox 657 4102 789 4167; x_wconf 92' lang='lat' dir='ltr'>lum</span> <span class='ocrx_word' id='word_1_223' title='bbox 843 4101 1072 4167; x_wconf 90' lang='lat' dir='ltr'>librum</span> <span class='ocrx_word' id='word_1_224' title='bbox 1130 4102 1477 4189; x_wconf 84' lang='lat' dir='ltr'>sejunctum</span> <span class='ocrx_word' id='word_1_225' title='bbox 1541 4123 1579 4164; x_wconf 91' lang='lat' dir='ltr'>a</span> <span class='ocrx_word' id='word_1_226' title='bbox 1632 4098 1883 4186; x_wconf 89' lang='lat' dir='ltr'>reliquis</span> <span class='ocrx_word' id='word_1_227' title='bbox 1938 4097 2323 4187; x_wconf 83' lang='lat' dir='ltr'>explicarem.</span> 
     </span>
     <span class='ocr_line' id='line_1_36' title="bbox 659 4201 2328 4292; baseline -0.003 -22"><span class='ocrx_word' id='word_1_228' title='bbox 659 4203 1208 4292; x_wconf 83' lang='lat' dir='ltr'>Engelhardtianae</span> <span class='ocrx_word' id='word_1_229' title='bbox 1241 4219 1452 4269; x_wconf 88' lang='lat' dir='ltr'>autem</span> <span class='ocrx_word' id='word_1_230' title='bbox 1480 4201 1890 4268; x_wconf 84' lang='lat' dir='ltr'>translationis</span> <span class='ocrx_word' id='word_1_231' title='bbox 1929 4201 1994 4267; x_wconf 93' lang='lat' dir='ltr'>in</span> <span class='ocrx_word' id='word_1_232' title='bbox 2029 4201 2148 4266; x_wconf 91' lang='lat' dir='ltr'>hoc</span> <span class='ocrx_word' id='word_1_233' title='bbox 2190 4201 2328 4288; x_wconf 88' lang='lat' dir='ltr'>qui-</span> 
     </span>
     <span class='ocr_line' id='line_1_37' title="bbox 659 4303 2328 4394; baseline -0.001 -23"><span class='ocrx_word' id='word_1_234' title='bbox 659 4306 801 4372; x_wconf 90' lang='lat' dir='ltr'>dem</span> <span class='ocrx_word' id='word_1_235' title='bbox 830 4305 988 4373; x_wconf 90' lang='lat' dir='ltr'>libro</span> <span class='ocrx_word' id='word_1_236' title='bbox 1011 4306 1211 4372; x_wconf 88' lang='lat' dir='ltr'>rarius</span> <span class='ocrx_word' id='word_1_237' title='bbox 1238 4306 1606 4371; x_wconf 84' lang='lat' dir='ltr'>mentionem</span> <span class='ocrx_word' id='word_1_238' title='bbox 1640 4305 1881 4380; x_wconf 83' lang='lat' dir='ltr'>faciam,</span> <span class='ocrx_word' id='word_1_239' title='bbox 1910 4304 2203 4394; x_wconf 91' lang='lat' dir='ltr'>quoniam</span> <span class='ocrx_word' id='word_1_240' title='bbox 2231 4303 2328 4369; x_wconf 80' lang='lat' dir='ltr'>vir</span> 
     </span>
     <span class='ocr_line' id='line_1_38' title="bbox 659 4406 2325 4498; baseline -0.002 -23"><span class='ocrx_word' id='word_1_241' title='bbox 659 4408 1134 4475; x_wconf 86' lang='lat' dir='ltr'>humanissimus</span> <span class='ocrx_word' id='word_1_242' title='bbox 1160 4409 1291 4498; x_wconf 88' lang='lat' dir='ltr'>ipse</span> <span class='ocrx_word' id='word_1_243' title='bbox 1319 4409 1646 4498; x_wconf 88' lang='lat' dir='ltr'>profitetur</span> <span class='ocrx_word' id='word_1_244' title='bbox 1670 4431 1732 4496; x_wconf 90' lang='lat' dir='ltr'>p.</span> <span class='ocrx_word' id='word_1_245' title='bbox 1763 4427 1909 4495; x_wconf 83' lang='lat'>300.</span> <span class='ocrx_word' id='word_1_246' title='bbox 1937 4431 2074 4473; x_wconf 87' lang='lat' dir='ltr'>mea</span> <span class='ocrx_word' id='word_1_247' title='bbox 2103 4431 2168 4473; x_wconf 88' lang='lat' dir='ltr'>se</span> <span class='ocrx_word' id='word_1_248' title='bbox 2195 4406 2325 4472; x_wconf 89' lang='lat' dir='ltr'>edi-</span> 
     </span>
     <span class='ocr_line' id='line_1_39' title="bbox 656 4510 2329 4578; baseline -0.002 -1"><span class='ocrx_word' id='word_1_249' title='bbox 656 4513 823 4578; x_wconf 87' lang='lat' dir='ltr'>tione</span> <span class='ocrx_word' id='word_1_250' title='bbox 866 4511 1134 4577; x_wconf 85' lang='lat' dir='ltr'>maxime</span> <span class='ocrx_word' id='word_1_251' title='bbox 1182 4534 1367 4577; x_wconf 89' lang='lat' dir='ltr'>usum</span> <span class='ocrx_word' id='word_1_252' title='bbox 1411 4534 1563 4576; x_wconf 87' lang='lat' dir='ltr'>esse.</span> <span class='ocrx_word' id='word_1_253' title='bbox 1651 4511 1731 4575; x_wconf 92' lang='lat' dir='ltr'>In</span> <span class='ocrx_word' id='word_1_254' title='bbox 1782 4510 1934 4576; x_wconf 88' lang='lat' dir='ltr'>meis</span> <span class='ocrx_word' id='word_1_255' title='bbox 1976 4525 2184 4575; x_wconf 90' lang='lat' dir='ltr'>autem</span> <span class='ocrx_word' id='word_1_256' title='bbox 2235 4533 2329 4575; x_wconf 90' lang='lat' dir='ltr'>re-</span> 
     </span>
     <span class='ocr_line' id='line_1_40' title="bbox 657 4612 2328 4710; baseline -0.002 -30"><span class='ocrx_word' id='word_1_257' title='bbox 657 4614 991 4681; x_wconf 84' lang='lat' dir='ltr'>tractandis</span> <span class='ocrx_word' id='word_1_258' title='bbox 1030 4614 1120 4680; x_wconf 90' lang='lat' dir='ltr'>ita</span> <span class='ocrx_word' id='word_1_259' title='bbox 1160 4637 1298 4680; x_wconf 89' lang='lat' dir='ltr'>sum</span> <span class='ocrx_word' id='word_1_260' title='bbox 1325 4627 1626 4710; x_wconf 68' lang='lat' dir='ltr'>versatus,</span> <span class='ocrx_word' id='word_1_261' title='bbox 1658 4627 1729 4678; x_wconf 91' lang='lat' dir='ltr'>ut</span> <span class='ocrx_word' id='word_1_262' title='bbox 1757 4612 1927 4679; x_wconf 88' lang='lat' dir='ltr'>haud</span> <span class='ocrx_word' id='word_1_263' title='bbox 1963 4636 2165 4702; x_wconf 87' lang='lat' dir='ltr'>pauca</span> <span class='ocrx_word' id='word_1_264' title='bbox 2191 4626 2328 4677; x_wconf 89' lang='lat' dir='ltr'>tum</span> 
     </span>
     <span class='ocr_line' id='line_1_41' title="bbox 655 4714 2329 4805; baseline -0.001 -24"><span class='ocrx_word' id='word_1_265' title='bbox 655 4717 718 4782; x_wconf 90' lang='lat' dir='ltr'>in</span> <span class='ocrx_word' id='word_1_266' title='bbox 747 4716 959 4783; x_wconf 88' lang='lat' dir='ltr'>critica</span> <span class='ocrx_word' id='word_1_267' title='bbox 983 4717 1320 4783; x_wconf 85' lang='lat' dir='ltr'>factitanda</span> <span class='ocrx_word' id='word_1_268' title='bbox 1346 4729 1480 4782; x_wconf 92' lang='lat' dir='ltr'>tum</span> <span class='ocrx_word' id='word_1_269' title='bbox 1509 4717 1575 4781; x_wconf 91' lang='lat' dir='ltr'>in</span> <span class='ocrx_word' id='word_1_270' title='bbox 1613 4715 2016 4805; x_wconf 86' lang='lat' dir='ltr'>explicatione</span> <span class='ocrx_word' id='word_1_271' title='bbox 2042 4714 2329 4781; x_wconf 88' lang='lat' dir='ltr'>addenda</span> 
     </span>
     <span class='ocr_line' id='line_1_42' title="bbox 658 4818 1738 4908; baseline -0.003 -22"><span class='ocrx_word' id='word_1_272' title='bbox 658 4820 841 4886; x_wconf 85' lang='lat' dir='ltr'>tacite</span> <span class='ocrx_word' id='word_1_273' title='bbox 866 4819 1259 4886; x_wconf 84' lang='lat' dir='ltr'>immutarem</span> <span class='ocrx_word' id='word_1_274' title='bbox 1284 4818 1738 4908; x_wconf 86' lang='lat' dir='ltr'>expleremque.</span> 
     </span>
    </p>

    <p class='ocr_par' dir='ltr' id='par_1_5' title="bbox 636 4920 2331 5626">
     <span class='ocr_line' id='line_1_43' title="bbox 636 4920 2328 5010; baseline -0.002 -21"><span class='ocrx_word' id='word_1_275' title='bbox 636 4963 645 4972; x_wconf 89' lang='lat'><em>-</em></span> <span class='ocrx_word' id='word_1_276' title='bbox 740 4923 886 4989; x_wconf 85' lang='lat' dir='ltr'>Jam</span> <span class='ocrx_word' id='word_1_277' title='bbox 928 4938 1002 4988; x_wconf 91' lang='lat' dir='ltr'>ut</span> <span class='ocrx_word' id='word_1_278' title='bbox 1030 4922 1110 4988; x_wconf 90' lang='lat' dir='ltr'>de</span> <span class='ocrx_word' id='word_1_279' title='bbox 1151 4922 1225 4987; x_wconf 87' lang='lat' dir='ltr'>iis</span> <span class='ocrx_word' id='word_1_280' title='bbox 1257 4922 1599 5001; x_wconf 83' lang='lat' dir='ltr'>videamus,</span> <span class='ocrx_word' id='word_1_281' title='bbox 1644 4922 1756 5010; x_wconf 88' lang='lat' dir='ltr'>qui</span> <span class='ocrx_word' id='word_1_282' title='bbox 1796 4921 1966 4987; x_wconf 90' lang='lat' dir='ltr'>hunc</span> <span class='ocrx_word' id='word_1_283' title='bbox 2006 4920 2210 4986; x_wconf 90' lang='lat' dir='ltr'>locum</span> <span class='ocrx_word' id='word_1_284' title='bbox 2253 4921 2328 4985; x_wconf 84' lang='lat' dir='ltr'>de</span> 
     </span>
     <span class='ocr_line' id='line_1_44' title="bbox 658 5023 2331 5114; baseline -0.001 -24"><span class='ocrx_word' id='word_1_285' title='bbox 658 5026 1098 5091; x_wconf 66' lang='lat' dir='ltr'>Pulcritudine</span> <span class='ocrx_word' id='word_1_286' title='bbox 1138 5025 1501 5113; x_wconf 88' lang='lat' dir='ltr'>attigerunt,</span> <span class='ocrx_word' id='word_1_287' title='bbox 1532 5024 1821 5090; x_wconf 83' lang='lat' dir='ltr'>credibile</span> <span class='ocrx_word' id='word_1_288' title='bbox 1849 5025 1921 5089; x_wconf 87' lang='lat' dir='ltr'>fit</span> <span class='ocrx_word' id='word_1_289' title='bbox 1942 5047 2020 5089; x_wconf 87' lang='lat' dir='ltr'>ex</span> <span class='ocrx_word' id='word_1_290' title='bbox 2047 5024 2184 5114; x_wconf 90' lang='lat' dir='ltr'>ipsa</span> <span class='ocrx_word' id='word_1_291' title='bbox 2208 5023 2331 5089; x_wconf 90' lang='lat' dir='ltr'>his-</span> 
     </span>
     <span class='ocr_line' id='line_1_45' title="bbox 660 5127 2326 5215; baseline -0.001 -22"><span class='ocrx_word' id='word_1_292' title='bbox 660 5127 817 5193; x_wconf 88' lang='lat' dir='ltr'>toria</span> <span class='ocrx_word' id='word_1_293' title='bbox 856 5127 1122 5194; x_wconf 85' lang='lat' dir='ltr'>fabulari</span> <span class='ocrx_word' id='word_1_294' title='bbox 1159 5127 1432 5215; x_wconf 88' lang='lat' dir='ltr'>itemque</span> <span class='ocrx_word' id='word_1_295' title='bbox 1467 5151 1546 5193; x_wconf 86' lang='lat' dir='ltr'>ex</span> <span class='ocrx_word' id='word_1_296' title='bbox 1578 5127 1852 5215; x_wconf 88' lang='lat' dir='ltr'>reliquiis</span> <span class='ocrx_word' id='word_1_297' title='bbox 1878 5149 2116 5192; x_wconf 83' lang='lat' dir='ltr'>arcanoe</span> <span class='ocrx_word' id='word_1_298' title='bbox 2145 5128 2326 5192; x_wconf 87' lang='lat' dir='ltr'>Grae·</span> 
     </span>
     <span class='ocr_line' id='line_1_46' title="bbox 659 5228 2330 5319; baseline 0 -26"><span class='ocrx_word' id='word_1_299' title='bbox 659 5251 870 5293; x_wconf 91' lang='lat' dir='ltr'>corum</span> <span class='ocrx_word' id='word_1_300' title='bbox 901 5228 1262 5319; x_wconf 67' lang='lat' dir='ltr'>disciplinae,</span> <span class='ocrx_word' id='word_1_301' title='bbox 1290 5229 1451 5294; x_wconf 90' lang='lat' dir='ltr'>hanc</span> <span class='ocrx_word' id='word_1_302' title='bbox 1477 5228 1901 5317; x_wconf 85' lang='lat' dir='ltr'>quoestionem,</span> <span class='ocrx_word' id='word_1_303' title='bbox 1921 5228 2076 5317; x_wconf 69' lang='lat' dir='ltr'>quid</span> <span class='ocrx_word' id='word_1_304' title='bbox 2098 5228 2208 5293; x_wconf 72' lang='lat' dir='ltr'>hoe</span> <span class='ocrx_word' id='word_1_305' title='bbox 2233 5231 2330 5316; x_wconf 70' lang='lat' dir='ltr'>ip-</span> 
     </span>
     <span class='ocr_line' id='line_1_47' title="bbox 659 5330 2328 5419; baseline 0 -23"><span class='ocrx_word' id='word_1_306' title='bbox 659 5352 797 5396; x_wconf 74' lang='lat' dir='ltr'>mm</span> <span class='ocrx_word' id='word_1_307' title='bbox 826 5332 1126 5418; x_wconf 72' lang='lat' dir='ltr'>pulcrum</span> <span class='ocrx_word' id='word_1_308' title='bbox 1161 5335 1268 5412; x_wconf 73' lang='lat' dir='ltr'>sit,</span> <span class='ocrx_word' id='word_1_309' title='bbox 1315 5330 1818 5419; x_wconf 64' lang='lat' dir='ltr'>mature‘agitari</span> <span class='ocrx_word' id='word_1_310' title='bbox 1859 5344 2121 5418; x_wconf 84' lang='lat' dir='ltr'>coeptam</span> <span class='ocrx_word' id='word_1_311' title='bbox 2155 5330 2328 5413; x_wconf 92' lang='lat' dir='ltr'>(Vid.</span> 
     </span>
     <span class='ocr_line' id='line_1_48' title="bbox 664 5431 2331 5522; baseline 0.001 -24"><span class='ocrx_word' id='word_1_312' title='bbox 664 5433 1184 5522; x_wconf 81' lang='lat' dir='ltr'>Praeparationem</span> <span class='ocrx_word' id='word_1_313' title='bbox 1213 5448 1483 5500; x_wconf 88' lang='lat' dir='ltr'>nostram</span> <span class='ocrx_word' id='word_1_314' title='bbox 1512 5434 1590 5501; x_wconf 90' lang='lat' dir='ltr'>ad</span> <span class='ocrx_word' id='word_1_315' title='bbox 1620 5433 1849 5499; x_wconf 90' lang='lat' dir='ltr'>librum</span> <span class='ocrx_word' id='word_1_316' title='bbox 1880 5433 1959 5498; x_wconf 90' lang='lat' dir='ltr'>de</span> <span class='ocrx_word' id='word_1_317' title='bbox 1980 5431 2331 5499; x_wconf 88' lang='lat' dir='ltr'>Pulcritud.</span> 
     </span>
     <span class='ocr_line' id='line_1_49' title="bbox 667 5534 2327 5626; baseline 0.001 -26"><span class='ocrx_word' id='word_1_318' title='bbox 667 5538 723 5620; x_wconf 67' lang='grc' dir='ltr'>ξ.</span> <span class='ocrx_word' id='word_1_319' title='bbox 756 5537 818 5601; x_wconf 87' lang='grc'>8.</span> <span class='ocrx_word' id='word_1_320' title='bbox 846 5560 987 5625; x_wconf 89' lang='lat' dir='ltr'>sqq.</span> <span class='ocrx_word' id='word_1_321' title='bbox 1030 5560 1094 5626; x_wconf 90' lang='lat' dir='ltr'>p.</span> <span class='ocrx_word' id='word_1_322' title='bbox 1126 5539 1354 5605; x_wconf 85' lang='lat' dir='ltr'>XXV.</span> <span class='ocrx_word' id='word_1_323' title='bbox 1389 5560 1525 5626; x_wconf 87' lang='lat' dir='ltr'>sqq.</span> <span class='ocrx_word' id='word_1_324' title='bbox 1568 5550 1864 5626; x_wconf 83' lang='lat' dir='ltr'>separatae</span> <span class='ocrx_word' id='word_1_325' title='bbox 1905 5535 2071 5601; x_wconf 87' lang='lat' dir='ltr'>illius</span> <span class='ocrx_word' id='word_1_326' title='bbox 2111 5534 2327 5602; x_wconf 88' lang='lat' dir='ltr'>editio-</span> 
     </span>
    </p>
   </div>
   <div class='ocr_carea' id='block_1_5' title="bbox 3984 561 4065 631">
    <p class='ocr_par' dir='ltr' id='par_1_6' title="bbox 3984 561 4065 631">
     <span class='ocr_line' id='line_1_50' title="bbox 3984 561 4065 631; baseline -0.025 0"><span class='ocrx_word' id='word_1_327' title='bbox 3984 561 4065 631; x_wconf 88' lang='grc'>37</span> 
     </span>
    </p>
   </div>
   <div class='ocr_carea' id='block_1_6' title="bbox 2398 711 4086 5523">
    <p class='ocr_par' dir='ltr' id='par_1_7' title="bbox 2398 711 4086 5523">
     <span class='ocr_line' id='line_1_51' title="bbox 2400 711 4067 805; baseline 0.004 -29"><span class='ocrx_word' id='word_1_328' title='bbox 2400 712 2545 798; x_wconf 82' lang='lat' dir='ltr'>nis).</span> <span class='ocrx_word' id='word_1_329' title='bbox 2622 712 2814 778; x_wconf 91' lang='lat' dir='ltr'>Unde</span> <span class='ocrx_word' id='word_1_330' title='bbox 2840 711 3125 800; x_wconf 85' lang='lat' dir='ltr'>colligere</span> <span class='ocrx_word' id='word_1_331' title='bbox 3162 712 3305 779; x_wconf 91' lang='lat' dir='ltr'>licet</span> <span class='ocrx_word' id='word_1_332' title='bbox 3333 713 3787 803; x_wconf 70' lang='lat' dir='ltr'>Pythagoricos</span> <span class='ocrx_word' id='word_1_333' title='bbox 3823 715 4067 805; x_wconf 82' lang='lat' dir='ltr'>potissi-</span> 
     </span>
     <span class='ocr_line' id='line_1_52' title="bbox 2400 814 4072 908; baseline 0.004 -30"><span class='ocrx_word' id='word_1_334' title='bbox 2400 837 2594 894; x_wconf 92' lang='lat' dir='ltr'>mum,</span> <span class='ocrx_word' id='word_1_335' title='bbox 2625 838 2755 901; x_wconf 92' lang='lat' dir='ltr'>quo</span> <span class='ocrx_word' id='word_1_336' title='bbox 2789 814 2985 903; x_wconf 88' lang='lat' dir='ltr'>magis</span> <span class='ocrx_word' id='word_1_337' title='bbox 3025 815 3107 879; x_wconf 88' lang='lat' dir='ltr'>ad</span> <span class='ocrx_word' id='word_1_338' title='bbox 3149 815 3327 881; x_wconf 86' lang='lat' dir='ltr'>istam</span> <span class='ocrx_word' id='word_1_339' title='bbox 3368 839 3433 881; x_wconf 88' lang='lat' dir='ltr'>se</span> <span class='ocrx_word' id='word_1_340' title='bbox 3460 814 3841 904; x_wconf 86' lang='lat' dir='ltr'>disciplinam</span> <span class='ocrx_word' id='word_1_341' title='bbox 3871 819 4072 908; x_wconf 90' lang='lat' dir='ltr'>appli-</span> 
     </span>
     <span class='ocr_line' id='line_1_53' title="bbox 2398 917 4076 1008; baseline 0.003 -26"><span class='ocrx_word' id='word_1_342' title='bbox 2398 932 2629 995; x_wconf 88' lang='lat' dir='ltr'>carent,</span> <span class='ocrx_word' id='word_1_343' title='bbox 2658 917 2774 982; x_wconf 90' lang='lat' dir='ltr'>hoc</span> <span class='ocrx_word' id='word_1_344' title='bbox 2810 917 3016 982; x_wconf 87' lang='lat' dir='ltr'>minus</span> <span class='ocrx_word' id='word_1_345' title='bbox 3043 934 3168 983; x_wconf 89' lang='lat' dir='ltr'>tam</span> <span class='ocrx_word' id='word_1_346' title='bbox 3212 941 3464 1006; x_wconf 86' lang='lat' dir='ltr'>gravem</span> <span class='ocrx_word' id='word_1_347' title='bbox 3508 919 3948 1008; x_wconf 87' lang='lat' dir='ltr'>copiosumque</span> <span class='ocrx_word' id='word_1_348' title='bbox 3986 921 4076 987; x_wconf 92' lang='lat' dir='ltr'>lo-</span> 
     </span>
     <span class='ocr_line' id='line_1_54' title="bbox 2399 1018 4075 1112; baseline 0.004 -28"><span class='ocrx_word' id='word_1_349' title='bbox 2399 1041 2541 1084; x_wconf 90' lang='lat' dir='ltr'>cum</span> <span class='ocrx_word' id='word_1_350' title='bbox 2571 1018 2957 1107; x_wconf 87' lang='lat' dir='ltr'>neglecturos</span> <span class='ocrx_word' id='word_1_351' title='bbox 2981 1020 3190 1087; x_wconf 87' lang='lat' dir='ltr'>fuisse.</span> <span class='ocrx_word' id='word_1_352' title='bbox 3250 1020 3372 1086; x_wconf 90' lang='lat' dir='ltr'>Sed</span> <span class='ocrx_word' id='word_1_353' title='bbox 3396 1034 3624 1100; x_wconf 88' lang='lat' dir='ltr'>tamen,</span> <span class='ocrx_word' id='word_1_354' title='bbox 3646 1023 3816 1110; x_wconf 93' lang='lat' dir='ltr'>quod</span> <span class='ocrx_word' id='word_1_355' title='bbox 3848 1024 4075 1112; x_wconf 90' lang='lat' dir='ltr'>scripto</span> 
     </span>
     <span class='ocr_line' id='line_1_55' title="bbox 2399 1121 4077 1213; baseline 0.004 -28"><span class='ocrx_word' id='word_1_356' title='bbox 2399 1136 2599 1186; x_wconf 86' lang='lat' dir='ltr'>exstet</span> <span class='ocrx_word' id='word_1_357' title='bbox 2626 1121 2965 1209; x_wconf 88' lang='lat' dir='ltr'>proditum,</span> <span class='ocrx_word' id='word_1_358' title='bbox 2996 1123 3329 1211; x_wconf 72' lang='lat' dir='ltr'>Sophistas</span> <span class='ocrx_word' id='word_1_359' title='bbox 3367 1123 3432 1188; x_wconf 92' lang='lat' dir='ltr'>in</span> <span class='ocrx_word' id='word_1_360' title='bbox 3462 1124 3677 1189; x_wconf 90' lang='lat' dir='ltr'>eodem</span> <span class='ocrx_word' id='word_1_361' title='bbox 3706 1141 4077 1213; x_wconf 88' lang='lat' dir='ltr'>argumento</span> 
     </span>
     <span class='ocr_line' id='line_1_56' title="bbox 2398 1222 4074 1307; baseline 0.004 -19"><span class='ocrx_word' id='word_1_362' title='bbox 2398 1224 2678 1289; x_wconf 87' lang='lat' dir='ltr'>certatim</span> <span class='ocrx_word' id='word_1_363' title='bbox 2719 1222 3081 1306; x_wconf 86' lang='lat' dir='ltr'>elaborasse,</span> <span class='ocrx_word' id='word_1_364' title='bbox 3111 1248 3255 1291; x_wconf 90' lang='lat' dir='ltr'>cum</span> <span class='ocrx_word' id='word_1_365' title='bbox 3280 1226 3402 1292; x_wconf 87' lang='lat' dir='ltr'>alia</span> <span class='ocrx_word' id='word_1_366' title='bbox 3434 1225 3621 1292; x_wconf 90' lang='lat' dir='ltr'>fidem</span> <span class='ocrx_word' id='word_1_367' title='bbox 3649 1227 3908 1307; x_wconf 85' lang='lat' dir='ltr'>faciunt,</span> <span class='ocrx_word' id='word_1_368' title='bbox 3939 1244 4074 1295; x_wconf 92' lang='lat' dir='ltr'>tum</span> 
     </span>
     <span class='ocr_line' id='line_1_57' title="bbox 2400 1326 4074 1418; baseline 0.003 -27"><span class='ocrx_word' id='word_1_369' title='bbox 2400 1349 2548 1391; x_wconf 83' lang='lat' dir='ltr'>vero</span> <span class='ocrx_word' id='word_1_370' title='bbox 2601 1326 2876 1392; x_wconf 90' lang='lat' dir='ltr'>Platonis</span> <span class='ocrx_word' id='word_1_371' title='bbox 2923 1326 3196 1418; x_wconf 90' lang='lat' dir='ltr'>Hippias</span> <span class='ocrx_word' id='word_1_372' title='bbox 3241 1330 3453 1417; x_wconf 87' lang='lat' dir='ltr'>major.</span> <span class='ocrx_word' id='word_1_373' title='bbox 3543 1330 3769 1417; x_wconf 87' lang='lat' dir='ltr'>Neque</span> <span class='ocrx_word' id='word_1_374' title='bbox 3820 1354 3969 1396; x_wconf 87' lang='lat' dir='ltr'>vero</span> <span class='ocrx_word' id='word_1_375' title='bbox 4011 1331 4074 1396; x_wconf 91' lang='lat' dir='ltr'>in</span> 
     </span>
     <span class='ocr_line' id='line_1_58' title="bbox 2399 1428 4075 1517; baseline 0.003 -23"><span class='ocrx_word' id='word_1_376' title='bbox 2399 1452 2614 1494; x_wconf 89' lang='lat' dir='ltr'>eorum</span> <span class='ocrx_word' id='word_1_377' title='bbox 2652 1428 2839 1508; x_wconf 89' lang='lat' dir='ltr'>ludis,</span> <span class='ocrx_word' id='word_1_378' title='bbox 2880 1428 2990 1517; x_wconf 91' lang='lat' dir='ltr'>qui</span> <span class='ocrx_word' id='word_1_379' title='bbox 3031 1431 3332 1497; x_wconf 73' lang='lat' dir='ltr'>Rhetores</span> <span class='ocrx_word' id='word_1_380' title='bbox 3375 1456 3439 1497; x_wconf 90' lang='lat' dir='ltr'>se</span> <span class='ocrx_word' id='word_1_381' title='bbox 3477 1431 3598 1497; x_wconf 88' lang='lat' dir='ltr'>dici</span> <span class='ocrx_word' id='word_1_382' title='bbox 3642 1433 3918 1514; x_wconf 90' lang='lat' dir='ltr'>mallent,</span> <span class='ocrx_word' id='word_1_383' title='bbox 3949 1450 4075 1499; x_wconf 88' lang='lat' dir='ltr'>tam</span> 
     </span>
     <span class='ocr_line' id='line_1_59' title="bbox 2403 1530 4074 1620; baseline 0.005 -24"><span class='ocrx_word' id='word_1_384' title='bbox 2403 1531 2553 1597; x_wconf 83' lang='lat' dir='ltr'>felix</span> <span class='ocrx_word' id='word_1_385' title='bbox 2590 1531 2970 1597; x_wconf 83' lang='lat' dir='ltr'>ostentandoe</span> <span class='ocrx_word' id='word_1_386' title='bbox 3008 1530 3376 1620; x_wconf 61' lang='lat' dir='ltr'>eloquentiae</span> <span class='ocrx_word' id='word_1_387' title='bbox 3415 1533 3671 1600; x_wconf 89' lang='lat' dir='ltr'>materia</span> <span class='ocrx_word' id='word_1_388' title='bbox 3711 1535 3935 1602; x_wconf 87' lang='lat' dir='ltr'>omissa</span> <span class='ocrx_word' id='word_1_389' title='bbox 3963 1554 4074 1604; x_wconf 90' lang='lat' dir='ltr'>est.</span> 
     </span>
     <span class='ocr_line' id='line_1_60' title="bbox 2406 1634 4078 1726; baseline 0.004 -28"><span class='ocrx_word' id='word_1_390' title='bbox 2406 1635 2592 1713; x_wconf 82' lang='lat' dir='ltr'>Quod</span> <span class='ocrx_word' id='word_1_391' title='bbox 2620 1650 2683 1699; x_wconf 93' lang='lat' dir='ltr'>et</span> <span class='ocrx_word' id='word_1_392' title='bbox 2710 1634 2983 1721; x_wconf 88' lang='lat' dir='ltr'>ejusdem</span> <span class='ocrx_word' id='word_1_393' title='bbox 3015 1634 3293 1701; x_wconf 88' lang='lat' dir='ltr'>Platonis</span> <span class='ocrx_word' id='word_1_394' title='bbox 3323 1637 3649 1717; x_wconf 79' lang='lat' dir='ltr'>Phaedrus,</span> <span class='ocrx_word' id='word_1_395' title='bbox 3672 1637 3735 1702; x_wconf 91' lang='lat' dir='ltr'>in</span> <span class='ocrx_word' id='word_1_396' title='bbox 3766 1662 3963 1726; x_wconf 89' lang='lat' dir='ltr'>eoque</span> <span class='ocrx_word' id='word_1_397' title='bbox 3987 1639 4078 1704; x_wconf 88' lang='lat' dir='ltr'>in-</span> 
     </span>
     <span class='ocr_line' id='line_1_61' title="bbox 2402 1735 4074 1824; baseline 0.005 -24"><span class='ocrx_word' id='word_1_398' title='bbox 2402 1736 2576 1801; x_wconf 89' lang='lat' dir='ltr'>clusa</span> <span class='ocrx_word' id='word_1_399' title='bbox 2616 1735 2829 1824; x_wconf 86' lang='lat' dir='ltr'>Lysiae</span> <span class='ocrx_word' id='word_1_400' title='bbox 2873 1737 3070 1802; x_wconf 89' lang='lat' dir='ltr'>oratio</span> <span class='ocrx_word' id='word_1_401' title='bbox 3117 1737 3318 1818; x_wconf 88' lang='lat' dir='ltr'>docet,</span> <span class='ocrx_word' id='word_1_402' title='bbox 3369 1755 3432 1805; x_wconf 90' lang='lat' dir='ltr'>et</span> <span class='ocrx_word' id='word_1_403' title='bbox 3475 1738 3851 1806; x_wconf 86' lang='lat' dir='ltr'>luculentius</span> <span class='ocrx_word' id='word_1_404' title='bbox 3892 1741 4074 1807; x_wconf 87' lang='lat' dir='ltr'>etiam</span> 
     </span>
     <span class='ocr_line' id='line_1_62' title="bbox 2408 1839 4079 1931; baseline 0.004 -28"><span class='ocrx_word' id='word_1_405' title='bbox 2408 1840 2706 1905; x_wconf 72' lang='lat' dir='ltr'>Isocratis</span> <span class='ocrx_word' id='word_1_406' title='bbox 2735 1839 3107 1905; x_wconf 89' lang='lat' dir='ltr'>Encomium</span> <span class='ocrx_word' id='word_1_407' title='bbox 3136 1840 3419 1907; x_wconf 78' lang='lat' dir='ltr'>Helenae.</span> <span class='ocrx_word' id='word_1_408' title='bbox 3479 1841 3628 1923; x_wconf 83' lang='lat' dir='ltr'>Qui,</span> <span class='ocrx_word' id='word_1_409' title='bbox 3662 1865 3791 1931; x_wconf 87' lang='lat' dir='ltr'>qua</span> <span class='ocrx_word' id='word_1_410' title='bbox 3815 1845 4079 1910; x_wconf 88' lang='lat' dir='ltr'>auctori-</span> 
     </span>
     <span class='ocr_line' id='line_1_63' title="bbox 2404 1941 4074 2030; baseline 0.004 -24"><span class='ocrx_word' id='word_1_411' title='bbox 2404 1956 2530 2007; x_wconf 92' lang='lat' dir='ltr'>tate</span> <span class='ocrx_word' id='word_1_412' title='bbox 2558 1941 2837 2021; x_wconf 88' lang='lat' dir='ltr'>florebat,</span> <span class='ocrx_word' id='word_1_413' title='bbox 2868 1942 3038 2007; x_wconf 90' lang='lat' dir='ltr'>haud</span> <span class='ocrx_word' id='word_1_414' title='bbox 3080 1965 3311 2030; x_wconf 88' lang='lat' dir='ltr'>paucos</span> <span class='ocrx_word' id='word_1_415' title='bbox 3352 1944 3688 2011; x_wconf 88' lang='lat' dir='ltr'>imitatores</span> <span class='ocrx_word' id='word_1_416' title='bbox 3714 1961 3933 2012; x_wconf 88' lang='lat' dir='ltr'>nactus</span> <span class='ocrx_word' id='word_1_417' title='bbox 3960 1964 4074 2027; x_wconf 83' lang='lat' dir='ltr'>est,</span> 
     </span>
     <span class='ocr_line' id='line_1_64' title="bbox 2402 2043 4079 2137; baseline 0.002 -29"><span class='ocrx_word' id='word_1_418' title='bbox 2402 2043 2483 2108; x_wconf 89' lang='lat' dir='ltr'>ad</span> <span class='ocrx_word' id='word_1_419' title='bbox 2511 2059 2850 2110; x_wconf 83' lang='lat' dir='ltr'>extremam</span> <span class='ocrx_word' id='word_1_420' title='bbox 2873 2068 3071 2132; x_wconf 89' lang='lat' dir='ltr'>usque</span> <span class='ocrx_word' id='word_1_421' title='bbox 3098 2061 3364 2127; x_wconf 83' lang='lat' dir='ltr'>aetatem,</span> <span class='ocrx_word' id='word_1_422' title='bbox 3386 2046 3448 2111; x_wconf 90' lang='lat' dir='ltr'>in</span> <span class='ocrx_word' id='word_1_423' title='bbox 3472 2047 3568 2112; x_wconf 86' lang='lat' dir='ltr'>his</span> <span class='ocrx_word' id='word_1_424' title='bbox 3583 2049 3852 2114; x_wconf 78' lang='lat' dir='ltr'>Dionem</span> <span class='ocrx_word' id='word_1_425' title='bbox 3877 2050 4079 2137; x_wconf 65' lang='lat' dir='ltr'>Chry-</span> 
     </span>
     <span class='ocr_line' id='line_1_65' title="bbox 2401 2147 4078 2232; baseline 0.002 -20"><span class='ocrx_word' id='word_1_426' title='bbox 2401 2156 2732 2212; x_wconf 63' lang='lat' dir='ltr'>sodomum</span> <span class='ocrx_word' id='word_1_427' title='bbox 2759 2147 3034 2213; x_wconf 89' lang='lat' dir='ltr'>oratione</span> <span class='ocrx_word' id='word_1_428' title='bbox 3064 2150 3275 2214; x_wconf 91' lang='lat' dir='ltr'>XXI.</span> <span class='ocrx_word' id='word_1_429' title='bbox 3304 2151 3438 2232; x_wconf 83' lang='grc' dir='ltr'>περὶ</span> <span class='ocrx_word' id='word_1_430' title='bbox 3467 2149 3739 2230; x_wconf 79' lang='grc' dir='ltr'>κάλλους,</span> <span class='ocrx_word' id='word_1_431' title='bbox 3765 2151 3912 2216; x_wconf 88' lang='lat' dir='ltr'>etin</span> <span class='ocrx_word' id='word_1_432' title='bbox 3938 2154 4078 2217; x_wconf 91' lang='lat' dir='ltr'>Me-</span> 
     </span>
     <span class='ocr_line' id='line_1_66' title="bbox 2404 2248 4073 2340; baseline 0.004 -27"><span class='ocrx_word' id='word_1_433' title='bbox 2404 2248 2682 2315; x_wconf 89' lang='lat' dir='ltr'>lancoma</span> <span class='ocrx_word' id='word_1_434' title='bbox 2709 2274 2759 2315; x_wconf 89' lang='lat' dir='ltr'>s.</span> <span class='ocrx_word' id='word_1_435' title='bbox 2790 2253 2967 2315; x_wconf 91' lang='lat' dir='ltr'>Orat.</span> <span class='ocrx_word' id='word_1_436' title='bbox 3001 2252 3288 2317; x_wconf 91' lang='lat' dir='ltr'>XXIX.</span> <span class='ocrx_word' id='word_1_437' title='bbox 3321 2253 3428 2336; x_wconf 88' lang='lat' dir='ltr'>(cf.</span> <span class='ocrx_word' id='word_1_438' title='bbox 3463 2253 3637 2318; x_wconf 92' lang='lat' dir='ltr'>Stob.</span> <span class='ocrx_word' id='word_1_439' title='bbox 3672 2255 3950 2319; x_wconf 89' lang='lat' dir='ltr'>Sermon.</span> <span class='ocrx_word' id='word_1_440' title='bbox 3973 2255 4073 2340; x_wconf 84' lang='lat'>65.</span> 
     </span>
     <span class='ocr_line' id='line_1_67' title="bbox 2408 2355 4077 2453; baseline 0.003 -34"><span class='ocrx_word' id='word_1_441' title='bbox 2408 2355 2550 2441; x_wconf 86' lang='lat'><strong>(63)</strong></span> <span class='ocrx_word' id='word_1_442' title='bbox 2583 2377 2643 2443; x_wconf 90' lang='lat' dir='ltr'>p.</span> <span class='ocrx_word' id='word_1_443' title='bbox 2663 2372 2810 2441; x_wconf 86' lang='lat'>495.</span> <span class='ocrx_word' id='word_1_444' title='bbox 2836 2355 2939 2420; x_wconf 84' lang='lat' dir='ltr'>ed.</span> <span class='ocrx_word' id='word_1_445' title='bbox 2958 2355 3224 2453; x_wconf 67' lang='lat' dir='ltr'>Gaisf3);</span> <span class='ocrx_word' id='word_1_446' title='bbox 3257 2358 3613 2422; x_wconf 70' lang='lat' dir='ltr'>Luc-ianam</span> <span class='ocrx_word' id='word_1_447' title='bbox 3641 2357 3786 2423; x_wconf 91' lang='lat' dir='ltr'>item</span> <span class='ocrx_word' id='word_1_448' title='bbox 3816 2359 3881 2424; x_wconf 93' lang='lat' dir='ltr'>in</span> <span class='ocrx_word' id='word_1_449' title='bbox 3914 2359 4077 2424; x_wconf 90' lang='lat' dir='ltr'>Cha-</span> 
     </span>
     <span class='ocr_line' id='line_1_68' title="bbox 2405 2457 4078 2539; baseline 0.002 -17"><span class='ocrx_word' id='word_1_450' title='bbox 2405 2457 2664 2538; x_wconf 89' lang='lat' dir='ltr'>ridemo,</span> <span class='ocrx_word' id='word_1_451' title='bbox 2694 2458 2745 2523; x_wconf 90' lang='lat' dir='ltr'>si</span> <span class='ocrx_word' id='word_1_452' title='bbox 2774 2457 2959 2523; x_wconf 92' lang='lat' dir='ltr'>modo</span> <span class='ocrx_word' id='word_1_453' title='bbox 2989 2458 3253 2524; x_wconf 89' lang='lat' dir='ltr'>Luciani</span> <span class='ocrx_word' id='word_1_454' title='bbox 3280 2459 3398 2524; x_wconf 90' lang='lat' dir='ltr'>ista</span> <span class='ocrx_word' id='word_1_455' title='bbox 3421 2459 3593 2524; x_wconf 90' lang='lat' dir='ltr'>chria</span> <span class='ocrx_word' id='word_1_456' title='bbox 3613 2475 3728 2539; x_wconf 90' lang='lat' dir='ltr'>est,</span> <span class='ocrx_word' id='word_1_457' title='bbox 3747 2484 3782 2524; x_wconf 99' lang='lat' dir='ltr'>e</span> <span class='ocrx_word' id='word_1_458' title='bbox 3802 2460 4078 2526; x_wconf 88' lang='lat' dir='ltr'>Platonis</span> 
     </span>
     <span class='ocr_line' id='line_1_69' title="bbox 2408 2560 4078 2650; baseline 0.002 -25"><span class='ocrx_word' id='word_1_459' title='bbox 2408 2560 2734 2650; x_wconf 85' lang='lat' dir='ltr'>Symposio</span> <span class='ocrx_word' id='word_1_460' title='bbox 2761 2583 2884 2626; x_wconf 90' lang='lat' dir='ltr'>non</span> <span class='ocrx_word' id='word_1_461' title='bbox 2907 2560 3133 2641; x_wconf 91' lang='lat' dir='ltr'>minus,</span> <span class='ocrx_word' id='word_1_462' title='bbox 3151 2584 3337 2649; x_wconf 92' lang='lat' dir='ltr'>quam</span> <span class='ocrx_word' id='word_1_463' title='bbox 3362 2585 3439 2626; x_wconf 88' lang='lat' dir='ltr'>ex</span> <span class='ocrx_word' id='word_1_464' title='bbox 3464 2562 3752 2628; x_wconf 89' lang='lat' dir='ltr'>Isocratis</span> <span class='ocrx_word' id='word_1_465' title='bbox 3774 2562 4078 2629; x_wconf 89' lang='lat' dir='ltr'>Encomio</span> 
     </span>
     <span class='ocr_line' id='line_1_70' title="bbox 2407 2662 4079 2752; baseline 0.002 -24"><span class='ocrx_word' id='word_1_466' title='bbox 2407 2663 2693 2744; x_wconf 83' lang='lat' dir='ltr'>Helenoe,</span> <span class='ocrx_word' id='word_1_467' title='bbox 2742 2662 3059 2752; x_wconf 89' lang='lat' dir='ltr'>pueriliter</span> <span class='ocrx_word' id='word_1_468' title='bbox 3105 2663 3435 2729; x_wconf 85' lang='lat' dir='ltr'>maximam</span> <span class='ocrx_word' id='word_1_469' title='bbox 3493 2680 3731 2752; x_wconf 89' lang='lat' dir='ltr'>partem</span> <span class='ocrx_word' id='word_1_470' title='bbox 3782 2666 4079 2732; x_wconf 84' lang='lat' dir='ltr'>consarci-</span> 
     </span>
     <span class='ocr_line' id='line_1_71' title="bbox 2405 2765 4079 2857; baseline 0.002 -27"><span class='ocrx_word' id='word_1_471' title='bbox 2405 2781 2572 2832; x_wconf 90' lang='lat' dir='ltr'>nata.</span> <span class='ocrx_word' id='word_1_472' title='bbox 2659 2765 2989 2854; x_wconf 85' lang='lat' dir='ltr'>Ampliora</span> <span class='ocrx_word' id='word_1_473' title='bbox 3029 2765 3401 2832; x_wconf 88' lang='lat' dir='ltr'>exstiterunt</span> <span class='ocrx_word' id='word_1_474' title='bbox 3437 2766 3502 2832; x_wconf 91' lang='lat' dir='ltr'>in</span> <span class='ocrx_word' id='word_1_475' title='bbox 3542 2767 3900 2834; x_wconf 82' lang='lat' dir='ltr'>Academioe</span> <span class='ocrx_word' id='word_1_476' title='bbox 3943 2792 4079 2857; x_wconf 87' lang='lat' dir='ltr'>spa-</span> 
     </span>
     <span class='ocr_line' id='line_1_72' title="bbox 2406 2868 4074 2959; baseline 0.001 -25"><span class='ocrx_word' id='word_1_477' title='bbox 2406 2868 2506 2934; x_wconf 90' lang='lat' dir='ltr'>tiis</span> <span class='ocrx_word' id='word_1_478' title='bbox 2546 2870 2737 2957; x_wconf 89' lang='lat' dir='ltr'>inque</span> <span class='ocrx_word' id='word_1_479' title='bbox 2777 2868 3020 2956; x_wconf 90' lang='lat' dir='ltr'>porticu</span> <span class='ocrx_word' id='word_1_480' title='bbox 3061 2869 3349 2935; x_wconf 89' lang='lat' dir='ltr'>Zenonis.</span> <span class='ocrx_word' id='word_1_481' title='bbox 3413 2869 3505 2935; x_wconf 88' lang='lat' dir='ltr'>Ac</span> <span class='ocrx_word' id='word_1_482' title='bbox 3533 2871 3803 2958; x_wconf 90' lang='lat' dir='ltr'>primum</span> <span class='ocrx_word' id='word_1_483' title='bbox 3834 2885 4074 2959; x_wconf 86' lang='lat' dir='ltr'>postea·</span> 
     </span>
     <span class='ocr_line' id='line_1_73' title="bbox 2408 2972 4082 3061; baseline 0.001 -24"><span class='ocrx_word' id='word_1_484' title='bbox 2408 2995 2596 3059; x_wconf 89' lang='lat' dir='ltr'>quam</span> <span class='ocrx_word' id='word_1_485' title='bbox 2626 2975 2937 3049; x_wconf 73' lang='lat' dir='ltr'>Socrates,</span> <span class='ocrx_word' id='word_1_486' title='bbox 2967 2985 3273 3059; x_wconf 91' lang='lat' dir='ltr'>quantum</span> <span class='ocrx_word' id='word_1_487' title='bbox 3312 2995 3389 3037; x_wconf 85' lang='lat' dir='ltr'>ex</span> <span class='ocrx_word' id='word_1_488' title='bbox 3419 2972 3885 3061; x_wconf 87' lang='lat' dir='ltr'>Xenophonteis</span> <span class='ocrx_word' id='word_1_489' title='bbox 3910 2973 4082 3039; x_wconf 89' lang='lat' dir='ltr'>libris</span> 
     </span>
     <span class='ocr_line' id='line_1_74' title="bbox 2411 3074 4083 3161; baseline 0.002 -23"><span class='ocrx_word' id='word_1_490' title='bbox 2411 3076 2742 3158; x_wconf 91' lang='lat' dir='ltr'>(Memorr.</span> <span class='ocrx_word' id='word_1_491' title='bbox 2776 3074 2918 3139; x_wconf 91' lang='grc' dir='ltr'><strong>ΙΙΙ.</strong></span> <span class='ocrx_word' id='word_1_492' title='bbox 2949 3076 3007 3137; x_wconf 91' lang='grc'>8.</span> <span class='ocrx_word' id='word_1_493' title='bbox 3030 3095 3077 3156; x_wconf 88' lang='lat'>4</span> <span class='ocrx_word' id='word_1_494' title='bbox 3130 3077 3246 3140; x_wconf 92' lang='lat' dir='ltr'>IV.</span> <span class='ocrx_word' id='word_1_495' title='bbox 3276 3077 3340 3140; x_wconf 91' lang='lat'>6.</span> <span class='ocrx_word' id='word_1_496' title='bbox 3363 3080 3460 3161; x_wconf 92' lang='lat'>9.)</span> <span class='ocrx_word' id='word_1_497' title='bbox 3491 3090 3732 3141; x_wconf 90' lang='lat' dir='ltr'>constat</span> <span class='ocrx_word' id='word_1_498' title='bbox 3756 3075 3922 3141; x_wconf 90' lang='lat' dir='ltr'>illam</span> <span class='ocrx_word' id='word_1_499' title='bbox 3952 3078 4083 3141; x_wconf 91' lang='lat' dir='ltr'>Pu-</span> 
     </span>
     <span class='ocr_line' id='line_1_75' title="bbox 2407 3176 4083 3267; baseline 0.002 -27"><span class='ocrx_word' id='word_1_500' title='bbox 2407 3176 2519 3242; x_wconf 91' lang='lat' dir='ltr'>lcri</span> <span class='ocrx_word' id='word_1_501' title='bbox 2540 3176 2882 3242; x_wconf 86' lang='lat' dir='ltr'>doctrinam</span> <span class='ocrx_word' id='word_1_502' title='bbox 2905 3176 3266 3254; x_wconf 89' lang='lat' dir='ltr'>inchoasset,</span> <span class='ocrx_word' id='word_1_503' title='bbox 3286 3178 3545 3243; x_wconf 88' lang='lat' dir='ltr'>eandem</span> <span class='ocrx_word' id='word_1_504' title='bbox 3567 3177 3930 3267; x_wconf 88' lang='lat' dir='ltr'>politissima</span> <span class='ocrx_word' id='word_1_505' title='bbox 3949 3194 4083 3244; x_wconf 87' lang='lat' dir='ltr'>arte</span> 
     </span>
     <span class='ocr_line' id='line_1_76' title="bbox 2408 3278 4085 3370; baseline 0.002 -25"><span class='ocrx_word' id='word_1_506' title='bbox 2408 3278 2637 3345; x_wconf 89' lang='lat' dir='ltr'>erudiit</span> <span class='ocrx_word' id='word_1_507' title='bbox 2667 3280 2873 3358; x_wconf 75' lang='lat' dir='ltr'>Plato,</span> <span class='ocrx_word' id='word_1_508' title='bbox 2903 3278 2992 3344; x_wconf 88' lang='lat' dir='ltr'>ita</span> <span class='ocrx_word' id='word_1_509' title='bbox 3019 3294 3246 3360; x_wconf 88' lang='lat' dir='ltr'>tamen,</span> <span class='ocrx_word' id='word_1_510' title='bbox 3278 3293 3349 3345; x_wconf 91' lang='lat' dir='ltr'>ut</span> <span class='ocrx_word' id='word_1_511' title='bbox 3382 3280 3516 3346; x_wconf 86' lang='lat' dir='ltr'>aliis</span> <span class='ocrx_word' id='word_1_512' title='bbox 3557 3280 3847 3370; x_wconf 88' lang='lat' dir='ltr'>deinceps</span> <span class='ocrx_word' id='word_1_513' title='bbox 3885 3281 4085 3370; x_wconf 91' lang='lat' dir='ltr'>philo-</span> 
     </span>
     <span class='ocr_line' id='line_1_77' title="bbox 2408 3381 4084 3471; baseline 0.003 -24"><span class='ocrx_word' id='word_1_514' title='bbox 2408 3382 2616 3471; x_wconf 87' lang='lat' dir='ltr'>sophis</span> <span class='ocrx_word' id='word_1_515' title='bbox 2657 3381 3077 3471; x_wconf 88' lang='lat' dir='ltr'>plenissimum</span> <span class='ocrx_word' id='word_1_516' title='bbox 3121 3383 3439 3449; x_wconf 86' lang='lat' dir='ltr'>exhiberet</span> <span class='ocrx_word' id='word_1_517' title='bbox 3475 3383 3683 3450; x_wconf 90' lang='lat' dir='ltr'>locum</span> <span class='ocrx_word' id='word_1_518' title='bbox 3729 3408 3870 3451; x_wconf 86' lang='lat' dir='ltr'>cum</span> <span class='ocrx_word' id='word_1_519' title='bbox 3920 3409 4084 3452; x_wconf 88' lang='lat' dir='ltr'>nova</span> 
     </span>
     <span class='ocr_line' id='line_1_78' title="bbox 2406 3484 4082 3576; baseline 0.002 -26"><span class='ocrx_word' id='word_1_520' title='bbox 2406 3484 2779 3564; x_wconf 83' lang='lat' dir='ltr'>inveniendi,</span> <span class='ocrx_word' id='word_1_521' title='bbox 2801 3499 2937 3551; x_wconf 90' lang='lat' dir='ltr'>tum</span> <span class='ocrx_word' id='word_1_522' title='bbox 2957 3485 3038 3550; x_wconf 91' lang='lat' dir='ltr'>ab</span> <span class='ocrx_word' id='word_1_523' title='bbox 3058 3485 3195 3572; x_wconf 90' lang='lat' dir='ltr'>ipso</span> <span class='ocrx_word' id='word_1_524' title='bbox 3217 3486 3443 3552; x_wconf 88' lang='lat' dir='ltr'>tradita</span> <span class='ocrx_word' id='word_1_525' title='bbox 3468 3487 3756 3575; x_wconf 87' lang='lat' dir='ltr'>exigendi</span> <span class='ocrx_word' id='word_1_526' title='bbox 3778 3489 4082 3576; x_wconf 86' lang='lat' dir='ltr'>augendi-</span> 
     </span>
     <span class='ocr_line' id='line_1_79' title="bbox 2408 3586 4083 3679; baseline 0.002 -27"><span class='ocrx_word' id='word_1_527' title='bbox 2408 3611 2548 3676; x_wconf 90' lang='lat' dir='ltr'>que.</span> <span class='ocrx_word' id='word_1_528' title='bbox 2639 3586 2973 3653; x_wconf 88' lang='lat' dir='ltr'>Permultis</span> <span class='ocrx_word' id='word_1_529' title='bbox 2999 3587 3495 3676; x_wconf 88' lang='lat' dir='ltr'>autem.dialogis</span> <span class='ocrx_word' id='word_1_530' title='bbox 3536 3587 3638 3654; x_wconf 89' lang='lat' dir='ltr'>ille</span> <span class='ocrx_word' id='word_1_531' title='bbox 3678 3589 4083 3679; x_wconf 89' lang='lat' dir='ltr'>philosophus</span> 
     </span>
     <span class='ocr_line' id='line_1_80' title="bbox 2399 3689 4084 3779; baseline 0.001 -23"><span class='ocrx_word' id='word_1_532' title='bbox 2399 3690 2527 3761; x_wconf 85' lang='lat' dir='ltr'>hoc</span> <span class='ocrx_word' id='word_1_533' title='bbox 2563 3690 2767 3779; x_wconf 88' lang='lat' dir='ltr'>ipsum</span> <span class='ocrx_word' id='word_1_534' title='bbox 2810 3689 2964 3778; x_wconf 92' lang='lat' dir='ltr'>quid</span> <span class='ocrx_word' id='word_1_535' title='bbox 3012 3690 3091 3755; x_wconf 90' lang='lat' dir='ltr'>sit</span> <span class='ocrx_word' id='word_1_536' title='bbox 3136 3691 3203 3755; x_wconf 85' lang='grc' dir='ltr'>τὸ</span> <span class='ocrx_word' id='word_1_537' title='bbox 3250 3691 3433 3756; x_wconf 80' lang='grc' dir='ltr'>καλὸν</span> <span class='ocrx_word' id='word_1_538' title='bbox 3474 3690 3705 3779; x_wconf 88' lang='lat' dir='ltr'>attigit,</span> <span class='ocrx_word' id='word_1_539' title='bbox 3748 3706 3820 3757; x_wconf 91' lang='lat' dir='ltr'>ut</span> <span class='ocrx_word' id='word_1_540' title='bbox 3860 3692 3925 3757; x_wconf 90' lang='lat' dir='ltr'>in</span> <span class='ocrx_word' id='word_1_541' title='bbox 3966 3693 4084 3758; x_wconf 85' lang='lat' dir='ltr'>Al·-</span> 
     </span>
     <span class='ocr_line' id='line_1_81' title="bbox 2407 3790 4081 3881; baseline 0.001 -24"><span class='ocrx_word' id='word_1_542' title='bbox 2407 3792 2645 3857; x_wconf 89' lang='lat' dir='ltr'>cibiade</span> <span class='ocrx_word' id='word_1_543' title='bbox 2690 3792 2919 3881; x_wconf 90' lang='lat' dir='ltr'>priore,</span> <span class='ocrx_word' id='word_1_544' title='bbox 2962 3791 3026 3855; x_wconf 89' lang='lat' dir='ltr'>in</span> <span class='ocrx_word' id='word_1_545' title='bbox 3071 3790 3316 3880; x_wconf 89' lang='lat' dir='ltr'>Hippia</span> <span class='ocrx_word' id='word_1_546' title='bbox 3361 3793 3613 3880; x_wconf 89' lang='lat' dir='ltr'>majore,</span> <span class='ocrx_word' id='word_1_547' title='bbox 3654 3792 3719 3857; x_wconf 92' lang='lat' dir='ltr'>in</span> <span class='ocrx_word' id='word_1_548' title='bbox 3773 3792 4081 3881; x_wconf 86' lang='lat' dir='ltr'>Sophista,</span> 
     </span>
     <span class='ocr_line' id='line_1_82' title="bbox 2410 3892 4079 3981; baseline -0.001 -21"><span class='ocrx_word' id='word_1_549' title='bbox 2410 3894 2668 3981; x_wconf 82' lang='lat' dir='ltr'>Gorgia,</span> <span class='ocrx_word' id='word_1_550' title='bbox 2716 3892 3047 3971; x_wconf 79' lang='lat' dir='ltr'>Phaedone,</span> <span class='ocrx_word' id='word_1_551' title='bbox 3100 3892 3383 3973; x_wconf 85' lang='lat' dir='ltr'>Philebo,</span> <span class='ocrx_word' id='word_1_552' title='bbox 3432 3894 3704 3960; x_wconf 79' lang='lat' dir='ltr'>Phaedro</span> <span class='ocrx_word' id='word_1_553' title='bbox 3758 3895 4079 3961; x_wconf 81' lang='lat' dir='ltr'>Convivio.</span> 
     </span>
     <span class='ocr_line' id='line_1_83' title="bbox 2408 3996 4078 4083; baseline 0.001 -21"><span class='ocrx_word' id='word_1_554' title='bbox 2408 3998 2640 4062; x_wconf 90' lang='lat' dir='ltr'>Verum</span> <span class='ocrx_word' id='word_1_555' title='bbox 2669 3996 2733 4062; x_wconf 93' lang='lat' dir='ltr'>in</span> <span class='ocrx_word' id='word_1_556' title='bbox 2762 3996 2934 4062; x_wconf 88' lang='lat' dir='ltr'>haud</span> <span class='ocrx_word' id='word_1_557' title='bbox 2975 3996 3188 4083; x_wconf 89' lang='lat' dir='ltr'>paucis</span> <span class='ocrx_word' id='word_1_558' title='bbox 3218 3996 3418 4062; x_wconf 89' lang='lat' dir='ltr'>obiter</span> <span class='ocrx_word' id='word_1_559' title='bbox 3445 3996 3752 4063; x_wconf 85' lang='lat' dir='ltr'>duntaxat</span> <span class='ocrx_word' id='word_1_560' title='bbox 3776 3997 4078 4063; x_wconf 86' lang='lat' dir='ltr'>breviter·</span> 
     </span>
     <span class='ocr_line' id='line_1_84' title="bbox 2409 4097 4084 4187; baseline 0.002 -25"><span class='ocrx_word' id='word_1_561' title='bbox 2409 4121 2533 4187; x_wconf 92' lang='lat' dir='ltr'>que</span> <span class='ocrx_word' id='word_1_562' title='bbox 2575 4097 2725 4187; x_wconf 91' lang='lat' dir='ltr'>agit.</span> <span class='ocrx_word' id='word_1_563' title='bbox 2814 4100 2894 4163; x_wconf 90' lang='lat' dir='ltr'>In</span> <span class='ocrx_word' id='word_1_564' title='bbox 2926 4097 3171 4187; x_wconf 89' lang='lat' dir='ltr'>Hippia</span> <span class='ocrx_word' id='word_1_565' title='bbox 3207 4121 3460 4186; x_wconf 89' lang='lat' dir='ltr'>quoque</span> <span class='ocrx_word' id='word_1_566' title='bbox 3494 4100 3726 4187; x_wconf 85' lang='lat' dir='ltr'>majore</span> <span class='ocrx_word' id='word_1_567' title='bbox 3753 4098 3907 4165; x_wconf 89' lang='lat' dir='ltr'>nihil</span> <span class='ocrx_word' id='word_1_568' title='bbox 3934 4099 4084 4166; x_wconf 89' lang='lat' dir='ltr'>certi</span> 
     </span>
     <span class='ocr_line' id='line_1_85' title="bbox 2410 4199 4085 4291; baseline 0.001 -27"><span class='ocrx_word' id='word_1_569' title='bbox 2410 4200 2526 4266; x_wconf 83' lang='lat' dir='ltr'>hac</span> <span class='ocrx_word' id='word_1_570' title='bbox 2553 4201 2634 4266; x_wconf 88' lang='lat' dir='ltr'>de</span> <span class='ocrx_word' id='word_1_571' title='bbox 2661 4223 2728 4266; x_wconf 93' lang='lat' dir='ltr'>re</span> <span class='ocrx_word' id='word_1_572' title='bbox 2754 4199 3030 4290; x_wconf 87' lang='lat' dir='ltr'>ponitur.</span> <span class='ocrx_word' id='word_1_573' title='bbox 3119 4202 3356 4266; x_wconf 89' lang='lat' dir='ltr'>Contra</span> <span class='ocrx_word' id='word_1_574' title='bbox 3395 4199 3460 4264; x_wconf 88' lang='lat' dir='ltr'>in</span> <span class='ocrx_word' id='word_1_575' title='bbox 3489 4200 3753 4266; x_wconf 93' lang='lat' dir='ltr'>Philebo</span> <span class='ocrx_word' id='word_1_576' title='bbox 3788 4200 3923 4268; x_wconf 84' lang='lat' dir='ltr'>hoec</span> <span class='ocrx_word' id='word_1_577' title='bbox 3949 4202 4085 4291; x_wconf 86' lang='lat' dir='ltr'>ipsa</span> 
     </span>
     <span class='ocr_line' id='line_1_86' title="bbox 2410 4302 4085 4392; baseline 0.002 -24"><span class='ocrx_word' id='word_1_578' title='bbox 2410 4303 2674 4391; x_wconf 82' lang='lat' dir='ltr'>quaestio</span> <span class='ocrx_word' id='word_1_579' title='bbox 2714 4302 2841 4368; x_wconf 88' lang='lat' dir='ltr'>suis</span> <span class='ocrx_word' id='word_1_580' title='bbox 2883 4326 2960 4367; x_wconf 87' lang='lat' dir='ltr'>ex</span> <span class='ocrx_word' id='word_1_581' title='bbox 3004 4303 3204 4369; x_wconf 89' lang='lat' dir='ltr'>causis</span> <span class='ocrx_word' id='word_1_582' title='bbox 3236 4302 3537 4392; x_wconf 87' lang='lat' dir='ltr'>repetitur</span> <span class='ocrx_word' id='word_1_583' title='bbox 3573 4319 3637 4369; x_wconf 88' lang='lat' dir='ltr'>et</span> <span class='ocrx_word' id='word_1_584' title='bbox 3666 4303 3952 4370; x_wconf 90' lang='lat' dir='ltr'>subtilius</span> <span class='ocrx_word' id='word_1_585' title='bbox 3978 4329 4085 4372; x_wconf 86' lang='lat' dir='ltr'>ex·</span> 
     </span>
     <span class='ocr_line' id='line_1_87' title="bbox 2409 4404 4086 4495; baseline 0.002 -25"><span class='ocrx_word' id='word_1_586' title='bbox 2409 4405 2695 4495; x_wconf 86' lang='lat' dir='ltr'>plicatur.</span> <span class='ocrx_word' id='word_1_587' title='bbox 2779 4407 2913 4471; x_wconf 90' lang='lat' dir='ltr'>Nec</span> <span class='ocrx_word' id='word_1_588' title='bbox 2955 4406 3159 4471; x_wconf 90' lang='lat' dir='ltr'>minus</span> <span class='ocrx_word' id='word_1_589' title='bbox 3200 4405 3264 4470; x_wconf 91' lang='lat' dir='ltr'>in</span> <span class='ocrx_word' id='word_1_590' title='bbox 3306 4405 3579 4470; x_wconf 79' lang='lat' dir='ltr'>Phaedro</span> <span class='ocrx_word' id='word_1_591' title='bbox 3622 4404 3889 4494; x_wconf 91' lang='lat' dir='ltr'>plurima</span> <span class='ocrx_word' id='word_1_592' title='bbox 3929 4424 4086 4474; x_wconf 89' lang='lat' dir='ltr'>trac-</span> 
     </span>
     <span class='ocr_line' id='line_1_88' title="bbox 2412 4507 4083 4598; baseline 0.002 -24"><span class='ocrx_word' id='word_1_593' title='bbox 2412 4522 2648 4588; x_wconf 87' lang='lat' dir='ltr'>tantur,</span> <span class='ocrx_word' id='word_1_594' title='bbox 2668 4531 2836 4598; x_wconf 82' lang='lat' dir='ltr'>quoe,</span> <span class='ocrx_word' id='word_1_595' title='bbox 2856 4508 3012 4597; x_wconf 88' lang='lat' dir='ltr'>quid</span> <span class='ocrx_word' id='word_1_596' title='bbox 3042 4509 3159 4573; x_wconf 89' lang='lat' dir='ltr'>hoc</span> <span class='ocrx_word' id='word_1_597' title='bbox 3184 4508 3387 4596; x_wconf 91' lang='lat' dir='ltr'>ipsum</span> <span class='ocrx_word' id='word_1_598' title='bbox 3418 4508 3497 4574; x_wconf 88' lang='lat' dir='ltr'>sit</span> <span class='ocrx_word' id='word_1_599' title='bbox 3524 4507 3834 4597; x_wconf 90' lang='lat' dir='ltr'>pulcrum,</span> <span class='ocrx_word' id='word_1_600' title='bbox 3864 4510 3930 4575; x_wconf 93' lang='lat' dir='ltr'>in</span> <span class='ocrx_word' id='word_1_601' title='bbox 3958 4510 4083 4577; x_wconf 84' lang='lat' dir='ltr'>cla-</span> 
     </span>
     <span class='ocr_line' id='line_1_89' title="bbox 2411 4611 4083 4702; baseline 0.001 -26"><span class='ocrx_word' id='word_1_602' title='bbox 2411 4612 2570 4677; x_wconf 88' lang='lat' dir='ltr'>riore</span> <span class='ocrx_word' id='word_1_603' title='bbox 2591 4612 2729 4678; x_wconf 90' lang='lat' dir='ltr'>luce</span> <span class='ocrx_word' id='word_1_604' title='bbox 2749 4633 2978 4702; x_wconf 91' lang='lat' dir='ltr'>ponere</span> <span class='ocrx_word' id='word_1_605' title='bbox 2993 4611 3336 4677; x_wconf 83' lang='lat' dir='ltr'>videantur.</span> <span class='ocrx_word' id='word_1_606' title='bbox 3401 4612 3481 4676; x_wconf 91' lang='lat' dir='ltr'>In</span> <span class='ocrx_word' id='word_1_607' title='bbox 3501 4612 3829 4700; x_wconf 89' lang='lat' dir='ltr'>Symposio</span> <span class='ocrx_word' id='word_1_608' title='bbox 3849 4627 4083 4693; x_wconf 91' lang='lat' dir='ltr'>autem,</span> 
     </span>
     <span class='ocr_line' id='line_1_90' title="bbox 2412 4713 4081 4804; baseline 0.002 -25"><span class='ocrx_word' id='word_1_609' title='bbox 2412 4728 2475 4779; x_wconf 90' lang='lat' dir='ltr'>et</span> <span class='ocrx_word' id='word_1_610' title='bbox 2505 4714 2572 4779; x_wconf 90' lang='lat' dir='ltr'>in</span> <span class='ocrx_word' id='word_1_611' title='bbox 2609 4714 2903 4781; x_wconf 85' lang='lat' dir='ltr'>Diotimae</span> <span class='ocrx_word' id='word_1_612' title='bbox 2943 4713 3223 4802; x_wconf 90' lang='lat' dir='ltr'>inprimis</span> <span class='ocrx_word' id='word_1_613' title='bbox 3262 4736 3404 4779; x_wconf 92' lang='lat' dir='ltr'>cum</span> <span class='ocrx_word' id='word_1_614' title='bbox 3454 4716 3703 4780; x_wconf 89' lang='lat' dir='ltr'>Socrate</span> <span class='ocrx_word' id='word_1_615' title='bbox 3751 4715 4081 4804; x_wconf 89' lang='lat' dir='ltr'>colloquio,</span> 
     </span>
     <span class='ocr_line' id='line_1_91' title="bbox 2410 4816 4085 4907; baseline 0 -24"><span class='ocrx_word' id='word_1_616' title='bbox 2410 4817 2575 4883; x_wconf 89' lang='lat' dir='ltr'>idem</span> <span class='ocrx_word' id='word_1_617' title='bbox 2605 4830 3038 4907; x_wconf 86' lang='lat' dir='ltr'>argumentum</span> <span class='ocrx_word' id='word_1_618' title='bbox 3070 4816 3226 4882; x_wconf 89' lang='lat' dir='ltr'>serio</span> <span class='ocrx_word' id='word_1_619' title='bbox 3254 4816 3706 4905; x_wconf 89' lang='lat' dir='ltr'>subtiliterque,</span> <span class='ocrx_word' id='word_1_620' title='bbox 3729 4817 3827 4882; x_wconf 85' lang='lat' dir='ltr'>vel</span> <span class='ocrx_word' id='word_1_621' title='bbox 3853 4818 4085 4905; x_wconf 86' lang='lat' dir='ltr'>potius,</span> 
     </span>
     <span class='ocr_line' id='line_1_92' title="bbox 2412 4918 4086 5009; baseline 0.002 -24"><span class='ocrx_word' id='word_1_622' title='bbox 2412 4943 2492 4985; x_wconf 87' lang='lat' dir='ltr'>ne</span> <span class='ocrx_word' id='word_1_623' title='bbox 2538 4943 2762 5009; x_wconf 83' lang='lat' dir='ltr'>parum</span> <span class='ocrx_word' id='word_1_624' title='bbox 2811 4918 3038 4985; x_wconf 89' lang='lat' dir='ltr'>dixisse</span> <span class='ocrx_word' id='word_1_625' title='bbox 3087 4919 3320 5000; x_wconf 83' lang='lat' dir='ltr'>videar,</span> <span class='ocrx_word' id='word_1_626' title='bbox 3370 4919 3668 4985; x_wconf 81' lang='lat' dir='ltr'>divinitus</span> <span class='ocrx_word' id='word_1_627' title='bbox 3714 4919 4086 5009; x_wconf 85' lang='lat' dir='ltr'>explicatur.</span> 
     </span>
     <span class='ocr_line' id='line_1_93' title="bbox 2415 5020 4083 5110; baseline -0.001 -22"><span class='ocrx_word' id='word_1_628' title='bbox 2415 5022 2873 5089; x_wconf 80' lang='lat' dir='ltr'>Platonicarum</span> <span class='ocrx_word' id='word_1_629' title='bbox 2924 5020 2987 5086; x_wconf 89' lang='lat' dir='ltr'>in</span> <span class='ocrx_word' id='word_1_630' title='bbox 3037 5021 3277 5110; x_wconf 89' lang='lat' dir='ltr'>Hippia</span> <span class='ocrx_word' id='word_1_631' title='bbox 3327 5023 3557 5109; x_wconf 80' lang='lat' dir='ltr'>majore</span> <span class='ocrx_word' id='word_1_632' title='bbox 3604 5020 4083 5110; x_wconf 88' lang='lat' dir='ltr'>disputationem</span> 
     </span>
     <span class='ocr_line' id='line_1_94' title="bbox 2414 5123 4085 5213; baseline -0.001 -22"><span class='ocrx_word' id='word_1_633' title='bbox 2414 5149 2716 5192; x_wconf 89' lang='lat' dir='ltr'>summam</span> <span class='ocrx_word' id='word_1_634' title='bbox 2742 5124 2934 5190; x_wconf 81' lang='lat' dir='ltr'>habes</span> <span class='ocrx_word' id='word_1_635' title='bbox 2960 5123 3128 5213; x_wconf 90' lang='lat' dir='ltr'>apud</span> <span class='ocrx_word' id='word_1_636' title='bbox 3160 5123 3348 5213; x_wconf 91' lang='lat' dir='ltr'>Diog.</span> <span class='ocrx_word' id='word_1_637' title='bbox 3381 5125 3595 5191; x_wconf 67' lang='lat' dir='ltr'>Laert.</span> <span class='ocrx_word' id='word_1_638' title='bbox 3625 5126 3764 5190; x_wconf 89' lang='lat'>111.</span> <span class='ocrx_word' id='word_1_639' title='bbox 3798 5126 3902 5210; x_wconf 89' lang='lat'>89.</span> <span class='ocrx_word' id='word_1_640' title='bbox 3947 5123 4085 5189; x_wconf 86' lang='lat' dir='ltr'>Pri-</span> 
     </span>
     <span class='ocr_line' id='line_1_95' title="bbox 2412 5225 4085 5316; baseline -0.002 -22"><span class='ocrx_word' id='word_1_641' title='bbox 2412 5229 2669 5294; x_wconf 89' lang='lat' dir='ltr'>mariam</span> <span class='ocrx_word' id='word_1_642' title='bbox 2699 5226 2977 5293; x_wconf 89' lang='lat' dir='ltr'>Platonis</span> <span class='ocrx_word' id='word_1_643' title='bbox 3003 5226 3389 5306; x_wconf 89' lang='lat' dir='ltr'>sententiam,</span> <span class='ocrx_word' id='word_1_644' title='bbox 3417 5227 3621 5316; x_wconf 87' lang='lat' dir='ltr'>ipsum</span> <span class='ocrx_word' id='word_1_645' title='bbox 3664 5228 3949 5316; x_wconf 88' lang='lat' dir='ltr'>pulcrum</span> <span class='ocrx_word' id='word_1_646' title='bbox 3991 5225 4085 5290; x_wconf 88' lang='lat' dir='ltr'>ni-</span> 
     </span>
     <span class='ocr_line' id='line_1_96' title="bbox 2413 5328 4084 5420; baseline -0.002 -23"><span class='ocrx_word' id='word_1_647' title='bbox 2413 5331 2501 5397; x_wconf 89' lang='lat' dir='ltr'>hil</span> <span class='ocrx_word' id='word_1_648' title='bbox 2529 5331 2699 5397; x_wconf 85' lang='lat' dir='ltr'>aliud</span> <span class='ocrx_word' id='word_1_649' title='bbox 2722 5352 2912 5420; x_wconf 91' lang='lat' dir='ltr'>quam</span> <span class='ocrx_word' id='word_1_650' title='bbox 2933 5330 3166 5395; x_wconf 92' lang='lat' dir='ltr'>bonum</span> <span class='ocrx_word' id='word_1_651' title='bbox 3188 5330 3391 5418; x_wconf 89' lang='lat' dir='ltr'>ipsum</span> <span class='ocrx_word' id='word_1_652' title='bbox 3421 5354 3551 5396; x_wconf 87' lang='lat' dir='ltr'>esse</span> <span class='ocrx_word' id='word_1_653' title='bbox 3571 5329 3863 5407; x_wconf 88' lang='lat' dir='ltr'>docentis,</span> <span class='ocrx_word' id='word_1_654' title='bbox 3883 5328 4084 5394; x_wconf 89' lang='lat' dir='ltr'>tribus</span> 
     </span>
     <span class='ocr_line' id='line_1_97' title="bbox 2413 5430 4083 5523; baseline -0.002 -24"><span class='ocrx_word' id='word_1_655' title='bbox 2413 5433 2585 5499; x_wconf 90' lang='lat' dir='ltr'>libris</span> <span class='ocrx_word' id='word_1_656' title='bbox 2605 5446 2973 5523; x_wconf 88' lang='lat' dir='ltr'>exposuerat</span> <span class='ocrx_word' id='word_1_657' title='bbox 2993 5432 3330 5518; x_wconf 86' lang='lat' dir='ltr'>Antipater</span> <span class='ocrx_word' id='word_1_658' title='bbox 3358 5448 3511 5499; x_wconf 88' lang='lat' dir='ltr'>teste</span> <span class='ocrx_word' id='word_1_659' title='bbox 3539 5431 3855 5497; x_wconf 83' lang='lat' dir='ltr'>Clemente</span> <span class='ocrx_word' id='word_1_660' title='bbox 3882 5430 4083 5497; x_wconf 84' lang='lat' dir='ltr'>Alex-</span> 
     </span>
    </p>
   </div>
   <div class='ocr_carea' id='block_1_7' title="bbox 2394 5533 4087 5624">
    <p class='ocr_par' dir='ltr' id='par_1_8' title="bbox 2394 5533 4087 5624">
     <span class='ocr_line' id='line_1_98' title="bbox 2394 5533 4087 5624; baseline 0.001 -27"><span class='ocrx_word' id='word_1_661' title='bbox 2394 5535 2675 5601; x_wconf 84' lang='lat' dir='ltr'>andrino</span> <span class='ocrx_word' id='word_1_662' title='bbox 2720 5538 3010 5602; x_wconf 88' lang='lat' dir='ltr'>Stromat.</span> <span class='ocrx_word' id='word_1_663' title='bbox 3046 5537 3126 5601; x_wconf 92' lang='lat' dir='ltr'>V.</span> <span class='ocrx_word' id='word_1_664' title='bbox 3166 5558 3233 5624; x_wconf 91' lang='lat' dir='ltr'>p.</span> <span class='ocrx_word' id='word_1_665' title='bbox 3267 5551 3412 5623; x_wconf 83' lang='lat'>705.</span> <span class='ocrx_word' id='word_1_666' title='bbox 3454 5538 3693 5600; x_wconf 89' lang='lat' dir='ltr'>Potter.</span> <span class='ocrx_word' id='word_1_667' title='bbox 3734 5533 3840 5598; x_wconf 84' lang='lat' dir='ltr'>Ex</span> <span class='ocrx_word' id='word_1_668' title='bbox 3884 5533 4087 5599; x_wconf 87' lang='lat' dir='ltr'>tribus</span> 
     </span>
    </p>
   </div>
  </div>
 </body>
</html>
