5118 6613
1384 531 1580 597 ΜΒ.
1636 533 1711 597 v.
1760 533 2228 598 ENNEAD.
2279 532 2745 599 TERTIAE.
2790 556 2856 621 p.
2887 550 3250 623 527—530-

583 729 764 769 νατον
793 703 948 769 εἶναι
997 705 1077 773 ὣς
1115 706 1183 769 ἐν
1229 708 1419 792 θνητῷ
1474 707 1749 786 ἐπιθυμία
1795 734 1846 770 κ.
1873 731 1925 770 τ.
1948 706 2046 795 λ.]
2097 704 2281 770 Plato

585 806 918 894 Symposio
967 830 1030 896 p.
1075 806 1222 872 208.
1281 830 1347 895 p.
1392 828 1542 894 439.
1605 807 1808 874 Bekk.
1872 825 2278 896 posteaquam

583 910 944 988 Alcestidis‚
993 909 1284 989 Achillis,
1325 910 1521 978 Codri
1566 910 1940 977 mentionem
1978 912 2147 988 fecit,
2191 912 2280 977 ita

581 1014 787 1103 pergit
806 1014 1076 1090 ε’-ἀλλ,
1123 1015 1306 1095 οἶμαι,
1358 1017 1507 1097 ὑπὲρ
1564 1017 1772 1097 ἀρετῆς
1829 1015 2127 1080 ἀθανάτου
2184 1016 2280 1080 καὶ

579 1120 848 1199 τοιαύτης
875 1120 1045 1199 δόξης
1079 1118 1355 1185 εὐκλεοῦς
1380 1117 1598 1185 πάντες
1620 1118 1816 1182 πάντα
1835 1123 2128 1193 ποιοῦσιν,
2153 1121 2277 1205 ὅσῳ

580 1220 656 1286 ἂν
684 1223 959 1301 ἀμείνους
987 1222 1118 1295 ὦσι,
1150 1222 1417 1307 τοσούτῳ
1459 1226 1716 1300 μᾶλλον·
1763 1225 1871 1284 τοῦ
1901 1224 2018 1303 γὰρ
2049 1221 2274 1286 ἀθανά-

579 1349 684 1388 του
722 1326 960 1405 ἐρῶσιν·
1000 1326 1059 1388 οἱ
1102 1325 1216 1404 μὲν
1250 1324 1358 1388 οὖν
1388 1325 1723 1406 ἐγκύμονες,
1777 1324 1913 1405 ἔφη,
1963 1327 2109 1388 κατὰ
2152 1327 2267 1389 ‹nt›-

578 1452 734 1507 ματα
786 1429 956 1494 ὄντες
1006 1426 1156 1509 πρὸς
1198 1423 1305 1495 τὰς
1345 1432 1626 1509 γυναῖκας
1666 1431 1903 1507 μᾶλλον
1935 1427 2269 1508 τρέπονται,

582 1532 678 1595 καὶ
704 1532 883 1610 ταύτῃ
920 1531 1189 1612 ἐρωτικοί
1212 1531 1351 1609 εἰσι,
1380 1532 1477 1594 διὰ
1504 1530 1905 1611 παιδογονίας,
1938 1531 2275 1595 ἀθανασίαν

581 1633 674 1698 καὶ
710 1633 944 1714 μνήμην
974 1633 1070 1697 καὶ
1110 1633 1504 1712 εὐδαιμονίαν,
1541 1633 1617 1698 ὣς
1667 1635 1911 1706 οἴονται,
1955 1635 2151 1700 αὐτοῖς
2193 1635 2275 1702 εἷς

579 1735 684 1800 τὸν
714 1736 921 1801 ἔπειτα
946 1736 1171 1819 χρόνον
1199 1734 1395 1800 πάντα
1422 1737 1812 1817 ποριζόμενοι.

661 1861 726 1924 p.
743 1854 896 1923 529,
934 1857 1029 1922 19.
1060 1838 1376 1920 γενόμενοι
1403 1836 1766 1923 παράφοροι]
1806 1836 2051 1904 Possis:
2097 1847 2275 1925 post-

577 1962 766 2029 quam
793 1940 1093 2005 iaeaebriati
1120 1948 1292 2004 sunt.
1360 1941 1463 2004 De
1490 1939 1665 2005 ebrio
1689 1941 1853 2005 enim
1887 1940 2071 2006 Plato
2096 1964 2274 2006 usur-

577 2058 687 2132 pat
707 2042 776 2107 id
794 2042 968 2107 verbi
986 2042 1067 2107 de
1086 2043 1294 2130 Legg.
1319 2043 1443 2107 VI.
1469 2063 1568 2129 13.
1604 2065 1668 2130 p.
1692 2060 1835 2128 775.
1915 2044 2041 2109 Sed
2063 2058 2270 2109 tamen

579 2146 865 2213 universe
882 2145 1188 2235 significat
1206 2170 1332 2225 eos,
1344 2146 1456 2234 qui
1475 2161 1682 2211 mente
1699 2169 1845 2211 sana
1861 2146 2084 2234 dejecti
2104 2163 2272 2227 sunt,

579 2273 698 2316 usu
728 2249 826 2316 vel
863 2274 904 2315 a
939 2249 1334 2338 navigatione
1361 2249 1460 2315 vel
1498 2250 1580 2315 ab
1609 2250 1931 2331 vehiculiS,
1960 2251 2042 2316 ab
2071 2251 2268 2339 equis,

576 2357 694 2444 qui*
715 2379 978 2421 sessores
1005 2355 1303 2421 auferunt
1332 2370 1734 2433 transverSOS,
1766 2354 2031 2443 repetito
2068 2357 2169 2420 De
2196 2379 2270 2420 eo

578 2459 768 2525 verbo
795 2475 1085 2524 accurate
1114 2458 1402 2546 exposuit
1434 2458 1724 2522 Baehrius
1750 2457 1814 2522 in
1847 2457 2268 2523 Meletematis

576 2561 800 2626 nostris
832 2561 974 2626 III.
1006 2583 1072 2648 p.
1105 2580 1171 2645 5.
1212 2583 1302 2647 sq.
1352 2560 1457 2626 Cf.
1491 2560 1758 2624 eundem
1788 2559 1869 2624 de
1896 2560 2267 2643 παραφέρειν

575 2664 654 2730 ad
688 2662 1010 2729 Plutarch.
1040 2663 1275 2751 Pyrrh.
1306 2663 1532 2728 XVII.
1564 2686 1632 2750 p.
1673 2683 1808 2748 195.
1855 2663 2057 2729 Haud
2087 2663 2263 2728 dissi-

576 2766 735 2832 milis
787 2788 1235 2854 nonnunquam
1287 2780 1380 2830 est
1419 2765 1511 2830 vis
1539 2765 1709 2830 verbi
1758 2766 2052 2849 ἐκφέρειν.
2118 2765 2261 2831 vid.

576 2871 798 2937 Budaei
831 2873 1078 2936 Comm.
1104 2872 1186 2935 L.
1223 2871 1339 2935 Gr.
1368 2892 1431 2958 p.
1461 2871 1612 2955 508.
1647 2893 1742 2957 sq.
1776 2870 1982 2955 Viger.
2016 2892 2076 2956 p.
2112 2871 2264 2935 602.

571 2975 632 3039 b.
663 2989 727 3039 et
756 2973 1038 3039 Cattierii
1070 2971 1500 3062 Gazophylac.
1530 2995 1594 3060 p.
1627 2990 1728 3058 79.
1797 2971 1990 3038 Adde
2016 2972 2263 3038 Platon.

577 3077 817 3165 Cratyl.
860 3099 925 3165 p.
957 3077 1105 3163 386.
1139 3099 1197 3141 a.
1283 3077 1386 3141 De
1431 3098 1581 3140 voce
1626 3076 1974 3159 παράφορος
2015 3075 2267 3141 consule

571 3181 756 3247 etiam
799 3180 1164 3246 Jacobsium
1210 3179 1294 3243 ad
1347 3178 1685 3244 Callistrati
1737 3181 1991 3244 Statuas
2017 3202 2081 3266 p.
2116 3181 2265 3263 690.

574 3287 665 3374 (p.
700 3284 845 3368 148,
874 3286 1015 3370 31.)
1084 3281 1348 3349 Proclus
1385 3281 1449 3347 in
1496 3281 1630 3348 Alc.
1664 3305 1763 3372 pr.
1796 3306 1859 3371 p.
1886 3302 2046 3350 210:
2094 3282 2163 3348 τὸ
2200 3285 2265 3348 δὲ

572 3390 786 3474 αἶσχος
805 3390 1092 3472 (γίνεται)
1125 3385 1520 3470 κρατουμένου
1544 3387 1640 3451 καὶ
1663 3385 2066 3468 ἀσυμμέτρους
2083 3386 2260 3469 (fort.

569 3498 675 3558 τοῦ
710 3495 844 3578 aa.)
897 3492 992 3556 καὶ
1041 3492 1425 3574 παραφόρους
1467 3491 1848 3557 ἀποδιδόντος
1898 3493 2003 3558 τὰς
2044 3493 2263 3560 οἰκείας

571 3596 890 3678 ἐνεργείας.
941 3593 1050 3659 ubi
1080 3592 1206 3657 vid.
1247 3606 1459 3658 annot.
1503 3591 1794 3658 Plotinus
1830 3592 1975 3659 infr.
2020 3596 2163 3660 III.
2195 3596 2255 3660 8.

569 3701 628 3764 6.
660 3697 853 3763 habet
879 3719 1094 3763 vocem
1122 3696 1464 3780 παραφορά.

651 3825 716 3890 p.
748 3822 901 3889 530,
931 3821 995 3887 3.
1041 3800 1215 3865 Ἀλλ’
1248 3802 1375 3875 οὖν,
1409 3802 1566 3865 οἵτε
1601 3800 1890 3882 σωμάτων
1934 3808 2131 3867 καλῶν
2163 3806 2259 3869 καὶ

567 3908 664 3971 διὰ
716 3906 875 3985 μίξιν
922 3904 1218 3988 ἐρῶντες]
1291 3902 1568 3982 Ficinus,
1621 3901 1733 3990 qui
1789 3902 2003 3969 vertit:
2056 3912 2098 3945 “
2129 3928 2258 3970 non

566 4005 1018 4074 commixtionis
1051 4005 1314 4093 gratia,”
1351 4006 1686 4071 correxisse
1714 4005 1965 4072 videtur
1995 4010 2092 4073 καὶ
2119 4012 2259 4094 δίχα

565 4114 789 4193 μίξεως.
861 4112 1025 4173 Mox
1053 4131 1195 4174 cum
1229 4109 1445 4173 eodem
1477 4109 1668 4175 verba
1688 4108 1778 4176 ita
1800 4111 2259 4198 transponenda

567 4214 896 4280 videntur:
947 4218 1330 4296 σωφρονοῦσι
1378 4214 1491 4294 μὲν
1530 4213 1727 4297 ἄμφω,
1776 4216 1835 4279 οἱ
1885 4217 1951 4280 δὲ
1992 4217 2254 4296 ἄμεινον,

566 4318 662 4384 vel
688 4317 741 4383 si
768 4314 1073 4407 plurimos
1100 4314 1293 4380 libros
1321 4315 1618 4403 sequaris,
1649 4319 1708 4381 οἱ
1735 4320 1801 4382 δὲ
1841 4320 2132 4398 ἀμείνους,
2172 4343 2252 4385 sc.

566 4424 698 4488 εἶσί.
789 4418 904 4483 Ad
946 4417 1309 4483 sententiam
1355 4418 1584 4484 adhibe
1629 4433 1691 4484 et
1732 4419 2040 4486 Platonici
2081 4425 2251 4488 Con·

564 4525 708 4590 vivii
735 4524 943 4589 locum
982 4521 1308 4587 laudatum
1340 4534 1404 4588 et
1437 4523 1609 4588 hunc
1637 4545 1702 4611 p.
1739 4543 1882 4609 192.
1915 4548 1977 4611 p.
2011 4544 2254 4611 407.—

561 4627 694 4694 ἀλλ’
727 4629 965 4708 ἐξαρκεῖ
987 4625 1183 4694 αὐτοῖς
1219 4624 1342 4706 μετ’
1374 4626 1661 4707 ἀλλήλων
1690 4633 1944 4710 καταζῆν
1983 4629 2248 4713 ἀγάμοις.

561 4733 703 4810 Qua
731 4729 813 4794 de
840 4751 908 4793 re
934 4727 1001 4792 in
1029 4727 1337 4793 diversam
1382 4729 1748 4795 sententiam
1783 4729 2143 4819 disputatur
2184 4733 2248 4797 in

556 4831 882 4901 Plutarchi
900 4830 1234 4896 Amatorio
1260 4853 1326 4918 p.
1358 4847 1506 4918 750.
1541 4856 1634 4920 sq.
1666 4856 1731 4921 p.
1756 4853 1819 4918 9.
1848 4856 1986 4921 sqq.
2010 4836 2246 4924 Wytt.,

554 4936 724 5003 unde
762 4935 902 5000 haec
946 4935 1383 5000 tantummodo
1421 4952 1714 5024 excerpta
1755 4936 2248 5019 ἀαῦοε-ἀληθι-

552 5045 659 5107 vois*
711 5041 779 5104 δὲ
814 5035 1080 5121 Ἔρωτος
1118 5037 1239 5103 οὐδ’
1281 5041 1479 5104 ὁτιοῦν
1523 5044 1596 5119 τῇ
1635 5042 2063 5122 γυναικωνίτιδι
2103 5040 2241 5121 μέτ-

551 5170 739 5219 εστιν,
771 5141 892 5208 οὖδ’
918 5144 1063 5227 ἐρᾷν
1078 5145 1229 5223 ὑμᾶς
1252 5141 1446 5226 ἔγωγέ
1467 5151 1618 5225 φημι
1647 5142 1781 5210 τοὺς
1806 5143 2040 5225 γυναιξὶ
2059 5168 2245 5224 προσ-

548 5247 940 5320 πεπονθότας,
998 5243 1036 5326 ἢ
1086 5245 1402 5327 παρθένοις
1441 5273 1495 5310 κ.
1513 5272 1568 5309 τ.
1587 5253 1650 5310 λ.
1740 5247 2056 5310 Caeterum
2102 5244 2245 5311 licet

547 5365 691 5416 ante
721 5348 1049 5414 Platonem
1087 5347 1334 5413 caelibes
1371 5363 1795 5414 memorentur
1832 5348 1895 5412 in
1944 5347 2243 5414 nobilissi-

3944 551 4060 632 167

2369 705 2690 772 sententiae
2733 706 2798 771 in
2826 708 2963 795 ejus
2992 707 3234 796 scriptis
3260 708 3463 775 obviae
3491 733 3556 776 m
3590 734 3778 778 causa
3804 713 4060 792 fuerint,

2366 831 2480 873 cur
2510 808 2817 874 Platonici
2847 810 3238 928 potissimum
3266 814 3638 880 recentiores
3670 818 4063 884 matrimonia

2366 912 2743 1000 refugerent.
2834 913 3128 979 Marinus
3182 916 3248 979 in
3293 916 3424 981 vita
3468 918 3675 983 Procli
3723 943 3779 985 c.
3788 937 3914 1030 17.
3967 923 4058 1010 (p.

2361 1034 2470 1100 39.
2475 1018 2590 1103 )p.
2622 1036 2723 1091 14.
2753 1017 3051 1082 Boisson:
3100 1018 3314 1099 Γάμων
3341 1047 3408 1085 τε
3437 1021 3613 1104 γὰρ
3580 1049 3617 1102 η
3645 1003 3874 1089 παίδων
3894 1025 4060 1090 οὔδε-

2361 1120 2600 1184 πῶποτε
2624 1125 2837 1203 πεῖραν
2852 1122 3067 1201 λαβὼν
3099 1123 3434 1210 (Πρόκλος)
3470 1153 3518 1189 κ.
3539 1152 3592 1192 τ.
3612 1134 3673 1192 λ.
3741 1128 3973 1198 Quam
3995 1151 4065 1194 re

2364 1220 2599 1286 Plotini
2628 1222 2985 1311 exemplum
3007 1241 3275 1290 sectatus
3291 1243 3386 1292 est
3406 1229 3686 1295 ProcluS.
3737 1231 3879 1296 vid.
3906 1234 4063 1298 Por-

2360 1324 2549 1412 phyr.
2581 1324 2662 1389 de
2693 1325 2814 1390 vit.
2847 1325 3013 1392 Plot.
3044 1328 3181 1392 IX.
3211 1351 3273 1417 p.
3301 1331 3446 1395 108.
3481 1333 3728 1399 Fabric.
3781 1334 4053 1400 Heinec·

2359 1426 2492 1492 cius
2520 1428 2601 1492 ad
2621 1427 2819 1517 legem
2853 1432 2900 1494 J
2905 1431 3093 1496 uliam
3115 1446 3175 1496 et
3208 1434 3470 1520 Papiam
3496 1438 3841 1525 Poppaeam
3860 1438 3971 1504 lib.
4000 1441 4058 1504 I.

2361 1555 2418 1597 c.
2452 1551 2508 1598 2.
2542 1556 2610 1621 p.
2631 1534 2752 1619 38:
2805 1541 2847 1574 “
2890 1535 3084 1614 Hinc,
3119 1537 3212 1601 uti
3248 1537 3395 1602 olim
3439 1539 3700 1619 Thales,
3736 1542 4060 1631 Pythago-

2359 1657 2479 1709 ras
2513 1636 2933 1717 Democritus,
2966 1637 3174 1717 Plato,
3206 1642 3385 1705 Zeno
3417 1642 3707 1723 cittieus‚
3740 1646 4061 1734 Epicurus

2359 1739 2713 1804 caelibatum
2744 1740 3060 1828 sapientiae
3090 1743 3300 1808 studio
3337 1746 3774 1813 amicissimum
3811 1750 4059 1838 judica-

2360 1840 2550 1916 bant;
2600 1842 2687 1907 ita
2743 1843 3003 1908 eandem
3052 1846 3443 1926 sententiam,
3491 1848 3617 1914 lata
3672 1851 3810 1938 lege
3856 1854 3903 1916 J
3910 1852 4056 1932 ulia,

2358 1945 2679 2012 mordicus
2708 1960 2964 2012 tenuere
2992 1948 3347 2035 Epictetus,
3369 1950 3739 2038 Apollonius
3763 1956 4061 2042 Tyaneu-

2359 2047 2461 2127 sis,
2506 2047 2817 2129 Plotium,
2869 2049 3286 2138 Porphyrius,
3346 2053 3671 2121 Proclus.''
3761 2057 3841 2121 In
3896 2059 4054 2123 Por-

2356 2150 2583 2239 phyrio
2624 2175 2748 2216 non
2796 2176 3250 2240 usquequaque
3279 2178 3426 2222 vera
3466 2157 3746 2244 prodidit
3789 2159 4060 2226 Heinec-

2354 2255 2507 2320 ciuS.
2598 2258 2764 2321 Nam
2814 2257 2914 2323 hic
2941 2258 3075 2345 ipse
3105 2258 3527 2348 Philosophus
3564 2261 3742 2327 initio
3776 2263 4054 2351 epistolae

2353 2360 2436 2423 ad
2467 2358 2829 2424 Marcellam
2863 2384 3117 2425 uxorem
3143 2361 3232 2426 ita
3262 2363 3511 2428 scribit:
3557 2364 3719 2448 Ἐγώ
3750 2392 3842 2440 σε,
3878 2366 4050 2449 Μάρ-

2355 2470 2563 2537 κελλα,
2614 2464 2858 2543 εἱλόμην
2905 2464 3070 2546 ἔχειν
3128 2466 3629 2532 σύνοικον-οὔτε
3683 2470 4057 2538 παιδοποιΐας

2352 2565 2530 2649 χάριν
2546 2569 2649 2646 τῆς
2670 2565 2787 2630 ἀπὸ
2815 2571 2922 2629 τοῦ
2950 2569 3499 2647 σώματος-διττῆς
3527 2571 3854 2649 δὲμᾶλλον
3876 2572 4052 2637 ἕνεκα

2355 2669 2606 2751 εὐλόγου
2656 2671 2862 2735 αἰτίας*
2924 2675 3059 2750 μιᾶς
3104 2673 3216 2750 μὲν
3261 2672 3386 2735 καθ’
3432 2670 3507 2750 ἣν
3557 2674 4052 2753 ἀπομειλίξασθαι

2355 2773 2552 2853 κρίνας
2597 2771 2731 2838 τοὺς
2772 2773 3120 2854 γενεθλίους
3160 2775 3329 2839 θεούς
3373 2800 3425 2838 κ.
3449 2798 3502 2837 τ.
3523 2781 3588 2837 λ.
3663 2775 4052 2863 virginitatis

2351 2889 2730 2938 conservatae
2768 2873 3111 2939 mentiones
3152 2898 3188 2938 e
3230 2874 3426 2940 titulis
3462 2877 3911 2964 sepulcrorum,
3942 2903 4049 2944 ex-

2351 2977 2559 3042 hibuit
2581 2978 2658 3042 G.
2678 2977 2939 3041 Marini
2967 2976 3032 3041 in
3062 2977 3225 3042 libro
3258 2980 3367 3043 Gli
3389 2980 3531 3045 Atti
3556 2982 3628 3045 E
3649 2982 4052 3048 Monumenti

2349 3081 2550 3169 Degli
2582 3081 2853 3144 Fratelli
2880 3081 3112 3145 Arvali
3159 3080 3294 3146 Vol.
3332 3082 3388 3145 Ι.
3433 3104 3502 3170 p.
3533 3103 3642 3163 41.
3749 3084 3938 3162 Quod
3983 3086 4050 3150 in

2350 3180 2755 3269 sequentibus
2805 3180 3093 3247 Plotinus
3136 3183 3204 3247 τὸ
3248 3187 3387 3264 τῇδε
3432 3183 3654 3253 κάλλος
3700 3199 3765 3251 et
3807 3187 3877 3251 τὸ
3923 3189 4051 3253 ἐκεῖ

2350 3284 2573 3353 κάλλος
2628 3298 2951 3366 memorat,
3012 3285 3308 3352 admonet
3365 3300 3428 3352 et
3485 3287 3692 3376 ipsum
3749 3288 4047 3356 Diotimae

2348 3388 2519 3476 apud
2550 3388 2880 3454 Platonem
2919 3389 2987 3453 in
3031 3389 3378 3464 Convivio;
3429 3388 3539 3454 ubi
3573 3405 3639 3455 et
3680 3390 3803 3456 alia
3846 3393 4047 3460 multa

2348 3509 2413 3557 et
2454 3492 2613 3573 haec,
2655 3508 2727 3557 ut
2772 3508 3052 3558 extrema
3093 3506 3339 3557 tantum
3385 3492 3654 3558 delibem
3699 3518 3762 3581 p.
3801 3515 3946 3562 211.
3978 3520 4043 3584 p.

2343 3617 2498 3678 444.
2542 3619 2637 3684 sq.
2669 3599 3004 3681 ἀρχόμενον
3032 3597 3150 3661 ἀπὸ
3196 3601 3380 3661 τῶνδε
3415 3602 3533 3660 τῶν
3579 3604 3777 3662 καλῶν
3816 3601 4044 3664 ἐκείνου

2345 3703 2522 3768 ἕνεκα
2569 3707 2675 3767 τοῦ
2722 3706 2908 3767 καλοῦ
2951 3703 3043 3766 ἀεὶ
3081 3702 3384 3767 ἐπανιέναι
3416 3729 3466 3765 κ.
3491 3727 3545 3764 τ.
3565 3708 3628 3765 λ.
3676 3699 3774 3763 Cf.
3808 3700 4038 3766 Plotin.

2346 3829 2538 3893 supra
2565 3829 2631 3894 p.
2660 3824 2765 3891 50.
2798 3804 2949 3892 ibiq.
2982 3820 3225 3870 annott.

2427 3945 2517 3959 --
2546 3928 2645 3994 13.
2692 3910 2854 3972 ἀλλὰ
2884 3911 2980 3973 καὶ
3009 3909 3313 3992 θεόλογοι]
3368 3908 3473 3973 Ita
3503 3906 3810 3995 Orphicos
3825 3906 4042 3995 appel·

2342 4011 2496 4090 lant,
2530 4026 2604 4077 ut
2627 4010 2992 4100 plurimum,
3023 4011 3089 4076 hi
3118 4010 3493 4099 philosophi.
3587 4014 3808 4098 Atque
3837 4011 3899 4076 in
3920 4013 4042 4076 Or-

2344 4114 2542 4203 phicis
2571 4113 2851 4203 Hymnis
2878 4129 2942 4179 et
2983 4113 3382 4202 Fragmentis
3409 4113 3627 4178 laudes
3656 4114 3914 4179 Amoris
3942 4138 4041 4180 ce-

2340 4216 2683 4283 lebrantur.
2760 4216 2898 4282 Vid.
2949 4218 3192 4305 Hymn.
3255 4217 3515 4282 LVIII.
3573 4218 3739 4302 (57.)
3802 4218 4039 4305 Fragg.

2345 4322 2465 4386 v1.
2503 4339 2603 4405 19.
2635 4320 2841 4384 VIII.
2876 4337 2932 4386 2.
2964 4336 3029 4384 et
3059 4320 3293 4385 XXII.

2424 4461 2513 4472 —-
2547 4444 2648 4505 14.
2705 4424 2801 4486 καὶ
2827 4422 3092 4488 Πλάτων
3112 4423 3456 4507 πολλαχοῦ]
3506 4422 3617 4487 Ad
3648 4423 3784 4488 haec
3811 4422 4041 4488 adhibe

2338 4526 2527 4591 modo
2555 4524 2901 4591 Phoedrum
2947 4549 3009 4613 p.
3059 4540 3206 4611 252.
3257 4548 3322 4613 p.
3355 4543 3460 4611 52.
3514 4524 3715 4590 Bekk.
3763 4543 3827 4592 et
3870 4549 4034 4614 prae-

2336 4629 2520 4716 cipue
2577 4627 2781 4693 locum
2839 4626 3182 4704 classicum,
3228 4649 3420 4714 quem
3477 4626 3705 4693 deinde
3763 4627 4035 4716 explicat

2337 4731 2649 4809 PlotinuS,
2684 4730 2995 4818 Symposii
3023 4754 3089 4818 p.
3123 4749 3269 4797 202.
3293 4753 3360 4818 p.
3392 4748 3540 4813 427.
3575 4729 3777 4795 Bekk.
3806 4757 3821 4796 ε
3874 4734 3968 4799 καὶ
3996 4733 4034 4813 ἢ

2334 4835 2677 4918 γελάσασα,
2712 4835 2828 4899 Καὶ
2875 4840 2998 4903 πῶς
3039 4833 3135 4908 ἂν,
3182 4834 3317 4915 ἔφη,
3364 4832 3412 4897 ὦ
3441 4835 3764 4916 Σώκρατες,
3813 4837 4032 4916 ὅμολο-

2333 4944 2498 5020 γοΐτο
2524 4937 2713 5020 μέγας
2741 4938 2875 5005 θεὸς
2904 4937 3056 5002 εἶναι
3081 4939 3242 5019 παρὰ
3270 4938 3512 5012 τούτων,
3546 4940 3609 5001 οἵ
3630 4945 3822 5019 φασιν
3852 4939 4031 5004 αὐτὸν

2331 5042 2469 5106 οὐδὲ
2496 5041 2641 5105 θεὸν
2671 5040 2823 5104 εἶναι
2853 5067 2904 5103 κ.
2930 5064 2985 5103 τ.
3011 5048 3070 5103 λ.
3136 5041 3297 5117 Quae
3325 5038 3664 5104 admonent
3691 5040 4027 5106 verborum

2330 5142 2613 5209 Alexidis
2660 5143 2727 5206 in
2777 5142 3052 5207 Phaedro
3092 5165 3197 5230 ap.
3241 5142 3473 5208 Athen.
3516 5143 3727 5208 XIII.
3774 5165 3839 5229 p.
3870 5145 4020 5228 562.

2331 5246 2391 5311 b.
2423 5268 2490 5333 p.
2526 5246 2633 5331 89.
2664 5244 2959 5333 Schwgh.
2996 5243 3215 5309 Ἔστιν
3244 5248 3359 5328 γὰρ
3384 5244 3635 5332 (Ἔρως)
3662 5247 3798 5311 οὔτε
3826 5249 4024 5324 θῆλυς,

2329 5349 2447 5415 οὔτ’
2497 5350 2709 5431 ἄρσην·
2756 5347 2941 5413 πάλιν
2978 5349 3115 5414 οὔτε
3165 5349 3321 5423 θεὸς,
3363 5348 3482 5414 οὔτ’
3524 5351 3848 5431 ἄνθρωπος.
3941 5350 4022 5415 In

546 5454 662 5519 mis
691 5450 1126 5540 Philosophis:
1175 5451 1450 5518 dubitari
1481 5466 1686 5517 tamen
1717 5451 1957 5538 nequit,
1987 5451 2142 5539 quin
2171 5466 2234 5517 et
2322 5450 2725 5539 sequentibus
2771 5449 3099 5516 Pausaniae
3143 5450 3481 5516 orationem
3513 5450 3576 5514 in
3604 5449 3821 5515 eodem
3855 5454 4023 5518 Con-

546 5555 739 5644 ipsius
789 5554 1075 5620 Platonis
1121 5552 1445 5621 caelibatus
1490 5569 1554 5620 et
1598 5578 1747 5620 vero
1803 5554 2232 5642 hujuscemodi
2320 5554 2488 5620 vivio
2516 5553 2767 5641 respicit
2797 5556 2888 5642 (p.
2929 5555 3063 5619 180.
3095 5577 3162 5642 p.
3187 5556 3371 5640 385.)
3404 5552 3729 5618 Plotinus:
3785 5556 4021 5625 Πάντες
