5118 6613
1388 573 1581 637 LIB.
1633 573 1746 637 vl.
1792 573 2247 639 ENNEAD.
2292 573 2686 639 PRIMAE.
2730 597 2793 661 p.
2831 588 3187 661 113—115.

533 741 773 823 σμένον.
854 742 1223 809 Scholiastes
1253 744 1634 831 Hermogen.
1660 746 1795 828 περὶ
1825 747 1993 811 ῖδεῶν
2023 746 2078 810 Ῑ.
2113 763 2210 812 12.

537 844 1003 911 κατεσκευάσθω
1032 846 1126 911 καὶ
1157 848 1238 912 εἷς
1267 845 1486 913 κάλλος
1513 846 1851 927 ἆπεξέσθαι.

616 971 679 1035 p.
710 969 854 1035 113,
885 967 982 1035 15.
1008 949 1116 1017 ἕως
1132 948 1339 1034 ἔδειξε]
1372 955 1419 988 “
1443 948 1698 1038 Proprie
1723 965 1787 1015 et
1802 950 2114 1038 eleganter
2131 949 2210 1015 de

533 1050 874 1139 pictoribus
915 1068 977 1117 et
1026 1050 1388 1115 architectis
1460 1051 1610 1116 Tib.
1651 1054 1896 1117 Hemst.
1946 1052 2027 1117 ad
2071 1054 2205 1117 Lu-

533 1152 688 1218 cian.
736 1155 943 1218 Somn.
979 1156 1036 1237 §-
1060 1153 1120 1217 8.
1154 1154 1241 1217 Τ.
1273 1155 1330 1218 Ι.
1357 1177 1425 1242 p.
1447 1174 1510 1236 4.
1547 1155 1667 1237 (T.
1702 1155 1757 1218 Ι.
1793 1179 1857 1243 p.
1887 1175 1947 1239 9.
1991 1155 2205 1243 Bip.)”

536 1256 626 1320 D.
655 1257 748 1319 W.
834 1255 1380 1320 Hemsterhusium
1440 1256 1870 1323 adhibebimus
1923 1258 2085 1323 infra
2140 1282 2203 1346 p.

532 1373 679 1443 542.
714 1359 796 1422 E.
885 1360 988 1423 De
1039 1381 1157 1423 usu
1207 1359 1378 1424 verbi
1420 1358 1547 1423 vid.
1595 1362 1805 1448 Wytt.
1857 1360 1938 1424 ad
1989 1361 2202 1427 Select.

536 1460 807 1526 Historr.
833 1483 894 1548 p.
915 1481 1064 1547 339.
1110 1461 1291 1526 Adde
1312 1462 1654 1551 Phrynichi
1682 1490 1936 1547 προπαρ.
1962 1474 2202 1548 σοφιστ.

532 1585 594 1650 p.
622 1583 729 1649 31.
756 1563 858 1628 ed.
903 1563 1171 1628 Bekkeri
1200 1579 1262 1629 et
1304 1563 1501 1630 Clem.
1545 1565 1740 1631 Alex.
1781 1565 2031 1654 Paedag.
2065 1568 2200 1632 ΙΙΙ.

531 1688 596 1754 p.
622 1668 764 1748 264.
801 1666 1060 1731 Potteri.

615 1804 701 1817 --
728 1772 823 1833 16.
871 1771 990 1833 ὅσα
1045 1773 1320 1834 σκοτεινὰ
1378 1773 1695 1860 καθαίρων]
1781 1773 1974 1860 Greg.
2041 1773 2200 1837 Naz.

532 1872 706 1935 Orat.
741 1871 951 1935 XIX.
985 1895 1050 1958 p.
1073 1871 1360 1957 291.‘⁴Ev
1398 1873 1638 1953 κάλλος,
1669 1874 1737 1937 τὸ
1774 1875 1881 1954 τὴν
1920 1877 2086 1939 θείαν
2122 1878 2202 1940 εῖ-

532 1975 676 2039 κόνα
700 1972 739 2053 ἢ
767 1980 1099 2056 συντηρεῖν,
1128 1972 1164 2055 ἢ
1194 1977 1607 2058 ἀνακαθαίρειν
1638 1979 1719 2043 εἶς
1748 1979 2013 2057 δύναμιν.

614 2099 682 2163 p.
710 2097 736 2141 1
752 2095 851 2157 14,
874 2096 904 2139 1
918 2123 934 2139 .
962 2078 1149 2157 καὶμὴ
1172 2078 1370 2158 παύσῃ
1388 2080 1704 2143 τεκταίνων
1720 2080 1788 2143 τὸ
1807 2080 1920 2144 σὸν
1931 2082 2199 2166 ἄγαλμα]

532 2177 712 2243 Plato
768 2178 1024 2244 Phaedr.
1084 2203 1146 2267 p.
1178 2198 1324 2266 252.
1397 2180 1459 2245 d.
1524 2184 1810 2271 Sympos.
1861 2207 1922 2271 p.
1957 2186 2097 2249 216.
2145 2207 2205 2248 a.

531 2280 847 2346 “Ruhnk.
886 2281 967 2346 ad
997 2281 1167 2347 Tim.
1192 2307 1254 2371 p.
1282 2297 1316 2366 7
1352 2308 1368 2347 ε
1402 2282 1704 2349 Platonici
1733 2286 1951 2372 pulcri
1994 2289 2205 2373 cujus-

528 2383 671 2448 libet
695 2394 756 2449 et
782 2386 1010 2449 summi
1040 2386 1183 2449 boni
1212 2388 1645 2474 cogitationem
1676 2398 1873 2452 mente
1900 2389 2202 2473 informa-

531 2495 658 2550 tam
676 2486 1014 2569 ἀγάλματος
1033 2488 1279 2552 nomine
1300 2488 1760 2577 designabant.”
1819 2489 2011 2555 Adde
2039 2492 2202 2584 ροτ-

530 2587 656 2652 vill.
687 2588 768 2653 ad
822 2589 1142 2654 Chariton.
1186 2614 1253 2678 p.
1280 2606 1426 2677 205.
1471 2591 1649 2680 Lips.
1738 2593 1926 2657 Plura
1962 2594 2029 2658 in
2068 2593 2194 2658 Ed.

525 2693 726 2778 pecul.
795 2692 981 2756 Nunc
1023 2692 1189 2757 addo
1219 2694 1409 2758 verba
1447 2694 1759 2759 Ciceronis
1797 2695 1877 2760 de
1886 2696 2107 2783 *Legg
2143 2697 2196 2760 Ι.

529 2813 632 2861 22.
661 2810 782 2880 59:
834 2796 1062 2860 “Nam
1107 2795 1217 2882 qui
1265 2820 1328 2861 se
1370 2796 1502 2884 ipse
1544 2797 1735 2876 novit,
1780 2798 2049 2885 primum
2094 2798 2201 2863 ali-

526 2895 682 2983 quid
713 2920 777 2961 se
803 2897 1032 2963 habere
1073 2898 1290 2963 sentiet
1327 2898 1629 2980 divinum,
1658 2903 2101 2990 ingeniumque
2127 2904 2200 2965 in

524 3021 590 3063 se
637 3022 842 3079 suum,
883 3003 1048 3066 sicut
1094 3003 1497 3067 simulacrum
1540 3004 1792 3091 aliquod
1831 3005 2198 3084 dedicatum,

524 3102 825 3189 putabit.”
910 3103 1101 3169 Adde
1158 3105 1387 3170 Plotin.
1436 3128 1498 3193 p.
1529 3107 1681 3191 465.
1734 3107 1809 3171 B.
1855 3130 1921 3195 p.
1939 3109 2084 3192 546.
2119 3108 2199 3172 B.

523 3220 668 3289 547.
702 3206 783 3270 B.
815 3220 878 3271 et
916 3205 1176 3295 Dionys.
1211 3208 1433 3296 Areop.
1478 3208 1557 3273 de
1596 3209 1856 3298 mystica
1893 3209 2113 3275 Theol.
2142 3234 2194 3275 c.

528 3325 581 3373 2.
610 3331 674 3397 p.
697 3325 801 3395 25.

604 3448 695 3462 —
717 3430 776 3478 2.
827 3412 934 3481 ἕως
960 3411 1036 3477 ἂν
1062 3416 1185 3494 ἴδῃς
1213 3416 1460 3497 σοφίαν,
1494 3418 1560 3479 ἐν
1589 3414 1749 3502 ἁγνῷ
1779 3423 2069 3497 βεβῶσαν
2094 3446 2195 3484 κα-

523 3516 704 3600 θαρῷ]
756 3521 801 3553 “
832 3515 1008 3602 Lege
1029 3516 1234 3603 βάθρῳ
1275 3540 1352 3580 ex
1391 3516 1631 3583 Platon.
1665 3518 1938 3584 Phaedro
1968 3544 2026 3607 p.
2044 3523 2193 3607 348.

525 3613 619 3704 [p.
642 3631 789 3702 254.
823 3618 1071 3707 Steph.]
1102 3634 1175 3684 ut
1221 3620 1434 3684 monui
1477 3620 1741 3707 Epistol.
1775 3621 1928 3686 Crit.
1958 3643 2065 3709 30,
2088 3644 2195 3711 31.

527 3715 622 3806 [Ρ.
641 3738 785 3805 250.
805 3719 906 3784 ed.
927 3720 1180 3809 Lips.]”
1207 3723 1298 3786 D.
1332 3724 1424 3784 W.
1471 3721 1616 3786 Vid.
1638 3745 1767 3788 var.
1785 3722 1922 3789 lect.
1993 3725 2198 3791 Possis

522 3820 706 3886 etiam
736 3836 975 3888 tentare
1013 3826 1078 3889 ἐν
1106 3822 1267 3910 ἁγνῷ
1296 3831 1439 3904 βεβ.
1477 3826 1572 3889 καὶ
1616 3831 1844 3914 καθαρῷ
1871 3827 2043 3914 quod
2068 3828 2197 3893 fere

523 3924 822 4012 expressit
851 3924 1105 3990 Ficinus
1141 3925 1462 4014 [quodque
1496 3927 1826 3993 admonere
1856 3931 2048 4017 possit
2081 3930 2198 3996 loci

523 4026 818 4091 Hesiodei
868 4029 994 4111 ἑργ.
1037 4056 1088 4093 κ.
1126 4030 1220 4110 ἡμ.
1267 4049 1416 4115 334.
1472 4053 1566 4117 sq.
1614 4034 1964 4112 καδδύναμιν
2009 4034 2198 4116 ἕρδειν

524 4127 625 4210 ἱέρ’
671 4129 1016 4195 ἀθανάτοισι
1060 4135 1284 4197 θεοῖσιν
1328 4131 1520 4215 ἁγνῶς
1563 4134 1659 4197 καὶ
1702 4136 2006 4220 καθαρῶς·]
2015 4137 2195 4200 —ni-

520 4231 744 4297 mirum
788 4231 838 4297 si
885 4232 1113 4299 Sardos
1155 4234 1398 4299 venales
1440 4234 1729 4300 exhibere
1770 4236 1938 4301 velis.
2027 4241 2192 4303 Nam

520 4334 779 4401 imitatio
807 4334 923 4400 loci
951 4336 1019 4400 in
1047 4335 1369 4401 Platonico
1391 4337 1664 4402 Pbaedro
1680 4339 2194 4428 Wyttenbachia-

518 4460 659 4503 nam
691 4437 1175 4504 emendationem
1206 4439 1579 4505 dubitationi
1609 4441 1843 4520 eximit,
1862 4455 1926 4507 et
1954 4443 2003 4508 si
2029 4467 2195 4509 unus

516 4540 705 4605 modo
730 4540 927 4606 codex
957 4541 1290 4620 addiceret,
1321 4543 1384 4606 in
1415 4558 1657 4608 textum
1684 4544 1990 4610 inferrem.
2079 4547 2189 4611 Ad

514 4642 769 4708 Phaedri
798 4642 1004 4708 locum
1036 4644 1359 4709 Hermias:
1408 4645 1475 4709 τὸ
1508 4648 1573 4710 δὲ
1604 4649 1669 4710 ἐν
1698 4646 1860 4734 ἁγνῷ
1889 4648 2095 4735 βάθρῳ
2121 4650 2191 4714 τὸ

513 4745 728 4825 νοητὸν
755 4745 944 4829 λέγει,
980 4747 1175 4825 ἐπειδὴ
1216 4751 1248 4811 6
1286 4750 1464 4815 τόπος
1502 4751 1535 4812 6
1582 4749 1786 4829 νοητὸς
1815 4751 2061 4833 καθαρὸς
2096 4753 2191 4816 καὶ

510 4848 832 4928 ἆκίβδηλος
863 4849 957 4912 καὶ
987 4848 1167 4932 ἁγνός
1197 4853 1346 4914 ἐστι.
1413 4850 1514 4914 De
1543 4874 1692 4915 voce
1725 4850 1906 4934 ἁγνὸς
1933 4868 1997 4917 et
2025 4851 2191 4936 ἅγιος

507 4948 696 5038 plura
723 4949 905 5038 posui
932 4951 996 5015 in
1028 4950 1155 5017 Ed.
1183 4951 1382 5039 pecul.
1457 4953 1645 5019 Nunc
1667 4952 2053 5020 solummodo
2080 4955 2188 5020 ad-

504 5051 778 5117 monebo
818 5053 1120 5118 Platonici
1163 5053 1278 5118 loci
1323 5054 1402 5119 de
1441 5056 1641 5144 Legg.
1673 5059 1751 5122 V.
1776 5073 1921 5144 729.
1951 5081 2016 5145 p.
2038 5075 2183 5144 377.

506 5153 718 5221 Bekk.
749 5154 857 5220 ubi
887 5153 1183 5239 ἄγιῶτατα
1210 5158 1509 5237 σύμβολα.

591 5276 765 5338 -4.
811 5257 905 5322 καὶ
957 5263 1151 5346 σαυτῷ·
1207 5264 1468 5342 καθαρῶς
1514 5261 1860 5347 συνεγένου]
1912 5264 2184 5352 Elegan-

501 5360 634 5425 tius
681 5358 953 5441 καθαρὸς,
985 5361 1141 5427 sicut
1183 5361 1346 5428 infra
1385 5387 1450 5452 p.
1484 5380 1586 5450 57.
1620 5366 1702 5429 Ε.
1722 5364 1765 5427 l.
1795 5384 1854 5431 2.
1892 5368 2032 5436 ὅλος
2073 5391 2191 5455 pro

500 5464 688 5541 ὅλος,
717 5478 1007 5528 monente
1033 5464 1216 5530 etiam
1246 5465 1533 5531 Rinckio.

587 5601 682 5615 —
700 5583 761 5649 5·
782 5564 927 5646 πρὸς
941 5565 1009 5630 τὸ
1032 5568 1115 5636 εἷς
1135 5570 1281 5633 οὕτω
1304 5568 1612 5655 γενέσθαι]
1643 5578 1690 5611 “
1713 5570 1919 5659 Attigi
1936 5571 2016 5636 ad
2038 5573 2189 5637 Plu-

3881 592 3964 662 59

2299 745 2492 812 tarch.
2526 746 2606 812 de
2639 747 2705 812 S.
2725 747 2809 811 N.
2829 748 2905 811 V.
2935 769 3002 835 p.
3021 748 3162 833 95.”
3204 747 3292 810 D.
3324 748 3417 810 W.
3505 746 3694 812 Adde
3738 746 3963 813 Plotin.

2297 872 2359 936 p.
2377 850 2521 935 348.
2555 852 2629 915 C.
2670 863 2733 914 et
2767 873 2835 938 p.
2857 863 3004 933 770.
3034 851 3211 915 A.B.
3243 863 3305 914 et
3335 846 3626 914 Proclum
3664 851 3730 914 in
3757 849 3965 917 Alcib.

2297 975 2393 1039 pr.
2421 976 2556 1040 cap.
2585 953 2687 1017 80.
2710 976 2776 1041 p.
2804 967 2948 1039 245.
2979 976 3117 1040 sqq.

2381 1092 2466 1105 —
2490 1057 2553 1120 6.
2599 1062 2724 1139 φῶς
2751 1058 2922 1136 ἆληθ.
2958 1056 3027 1121 οὗ
3070 1054 3309 1138 μεγέθει
3354 1053 3815 1140 μεμετρημένον]
3864 1056 3963 1120 Cf.

2291 1157 2516 1222 Plotin.
2547 1183 2612 1247 p.
2635 1175 2777 1245 723.
2812 1182 2905 1246 sq.
2934 1173 2997 1224 et
3041 1159 3309 1245 Gregor.
3340 1158 3501 1221 Naz.
3533 1159 3645 1222 Or.
3679 1158 3959 1223 XLIII.

2289 1283 2351 1347 p.
2374 1261 2516 1346 698.
2594 1260 2706 1326 Ad
2734 1260 3020 1349 proxima
3047 1260 3127 1325 cf.
3166 1258 3490 1324 Iamblich.
3522 1258 3601 1324 de
3632 1261 3832 1349 Myst.
3864 1260 3965 1326 11.

2289 1385 2352 1444 4.
2386 1387 2450 1451 Ρ.
2472 1381 2577 1450 45.
2626 1364 2763 1429 ΙΙΙ.
2796 1364 2854 1428 8.
2888 1387 2952 1451 Ρ.
2975 1364 3079 1427 68.
3111 1362 3220 1427 ubi
3243 1362 3331 1427 ita
3357 1361 3612 1449 incipit:
3655 1360 3852 1427 Ἀλλὰ
3879 1368 3974 1428 δεῖ

2290 1473 2478 1547 ζητεῖν
2507 1471 2583 1533 τὰ
2607 1471 2707 1547 τῆς
2736 1468 2896 1534 θείας
2921 1467 3132 1546 μανίας
3178 1468 3352 1530 αἴτια·
3398 1469 3579 1529 ταῦτα
3617 1463 3685 1528 δέ
3725 1467 3854 1529 ἐστι
3893 1469 3968 1531 τὰ

2293 1569 2617 1649 καθήκοντα
2663 1570 2777 1634 ἀπὸ
2821 1576 2937 1633 τῶν
2981 1573 3131 1633 θεῶν
3174 1574 3363 1650 φῶτα,
3413 1566 3521 1631 ubi
3571 1565 3753 1654 plura
3794 1566 3969 1632 dabit

2293 1671 2544 1737 Galeas,
2637 1671 2829 1737 Adde
2865 1673 3093 1735 Joann.
3128 1672 3255 1735 Ev.
3290 1671 3425 1755 I.9.
3505 1669 3698 1734 Plura
3737 1669 3801 1734 in
3837 1668 3962 1734 Ed.

2289 1775 2493 1861 pecul.
2523 1798 2588 1862 p.
2611 1778 2755 1860 376.
2789 1798 2882 1862 sq.

2376 1915 2459 1929 —
2487 1898 2588 1942 10.
2635 1880 2776 1961 ὄψις
2816 1878 2923 1959 ἤδη
2973 1877 3322 1965 γενόμενος]
3371 1878 3576 1964 Supra
3615 1898 3681 1964 p.
3718 1878 3826 1961 56.
3873 1877 3958 1941 D.

2291 1981 2433 2063 ὄψις
2480 1995 2612 2045 erat
2654 1980 2741 2059 id,
2792 1979 2965 2068 quod
3012 1992 3357 2067 spectatur:
3404 1978 3471 2042 h.
3497 1977 3538 2041 l.
3584 1992 3676 2042 est
3725 1980 3824 2044 vis
3874 1981 3966 2043 vi-

2291 2083 2498 2162 dendi,
2546 2086 2742 2148 ’oi-me.
2806 2081 2947 2148 vid.
3001 2082 3252 2146 Aristot.
3285 2082 3444 2168 Top.
3491 2083 3548 2145 Ι.
3582 2100 3677 2162 14.
3726 2104 3792 2168 p.
3819 2081 3961 2146 288.

2295 2184 2467 2273 Sylb.
2527 2186 2756 2250 Thom.
2801 2187 2981 2272 Mag.
3035 2208 3099 2272 p.
3120 2185 3267 2249 668.
3312 2185 3605 2271 Interprr.
3667 2183 3745 2247 ad
3799 2182 3963 2248 Plat.

2294 2288 2546 2353 Phaedr.
2578 2312 2641 2376 p.
2668 2289 2811 2355 262.
2845 2287 3104 2352 Heindf.
3135 2300 3198 2351 et
3224 2286 3307 2350 cf.
3336 2284 3563 2350 Plotin.
3595 2309 3659 2373 p.
3690 2302 3838 2371 552.
3867 2309 3960 2373 sq.

2285 2413 2353 2478 p.
2378 2407 2522 2475 770.
2555 2392 2636 2455 B.
2662 2403 2723 2455 et
2752 2390 3031 2479 inprimis
3059 2412 3125 2476 p.
3145 2389 3290 2475 348.
3324 2389 3398 2453 Β.

2369 2531 2457 2543 -—
2480 2513 2576 2556 11.
2623 2494 2790 2560 οὗτος
2814 2496 2928 2576 γὰρ
2959 2495 2992 2556 6
3022 2492 3330 2575 ὀφθαλμὸς
3358 2519 3410 2555 κ.
3429 2517 3482 2553 τ.
3500 2490 3591 2574 λ.]
3646 2489 3864 2579 Cyrill.
3894 2490 3960 2555 in

2290 2595 2465 2660 Iesai.
2499 2596 2559 2660 1.
2597 2615 2653 2658 1.
2698 2610 2761 2660 et
2800 2614 2907 2681 49.
2945 2618 3013 2682 Ρ.
3038 2597 3186 2680 665.
3256 2592 3435 2657 Idem
3478 2591 3542 2655 in
3583 2593 3807 2658 Joann.
3841 2595 3958 2657 VI.

2285 2718 2391 2780 42.
2422 2722 2485 2786 Ρ.
2509 2718 2656 2785 343.
2692 2699 2883 2785 Greg.
2917 2698 3185 2787 Nyssen.
3221 2698 3304 2761 T.
3339 2696 3477 2760 III.
3508 2718 3574 2782 p.
3596 2694 3743 2780 318.
3793 2694 3957 2760 Add.

2288 2800 2513 2866 Plotin.
2546 2824 2609 2888 p.
2638 2818 2786 2887 544.
2818 2823 2910 2887 sq.

2368 2941 2456 2953 —
2480 2924 2579 2989 13.
2622 2909 2824 2984 λημῶν
2867 2903 3116 2990 κακίαις]
3164 2901 3351 2980 Quod
3390 2900 3549 2967 Cod.
3584 2901 3723 2965 Vat.
3758 2902 3962 2966 κακίαν

2285 3004 2488 3075 habet,
2528 3005 2609 3070 de
2649 3029 2724 3071 eo
2766 3005 2893 3070 vid.
2936 3006 3191 3070 Kuster.
3237 3003 3630 3091 reliquosque
3672 3003 3957 3091 inter-prr.

2282 3108 2363 3172 ad
2396 3108 2708 3196 Aristoph.
2743 3111 2805 3173 N
2812 3109 2918 3173 ub.
2946 3124 3095 3195 325.
3129 3108 3339 3193 (328).
3413 3110 3515 3171 De
3543 3105 3811 3171 formula
3830 3106 3959 3170 vid.

2285 3214 2503 3299 Etym.
2523 3214 2745 3298 Magn.
2773 3235 2834 3299 p.
2855 3214 3004 3297 563.
3026 3210 3303 3297 Hesycb.
3327 3211 3425 3274 II.
3445 3233 3511 3298 p.
3529 3226 3681 3296 353.
3713 3208 3960 3273 Erasmi

2284 3315 2537 3403 Adagia
2563 3341 2626 3405 p.
2651 3318 2809 3397 406.
2857 3315 3188 3403 Wyttenb.
3215 3313 3295 3378 ad
3327 3314 3650 3378 Plutarch.
3679 3338 3744 3402 p.
3772 3334 3958 3398 1090.

2285 3419 2578 3484 Hermiae
2617 3418 2681 3483 in
2724 3417 2884 3484 Plat.
2916 3416 3167 3482 Phaedr.
3206 3440 3272 3504 p.
3298 3437 3401 3501 91.
3448 3415 3586 3480 Vid.
3620 3416 3800 3480 etiam
3834 3418 3954 3482 Ba-

2284 3521 2372 3585 sil.
2406 3524 2501 3586 M.
2534 3521 2614 3586 de
2642 3520 2917 3609 legendis
2946 3519 3182 3585 Gentil.
3214 3517 3384 3582 libris
3413 3519 3494 3582 T.
3530 3519 3630 3583 11.
3659 3542 3724 3606 p.
3749 3520 3890 3582 181.

2367 3624 2452 3689 ib.
2497 3623 2534 3704 ἢ
2578 3625 2830 3704 ἀσθενὴς
2871 3624 3176 3708 ἀνανδρίᾳ]
3232 3628 3276 3661 “
3307 3622 3515 3706 ἀνδρία
3550 3620 3650 3684 ed.
3701 3622 3845 3688 Bas.
3890 3624 3959 3685 ἐν

2284 3729 2488 3813 ἀνδρίᾳ
2518 3726 2701 3791 Leid.
2727 3729 2901 3792 Voss.
2932 3725 3084 3809 [vid.
3108 3748 3239 3789 var.
3262 3724 3429 3810 lect.]
3479 3721 3714 3788 Melius
3739 3746 3956 3811 margo

2283 3829 2378 3893 ed.
2426 3831 2559 3895 Fic.
2611 3828 2769 3915 [vicl.
2801 3852 2929 3893 var.
2964 3828 3136 3916 lect.]
3184 3828 3481 3910 ἀνανδρία.
3575 3825 3677 3890 Sic
3719 3825 3798 3890 de
3827 3826 3955 3891 veri

2282 3932 2673 4020 indagatione
2718 3932 2917 3996 Plato.
2992 3930 3138 3996 Vid.
3166 3944 3377 3995 annot.
3417 3928 3497 3994 ad
3537 3928 3839 3995 Phaedon.
3882 3953 3950 4018 p.

2285 4037 2467 4119 274.”
2508 4037 2597 4100 D.
2626 4036 2718 4098 W.

2366 4162 2432 4226 p.
2464 4158 2489 4201 1
2505 4154 2605 4223 15,
2636 4159 2661 4201 1
2677 4188 2691 4203 .
2737 4136 2806 4200 τὸ
2837 4138 3118 4218 ὁραθῆναι
3156 4136 3507 4222 δυνάμενον]
3561 4142 3605 4176 “
3636 4138 3956 4219 ὁρασθῆναι

2281 4241 2378 4306 ed.
2413 4242 2553 4305 Bas.
2587 4243 2836 4322 ὁρᾶσθαι
2864 4238 3039 4303 Leid.
3066 4238 3314 4318 rectius,
3345 4253 3456 4304 aut
3484 4238 3625 4303 fort.
3651 4242 3953 4322 ὁραθῆναι,

2279 4366 2422 4408 nam
2451 4342 2775 4430 vulgatum
2802 4340 3006 4407 minus
3023 4342 3351 4429 probum.''
3393 4344 3483 4406 D.
3518 4343 3606 4404 W.
3684 4342 3761 4405 In
3781 4365 3951 4430 seqq.

2278 4470 2393 4534 pro
2421 4449 2625 4526 ὁμοῖον
2667 4444 3056 4533 reposuimus
3100 4446 3303 4525 ὅμοιον
3345 4468 3422 4509 ex
3470 4443 3674 4509 Codd.
3717 4444 3954 4532 aliquot

2277 4548 2515 4614 nostris
2586 4547 2724 4613 vid.
2759 4545 3031 4612 Fischer.
3060 4546 3136 4610 ad
3161 4546 3508 4612 Wellerum
3545 4548 3600 4610 Ι.
3631 4570 3696 4635 p.
3718 4548 3861 4630 287.
3891 4561 3953 4612 et

2278 4653 2471 4739 Greg.
2504 4653 2652 4716 Cor.
2682 4673 2749 4737 p.
2777 4668 2881 4714 21.
2909 4663 2972 4714 et
3003 4669 3101 4735 23.
3133 4648 3217 4714 ib.
3253 4650 3422 4714 Bast.

2358 4754 2444 4819 ib.
2485 4754 2576 4818 Τὸ
2614 4756 2730 4836 γὰρ
2771 4755 2924 4834 ὀρῶν
2968 4752 3113 4835 πρὸς
3143 4780 3191 4815 κ.
3209 4777 3266 4816 τ.
3290 4753 3379 4838 λ.]
3435 4759 3478 4791 “
3511 4753 3762 4839 Spectat
3801 4753 3948 4817 Pla-

2275 4856 2536 4921 tonicam
2585 4854 2923 4920 doctrinam
2964 4854 3044 4919 de
3085 4854 3246 4935 visu,
3288 4877 3478 4942 quam
3525 4856 3852 4937 σύγκρασιν
3886 4873 3949 4921 et

2275 4961 2632 5042 συναύγειαν
2659 4958 3003 5037 nominant,
3033 4956 3322 5022 traditam
3351 4957 3415 5021 in
3446 4958 3691 5022 Timaeo
3716 4980 3778 5046 p.
3797 4978 3945 5046 532.

2275 5064 2354 5127 F.
2389 5065 2482 5150 [p.
2507 5063 2642 5147 45.]
2680 5060 2759 5125 de
2788 5084 2917 5147 qua
2942 5059 3090 5124 item
3132 5059 3448 5125 Plutarch.
3491 5061 3775 5148 Sympos.
3810 5062 3867 5126 Ι.
3882 5082 3944 5147 5.

2273 5179 2336 5230 et
2363 5164 2442 5229 de
2471 5171 2551 5229 EI
2573 5162 2901 5251 Delphico,
2925 5162 3036 5227 ubi
3062 5161 3243 5250 plura
3264 5162 3694 5228 annotabimus
3713 5187 3777 5251 p.
3794 5183 3943 5248 390.

2275 5268 2435 5334 B.C.
2468 5266 2745 5332 nondum
2765 5266 2827 5329 in
2848 5265 3229 5330 Britanniam
3260 5266 3501 5331 missa.”
3542 5269 3633 5331 D.
3664 5267 3757 5329 W.
3832 5267 3941 5329 Tu

2273 5369 2400 5434 vid.
2421 5393 2483 5457 p.
2510 5369 2660 5455 285.
2700 5368 3079 5433 Animadvv.
3103 5368 3232 5433 Ed.
3257 5370 3379 5434 Ox.
3401 5369 3547 5433 min.
3615 5370 3773 5432 Eam
3800 5367 3944 5432 doc-

2275 5472 2494 5537 trinam
2523 5471 2842 5558 antiquam
2869 5470 3040 5549 dicit,
3070 5485 3133 5536 et
3160 5494 3199 5536 a
3228 5471 3586 5558 Pythagora
3626 5492 3820 5556 usque
3847 5493 3942 5535 re-

2272 5575 2447 5662 petit,
2482 5573 2867 5638 Platonicum
2891 5572 3073 5638 etiam
3108 5573 3420 5638 Timaeum
3448 5570 3729 5651 laudans,
3763 5574 3942 5642 Sext.

2362 5700 2391 5750 1
2430 5686 2473 5750 2
