5118 6613
1275 513 1467 576 LIB.
1518 513 1634 578 1v.
1685 511 2142 577 ENNEAD.
2189 513 2662 592 QUARTAE.
2709 537 2774 604 p.
2811 516 3175 597 788—800.
3913 541 4033 610 233

536 684 678 748 111.
704 701 808 765 71.
841 682 961 748 hoc
990 683 1052 746 in
1096 681 1379 748 Platonis
1424 683 1665 768 placitis
1693 685 1907 773 ponit:
1958 685 2237 768 ἔμψυχόν

531 813 600 853 τε
628 787 784 852 εἶναι
815 787 952 869 (τὸν
992 789 1249 871 κόσμον)
1282 789 1378 854 διὰ
1420 787 1489 850 τὸ
1531 792 1796 869 κρεῖττον
1836 787 1989 852 εἶναι
2026 786 2094 849 τὸ
2140 786 2238 866 ἔμ-

529 899 739 975 ψυχον
765 894 873 954 τοῦ
899 891 1165 973 ἀψύχου.
1255 888 1366 952 Ad
1411 912 1600 975 quem
1645 889 1852 954 locum
1897 889 2238 975 Menagius

532 1016 599 1081 p.
639 995 783 1073 164.
815 1007 1097 1056 nostrum
1128 990 1335 1056 locum
1360 991 1664 1056 adhibens
1688 991 1811 1057 ita:
1863 1001 1906 1033 “
1929 991 2236 1056 Videatur

533 1094 825 1161 Plotiuus
870 1096 989 1160 1v.
1035 1116 1098 1174 4.
1130 1113 1235 1179 33.
1281 1094 1392 1160 ubi
1436 1094 1715 1160 mundus
1756 1094 1986 1170 animal
2035 1116 2231 1160 unum

533 1198 774 1264 ratione
801 1197 1040 1261 musica
1083 1195 1314 1261 saltans
1349 1211 1413 1260 et
1457 1196 1743 1261 saltando
1784 1214 2237 1284 consequenter

534 1324 661 1366 una
719 1323 932 1365 secum
987 1298 1198 1363 omnia
1253 1298 1499 1363 varians
1560 1299 1850 1365 dicitur.’'
1955 1300 2239 1365 Platonis

533 1403 726 1469 verba
752 1403 842 1467 ita
869 1401 1172 1490 expressit
1204 1401 1428 1467 Cicero
1456 1401 1519 1465 in
1553 1404 1940 1490 Fragmento
1971 1403 2050 1468 de
2086 1404 2238 1469 Uni-

535 1530 715 1572 verso
742 1529 798 1570 c.
826 1525 909 1585 4:
961 1511 1006 1543 “
1038 1503 1226 1582 Quod
1255 1503 1420 1568 enim
1452 1504 1901 1591 pulcerrimum
1933 1507 1995 1569 in
2026 1529 2233 1570 rerum

533 1625 761 1674 natura
787 1605 1049 1694 intelligi
1080 1621 1308 1694 potest,
1331 1622 1395 1671 et
1423 1607 1596 1694 quod
1627 1632 1704 1673 ex
1735 1608 1906 1672 omni
1928 1624 2107 1696 parte
2130 1609 2238 1673 ab·

534 1711 978 1778 solutissimum
996 1723 1113 1789 est,
1129 1732 1273 1773 cum
1296 1712 1476 1774 Deus
1494 1710 1754 1775 similem
1775 1711 2086 1775 muudum
2109 1710 2238 1775 effi-

532 1838 669 1880 cere
678 1812 890 1892 vellet,
899 1811 1126 1876 animal
1150 1835 1350 1876 unum
1369 1811 1449 1876 ad
1461 1812 1798 1900 spectabile
1825 1813 1890 1877 in
1908 1837 2039 1900 quo
2057 1815 2236 1900 (jam

531 1917 711 1983 addit
756 1914 918 1981 Cod.
965 1938 1162 1993 meus,
1193 1929 1376 1981 antea
1420 1916 1983 2000 Uffenbachiorus)
2028 1917 2238 1982 omnia

532 2018 824 2085 animalia
864 2017 1351 2095 continerentur,
1382 2018 1585 2083 effecit
1610 2017 1663 2083 :”
1695 2018 1757 2083 in
1796 2041 1927 2105 quo
1967 2018 2130 2098 loco,
2164 2035 2236 2084 ut

534 2122 763 2210 soepius
790 2120 962 2200 facit,
994 2121 1115 2185 hoc
1157 2120 1274 2185 sibi
1319 2120 1581 2186 indulsit
1628 2120 1907 2199 Tullius,
1953 2136 2026 2186 ut
2068 2145 2232 2209 prae-

534 2224 904 2292 termitteret
944 2223 1250 2310 integram
1313 2223 1707 2303 sententiam,
1752 2223 2045 2288 nimirum
2097 2225 2162 2290 h.
2191 2225 2230 2289 l.

531 2326 738 2392 illam:
787 2327 908 2390 ὅσα
935 2325 1117 2389 αὐτοῦ
1161 2328 1310 2389 κατὰ
1348 2328 1537 2409 φύσιν
1565 2330 1839 2408 ξυγγενῆ.
1932 2328 2232 2392 Ceterum

531 2430 613 2496 cf.
645 2428 754 2494 illa
783 2425 1101 2493 Ciceronis
1127 2426 1224 2491 vel
1270 2427 1483 2515 potius
1533 2427 1724 2493 Stoici
1767 2428 1942 2516 apud
1974 2429 2228 2495 Cicero·

532 2555 677 2598 nem
707 2531 788 2596 de
832 2531 922 2594 N.
943 2531 1031 2595 D.
1065 2531 1161 2593 11.
1211 2549 1286 2594 12
1309 2535 1465 2594 :—“
1493 2532 1599 2595 Ex
1629 2554 1760 2617 quo
1804 2530 2070 2596 efficitur
2097 2533 2233 2597 aui-

534 2651 804 2702 mantem
835 2657 968 2699 esse
996 2631 1374 2697 mundum.”
1462 2633 1852 2719 Pomponius
1883 2633 2061 2698 Mela
2093 2635 2232 2700 111.

540 2760 599 2804 1.
636 2758 737 2823 15.
766 2761 947 2825 sqq.:
997 2745 1041 2776 “
1072 2737 1300 2823 Neque
1338 2736 1550 2801 adhuc
1586 2736 1734 2801 satis
1762 2736 2082 2822 cognitum
2115 2752 2233 2817 est,

531 2840 892 2907 anhelitune
919 2862 1036 2904 suo
1071 2837 1136 2903 id
1166 2839 1462 2903 Mundus
1491 2839 1737 2916 efficiat,
1778 2851 2238 2927 retractamque

534 2966 675 3010 cum
708 2942 932 3032 spiritu
962 2955 1212 3029 regerat
1257 2940 1490 3005 undam
1528 2941 1838 3027 undique,
1869 2941 1920 3005 si
1954 2943 2056 3024 (ut
2084 2942 2233 3007 doc-

534 3046 799 3113 tioribus
820 3044 1058 3132 placet)
1082 3066 1283 3108 unum
1302 3045 1550 3108 animal
1563 3054 1655 3109 est
1671 3042 1729 3108 .·”
1761 3043 1840 3108 ad
1865 3067 2011 3131 quae
2035 3047 2234 3111 Isaac.

535 3148 791 3215 Vossius
816 3171 880 3235 p.
916 3149 1065 3229 780.
1112 3146 1215 3211 ed.
1257 3161 1398 3211 tert.
1449 3147 1611 3211 Abr.
1660 3147 1942 3211 Gronov.
1989 3147 2236 3214 lectioni

534 3273 735 3320 unum
762 3273 882 3340 pro
909 3252 1129 3315 vivum
1145 3248 1562 3338 patrocinium
1585 3250 1815 3338 quoerit
1844 3273 1922 3317 ex
1953 3251 2237 3319 doctrina

536 3353 818 3421 Platonis
846 3367 911 3418 et
937 3376 1013 3417 ex
1045 3351 1144 3416 his
1169 3351 1319 3439 ipsis
1360 3350 1594 3416 Plotini
1629 3354 1825 3418 nostri
1854 3354 2025 3420 locis.
2117 3357 2237 3420 Ce-

536 3472 737 3524 terum
787 3453 1054 3520 Proclus
1096 3454 1160 3518 iu
1205 3454 1525 3518 Timaeum
1568 3478 1632 3542 p.
1671 3475 1812 3541 131.
1860 3479 2000 3545 sqq.
2045 3458 2130 3524 cf.
2165 3482 2233 3546 p.

537 3580 641 3646 93.
671 3582 767 3647 sq.
842 3556 1099 3635 Plotini,
1131 3556 1347 3637 Attici,
1377 3556 1635 3637 Amelii,
1667 3559 2031 3647 Porphyrii,
2065 3561 2234 3625 Iam-

535 3660 851 3749 blichique
893 3659 976 3724 de
1020 3659 1258 3724 Anima
1300 3659 1521 3724 mundi
1565 3674 1628 3725 et
1671 3661 1918 3749 opifice,
1961 3661 2239 3750 itemque

537 3764 616 3830 de
643 3762 886 3828 mundo
927 3761 1242 3827 animante
1281 3762 1618 3827 sententias
1647 3763 1788 3829 fuse
1828 3765 2018 3830 refert
2045 3778 2110 3829 et
2138 3766 2233 3830 di-

530 3865 793 3954 judicat.
882 3864 1044 3942 Quoe
1074 3885 1223 3927 vero
1263 3862 1555 3928 Plotiuus
1591 3880 1806 3930 nostro
1833 3865 1895 3930 in
1927 3865 2063 3930 loco
2092 3888 2239 3931 con-

537 3969 716 4036 tinuo
742 3965 1016 4054 subjicit,
1045 3987 1117 4030 ea
1148 3964 1331 4031 valde
1358 3984 1718 4054 congruunt
1749 3991 1893 4032 cum
1929 3968 2235 4033 Indorum

538 4073 812 4149 decreto,
865 4069 1088 4134 mundi
1145 4070 1433 4158 opificem
1492 4072 1869 4158 pertransire
1917 4073 2237 4138 mundana

537 4175 766 4242 omnia.
835 4171 998 4236 Vide
1056 4171 1234 4237 Guil.
1278 4172 1361 4236 ab
1407 4173 1790 4239 Humboldt.
1840 4174 2103 4240 Dissert.
2158 4175 2240 4240 de

539 4274 1067 4366 Bhagavad·gita.
1114 4273 1389 4339 Beroliu.
1439 4276 1621 4357 1827.
1662 4299 1724 4363 p.
1763 4278 1864 4342 26.
1909 4277 2057 4365 ibiq.
2100 4277 2237 4343 lau-

542 4381 698 4446 datt.
727 4392 793 4444 et
810 4376 895 4442 cf.
928 4376 1286 4464 Guiguiaut
1312 4377 1375 4441 in
1411 4377 1733 4465 Religions
1753 4378 1833 4443 de
1862 4379 2244 4467 l'Antiquite

549 4484 658 4548 1v.
692 4505 757 4570 p.
790 4501 856 4561 4.
891 4502 951 4544 n.
993 4480 1093 4543 18.

624 4608 690 4673 p.
714 4598 865 4668 795,
893 4599 956 4648 2.
1002 4582 1206 4664 ὥσπερ
1233 4583 1292 4645 οἱ
1322 4581 1617 4663 ἔμφρονες
1642 4588 1761 4647 τῶν
1790 4586 2244 4664 θητευόντων-

547 4686 648 4752 ὅτε
705 4686 787 4767 μὴ
846 4683 1189 4765 ἀνδράποδα
1246 4684 1470 4772 ὄντες]
1537 4683 1816 4749 Verbum
1862 4689 2130 4766 θητεύειν
2178 4686 2241 4750 in

549 4787 825 4855 Platonis
873 4784 1343 4873 Euthyphrone
1388 4785 1645 4851 obvium
1693 4810 1754 4874 p.
1799 4806 1865 4868 4.
1910 4789 1987 4853 C.
2035 4810 2101 4875 p.
2138 4789 2241 4852 26.

547 4915 632 4980 sq.
668 4887 886 4956 Stallb.
914 4912 930 4951 ε
977 4886 1240 4967 πελάτης
1265 4913 1353 4955 τις
1377 4886 1454 4967 ἦν
1484 4888 1643 4968 ἐμὸς,
1677 4891 1773 4953 καὶ
1802 4890 1879 4957 ὡς
1913 4893 2242 4972 ἑγεωργοῧ·

547 5020 654 5074 μεν
699 4995 768 5057 ἓν
802 4989 984 5075 Νάξῳ
1031 4988 1308 5069 ἐθήτευεν
1349 4988 1486 5071 παρ’
1516 4991 1675 5070 ἡμῖν.
1764 4990 1877 5055 Ad
1921 5014 2110 5077 quem
2157 4991 2246 5056 10-

548 5118 686 5162 cum
732 5091 964 5157 adhibe
1003 5088 1324 5155 Pollucem
1360 5091 1501 5155 111.
1537 5092 1640 5157 82.
1681 5092 1804 5156 VI.
1843 5097 1983 5178 196.
2030 5094 2247 5159 Ruhn-

550 5199 685 5264 ken.
715 5195 798 5262 ad
826 5194 995 5260 Tim.
1020 5194 1187 5257 Lex.
1218 5193 1466 5258 Platon.
1501 5218 1567 5282 p.
1590 5212 1662 5260 21
1683 5215 1738 5259 1.
1769 5217 1907 5282 sqq.
1984 5196 2087 5259 De
2115 5194 2243 5260 dif-

550 5298 805 5367 ferentia
825 5295 1346 5360 mercenariorum
1366 5310 1429 5360 et
1464 5318 1785 5360 servorum
1808 5311 1872 5361 et
1900 5295 1982 5360 de
2002 5295 2247 5361 diversa

553 5419 961 5484 utrorumque
980 5395 1334 5462 conditione
1355 5397 1527 5485 apud
1554 5399 1814 5464 Graecos
1834 5412 1898 5463 et
1925 5401 2248 5464 Romanos

554 5505 677 5569 vid.
706 5499 902 5568 Petiti
946 5500 1153 5588 Legg.
1201 5500 1431 5566 Attice.
1465 5524 1530 5588 p.
1566 5518 1712 5585 249.
1758 5524 1896 5589 sqq.
1928 5501 2030 5567 ed.
2065 5500 2249 5565 Wes-

649 5609 844 5664 VOL.
886 5607 1012 5659 111.

2324 684 2542 776 seling.
2591 686 2692 752 Cf.
2713 686 2899 751 etiam
2931 686 3233 753 Boeckhii
3265 688 3604 753 OEconom.
3630 690 4028 758 Athenienss.

2327 788 2380 853 I.
2412 812 2476 877 p.
2518 788 2658 854 128.
2691 812 2784 876 sq.

2372 914 2437 979 p.
2453 894 2603 975 796,
2616 908 2650 974 7
2663 938 2676 952 .
2699 891 3037 975 οἶονχειρὸς
3052 895 3128 956 τὰ
3144 895 3618 978 συνθλιβόμενα]
3649 895 3811 960 Cod.
3824 897 4027 963 Marc.

2322 995 2456 1078 χεὶρ
2486 997 2640 1058 ὀστᾶ
2659 995 3129 1073 σ-υνθλιβόμενα.
3208 993 3396 1058 Unde
3426 994 3686 1061 fortasse
3715 999 4029 1086 scripsisse

2323 1096 2644 1162 Plotinum
2667 1094 3001 1183 conjicias:
3049 1096 3249 1180 χειρὸς
3276 1098 3430 1160 ὀστᾶ
3467 1103 3939 1182 συνθλιβόμενα.

2410 1222 2472 1286 p.
2506 1213 2655 1283 797,
2695 1218 2752 1262 1.
2795 1200 2833 1278 ἡ
2890 1197 3150 1277 διέξοδος
3195 1202 3298 1277 τῆς
3338 1199 3512 1287 ζωῆς]
3561 1200 3663 1265 Cf.
3713 1226 3905 1291 supra
3953 1229 4017 1293 p.

2331 1304 2475 1386 189.
2507 1302 2588 1365 B.
2623 1301 2789 1365 Eun.
2825 1300 2927 1364 11.
2962 1300 3023 1363 8.
3061 1319 3113 1362 1.
3148 1299 3254 1363 ubi
3285 1300 3614 1388 explicavi.

2408 1427 2472 1491 p.
2509 1420 2658 1488 799,
2696 1422 2795 1488 13.
2841 1403 2971 1466 οἷον
3012 1402 3108 1466 καὶ
3147 1402 3337 1466 λίθων
3364 1405 3579 1484 φύσεις
3618 1407 3713 1469 καὶ
3741 1413 4022 1486 βοτανῶν

2323 1506 2620 1588 ἐνέργειαι
2670 1507 2981 1585 θαυμαστᾶ
3024 1507 3231 1568 πολλὰ
3277 1504 3693 1593 παρέχονται]
3747 1510 3911 1574 Haec
3960 1526 4023 1576 et

2324 1607 2547 1672 similia
2572 1606 2825 1671 decreta
2865 1604 3080 1670 multis
3117 1605 3551 1672 diversissimae
3594 1610 3795 1674 oetatis
3835 1612 4025 1702 scrip-

2324 1709 2600 1775 tionibus
2627 1723 3069 1797 argumentum
3094 1708 3619 1797 suppeditarunt3
3666 1737 3812 1799 quae
3840 1713 4020 1780 volu-

2323 1812 2513 1891 mina,
2545 1811 2645 1876 vel
2672 1810 2945 1876 carmine
2974 1809 3071 1876 vel
3101 1810 3310 1875 soluta
3335 1813 3617 1878 oratione
3659 1817 4023 1903 composita,

2321 1916 2679 2003 passimque
2715 1912 3161 2001 antiquissimis
3204 1913 3631 1980 sacerdotibus
3686 1918 4024 2008 adscripta,

2321 2018 2441 2082 sub
2486 2017 2831 2096 HermetiS‚
2862 2016 3123 2103 Orphei,
3169 2016 3416 2104 Kyrani
3452 2016 3713 2105 aliisque
3756 2022 4024 2087 nomini-

2319 2122 2442 2186 bus
2479 2121 2789 2184 feruutur.
2883 2119 3012 2199 Sic,
3051 2135 3125 2184 ut
3162 2119 3281 2183 hoc
3322 2135 3486 2198 utar,
3519 2120 3621 2186 hic
3662 2121 3725 2186 in
3767 2125 4027 2211 antiqua

2322 2236 2535 2288 nostra
2577 2220 2885 2300 Palatina,
2918 2244 3087 2286 nunc
3127 2223 3354 2286 Romae
3381 2222 3448 2286 in
3481 2224 3802 2307 Vaticana,
3832 2250 4025 2293 asser-

2320 2341 2507 2390 vatur
2567 2332 2613 2364 “
2647 2323 2968 2388 Hermetis
3029 2323 3427 2412 Trismegisti
3479 2324 3637 2391 liber
3686 2328 3766 2393 de
3814 2329 4025 2394 herbis

2321 2443 2561 2514 septem
2604 2426 2997 2514 planetarum
3049 2426 3132 2491 ad
3178 2426 3575 2515 Asclepium”
3627 2445 3783 2496 teste
3840 2433 3897 2496 F
3904 2432 4022 2497 rid.

2325 2530 2666 2619 Sylburgio
2696 2531 2758 2594 in
2808 2528 3116 2616 Catalogo
3159 2529 3366 2596 Codd.
3418 2532 3569 2598 Grr.
3619 2532 3788 2598 Bibl.
3834 2534 4021 2600 Pala·

2322 2634 2471 2698 tinoe
2530 2631 3085 2719 Heidelberg-ensis
3143 2655 3206 2697 n.
3262 2636 3410 2698 226.
3463 2656 3528 2721 p.
3569 2638 3672 2720 69.
3728 2636 3842 2700 inf.
3941 2640 4023 2702 In

2323 2738 2601 2803 Triartei
2641 2751 2850 2802 autem
2893 2736 3117 2824 Regiae
3170 2736 3334 2802 Bibl.
3385 2738 3776 2804 Matritensis
3811 2741 4021 2808 Codd.

2325 2843 2474 2908 Grr.
2509 2864 2573 2929 p.
2604 2860 2756 2926 431.
2789 2863 2885 2926 sq.
2909 2862 3055 2903 cum
3085 2837 3225 2903 aliae
3252 2838 3623 2927 hujusmodi
3651 2842 3891 2907 notitiae
3918 2867 4026 2908 ex-

2323 2957 2511 3024 stant,
2539 2958 2675 3008 tum
2714 2941 2888 3006 haec:
2938 2944 3007 3006 ἐν
3035 2945 3105 3021 τῇ
3130 2944 3338 3028 βίβλῳ
3376 2943 3709 3024 καλουμένῃ
3743 2949 4027 3028 Κυρανίδι

2324 3048 2559 3130 ἐγράφη
2597 3047 2737 3129 περὶ
2773 3047 2966 3110 λίθων
3006 3042 3110 3120 κδ’,
3148 3047 3244 3110 καὶ
3270 3052 3508 3126 πτηνῶν
3538 3044 3644 3121 κδ’,
3677 3049 3773 3112 καὶ
3804 3052 4025 3133 ἰχθύων

2325 3147 2433 3226 κδ’,
2466 3149 2563 3212 καὶ
2602 3154 2883 3229 βοτανῶν
2919 3145 3024 3213 κδ’.
3092 3147 3195 3212 Cf.
3244 3148 3584 3237 Tyrwhitt.
3632 3149 3714 3214 ad
3762 3153 4023 3241 Orphei,

2322 3250 2437 3338 qui
2464 3250 2624 3317 falso
2653 3249 2906 3330 dicitur,
2935 3254 3155 3326 λιθικᾶ,
3190 3251 3531 3339 praesertim
3565 3252 3646 3319 ad
3688 3276 4024 3343 argumen-

2321 3368 2458 3418 tum
2515 3356 2816 3421 Graecum
2870 3376 2933 3441 p.
2965 3356 3114 3439 360.
3161 3377 3255 3440 sq.
3307 3354 3409 3419 ed.
3464 3357 3814 3421 Hermann.
3862 3359 4025 3425 adde

2325 3456 2597 3522 Fabricii
2630 3456 2801 3521 Bibl.
2837 3456 2953 3521 Gr.
2991 3454 3127 3520 Vol.
3158 3457 3216 3520 1.
3251 3479 3315 3543 p.
3339 3472 3443 3539 70.
3472 3480 3611 3544 sqq.
3638 3459 3739 3524 ed.
3769 3460 4020 3526 Harles.

2323 3574 2388 3623 et
2415 3582 2480 3646 p.
2520 3561 2663 3644 156.
2699 3581 2834 3645 sqq.
2866 3570 2930 3621 et
2977 3555 3395 3643 Symbolicam
3427 3575 3701 3624 nostram
3735 3562 3925 3627 Tom.
3964 3565 4021 3629 1.

2323 3686 2390 3750 p.
2421 3664 2571 3748 396.
2617 3659 2719 3725 ed.
2752 3658 2859 3723 alt.
2953 3657 3167 3723 Simile
3206 3661 3605 3747 opusculum,
3650 3663 3824 3747 quod
3873 3664 4025 3729 item

2328 3763 2650 3829 Hermetis
2706 3761 3104 3849 Trismegisti
3164 3785 3391 3828 nomen
3450 3765 3773 3846 mentitur,
3823 3789 4028 3856 nuper

2321 3864 2664 3931 admodum
2725 3867 2826 3931 J0.
2885 3864 3214 3930 Laurentii
3274 3865 3447 3953 Lydi
3495 3867 3896 3955 Fragmentis
3944 3872 4026 3937 de

2325 3967 2660 4032 Mensibus
2689 3966 2943 4031 editioni
2988 3967 3292 4033 Roetheri
3336 3968 3529 4033 nostri
3570 3969 3914 4056 adjecimus
3957 3998 4024 4062 p.

2323 4090 2688 4157 312-339,
2762 4068 3138 4135 Inscribitur
3173 4085 3385 4135 autem
3428 4072 3565 4154 περὶ
3605 4080 3885 4153 βοτανῶν
3910 4103 4025 4161 χυ-

2325 4176 2588 4246 λώσεως,
2621 4172 2941 4259 habetque
2984 4171 3235 4238 notitias
3264 4175 3863 4265 praeceptionesque,
3896 4204 4026 4267 quo

2327 4275 2526 4339 sidere
2554 4274 2637 4338 ad
2667 4274 2994 4339 medicinoe
3028 4299 3211 4341 usum
3239 4276 3471 4364 plantae
3499 4291 3563 4343 et
3590 4279 3797 4367 colligi
3832 4296 3897 4347 et
3930 4307 4022 4349 ar-

2329 4374 2585 4441 tificiose
2613 4376 2864 4440 tractari
2892 4376 3182 4442 debeant.

2414 4502 2480 4566 p.
2514 4481 2664 4557 800,
2701 4499 2800 4544 10.
2847 4483 2927 4565 τῷ
2971 4480 3051 4559 μὴ
3090 4483 3380 4559 αἰσθητῶς
3422 4482 3559 4565 παρ’
3610 4485 3791 4549 αὐτοῦ
3840 4513 4031 4554 κινου-

2327 4581 2599 4669 μένους]
2648 4582 2755 4645 Ita
2801 4579 3013 4667 scripsi
3062 4578 3339 4668 plurium
3402 4583 3613 4650 Codd.
3658 4589 4030 4655 auctoritate

2329 4697 2394 4749 et
2437 4682 2709 4747 maxime
2754 4682 3063 4747 Marciani
3107 4681 3316 4747 unius.
3408 4684 3627 4751 Editio
3671 4687 3758 4752 ita
3798 4690 4024 4759 habet:

2328 4786 2397 4850 τὸ
2435 4786 2516 4866 μὴ
2563 4788 2853 4866 αἰσθητῶς
2895 4785 3031 4867 παρ’
3080 4785 3236 4873 αὐτᾷ
3292 4788 3679 4867 κινούμενονε
3730 4793 4023 4861 Ficinus:

2331 4896 2378 4929 ‘⁴
2396 4886 2568 4976 quod
2587 4887 2751 4951 inter
2778 4887 2913 4952 haec
2943 4909 3066 4953 non
3090 4887 3413 4953 manifeste
3435 4912 3547 4976 per
3576 4914 3641 4955 se
3670 4897 3904 4959 moveri
3922 4920 4033 4964 uo-

2329 4990 2427 5055 bis
2470 4988 2791 5078 apparet.”
2882 4990 3066 5057 Idem
3115 4990 3480 5056 Marcianus
3521 4991 3681 5057 liber
3720 4995 3782 5058 in
3829 5012 4034 5063 extre-

2330 5092 2448 5157 mis
2476 5093 2683 5157 verbis
2710 5092 2904 5179 hujus
2931 5091 3151 5180 capitis
3190 5092 3337 5158 dat:
3383 5093 3474 5158 διὸ
3515 5096 3612 5159 καὶ
3654 5102 3860 5162 πολλὰ
3902 5105 4033 5165 δου-

2331 5197 2499 5260 λεύει
2528 5196 2711 5261 αὐτοῦ
2736 5200 2864 5263 ταῖς
2896 5194 3219 5275 δυνάμεσιν
3243 5221 3257 5260 :
3307 5219 3452 5282 quae
3495 5196 3584 5261 ita
3610 5197 3870 5264 fortasse
3894 5225 4034 5267 ver-

2333 5297 2524 5362 tenda
2575 5311 2755 5362 suut:
2806 5297 3157 5384 Propterea
3206 5299 3407 5363 multa
3449 5321 3686 5388 quoque
3742 5305 4032 5370 ser-oium

2332 5402 2469 5486 ejus
2520 5399 2676 5482 (scil.
2724 5398 3052 5482 Universi)
3103 5401 3371 5466 mribus.
3463 5403 3564 5466 Ac
3622 5403 3825 5469 nescio
3876 5430 4037 5492 quo-

2334 5499 2523 5565 modo
2550 5500 2690 5566 haec
2719 5500 3024 5565 sententia
3050 5500 3272 5588 placet.

2467 5590 2612 5659 Hh
