5118 6613
1322 583 1517 649 LIB.
1565 586 1641 650 V.
1687 584 2145 651 ENNEAD.
2193 587 2715 653 SECUNDAE.
2762 610 2828 675 p.
2862 590 3216 674 296—313.
3867 609 3980 654 111

1825 759 1861 786 Ὦ

523 757 794 844 power,]
828 756 1025 820 which
1064 757 1123 821 is
1164 765 1273 820 not
1305 757 1376 819 in
1421 756 1519 820 the
1556 758 1823 842 infinite.
1934 759 2009 822 In
2044 782 2214 846 seqq.

534 858 679 924 dedi
700 857 836 940 παρ’
861 862 1033 938 αὐτῆς
1054 882 1170 947 pro
1192 857 1325 941 παρ’
1348 861 1539 938 αὐτῆς,
1558 859 1877 946 flagitante
1898 862 2219 942 sententia,

531 985 674 1026 cum
706 961 943 1026 Ficino.

621 1089 686 1153 p.
715 1085 866 1151 303,
897 1067 997 1130 16.
1027 1061 1064 1143 ἢ
1094 1065 1412 1129 οὔ-άλλᾶ
1437 1066 1618 1152 μορίῳ
1650 1068 2013 1156 ἑτερότητος]
2048 1069 2220 1155 Tay-

532 1167 650 1245 lor‚
682 1183 754 1233 ut
781 1167 1030 1255 saepiuS,
1062 1166 1148 1230 ita
1175 1166 1275 1231 hic
1319 1191 1571 1254 quoque
1610 1192 1686 1232 ex
1715 1169 1989 1233 versione
2018 1169 2220 1236 Ficini

532 1270 766 1358 colligit
805 1268 1156 1358 supplenda
1197 1293 1326 1334 esse
1366 1269 1498 1335 haec
1537 1272 1755 1337 verba:
1812 1270 1849 1354 ἢ
1901 1274 1969 1337 οὐ
2007 1274 2219 1338 ταύτὸν

532 1376 829 1456 ἑτερότητι
855 1377 1072 1441 ἁπλῶς.
1163 1374 1243 1437 In
1273 1373 1444 1437 libris
1472 1373 1621 1438 nihil
1663 1375 2020 1462 hujusmodi
2050 1399 2215 1440 com-

535 1490 731 1565 paret,
783 1491 847 1542 et
896 1475 1049 1541 solet
1101 1476 1237 1543 Fic.
1297 1476 1441 1541 talia
1513 1478 1965 1566 perspicuitatis
2036 1503 2221 1544 causa

534 1580 817 1669 adjicere.

1213 1771 1413 1836 LIB.
1476 1772 1544 1836 V.

623 1890 701 1954 P.
729 1910 881 1977 310,
913 1911 976 1975 7.
1036 1896 1228 1955 ΠΕΡΙ
1287 1897 1454 1956 ΤΟΎ
1499 1889 1577 1955 Ὁ
1638 1897 2016 1957 ΔΎΝΑΜΕῙ
2078 1899 2215 1958 ΚΑΙ

539 1996 997 2080 ΕΝΕΡΓΕΙΑΙ]
1036 1993 1231 2058 Liber
1262 1994 1593 2082 vigesimus
1631 2010 1695 2059 et
1734 1995 2008 2082 quintus,
2061 1995 2218 2061 Vide

537 2097 853 2185 Porphyr.
884 2097 965 2161 de
994 2097 1138 2161 Vita
1168 2097 1333 2163 Plot.
1367 2121 1420 2162 c.
1451 2117 1550 2179 24.
1576 2120 1640 2184 p.
1673 2118 1812 2180 142.
1844 2098 1945 2162 ed.
1974 2099 2214 2174 Fabric.

536 2199 646 2264 ubi
672 2199 738 2263 in
767 2199 946 2264 editis
974 2198 1062 2265 ita
1088 2198 1477 2265 inscribitur:
1523 2203 1658 2284 περὶ
1701 2207 1805 2265 τοῦ
1847 2202 2085 2282 δυνάμει
2126 2205 2219 2267 καὶ

536 2303 822 2388 ἐνεργείᾳ,
852 2302 1076 2367 omisso
1106 2304 1162 2381 δ,
1193 2304 1363 2391 quod
1399 2304 1462 2367 h.
1497 2303 1538 2368 l.
1571 2304 1745 2368 abest
1772 2304 1954 2369 etiam
1990 2305 2071 2370 ab
2106 2304 2217 2369 ali-

535 2420 691 2490 quot
732 2403 905 2471 libris
946 2406 1171 2471 nostris
1208 2420 1272 2471 et
1306 2407 1442 2472 loco
1488 2407 1807 2496 Simplicii,
1846 2431 2030 2495 quem
2072 2431 2216 2473 mox

534 2508 962 2574 excitabimus
1028 2509 1334 2576 Potentiae
1366 2510 1717 2594 (δυνάμεως)
1752 2510 2060 2575 notionem
2103 2536 2215 2577 sae-

535 2611 676 2700 pius
718 2611 967 2698 attingit
1012 2612 1217 2692 Plato,
1262 2632 1332 2678 ut
1370 2613 1434 2677 in
1479 2613 1768 2701 Sophiste
1796 2637 1860 2701 p.
1893 2633 2038 2696 247.
2067 2614 2131 2679 d.
2157 2639 2211 2679 e.

534 2715 614 2779 de
655 2716 820 2804 Rep.
859 2717 935 2780 V.
978 2739 1043 2804 p.
1075 2735 1225 2800 477.
1265 2718 1338 2782 C.
1408 2717 1609 2780 Verus
1658 2730 1865 2781 autem
1920 2716 2217 2782 doctrinae

534 2818 672 2882 fons
699 2834 791 2883 est
820 2818 883 2882 in
912 2818 1301 2884 Aristoteleis
1330 2819 1592 2907 scriptiS,
1610 2819 1948 2907 proesertim
1979 2819 2043 2883 in
2076 2823 2217 2885 Me-

536 2920 782 3009 taphys.
815 2922 1014 2986 VIII.
1049 2924 1109 2986 6.
1144 2945 1281 3010 sqq.
1311 2946 1372 3010 p.
1405 2939 1548 3006 147.
1580 2946 1717 3010 sqq.
1769 2922 1941 3010 Sylb.
1972 2946 2036 3011 p.
2072 2924 2213 2989 181.

534 3047 668 3112 sqq.
719 3023 1000 3089 Brandis.
1043 3023 1415 3090 Adscribam
1455 3025 1521 3090 in
1571 3048 1753 3090 usum
1798 3026 2215 3090 studiosorum

533 3127 937 3215 philosophiae
980 3128 1169 3194 verba
1214 3128 1530 3193 luculenta
1570 3128 1821 3193 Alcinoi
1871 3129 1951 3193 de
1994 3130 2217 3194 Doctr.

535 3229 813 3295 Platonis
849 3253 908 3294 c.
940 3233 1039 3296 26.
1085 3254 1151 3319 p.
1178 3246 1327 3319 511.
1374 3231 1471 3296 ed.
1520 3231 1744 3296 HeinS.
1798 3232 2016 3320 Lugd.
2071 3234 2215 3297 Bat.

540 3335 751 3417 1614:
801 3335 834 3399 δ
879 3337 943 3399 δὲ
987 3334 1244 3415 δυνάμει,
1285 3333 1439 3400 τοῦτ’
1478 3336 1625 3411 ἔστι,
1667 3340 1772 3401 τοῦ
1815 3334 1939 3401 καθ’
1971 3338 2093 3417 ἕξιν
2122 3337 2218 3402 καὶ

534 3436 654 3502 κατ’
702 3436 1008 3521 ἐνέργειαν
1055 3437 1385 3521 λεγομένου
1436 3438 1703 3522 διήνεγκε
1759 3439 1930 3520 (fort.
1978 3439 2217 3520 δυνάμει

534 3538 682 3605 τοῦτ’
716 3540 882 3604 ἔστιν
910 3540 943 3604 δ
972 3545 1077 3604 τοῦ
1104 3538 1229 3604 καθ’
1263 3541 1385 3621 ἔξιν
1407 3569 1458 3606 κ.
1481 3566 1533 3604 τ.
1555 3544 1647 3624 λ.)
1676 3541 1744 3605 τὸ
1771 3545 1884 3622 μὲν
1903 3546 2019 3625 γὰρ
2046 3541 2216 3607 δυνά-

532 3668 628 3723 μει
655 3641 1089 3723 ἐπιτηδειότητά
1116 3669 1250 3707 τινα
1277 3646 1666 3725 ἀποσημαίνει
1704 3646 1848 3727 πρός
1890 3670 2023 3709 τινα
2054 3647 2213 3710 οὔπω

533 3745 638 3825 τὴν
665 3746 790 3826 ἕξιν
818 3746 1056 3829 ἔχοντα·
1104 3748 1180 3813 ὡς
1222 3748 1255 3809 6
1298 3753 1435 3815 παῖς
1477 3746 1715 3827 δυνάμει
1751 3746 2087 3829 ῥηθήσεται,
2121 3749 2216 3813 καὶ

532 3848 926 3931 γραμματικὸς
972 3848 1067 3913 καὶ
1119 3849 1371 3929 αὐλητὴς
1414 3850 1509 3914 καὶ
1551 3849 1789 3924 τέκτων,
1834 3850 2001 3915 ἔσται
2044 3853 2109 3915 δὲ
2147 3850 2214 3914 τὸ

534 3952 801 4033 τηνικάδε
829 3955 897 4016 ἐν
926 3953 1061 4032 ἔξει,
1094 3954 1226 4020 ἑνός
1252 3978 1428 4028 τινος,
1459 3950 1496 4033 ἢ
1528 3959 1688 4020 δυοῖν
1716 3956 1966 4029 τούτοιν,
1993 3956 2217 4018 ὁπόταν

532 4055 686 4135 μάθῃ
731 4057 827 4120 καὶ
869 4054 1148 4135 κτήσεταί
1178 4080 1311 4119 τινα
1353 4061 1469 4120 τῶν
1509 4057 1707 4136 ἕξεων·
1757 4055 1877 4120 κατ’
1911 4056 2217 4140 ἐνέργειαν

534 4161 616 4234 δὲ,
645 4160 870 4224 ὁπόταν
900 4160 1110 4241 ἐνεργῇ
1137 4158 1256 4222 ἀπὸ
1284 4162 1384 4238 τῆς
1425 4159 1597 4238 ἕξεως
1637 4161 1877 4241 ἐκείνης,
1908 4158 1983 4239 ἣν
2013 4158 2214 4240 κέκτη-

533 4286 644 4326 ται.
689 4261 758 4325 τὸ
789 4263 851 4325 δὲ
880 4260 1128 4327 δυνατὸν
1157 4261 1331 4325 οὐδὲν
1357 4263 1598 4326 τούτων.
1644 4264 1922 4345 ἀόριστον
1951 4265 2016 4327 δὲ
2047 4258 2118 4326 ὃν
2144 4261 2214 4325 τὸ

534 4362 628 4448 ἐφ’
657 4364 820 4445 ἡμῖν,
853 4366 1000 4427 κατὰ
1026 4363 1132 4442 τὴν
1163 4362 1257 4447 ἐφ’
1289 4366 1575 4447 ὁπότερον
1601 4365 1790 4447 ῥοπὴν
1817 4364 2117 4445 λαμβάνει
2144 4364 2212 4429 τὸ

533 4468 844 4549 ἀληθεύειν
871 4463 907 4545 ἢ
934 4465 1031 4546 μή.
1103 4466 1206 4531 Cf.
1239 4465 1424 4530 etiam
1465 4466 1671 4530 Procli
1702 4467 1859 4532 Inst.
1896 4465 2121 4532 Theol.
2155 4490 2210 4534 c.

534 4584 635 4654 77.
665 4592 732 4656 p.
765 4587 904 4632 120.
933 4567 1033 4633 ed.
1066 4584 1256 4634 nostr.
1289 4585 1352 4634 et
1377 4568 1620 4634 Nicolai
1650 4570 2048 4635 MethonenS.
2084 4572 2214 4635 Re-

530 4671 895 4737 futationem
930 4672 1087 4737 Inst.
1125 4671 1346 4736 Theol.
1384 4671 1589 4737 Procli
1616 4697 1667 4737 c.
1696 4687 1794 4755 77.
1815 4696 1883 4760 p.
1912 4691 2053 4758 103.
2075 4696 2209 4760 sqq.

533 4774 626 4840 Hi
675 4796 890 4839 omnes
931 4796 1008 4839 ex
1049 4773 1459 4840 Aristotelicis
1501 4774 1571 4841 ll.
1604 4775 1675 4839 ll.
1712 4776 2218 4864 profecerunt.—

533 4879 848 4943 Caeterum
886 4900 1004 4965 pro
1034 4880 1301 4964 ἐνεργείᾳ
1333 4901 1498 4943 nunc
1536 4893 1803 4943 utuntur
1846 4880 2215 4943 Graecorum

532 4979 896 5068 Philooephi
927 4982 1261 5067 συντελείᾳ,
1293 5002 1460 5046 nunc
1490 4983 1852 5066 ἐντελεχείᾳ,
1877 5003 2042 5045 nunc
2072 4982 2217 5045 ἆπο-

529 5083 868 5165 τελέσματι.
956 5082 1208 5148 Ocellus
1244 5085 1542 5150 Lucanus
1583 5108 1635 5149 c.
1672 5104 1732 5152 2.
1769 5083 1861 5166 (in
1903 5083 2083 5150 Galei
2126 5084 2215 5148 O-

529 5209 739 5274 puscc.
786 5185 1084 5275 Mytholl.
1124 5210 1187 5275 p.
1218 5190 1432 5274 517.):
1481 5186 1721 5267 δυνάμει
1764 5189 1868 5252 οὖν
1910 5186 2103 5251 πάντα
2146 5189 2214 5251 ἐν

529 5291 714 5377 τούτῳ
742 5288 858 5371 πρὸ
886 5295 987 5369 τῆς
1014 5288 1326 5372 γενέσεως,
1359 5292 1674 5376 συντελείᾳ
1701 5291 1767 5355 δὲ
1794 5291 2089 5373 γενόμενα
2117 5290 2212 5354 καὶ

528 5395 803 5474 λαβόντα
851 5393 1059 5475 φύσιν.
1131 5392 1489 5458 Aristotelis
1539 5392 1899 5481 Metaphys.
1954 5392 2095 5457 ΙΙΙ.
2141 5414 2206 5479 p.

530 5513 626 5580 73.
656 5494 758 5561 ed.
795 5493 1120 5559 Brandis.:
1168 5495 1237 5560 τὸ
1269 5499 1386 5579 γὰρ
1414 5494 1655 5575 δυνάμει
1694 5494 1784 5571 ὃν,
1819 5496 1913 5559 καὶ
1938 5495 2017 5575 μὴ
2048 5497 2211 5560 ἐντε-

528 5600 753 5684 λεχείᾳ,
809 5596 880 5662 τὸ
932 5599 1209 5680 ἀόριστόν
1260 5601 1459 5664 ἐστιντ
1507 5614 1571 5663 et
1617 5598 1705 5664 ita
1762 5596 2094 5686 saepissime
2148 5596 2213 5663 in

2302 759 2521 824 iisdem
2562 757 2752 826 libris.
2826 761 3054 824 Sextus
3082 758 3327 847 Empir.
3365 747 3511 823 adv.
3545 760 3853 824 Mathem.
3886 761 3978 826 X.

2308 881 2366 927 2.
2400 866 2458 948 ξ.
2487 882 2635 946 340.
2669 885 2735 949 p.
2769 863 2915 947 689.
2954 861 3050 926 ed.
3098 861 3375 926 Fabric.:
3426 863 3521 926 καὶ
3565 863 3633 926 τὸ
3681 862 3799 928 ὠὸν
3839 867 3986 928 κατὰ
4047 906 4050 909 >

2305 966 2548 1045 δύναμιν
2576 964 2687 1043 μέν
2717 968 2845 1029 ἐστι
2889 966 3159 1040 νεοσσός,
3203 963 3322 1029 κατ’
3362 965 3739 1048 ἐντελέχειαν
3773 968 3839 1029 δὲ
3881 967 3986 1031 οὐκ

2306 1068 2490 1132 ἔστιν.
2536 1067 2645 1131 ubi
2686 1067 2767 1131 cf.
2813 1066 3191 1131 Fabricium.
3254 1069 3400 1153 Ego
3443 1066 3807 1132 crediderim
3848 1067 3984 1133 haec

2302 1169 2609 1234 imitatum
2634 1194 2763 1234 esse
2788 1169 3270 1248 Cassiodorium,
3301 1169 3411 1257 qui
3439 1169 3525 1235 ita
3551 1169 3632 1234 de
3656 1170 3889 1235 Anima
3915 1194 3978 1259 p.

2302 1292 2452 1358 342.
2488 1272 2587 1336 ed.
2623 1273 2821 1337 Paris.
2853 1276 3071 1337 1600.:
3122 1281 3165 1312 “
3189 1273 3452 1337 Editum
3493 1289 3586 1339 est
3620 1274 3798 1362 quasi
3839 1297 3985 1361 par·

2304 1375 2525 1441 turiale
2552 1399 2765 1456 ovum,
2793 1375 2903 1441 ubi
2930 1375 3060 1439 vita
3088 1376 3322 1441 futurae
3349 1376 3479 1440 avis
3514 1399 3985 1464 pennarumque

2302 1493 2482 1565 grata
2525 1479 2788 1543 varietas
2835 1478 3286 1544 continentur.”
3347 1478 3531 1543 Philo
3573 1480 3727 1545 Jud.
3777 1481 3980 1568 Legg.

2308 1581 2617 1669 Allegorr.
2647 1586 2706 1647 I.
2728 1607 2791 1671 p.
2815 1586 2916 1664 64.
2945 1585 3169 1670 Mang.
3199 1584 3291 1671 (p.
3321 1584 3460 1666 178.
3486 1583 3754 1669 Pseiff.):
3784 1587 3983 1667 ὥσπερ

2305 1688 2420 1768 γὰρ
2451 1689 2517 1751 ἐν
2543 1691 2624 1773 τῷ
2656 1691 2805 1773 κηρῷ
2836 1685 3074 1766 δυνάμει
3101 1686 3212 1766 μέν
3242 1690 3358 1750 εἶσι
3396 1691 3583 1751 πᾶσαι
3626 1689 3689 1751 αἱ
3722 1694 3982 1771 σφραγῖ-

2305 1794 2420 1869 δες,
2451 1791 2794 1874 ἐντελεχείᾳ
2822 1791 2885 1854 δὲ
2912 1791 3062 1870 μόνη
3088 1791 3127 1868 ἡ
3165 1788 3555 1870 τετυπωμένη,
3587 1792 3735 1854 οὕτω
3780 1793 3875 1855 καὶ
3919 1793 3986 1855 ἐν

2304 1896 2374 1972 τῇ
2401 1897 2571 1976 ψυχῇ
2605 1898 2892 1974 κηροειδεῖ
2911 1894 3259 1975 ὑπαρχούσῃ
3285 1892 3502 1960 πάντες
3529 1896 3587 1957 οἱ
3622 1895 3791 1958 τύποι
3820 1920 3981 1977 περι-

2304 1995 2544 2078 έχονται
2574 1995 2830 2073 δυνάμει,
2852 1994 3288 2074 ἀποτελέσματι
3310 1996 3376 2059 δὲ
3405 2001 3608 2077 κρατεῖ
3630 1997 3662 2059 6
3695 1997 3778 2065 εἷς
3802 2023 3987 2080 χαρα-

2300 2098 2466 2180 χθεὶς
2495 2099 2562 2161 ἐν
2590 2099 2762 2184 αὐτῷ,
2796 2098 2903 2165 ἕως
2928 2098 3007 2177 μὴ
3036 2099 3432 2180 ἆπαλείφεται
3456 2098 3804 2186 (Mangey:
3843 2109 3885 2140 “
3905 2102 3986 2183 μὴ

2301 2198 2550 2264 videtur
2592 2199 2964 2278 redundare,
2999 2214 3111 2264 aut
3149 2200 3356 2264 forsan
3397 2199 3729 2288 legendum
3775 2203 3845 2267 οὗ
3887 2203 3982 2267 vel

2304 2300 2436 2367 ἅν.”
2512 2300 2618 2367 Nil
2650 2303 3037 2381 tentandum,
3069 2318 3152 2380 et,
3183 2302 3233 2366 si
3264 2305 3372 2371 ἕως
3409 2303 3483 2368 ἂν
3512 2303 3843 2390 εοτίρεετίε,
3873 2305 3982 2370 de-

2302 2404 2494 2470 bebas
2521 2404 2705 2470 etiam
2739 2408 3166 2490 ἆπαλείφηται)
3199 2405 3298 2489 ὑφ’
3333 2405 3533 2489 ἑτέρου
3562 2407 3984 2491 ἐνεργέστερον

2306 2507 2497 2592 (Cod.
2524 2510 2626 2574 M.
2657 2508 3116 2593 ἐναργέστερον)
3148 2509 3243 2574 καὶ
3286 2508 3540 2589 ἐκδήλως
3578 2515 3817 2589 μᾶλλον
3857 2514 3982 2576 ἐπι-

2301 2612 2668 2697 χαράξαντος
2720 2612 2893 2695 (fort.
2945 2611 3493 2698 ἐπιχαραχθέντος).
3569 2614 3673 2677 De
3725 2614 3983 2690 Anima,

2301 2730 2599 2802 tanquam
2643 2716 2988 2800 ἐντελεχείᾳ
3028 2714 3369 2779 secundum
3404 2714 3817 2796 Aristotelem,
3855 2717 3980 2784 vid.

2300 2818 2462 2882 infra
2492 2819 2611 2882 IV.
2645 2837 2704 2883 2.
2734 2817 2864 2881 init.
2896 2841 2957 2905 p.
2989 2820 3135 2902 361.
3169 2820 3252 2882 A.

2385 2943 2451 3008 p.
2479 2941 2558 3008 31
2579 2941 2632 3001 1,
2669 2941 2721 2984 1.
2779 2921 3335 3009 οὖ-ἐξείργεσ-θαι]
3394 2922 3592 2987 Haud
3650 2922 3842 2988 dubie
3896 2923 3985 2989 le-

2299 3023 2576 3111 gendum
2623 3046 2765 3087 cum
2815 3023 3035 3088 Ficino
3080 3028 3159 3110 τῷ
3219 3025 3289 3089 οὗ
3337 3026 3535 3111 χρόνῳ
3585 3027 3984 3110 ἐξείργασθαι.

2302 3125 2565 3214 Alioqui
2619 3125 2888 3191 debebat
2946 3125 3128 3191 scribi
3183 3131 3263 3213 τῷ
3328 3126 3557 3210 (deleto
3611 3131 3703 3212 οὐ)
3765 3132 3987 3214 χρόνον

2304 3231 2705 3313 ἐξείργεσθαιε
2755 3252 2830 3293 eo
2871 3253 2999 3317 quo
3044 3245 3319 3318 tempore
3359 3229 3714 3296 excluditur
3742 3232 3783 3298 i.
3816 3256 3871 3298 e.
3911 3257 3987 3298 eo

2300 3333 2473 3421 quod
2503 3347 2751 3422 tempus
2781 3334 2902 3397 vim
2933 3332 2998 3397 in
3025 3333 3183 3398 illud
3210 3356 3332 3397 non
3362 3333 3570 3400 habet.

2383 3474 2473 3486 —
2503 3452 2559 3522 7.
2597 3444 2714 3502 Δεῖ
2737 3436 3333 3521 τοίνυν-λέγεσθαι]
3372 3436 3626 3501 Ficinus
3652 3437 3870 3525 legisse
3891 3438 3983 3502 vi-

2301 3539 2520 3605 detur:
2571 3545 2664 3604 δεῖ
2686 3542 2886 3604 τοίνυν
2912 3539 2945 3604 δ
2973 3538 3213 3619 δυνάμει
3239 3541 3302 3603 τί
3324 3536 3606 3618 (ἲν-μεθ’
3639 3540 3780 3605 αὐτὸ
3810 3543 3984 3606 δύνα·

2299 3669 2397 3707 ται
2410 3680 2495 3692 —
2506 3646 2657 3723 μετὰ
2710 3641 2778 3706 τὸ
2838 3645 3027 3706 ἐκεῖνο
3084 3647 3361 3705 ποιεΐν-
3378 3640 3616 3721 δυνάμει
3671 3641 3981 3725 λέγεσθαι.

2305 3743 2658 3833 Simplicius
2706 3744 2767 3809 in
2815 3742 3170 3809 Aristotelis
3213 3742 3480 3831 Physica
3524 3767 3587 3832 p.
3627 3765 3731 3829 90.
3767 3744 3834 3809 b.
3877 3744 3976 3815 ed.

2301 3847 2454 3912 Ald.
2489 3847 2705 3912 Venet.
2736 3861 3144 3935 posteaquam
3168 3846 3303 3911 haec
3343 3860 3408 3910 et
3434 3846 3844 3935 praecedentia
3871 3870 3980 3912 ex-

2300 3950 2612 4029 hibuerat,
2641 3949 2730 4014 ita
2767 3948 3004 4037 pergit:
3053 3951 3086 4013 6
3131 3952 3196 4013 δὲ
3238 3954 3419 4014 ταῦτα
3465 3951 3644 4015 εἰπὼν
3684 3951 3781 4015 ἐπὶ
3821 3950 3984 4016 τέλει

2300 4060 2405 4119 τοῦ
2427 4056 2678 4135 βιβλίου
2706 4054 2813 4134 τὴν
2839 4057 2989 4134 ὕλην
3019 4052 3258 4133 δυνάμει
3281 4054 3468 4132 μόνον
3498 4052 3656 4117 εἶναί
3679 4062 3848 4135 φησι,
3877 4081 3984 4135 μη-

2301 4159 2402 4221 δὲν
2419 4158 2608 4221 οὖσαν
2629 4158 2898 4242 ἐνεργείᾳ
2926 4162 3043 4221 τῶν
3070 4157 3277 4220 ὄντων.
3308 4154 3532 4235 μήποτε
3561 4158 3625 4221 δὲ
3654 4156 3723 4220 τὸ
3751 4163 3984 4239 πρῶτον

2300 4258 2372 4324 ὂν
2401 4260 2551 4327 εἶδος
2582 4259 2732 4324 εἶναι
2757 4261 3126 4340 βουλόμενος
3151 4258 3325 4341 μέχρι
3353 4264 3470 4322 τῶν
3500 4261 3669 4323 εἰδῶν
3695 4260 3986 4340 βούλεται

2299 4362 2552 4445 φθάνειν
2573 4361 2642 4426 τὸ
2672 4364 2761 4426 ὅν.
2794 4361 2881 4427 διὸ
2911 4362 3019 4441 τὴν
3045 4363 3196 4441 ὕλην
3215 4366 3333 4424 τῶν
3355 4363 3523 4425 εἱδῶν
3548 4363 3984 4427 ἐκπεπτωκυῖαν

2301 4469 2606 4549 ἐκριφῆναι
2632 4467 2728 4530 καὶ
2753 4469 2859 4529 τοῦ
2886 4466 3074 4532 ὄντος
3121 4464 3215 4528 καὶ
3242 4467 3338 4529 διὰ
3364 4469 3536 4528 τοῦτο
3573 4464 3653 4544 μὴ
3695 4462 3767 4529 ὂν
3795 4465 3983 4530 οὖσαν

2301 4568 2541 4648 δυνάμει
2581 4569 2767 4647 μόνον
2797 4566 2948 4632 εἶναι
2987 4569 3023 4631 ὅ
3063 4568 3210 4642 ἐστι,
3259 4569 3444 4632 καίτοι
3489 4567 3585 4631 καὶ
3632 4567 3700 4631 τὸ
3745 4567 3985 4648 δυνάμει

2300 4671 2395 4735 καὶ
2424 4669 2490 4734 τὸ
2521 4671 2669 4734 οὕτω
2695 4670 2776 4751 μὴ
2804 4668 2875 4734 ὂν
2904 4672 3064 4735 οὔπω
3090 4668 3308 4737 τελέως
3335 4673 3440 4733 τοῦ
3475 4671 3647 4737 ὄντος
3680 4669 3979 4735 ἐκπέπτω-

2302 4799 2419 4838 κεν.
2466 4775 2620 4841 ὅλως
2662 4775 2729 4837 δὲ
2773 4776 2826 4838 εἰ
2865 4775 2976 4852 μὲν
3004 4775 3153 4838 οὕτω
3189 4771 3428 4852 δυνάμει
3464 4773 3541 4839 ὥς
3574 4771 3983 4853 μεταβάλλειν

2301 4880 2384 4944 εἰς
2410 4875 2477 4940 τὸ
2509 4876 2796 4961 ἐνεργείᾳ,
2829 4877 2904 4943 ὣς
2930 4876 2998 4940 τὸ
3025 4878 3177 4958 ὕδωρ
3211 4877 3293 4943 εἰς
3331 4877 3542 4957 ἄστρα,
3575 4876 3877 4957 φθείροιτο
3907 4874 3984 4939 ἂν

2297 4980 2334 5061 ἦ
2383 4982 2516 5059 ὕλη·
2571 4981 2718 5061 ὅπερ
2767 4978 2837 5042 οὗ
2879 4979 3183 5058 βούλεται.
3275 4980 3588 5043 Caeterum
3635 4976 3852 5042 iisdem
3901 5001 3981 5042 ex

2298 5096 2474 5171 parte
2502 5079 2804 5170 exemplis
2830 5080 3030 5145 utitur
3051 5078 3443 5157 AristoteleS,
3465 5091 3539 5144 ut
3567 5080 3728 5159 aeriS‚
3760 5092 3982 5145 statuoe

2297 5200 2394 5250 cet
2420 5183 2464 5249 l.
2493 5184 2537 5248 l.
2574 5183 2934 5273 Metaphys.
2966 5183 3168 5248 VIII.
3201 5200 3260 5267 7.
3297 5206 3356 5271 p.
3387 5203 3527 5268 149.
3561 5182 3735 5271 Sylb.

2383 5311 2443 5376 p.
2474 5307 2626 5374 313,
2655 5307 2717 5374 3.
2763 5289 2795 5351 6
2844 5286 3067 5366 ἀμαθὴς
3115 5286 3479 5376 ἐπιστήμων]
3534 5284 3815 5350 Pertinet
3854 5283 3981 5349 huc

2296 5389 2516 5455 divisio
2569 5388 2860 5468 Platonis,
2911 5387 3020 5476 qui
3074 5402 3346 5476 quatuor
3402 5388 3632 5476 species
3688 5386 3984 5468 δυνάμεως

2295 5492 2625 5580 distinguit
2667 5515 2768 5581 ap.
2809 5491 3004 5577 Diog.
3050 5492 3267 5557 Laert.
3297 5492 3438 5556 111.
3467 5507 3571 5573 71.
3604 5489 3687 5554 cf.
3728 5489 3983 5578 insuper

2297 5594 2622 5663 Aristotel.
2654 5594 2943 5684 Metaph.
2975 5594 3176 5659 VIII.
3209 5595 3271 5673 6,
3304 5609 3366 5677 7,
3399 5595 3459 5658 8.
3486 5608 3677 5680 atque
3704 5608 3985 5661 extremo
