5118 6613
1111 599 1236 660 1¹4

1111 752 1284 830 cubi,
1314 767 1373 816 et
1406 750 1610 838 primo
1638 750 1783 815 adv.
1812 749 2156 837 Physicos;
2205 750 2394 816 debet
2423 764 2634 814 autem
2666 748 2815 813 addi

1109 854 1473 928 necessarie,
1500 868 1719 941 utpote
1742 853 1997 941 propria
2016 852 2285 941 corpori,
2312 873 2375 919 2.
2396 867 2595 917 contr.
2618 853 2815 941 Phys.

1114 961 1280 1024 Sect.
1322 976 1420 1021 12.
1467 955 1762 1043 quoniam
1809 955 1996 1020 etiam
2041 955 2105 1020 in
2155 958 2358 1044 spatio
2400 956 2568 1020 inani
2611 967 2819 1044 potest

1112 1059 1467 1149 longitudo,
1498 1058 1769 1123 latitudo
1797 1073 1861 1123 et
1893 1055 2289 1146 profunditas
2329 1058 2615 1145 intelligi,
2645 1058 2822 1145 quod

1113 1181 1318 1230 tamen
1368 1185 1597 1250 corpus
1644 1185 1766 1226 non
1816 1177 1930 1240 est,
1980 1161 2275 1249 quoniam
2332 1164 2643 1248 ἀντιτυπία
2692 1162 2822 1227 sive

1113 1267 1429 1332 soliditate
1459 1280 1651 1344 caret,
1681 1281 1873 1352 atque
1902 1265 1957 1329 ei
1983 1265 2249 1330 vicissim
2285 1266 2424 1345 εἶξις
2451 1281 2544 1330 est
2575 1289 2689 1353 per
2717 1288 2826 1330 na-

1113 1386 1317 1436 turam
1364 1368 1686 1457 adjuncta,
1735 1383 1808 1433 ut
1852 1380 2030 1433 notat
2077 1370 2307 1434 Noster
2351 1368 2460 1433 lib.
2509 1388 2569 1431 2.
2614 1383 2814 1433 contr.

1116 1473 1402 1561 Physicc.
1452 1474 1618 1536 Sect.
1669 1489 1815 1537 222.
1884 1473 2006 1536 Est
2050 1495 2200 1537 vero
2250 1473 2593 1550 ἇντίτυπον,
2639 1472 2814 1559 quod

1114 1589 1287 1641 tactu
1335 1575 1909 1663 quomodocunque
1960 1575 2189 1640 resistit
2240 1591 2303 1639 et
2355 1576 2529 1663 tangi
2586 1589 2813 1662 potest,

1117 1679 1315 1744 κοινὸν
1343 1678 1521 1761 γένος
1548 1684 1667 1743 τῶν
1696 1681 1917 1752 ἅπτῶν,
1949 1691 2022 1741 ut
2051 1700 2129 1742 ex
2164 1678 2518 1766 Philopono
2547 1678 2628 1743 ad
2660 1678 2811 1743 Ari-

1115 1781 1351 1847 stotelis
1372 1781 1721 1846 secundum
1753 1781 1833 1845 de
1864 1780 2094 1846 Anima
2138 1781 2365 1846 Suidas
2402 1781 2467 1845 in
2509 1784 2818 1861 ἆντιτυπῆ-

1116 1912 1236 1951 σαι.
1285 1885 1392 1951 Cf.
1424 1885 1537 1950 inf.
1580 1886 1747 1949 Sect.
1784 1902 1889 1970 45.
1937 1899 2002 1949 et
2039 1885 2180 1948 adv.
2231 1886 2602 1949 Geometras
2651 1886 2814 1948 Sect.

1113 1992 1222 2074 56.
1256 1989 1389 2076 sq.''
1478 1986 1589 2053 Ad
1621 1987 1944 2074 sequentia
1981 1987 2235 2052 consule
2278 1987 2579 2076 Simplicii
2608 1987 2814 2051 locum

1112 2092 1175 2154 in
1208 2089 1525 2155 Aristotel.
1559 2092 1884 2177 Categorr.
1921 2114 1983 2178 p.
2022 2109 2124 2155 20.
2158 2089 2221 2155 b.
2256 2113 2445 2177 quem
2479 2113 2668 2178 supra
2701 2113 2813 2178 ap·

1116 2194 1297 2282 posui
1325 2192 1405 2258 ad
1436 2196 1927 2282 Inscriptionem
1957 2175 2151 2280 huj'us
2177 2194 2421 2281 capitis,

1198 2321 1260 2386 p.
1284 2316 1437 2383 327,
1465 2317 1563 2361 10.
1599 2298 1716 2361 Καὶ
1744 2298 2196 2379 τρίγωνον-οὗ
2217 2297 2423 2385 ποιόν]
2448 2294 2820 2361 Aristoteles

1115 2403 1443 2488 Categorr.
1473 2425 1529 2464 c.
1561 2402 1624 2463 6.
1655 2422 1720 2487 p.
1752 2419 1860 2484 43.
1895 2398 2101 2487 Sylb.:
2151 2400 2219 2462 τὸ
2249 2401 2362 2480 μὲν
2383 2403 2500 2483 γὰρ
2527 2399 2820 2482 τρίγωνον

1112 2502 1148 2585 ἢ
1177 2504 1559 2587 τετράγωνον
1589 2502 1741 2567 εἶναι
1770 2505 1944 2567 ποιόν
1974 2528 2031 2566 τι
2068 2501 2314 2585 λέγεται
2361 2503 2457 2566 καὶ
2495 2501 2563 2565 τὸ
2612 2502 2751 2565 εὐθὺ
2785 2498 2822 2582 ἢ

1112 2607 1181 2672 τὸ
1245 2610 1580 2689 καμπύλον·
1653 2608 1751 2670 καὶ
1802 2609 1951 2670 κατὰ
2001 2607 2109 2684 τὴν
2154 2606 2394 2688 μορφὴν
2442 2607 2508 2668 δὲ
2568 2605 2824 2669 ἕκαστον

1113 2709 1288 2775 ποιὸν
1313 2711 1423 2795 [τι]
1448 2709 1716 2792 λέγεται.
1759 2706 1859 2771 Ad
1883 2731 2072 2794 quem
2099 2706 2306 2771 locum
2328 2706 2406 2771 cf.
2434 2705 2821 2793 Simplicium

1114 2813 1228 2878 fol.
1259 2815 1363 2893 64.
1399 2836 1492 2898 sq.
1542 2828 1606 2877 et
1653 2810 2070 2875 Ammonium
2117 2833 2180 2896 p.
2226 2830 2368 2889 114.
2437 2807 2824 2895 Obloquitur

1114 2916 1313 3004 igitur
1343 2916 1575 2979 Noster
1611 2912 1935 2978 Aristoteli
1964 2911 2451 3000 quodammodo,
2524 2910 2823 2975 Proxime

1117 3016 1493 3083 vocabulum
1511 3018 1868 3100 τριγωνότης
1886 3014 2141 3079 accedat
2162 3013 2431 3079 Lexicis.
2484 3013 2824 3101 Sequentia

1117 3125 1224 3189 τὰς
1253 3119 1829 3204 τέχνας-διάθεσιν
1858 3140 1982 3181 non
2016 3117 2223 3182 minus
2252 3118 2332 3182 ad
2373 3117 2580 3182 locum
2614 3116 2818 3204 Stagi-

1117 3223 1256 3289 ritae
1299 3222 1633 3312 pertinent.
1706 3220 1811 3285 Cf.
1844 3243 2038 3308 supra
2065 3220 2299 3285 monita
2338 3220 2418 3284 ad
2453 3219 2818 3308 Inscriptio-

1113 3352 1255 3395 nem
1286 3327 1480 3413 hujus
1508 3324 1671 3389 libri.

1204 3471 1290 3481 —
1316 3432 1415 3495 18.
1448 3428 1518 3493 τὸ
1549 3430 1656 3493 οὖν
1682 3426 2060 3493 λευκὸν-οὖ
2087 3427 2401 3515 ποιότητα]
2438 3428 2679 3491 Iterum
2712 3425 2819 3490 ob-

1118 3534 1402 3622 loquitur
1428 3529 1779 3608 Aristoteli,
1812 3529 1924 3617 qui
1962 3528 2007 3594 l.
2039 3531 2078 3593 l.
2123 3553 2185 3617 p.
2217 3549 2296 3609 41
2316 3576 2329 3592 .
2361 3552 2454 3616 sq.
2504 3528 2625 3593 ita:
2676 3530 2818 3610 Τρί-

1119 3663 1225 3701 τον
1275 3640 1341 3702 δὲ
1387 3635 1565 3719 γένος
1612 3636 1940 3715 ποιότητος,
1994 3633 2310 3712 παθητικαὶ
2359 3633 2668 3712 ποιότητες
2726 3632 2821 3695 καὶ

1118 3740 1296 3820 πάθη.
1332 3740 1462 3804 ἔστι
1492 3741 1557 3802 δὲ
1586 3736 2015 3801 τοιαῦτα-καὶ
2043 3737 2326 3814 λευκότης
2355 3736 2451 3800 καὶ
2476 3737 2823 3815 μελανία-

1125 3845 1222 3907 καὶ
1272 3842 1342 3906 τὸ
1389 3848 1562 3921 σῶμα
1609 3840 1828 3904 λευκὸν
1879 3838 2172 3921 (λέγεταὴ
2223 3843 2304 3925 τῷ
2356 3840 2682 3918 λευκότητα
2731 3843 2824 3902 δε-

1127 3943 1742 4027 δέχθαι.-Λευκότης
1787 3942 1851 4004 δὲ
1912 3966 2007 4004 και
2060 3941 2320 4020 μελανία
2371 3940 2466 4003 καὶ
2517 3941 2581 4003 αἱ
2638 3941 2823 4004 ἄλλαι

1124 4045 1329 4127 χροιαὶ
1357 4045 1427 4109 οὗ
1457 4043 1564 4108 τὸν
1595 4041 1775 4106 αὐτὸν
1805 4044 2027 4123 τρόπον
2055 4049 2179 4110 τοῖς
2218 4042 2542 4125 εἰρημένοις
2575 4048 2816 4123 παθητι-

1123 4148 1221 4211 ml
1247 4147 1554 4226 ποιότητες
1582 4144 1887 4227 λέγονται,
1922 4146 2084 4208 ἀλλὰ
2111 4148 2190 4229 τῷ
2231 4145 2410 4211 αὐτὰς
2446 4145 2564 4209 ἀπὸ
2599 4145 2822 4213 πάθους

1120 4247 1459 4331 γεγονέναι.
1549 4245 1661 4311 Ad
1705 4270 1850 4333 quae
1888 4246 2103 4310 confer
2147 4246 2533 4334 Simplicium
2566 4247 2672 4311 fol.
2707 4249 2814 4313 66.

1123 4353 1439 4414 Caeterum
1490 4348 1795 4437 Syrianus
1836 4348 1899 4412 in
1932 4348 2256 4414 Aristotel.
2306 4350 2673 4438 Metaphys.
2701 4349 2811 4415 fol.

1122 4456 1225 4537 65.
1274 4475 1330 4516 a.
1380 4451 1476 4515 ed.
1525 4452 1629 4516 lat.
1677 4451 1898 4515 Venet.
1949 4452 2164 4537 1558.:
2226 4454 2494 4517 “Notat
2545 4476 2815 4541 namque

1126 4555 1413 4620 Plotinus
1456 4578 1581 4619 non
1624 4579 1755 4619 esse
1792 4553 2146 4643 ponendam
2188 4553 2390 4619 ideam
2419 4553 2723 4619 albedinis
2751 4555 2812 4618 in

1121 4656 1461 4722 intellectu.
1552 4659 1698 4722 Non
1731 4681 1906 4745 ergo,
1938 4658 2120 4744 cujus
2162 4672 2255 4722 est
2292 4682 2455 4723 unus
2496 4658 2563 4723 in
2609 4656 2823 4723 multis

1122 4776 1481 4846 conceptuS,
1514 4759 1705 4847 hujus
1749 4760 1889 4824 idea
1926 4761 2080 4825 est.”
2165 4760 2349 4825 Alios
2384 4761 2665 4848 ejusdem
2701 4763 2820 4848 Sy-

1123 4861 1280 4925 riani
1324 4862 1516 4949 hujus
1558 4863 1804 4950 generis
1838 4862 2008 4927 locos
2048 4863 2489 4928 adhibebimus
2534 4864 2699 4928 infra
2740 4862 2822 4928 ad

1124 4967 1295 5029 Enn.
1331 4965 1406 5028 V.
1440 4964 1548 5030 lib.
1581 4987 1644 5050 9.
1675 4990 1736 5054 p.
1770 4982 1916 5052 559.
1951 4989 2090 5054 sqq.
2158 5042 2165 5047 ⁶

1770 5138 1962 5203 LIB.
2014 5138 2173 5202 VII.

1213 5276 1289 5338 Ρ.
1316 5292 1555 5361 333,7.
1590 5280 1782 5338 ΠΕΡΙ
1811 5280 1981 5339 ΤΗΣ
2016 5274 2120 5339 Δι’
2143 5278 2379 5339 οΛΩΝ
2413 5276 2819 5356 ΚΡΑΣΕΩΣ]

1127 5377 1323 5441 Liber
1349 5376 1698 5441 tricesimus
1728 5377 2028 5465 septimus
2046 5376 2390 5465 (Porphyr.
2420 5376 2500 5441 de
2527 5375 2657 5440 vit.
2679 5375 2823 5441 Plo-

1125 5479 1236 5543 tin.
1260 5502 1314 5542 c.
1339 5500 1442 5560 24.
1466 5503 1530 5568 p.
1561 5499 1702 5561 142.
1730 5479 2040 5565 Febrim),
2070 5480 2174 5544 sed
2206 5495 2371 5544 recte
2399 5503 2434 5544 a
2468 5478 2825 5567 Porphyrio

1120 5580 1237 5645 hoc
1265 5579 1403 5646 loco
1430 5583 1691 5669 posituS,
1726 5599 1945 5671 utpote
1974 5595 2351 5670 argumento
2371 5582 2450 5647 ad
2476 5581 2825 5669 superiores

2083 576 2918 643 ANNOTATIONES
2989 575 3099 640 IN
3168 572 3613 640 PLOTINI

2898 748 3180 837 proxime
3223 747 3539 812 accedens.
3629 748 3978 813 Minionis
4013 760 4223 812 autem
4262 760 4325 812 et
4363 757 4588 837 tempe·

2899 853 3171 917 rationi-5
3221 850 3504 916 doctrina
3549 865 3791 915 mature
3840 864 4106 916 tractata
4152 866 4247 916 est
4293 853 4356 916 in
4413 852 4596 917 Grae-

2902 977 3117 1019 corum
3178 953 3402 1018 scholis
3454 953 3994 1042 philosophorum,
4045 969 4116 1019 ut
4162 954 4275 1042 qui
4329 954 4600 1041 philoso-

2906 1056 3145 1144 phandi
3181 1057 3427 1121 initium
3471 1080 3512 1122 a
3553 1055 3896 1144 quaa-stione
3937 1056 4018 1121 de
4061 1072 4206 1122 ortu
4247 1073 4310 1123 et
4339 1058 4598 1126 interitu

2908 1184 3116 1226 rerum
3147 1175 3461 1248 caperent,
3492 1183 3762 1248 quacum
3795 1159 3901 1224 illa
3939 1160 4135 1225 altera
4172 1160 4604 1248 conjunctissi-

2911 1289 3013 1330 ma
3041 1281 3151 1330 est.
3215 1268 3617 1352 Quapropter
3645 1264 3793 1329 inde
3821 1289 3860 1328 a
3892 1264 4164 1330 Thalete
4195 1288 4395 1353 usque
4423 1268 4605 1330 Mtt-

2912 1372 3141 1434 tz'onem
3169 1370 3830 1456 Temperationemque
3851 1368 4129 1434 certatim
4150 1369 4605 1457 investigarunt

2901 1470 3286 1557 philosophi,
3337 1493 3609 1557 quorum
3662 1470 3914 1536 decreta
3972 1471 4374 1559 reperiuntur
4431 1472 4600 1560 apud

2906 1573 3350 1654 Plutarchum,
3378 1573 3490 1660 qui
3518 1573 3743 1651 fertur,
3774 1573 3855 1638 de
3887 1574 4096 1640 Placc.
4130 1575 4398 1640 Philoss.
4428 1577 4487 1640 Ι.
4509 1596 4602 1658 17.

2899 1701 2963 1765 p.
2994 1696 3145 1763 554.
3179 1678 3517 1764 Wyttenb.
3550 1691 3613 1740 et
3642 1675 3704 1740 in
3748 1677 3981 1742 Stobaei
4012 1676 4271 1766 Eclogis
4305 1680 4366 1743 Ι.
4405 1680 4502 1743 18.
4540 1703 4602 1766 p.

2901 1780 3050 1866 368.
3073 1804 3209 1867 sqq.
3240 1781 3434 1843 Heer.
3468 1780 3572 1845 Cf.
3604 1779 3787 1844 etiam
3820 1780 4247 1868 Empedoclea
4272 1806 4434 1847 νει-ε.
4461 1803 4599 1870 130.

2909 1902 3052 1967 133.
3082 1896 3143 1946 et
3179 1884 3388 1947 Sturz.
3422 1906 3482 1969 p.
3514 1897 3665 1968 575.
3703 1899 3768 1946 et
3807 1882 4223 1948 Parmenidea
4268 1885 4359 1968 (in
4408 1888 4605 1951 Bran-

2902 1985 3041 2064 disii
3067 1987 3450 2049 Commentt.
3478 1983 3806 2069 Eleaticis)
3829 2008 3893 2072 p.
3923 2004 4060 2070 129.
4118 1985 4373 2052 Plotino
4396 2005 4601 2054 tamen

2902 2088 3067 2154 hanc
3112 2111 3243 2153 rem
3284 2088 3634 2176 attingendi
3676 2111 3886 2152 ansam
3935 2090 4277 2176 praebuisse
4313 2090 4607 2156 videntur

2903 2190 3295 2281 potissimum
3325 2205 3388 2256 et
3420 2192 3605 2256 Plato
3633 2190 3697 2255 in
3733 2190 3982 2256 Timaeo
4011 2215 4076 2278 p.
4108 2194 4216 2277 56.
4245 2216 4307 2281 p.
4332 2214 4436 2277 71.
4463 2217 4601 2282 sqq.

2906 2293 3108 2360 Bekk.
3140 2309 3204 2360 et
3231 2293 3603 2359 Aristoteles
3644 2309 3705 2359 et
3740 2295 3953 2373 Stoici,
3982 2311 4043 2360 et
4077 2319 4224 2359 vero
4253 2319 4367 2360 nec
4399 2297 4607 2363 minus

2911 2398 3198 2485 Sceptici.
3261 2400 3364 2462 Ac
3395 2397 3667 2485 primum
3701 2397 4073 2462 Aristoteles
4101 2397 4165 2462 in
4192 2399 4453 2487 Topicis
4485 2402 4603 2465 IV.

2913 2520 2970 2566 2.
3005 2524 3071 2589 p.
3102 2520 3252 2586 323.
3289 2500 3466 2588 Sylb.
3496 2500 3583 2565 ita
3603 2502 3816 2576 ε-ἔτι,
3852 2505 3905 2566 εἰ
3932 2502 4000 2565 τὸ
4031 2502 4208 2584 γένος
4249 2507 4332 2571 εἷς
4358 2504 4428 2567 τὸ
4456 2504 4608 2572 εἶδος

2911 2606 3141 2684 ἔθηκεν
3191 2605 3322 2669 οἷον
3372 2604 3479 2683 τὴν
3532 2606 3819 2687 σύναψιν,
3876 2606 4022 2686 ὅπερ
4073 2604 4360 2688 συνοχήν·
4413 2604 4450 2685 ἢ
4501 2608 4609 2686 τὴν

2908 2709 3090 2787 μίξιν,
3134 2707 3284 2789 ὅπερ
3322 2712 3551 2788 κρᾶσιν·
3597 2705 3634 2786 ἢ
3676 2708 3751 2774 ὣς
3795 2707 4059 2771 Πλάτων
4095 2709 4345 2790 ὁρίζεται
4388 2712 4604 2792 φορὰν,

2908 2811 3017 2891 τὴν
3049 2813 3198 2874 κατὰ
3225 2812 3412 2874 τόπον
3443 2811 3691 2890 κίνησιν·
3724 2810 3792 2873 οὗ
3816 2813 3931 2892 γὰρ
3955 2812 4281 2892 ἀναγκαῖον
4302 2810 4412 2889 τὴν
4429 2813 4609 2875 ouva-

2907 2921 3023 2997 ψιν
3075 2914 3344 2996 συνοχὴν
3395 2912 3567 2977 εἶναι·
3616 2912 3753 2976 ἀλλ’
3809 2913 4110 2978 ἀνάπαλιν
4160 2914 4268 2992 τὴν
4314 2915 4604 2999 συνοχὴν,

2909 3018 3196 3099 σύναψιν·
3241 3018 3310 3080 οὗ
3340 3020 3457 3099 γὰρ
3486 3021 3607 3080 πᾶν
3629 3016 3696 3080 τὸ
3725 3018 4061 3095 ἁπτόμενον
4083 3017 4422 3100 συνέχεται,
4446 3020 4608 3083 ἀλλὰ

2906 3119 2975 3183 τὸ
3008 3121 3418 3202 συνεχόμενον
3448 3119 3714 3184 ἅπτεται.
3762 3121 3977 3199 ὁμοίως
4006 3121 4071 3183 δὲ
4101 3120 4196 3182 καὶ
4227 3121 4325 3184 επὶ
4351 3125 4472 3183 τῶν
4501 3122 4609 3184 ἄλ-

2906 3228 3053 3285 λων·
3099 3223 3236 3286 οὔτε
3287 3223 3404 3304 γὰρ
3443 3222 3480 3301 ἦ
3522 3223 3674 3301 μίξις
3717 3221 3942 3296 ἅπασα,
3987 3226 4211 3304 κρᾶσις.
4256 3223 4295 3302 ἡ
4338 3225 4454 3305 γὰρ
4490 3229 4609 3286 τῶν

2907 3331 3098 3408 ξηρῶν
3128 3326 3285 3406 μίξις
3315 3326 3421 3389 οὐκ
3451 3324 3581 3389 ἔστι
3611 3330 3834 3407 κρᾶσις.
3879 3324 3998 3389 οὐδ’
4029 3327 4066 3405 ἡ
4102 3328 4250 3389 κατὰ
4286 3328 4475 3390 τόπον
4499 3353 4602 3406 με-

2906 3428 3142 3508 ταβολὴ
3162 3432 3332 3492 πᾶσα
3353 3427 3534 3510 φορά.
3593 3426 3905 3492 Classicus
3924 3451 4071 3491 vero
4097 3428 4413 3516 Stagiritae
4432 3427 4607 3493 locus

2906 3541 2999 3593 est
3028 3529 3109 3594 de
3140 3530 3562 3594 Generatione
3591 3545 3654 3594 et
3686 3532 3982 3617 Corrupt.
4019 3531 4076 3595 1.
4113 3551 4209 3596 10.
4241 3530 4348 3595 ubi
4379 3533 4475 3618 (p.
4495 3550 4604 3618 32.

2910 3632 3120 3720 Sylb.)
3152 3632 3631 3720 distinguuntur
3663 3633 3827 3697 haec:
3863 3635 4161 3708 σύνθεσις,
4184 3636 4446 3714 αὔξησις,
4467 3639 4604 3717 xp&-

2908 3761 3022 3809 σις,
3064 3737 3236 3816 μίξις,
3280 3734 3737 3822 subjiciturque
3773 3735 3909 3800 haec
3959 3735 4280 3800 mixtionis
4325 3736 4606 3802 definitio

2912 3838 3007 3925 (p.
3037 3858 3075 3923 3
3082 3842 3206 3924 3.):
3250 3840 3287 3919 ἡ
3316 3841 3381 3902 δὲ
3409 3840 3562 3919 μίξις
3588 3845 3706 3902 τῶν
3733 3844 3951 3919 μικτῶν
3980 3839 4437 3904 ἆλλοιωθέντων
4467 3842 4608 3905 ἕνω-

2910 3967 3023 4008 σις.
3117 3942 3340 4029 Hujus
3388 3940 3651 4028 vestigia
3706 3940 3933 4005 deinde
3988 3941 4277 4027 legerunt
4336 3942 4605 4008 maxime

2911 4043 3125 4122 Stoici,
3156 4043 3246 4108 ita
3272 4044 3564 4108 docentes
3597 4046 3700 4128 (ut
3727 4059 3820 4109 est
3849 4043 4020 4132 apud
4055 4045 4379 4109 Stobaeum
4408 4045 4453 4110 l.
4486 4046 4560 4130 l.)
4585 4072 4600 4111 z

2910 4146 3240 4229 Διαφέρειν
3299 4147 3652 4229 παράθεσιν,
3707 4149 3887 4227 μίξιν,
3959 4151 4190 4228 κρᾶσιν,
4265 4151 4598 4233 σύγχυσινε

2907 4254 2952 4288 “
2975 4248 3138 4313 inter
3168 4272 3233 4313 se
3261 4248 3512 4313 differre
3539 4248 4013 4337 appositionem,
4038 4249 4425 4330 mixtionem,
4451 4269 4604 4317 tem·

2907 4350 3288 4437 perationem
3326 4365 3388 4415 et
3418 4352 3906 4416 confusionem.”
3992 4354 4463 4440 Appositionem
4506 4355 4602 4420 di.

2902 4453 3128 4518 cebant
3153 4476 3485 4541 corporum
3511 4454 3592 4519 ad
3615 4454 3969 4542 superficies
3990 4470 4370 4536 contactum,
4389 4481 4606 4545 quern-

2904 4555 3246 4620 admodum
3279 4557 3344 4620 in
3374 4558 3610 4621 acervis
3641 4558 3976 4633 frumenti3
4010 4561 4419 4640 Mixtionem,
4451 4562 4607 4627 duo·-

2908 4680 3050 4722 rum
3080 4657 3177 4721 vel
3223 4657 3499 4746 plurium
3541 4683 3876 4748 corporum
3909 4685 4021 4749 per
4050 4662 4293 4750 integra
4321 4664 4601 4730 diffusio-

2909 4783 3073 4839 nem,
3106 4761 3503 4826 manentibus
3546 4787 3761 4827 eorum
3808 4763 4234 4850 qualitatibus,
4266 4780 4338 4830 ut
4366 4766 4429 4831 in
4459 4768 4604 4855 igne

2908 4878 2972 4928 et
2999 4864 3167 4929 ferro
3203 4864 3545 4944 candente3
3604 4867 4170 4953 Temperationem,
4200 4867 4473 4933 duorum
4505 4866 4601 4935 ⁴vel

2907 4965 3186 5055 plurium
3205 4991 3534 5054 corporum
3559 4984 3844 5033 mutuam
3865 4969 4107 5057 sibique
4124 4972 4602 5058 respondentem

2907 5070 3918 5149 extensionem,manentibusitem
3932 5096 4148 5137 eorum
4160 5073 4597 5160 qualitatibus;

2913 5174 3360 5259 Confic-sionem
3390 5173 3682 5261 denique,
3714 5175 3981 5240 duarum
4016 5174 4111 5240 vel
4142 5176 4419 5263 plurium
4451 5203 4606 5267 qua»

2907 5274 3156 5340 litatum
3200 5299 3635 5363 corporearum
3678 5278 4253 5343 transmutationem
4289 5280 4499 5361 talem,
4534 5300 4606 5349 ut

2909 5400 3140 5442 novum
3173 5377 3317 5442 inde
3343 5379 3999 5466 gignatur‚'diversum
4031 5382 4111 5446 ab
4141 5381 4261 5447 illis
4289 5384 4605 5471 qualitati-

2909 5480 3051 5557 bus,
3098 5495 3168 5544 ut
3212 5480 3277 5545 in
3320 5481 3763 5568 compositione
3806 5499 4275 5570 unguentorum
4320 5502 4384 5551 et
4418 5489 4605 5575 phar-

2910 5605 3249 5648 macorum.
3357 5585 3521 5649 Haec
3578 5598 3670 5649 est
3718 5607 3961 5651 summa
4024 5587 4493 5676 disputatorum
4566 5616 4605 5659 a
