5118 6613
987 498 1115 586 348

987 695 1175 755 πτρον
1203 671 1457 754 ἐνορῷτο
1485 669 1561 732 τὰ
1590 668 1831 732 εἴδωλα.
1875 688 2036 753 quos
2077 664 2245 730 looos
2285 663 2351 728 in
2395 685 2689 751 compen-

989 774 1170 840 dium
1212 769 1456 859 redegit
1504 768 1901 856 Porphyrius
1944 768 2010 833 in
2056 769 2365 833 Sententt.
2413 766 2689 831 XXII:

994 879 1199 961 ὥσπερ
1230 878 1297 942 ἐν
1328 874 1631 959 κατόπτρῳ
1662 872 1730 936 τὸ
1761 872 2038 955 ἀλλαχοῦ
2080 869 2391 953 ἱδρυμένον
2420 869 2698 952 ἀλλαχοῦ

994 981 1469 1065 φανταζόμενον.
1559 974 1745 1040 Plato
1775 973 1987 1038 Alcib.
2023 996 2087 1060 p.
2120 990 2265 1059 132.
2294 971 2400 1035 fin.
2444 994 2507 1059 p.
2539 972 2693 1057 367.

997 1081 1238 1149 Bekk.=
1270 1082 1474 1163 ὥσπερ
1503 1080 1571 1145 ἐν
1602 1079 1927 1164 κατόπτρῳ.
1992 1075 2428 1164 Olympiodor.
2459 1073 2522 1138 in
2549 1095 2694 1138 eum

998 1184 1250 1273 Dialog.
1295 1207 1363 1272 p.
1395 1203 1461 1268 9.
1506 1195 1741 1261 narrat,
1778 1193 1923 1244 ante
1971 1177 2420 1267 AEgyptiorum
2465 1175 2701 1263 templa

996 1287 1201 1378 posita
1228 1285 1417 1351 fuisse
1448 1282 1722 1372 specula,
1745 1281 1974 1369 quibus
2004 1279 2351 1345 sacerdotes
2378 1278 2546 1343 idem
2576 1277 2698 1365 sig-

999 1391 1319 1455 nificatum
1363 1385 1696 1464 voluerint,
1743 1383 1917 1472 quod
1963 1382 2175 1448 Graeci
2218 1381 2531 1469 Delphica
2577 1382 2697 1445 ista

1000 1491 1401 1580 inscriptione
1428 1494 1612 1573 γνῶθι
1641 1489 1918 1553 σεαυτόν.
1998 1486 2099 1551 Cf.
2132 1484 2401 1551 eundem
2446 1507 2510 1571 p.
2547 1500 2695 1568 217.

1004 1621 1100 1685 sq.
1134 1613 1277 1680 223.
1308 1592 1462 1679 ibiq.
1496 1605 1712 1657 annot.
1781 1589 1958 1655 Plato
1985 1588 2065 1654 de
2095 1589 2301 1676 Legg.
2334 1589 2428 1651 X.
2460 1611 2523 1675 p.
2549 1603 2698 1673 905.

1002 1723 1071 1788 p.
1105 1718 1248 1784 219.
1281 1694 1522 1761 Belum
1571 1691 1719 1778 κᾷτα
1760 1695 1837 1761 ὥς
1874 1695 1941 1757 ἐν
1971 1694 2313 1773 κατόπτροις
2356 1691 2548 1755 αὐτῶν
2576 1696 2704 1757 ταῖς

1003 1801 1292 1884 πράξεσιν
1319 1798 1524 1882 ἡγήσω
1556 1795 1989 1878 καθεωρακέναι
2013 1795 2121 1874 τὴν
2147 1793 2388 1859 πάντων
2417 1793 2705 1873 ἀμέλειαν

1005 1910 1176 1970 θεῶν.
1268 1900 1542 1968 Platonis
1579 1899 1750 1964 bunc
1788 1898 1994 1964 locum
2025 1896 2321 1985 Euripidi
2351 1897 2415 1961 in
2447 1896 2701 1983 Hippo-

1006 2008 1142 2096 lyto
1169 2007 1322 2089 428.
1353 2004 1605 2093 egregia
1645 2001 2041 2068 annotatione
2083 1999 2371 2065 adhibuit
2404 1999 2706 2064 Valcken-

1003 2110 1248 2184 aerius;
1295 2132 1410 2173 nec
1453 2107 1659 2171 minus
1700 2104 2024 2171 commode
2053 2103 2396 2170 Plutarcho
2438 2127 2553 2169 suo
2594 2103 2704 2187 (de

1007 2212 1284 2278 Educat.
1315 2233 1594 2299 puerorr.
1621 2233 1683 2298 p.
1711 2230 1807 2291 14.
1834 2211 1956 2294 A.)
1992 2206 2516 2295 Wyttenbacbius
2544 2205 2706 2270 Ani-

1005 2315 1346 2381 madverss.
1391 2337 1456 2401 p.
1496 2333 1641 2400 152.
1732 2311 2056 2377 Lucianus
2096 2310 2177 2375 de
2221 2309 2438 2375 Saltat.
2486 2311 2589 2374 81.
2636 2332 2704 2396 p.

1010 2437 1158 2487 212.
1190 2420 1460 2483 Wetst.:
1508 2422 1747 2497 μᾶλλον
1789 2417 1855 2480 δὲ
1898 2416 2100 2497 ὥσπερ
2146 2417 2214 2479 ἐν
2258 2416 2581 2499 κατόπτρῳ,
2623 2416 2703 2499 τῷ

1010 2525 1275 2607 ὀρχηστῇ
1323 2520 1537 2586 ἑαυτὸν
1563 2519 1787 2600 βλέπῃ,
1821 2518 1916 2582 καὶ
1946 2518 1986 2582 ἃ
2012 2516 2275 2601 πάσχειν
2314 2515 2486 2583 αὐτὸς
2531 2515 2629 2579 καὶ
2667 2515 2708 2578 ἃ

1008 2630 1203 2689 ποιεῖν
1234 2627 1426 2689 εἴωθε.
1473 2622 1776 2709 Sequitur
1804 2621 2037 2686 mentio
2063 2619 2528 2709 epigrammatis
2555 2619 2707 2684 Del-

1009 2726 1199 2814 phici,
1230 2725 1405 2813 quod
1434 2725 1622 2789 modo
1651 2723 2148 2789 memoravimus.
2210 2723 2470 2788 Tertius
2498 2738 2593 2787 est
2620 2721 2709 2787 lo-

1012 2852 1124 2893 cus
1155 2827 1435 2893 Platonis
1464 2828 1525 2892 in
1560 2828 1809 2892 Timaeo
1838 2851 1901 2913 p.
1928 2845 2031 2909 72.
2079 2849 2146 2913 p.
2184 2845 2326 2891 102.
2358 2824 2564 2890 Bekk.
2597 2824 2707 2889 ubi

1011 2931 1093 2996 de
1122 2930 1281 2995 liene
1309 2930 1398 2994 ita
1425 2929 1677 2994 divinus
1705 2929 2149 3018 philosophus:
2195 2931 2231 3010 ἡ
2261 2928 2311 2993 δ’
2344 2931 2418 2994 αὖ
2446 2933 2551 2993 τοῦ
2578 2929 2704 3010 γεί·

1014 3061 1187 3103 τονος
1229 3035 1381 3121 αὐτῷ
1424 3036 1706 3114 ξύστασις
1750 3034 1846 3097 καὶ
1883 3033 2024 3114 ἔδρα
2065 3030 2423 3115 σπλάγχνου
2449 3030 2707 3114 γέγονεν

1016 3141 1079 3218 ἐξ
1110 3139 1422 3219 ἀριστερᾶς
1448 3135 1626 3221 χάριν
1656 3137 1902 3208 ἐκείνου,
1934 3138 2040 3198 τοῦ
2067 3133 2354 3218 παρέχειν
2385 3133 2526 3198 αὐτὸ
2551 3141 2707 3213 λαμ-

1018 3240 1169 3326 πρὸν
1200 3241 1296 3305 καὶ
1337 3238 1618 3323 καθαρὸν,
1649 3238 1778 3302 οἷον
1809 3237 2110 3324 κατόπτρῳ
2148 3235 2712 3320 παρεσκευασμένον

1018 3346 1115 3410 καὶ
1145 3345 1381 3425 ἕτοιμον
1409 3345 1502 3408 ἀεὶ
1530 3343 1962 3424 παρακείμενον
1992 3343 2307 3423 ἐκμαγεῖον
2335 3368 2386 3406 κ.
2408 3365 2461 3405 τ.
2483 3347 2542 3403 λ.
2589 3338 2629 3401 i.
2652 3362 2710 3403 e.

1021 3457 1064 3487 ‘⁶
1085 3462 1385 3534 tanquam
1414 3445 1675 3535 spongia
1711 3459 1930 3533 parata
1963 3459 2027 3508 et
2063 3455 2355 3533 prompta
2381 3442 2710 3529 detergen-

1015 3551 1123 3633 do,
1142 3550 1246 3617 cui
1275 3550 1562 3639 apposita
1588 3562 1706 3628 est,
1731 3546 2019 3634 speculo”
2048 3559 2214 3611 recte
2242 3544 2589 3633 explicante
2624 3545 2710 3609 Is.

1017 3654 1238 3719 Vossio
1289 3653 1370 3719 ad
1423 3651 1655 3719 Catull.
1708 3650 2012 3737 probante
2055 3652 2175 3714 Ez.
2212 3647 2589 3737 Spanhemio
2631 3646 2714 3712 ad

1021 3757 1269 3823 Callim.
1291 3758 1451 3822 Lav.
1475 3755 1716 3820 Pallad.
1741 3773 1841 3819 21.
1875 3777 1940 3842 p.
1962 3756 2109 3839 623.
2142 3751 2254 3840 qui
2282 3751 2513 3816 ibidem
2545 3766 2715 3815 recte

1017 3876 1254 3935 monet,
1284 3859 1570 3924 recedere
1599 3858 1769 3922 hunc
1794 3856 1999 3922 locum
2029 3879 2067 3920 a
2096 3855 2339 3942 vulgari
2368 3854 2541 3942 apud
2572 3853 2717 3919 Pla·

1020 3963 1256 4029 tonicos
1283 3961 1729 4050 significatione
1759 3961 2092 4041 ἐκμαγείου,
2114 3974 2187 4023 ut
2215 3979 2532 4045 expressae
2559 3961 2719 4022 ima-

1017 4068 1226 4153 ginis,
1257 4065 1385 4129 sive
1413 4062 1744 4128 simulacri.
1827 4060 1931 4126 Cf.
1963 4077 2156 4126 nostr.
2189 4075 2398 4125 annot.
2430 4082 2605 4147 supr.
2635 4058 2717 4124 ad

1024 4170 1197 4232 Enn.
1222 4168 1365 4232 111.
1398 4165 1507 4230 lib.
1527 4168 1587 4230 6.
1619 4188 1751 4251 cap.
1780 4182 1838 4230 2.
1863 4187 1930 4251 p.
1950 4183 2099 4249 305.
2119 4169 2210 4228 A.
2257 4162 2569 4228 Aristides
2600 4163 2721 4227 Pa-

1024 4269 1200 4335 nath.
1226 4271 1287 4334 1.
1319 4292 1384 4356 p.
1411 4287 1561 4355 342.
1590 4290 1653 4355 p.
1682 4269 1837 4353 196:
1881 4266 2198 4354 sapientiae
2228 4265 2488 4330 studiosi
2517 4289 2719 4352 usque

1025 4388 1089 4438 et
1117 4396 1318 4460 usque
1348 4372 1674 4436 intuentur
1702 4371 1767 4434 in
1806 4370 2013 4435 animo
2043 4369 2620 4451 Athenas—&ww
2652 4371 2721 4433 ἐν

1028 4478 1328 4563 κατόπτρῳ
1376 4482 1499 4544 τοῖς
1546 4478 1750 4559 λόγοις
1801 4474 2228 4556 ἐμβλέποντες.
2327 4472 2719 4538 Themistius

1029 4581 1207 4644 Orat.
1242 4580 1345 4643 16.
1381 4600 1447 4665 p.
1471 4598 1634 4659 410:
1673 4578 1935 4661 Ἔγωγε,
1982 4576 2029 4641 ὦ
2069 4583 2351 4658 βασιλεῧ,
2399 4578 2549 4661 φημὶ
2593 4581 2720 4641 δεῖν

1026 4681 1129 4747 τὸν
1177 4683 1368 4763 λόγον
1422 4683 1649 4745 ἐκεῖνον
1695 4682 2081 4762 προτίθεσθαι
2137 4683 2340 4763 ὥσπερ
2392 4681 2720 4762 κάτοπτρον

1028 4785 1277 4865 ἑκάστης
1314 4784 1531 4866 ἡμέρας
1569 4787 1652 4852 είς
1688 4784 1759 4849 ὃν
1788 4784 2157 4865 ἀποβλέπων
2186 4786 2282 4849 καὶ
2321 4786 2618 4861 ἀτενίζων,
2650 4785 2720 4848 οὔ

1026 4891 1130 4955 τὰς
1173 4889 1354 4967 κόμας
1397 4886 1866 4968 εὐπρεπέστερον
1893 4886 2218 4966 διαθήσειν,
2251 4888 2415 4950 ἀλλὰ
2443 4888 2552 4966 τὴν
2578 4885 2720 4950 Ῥω-

1021 4991 1214 5071 μαίων
1239 4989 1582 5071 ἡγεμονίαν.
1647 4988 1802 5072 (Qui
1832 4988 2006 5054 locus
2033 4988 2316 5053 adhiberi
2345 4988 2534 5054 debet
2565 4989 2721 5054 Pha-

1026 5093 1147 5157 niae
1190 5090 1619 5179 epigrammati
1666 5090 1932 5156 Anthol.
1969 5092 2083 5157 Gr.
2134 5092 2237 5156 11.
2278 5111 2382 5177 53.
2429 5092 2510 5156 ad
2555 5091 2718 5156 Ani·

1024 5195 1278 5259 madvv.
1304 5193 1577 5259 Jacobsii
1598 5195 1802 5261 VIII.
1834 5217 1897 5281 p.
1933 5197 2075 5280 169.
2144 5192 2409 5281 Specula
2435 5195 2601 5258 enim
2630 5194 2723 5259 in-

1029 5315 1124 5363 ter
1151 5298 1562 5362 instrumenta
1593 5297 1963 5380 tonstrinae.)
2050 5296 2225 5362 Sicut
2252 5313 2463 5361 autem
2494 5297 2725 5363 Aristi-

1027 5399 1138 5464 des
1166 5415 1230 5465 et
1249 5400 1631 5466 Themistius
1657 5399 1700 5467 l.
1725 5400 1767 5465 l.
1799 5399 2115 5489 sapientias
2141 5401 2391 5466 decreta
2412 5424 2558 5466 cum
2590 5425 2726 5490 spe-

1028 5502 1194 5581 culo,
1224 5503 1285 5566 in
1326 5505 1497 5590 quod
1541 5503 1768 5569 intueri
1811 5503 2095 5591 quemvis
2137 5519 2442 5590 oporteat,
2471 5528 2721 5595 compa-

1954 490 2804 558 ANNOTATIONES
2879 492 2991 558 IN
3050 490 3507 557 PLOTINI

2777 680 2940 746 rant,
2956 665 3046 732 ita
3063 663 3358 753 Apostoli
3376 661 3719 729 doctrinam
3740 662 4092 751 Evangelii.
4123 662 4230 728 Cf.
4242 663 4474 730 Lamb.

2781 768 2952 834 Bosii
2980 766 3286 833 Exercitt.
3314 766 3379 831 in
3409 765 3616 854 Epist.
3649 765 3833 830 Pauli
3865 767 3966 830 11.
4012 765 4303 831 Corinth.
4331 765 4471 831 111.

2788 874 2889 939 18.
2933 871 3045 960 qui
3091 871 3356 937 verbum
3403 871 3887 953 κατοπτρίζεσθαι
3931 868 4022 934 ita
4063 868 4259 956 accipi
4292 868 4478 957 jubet

2781 974 3038 1055 ibidem,
3070 989 3143 1040 ut
3185 974 3266 1040 sit
3308 982 3601 1038 acmrate
3625 973 3969 1062 diligenter
3993 974 4259 1049 intueri,
4285 973 4479 1060 probe

2782 1079 3211 1152 considerare3
3256 1077 3391 1142 aliis
3413 1091 3630 1142 contra
3657 1075 3923 1141 conferri
3941 1074 4315 1163 jubentibus
4342 1073 4480 1139 baec

2783 1182 3063 1270 ejusdem
3098 1179 3378 1268 Apostoli
3412 1180 3466 1244 I.
3516 1178 3804 1245 Corinth.
3827 1179 4046 1244 XIII.
4088 1197 4205 1242 12:
4252 1177 4481 1259 βλέπο-

2779 1312 2893 1366 μεν
2920 1289 3037 1368 γὰρ
3076 1286 3207 1366 ἄρτι
3249 1282 3321 1348 δι’
3352 1285 3644 1366 ἐσόπτρου
3674 1284 3742 1347 ἐν
3770 1283 4095 1364 αἰνίγμασι.
4131 1281 4274 1364 (ubi
4302 1279 4476 1368 quod

2778 1389 3135 1477 specularia
3164 1387 3548 1474 &fenestras
3575 1384 3834 1474 intelligi
3866 1384 4004 1449 vult
4030 1384 4197 1449 idem
4229 1384 4480 1461 Rosius,

2781 1490 3114 1556 addubitat
3147 1488 3624 1555 Valckenaerius
3651 1488 3717 1553 in
3752 1487 3991 1553 Scholis
4018 1487 4082 1551 in
4112 1488 4201 1551 N.
4222 1488 4318 1580 T.
4338 1486 4475 1552 Vol.

2788 1595 2887 1660 11.
2929 1618 2994 1683 p.
3014 1614 3165 1680 311.
3195 1597 3323 1680 sq.)
3413 1594 3731 1658 Coeterum
3776 1613 3962 1656 nemo
4006 1612 4130 1655 non
4173 1588 4479 1677 intelliget

2787 1696 3255 1787 quodammodo
3283 1695 3542 1761 similem
3571 1718 3704 1760 esse
3742 1693 4131 1759 sententiam.
4219 1692 4484 1758 Plotini-

2788 1801 2890 1865 ani
2919 1801 3114 1888 hujus
3143 1799 3262 1865 loci
3291 1815 3355 1864 et
3383 1798 3678 1865 Paullini.
3762 1797 4171 1887 Speculorum
4204 1819 4386 1862 usum
4416 1794 4483 1859 in

2789 1903 2946 1969 luxu
2995 1903 3325 1969 mulierum
3378 1901 3794 1990 vituperando
3841 1916 4145 1966 memorat
4194 1900 4486 1965 Clemens

2791 2008 2982 2073 Alex.
3018 2006 3274 2094 Paedag.
3312 2006 3449 2071 III.
3479 2029 3546 2094 p.
3574 2006 3720 2091 258.
3749 2005 4017 2070 Potter.:
4052 2001 4389 2085 κατόπτρων
4417 2026 4483 2065 τε

2788 2112 3170 2191 πολυτίμητοι
3213 2110 3587 2184 κατασκευαὶ,
3619 2110 3707 2177 οῖς
3747 2109 4350 2192 κατασχηματίζονται
4378 2109 4484 2184 θη·

2787 2220 2979 2296 ρῶσαι
3005 2214 3157 2288 τοὺς,
3181 2214 3348 2293 δίκην
3372 2214 3599 2277 παίδων
3629 2209 3929 2295 ἀφρόνων,
3959 2210 4095 2292 περὶ
4122 2213 4227 2277 τὰς
4250 2210 4486 2289 μορφὰς

2792 2317 3203 2398 ἐπτοημένους.
3250 2314 3605 2403 Specularis
3631 2327 3843 2379 autem
3873 2311 4332 2401 comparatione
4363 2308 4485 2373 uti-

2791 2434 2897 2485 tur
2925 2418 3358 2485 Tertullianus
3399 2417 3480 2483 de
3509 2417 3745 2483 Anima
3777 2439 3916 2504 cap.
3948 2435 4055 2501 53.
4102 2439 4165 2503 p.
4196 2430 4348 2499 305.
4380 2411 4488 2476 Ri-

2790 2522 2975 2611 galt.:
3017 2530 3063 2563 “
3085 2523 3152 2588 Si
3182 2522 3347 2587 enim
3375 2543 3605 2608 corpus
3631 2519 3797 2585 istud
3835 2519 4157 2585 Platonica
4183 2516 4486 2582 sententia

2792 2650 3021 2705 carcer,
3049 2641 3326 2691 ceterum
3357 2623 3722 2712 Apostolica
3748 2622 3849 2688 dei
3878 2622 4207 2711 templum,
4236 2643 4379 2686 cum
4419 2621 4486 2684 in

2796 2729 3051 2794 Christo
3092 2744 3228 2804 est;
3275 2727 3384 2793 sed
3426 2728 3670 2792 interim
3717 2728 3986 2793 animam
4030 2739 4328 2814 consepto
4371 2747 4488 2789 sno

2791 2831 3059 2897 obstruit
3086 2846 3150 2897 et
3178 2832 3455 2911 obturat,
3470 2847 3534 2896 et
3561 2831 3949 2896 concretione
3974 2829 4176 2895 carnis
4202 2829 4481 2899 infaecat;

2790 2935 2958 2999 unde
2982 2936 3102 3014 iai,
3135 2936 3304 3000 velut
3335 2957 3461 3023 per
3487 2956 3781 3000 corneum
3816 2934 4131 3022 specular,
4161 2932 4487 2997 obsoletior

2791 3038 2910 3102 ίιια·
2937 3059 3153 3102 rerum
3180 3039 3331 3117 83ιῖ
3362 3040 3476 3103 διο.

2883 3164 2948 3228 p.
2977 3161 3001 3204 1
3019 3160 3162 3226 129,
3190 3160 3256 3223 4.
3291 3143 3369 3208 ὧς
3395 3138 3464 3205 τὸ
3484 3139 3923 3226 γεγραμμένον]
3976 3140 4081 3204 Ita
4106 3162 4184 3204 ex
4215 3138 4394 3203 bonis
4421 3136 4492 3201 li-

2794 3242 2924 3308 bris
2965 3242 3179 3331 scripsi
3221 3266 3341 3332 pro
3388 3244 3545 3309 ὥστε
3587 3269 3758 3327 γεγρ.
3850 3245 4148 3309 Ceterum
4186 3264 4336 3306 cum
4373 3239 4492 3305 bac

2798 3345 3217 3434 disputatione
3245 3345 3326 3410 de
3353 3347 3590 3411 ratione
3619 3359 3891 3411 mentem
3927 3346 4090 3410 inter
4128 3359 4319 3432 atque
4356 3343 4488 3409 ani·

2797 3471 2965 3513 mam
2997 3452 3103 3514 ste.
3137 3449 3481 3537 comparari
3516 3449 3706 3514 debet
3746 3449 3920 3515 locus
3961 3449 4249 3515 classicus
4276 3448 4492 3514 Nostri

2798 3551 2879 3616 de
2906 3550 3085 3640 lapsu
3114 3567 3178 3617 et
3206 3551 3735 3618 vicissitudinibus
3762 3552 4133 3633 animarum,
4161 3552 4274 3640 qui
4303 3574 4493 3640 supra

2802 3656 2923 3720 IV.
2952 3676 3017 3743 3.
3058 3673 3156 3721 12.
3186 3668 3410 3721 exstat.

3452 3828 3560 3893 LI
3578 3829 3655 3891 B.
3705 3827 3847 3892 111.

2891 3965 2971 4028 P.
3013 3983 3199 4049 1130,
3229 3982 3290 4047 7.
3339 3968 3532 4027 ΠΕΡΙ
3575 3969 3754 4027 ΤΩΝ
3800 3969 4087 4028 ΓΕΝΩΝ
4129 3969 4298 4029 ΤΟΥ
4339 3969 4488 4028 ON·

2801 4073 2986 4143 ΤΟΣ,
3029 4066 3389 4152 ΤΡΙΤΟΝ.]
3441 4069 3748 4131 Extrema
3778 4066 3998 4132 vocula
4034 4067 4210 4132 abest
4246 4067 4329 4131 ab
4368 4088 4500 4130 uno

2806 4170 2964 4235 Cod.
3054 4172 3243 4236 Unus
3274 4170 3638 4235 Marcianus
3679 4169 4138 4257 inscriptionem
4171 4168 4355 4257 plane
4384 4192 4495 4234 ne-

2803 4272 3020 4361 glexit.
3110 4276 3217 4339 Ex
3263 4273 3486 4338 ordine
3529 4273 3847 4361 temporis,
3896 4297 4027 4361 quo
4077 4272 4306 4362 singuli
4354 4271 4500 4336 libri

2805 4377 3036 4464 scripto
3061 4376 3403 4465 consignati
3434 4392 3603 4454 sunt,
3633 4390 3726 4441 est
3754 4376 3858 4441 bic
3886 4375 4402 4464 quadragesimus
4432 4387 4497 4438 et

2802 4493 3067 4567 quartus
3121 4479 3465 4567 (Porphyr.
3514 4478 3595 4544 de
3649 4478 3768 4544 Vit.
3826 4478 4059 4544 Plotini
4114 4502 4254 4566 cap.
4294 4479 4374 4542 V.
4432 4494 4498 4541 et

2807 4583 3112 4665 XXVI.)
3200 4581 3496 4670 Reliqua,
3538 4605 3685 4669 quae
3732 4581 3889 4646 scitu
3937 4605 4099 4670 opus
4142 4596 4259 4659 est,
4308 4602 4500 4667 supra

2805 4685 3065 4773 exposui
3107 4685 3190 4750 ad
3240 4684 3494 4751 titulum
3537 4683 3680 4750 libri
3728 4685 3909 4773 primi
3956 4685 4149 4772 hujus
4177 4682 4499 4749 Enneadis

2890 4913 2955 4978 p.
2995 4910 3183 4975 1131,
3216 4911 3279 4975 9.
3325 4894 3393 4956 ἐν
3438 4896 3586 4979 τῷδε
3627 4896 3708 4980 τῷ
3750 4894 3952 4977 παντὶ]
4009 4893 4114 4956 Ita
4151 4890 4386 4956 correxi
4418 4914 4498 4954 ex

2804 4993 2984 5059 bonis
3023 4993 3219 5073 libris,
3249 5017 3395 5059 cum
3423 4996 3665 5061 abesset
3694 4998 3780 5070 ἐν,
3811 5009 3876 5059 et
3903 4994 4201 5082 scriptum
4231 5005 4389 5057 esset
4418 4996 4501 5079 τῷ

2806 5102 2906 5162 be:
2957 5106 3001 5136 ‘⁶
3024 5112 3088 5162 et
3115 5100 3187 5161 in
3214 5097 3326 5162 hoc
3352 5100 3652 5163 universo
3689 5098 3812 5163 alia
3852 5096 4221 5183 diversaque
4262 5096 4343 5161 ab
4381 5094 4504 5160 illis

2812 5201 2922 5283 (sc.
2951 5201 3323 5287 quaerere).”

2892 5326 2958 5391 p.
2987 5323 3174 5389 1132,
3196 5306 3259 5368 6.
3290 5302 3358 5369 τὸ
3382 5306 3447 5368 δὲ
3479 5303 3632 5372 εἶδος
3662 5302 3751 5368 ἐπ’
3782 5303 3956 5391 αὗτῆ]
3993 5304 4072 5367 In
4103 5300 4343 5366 Latinis
4369 5323 4505 5366 cor-

2809 5406 2942 5470 rexi
2968 5430 3047 5472 ex
3078 5406 3207 5472 Ed.
3239 5430 3373 5495 pre.
3408 5405 3627 5471 “illud
3672 5420 3879 5471 autem
3927 5404 4193 5493 speciem
4221 5403 4285 5468 in
4315 5415 4510 5469 mate-

2810 5511 2951 5574 ria?
2977 5532 3098 5597 pro
3138 5509 3202 5574 in
3249 5513 3599 5587 materiam,
3629 5523 3692 5575 et
3719 5509 3783 5572 in
3817 5508 4057 5573 Graecis
4100 5506 4345 5589 γένεσιν
4388 5531 4508 5596 pro
