5118 6613
1040 536 1165 599 244

1037 702 1362 781 praestent,
1394 684 1708 751 noluimus
1736 699 1942 749 tamen
1985 685 2067 749 ab
2111 684 2398 751 editionis
2440 701 2505 752 et
2546 686 2745 774 pluri-

1042 813 1287 856 morum
1319 788 1621 853 librorum
1653 786 1917 852 lectione
1947 786 2254 852 recedere.

1131 917 1197 981 p.
1219 895 1367 977 831,
1393 910 1490 954 12.
1530 888 1711 954 Ἔστι
1729 891 1794 953 δὲ
1826 891 1921 953 καὶ
1953 890 2050 954 ἐπὶ
2071 892 2403 973 ὀφθαλμῶν
2422 893 2572 956 ίδεῖν
2589 892 2750 967 ζώων

1042 996 1403 1075 λαμπόντων
1449 997 1572 1059 τοῖς
1628 994 1856 1071 ὄμμασι
1908 1019 1958 1055 κ.
1979 1018 2031 1056 τ.
2050 993 2148 1080 λ.]
2200 993 2354 1056 Huc
2411 993 2748 1081 pertinent,

1044 1120 1190 1181 quae
1234 1093 1459 1182 passim
1492 1107 1732 1158 veteres
1764 1092 2047 1173 tradunt,
2083 1109 2154 1159 ut
2196 1093 2517 1182 Diogenes
2552 1095 2750 1183 Apol-

1042 1197 1257 1262 loniat.
1292 1219 1397 1284 ap.
1447 1194 1773 1283 Theophr.
1820 1195 1901 1260 de
1948 1195 2247 1261 Sensibus
2287 1220 2353 1285 p.
2386 1216 2485 1283 29.
2530 1198 2751 1286 Steph.

1045 1298 1368 1365 Aristotel.
1416 1298 1497 1363 de
1535 1299 1837 1363 Generat.
1882 1298 2180 1364 Animall.
2221 1300 2297 1364 V.
2334 1320 2387 1363 1.
2432 1300 2514 1364 ad
2558 1323 2749 1387 quem

1043 1402 1274 1467 adhibe
1315 1403 1425 1465 Jo.
1476 1399 1897 1488 Philoponum
1944 1399 2058 1465 fol.
2096 1416 2234 1487 105.
2282 1416 2345 1466 et
2389 1401 2474 1466 cf.
2513 1404 2752 1490 Empe-

1044 1502 1285 1570 doclem
1329 1502 1563 1567 Sturzii
1594 1525 1657 1589 p.
1687 1503 2055 1584 418—420.
2107 1502 2463 1568 Alexander
2491 1504 2554 1570 in
2590 1506 2746 1569 Pro-

1043 1607 1293 1672 blemm.
1329 1623 1429 1672 20.
1472 1605 1639 1689 (78.)
1689 1603 2070 1669 Plutarchus
2113 1604 2176 1668 in
2226 1606 2546 1693 Symposs.
2597 1609 2654 1671 I.
2689 1608 2747 1672 8.

1041 1730 1109 1791 4.
1138 1732 1199 1796 p.
1233 1708 1382 1773 626.
1414 1707 1499 1770 D.
1524 1729 1586 1792 p.
1616 1726 1767 1792 533.
1805 1706 2143 1796 Wyttenb.
2235 1710 2384 1795 Ego
2412 1707 2619 1773 locum
2652 1708 2750 1773 lu·

1044 1810 1368 1875 culentum
1410 1808 1760 1874 adscribam
1809 1810 1985 1874 Sexti
2016 1808 2261 1896 Empir.
2293 1808 2357 1873 in
2396 1810 2749 1896 Pyrrhonn.

1046 1915 1434 2000 Hypotypp.
1484 1914 1539 1976 I.
1593 1932 1693 1991 14.
1737 1931 1847 1996 45.
1891 1934 1956 1999 p.
2000 1931 2094 1997 13.
2143 1935 2235 1998 sq.
2283 1911 2573 1977 Fabric.:
2624 1915 2755 1979 ἐπεὶ

1044 2019 1153 2082 οὖν
1183 2017 1278 2081 καὶ
1307 2022 1426 2081 τόν
1454 2019 1615 2092 ξύων
1642 2020 1777 2081 τινὰ
1805 2018 1990 2099 φύσει
2010 2018 2367 2097 λαμπηδόνα
2398 2020 2466 2082 ἐν
2486 2024 2612 2086 τοῖς
2635 2021 2750 2101 ὀφ-

1045 2125 1295 2198 θαλμοῖς
1325 2120 1473 2203 ἔχει,
1507 2119 1602 2183 καὶ
1631 2125 1758 2201 φῶς
1800 2118 2165 2201 λεπτομερές
2201 2144 2267 2185 τε
2310 2121 2407 2185 καὶ
2447 2121 2753 2201 εὐκίνητον

1043 2221 1142 2286 ἀπ’
1174 2222 1369 2286 αὐτῶν
1396 2221 1785 2295 ἀποστέλλει,
1828 2223 1906 2289 ὥς
1935 2222 2031 2286 καὶ
2059 2223 2266 2291 νυκτὸς
2294 2225 2463 2307 ὀρᾷν,
2497 2226 2753 2292 δεόντως

1042 2323 1119 2388 ἂν
1167 2325 1521 2404 νομίζοιμεν,
1568 2326 1661 2388 ὅτι
1705 2324 1786 2403 μὴ
1829 2325 2006 2403 ὅμοια
2048 2325 2188 2405 ἡμῖν
2233 2351 2301 2390 τε
2346 2327 2636 2393 κάκείνοις
2677 2330 2753 2390 τᾶ

1042 2426 1209 2493 ἐκτὸς
1252 2427 1588 2490 ὑποπίπτει.
1684 2425 1809 2489 Sed
1871 2424 2230 2491 hominibus
2279 2427 2466 2492 etiam
2510 2425 2752 2514 aliquot

1041 2527 1371 2616 contigisse
1399 2527 1564 2591 idem
1596 2526 1788 2592 tradit
1817 2527 1971 2592 ibid.
2037 2531 2203 2594 Sect.
2237 2529 2343 2609 84.
2380 2542 2443 2594 et
2480 2528 2749 2593 aliorum

1041 2629 1352 2717 exempla,
1387 2645 1459 2694 ut
1503 2628 1960 2715 Scaligerorum
1995 2643 2115 2695 etc.
2146 2631 2457 2719 congessit
2486 2631 2569 2696 ad
2605 2654 2749 2696 eum

1040 2732 1247 2796 locum
1281 2731 1633 2809 Fabricius,
1660 2754 1852 2818 quem
1885 2733 2163 2812 consule,
2185 2733 2465 2822 itemque
2497 2732 2752 2800 Schnei-

1042 2832 1263 2897 derum
1302 2831 1369 2896 in
1400 2832 1788 2896 Animadvv.
1818 2833 1880 2897 in
1929 2833 2201 2922 Eclogg.
2237 2835 2463 2923 Physs.
2506 2859 2567 2923 p.
2605 2855 2751 2900 201.

1042 2934 1191 3020 ibiq.
1245 2932 1564 2998 laudatam
1620 2934 1929 2999 Priestleii
1977 2936 2188 3024 Optio.
2242 2938 2301 3003 I.
2346 2959 2411 3024 p.
2461 2956 2605 3023 150.
2651 2937 2749 3002 ed.

1049 3034 1326 3122 Kh'igelii
1358 3049 1423 3099 et
1448 3034 1642 3122 hujus
1668 3051 1881 3101 annot.
1916 3060 1979 3125 p.
2020 3056 2159 3123 154.

1129 3174 1216 3186 —
1241 3158 1339 3219 14.
1372 3143 1500 3204 ταῖς
1521 3138 1978 3228 ἆνοιδάνσεσιν]
2010 3139 2052 3205 i.
2078 3164 2134 3205 e.
2169 3140 2279 3206 ubi
2306 3139 2473 3205 oculi
2502 3150 2753 3231 herges-

1041 3250 1194 3305 cunt
1243 3264 1294 3304 s.
1352 3242 1734 3330 insurgunt.
1855 3243 2259 3309 Contrarium
2312 3244 2638 3332 sequitur:
2688 3248 2755 3311 ἐν

1042 3350 1171 3411 ταῖς
1199 3350 1543 3419 συστολαῖς,
1577 3344 1687 3409 ubi
1728 3355 2122 3412 marcescunt
2151 3370 2200 3412 s.
2234 3347 2531 3413 resident.
2611 3349 2749 3413 Vox

1041 3448 1385 3514 ἆνοίδανσις
1432 3445 1724 3511 addenda
1766 3464 1860 3513 est
1914 3448 2188 3514 Lexicis.
2280 3450 2563 3515 Verbum
2607 3450 2753 3516 satis

1041 3549 1355 3637 frequens·
1401 3548 1780 3637 Alciphron.
1821 3550 2034 3638 Epist.
2084 3553 2144 3616 I.
2184 3572 2208 3615 1
2242 3577 2256 3615 t
2308 3552 2403 3617 καὶ
2448 3554 2756 3635 ἐπεφρίκει

1041 3656 1154 3734 μὲν
1181 3655 1402 3720 πόντος
1432 3654 1497 3736 (ὁ
1543 3656 1763 3721 πόντος
1804 3655 1969 3720 cod.
2004 3654 2206 3721 Palat·
2242 3675 2450 3720 noster
2484 3678 2544 3719 n.
2581 3660 2754 3742 132.)

1040 3757 1493 3835 μελαινόμενος,
1525 3760 1633 3819 τοῦ
1668 3757 1880 3824 ὕδατος
1912 3760 1978 3821 δὲ
2019 3756 2213 3839 ἀφρὸς
2248 3756 2573 3837 ἐξηνθήκει,
2604 3783 2754 3822 παν·

1043 3861 1234 3939 ταχοῦ
1270 3860 1372 3935 τῆς
1415 3856 1732 3938 θαλάσσης
1777 3858 1868 3922 ἐπ’
1916 3860 2205 3940 ἀλλήλων
2254 3860 2369 3944 (ἐπ’
2402 3863 2540 3925 ἀλλ.
2588 3860 2751 3925 idem

1048 3956 1240 4041 Cod.)
1275 3958 1697 4037 ἐπικλωμένων
1735 3965 1854 4024 τῶν
1896 3961 2186 4041 κυμάτων,
2217 3966 2293 4028 τὰ
2328 3965 2442 4043 μὲν
2481 3966 2600 4045 γὰρ
2628 3969 2757 4030 ταῖς

1043 4056 1284 4138 πέτραις
1311 4059 1792 4140 προσηρόσσετο,
1823 4065 1899 4126 τᾶ
1926 4065 1993 4127 δὲ
2023 4068 2165 4128 εἴσω
2196 4065 2548 4129 ἅνοιδοῦντα
2579 4064 2752 4147 ἑῤῥή-

1044 4183 1226 4241 γνυτο
1280 4159 1663 4242 (ἑρῤήγνυντο
1722 4161 1916 4242 idem)
1982 4163 2308 4229 Plutarch.
2362 4166 2443 4230 de
2498 4165 2752 4231 Placitt.

1050 4259 1414 4348 Philosoph.
1453 4262 1592 4326 III.
1632 4280 1731 4346 17.
1763 4286 1828 4351 p.
1860 4266 2011 4350 615.
2046 4267 2299 4355 Wytt.:
2348 4269 2610 4333 ἀνοιδεῖν
2647 4268 2756 4347 τὴν

1049 4365 1445 4443 Ἀτλαντικὴν
1474 4366 1818 4433 θάλασσαν.
1906 4368 2120 4434 Etiam
2166 4369 2249 4434 de
2282 4370 2457 4435 iratis
2485 4393 2755 4458 usurpa·

1049 4480 1175 4528 tur.
1226 4463 1638 4532 Philostratus
1667 4468 1816 4534 Vita
1843 4470 2170 4558 Apollonii
2189 4473 2355 4536 VII.
2376 4492 2486 4558 33.
2517 4495 2583 4559 p.
2602 4492 2755 4558 313·

1049 4565 1258 4631 Olear.
1284 4591 1298 4631 t
1348 4568 1668 4648 ἀνοιδήσας
1695 4569 1744 4635 δ’
1778 4574 1811 4635 ὁ
1840 4574 2134 4652 βασιλεὺς
2164 4574 2357 4657 (cod.
2381 4574 2750 4639 Schellersh.

1048 4671 1367 4750 ἆνοιδήσας
1395 4674 1428 4735 ὁ
1466 4677 1564 4757 β.)
1594 4674 1696 4755 ὑφ’
1728 4677 1812 4741 ὧν
1850 4677 2071 4758 ἤκουσε
2110 4681 2497 4763 συκοφάντην
2532 4707 2610 4761 με
2649 4683 2756 4746 οὖν

1051 4770 1218 4835 εἶπεν
1263 4773 1405 4853 (μὲν
1448 4775 1555 4837 οὖν
1600 4774 1748 4849 εἶπε,
1794 4775 1985 4855 idem,
2030 4778 2138 4843 sed
2181 4795 2528 4845 correctum
2574 4805 2614 4846 a
2656 4807 2750 4846 se·

1045 4871 1256 4936 cunda
1305 4879 1525 4959 manu)
1582 4875 1672 4941 ἐπ’
1725 4879 1922 4946 αὐτοῖς
1980 4884 2251 4963 εἴληφας.
2359 4884 2463 4947 De
2521 4884 2640 4948 hac
2691 4884 2751 4948 vi

1048 4974 1223 5039 verbi
1269 4974 1395 5039 vid.
1443 4976 1732 5066 interprr.
1786 4980 1869 5046 ad
1922 4982 2235 5049 Herodot.
2283 5007 2345 5071 p.
2381 4987 2527 5050 261.
2576 5001 2639 5050 et
2690 5010 2750 5073 p.

1046 5095 1200 5161 529.
1232 5079 1606 5167 Wesseling.
1637 5097 1702 5147 et
1740 5082 1904 5147 adde
1942 5084 2222 5149 Jacobsii
2257 5100 2472 5150 annot.
2503 5087 2566 5149 in
2601 5087 2756 5150 Phi-

1046 5179 1286 5246 lostrati
1319 5183 1567 5270 Imagg.
1601 5207 1664 5271 p.
1690 5203 1846 5270 592.

1136 5306 1200 5370 p.
1238 5284 1388 5370 833,
1420 5285 1479 5349 8.
1535 5284 1575 5365 ἢ
1606 5290 1660 5350 εἰ
1695 5287 1764 5351 τὸ
1809 5291 2373 5367 συμπαθὲς-τοῦδε
2422 5295 2529 5354 τοῦ
2574 5291 2752 5379 sdan]

1052 5386 1410 5453 Secundum
1460 5411 1598 5453 eam
1655 5388 2136 5470 distinctionem,
2191 5414 2382 5479 quam
2433 5391 2753 5480 adoptavi,

1050 5484 1185 5549 haec
1211 5488 1515 5555 sententia
1543 5489 1790 5578 prodit:
1841 5499 1884 5532 “
1920 5493 2084 5571 Aut,
2117 5492 2166 5558 si
2210 5492 2613 5580 compatiens,
2642 5493 2752 5581 qui

2021 515 2854 581 ANNOTATIONES
2919 516 3035 579 IN
3099 516 3552 581 PLOTINI

2836 686 3024 752 unius
3050 686 3333 751 animalis
3347 703 3464 765 est,
3484 685 3811 765 sensualia,
3837 686 4148 753 sensibilia
4175 693 4298 752 et“
4321 708 4535 751 sensus

2837 804 3006 867 sunt,
3036 788 3156 853 hoc
3195 804 3383 876 pacto
3427 812 3548 854 non
3583 790 3891 872 (cerneret
3933 789 4034 853 hic
4079 787 4356 853 mundus
4382 787 4543 852 illud

2836 895 3093 979 corpus)
3118 891 3234 955 nisi
3264 892 3382 956 hoc
3409 914 3640 980 corpus
3666 906 3926 957 externa
3953 914 4099 979 pars
4126 890 4391 978 hujusce
4414 889 4542 953 ani-

2839 993 3015 1058 malis
3042 995 3260 1059 esset.”

2923 1118 2989 1183 p.
3042 1097 3190 1183 834,
3238 1118 3304 1183 3.
3350 1096 3668 1184 δέδεικται]
3716 1095 3944 1161 Utitur
4001 1110 4217 1159 nostro
4270 1094 4409 1159 loco
4456 1093 4537 1158 ad

2840 1198 3001 1263 hanc
3030 1198 3363 1264 formulam
3394 1198 3825 1264 illustrandam
3849 1211 3913 1263 et
3929 1197 4064 1262 aliis
4082 1196 4538 1284 Wyttenbach.

2839 1299 2921 1364 ad
2971 1299 3252 1366 Platonis
3303 1299 3604 1364 Phaedon.
3663 1323 3725 1388 p.
3763 1302 3905 1364 160.
3941 1321 4034 1385 sq.
4107 1298 4214 1363 Cf.
4260 1297 4427 1361 infra
4466 1320 4530 1384 p.

2835 1405 2983 1485 464.
3022 1405 3108 1467 A.
3159 1417 3222 1467 et
3264 1426 3412 1490 quae
3456 1402 3641 1490 plura
3683 1403 4005 1489 posuimus
4042 1400 4124 1466 ad
4175 1401 4233 1466 1.
4267 1403 4330 1467 6.
4373 1422 4427 1466 t.
4466 1425 4530 1489 p.

2836 1526 2940 1591 50.
2976 1507 3056 1570 Β.

2922 1644 3011 1657 -
3038 1628 3099 1690 9.
3146 1608 3229 1688 μὴ
3273 1613 3392 1671 τῶν
3438 1609 3506 1671 ἐν
3550 1609 3727 1692 αὐτῷ,
3775 1611 3892 1670 τῶν
3935 1609 4002 1671 δὲ
4044 1609 4265 1688 ὁμοίων
4311 1612 4435 1676 τοῖς
4472 1609 4540 1672 ἐν

2839 1712 3015 1795 αὐτῷ’,
3046 1707 3083 1789 ᾖ
3110 1712 3224 1790 μὲν
3252 1715 3400 1784 ζῶον
3434 1708 3860 1795 ἀντιλήψεται]
3912 1709 4016 1773 Ita
4057 1732 4136 1773 ex
4181 1708 4542 1774 melioribus

2837 1802 3013 1876 libris
3040 1810 3187 1875 dedi
3219 1832 3335 1898 pro
3360 1812 3398 1891 ἡ
3427 1813 3540 1890 μὲν
3568 1816 3738 1885 ζῶον.
3835 1810 3983 1875 Post
4011 1810 4202 1876 verba
4227 1812 4309 1892 μὴ
4336 1820 4455 1878 τῶν
4472 1815 4541 1878 ἐν

2842 1915 2996 1998 αὐτῷ
3023 1912 3428 1999 cogitandum
3462 1924 3556 1976 est
3596 1914 3804 1992 μόνον.
3896 1914 3998 1977 De
4043 1937 4173 2001 qua
4212 1915 4541 1979 omissione

2843 2014 2985 2079 vide
3029 2016 3245 2079 Davis.
3288 2013 3369 2079 ad
3411 2013 3546 2079 Cic.
3594 2013 3675 2077 de
3705 2014 3792 2078 N.
3824 2016 3912 2078 D.
3947 2018 4045 2080 II.
4078 2021 4183 2098 64.
4226 2040 4292 2104 p.
4322 2035 4540 2102 479—

2837 2118 2989 2198 481.
3023 2116 3123 2182 ed.
3158 2133 3346 2183 nostr.
3376 2132 3440 2182 et
3488 2116 3749 2195 Moseri,
3779 2132 3843 2181 et
3881 2118 4055 2204 quod
4095 2119 4364 2184 editores
4400 2119 4533 2184 lau-

2836 2221 2990 2286 dant
3017 2219 3099 2284 ad
3132 2220 3213 2285 L.
3246 2221 3391 2284 Bos.
3421 2218 3504 2284 de
3534 2218 3792 2307 Ellipss.
3824 2243 3887 2307 p.
3908 2239 4278 2307 307—310.
4314 2221 4539 2287 Schaef.

2838 2322 3086 2409 Saepius
3127 2321 3440 2386 omittitur
3478 2338 3777 2407 sequente
3808 2325 3973 2387 ἀλλὰ
4003 2325 4140 2388 καίε
4190 2346 4408 2388 verum
4440 2339 4534 2388 ta·

2837 2446 2978 2489 men
3008 2423 3218 2500 etiam,
3252 2424 3360 2487 ubi
3390 2426 3457 2488 δὲ
3485 2437 3579 2487 est
3608 2423 3669 2487 in
3722 2423 3918 2489 altero
3946 2424 4249 2490 membru.
4341 2427 4534 2492 Luci-

2836 2526 2957 2590 lius
2980 2525 3207 2612 Epigr.
3246 2526 3423 2589 XII.
3448 2544 3514 2605 4.
3549 2528 3641 2613 (p.
3665 2530 3825 2612 319)
3852 2551 3868 2590 2
3917 2527 3988 2590 οὗ
4012 2528 4184 2592 κυσὶν
4211 2530 4535 2611 ἄγνωστος,

2836 2632 2907 2709 τῇ
2935 2630 3000 2692 δὲ
3035 2629 3213 2692 πόλει
3247 2626 3525 2711 γέγονας.
3620 2627 3730 2692 Ad
3770 2651 3958 2715 quem
4003 2628 4211 2694 locum
4244 2630 4387 2695 vide
4428 2633 4538 2696 Ja-

2838 2729 3029 2796 cobsii
3062 2732 3417 2795 Comment.
3450 2730 3513 2794 in
3545 2729 3814 2796 Anthol.
3846 2731 4030 2797 Tom.
4064 2731 4199 2797 IX.
4233 2756 4300 2820 p.
4332 2753 4482 2818 319·

3508 2918 3612 2981 LI
3631 2919 3706 2981 B.
3765 2918 3880 2983 vl.

2926 3062 2992 3127 p.
3024 3040 3173 3126 836,
3210 3058 3267 3120 7.
3345 3042 3538 3101 ΠΕΡΙ
3586 3042 4074 3103 ΑΙΣΘΗΣΕΩΣ
4127 3044 4265 3102 ΚΑΙ
4316 3044 4539 3105 ΜΝΗ-

2841 3142 3079 3227 ΜΗΣ.]
3134 3139 3263 3205 Hic
3291 3138 3539 3204 libellus
3581 3139 3644 3202 in
3681 3162 3898 3203 eorum
3942 3161 4203 3204 numero
4239 3157 4354 3220 est,
4384 3164 4543 3229 quos

2844 3243 3132 3309 Plotinus
3160 3241 3615 3331 propemodum
3657 3264 3977 3306 senescens
4018 3243 4403 3332 conscripsit,
4440 3261 4542 3312 ut-

2837 3360 3006 3434 pote,
3051 3346 3101 3410 si
3141 3345 3423 3410 ordinem
3479 3344 3776 3432 temporis
3819 3344 4092 3432 respicis,
4134 3347 4537 3436 quadragesi-

2838 3472 2981 3514 mus
3014 3449 3274 3536 primus.
3354 3447 3496 3511 Vid.
3547 3447 3862 3535 Porphyr.
3909 3446 3991 3511 de
4021 3448 4167 3513 Vita
4208 3449 4441 3516 Plotini
4487 3476 4543 3517 c.

2848 3552 3079 3616 XXV.
3110 3573 3174 3638 p.
3214 3570 3353 3631 144.
3386 3549 3635 3614 Fabric.
3714 3551 3977 3614 Tractat
4003 3565 4215 3615 autem
4244 3552 4412 3617 idem
4440 3577 4538 3618 ar-

2842 3668 3239 3740 gumentum,
3266 3651 3443 3739 quod
3488 3651 3675 3716 Plato
3701 3651 3911 3738 attigit
3953 3651 4017 3715 in
4067 3652 4317 3718 Timaeo
4346 3678 4409 3742 p.
4433 3678 4537 3741 45.

2844 3772 2908 3820 et
2957 3779 3023 3842 p.
3071 3759 3177 3842 65.
3228 3778 3362 3841 sqq.
3414 3754 3689 3840 itemque
3735 3753 3798 3818 in
3850 3756 4148 3834 Menone,
4199 3755 4540 3837 Phaedone,

2844 3857 3131 3933 Philebo,
3179 3857 3260 3921 de
3320 3856 3594 3942 Legibus
3638 3872 3702 3921 et
3759 3855 3894 3920 aliis
3933 3856 3997 3920 in
4049 3856 4352 3944 dialogis:
4408 3861 4541 3943 (Cf.

2840 3984 2986 4046 quae
3007 3981 3199 4047 supra
3224 3957 3620 4022 laudavimus
3648 3958 3730 4022 ad
3762 3981 3828 4044 p.
3850 3978 4002 4044 392.
4028 3961 4148 4043 D.)
4178 3984 4369 4047 quam
4392 3961 4540 4028 doc-

2843 4062 3067 4127 trinam
3111 4060 3339 4126 deinde
3378 4060 3610 4125 erudiit
3651 4061 4023 4125 Aristoteles
4071 4062 4132 4125 in
4166 4061 4377 4127 libello
4403 4066 4538 4148 περὶ

2843 4163 3176 4243 αἰσθήσεως
3204 4164 3300 4228 καὶ
3327 4165 3643 4242 αἰσθητῶν,
3675 4161 3826 4227 item
3854 4164 3991 4246 περὶ
4009 4163 4237 4244 μνήμης
4266 4167 4363 4230 καὶ
4392 4168 4536 4232 ἀνα-

2840 4266 3131 4345 μνήσεως,
3173 4279 3237 4329 et
3275 4264 3356 4329 de
3386 4264 3626 4328 Anima
3671 4264 3778 4328 lib.
3829 4266 3927 4328 11.
3972 4288 4111 4352 cap.
4146 4270 4209 4331 6.
4261 4290 4401 4354 sqq.
4432 4291 4547 4333 nec

2847 4367 3052 4432 minus
3083 4367 3564 4455 Theophrastus
3590 4366 3656 4430 in
3696 4365 4003 4454 opusculo
4042 4369 4179 4449 περὶ
4212 4370 4548 4449 αἰσθήσεως

2846 4471 2942 4535 καὶ
2982 4472 3119 4553 περὶ
3164 4473 3482 4550 αἰσθητῶν.
3572 4467 3990 4555 Reliquorum
4029 4468 4547 4559 philosophorum

2843 4571 2924 4637 de
2952 4594 3134 4636 sensu
3166 4586 3229 4636 et
3258 4571 3553 4636 memoria
3575 4570 3909 4635 sententias
3934 4571 4232 4636 exhibent
4265 4573 4546 4640 Galenus

2841 4676 2905 4740 in
2941 4675 3115 4740 Hist.
3150 4672 3386 4738 Philos.
3423 4696 3480 4737 c.
3512 4673 3754 4738 XXIV.
3799 4672 4175 4738 Plutarchus
4195 4673 4277 4739 de
4295 4675 4545 4742 Placitt.

2844 4777 3107 4842 Philoss.
3144 4777 3260 4841 IV.
3296 4776 3529 4839 8—11.
3568 4798 3630 4862 p.
3664 4777 4030 4860 626-629.
4060 4777 4392 4863 Wyttenb.
4430 4780 4544 4860 (cf.

2841 4879 3106 4944 eundem
3159 4877 3574 4943 Plutarchum
3619 4877 3699 4941 de
3745 4875 4010 4943 Solertia
4051 4878 4442 4944 Animalium
4473 4904 4543 4968 p.

2840 4984 2990 5067 960.
3037 5005 3173 5068 sqq.
3224 5003 3289 5068 p.
3324 4981 3472 5065 896.
3517 5003 3659 5066 sqq.
3704 4980 3948 5067 Wytt.)
4001 4979 4272 5068 Diogen.
4321 4982 4541 5051 Laert.

2844 5085 3004 5148 VII.
3035 5103 3143 5169 5¹·
3175 5105 3312 5169 sqq.
3347 5083 3429 5145 X.
3459 5101 3564 5166 31.
3597 5105 3734 5168 sqq.
3776 5094 3838 5146 et
3878 5081 4129 5166 passim.
4220 5083 4281 5147 E
4334 5107 4543 5150 recen-

2843 5185 3107 5250 tioribus
3136 5183 3381 5250 Graecis
3410 5182 3782 5270 Latinisque
3819 5182 4227 5270 scriptoribus
4264 5207 4409 5249 cum
4439 5185 4542 5251 alii

2842 5287 3012 5352 hunc
3056 5287 3259 5352 locum
3304 5285 3672 5372 attigerunt,
3719 5301 3854 5350 tum
3909 5284 4241 5350 Nemesius
4283 5286 4366 5351 de
4416 5289 4547 5353 Na-

2844 5406 2987 5456 tura
3026 5388 3321 5453 Hominis
3348 5410 3482 5475 cap.
3523 5408 3624 5473 13.
3658 5388 3792 5470 περὶ
3820 5392 3927 5451 τοῦ
3952 5394 4360 5467 μνημονεντοῦ
4386 5407 4449 5456 et
4478 5392 4543 5456 in

2840 5491 3353 5557 antecedentibus
3402 5489 3732 5577 capitibus,
3775 5511 3920 5575 quoe
3972 5511 4164 5577 supra
4207 5494 4546 5558 memoravi
