5118 6613
1053 533 1183 618 380

1141 727 1206 792 p.
1247 718 1434 785 1271,
1472 720 1572 767 12.
1618 703 1803 766 ταῦτα
1832 702 2039 782 μηδενὶ
2080 703 2458 775 ἐλλείποντα,
2489 703 2638 781 μηδὲ
2673 704 2753 787 τῷ

1053 811 1153 871 διὰ
1180 808 1242 870 τί
1266 805 1623 894 ἐλλείπειν.]
1672 805 1779 869 Ita
1819 804 2176 892 scripsimus
2213 805 2522 868 bonorum
2564 802 2751 868 libro-

1056 932 1196 973 rum
1229 908 1615 973 auctoritate.
1688 906 1864 972 Edit.
1887 906 2077 972 habet
2106 908 2195 971 τό.
2272 908 2480 995 Supra
2511 907 2572 970 1.
2602 924 2667 991 5.
2691 927 2750 991 9.

1056 1035 1121 1099 p.
1152 1027 1259 1097 45.
1291 1012 1377 1075 D.
1426 1013 1591 1076 ἀλλὰ
1634 1011 1943 1092 ἀνθρώπου
1988 1011 2118 1075 ἐστὶ
2156 1015 2326 1075 τοῦτο
2367 1011 2755 1078 ἐλλείποντος

1053 1121 1177 1182 τοῖς
1223 1120 1427 1182 καλοῖς
1478 1115 1545 1177 ἐν
1590 1118 1669 1200 τῷ
1712 1112 1962 1196 παρόντι
2010 1114 2104 1178 καὶ
2145 1118 2225 1200 τῷ
2265 1114 2346 1194 μὴ
2391 1114 2554 1196 ἔχειν
2600 1114 2751 1177 νυνί.

1055 1216 1249 1281 Adde
1280 1216 1399 1281 sub
1428 1217 1614 1280 finem
1648 1214 1839 1304 hujus
1867 1239 2000 1304 cap.
2033 1238 2098 1303 p.
2122 1218 2269 1302 695.
2295 1218 2369 1281 C.
2402 1218 2518 1302 ὅτῳ
2551 1217 2751 1280 ε’λλεί-

1051 1346 1173 1385 πει.
1248 1318 1372 1398 Qui
1404 1319 1519 1384 loci
1552 1319 2026 1384 constructionis
2060 1342 2246 1383 causa
2289 1318 2563 1383 addendi
2607 1334 2755 1383 sunt

1049 1438 1115 1487 et
1164 1421 1464 1508 Stephani
1512 1422 1710 1487 Thes.
1755 1445 1818 1508 p.
1853 1439 2045 1507 5724.
2077 1421 2347 1487 Londin.
2392 1438 2455 1486 et
2499 1422 2754 1510 reliquis

1055 1525 1324 1590 Lexicis.

1134 1653 1200 1717 p.
1242 1647 1429 1712 1272,
1461 1650 1523 1713 9.
1590 1629 1627 1708 ἡ
1673 1625 2145 1717 ‹rumbo-rame]
2218 1628 2365 1692 Hoc
2410 1627 2749 1692 substanti-

1049 1755 1225 1813 vum,
1274 1731 1445 1819 quod
1504 1731 1669 1796 infra
1712 1732 1828 1795 VI.
1871 1750 1931 1814 7.
1962 1751 2065 1812 40.
2112 1753 2174 1818 p.
2210 1749 2358 1816 732.
2393 1731 2468 1794 B.
2520 1730 2750 1795 iterum

1049 1837 1299 1925 legitur,
1328 1835 1689 1900 addendum
1731 1834 1984 1899 Lexicis
2028 1835 2394 1898 est.—Mox
2420 1834 2625 1898 z—xal
2663 1838 2757 1897 δεῖ

1046 1941 1126 2022 μὴ
1166 1943 1535 2023 ἀπηρτῆσθαι
1576 1941 1643 2004 ἐν
1674 1941 1870 2006 αὐτοῖς
1898 1937 1972 2002 ἂν
2003 1937 2133 2022 ἔχοι
2161 1940 2236 2001 τὰ
2265 1939 2496 2001 αἱτιατᾶ
2523 1940 2629 2004 τὰς
2658 1939 2745 2001 αἰ-

1048 2045 1194 2112 τίας.
1272 2041 1641 2117 Phalaridis,
1675 2041 1784 2129 qui
1816 2040 2038 2117 fertur,
2073 2038 2361 2128 Epistola
2391 2040 2473 2103 L.
2511 2062 2576 2125 p.
2608 2041 2746 2103 168.

1049 2148 1365 2234 Lennep.:
1416 2145 1540 2211 καθ’
1575 2146 1683 2210 ἕνα
1723 2148 1839 2228 γᾶρ
1867 2146 2029 2224 ὑμῶν
2072 2140 2480 2224 ὀνομαζόντων
2513 2146 2748 2210 πολλὰς

1047 2251 1253 2323 αἰτίας,
1308 2247 1716 2331 ἆπηρτημένας
1773 2249 1882 2327 ἔξω
1939 2247 2234 2311 ὃείκνυτεε
2308 2257 2348 2280 “
2377 2268 2518 2310 cum
2581 2245 2747 2310 enim

1044 2350 1312 2439 quisque
1335 2367 1608 2414 vestrum
1635 2348 1966 2413 nominatis
1993 2347 2222 2412 multas
2245 2370 2482 2427 causaS,
2502 2349 2747 2413 alienas

1044 2453 1226 2518 valdo
1255 2453 1604 2543 profertis.”
1638 2453 1745 2517 ubi
1780 2468 1920 2539 post
1949 2451 2101 2516 alios
2129 2451 2248 2539 ipsi
2279 2450 2564 2516 laudatos
2585 2452 2747 2515 Len-

1044 2557 1268 2643 nepius
1309 2571 1596 2621 accurate
1639 2556 1718 2620 de
1762 2557 1879 2620 bac
1913 2555 1970 2619 vi
2003 2555 2174 2619 verbi
2213 2558 2548 2644 sejungere
2590 2555 2741 2642 agit.

1044 2661 1146 2724 De
1182 2658 1377 2724 altera
1409 2674 1710 2746 potestate
1749 2659 2026 2745 ejusdem
2060 2681 2183 2722 non
2215 2659 2420 2723 minus
2458 2675 2747 2724 accurate

1041 2761 1331 2849 exposuit
1351 2763 1801 2849 Wyttenbach.
1826 2762 1887 2826 in
1918 2761 2299 2826 Animadvv.
2326 2762 2388 2825 in
2416 2760 2741 2827 Plutarch.

1044 2864 1294 2930 Consol.
1318 2867 1398 2929 ad
1428 2864 1716 2952 Apollon.
1749 2888 1815 2951 p.
1840 2882 1873 2948 7
1893 2887 1908 2927 ι
1927 2882 1985 2948 7.
2017 2864 2106 2929 ita
2131 2864 2463 2952 incipiens:
2509 2873 2554 2905 ‘⁴
2577 2867 2743 2930 Nam

1042 2969 1424 3049 ἆπαρτᾶσθαί
1447 2993 1606 3035 τινος
1633 2967 1945 3054 duplicem
1974 2968 2165 3032 babet
2193 2968 2506 3032 notionem
2540 2991 2614 3033 ac
2642 2967 2738 3032 di·

1045 3070 1645 3157 versam.”—Igitur
1673 3073 2047 3153 ἆπαρτᾶσθαι
2074 3087 2167 3134 est
2194 3072 2274 3134 ab
2302 3071 2514 3157 aliquo
2545 3092 2741 3135 remo-

1043 3183 1176 3238 tum
1206 3193 1336 3237 esse
1352 3187 1556 3236 .·—est
1577 3173 1724 3237 item
1750 3174 1829 3238 ab
1850 3174 2066 3261 aliqua
2093 3195 2164 3237 re
2189 3195 2564 3261 suspensum
2585 3195 2737 3253 esse,

1041 3291 1114 3341 ut
1154 3278 1517 3360 ἐξαρτᾶσθαί
1554 3302 1730 3345 τινος.
1821 3276 1929 3341 Ad
1976 3275 2136 3342 banc
2179 3276 2577 3365 posteriorem
2610 3277 2737 3344 vim

1039 3379 1310 3466 pertinet
1351 3377 1507 3443 illud
1549 3378 2003 3444 substantivum
2048 3380 2395 3463 ἆπάρτησις,
2426 3381 2598 3468 quod
2632 3404 2735 3447 su-

1040 3506 1156 3570 pra
1199 3483 1428 3570 legitur
1457 3484 1535 3546 V.
1574 3503 1626 3546 1.
1661 3503 1722 3547 2.
1770 3506 1832 3571 p.
1864 3484 2013 3569 483.
2047 3483 2616 3548 D.—Iamblicbus
2659 3485 2740 3549 de

1041 3588 1312 3674 Myster.
1346 3588 1619 3673 AEgypt.
1651 3587 1713 3650 1.
1745 3586 1806 3650 8.
1854 3610 1917 3675 p.
1959 3587 2053 3651 16.
2087 3585 2267 3651 Gal.:
2326 3584 2503 3651 Ἀλλ’
2537 3588 2740 3668 ἐπειδὴ

1040 3697 1133 3756 δεῖ
1158 3689 1424 3777 (aliquot
1452 3688 1594 3753 libri
1623 3689 1745 3753 mei
1775 3689 1864 3770 δή.
1905 3689 2092 3771 male)
2124 3686 2315 3773 λόγου
2341 3689 2740 3774 στοχάζεσθαι

1037 3799 1276 3873 μᾶλλον
1316 3794 1413 3857 καὶ
1448 3797 1551 3872 τῆς
1589 3795 1751 3860 θείας
1791 3792 2129 3873 ἐπιστήμης,
2162 3794 2326 3858 ἀλλὰ
2352 3793 2432 3874 μὴ
2460 3794 2607 3875 πρὸς
2632 3794 2736 3859 ἄν·

1039 3903 1150 3979 δρα
1190 3896 1595 3978 διαλέγεσθαι,
1631 3897 1725 3959 καὶ
1766 3898 1933 3976 ἡμεῖς
1977 3900 2074 3961 διὰ
2115 3901 2286 3960 τοῦτο
2328 3893 2740 3978 ἑναρμόσομεν

1043 3998 1283 4086 (plures
1321 3996 1524 4062 Codd.
1559 3995 1982 4082 ἐναρμόζομεν)
2024 3999 2134 4077 τὴν
2178 3997 2583 4081 ἐπηρτημένην
2626 4001 2735 4080 ἆμ-

1039 4100 1409 4181 φισβήτ-ησιν
1437 4099 1582 4181 πρὸς
1613 4098 1867 4182 εὔλογόν
1895 4127 2030 4166 τινα
2060 4103 2156 4166 καὶ
2197 4102 2551 4186 θεολογικὴν
2580 4105 2739 4168 ἄντί-

1037 4209 1252 4285 ληψιν.
1301 4202 1492 4285 (Cod.
1537 4203 1756 4266 Fesch.
1804 4204 2234 4286 ἀπηρτημένην·
2282 4204 2737 4270 dubitationem

1035 4307 1383 4393 sejunctam
1410 4306 1759 4389 (remotam,
1783 4307 2086 4393 alienam)
2116 4309 2207 4372 uti
2229 4307 2299 4371 τὸ
2327 4309 2740 4391 ἀπηρτημένον

1037 4408 1269 4496 legitur
1294 4408 1444 4474 ibid.
1481 4410 1625 4473 111.
1665 4432 1728 4497 p.
1765 4430 1868 4496 93.
1915 4425 1980 4474 et
2023 4409 2116 4474 uti
2160 4424 2436 4476 suaserat
2481 4411 2733 4476 Lenne-

1038 4512 1200 4598 piuS.
1278 4514 1497 4599 Atque
1535 4511 1694 4576 banc
1733 4513 2150 4600 conjecturam
2188 4513 2373 4602 plane
2410 4514 2735 4580 confirmat

1038 4613 1200 4679 Cod.
1224 4614 1494 4679 Vindob.
1523 4637 1583 4677 n.
1612 4616 1992 4680 CCLXIV.
2018 4617 2199 4704 cujus
2220 4632 2515 4705 excerpta
2537 4616 2736 4682 Schu-

1036 4717 1237 4782 bartio
1265 4740 1404 4781 meo
1433 4717 1651 4782 debe0.

1123 4845 1188 4909 p.
1224 4840 1408 4907 1273,
1431 4844 1491 4902 4.
1539 4822 1669 4887 οἶον
1698 4823 1795 4886 καὶ
1830 4824 2172 4913 ἀνθρώπου]
2222 4823 2351 4888 Fic.
2384 4824 2727 4910 expressit:

1031 4925 1165 4990 οῖον
1197 4928 1342 4990 κατὰ
1371 4926 1701 5008 ἄνθρωπον,
1729 4925 1821 4990 uti
1849 4941 2194 4991 correctum
2226 4942 2317 4991 est
2348 4926 2407 4990 in
2435 4927 2617 4991 Med.
2640 4931 2728 4992 A.

1033 5042 1097 5092 et
1139 5052 1178 5092 a
1219 5027 1423 5115 prima
1465 5050 1655 5093 manu
1700 5029 2000 5115 scriptum
2046 5029 2107 5092 in
2152 5030 2431 5093 Darmst.
2506 5032 2733 5118 Neque

1033 5155 1184 5196 vero
1213 5155 1455 5196 necesse
1484 5146 1576 5196 est
1603 5132 1693 5197 ita
1719 5132 1965 5218 corrigi,
1997 5131 2186 5197 modo
2217 5132 2585 5196 Genitivum
2618 5133 2729 5197 ob-

1025 5235 1277 5321 jective,
1305 5233 1480 5321 quod
1509 5234 1707 5313 aiunt,
1735 5234 2001 5322 accipias
2028 5236 2103 5298 de
2130 5235 2396 5299 homine.

1120 5375 1203 5386 —
1240 5357 1340 5401 10.
1388 5339 1553 5401 ἀλλὰ
1578 5336 1645 5400 τὸ
1674 5339 2131 5417 βουλεύσασθαι
2162 5339 2258 5402 καὶ
2279 5337 2347 5401 τὸ
2374 5340 2732 5420 λελογίσθαι

1035 5443 1133 5504 aaa
1161 5441 1270 5519 τὴν
1295 5438 1583 5504 ὑπόθεσιν
1613 5468 1666 5504 κ.
1685 5465 1739 5503 τ.
1759 5441 1851 5525 λ.]
1907 5439 2232 5505 Pertinent
2269 5440 2404 5505 baec
2432 5439 2616 5504 etiam
2647 5439 2728 5504 ad

1029 5565 1140 5606 eos
1171 5541 1400 5606 Timaei
1437 5542 1742 5608 Platonici
1775 5540 1961 5624 locos,
1993 5543 2101 5608 ubi
2137 5543 2199 5607 in
2233 5542 2453 5608 mundi
2483 5544 2731 5631 opificio

2027 524 2864 593 ANNOTATIONES
2925 524 3041 591 IN
3102 525 3560 594 PLOTINI

2840 698 3091 764 consilia
3132 715 3196 765 et
3239 700 3508 766 rationes
3550 699 3807 765 attribui
3837 698 4131 765 videntur
4157 700 4362 789 opifici
4394 699 4534 765 deo.

2843 802 2947 866 Cf.
2993 825 3139 889 quae
3190 826 3381 890 supra
3430 802 3644 867 monui
3687 802 3769 865 ad
3812 824 3956 890 pag.
4004 805 4149 888 693.
4196 804 4539 868 A.—Mox

2841 903 3022 969 lectio
3059 904 3342 971 vatican.
3382 904 3558 971 libri:
3617 905 3687 970 τὸ
3731 904 3778 970 δ’
3811 905 3905 970 ἀεὶ
3943 902 4231 988 γινόμενα
4275 908 4534 985 ἐνδείξα-

2840 1012 2984 1072 σθαι
3027 1007 3230 1072 nescio
3272 1008 3589 1095 quomodo
3631 1007 3850 1094 placet.
3928 1008 3994 1074 Si
4024 1008 4343 1097 vulgatam
4389 1008 4535 1074 reti·

2839 1133 2970 1189 nes,
2999 1112 3079 1176 ad
3111 1114 3487 1192 ἐνδείξασθαι
3511 1111 3912 1199 cogitandum
3953 1124 4048 1177 est
4076 1113 4212 1178 τινά
4239 1112 4336 1177 vel
4365 1114 4535 1193 ἡμᾶς.

2842 1217 3134 1279 Ceterum
3168 1215 3384 1279 multae
3416 1214 3647 1281 Plotini
3678 1214 3998 1280 sententiae
4026 1238 4171 1280 cum
4199 1214 4373 1296 alibi,
4397 1229 4536 1281 tum

2840 1318 2958 1384 hoc
3002 1319 3064 1382 in
3109 1318 3270 1383 libro
3311 1317 3498 1383 dictae
3536 1318 3863 1406 magnifice
3900 1334 4257 1406 congruunt
4288 1340 4433 1384 cum
4459 1318 4532 1381 li-

2837 1422 2975 1500 bro,
3006 1421 3117 1509 qui
3146 1445 3225 1486 ex
3257 1421 3523 1486 Arabico
3566 1444 3846 1486 sermone
3872 1420 3938 1485 in
3970 1422 4273 1486 Latinum
4306 1420 4536 1508 saepius

2837 1547 3171 1590 conversus
3217 1523 3574 1590 Aristotelis
3617 1548 3841 1590 nomen
3888 1524 4208 1604 mentitur,
4254 1524 4532 1589 inscribi·

2840 1643 3071 1716 turque
3099 1628 3179 1693 de
3209 1628 3561 1716 Theologia
3590 1628 4045 1716 AEgyptiorum
4078 1627 4188 1712 (de
4216 1651 4346 1716 quo
4375 1626 4534 1693 libro

2837 1731 2965 1796 vid.
3017 1731 3291 1795 Fabricii
3343 1730 3510 1796 Bibl.
3569 1732 3687 1795 Gr.
3729 1729 3867 1795 Vol.
3906 1731 4047 1794 ΙΙΙ.
4093 1752 4155 1817 p.
4193 1731 4534 1814 278—280

2835 1834 2986 1921 ibiq.
3050 1834 3323 1899 Harlesii
3352 1833 3827 1918 additamenta).
3890 1832 4142 1897 Etenim
4177 1831 4240 1896 in
4270 1856 4345 1897 eo
4373 1831 4533 1898 libro

2834 1936 3133 2024 leguntur
3174 1937 3358 2001 etiam
3406 1937 3540 2002 haec
3587 1938 3783 2002 XIV.
3821 1956 3934 2021 15:
3988 1936 4264 2014 “Quare
4308 1937 4534 2024 proba-

2835 2056 2995 2118 tum,
3025 2039 3196 2127 quod
3229 2041 3432 2118 DeuS,
3462 2041 3646 2128 cujus
3677 2062 3900 2105 nomen
3931 2038 4263 2114 exaltetur,
4292 2043 4533 2105 creavit

2833 2146 3203 2208 universum
3230 2144 3459 2232 absque
3486 2145 3935 2208 consultatione
3961 2164 4072 2207 seu
4093 2144 4532 2231 cogitationes*

2919 2270 2981 2333 p.
3022 2265 3206 2329 1274,
3238 2266 3301 2333 3.
3350 2247 3445 2311 καὶ
3480 2249 3577 2311 διὰ
3610 2248 3672 2310 τί
3706 2246 3954 2334 ὀφρύες]
4005 2245 4168 2310 Fic.:
4220 2246 4527 2311 “Iterum

2832 2374 2944 2414 cur
2970 2352 3219 2416 nareS.”
3296 2350 3558 2416 Correxi
3587 2348 3880 2437 quoniam
3914 2370 4128 2413 omnes
4156 2347 4297 2412 libri
4331 2350 4526 2414 MSS.

2830 2453 3186 2540 conspirant
3216 2453 3277 2518 in
3311 2456 3548 2537 ὀφρύες.
3622 2454 3782 2530 Quae
3811 2452 4110 2516 continuo
4137 2465 4522 2538 sequuntur:

2833 2557 2927 2621 καὶ
2957 2561 3072 2640 γὰρ
3103 2560 3156 2621 εἰ
3186 2558 3361 2622 ἕνεκα
3390 2558 3678 2639 σωτηρίας
3708 2583 3757 2619 κ.
3776 2582 3826 2618 τ.
3846 2563 3908 2620 λ.
3938 2553 4105 2619 dicta
4128 2554 4420 2619 videntur
4448 2555 4527 2620 de

2836 2661 3087 2724 Socrate
3129 2676 3192 2723 et
3227 2658 3323 2738 iis,
3353 2659 3464 2747 qui
3504 2673 3644 2746 post
3687 2659 3892 2746 ipsum
3928 2659 4195 2723 rationes
4223 2659 4527 2744 persecuti

2830 2778 3006 2826 erant
3037 2762 3450 2850 teleologicas,
3480 2785 3636 2848 quas
3666 2760 3854 2825 hodie
3881 2760 4124 2826 dicunt.
4203 2761 4308 2826 Cf.
4339 2785 4528 2849 supra

2831 2887 2894 2952 p.
2931 2866 3080 2950 692.
3117 2867 3198 2929 D.
3229 2865 3379 2952 ibiq.
3410 2879 3651 2929 annott.

2914 2992 2979 3055 p.
3022 2987 3207 3054 1275,
3240 2972 3296 3031 8.
3344 2967 3481 3032 ἀλλ’
3517 2971 3570 3032 εἰ
3606 2970 3718 3048 μὲν
3758 2973 3907 3043 ζῶον
3944 2966 4193 3049 λογικὸν
4229 2970 4263 3032 6
4299 2969 4521 3051 ἄνθρω·

2826 3096 2938 3138 πος
2968 3098 3016 3134 κ.
3036 3097 3091 3134 τ.
3110 3072 3202 3155 λ.]
3254 3072 3442 3135 Hanc
3481 3070 3886 3158 quaestionem
3934 3070 4010 3134 de
4051 3070 4297 3136 homine
4338 3070 4526 3138 Ploti-

2825 3195 2946 3237 nus
2976 3174 3094 3238 sub
3118 3173 3264 3237 vitae
3293 3197 3423 3238 suae
3447 3175 3629 3237 finem
3652 3173 3878 3238 iterum
3908 3172 4177 3237 instituit
4198 3173 4262 3238 in
4293 3173 4521 3255 libello,

2823 3298 3014 3363 quem
3060 3275 3453 3364 Porphyrius
3503 3275 3565 3340 in
3623 3275 3831 3340 limine
3876 3274 4101 3339 harum
4146 3277 4522 3345 Enneadum

2823 3377 3167 3456 collocavit,
3200 3378 3492 3444 nimirum
3522 3379 3631 3457 ita,
3665 3394 3733 3444 ut
3763 3381 3896 3467 jam
3939 3379 4019 3444 sit
4050 3380 4371 3446 Enneadis
4400 3383 4525 3470 pri-

2828 3505 2945 3547 mae
2973 3481 3129 3547 liber
3157 3482 3417 3571 primuS.
3498 3482 3871 3548 Inscribitur
3898 3499 4146 3547 autem:
4194 3486 4256 3548 τί
4278 3485 4346 3549 τὸ
4373 3492 4521 3563 ζῶον

2827 3585 2923 3651 καὶ
2950 3587 3037 3652 τίς
3064 3587 3097 3649 6
3127 3587 3468 3668 ἄνθρωπος-ς
3516 3602 3735 3674 estque
3763 3610 3907 3652 cum
3940 3586 4057 3651 hac
4083 3588 4221 3675 ipsa
4246 3587 4524 3675 disputa-

2827 3689 2995 3754 tione
3022 3688 3509 3776 componendus

2911 3815 2977 3880 p.
3020 3796 3201 3871 1276,
3231 3813 3290 3877 9.
3338 3790 3426 3875 ἆρ’
3460 3794 3568 3858 οὖν
3595 3792 3770 3860 αὐτὸς
3797 3795 3829 3857 6
3859 3795 4045 3876 λόγος
4070 3795 4219 3870 ζῶόν
4249 3795 4377 3857 ἐστι
4413 3802 4517 3859 λο·

2824 3897 3015 3979 γικὸν,
3055 3894 3092 3976 ἢ
3131 3896 3200 3960 τὸ
3240 3894 3810 3979 συναμφότερον-ἢ
3853 3897 3892 3976 ἡ
3933 3896 4103 3979 ψυχὴ
4146 3898 4179 3959 6
4218 3897 4522 3979 ἄνθρωπος

2826 3999 3049 4089 ἔσται]
3096 4002 3272 4064 Ante
3307 3999 3521 4063 oculos
3560 3998 3748 4063 habet
3779 3998 4067 4063 Plotinus
4099 3999 4366 4063 Socratis
4394 3999 4518 4064 dis·

2824 4116 3046 4188 putata
3097 4101 3159 4166 in
3206 4101 3538 4167 Alcibiade
3582 4099 3787 4188 priore
3840 4124 3901 4189 p.
3941 4120 4083 4187 123.
4171 4101 4281 4166 Ad
4330 4126 4521 4190 quem

2826 4203 3317 4293 olympiodorus
3367 4228 3421 4270 c.
3455 4205 3724 4268 XXIV.
3773 4227 3834 4292 p.
3871 4223 3995 4269 202
4017 4207 4210 4272 :—rls·
4259 4206 4296 4285 ἡ
4346 4207 4524 4271 οὐσία

2820 4307 3004 4387 ἡμῶν·
3052 4308 3121 4372 οὗ
3150 4307 3217 4371 τὸ
3247 4307 3419 4389 σῶμά
3460 4309 3626 4371 ἐστιν
3655 4309 3689 4371 6
3719 4307 4044 4390 ἅνθρωπος,
4076 4308 4147 4372 οὖ
4175 4308 4245 4372 τὸ
4277 4309 4354 4390 (f.
4385 4311 4522 4375 οὐδὲ

2822 4409 2921 4494 τὸ)
2960 4408 3597 4493 συναμφότερον.-“Ο
3639 4411 3706 4474 δὲ
3746 4410 4124 4493 κατηγορικὸς
4161 4417 4440 4481 τοιοῦτος·
4487 4416 4520 4477 6

2822 4514 3129 4595 ἅνθρωπος
3170 4513 3405 4599 ὀργάνῳ
3441 4517 3654 4597 χρῆται
3696 4517 3776 4599 τῷ
3823 4516 4069 4594 σώματι.
4127 4516 4222 4578 καὶ
4264 4518 4380 4598 γὰρ
4421 4521 4516 4581 δε-

2822 4616 3026 4691 σπόζει
3064 4616 3260 4689 αὐτοῦ,
3293 4617 3394 4679 ὅτε
3429 4619 3546 4699 γὰρ
3578 4617 3885 4695 βούλεται,
3920 4616 4016 4679 καὶ
4056 4615 4151 4698 ἐφ’
4183 4617 4335 4681 ὅσον
4370 4622 4514 4698 ‘3025-

2819 4726 3009 4793 λεται,
3058 4719 3155 4784 καὶ
3202 4720 3351 4784 ὅπου
3394 4722 3705 4800 βούλεται,
3755 4725 3910 4783 κινεῖ
3946 4719 4111 4784 αὐτό.
4173 4720 4241 4784 τὸ
4284 4722 4516 4809 ὀργάνῳ

2818 4823 3128 4906 χρώμενον
3164 4826 3246 4909 τῷ
3286 4824 3513 4902 σώματι
3540 4821 3711 4906 ψυχή
3751 4823 3938 4886 ἐστιν·
3984 4825 4018 4886 6
4060 4824 4366 4907 ἄνθρωπος
4404 4828 4519 4907 ἄρα

2815 4923 2987 5008 ψυχή
3033 4926 3220 4988 ἐστιν.
3270 4952 3324 4989 κ.
3346 4951 3398 4989 τ.
3418 4933 3477 4988 λ.
3569 4926 3734 4989 Nam
3782 4939 3954 4989 totus
3999 4923 4103 4988 ille
4152 4924 4324 4991 locus
4371 4951 4513 4993 cum

2821 5028 3177 5093 Plotiniano
3204 5026 3662 5116 comparandus
3690 5042 3784 5092 est
3812 5050 3868 5091 c.
3897 5029 4166 5092 XXIV.
4191 5043 4253 5093 et
4285 5031 4512 5095 XXV.

2821 5154 3020 5219 usque
3061 5132 3141 5197 ad
3171 5156 3235 5221 p.
3274 5151 3418 5217 209.
3457 5130 3569 5195 ubi
3610 5130 3673 5195 in
3719 5142 3957 5195 annott.
3989 5146 4052 5194 et
4095 5129 4412 5197 Plotinum
4452 5150 4517 5199 et

2817 5238 2864 5299 J
2870 5234 3144 5300 ulianum
3178 5235 3456 5323 aliosque
3481 5234 3559 5299 ad
3592 5248 3800 5322 partes
3826 5233 4206 5298 vocavimus

2902 5361 2972 5426 p.
3002 5355 3189 5422 1277,
3215 5339 3276 5401 8.
3323 5341 3392 5403 ἐν
3422 5340 3649 5418 σώματι
3677 5339 3743 5401 δὲ
3768 5339 4150 5419 μορφώσασα
4179 5338 4303 5402 κατ’
4333 5339 4514 5419 αὐτὴν

2819 5443 2915 5506 καὶ
2957 5444 3112 5506 ἄλλο
3158 5444 3407 5506 εἴδωλον
3451 5441 3809 5527 ἀνθρώπου.]
3872 5439 4131 5504 Ficinus
4173 5443 4509 5528 expressit:

2818 5543 2943 5610 καθ’
2997 5544 3196 5623 αὐτὴν,
3250 5544 3423 5631 quod
3476 5557 3841 5631 recepturus
3890 5565 4083 5620 eram,
4132 5543 4323 5608 modo
4372 5545 4511 5611 libri
