5118 6613
1141 566 1264 620 102

1135 719 1429 786 excitavit
1465 739 1532 807 p.
1583 719 1729 805 632.
1780 716 2015 805 quibus
2063 716 2226 782 adde
2277 716 2710 807 Olympiodor.
2761 716 2826 782 in

1136 821 1339 888 Alcib.
1366 845 1468 910 pr.
1497 845 1561 910 p.
1599 822 1745 888 226.
1773 824 1880 884 τοῧ
1903 824 2163 885 παλαιοῦ
2188 821 2377 904 λόγου
2405 819 2693 904 λέγοντος
2720 821 2828 900 τὴν

1136 925 1353 1008 ἀρετὴν
1380 923 1714 989 ἀδέσποτον
1743 923 1839 987 καὶ
1877 922 2397 1005 ἐλευθέραν.-διὸ
2442 925 2539 989 καὶ
2579 925 2618 1004 ἦ
2657 926 2829 1007 ψυχὴ

1138 1027 1426 1110 ἐλευθέρα
1476 1027 1642 1091 ἐστὶν
1684 1026 1762 1093 ὥς
1802 1026 2176 1106 αὖτοκίνητος
2226 1026 2321 1090 καὶ
2362 1027 2547 1109 φύσει
2596 1026 2827 1110 ἀρχική.

1139 1129 1386 1211 Quibus
1427 1126 1756 1217 jungenda
1801 1141 1970 1205 sunt,
2014 1150 2161 1215 quoe
2213 1126 2296 1192 de
2328 1128 2562 1193 virtute
2605 1128 2832 1217 praedi-

1137 1246 1360 1299 cantur
1400 1231 1465 1295 in
1505 1229 1816 1295 Ciceronis
1844 1228 2188 1295 Paradoxis
2215 1229 2357 1295 ΙΙΙ.
2387 1251 2443 1295 1.
2477 1249 2616 1310 22.;
2660 1245 2725 1296 et
2751 1231 2831 1296 de

1137 1334 1437 1401 nobiliore
1462 1333 1670 1399 anima
1694 1331 1937 1419 corpori
1967 1354 2092 1396 non
2120 1331 2391 1398 obnoxia
2415 1331 2833 1398 consulendus

1139 1435 1497 1503 Aristoteles
1523 1435 1606 1501 de
1634 1435 1871 1500 Anima
1902 1435 1959 1500 Ι.
1993 1458 2059 1522 p.
2092 1455 2155 1520 3.
2191 1433 2365 1523 Sylb.
2395 1450 2458 1501 et
2486 1436 2831 1524 praesertim

1140 1542 1278 1606 ΙΙΙ.
1308 1561 1369 1621 4.
1401 1563 1468 1627 p.
1496 1553 1604 1626 57.
1639 1561 1731 1625 sq.
1782 1539 2098 1603 Caeterum
2149 1537 2233 1603 ad
2283 1537 2419 1603 haec
2468 1537 2831 1603 Bruckerus

1135 1642 1203 1707 in
1232 1643 1402 1708 Hist.
1437 1641 1599 1707 Crit.
1626 1639 1863 1706 Philos.
1900 1641 1999 1706 ΙΙ.
2029 1664 2096 1728 p.
2125 1655 2307 1725 425.:
2358 1647 2404 1681 “
2432 1641 2558 1721 Ita,
2604 1640 2830 1728 inquit,

1137 1746 1323 1833 nugis
1349 1744 1477 1810 suis
1502 1742 1808 1808 idealibus
1837 1742 2044 1808 omnia
2085 1742 2494 1832 philosophiae
2531 1744 2831 1809 naturalis

1135 1848 1341 1936 capita
1376 1860 1790 1934 corruperunt
1816 1845 2012 1934 inepti
2053 1844 2468 1934 philosophi.”
2556 1847 2743 1912 Talia
2780 1848 2830 1913 si

1138 1973 1327 2038 nugae
1380 1948 1645 2015 dicenda
1693 1964 1862 2028 sunt,
1904 1971 2017 2014 nec
2058 1949 2267 2013 minus
2316 1949 2830 2038 philosophorum

1138 2037 1318 2120 Deus
1335 2051 1521 2118 Plato
1539 2051 1761 2140 nugari
1783 2050 2086 2117 dicendus
2102 2051 2235 2116 erit.
2283 2052 2602 2141 Equidem
2630 2054 2832 2119 istius-

1138 2155 1309 2221 modi
1351 2178 1605 2243 quoque
1638 2153 1879 2242 judicia
1912 2154 2236 2220 hominum
2275 2155 2421 2221 hinc
2454 2156 2601 2222 inde
2639 2156 2833 2245 adpo-

1136 2281 1307 2338 nam,
1336 2282 1415 2323 ne
1458 2257 1811 2346 interpretis
1837 2257 2039 2322 officio
2065 2258 2276 2325 deesse
2306 2258 2535 2325 videar.
2612 2262 2832 2347 Atque

1135 2362 1252 2427 hac
1296 2363 1444 2428 data
1483 2361 1799 2426 occasione
1842 2361 1959 2426 hoc
2001 2361 2256 2449 insuper
2296 2361 2606 2449 adjiciam.
2695 2362 2829 2427 Ob·

1137 2488 1388 2530 scurum
1417 2488 1549 2529 esse
1573 2463 1892 2529 Plotinum
1918 2487 2100 2529 nemo
2128 2464 2459 2552 quisquam
2489 2464 2829 2552 negaverit,

1136 2568 1246 2634 sed
1289 2568 1689 2634 obscuratum
1735 2566 2004 2631 eundem
2047 2589 2177 2631 esse
2213 2565 2605 2632 librariorum
2644 2566 2832 2655 culpa

1136 2695 1250 2737 nec
1278 2672 1485 2736 minus
1511 2669 1860 2734 fatendum.
1949 2668 2187 2755 Arguit
2215 2669 2333 2734 hoc
2372 2669 2580 2756 ipsum
2615 2684 2827 2758 caput,

1136 2773 1310 2861 quod
1339 2771 1511 2837 haud
1539 2771 1731 2836 dubie
1761 2771 1967 2835 ulcera
2008 2769 2260 2835 latentia
2301 2770 2487 2859 plura
2521 2770 2733 2852 habet,
2764 2773 2829 2838 in

1138 2876 1368 2964 quibus
1413 2873 1652 2939 urendo
1708 2873 1971 2938 secando
2026 2873 2290 2960 grassari
2346 2871 2694 2940 noluimus:
2756 2898 2832 2941 ac

1141 2977 1404 3066 proinde
1434 2975 1706 3065 plurima
1730 2975 1964 3040 intacta
1991 2974 2374 3063 reliquimus.

1225 3104 1290 3169 p.
1319 3099 1466 3166 254,
1490 3100 1550 3165 9.
1576 3082 1651 3143 τὰ
1677 3081 1742 3143 δὲ
1770 3083 2049 3162 δυσχερῆ,
2081 3082 2177 3143 διὰ
2205 3079 2314 3158 τὴν
2341 3080 2826 3160 μίξιν-δαίμων,

1143 3184 1314 3266 φησὶ,
1358 3181 1545 3265 μέγας
1594 3209 1645 3245 κ.
1668 3206 1719 3246 τ.
1741 3182 1835 3269 λ.]
1882 3180 2029 3245 Vid.
2087 3180 2369 3247 Platonis
2422 3183 2710 3270 Sympos.
2764 3205 2826 3270 p.

1144 3302 1291 3351 202.
1345 3283 1565 3372 Steph.
1625 3308 1692 3372 Ρ.
1712 3285 1860 3363 428.
1915 3282 2121 3349 Bekk.
2173 3286 2419 3365 Δαίμων
2466 3284 2676 3368 μέγας.
2736 3289 2832 3351 διὰ

1143 3391 1351 3453 τούτου
1380 3389 1475 3453 καὶ
1504 3388 1541 3467 ἡ
1567 3388 1816 3467 μαντικῆ
1843 3393 2013 3453 πᾶσα
2033 3393 2234 3472 χωρεῖ,
2264 3389 2360 3453 καὶ
2385 3388 2520 3470 περὶ
2547 3388 2656 3467 τὴν
2682 3414 2830 3468 μαν-

1142 3492 1308 3555 τείαν
1352 3495 1573 3556 πᾶσαν.
1642 3490 1743 3555 Cf.
1792 3490 1980 3556 etiam
2031 3489 2348 3555 Timaeum
2395 3514 2457 3576 Ρ.
2480 3490 2581 3573 89.
2624 3513 2718 3577 sq.
2766 3504 2828 3556 et

1142 3592 1483 3681 praesertim
1532 3592 1761 3658 adhibe
1795 3592 2001 3659 locum
2042 3592 2361 3681 geminum
2407 3591 2641 3657 Plotini
2689 3593 2825 3656 III.

1142 3715 1209 3776 4.
1232 3717 1293 3782 3.
1325 3719 1392 3784 p.
1415 3696 1559 3776 284.
1594 3695 1703 3760 ubi
1736 3695 1921 3783 plura
1964 3695 2045 3760 de
2085 3695 2368 3761 daemone
2408 3694 2593 3760 etiam
2637 3716 2711 3760 ac
2752 3694 2832 3759 de

1142 3799 1428 3863 Deorum
1453 3798 1906 3887 geniorumque
1933 3798 1996 3863 in
2026 3821 2139 3862 nos
2166 3811 2489 3885 potestate.

1229 3938 1318 3950 —
1342 3918 1490 3986 255,
1520 3921 1615 3986 13.
1647 3903 1684 3981 ἦ
1713 3903 2046 3984 πανουργία
2070 3901 2266 3966 ἐθέλει
2292 3906 2431 3968 νοῦς
2461 3900 2638 3986 εἶναι]
2677 3903 2833 3967 Por-

1144 4001 1409 4090 phyrius
1436 4002 1606 4089 apud
1650 4002 1946 4067 Proclum
1986 4002 2048 4066 in
2097 4002 2411 4068 Timaeum
2460 4027 2527 4091 p.
2549 4023 2699 4089 335.
2737 4006 2833 4069 καὶ

1146 4108 1263 4188 γὰρ
1293 4108 1400 4168 νοῦ
1446 4113 1633 4186 φησιν
1662 4106 1696 4168 ὁ
1736 4111 2048 4172 Πλωτῖνος
2075 4107 2360 4187 ἀπόῤῥοια
2388 4108 2659 4188 γίγνεται
2684 4131 2832 4171 παν-

1148 4207 1358 4288 ουργία
1400 4210 1507 4269 τοῦ
1550 4206 1887 4285 δεξαμένου.
1966 4207 2067 4270 Cf.
2116 4207 2381 4271 eundem
2430 4207 2493 4271 in
2552 4206 2834 4272 Platonis

1147 4307 1437 4372 Politiam
1465 4331 1531 4394 p.
1547 4309 1694 4394 378.
1742 4308 1852 4372 11111
1896 4307 2112 4372 eadem
2155 4308 2346 4372 verba
2385 4307 2637 4373 laudat:
2685 4309 2832 4374 item

1146 4410 1212 4473 in
1242 4408 1454 4475 Alcib.
1488 4412 1547 4475 I.
1579 4434 1630 4475 0.
1660 4430 1755 4477 12.
1787 4433 1853 4498 p.
1875 4430 1982 4495 34.
2027 4410 2123 4474 ed.
2169 4411 2455 4475 Francos.
2501 4426 2692 4476 nostr.
2724 4411 2833 4477 ubi

1148 4513 1472 4578 Platonem
1516 4513 1579 4576 in
1635 4512 1906 4577 Phaedro
1943 4536 1998 4577 0.
2033 4514 2135 4579 28.
2163 4536 2224 4601 Ρ.
2255 4514 2400 4593 248.
2429 4537 2496 4601 p.
2523 4533 2632 4597 45.
2670 4512 2836 4579 Bek-

1147 4615 1301 4693 keri,
1330 4615 1521 4701 inque
1548 4613 1724 4679 illum
1759 4615 2082 4679 Hermiam
2114 4638 2178 4702 p.
2212 4635 2353 4700 151.
2386 4614 2794 4680 laudavimus.

1233 4753 1320 4767 -
1345 4717 1491 4801 256,
1514 4738 1575 4798 4.
1623 4716 1909 4799 συνεργὸς
1936 4721 2001 4782 δὲ
2027 4718 2222 4805 ἥλως]
2270 4718 2638 4804 Anonymus
2664 4718 2835 4804 apud

1151 4818 1425 4884 Hasium
1466 4819 1531 4883 in
1577 4817 1945 4883 Animadvv.
1975 4819 2039 4883 in
2074 4820 2166 4883 Io.
2216 4821 2411 4884 Laur.
2451 4820 2713 4907 Lydum
2757 4821 2836 4885 de

1150 4921 1424 4987 Ostentis
1480 4944 1542 5008 p.
1564 4941 1713 5007 313.
1764 4919 1936 4988 οὗτος
1978 4926 2095 5004 γᾶρ
2148 4923 2372 5006 (ἥλως)
2429 4922 2555 5004 ἔχει
2605 4924 2718 5002 μὲν
2767 4926 2836 4987 ἐν

1150 5026 1336 5109 ἑαυτῷ
1363 5024 1470 5102 τὴν
1497 5030 1615 5088 τῶν
1642 5025 1802 5087 ὅλων
1831 5024 2065 5097 οὐσίαν,
2098 5025 2193 5088 καὶ
2231 5026 2328 5087 διὰ
2355 5025 2528 5087 τοῦτό
2556 5049 2710 5090 τινες
2738 5025 2832 5088 καὶ

1148 5131 1217 5209 τῇ
1239 5132 1357 5190 τῶν
1384 5125 1695 5207 τεσσάρων
1724 5128 2038 5209 στοιχείων
2067 5128 2249 5207 φύσει
2277 5129 2485 5189 τοῦτον
2517 5130 2834 5206 κεκρᾶσθαι

1148 5228 1353 5317 ᾤοντο.
1440 5226 1722 5309 Ἡγεμῶν
1773 5228 1821 5292 δ’
1877 5229 2009 5293 ἐστὶ
2051 5232 2155 5292 τοῦ
2205 5229 2542 5306 σύμπαντος
2588 5228 2830 5306 κόσμου,

1151 5334 1246 5397 καὶ
1273 5331 1511 5396 πάντων
1539 5331 1894 5414 γεννητικός·
1925 5336 2155 5413 γεννῶν
2182 5331 2249 5393 δὲ
2292 5329 2456 5396 αὖθις
2485 5329 2581 5392 καὶ
2609 5331 2836 5393 διαλύει

1151 5437 1247 5499 καὶ
1288 5435 1433 5516 πρὸς
1475 5434 1580 5498 τὸν
1609 5432 2004 5515 σπερματικὸν
2044 5434 2234 5514 λόγον
2277 5430 2710 5512 ἀναλαμβάνει,
2754 5436 2836 5495 aa.

1150 5538 1283 5605 δοὺς
1322 5539 1432 5617 μὲν
1465 5541 1536 5617 τῇ
1576 5539 1687 5617 ὕλῃ
1730 5536 1942 5600 οὐσίαν
1972 5534 2194 5619 σχεδὸν
2240 5535 2335 5600 καὶ
2372 5535 2541 5613 ζωὴν,
2575 5537 2834 5599 ἀνταπο-

2061 545 2890 613 ANNOTATIONES
2957 546 3069 611 IN
3135 547 3581 614 PLOTINI

2908 717 3238 800 λαμβάνων
3265 722 3331 785 δὲ
3357 720 3467 801 τὴν
3494 722 3723 788 ἀνωθεν
3747 722 4013 806 ὕπαρξιν.

2977 837 3293 908 —257‚2.
3314 824 3527 908 ἀψυχα
3541 826 3736 889 τὸνέν
3753 825 3906 912 αὐτῷ
3922 824 4113 906 πάντη
4134 826 4387 911 ὄργανα]
4413 826 4601 892 Hanc

2910 923 3421 1012 philosophorum
3479 925 3718 1013 aliquot
3781 927 4146 993 sententiam
4211 928 4423 1017 attigit
4477 930 4600 994 Ez.

2916 1026 3252 1115 Spanhem.
3279 1028 3345 1093 in
3374 1028 3536 1094 notis
3564 1029 3720 1093 etin
3747 1030 4080 1117 Epo-eavea
4107 1031 4186 1096 de
4214 1032 4601 1119 Remarqm

2911 1130 2984 1193 in
3010 1130 3268 1194 Iuliani
3299 1132 3585 1197 C'aesares
3611 1154 3677 1218 p.
3702 1150 3846 1218 234.
3881 1145 3946 1196 et
3972 1155 4038 1220 p.
4067 1152 4209 1199 100.
4241 1132 4322 1198 ad
4348 1132 4600 1213 calcem,

2913 1254 3028 1298 1100
3056 1231 3389 1297 Plotiniani
3419 1232 3537 1298 loci
3565 1232 3815 1299 oblitus.

2999 1372 3090 1384 —
3115 1336 3214 1400 16.
3262 1333 3464 1418 ὥσπερ
3507 1337 3867 1418 στρατιότας
3914 1340 4255 1427 στρατηγῷ]
4306 1337 4493 1403 Plato
4535 1337 4600 1402 111

2915 1436 3191 1503 Phaedro
3216 1460 3280 1525 p.
3306 1438 3451 1519 246.
3486 1451 3643 1503 extr.
3674 1462 3690 1503 z
3738 1438 3773 1503 δ
3800 1441 3913 1518 μὲν
3941 1440 4012 1519 δὴ
4054 1440 4241 1523 μέγας
4267 1438 4504 1523 ἧγεμῶν
4534 1442 4602 1505 ἐν

2915 1541 3143 1626 οὐρανῷ
3184 1540 3349 1614 Ζεὺς,
3403 1540 3627 1621 πτηνὸν
3676 1539 3834 1624 ἅρμα
3885 1544 4174 1620 ἐλαύνων,
4218 1549 4443 1625 πρότος
4489 1568 4598 1607 πο-

2910 1645 3161 1724 ρεύεται,
3192 1648 3524 1723 διακοσμῶν
3562 1643 3757 1708 πάντα
3795 1645 3891 1708 καὶ
3920 1647 4397 1726 ἐπιμελούμενος·
4444 1648 4526 1731 τῷ
4549 1643 4598 1710 δ’

2915 1745 3117 1810 ἕπεται
3145 1749 3392 1827 στρατιὰ
3420 1750 3573 1810 θεῶν
3608 1771 3674 1811 τε
3706 1747 3801 1812 καὶ
3838 1748 4152 1827 δαιμόνων,
4203 1751 4352 1812 κατὰ
4391 1748 4601 1813 ἕνδεκα

2911 1847 3060 1930 μέρη
3092 1847 3514 1929 κεκοσμημένη.

2985 1973 3051 2038 p.
3069 1950 3215 2034 258,
3236 1969 3264 2014 1
3281 1970 3336 2013 1.
3360 1951 3513 2033 Περὶ
3535 1953 3601 2015 δὲ
3621 1953 3844 2025 πενίας,
3870 1952 3967 2016 καὶ
3985 1954 4293 2027 πλούτους,
4320 1953 4416 2018 καὶ
4433 1954 4603 2032 δόξας

2917 2080 2969 2116 κ.
2991 2079 3044 2116 τ.
3069 2053 3166 2141 λ.]
3217 2051 3511 2117 Similiter
3554 2052 3971 2142 Philosophus
4019 2054 4413 2141 Lycopolites
4439 2054 4603 2120 infra

2919 2178 2979 2241 p.
3005 2172 3149 2239 231.
3204 2177 3297 2241 sq.
3365 2155 3538 2237 (III.
3600 2176 3653 2219 1.
3699 2159 3796 2240 5.)
3855 2156 3995 2222 1000
4051 2156 4370 2244 longiore3
4434 2156 4601 2222 unde

2915 2256 3051 2322 haec
3095 2270 3338 2321 tantum
3389 2256 3768 2324 adscribam:
3814 2265 3936 2326 πῦς
3984 2258 4061 2324 ἂν
4106 2261 4214 2324 οὖν
4264 2261 4303 2340 ἦ
4350 2259 4601 2325 ἑκάστου

2916 2359 3129 2443 σχέσις
3158 2361 3254 2424 ἐπὶ
3293 2366 3410 2424 τῶν
3449 2361 3684 2442 ἀστρων
3713 2368 3877 2427 ποιεῖ
3904 2360 3943 2425 ἃ
3972 2362 4080 2442 ἤδη
4113 2363 4178 2426 ἐκ
4207 2362 4478 2444 πατέρων
4506 2365 4603 2427 οὕ-

2916 2487 3027 2530 τως
3067 2463 3221 2542 ἔξειν
3247 2462 3526 2545 λέγεταις
3572 2461 3610 2543 ἢ
3639 2467 3755 2546 γὰρ
3785 2466 3983 2528 ἐκεῖνα
4021 2467 4096 2528 τὰ
4138 2466 4398 2546 πρότερα
4434 2464 4603 2529 ἔσται

2917 2567 2991 2629 τὰ
3017 2564 3378 2644 ποιοῦντα,ἢ
3409 2568 3462 2629 εἰ
3501 2566 3581 2645 μὴ
3612 2568 3808 2630 ἐκεῖνα
3838 2571 4003 2631 ποιεῖ
4032 2567 4166 2630 οὐδὲ
4196 2571 4398 2631 ταῦτα.
4478 2568 4603 2632 Co·

2912 2666 3146 2755 piosius
3173 2667 3290 2732 1100
3334 2667 3496 2732 idem
3528 2682 3967 2756 argumentum
3994 2683 4218 2733 tractat
4245 2668 4433 2733 etiam
4458 2668 4598 2734 Ori-

2910 2792 3100 2857 genes
3125 2769 3189 2833 in
3219 2769 3490 2834 Genesin
3515 2771 3577 2854 §.
3603 2791 3664 2856 9.
3698 2794 3762 2858 p.
3794 2791 3894 2852 14.
3957 2769 4167 2851 Ruaei,
4198 2770 4512 2859 planeque
4537 2771 4600 2836 in

2915 2871 3317 2960 condiscipuli
3371 2872 3466 2937 sui
3516 2873 3897 2938 sententiam.
3993 2872 4221 2961 Attigit
4269 2873 4406 2939 haec
4455 2874 4602 2940 item

2919 2973 3246 3039 Sallustius
3279 2974 3360 3039 de
3400 2974 3539 3039 Diis
3566 2991 3631 3040 et
3675 2975 3931 3040 Mundo
3970 2999 4025 3040 0.
4047 2996 4109 3061 9.
4141 2999 4207 3064 p.
4226 2996 4333 3062 34.
4368 2976 4601 3042 Orell.:

2915 3077 2983 3141 τὸ
3013 3079 3080 3141 δὲ
3122 3078 3219 3142 καὶ
3260 3077 3530 3159 πατέρων
3571 3078 3874 3160 εὐγένειαν
3912 3076 3951 3157 ἢ
3991 3078 4342 3160 δυσγένειαν
4383 3079 4600 3161 προλέ-

2913 3205 3063 3262 γειν,
3097 3180 3174 3247 ὥς
3200 3181 3269 3244 οὗ
3306 3179 3502 3244 πάντα
3542 3183 3887 3254 ποιούντων,
3920 3183 4053 3244 τινὰ
4091 3182 4157 3244 δὲ
4195 3183 4606 3262 σημαινόντων

2912 3283 3098 3362 μόνον
3124 3287 3242 3347 τῶν
3270 3282 3537 3365 ἀστέρων
3565 3283 3880 3348 διδάσκειν.
3949 3282 4053 3348 Cf.
4101 3282 4499 3351 Chalcidium
4537 3284 4604 3352 in

2914 3383 3194 3449 Platonis
3254 3384 3567 3449 Timaeum
3619 3408 3683 3473 p.
3720 3387 3883 3450 218:
3936 3382 4029 3473 [p.
4061 3405 4211 3470 324.
4267 3386 4367 3451 ed.
4424 3388 4484 3453 Ι.
4519 3389 4597 3455 A.

2916 3486 3183 3551 Fabricii
3211 3488 3262 3575 :J
3312 3496 3354 3526 ‘⁶
3387 3489 3491 3552 Ex
3523 3511 3652 3574 quo
3688 3487 3950 3575 intelligi
3982 3488 4191 3566 datur,
4229 3511 4353 3553 non
4400 3490 4606 3555 stellas

2915 3588 3140 3667 facere,
3199 3612 3343 3676 quae
3397 3590 3796 3677 proveniunt,
3856 3590 3965 3655 sed
4022 3591 4241 3655 futura
4309 3614 4603 3679 praenun·

2918 3693 3128 3757 tiare.”

3020 3818 3086 3883 p.
3117 3814 3259 3881 259,
3287 3812 3346 3879 7.
3395 3794 3687 3877 συνεργὸν
3730 3796 3797 3859 τὸ
3841 3795 4122 3879 περιέχον
4171 3798 4604 3882 γεγενημένον]
4677 3880 4687 3887 .

2916 3899 3018 3963 De
3044 3914 3299 3963 accentu
3328 3898 3493 3962 vocis
3523 3897 3830 3979 συνεργὸς,
3859 3919 4050 3984 quam
4081 3912 4229 3963 sunt
4255 3899 4366 3985 qui
4395 3902 4606 3982 σύνερ-

2915 4028 3021 4085 γος
3062 4001 3354 4080 scribant,
3384 4000 3513 4065 vid.
3545 3999 3740 4064 Bastii
3778 3999 4128 4086 Epistolam
4174 3999 4332 4066 Crit.
4363 4024 4426 4089 p.
4456 4003 4599 4068 208.

2918 4127 3011 4191 sq.
3053 4103 3205 4190 ibiq.
3260 4102 3433 4168 laud.
3480 4102 3655 4167 Reiz.
3717 4102 3798 4166 de
3851 4101 4109 4166 Prosod.
4173 4104 4293 4167 Gr.
4338 4106 4599 4170 Accent.

2916 4204 3123 4270 inclin.
3150 4228 3217 4292 p.
3242 4226 3383 4269 110.
3415 4205 3524 4268 ubi
3542 4205 3717 4269 vides
3744 4203 3935 4268 fuisse
3963 4204 4073 4291 qui
4104 4203 4237 4269 haec
4264 4203 4396 4270 duo
4425 4230 4605 4272 voca-

2918 4307 3067 4372 bula
3095 4330 3224 4371 esse
3261 4322 3325 4371 et
3362 4306 3609 4371 differre
3650 4307 3812 4371 inter
3849 4330 3913 4371 se
3954 4306 4290 4371 crederent.
4336 4307 4404 4371 τὸ
4432 4335 4602 4392 περι·

2920 4408 3064 4491 έχον
3119 4422 3214 4471 est
3268 4407 3511 4485 caelnm,
3556 4417 3681 4487 aer,
3734 4410 3993 4496 ejusque
4050 4409 4392 4496 temperies.
4500 4413 4599 4481 Cf.

2923 4509 3265 4597 Schweigh.
3305 4510 3370 4574 in
3410 4512 3565 4575 Lex.
3614 4511 3840 4599 Polyb.
3883 4534 3946 4599 p.
3976 4515 4126 4593 466.
4182 4512 4340 4575 Infr.
4369 4511 4438 4579 111
4481 4515 4606 4581 fine

2919 4611 3110 4700 hujus
3153 4612 3372 4700 capitis
3413 4619 3517 4677 τοῦ
3564 4614 3944 4697 περιέχοντος
3985 4612 4084 4678 vel
4130 4613 4408 4679 similiter
4447 4618 4606 4683 acci-

2919 4714 3239 4803 piendum,
3283 4714 3381 4780 vel
3423 4715 3503 4780 de
3545 4716 3797 4780 matrice
3846 4738 4052 4780 semen
4108 4715 4493 4804 concipiente
4539 4737 4605 4786 et

2919 4818 3119 4882 fetum
3147 4818 3496 4883 continente
3523 4817 3982 4907 explicandum.
4071 4818 4260 4889 Quod
4292 4820 4606 4904 posterius

2922 4920 3175 4984 sensisse
3202 4919 3450 4985 videtur
3480 4920 3754 4985 Ficinus.

3000 5045 3067 5108 p.
3104 5023 3250 5100 260,
3282 5045 3344 5102 4.
3389 5022 3466 5087 ‘O
3510 5025 3575 5087 δὲ
3617 5023 3906 5107 Πλάτων]
3954 5021 4102 5086 Vid.
4149 5022 4330 5087 Libr.
4377 5025 4471 5089 X.
4521 5028 4605 5092 de

2917 5123 3192 5211 Republ.
3238 5148 3303 5213 p.
3337 5127 3486 5190 616.
3538 5124 3754 5211 Steph.
3802 5139 3866 5190 et
3906 5124 3989 5189 cf.
4034 5140 4249 5190 annot.
4299 5147 4493 5213 supra
4517 5130 4602 5195 ad

2919 5249 3052 5314 cap.
3088 5228 3223 5292 IX.
3253 5227 3384 5292 init.
3416 5251 3482 5315 p.
3507 5248 3646 5308 141.
3681 5229 3763 5291 F.

3003 5367 3091 5380 —
3127 5345 3223 5414 15.
3279 5329 3479 5413 ὥσπερ
3541 5329 3983 5417 γοητευθέντες]
4052 5328 4157 5394 Cf.
4208 5329 4326 5394 IV.
4375 5350 4442 5412 4.
4491 5353 4600 5420 30.

2922 5433 3039 5497 IV.
3073 5452 3139 5513 4.
3170 5452 3279 5512 40.
3312 5448 3376 5495 et
3415 5452 3519 5517 43.
3550 5449 3737 5513 et44
3786 5431 3882 5494 II.
3913 5451 3972 5516 9.
4003 5450 4099 5512 14.
4145 5432 4222 5497 V.
4262 5452 4319 5511 1,
4343 5450 4401 5499 2.
4448 5434 4622 5512 Por-2

2919 5533 3102 5621 phyr.
3133 5533 3214 5598 de
3252 5532 3506 5598 Abstin.
3537 5535 3597 5597 Ι.
3624 5551 3724 5619 27.
3766 5556 3830 5621 p.
3855 5553 3999 5613 44.:
4046 5533 4114 5597 τὸ
4155 5533 4454 5616 γοήτευμα
4501 5542 4604 5618 τῆς
