5118 6613
1065 564 1190 630 230

1067 739 1192 782 non
1237 714 1527 778 videtur:
1576 711 1796 799 legisse
1846 712 2000 776 οὔτε.
2095 709 2277 775 Libri
2331 709 2395 773 in
2448 710 2565 774 hoc
2611 709 2769 786 loco,

1065 841 1254 907 quem
1285 816 1577 881 vitiosum
1618 838 1750 880 esse
1777 815 1914 901 jam
1951 812 2111 878 vidit
2157 811 2505 891 Mamilius,
2535 810 2622 875 nil
2659 811 2767 896 ju-

1067 935 1238 987 vant.
1306 923 1469 984 Mox
1496 918 1962 1000 περιελκυσμοὺς
1979 915 2320 980 tenendum
2344 929 2438 978 est
2467 929 2768 1000 tanquam

1070 1024 1322 1090 unicum
1362 1019 1719 1107 exemplum
1767 1018 2059 1082 Pluralis.
2153 1016 2505 1104 Singularis
2532 1039 2611 1080 ex
2642 1038 2771 1080 uno

1069 1129 1205 1192 loco
1233 1125 1635 1212 consignatus
1662 1123 1726 1186 in
1758 1122 1954 1186 Thes.
1990 1120 2232 1208 Steph.,
2263 1144 2388 1184 non
2418 1120 2481 1184 in
2515 1120 2775 1185 Schnei-

1071 1231 1206 1296 deri
1240 1231 1398 1294 Lex.
1422 1228 1654 1291 —Mox
1694 1227 1844 1308 ὁρᾷν
1875 1226 1971 1289 καὶ
2009 1225 2250 1288 ἀκούειν
2291 1226 2357 1288 δὲ
2396 1222 2538 1288 libri
2577 1224 2770 1288 nostri

1071 1334 1328 1421 aliquot.
1421 1332 1595 1394 Tum
1626 1328 1690 1391 in
1721 1327 2037 1414 margine:
2087 1329 2142 1391 εἰ
2169 1329 2235 1391 δὲ
2265 1331 2360 1391 δεῖ
2378 1327 2475 1391 καὶ
2503 1325 2775 1408 ἐπιστρέ-

1073 1440 1317 1518 φεσθαι,
1351 1455 1467 1519 pro
1498 1434 1552 1495 εἰ
1589 1433 1654 1494 δὲ
1698 1431 1768 1509 δὴ
1805 1458 1858 1494 κ.
1891 1455 1938 1493 ε.
2033 1429 2160 1493 Sed
2209 1429 2574 1495 Infinitivus
2618 1453 2771 1517 pen·

1072 1537 1178 1602 det
1210 1559 1287 1600 ex
1317 1532 1720 1600 antecedente
1748 1533 1826 1596 ἄν
1852 1558 1941 1600 τις
1968 1536 2147 1596 θεῖτο.

1156 1661 1219 1725 p.
1256 1656 1405 1721 777,
1443 1657 1499 1701 1.
1549 1637 1645 1700 καὶ
1675 1638 1742 1699 ἑν
1763 1641 1891 1703 ταῖς
1911 1634 2121 1716 μάγων
2149 1633 2441 1722 τέχναις.]
2492 1634 2598 1698 Cf.
2628 1634 2770 1708 I.4.

1071 1764 1133 1826 9.
1167 1765 1230 1829 p.
1253 1757 1361 1827 35.
1393 1740 1543 1826 ibiq.
1571 1751 1787 1803 annot.
1879 1739 1958 1801 In
2006 1760 2181 1824 seqq.
2216 1736 2323 1801 ubi
2369 1735 2658 1801 Plotinus
2692 1735 2772 1799 de

1069 1866 1330 1930 corpore
1360 1857 1542 1905 terrae
1570 1839 1743 1919 dicit,
1763 1841 1900 1904 οὕτε
1930 1864 2004 1921 γε
2022 1840 2318 1919 ἀκίνητον,
2344 1861 2494 1902 cave
2515 1861 2595 1902 ne
2614 1838 2773 1902 hanc

1071 1946 1438 2011 sententiam
1466 1942 1816 2009 confundas
1837 1964 1981 2005 cum
2014 1941 2343 2018 sententia,
2374 1939 2615 2026 aliquot
2648 1941 2774 2026 Py-

1072 2052 1515 2137 thagoreorum
1566 2061 1628 2111 et
1680 2044 1951 2110 maxime
2006 2042 2300 2108 Philolai:
2350 2044 2459 2122 τὴν
2503 2047 2619 2125 γῆν
2669 2044 2774 2107 οὐκ

1071 2158 1348 2234 ἀκίνητον
1388 2151 1560 2214 εἶναι.
1619 2146 1977 2230 (Plutarch.
2031 2145 2092 2210 in
2142 2147 2357 2210 Numa
2401 2168 2456 2210 c.
2491 2144 2607 2207 Xl.
2674 2147 2775 2210 De

1074 2256 1323 2322 Placitt.
1377 2251 1643 2318 Philoss.
1703 2251 1848 2314 III.
1905 2269 2001 2334 13.
2072 2248 2262 2336 Diog.
2313 2249 2528 2312 Laert.
2569 2248 2765 2311 VIII.

1070 2361 1172 2445 85.
1221 2358 1358 2424 Cic.
1402 2354 1648 2420 Acadd.
1697 2354 1815 2416 IV.
1846 2357 1979 2438 39.)
2058 2350 2314 2415 Etenim
2359 2349 2648 2414 Plotinus
2690 2349 2771 2413 de

1067 2489 1142 2528 eo
1169 2463 1233 2527 h.
1258 2462 1301 2528 l.
1322 2461 1626 2546 disputat,
1648 2472 1859 2521 utrum
1885 2469 2052 2521 terra
2071 2478 2318 2519 sensum
2338 2454 2565 2518 habeat
2584 2453 2771 2517 adeo-

1066 2590 1193 2654 que
1222 2564 1379 2630 affici
1414 2564 1765 2646 (κινεῖσθαι)
1798 2559 2012 2646 possit.
2081 2564 2288 2623 Κινεῖν
2306 2557 2467 2622 enim
2500 2573 2564 2620 et
2594 2562 2771 2620 κινεῖ-

1068 2674 1211 2733 σθαι
1241 2666 1356 2730 hac
1386 2664 1448 2727 vi
1478 2685 1644 2748 saepe
1673 2684 1712 2724 a
1739 2659 2131 2747 philosophis
2162 2658 2474 2746 usurpari,
2496 2680 2620 2722 non
2650 2673 2769 2737 est,

1065 2770 1239 2857 quod
1269 2789 1526 2855 operose
1555 2765 1895 2829 firmemus.
1983 2765 2119 2828 Nec
2161 2761 2361 2849 magis
2397 2785 2543 2848 quae
2583 2760 2648 2824 in
2679 2784 2770 2825 se-

1067 2870 1410 2959 quentibus
1450 2867 1733 2932 Plotinus
1778 2864 1859 2929 de
1901 2868 2144 2952 spiritu
2191 2865 2530 2948 (πνεύματι)
2566 2862 2766 2949 ponit,

1066 2970 1510 3038 confundenda
1541 2983 1687 3032 sunt
1726 2989 1868 3031 cum
1916 2966 2460 3054 Pythagoreorum
2493 2966 2765 3043 decreto,

1066 3074 1178 3164 qui
1205 3072 1469 3151 mund0,
1491 3086 1788 3157 tanquam
1807 3067 2080 3148 animali,
2103 3067 2570 3155 respirationem
2594 3067 2769 3132 attri-

1064 3177 1365 3242 buebant.
1443 3172 1589 3238 Vid.
1654 3170 2012 3235 Aristotelis
2071 3169 2360 3258 Physicc.
2414 3171 2533 3235 IV.
2598 3174 2659 3235 6.
2707 3183 2771 3235 et

1071 3280 1248 3346 Stob.
1292 3277 1561 3365 Eclogg.
1603 3277 1663 3341 I.
1711 3296 1806 3361 19.
1847 3294 1904 3338 1.
1952 3296 2016 3361 p.
2048 3275 2201 3360 380.
2255 3274 2568 3338 Heeren.:
2619 3273 2773 3340 εἶναι

1066 3384 1134 3449 δέ
1161 3392 1354 3466 φασιν
1382 3384 1441 3446 οἱ
1469 3380 1872 3461 Πυθαγόρειοι
1903 3377 2099 3450 κενὸν,
2127 3377 2224 3440 καὶ
2252 3375 2582 3440 ἐπεισιέναι
2612 3377 2768 3461 αὐτῷ

1065 3491 1146 3573 τῷ
1176 3485 1407 3571 οὐρανῷ
1442 3482 1515 3565 (i.
1537 3505 1592 3546 e.
1619 3479 1890 3565 mundo)
1922 3482 1989 3544 ἐκ
2017 3483 2124 3544 τοῧ
2151 3480 2396 3560 ἀπείρου
2413 3480 2764 3558 πνεύματος,

1065 3591 1142 3657 ὦς
1187 3588 1265 3652 ἂν
1306 3584 1691 3651 ἀναπνέοντι.
1768 3583 1874 3647 Cf.
1924 3581 2227 3647 Boeckhii
2283 3580 2641 3646 Philolaum
2698 3604 2765 3667 p.

1071 3692 1212 3756 108.
1243 3713 1428 3779 sqq.;
1475 3688 1618 3753 licet
1658 3688 1795 3753 haec
1838 3701 1902 3751 et
1949 3684 2171 3749 similia
2212 3707 2576 3772 comparare
2620 3707 2764 3748 cum

1065 3792 1436 3860 Plotinianis
1465 3813 1588 3856 non
1610 3789 1833 3856 inutile
1861 3789 1962 3867 sit,
1986 3802 2051 3854 et
2077 3788 2141 3852 in
2175 3787 2464 3852 universo
2492 3787 2765 3865 decreto,

1063 3897 1370 3963 mundum
1412 3916 1544 3959 esse
1586 3894 1851 3972 animal,
1882 3914 2339 3978 usquequaque
2381 3890 2770 3954 consentiant

1065 4022 1211 4066 cum
1253 3995 1695 4083 Pythagoricis
1738 3995 1923 4058 Plato
1965 4009 2031 4058 et
2070 3992 2379 4058 Platonici
2414 4006 2608 4079 atque
2635 3992 2769 4078 ipse

1067 4101 1375 4167 Plotinus.

1148 4239 1237 4250 --
1271 4221 1369 4279 14.
1420 4201 1569 4262 κατὰ
1608 4200 1715 4265 τᾶς
1762 4202 1881 4261 τῶν
1924 4202 2129 4280 χυλῶν
2172 4197 2417 4280 ὀσμάς]
2468 4197 2542 4260 In
2597 4195 2769 4259 Vati-

1062 4326 1219 4368 cano
1250 4301 1412 4367 cod.
1446 4323 1486 4363 a
1514 4298 1718 4386 prima
1745 4320 1932 4364 manu
1959 4314 2093 4363 erat
2119 4306 2345 4382 χυμῶν.
2377 4298 2485 4363 sed
2515 4298 2636 4362 hoc
2662 4322 2770 4363 vo-

1061 4404 1361 4470 cabulum
1404 4401 1656 4490 proprie
1699 4400 1781 4465 de
1821 4414 2014 4488 gustu
2062 4415 2426 4487 usurpatur.
2477 4400 2585 4464 Cf.
2616 4398 2770 4463 Plu-

1065 4507 1264 4572 tarchi
1309 4508 1575 4585 Quaestt.
1626 4506 1888 4570 Naturr.
1935 4528 1989 4568 c.
2024 4524 2086 4588 5.
2133 4503 2241 4567 ubi
2284 4517 2428 4568 octo
2471 4524 2765 4589 saporum

1063 4610 1296 4698 species
1334 4622 1680 4685 enumerat,
1711 4630 1774 4694 p.
1808 4628 1955 4692 913.
1994 4608 2070 4671 B.
2104 4628 2167 4692 p.
2193 4608 2344 4691 690.
2379 4607 2593 4693 Wytt.
2665 4605 2766 4668 De

1061 4709 1436 4787 discrimine,
1466 4708 1640 4795 quod
1666 4708 1829 4772 inter
1856 4708 2045 4793 χυλὸς
2072 4720 2136 4771 et
2163 4707 2352 4791 χυμὸς
2396 4706 2762 4783 intercedat,

1062 4829 1156 4878 est
1185 4810 1436 4877 Orionis
1477 4810 1654 4874 locus
1692 4810 1758 4874 in
1800 4811 2168 4900 Etymolog.
2202 4834 2266 4897 p.
2311 4814 2452 4895 163.
2486 4809 2596 4873 sed
2625 4831 2764 4873 cor·

1063 4914 1321 5001 ruptior.
1386 4911 1493 4976 Cf.
1540 4910 1901 4976 Schneider.
1951 4910 2155 4976 Indic.
2204 4910 2283 4975 ad
2336 4910 2766 4998 Theophrasti

1061 5020 1273 5105 Opera
1317 5037 1382 5101 Ρ.
1427 5017 1578 5098 546.
1624 5037 1717 5100 sq.
1797 5013 1991 5092 Χυμοὶ
2035 5012 2266 5099 saepius
2306 5011 2540 5097 legitur
2589 5011 2761 5096 apud

1062 5117 1405 5182 Plotinum.
1483 5114 1628 5178 Vid.
1663 5116 1762 5179 ΙΙ.
1792 5136 1857 5194 4.
1901 5134 1994 5179 12.
2046 5115 2168 5178 VI.
2199 5132 2266 5198 3.
2309 5132 2407 5195 17.
2452 5125 2515 5176 et
2562 5113 2658 5175 18.
2698 5126 2763 5177 et

1056 5221 1136 5284 de
1178 5233 1373 5308 gustu
1416 5217 1480 5281 in
1527 5216 1645 5280 hoc
1689 5216 1827 5303 ipso
1872 5215 2032 5280 libro
2065 5217 2182 5280 IV.
2217 5237 2277 5295 4.
2316 5233 2417 5300 25.
2458 5236 2654 5301 supra
2693 5237 2758 5301 p.

1055 5324 1205 5403 418.
1236 5323 1292 5385 A
1316 5346 1331 5384 z
1382 5320 1477 5384 καὶ
1506 5319 1793 5400 γεύεσθαι
1819 5324 2044 5401 χυμῶν.

1141 5450 1206 5513 p.
1243 5442 1391 5510 779,
1431 5443 1529 5485 11.
1578 5422 1706 5486 εἶτα
1734 5422 1843 5500 τὴν
1871 5422 2070 5502 ἄλλην
2111 5421 2320 5505 ψ-νχῆν
2351 5421 2447 5485 καὶ
2491 5424 2653 5493 νοῦν,
2685 5418 2760 5497 ἣν

1056 5526 1125 5603 δὴ
1152 5523 1405 5588 Ἑστίαν
1436 5524 1533 5587 καὶ
1566 5521 1891 5604 Δήμητραν
1915 5521 2385 5600 ἐπονομάζουσιν
2404 5523 2751 5607 ἄνθρωποι]

2030 539 2545 604 ΑΝΝΟΤΑΤ
2564 538 2877 603 IONES

2944 540 3056 603 IN
3128 538 3582 603 PLOTINI

2859 711 2962 776 Cf.
3002 711 3150 775 infr.
3191 734 3255 798 p.
3278 729 3429 796 423.
3465 710 3562 773 C:
3610 708 3741 773 οἷον
3791 708 4102 791 Δήμητρος
4149 709 4246 772 καὶ
4285 706 4553 782 Ἑστίας,

2856 818 2966 896 γῆς
2991 839 3056 877 τε
3088 816 3286 893 οὔσης.
3378 810 3667 899 Respicit
3714 826 3998 876 nostrum
4040 811 4248 875 locum
4294 810 4558 875 Proclus

2858 916 2922 979 in
2954 914 3269 980 Timaeum
3304 938 3366 1001 p.
3396 916 3518 981 282
3545 939 3560 978 ε
3610 915 3793 978 ἄλλοι
3821 915 3885 978 δὲ
3910 917 3994 981 εἷς
4013 914 4082 978 τὸ
4107 912 4359 997 γόνιμον
4382 914 4559 994 αὐτῆς

2860 1022 2990 1100 (τῆς
3016 1021 3152 1101 γῆς)
3197 1019 3497 1083 ἐπιδόντες
3526 1015 3847 1098 Δήμητραν
3870 1021 4224 1098 προσεῖπον,
4256 1017 4459 1098 ὥσπερ
4488 1016 4558 1093 δὴ

2859 1122 2954 1184 καὶ
2997 1125 3329 1191 Πλωτῖνος.
3360 1118 3468 1183 τὸν
3506 1121 3620 1198 μὲν
3660 1123 3803 1183 νοῦν
3842 1119 4017 1197 ὣς
4043 1116 4299 1183 Ἑστίαν
4337 1124 4554 1191 καλόν,

2861 1223 3181 1305 Δήμητραν
3225 1225 3290 1286 δὲ
3335 1223 3444 1301 τὴν
3489 1220 3722 1304 ψυχήν.
3787 1219 3977 1284 Vides
4026 1219 4243 1308 igitur,
4285 1234 4555 1286 mentem

2863 1341 3044 1390 terrae
3090 1326 3381 1389 Vestam:
3428 1321 3700 1386 animam
3746 1320 4025 1409 ejusdem
4077 1324 4369 1388 Cererem
4422 1323 4486 1387 h.
4515 1322 4554 1386 1.

2858 1426 3175 1515 appellare
3226 1426 3567 1513 interprete
3612 1424 3839 1489 Proclo
3885 1423 4226 1489 Plotinum.
4317 1427 4553 1490 Recte:

2859 1544 2924 1595 et
2953 1530 3191 1594 utinam
3234 1526 3439 1592 Procli
3471 1526 3946 1592 commentarios
3984 1525 4048 1588 in
4077 1526 4192 1591 has
4222 1527 4561 1592 Enneadas

2860 1631 3172 1718 hodieque
3216 1653 3521 1717 usurpare
3579 1628 3801 1693 liceat!
3852 1630 3956 1692 De
4002 1630 4192 1693 Vesta
4232 1643 4444 1694 autem
4496 1645 4558 1694 et

2860 1738 3090 1800 Cerere
3144 1732 3641 1822 disputationum
3700 1731 4040 1796 multarum
4113 1747 4558 1819 argumentum

2858 1838 3297 1903 desumserunt
3345 1834 3703 1923 philosophi
3742 1834 4015 1900 maxime
4068 1857 4147 1900 ex
4198 1834 4362 1900 binis
4407 1834 4557 1900 locis

2863 1940 3175 2007 Platonis:
3228 1940 3290 2003 in
3339 1939 3590 2003 Timaeo
3625 1961 3686 2024 p.
3715 1958 3847 2018 40:
3897 1943 4011 2021 γῆν
4054 1940 4121 2003 δὲ
4170 1937 4399 2020 τροφὸν
4447 1940 4558 2018 μὲν

2859 2044 3153 2126 ἡμετέραν
3183 2070 3235 2107 κ.
3257 2068 3310 2106 τ.
3333 2049 3398 2104 λ.
3444 2047 3619 2123 (nam
3656 2040 3898 2127 reliqua
3941 2063 4134 2128 supra
4164 2039 4347 2127 posui
4375 2040 4459 2104 ad
4487 2063 4556 2128 p.

2861 2170 3009 2229 4¹4·
3044 2147 3158 2228 B.)
3191 2160 3255 2209 et
3292 2144 3360 2209 in
3397 2144 3671 2209 Phaedro
3704 2169 3768 2233 p.
3808 2147 3956 2225 246.
3986 2157 4183 2208 extr.:
4226 2143 4399 2223 μένει
4444 2148 4559 2226 γὰρ

2858 2250 3074 2315 Ἐστία
3103 2252 3170 2314 ἐν
3189 2253 3343 2312 θεῶν
3359 2251 3499 2333 οἴκῳ
3519 2250 3692 2326 μόνη.
3760 2244 4124 2311 Chalcidius
4150 2245 4214 2310 in
4241 2246 4558 2310 Timaeum

2856 2379 2919 2443 p.
2959 2355 3105 2437 269.
3137 2350 3238 2416 ed.
3274 2352 3519 2413 Meurs.
3556 2351 3647 2435 [p.
3681 2369 3833 2435 344.
3864 2348 3964 2413 ed.
3995 2348 4315 2433 Fabric.]:
4365 2356 4412 2389 “
4446 2351 4557 2414 So-

2858 2456 2978 2521 lam
3022 2451 3330 2541 siquidem
3363 2452 3616 2515 Vestam
3647 2473 3899 2515 manere
3936 2450 4024 2515 ait
4066 2450 4313 2536 (Plato)
4344 2450 4408 2515 in
4444 2475 4557 2517 sua

2859 2559 3047 2636 sede3
3096 2558 3347 2621 Vestam
3380 2554 3633 2632 scilicet,
3665 2554 3934 2618 animam
3966 2553 4242 2641 corporis
4264 2553 4557 2633 universi,

2859 2676 3258 2746 mentemque
3290 2659 3514 2722 animoe
3554 2657 3715 2744 ejus,
3754 2656 4179 2721 moderantem
4220 2655 4365 2720 eoeli
4408 2657 4551 2722 stel-

2857 2763 3041 2827 lantis
3069 2762 3366 2841 habenas,
3386 2761 3575 2845 juxta
3617 2758 3817 2846 legem
3864 2781 3904 2823 a
3944 2758 4351 2824 Providentia
4377 2782 4551 2825 sanc-

2858 2881 3003 2929 tam.
3054 2863 3239 2928 Philo
3266 2865 3312 2927 J
3318 2862 3426 2927 ud.
3460 2862 3541 2926 de
3570 2861 3918 2926 Cherubim
3949 2884 4013 2948 Ρ.
4049 2881 4194 2947 143.
4228 2864 4456 2950 Mang.
4489 2887 4548 2951 p.

2864 2970 3133 3050 14—16.
3181 2965 3425 3030 Pseiff.:
3473 2966 3511 3045 ἦ
3555 2968 3621 3028 δὲ
3668 2966 3805 3049 (γῆ)
3839 2968 3992 3045 μόνη
4035 2971 4153 3029 τῶν
4192 2969 4299 3029 τοῦ
4333 2967 4555 3046 κόσμου

2855 3077 3051 3153 μερῶν
3074 3073 3314 3133 ἑστῶσα
3340 3070 3567 3149 παγίως
3591 3065 3808 3131 Ἐστία
3833 3066 3982 3148 πρὸς
4008 3073 4127 3131 τῶν
4153 3074 4429 3133 παλαιῶν
4458 3069 4552 3132 εὔ-

2857 3175 3132 3252 θυβόλως
3175 3172 3517 3250 ὠνόμασται
3542 3194 3666 3234 κ.τ.
3693 3177 3755 3233 λ.
3832 3168 4097 3233 Proclus
4131 3169 4353 3235 Theol.
4412 3170 4555 3235 Pla-

2858 3288 2985 3341 ton.
3019 3274 3140 3338 VI.
3177 3292 3274 3340 21.
3321 3295 3388 3360 p.
3418 3291 3570 3354 401.
3609 3272 3648 3353 ἦ
3683 3274 3749 3337 δὲ
3774 3269 3991 3337 Ἑστία
4033 3272 4142 3351 τὴν
4180 3275 4431 3355 γόνιμον
4461 3276 4555 3339 καὶ

2856 3380 3067 3457 ἀκλινῆ
3111 3379 3360 3457 δύναμιν
3388 3375 3709 3454 ἐπιλάμπει
3731 3380 3899 3439 πᾶσι·
3948 3377 4136 3440 καίτοι
4178 3377 4276 3439 καὶ
4306 3377 4454 3444 Ζεὺς
4484 3379 4551 3441 ε’ν

2857 3482 3043 3564 ἑαυτῷ
3071 3479 3269 3558 μένων
3298 3480 3481 3544 οὕτως
3512 3477 3610 3541 ε’πὶ
3639 3477 3747 3555 τὴν
3777 3476 3995 3557 νοητὴν
4024 3476 4311 3559 ἀνάγεται
4338 3503 4549 3560 περιω-

2853 3583 2992 3661 πὴν,
3028 3582 3124 3645 καὶ
3150 3583 3187 3660 ἡ
3214 3579 3431 3645 Ἐστία
3460 3583 3557 3644 διὸ
3598 3580 3708 3659 τὴν
3748 3581 3960 3658 ἀκλινῆ
4001 3580 4098 3643 καὶ
4141 3580 4443 3662 ἄχραντον
4487 3584 4555 3646 ἐν

2855 3686 3034 3763 ἑαυτῇ
3063 3683 3255 3762 μονὴν
3297 3682 3660 3746 συνάπτεται
3702 3687 3825 3748 τοῖς
3862 3682 4115 3763 πράτοις
4147 3684 4370 3750 αἰτίοις.
4462 3684 4556 3747 Si-

2852 3785 3023 3851 milia
3064 3785 3228 3849 idem
3277 3783 3431 3849 dicit
3467 3784 3532 3847 in
3576 3783 3906 3870 Cratylum
3941 3785 4000 3866 §.
4038 3802 4055 3846 ι
4069 3784 4177 3867 38.
4216 3807 4281 3872 p.
4315 3786 4421 3871 83.
4454 3809 4550 3873 sq.

2855 3887 3141 3952 Boisson.
3189 3886 3369 3951 Idem
3401 3886 3484 3950 ib.
3520 3889 3577 3971 ξ.
3615 3887 3756 3969 178.
3793 3909 3866 3973 p.
3894 3905 4053 3969 109:
4093 3887 4384 3951 Cererem
4407 3912 4550 3954 cum

2858 3990 3107 4054 Latona
3144 4011 3510 4075 comparans
3534 4012 3549 4052 :
3599 3989 3691 4051 ὅτι
3717 3989 3755 4067 ἡ
3783 3989 3957 4068 Λητὼ
3986 3988 4147 4070 πηγή
4178 3990 4309 4054 ἐστι
4335 3995 4553 4075 (meyd-

2856 4116 2958 4158 νος
2987 4095 3056 4156 ἐν
3084 4095 3154 4169 τῇ
3186 4090 3452 4173 Δήμητρι
3476 4090 3890 4173 περιεχομένη.
3960 4092 4155 4154 Suam
4182 4109 4391 4157 autem
4424 4093 4556 4181 ipse

2855 4193 3221 4257 sententiam
3258 4193 3423 4257 idem
3465 4192 3530 4255 in
3574 4192 3893 4257 Timaeum
3941 4191 3984 4258 l.
4011 4191 4054 4257 l.
4087 4193 4178 4258 ita
4206 4193 4447 4274 definit,
4482 4211 4555 4262 ut

2854 4295 3088 4382 primas
3115 4295 3337 4359 harum
3371 4295 3627 4359 dearum
3670 4318 3888 4359 causas
3922 4295 4090 4360 dicat
4124 4318 4257 4360 esse
4285 4296 4555 4364 intellec-

2855 4396 3075 4474 tualeS,
3105 4395 3378 4484 geniales
3412 4420 3487 4460 ac
3527 4398 3860 4484 sejunctas,
3891 4419 3931 4459 a
3969 4396 4204 4483 quibus
4232 4397 4294 4461 in
4327 4413 4552 4464 terram

2852 4498 3233 4563 descendant
3283 4498 3763 4564 illuminationes
3806 4498 4116 4584 viresque,
4166 4523 4241 4564 ac
4294 4501 4558 4588 proinde

2853 4601 3000 4665 oriri
3047 4604 3336 4666 Cererem
3382 4601 3703 4665 Tellurem
3738 4615 3931 4687 atque
3961 4602 4213 4665 Vestam
4259 4616 4380 4667 etc.
4427 4606 4557 4686 (καὶ

2856 4703 3008 4769 εἶναι
3039 4704 3360 4786 Δήμητραν
3388 4707 3643 4786 χθονίαν
3673 4705 3769 4767 καὶ
3794 4701 4104 4787 Ἑστίαν.)
4193 4706 4356 4783 Quae
4381 4729 4551 4770 oom-

2851 4806 3133 4893 paranda
3162 4821 3308 4869 sunt
3336 4828 3478 4870 cum
3509 4804 3705 4869 altero
3735 4804 3871 4869 loco
3899 4804 4156 4869 laudato
4183 4806 4249 4870 in
4280 4808 4556 4873 Theolo-

2849 4907 3041 4994 gimn,
3074 4906 3181 4970 ubi
3223 4906 3393 4975 dicit,
3426 4929 3632 4986 omne,
3661 4905 3835 4992 quod
3880 4905 3960 4970 sit
4002 4923 4292 4972 constans
4334 4924 4399 4975 et
4439 4911 4555 4976 im-

2849 5009 3151 5073 mutabile
3194 5009 3273 5072 ad
3314 5009 3665 5072 mundanas
3694 5031 3794 5071 res
3833 5030 4050 5071 omnes
4089 5008 4172 5073 ab
4201 5008 4304 5075 illa
4338 5034 4557 5101 super.

2849 5112 3074 5176 caelesti
3136 5113 3322 5174 Vesta
3380 5110 3756 5174 descendere
3816 5111 3914 5193 (ἐκ
3970 5114 4073 5190 τῆς
4123 5114 4555 5196 ὑπερονρανίον

2850 5214 3124 5293 καθήκειν
3150 5211 3445 5295 Ἑστίας.)
3514 5212 3665 5276 Alia
3685 5211 3986 5299 leguntur
4011 5213 4188 5300 apud
4220 5216 4549 5282 Hermian]

2847 5316 2910 5379 in
2956 5316 3205 5381 Platon.
3255 5314 3511 5379 Phaedr.
3561 5339 3623 5402 p.
3666 5334 3809 5400 133.
3870 5315 4138 5402 Dionys.
4186 5317 4397 5382 Halic.
4447 5321 4549 5385 ΙΙ.

2848 5420 2949 5483 66.
2982 5442 3044 5506 p.
3075 5421 3227 5503 376.
3264 5416 3522 5482 Reisk.:
3570 5416 3786 5502 Ἑστίᾳ
3825 5419 3891 5482 δὲ
3936 5418 4288 5483 ἀνακεῖσθαι
4324 5421 4394 5485 τὸ
4434 5427 4553 5503 πῦρ

2848 5524 3207 5601 νομίζουσιν,
3241 5521 3334 5583 ὅτι
3362 5524 3442 5602 γῆ
3482 5546 3549 5584 τε
3593 5520 3749 5585 οὖσα
3781 5520 3818 5598 ἡ
3858 5518 3993 5585 θεὸς
4033 5521 4129 5584 καὶ
4154 5519 4349 5599 μέσον
4379 5525 4524 5587 κατέ
4528 5565 4552 5577 ·
