5118 6613
1440 550 1637 614 LIB.
1672 550 1729 616 1.
1780 550 2233 615 ENNEAD.
2283 551 2675 616 SEXTAE.
2722 571 2785 639 p.
2827 570 3012 635 1072,
3057 570 3236 640 1073.

590 726 718 789 αίτε
746 722 982 808 ὀργάνῳ
1012 724 1091 809 τῷ
1124 722 1350 801 σώματι
1378 725 1698 806 χρώμεναι,
1722 725 1798 791 ὡς
1828 725 1894 787 ἐν
1914 727 1994 810 τῷ
2023 726 2278 798 τύπτειν,

589 829 685 893 καὶ
725 828 864 891 ὅσαι
903 829 1010 889 τοῦ
1046 826 1316 904 σώματός
1356 829 1511 890 εἰσιν
1541 824 1708 901 ἰδέαι,
1741 829 1942 909 ὥσπερ
1972 827 2039 890 τὸ
2068 834 2284 909 βαρεῖν

589 931 685 994 ἐπὶ
712 933 913 1014 ψυχῆς
958 931 1023 992 δὲ
1071 930 1138 991 ἐν
1177 931 1255 1014 τῷ
1302 934 1498 992 ποιεῖν
1528 931 1771 1008 κίνησις,
1806 933 1902 993 διὰ
1928 935 2130 1014 ψυχῆς
2169 934 2282 1011 μὲν

585 1035 652 1098 τὸ
682 1037 1056 1116 γεωμετρεῖν.
1102 1035 1303 1115 ψυχῆς
1332 1033 1397 1096 δὲ
1426 1033 1614 1096 οἰκεία
1645 1029 1917 1114 ἐνέργεια
1944 1033 1981 1112 ἡ
2010 1032 2143 1112 ζωή.
2180 1035 2277 1098 δύ-

588 1162 758 1201 ναται
785 1133 851 1201 δέ
881 1160 948 1199 τε
977 1135 1072 1198 καὶ
1099 1137 1175 1197 τᾶ
1199 1135 1313 1213 μὲν
1342 1136 1410 1198 ἑν
1431 1138 1601 1219 ψυχῇ
1632 1138 1707 1198 τᾶ
1736 1138 1801 1199 δὲ
1833 1137 1899 1200 ἐν
1932 1137 2159 1215 σώματι
2192 1161 2276 1200 τι-

585 1238 772 1315 θέναι,
799 1243 946 1304 κατὰ
974 1239 1109 1306 τοὺς
1135 1236 1474 1318 τιθεμένους
1503 1240 1599 1303 καὶ
1622 1240 1758 1321 περὶ
1779 1240 1984 1323 ψυχὴν
2005 1242 2280 1322 γίνεσθαι

582 1343 758 1425 πάθη·
804 1342 990 1407 πάλιν
1019 1343 1083 1406 δὲ
1111 1345 1215 1409 τὰς
1241 1343 1353 1421 μὲν
1381 1339 1515 1423 παρ’
1555 1344 1778 1407 ἑαυτῶν
1808 1345 1891 1409 εἰς
1926 1344 2089 1407 ἄλλα
2128 1343 2281 1425 φησὶ

585 1446 860 1526 κινήσεις.
904 1448 979 1509 τᾶ
1016 1446 1081 1508 δὲ
1119 1442 1213 1508 ὑπ’
1247 1445 1454 1508 ἄλλων
1485 1447 1567 1511 εἰς
1605 1445 1802 1512 αὐτάς·
1851 1447 1947 1510 καὶ
1977 1450 2160 1525 δῆλον
2189 1448 2279 1511 ὅτι

582 1551 690 1629 τὴν
717 1548 1018 1628 ποιητικὴν
1059 1548 1155 1611 καὶ
1191 1547 1514 1628 παθητικὴν
1557 1549 1786 1628 κίνησιν
1826 1551 2058 1630 διορίζει
2096 1552 2278 1613 ταῦτα

584 1651 682 1717 ἀπ’
724 1652 1029 1731 ἀλλήλων,
1081 1647 1206 1713 καθ’
1248 1651 1397 1714 ὅσον
1442 1647 1481 1731 ᾖ
1524 1652 1637 1730 μὲν
1681 1651 1824 1735 (*ῆ)
1874 1649 2008 1733 παρ’
2053 1653 2277 1715 ἑαυτῶν

583 1756 709 1839 ἔχει
737 1754 805 1818 τὸ
838 1756 1104 1835 ἐνεργεῖν
1134 1751 1224 1815 ἐπ’
1256 1755 1439 1830 ἄλλα,
1468 1757 1638 1816 τοῦτο
1682 1753 1797 1837 γάρ
1842 1756 1973 1818 ἐστι
2018 1755 2270 1833 ποίησις.

584 1855 621 1939 ᾗ
655 1859 750 1942 (ἡ)
784 1859 848 1921 δὲ
876 1855 971 1920 ὑπ’
1004 1857 1212 1919 ἄλλων
1240 1853 1276 1934 ἢ
1308 1858 1370 1934 ἐξ
1397 1858 1604 1921 ἄλλων
1635 1859 1717 1924 εἰς
1754 1856 1985 1936 ἑαυτήν.
2036 1859 2179 1937 αὕτη
2210 1854 2275 1921 δέ

587 1964 754 2026 ἐστιν
780 1961 817 2040 ἡ
844 1957 1149 2038 παθητική·
1196 1961 1359 2022 ἀλλὰ
1386 1958 1453 2022 τὸ
1480 1961 1592 2038 μὲν
1623 1961 1930 2041 εἰλικρινὲς
1973 1962 2067 2024 καὶ
2095 1965 2272 2024 καθα-

586 2065 695 2148 ρὸν
724 2065 933 2144 ἰδίωμα
960 2066 1064 2126 τοῦ
1093 2066 1286 2126 ποιεῖν
1317 2063 1483 2125 ἐστιν
1512 2064 1579 2125 ἐν
1605 2066 1683 2147 τῷ
1718 2064 1781 2141 ἐξ
1810 2064 2035 2127 ἑαυτοῦ·
2078 2067 2184 2127 τοῦ
2212 2066 2276 2127 δὲ

583 2168 845 2252 πάσχειν
873 2167 942 2230 τὸ
973 2167 1039 2229 ἐν
1070 2166 1240 2250 ἄλλῳ
1272 2164 1437 2247 ἔχειν
1464 2165 1572 2243 τὴν
1602 2166 1815 2228 αἰτίαν.
1861 2167 1894 2227 6
1926 2166 1988 2229 δὲ
2019 2165 2090 2228 οὗ
2116 2171 2283 2247 τηρεῖ

581 2272 648 2336 τὸ
680 2270 938 2352 καθαρὸν
969 2269 1181 2343 αὐτῶν,
1212 2269 1548 2349 προστιθεὶς
1589 2268 1657 2331 τὸ
1701 2270 1813 2348 μὲν
1854 2270 1917 2347 ἐξ
1956 2271 2167 2333 ἑαυτοῦ
2206 2269 2273 2333 τὸ

586 2377 655 2457 (““ι
670 2377 780 2461 τῷ)
816 2376 897 2440 εἰς
929 2373 1092 2436 ἄλλα
1138 2372 1425 2452 ἐνεργεῖν.
1472 2374 1567 2434 διὰ
1595 2373 1710 2453 γὰρ
1738 2371 1846 2448 τὴν
1875 2374 2150 2450 σύμμιξιν
2181 2373 2274 2436 καὶ

582 2480 689 2559 τὴν
718 2481 801 2545 εἰς
829 2478 985 2541 ἄλλο
1013 2475 1223 2559 ῥοπὴν,
1255 2475 1325 2538 οὗ
1365 2476 1637 2550 διασώζει
1674 2474 1783 2554 τὴν
1814 2478 2076 2557 καθαρὰν
2106 2472 2270 2556 ἐνέρ-

583 2606 775 2664 γειαν.
821 2579 891 2643 τὸ
935 2581 1000 2643 δὲ
1042 2580 1104 2657 ἐξ
1147 2579 1341 2641 ἄλλου
1382 2581 1463 2662 τῷ
1511 2580 1593 2644 εἰς
1639 2577 1787 2642 αὐτὰ
1827 2578 2114 2642 σύνθεσίν
2141 2604 2274 2643 τινα

583 2687 987 2769 ἐργαζόμενος·
1034 2682 1192 2746 πολὺ
1234 2684 1349 2763 γὰρ
1393 2678 1747 2762 διαφέρει,ἢ
1788 2683 1855 2745 ἐν
1895 2683 2063 2768 ἄλλῳ
2109 2681 2275 2765 ἔχειν

580 2791 687 2870 τὴν
735 2789 930 2852 αἰτίαν
978 2789 1084 2850 τοῦ
1130 2784 1351 2851 πάθους
1402 2781 1838 2870 κεχωρισμένῳ,
1888 2781 1925 2863 ἢ
1972 2788 2273 2867 συνῆφθαι

582 2892 728 2974 πρὸς
773 2890 880 2969 τὴν
927 2890 1121 2953 αἰτίαν
1160 2891 1266 2950 τοῦ
1309 2885 1532 2953 πάθους
1575 2887 1796 2968 τρόπον
1841 2885 1956 2969 γάρ
2002 2912 2135 2951 τινα
2179 2888 2275 2951 ἐπὶ

580 2998 802 3061 τούτων
832 2996 893 3058 αἰ
922 2994 1024 3056 δύο
1054 2990 1233 3074 ἀρχαὶ
1264 2992 1345 3057 εἰς
1372 2993 1581 3053 τοῦτον
1610 2986 1990 3073 συγχέονται.
2024 2990 2181 3052 αἰτία
2210 2991 2274 3053 δὲ

583 3100 788 3164 τούτου
834 3093 1088 3179 γέγονεν
1133 3095 1170 3173 ἡ
1219 3097 1320 3172 τῆς
1372 3091 1654 3171 κινήσεως
1698 3093 1774 3159 ὡς
1825 3096 2022 3155 κοινοῦ
2066 3090 2276 3174 γένους

580 3202 943 3284 προτίμησις,
976 3197 1046 3263 δι’
1075 3195 1149 3275 ἣν
1190 3197 1301 3279 οὐχ
1351 3196 1480 3259 οἶόν
1523 3220 1590 3258 τε
1639 3199 1901 3275 καθαρῶς
1945 3195 2160 3258 λοιπὸν
2203 3195 2272 3259 τὸ

580 3303 841 3389 πάσχειν
871 3302 966 3367 καὶ
993 3304 1187 3365 ποιεῖν
1215 3296 1667 3378 διαστήσασθαι.
1716 3298 1856 3362 ὅθεν
1904 3298 1999 3362 καὶ
2039 3298 2136 3363 ἐπὶ
2174 3302 2275 3379 τῆς

582 3409 848 3490 τμήσεως
876 3410 1096 3489 συγχεῖ
1115 3406 1149 3467 6
1170 3404 1355 3485 λόγος
1384 3406 1566 3466 ταῦτα
1587 3406 1690 3469 τὰς
1719 3404 1802 3469 εἰς
1828 3403 1991 3466 ἄλλα
2020 3402 2276 3482 κινήσεις

583 3516 688 3580 τὰς
722 3513 902 3577 aba-‹⁸15-
939 3514 1064 3575 ταῖς
1108 3508 1172 3586 ἐξ
1213 3507 1419 3570 ἄλλων
1449 3503 1719 3585 κινήσεσι
1748 3502 2068 3584 τιθέμενος·
2119 3506 2272 3570 ἔστω

579 3620 693 3700 γὰρ
721 3616 758 3695 ἦ
784 3617 898 3695 μὲν
928 3616 1135 3691 τμῆσις
1160 3612 1286 3691 μία·
1331 3608 1399 3673 τὸ
1427 3606 1633 3688 μέντοι
1667 3605 1906 3688 τέμνειν
1939 3609 2032 3672 καὶ
2062 3608 2268 3689 τέμνε-

582 3725 741 3793 σθαι,
768 3718 961 3798 ἕτερα·
996 3718 1163 3778 τοῦτο
1194 3716 1259 3777 δὲ
1287 3712 1553 3791 οὐδαμῶς
1581 3708 2021 3794 συγχωρητέον·
2053 3713 2130 3779 ὥς
2155 3715 2272 3795 γὰρ

583 3824 709 3907 ἔχει
728 3822 765 3901 ἡ
786 3823 1011 3899 τμῆσις,
1035 3819 1217 3883 οὕτως
1242 3816 1337 3879 καὶ
1364 3814 1433 3879 τὸ
1457 3811 1696 3893 τέμνειν
1728 3815 1823 3877 καὶ
1852 3813 1921 3878 τὸ
1950 3813 2273 3894 τέμνεσθαι

581 3929 778 4007 ὥσπερ
807 3924 914 3987 οῦν
940 3923 977 4002 ἡ
1008 3920 1122 3985 ἀπὸ
1162 3923 1268 3984 τοῦ
1316 3916 1635 3999 τέμνοντος
1672 3917 1944 4001 ἐνέργεια
1981 3922 2051 3999 τῇ
2092 3920 2160 3982 ἐν
2189 3923 2269 4006 τῷ

579 4025 916 4113 τεμνομένῳ
963 4026 1201 4108 φύσεως
1248 4024 1319 4106 (““ιι
1329 4024 1609 4106 πείσεως)
1667 4023 2038 4105 κεχώρισται,
2086 4023 2266 4090 οὕτως

581 4134 676 4197 καὶ
702 4133 738 4213 ἦ
772 4132 920 4193 κατὰ
956 4126 1025 4191 τὸ
1060 4124 1296 4206 τέμνειν
1324 4124 1472 4205 τομὴ
1512 4128 1613 4202 τῆς
1653 4127 1801 4188 κατὰ
1838 4123 1907 4188 τὸ
1947 4122 2268 4204 τέμνεσθαι

580 4233 904 4314 διέστηκεν.
952 4231 1082 4294 ἔστι
1108 4233 1225 4313 γὰρ
1251 4230 1288 4309 ἦ
1316 4231 1428 4308 μὶν
1459 4229 1525 4291 ἐκ
1553 4231 1653 4307 τῆς
1693 4228 1992 4311 ἐνεργείας
2031 4229 2127 4291 καὶ
2167 4233 2268 4308 τῆς

585 4338 893 4421 δραστικῆς
924 4332 1204 4413 κινήσεως
1230 4330 1725 4414 προκατάρχουσα
1768 4332 1946 4394 αἰτία.
1994 4329 2166 4413 ἑτέρα
2202 4334 2265 4396 δὲ

582 4443 677 4507 καὶ
704 4439 976 4522 διάδοχος
1005 4439 1233 4517 ταύτης,
1267 4437 1336 4500 ἐν
1363 4439 1442 4521 τῷ
1471 4433 1809 4520 τεμνομένῳ
1838 4436 2123 4515 παθητικὴ
2162 4461 2261 4518 γε-

579 4540 797 4625 νομένη
825 4540 1030 4623 τροπὴ,
1064 4540 1192 4603 ἐπεὶ
1223 4539 1318 4602 καὶ
1348 4538 1446 4602 ἐπὶ
1473 4541 1574 4617 τῆς
1601 4536 1801 4620 τριχὸς
1829 4539 1988 4617 άλλη
2016 4535 2130 4618 μέν
2160 4540 2260 4601 ἐσ-

577 4673 669 4712 τιν
705 4646 742 4725 ἡ
780 4649 898 4707 τῶν
942 4648 1158 4727 χειρῶν
1205 4640 1510 4707 διάστασις
1554 4646 1672 4704 τῶν
1721 4642 2108 4704 ἐκτεινουσῶν
2157 4641 2264 4720 τὴν

578 4753 770 4834 τρίχα,
804 4748 963 4826 ἄλλη
992 4748 1057 4810 δὲ
1084 4746 1122 4824 ἡ
1150 4749 1251 4824 τῆς
1282 4742 1483 4826 τριχὸς
1525 4742 1887 4808 ἀνάπλωσις.
1936 4744 2116 4809 οὕτως
2158 4743 2264 4806 οὖν

577 4854 670 4919 καὶ
700 4853 799 4916 ἐπὶ
826 4854 927 4930 τῆς
953 4853 1131 4928 τομῆς
1158 4849 1316 4929 άλλη
1341 4848 1453 4926 μὲν
1475 4845 1644 4910 ἔσται
1664 4847 1873 4931 ’‘Luem-6
1900 4845 1968 4909 τὸ
1997 4846 2264 4926 ἐνεργεῖν

578 4958 672 5021 καὶ
698 4954 936 5035 τέμνειν
964 4956 1189 5032 τμῆσις,
1227 4951 1385 5027 ἄλλη
1429 4950 1493 5013 δὲ
1535 4949 1573 5028 ἡ
1618 4951 1765 5011 κατὰ
1806 4947 1875 5011 τὸ
1918 4945 2257 5027 τέμνεσθαι.

576 5060 705 5124 ἐπεὶ
742 5059 807 5121 δὲ
845 5054 1192 5137 παράκειται
1233 5054 1545 5135 σύνεγγυς,
1575 5049 1611 5131 ἢ
1642 5050 1818 5133 ἐγγὺς
1843 5052 1880 5130 ἡ
1911 5049 2085 5132 ἑτέρα
2118 5049 2263 5131 πρὸς

573 5163 679 5243 τὴν
718 5158 950 5241 ἑτέραν,
983 5158 1049 5221 τὸ
1094 5157 1289 5221 διττὸν
1326 5157 1515 5219 αὐτῶν
1554 5152 1956 5226 διαλανθάνει,
1990 5152 2084 5216 καὶ
2126 5154 2260 5215 τοτὲ

570 5267 681 5345 μὲν
710 5265 890 5342 δόξαν
931 5262 1007 5325 ἄν
1044 5286 1166 5325 τισι
1208 5257 1509 5341 παράσχῃ,
1541 5258 1617 5325 ὥς
1661 5258 1729 5320 ἐν
1766 5260 1846 5342 τῷ
1892 5257 2159 5337 ἐνεργεῖν
2188 5252 2260 5319 ὂν

569 5366 637 5431 τὸ
678 5365 1151 5446 συναμφότερον,
1194 5362 1328 5425 τοτὲ
1375 5363 1459 5435 δὲ,
1509 5361 1586 5428 ὧς
1628 5361 1697 5423 ἐν
1740 5362 1820 5445 τῷ
1861 5357 2141 5443 πάσχειν·
2188 5358 2258 5422 οὗ

568 5467 684 5548 μὴν
713 5468 862 5532 οὕτω
891 5490 963 5548 γε
992 5464 1060 5529 τὸ
1089 5466 1306 5545 ἀληθὲς
1335 5463 1482 5546 ἔχει,
1515 5464 1679 5526 ἀλλὰ
1720 5462 1823 5525 δύο
1863 5463 1937 5525 τᾶ
1975 5458 2258 5540 κινήματά

570 5573 718 5645 ἐστι,
765 5570 1111 5649 διεστηκότα
1151 5569 1264 5647 μὲν
1307 5565 1592 5646 ἀλλήλων
1636 5568 1783 5631 κατὰ
1826 5565 2030 5649 φύσιν·
2080 5566 2148 5629 ἐν
2190 5565 2256 5628 δὲ

672 5679 853 5731 VOL.
893 5677 1019 5729 111.

3940 567 4065 637 337

2371 731 2493 792 τοῖς
2522 725 2828 792 συνθέτοις
2867 728 2949 793 εἰς
2987 726 3202 790 ταύτὸν
3232 728 3629 810 συγχεόμενα.
3678 721 4060 789 διαλανθάνει

2370 828 2454 901 δὲ,
2488 829 2646 891 διατί
2674 829 2744 909 (³¹¹²
2756 827 2851 892 διά
2882 831 2976 912 τε)
3010 828 3118 906 τὴν
3148 830 3441 909 σύμμιξιν,
3477 830 3570 893 καὶ
3601 830 3746 892 διότι
3774 826 3841 890 τὸ
3869 828 4063 888 ποιεῖν

2370 931 2466 993 καὶ
2500 931 2764 1013 πάσχειν
2795 932 2878 997 εἰς
2922 931 2988 994 ἓν
3017 930 3192 1012 γένος
3236 931 3619 1013 συνάγουσιν.
3671 934 3801 1010 ἑξῆς
3842 930 3907 993 δὲ
3951 929 4061 991 ἀλ-

2366 1032 2575 1112 λήλοις
2614 1034 2710 1097 καὶ
2747 1038 2918 1097 τοῦτο
2960 1039 3120 1114 ζητεῖ
3154 1036 3187 1096 6
3231 1039 3543 1102 Πλωτῖνος
3584 1039 3731 1099 κατὰ
3769 1036 3844 1097 τᾶ
3879 1031 4057 1113 λεγό-

2363 1161 2517 1215 μενα
2544 1140 2646 1214 τῆς
2675 1136 2957 1216 κινήσεως
3001 1139 3144 1214 εἴδη,
3181 1138 3234 1200 εἰ
3261 1143 3568 1221 πανταχοῦ
3610 1137 3962 1219 συνήρτηται
3990 1132 4059 1195 τὸ

2364 1244 2558 1305 ποιεῖν
2587 1243 2666 1324 τῷ
2695 1238 2974 1322 πάσχειν.
3022 1239 3098 1318 ἦν
3127 1241 3192 1302 δὲ
3221 1243 3368 1304 κατὰ
3395 1244 3469 1304 τᾶ
3500 1243 3622 1321 εἴδη
3651 1245 3750 1320 τῆς
3779 1238 4060 1318 κινήσεως

2365 1341 2604 1423 γένεσις
2645 1343 2740 1406 καὶ
2781 1345 2997 1424 φθορὰ,
3034 1344 3274 1421 αὔξησις
3318 1344 3414 1406 καὶ
3451 1345 3709 1423 μείωσις,
3742 1340 4063 1406 ἀλλοίωσις

2367 1445 2462 1509 καὶ
2504 1446 2591 1510 ἔτι
2638 1447 2675 1525 ἡ
2716 1449 2864 1510 κατὰ
2906 1447 3092 1510 τόπον
3118 1446 3449 1526 μεταβολή.
3493 1444 3571 1511 ‘O
3602 1448 3668 1512 δὲ
3693 1445 4060 1526 Ἰάμβλιχος,

2367 1549 2535 1616 εὐθὺς
2565 1552 2677 1628 μὲν
2701 1548 3061 1628 ἐνιστάμεθα
3087 1550 3239 1631 φησὶ
3265 1549 3413 1631 πρὸς
3440 1550 3547 1629 τὴν
3577 1549 3767 1632 ἀρχὴν
3793 1552 3894 1627 τῆς
3922 1547 4065 1627 ἐφό-

2363 1656 2486 1726 δου,
2520 1653 2625 1716 οὐκ
2670 1654 2967 1732 ἀξιοῦντες
3010 1652 3127 1716 ἀπὸ
3176 1656 3275 1730 τῆς
3319 1653 3602 1732 κινήσεως
3646 1655 3750 1718 τᾶς
3793 1648 4058 1728 ποιήσεις

2361 1758 2907 1838 χαρακτηρίζεσθαι.
2956 1757 3111 1819 ἄλλο
3141 1758 3257 1837 γὰρ
3286 1755 3462 1838 γένος
3497 1755 3649 1820 εἶναι
3677 1760 3794 1819 τῶν
3824 1753 4050 1817 κινούν-

2361 1882 2498 1932 των,
2533 1859 2630 1922 καὶ
2658 1859 2813 1922 ἄλλο
2844 1864 2960 1922 τῶν
2999 1857 3375 1938 κινουμένων.
3413 1859 3616 1924 ἔπειτα
3645 1856 4056 1939 ἀντιλέγομεν.

2362 1962 2466 2025 οὐκ
2504 1962 2765 2041 οἰόμενοι
2812 1966 2936 2025 δεῖν
2984 1961 3101 2025 ἀπὸ
3145 1966 3250 2026 τοῦ
3295 1963 3475 2026 αὐτοῦ
3517 1965 3592 2026 τὰ
3633 1965 3915 2026 ποιοῦντα
3962 1958 4058 2025 καὶ

2360 2063 2677 2147 πάσχοντα
2718 2066 3264 2146 χαρακτηρίζεσθαι,
3315 2066 3518 2147 ὥσπερ
3563 2063 3680 2129 ἀπὸ
3729 2068 3835 2128 τοῦ
3882 2069 4054 2128 κινεῖ-

2362 2172 2522 2231 σθαι.
2570 2165 2795 2247 μήποτε
2826 2168 2890 2230 δὲ
2916 2166 3130 2248 ῥητέον
3159 2166 3304 2248 πρὸς
3331 2167 3437 2232 τὸν
3463 2166 3842 2250 Ἰάμβλιχον,
3876 2168 3953 2234 ὣς
3980 2170 4055 2230 τᾶ

2363 2270 2510 2333 αὐτὰ
2555 2272 2677 2348 εἴδη
2721 2273 2822 2348 τῆς
2866 2269 3149 2349 κινήσεως
3186 2270 3280 2334 καὶ
3307 2276 3427 2334 τῶν
3458 2273 3773 2336 κινούντων
3801 2270 3931 2334 ἐστὶ
3961 2269 4056 2333 καὶ

2360 2378 2478 2435 τῶν
2509 2371 2890 2451 κινουμένων.
2935 2372 3002 2435 τὸ
3048 2375 3163 2455 γὰρ
3202 2376 3521 2456 γινόμενον
3545 2374 3660 2438 ὑπὸ
3689 2377 3794 2437 τοῦ
3816 2376 4052 2437 ποιοῦν-

2359 2500 2459 2542 τος
2499 2475 2747 2557 γίνεται,
2779 2475 2875 2538 καὶ
2910 2474 2979 2538 τὸ
3020 2477 3412 2557 φθειρόμενον
3441 2475 3554 2540 ὑπὸ
3584 2481 3689 2541 τοῦ
3725 2476 4050 2559 φθέροντος

2360 2579 2687 2660 φθείρεται.
2735 2577 2831 2641 καὶ
2876 2577 2971 2641 ἐπὶ
3016 2578 3397 2646 ἀλλοιώσεως
3425 2581 3490 2643 δὲ
3524 2581 3619 2644 καὶ
3646 2583 3748 2659 τῆς
3778 2582 3926 2643 κατὰ
3952 2579 4049 2642 τό-

2358 2706 2476 2745 πον
2507 2684 2847 2760 μεταβολῆς
2889 2683 2924 2744 6
2970 2682 3144 2748 αὐτός
3192 2682 3323 2745 ἐστι
3366 2684 3568 2764 λόγος.
3613 2682 3759 2764 πρὸς
3797 2684 3910 2761 μὶν
3947 2681 4054 2745 οῦν

2359 2786 2463 2850 τὰς
2505 2784 2754 2864 ἀπορίας
2796 2787 2903 2847 τοῦ
2944 2787 3259 2849 Πλωτίνου
3310 2787 3581 2853 τοιαύτας
3623 2788 3681 2849 οἶ
3720 2783 3844 2865 μετ’
3875 2783 4054 2848 αὐτὸν

2362 2885 2665 2969 ἐπήγαγον
2695 2888 2922 2953 λύσεις.
2996 2884 3240 2966 Ἐπειδὴ
3272 2890 3337 2952 δὲ
3369 2888 3501 2952 ἀντὶ
3527 2893 3633 2952 τοῦ
3661 2886 4054 2954 ἀποδοθέντος

2360 2991 2609 3070 ὁρισμοῦ
2648 2994 2754 3053 τοῦ
2797 2994 2992 3053 ποιεῖν
3032 2991 3128 3054 καὶ
3169 2989 3430 3075 πάσχειν
3469 2989 3582 3054 ὑπὸ
3623 2996 3741 3054 τῶν
3770 2994 4050 3071 Πυθαγο-

2357 3094 2534 3174 ρείων
2578 3093 2772 3156 ἄλλον
2801 3095 2833 3155 6
2862 3098 3174 3160 Πλωτῖνος
3217 3092 3500 3174 ἐνέκρινε,
3544 3098 3916 3175 πειραθῶμεν
3960 3093 4055 3156 καὶ

2359 3199 2570 3259 τοῦτον
2602 3200 2833 3275 νοῆσαι,
2866 3195 3202 3278 γράφοντες
3245 3197 3339 3260 καὶ
3381 3198 3456 3259 τὰ
3497 3196 3643 3277 πρὸς
3686 3195 3866 3260 αὐτὸν
3896 3198 4050 3277 εἰρη-

2356 3296 2511 3378 μένα
2539 3301 2617 3386 τῷ
2647 3298 2979 3385 Ἰαμβλίχῳ
3011 3299 3105 3363 καὶ
3133 3305 3255 3366 τοῖς
3284 3300 3494 3365 ἀλλοις
3523 3299 3824 3379 συντόμως
3854 3328 3903 3363 κ.
3915 3326 3969 3363 τ.
3988 3306 4048 3363 λ.

2446 3424 2506 3487 p.
2540 3420 2727 3486 1073,
2752 3422 2816 3486 9.
2845 3399 3279 3466 Ἐπισκεπτέον
3308 3402 3394 3475 δὲ,
3428 3404 3481 3465 εἰ
3511 3403 3612 3465 καί
3635 3427 3791 3468 τινες
3821 3404 4041 3486 κ.τ.λ.]

2362 3504 2703 3590 Postquam
2740 3503 3094 3591 Simplicius
3135 3503 3397 3567 aliorum
3443 3503 3777 3567 sententias
3817 3503 4051 3567 refuta-

2358 3605 2469 3683 vit,
2501 3606 2583 3670 ad
2613 3606 2975 3671 sententiam
3012 3605 3242 3670 Plotini
3275 3604 3460 3682 redit,
3489 3628 3678 3691 quam
3712 3629 3903 3692 supra
3930 3606 4049 3669 sub

2359 3723 2505 3772 nota
2551 3728 2655 3794 93.
2690 3709 2752 3773 b.
2799 3707 3216 3795 transscripsi:
3269 3713 3364 3794 (p.
3399 3728 3501 3792 94.
3536 3710 3624 3792 a.)
3668 3705 3843 3772 Ἀλλ’
3883 3711 3937 3772 εἰ
3979 3707 4047 3772 τὸ

2355 3814 2431 3875 τᾶ
2459 3810 2763 3891 σωματικά
2792 3820 2980 3893 φησιν
3009 3813 3042 3874 6
3071 3816 3382 3877 Πλωτῖνος
3422 3810 3586 3893 ἔχειν
3613 3811 3748 3892 περὶ
3775 3810 3846 3875 τὸ
3876 3816 4047 3890 σῶμα

2356 3915 2451 3978 καὶ
2477 3915 2558 3994 μὴ
2588 3916 2924 3994 ἀσώματον,
2956 3915 3154 3993 ἀλλην
3180 3919 3343 3977 ποιεῖ
3368 3915 3741 3995 κατηγορίαν,
3771 3914 3928 3977 διατί
3953 3914 4049 3977 καὶ

2355 4018 2451 4081 ἐπὶ
2480 4021 2587 4081 τοῦ
2614 4022 2730 4081 ποῦ
2756 4022 2950 4081 ποιεῖν
2977 4020 3207 4096 πολλῆς
3236 4018 3417 4097 οὔσης
3443 4021 3730 4098 διαφορᾶς
3757 4016 3862 4080 οὐκ
3889 4017 4047 4095 ἄλλη

2350 4122 2464 4199 μὲν
2512 4121 2831 4202 κατηγορία
2879 4121 3109 4202 γίνεται
3160 4122 3306 4183 κατὰ
3352 4119 3420 4184 τὸ
3467 4117 3721 4199 τέμνειν,
3776 4120 3935 4199 ἄλλη
3981 4120 4047 4183 δὲ

2353 4226 2502 4288 κατὰ
2529 4222 2598 4287 τὸ
2630 4222 2812 4297 κάειν,
2837 4219 2873 4300 ἢ
2902 4221 3352 4305 κατορύττειν,ἢ
3380 4222 3777 4303 ἀποβάλλειν·
3804 4219 3841 4301 ἢ
3869 4222 3907 4302 ἡ
3932 4223 4045 4302 μὲν

2352 4330 2458 4391 τοῦ
2484 4331 2678 4390 ποιεῖν
2708 4323 2980 4407 ἐνέργεια
3006 4327 3113 4406 μία
3143 4326 3271 4388 ἐστὶ
3301 4327 3396 4389 καὶ
3426 4326 3534 4388 ἕνα
3564 4325 3791 4408 ἔχουσα
3831 4325 4040 4407 λόγον,

2355 4430 2451 4493 καὶ
2489 4429 2663 4493 οὐδὲν
2708 4425 2956 4507 δεομένη
3002 4432 3104 4505 τῆς
3149 4429 3434 4509 διαφόρου
3475 4430 3769 4511 ὑποδοχῆς
3811 4432 3930 4491 τῶν
3972 4426 4041 4489 τὸ

2351 4537 2545 4595 ποιεῖν
2573 4526 3047 4614 ὑποδεχομένων.
3086 4529 3182 4593 καὶ
3210 4531 3243 4592 6
3272 4526 3503 4609 τέμνων
3531 4532 3647 4611 γὰρ
3678 4530 3774 4593 καὶ
3811 4531 3844 4592 6
3884 4527 4040 4593 κάων

2352 4635 2448 4698 καὶ
2490 4635 2548 4697 οἰ
2592 4634 2771 4697 ἄλλοι
2816 4632 2990 4697 οὐδὲν
3030 4634 3176 4695 κατὰ
3222 4630 3290 4695 τὸ
3335 4636 3528 4696 ποιεῖν
3558 4629 3959 4714 διαφέρουσιν·
4003 4631 4040 4710 ἡ

2347 4734 2551 4816 μέντοι
2589 4740 2695 4800 τοῦ
2723 4735 2887 4819 ἔχειν
2916 4735 3232 4816 κατηγορία
3276 4736 3344 4798 ἐν
3371 4736 3556 4820 τούτῳ
3596 4733 3704 4812 τὴν
3732 4735 3884 4815 ὅλην
3913 4734 4038 4818 ἔχει

2350 4841 2607 4918 ἰδιότητα
2636 4840 2704 4901 ἐν
2732 4841 2812 4923 τῷ
2841 4837 2921 4916 μὴ
2950 4838 3268 4917 ἀσώματον
3298 4843 3468 4917 σῶμα
3501 4839 3565 4900 δὲ
3598 4837 3748 4901 εἶναι
3774 4836 3844 4901 τὸ
3872 4863 4033 4919 περι·

2349 4944 2622 5022 κείμενον
2660 4938 2746 5020 *ἢ
2785 4938 2930 5024 (*ἣ)
2976 4940 3082 5004 οὐκ
3127 4939 3244 5004 ἀπὸ
3290 4943 3391 5019 τῆς
3432 4941 3725 5022 τυχούσης
3768 4936 4038 5022 σχέσεως

2344 5045 2845 5129 χαρακτηρίζεται,
2878 5041 3014 5107 ἀλλ’
3048 5045 3112 5106 ἐκ
3140 5046 3241 5122 τῆς
3267 5041 3412 5123 πρὸς
3441 5042 3596 5105 ἄλλο
3638 5044 3720 5108 εἰς
3757 5042 3900 5105 αὐτὸ
3937 5068 4031 5105 κυ-

2342 5149 2480 5229 ρίως
2508 5152 2842 5229 θεωρεῖταις
2888 5143 3063 5208 Ἀλλ’
3085 5147 3139 5210 εἰ
3163 5144 3231 5209 τὸ
3260 5144 3665 5226 περικείμενόν
3692 5152 3880 5225 φησιν
3910 5143 4036 5222 ἱμά-

2344 5276 2473 5315 τιον
2512 5251 2710 5329 ἄλλην
2751 5250 3106 5331 κατηγορίαν
3134 5254 3309 5322 ποιεῖ,
3341 5249 3500 5313 διατί
3530 5247 3610 5327 μὴ
3652 5245 3720 5310 τὸ
3766 5248 4034 5327 κείμενον

2346 5354 2443 5417 ἐπὶ
2472 5355 2675 5431 κλίνης
2703 5352 2898 5431 ἀλλην
2928 5350 3200 5431 ποιήσεις
3245 5348 3283 5431 ἢ
3311 5350 3379 5414 τὸ
3407 5353 3518 5431 μὲν
3549 5353 3778 5413 κεῖσθαι
3808 5349 4036 5428 ἱμάτιον

2346 5457 2441 5520 ἐπὶ
2487 5458 2706 5534 κλίνης,
2737 5458 2838 5534 τῆς
2875 5457 2981 5518 τοῦ
3024 5458 3253 5518 κεῖσθαι
3298 5453 3428 5518 ἐστὶ
3472 5452 3837 5535 κατηγορίας,
3869 5449 3907 5533 ἢ
3935 5458 4035 5534 τῆς

2344 5563 2411 5625 ἐν
2440 5561 2632 5644 τόπῳς
2665 5558 2941 5637 οὐδεμίαν
2969 5560 3083 5639 γὰρ
3112 5554 3421 5639 ἐνέργειαν
3447 5555 3769 5640 παρέχεται
3795 5557 3833 5637 ἡ
3864 5560 4032 5638 κλίνη

2472 5669 2531 5720 X
2568 5672 2617 5718 X
