5118 6613
2102 523 2921 593 ANNOTATIONES
2988 524 3098 589 IN
3166 525 3614 592 PLOTINI

1994 970 2238 1053 LIB.
2304 969 2374 1051 Ι.
2465 965 3031 1052 ΕΝΝΕΑῙ).
3104 970 3759 1055 SECUNDAE.

1238 1188 1313 1252 P.
1331 1185 1473 1268 178,
1488 1199 1547 1268 7.
1566 1182 1718 1265 Περὶ
1746 1181 2019 1265 οὐρανοῦ]
2045 1182 2167 1245 Est
2185 1178 2287 1244 hic
2308 1177 2465 1244 liber
2480 1177 2820 1243 secundum

1150 1288 1450 1369 ordinem,
1469 1309 1597 1376 quo
1624 1281 1851 1372 singuli
1871 1306 1910 1348 a
1933 1281 2181 1347 Plotino
2200 1281 2408 1370 scripti
2438 1293 2608 1359 sunt,
2626 1279 2825 1368 quad-

1149 1391 1502 1480 ragesimus.
1587 1386 1733 1452 vid.
1789 1385 2102 1473 Porphyr.
2149 1383 2229 1449 de
2273 1383 2401 1449 Vit.
2449 1382 2704 1449 Plotini.
2755 1405 2822 1472 p.

1154 1515 1294 1576 141.
1341 1492 1533 1559 Fabr.
1563 1492 1647 1574 (c.
1684 1491 1847 1573 24.),
1890 1486 2003 1552 ubi
2041 1498 2244 1552 tamen
2294 1485 2649 1552 inscribitur
2690 1488 2825 1568 περὶ

1148 1598 1392 1678 κόσμου.
1479 1596 1700 1681 Atque
1737 1588 2002 1656 eundem
2032 1589 2286 1655 titulum
2323 1604 2630 1678 usurpant
2675 1587 2823 1653 Phi-

1146 1698 1433 1786 loponus,
1466 1693 1820 1783 Simplicius
1846 1707 1911 1758 et
1937 1691 2063 1770 alii,
2091 1692 2187 1757 uti
2214 1706 2431 1781 postea
2454 1690 2820 1756 videbimus.

1148 1799 1331 1867 Libri
1358 1798 1551 1864 nostri
1571 1797 1637 1863 h.
1658 1797 1705 1862 l.
1732 1794 1885 1860 nihil
1913 1794 2174 1860 variant.
2265 1795 2429 1881 Ejus
2455 1793 2824 1858 diversitatis

1145 1925 1333 1969 causa
1358 1901 1514 1966 inest
1537 1899 1604 1963 in
1632 1922 1751 1964 usu
1775 1911 2078 1975 veterum,
2103 1895 2214 1984 qui
2239 1898 2460 1978 κόσμον
2479 1910 2544 1960 et
2572 1896 2822 1979 οὐρανὸν

1146 2004 1490 2094 promiscue
1523 2001 1828 2067 dicebant.
1916 1998 2101 2065 Plato
2138 1998 2382 2064 Timaeo
2407 2022 2475 2086 p.
2499 1999 2599 2066 28.
2631 2020 2694 2087 p.
2719 2016 2821 2084 23.

1149 2105 1454 2173 Bekkeri:
1500 2107 1534 2169 ὅ
1574 2104 1643 2184 δὴ
1687 2108 1800 2172 πᾶς
1837 2099 2146 2185 οὔρανὸςῆ
2187 2103 2423 2183 κόσμος,
2451 2099 2489 2181 ἢ
2526 2102 2621 2166 καὶ
2664 2103 2821 2167 ἄλλο

1147 2210 1184 2276 ὃ
1225 2211 1289 2276 τί
1319 2234 1465 2275 ποτε
1507 2208 1931 2288 ὀνομαζόμενος
1971 2202 2206 2286 μάλιστ’
2253 2202 2330 2267 ἃν
2371 2203 2624 2287 δέχοιτο,
2664 2201 2818 2268 τοῦθ’

1144 2313 1283 2395 ἡμῖν
1309 2310 1655 2392 ὦνομάσθω.
1743 2306 1852 2373 Ad
1882 2329 2069 2395 quem
2096 2305 2301 2372 locum
2332 2305 2593 2371 Proclus
2618 2329 2681 2393 p.
2703 2307 2817 2391 83:

1150 2416 1245 2481 καὶ
1286 2417 1401 2498 γὰρ
1444 2412 1585 2480 αὐτὸ
1627 2414 1796 2476 τοῦτο
1834 2409 2053 2486 ἰστέον,
2094 2411 2186 2474 ὅτι
2224 2412 2298 2474 τὰ
2339 2411 2602 2489 ὀνόματα
2641 2412 2823 2473 ταῦτα

1145 2516 1381 2598 πολλὴν
1411 2518 1539 2601 ἔχει
1565 2518 1725 2598 παρὰ
1751 2519 1873 2581 τοῖς
1898 2517 2172 2579 παλαιοῖς
2200 2513 2573 2594 ἀμφιβολίαν
2611 2538 2665 2576 κ.
2683 2535 2736 2575 τ.
2757 2518 2821 2575 λ.

1148 2619 1255 2686 Sic
1292 2616 1661 2684 Aristoteles
1703 2613 2035 2680 Meteorol.
2080 2613 2140 2680 I.
2166 2630 2224 2681 2.
2254 2627 2319 2678 et
2345 2633 2411 2699 3.
2454 2615 2488 2677 ὁ
2533 2612 2824 2697 περιέχων

1148 2723 1365 2802 κόσμος
1407 2720 1514 2801 τὴν
1551 2723 1684 2802 γῆν,
1730 2716 1841 2782 ubi
1887 2714 2150 2805 proinde
2194 2716 2411 2795 κόσμος
2451 2729 2543 2779 est
2585 2715 2822 2779 caelum.

1148 2822 1329 2889 Idem
1350 2820 1430 2886 de
1451 2819 1623 2886 Caelo
1642 2818 1939 2907 triplicem
1962 2817 2126 2883 vocis
2147 2818 2399 2900 οὐρανοῦ
2413 2816 2824 2903 significatum

1148 2923 1476 3011 distinguit
1501 2945 1557 2988 c.
1577 2942 1639 3006 9,
1667 2942 1764 2986 10.
1786 2939 1887 3004 24.
1916 2920 2015 2985 ed.
2050 2918 2226 3006 Sylb.
2253 2918 2335 2983 cf.
2364 2918 2547 2984 etiam
2582 2917 2820 2984 Philon.

1147 3025 1452 3094 Judaeum
1497 3025 1631 3107 περὶ
1669 3024 2003 3107 ἀφθαρσίας
2041 3023 2283 3103 κόσμου,
2327 3020 2479 3109 ibiq.
2517 3023 2820 3109 Mangey.

1147 3128 1381 3218 p.488.
1412 3126 1579 3192 unde
1618 3124 1982 3212 intelligitur
2023 3124 2444 3213 Pythagoram
2476 3122 2576 3189 vel
2603 3122 2825 3188 caelum

1148 3229 1249 3297 vel
1299 3230 1458 3295 hanc
1506 3251 1713 3294 rerum
1769 3226 2227 3293 universitatem
2273 3225 2543 3314 primum
2595 3224 2826 3291 dixisse

1151 3335 1396 3415 κόσμον.
1483 3331 1655 3397 Hinc
1682 3330 1967 3420 geminus
1993 3353 2144 3396 usus
2173 3331 2603 3395 Romanorum
2641 3328 2829 3416 scrip-

1148 3449 1380 3518 torum,
1407 3434 1649 3500 Plinius
1708 3435 1801 3499 H.
1827 3434 1914 3499 N.
1946 3434 2046 3498 11.
2071 3453 2123 3499 1.
2172 3439 2217 3473 “
2245 3433 2567 3497 Mundum
2611 3445 2675 3496 et
2710 3430 2827 3496 hoc

1149 3539 1322 3629 quod
1358 3537 1479 3604 alio
1518 3536 1765 3603 nomine
1800 3536 2016 3602 caelum
2056 3534 2369 3625 appellare
2410 3532 2618 3613 libuit,
2643 3534 2823 3622 cujus

1147 3640 1549 3711 circumflexu
1590 3653 1890 3729 teguntur
1923 3639 2202 3704 cuncta.”
2243 3636 2352 3702 ubi
2390 3636 2474 3703 cf.
2505 3634 2823 3702 Harduin.

1147 3768 1216 3835 p.
1238 3747 1343 3831 69.
1375 3758 1439 3810 et
1464 3768 1529 3833 p.
1557 3745 1699 3809 126.
1794 3743 2031 3808 Contra
2060 3739 2275 3806 Latini
2300 3740 2515 3805 coelum
2540 3760 2827 3804 nonnun-

1149 3870 1340 3937 quam
1367 3869 1485 3934 pro
1509 3846 1741 3911 mundo
1781 3844 2097 3910 dixerunt.
2185 3842 2405 3908 Cicero
2444 3840 2509 3906 in
2549 3843 2826 3907 Horten-

1152 3950 1243 4016 sio
1269 3971 1372 4036 ap.
1412 3950 1583 4013 Serv.
1629 3947 1696 4011 in
1724 3947 1981 4012 AEneid.
2013 3947 2075 4011 1.
2103 3961 2249 4032 335.
2298 3952 2343 3985 “
2375 3944 2693 4032 Epicurei,
2716 3944 2825 4031 qui

1152 4050 1364 4139 plures
1388 4072 1519 4115 esse
1545 4048 1767 4114 volunt
1791 4049 2003 4114 caelof'
2041 4047 2085 4113 i.
2102 4071 2156 4112 e.
2198 4048 2480 4112 mundos.
2571 4047 2714 4127 Quo
2747 4047 2826 4112 de

1061 4186 1065 4195 ·
1152 4175 1275 4218 usu
1301 4150 1445 4216 vide
1470 4173 1628 4238 quos
1654 4149 1870 4215 laudat
1899 4148 2224 4215 Harlesius
2249 4149 2317 4213 in
2358 4148 2629 4215 Fabricii
2657 4149 2823 4215 Bibl.

1156 4256 1275 4325 Gr.
1322 4254 1464 4319 111.
1507 4274 1572 4341 p.
1606 4271 1750 4338 230.
1797 4263 1922 4317 not.
1973 4252 2068 4317 Io.
2116 4250 2347 4318 Christ.
2409 4252 2699 4340 Kappius
2746 4252 2829 4317 ad

1156 4355 1465 4423 Aristotel.
1510 4355 1591 4421 de
1633 4353 1885 4421 Mundo
1924 4353 2020 4419 11.
2064 4376 2131 4441 p.
2155 4353 2256 4418 18.
2286 4376 2379 4441 sq.
2418 4367 2482 4418 et
2527 4355 2669 4419 Ian.
2706 4355 2832 4419 Ba-

1154 4459 1298 4525 kius
1334 4459 1417 4525 ad
1457 4456 1806 4525 Cleomedis
1844 4458 2132 4523 Meteora
2161 4455 2220 4521 1.
2258 4476 2312 4519 1.
2342 4477 2409 4543 p.
2435 4456 2581 4542 258.
2611 4454 2696 4520 cf.
2737 4455 2830 4519 in-

1155 4562 1256 4628 fra
1294 4561 1377 4627 ad
1420 4584 1486 4650 p.
1507 4561 1653 4647 384.
1700 4561 2339 4647 D.—Argumentum
2385 4572 2595 4623 autem
2638 4558 2830 4647 hujus

1156 4663 1299 4730 libri
1344 4662 1680 4729 Plotiniani
1716 4662 1854 4749 conj
1862 4676 2120 4727 unctum
2155 4675 2249 4726 est
2278 4683 2421 4725 cum
2466 4660 2833 4748 disputatio-

1157 4767 1345 4834 nibus
1367 4766 1645 4832 Platonis
1671 4787 1816 4831 cum
1841 4763 1975 4830 aliis
2000 4763 2065 4828 in
2085 4762 2389 4851 Dialogis‚
2408 4775 2542 4827 tum
2564 4762 2831 4828 maxime

1157 4870 1228 4936 in
1269 4870 1530 4936 Timaeo.
1618 4866 1865 4934 Deinde
1920 4889 2064 4932 cum
2115 4863 2459 4931 Aristotelis
2501 4862 2675 4929 libris
2718 4864 2826 4929 ali-

1159 4985 1337 5063 quot,
1365 4972 1431 5036 in
1456 4970 1557 5037 his
1580 4971 1716 5053 περὶ
1741 4971 2009 5054 οὐρανοῦ.
2083 4971 2309 5055 Neque
2336 4989 2484 5031 vero
2511 4988 2639 5030 non
2675 4967 2833 5055 Epi-

1157 5096 1507 5153 cureorum,
1539 5072 1883 5140 Stoicorum
1911 5070 2296 5158 aliorumque
2320 5067 2830 5157 philosophorum

1158 5178 1387 5269 placita
1427 5175 1495 5241 in
1530 5175 1648 5240 hac
1688 5172 2107 5262 disputatione
2146 5170 2481 5260 respexisse
2511 5171 2833 5259 putandus

1162 5296 1256 5349 est
1295 5276 1692 5370 Lycopolites
1737 5274 2169 5365 philosophus.
2257 5274 2540 5354 Quorum
2589 5272 2834 5339 decreta

1162 5384 1244 5451 de
1269 5381 1507 5450 mundo
1532 5378 1643 5467 qui
1670 5400 2035 5465 cognoscere
2060 5376 2295 5465 cupiat,
2324 5375 2377 5440 is
2403 5375 2586 5441 adeat
2625 5375 2835 5442 Philo-

1160 5488 1258 5553 nis
1305 5482 1520 5551 Judoei
1567 5480 1797 5547 librum
1841 5480 1915 5545 de
1970 5479 2211 5545 Mundi
2251 5479 2836 5568 incorruptibilitate

1063 5617 1070 5625 ·
1162 5592 1435 5676 itemque
1476 5582 1945 5653 commentarios
1971 5580 2181 5650 Procli
2221 5580 2288 5647 in
2327 5582 2645 5649 Timaeum
2690 5581 2834 5649 Pla-

2906 1178 3089 1259 tonis,
3120 1178 3231 1245 ubi
3274 1178 3836 1268 Pythagoreorum,
3882 1179 4186 1260 Platonis,
4218 1180 4584 1262 Aristotelis,

2910 1281 3251 1360 Crantoris,
3281 1280 3628 1361 Plutarchi,
3658 1282 3881 1362 Attici,
3913 1282 4106 1371 ipsius
4135 1283 4391 1361 Plotini,
4434 1286 4588 1351 Por-

2907 1383 3138 1473 phyrii,
3184 1382 3535 1463 Iamblichi,
3564 1384 3824 1451 aliorum
3866 1385 4206 1466 sententiae,
4246 1389 4585 1474 praesertim

2908 1485 2988 1551 de
3014 1486 3254 1551 mundo
3280 1486 3379 1551 vel
3408 1501 3640 1553 oeterno
3658 1486 3754 1553 vel
3784 1510 3906 1553 non
3935 1502 4168 1555 aeterno
4193 1503 4589 1556 recensentur

2906 1611 2975 1676 p.
3007 1591 3113 1670 84.
3145 1612 3279 1677 sqq.
3310 1589 3389 1654 cf.
3419 1589 3688 1655 eundem
3733 1590 4024 1656 Proclum
4059 1590 4127 1655 in
4166 1591 4390 1657 Theol.
4436 1593 4584 1659 Pla-

2907 1691 3068 1756 tonis
3099 1691 3196 1757 11.
3226 1713 3326 1756 11.
3368 1715 3435 1780 p.
3462 1710 3600 1776 107.
3648 1693 3790 1758 111.
3819 1714 3879 1757 1.
3920 1694 4157 1781 p.126.
4198 1718 4288 1782 sq.
4329 1709 4393 1759 et
4441 1695 4608 1761 111.-

2912 1795 3014 1859 16.
3044 1817 3107 1881 p.
3135 1813 3273 1876 147.
3317 1810 3381 1860 et
3424 1795 3701 1884 ejusdem
3749 1797 3911 1861 Inst.
3961 1795 4185 1860 Theol.
4230 1820 4284 1862 c.
4311 1796 4417 1878 48.
4449 1820 4584 1886 sqq.

2904 1919 2971 1983 p.
3003 1897 3102 1978 78.
3134 1920 3267 1984 sqq.
3296 1896 3397 1962 ed.
3444 1913 3679 1963 nostr.:
3727 1897 3932 1964 Procli
3974 1911 4181 1963 autem
4228 1899 4308 1964 de
4351 1900 4587 1965 mundo

2905 2013 3139 2064 aeterno
3183 1998 3481 2086 placitum
3524 1999 3819 2088 peculiari
3874 2000 3938 2064 in
3988 1999 4148 2065 libro
4198 2000 4587 2090 impugnavit

2909 2101 3004 2166 Io.
3053 2101 3461 2190 Philoponus‚
3511 2102 3676 2168 unde
3730 2102 4007 2167 nonnihil
4049 2102 4115 2166 in
4161 2104 4587 2171 Annotatione

2905 2217 3117 2269 nostra
3142 2204 3589 2270 mutuabimur.
3679 2207 3785 2270 Ex
3817 2205 4033 2270 iisdem
4067 2204 4589 2293 disputationibus

2908 2306 3303 2395 vituperandi
3343 2306 3549 2372 Procli
3590 2308 3906 2372 materiam
3952 2307 4251 2373 desumsit
4293 2310 4357 2374 N
4360 2309 4589 2376 icolaus

2909 2408 3345 2474 Methonensis
3390 2409 3454 2473 in
3492 2409 3851 2489 Ἀναπτύξει
3891 2414 3993 2491 τῆς
4038 2415 4382 2495 θεολογικῆς
4426 2439 4584 2479 στοι-

2906 2513 3203 2595 χειώσεως
3247 2514 3527 2595 Πρόκλου
3571 2532 3762 2601 p.71.
3810 2536 3948 2600 sqq.
3990 2512 4087 2578 ed.
4136 2514 4408 2579 Voemel.
4484 2515 4585 2583 Cf.

2905 2613 3090 2679 etiam
3112 2613 3486 2704 Dionysium
3518 2618 3842 2703 Areopag.
3872 2615 3953 2679 de
3982 2614 4222 2681 divinn.
4255 2638 4487 2682 nomm.
4508 2619 4585 2683 V.

2907 2735 2970 2794 4.
3028 2738 3095 2804 p.
3140 2719 3289 2803 690.
3335 2740 3481 2783 cum
3541 2717 3801 2783 Scholiis
3857 2717 4128 2783 Maximi
4184 2742 4251 2806 p.
4293 2738 4440 2806 705.
4492 2743 4581 2808 sq.

2907 2817 3301 2906 Nicephorus
3342 2819 3612 2907 denique
3668 2819 4020 2887 Blemmida
4082 2821 4400 2911 Epitomae
4460 2847 4587 2889 suoe

2907 2919 3184 3008 physicae
3222 2936 3414 3010 caput
3445 2921 3700 2988 inseruit
3738 2924 3873 3005 περὶ
3913 2924 4187 3008 οὐρανοῦ,
4219 2926 4315 2990 καὶ
4352 2926 4444 2991 ὅτι
4484 2928 4588 2993 οὐκ

2911 3021 3075 3088 ἔστιν
3104 3026 3138 3088 ὁ
3168 3025 3385 3105 κόσμος
3413 3023 3613 3093 ἀΐδιος.
3664 3024 3804 3089 Vid.
3832 3048 3887 3090 e.
3910 3045 4011 3107 24.
4039 3049 4105 3114 p.
4135 3046 4278 3113 179.
4307 3050 4442 3115 sqq.
4487 3028 4586 3094 ed.

2909 3125 3226 3213 Wegelin.
3273 3130 3552 3214 August.
3587 3125 3830 3193 Vindel.
3871 3129 4055 3213 1605.
4144 3129 4587 3196 Recentiorum

2908 3226 3146 3316 aliquot
3186 3227 3265 3292 de
3308 3227 3414 3293 illo
3456 3229 3684 3319 placito
3727 3229 4059 3296 sententias
4099 3230 4278 3320 attigi
4307 3232 4472 3299 infra
4506 3233 4589 3300 ad

2914 3331 3128 3397 Nostri
3156 3338 3313 3396 Enn.
3347 3334 3485 3397 III.
3510 3353 3568 3397 2.
3607 3353 3664 3399 1.
3692 3357 3755 3422 p.
3780 3351 3923 3420 255.
3955 3336 4042 3398 A.
4063 3335 4144 3398 B.

2996 3470 3084 3484 —
3110 3453 3209 3498 11.
3252 3440 3483 3516 πρῶτον
3522 3437 3634 3515 μὲν
3677 3438 3893 3517 ἀληθὲς
3928 3438 4042 3517 μὲν
4078 3435 4154 3502 ἂν
4182 3437 4355 3526 ἴσως]
4402 3439 4588 3519 Quod

2910 3535 3030 3601 h.l.
3061 3536 3376 3602 haeserunt
3414 3536 3651 3625 aliquot
3687 3537 3939 3618 librarii,
3971 3562 4094 3603 non
4124 3553 4215 3604 est
4259 3540 4432 3627 quod
4472 3542 4585 3606 mi·

2906 3661 3137 3717 remur,
3167 3638 3422 3727 quando
3464 3640 3631 3705 docti
3665 3640 3851 3707 etiam
3893 3641 4085 3707 critici
4126 3641 4207 3706 ad
4254 3642 4421 3709 hunc
4462 3667 4589 3710 sco-

2907 3741 3130 3830 pulum
3174 3741 3589 3829 impegerunt.
3674 3744 3777 3808 Tu
3830 3743 3955 3808 vid.
4005 3743 4272 3810 Dorvill.
4318 3745 4398 3811 ad
4457 3746 4587 3812 haec

2914 3842 3267 3910 Charitonis
3295 3845 3411 3909 VI.
3435 3865 3538 3932 5.:
3587 3848 3927 3929 Καλλιῤῥόη
3965 3849 4078 3927 μὲν
4104 3847 4172 3911 τὸ
4208 3849 4321 3928 μὲν
4360 3855 4589 3932 πρὸτον

2910 3949 3181 4031 ὥρμησεν
3209 3947 3274 4011 in
3304 3947 3683 4013 Animadvv.
3709 3971 3776 4037 p.
3800 3963 3951 4035 543.
3979 3948 4076 4013 ed.
4109 3949 4286 4037 Lips.
4328 3951 4417 4039 [p.
4436 3954 4585 4037 560.

2910 4074 3003 4137 sq.
3032 4049 3133 4115 ed.
3169 4050 3437 4134 Amst]‚
3466 4051 3578 4116 ubi
3620 4075 3714 4130 ea,
3743 4074 3889 4139 quae
3930 4052 4301 4117 contrariam
4340 4053 4406 4117 in
4450 4076 4590 4142 par-

2911 4166 3032 4218 tem
3076 4151 3418 4240 disputavit
3456 4152 3778 4219 Weiskius
3814 4153 3894 4218 de
3937 4153 4317 4220 Pleonasmis
4357 4178 4424 4242 p.
4447 4176 4589 4243 193.

2910 4278 2999 4342 sq.
3031 4254 3371 4319 multorum
3400 4254 3827 4343 exemplorum
3844 4255 3970 4321 vim
4003 4279 4126 4321 non
4149 4256 4398 4323 tollunt.
4464 4260 4591 4324 Ne-

2910 4380 3035 4443 que
3061 4355 3344 4443 proxime
3370 4356 3529 4443 quin
3563 4380 3644 4422 ex
3682 4357 3855 4423 libris
3881 4357 4012 4424 fere
4049 4359 4338 4425 omnibus
4369 4361 4591 4427 nostris

2911 4457 3323 4541 adiiciendum
3365 4458 3444 4524 sit
3486 4458 3563 4524 ἂν
3595 4475 3737 4547 post
3779 4461 4072 4542 οὐδεμίαν,
4104 4461 4590 4551 haudquaquam

2913 4558 3155 4626 dubito.
3220 4559 3404 4626 Plato
3452 4562 3739 4650 Sympos.
3789 4585 3857 4650 p.
3901 4565 4042 4647 176.
4093 4586 4161 4650 p.
4188 4582 4335 4651 377.
4388 4565 4589 4632 Bekk.

2913 4666 3057 4732 ἴσως
3075 4660 3152 4728 ἂν
3173 4663 3290 4746 ἐγὼ
3313 4663 3573 4744 περὶτοῦ
3589 4665 4008 4744 μεθύσκεσθαι,
4038 4667 4166 4730 οἶόν
4189 4668 4337 4743 ἐστι,
4368 4670 4592 4750 τάληθῆ

2914 4765 3113 4849 λέγων
3131 4764 3311 4848 ἦττον
3333 4763 3411 4829 ἂν
3432 4767 3558 4845 εἴην
3580 4766 3775 4847 ἀηδής.
3825 4766 4084 4832 Proclus
4108 4770 4266 4834 Inst.
4291 4769 4514 4837 Theol.
4534 4765 4596 4838 c.

2921 4884 3059 4954 115.
3082 4867 3308 4956 p.168.
3328 4866 3432 4933 ed.
3463 4882 3656 4933 nostr.
3682 4868 3749 4933 ἓν
3771 4867 3848 4934 ἂν
3865 4870 3971 4935 οὐκ
3993 4869 4068 4936 ἂν
4093 4875 4181 4951 εἴη
4196 4874 4402 4952 μόνον.
4451 4875 4594 4952 Qua

2915 4969 2994 5034 de
3021 4969 3384 5058 repetitione
3403 4968 3529 5035 vid.
3557 4970 3822 5058 Gregor.
3849 4971 4131 5038 Corinth.
4165 4997 4230 5060 p.
4256 4974 4354 5041 18.
4390 4976 4592 5042 Koen.

2915 5094 2981 5160 p.
3010 5091 3115 5154 42.
3178 5071 3468 5137 Schaefer.
3529 5072 3880 5139 Hermann.
3923 5074 4004 5140 ad
4061 5076 4267 5162 Viget.
4309 5098 4375 5164 p.
4405 5078 4589 5159 814:

2918 5197 3055 5262 sqq.
3077 5187 3141 5239 et
3164 5173 3435 5240 Dissenii
3453 5172 3759 5262 DisquisS.
3781 5174 4018 5262 philoll.
4041 5175 4098 5240 1.
4116 5199 4183 5263 p.
4199 5177 4300 5242 28.
4320 5200 4433 5266 sq.:
4466 5180 4593 5244 Ne-

2918 5298 3062 5363 que,
3084 5291 3156 5342 ut
3175 5275 3294 5343 hoc
3323 5298 3517 5341 unum
3548 5275 3799 5357 addam,
3817 5276 4076 5342 fortasse
4105 5277 4476 5367 negligenda
4501 5296 4594 5348 est

2917 5376 3098 5444 lectio
3126 5378 3286 5444 Cod.
3330 5378 3683 5445 Basiliensis
3724 5379 3789 5444 in
3826 5379 4123 5468 Thucyd.
4162 5382 4304 5447 III.
4321 5402 4432 5470 53.
4460 5384 4590 5450 init.

2917 5481 3232 5565 ἡγούμενοι
3268 5481 3337 5546 τὸ
3365 5484 3503 5547 ἴσον
3530 5479 3608 5547 ἂν
3634 5481 3870 5563 μάλιστ’
3902 5479 3978 5546 ἂν
4007 5481 4318 5565 φέρεσθαι.
4405 5488 4593 5568 Mox,

2920 5606 3049 5671 quo
3088 5581 3513 5671 perspicuitati
3550 5582 3894 5650 consuleret
3942 5583 4220 5664 Ficinus,
4262 5585 4598 5657 dubitatio-
