5118 6613
1119 549 1247 611 204

1123 702 1365 791 Taylor
1402 702 1483 767 ad
1523 702 1692 767 hunc
1735 701 1938 766 locum
1993 703 2273 770 Platonis
2320 705 2587 770 conferri
2622 707 2810 794 jubet

1121 828 1296 872 suam
1345 806 1877 871 Introductionem
1910 822 1974 871 et
2003 807 2458 873 translationem
2505 809 2642 895 ejus
2670 807 2810 874 libri

1122 908 1445 974 Platonici.

1763 1097 1961 1162 LIB.
2024 1099 2162 1163 111.

1202 1248 1266 1312 p.
1304 1224 1453 1305 687,
1486 1241 1545 1302 7.
1592 1229 1786 1287 ΠΕΡΙ
1836 1228 2121 1288 ΨὙΧΗΣ
2175 1229 2552 1290 ΑΠΟΡΙΩΝ
2603 1232 2805 1291 ΠΡΩ-

1115 1329 1314 1412 ΤΟΝ]
1369 1327 1563 1392 Liber
1622 1325 1947 1391 vicesimus
1989 1342 2053 1391 et
2096 1325 2396 1414 septimus
2452 1352 2529 1393 ex
2590 1328 2808 1394 ordine

1117 1432 1429 1519 temporiS.
1524 1428 1722 1493 Priori
1757 1428 1890 1494 loco
1935 1428 2352 1518 Porphyriani
2384 1431 2524 1497 libri
2554 1432 2635 1496 de
2670 1433 2805 1498 Vita

1119 1534 1375 1612 Plotini,
1428 1533 1719 1597 nimirum
1780 1531 1980 1619 capite
2028 1533 2274 1619 quium,
2327 1534 2538 1600 nullus
2583 1535 2804 1600 horum

1114 1636 1302 1702 trium
1354 1636 1678 1714 librorum,
1722 1635 1831 1723 qui
1881 1651 2252 1722 sequuntur,
2290 1660 2500 1702 vocem
2549 1641 2809 1720 ἀποριῶν

1111 1740 1175 1803 in
1227 1738 1413 1804 titulo
1460 1738 1665 1803 habet.
1757 1741 1992 1802 Contra
2042 1738 2238 1804 altero
2290 1744 2449 1827 (cap.
2486 1748 2615 1825 25.)
2674 1742 2808 1805 haec

1113 1842 1336 1907 vocula
1377 1842 1441 1906 in
1501 1840 1674 1905 libris
1722 1856 1785 1905 et
1840 1842 2083 1929 scriptis
2128 1858 2189 1906 et
2240 1842 2422 1908 editis
2464 1860 2804 1930 comparet,

1116 1944 1324 2009 Possis
1350 1945 1719 2031 conjectare,
1751 1944 1910 2008 hanc
1942 1967 2150 2009 vocem
2183 1946 2531 2010 desumtam
2565 1970 2698 2009 esse
2725 1947 2806 2011 ab

1107 2047 1321 2135 aliquo
1372 2046 1795 2111 Grammatico
1835 2045 1931 2111 vel
1967 2047 2218 2112 librario
2255 2071 2332 2112 ex
2377 2048 2574 2135 hujus
2612 2048 2806 2135 ipsius

1108 2149 1249 2215 libri
1279 2149 1495 2214 initio:
1544 2150 1677 2233 περὶ
1722 2154 1923 2234 ψυχῆς
1966 2152 2085 2214 ὅσα
2127 2150 2665 2233 ἆπορήσαντας-ἢ
2709 2152 2804 2216 καὶ

1111 2257 1178 2319 ἐν
1227 2254 1429 2321 αὐτοῖς
1477 2259 1606 2320 ταῖς
1655 2254 1925 2333 ἀπορίαις
1967 2252 2232 2321 στάντες.
2326 2254 2579 2318 Laudat
2635 2253 2804 2320 hunc

1109 2357 1360 2432 librum,
1407 2354 1503 2420 vel
1562 2354 1772 2443 potius
1829 2356 1965 2441 ejus
2028 2355 2232 2420 locum
2290 2355 2587 2444 aliquem,
2641 2357 2803 2421 infra

1107 2483 1244 2548 cap.
1299 2460 1475 2524 XII.
1521 2482 1581 2546 p.
1615 2460 1765 2543 381.
1817 2460 1903 2522 D.
1958 2459 2361 2546 Augustinus
2404 2459 2482 2525 de
2530 2460 2800 2525 Civitate

1109 2562 1230 2628 Dei
1272 2561 1408 2627 libr.
1447 2563 1581 2626 IX.
1616 2585 1750 2649 cap.
1792 2563 1908 2625 18:
1956 2568 1999 2600 “
2032 2561 2318 2625 Plotinus
2354 2581 2541 2640 certe,
2573 2580 2800 2628 nostrae

1109 2666 1422 2731 memoriae
1475 2664 1715 2728 vicinus
1760 2666 2163 2752 temporibus,
2210 2665 2536 2730 Platonem
2581 2667 2800 2730 ceteris

1104 2767 1504 2833 excellentius
1560 2766 1929 2831 intellexisse
1986 2766 2300 2833 laudatur.
2393 2769 2459 2832 Is
2513 2791 2656 2833 cum
2719 2768 2799 2833 de

1105 2870 1396 2935 humanis
1436 2869 1657 2933 animis
1693 2885 1928 2955 ageret,
1959 2871 2164 2948 Pater,
2196 2870 2424 2956 inquit,
2455 2871 2798 2935 misericors

1102 2973 1260 3037 cet.”
1347 2969 1618 3057 Reliqua
1667 2971 1827 3034 infra
1870 2993 2255 3058 apponemus
2297 2972 2376 3036 ad
2424 2972 2464 3036 l.
2492 2972 2532 3036 l.
2616 2972 2795 3037 Idem

1104 3089 1319 3139 contra
1363 3072 1536 3137 locus
1576 3072 1829 3160 aliique,
1878 3097 2020 3138 cum
2068 3074 2130 3137 in
2177 3075 2271 3138 his
2317 3074 2489 3139 libris
2534 3078 2792 3156 ἀποριῶν

1105 3179 1324 3260 ψυχῆς,
1358 3192 1490 3240 tum
1525 3199 1618 3254 eo,
1649 3176 1762 3262 qui
1799 3176 2193 3240 inscribitur:
2241 3179 2376 3258 περὶ
2413 3182 2518 3242 τοῦ
2552 3179 2789 3261 εἰληχό-

1103 3308 1202 3349 τος
1241 3281 1392 3361 ἡμᾶς
1432 3280 1728 3359 δαίμονος,
1760 3297 1822 3345 et
1865 3278 1999 3344 aliis
2040 3278 2278 3367 aliquot
2321 3279 2789 3367 posterioribus,

1103 3384 1331 3448 Plotini
1363 3383 1857 3471 reprehendendi
1895 3406 2104 3449 ansam
2147 3384 2576 3472 praebuerunt.
2653 3386 2787 3449 Cu·

1089 3485 1374 3574 jusmodi
1404 3486 1580 3550 binos
1607 3508 1750 3550 cum
1782 3485 1896 3550 hac
1936 3485 2313 3550 Enneadum
2350 3483 2621 3549 editione
2648 3508 2790 3549 con-

1090 3589 1443 3676 junximus,
1477 3585 1758 3652 videlicet
1804 3586 2142 3675 Nicephori
2185 3586 2462 3653 Chumni
2500 3587 2786 3651 Antithe-

1097 3693 1286 3756 ticum
1331 3691 1638 3755 adversus
1681 3691 2028 3768 Plotinum,
2050 3689 2184 3777 jam
2228 3688 2487 3754 antehac
2531 3712 2570 3754 a
2609 3688 2786 3753 nobis

2077 533 2933 600 ANNOTATIONES
3000 535 3112 600 IN
3177 533 3628 600 PLOTINI

2982 743 3066 755 —
3106 726 3199 772 12.
3249 709 3346 771 καὶ
3396 706 3700 773 Πλάτωνα
3739 710 3911 770 τοῦτο
3962 706 4279 785 δοξάζοντα
4329 735 4382 772 κ.
4405 734 4458 772 τ.
4485 710 4578 793 λ.]

2898 807 3073 873 Plato
3103 809 3164 873 in
3208 809 3450 873 Timaeo
3493 833 3558 896 p.
3588 830 3694 895 30.
3726 809 3785 873 b.
3818 832 3882 896 p.
3917 812 4019 873 26.
4061 808 4297 873 Bekk.:
4350 812 4465 875 Διὸ
4511 812 4581 891 δὴ

2895 911 3001 975 τὸν
3027 911 3324 993 λογισμὸν
3351 914 3522 976 τόνδε
3554 917 3694 976 νοῦν
3722 914 3832 992 μὲν
3863 914 3929 975 ἐν
3956 916 4148 995 ψυχῇ,
4184 913 4389 995 ψυχὴν
4417 915 4484 977 δὲ
4516 915 4581 977 ἐν

2896 1015 3123 1094 σώματι
3162 1016 3435 1093 ξυνιστὰς
3485 1014 3552 1076 τὸ
3593 1017 3714 1077 πᾶν
3750 1015 4240 1092 ξυνετεκταίνετο,
4288 1015 4445 1081 ὅπως
4490 1016 4580 1078 ὅτι

2896 1116 3220 1181 κάλλιστον
3251 1119 3340 1196 εἴη
3382 1119 3528 1180 κατὰ
3565 1118 3751 1198 φύσιν
3790 1117 4036 1197 ἄριστόν
4062 1140 4129 1178 τε
4159 1116 4339 1198 ἔργον
4377 1118 4575 1198 ἀπειρ·

2891 1218 3212 1303 γασμένος.
3258 1222 3440 1286 οὕτως
3474 1220 3580 1283 οὖν
3608 1219 3679 1298 δὴ
3710 1223 3859 1283 κατὰ
3893 1220 4084 1301 λόγον
4119 1222 4226 1282 τὸν
4266 1222 4466 1284 εἰκότα
4492 1226 4585 1284 δεῖ

2890 1321 3097 1403 λέγειν
3137 1323 3311 1386 τόνδε
3351 1321 3458 1385 τὸν
3496 1323 3720 1401 κόσμον
3756 1327 3903 1396 ζῶον
3942 1322 4220 1404 ἔμψυχον
4259 1322 4471 1386 ἔννουν
4513 1347 4576 1385 τε

2893 1428 2962 1504 τῇ
3016 1426 3263 1509 ἀληθείᾳ
3308 1422 3403 1489 διὰ
3448 1424 3556 1503 τὴν
3600 1429 3706 1488 τοῦ
3750 1428 3891 1488 θεοῦ
3945 1424 4230 1507 γενέσθαι
4269 1426 4573 1505 πρόνοιαν.

2896 1527 2997 1593 Cs.
3018 1550 3160 1614 pag.
3191 1547 3295 1613 34.
3321 1550 3414 1614 sq.
3463 1543 3525 1591 et
3557 1527 3760 1592 Procli
3784 1529 3944 1592 Inst.
3966 1526 4185 1591 Theol.
4212 1550 4346 1616 cap.
4371 1528 4577 1592 CXX.

2894 1653 2953 1717 p.
2995 1649 3133 1711 174.
3168 1655 3304 1717 sqq.
3329 1647 3391 1695 et
3420 1655 3578 1717 quos
3622 1631 3707 1696 ibi
3738 1631 4007 1696 laudavi.
4058 1630 4360 1697 Philebus
4387 1655 4450 1718 p.
4475 1652 4575 1716 29.

2895 1756 2957 1818 p.
2991 1736 3095 1798 81.
3130 1734 3351 1798 Stallb.
3392 1737 3664 1817 Πότερον
3698 1736 3805 1799 οὖν
3835 1738 3901 1799 ἐκ
3942 1737 4148 1800 τούτου
4176 1740 4283 1800 τοῦ
4310 1738 4578 1816 σώματος

2891 1838 3046 1903 ὅλως
3088 1837 3156 1900 τὸ
3197 1836 3332 1919 παρ’
3362 1837 3501 1916 ἡμῖν
3536 1843 3707 1917 σῶμα
3743 1836 3780 1917 ἢ
3824 1840 3891 1902 ἐκ
3932 1843 4037 1902 τοῦ
4077 1837 4211 1920 παρ’
4240 1840 4379 1917 ἡμῖν
4406 1843 4574 1902 τοῦτο

2888 1939 3178 2022 τρέφεταί
3200 1966 3265 2004 τε
3301 1940 3396 2003 καὶ
3431 1941 3549 2003 ὅσα
3578 1944 3684 2003 νῦν
3713 1941 3784 2020 δὴ
3811 1942 3945 2021 περὶ
3975 1941 4166 2004 αὐτῶν
4196 1943 4457 2020 εἴπομεν,
4492 1944 4570 2004 εἴ·

2888 2050 3050 2124 ληφε
3101 2043 3196 2106 καὶ
3240 2043 3388 2125 ἔχει.
3455 2041 3561 2105 Cf.
3601 2042 4027 2107 antecedentia
4061 2042 4213 2107 ibid.
4258 2066 4323 2130 p.
4360 2062 4462 2128 29.
4504 2065 4566 2129 p.

2891 2169 2994 2234 79.
3029 2147 3252 2214 Stallb.
3274 2163 3336 2213 et
3372 2147 3693 2235 sequentia
3713 2171 3780 2235 p.
3805 2168 3911 2233 30.
3944 2171 4007 2234 p.
4040 2149 4317 2234 83-86.
4350 2146 4569 2212 Stallb.

2887 2275 3074 2339 quem
3105 2252 3188 2316 cf.
3219 2267 3283 2316 et
3325 2251 3406 2314 ab
3448 2275 3522 2314 eo
3570 2250 3835 2316 laudatt.
3884 2250 4183 2337 Xenoph.
4217 2250 4566 2315 Memorab.

2890 2357 3061 2420 Socr.
3106 2355 3165 2418 1.
3197 2376 3262 2435 4.
3294 2355 3352 2418 8.
3401 2354 3535 2419 Cic.
3569 2353 3649 2419 de
3693 2356 3778 2419 N.
3804 2357 3889 2419 D.
3935 2356 4034 2418 11.
4082 2354 4143 2418 6.
4179 2374 4242 2434 7.
4292 2355 4432 2420 111.
4471 2374 4569 2419 11.

2890 2458 3100 2521 Senec.
3132 2457 3337 2545 Epist.
3370 2457 3474 2541 69.
3506 2459 3711 2521 Marc.
3744 2455 4049 2521 Antonin.
4086 2458 4201 2521 IV.
4231 2477 4292 2538 4.

2972 2585 3035 2648 p.
3065 2561 3216 2644 689,
3245 2581 3306 2646 3.
3355 2562 3472 2625 Καὶ
3501 2561 3592 2635 τὸ,
3622 2561 3794 2644 ψυχὴ
3823 2563 3886 2625 δὲ
3916 2566 4083 2624 πᾶσα
4110 2561 4333 2628 παντὸς
4360 2563 4560 2640 ἐπιμε-

2883 2669 3077 2727 λεῖται
3104 2668 3209 2728 τοῦ
3236 2665 3529 2748 ἀψύχου]
3586 2664 3748 2727 Hoec
3767 2663 3957 2727 verba
3980 2660 4260 2727 Platonis
4286 2662 4351 2727 in
4380 2662 4564 2728 Phae·

2883 2765 3000 2830 dro
3040 2789 3107 2853 p.
3142 2768 3287 2846 246.
3331 2789 3397 2853 p.
3424 2786 3534 2846 40.
3575 2764 3780 2829 Bekk.
3815 2767 3947 2851 jam
3995 2787 4188 2852 supra
4232 2766 4371 2829 111.
4412 2788 4472 2846 4.
4511 2786 4563 2829 1.

2881 2892 2947 2956 p.
2983 2870 3130 2953 283.
3163 2870 3348 2933 C.D.
3389 2867 3670 2932 laudavit
3715 2867 4042 2940 Plotinus;
4090 2867 4174 2932 cf.
4204 2892 4272 2956 p.
4305 2871 4453 2954 376.
4486 2870 4563 2932 F.

2885 2972 2967 3036 G.
3024 2971 3130 3035 ubi
3187 2970 3531 3035 Phaedrum
3585 2971 3811 3035 diserte
3861 2971 4134 3036 nominat
4205 2972 4453 3049 Noster,
4501 2995 4562 3059 p.

2881 3074 3033 3150 482.
3066 3075 3156 3137 A.
3201 3072 3459 3137 Adhibe
3487 3072 3672 3137 etiam
3705 3072 3977 3137 Atticum
4015 3073 4187 3160 apud
4217 3073 4560 3138 Eusebium

2878 3174 2939 3237 in
2974 3176 3045 3238 P.
3071 3177 3154 3239 E.
3190 3177 3342 3239 XV.
3374 3196 3431 3259 9.
3464 3198 3524 3261 p.
3561 3176 3707 3259 809.
3740 3176 3816 3239 B.
3848 3198 3990 3239 cum
4030 3174 4387 3240 Plotinianis
4418 3174 4563 3240 locis

2876 3278 2957 3343 ab
3004 3278 3187 3344 Astio
3227 3302 3287 3365 p.
3325 3296 3467 3364 293.
3513 3278 3862 3344 laudatum.
3952 3279 4270 3356 Proxima,
4322 3281 4419 3344 καὶ
4460 3279 4562 3344 οὐκ

2877 3384 3034 3446 ἄλλο
3076 3408 3133 3446 τι
3208 3382 3427 3462 ἔξωθεν
3476 3387 3679 3466 ψυχῆς
3716 3384 4192 3456 καταλείποντος,
4232 3381 4316 3446 ad
4356 3381 4562 3448 Plato-

2876 3506 3018 3548 nem
3049 3484 3374 3549 referenda
3416 3501 3564 3549 sunt
3600 3485 3911 3550 intellecto
3949 3487 4096 3559 ἔστι,
4132 3486 4248 3550 nisi
4277 3487 4437 3550 forte
4479 3485 4562 3549 le-

2874 3586 3151 3673 gendum
3208 3602 3337 3652 est:
3391 3590 3486 3653 καὶ
3534 3590 3700 3654 ἔστιν
3744 3591 4090 3653 οὐκ-ἄλλο
4146 3591 4559 3654 τι-καταλεί-

2874 3714 3120 3757 ποντοςε
3160 3707 3225 3755 et
3252 3700 3343 3755 est
3371 3691 3506 3778 ejus
3539 3690 3804 3774 (dictum
3837 3715 3883 3755 S.
3907 3690 4236 3779 placitum)
4268 3692 4379 3778 qui
4408 3690 4554 3755 nihil

1096 3794 1358 3871 editum,
1388 3810 1449 3857 et
1480 3794 1804 3880 Anonymi
1833 3795 2185 3882 Dialogum
2225 3793 2557 3857 consimilis
2599 3815 2786 3880 argu·
2869 3793 3091 3859 animae
3119 3811 3417 3883 praeterea
3447 3794 3741 3881 relinquit
3771 3809 3914 3882 post
3939 3794 4206 3859 animam
4239 3795 4526 3860 universi.

1096 3897 1286 3962 menti
1319 3896 1593 3959 nondum
1624 3894 1886 3973 editum,
1916 3896 2219 3983 ejusdem,
2249 3912 2321 3961 ut
2351 3895 2783 3984 Hieronymus

1095 3999 1384 4064 Amatius
1440 3998 1801 4076 arbitratur,
1852 4000 2144 4063 auctoris.
2257 4000 2602 4086 Impugnat
2660 4001 2787 4064 Na·

1096 4099 1343 4165 thanael
1389 4099 1729 4187 praesertim
1778 4099 2077 4186 placitum
2114 4102 2613 4188 praeeoeistentiae
2649 4105 2790 4165 ani-

1099 4226 1361 4282 morum,
1406 4224 1596 4289 quam
1655 4202 1894 4267 dicunt.
1982 4203 2167 4281 Quod
2210 4204 2416 4291 ipsum
2461 4228 2606 4269 cum
2648 4205 2788 4269 Ori-

1096 4327 1285 4393 genes
1311 4303 1413 4367 ille
1437 4303 1504 4366 in
1536 4302 1708 4367 libris
1735 4305 1869 4387 περὶ
1898 4306 2117 4388 ἀρχῶν,
2148 4328 2188 4369 a
2218 4304 2553 4370 Platonicis
2585 4305 2787 4392 philo-

1099 4409 1309 4497 sophis
1329 4408 1710 4486 desumtum‚
1738 4409 1897 4473 tueri
1926 4408 2274 4482 studuerit;
2306 4426 2369 4474 et
2390 4411 2595 4498 ipsum
2624 4411 2788 4496 Nys-

1098 4535 1281 4576 senus
1308 4510 1536 4597 aliique
1564 4510 1831 4575 ecclesiae
1856 4511 2227 4577 Christianae
2248 4512 2576 4599 scriptores
2608 4510 2784 4576 refel-

1102 4615 1227 4680 lere
1265 4614 1660 4680 studuerunt.
1734 4614 1874 4679 Vid.
1912 4615 2183 4680 Fabricii
2215 4614 2544 4680 Delectum
2579 4620 2794 4703 Argu-

1100 4734 1445 4783 mentorum
1474 4741 1591 4804 pro
1622 4718 1896 4782 Veritate
1938 4718 2277 4806 Religionis
2321 4718 2691 4783 Christianae
2721 4742 2788 4806 p.

1098 4819 1609 4908 445.—Anglice
1630 4820 1816 4884 vertit
1847 4821 2015 4885 hunc
2039 4820 2272 4885 Plotini
2303 4820 2530 4885 librum
2566 4823 2786 4886 Tkom.

1106 4925 1351 5012 Taylor
1378 4924 1440 4986 in
1471 4924 1670 4989 Select
1709 4925 1929 4987 Worlcs
1956 4925 2346 5009 quIotinus
2378 4947 2442 5011 p.
2465 4944 2615 5008 319·
2649 4948 2785 5010 sqq.

1182 5065 1270 5078 -—
1297 5048 1394 5113 15.
1428 5031 1506 5113 τῷ
1535 5031 1640 5091 τοῦ
1669 5030 1808 5090 θεοῦ
1846 5028 2383 5107 παρακελεύσματι,
2424 5026 2633 5093 αὑτοὺς
2659 5052 2788 5108 γιγ-

1100 5131 1379 5219 νώσκειν]
1429 5130 1533 5194 Cf.
1565 5130 1681 5193 VI.
1718 5148 1778 5212 7.
1809 5148 1912 5208 41.
1946 5153 2007 5216 p.
2043 5148 2187 5214 733.
2227 5130 2300 5191 B.
2335 5126 2481 5213 ibiq.
2514 5144 2756 5192 annott.

1184 5258 1249 5322 p.
1282 5234 1429 5308 688,
1459 5255 1524 5313 4.
1561 5229 1689 5296 Ἦν
1725 5235 1841 5314 γὰρ
1882 5233 1978 5295 καὶ
2018 5234 2084 5295 ἐν
2124 5236 2205 5318 τῷ
2241 5232 2420 5295 παντὶ
2456 5235 2536 5316 νῷ
2565 5231 2634 5294 τὸ
2664 5236 2778 5295 διτ-

1098 5339 1253 5425 τόν]
1305 5333 2006 5420 Videlicetintelligibile
2027 5351 2089 5399 et
2117 5332 2548 5398 intellectuale.
2607 5335 2781 5421 Tay·

1099 5443 1211 5504 lor.
1289 5440 1614 5505 Proxime:
1662 5442 1766 5506 τὰς
1803 5441 2101 5523 ὑποδοχὰς
2138 5445 2254 5504 τῶν
2285 5442 2437 5503 θεῶν
2465 5438 2788 5525 attigimus

1107 5568 1295 5632 supra
1321 5544 1402 5609 ad
1434 5568 1579 5632 pag.
1611 5545 1756 5629 283.
1789 5543 1864 5607 C.

2952 3935 3040 3947 —
3066 3919 3128 3981 9.
3177 3899 3285 3977 ἔξω
3329 3902 3566 3962 ποιοῦσι
3611 3902 3717 3961 τοῦ
3762 3897 3939 3978 μέρος
3985 3896 4183 3982 εἶναι]
4236 3897 4547 3986 Exempla

2873 3998 3345 4064 constructionis
3372 4021 3517 4064 cum
3541 4000 3840 4064 Genitivo
3859 4016 3923 4063 et
3955 3999 4277 4064 Infinitivo
4303 3999 4561 4087 college-

2875 4116 3023 4166 runt
3068 4103 3429 4167 Boissonad.
3476 4102 3556 4166 ad
3601 4101 3962 4166 Philostrati
4009 4102 4284 4168 Heroica
4323 4126 4386 4192 p.
4409 4120 4553 4189 552.

2874 4220 2937 4268 et
2965 4205 3218 4269 Jacobs.
3250 4204 3328 4269 ad
3363 4206 3609 4292 Imagg.
3637 4229 3704 4292 p.
3735 4205 3884 4289 382.
3958 4205 4084 4269 Hic
4115 4203 4375 4270 laudans
4405 4207 4555 4271 Phi-

2872 4306 3044 4372 lostr.
3103 4308 3230 4373 vit.
3285 4306 3600 4396 Apollonii
3655 4309 3753 4372 ΙΙ.
3813 4309 4079 4373 28-καὶ
4134 4309 4239 4372 οὐκ
4298 4310 4408 4388 ἔξω
4454 4315 4557 4375 τοῦ

2874 4410 3241 4486 σπουδάζειν.
3349 4413 3673 4495 (Proxime
3732 4414 3892 4478 Cod.
3956 4413 4366 4480 Schellersh.:
4420 4423 4557 4485 παῖς

2876 4510 2990 4593 γάρ
3040 4538 3127 4579 τις
3164 4515 3240 4581 ὡς
3285 4517 3318 4578 ὁ
3371 4522 3489 4579 τῶν
3531 4519 3940 4600 ὀρχηστρίδων
3989 4544 4043 4580 κ.
4067 4543 4119 4581 τ.
4140 4520 4229 4597 λ.)
4288 4518 4555 4606 DionyS.

2879 4612 3297 4679 Halicarnass.
3329 4617 3658 4704 Excerptt.
3695 4617 3965 4704 Antiqq.
4011 4620 4266 4683 Romm.
4308 4621 4451 4686 XV.
4501 4643 4553 4687 1.

2874 4738 2941 4802 p.
2973 4718 3074 4780 66.
3106 4715 3207 4780 ed.
3252 4716 3444 4804 princ.
3495 4720 3650 4783 ὥστε
3692 4719 3799 4782 τὸν
3847 4719 4080 4784 Κέλτον
4127 4720 4236 4801 ἔξω
4281 4724 4557 4804 γίνεσθαι

2873 4825 2992 4884 τῶν
3028 4827 3285 4903 φρενῶν.
3375 4820 3693 4885 Formulae
3722 4822 3832 4900 ἔξω
3869 4829 4062 4886 ποιεῖν
4106 4841 4167 4886 et
4214 4824 4332 4888 ἔσω
4368 4834 4561 4892 ποιεῖν

2872 4921 3288 5010 similiumque
3304 4921 3583 5010 exempla
3602 4939 4047 5010 congesserunt
4071 4927 4473 5012 Hoogeveen.
4493 4947 4555 4994 et

2875 5025 3156 5090 Zeunius
3181 5025 3263 5090 ad
3294 5025 3498 5113 Viger.
3533 5024 3613 5090 de
3655 5026 3849 5091 Idiot.
3880 5028 3961 5091 L.
3997 5028 4113 5093 Gr.
4152 5029 4229 5092 V.
4267 5049 4363 5094 10.
4397 5034 4455 5094 6.
4489 5057 4549 5119 p.

2879 5130 3022 5213 283.
3056 5131 3192 5192 Act.
3237 5127 3535 5216 Apostoll.
3571 5130 3647 5193 V.
3675 5150 3781 5214 34.
3835 5129 4157 5195 ἐκέλευσεν
4200 5132 4311 5210 ἔξω
4352 5140 4555 5219 βραχύ

2874 5256 2929 5296 τι
2956 5232 3090 5299 τοὺς
3115 5234 3487 5299 ἀποστόλους
3522 5233 3760 5319 (potius
3796 5233 3929 5300 τοὺς
3972 5235 4341 5317 ἀνθρώπους)
4386 5242 4551 5317 ποιῆ-

2872 5361 2993 5399 σαι.
3043 5334 3171 5412 ubi,
3209 5335 3336 5398 sive
3374 5336 3611 5402 ἑαυτοὺς
3660 5334 3986 5421 intelligas,
4027 5336 4333 5402 Gamaliel
4368 5339 4558 5425 jussit

2870 5439 3144 5502 secedere
3185 5436 3487 5515 homineS,
3520 5437 3646 5501 sive
3688 5437 4082 5524 simpliciter:
4132 5438 4412 5506 homines
4446 5445 4554 5508 ab·

2873 5541 3134 5628 legavit,
3162 5541 3436 5605 secedere
3453 5541 3729 5606 homines
3745 5539 3949 5628 jussit.
4000 5541 4142 5606 vid.
4172 5541 4560 5611 Valckenarii
