5118 6613
1317 536 1505 603 LIB.
1553 538 1721 605 VII.
1772 540 2210 607 ENNEAD.
2265 542 2727 607 TERTIAE.
2773 565 2838 631 p.
2869 544 3242 630 596—604.

552 715 588 777 ὅ
627 717 941 781 Πλωτῖνος
964 713 1077 793 μὶν
1103 711 1255 792 ζωὴν
1283 712 1579 776 ἀποκαλεῖ
1600 711 1708 777 τὸν
1735 714 1943 788 αἰῦνα,
1965 713 2077 794 τὴν
2100 715 2245 795 μίαν

554 814 650 879 καὶ
693 816 871 895 ὅλην.
958 811 1143 879 Adde
1199 835 1266 902 p.
1293 832 1461 899 330:
1511 813 1639 878 ἐπεὶ
1684 813 1781 879 καὶ
1825 817 1860 879 ὅ
1903 814 2051 881 αἰὸν
2098 819 2246 881 κατὰ

550 914 659 994 τὴν
687 917 944 997 ὀλότητα
984 915 1094 995 τὴν
1130 916 1346 996 νοητὴν
1390 913 1748 997 τεταγμένος
1798 915 1914 996 ζωὴ
1949 916 2248 998 παντελής

552 1019 702 1093 ἐστι,
733 1018 832 1083 καὶ
858 1023 1028 1084 πᾶσα
1053 1017 1169 1098 ζωὴ
1199 1019 1348 1083 κατὰ
1374 1017 1482 1082 τὸν
1510 1021 1846 1084 Πλωτῖνον.
1927 1022 2245 1086 Caeterum

548 1121 685 1187 haec
711 1121 988 1187 refutare
1017 1120 1231 1186 studet
1261 1120 1733 1185 Tiedemcmnus
1752 1119 1817 1186 in
1838 1119 2037 1187 libro:
2071 1124 2249 1189 Geist

549 1224 663 1290 der
688 1224 996 1314 speleum.
1028 1223 1427 1310 Philosophia
1456 1224 1600 1288 111.
1628 1245 1692 1311 p.
1727 1224 1869 1306 287.
1900 1248 2039 1312 sqq.

634 1349 703 1415 p.
731 1347 883 1413 599,
923 1346 1021 1412 13.
1068 1327 1160 1390 ὅτι
1202 1326 1378 1390 οὐδὲν
1419 1325 1600 1390 αὐτοῦ
1635 1330 1961 1410 παρῆλθεν,
2003 1325 2123 1393 οὔδ’
2171 1328 2246 1394 αὖ

553 1437 1049 1523 γενήσεται-ἀεὶ
1076 1436 1271 1521 ὄντος]
1323 1433 1628 1500 Boethius
1665 1434 1746 1500 de
1789 1436 2043 1503 Consol.
2088 1436 2242 1504 Phi-

549 1541 662 1607 los.
695 1541 775 1605 V.
798 1542 876 1605 6:
923 1545 966 1579 “
997 1538 1184 1618 Quod
1212 1538 1410 1624 igitur
1442 1536 1911 1605 interminabilis
1939 1539 2087 1606 vitae
2116 1539 2245 1629 ple-

550 1642 898 1709 nitudinem
939 1654 1134 1707 totam
1181 1640 1415 1730 pariter
1464 1641 1934 1730 comprehendit
1979 1667 2054 1708 ac
2096 1666 2239 1731 pos·

550 1745 731 1827 sidet,
758 1746 862 1812 cui
890 1768 1096 1834 neque
1120 1743 1318 1812 futuri
1346 1743 1695 1833 quidquam
1723 1744 1905 1825 absit,
1937 1768 2049 1813 nec
2077 1770 2238 1834 prae-

550 1849 714 1916 teriti
755 1848 1033 1929 fluxerit,
1062 1848 1129 1913 id
1162 1863 1464 1914 aeternum
1496 1871 1628 1913 esse
1660 1848 1808 1935 jure
1837 1849 2236 1937 perhibetur:

548 1952 738 2040 idque
781 1975 1026 2018 necesse
1068 1963 1184 2029 est,
1231 1964 1300 2017 ut
1347 1949 1444 2016 sui
1486 1974 1762 2040 compos,
1807 1975 2081 2039 proesens
2123 1950 2241 2017 sibi

550 2077 793 2144 semper
818 2055 1101 2120 assistere
1127 2070 1191 2119 et
1218 2054 1639 2121 infirmitatem
1669 2054 1918 2121 mobilis
1947 2056 2244 2145 temporis

548 2157 776 2224 habere
832 2159 1261 2246 praesentem.”
1357 2160 1520 2237 Quae
1561 2158 1880 2245 quomodo
1920 2182 1961 2223 a
2007 2160 2240 2226 Plotini

548 2259 753 2325 verbis
778 2258 1152 2348 discrepent,
1182 2282 1368 2325 nemo
1393 2282 1519 2324 non
1548 2258 1857 2349 intelligit.

628 2383 692 2450 p.
724 2364 875 2442 601,
908 2380 969 2428 2.
1017 2362 1112 2428 καὶ
1157 2364 1195 2443 ἦ
1254 2361 1505 2443 ἀλήθεια
1548 2363 1614 2427 δὲ
1656 2364 1727 2428 οὗ
1764 2364 2081 2447 συμφωνία
2110 2393 2165 2429 κ.
2184 2390 2239 2429 τ.

545 2465 640 2550 λ.]
712 2464 952 2554 Attigit
999 2464 1134 2530 haec
1177 2465 1649 2530 Tiedemarmus
1687 2465 1752 2531 in
1794 2465 1986 2531 libro:
2039 2469 2238 2533 Geist.

544 2568 658 2634 der
680 2569 987 2657 spekulat.
1018 2569 1259 2633 Philon.
1291 2569 1431 2634 111.
1464 2590 1529 2656 p.
1560 2568 1710 2654 382.
1743 2592 1840 2657 sq.

630 2694 699 2760 p.
728 2672 879 2752 602,
913 2691 1015 2737 11.
1061 2672 1207 2736 αἰὼν
1245 2674 1363 2755 γὰρ
1406 2672 1524 2736 ἀπὸ
1570 2678 1679 2736 τοῦ
1719 2673 1813 2737 ἀεὶ
1857 2673 2050 2758 ὄντος]
2089 2671 2237 2738 Vid.

546 2774 809 2839 Aristot.
854 2773 936 2839 de
995 2772 1175 2840 Coelo
1228 2775 1284 2839 1.
1338 2795 1401 2859 9.
1453 2797 1516 2863 p.
1571 2794 1671 2861 25.
1727 2774 1900 2864 Sylb.
1991 2775 2236 2840 Locum

543 2876 820 2965 alioeque
848 2876 993 2942 inde
1020 2875 1242 2943 ductos
1271 2899 1463 2966 supra
1490 2876 1742 2944 laudavi
1764 2877 1846 2942 ad
1873 2877 2067 2967 hujus
2094 2877 2237 2943 libri

545 2979 820 3047 titulum.

668 3120 759 3133 —
820 3102 921 3148 12.
993 3087 1186 3148 Τοῦτο
1231 3086 1299 3148 δὲ
1341 3084 1487 3149 ὅταν
1550 3109 1667 3149 τινι
1722 3085 2094 3166 προσβαλὼν
2164 3088 2235 3166 τῇ

541 3190 712 3271 ψυχῇ
766 3214 819 3251 κ.
840 3212 896 3250 τ.
919 3187 1009 3272 λ.]
1081 3184 1319 3274 Taylor
1362 3185 1485 3251 ita:
1536 3193 1581 3225 ‘⁴
1613 3188 1745 3267 He,
1776 3187 2079 3268 however,
2110 3188 2241 3253 wia

537 3290 743 3369 Ῑηιοιυ,
774 3290 912 3355 that
938 3291 1208 3378 eternity
1236 3290 1381 3356 thus
1408 3290 1694 3368 sabai-scs,
1719 3290 1852 3356 who
1872 3290 1954 3379 by
1971 3290 2236 3380 thepro-

515 3395 783 3482 jectmg
806 3394 1097 3482 mergier
1131 3394 1221 3480 of
1235 3393 1502 3458 intellect
1529 3396 1588 3459 is
1615 3393 1751 3458 able
1778 3402 1841 3458 to
1866 3395 2061 3481 spetile
2088 3417 2231 3460 con-

535 3517 812 3586 oernmg
835 3497 951 3560 it?
1040 3495 1355 3561 Nimirum
1401 3519 1517 3584 pro
1544 3497 1660 3560 τινὶ
1686 3495 1809 3584 legi
1831 3496 2017 3585 jubet
2047 3500 2232 3563 αἰῶνι.

536 3598 774 3669 Nullus
816 3597 1115 3663 librorum
1165 3599 1365 3663 MSS.
1411 3611 1767 3664 nostrorum
1812 3599 2230 3688 suffragatum

536 3718 601 3768 et
642 3702 766 3767 hoc
813 3699 950 3766 loco
1000 3699 1288 3766 universe
1338 3700 1617 3788 loquitur
1661 3700 1950 3768 Plotinus
1991 3702 2113 3768 ita:
2168 3701 2234 3768 Si

536 3805 682 3894 quis
706 3805 1044 3894 quantalibet
1069 3806 1141 3869 in
1171 3826 1304 3869 rem
1333 3802 1615 3869 intendat
1653 3804 1843 3870 animi
1887 3805 2235 3894 mentisque

533 3908 757 3988 aciem,
803 3922 868 3973 et
908 3905 1028 3972 hoc
1070 3906 1295 3972 iterum
1336 3907 1547 3986 faciat,
1591 3931 1797 3995 neque
1841 3922 2048 3973 tamen
2092 3930 2229 3973 eam

536 4010 669 4077 ullo
701 4009 889 4075 modo
930 4024 1235 4076 mutatam
1279 4010 1571 4098 reperiat,
1600 4010 1748 4076 inde
1790 4010 2229 4099 sempiternam

532 4137 670 4180 eam
713 4135 847 4178 esse
889 4112 1196 4202 conjiciat.
1285 4112 1399 4178 Ad
1445 4116 1816 4197 προσβαλὼν
1857 4112 2024 4179 idem
2069 4115 2229 4180 hanc

532 4234 744 4284 notam
775 4215 1017 4306 posuit:
1067 4222 1113 4256 ‘⁴
1152 4217 1288 4281 The
1317 4219 1519 4282 visive
1547 4238 1790 4307 mergy
1810 4219 1869 4284 is
1896 4240 1985 4282 cm
2015 4219 2230 4282 imme-

533 4320 704 4386 diate
742 4319 1211 4410 dar-tingfinh
1238 4341 1314 4385 ασ
1341 4321 1398 4385 it
1425 4341 1585 4385 were
1611 4329 1674 4385 to
1702 4321 1803 4385 the
1826 4321 2021 4408 object
2046 4323 2228 4409 ofin

535 4423 896 4489 inmitimf

618 4549 685 4616 p.
708 4529 860 4613 603,
888 4546 948 4592 2.
991 4528 1094 4606 τῆς
1150 4529 1390 4610 φύσεως
1444 4525 1759 4614 ἀγασθεὶς]
1828 4526 2232 4592 Constructio

537 4628 775 4694 Platoni
803 4627 1142 4694 familiaris.
1203 4628 1347 4694 Vid.
1383 4629 1727 4695 Ruhnken.
1761 4629 1844 4694 ad
1872 4628 2042 4696 Tim.
2076 4654 2138 4718 p.
2165 4631 2226 4697 8.

538 4731 815 4797 Pierson.
844 4730 926 4795 ad
973 4732 1178 4796 Moer.
1226 4754 1295 4821 p.
1331 4752 1389 4796 1.
1433 4733 1516 4797 cf.
1548 4733 1687 4799 Ast.
1733 4731 1815 4797 ad
1864 4732 2106 4799 Platon.
2148 4733 2231 4799 de

610 4973 680 4986 —
737 4935 827 5001 ib.
873 4937 1096 5024 ἀτρύτῳ
1138 4938 1346 5023 φύσει]
1399 4936 1502 5002 Cf.
1547 4937 1626 5002 V.
1658 4938 1717 5002 8.
1748 4957 1811 5019 4.
1858 4937 2120 5004 Proclus
2159 4938 2226 5004 in

537 5036 687 5104 Pht.
728 5036 953 5104 Theol.
986 5040 1125 5103 111.
1164 5040 1267 5105 18.
1299 5063 1361 5127 p.
1399 5059 1556 5125 149:
1603 5045 1706 5122 τῆς
1744 5044 1860 5123 γὰρ
1905 5043 2224 5107 ἀνεκλείπ-

533 5165 633 5206 του
670 5145 834 5221 ζωῆς,
870 5141 966 5207 καὶ
999 5146 1100 5222 τῆς
1138 5144 1385 5225 ἀτρύτου
1427 5142 1726 5223 δυνάμεως
1754 5143 1849 5207 καὶ
1878 5147 1979 5225 τῆς
2006 5145 2224 5211 ἀόκνου

531 5247 968 5328 -ἐνεργείαςὸ
997 5247 1164 5310 αἰών.
1241 5245 1604 5335 Olympiod.
1635 5245 1700 5309 in
1724 5244 1861 5310 Alc.
1889 5268 1989 5333 pr.
2011 5268 2073 5334 p.
2096 5267 2220 5328 40:

529 5348 745 5428 Τρίτον
787 5348 897 5428 τὴν
939 5349 1184 5427 δύναμιν
1231 5349 1509 5428 θαυμάζει
1545 5348 1734 5431 λέγει·
1785 5348 2221 5429 ἐπιμελέστατα

527 5450 731 5531 παρὸν
767 5450 946 5533 (sunt
989 5449 1263 5514 Platonis
1290 5451 1483 5516 verba
1517 5450 1581 5515 in
1626 5474 1701 5517 eo
1743 5449 2021 5538 dialogo)
2068 5452 2219 5518 ὅπου

532 5549 605 5615 ἂν
658 5549 725 5617 ὦ.
814 5555 1008 5616 Τοῦτο
1064 5554 1130 5617 δὲ
1187 5552 1484 5633 δυνάμεως
1543 5556 1709 5620 ἐστιν
1766 5556 2068 5638 ἀγρύπνου
2121 5557 2218 5621 καὶ

3911 543 4034 633 189

2331 716 2603 798 ἀτρύτου·
2651 717 2795 781 ὅθεν
2836 715 2934 780 καὶ
2964 714 3311 799 Ἀτρυτόνη
3347 713 3641 799 ἦἈθηνᾶ
3688 716 3909 799 (Iliad.
3936 714 4025 798 β’.

2338 835 2477 903 157.
2509 817 2804 906 Apollon.
2854 819 3002 883 Lex.
3045 820 3246 883 Hom.
3289 840 3357 907 p.
3394 835 3531 903 174.
3567 817 3770 902 Toll.)
3851 819 4025 886 Hinc

2330 921 2736 1008 corrigendus
2778 919 2934 987 alter
2974 919 3148 986 locus
3193 920 3425 1001 Procli,
3469 920 3532 985 in
3584 920 4025 988 Parmenidem

2335 1025 2424 1090 T.
2476 1027 2598 1090 VI.
2651 1047 2714 1113 p.
2770 1044 2915 1092 100.
2979 1025 3079 1089 ed.
3130 1022 3406 1090 Cousin:
3452 1030 3859 1106 μεταβατικῶς
3911 1027 4030 1109 γὰρ

2332 1131 2557 1192 νοοῦσα
2591 1129 2652 1212 (ἡ
2677 1128 2875 1212 ψυχὴ)
2912 1128 3160 1208 δύναμιν
3187 1129 3514 1193 ἀπταίστου
3554 1127 3835 1208 κινήσεως
3870 1127 4020 1213 ἔχει,

2330 1231 2428 1296 καὶ
2457 1230 2624 1296 ἔστιν
2651 1232 2941 1312 ἀκίνητος,
2973 1230 3359 1296 συνάπτουσα
3384 1235 3488 1298 τὰς
3506 1232 3811 1313 περιόδους
3830 1230 4019 1312 ἀλλή·

2329 1339 2482 1407 λαις,
2533 1333 2630 1398 καὶ
2687 1334 2949 1416 ἄτρωτον
3005 1332 3149 1420 (leg.
3207 1334 3480 1417 ἄτρυτον)
3542 1333 3864 1415 ποιουμένη
3911 1334 4022 1415 τὴν

2331 1435 2657 1519 ἐνέργειαν,
2692 1436 2788 1501 καὶ
2813 1437 2957 1518 μίαν
2986 1436 3081 1501 ἀεὶ
3110 1436 3206 1501 καὶ
3235 1435 3642 1502 ἀνέκλειπτον.

2413 1575 2502 1588 -
2529 1538 2591 1603 8.
2626 1540 2880 1620 ἀΐδιότης
2901 1541 2966 1605 δὲ
2994 1540 3032 1619 ἦ
3058 1541 3530 1621 τοιαύτη-αἰὼν
3557 1541 3852 1605 δὲ-ὅθεν
3869 1565 4016 1622 σεμ-

2329 1639 2435 1705 νὸν
2457 1642 2491 1704 ὁ
2509 1641 2657 1705 αἰὼν
2674 1642 2776 1704 -ὁ
2795 1641 2942 1706 αἰὼν
2959 1641 3094 1709 θεὸς
3110 1668 3162 1707 κ.
3179 1666 3232 1705 τ.
3245 1642 3337 1727 λ.]
3362 1642 3539 1705 Ante
3551 1639 3765 1706 oculos
3786 1640 3890 1706 hie
3905 1641 4022 1707 ha·

2326 1741 2466 1808 buit
2483 1765 2608 1807 non
2628 1742 2830 1808 solum
2854 1743 3178 1809 Platonem
3201 1742 3265 1808 in
3281 1743 3504 1809 Timaei
3520 1743 3587 1808 ll.
3611 1743 3676 1809 ll.
3700 1744 3811 1810 sed
3832 1745 4020 1811 etiam

2326 1844 2730 1910 Aristotelem
2775 1846 2838 1911 in
2884 1846 2982 1912 his
3024 1847 3104 1912 de
3150 1847 3330 1912 Coelo
3374 1847 3420 1912 1.
3468 1869 3532 1934 9.
3560 1870 3623 1935 p.
3651 1863 3755 1934 25.
3800 1847 4017 1937 Sylb.:

2325 1950 2616 2032 -διόπερ
2650 1947 2769 2015 οὔτ’
2803 1953 2871 2015 ἐν
2906 1953 3067 2038 τόπῳ
3105 1952 3276 2015 τάκεῖ
3300 1949 3585 2034 πέφυκεν,
3627 1953 3766 2018 οὔτε
3804 1953 4024 2037 χρόνος

2328 2052 2477 2116 αὐτὰ
2526 2058 2690 2116 ποιεῖ
2725 2052 3067 2135 γηράσκειν,
3114 2052 3233 2119 οὐδ’
3279 2054 3448 2119 ἐστὶν
3489 2054 3731 2123 οὐδενὸς
3779 2055 4023 2136 οὐδεμία

2324 2154 2634 2235 μεταβολῆ
2662 2162 2781 2220 τῶν
2821 2157 2970 2239 ὑπὲρ
3014 2157 3122 2236 τὴν
3170 2155 3436 2236 ἐξωτάτω
3487 2157 3865 2241 τεταγμένων
3901 2167 4016 2242 φο-

2323 2260 2456 2340 ράυ,
2482 2256 2622 2322 ἀλλ’
2647 2260 3023 2323 ἀναλλοίωτα
3047 2260 3142 2324 καὶ
3165 2261 3379 2340 ἀπαθῆ,
3403 2259 3513 2340 τὴν
3531 2262 3778 2343 ἀρίστην
3800 2261 4022 2347 ἔχοντα

2326 2359 2494 2439 ζωὴν,
2561 2361 2656 2425 καὶ
2713 2361 2820 2441 τὴν
2871 2361 3344 2445 αὐταρκεστάτην
3389 2366 3652 2427 διατελεῖ
3708 2364 3785 2447 (8.
3832 2369 4021 2430 διατε-

2326 2468 2579 2550 λοῦντα)
2611 2464 2717 2530 τὸν
2747 2465 2981 2530 ἅπαντα
3009 2467 3213 2530 αἰῶνα·
3262 2465 3358 2530 καὶ
3395 2470 3511 2549 γὰρ
3544 2470 3717 2531 τοῦτο
3759 2469 4020 2549 τοῦνομα

2328 2568 2497 2635 θείως
2526 2568 2849 2651 ἔφθεγκται
2883 2572 3045 2652 παρὰ
3088 2574 3206 2634 τῶν
3245 2570 3528 2653 ἀρχαίων·
3576 2570 3644 2634 τὸ
3685 2572 3804 2654 γὰρ
3844 2570 4021 2641 τέλος

2326 2668 2395 2733 τὸ
2422 2671 2706 2757 περιέχον
2733 2672 2839 2736 τὸν
2867 2675 2968 2752 τῆς
3006 2670 3258 2737 ἑκάστου
3284 2676 3428 2752 ζωῆς
3465 2674 3706 2757 χρόνον,
3739 2672 3810 2738 οὗ
3834 2677 4019 2755 μηδὲν

2323 2772 2434 2852 ἔξω
2480 2777 2628 2838 κατὰ
2671 2776 2875 2856 φύσιν,
2909 2775 3055 2839 αἰὼν
3089 2774 3343 2839 ἑκάστου
3384 2774 3675 2856 κέκληται.
3726 2780 3875 2841 κατὰ
3911 2777 4019 2842 τὸν

2325 2874 2506 2940 αὐτὸν
2548 2877 2614 2940 δὲ
2650 2878 2841 2959 λόγον
2870 2877 2966 2941 καὶ
3005 2876 3073 2940 τὸ
3116 2880 3220 2941 τοῦ
3263 2876 3485 2945 παντὸς
3526 2878 3779 2959 οὐρανοῦ
3820 2877 4012 2955 τέλος.

2324 2977 2420 3041 καὶ
2452 2977 2520 3041 τὸ
2556 2977 2662 3043 τὸν
2689 2978 2930 3043 πάντων
2957 2979 3203 3062 ἄπειρον
3230 2981 3455 3064 χρόνον
3485 2980 3579 3044 καὶ
3606 2979 3716 3061 τὴν
3743 2982 4018 3065 ἀπειρίαν

2320 3078 2604 3164 περιέχον
2631 3079 2806 3149 τέλος
2842 3084 2988 3147 αἰών
3018 3084 3202 3157 ἐστιν,
3237 3081 3354 3147 ἀπὸ
3392 3086 3498 3147 τοῦ
3539 3084 3632 3148 ἀεὶ
3678 3084 3830 3151 εἶναι
3859 3089 4019 3170 εἰλη-

2321 3183 2448 3265 φὸς
2490 3182 2598 3263 τὴν
2640 3185 2974 3265 ἐπωνυμίαν
3017 3184 3309 3253 ἀθάνατος
3354 3186 3449 3251 καὶ
3491 3190 3666 3254 θεῖος.
3760 3187 4016 3254 Proclus

2319 3282 2384 3350 in
2408 3283 2570 3351 Plat.
2591 3285 2873 3354 Parmen.
2908 3286 3051 3354 Vol.
3083 3288 3204 3353 VI.
3227 3311 3295 3377 p.
3322 3309 3466 3354 100.
3490 3312 3581 3376 sq.
3606 3288 3707 3355 ed.
3733 3291 4011 3361 Cousin:

2318 3390 2504 3454 -καὶ
2531 3390 2637 3454 οὐκ
2667 3392 2806 3475 ἀχρι
2833 3392 3055 3457 τούτων
3082 3394 3282 3472 μόνων
3308 3391 3377 3456 τὸ
3414 3393 3676 3476 ἄπειρον,
3710 3395 3874 3461 ἀλλὰ
3922 3398 4019 3463 καὶ

2319 3489 2433 3574 πρὸ
2463 3496 2571 3556 τοῦ
2596 3497 2702 3558 νοῦ
2723 3492 2956 3562 πάντως
2983 3494 3158 3563 αὐτὸς
3184 3497 3219 3559 δ
3246 3492 3653 3576 πολυύμνητος
3679 3499 3825 3562 αἰὼν
3845 3500 4013 3565 άπει-

2320 3620 2440 3676 ρος,
2472 3593 2539 3662 δς
2569 3595 2663 3659 καὶ
2682 3600 2888 3660 πᾶσαν
2913 3595 3177 3681 περιέχει
3198 3597 3307 3677 τὴν
3335 3601 3550 3680 νοερὸν
3579 3600 3870 3682 ἀπειρίαν·
3908 3605 4017 3667 πό-

2321 3698 2427 3760 θεν
2454 3700 2571 3778 γᾶρ
2599 3701 2680 3785 τῷ
2710 3701 2792 3785 νῷ
2819 3697 2889 3763 τὸ
2917 3701 3161 3766 αἰωνίως
3186 3703 3309 3781 (ἣν,
3340 3697 3378 3781 ἢ
3410 3701 3476 3765 ἐκ
3503 3705 3610 3765 τοῦ
3637 3704 3882 3779 αἰῶνος;
3917 3705 4015 3771 οὓ-

2320 3823 2421 3866 τος
2448 3800 2554 3863 οὖν
2583 3801 2821 3882 ἄπειρος
2846 3800 2960 3884 πρὸ
3003 3806 3110 3865 νοῦ
3147 3805 3295 3867 κατὰ
3323 3803 3433 3884 τὴν
3461 3805 3728 3886 δύναμιν·
3772 3810 4013 3887 μᾶλλον

2319 3902 2385 3965 δὲ
2413 3905 2488 3966 τᾶ
2515 3903 2629 3982 μὲν
2657 3904 2820 3967 ἄλλα
2848 3905 2995 3968 κατὰ
3022 3904 3130 3983 τὴν
3164 3906 3411 3986 δύναμιν
3438 3908 3672 3990 άπειρα,
3703 3912 3738 3973 ὁ
3772 3911 3838 3974 δὲ
3867 3911 4013 3976 αἰὼν

2315 4005 2575 4086 δύναμις·
2625 4007 2721 4069 καὶ
2769 4010 2883 4089 γὰρ
2935 4008 3042 4072 οὐκ
3086 4008 3242 4073 ἄλλο
3289 4010 3353 4073 τί
3398 4011 3565 4075 ἐστιν
3605 4008 3644 4091 ἢ
3687 4014 3927 4094 δύναμις
3975 4016 4011 4078 ὅ

2313 4112 2541 4189 πρῶτος
2569 4110 2714 4173 αἰών
2744 4106 2929 4173 z—‘O
2964 4111 3077 4190 μὲν
3113 4112 3231 4194 γὰρ
3276 4113 3439 4187 αἰὼν,
3475 4116 3529 4178 εἰ
3566 4115 3662 4178 καὶ
3691 4117 3787 4179 διὸ
3814 4114 3883 4179 τὸ
3914 4116 4008 4180 ἀεὶ

2313 4211 2571 4294 ἄπειρος,
2603 4213 2766 4278 ἀλλὰ
2793 4214 2870 4280 ὥς
2893 4212 3112 4296 μέτρον
3139 4212 3323 4294 δήπου
3350 4220 3470 4280 τῶν
3495 4218 3749 4282 αἰωνίων
3778 4219 3874 4282 καὶ
3901 4217 4007 4284 πέ-

2311 4339 2421 4397 ρας
2449 4316 2597 4380 ἐστί.
2649 4314 2754 4380 cf.
2788 4315 2986 4382 Procli
3017 4317 3172 4382 lust.
3206 4316 3435 4383 Theol.
3466 4341 3523 4384 c.
3542 4319 3819 4406 48—54.
3849 4334 3913 4386 et
3939 4320 4008 4386 in

2317 4414 2630 4505 Theolog.
2673 4417 2831 4483 Plat.
2874 4418 3011 4483 111.
3039 4422 3139 4484 16.
3184 4419 3295 4507 qui
3338 4420 3566 4508 pariter
3607 4435 3798 4510 atque
3843 4424 4008 4488 Boe-

2318 4518 2490 4585 thius
2515 4520 2597 4586 de
2628 4521 2815 4586 Cous.
2849 4520 3011 4586 Phil.
3050 4523 3124 4587 V.
3155 4523 3213 4588 6.
3260 4522 3607 4589 Aristotelis
3635 4524 3840 4590 locum
3867 4526 4001 4592 lau-

2314 4622 2533 4689 datum
2563 4624 2829 4712 respicit.
2878 4624 2983 4690 Cf.
3013 4625 3200 4690 etiam
3226 4626 3488 4714 Taylor.
3518 4650 3579 4714 p.
3607 4628 3750 4714 189.
3775 4628 3838 4692 in
3870 4646 3999 4695 not.

2317 4726 2504 4805 Quod
2556 4750 2704 4791 vero
2747 4725 3029 4792 Plotinus
3070 4727 3131 4792 h.
3165 4727 3209 4794 l.
3263 4731 3537 4795 AEonem
3579 4730 3797 4820 pulcre
3851 4731 4002 4797 dicit

2313 4827 2504 4893 deum
2555 4829 2814 4895 fortasse
2865 4828 3187 4918 appellari,
3237 4832 3515 4898 modeste
3570 4834 3653 4899 ad
3710 4857 3814 4899 eas
3871 4858 4004 4900 suae

2312 4932 2511 4997 aetatis
2551 4931 2878 5022 religiones
2918 4932 3171 5000 videtur
3212 4937 3536 5026 respicere,
3586 4961 3732 5025 quoe
3777 4938 4005 5003 AEonis

2311 5046 2609 5122 tanquam
2684 5037 2783 5102 dei
2841 5052 2906 5103 et
2961 5038 3261 5128 imagines
3315 5040 3680 5106 effluxerant
3744 5055 3808 5105 et
3871 5040 4003 5106 cul-

2311 5152 2445 5204 tum
2491 5163 2734 5206 sacrum
2778 5140 3198 5209 instituerant.
3285 5143 3579 5224 Consule,
3622 5168 3767 5233 quae
3809 5166 4002 5232 supra

2307 5240 2468 5307 hanc
2505 5243 2569 5307 in
2601 5266 2733 5309 rem
2778 5246 3137 5312 monuimus
3176 5246 3242 5312 in
3284 5262 3499 5315 annot.
3529 5249 3608 5313 ad
3654 5246 3999 5334 inscriptio-

2306 5367 2450 5410 nem
2479 5345 2674 5434 hujus
2702 5345 2842 5413 libri
2869 5370 2932 5436 p.
2963 5364 3114 5435 325.

2387 5470 2453 5534 p.
2486 5451 2638 5531 604,
2672 5450 2733 5516 8.
2779 5455 2972 5516 Τοῦτο
3019 5452 3090 5531 δὴ
3134 5453 3224 5517 τό·
3275 5462 3316 5487 “
3344 5451 3627 5534 μένοντος
3672 5454 3883 5522 alanos·
3929 5456 3998 5520 ἐν

2304 5550 2459 5639 ἐνθ’]
2507 5552 2670 5617 Haec
2698 5569 2969 5640 quatuor
2994 5568 3271 5621 extrema
3296 5555 3490 5620 verba
3514 5553 3651 5644 ipsa
3676 5572 3824 5637 sunt
3856 5557 3996 5624 Pla-
