5118 6613
1363 501 1808 568 LIB.V111.
1853 503 2321 569 ENNEAD.
2370 502 2765 570 sExTAE.
2808 528 2871 593 ρ.
2911 522 3358 592 1343-1347.

573 701 705 740 νοια
747 676 1012 757 οὐδαμῶς
1056 673 1181 741 καθ’
1211 675 1610 758 Εἱμαρμένην.
1700 676 2122 765 Explicantur
2162 676 2271 742 de-

565 779 710 844 inde
739 779 857 845 loci
885 778 1098 869 plures
1125 779 1189 844 in
1222 778 1472 843 Timaeo
1502 778 1804 844 Platonis,
1897 779 2163 845 Proclus
2202 779 2266 844 in

570 882 725 949 Plat.
761 881 987 948 Theol.
1022 883 1139 947 IV.
1181 884 1280 945 16.
1325 905 1387 969 p.
1428 899 1573 967 205.
1604 881 1790 947 infr.:
1837 886 1956 946 τῶν
1997 885 2110 964 μὲν
2150 886 2269 965 γὰρ

566 986 930 1069 εἶμαρμένων
959 983 1155 1065 νόμων
1182 986 1251 1049 οὐ
1277 982 1466 1064 μόνον
1491 988 1549 1049 02
1589 985 1718 1049 θεοὶ
1762 987 2071 1067 κρείττους,
2103 986 2268 1049 ἀλλὰ

566 1091 660 1154 καὶ
684 1089 883 1173 ψυχαὶ
908 1089 1140 1171 μερικαὶ
1165 1092 1349 1164 ζῶσαι
1378 1091 1527 1152 κατὰ
1556 1091 1716 1160 νοῦν,
1751 1086 1846 1151 καὶ
1875 1091 1955 1174 τῷ
1982 1091 2083 1167 τῆς
2114 1091 2274 1170 προ·’

565 1193 727 1259 νοίας
756 1194 966 1259 ἑαυτὰς
1006 1191 1315 1255 ἐπιδοῦσαι
1343 1191 1516 1273 φωτί.
1610 1188 1798 1255 Conf.
1828 1204 1891 1255 et
1920 1188 2260 1254 Alcinoum

562 1295 641 1360 de
670 1296 890 1360 Doctr.
925 1294 1170 1359 Platon.
1216 1317 1270 1357 c.
1308 1293 1576 1358 XXVI.
1608 1307 1673 1357 et
1702 1291 2016 1380 praecipue
2044 1316 2098 1357 c.
2131 1313 2257 1380 30:

561 1403 680 1467 πῶς
710 1397 985 1463 ἑκούσιον
1012 1399 1049 1478 ἡ
1080 1397 1277 1480 ἀρετὴ,
1309 1395 1593 1461 ἀκούσιον
1621 1398 1686 1459 δὲ
1714 1398 1751 1476 ἡ
1783 1398 1972 1460 κακία.
2029 1394 2263 1461 Plotini
2291 1479 2294 1484 μ

559 1501 879 1568 eonsilium
923 1501 989 1564 in
1035 1502 1153 1565 hoc
1194 1499 1356 1564 libro
1385 1498 1710 1563 scribendo
1741 1498 2167 1563 Cudworthus
2193 1498 2260 1563 in

561 1607 727 1693 Syst.
759 1603 967 1668 Intell.
1003 1605 1121 1668 IV.
1154 1622 1253 1690 23.
1291 1625 1356 1690 p.
1388 1602 1538 1685 487.
1584 1600 1737 1666 dicit
1781 1600 2096 1689 praecipue
2139 1600 2260 1666 hoc

558 1732 721 1773 esse:
773 1716 815 1748 “
844 1707 1075 1795 partim
1104 1722 1197 1784 ut,
1230 1728 1542 1770 summum
1576 1705 1829 1768 Numen
1858 1726 1971 1791 per
2001 1727 2065 1768 se
2092 1704 2256 1769 exis-

557 1827 707 1891 tere,
735 1810 1058 1875 efficaciori
1087 1808 1360 1896 quadam
1391 1821 1456 1873 et
1483 1807 1850 1894 expressiori
1880 1807 2117 1872 ratione
2159 1808 2256 1872 in-

554 1914 844 1994 culcaret,
871 1913 1102 2002 partim
1131 1926 1203 1977 ut
1232 1912 1534 1989 insanam,
1567 1933 1756 1997 quam
1795 1910 2077 1974 nonnulli
2106 1934 2253 1998 pos-

555 2017 678 2082 sint
717 2018 952 2093 fovere,
996 2015 1362 2081 sententiam
1392 2015 1487 2084 ,de
1532 2016 1674 2078 Deo
1715 2013 2042 2094 refelleret,
2084 2037 2156 2079 ac
2204 2015 2256 2079 si

554 2120 655 2185 ille
684 2120 774 2202 id,
800 2119 970 2207 quod
1002 2134 1115 2197 est,
1140 2142 1285 2183 casu
1318 2141 1391 2182 ac
1417 2117 1673 2182 fortuna
1700 2117 1903 2181 factus
1931 2129 2112 2194 esset,
2143 2133 2255 2183 aut

551 2247 701 2290 vero
728 2235 898 2288 certa
925 2222 1198 2310 quadam
1229 2237 1473 2286 naturae
1501 2222 1638 2307 lege
1666 2243 1739 2284 ac
1769 2219 2150 2300 necessitate,
2185 2235 2257 2285 ut

551 2327 617 2392 id
646 2341 825 2405 esset,
857 2325 1027 2414 quod
1059 2341 1174 2402 est,
1205 2323 1564 2410 compulsus
1593 2322 1831 2387 fuisset.
1901 2321 2090 2401 Quod
2119 2322 2256 2410 qui-

549 2429 690 2494 dem
735 2452 936 2517 genus
977 2429 1198 2494 docere
1240 2427 1532 2514 cupiebat
1575 2425 2005 2514 philosophuS‚
2040 2427 2250 2489 Deum

550 2556 794 2620 semper
820 2532 886 2597 id
915 2555 1045 2597 esse
1075 2530 1248 2618 quod
1289 2554 1420 2595 esse
1463 2527 1623 2609 vult,
1654 2551 1859 2616 neque
1900 2529 2079 2593 aliter
2122 2552 2253 2594 sese

549 2638 801 2715 habere,
830 2660 902 2702 ac
943 2635 993 2700 si
1026 2650 1219 2699 semet
1266 2634 1470 2721 ipsum
1515 2656 1629 2697 sua
1675 2645 1894 2718 sponte
1933 2631 2252 2721 libereque

549 2739 792 2805 fecisset
822 2754 885 2803 et
911 2738 1348 2803 condidisset.”

633 2867 697 2932 p.
738 2864 925 2930 1344,
967 2843 1063 2907 18.
1106 2840 1425 2905 Ἑκούσιον
1466 2842 1578 2919 μὲν
1621 2841 1737 2922 γᾶρ
1779 2838 2084 2921 πᾶν-ἐφ’
2113 2841 2253 2920 ἡμῖν

547 2946 942 3035 δέ-πρᾶξαι]
991 2944 1151 3009 Vide
1194 2958 1411 3009 annot.
1445 2957 1633 3006 nostr.
1664 2942 1729 3005 in
1761 2942 1952 3028 hujus
1993 2940 2136 3006 libri
2173 2942 2248 3006 ti-

547 3048 749 3114 tulum
782 3048 930 3136 ibiq.
964 3048 1129 3113 locos
1157 3044 1515 3111 Aristotelis
1558 3062 1676 3110 etc.
1751 3045 1947 3109 Adde
1977 3044 2250 3133 Epicteti

543 3152 875 3218 Euchirid.
912 3153 973 3217 1.
1002 3172 1055 3216 1.
1087 3166 1152 3216 et
1180 3166 1376 3228 notaS,
1410 3164 1472 3213 et
1501 3147 1612 3235 qui
1656 3147 1777 3213 loci
1820 3147 2158 3212 laudantur
2186 3149 2249 3212 in

544 3255 820 3340 νοο.’ἐφ’
852 3257 990 3337 ἡμῖν
1030 3255 1093 3320 in
1143 3253 1362 3321 Indice
1409 3251 1662 3318 Graecit.
1714 3250 1985 3339 Epictet.
2020 3252 2249 3317 Hiero-

544 3360 699 3426 clem
730 3361 811 3425 de
841 3359 1247 3425 Providentia
1274 3374 1337 3422 et
1367 3358 1532 3422 Fato
1574 3379 1641 3444 p.
1676 3376 1735 3420 2.
1767 3380 1902 3443 sqq.
1948 3355 2045 3420 ed.
2074 3356 2248 3421 Lon-

546 3464 677 3529 din.
717 3465 900 3549 1673.
934 3463 1015 3528 de
1044 3461 1302 3527 Provid.
1338 3485 1400 3548 p.
1429 3462 1532 3526 62.
1566 3484 1706 3547 sqq.
1744 3460 1853 3542 (cf.
1891 3460 2105 3524 Photii
2135 3461 2247 3525 Bi-

544 3566 767 3632 blioth.
802 3566 962 3631 cod.
1000 3586 1147 3652 251.
1178 3589 1244 3653 p.
1267 3566 1420 3651 463.
1449 3563 1549 3628 ed.
1585 3561 1889 3648 Bekkeri)
1921 3578 1981 3628 et
2014 3565 2244 3628 Neme-

547 3669 704 3735 sium
736 3669 817 3734 de
852 3672 1000 3734 Nat.
1037 3670 1230 3733 Hom.
1260 3692 1313 3732 c.
1348 3687 1468 3754 39:
1516 3667 1652 3748 περὶ
1694 3670 1800 3730 τοῦ
1843 3667 2242 3745 αὐτεξουσίου,

433 3770 438 3775 ’
544 3775 580 3836 ὅ
612 3776 741 3838 ἐστι
768 3778 874 3837 τοῦ
902 3771 996 3856 ἐφ’
1028 3773 1182 3852 ἡμῖν.
1229 3794 1289 3859 p.
1322 3790 1472 3857 311.
1506 3794 1642 3857 sqq.
1678 3769 2165 3848 Matth.—Quae
2208 3794 2247 3834 a

545 3875 726 3940 nobis
764 3875 1062 3963 pendent,
1092 3874 1221 3939 sive
1262 3873 1327 3937 in
1377 3888 1587 3937 nostra
1629 3887 1934 3959 potestate
1978 3888 2144 3951 sunt,
2175 3896 2249 3937 ea

542 3978 725 4043 etiam
771 3978 1070 4042 dicuntur
1112 3976 1247 4058 παρ’
1287 3978 1434 4057 ἡμᾶς
1481 3975 1652 4049 εἶναι,
1696 4000 1757 4039 π.
1799 3976 1858 4055 ἦ.
1905 3977 2243 4057 γίγνεσθαι.

545 4082 646 4146 De
684 4104 813 4169 qua
850 4078 1122 4145 formula
1160 4078 1452 4166 exposuit
1484 4079 1751 4165 Baguet.
1792 4077 1872 4141 ad
1906 4076 2248 4165 Chrysippi

544 4186 777 4272 Fragg.
808 4206 872 4271 p.
901 4202 1047 4250 222.
1078 4197 1208 4246 not.
1236 4184 1338 4268 89.

627 4310 693 4374 Ρ.
728 4304 913 4372 1345,
956 4306 1053 4371 15.
1102 4287 1199 4350 καὶ
1225 4283 1784 4365 μαινομένοις-καὶ
1811 4283 2248 4369 πεπλανημένῳ

541 4394 621 4476 τῷ
664 4390 963 4475 λογισμῷ]
1025 4386 1341 4452 Hierocles
1370 4387 1434 4452 in
1464 4389 1660 4451 Aurr.
1697 4388 1973 4450 Carmm.
2015 4385 2244 4474 Pytha-

542 4515 676 4580 gor.
711 4516 777 4579 p.
804 4493 949 4576 269.
980 4514 1104 4577 sq.:
1156 4492 1252 4554 καὶ
1281 4495 1354 4555 τὰ
1385 4492 1646 4569 ἑπόμενα
1674 4493 1744 4568 τῇ
1777 4490 2036 4573 ἀβουλίᾳ
2062 4515 2248 4572 παρα-

544 4596 823 4667 δείκνυσι,
857 4594 953 4657 καὶ
979 4600 1102 4661 πῶς
1129 4594 1379 4657 ἀκούσια
1411 4593 1532 4672 ἅμα
1564 4593 1657 4655 καὶ
1688 4594 1928 4656 ἑκούσια
1959 4596 2032 4655 τᾶ
2058 4600 2250 4673 πλημ-

544 4697 874 4779 μελήματα,
916 4696 1264 4769 ἐκδιδάσκει,
1306 4700 1376 4776 τῇ
1425 4693 1546 4759 κατ’
1591 4694 1869 4759 ἐπιπέδου
1914 4699 2246 4777 κυλινδρικῇ

548 4800 773 4879 κινήσει
815 4799 1069 4864 ἐοικέναι
1112 4798 1312 4882 φήσας
1354 4798 1461 4861 τὸν
1504 4803 1623 4861 τῶν
1669 4795 1935 4876 ἀνοήτων
1977 4799 2139 4875 βίον,
2184 4796 2249 4864 ὃς

547 4905 737 4989 κύκλῳ
768 4903 890 4983 ἅμα
920 4904 1016 4967 καὶ
1044 4901 1133 4967 ἐπ’
1166 4902 1394 4968 εὐθείας
1421 4903 1567 4964 ποτὲ
1599 4905 1858 4963 κινεῖται·
1892 4900 2085 4984 κύκλῳ
2112 4899 2242 4979 μὲν,

543 5006 613 5071 δι’
643 5009 842 5071 αὐτόν·
891 5005 979 5070 ἐπ’
1015 5006 1243 5072 εὐθείας
1286 5005 1370 5078 δὲ,
1403 5006 1501 5068 διὰ
1528 5003 1637 5082 τὴν
1666 5007 1910 5065 πτῶσιν.
1962 5002 2038 5067 ὡς
2065 5004 2182 5082 γὰρ
2212 5002 2245 5063 ὀ

545 5111 849 5190 κύλινδρος
875 5109 945 5172 οὐ
977 5112 1329 5190 κατακρατεῖ
1352 5110 1452 5185 τῆς
1479 5108 1614 5187 περὶ
1636 5105 1742 5169 τὸν
1764 5106 1948 5184 ἄξονα
1979 5107 2248 5183 κυκλικῆς

542 5215 912 5293 περιαγωγῆς
951 5211 1069 5275 ἀπὸ
1106 5214 1208 5289 τῆς
1249 5211 1562 5291 ὀρθότητος
1603 5208 2018 5289 πλαγιασθείς·
2067 5208 2248 5274 οὕτως

542 5313 677 5376 οὐδὲ
704 5312 876 5395 ψυχὴ
905 5316 1004 5392 τῆς
1032 5313 1278 5391 τεύξεως
1303 5317 1421 5374 τῶν
1451 5313 1642 5374 ὄντων
1671 5311 1912 5390 ἀγαθῶν
1940 5309 2241 5392 τυγχάνει,

540 5418 645 5478 τοῦ
672 5416 852 5496 ὀρθοῦ
879 5415 1068 5496 λόγου
1098 5415 1193 5477 καὶ
1219 5417 1321 5493 τῆς
1347 5411 1493 5494 πρὸς
1534 5412 1676 5476 θεὸν
1707 5410 1975 5478 στάσεως
2018 5414 2241 5476 ἀποπε-

541 5520 754 5580 σοῦσα·
809 5521 1111 5581 πλανᾶται
1157 5517 1222 5580 δὲ
1263 5516 1399 5597 περὶ
1440 5519 1515 5581 τὰ
1563 5519 1846 5580 δοκοῦντα
1888 5516 2105 5596 ἀγαθὰ,
2151 5515 2245 5579 καὶ

3939 529 4068 597 399

2356 675 2670 760 ἐκφέρεται
2711 675 2799 741 ἐπ’
2831 678 3082 745 εὐθείαις
3109 680 3208 743 καὶ
3236 681 3600 758 αἰσθητικαῖς
3632 684 4060 762 προπαθείας

2356 779 2708 860 κυλιουμένη
2753 781 2861 864 (an
2912 781 3007 846 καὶ
3050 779 3363 863 ἐκφέρεται
3407 780 3507 846 ἀπ’
3556 782 3805 858 εὐθείας,
3853 783 4059 849 deleto

2351 880 2547 947 altero
2579 884 2674 947 καὶ
2703 886 2863 948 αῑσθ.
2896 909 2961 947 π.
2997 910 3049 947 κ.
3080 886 3140 967 ἓ)
3196 885 3630 971 Usurpaverat
3661 884 4058 975 Chrysippus

2351 985 2620 1073 cylindri
2649 984 2872 1074 lapidis
2915 984 3379 1050 similitudinem
3410 988 3474 1051 in
3504 987 3789 1053 doctrina
3816 989 3897 1054 de
3925 990 4058 1055 fato

2350 1103 2415 1152 et
2442 1087 2639 1153 libero
2667 1088 2944 1154 arbitrio.
3007 1088 3155 1154 vid.
3190 1089 3410 1154 Cicero
3440 1091 3519 1155 de
3549 1092 3712 1156 Fato
3738 1115 3790 1157 c.
3825 1094 3923 1157 18.
3947 1112 4051 1174 42.

2349 1214 2414 1279 p.
2440 1193 2589 1273 641.
2620 1191 2721 1257 ed.
2750 1192 3007 1257 Moseri.
3057 1190 3247 1256 Gellii
3277 1193 3361 1257 N.
3389 1195 3474 1259 A.
3508 1196 3631 1259 VI.
3665 1214 3723 1260 2.
3753 1209 3816 1260 et
3847 1196 4056 1285 Chry-

2349 1293 2513 1381 sippi
2542 1296 2777 1383 Fragg.
2809 1318 2871 1383 p.
2902 1315 3047 1379 219.
3081 1296 3374 1383 Bagueti.
3460 1297 3658 1361 Addo
3687 1297 4048 1388 Olympiod.

2346 1394 2409 1460 in
2443 1396 2590 1462 Alc.
2630 1420 2729 1485 pr.
2778 1422 2840 1485 p.
2875 1418 3000 1483 45:
3048 1400 3196 1463 οὕτω
3244 1401 3309 1463 δὲ
3359 1400 3454 1463 καὶ
3503 1401 3570 1464 ἐν
3596 1403 3844 1488 Τιμαίῳ·
3893 1405 4052 1467 αἰτία

2348 1499 2658 1580 ἑλομένου,
2700 1499 2834 1569 θεὸς
2875 1503 3154 1568 ἀναίτιος.
3207 1501 3487 1584 (Platon.
3522 1502 3696 1567 Tim.
3726 1526 3791 1591 p.
3816 1519 3925 1587 47.
3954 1508 4046 1589 c.)

2349 1604 2443 1669 καὶ
2474 1606 2562 1669 ἔτι
2591 1608 2659 1670 ἐν
2688 1609 2996 1690 Πολιτείᾳ·
3032 1605 3144 1687 (Χ.
3177 1628 3242 1693 Ρ.
3263 1607 3485 1689 617.c.
3516 1606 3599 1670 cf.
3626 1605 3850 1671 Plotin.
3876 1631 4045 1693 supr.

2344 1729 2412 1794 p.
2443 1727 2583 1788 141.
2615 1712 2786 1794 sqq.)
2817 1710 2981 1788 ὑμεῖς
3013 1707 3132 1790 (ita
3167 1706 3505 1794 legendum
3551 1732 3669 1796 pro
3705 1712 3883 1794 ὑμᾶς)
3921 1714 4047 1775 δαί-

2340 1835 2498 1889 μονα
2523 1810 2848 1893 αἱρήσεσθε
2874 1810 3078 1898 (vulg.
3105 1811 3460 1894 αἱρήσεσθαι
3488 1812 3735 1897 vitiose)
3761 1815 3876 1898 οὐχ
3901 1802 4050 1895 ὑμᾶς

2341 1914 2565 1993 δαίμων
2594 1913 2853 1994 λήξεται·
2903 1917 2969 1979 ἐν
2995 1916 3135 1995 ἡμῖν
3163 1919 3280 1997 γὰρ
3321 1916 3487 1980 ἔστιν
3527 1916 3776 1981 ἑλέσθαι
3816 1920 4049 1982 τοιόνδε

2339 2017 2501 2095 βίον·
2537 2017 2859 2097 ἑλομένους
2886 2019 2951 2082 δὲ
2978 2018 3258 2099 πράττειν
3284 2023 3360 2083 τὰ
3389 2022 3649 2099 ἑπόμενα
3677 2025 3757 2108 τῷ
3794 2023 3913 2108 βίῳ
3943 2022 4048 2086 οὐκ

2344 2119 2412 2182 ἐν
2439 2120 2601 2200 ἡμῖν,
2625 2118 2763 2184 ἀλλ’
2788 2121 3140 2204 ἀναγκαίως·
3171 2122 3374 2203 ὥσπερ
3405 2122 3500 2185 καὶ
3526 2124 3701 2186 λίθον
3727 2125 3906 2206 ῥίψαι
3932 2125 4045 2204 μὲν

2344 2220 2439 2305 ἐφ’
2469 2224 2626 2302 ἡμῖν.
2665 2222 2868 2287 ‘'ssa-re
2897 2229 2991 2288 δεῖ
3012 2223 3236 2306 λέγειν.
3284 2223 3500 2289 Locus
3530 2222 3860 2289 lacunosus
3887 2248 4045 2312 quo-

2341 2323 2530 2389 modo
2573 2325 2811 2414 expleri
2856 2326 3071 2413 possit,
3104 2326 3251 2390 satis
3292 2325 3664 2413 intelligitur
3690 2350 3725 2392 e
3756 2326 3946 2392 Gellii
3977 2342 4040 2391 et

2342 2427 2653 2493 Hieroclis
2680 2427 2743 2494 ll.
2775 2427 2842 2493 ll.

2423 2553 2485 2619 p.
2516 2534 2702 2618 1346,
2728 2534 2790 2598 6.
2823 2531 3176 2596 Εἶτα-τῶν
3202 2529 4043 2615 παθημάτων-φαντασία-

2335 2641 2457 2702 πῶς
2507 2638 2576 2699 ἐν
2625 2636 2852 2703 τούτοις
2906 2637 3133 2717 κυρίους
3180 2639 3345 2698 ποιεῖ
3371 2633 3421 2722 3]
3477 2634 3583 2697 Ita
3632 2634 3847 2722 scripsi
3896 2658 4038 2699 cum

2337 2762 2531 2827 marg.
2574 2739 2721 2804 edit.
2769 2754 2833 2804 et
2868 2739 3041 2805 libris
3078 2738 3616 2827 praestantioribus
3657 2762 3774 2827 pro
3813 2742 4036 2823 κυρίως.

2340 2843 2492 2906 Ηυο
2542 2842 2785 2907 faciunt
2828 2842 3019 2907 verba
3064 2841 3314 2906 Alcinoi
3368 2841 3449 2906 de
3493 2843 3713 2907 Doctr.
3764 2842 4043 2908 Platonis

2340 2946 2587 3010 XXX.
2620 2968 2681 3031 p.
2704 2965 2857 3030 524.
2889 2945 3114 3009 HeinS.
3141 2971 3155 3009 :
3205 2945 3378 3009 αὗται
3406 2947 3521 3027 γὰρ
3550 2944 3789 3025 βλάβαι
3831 2945 4039 3029 διάφο-

2335 3073 2448 3130 ροι,
2489 3049 2584 3112 καὶ
2621 3048 2690 3111 τὸ
2729 3050 3011 3113 ἀκούσιον
3041 3050 3110 3112 ἐν
3138 3048 3354 3132 ἀγνοίᾳ
3395 3047 3509 3111 τινὶ
3546 3044 3584 3127 ἢ
3619 3047 3795 3113 πάθει
3837 3055 4040 3115 κεῖται.

2341 3149 2659 3215 Plutarchi
2690 3152 2928 3238 Fragg.
2962 3152 3133 3216 XX.
3171 3171 3227 3216 2.
3273 3173 3338 3237 p.
3375 3153 3522 3238 837.
3545 3153 3790 3240 Wytt.:
3840 3156 4044 3236 θηρίον

2341 3254 2469 3318 ἐστὶ
2513 3254 2902 3337 δουλαγωγὸν
2928 3254 3129 3335 ἡδονὴ,
3161 3252 3300 3319 ἀλλ’
3334 3255 3439 3318 οὐκ
3484 3255 3712 3337 ἄγριον·
3762 3259 3884 3322 εἴθε
3926 3260 4041 3341 γᾶρ

2335 3356 2429 3437 ἦν·
2474 3363 2749 3439 φανερῶς
2792 3357 2868 3421 ἂν
2904 3363 3256 3438 πολεμοῦσα
3301 3357 3531 3441 ταχέως
3578 3358 3759 3423 ἑάλω.
3804 3366 3937 3427 Νῦν
3976 3365 4041 3427 δὲ

2337 3459 2434 3522 καὶ
2460 3462 2641 3540 ταύτῃ
2668 3461 3076 3542 μισητότερον,
3108 3462 3199 3525 ὅτι
3229 3459 3469 3524 κλέπτει
3503 3461 3612 3539 τὴν
3642 3461 3866 3546 ἔχθραν
3891 3467 4034 3529 ὑπο-

2330 3560 2582 3641 δυομένη
2614 3566 2817 3645 σχῆμα
2848 3563 3097 3630 εὐνοίας·
3137 3564 3292 3626 ὥστε
3322 3566 3456 3645 διχῇ
3486 3565 3910 3646 ἀποτρόπαιον,
3944 3569 4038 3631 καὶ

2330 3665 2414 3726 ὧν
2438 3662 2721 3742 βλάπτει,
2755 3666 2850 3728 καὶ
2878 3667 2962 3728 ὧν
2989 3666 3292 3748 ψεύδεται.
3342 3666 3445 3729 Cf.
3469 3667 3775 3753 Ejusdem
3807 3669 4029 3757 fragm.

2330 3763 2410 3828 de
2440 3771 2681 3831 Amore
2713 3767 2945 3830 XXV.
2976 3787 3042 3853 3.
3076 3766 3184 3831 ubi
3213 3766 3426 3831 eadem
3459 3768 3820 3851 similitude,
3846 3771 4038 3838 ducta

2333 3866 2439 3932 illa
2480 3867 2737 3954 quidem
2767 3891 2849 3933 ex
2880 3867 3142 3934 Platone
3185 3869 3248 3934 in
3292 3870 3570 3958 Republ.
3608 3874 3742 3938 IX.
3770 3876 3921 3960 588.
3959 3879 4037 3943 C.

2333 3968 2413 4033 cf.
2451 3970 2572 4035 1v.
2601 3990 2752 4055 439.
2778 3972 2842 4035 b.
2874 3994 2988 4035 nec
3015 3971 3228 4058 ignota
3260 3971 3512 4038 Plotino
3554 3991 3787 4042 nostro.
3880 3980 4038 4047 Vide

2335 4095 2526 4159 supra
2575 4073 2633 4137 1.
2671 4093 2723 4137 1.
2770 4096 2836 4162 p.
2869 4094 2929 4154 4.
2965 4075 3051 4138 G.
3143 4074 3268 4139 His
3310 4075 3758 4144 imitationibus
3802 4083 4039 4148 accedit

2334 4199 2500 4240 nunc
2543 4175 2717 4242 locus
2746 4177 3027 4266 Eunapii
3057 4178 3121 4242 in
3153 4180 3482 4266 Excerptt.
3522 4181 3765 4247 Histor.
3811 4207 3877 4272 p.
3915 4189 4036 4272 258

2338 4282 2553 4361 (Nova
2595 4280 2854 4346 Collect.
2891 4281 3220 4369 Scriptorr.
3257 4282 3454 4346 Vatic.
3489 4285 3657 4367 11.):
3706 4289 3739 4350 ὁ
3782 4290 3895 4369 μὲν
3923 4294 4039 4372 γὰρ

2331 4381 2618 4463 Ῥωμαῖος
2639 4383 2871 4466 Μάριος
2897 4384 3006 4448 τὸν
3034 4386 3365 4449 ἀντίπαλον
3388 4387 3633 4452 Σύλλαν
3662 4393 3910 4457 διπλοῦν
3939 4398 4040 4472 θη-

2330 4487 2463 4566 ρίον
2509 4484 2849 4560 ἀποκαλῶν,
2899 4488 3180 4551 ἀλώπεκα
3232 4489 3327 4551 καὶ
3375 4488 3599 4554 λέοντα
3644 4519 3696 4556 κ.
3730 4518 3780 4555 τ.
3814 4500 3878 4556 λ.
3928 4495 4035 4560 ubi

2335 4591 2510 4674 Ang.
2545 4588 2761 4652 Maius
2793 4604 2954 4653 recte
2981 4588 3200 4654 laudat
3227 4588 3464 4655 Juliani
3496 4591 3703 4679 Epist.
3738 4596 4035 4662 XXIII.

2333 4690 2589 4755 Etenim
2638 4690 2762 4755 illic
2811 4694 2905 4779 (p.
2940 4711 3046 4787 31.
3080 4691 3372 4780 Heyleri)
3408 4695 3760 4760 Constantii
3805 4697 4038 4765 aulicos

2335 4793 2614 4858 homines
2678 4796 2851 4877 θηρία
2921 4794 3198 4883 appellat
3261 4802 3448 4861 πᾶσιν
3513 4801 4032 4882 ἐποφθαλμιῶντα.

2336 4897 2619 4963 Plotinus
2646 4898 2779 4986 ipse
2810 4900 2869 4963 1.
2908 4921 2964 4963 1.
3002 4920 3100 4965 10.
3147 4924 3211 4988 p.
3243 4902 3304 4966 6.
3340 4904 3428 4965 A.
3459 4925 3688 4989 corpus
3720 4920 3899 4969 vocat
3928 4910 4029 4985 θη-

2330 5003 2486 5083 ρίον.

2420 5127 2484 5192 Ρ.
2516 5121 2701 5190 1347,
2734 5107 2829 5169 16.
2879 5106 2998 5170 Καὶ
3034 5108 3150 5189 γὰρ
3188 5106 3467 5173 κενώσεις
3505 5110 3688 5172 σίτων
3718 5109 3812 5173 καὶ
3839 5117 4035 5175 ποτῶν

2331 5210 2518 5273 -καὶ
2558 5211 2893 5291 πληρώσεις
2938 5236 2990 5272 κ.
3017 5235 3069 5272 τ.
3093 5210 3186 5293 λ.·]
3241 5209 3342 5273 cf.
3376 5208 3674 5297 Xenoph.
3708 5210 4029 5300 Cyripaed.

2337 5312 2390 5374 Ι.
2424 5312 2485 5374 6.
2528 5331 2626 5392 17.
2692 5311 3091 5376 Memorabb.
3129 5311 3188 5374 1.
3217 5330 3281 5397 3.
3316 5312 3376 5374 6.
3422 5325 3485 5376 et
3532 5311 3611 5375 de
3650 5311 3712 5375 vi
3750 5312 3923 5378 nimii
3967 5315 4031 5380 in

2332 5429 2512 5499 potu,
2561 5412 2703 5478 cibo
2759 5414 3073 5502 rebusque
3122 5413 3397 5478 venereis
3452 5413 3514 5478 in
3574 5414 3851 5481 animum
3913 5419 4030 5484 hu-

2332 5539 2584 5581 manum
2631 5540 2855 5597 mores,
2885 5517 3229 5607 ingenium,
3263 5515 3488 5582 Galeni
3531 5519 3852 5607 Protrept.
3893 5546 4031 5613 cap.
