5118 6613
1112 587 1197 654 34

1111 745 1481 805 Πλεονεκτῶ·
1526 741 1592 804 τὸ
1642 738 1831 805 πλέον
1873 742 2012 825 ἔχω,
2054 746 2275 824 γενικῇ·
2321 748 2674 808 Πλεονεκτῶ
2706 746 2771 808 δὲ

1110 842 1177 906 τὸ
1236 844 1430 922 ἀδικῶ,
1487 845 1789 923 αἰτιατικῇ.
1876 846 2210 925 Caeterum,
2269 859 2432 910 recte
2487 860 2773 911 monente

1109 942 1560 1031 Engelhardto,
1587 943 1722 1010 haec
1749 959 2022 1011 extrema
2058 943 2268 1035 εἶν-τῷ
2310 950 2553 1031 παρόντι
2584 948 2774 1013 Ploti-

1111 1068 1230 1111 nus
1255 1045 1534 1111 consulto
1559 1045 1802 1134 adjecit,
1824 1072 1952 1135 quo
1980 1047 2218 1113 tolleret
2240 1073 2504 1115 errorem
2535 1073 2771 1128 eorum,

1111 1148 1241 1235 qui,
1272 1171 1416 1213 cum
1442 1148 1524 1213 ad
1566 1148 1873 1215 beatitatis
1913 1151 2227 1216 notionem
2257 1155 2586 1240 praetevita
2625 1153 2779 1241 adji-

1111 1250 1307 1331 ciunt,
1328 1250 1493 1316 illam
1520 1251 1734 1339 augeri
1762 1252 2116 1342 opinantur.
2178 1256 2384 1342 Urget
2404 1254 2596 1342 igitur
2621 1248 2777 1320 illud

1104 1356 1511 1440 praesentiam
1527 1355 1955 1420 tantummodo
1971 1355 2034 1420 in
2049 1356 2445 1423 beatitudinis
2464 1359 2774 1423 notionem

1111 1455 1344 1521 cadere.
1430 1460 1648 1544 Atque
1677 1456 1991 1539 Barthius,
2018 1459 2197 1546 cujus
2224 1458 2461 1546 reliqua
2487 1459 2553 1525 h.
2578 1460 2617 1524 l.
2650 1483 2774 1525 non

1110 1582 1336 1636 moror,
1359 1559 1492 1624 haec
1517 1573 1825 1647 postrema
1848 1561 2099 1648 gravius
2119 1560 2206 1625 ita
2233 1561 2568 1649 expressit:
2600 1563 2776 1627 “hoc

1111 1685 1259 1727 vero
1286 1660 1457 1749 quod
1483 1661 1690 1738 habet,
1710 1683 1903 1750 neque
1921 1665 1993 1726 in
2008 1667 2334 1751 praeterito
2360 1674 2472 1744 est,
2493 1686 2685 1753 neque
2704 1667 2776 1729 in

1085 1765 1352 1850 ficum,
1381 1764 1490 1829 sed
1515 1766 1585 1827 in
1599 1766 1969 1852 proesenti.”

1196 1890 1262 1956 p.
1285 1867 1389 1945 86,
1410 1884 1470 1950 7.
1501 1869 1585 1932 Τί
1600 1868 1705 1932 οὐν
1733 1870 1766 1931 ὁ
1797 1869 2182 1953 κακοδαίμων]
2216 1871 2380 1933 Cum
2408 1868 2505 1933 his
2524 1882 2589 1933 et
2609 1892 2776 1957 seqq.

1114 1968 1538 2057 componenda
1593 1984 1758 2048 sunt,
1810 1993 1954 2057 quae
2003 1993 2041 2034 a
2095 1969 2305 2035 Tullio
2359 1970 2777 2058 disputantur,

1112 2071 1378 2137 maxime
1403 2071 1697 2136 adversus
1719 2072 2081 2159 Epicureos,
2104 2072 2185 2138 de
2209 2074 2396 2138 Finn.
2423 2075 2521 2138 11.
2547 2089 2648 2159 17.
2672 2076 2773 2141 88.

1115 2175 1217 2239 ΙΙ.
1243 2175 1342 2241 28.
1368 2192 1470 2258 92.
1492 2198 1583 2261 sq.
1612 2174 1711 2238 ΙΙ.
1734 2193 1833 2259 29.
1862 2195 1964 2260 94.
1987 2199 2079 2263 sq.
2152 2182 2196 2215 “
2212 2178 2309 2239 An
2339 2175 2515 2241 dolor
2543 2177 2775 2264 longis-

1112 2278 1301 2342 simus
1328 2275 1590 2363 quisque
1617 2275 2010 2355 miserrimus,
2042 2277 2421 2365 voluptatem
2453 2301 2578 2344 non
2605 2296 2779 2367 opta·

1109 2378 1385 2445 biliorem
1418 2378 1791 2444 diuturnitas
1817 2379 1966 2445 facit
1982 2380 2266 2459 ?—Quid
2311 2380 2390 2446 de
2431 2381 2643 2447 dolore
2681 2382 2779 2447 di·

1111 2485 1366 2547 cemus?
1424 2482 1606 2568 cujus
1652 2496 1825 2547 tanta
1872 2497 2175 2548 tormenta
2228 2498 2394 2564 sunt,
2453 2500 2523 2549 ut
2568 2484 2633 2549 in
2688 2484 2785 2550 his

1113 2585 1295 2649 beata
1322 2584 1469 2661 vita,
1501 2584 1551 2647 si
1592 2583 1781 2649 modo
1820 2584 1997 2649 dolor
2038 2608 2347 2650 summum
2393 2585 2625 2650 malum
2667 2601 2780 2664 est,

1114 2711 1244 2752 esse
1270 2708 1396 2751 non
1423 2685 1636 2773 possit.
1666 2686 2183 2751 cet.—Traditur
2209 2687 2289 2752 ab
2320 2688 2599 2776 Epicuro
2627 2689 2783 2754 ratio

1116 2787 1465 2877 negligendi
1508 2786 1753 2853 doloris.
1841 2790 1987 2852 Jam
2025 2789 2229 2877 ipsum
2258 2789 2621 2868 absurdum,
2651 2813 2780 2856 ma·

1114 2893 1358 2956 ximum
1400 2889 1631 2954 malum
1675 2889 1922 2977 negligi.
1952 2892 2225 2956 cet.—Si
2268 2892 2494 2979 gravis,
2542 2893 2777 2958 brevis:

1118 2994 1167 3058 si
1196 2992 1439 3081 longus,
1467 2991 1638 3071 levis,
1668 2991 1898 3058 dictata
1924 3007 2085 3057 sunt.
2149 2994 2433 3072 Virtutis,
2466 2995 2778 3083 magnitu-

1117 3095 1278 3160 dinis
1304 3094 1513 3174 animi,
1541 3094 1872 3182 patientioe,
1894 3095 2273 3162 fortitudinis
2293 3098 2580 3163 fomentis
2608 3098 2785 3164 dolor

1118 3197 1386 3285 mitigari
1414 3196 1626 3261 solet.”

1201 3338 1285 3355 —·
1309 3321 1409 3388 13.
1440 3302 1568 3366 οἷον
1609 3300 1676 3365 τὸ
1729 3300 2024 3382 ἐπιμένειν
2065 3300 2171 3382 τὴν
2214 3304 2425 3389 νόσον]
2459 3303 2781 3392 Virgulam

1119 3403 1530 3470 convertimus
1574 3403 1638 3468 in
1686 3402 1885 3468 colon.
1951 3407 2147 3470 Recte
2185 3421 2391 3470 autem
2422 3406 2676 3472 Ficinus
2703 3408 2785 3473 ad

1121 3510 1235 3588 ἕξις
1260 3506 1588 3594 cogitando
1616 3506 1839 3593 repetit
1863 3508 1902 3587 ἡ
1930 3508 2122 3576 νόσος.
2198 3510 2331 3573 Nec
2358 3508 2535 3574 aliter
2562 3511 2781 3576 Barth.

1119 3611 1228 3698 qui
1256 3608 1469 3675 vertit:
1517 3612 1613 3675 uti
1643 3610 1901 3675 morbos.
1993 3611 2225 3676 Morbo
2253 3612 2414 3677 enim
2443 3637 2521 3678 ex
2561 3613 2783 3701 persis-

1119 3713 1309 3779 tentia
1349 3713 1419 3777 fit
1459 3726 1682 3777 natura
1722 3711 1986 3778 habitus.
2077 3714 2159 3778 In
2187 3714 2392 3779 anima
2420 3715 2785 3781 Aristoteles

1123 3817 1272 3881 Eth.
1304 3815 1544 3880 Nicom.
1578 3816 1674 3880 11.
1703 3833 1769 3900 5.
1804 3835 1865 3880 2.
1895 3815 2013 3880 tria
2039 3817 2248 3905 ponit:
2294 3818 2470 3899 πάθη,
2495 3819 2783 3899 δυνάμεις,

1124 3920 1285 3998 ἕξεις.
1370 3917 1537 3981 Tum
1565 3915 1864 4004 explicat:
1913 3919 2079 3998 ἔξεις,
2112 3919 2235 3984 καθ’
2268 3921 2336 3988 ἃς
2361 3920 2505 4003 πρὸς
2530 3924 2605 3986 τὰ
2630 3920 2786 4001 πάθη

1125 4020 1341 4102 ἔχομεν
1383 4020 1449 4082 εὐ
1489 4016 1526 4097 ἢ
1571 4024 1770 4084 κακῶς.
1860 4018 2226 4086 Plutarchus
2268 4022 2347 4088 de
2387 4023 2617 4088 virtute
2660 4045 2787 4087 mo-

1124 4118 1236 4185 rali
1268 4121 1386 4183 IV.
1415 4143 1478 4205 p.
1506 4139 1654 4204 443.
1687 4121 1774 4183 D.
1804 4143 1870 4207 p.
1903 4121 2051 4187 812.
2078 4124 2288 4211 Wytt.
2317 4127 2354 4205 ῆ
2383 4128 2446 4189 δὲ
2477 4125 2593 4205 ἕξις
2620 4125 2789 4209 ἰσχὺς

1129 4223 1221 4287 καὶ
1249 4221 1569 4300 κατασκευὴ
1597 4225 1696 4300 τῆς
1721 4223 1853 4303 περὶ
1880 4222 1945 4286 τὸ
1970 4224 2194 4306 ἄλογον
2211 4226 2501 4306 δυνάμεως
2529 4230 2593 4307 ἐξ
2622 4227 2790 4294 ἔθους

1129 4323 1492 4407 ἐγγινομένη.
1580 4325 1680 4388 De
1710 4323 2000 4411 Corporis
2037 4324 2252 4392 habitu
2298 4329 2533 4394 Medici
2572 4329 2788 4394 eodem

1126 4425 1426 4490 vocabulo
1452 4438 1737 4490 utuntur.
1824 4426 2099 4493 Galenus
2126 4431 2258 4512 περὶ
2298 4432 2518 4512 εὐεξίας
2544 4456 2610 4519 p.
2644 4432 2789 4511 248.

1126 4528 1196 4592 τὸ
1224 4533 1322 4607 τῆς
1351 4527 1522 4607 ἕξεως
1549 4529 1736 4608 ὄνομα
1756 4533 1902 4594 κατὰ
1927 4531 2147 4600 παντὸς
2171 4534 2471 4616 ἐπιφέρειν
2489 4535 2792 4613 εἰθίσμεθα

1131 4634 1234 4694 τοῦ
1257 4630 1503 4709 μονίμου
1531 4655 1597 4693 τε
1625 4631 1717 4694 καὶ
1750 4634 2058 4711 δυσλύτου,
2091 4635 2184 4698 καὶ
2227 4637 2397 4699 οὐδὲν
2422 4641 2657 4715 μᾶλλον
2687 4638 2787 4699 ἑπ-

1131 4735 1426 4799 αινοΰντες
1464 4729 1501 4810 ἢ
1557 4731 1868 4814 ψέγοντες.
1954 4743 1997 4775 “
2018 4736 2294 4801 Habitus
2335 4759 2556 4801 nomen
2601 4736 2682 4801 ad
2724 4736 2790 4800 id

1131 4856 1331 4911 omne,
1358 4831 1525 4920 quod
1554 4832 1769 4899 stabile
1795 4851 1886 4902 est
1915 4837 2287 4925 minimeque
2306 4837 2484 4903 facile
2511 4836 2788 4917 solvitur,

1131 4935 1586 5001 accommodare
1627 4936 1910 5017 solemus,
1947 4962 2150 5027 neque
2199 4939 2541 5026 quidquam
2586 4958 2791 5004 tamen

1131 5038 1327 5126 magis
1347 5036 1665 5102 laudantes
1686 5052 1795 5103 aut
1811 5040 2286 5128 vituperantes.''
2332 5040 2525 5106 Plura
2548 5040 2792 5105 Foesius

1128 5145 1198 5208 in
1227 5139 1595 5206 OEconomia
1623 5140 1991 5228 Hippocrat.
2021 5143 2084 5206 in
2115 5167 2245 5206 voc.
2270 5142 2464 5207 Plura
2488 5143 2634 5207 item
2666 5144 2793 5207 Ga·

1136 5246 1329 5311 taker.
1360 5241 1441 5306 ad
1471 5242 1759 5305 Marcum
1790 5244 2093 5309 Antonin.
2116 5267 2179 5331 p.
2208 5246 2347 5328 176.
2366 5259 2428 5309 et
2444 5268 2505 5331 p.
2530 5262 2675 5324 404.
2700 5267 2792 5330 sq.

1135 5345 1473 5437 praesertim
1494 5343 1573 5408 de
1590 5343 1757 5407 vario
1787 5367 1904 5408 usu
1932 5346 2065 5432 ejus
2094 5345 2376 5411 vocabuli
2399 5346 2567 5434 apud
2598 5344 2796 5433 philo-

1138 5451 1379 5538 sophos.
1454 5446 1644 5512 Adde
1674 5445 1952 5511 Iudicem
1981 5447 2329 5513 Graecitatis
2369 5447 2434 5513 in
2471 5448 2798 5536 Epictetea

1139 5575 1200 5640 p.
1229 5573 1377 5639 320.
1407 5550 1505 5615 ed.
1541 5548 1884 5636 Schweigh.

2053 571 2884 638 ANNOTATIONES

2952 572 3061 636 IN
3127 569 3568 635 PLOTINI

2939 765 3006 831 p.
3042 742 3146 827 87,
3173 762 3238 828 3.
3267 742 3334 807 τὸ
3389 744 3455 807 δὲ
3500 746 3602 822 τῆς
3644 742 4031 826 εὐδαιμονίας]
4067 741 4110 806 i.
4155 764 4210 807 e.
4248 743 4287 822 ἦ
4332 741 4519 806 εὐδαι·

2856 846 3054 926 μονία.
3126 845 3511 933 Periphrasis
3554 844 3915 931 Thucydidi
3965 858 4026 908 et
4072 843 4319 909 Platoni
4363 866 4525 931 prae-

2858 947 3068 1013 sertim
3108 947 3439 1013 familiaris.
3510 947 3752 1013 Duker.
3796 945 3879 1012 ad
3920 946 4219 1035 Thucyd.
4267 947 4388 1012 IV.
4414 965 4520 1032 54.

2861 1050 3063 1115 VIII.
3092 1068 3229 1134 177.
3262 1051 3494 1116 Matth.
3529 1053 3641 1116 Gr.
3668 1052 3782 1116 Gr.
3807 1051 3865 1134 ξ.
3898 1049 4041 1137 285.
4089 1050 4222 1114 Ast.
4251 1049 4333 1113 ad
4364 1047 4521 1114 Plat.

2860 1153 3090 1242 Remp.
3125 1154 3255 1218 IX.
3286 1174 3342 1217 1.
3374 1176 3435 1241 p.
3466 1155 3614 1240 596.
3664 1156 4009 1218 Comment.
4047 1151 4413 1217 Stallbaum.
4441 1150 4524 1215 ad

2860 1254 3102 1320 Phileb.
3131 1279 3196 1343 p.
3222 1276 3363 1341 139.
3394 1279 3482 1343 sq.

2940 1376 3103 1439 —4.
3136 1362 3293 1440 παρὰ
3313 1358 3418 1422 τὸν
3439 1358 3689 1423 πλείονα
3715 1358 3958 1441 χρόνον]
3986 1359 4254 1443 Propter
4278 1354 4526 1443 longius

2859 1473 3127 1547 tempus.
3180 1459 3314 1524 vid.
3347 1483 3537 1548 supra
3562 1458 3643 1523 ad
3677 1460 3734 1523 1.
3769 1480 3826 1522 1.
3854 1480 3915 1539 4.
3946 1482 4008 1546 p.
4040 1478 4103 1545 3.
4136 1460 4212 1523 B.

2942 1599 3030 1612 —
3054 1581 3153 1644 14.
3181 1561 3219 1643 ἢ
3246 1563 3352 1627 τὸν
3376 1564 3489 1643 μὲν
3516 1561 4019 1646 χρόνον-μηκέτι
4046 1562 4212 1647 ὄντα]
4244 1560 4374 1625 Fic.
4392 1582 4529 1624 ver-

2859 1662 2969 1728 tit:
3032 1672 3077 1704 “
3097 1679 3342 1752 tempus
3381 1663 3566 1729 etiam
3607 1664 3881 1728 nondum
3922 1663 4242 1744 existens,”
4268 1661 4524 1728 Barth.:

2863 1773 2908 1805 “
2936 1781 3181 1854 tempus
3207 1768 3465 1831 necdum
3494 1766 3758 1831 existens
3786 1764 3881 1829 vel
3914 1766 4081 1852 quod
4110 1764 4526 1853 praeterierit?

2865 1869 3135 1956 Engelh.
3152 1869 3335 1933 etiam
3359 1870 3477 1934 hoc
3499 1869 3632 1933 loco
3651 1876 3744 1933 :·“
3763 1883 4026 1956 tempus,
4048 1867 4217 1956 quod
4245 1890 4372 1933 non
4398 1889 4529 1931 απι-

2853 1972 3032 2057 plius
3060 1985 3173 2049 est,
3202 1971 3391 2059 idque
3418 1972 3614 2058 magis
3641 1984 3857 2059 aptum
3885 1986 3978 2035 est
4003 1971 4080 2035 ad
4112 1969 4486 2058 sequentia.''

2946 2110 3033 2122 ——
3059 2090 3159 2156 17.
3209 2073 3277 2137 τὸ
3330 2076 3443 2155 μὲν
3500 2078 3614 2158 γὰρ
3672 2076 4034 2154 εὐδαιμονεῖν
4088 2072 4530 2153 συμβεβηκέναι

2861 2176 3037 2261 ἀξιοῖ]
3103 2174 3374 2260 Engelh.
3425 2178 3618 2241 Demi
3675 2177 3776 2240 die
3831 2176 4310 2263 Glilckseligkeit
4358 2197 4529 2240 muas

2860 2278 2990 2342 sich
3031 2278 3549 2367 schlechterdings
3590 2280 3911 2366 ereig-nen,
3954 2301 4062 2342 um
4107 2279 4192 2341 da
4236 2300 4321 2341 zu
4357 2298 4526 2364 seyn.

2868 2379 3065 2444 Male.
3112 2382 3277 2445 Nam
3319 2381 3584 2446 debebat
3629 2381 3927 2468 scriptum
3978 2403 4107 2444 esse
4157 2381 4526 2460 συμβαίνειν,

2865 2496 2929 2547 et
2957 2485 3111 2562 ἀξιοῖ
3134 2482 3523 2549 referendum
3553 2497 3647 2548 est
3674 2483 3753 2547 ad
3783 2481 4219 2559 adversarium,
4241 2482 4351 2569 qui
4373 2504 4529 2568 prae-

2864 2584 3143 2651 cedentia
3167 2587 3391 2674 posuit.
3468 2589 3663 2651 Recte
3692 2584 3982 2650 Ficinus:
4026 2583 4527 2649 “beatitudinem

2865 2709 3133 2774 namque
3162 2689 3484 2776 contigisse
3511 2689 3816 2753 censeret”
3847 2688 4132 2773 (censet).
4202 2688 4266 2750 N
4268 2709 4338 2750 ec
4372 2684 4530 2749 male

2868 2788 3194 2853 Barthius:
3230 2797 3274 2829 “
3300 2792 3405 2854 Ita
3431 2791 3592 2854 enim
3620 2790 3736 2855 sub
3765 2804 4040 2876 tempore
4067 2802 4130 2853 et
4155 2787 4531 2875 contingenti

3900 2893 3935 2919 Ὦ

2866 2913 3078 2977 parem
3121 2890 3469 2956 felicitatem
3513 2891 3897 2956 memorabit.
4006 2890 4371 2958 Germanice
4415 2912 4529 2954 ex·

2864 3015 3090 3080 ponas:
3138 2994 3330 3058 Denn
3371 3015 3441 3057 er
3475 2997 3602 3058 will
3640 2996 3759 3059 den
3792 2996 4090 3058 Mna-stab
4132 2995 4237 3058 des
4274 2992 4529 3081 gesche-

2863 3096 3057 3159 loenen
3112 3097 3524 3184 Ereignisses
3576 3119 3662 3160 an
3717 3098 3818 3160 die
3878 3096 4356 3184 Glizckseligheit
4409 3116 4529 3158 an·

2864 3199 3065 3286 legen.

2950 3339 3037 3351 —
3064 3302 3162 3366 18.
3194 3303 3228 3365 ὁ
3279 3303 3343 3365 δὲ
3398 3301 3762 3386 χρόνος-τὸ
3811 3300 4013 3382 μηκέτι
4056 3300 4234 3388 εἶναι]
4284 3301 4532 3364 Rursus

2866 3406 3138 3469 nondum
3188 3404 3434 3469 Ficinus
3475 3404 3692 3468 Barth.
3737 3411 3781 3443 ‘⁶
3805 3419 4048 3491 tempus
4090 3417 4323 3481 autem,
4359 3400 4529 3489 quod

2866 3506 3165 3585 imminet,
3196 3506 3373 3571 aliter
3400 3507 3654 3572 definire
3680 3528 3804 3570 non
3833 3520 4027 3593 poteS,
4050 3527 4238 3592 quam
4268 3504 4334 3568 id
4360 3503 4533 3591 quod

2867 3609 3074 3674 venire
3101 3611 3471 3697 continget.”
3542 3608 3795 3687 MeliuS,
3817 3631 3916 3671 me
3940 3607 4192 3695 quidem
4212 3606 4426 3693 judice
4451 3606 4535 3671 ad

2869 3712 3058 3800 hujus
3113 3712 3231 3778 loci
3292 3711 3653 3777 sententiam
3710 3709 3981 3797 Engelh.
4039 3711 4211 3773 Eine
4263 3709 4534 3796 laengvre

2867 3819 2990 3880 seit
3016 3818 3165 3881 aber
3192 3837 3413 3880 ausser
3439 3816 3550 3878 der
3570 3815 4103 3901 geg-enwaertaeffm
4140 3813 4226 3875 ist
4252 3812 4354 3873 ein
4382 3810 4534 3875 ποοΙι

2869 3919 3040 3982 nicht
3072 3940 3247 4005 seyn,
3277 3918 3425 3982 oder
3465 3919 3568 3980 ein
3609 3916 3779 3979 nicht
3817 3914 3986 3978 mehr
4012 3935 4188 3998 seyn,
4218 3912 4333 3975 nisi
4373 3913 4534 3976 forte

2870 4019 2967 4084 his
3022 4020 3361 4085 etiamnum
3411 4017 3612 4082 verbis
3657 4016 4039 4104 praeteritum
4082 4029 4326 4099 tempus
4374 4013 4534 4077 dun-

2870 4136 3041 4188 taxat
3068 4122 3376 4187 declarare
3403 4120 3600 4185 voluit
3629 4118 4047 4207 philosophus.

2956 4248 3017 4312 p.
3048 4225 3154 4302 88,
3183 4245 3236 4288 1.
3287 4224 3399 4288 Διὸ
3446 4224 3539 4287 καὶ
3586 4223 3754 4286 εἰκὼν
3798 4224 4003 4287 αἰῶνος
4048 4245 4100 4282 κ.
4129 4241 4181 4279 τ.
4212 4216 4310 4303 λ.]
4354 4216 4456 4282 Sc.
4500 4221 4534 4282 ὁ

2872 4328 3085 4410 χρόνος
3127 4350 3202 4390 ex
3241 4323 3762 4390 antecedentibus
3852 4324 3955 4386 Ita
3982 4317 4150 4384 haud
4178 4316 4368 4381 dubie
4396 4318 4532 4383 Fic.

2873 4428 3077 4492 locum
3148 4427 3401 4514 accepit,
3474 4441 3538 4489 et
3593 4424 3862 4512 Engelh.
3919 4422 4143 4486 diserte
4210 4421 4533 4507 expressit.

2875 4530 3094 4594 Barth.
3136 4545 3383 4594 contra:
3439 4535 3483 4567 “
3507 4529 3598 4591 Et
3636 4550 3708 4590 ea
3748 4526 3982 4590 ratione
4018 4523 4326 4587 beatitudo
4371 4537 4535 4586 recte

2873 4631 3229 4698 aeternitatis
3264 4630 3470 4717 imago
3506 4628 3787 4693 dicitur.''
3875 4625 4002 4691 Sibi
4047 4624 4278 4712 imponi
4319 4646 4536 4711 passus

2873 4752 2986 4814 est,
3019 4749 3090 4799 ut
3117 4732 3418 4821 puerulus
3454 4730 3679 4795 scilicet
3704 4751 3847 4794 cum
3891 4728 4049 4792 hanc
4091 4725 4537 4811 interpretatio-

3957 4827 4314 4851 .....

2873 4965 3125 5121 νηῒ-4.
3156 5037 3465 5103 ἀπώλεσεν
3494 5036 3631 5100 αὐτὸ
3657 5063 3708 5101 κ.
3730 5061 3785 5099 τ.
3804 5042 3868 5101 λ.
3872 5034 3900 5121 ]
3928 5034 4167 5096 Locum
4192 5024 4345 5089 mihi
4370 5041 4537 5092 recte
4601 5016 4618 5042 ⁴

2875 5140 3238 5227 expressisse
3277 5138 3524 5203 videtur
3567 5136 3903 5202 Mai-silius.
3988 5129 4267 5208 Addam,
4316 5141 4535 5216 utpote

2876 5244 2939 5308 in
2982 5244 3116 5308 loco
3156 5240 3525 5319 obscuriore,
3570 5239 3751 5304 etiam
3789 5233 4158 5303 Barthiana.
4208 5232 4441 5296 “Nam
4484 5232 4536 5296 si

2878 5346 2958 5410 ab
2999 5345 3336 5410 aeternitate
3366 5342 3540 5408 tollas
3573 5341 3662 5419 id,
3691 5339 3864 5427 quod
3899 5336 4003 5402 illa
4045 5355 4283 5422 semper
4320 5332 4534 5398 eadem

2878 5448 3093 5512 futura
3120 5461 3213 5512 est
3239 5462 3303 5512 et
3328 5446 3392 5509 in
3421 5459 3585 5510 statu
3621 5464 3734 5506 suo
3770 5460 4187 5526 permansura,
4214 5435 4349 5522 ipsa
4387 5458 4533 5522 per·

2878 5549 3146 5637 petuitas
3173 5546 3542 5635 exspirabit:
3572 5564 3764 5632 quare
3791 5541 4008 5627 ipsam,
4028 5538 4195 5626 quod
4218 5552 4537 5623 permanet
