5118 6613
1445 546 1642 611 Lm.
1688 545 1791 610 11.
1838 546 2296 612 ENNEAD.
2344 546 2809 613 TERTIAE.
2852 568 2917 635 p.
2942 560 3312 634 425—453·

650 744 764 787 cur
788 717 896 786 illa
922 740 1050 784 non
1077 717 1239 784 tollit
1256 719 1321 782 θ’*
1381 716 1727 783 Stoicorum
1758 730 1975 784 contra
2001 717 2330 807 principes,

648 846 920 913 quorum
966 821 1191 911 passim
1243 821 1323 885 de
1369 820 1772 885 Providentia
1809 820 1952 886 libri
1997 820 2334 886 laudantur

653 929 757 1011 (ut
801 924 1176 1013 Chrysippi:
1227 923 1415 1011 Diog.
1451 923 1662 988 Laert.
1697 924 1862 988 VII.
1899 924 2071 1011 138.)
2119 937 2330 988 utrum

648 1033 813 1098 Fato
838 1030 1006 1118 ipsos
1035 1029 1207 1092 Deos
1233 1026 1614 1114 mancipatos
1641 1025 1971 1105 voluerint,
2000 1049 2079 1091 an
2113 1025 2330 1091 Provi-

648 1134 922 1201 dentiam
955 1134 1118 1197 Fato
1144 1144 1473 1208 exemtam,
1504 1152 1629 1194 non
1672 1144 1787 1210 est,
1817 1129 1989 1217 quod
2039 1129 2100 1194 11.
2134 1127 2179 1193 l.
2220 1151 2331 1192 an-

648 1239 990 1327 quiramus.
1073 1235 1261 1300 Hanc
1288 1231 1686 1322 posteriorem
1718 1231 2079 1297 sententiam
2115 1231 2334 1297 Stoicis

650 1339 963 1406 vindicare
1006 1336 1251 1403 studuit
1291 1337 1335 1400 J
1344 1349 1522 1401 ustus
1565 1335 1818 1421 Lipsius
1860 1335 1924 1399 in
1970 1333 2332 1423 Physiolog.

655 1443 841 1510 Stoic.
880 1442 935 1506 Ι.
973 1461 1073 1506 11.
1111 1458 1209 1505 12.
1262 1437 1396 1504 aliis
1437 1453 1655 1504 contra
1694 1437 2113 1504 tendentibus,
2205 1440 2334 1503 Re-

651 1546 991 1614 centiorum
1048 1541 1398 1609 Stoicorum
1448 1541 1716 1619 Arriani,
1771 1544 2020 1607 Senecae
2070 1540 2333 1607 aliorum

649 1650 877 1740 placita
903 1669 1235 1736 cognoscas
1264 1645 1490 1735 partim
1520 1667 1600 1709 ex
1634 1645 1867 1710 Stobaei
1896 1643 2158 1733 Eclogg.
2193 1645 2332 1711 Vol.

652 1756 713 1821 1.
745 1778 809 1843 p.
832 1772 935 1837 70.
973 1770 1109 1839 132.
1145 1750 1338 1815 Heer.
1386 1747 1612 1836 partim
1642 1771 1718 1812 ex
1750 1747 2025 1836 ipsorum
2068 1747 2334 1836 scriptis,

652 1882 798 1947 quoe
842 1867 1201 1944 supersunt,
1247 1866 1321 1918 ut
1366 1850 1621 1915 Arriani
1666 1851 1954 1916 Dissertt.
1991 1849 2133 1915 Vol.
2165 1852 2222 1916 Ι.
2269 1874 2335 1939 p.

653 1962 754 2028 86.
787 1961 938 2041 426.
970 1956 1071 2022 ed.
1098 1953 1440 2042 Schweigh.
1474 1952 1850 2019 Plutarchus
1878 1952 2334 2041 Epicureorum

651 2060 1062 2139 adversarius,
1100 2080 1304 2146 neque
1346 2055 1543 2143 magis
1588 2055 1937 2121 Stoicorum
1985 2080 2339 2146 usquequa-

652 2189 778 2255 que
812 2165 1044 2241 fautor,
1074 2160 1374 2249 triplicem
1408 2159 1876 2225 Providentiam
1921 2160 2130 2249 posuit
2165 2160 2227 2225 in
2269 2160 2340 2225 li-

650 2269 780 2334 bris
806 2267 887 2333 de
910 2268 1071 2331 Fato
1090 2289 1145 2330 c.
1170 2264 1303 2328 IX.
1337 2286 1399 2351 p.
1421 2278 1500 2349 57
1513 2281 1574 2328 2.
1599 2286 1691 2350 sq.
1724 2287 1786 2350 p.
1810 2279 1957 2349 307.
1982 2287 2117 2351 sqq.
2146 2266 2338 2353 Wyt.

653 2371 823 2438 tenb.
915 2368 1039 2449 Qui
1085 2367 1542 2455 Epicureorum
1572 2365 1801 2454 placita
1826 2365 2167 2431 convellere
2209 2382 2340 2432 stu-

651 2475 906 2553 debant,
931 2471 1007 2537 iis
1045 2468 1346 2559 applicuit
1374 2493 1438 2533 00
1465 2468 1650 2533 0118111
1682 2467 1972 2533 AElianus
2001 2469 2334 2534 Praenesti-

652 2600 794 2656 nus,
838 2574 948 2662 qui
990 2571 1151 2638 illud
1199 2570 1584 2660 potissimum
1632 2570 1783 2658 egit,
1818 2585 1891 2635 ut
1932 2570 2338 2659 providentiae

653 2678 879 2744 divinae
908 2675 1285 2741 documenta
1309 2698 1385 2739 ex
1419 2674 1707 2739 universa
1732 2674 1988 2739 historia
2029 2674 2093 2739 in
2138 2698 2335 2740 unum

654 2780 907 2848 collecta
931 2778 1274 2844 exhiberet.
1362 2779 1668 2866 Arguunt
1695 2777 2045 2865 fragmenta
2074 2801 2114 2842 a
2145 2777 2341 2844 Suida

653 2883 1037 2975 potissimum
1070 2895 1331 2946 servata.
1423 2880 1559 2965 (Cf.
1591 2879 1985 2945 Perizonium
2015 2879 2080 2944 111
2109 2881 2334 2968 praefa-

655 2988 822 3054 tione
850 2984 1088 3050 AEliani
1121 2985 1441 3072 Fragmm.
1481 2982 1796 3072 proemissa
1827 2983 1909 3047 T.
1946 2983 2043 3048 ΙΙ.
2090 3006 2156 3072 p.
2188 2985 2335 3070 316.

654 3089 753 3155 ed.
787 3090 863 3155 C.
888 3090 970 3153 G.
999 3086 1271 3168 Kiibnii)
1305 3085 1610 3151 Platonici
1654 3085 1944 3174 deinceps
1986 3083 2339 3174 philosophi

654 3192 769 3258 1180
796 3214 1051 3280 quoque
1095 3190 1160 3254 in
1204 3212 1391 3254 causa
1435 3188 1714 3277 magistri
1752 3188 1848 3253 sui
1875 3187 2137 3276 vestigia
2176 3186 2342 3276 lege-

655 3310 806 3361 runt
830 3294 910 3360 ad
941 3310 1249 3360 extremos
1276 3316 1498 3380 usque.
1575 3291 1839 3357 Plurimi
1866 3305 2073 3357 autem
2105 3306 2169 3358 et
2195 3305 2340 3358 ante

655 3398 974 3465 Plotinum
1000 3412 1062 3462 et
1089 3411 1234 3485 post
1259 3395 1528 3461 eundem
1556 3396 1719 3461 hanc
1747 3395 2087 3462 doctrinam
2122 3395 2222 3460 vel
2249 3419 2341 3460 se-

645 3501 883 3591 junctis
925 3499 1099 3565 libris
1141 3498 1220 3564 de
1251 3498 1654 3565 Providentia
1698 3513 1764 3564 et
1804 3499 1885 3565 de
1916 3501 2099 3577 Fato,
2129 3499 2226 3564 vel
2273 3498 2336 3564 in

651 3604 786 3671 aliis
810 3618 977 3669 certe
1004 3602 1249 3690 copiose
1275 3601 1584 3667 illustrare
1621 3601 2020 3667 studuerunt.
2112 3602 2236 3679 Sic,
2269 3616 2341 3668 ut

653 3708 771 3773 1100
801 3723 967 3785 utar,
989 3703 1429 3770 Theodoretus
1455 3704 1520 3769 in
1546 3704 1935 3793 Therapeut.
1958 3707 2073 3770 VI.
2104 3728 2170 3793 p.
2191 3705 2339 3770 868.

661 3808 935 3876 Schulzii
965 3808 1125 3873 hanc
1155 3806 1357 3873 Attici
1388 3807 1690 3873 Platonici
1736 3807 2099 3873 sententiam
2143 3807 2343 3873 dilau-

657 3915 787 3980 dat:
823 3916 981 3978 ὥστε
1011 3913 1247 3992 ἕτοιμόν
1273 3935 1331 3975 τι
1356 3915 1554 3995 χρῆμα
1578 3911 1724 3993 πρὸς
1750 3912 1980 3976 ἀδικίαν
2006 3912 2044 3991 ἦ
2071 3915 2172 3990 τῆς
2200 3935 2342 3993 προ-

659 4019 819 4085 νοίας
856 4017 1209 4099 ἀπόγνωσις.
1299 4014 1435 4079 Νο0
1477 4013 1684 4078 minus
1726 4011 2055 4100 diligenter
2087 4013 2341 4078 Iambli-

655 4119 808 4185 cbus
834 4117 1005 4183 hunc
1032 4116 1237 4182 locum
1266 4131 1557 4181 tractasse
1583 4114 1903 4203 putandus
1928 4130 2040 4181 est.
2134 4115 2340 4181 Procli

656 4221 838 4287 etiam
889 4235 1225 4308 supersunt
1273 4218 1514 4308 aliquot
1557 4218 2026 4307 disputationes,
2074 4242 2216 4285 cum
2265 4220 2342 4284 de

657 4322 1073 4388 Providentia
1113 4330 1173 4387 et
1207 4322 1366 4385 Fato
1407 4330 1468 4385 et
1493 4322 1598 4385 Eo
1641 4322 1807 4409 quod
1847 4323 1919 4385 in
1964 4323 2163 4400 ποῖνὶε,
2204 4337 2339 4387 111111

655 4426 882 4492 Decem
902 4425 1344 4489 Dubitationes
1371 4426 1541 4488 circa
1561 4425 2060 4506 Providentiam,
2089 4446 2202 4489 nec
2230 4424 2344 4488 mi-

655 4552 775 4595 nus
801 4531 905 4594 De
933 4528 1260 4593 Malorum
1288 4528 1736 4607 Subsistentia,
1765 4528 2028 4594 barbara
2054 4528 2178 4594 illae
2205 4528 2344 4616 qui-

656 4631 795 4698 dem
847 4630 1355 4718 interpretatione
1407 4629 1730 4695 Guilielmi
1781 4630 1861 4696 de
1911 4631 2226 4697 Morbeka
2275 4632 2342 4696 in

659 4733 960 4800 Latinum
990 4756 1330 4797 sermonem
1360 4756 1693 4798 conversae.
1756 4734 2002 4813 Quibus
2029 4735 2094 4800 in
2121 4735 2344 4801 libellis

659 4835 887 4902 Plotini
932 4834 1126 4901 nostri
1169 4834 1395 4923 passim
1434 4837 1668 4901 mentio
1693 4836 1987 4925 injicitur.
2074 4841 2177 4903 Ac
2219 4838 2346 4927 pri-

656 4961 830 5004 mum
859 4962 913 5003 c.
942 4958 995 5002 1.
1032 4939 1124 5025 (p.
1148 4958 1206 5023 9.
1238 4936 1336 5002 ed.
1370 4938 1533 5004 Vict.
1566 4938 1818 5003 Cousin.
1847 4938 1912 5003 in
1941 4940 2149 5005 Procli
2179 4942 2345 5029 Ope-

657 5040 775 5106 rib.
799 5040 998 5105 Paris.
1030 5040 1214 5105 1820.
1240 5038 1378 5105 Vol.
1403 5040 1490 5127 Ι.)
1525 5048 1568 5080 “
1589 5040 1833 5119 Quaeris
1861 5056 2070 5106 autem
2104 5043 2345 5126 (Theo-

660 5141 831 5228 dore)
877 5141 1162 5207 millesies
1206 5141 1373 5208 dicta
1416 5142 1670 5230 quidem
1716 5158 1781 5209 et
1822 5166 2027 5231 neque
2067 5145 2343 5232 requiem

660 5243 950 5312 habitura
1000 5268 1277 5333 unquam
1330 5245 1672 5311 secundum
1723 5268 1922 5312 meam
1967 5247 2342 5335 opinionem,

661 5371 723 5413 es
749 5347 924 5436 quod
953 5347 1162 5413 anima
1198 5363 1570 5436 provocetur
1597 5349 1678 5414 ad
1717 5349 1786 5414 id
1830 5350 2002 5438 quod
2042 5351 2206 5417 circa
2246 5352 2343 5441 ip-

662 5473 788 5516 sam
817 5449 1098 5516 consistit
1126 5450 1468 5538 negotium,
1500 5475 1642 5517 cum
1680 5451 1924 5519 dederit
1955 5454 2089 5542 jam
2118 5454 2348 5522 multas

663 5552 1051 5633 directiones,
1080 5565 1143 5619 et
1180 5554 1261 5619 ab
1296 5552 1418 5620 illis
1461 5556 1794 5621 Plotinicis
1835 5567 1896 5622 et
1928 5558 2349 5626 Iamblichicis

3975 571 4089 633 14¹

2416 716 2731 783 elaborata
2757 732 2820 784 et
2847 730 2992 784 ante
3018 741 3132 784 nos
3159 743 3198 785 a
3224 718 3438 785 divino
3465 720 3729 786 Platone
3755 722 4006 812 scripta,
4035 737 4101 788 et

2419 819 2469 884 si
2510 843 2636 886 non
2679 843 2870 908 grave
2913 820 3138 901 dicere,
3180 837 3244 887 et
3280 838 3424 888 ante
3466 821 3635 887 hunc
3676 846 3716 887 a
3758 823 4101 913 Theologis

2416 923 2843 1011 praeconisata,
2875 923 3153 989 maniaco
3179 948 3286 990 ore
3313 923 3684 1003 dicentibus,
3707 924 3916 1012 qualia
3936 926 4102 992 solus

2419 1024 3048 1092 demonstrationibus
3099 1026 3284 1093 Plato
3332 1026 3692 1115 explicuit.‘''
3758 1030 3921 1094 Item
3958 1054 4095 1119 cap.

2423 1128 2542 1192 IV.
2573 1150 2638 1216 p.
2673 1148 2772 1215 13.
2820 1136 2865 1168 “
2898 1128 2989 1194 Iis
3017 1128 3210 1217 igitur
3239 1130 3438 1195 tribus
3476 1131 3964 1219 problematibus
3992 1157 4100 1199 ne-

2418 1230 2691 1296 cessariis
2718 1230 2966 1297 entibus
2985 1248 3049 1297 et
3075 1233 3157 1297 ab
3178 1233 3449 1320 antiquis
3475 1234 3630 1298 bene
3651 1234 3960 1316 discussis,
3984 1236 4104 1302 hoc

2418 1332 2672 1419 quidem
2702 1334 3084 1401 lamblichus
3111 1335 3176 1399 in
3206 1335 3299 1415 iis,
3331 1359 3474 1423 quae
3505 1337 3581 1401 de
3611 1338 4015 1404 Providentia
4040 1352 4105 1404 et

2418 1436 2584 1500 Fato
2608 1435 2777 1500 mille
2793 1437 3136 1503 accessibus
3153 1437 3513 1519 elaboravit,
3529 1438 3648 1503 boc
3663 1455 3873 1505 autem
3890 1464 4105 1507 omnes

2419 1538 2700 1603 Platonis
2723 1555 3027 1604 amatores
3053 1539 3362 1628 duplicem
3393 1540 3787 1630 divulgantes
3813 1543 4103 1622 animam,

2418 1640 2537 1705 1100
2578 1656 2785 1706 81110111
2837 1642 2902 1707 111
2948 1642 3162 1708 multis
3202 1642 3457 1731 quidem
3502 1642 3649 1709 locis
3695 1646 3987 1712 Plotina-5
4038 1646 4103 1711 111

2420 1742 2635 1809 multis
2690 1760 2899 1810 autem
2943 1760 3008 1811 et
3056 1746 3457 1835 Porphyrius
3513 1747 3990 1834 speculationem
4042 1762 4108 1813 et

2421 1846 2860 1934 speculativam
2889 1848 3183 1913 virtutem
3214 1849 3699 1937 distinguentes:
3747 1851 3954 1916 omnia
3991 1874 4103 1916 au-

2421 1961 2545 2014 tem
2578 1951 2764 2015 Plato
2790 1951 3033 2038 assequi
3070 1952 3486 2039 potentibus.”
3513 1976 3648 2041 cap.
3682 1954 3777 2018 X.
3808 1977 3873 2042 p.
3900 1969 3976 2039 25
3999 1978 4107 2018 :—

2422 2058 2467 2091 “
2494 2053 2694 2117 Recte
2711 2071 2774 2119 et
2803 2053 3054 2118 Plotino
3076 2053 3339 2134 dicente,
3363 2055 3533 2142 quod
3565 2055 3876 2144 passiones
3895 2079 4108 2122 omnes

2419 2167 2530 2220 aut
2559 2176 2774 2218 sensus
2800 2172 2947 2220 sunt
2973 2170 3085 2222 aut
3114 2180 3234 2221 non
3267 2158 3396 2222 sine
3424 2160 3665 2222 seusu?⁹
3733 2159 4025 2247 Denique
4047 2184 4100 2227 0.

2424 2258 2709 2323 XLIII.
2742 2281 2804 2346 p.
2839 2258 3095 2340 64:—“
3115 2262 3205 2324 Et
3242 2259 3440 2348 magis
3466 2276 3932 2349 perseveranter
3958 2285 4105 2349 ago-

2422 2360 2699 2425 nizantes
2726 2359 2806 2425 ad
2832 2360 3036 2448 ipsum
3071 2362 3394 2427 Plotinum
3439 2361 3640 2442 illum,
3670 2364 4106 2443 Iamblichum,

2422 2464 2815 2551 aequivocum
2847 2463 2958 2528 tibi
2989 2463 3311 2548 (nimirum
3341 2464 3750 2530 Theodorum
3779 2466 4106 2532 Asinaeum

2422 2566 2550 2632 vid.
2595 2566 2843 2632 Fabric.
2871 2567 2952 2632 ad
2981 2567 3167 2654 b.l.).
3214 2568 3439 2657 Nuper
3482 2568 3663 2633 etiam
3708 2568 3841 2635 baec
3886 2569 4105 2634 Provi-

2423 2669 2652 2736 dentiae
2694 2670 2921 2736 divinae
2962 2672 3241 2738 doctrina
3283 2688 3467 2739 aucta
3508 2686 3603 2738 est
3655 2672 3828 2738 libris
3871 2673 4110 2762 aliquot

2425 2772 2706 2839 Philonis
2731 2774 2965 2839 Judaei.
3042 2775 3200 2840 Vide
3228 2777 3518 2841 Philonis
3543 2776 3760 2841 Judaei
3780 2778 4114 2842 Sermones

2423 2884 2551 2941 tres
2590 2877 2886 2942 hactenus
2928 2878 3167 2942 Inedia
3212 2879 3269 2942 I.
3308 2888 3369 2943 et
3407 2879 3507 2943 II.
3554 2879 3631 2943 de
3670 2880 4107 2959 Providentia,

2423 2987 2483 3044 et
2509 2979 2657 3043 III.
2701 2980 2778 3044 de
2811 2980 3227 3045 Animalibus.
3316 2981 3432 3045 Ea.-
3460 2981 3798 3046 Armenica
3829 2985 4111 3048 versione

2422 3103 2593 3145 nunc
2608 3084 2898 3170 primum
2931 3084 3002 3146 in
3030 3083 3337 3147 Latinum
3356 3085 3646 3170 fideliter
3673 3086 3970 3151 translati
3985 3107 4112 3174 per

2427 3183 2504 3247 P.
2522 3186 2835 3273 J0.Bapt.
2853 3186 3126 3264 Aucher,
3150 3187 3890 3275 Ancyranum,VenetiiS‚
3920 3191 4105 3256 1822.

2421 3288 2597 3370 410.“”
2665 3287 2962 3354 Ecclesiae
2991 3313 3244 3376 quoque
3267 3289 3637 3355 Christianae
3667 3291 3969 3358 Doctores
3997 3292 4113 3358 bu-

2412 3389 2524 3478 jus
2550 3388 2669 3455 loci
2703 3391 2784 3456 de
2828 3392 3231 3458 Providentia
3259 3392 3386 3457 vim
3416 3407 3481 3460 et
3522 3394 3887 3482 gravitatem
3919 3420 4110 3485 repu-

2426 3506 2627 3558 tantes
2651 3495 2930 3561 certatim
2974 3496 3040 3559 in
3083 3520 3159 3561 eo
3193 3495 3563 3560 illustrando
3591 3496 3954 3577 elaborasse,
3983 3521 4109 3564 non

2424 3609 2539 3674 est,
2602 3597 2773 3683 quod
2830 3597 3120 3686 pluribus
3177 3621 3505 3686 exponam.
3613 3600 3889 3664 Exstant
3944 3601 4107 3666 enim

2427 3698 2809 3765 Theodoreti
2839 3700 2919 3765 de
2949 3699 3356 3765 Providentia
3391 3700 3839 3789 disputationes
3872 3702 4106 3782 decem,

2426 3816 2551 3866 tres
2591 3801 2969 3867 disertissimi
3015 3804 3121 3868 Jo.
3159 3803 3587 3892 Chrysostomi
3618 3803 3700 3869 ad
3743 3805 4106 3893 Stagirium,

2423 3903 2699 3992 itemque
2728 3919 2853 3969 tres
2883 3905 3153 3970 Nemesii
3184 3907 3476 3970 Emeseni
3505 3905 3586 3970 de
3613 3908 3861 3973 Natura
3889 3909 4112 3973 Homi-

2424 4006 2541 4085 1110,
2573 4006 2865 4072 nimirum
2912 4007 3116 4097 capita
3147 4009 3387 4074 XLII.
3429 4009 3703 4075 XLIII.
3749 4024 3813 4076 et
3856 4012 4105 4079 XLIV.

2425 4112 2647 4197 Atque
2687 4132 2824 4175 eam
2867 4133 3137 4189 causam,
3169 4111 3233 4175 in
3278 4110 3563 4178 Ecclesia
3606 4112 3957 4179 Christiana
3998 4137 4111 4203 per

2424 4236 2647 4278 manus
2674 4213 2852 4301 quasi
2877 4213 3188 4293 traditam,
3220 4237 3363 4278 suos
3392 4229 3685 4301 patronos
3712 4232 3955 4282 nactam
3982 4242 4112 4284 esse

2427 4338 2627 4404 usque
2682 4316 2766 4380 ad
2822 4317 3154 4404 Byzantini
3211 4316 3469 4405 Imperii
3513 4316 3855 4399 interitum,
3905 4343 4114 4385 exem-

2426 4416 2602 4506 plum
2659 4433 2959 4506 praestant
2999 4419 3370 4485 Theodorus
3419 4419 3770 4485 Metochita
3817 4435 3880 4487 et
3937 4424 4110 4488 Gen-

2426 4521 2673 4602 nadius,
2716 4545 2987 4609 quorum
3033 4522 3139 4588 1110
3181 4545 3459 4587 sermone
3504 4522 3757 4611 turgido
3794 4537 3855 4589 et
3899 4524 4115 4591 inflato

2427 4623 2747 4689 bominum
2777 4623 2841 4689 in
2872 4625 3218 4712 judicanda
3247 4624 3650 4691 Providentia
3678 4625 3990 4692 levitatem
4016 4629 4111 4694 in-

2428 4726 2966 4814 constantiamque
3008 4728 3247 4793 notavit
3301 4751 3441 4816 cap.
3493 4728 3757 4794 LXVI.
3809 4754 3872 4818 p.
3901 4751 4118 4816 405—

2434 4847 2587 4909 412.
2619 4828 2718 4894 011.
2764 4828 3019 4894 Miilleri
3061 4844 3125 4895 et
3169 4830 3546 4919 Kiesslingii,
3593 4833 3961 4899 Gennadius
4001 4858 4114 4900 au-

2426 4946 2574 5010 tem,
2609 4931 2960 4998 Scholarius
2992 4933 3733 5023 ConstantinopolitanuS,
3766 4938 3973 5004 seculo
4011 4955 4107 5006 et-

2429 5033 2549 5098 iam
2581 5033 2821 5100 decimo
2849 5035 3071 5123 quinto
3085 5036 3366 5124 quinque
3387 5036 3925 5105 dissertationibus
3953 5042 4114 5108 hanc

2430 5138 2771 5204 doctrinam
2802 5141 3179 5229 explanavit.
3253 5144 3538 5220 Quarum
3562 5144 3824 5232 primam
3854 5147 3988 5230 περὶ
4016 5151 4117 5228 τῆς

2431 5244 2593 5310 θείας
2619 5246 2900 5325 προνοίας
2927 5246 3023 5308 καὶ
3049 5250 3413 5327 προορισμοῦ
3438 5268 3640 5334 nuper
3666 5246 3903 5334 primus
3938 5248 4113 5314 evul-

2429 5345 2604 5432 gavit
2642 5345 3032 5413 doctissimus
3078 5349 3155 5412 Β.
3184 5347 3555 5413 Thorlacius
3599 5347 3870 5413 Havniae
3905 5351 4118 5440 Dano-

2432 5470 2574 5513 rum
2610 5471 2775 5514 anno
2820 5450 3000 5535 1825.
3090 5450 3251 5538 Ejus
3292 5449 3482 5515 libelli
3522 5474 3652 5537 quo
3692 5449 3930 5519 indoles
3968 5477 4117 5542 cog-

2432 5564 2747 5631 noscatur,
2792 5573 3098 5639 apponam
3148 5575 3228 5617 ex
3278 5552 3402 5619 fine
3449 5552 3584 5619 baec
3631 5554 3922 5642 paucula.
4016 5558 4120 5624 Ita
