5118 6613
1472 543 1672 607 LIB.
1723 544 1839 608 1v.
1886 544 2340 609 ENNEAD.
2389 543 2786 609 PRIMAE.
2829 566 2897 631 p.
2927 544 3200 630 45-56·

613 712 892 791 morabo,
922 713 1169 780 decreta
1196 714 1570 793 Aristotelis,
1600 739 1785 803 quem
1826 738 1967 781 cum
2008 715 2142 781 aliis
2169 718 2290 781 Pe·

615 816 949 905 ripateticis
990 817 1205 882 itidem
1233 817 1434 905 tangit
1473 817 1590 883 hoc
1627 818 1786 884 libro
1816 818 2122 899 Plotinus,
2152 842 2296 883 cum

616 919 983 986 Plotinianis
1008 920 1125 985 hac
1152 919 1217 985 in
1246 943 1315 985 re
1343 920 1407 984 in
1436 943 1634 985 unum
1665 921 1945 1010 redigere
1989 921 2298 988 studuisse

618 1022 1037 1089 Gennadium.
1143 1023 1396 1088 Etenim
1453 1023 1820 1103 Bandinius,
1872 1025 1938 1089 in
1996 1024 2298 1113 Catalogo

620 1125 922 1191 Codicum
976 1126 1343 1192 Graecorum
1395 1125 1799 1193 Bibliothecae
1857 1128 2296 1194 Laurentianae

616 1229 799 1294 Tom.
832 1229 973 1292 ΙΙΙ.
1017 1250 1083 1315 Ρ.
1109 1230 1257 1316 363.
1288 1246 1435 1315 370.
1464 1249 1614 1317 403.
1648 1231 1759 1295 ubi
1787 1230 2077 1297 describit
2106 1231 2297 1297 Codi-

615 1354 747 1397 cem
798 1354 1060 1396 numero
1089 1333 1428 1411 XXVII„
1476 1333 1542 1398 in
1601 1333 1818 1399 eodem
1870 1333 2029 1400 libro
2077 1357 2295 1400 manu-

616 1434 846 1522 scripto
882 1449 1123 1499 exstare
1159 1433 1342 1501 dicit:
1395 1435 1709 1501 Gennadii
1743 1436 2042 1502 Scholarii
2074 1436 2295 1525 (vulgo

618 1536 878 1625 Georgii
910 1536 1209 1602 Scholarii
1245 1537 1566 1625 appellati)
1600 1541 1754 1621 Περὶ
1796 1541 2160 1623 ἀνθρωπίνης
2206 1543 2296 1607 εὖ-

615 1641 915 1721 δαιμονίας
938 1638 1388 1723 Ἀριστοτέλονς
1416 1642 1509 1706 καὶ
1537 1643 1850 1707 Πλωτίνου
1894 1650 2292 1724 σνμβιβαοτι-

618 1742 740 1818 κὸν,
770 1743 875 1807 De
912 1742 1189 1807 humana
1202 1743 1525 1829 filicitate
1565 1745 1915 1810 miliano
1942 1746 2297 1811 Aristotelis

615 1855 675 1911 et
729 1846 988 1910 Plotini.
1087 1845 1375 1933 Anglice
1418 1869 1780 1912 conversum
1837 1847 2006 1912 hunc
2064 1847 2297 1913 Plotini

3983 561 4060 631 19

2383 722 2574 780 Δοκεῖ
2613 716 2679 782 δέ
2722 743 2822 797 μοι
2869 718 3013 797 μηδὲ
3053 714 3469 798 Ἀριστοτέλης
3518 716 3675 801 αἰτία
3724 716 3914 800 δικαίᾳ
3960 717 4064 781 τὰς

2381 819 2514 901 περὶ
2556 818 2702 885 θέαν
2748 821 2840 885 καὶ
2887 821 3172 902 ἀκρόασιν
3213 820 3523 886 εὐπαθείας
3566 818 3849 883 ἀπολύειν
3888 818 4063 898 ἀκραρ

2383 923 2535 998 σίας,
2570 924 2646 990 ὣς
2688 924 2873 1003 μόνας
2919 923 3285 1004 ἀνθρωπικὰς
3329 923 3529 988 οὔσας.
3576 926 3703 987 ταῖς
3744 920 3812 983 δὲ
3850 920 4062 985 ἄλλαις

2384 1025 2480 1088 καὶ
2517 1028 2593 1090 τὸ
2627 1026 2797 1106 θηρία
2834 1026 3019 1108 φύσιν
3048 1024 3267 1108 ἔχοντα
3308 1027 3566 1108 χρῆσθαι
3606 1023 3702 1087 καὶ
3738 1026 4059 1085 κοινωνεῖν.

2380 1124 2654 1209 Ὀρῶμεν
2683 1130 2799 1210 γὰρ
2844 1129 2935 1192 ὅτι
2980 1127 3074 1191 καὶ
3111 1130 3359 1207 μουσικῇ
3402 1129 3606 1192 πολλὰ
3647 1129 3907 1205 κηλεῖται
3948 1128 4064 1188 τῶν

2384 1232 2645 1314 ἀλόγων,
2687 1232 2889 1312 ὥσπερ
2931 1230 3150 1313 ἔλαφοι
3192 1232 3477 1312 σύριγξιν.
3523 1256 3574 1293 κ.
3597 1253 3649 1292 τ.
3669 1235 3736 1292 λ.
3780 1226 3859 1290 cf.
3894 1223 4061 1290 Gell.

2384 1334 2468 1398 N.
2495 1335 2584 1397 A.
2612 1333 2821 1398 XIX.
2848 1352 2912 1398 2.
2959 1334 3198 1397 Muret.
3228 1331 3309 1396 ad
3340 1331 3595 1395 Aristot.
3625 1329 3781 1396 Eth.
3814 1328 4062 1393 Nicom.

2383 1438 2523 1501 III.
2551 1456 2648 1500 10.
2676 1453 2736 1521 7.
2780 1459 2847 1524 p.
2871 1455 3014 1500 110.
3043 1457 3137 1522 sq.
3182 1433 3360 1499 Zellii
3391 1446 3455 1498 et
3476 1431 3747 1499 Gerard.
3774 1431 4064 1496 Vossium

2380 1538 2459 1604 de
2488 1539 2738 1605 Musica
2768 1543 2825 1624 ξ.
2851 1559 2950 1603 11.
2980 1561 3042 1626 p.
3073 1556 3178 1618 14.
3268 1536 3389 1602 Uti
3430 1549 3636 1601 autem
3681 1534 3745 1599 in
3789 1534 3907 1599 hac
3950 1556 4063 1623 pe-

2380 1641 2558 1708 riodo
2582 1641 2957 1708 constructio
2977 1639 3195 1719 variat,
3224 1639 3312 1705 ita
3338 1662 3454 1704 nec
3480 1638 3685 1704 minus
3712 1637 3775 1701 in
3805 1660 4066 1725 sequen-

2383 1743 2551 1809 tibus
2594 1746 2788 1813 αὖτοῖς
2830 1743 3272 1828 ἀφικνουμένων
3304 1741 3415 1827 (ita
3455 1741 3620 1807 enim
3661 1740 4062 1819 correximus,

2382 1846 2509 1912 sive
2552 1847 2842 1914 malueris
2883 1845 3308 1930 ἀφικομένων).
3373 1845 3520 1911 Post
3544 1844 3663 1910 boc
3690 1843 4063 1910 vocabulum

615 1947 847 2013 librum
890 1948 1086 2014 edidit
1132 1949 1411 2014 Thomas
1456 1949 1727 2038 Taylor:
1775 1952 1937 2016 Five
1982 1952 2190 2017 Books
2229 1953 2319 2038 of
2381 1949 2943 2038 interpunctionem
2980 1950 3278 2037 majorem
3314 1947 3637 2036 posuimus
3663 1947 3868 2013 deleto
3893 1970 4063 2013 oom-

617 2051 929 2117 Plotium.
975 2051 1263 2116 London.
1292 2071 1478 2138 1794.
1507 2076 1573 2140 p.
1594 2073 1654 2138 3.
1686 2076 1822 2140 sqq.

698 2190 787 2203 —
810 2155 869 2219 8.
903 2155 1007 2219 De
1028 2155 1459 2239 Beatitudine]
1511 2154 1767 2220 Ficinus
1797 2178 1947 2220 usus
1973 2171 2065 2221 est
2092 2156 2292 2236 venia,

617 2278 801 2343 quam
836 2256 1055 2323 Cicero
1081 2256 1161 2321 de
1189 2258 1276 2322 N.
1295 2258 1383 2322 D.
1404 2258 1463 2321 I.
1484 2277 1587 2343 34.
1618 2257 1895 2345 impertit
1918 2259 2142 2324 Graeca
2160 2282 2296 2324 ver-

618 2359 890 2424 tentibus
934 2360 997 2424 in
1046 2359 1165 2425 hoc
1210 2359 1611 2425 substantivo.
1683 2361 2042 2441 Εὗδαιμονία
2084 2377 2293 2427 autem

616 2477 709 2527 est
756 2464 1018 2528 beatitas
1073 2485 1125 2527 s.
1176 2463 1508 2542 beatitudO,
1563 2462 1690 2527 sive
1739 2465 2057 2539 Beatum3
2122 2464 2295 2552 quod

617 2578 994 2652 postremum
1054 2565 1273 2632 Cicero
1335 2565 1519 2630 etiam
1586 2566 1968 2632 substantive
2034 2584 2297 2655 usurpat

624 2668 956 2750 (Goerenz.
986 2667 1069 2732 ad
1092 2669 1194 2733 De
1224 2667 1429 2734 Finib.
1460 2692 1527 2756 p.
1549 2671 1751 2756 637.):
1786 2670 2047 2754 εὐτυχία,
2070 2672 2298 2735 Felici-

617 2780 736 2849 tas,
759 2785 823 2836 et
851 2772 1095 2856 εὐτυχὴς
1119 2771 1367 2859 proprie
1379 2773 1791 2860 firtunatm,
1821 2787 2038 2837 contra
2064 2775 2296 2854 ὄλβιος,

615 2873 846 2961 pariter
873 2889 1063 2960 atque
1092 2875 1400 2955 εὐδαίμων,
1429 2875 1666 2939 beatus.
1711 2873 1856 2939 vid.
1889 2875 2200 2942 Herodot.
2232 2876 2294 2940 Ι.

616 2994 719 3061 32.
767 2976 1062 3043 Eustath.
1090 2976 1172 3042 ad
1202 2975 1430 3064 Odyss.
1452 2978 1572 3041 VI.
1599 2978 1741 3062 187.
1788 2977 2185 3044 Valckenaer.
2215 2977 2298 3044 ad

622 3079 941 3144 Theocrit.
958 3078 1271 3145 Adoniaz.
1293 3103 1356 3145 v.
1378 3099 1479 3160 24.
1511 3079 1693 3145 Idem
1716 3078 1799 3145 ad
1816 3081 2106 3169 Euripid.
2133 3081 2300 3170 Hip-

616 3181 814 3270 polyt.
849 3198 993 3269 750.
1023 3197 1086 3247 et
1117 3182 1454 3248 Elmsleius
1482 3182 1563 3247 ad
1593 3183 1889 3249 Medeam
1925 3203 1955 3247 1
1973 3203 2113 3270 197.
2185 3185 2297 3250 Ad

616 3283 1123 3374 philosophorum
1168 3300 1375 3351 autem
1406 3285 1698 3352 orationis
1727 3310 1910 3352 usum
1939 3286 2296 3353 consulendi

618 3405 764 3454 sunt
806 3388 1176 3454 Aristoteles
1222 3389 1287 3453 in
1336 3388 1548 3455 Ethic.
1593 3388 1839 3454 Nicom.
1872 3390 2032 3455 VII.
2085 3412 2184 3478 13.
2228 3413 2294 3472 4.

616 3493 875 3579 ejusque
900 3491 1264 3579 interpretes
1290 3490 1373 3557 ad
1404 3492 1460 3556 Ι.
1484 3512 1549 3575 4.
1575 3511 1636 3557 2.

698 3632 789 3645 -
816 3613 911 3658 11.
951 3597 1018 3659 ἐν
1057 3593 1521 3680 &sota—sinat]
1569 3593 1836 3661 Aristot.
1868 3595 2020 3660 Eth.
2054 3594 2294 3661 Nicom.

621 3698 679 3762 I.
711 3700 768 3762 8.
799 3717 861 3779 4.
893 3695 1134 3782 συνᾴδει
1162 3699 1227 3762 δὲ
1255 3701 1335 3785 τῷ
1364 3699 1528 3783 λόγῳ
1560 3698 1654 3762 καὶ
1683 3698 1749 3762 τὸ
1782 3699 1847 3763 εὖ
1873 3703 1979 3779 ζῇν
2011 3699 2103 3763 καὶ
2131 3698 2199 3763 τὸ
2231 3700 2297 3764 εὖ

618 3801 894 3883 πράττειν
920 3800 1025 3865 τὸν
1055 3801 1385 3880 εὐδαίμονα·
1433 3801 1655 3884 σχεδὸν
1689 3803 1804 3883 γὰρ
1844 3799 2048 3877 εὗζωία
2088 3827 2172 3869 τις
2211 3804 2295 3866 εἵ-

617 3929 784 3984 ρηται
812 3904 905 3968 καὶ
936 3904 1235 3985 εὐπραξία.
1281 3903 1381 3968 Cf.
1404 3902 1636 3967 Thom.
1659 3901 1954 3968 Gataker.
1985 3902 2066 3967 ad
2094 3905 2292 3969 Marc.

620 4005 924 4072 Antonin.
961 4005 1232 4070 111.12.
1276 4027 1337 4093 p.
1371 4005 1476 4089 87.
1522 4004 1632 4069 Bis
1673 4005 1823 4071 item
1871 4019 2132 4094 usurpat
2176 4006 2295 4071 boc

619 4108 1073 4174 substantivum
1103 4108 1347 4174 Stoicus
1388 4108 1560 4195 apud
1594 4108 1912 4174 Stobaeum
1940 4107 2158 4197 Eclog.
2193 4110 2293 4174 ΙΙ.

622 4229 684 4293 7.
714 4234 775 4299 p.
799 4229 942 4295 171.
972 4234 1038 4298 p.
1062 4231 1200 4297 130.
1231 4234 1365 4298 sqq.
1456 4212 1728 4277 Heeren.
1757 4233 1945 4298 quem
1973 4210 2177 4276 locum
2214 4212 2296 4278 ab

621 4313 917 4378 Heerenii
972 4313 1419 4379 mutationibus
1481 4328 1646 4379 recte
1699 4312 2034 4379 vindicavit
2086 4330 2151 4379 et
2213 4312 2296 4379 ad

622 4416 876 4482 Canteri
904 4415 1170 4481 maxime
1196 4416 1494 4481 rationem
1521 4416 1829 4482 revocavit
1852 4417 2292 4505 Wyttenbach.

618 4517 701 4584 ad
751 4517 1073 4585 Plutarchi
1120 4518 1366 4585 Consol.
1419 4518 1719 4607 Apollon.
1761 4542 1825 4607 p.
1862 4538 2005 4606 739.
2056 4543 2145 4606 sq.
2193 4519 2294 4586 ed.

618 4622 769 4687 min.
845 4623 1162 4687 Caeterum
1204 4621 1284 4687 cf.
1329 4622 1474 4687 infr.
1518 4644 1653 4710 cap.
1687 4643 1788 4704 14.
1817 4638 1881 4688 et
1909 4620 2200 4688 Proclum
2230 4622 2293 4688 in

620 4723 817 4790 Alcib.
861 4747 924 4812 p.
961 4743 1106 4789 100.
1151 4724 1291 4790 sub.
1323 4724 1433 4790 fin.
1475 4738 1539 4790 et
1584 4724 1906 4791 Scholiast.
1933 4724 2000 4790 in
2030 4724 2291 4813 Dionys.

622 4827 855 4894 Thrac.
882 4825 1038 4892 ibid.
1066 4849 1131 4914 p.
1153 4847 1304 4915 332.
1331 4826 1438 4892 lin.
1470 4826 1588 4892 ult.

701 4967 789 4981 —
811 4948 908 5017 15.
939 4930 1068 4994 οῖον
1097 4931 1192 4995 καὶ
1228 4933 1303 4996 τὰ
1337 4934 1590 5011 μουσικὰ
1625 4935 1742 4995 τῶν
1768 4930 2119 5010 ζόων-τῆν
2145 4930 2295 5010 ζωὴν

607 5019 773 5119 ’ἔχει]
828 5032 897 5098 Si
938 5055 1154 5097 rursus
1196 5031 1425 5120 cogites
1468 5031 1791 5117 ἐνδέχοιτο,
1831 5054 1959 5097 non
1999 5031 2163 5096 mala
2201 5043 2296 5099 est

620 5133 799 5199 lectio
826 5135 1011 5220 ἔχειν,
1041 5158 1186 5223 quae
1222 5158 1264 5200 a
1295 5134 1557 5200 librariis
1584 5134 1764 5200 facile
1789 5133 1996 5223 potuit
2023 5156 2297 5199 corrum-

620 5236 711 5326 pi,
754 5236 865 5324 qui
906 5236 1025 5302 hoc
1067 5261 1192 5303 non
1234 5237 1599 5326 cogitarent.
1688 5238 1895 5303 Cantu
1940 5235 2126 5302 etiam
2167 5237 2297 5302 ani-

618 5338 806 5405 malia
833 5338 1130 5406 nonnulla
1155 5339 1448 5407 oblectari
1475 5339 1802 5428 profitetur
1829 5340 2014 5405 etiam
2042 5338 2292 5405 Aristo·

619 5440 772 5508 teles
801 5441 986 5507 Polit.
1013 5444 1209 5508 VIII.
1241 5444 1301 5509 6.
1334 5463 1400 5526 4.
1445 5442 1822 5508 Plutarchus
1858 5444 2143 5532 Sympos.
2189 5442 2295 5508 lib.

621 5547 782 5611 VII.
826 5544 1043 5611 Probl.
1065 5566 1131 5632 5.
1160 5569 1298 5636 cap.
1325 5567 1387 5615 2.
1416 5568 1484 5635 p.
1504 5562 1646 5630 704.
1679 5570 1773 5634 sq.
1809 5568 1876 5635 p.
1906 5565 2054 5632 902.
2085 5546 2294 5635 Wytt.

2384 2067 2548 2118 mate
2600 2069 2741 2141 post
2788 2056 3088 2133 ἐλθοῦσιν,
3137 2051 3331 2117 secuti
3376 2051 3661 2117 Ficinum
3710 2065 3774 2116 et
3820 2049 4060 2140 Engel-

2379 2154 2583 2220 hardt.

2463 2282 2526 2346 p.
2557 2259 2667 2343 56,
2700 2274 2759 2342 7.
2802 2257 2952 2337 ζωὴν
2994 2256 3436 2338 ἑξελιπομένην
3480 2260 3564 2325 εἷς
3604 2257 3777 2325 τέλος
3821 2257 4053 2342 ἔχουσι]

2380 2359 2723 2448 Eleganter
2742 2358 2821 2425 de
2849 2357 3096 2447 plantis,
3119 2382 3264 2446 quae
3284 2358 3753 2425 maturescendo
3772 2358 4063 2448 deinceps

2380 2463 2577 2551 magis
2604 2461 2927 2550 magisque
2955 2461 3361 2548 explicantur.
3406 2463 3510 2526 De
3537 2462 3709 2527 vario
3736 2461 3910 2527 verbi
3938 2485 4061 2527 usu

2379 2566 2546 2631 addo
2572 2566 2667 2646 iis,
2698 2588 2843 2652 quae
2871 2564 2986 2628 viri
3014 2563 3182 2629 docti
3207 2563 3272 2628 in
3304 2566 3393 2628 H.
3424 2565 3638 2652 Steph.
3665 2564 3863 2630 Thes.
3906 2588 4057 2630 con-

2380 2693 2643 2758 gessere,
2679 2671 2905 2734 Zonar.
2938 2668 3102 2733 Lex.
3146 2689 3208 2755 p.
3241 2683 3383 2752 771.
3434 2681 3498 2732 et
3525 2667 3775 2732 Jacobs.
3805 2668 3886 2734 ad
3920 2667 4064 2733 Cal-

2382 2772 2601 2838 listrati
2635 2774 2883 2837 Statuas
2908 2792 2972 2859 p.
3000 2771 3143 2855 728.
3192 2771 3578 2856 Frequentat
3618 2785 3829 2836 autem
3860 2770 4062 2836 Ploti-

2380 2898 2521 2940 nus.
2570 2874 2712 2939 Vid.
2741 2897 2876 2939 v.c.
2913 2874 3057 2938 ΙΙΙ.
3083 2889 3144 2956 7.
3175 2889 3244 2958 5.
3307 2873 3444 2938 III.
3478 2888 3543 2957 7.
3567 2893 3664 2939 10.
3733 2874 3873 2940 ΙΙΙ.
3905 2875 3966 2939 8.
3997 2891 4058 2960 7.

2384 2980 2501 3042 IV.
2537 2977 2599 3042 8.
2629 2979 2690 3043 6.
2739 2978 2817 3043 V.
2840 2997 2903 3062 3.
2928 2996 2994 3062 3.
3040 2976 3158 3040 VI.
3184 2976 3241 3040 8.
3271 2974 3366 3039 18.
3412 2989 3476 3041 et
3519 2976 3764 3057 ἑξέλιξις
3792 2978 3871 3043 V.
3903 2994 3964 3063 7.
3997 2997 4057 3063 3.

2384 3081 2466 3144 In
2495 3104 2668 3168 seqq.
2698 3079 2856 3145 illud
2888 3080 2982 3144 καὶ
3009 3080 3088 3160 μὴ
3115 3092 3258 3167 post
3288 3079 3537 3143 ἑπὶ-εὒ
3564 3084 3776 3144 παθεῖν
3802 3102 3926 3146 non
3956 3104 4063 3145 ex-

2382 3183 2605 3272 pressit
2639 3182 2859 3262 Ficin„
2905 3181 3047 3247 licet
3088 3181 3153 3245 in
3198 3205 3327 3246 uno
3372 3181 3662 3247 Mediceo
3689 3200 4058 3271 compareat.

2384 3285 2803 3352 Luculentius
2848 3300 3054 3352 tamen
3098 3297 3224 3350 est:
3273 3285 3340 3350 εὖ
3387 3290 3623 3365 παθεῖν,
3673 3287 3766 3352 καὶ
3814 3287 3915 3369 μὴ,
3967 3291 4064 3355 καὶ

2383 3390 2605 3472 καρπὸν
2644 3391 2718 3454 αὖ
2757 3399 2823 3472 φ.
2846 3417 2894 3454 κ.
2914 3416 2976 3468 μ.
2999 3398 3067 3471 φ.
3156 3387 3268 3452 Ad
3311 3401 3748 3477 argumentum
3793 3391 4062 3457 universi

2380 3490 2574 3580 hujus
2601 3492 2718 3557 loci
2745 3492 3005 3571 faciunt,
3034 3514 3180 3578 quae
3221 3490 3625 3580 philosophus
3666 3507 3875 3559 noster
3914 3494 4061 3560 alibi

2382 3594 2463 3659 de
2500 3594 2867 3660 animalibus
2909 3593 3259 3682 plantisque
3300 3593 3600 3682 disputat,
3631 3608 3703 3659 ut
3734 3596 3874 3661 III.
3904 3617 3965 3678 4.
4000 3617 4055 3662 2.

2379 3719 2444 3786 p.
2472 3699 2614 3784 283.
2647 3721 2737 3785 sq.
2786 3697 2927 3762 ΙΙΙ.
2956 3697 3016 3761 8.
3043 3717 3095 3761 1.
3127 3718 3192 3784 p.
3213 3716 3364 3782 344.
3393 3710 3456 3760 et
3485 3697 3602 3760 IV.
3623 3716 3688 3778 4.
3723 3715 3826 3781 27.
3857 3722 3947 3787 sq.
3993 3723 4059 3788 p.

2378 3823 2528 3887 419.
2562 3825 2698 3889 sqq.
2744 3816 2807 3866 et
2846 3822 2992 3886 quae
3027 3797 3348 3863 Marsilius
3389 3797 3533 3863 hinc
3574 3797 3719 3864 inde
3760 3799 3824 3865 in
3871 3803 4060 3867 Com-

2377 3904 2692 3970 mentariis
2736 3901 3046 3991 apposuit,
3073 3924 3139 3967 V.
3165 3924 3217 3966 c.
3263 3899 3329 3964 in
3367 3899 3536 3965 hunc
3579 3901 3787 3990 ipsum
3831 3902 4061 3970 librum

2378 4032 2445 4096 Ρ.
2468 4027 2573 4074 22.
2593 4027 2692 4093 23.
2719 4022 2818 4090 27.
2842 4017 2905 4070 et
2934 4027 3000 4093 p.
3015 4023 3166 4090 340.
3191 4002 3300 4068 ubi
3328 4003 3557 4091 passim
3584 4003 3770 4070 etiam
3801 4005 3880 4071 de
3908 4031 4063 4073 sexu

2379 4110 2734 4198 plantarum
2765 4106 3066 4196 loquitur.
3135 4106 3525 4195 Porphyrius
3553 4107 3633 4173 de
3660 4108 4064 4177 Abstinentia

2384 4213 2439 4277 Ι.
2472 4226 2615 4278 sect.
2641 4213 2744 4277 18.
2771 4209 3132 4276 dubitanter
3157 4209 3279 4275 ita:
3328 4213 3404 4275 El
3432 4213 3518 4290 δὲ,
3550 4212 3628 4279 ὥς
3655 4220 3832 4294 φασι,
3865 4215 3960 4279 καὶ
3986 4218 4063 4279 τὰ

2381 4319 2539 4399 φυτὰ
2592 4315 2799 4399 ψυχὴν
2856 4314 3005 4398 ἔχει,
3057 4335 3201 4400 quae
3252 4313 3704 4402 AEgyptiorum
3762 4317 4062 4384 sententia

2378 4417 2523 4498 fuit,
2553 4417 2684 4482 vid.
2717 4416 2952 4482 Rhoer.
2996 4415 3079 4480 ad
3119 4414 3164 4481 l.
3192 4414 3233 4480 l.
3278 4438 3345 4503 p.
3374 4434 3483 4502 30.
3552 4416 3735 4482 Idem
3776 4419 3917 4485 ΙΙΙ.
3956 4441 4058 4508 19.

2377 4543 2446 4610 p.
2470 4525 2612 4606 258.
2663 4521 2733 4585 οὗ
2758 4520 2875 4601 μὴν
2904 4521 3066 4583 ἀλλά
3108 4519 3203 4583 καὶ
3240 4524 3361 4585 τοῖς
3397 4520 3561 4595 ζόοις
3585 4523 3662 4584 τὰ
3688 4525 3846 4604 φυτὰ
3872 4548 4061 4606 παρα-

2378 4623 2658 4705 βάλλειν,
2711 4626 2911 4703 κομιδῆ
2955 4622 3177 4701 βίαιον·
3231 4624 3306 4685 τά
3348 4623 3460 4702 μὲν
3505 4624 3621 4705 γὰρ
3671 4623 4061 4694 αἰσθάνεσθαι

2377 4725 2628 4809 πέφυκε,
2655 4728 2749 4791 καὶ
2778 4726 3008 4808 ἀλγεῖν,
3042 4724 3136 4788 καὶ
3165 4729 3511 4807 φοβεῖσθαι,
3543 4726 3638 4790 καὶ
3661 4726 4059 4806 βλάπτεσθαι·

2380 4828 2469 4894 διὸ
2527 4829 2624 4893 καὶ
2681 4829 3022 4892 ἀδικεῖσθαι·
3081 4832 3204 4895 τοῖς
3260 4828 3325 4891 δὲ
3373 4826 3545 4892 οὐδέν
3596 4829 3726 4893 ἐστι
3781 4832 4060 4913 αἰσθητὸν

2382 4960 2436 4997 κ.
2454 4957 2510 4996 τ.
2527 4939 2591 4996 λ.
2639 4929 2723 4996 cf.
2751 4930 2894 4993 III.
2923 4944 3027 5011 27.
3055 4952 3123 5017 p.
3149 4929 3293 5013 287.
3359 4928 3573 4994 Aliam
3599 4929 3666 4994 in
3696 4934 4057 5000 sententiam

2380 5034 2659 5122 disputat
2711 5031 2971 5098 Proclus
3021 5031 3086 5095 in
3137 5033 3458 5119 Fragmm.
3505 5031 3586 5097 de
3638 5034 3949 5100 Sacrificio
3997 5051 4057 5102 et

2383 5136 2606 5225 Magia
2646 5159 2711 5224 p.
2743 5152 2889 5218 274.
2936 5158 3070 5222 sqq.
3115 5134 3215 5200 ed.
3264 5135 3480 5223 Lugd.
3548 5135 3835 5203 Tornaes.
3872 5155 4056 5224 1549.

2379 5262 2538 5326 quos
2593 5238 2759 5304 locos
2817 5237 3026 5326 attigit
3080 5238 3127 5301 J
3129 5261 3189 5303 o.
3234 5238 3421 5326 Bapt.
3465 5238 3621 5304 Pius
3676 5239 3741 5304 in
3801 5241 4057 5307 Gruteri

2382 5342 2708 5429 Lampade
2737 5341 2922 5406 Tom.
2949 5342 3008 5405 Ι.
3039 5364 3107 5429 p.
3126 5356 3278 5427 553.

2461 5481 2551 5495 —
2578 5464 2673 5526 14.
2720 5447 2796 5508 Et
2835 5446 2946 5524 μὲν
2974 5445 3081 5508 οὖν
3107 5443 3289 5524 ἡδονὴ
3329 5442 3399 5507 τὸ
3440 5442 3614 5511 τέλος
3656 5470 3711 5510 κ.
3733 5468 3789 5507 τ.
3809 5447 3899 5531 λ.]
3952 5446 4059 5512 Ita

2381 5545 2715 5708 Egdgxus,
2744 5545 3133 5634 Aristippus,
3163 5544 3503 5634 Epicurus,
3539 5543 3664 5610 alii.
3738 5545 3877 5612 vid.
3909 5550 4058 5615 Ari.
