5118 6613
995 558 1123 627 342

1006 739 1125 780 νος.
1175 713 1245 778 οὗ
1282 710 1486 792 μέντοι
1527 711 1662 775 οὔτε
1706 709 1774 773 τὸ
1815 709 2010 774 ποσὸν
2051 711 2119 774 ἐν
2148 714 2227 796 τῷ
2273 709 2439 794 ἔχειν
2476 712 2701 774 τούτων

1011 817 1304 901 (*τούτῳ)
1339 815 1486 888 ἐστὶ,
1524 815 1672 878 διότι
1721 813 1847 897 ἔχει
1893 811 2163 893 μέγεθος·
2211 814 2347 877 οὔτε
2392 813 2460 876 τὸ
2503 811 2699 886 ποιὸν,

1010 922 1102 982 ὅτι
1130 919 1258 1003 ἔχει
1292 922 1516 1001 χρῶμα.
1567 918 1853 996 ἀσώματα
1897 918 2012 998 γὰρ
2054 914 2123 978 τὸ
2162 915 2339 979 ποιὸν
2372 916 2465 980 καὶ
2492 916 2561 979 τὸ
2590 941 2698 980 πο-

1013 1023 1146 1086 σόν·
1194 1023 1231 1101 ἡ
1262 1024 1325 1086 δὲ
1357 1020 1675 1102 κατηγορία
1704 1021 1866 1099 αὕτη,
1899 1024 2016 1082 τῶν
2043 1018 2178 1099 περὶ
2205 1018 2353 1098 ἡμᾶς
2383 1018 2705 1098 ἐπικτήτων

1014 1124 1303 1204 σωμάτων
1330 1123 1422 1204 ἦν·
1471 1125 1504 1187 6
1547 1124 1611 1186 δὲ
1656 1122 1866 1202 πατὴρ,
1899 1122 1952 1184 εἰ
1995 1121 2108 1200 μὲν
2149 1120 2293 1184 καθὸ
2341 1126 2532 1200 σῶμα,
2565 1118 2701 1184 ἀλλ’

1014 1229 1083 1292 οὗ
1111 1229 1415 1309 περίθετος
1440 1225 1532 1305 ἦν.
1581 1227 1634 1288 εἰ
1662 1227 1726 1288 δὲ
1759 1222 1884 1288 καθ’
1915 1223 1949 1286 δ
1979 1221 2199 1308 σχέσιν
2229 1224 2356 1306 ἔχει
2384 1224 2529 1305 πρὸς
2555 1223 2705 1296 υἱὸν,

1016 1332 1180 1395 ἀλλὰ
1209 1332 1480 1410 σώματος
1510 1329 1584 1411 (*
1593 1325 1731 1391 ἀλλ’
1765 1327 2102 1410 ἀσώματος)
2136 1327 2173 1405 ἡ
2203 1326 2431 1409 σχέσις.
2477 1328 2712 1390 Hacte-

1019 1457 1138 1498 nus
1181 1434 1261 1497 de
1302 1431 1578 1497 Plotino:
1628 1429 1773 1494 inde
1819 1428 2037 1493 transit
2079 1428 2160 1493 ad
2195 1429 2616 1494 Nicostratum
2650 1443 2714 1493 et

1018 1535 1186 1602 alio&

1105 1662 1166 1727 p.
1203 1639 1388 1717 1080,
1421 1657 1516 1722 13.
1568 1637 1663 1701 καὶ
1695 1638 1728 1699 6
1757 1635 2125 1717 πατὴρ-ὅτι
2156 1634 2283 1717 ἔχει
2310 1635 2440 1698 υἱὸν
2472 1635 2569 1699 καὶ
2595 1634 2718 1701 υἱὸς

1021 1742 1278 1831 πατέρα]
1320 1743 1424 1806 Ita
1452 1741 1656 1806 locum
1685 1738 1994 1825 integrare
2025 1736 2176 1800 mihi
2208 1736 2375 1801 visus
2404 1760 2540 1802 sum
2571 1760 2716 1801 cum

1025 1845 1266 1922 Ficino,
1311 1844 1492 1930 cujus
1541 1840 1895 1907 auctoritati
1939 1863 2039 1904 me
2084 1862 2208 1905 non
2258 1864 2715 1928 aggregassem,

1024 1949 1138 2012 nisi
1190 1946 1537 2012 accessisset
1588 1945 1839 2010 Codicis
1884 1942 2312 2007 Darmstadini
2360 1945 2716 2023 auctoritaS‚

1026 2051 1136 2139 qui
1165 2051 1408 2138 adjecta
1436 2050 1627 2114 verba
1654 2048 1716 2112 in
1749 2047 1967 2111 ordine
1995 2045 2269 2110 exhibet.
2363 2047 2612 2111 Deinde
2641 2048 2716 2111 B.

1026 2154 1136 2219 lin.
1166 2175 1206 2240 5
1232 2178 1247 2217 ε
1297 2154 1406 2218 κᾶν
1437 2152 1665 2233 ἱμάτιον
1697 2151 1895 2232 κέηται
1925 2148 2183 2213 exhibui
2212 2172 2289 2213 ex
2320 2148 2493 2213 libris
2523 2149 2717 2237 pluri·

1027 2258 1142 2323 mis
1187 2280 1304 2345 pro
1349 2262 1552 2320 κεῖται.
1642 2253 1825 2319 Illam
1873 2253 2139 2318 formam
2187 2253 2565 2340 conjunctivi
2611 2277 2723 2340 ag-

1027 2360 1223 2425 noscit
1250 2359 1433 2424 Plato
1465 2357 1723 2423 Philebo
1750 2379 1812 2443 p.
1839 2377 1946 2437 41.
1968 2357 2046 2420 B.
2091 2379 2156 2443 p.
2191 2374 2327 2421 122.
2398 2355 2615 2420 Stallb.
2662 2372 2725 2421 et

1034 2463 1337 2530 Phaedon.
1370 2485 1433 2549 p.
1459 2480 1564 2547 92.
1593 2461 1701 2525 fin.
1748 2484 1810 2547 p.
1843 2461 1947 2544 76.
1980 2458 2185 2523 Bekk.
2219 2459 2329 2523 ubi
2358 2474 2450 2523 est
2480 2459 2724 2543 ξυγκέη-

1032 2594 1146 2632 ται.

1121 2694 1181 2758 p.
1217 2669 1396 2745 1081,
1431 2684 1486 2751 7.
1535 2673 1675 2734 Πῶς
1704 2663 1751 2729 δ’
1784 2667 1942 2733 ὅλως
1979 2668 2210 2729 ἁπλοῦν
2245 2666 2338 2729 καὶ
2374 2670 2509 2745 μιᾶς
2552 2691 2723 2743 κατη-

1034 2775 1257 2857 γορίας,
1287 2773 1389 2835 ὅδε
1420 2772 1581 2834 ὅπλα
1610 2771 1736 2853 ἔχει
1753 2797 1768 2841 ;
1801 2773 1973 2832 τοῦτο
2003 2770 2118 2850 γὰρ
2149 2771 2423 2848 σημαίνει
2452 2768 2518 2832 τὸ
2548 2770 2732 2833 ὡπλί-

1035 2877 1224 2959 σθαι.)
1300 2875 1447 2937 Hoc
1499 2870 1854 2958 exemplum
1915 2869 1978 2934 in
2030 2869 2168 2934 loco
2225 2873 2358 2953 περὶ
2409 2877 2512 2935 τοῦ
2567 2873 2731 2955 ἔχειν

1038 2991 1407 3064 usurpatum
1458 2974 1649 3039 fuisse
1697 2972 1907 3059 arguit
1952 2989 2316 3061 excerptum
2368 2974 2733 3061 Categoria-

1035 3104 1200 3157 rum,
1246 3078 1419 3165 quod
1466 3077 1683 3142 Codex
1729 3090 1936 3140 noster
1970 3076 2283 3140 Palatinus
2316 3075 2731 3163 Heidelberg-

1037 3184 1197 3249 ensis
1228 3184 1345 3247 Nr.
1384 3200 1527 3268 132.
1570 3178 1680 3245 fol.
1720 3182 1864 3243 180.
1909 3194 2054 3243 rect.
2099 3179 2288 3242 habet
2338 3179 2445 3259 (cf.
2498 3183 2729 3243 Annot.

1039 3304 1232 3354 nostr.
1263 3286 1326 3351 in
1359 3286 1546 3373 hujus
1574 3282 1716 3350 libri
1741 3281 2076 3348 Plotiniani
2100 3282 2385 3367 titulum)
2414 3282 2544 3360 ubi,
2568 3299 2736 3369 post-

1041 3415 1231 3481 quam
1260 3392 1325 3454 in
1356 3390 1562 3456 οὖσίας
1588 3387 1723 3451 loco
1754 3385 1992 3473 positus
2022 3401 2115 3450 est
2151 3385 2540 3449 Andronicus
2573 3386 2738 3468 (Ἀν-

1041 3498 1358 3579 δρόνικος),
1407 3492 1527 3556 sub
1578 3492 1743 3575 ἔχειν
1798 3490 1916 3571 (ita
1963 3489 2124 3554 enim
2175 3488 2569 3554 scribendum
2623 3511 2739 3576 pro

1043 3603 1198 3685 ἔχει)
1231 3598 1486 3686 ponitur
1515 3594 1911 3676 ὡπλισμένος.

1127 3740 1216 3751 -
1236 3723 1293 3787 9.
1326 3699 1363 3780 ἢ
1395 3700 1503 3764 κᾶν
1532 3701 1770 3781 ἀνδριὰς
1798 3695 1852 3779 ᾖ,
1886 3699 2001 3782 ὅτῳ
2031 3701 2214 3761 ταῦτα
2240 3699 2285 3782 ;]
2328 3698 2430 3762 Ita
2459 3721 2536 3762 ex
2568 3697 2741 3761 libris

1041 3806 1221 3870 bonis
1249 3802 1572 3869 emendavi
1596 3801 1876 3865 vitiosam
1904 3799 2079 3864 Edit.
2106 3799 2430 3864 lectionem
2462 3814 2525 3864 et
2553 3800 2743 3864 inter-

1044 3908 1483 3997 punctionem:
1530 3902 1567 3984 ἢ
1599 3902 1645 3968 κ’
1679 3903 1935 3986 ἀνδριάς.
1980 3900 2017 3982 ἢ
2048 3904 2163 3966 ὅτω
2192 3907 2395 3966 ταῦτα.

1131 4050 1219 4060 -
1247 4029 1342 4074 12.
1386 4008 1528 4072 Ἐπὶ
1572 4008 1636 4071 δὲ
1681 4011 1785 4069 τοῦ
1830 4007 2514 4079 κεῖσθαι-ἀνακεῖσθαι,
2567 4010 2739 4085 καθῆ-

1051 4113 1222 4200 σθαι]
1273 4112 1535 4174 Tractat
1578 4108 1713 4172 haec
1759 4106 2129 4172 Aristoteles
2171 4108 2332 4171 binis
2378 4109 2744 4195 CategoriiS,

1048 4230 1111 4279 et
1138 4215 1271 4295 περὶ
1299 4215 1493 4276 ποσοῦ
1519 4234 1570 4275 c.
1600 4211 1717 4274 IV.
1752 4209 1812 4272 8.
1843 4223 1907 4273 et
1933 4211 2067 4291 περὶ
2094 4216 2212 4273 τῶν
2239 4214 2385 4292 πρός
2413 4237 2469 4275 τι
2494 4234 2551 4275 c.
2573 4213 2651 4275 V.
2682 4231 2742 4296 3.

1053 4315 1406 4404 Simplicius
1427 4315 1491 4379 in
1525 4316 1789 4400 Categg.
1822 4336 1882 4399 p.
1904 4313 1941 4376 8
1944 4311 2106 4397 5.b:
2140 4310 2315 4376 Ἀλλ’
2349 4314 2445 4376 ἐπὶ
2473 4317 2577 4379 τὰς
2605 4314 2748 4378 ἀπο-

1048 4423 1178 4504 ρίας
1205 4417 1420 4483 λοιπὸν
1443 4421 1547 4485 τὰς
1573 4417 1688 4481 ὑπὸ
1712 4417 2029 4480 Πλωτίνου
2057 4416 2203 4497 πρὸς
2230 4415 2297 4478 τὸ
2329 4420 2561 4479 κεῖσθαι
2591 4415 2749 4480 ἰτέον

1051 4521 1403 4606 λεγομένας.
1437 4519 1606 4603 λέγει
1631 4522 1833 4584 τοίνυν
1862 4521 1929 4583 ἐν
1957 4520 2187 4601 ὀλίγοις
2216 4518 2368 4582 εἶναι
2397 4518 2463 4582 τὸ
2496 4524 2746 4594 κεῖσθαι,

1057 4627 1151 4691 καὶ
1182 4629 1278 4690 διὰ
1305 4629 1474 4688 τοῦτο
1514 4624 1594 4703 μὴ
1624 4625 1789 4703 ἄξιον
1820 4625 1888 4687 ἐν
1916 4624 2108 4707 οἰκείῳ
2152 4623 2316 4705 γένει
2363 4626 2747 4706 καταχωρίζε-

1057 4733 1218 4792 σθαι.
1255 4724 1392 4791 ἀλλ’
1425 4729 1480 4790 εἰ
1501 4731 1687 4789 πᾶσιν
1714 4725 1966 4810 ὑπάρχει
1995 4731 2117 4792 τοῖς
2148 4727 2383 4805 σώμασι
2411 4733 2534 4794 τοῖς
2562 4753 2628 4792 τε
2658 4730 2747 4791 ἀϊ-

1056 4834 1198 4899 δίοις
1228 4831 1323 4894 καὶ
1349 4834 1471 4895 τοῖς
1498 4828 1611 4892 ὑπὸ
1642 4828 1922 4908 σελήνην,
1954 4835 2074 4895 πῶς
2114 4829 2217 4891 οὐκ
2254 4830 2421 4907 ἄξιον
2454 4830 2549 4893 καὶ
2578 4833 2750 4893 τοῦτο

1059 4934 1269 5018 γένους
1288 4932 1504 4996 οἰκείου
1526 4931 1846 5014 τυγχάνειν
1860 4960 1874 5003 ;
1911 4932 2006 4995 καὶ
2024 4930 2316 5013 Ἀρχύτας
2340 4933 2403 4994 δὲ
2430 4932 2525 4995 ἐπὶ
2548 4935 2753 4995 πολλὰ

1060 5037 1372 5102 διατείνειν
1400 5035 1544 5098 αὐτό
1571 5042 1780 5116 φησιν.
1814 5035 1975 5097 ἀλλὰ
2002 5032 2070 5096 τὸ
2102 5035 2455 5096 ἀνακεῖσθαί
2479 5042 2631 5115 φησι
2659 5036 2754 5097 καὶ

1064 5144 1353 5221 καθῆσθαι
1382 5138 1488 5201 οὐκ
1517 5137 1683 5200 ἔστιν
1713 5139 1965 5199 ἁπλοῦν.
2014 5136 2288 5214 σημαίνει
2318 5138 2382 5199 δὲ
2411 5135 2478 5199 τὸ
2512 5138 2579 5199 ἐν
2609 5135 2755 5219 σχή-

1059 5271 1198 5326 ματι
1226 5246 1430 5328 τοιῶδε
1461 5245 1708 5313 κεῖσθαι,
1741 5238 2065 5311 τουτέστιν,
2100 5240 2168 5301 ἐν
2197 5239 2355 5322 τόπῳ
2399 5237 2550 5300 εἶναι
2590 5238 2757 5301 ἔστιν

1064 5350 1170 5412 οὖν
1195 5348 1263 5411 τὸ
1292 5348 1404 5426 μὲν
1433 5348 1655 5428 σχῆμα,
1687 5343 1864 5415 ἀλλο,
1897 5344 1929 5404 6
1960 5343 2024 5405 δὲ
2053 5343 2233 5406 τόπος
2259 5341 2438 5405 ἄλλο.
2474 5342 2570 5404 καὶ
2602 5344 2754 5423 εἴρη-

1068 5476 1164 5514 ται
1200 5451 1335 5532 περὶ
1375 5450 1618 5529 ἀμφοῖν,
1652 5445 1747 5509 καὶ
1791 5445 1962 5508 οὐδὲν
2005 5445 2123 5508 ἔδει
2164 5444 2380 5508 λοιπὸν
2415 5447 2497 5511 εἰς
2542 5444 2610 5508 ἓν
2656 5447 2757 5509 δύο

1074 5554 1418 5634 κατηγορίας
1461 5549 1804 5614 συνάπτειν·
1848 5548 2009 5644 πρὸς.
2038 5548 2076 5611 ἃ
2120 5546 2349 5629 ῥητέον,
2398 5548 2488 5610 ὅτι
2535 5549 2597 5611 αἱ
2643 5554 2760 5612 τῶν

1962 535 2798 601 ANNOTATIONES
2860 535 2972 599 IN
3035 535 3495 600 PLOTINI

2788 709 3110 792 σχημάτων
3139 709 3328 783 αὗται,
3362 710 3512 785 οἷον,
3542 708 3579 787 ἦ
3613 711 3718 771 τοῦ
3762 712 4054 787 καθῆσθαι
4101 709 4196 772 καὶ
4243 709 4480 773 ἀνακεῖ·

2790 816 2949 887 σθαι,
2982 813 3095 896 οὐχ
3121 816 3324 878 ἁπλῶς
3364 811 3701 894 σχημάτων,
3734 814 3899 876 ἀλλᾶ
3925 817 4043 876 τῶν
4073 816 4222 876 κατὰ
4250 812 4358 891 τὴν
4386 811 4484 876 θέ·

2791 940 2892 979 σιν
2921 916 3242 999 σχημάτων
3271 916 3627 995 σημαίνουσι
3673 917 3776 982 τὰς
3821 914 4128 997 διαφοράς.
4175 915 4284 980 κᾶν
4318 917 4487 979 ποιό-

2791 1043 2936 1097 τητα
2974 1021 3038 1082 δὲ
3079 1023 3361 1095 δηλῶσιν,
3395 1018 3595 1096 ἐπειδὴ
3632 1017 3700 1081 τὸ
3752 1022 3955 1101 σχῆμα
3992 1020 4251 1099 ποιότης,
4284 1020 4354 1083 οὗ
4381 1019 4491 1099 τὴν

2794 1123 2995 1189 ἅπλῶς
3022 1123 3304 1201 ποιότητα
3335 1123 3590 1203 ἐροῦσιν,
3624 1123 3786 1185 ἀλλᾶ
3813 1122 3922 1201 τὴν
3949 1126 4054 1186 τοῦ
4087 1127 4342 1186 κεῖσθαι.
4386 1123 4486 1201 ἠξ-

2797 1226 2887 1289 ίου
2910 1227 2974 1288 δὲ
3002 1225 3096 1288 καὶ
3127 1225 3300 1292 αὐτὸς
3328 1228 3432 1291 τὰς
3462 1224 3947 1306 συμπληρωτικάς
3974 1250 4132 1291 τινος
4157 1226 4490 1304 ποιότητας,

2799 1330 2881 1394 εἰς
2925 1329 3116 1391 ἐκεῖνο
3162 1328 3230 1391 τὸ
3271 1326 3465 1410 γένος,
3497 1325 3598 1410 ὑφ’
3630 1327 3664 1390 δ
3708 1329 3804 1391 καὶ
3849 1327 3917 1392 τὸ
3960 1330 4495 1410 συμπληρούμενον

2799 1429 3082 1511 ἀνάγεται
3130 1431 3260 1493 οἷον
3303 1429 3439 1511 περὶ
3489 1428 3762 1513 γραμμήν
3811 1431 3978 1493 ἐστιν
4026 1431 4282 1509 εὐθύτης·
4343 1432 4380 1511 ἦ
4430 1433 4495 1495 δὲ

2801 1533 3038 1614 γραμμὴ
3077 1536 3182 1596 τοῦ
3218 1536 3414 1596 ποσοῦ
3453 1532 3623 1595 ἔσται
3661 1533 3768 1595 οὖν
3798 1532 3895 1595 καὶ
3921 1532 3959 1611 ἡ
3985 1533 4225 1612 εὐθύτης
4251 1537 4358 1597 τοῦ
4383 1558 4494 1597 πο-

2803 1638 2933 1708 σοῦ,
2968 1636 3063 1698 καὶ
3101 1635 3169 1698 τὸ
3217 1637 3367 1698 ὅλον
3404 1639 3576 1699 τοῦτο
3617 1639 3812 1699 ποσοῦ
3847 1638 4101 1717 ποιότης.
4147 1638 4350 1719 ὥσπερ
4389 1638 4498 1702 οὖν

2803 1738 2870 1801 τὸ
2892 1737 3101 1821 φέρειν
3121 1739 3227 1803 οὐκ
3253 1739 3554 1818 ἐξίσταται
3583 1743 3684 1817 τῆς
3716 1740 3933 1806 οἰκείας
3964 1742 4329 1822 κατηγορίας,
4351 1742 4498 1805 ὅταν

2805 1840 3129 1923 ἀναφέρειν
3178 1841 3471 1924 λέγωμεν,
3525 1843 3706 1908 οὕτως
3762 1843 3897 1906 οὐδὲ
3945 1842 4014 1906 τὸ
4065 1845 4414 1908 ἀνακεῖσθαι
4461 1842 4499 1924 ἢ

2807 1950 3200 2009 κατακεῖσθαι.
3250 1945 3336 2009 ἔτι
3386 1948 3450 2009 δὲ
3495 1950 3733 2025 μᾶλλον
3780 1944 4156 2025 ἐνιστάμενοι
4199 1947 4345 2029 πρὸς
4393 1947 4501 2027 τὴν

2808 2050 3059 2129 ἀπορίαν
3088 2050 3146 2111 οἰ
3187 2046 3311 2126 μετ’
3344 2048 3542 2122 αὐτὸν,
3575 2048 4015 2130 ἀντιλέγουσιν,
4048 2049 4124 2116 ὡς
4167 2051 4304 2113 οὔτε
4346 2050 4496 2133 σχή·

2804 2177 2987 2231 ματος
3010 2154 3146 2215 οὔτε
3172 2153 3354 2215 τόπου
3386 2150 3711 2233 ἐφάπτεται
3739 2151 3807 2214 τὸ
3839 2157 4089 2215 κεῖσθαι.
4130 2154 4291 2216 ἀλλὰ
4318 2157 4502 2216 ταῦτα

2808 2255 2920 2333 μὲν
2968 2254 3167 2320 ἄλλως
3216 2258 3673 2335 παρακολουθεῖ,
3723 2254 3924 2335 ὥσπερ
3973 2255 4069 2318 καὶ
4116 2260 4244 2321 ταῖς
4292 2255 4504 2321 ἄλλαις

2813 2358 3182 2438 κατηγορίαις
3229 2358 3483 2420 πλείονα
3528 2358 3677 2436 ὁμοῦ
3720 2362 4159 2439 συνθεωρεῖται.
4223 2358 4261 2437 ἦ
4304 2356 4507 2437 μέντοι

2813 2460 3114 2535 ἰδιάζουσα
3156 2464 3262 2523 τοῦ
3309 2464 3538 2524 κεῖσθαι
3585 2461 3925 2542 κατηγορία,
3956 2458 4078 2523 κατ’
4112 2460 4294 2539 αὐτὴν
4322 2463 4510 2542 μόνην

2811 2564 2919 2642 τὴν
2980 2562 3151 2627 θέσιν
3207 2569 3404 2646 ψιλῶς
3462 2569 3702 2637 νοεῖται,
3763 2565 3944 2642 μηδὲν
4003 2566 4512 2629 συνεπινοούντων

2814 2668 2978 2746 ἡμῶν
3008 2669 3075 2730 ἐν
3104 2667 3218 2729 τίνι
3250 2670 3452 2739 κεῖται,
3487 2666 3580 2729 καὶ
3606 2672 3728 2733 πῶς
3758 2666 3902 2750 ἔχον
3931 2666 4073 2730 αὐτὸ
4119 2672 4324 2731 κεῖται.
4371 2667 4507 2731 ἀλλ’

2817 2771 2952 2833 οὐδὲ
2980 2768 3212 2834 πάντως
3243 2771 3310 2832 ἐν
3339 2769 3498 2853 τόπῳ
3540 2770 3675 2831 ἐστί
3700 2778 3888 2851 φησιν
3915 2768 4267 2852 Ἰάμβλιχος
4294 2770 4363 2833 τὸ
4396 2776 4509 2834 κεῖ-

2819 2878 2979 2947 σθαι,
3013 2873 3144 2936 ἐπεὶ
3174 2870 3268 2935 καὶ
3299 2873 3331 2933 6
3361 2872 3541 2938 τόπος
3587 2873 3777 2935 κεῖταί
3815 2897 3947 2945 που,
3980 2871 4060 2952 μὴ
4101 2871 4185 2935 ὢν
4226 2874 4293 2935 ἐν
4333 2875 4509 2958 τόπῳ.

2821 2977 2926 3040 οὐκ
2975 2978 3091 3058 ἄρα
3138 2978 3300 3059 ὑγιὲς
3346 2974 3414 3038 τὸ
3466 2974 4023 3056 περιλαμβάνεσθαι
4079 2977 4266 3038 τόπον
4318 2978 4386 3040 ἐν
4435 2981 4514 3062 τῷ

2822 3084 3067 3143 κεῖσθαι.
3117 3081 3170 3142 εἰ
3216 3080 3280 3141 δὲ
3324 3079 3453 3141 οἷόν
3480 3103 3546 3141 τε
3595 3080 3691 3141 καὶ
3737 3080 3879 3142 ἀνευ
3916 3078 4220 3161 σχήματος
4258 3080 4519 3143 ἐπινοεῖν

2819 3206 2953 3245 τινα
3001 3180 3173 3245 θέσιν
3220 3186 3337 3244 τῶν
3389 3183 3850 3263 ἀσχηματίστων
3898 3184 4016 3245 εἴτε
4066 3182 4396 3262 ἀσωμάτων
4444 3183 4520 3249 ὡς

2821 3287 3086 3367 γραμμῆς
3131 3284 3225 3349 καὶ
3267 3286 3530 3365 σημείου,
3566 3284 3737 3349 ἔσται
3782 3285 3875 3349 καὶ
3917 3286 4059 3350 ἄνευ
4105 3284 4407 3369 σχήματος
4448 3285 4517 3351 τὸ

2827 3392 3077 3451 κεῖσθαι.
3141 3386 3277 3451 ἀλλ’
3326 3390 3380 3452 εἰ
3428 3391 3540 3468 μὲν
3585 3388 3653 3452 τὸ
3699 3389 3937 3452 κεῖσθαί
3978 3398 4167 3471 φησιν
4213 3389 4519 3471 ἐνέργειαν

2826 3493 3117 3572 σημαίνει,
3153 3493 3220 3554 ἐν
3249 3497 3375 3558 ταῖς
3406 3493 3730 3573 ἐνεργείαις
3758 3491 4004 3555 τακτέον
4033 3493 4196 3556 αὐτό.
4229 3494 4282 3556 εἰ
4310 3495 4374 3556 δὲ
4403 3491 4516 3555 πά-

2827 3601 2947 3668 θος,
2982 3598 3048 3659 ἐν
3077 3598 3156 3682 τῷ
3185 3595 3465 3678 πάσχειν.
3509 3595 3693 3658 πάλιν
3723 3596 3828 3658 οὖν
3860 3596 3954 3659 καὶ
3996 3598 4250 3659 ἐνταῦθα
4283 3595 4515 3678 ῥητέον,

2828 3699 2918 3762 ὅτι
2945 3698 3012 3761 τὸ
3047 3703 3308 3781 καθαρῶς
3337 3700 3660 3777 νοούμενον
3693 3703 3941 3771 κεῖσθαι,
3975 3697 4092 3763 οὐδ’
4126 3702 4322 3762 ὁτιοῦν
4350 3697 4518 3782 ποιή-

2829 3826 2987 3864 σεων
3015 3799 3051 3880 ἢ
3082 3807 3288 3865 παθῶν
3318 3802 3781 3880 ἀναπίμπλαται.
3831 3802 3994 3867 ἐκτὸς
4036 3803 4101 3864 δὲ
4145 3800 4217 3865 ὃν
4257 3801 4520 3884 ἀμφοτέ-

2827 3929 2967 3985 ρων,
3000 3906 3153 3968 ἰδίαν
3184 3905 3310 3987 ἔχει
3341 3904 3466 3968 καθ’
3499 3902 3641 3968 αὐτὸ
3674 3904 4044 3986 κατηγορίαν.
4095 3906 4148 3967 εἰ
4187 3905 4250 3968 δὲ
4290 3905 4405 3985 ἄρα
4439 3930 4525 3972 τις

2832 4007 2926 4070 καὶ
2956 4010 3469 4090 συνεμφαίνεσθαι
3507 4006 3679 4089 λέγει
3718 4011 3797 4093 τῷ
3841 4011 4070 4070 κεῖσθαι
4109 4007 4176 4070 τὸ
4204 4014 4398 4070 ποιεῖν
4429 4008 4525 4071 καὶ

2830 4110 3112 4194 πάσχειν,
3147 4112 3224 4178 ὧς
3253 4112 3425 4192 ἕτερα
3454 4110 3600 4192 γένη
3641 4109 3820 4196 ἑτέρῳ
3864 4110 4244 4191 συνυπάρξαι,
4278 4112 4376 4174 διὰ
4416 4114 4526 4190 τὴν

2833 4216 3156 4293 σύμμικτον
3205 4219 3323 4276 τῶν
3370 4214 3666 4290 αἰσθητῶν
3713 4214 3985 4276 σύνοδον.
4037 4211 4287 4291 βέλτιον
4338 4215 4403 4276 δὲ
4453 4202 4527 4277 δι’

2834 4317 3137 4397 ἀκριβείας
3166 4317 3552 4397 ἀφορίζεσθαι
3580 4314 3648 4377 τὸ
3681 4319 3929 4388 κεῖσθαι,
3964 4316 4166 4396 ὥσπερ
4197 4316 4292 4379 καὶ
4321 4319 4526 4402 Bono&

2835 4423 3013 4481 δοκεῖ.
3063 4418 3157 4500 ἐφ’
3190 4421 3273 4481 ὧν
3303 4421 3417 4501 γὰρ
3454 4419 3589 4481 οὔτε
3627 4418 3694 4481 τὸ
3735 4423 3950 4495 ποιεῖν,
3982 4419 4118 4483 οὔτε
4157 4417 4227 4481 τὸ
4267 4418 4529 4502 πάσχειν

2836 4523 3124 4602 πρόσεστι
3166 4519 3289 4584 καθ’
3319 4520 3393 4600 ἣν
3425 4526 3608 4584 κεῖται
3646 4518 3835 4593 θέσιν,
3871 4520 3965 4583 καὶ
4000 4519 4124 4583 καθ’
4153 4519 4227 4599 ἣν
4257 4520 4530 4585 τέτακται

2837 4624 3021 4702 τάξιν,
3045 4628 3230 4687 ταῦτα
3255 4625 3442 4704 μόνον
3471 4624 3660 4705 φησὶν
3692 4622 3844 4686 εἶναι
3871 4626 3972 4702 τῆς
4002 4625 4366 4705 κατηγορίας,
4398 4625 4529 4688 οἷον

2837 4727 2904 4790 τὸ
2936 4726 3266 4807 ἑστηκέναι,
3291 4725 3327 4807 ἢ
3361 4731 3648 4806 καθῆσθαι
3679 4727 3775 4789 ἐπὶ
3806 4726 4148 4807 ἀνδριάντος
4174 4728 4525 4810 λεγόμενον,

2836 4828 2874 4909 ἢ
2901 4830 2969 4893 τὸ
3001 4832 3349 4894 ἀνακεῖσθαι
3376 4830 3483 4909 τὴν
3514 4832 3728 4893 εἰκόνα.
3764 4827 3858 4909 ἐφ’
3889 4829 4052 4907 ἡμῶν
4077 4830 4190 4908 μὲν
4218 4832 4332 4911 γὰρ
4362 4829 4524 4910 ἐνέρ-

2838 4958 3011 5014 γειαν
3037 4936 3111 4996 τὰ
3157 4937 3397 4997 τοιαῦτα
3434 4931 3844 5013 συνεμφαίνει·
3891 4932 3988 4994 ἐπὶ
4029 4933 4093 4995 δὲ
4128 4937 4245 4994 τῶν
4275 4932 4532 5014 ἀψύχων

2840 5038 2976 5100 οὔτε
3017 5036 3084 5099 τὸ
3127 5041 3319 5101 ποιεῖν
3347 5035 3482 5098 οὔτε
3526 5034 3593 5097 τὸ
3636 5033 3897 5117 πάσχειν
3926 5035 4285 5097 ἐνδείκνυται
4327 5037 4530 5108 ταῦτα,

2841 5140 3005 5202 ἀλλὰ
3045 5141 3231 5218 μόνον
3277 5142 3538 5219 καθαρῶς
3581 5137 3648 5200 τὸ
3695 5141 3924 5200 κεῖσθαι
3968 5136 4097 5200 ἐπεὶ
4126 5137 4191 5199 δὲ
4221 5138 4255 5198 6
4284 5136 4406 5200 ἄνω
4439 5138 4537 5201 καὶ

2845 5240 2996 5303 κάτω
3025 5243 3204 5307 τόπος
3244 5245 3700 5317 συνεπινοεῖται,
3734 5240 3830 5303 καὶ
3860 5238 4071 5323 σχέσις
4109 5241 4531 5322 συνεπιφαίνε-

2843 5369 2938 5407 ται
2967 5345 3112 5424 πρός
3138 5369 3301 5410 τινας
3327 5344 3541 5409 τόπους
3571 5344 3638 5405 ἐν
3660 5345 3739 5427 τῷ
3769 5344 4116 5406 ἀνακεῖσθαι
4144 5344 4240 5405 καὶ
4272 5349 4537 5407 κατακεῖ-

2846 5450 3007 5522 σθαι,
3038 5450 3130 5509 δεῖ
3154 5452 3314 5510 νοεῖν
3344 5447 3419 5511 ὧς
3450 5443 3573 5508 καθ’
3607 5444 3749 5508 αὑτὸ
3781 5447 3952 5512 ὄντος
3979 5448 4084 5510 τοῦ
4111 5450 4342 5509 κεῖσθαι
4383 5448 4535 5528 πρό-

2844 5574 3037 5630 τερον,
3071 5551 3427 5628 ἐπεισῆλθεν
3453 5548 3490 5626 ἦ
3527 5546 3740 5630 σχέσις
3769 5547 3917 5629 πρὸς
3951 5547 4018 5611 τὸ
4058 5549 4179 5611 ἄνω
4225 5550 4320 5613 καὶ
4358 5549 4533 5624 κάτω,
