5118 6613
1060 504 1188 570 288

1053 678 1140 742 cis
1167 676 1456 742 librarius
1499 677 1563 741 in
1602 674 1798 741 altero
1840 679 1950 741 τοῦ
1990 676 2321 744 haesitavit.
2410 679 2575 742 Haec
2602 677 2750 743 arti·

1057 782 1179 846 culi
1207 780 1493 869 repetitio
1518 778 1667 844 inde
1706 778 1788 844 ab
1833 779 2164 846 Herodoto
2202 780 2454 869 optimis
2487 781 2751 869 scripto-

1055 883 1229 948 ribus
1261 898 1326 948 et
1366 881 1616 947 Platoni
1646 881 1966 947 familiaris
2004 897 2120 962 est,
2163 884 2280 948 etsi
2309 878 2635 949 Weiskius
2673 884 2754 950 de

1062 985 1441 1051 Pleonasmis
1471 985 1713 1051 Graecis
1738 984 2011 1073 plurima
2039 1009 2119 1051 ex
2149 986 2269 1051 hoc
2297 1010 2525 1074 genere
2551 986 2751 1052 maxi-

1056 1114 1281 1179 meque
1309 1090 1575 1178 insignia
1609 1089 1838 1155 omisit.
1917 1090 2099 1156 Plato
2129 1091 2395 1156 Philebo
2437 1115 2503 1180 p.
2537 1112 2641 1172 41.
2675 1093 2747 1159 C.

1055 1218 1120 1282 p.
1158 1212 1301 1259 122.
1340 1195 1416 1259 C.
1449 1193 1667 1259 Stallb.
1715 1193 1928 1258 οὐκοῦν
1966 1194 2034 1258 τὸ
2077 1198 2191 1275 μὲν
2235 1196 2553 1276 ἐπιθυμοῦν
2594 1195 2671 1276 ἦν
2710 1196 2748 1276 ἡ

1055 1298 1226 1381 ψυχὴ
1269 1304 1386 1362 τῶν
1425 1302 1531 1364 τοῦ
1573 1298 1843 1377 σώματος
1879 1298 2166 1362 ἐναντίων
2196 1297 2397 1377 ἕξεων,
2431 1297 2498 1362 τὸ
2537 1298 2603 1362 δὲ
2641 1297 2750 1377 τὴν

1056 1398 1423 1484 ἆλγηδόναῆ
1460 1425 1595 1465 τινα
1636 1402 1733 1464 διὰ
1770 1399 1957 1467 πάθος
1983 1400 2199 1480 ἡδονὴν
2237 1400 2304 1464 τὸ
2350 1405 2520 1480 σῶμα
2561 1400 2638 1480 ἦν
2681 1399 2748 1463 τὸ

1054 1504 1540 1586 παραδεχόμενον
1572 1502 1690 1585 (ita
1720 1500 1891 1590 vulg.
1923 1503 2032 1567 sed
2063 1501 2264 1568 Bekk.
2308 1502 2528 1568 Stallb.
2565 1501 2747 1590 cujus

1055 1621 1204 1670 nota
1246 1604 1328 1670 ad
1372 1605 1532 1670 hanc
1572 1603 1897 1671 lectionem
1931 1605 2294 1693 refingenda
2334 1618 2427 1671 est
2470 1605 2746 1693 itemque

1058 1707 1218 1773 Cod.
1254 1707 1633 1773 Bodleianus
1658 1733 1672 1773 ε
1704 1709 2151 1792 παρεχόμενονε
2201 1731 2390 1796 quam
2421 1707 2746 1773 lectionem

1056 1811 1400 1898 neglectam
1428 1809 1612 1876 video
1654 1834 1692 1876 a
1734 1809 2032 1888 Matthia,
2061 1811 2175 1898 qui
2208 1812 2275 1876 in
2320 1811 2604 1876 Gramm.
2644 1835 2742 1898 gr.

1057 1917 1119 1999 ξ.
1155 1931 1299 1999 279.
1329 1933 1391 1999 3.
1422 1937 1489 2002 p.
1518 1919 1671 1999 567.
1705 1912 1809 1979 ed.
1839 1912 1982 1980 alt.:
2030 1913 2202 1979 hunc
2236 1913 2445 1979 locum
2483 1913 2743 1979 similes·

1054 2041 1179 2105 que
1223 2015 1637 2104 intelligenter
1681 2016 2030 2104 exposuit).
2119 2015 2273 2081 Alia
2316 2015 2581 2105 quaestio
2629 2031 2744 2096 est,

1052 2136 1268 2186 utrum
1296 2119 1445 2185 boni
1473 2132 1585 2185 aut
1626 2133 1792 2184 certe
1830 2117 2184 2206 probabiles
2225 2119 2552 2207 scriptores
2586 2142 2741 2185 eun·

1051 2226 1196 2290 dem
1233 2223 1564 2290 articulum
1595 2222 1983 2287 continenter
2009 2233 2289 2310 repetere
2319 2222 2435 2288 sibi
2462 2221 2742 2287 indulse-

1050 2327 1197 2392 rint.
1290 2327 1502 2412 Negat
1533 2322 1979 2388 Boissonadius
2016 2324 2079 2387 in
2124 2323 2310 2389 docta
2349 2324 2748 2388 annotatione

1051 2431 1117 2494 in
1161 2428 1711 2495 Pseudo-Cratetis
1750 2425 2072 2515 Epistolas
2115 2426 2207 2509 (in
2241 2426 2494 2492 Notices
2522 2441 2587 2491 et
2613 2429 2748 2492 Ex-

1053 2534 1227 2598 traits
1271 2532 1413 2597 Vol.
1455 2531 1626 2615 XI.)
1671 2553 1733 2618 p.
1770 2547 1873 2596 22.
1903 2552 1995 2617 sq.
2045 2528 2151 2595 ubi
2192 2528 2607 2595 Eumathium
2634 2528 2743 2594 de·

1051 2659 1249 2712 mum,
1299 2633 1710 2700 Theodorum
1771 2631 2189 2697 Prodromum
2241 2632 2747 2719 Byzantinosque

1053 2740 1378 2827 scriptores
1405 2735 1559 2801 alios
1586 2734 1672 2800 sic
1701 2734 2011 2823 scripsisse
2041 2735 2242 2815 docet,
2263 2749 2336 2799 ut
2363 2757 2487 2799 non
2510 2735 2742 2822 impro-

1050 2841 1255 2906 babile
1301 2839 1587 2904 videatur
1635 2841 1951 2903 Cratetem
1995 2838 2179 2902 etiam
2227 2837 2418 2903 istum
2465 2837 2741 2902 dedisse:

1053 2944 1157 3008 τὸν
1188 2942 1448 3025 Διογένη
1477 2940 1585 3004 τὸν
1612 2940 1719 3005 τὸν
1742 2940 1953 3016 πολὺν,
1982 2940 2078 3005 καὶ
2106 2942 2208 3005 ὅτε
2239 2941 2334 3022 ἔζη
2365 2942 2741 3021 ἐξελόμενον.

1053 3045 1194 3109 Vid.
1239 3043 1327 3109 ibi
1366 3058 1658 3130 congesta
1701 3041 1944 3108 similia.
2031 3044 2135 3107 De
2166 3042 2458 3108 Articulo
2500 3042 2566 3107 in
2611 3065 2745 3107 sen-

1051 3147 1248 3214 tentia
1266 3146 1508 3212 infinita
1529 3145 1754 3210 omisso
1774 3168 1980 3234 nuper
1996 3145 2211 3210 monui
2238 3145 2319 3210 ad
2347 3145 2554 3210 Procli
2584 3148 2745 3211 Inst.

1056 3250 1283 3317 Theol.
1313 3275 1381 3340 p.
1408 3251 1556 3319 281.

982 3389 1001 3407 ·
1138 3378 1204 3443 p.
1239 3355 1389 3441 958,
1425 3373 1526 3418 10.
1570 3355 1608 3434 ἡ
1638 3355 1702 3418 δὲ
1733 3353 1887 3435 ἁρχὴ
1930 3352 2252 3434 ἀγέννητος
2283 3380 2335 3417 κ.
2359 3378 2412 3416 τ.
2432 3354 2525 3442 λ.]
2578 3353 2748 3417 Fons

1049 3460 1245 3547 hujus
1273 3456 1594 3523 sententia:
1631 3470 1696 3520 et
1737 3453 2178 3543 disputationis
2219 3469 2313 3519 est
2356 3454 2419 3519 in
2467 3454 2746 3520 Platonis

1052 3561 1424 3630 Parmenide
1451 3584 1517 3649 p.
1541 3578 1683 3646 154.
1713 3582 1851 3646 sqq.
1874 3582 1940 3646 p.
1970 3560 2076 3644 58.
2096 3581 2232 3645 sqq.
2267 3556 2468 3621 Bekk.
2562 3558 2746 3623 Unde

1052 3667 1237 3732 etiam
1280 3664 1491 3731 hausit
1528 3661 1787 3729 Proclus
1826 3661 1890 3725 in
1929 3663 2088 3727 Inst.
2127 3659 2353 3725 Theol.
2390 3663 2447 3745 ξ.
2485 3661 2739 3726 XXII.

1052 3794 1142 3858 sq.
1177 3793 1241 3857 p.
1274 3790 1376 3849 40.
1408 3791 1543 3855 sqq.
1616 3765 1731 3832 Ad
1760 3787 1949 3852 quem
1980 3761 2279 3829 Nicolaus
2313 3763 2747 3829 Methonensis

1052 3873 1117 3936 in
1168 3870 1576 3936 Befutatione
1616 3867 1710 3950 κβ’
1762 3892 1823 3956 p.
1857 3888 1965 3949 41.
2017 3866 2116 3931 ed.
2167 3866 2364 3954 princ.
2415 3866 2747 3948 (Voemelii

1054 3973 1278 4059 nostri)
1307 3972 1428 4036 ita:
1476 3971 1566 4034 Τὸ
1603 3973 1669 4034 δὲ
1707 3972 1947 4052 πρώτως
1988 3970 2082 4034 καὶ
2116 3971 2366 4053 άρχικῶς
2409 3967 2499 4044 ὃν,
2532 3970 2609 4037 ὥς
2634 3971 2746 4050 μὲν

1054 4079 1256 4141 ἅπλῶς
1275 4072 1365 4148 ὃν,
1397 4074 1493 4138 καὶ
1522 4071 1643 4136 κατ’
1675 4071 1856 4138 αὐτὸν
1888 4071 2245 4156 (Proclum)
2273 4074 2368 4137 καὶ
2400 4077 2546 4138 κατὰ
2576 4072 2746 4137 Πλά-

1054 4202 1231 4250 τωνα,
1278 4175 1522 4259 γένεσιν
1550 4175 1655 4240 οὐκ
1702 4174 1849 4258 ἔχει,
1880 4173 2019 4238 ἀλλ’
2068 4175 2234 4239 ἔστιν
2271 4177 2366 4240 ἀεὶ
2410 4175 2746 4259 ἀγεννήτως

1055 4282 1145 4345 ὅν.
1192 4280 1269 4346 ὡς
1309 4280 1375 4343 δὲ
1430 4278 1524 4342 καὶ
1569 4279 1822 4362 ἆρχικῶς
1866 4275 1957 4353 ὃν,
2008 4277 2143 4342 οὐδὲ
2198 4278 2574 4361 γεγέννηται.
2649 4276 2743 4341 Ἢ

1054 4381 1211 4465 τάχα
1240 4379 1361 4446 κατ’
1391 4380 1701 4462 οὐδέτερον
1728 4386 1844 4445 τῶν
1875 4378 2195 4463 εἰρημένων
2223 4382 2447 4446 τούτων
2485 4383 2519 4444 ὅ
2564 4382 2741 4464 φιλό-

1057 4493 1249 4566 σοφος
1289 4483 1458 4551 οὗτος
1493 4485 1746 4548 ἐνταῦθα
1783 4483 2107 4564 ἐξελάβετο
2135 4483 2203 4547 τὸ
2230 4485 2572 4566 μονογενὲς,
2605 4483 2741 4547 ἀλλ’

1057 4591 1220 4668 εἴπερ
1250 4587 1384 4667 ἄρα,
1406 4586 1483 4653 ὡς
1510 4584 1652 4649 αὐτὸ
1679 4586 1748 4649 τὸ
1776 4588 2015 4668 πρώτως
2044 4587 2140 4650 καὶ
2167 4587 2418 4670 ἆρχικῶς
2447 4584 2537 4661 ὃν,
2571 4586 2746 4669 γένος

1055 4688 1128 4754 ὂν
1160 4690 1254 4753 καὶ
1283 4688 1436 4772 ἀρχὴ
1464 4694 1582 4753 τῶν
1621 4690 1683 4768 ἐξ
1728 4689 1924 4763 αὐτοῦ,
1955 4691 2104 4753 οὕτω
2144 4691 2319 4753 τοῦτό
2354 4697 2561 4771 φησιν,
2594 4691 2743 4754 οὕτω

1056 4791 1105 4856 δ’
1137 4792 1212 4857 ἂν
1240 4792 1336 4859 καὶ
1363 4790 1655 4876 χρήσαιτό
1682 4817 1767 4859 τις
1795 4796 1874 4878 τῷ
1906 4791 2196 4874 δωρήματι
2222 4794 2408 4879 τούτῳ
2440 4795 2589 4858 κατὰ
2615 4797 2740 4856 Λα-

1055 4896 1233 4961 τίνων
1261 4899 1378 4959 τῶν
1406 4894 1509 4958 δύο
1538 4896 1615 4959 τὰ
1641 4895 1857 4977 άρχικᾶ
1883 4897 2042 4959 αἴτια
2069 4899 2176 4958 τοῦ
2200 4897 2531 4976 πνεύματος
2566 4895 2739 4983 (Spi-

1055 4997 1213 5061 ritus
1242 4994 1482 5080 Sancti)
1511 4995 1837 5077 λεγόντων,
1859 4994 2087 5078 πατέρα
2117 4995 2211 5058 καὶ
2237 4998 2383 5060 υἱόν.
2449 4997 2742 5083 Apposui

1056 5100 1188 5165 haec
1233 5096 1536 5177 consulto,
1563 5121 1693 5184 quo
1735 5119 1814 5161 ex
1858 5097 1976 5161 hoc
2014 5096 2300 5184 exemplo
2337 5097 2741 5186 intelligatur,

1053 5218 1438 5293 quantopere
1464 5201 1600 5266 haec
1642 5199 1890 5266 decreta
1932 5198 2248 5265 Platonica
2286 5222 2582 5265 conversa
2620 5201 2743 5267 sint

1054 5307 1137 5372 ad
1162 5304 1462 5372 doctrinae
1493 5303 1864 5370 Christiana:
1883 5302 2088 5391 capita
2115 5303 2501 5369 stabilienda.
2572 5306 2739 5369 Con-

1054 5409 1147 5474 fer
1175 5407 1256 5472 ad
1288 5407 1421 5473 haec
1461 5421 1525 5473 et
1568 5405 1889 5494 sequentia
1932 5405 2302 5472 Cudworthi
2349 5408 2513 5495 Syst.
2547 5408 2738 5473 intell.

1054 5535 1105 5576 c.
1142 5513 1258 5577 1v.
1293 5509 1729 5600 (Inaequalitas
1759 5510 2088 5577 Trinitatis
2119 5508 2516 5595 Christianae)
2551 5514 2609 5598 §-
2632 5513 2738 5599 36.

2041 504 2868 570 ANNOTATIONES
2937 505 3051 571 IN
3114 504 3571 570 PLOTINI

2840 702 2901 767 p.
2937 678 3084 761 708,
3113 677 3225 766 qui
3263 677 3495 743 ibidem
3535 691 3598 741 et
3630 676 3800 741 hunc
3845 674 4067 741 Plotini
4099 674 4294 740 nostri
4320 674 4527 740 locum

2837 780 3127 846 adhibuit
3176 800 3240 847 et
3295 805 3437 846 cum
3479 804 3556 845 eo
3598 776 3979 869 comparavit
4017 778 4418 845 Macrobium
4464 778 4532 843 in

2842 886 3052 950 Somn.
3088 885 3252 972 Scip.
3287 885 3347 948 Ι.
3380 908 3435 948 c.
3479 899 3569 965 17.

2923 1010 2990 1075 p.
3023 1005 3172 1073 959,
3202 990 3260 1052 6.
3308 990 3403 1051 δεῖ
3426 985 3497 1066 δή
3523 1010 3582 1050 τι
3611 986 3707 1050 καὶ
3734 983 3832 1049 ἄπ’
3865 984 4045 1049 αὐτοῦ
4069 982 4408 1071 γενέσθαι,]
4445 983 4525 1047 In

2837 1089 2986 1155 edit.
3027 1089 3246 1154 vitiose
3294 1088 3594 1177 scriptum
3635 1100 3769 1153 erat
3804 1087 3885 1168 μὴ
3920 1088 3984 1152 τί
4030 1084 4192 1168 (sic).
4287 1086 4530 1173 Taylor

2837 1191 3085 1259 volebat
3111 1214 3126 1258 ε
3176 1197 3270 1258 δεῖ
3292 1192 3406 1274 μέν
3433 1217 3508 1258 τι.
3598 1192 3735 1255 Nos
3771 1189 4072 1255 librorum
4118 1211 4240 1275 ope
4273 1211 4527 1253 manum

2835 1294 3069 1361 Plotini
3097 1295 3503 1360 reddidimus.

2919 1436 3008 1448 —
3040 1419 3135 1463 11.
3169 1403 3363 1463 -νοῦ
3392 1396 3805 1484 ἐνδεέστερον]
3860 1393 4049 1473 Quod
4096 1394 4354 1461 Ficinus
4395 1395 4457 1459 h.
4483 1396 4525 1460 l.

2834 1502 3041 1567 addit:
3093 1509 3138 1542 “
3167 1501 3332 1590 quod
3357 1500 3506 1564 inde
3520 1501 3740 1587 primo
3758 1499 4099 1586 gignitur,
4149 1498 4392 1585 Taylor
4417 1522 4526 1563 ex-

2831 1603 3049 1669 cidisse
3078 1602 3460 1691 suspicatur:
3509 1601 3578 1666 τὸ
3607 1602 3834 1666 ἐκεῖθεν
3860 1600 4102 1681 πρώτως
4127 1602 4523 1682 γεννώμενον,

2835 1707 3014 1772 Libri
3058 1707 3145 1771 nil
3183 1707 3477 1783 offerunt,
3509 1721 3573 1771 et
3615 1703 3810 1768 videri
3855 1716 4061 1790 potest
4103 1702 4172 1775 h.
4204 1702 4248 1769 l.
4277 1721 4351 1768 ut
4393 1726 4529 1768 sex-

2832 1810 3060 1875 centies
3088 1807 3544 1898 perspicuitatis
3569 1830 3756 1873 causa
3780 1806 3917 1870 haec
3945 1805 4259 1871 addidisse
4294 1806 4524 1871 Marsi-

2830 1911 2969 1978 lius.

2916 2038 2979 2103 p.
3010 2017 3159 2099 960,
3198 2036 3254 2079 1.
3305 2015 3418 2079 Διὸ
3451 2015 3545 2079 καὶ
3575 2013 3798 2095 εἴρηται
3830 2013 3896 2077 ἐκ
3933 2015 4036 2092 τῆς
4075 2013 4355 2095 ἀορίστου
4381 2013 4526 2077 δυά-

2831 2123 2929 2187 δος
2958 2121 3054 2183 καὶ
3082 2123 3188 2182 τοῦ
3217 2118 3350 2185 ἑνὸς
3369 2121 3444 2182 τᾶ
3468 2120 3591 2196 εἴδη
3616 2115 3711 2180 καὶ
3732 2117 3791 2179 οἱ
3812 2114 4099 2202 ἀριθμοί]
4149 2113 4523 2202 Inspiciendi

2832 2237 2978 2287 sunt
3023 2219 3304 2285 Platonis
3346 2217 3771 2295 Parmenides,
3805 2216 4102 2282 Philebus
4144 2231 4208 2281 et
4248 2217 4525 2305 primarii

2832 2323 2948 2389 loci
2976 2323 3041 2387 in
3074 2323 3321 2388 Timaeo
3347 2345 3416 2410 p.
3439 2337 3544 2408 35.
3579 2345 3671 2409 sq.
3705 2335 3770 2384 et
3797 2343 3863 2407 p.
3885 2339 3994 2405 51.
4024 2318 4300 2407 itemque
4326 2320 4390 2384 in
4415 2322 4526 2385 So-

2832 2427 3037 2514 phista
3082 2450 3149 2515 p.
3196 2445 3337 2511 255.
3385 2448 3524 2512 sqq.
3577 2438 3640 2488 et
3697 2421 4112 2487 conferendus
4165 2421 4526 2489 Aristoteles

2835 2529 3226 2616 Metaphyss.
3261 2527 3321 2591 1.
3352 2529 3412 2591 6.
3452 2541 3516 2591 et
3561 2526 3782 2612 Physs.
3827 2524 4145 2589 Auscultt.
4184 2524 4322 2589 ΙΙΙ.
4351 2550 4418 2605 4.
4461 2539 4526 2591 et

2835 2633 2975 2698 ΙΙΙ.
3035 2635 3099 2698 6.
3208 2630 3574 2717 Attigerunt
3625 2645 3837 2694 autem
3885 2628 4023 2692 haec
4072 2627 4418 2693 Plotiniana
4460 2645 4526 2693 et

2829 2758 2977 2823 quae
2995 2734 3292 2822 leguntur
3310 2757 3373 2822 p.
3394 2751 3544 2819 512.
3579 2756 3642 2821 p.
3663 2752 3814 2817 514.
3839 2755 3904 2820 p.
3921 2746 4072 2815 535.
4094 2754 4185 2817 sq.
4215 2729 4520 2796 Brucker.

2827 2836 2893 2901 in
2941 2837 3112 2903 Hist.
3149 2837 3309 2902 Crit.
3351 2835 3584 2901 Philos.
3618 2836 3720 2900 ΙΙ.
3748 2858 3814 2922 p.
3838 2854 3988 2917 401.
4037 2848 4102 2898 et
4150 2833 4521 2901 Cudworth.

2827 2941 2890 3004 in
2949 2943 3114 3028 Syst.
3160 2939 3352 3004 intell.
3406 2940 3522 3003 IV.
3562 2941 3667 3024 36.
3716 2960 3781 3025 p.
3813 2938 3959 3022 690.
4008 2960 4102 3024 sq.
4193 2935 4378 3001 Adde
4429 2934 4524 3001 his

2829 3043 3252 3109 doctissimum
3276 3041 3566 3106 Brandis.
3593 3040 3658 3105 in
3688 3038 3959 3105 Diatrib.
3993 3039 4074 3104 de
4100 3039 4364 3127 perditis
4387 3040 4525 3105 Ari·

2832 3145 3065 3212 stotelis
3092 3144 3266 3210 libris
3303 3145 3385 3209 de
3434 3144 3606 3209 Ideis
3644 3158 3708 3208 et
3745 3142 3828 3208 de
3867 3144 4048 3207 Bono
4076 3142 4205 3208 sive
4235 3143 4517 3209 Philoso-

2829 3249 2982 3337 phia
3007 3272 3075 3338 p.
3113 3269 3212 3335 27.
3246 3248 3351 3313 ubi
3386 3263 3449 3312 et
3476 3247 3598 3312 alia
3626 3261 3689 3312 et
3715 3246 3852 3312 haec
3881 3246 4126 3336 posuit:
4173 3254 4217 3287 “
4249 3249 4521 3313 Monen-

2831 3355 2988 3418 dum
3016 3367 3224 3418 autem
3256 3366 3372 3430 est,
3405 3350 3778 3416 vocabulum
3822 3351 4096 3435 infinita:
4121 3350 4354 3438 dyadis
4383 3349 4520 3415 Pla-

2831 3456 3052 3523 tonicis
3106 3454 3675 3542 recentioribusque
3731 3453 4144 3541 Pythagoreis
4196 3454 4523 3542 proprium

2830 3584 2982 3640 esse,
3039 3582 3243 3646 neque
3300 3573 3446 3623 ante
3502 3557 3641 3621 illos
3699 3571 4087 3644 usurpatum.
4176 3557 4521 3644 Nunquam

2829 3663 2993 3728 enim
3030 3661 3391 3727 Aristoteles
3431 3660 3498 3725 id
3542 3659 3764 3726 tribuit
3810 3657 4245 3746 Pythagoreis,
4287 3682 4362 3724 ac
4405 3683 4518 3724 soe-

2830 3767 2972 3854 pius
3018 3779 3460 3831 commemorat
3503 3785 3701 3828 unum
3746 3785 3851 3827 eos
3894 3760 4208 3826 infinitum
4245 3762 4521 3849 posuisse

2832 3869 3159 3933 Platonem
3188 3890 3337 3932 vero
3364 3865 3517 3946 duo,
3547 3866 3615 3930 τὸ
3642 3866 3800 3948 μέγα
3828 3862 4056 3929 scilicet
4097 3864 4191 3928 καὶ
4219 3864 4287 3928 τὸ
4313 3868 4521 3947 μικρόν

2833 3971 2982 4037 &c.''
3010 3971 3088 4036 cf.
3120 3993 3191 4058 p.
3221 3973 3325 4052 64
3416 3972 3579 4035 Mox
3597 3967 3676 4054 'gin
3710 3990 3905 4056 marg.
3936 3965 4063 4032 Ed.
4095 3965 4287 4032 Basil.
4316 3967 4412 4033 bis
4437 3967 4525 4032 le-

2829 4074 3002 4162 gitur
3029 4078 3155 4155 εἴδη
3182 4096 3302 4161 pro
3329 4073 3456 4154 ἤδη.
3525 4073 3674 4159 Ego
3703 4070 3993 4136 Ficinum
4013 4069 4131 4134 hoc
4153 4070 4353 4158 magis
4380 4094 4519 4137 sum

2830 4193 3100 4255 secutus,
3130 4175 3425 4263 quoniam
3461 4197 3590 4239 uno
3628 4192 3912 4260 excepto,
3940 4172 4051 4260 qui
4082 4172 4359 4238 secundo
4385 4173 4522 4240 loco

2832 4284 2955 4360 εἴδη
2984 4280 3115 4359 dat,
3151 4277 3375 4366 reliqui
3410 4301 3551 4343 cum
3590 4276 3843 4364 vulgato
3880 4275 4237 4341 concinunt.
4325 4276 4524 4343 Addo

2829 4381 3042 4447 similis
3089 4379 3442 4468 argumenti
3488 4378 3692 4444 locum
3739 4377 4020 4466 Eunapii
4066 4377 4134 4442 in
4182 4379 4520 4467 Excerptis

2832 4484 3068 4549 Histor.
3096 4483 3162 4547 in
3199 4480 3434 4570 Angeli
3473 4481 3633 4545 Maii
3673 4482 3858 4546 Nova
3898 4479 4157 4546 Collect.
4187 4480 4383 4546 Vatic-
4417 4482 4517 4547 11.

2830 4610 2891 4675 p.
2928 4606 3049 4674 257
3073 4585 3442 4668 ε-καθάπερ
3472 4587 3531 4650 οἱ
3558 4586 3925 4667 Πυθαγόριοι
3953 4584 4129 4667 φασὶ,
4150 4583 4406 4664 μονάδος
4423 4587 4522 4650 ἐπὶ

2830 4690 3014 4755 δυάδα
3051 4691 3399 4771 κινηθείσης,
3431 4687 3570 4753 οὐδέ
3603 4687 3660 4753 τι
3697 4689 3806 4767 τὴν
3833 4692 3951 4751 τῶν
3996 4688 4254 4769 ἀριθμῶν
4279 4688 4521 4771 ἠρεμεῖν

2829 4795 3035 4876 φύσιν,
3095 4796 3259 4858 ἀλλὰ
3306 4795 3642 4876 διαχεῖσθαι
3701 4791 3795 4854 καὶ
3843 4792 3974 4872 ῥεῖν
4019 4793 4080 4857 ἐς
4130 4791 4308 4855 πολύ.
4403 4789 4520 4855 Ad

2828 4918 3016 4982 quem
3046 4895 3249 4960 locum
3294 4894 3523 4960 Editor
3567 4893 3893 4959 Plutarchi
3919 4892 4112 4958 verba
4149 4891 4232 4958 de
4266 4893 4423 4960 Isid.
4456 4911 4520 4962 et

2829 4998 2990 5064 Osir.
3041 4997 3132 5085 (p.
3165 5000 3314 5084 365.
3348 4999 3421 5061 C.
3467 5020 3530 5085 p.
3563 4997 3718 5081 496.
3759 4998 4000 5086 Wytt.)
4041 4995 4297 5062 laudat:
4345 4998 4415 5062 τὸ
4451 5001 4518 5063 δὲ

2826 5099 3117 5168 πολλάκις
3143 5102 3432 5180 εἰώθαμεν
3456 5099 3550 5163 καὶ
3566 5101 3689 5182 τρὶς
3709 5098 4219 5181 Mysia—Mox:
4256 5099 4387 5164 ἔστι
4405 5103 4518 5181 μὲν

2828 5204 2934 5268 οὖν
2976 5203 3071 5267 καὶ
3110 5203 3282 5270 αὐτὸς
3325 5201 3539 5283 νοητὸν
3581 5204 3744 5267 ἀλλὰ
3788 5202 3883 5266 καὶ
3926 5207 4098 5266 νοῶν.
4187 5203 4521 5289 Expressit

2831 5304 3252 5392 Philosophus
3273 5303 3631 5370 Aristotelis
3651 5304 4017 5371 sententiam
4037 5304 4102 5370 in
4122 5306 4515 5396 Metaphyss.

2831 5408 2965 5472 XI.
3006 5425 3070 5489 7.
3113 5429 3180 5494 p.
3213 5426 3359 5493 203.
3408 5406 3585 5496 Sylb.
3629 5430 3698 5495 p.
3731 5426 3872 5493 249.
3921 5406 4518 5475 Βταῑιάἰεὶὶε-ὥστε

2827 5510 3042 5577 ταύτὸν
3070 5514 3206 5579 νοῦς
3233 5511 3330 5577 καὶ
3358 5509 3591 5592 νοητόν.
3670 5509 3861 5576 Plura
3878 5532 3961 5576 ex
3986 5532 4062 5576 eo
4088 5508 4225 5577 loco
4251 5514 4520 5602 apposui
