5118 6613
1001 515 1040 581 3
1058 495 1129 558 18

1006 668 1325 733 Timaeum
1356 689 1420 754 p.
1442 685 1549 753 37.
1570 665 1678 753 38.
1709 690 1769 754 p.
1790 668 1899 753 36.
1925 689 2019 753 sq.
2044 663 2244 730 Bekk.
2276 686 2464 752 quem
2493 662 2701 727 locum

1969 490 2807 558 ANNOTATIONES
2873 492 2986 557 IN
3058 491 3512 557 PLOTINI

2876 687 2940 752 p.
2968 684 3153 746 1040,
3195 684 3246 728 ι.
3280 661 3474 729 Ὅσαι
3502 665 3568 728 δὲ
3598 663 3889 743 ποιητικαὶ
3920 665 4483 745 αἰσθητῶν-ἰατρι-

1006 770 1190 836 etiam
1224 793 1415 857 supra
1449 770 1694 857 respicit
1728 769 2009 837 Plotinus
2037 792 2102 857 p.
2126 770 2277 855 326.
2298 786 2447 854 329.
2476 782 2540 831 et
2555 785 2702 852 330.
2794 769 3066 848 κὴ-ἥτε
3111 769 3245 850 περὶ
3291 766 3675 850 ἰσχὺν-καὶ
3720 767 3952 845 εὐεξίαν
4001 764 4155 849 (His
4196 766 4491 831 extremis

1011 875 1095 938 D.
1187 876 1350 938 Mox
1380 871 1519 937 illa·
1569 871 1636 936 τὸ
1681 875 1837 939 ἄλλο
1875 875 1942 937 ἑν
1972 874 2143 957 ἄλλῳ
2179 894 2328 935 cave
2356 867 2708 934 confundas
2793 892 2978 935 nemo
3015 893 3140 935 non
3181 868 3355 933 videt
3389 869 3789 952 γυμναστικὴν
3827 867 4169 955 designari)
4218 897 4270 934 κ.
4305 894 4359 934 τ.
4393 871 4489 953 λ.]

1011 1000 1155 1042 cum
1183 976 1344 1041 illis
1329 998 1394 1040 ιιι
1426 975 1747 1041 Phoedone
1778 999 1843 1064 p.
1877 976 2000 1062 83;
2049 973 2168 1039 οὐδ’
2199 976 2323 1053 ἥτις
2351 974 2518 1037 ἔστιν
2548 974 2708 1050 ἄλλη

1016 1083 1083 1146 ἑν
1115 1082 1305 1165 ἄλλῳ,
1336 1102 1467 1166 quo
1508 1102 1806 1195 corporea
1848 1095 2074 1143 natura
2119 1076 2523 1164 significatur,
2568 1098 2713 1164 quae

1017 1206 1128 1270 per
1168 1205 1384 1246 sensus
1428 1182 1789 1270 percipitur.
1879 1179 2019 1245 Vid.
2050 1194 2264 1245 annot.
2296 1194 2487 1243 nostr.
2521 1177 2603 1244 ad
2636 1180 2715 1242 V.

1019 1288 1080 1350 8.
1110 1306 1174 1367 4.
1203 1308 1266 1372 p.
1298 1288 1445 1371 546.
1480 1287 1565 1350 D.
1660 1283 2101 1372 Comparanda
2141 1283 2278 1347 haec
2321 1297 2470 1346 sunt
2507 1282 2721 1370 potius

1017 1411 1163 1454 cum
1191 1387 1333 1467 illis,
1364 1411 1511 1476 quae
1543 1386 1950 1476 philosophus
1978 1402 2187 1452 noster
2209 1387 2282 1449 V.
2318 1385 2379 1449 8.
2413 1406 2474 1470 9.
2505 1383 2721 1473 dispu-

1021 1508 1138 1570 tat,
1169 1492 1511 1580 proesertim
1539 1514 1607 1578 p.
1630 1512 1777 1576 550.
1802 1494 1875 1556 C.
1902 1492 1985 1555 D.

1108 1619 1168 1683 p.
1197 1614 1381 1681 1039,
1409 1614 1469 1680 5.
1519 1600 1697 1660 κακοῦ
1738 1598 1853 1678 γὰρ
1893 1592 2155 1680 οὐδενὸς]
2211 1594 2374 1657 Haec
2401 1590 2720 1679 quomodo

1022 1698 1281 1765 Ficinus
1306 1697 1632 1785 acceperit,
1660 1698 1872 1785 arguit
1901 1696 2117 1761 versio.
2190 1695 2467 1783 Taylor:
2518 1702 2564 1734 “
2590 1696 2719 1759 For

1024 1801 1198 1867 there
1239 1802 1291 1867 is
1335 1825 1417 1866 no
1457 1800 1785 1889 paradigm
1832 1802 1907 1866 of
1943 1800 2066 1865 evil
2114 1797 2344 1864 there.”
2436 1799 2718 1863 Fortasse

1025 1919 1167 1992 post
1196 1903 1435 1972 οὐδενὸς
1459 1904 1690 1969 excidit
1720 1904 1873 1972 εἶδος
1900 1927 1983 1968 sc.
2017 1904 2186 1967 ἐστὶν
2214 1906 2353 1968 ἐκεῖ.
2421 1903 2717 1966 Ceterum

1022 2008 1102 2073 ad
1148 2007 1283 2072 haec
1325 2024 1603 2072 extrema
1646 2006 1868 2073 decimi
1911 2005 2130 2094 capitis
2173 2005 2527 2070 adhibenda
2573 2020 2720 2069 sunt

1023 2135 1118 2192 ea,
1151 2134 1298 2198 quae
1341 2109 1420 2175 ad
1465 2109 1717 2176 titulum
1763 2109 1955 2197 hujus
2002 2109 2142 2173 libri
2181 2132 2217 2173 e
2262 2108 2508 2198 Syriani
2549 2130 2717 2171 com-

1025 2214 1340 2281 mentariis
1368 2214 1430 2279 in
1464 2213 1820 2279 Aristotelis
1850 2212 2290 2302 Metaphysica
2334 2214 2396 2277 in
2442 2209 2717 2277 medium

1024 2318 1420 2406 protulimus.
1510 2318 1654 2384 Vid.
1687 2341 1876 2405 supra
1906 2340 1969 2404 p.
1993 2334 2146 2403 555.

1112 2458 1201 2471 —
1219 2421 1280 2486 8.
1307 2427 1447 2486 Τῶν
1477 2421 1546 2500 δὴ
1575 2426 1804 2503 τεχνῶν
1832 2421 1973 2484 ὅσαι
2009 2417 2498 2499 μιμητικαὶ-οὗκ
2526 2417 2603 2482 ἂν
2635 2420 2719 2481 εἰ·

1022 2523 1203 2593 κότως
1230 2528 1357 2590 ε’κεῖ
1381 2525 1728 2612 ἀνάγοιντο]
1779 2523 2171 2609 Conjunctus
2210 2536 2304 2585 est
2331 2520 2434 2586 hic
2464 2519 2718 2584 univer·

1023 2650 1130 2693 sus
1172 2626 1345 2692 locus
1386 2649 1529 2693 cum
1575 2624 1997 2714 disputatione
2028 2625 2091 2689 in
2121 2624 2298 2689 initio
2328 2623 2469 2688 libri
2496 2622 2720 2689 decimi

1027 2728 1367 2795 Platonica!
1407 2728 1797 2815 Reipublicoe
1839 2752 1906 2817 p.
1935 2748 2086 2813 595.
2117 2751 2251 2815 sqq.
2300 2752 2366 2816 p.
2398 2729 2550 2807 466.
2583 2751 2721 2815 sqq.

1023 2831 1223 2898 Bekk.
1255 2830 1365 2896 ubi
1395 2830 1681 2919 pictores,
1710 2839 1914 2918 poe'tae
1957 2829 2197 2918 tragici,
2230 2846 2529 2917 tanquam
2572 2829 2718 2894 imi-

1025 2948 1256 2999 tatores
1298 2931 1482 2996 tertio
1522 2932 1726 3018 gradu
1775 2956 1814 2997 a
1856 2949 2081 2998 natura
2124 2932 2355 2998 distare
2399 2932 2720 3013 dicuntur,

1026 3034 1339 3120 variaeque
1396 3047 1580 3110 arteS,
1624 3057 1770 3121 quae
1822 3036 1904 3100 ab
1947 3035 2305 3100 hominibus
2352 3051 2721 3114 tractantur,

1026 3136 1294 3204 examini
1345 3136 1779 3222 subjiciuntur.
1886 3139 2093 3203 Locus
2140 3137 2302 3202 enim
2354 3153 2525 3203 totus
2577 3162 2720 3203 cum

1026 3254 1240 3308 nostro
1267 3239 1725 3328 comparandus
1752 3255 1864 3305 est.
1956 3240 2145 3321 Quod
2177 3240 2227 3305 si
2257 3265 2405 3306 vero
2431 3241 2575 3330 quis
2609 3265 2719 3331 pa·

1028 3368 1169 3410 rum
1215 3343 1332 3409 sibi
1368 3359 1650 3409 constare
1682 3344 2003 3410 Plotinum
2048 3344 2302 3423 dixerit,
2336 3364 2406 3410 ut
2449 3345 2565 3433 qui
2606 3345 2726 3411 hoc

1027 3450 1165 3514 loco
1205 3447 1563 3513 statuariam
1611 3462 1807 3514 artem
1841 3448 1979 3530 (τὴν
2008 3448 2554 3535 ἆνδριαντοποιΐαν)
2588 3464 2725 3515 tan-

1027 3574 1218 3639 quam
1269 3549 1658 3616 imitatricem
1711 3575 2147 3639 corporearum
2201 3552 2544 3617 formarum
2600 3575 2726 3617 non

1026 3653 1292 3720 sublime
1335 3669 1614 3742 spectare
1633 3654 1899 3741 judicet,
1930 3677 2075 3719 cum
2104 3669 2313 3719 tamen
2339 3654 2505 3720 idem
2536 3678 2728 3742 supra

1028 3757 1110 3823 de
1139 3756 1369 3822 Phidia
1395 3756 1695 3822 statuario
1720 3757 1929 3822 omnia
1956 3755 2078 3820 alia
2103 3757 2416 3831 docuerit;
2451 3760 2557 3841 (V.
2582 3760 2644 3822 8.
2669 3780 2726 3822 1.

1030 3884 1092 3949 p.
1126 3878 1276 3944 542.
1309 3861 1404 3924 E:
1454 3861 1726 3926 ἔπλασεν
1752 3863 1786 3924 ὁ
1816 3862 2056 3928 Φειδίας
2081 3858 2188 3925 τὸν
2219 3863 2341 3925 Δία
2367 3859 2514 3944 πρὸς
2555 3862 2729 3926 οὐδὲν

1032 3962 1316 4041 αἰσθητὸν
1344 3962 1597 4043 ποιήσας
1628 3991 1679 4027 κ.
1700 3989 1752 4027 τ.
1777 3967 1872 4048 λ.)
1913 3986 2036 4027 non
2080 3962 2279 4050 magis
2322 3964 2439 4029 sibi
2481 3979 2726 4030 contra-

1030 4065 1179 4131 dicit
1211 4063 1503 4129 Plotinus
1545 4087 1734 4151 quam
1785 4064 1991 4144 Plato,
2032 4066 2146 4153 qui
2186 4068 2250 4130 in
2301 4067 2514 4132 iisdem
2558 4067 2731 4133 libris

1032 4168 1114 4233 de
1162 4166 1514 4255 Republica
1560 4173 1662 4251 (ut
1706 4168 1779 4232 V.
1829 4191 1892 4255 p.
1923 4187 2070 4250 472.
2119 4193 2184 4257 p.
2221 4187 2366 4256 259.
2413 4170 2621 4236 Bekk.
2667 4186 2733 4237 et

1034 4271 1349 4358 praecipue
1380 4271 1494 4334 VI.
1542 4269 1676 4335 init.
1722 4294 1789 4358 p.
1821 4271 1972 4351 484.
2017 4295 2083 4359 p.
2120 4290 2264 4358 275.
2294 4288 2359 4339 et
2387 4273 2449 4337 in
2484 4275 2733 4339 Timaeo

1034 4398 1097 4463 p.
1123 4373 1221 4439 28.
1245 4375 1330 4436 A.
1354 4374 1431 4437 B.
1462 4395 1523 4460 p.
1553 4377 1687 4460 23.)
1719 4372 1932 4437 divina
1961 4374 2606 4461 praestantissimorum
2638 4400 2736 4441 ar..

1034 4479 1294 4556 tiflcum,
1342 4477 1555 4543 divina
1597 4477 1889 4566 exempla
1935 4479 2430 4567 suspicientium,
2483 4481 2734 4570 ingenia

1037 4606 1160 4647 non
1191 4581 1454 4670 ignorat.
1530 4582 1676 4648 Vid.
1704 4582 1891 4648 etiam
1922 4606 2069 4670 quae
2098 4607 2288 4672 supra
2314 4585 2642 4672 posuimus
2667 4585 2729 4649 in

1040 4689 1274 4751 Annot.
1306 4685 1387 4751 ad
1414 4709 1481 4774 p.
1502 4706 1655 4770 541.
1676 4688 1756 4752 B.
1787 4700 1851 4751 et
1878 4687 1959 4751 ad
1991 4686 2094 4751 l.l.
2126 4712 2190 4776 p.
2214 4706 2366 4773 542.
2389 4690 2474 4754 E.

1123 4825 1212 4837 ·—
1237 4789 1332 4852 16.
1362 4789 1400 4868 ἡ
1427 4790 1539 4868 μὲν
1560 4790 1696 4870 περὶ
1722 4786 1945 4871 ῥυθμὸν
1971 4789 2067 4854 καὶ
2096 4793 2384 4873 ἁρμονίαν
2406 4791 2634 4875 ἔχουσα
2661 4794 2737 4856 τὰ

1040 4891 1327 4975 νοήματα]
1382 4893 1528 4956 Non
1561 4913 1791 4969 moror,
1822 4890 1992 4977 quod
2035 4891 2097 4956 in
2141 4892 2381 4979 aliquot
2424 4893 2598 4958 libris
2641 4893 2736 4958 bis

1039 4995 1098 5058 h.
1120 4994 1164 5058 l.
1197 4994 1498 5082 scriptum
1527 5009 1660 5058 erat
1689 4992 1935 5076 ἀριθμὸν
1956 5017 2073 5080 pro
2100 4992 2345 5077 ῥυθμόν.
2377 4998 2540 5060 Haec
2569 4996 2734 5060 enim

1040 5096 1324 5163 confusio
1366 5095 1734 5174 communi8‚
1764 5111 1828 5162 et
1858 5096 2135 5162 Graeculi
2180 5097 2485 5177 nonnulli,
2514 5100 2627 5187 qui
2672 5101 2734 5164 in

1044 5200 1288 5265 Latinis
1330 5199 1734 5287 scriptoribus
1764 5198 1931 5263 vocis
1958 5220 2262 5263 numerus
2305 5222 2429 5264 non
2473 5202 2737 5266 assecuti

1041 5319 1243 5369 essent
1285 5315 1679 5391 potestatem,
1710 5301 1888 5367 facile
1915 5302 1996 5366 ad
2025 5302 2461 5390 corrigendum
2493 5302 2740 5370 deflecti

1046 5420 1354 5492 poterant.
1429 5403 1632 5468 Ficini
1661 5419 1871 5469 autem
1904 5403 2243 5469 versionem
2273 5404 2467 5491 hujus
2495 5405 2611 5472 loci
2643 5431 2739 5472 re-

1048 5507 1363 5588 finximuS,
1389 5508 1560 5596 quod
1592 5509 1823 5573 fecerat
1853 5506 2040 5573 etiam
2072 5508 2328 5595 Taylor.

2799 976 2960 1039 Hoec
3000 996 3144 1061 pars
3181 972 3375 1059 hujus
3415 970 3637 1059 capitis
3676 971 3972 1036 admonet
4000 970 4491 1058 disputationum

2797 1093 2862 1142 et
2905 1076 3463 1164 comparationum,
3508 1097 3654 1162 quae
3703 1073 3770 1138 in
3820 1073 4100 1139 Platonis
4143 1074 4386 1163 Gorgia
4427 1098 4491 1162 p.

2800 1183 2951 1262 464.
2992 1204 3129 1268 sqq.
3175 1180 3338 1245 circa
3382 1177 3581 1242 varias
3620 1191 3786 1242 artes
3827 1177 4265 1243 instituuntur.
4353 1176 4496 1241 Alio

2801 1283 3056 1349 consilio
3082 1298 3245 1349 artes
3282 1282 3469 1347 etiam
3508 1295 3906 1347 recensentur
3933 1280 4016 1346 ab
4044 1279 4500 1369 Olympiodoro

2804 1389 2868 1453 in
2900 1386 3111 1453 Alcib.
3147 1409 3242 1474 pr.
3271 1386 3440 1451 XX.
3472 1407 3535 1472 p.
3564 1384 3704 1468 178.
3738 1408 3836 1471 sq.

2888 1529 2977 1541 —
2999 1513 3060 1577 9.
3107 1496 3163 1557 εἴ
3188 1515 3343 1557 τινες
3372 1489 3565 1553 αὐτῶν
3592 1486 3662 1552 τὸ
3695 1485 3883 1552 καλὸν
3914 1486 4286 1571 κοινωνοῦσι]
4341 1485 4497 1549 Sus·

2803 1596 3048 1683 picetur
3072 1594 3331 1659 fortasse
3373 1590 3685 1679 quispiam
3731 1593 4012 1663 κοινοῦσι,
4042 1588 4386 1677 divulgant
4418 1588 4496 1669 (s.

2803 1699 2866 1763 in
2892 1699 3233 1763 multorum
3256 1694 3727 1761 admirationem
3749 1714 4149 1779 amoremque
4169 1689 4499 1779 explicant.

2809 1803 2935 1867 Sed
2965 1817 3172 1866 tamen
3200 1822 3344 1866 cum
3374 1798 3505 1864 duo
3529 1796 3675 1862 libri
3701 1795 4040 1862 exhibeant
4066 1799 4148 1882 τῷ
4178 1798 4360 1880 καλῷ,
4389 1816 4503 1881 po-

2806 1907 2930 1970 tius
2974 1904 3285 1993 scripsisse
3332 1901 3653 1968 Plotinum
3699 1898 4084 1986 putaverim:
4141 1903 4261 1962 τῶν
4306 1900 4505 1961 καλόν

2808 2004 3451 2085 κοινωιοῦσι.-Ωιιοά
3481 2003 3891 2093 philosophus
3931 2017 4142 2067 noster
4168 2002 4289 2067 sub
4316 2000 4504 2064 finem

2805 2111 3024 2199 capitis
3062 2108 3483 2175 Geometriam
3529 2107 3605 2172 iis
3642 2121 3923 2173 accenset
3966 2104 4326 2193 disciplinis,
4356 2127 4502 2190 quae

2805 2215 2969 2278 circa
3016 2228 3251 2278 oeterna
3298 2225 3646 2288 versantur,
3695 2209 3979 2296 sequitur
4028 2208 4096 2272 in
4144 2231 4224 2273 eo
4261 2204 4503 2295 judicio

2809 2318 3138 2383 Platonem
3182 2339 3383 2382 suum.
3469 2312 3614 2378 Vid.
3646 2312 3727 2379 de
3754 2313 3920 2401 Rep.
3943 2313 4100 2377 VII.
4131 2335 4196 2400 p.
4219 2313 4371 2397 526.
4405 2333 4500 2397 sq.

2807 2444 2875 2509 p.
2903 2421 3054 2507 348.
3085 2444 3221 2508 sqq.
3259 2419 3488 2497 Bekk.,
3517 2416 3628 2505 qui
3658 2415 3915 2505 quidem
3943 2431 4008 2481 et
4034 2415 4168 2503 ipse
4196 2414 4314 2479 hac
4341 2413 4406 2477 in
4435 2436 4504 2478 re

2806 2524 3351 2613 Pythagoreorum
3380 2521 3680 2587 rationem
3710 2533 4000 2584 sectatur.
4070 2518 4252 2597 Vide,
4285 2531 4357 2582 ut
4381 2515 4502 2581 hoc

2808 2651 2937 2692 uno
2958 2643 3123 2706 utar,
3148 2627 3457 2715 Archytae
3482 2623 3809 2690 Tarentini
3837 2622 4067 2702 locum,
4090 2644 4282 2709 quem
4310 2643 4503 2708 supra

2805 2731 2887 2796 ad
2931 2731 3124 2819 hujus
3164 2730 3306 2796 libri
3336 2753 3475 2818 cap.
3509 2727 3843 2816 septimum
3880 2732 3968 2814 (p.
3998 2728 4149 2812 560.
4177 2724 4353 2807 infr.)
4387 2747 4499 2812 ap-

2806 2834 3152 2923 posuimus.

2893 2975 2982 2987 —
3010 2955 3106 3021 17.
3148 2935 3217 3001 τὸ
3248 2937 3313 3000 δὲ
3345 2934 3470 3000 καθ’
3506 2935 3779 3007 ἕκαστον,
3811 2933 3903 2996 ὅτι
3937 2931 4018 3011 μὴ
4054 2929 4122 2995 τὸ
4166 2928 4308 2995 αὐτὸ
4347 2932 4504 2996 ἄλλο

2809 3041 3010 3128 ἄλλῳ]
3048 3041 3149 3104 Sc.
3184 3041 3367 3104 ἐστίν.
3446 3036 3780 3117 Quomodo
3810 3034 4068 3100 Ficinus
4097 3033 4232 3098 haec
4257 3056 4508 3121 accepe-

2809 3143 2915 3223 rit,
2941 3141 3214 3207 declarat
3235 3140 3436 3205 versio
3460 3139 3707 3205 Latina.
3751 3137 3986 3225 Taylor
4005 3136 4119 3202 ita:
4154 3145 4200 3176 ‘⁶
4218 3136 4504 3223 Though

2810 3246 2858 3310 it
2889 3261 3057 3311 must
3084 3245 3163 3310 be
3193 3242 3555 3310 considered
3588 3242 3734 3306 with
3775 3255 4015 3329 respect
4043 3255 4109 3305 to
4136 3262 4307 3319 man,
4339 3239 4504 3305 whe-

2812 3349 2952 3415 ther
2991 3347 3098 3413 the
3133 3349 3295 3413 form
3335 3348 3410 3413 of
3439 3371 3479 3412 a
3522 3345 3862 3435 particular
3897 3368 4042 3410 man
4077 3344 4132 3409 is
4172 3345 4368 3423 there,
4397 3355 4508 3410 not

2809 3454 3064 3518 because
3090 3452 3166 3515 he
3191 3454 3251 3517 is
3279 3452 3380 3517 the
3406 3472 3578 3516 same
3607 3451 3757 3516 with
3784 3450 4048 3514 another
4074 3449 4281 3512 man.”
4341 3450 4506 3513 Haec

2811 3571 3090 3621 extrema
3117 3577 3244 3620 non
3273 3553 3576 3641 intelligo.
3666 3555 3813 3640 Ego
3840 3550 4042 3616 locum
4074 3550 4166 3616 ita
4203 3550 4504 3638 interpre-

2812 3673 2946 3723 tor:
2998 3656 3171 3722 Illud
3210 3680 3359 3721 vero
3394 3655 3708 3742 singulare
3748 3653 3946 3739 (dico)
3989 3652 4142 3740 quia
4177 3675 4302 3717 non
4341 3652 4510 3717 idem

2816 3761 2907 3844 (v.
2926 3784 2979 3825 c.
3012 3761 3393 3844 membrum)
3424 3758 3597 3823 aliud
3634 3772 3729 3823 est
3764 3755 3887 3822 alii.
3980 3755 4169 3835 Quod
4207 3770 4350 3843 post
4390 3757 4503 3820 So-

2813 3864 2998 3929 cratis
3026 3862 3403 3929 mentionem
3433 3860 3716 3927 Plotinus
3741 3859 4037 3925 continuo
4066 3856 4377 3939 σψότητος
4404 3881 4510 3923 ex-

2814 3969 3092 4054 emplum
3136 3965 3425 4054 subjicit:
3473 3964 3966 4029 obversabantur
3993 3961 4051 4027 ei
4082 3961 4198 4027 loci
4227 3960 4510 4027 Platonis

2814 4071 3208 4158 aliorumque
3252 4068 3730 4147 Socraticorum,
3765 4067 3874 4155 qui
3923 4068 4235 4131 Socratem
4281 4065 4510 4130 simum

2816 4173 3006 4238 fuisse
3033 4172 3350 4261 produnt;
3400 4169 3569 4235 unde
3596 4192 3764 4250 eum,
3794 4168 3937 4234 licet
3975 4190 4101 4232 non
4130 4166 4258 4231 sola
4285 4167 4404 4233 hac
4429 4167 4512 4233 de

2817 4300 3025 4352 causa,
3076 4275 3299 4341 Silenis
3349 4288 3668 4362 comparat
3712 4269 4074 4337 Alcibiades
4117 4269 4184 4335 in
4234 4271 4518 4337 Platonis

2822 4379 3129 4445 Convivio
3158 4403 3218 4466 p.
3251 4397 3392 4465 215.
3424 4402 3487 4464 p.
3512 4394 3661 4463 452.
3695 4374 3899 4441 Bekk.
3933 4374 4041 4440 ubi
4069 4374 4299 4439 adhibe
4325 4375 4518 4441 Scho-

2817 4483 2901 4547 lia
2942 4498 3006 4547 et
3046 4481 3131 4546 cf.
3177 4497 3392 4546 annot.
3425 4481 3487 4545 in
3523 4481 3657 4545 Cic.
3691 4479 3772 4544 de
3802 4480 3887 4544 N.
3912 4479 4000 4542 D.
4026 4479 4085 4544 1.
4115 4498 4224 4564 34.
4267 4501 4335 4566 p.
4369 4499 4514 4565 154.

2818 4585 2922 4651 ed.
2955 4584 3213 4650 Moseri.
3264 4587 3505 4672 Cyrum
3537 4597 3754 4647 contra
3780 4580 4126 4669 aquilinum
4156 4580 4348 4646 fuisse
4377 4604 4517 4647 nar-

2818 4689 3041 4753 rabant
3073 4688 3296 4765 Persae,
3330 4702 3484 4752 teste
3512 4684 3947 4773 Olympiodor.
3979 4685 4042 4748 in
4069 4683 4280 4749 Alcib.
4313 4707 4412 4772 pr.
4444 4708 4511 4773 p.

2827 4810 2971 4878 154.
3003 4790 3112 4856 ubi
3138 4789 3303 4855 conf.
3334 4805 3543 4855 annot.
3575 4803 3639 4853 et
3666 4788 3966 4876 quoniam
4008 4786 4237 4852 ibidem
4271 4787 4511 4853 Alcibi-

2819 4895 2956 4960 adis
2986 4893 3347 4982 pulcritudo
3372 4908 3776 4972 memoratur,
3807 4891 3935 4956 vid.
3967 4890 4260 4955 Proclum
4295 4889 4362 4955 in
4392 4889 4513 4956 Al-

2821 4998 2939 5063 cib.
2974 5019 3069 5083 pr.
3094 5011 3158 5061 et
3184 4996 3249 5060 in
3279 5018 3423 5060 eum
3452 5010 3690 5060 annott.
3721 5018 3787 5082 p.
3818 5015 3845 5058 1
3865 5015 3958 5076 14.
3991 4994 4088 5059 ed.
4119 5009 4312 5059 nostr.
4388 4994 4516 5060 Sed

2824 5115 3030 5166 tamen
3061 5098 3195 5163 haec
3224 5098 3509 5186 exempla
3536 5097 3687 5163 alias
3729 5098 3915 5163 etiam
3947 5096 4178 5162 usitata
4201 5098 4268 5161 in
4296 5097 4511 5186 dispu-

2824 5202 3163 5268 tationibus
3204 5200 3555 5266 dialecticis.
3648 5200 3806 5266 Vide
3849 5201 4038 5265 modo
4081 5201 4346 5266 Aristot.
4401 5202 4516 5267 So·

2824 5304 3013 5393 phist.
3049 5304 3314 5370 Elench.
3348 5305 3448 5369 11.
3482 5306 3541 5369 6.
3587 5328 3652 5392 p.
3681 5305 3828 5384 462.
3865 5302 4075 5392 Sylb.:
4124 5303 4192 5368 τὸ
4234 5307 4350 5388 γὰρ
4397 5310 4518 5369 κοΐ·

2824 5417 2960 5486 λον,
2995 5412 3158 5488 κοινῇ
3184 5411 3314 5489 μὲν,
3338 5408 3407 5472 τὸ
3438 5408 3580 5472 αὐτὸ
3608 5414 3783 5489 δηλοῖ
3810 5408 3905 5472 ἐπὶ
3933 5412 4039 5472 τοῦ
4066 5411 4246 5487 σιμοῦ
4274 5408 4369 5472 καὶ
4395 5411 4524 5490 fiat-

2826 5516 2946 5591 βοῦ
2985 5539 3037 5576 κ.
3055 5536 3108 5573 τ.
3128 5518 3191 5575 λ.
3286 5510 3593 5598 Porphyr.
3641 5509 3702 5575 in
3754 5511 4005 5597 Isagog.
4048 5508 4115 5573 in
4161 5509 4527 5598 categorias
