5118 6613
1357 561 1558 626 LIB.
1601 560 1763 625 VII.
1807 561 2259 627 ENNEAD.
2307 561 2701 628 PRIMAE.
2745 586 2811 652 p.
2850 581 3204 650 115—120.
3914 567 3989 630 61

557 734 742 816 Quod
802 733 1110 800 Rinckius
1146 733 1727 822 Wyttenbachianoe
1776 733 1998 798 rationi
2042 757 2233 822 prop-

559 854 724 905 terea
749 837 1122 924 refragatur,
1152 836 1321 924 quod
1364 837 1482 901 hoc
1522 851 1705 924 pacto
1743 839 2037 925 temporis
2063 836 2235 902 notio

558 943 619 1007 in
650 962 961 1006 summum
995 942 1243 1004 Bonum
1274 940 1705 1020 transferatur,
1725 964 1764 1004 a
1790 964 1919 1028 quo
1948 964 2021 1005 ea
2048 940 2234 1005 alien-

558 1044 763 1110 issima
806 1044 922 1108 sit:
972 1066 1095 1108 non
1139 1041 1298 1106 vidit
1347 1042 1443 1107 vir
1492 1043 1735 1121 doctuS,
1775 1042 2104 1131 saepissime
2147 1044 2235 1108 ita

560 1147 733 1235 loqui
761 1146 1180 1235 philosophos,
1209 1159 1283 1210 ut
1310 1145 1391 1210 ad
1418 1155 1703 1211 nostrum
1730 1155 1981 1233 captum
2011 1147 2236 1211 oratio-

563 1273 706 1316 nem
749 1273 919 1314 suam
965 1248 1447 1328 accommodent,
1484 1272 1627 1313 cum
1670 1248 1856 1313 iidem
1900 1248 2051 1313 nihil
2094 1248 2235 1314 alie-

566 1353 706 1418 nius
737 1376 776 1416 a
803 1353 925 1418 Dei
952 1351 1201 1417 notione
1242 1353 1670 1440 profiteantur,
1702 1375 1890 1439 quam
1924 1351 2234 1417 notionem

565 1457 877 1543 temporis,
914 1457 1318 1520 successionis
1345 1469 1409 1519 et
1452 1454 1515 1519 id
1560 1478 1758 1542 genus
1802 1455 1939 1519 alia.
2029 1457 2236 1520 Caete-

563 1581 703 1622 rum
731 1557 895 1622 idem
933 1557 1239 1623 Rinckius
1267 1557 1331 1622 in
1364 1558 1604 1623 Plotino
1633 1558 1766 1623 haec
1804 1558 2241 1646 distinguenda

565 1675 799 1727 censet:
846 1661 1142 1750 primum,
1171 1660 1240 1725 τὸ
1283 1662 1532 1744 ἀγαθὸν,
1565 1662 1690 1725 sive
1730 1660 1798 1725 τὸ
1830 1669 2061 1745 πρῶτον
2089 1664 2239 1745 ἀγα-

566 1766 692 1844 θὸν,
734 1763 863 1829 sive
907 1765 1014 1844 τὴν
1061 1765 1379 1843 καλλονὴν,
1422 1764 1645 1828 deinde
1682 1762 1750 1828 τὸ
1790 1763 1973 1829 καλὸν
2003 1764 2128 1829 sive
2172 1762 2240 1829 τὸ

568 1866 776 1948 νοητὸν
817 1865 1023 1946 καλὸν,
1057 1880 1190 1931 tum
1233 1866 1460 1950 ἀγαθὸν
1489 1866 1617 1931 sine
1658 1867 1918 1931 articulo
1957 1866 2241 1955 simplici-

566 1985 680 2048 ter,
710 1969 884 2057 quod
912 1969 1096 2033 etiam
1140 1969 1204 2033 in
1242 1970 1507 2034 animam
1548 1994 1770 2057 resque
1810 1970 1967 2035 adeo
1995 1970 2242 2035 sensiles

564 2072 765 2138 cadat.
857 2075 1016 2137 Haec
1075 2071 1380 2137 Rinckius
1425 2075 2058 2138 noster.—Caeterum
2106 2073 2241 2138 haec

565 2192 842 2241 extrema
899 2175 1130 2240 Plotini
1179 2176 1509 2262 conjuncta
1564 2188 1710 2239 sunt
1764 2199 1907 2240 cum
1963 2175 2244 2241 doctrina

566 2278 1023 2344 Platonicorum
1054 2278 1130 2342 de
1148 2279 1467 2366 gradibus
1495 2277 1623 2343 sive
1654 2280 1729 2342 de
1756 2301 2019 2344 ascensu
2048 2280 2244 2343 homi-

565 2385 667 2447 nis
696 2403 823 2470 per
856 2382 1113 2469 gradus
1148 2382 1235 2445 ad
1259 2383 1489 2445 Deum.
1577 2382 1760 2445 Certe
1803 2381 2089 2447 Plotinus
2127 2381 2244 2445 hoc

568 2507 757 2573 agens
782 2484 1061 2571 apposite
1094 2483 1177 2548 ad
1215 2499 1493 2549 nostrum
1522 2483 1728 2549 locum
1757 2484 1940 2572 plura
1966 2485 2244 2571 disputat

571 2586 869 2652 Enncade
904 2601 1181 2651 extrema
1206 2610 1273 2674 p.
1299 2603 1477 2670 770.;
1525 2587 1754 2674 quibus
1791 2587 1978 2652 homo
2005 2587 2245 2674 sapiens

569 2691 912 2777 beatusque
969 2689 1376 2754 describitur:
1423 2691 1558 2754 οὐδὲ
1598 2692 1731 2773 περὶ
1779 2691 1956 2754 αὑτὸν
1991 2693 2243 2774 στρεφό-

569 2820 764 2875 μενος,
812 2796 997 2860 ἑστὼς
1038 2792 1228 2873 πάντη
1276 2793 1370 2857 καὶ
1417 2794 1544 2857 οἷον
1593 2793 1801 2860 στάσις
1841 2794 2245 2875 γενόμενος-

573 2897 732 2960 ἀλλὰ
758 2892 826 2959 τὸ
859 2891 1042 2958 καλὸν
1069 2895 1176 2975 ἤδη
1215 2894 1534 2977 ὑπερθέων,
1566 2897 1829 2976 ὑπερβὰς
1865 2895 1972 2975 ἤδη
2018 2895 2113 2959 καὶ
2141 2894 2245 2959 τὸν

573 3004 689 3063 τῶν
716 2999 938 3080 ἀρετῶν
964 2999 1169 3081 χορόν.

1209 3169 1316 3234 LI
1331 3170 1407 3233 B.
1457 3170 1613 3234 VII.

659 3291 737 3355 P.
769 3309 909 3368 120,
943 3304 1002 3371 7.
1052 3289 1205 3372 Περὶ
1222 3294 1328 3354 τοῦ
1354 3291 1583 3373 πρώτου
1610 3291 1853 3373 ἀγαθοῦ,
1881 3291 1975 3355 καὶ
2000 3297 2115 3357 τῶν
2137 3292 2246 3356 ἀλ·

574 3402 698 3458 λων
723 3394 1010 3478 ἀγαθῶν.]
1064 3394 1184 3456 Est
1210 3391 1310 3458 hic
1337 3392 1515 3472 liber,
1546 3393 1597 3457 si
1626 3393 1932 3458 scribendi
1969 3393 2249 3459 ordinem

574 3511 941 3583 spectamus,
984 3495 1263 3559 omnium
1305 3495 1795 3561 Plotinianorum
1842 3496 2116 3576 ultimus,
2148 3510 2251 3561 ut-

573 3613 718 3687 pote
789 3613 1103 3663 extremus
1160 3621 1397 3678 eorum,
1452 3622 1608 3685 quos
1665 3614 1936 3686 quatuor
1992 3622 2251 3664 numero

574 3702 762 3790 paulo
788 3714 932 3766 ante
953 3700 1193 3767 obitum
1218 3702 1564 3789 Porphyrio
1580 3701 1848 3767 miserat.
1896 3702 2053 3767 Vide
2080 3703 2250 3767 hunc

576 3805 655 3871 de
682 3805 815 3870 vita
841 3804 1074 3869 Plotini
1101 3828 1237 3893 cap.
1257 3807 1343 3882 6.‚
1375 3804 1483 3869 ubi
1512 3819 1716 3869 tamen
1738 3805 1915 3870 aliter
1935 3805 2247 3871 inscribit:

577 3901 708 3990 περὶ
745 3912 849 3973 τοῦ
888 3910 1118 3990 πρώτου
1155 3910 1402 3991 ἀγαθοῦ,
1434 3905 1471 3987 ἢ
1512 3908 1646 3989 περὶ
1692 3908 2076 3988 εὐδαιμονίας,
2107 3933 2251 3974 cum

579 4027 789 4077 contra
813 4010 977 4075 idem
1020 4033 1151 4098 cap.
1180 4029 1279 4093 24.
1310 4010 1570 4075 eandem
1608 4009 2067 4097 inscriptionem
2096 4012 2253 4076 refe-

579 4127 696 4193 rat,
722 4136 910 4201 quam
940 4112 1079 4177 libri
1108 4113 1223 4177 hoc
1252 4112 1318 4176 in
1360 4112 1614 4178 exordio
1658 4128 1720 4177 et
1759 4112 1879 4200 ipsi
1915 4129 2246 4202 praestant;

580 4231 643 4282 et
668 4239 814 4280 vero
840 4231 1100 4303 quartus
1127 4215 1319 4302 hujus
1344 4215 1560 4303 primae
1589 4215 1906 4281 Enneadis
1928 4216 2084 4281 liber
2106 4216 2252 4282 titu-

580 4319 710 4384 lum
747 4319 970 4384 habet:
1013 4319 1146 4400 περὶ
1185 4319 1568 4399 εὐδαιμονίας.
1660 4319 1787 4384 Ηὶο
1826 4335 2034 4384 autem
2076 4321 2255 4402 liber,

578 4422 678 4487 cui
700 4444 865 4486 nunc
887 4421 1248 4509 praefamur,
1268 4421 1655 4508 potissimum
1684 4423 2135 4509 comparandus
2162 4437 2256 4488 est

579 4548 720 4590 cum
749 4524 910 4590 libro
936 4547 1101 4589 nono
1139 4523 1457 4588 Enneadis
1493 4538 1714 4588 sextae:
1749 4528 1882 4608 περὶ
1919 4529 2181 4609 τάγαθοῦ
2218 4526 2255 4606 ἢ

581 4633 683 4692 τοῦ
725 4627 875 4702 ἑνὸς,
921 4627 1195 4714 itemque
1238 4649 1382 4691 cum
1429 4626 1589 4691 libro
1632 4627 1893 4714 septimo
1937 4629 2256 4693 Enneadis

581 4744 808 4795 sextoe:
854 4731 991 4811 περὶ
1015 4734 1120 4793 τοῦ
1147 4735 1267 4797 πῶς
1294 4728 1361 4793 τὸ
1400 4734 1624 4809 πλῆθος
1661 4737 1777 4795 τῶν
1813 4734 1980 4795 ἰδεῶν
2006 4731 2251 4812 ὑπέστη,

584 4834 678 4897 καὶ
718 4832 852 4915 περὶ
894 4833 1178 4914 τάγαθοῦ,
1219 4855 1351 4919 quo
1393 4831 1459 4895 in
1498 4831 1656 4898 libro
1698 4834 1868 4897 Boni
1912 4833 2254 4899 doctrinam

581 4958 722 5000 cum
751 4935 889 5000 loco
928 4933 1009 4998 de
1048 4938 1327 5000 numeris
1356 4948 1416 5000 et
1446 4936 1604 5000 ideis
1641 4936 2035 5023 conjunctam
2073 4936 2257 5002 altius

582 5060 658 5102 ex
712 5037 839 5102 suis
886 5036 1086 5102 causis
1134 5037 1378 5124 repetit,
1426 5037 1703 5103 Platonis
1752 5053 2001 5104 secutus
2043 5063 2252 5104 exem·

583 5139 781 5228 plum.
869 5140 995 5219 Qui
1037 5139 1290 5228 quidem
1334 5155 1736 5228 posteaquam
1776 5141 1889 5205 hos
1934 5141 2257 5229 primarios

581 5242 988 5331 philosophias
1017 5266 1147 5308 suoe
1184 5242 1351 5307 locos
1385 5243 1793 5308 inchoavisset
1834 5243 2257 5309 adumbravis-

585 5360 799 5435 setque
830 5346 895 5410 in
939 5345 1248 5433 Sophista,
1280 5345 1563 5425 Philebo,
1607 5346 1845 5411 Timaeo
1879 5360 1942 5411 et
1980 5347 2042 5410 in
2084 5347 2258 5413 libris

584 5449 664 5514 de
703 5448 1073 5538 Republica,
1103 5464 1319 5514 octavo
1361 5449 1723 5537 praesertim,
1761 5450 1826 5513 in
1869 5450 2090 5514 scholis
2132 5452 2258 5517 suis

583 5552 829 5619 eosdem
845 5551 1152 5641 copiosius
1168 5566 1299 5618 erat
1316 5566 1673 5640 persecutus
1687 5551 1966 5640 adeoque
1983 5553 2255 5619 adfinem

2316 733 2715 821 perduxerat.
2791 738 3001 823 Atque
3057 735 3168 801 has
3220 735 3665 823 disputationes
3718 737 3995 824 magistri

2318 837 2775 903 examinaverat
2789 837 3323 926 explicaveratque
3340 839 3393 925 ej
3403 861 3475 902 us
3490 836 3833 925 discipulus
3849 840 3998 904 Ari-

2318 939 2565 1005 stoteles
2590 940 2654 1004 in
2685 940 2856 1006 libris
2882 942 3014 1023 περὶ
3044 943 3271 1024 ἀγαθοῦ
3298 941 3424 1005 sive
3461 942 3601 1023 περὶ
3638 945 4002 1025 φιλοσοφίας

2322 1042 2582 1125 (Suidas
2618 1043 2684 1107 in
2729 1045 2963 1126 ἀγαθοῦ
3010 1045 3281 1123 δαίμονος
3309 1041 3449 1107 Vol.
3486 1043 3539 1106 I.
3570 1065 3635 1131 p.
3665 1061 3760 1127 17.
3811 1044 3998 1110 Kust.

2318 1145 2422 1210 Jo.
2452 1145 2840 1233 Philoponus
2868 1145 2931 1209 in
2964 1145 3275 1211 Aristotel.
3310 1146 3389 1210 de
3418 1145 3655 1211 Anima
3677 1146 3739 1210 I.
3772 1165 3829 1213 2.
3863 1170 3915 1212 c.
3941 1167 4000 1215 2.

2321 1246 2673 1312 Alexander
2729 1248 3077 1336 Aphrodis.
3130 1272 3230 1336 ap.
3294 1248 3680 1336 Simplicium
3739 1248 3804 1313 in
3858 1250 4005 1314 Ari-

2322 1364 2464 1415 stot.
2514 1350 2835 1416 Auscultt.
2889 1350 3105 1440 physs.
3150 1350 3289 1416 Fol.
3335 1372 3439 1439 32.
3476 1353 3586 1436 Β.)
3664 1352 4004 1440 Scripserat

2324 1452 2471 1518 item
2501 1455 2636 1537 περὶ
2660 1455 2924 1537 τάγαθοῦ
2953 1454 3285 1542 Speusippi
3313 1453 3561 1519 auditor
3591 1456 3999 1519 Xenocrates.

2329 1555 2549 1643 (Diog.
2583 1556 2796 1622 Laert.
2833 1558 2946 1622 IV.
2989 1561 3123 1643 13.)
3212 1557 3522 1622 Videntur
3550 1571 3758 1622 autem
3799 1560 3999 1645 Speu-

2326 1658 2487 1746 sippi
2515 1658 2902 1746 aliorumque
2933 1659 3392 1724 Platonicorum
3411 1660 3546 1725 libri
3573 1660 3847 1749 inscripti
3868 1663 4003 1744 περὶ

2327 1763 2692 1844 φιλοσοφίας
2738 1762 2959 1850 (Diog.
3011 1763 3226 1827 Laert.
3289 1763 3403 1827 IV.
3433 1766 3527 1847 4.)
3580 1763 3856 1850 ejusdem
3909 1787 4005 1827 ar-

2323 1864 2607 1951 gumenti
2648 1864 2838 1928 fuisse
2876 1880 3066 1953 atque
3111 1865 3514 1930 Aristoteleus
3555 1864 3658 1930 ille
3700 1866 3779 1931 de
3826 1868 4006 1931 Bono

2322 1969 2455 2031 sive
2483 1967 2564 2031 de
2598 1967 3006 2055 Philosophia.
3098 1971 3240 2047 Qua
3266 1967 3345 2033 de
3374 1992 3441 2033 re
3469 1968 3755 2057 pluribus
3792 1969 4004 2057 dispu-

2326 2069 2481 2135 tavit
2508 2093 2709 2158 nuper
2735 2071 2887 2136 Chr.
2911 2072 3081 2159 Aug.
3107 2073 3396 2137 Brandis
3423 2072 3487 2135 in
3518 2071 3804 2137 Diatribe
3841 2075 4008 2137 Aca-

2329 2172 2567 2237 demica
2610 2173 2691 2238 de
2728 2173 2985 2260 perditis
3013 2173 3369 2239 Aristotelis
3406 2174 3577 2239 libris
3612 2174 3691 2239 de
3732 2174 3901 2239 Ideis
3943 2189 4005 2239 et

2329 2274 2409 2338 de
2453 2276 2633 2340 Bono
2676 2275 2803 2340 sive
2849 2275 3261 2364 Philosophia.
3326 2278 3564 2341 Bonnae
3615 2277 3798 2362 1823.
3846 2299 3910 2363 p.
3941 2297 4003 2357 4.

2331 2401 2469 2464 sqq.
2512 2377 2589 2442 cf.
2636 2401 2700 2465 p.
2725 2379 3169 2462 49.—Bonum
3220 2393 3426 2444 autem
3477 2377 3572 2462 (τὸ
3622 2381 3878 2464 ἀγαθόν)
3924 2379 4006 2442 ad

2331 2502 2636 2544 summam
2695 2479 2994 2545 unitatem
3052 2480 3346 2546 retulerat
3399 2481 3589 2546 Plato.
3647 2481 4000 2564 (Aristotel.

2329 2583 2693 2671 Metaphys.
2725 2584 2946 2647 XIII.
2968 2585 3024 2645 8.
3059 2584 3242 2648 XIV.
3272 2605 3334 2666 4.
3369 2608 3433 2672 p.
3461 2586 3603 2666 246.
3635 2607 3697 2670 p.
3723 2604 3870 2669 301.
3904 2583 4003 2648 ed.

2330 2685 2619 2750 BrandiS.
2643 2710 2657 2749 :
2692 2691 2808 2749 τῶν
2836 2688 2901 2751 δὲ
2929 2690 3032 2753 τὰς
3060 2686 3360 2766 ἀκινήτους
3389 2687 3594 2754 οὐσίας
3623 2686 3772 2750 εἶναι
3789 2688 4003 2769 λεγόν-

2327 2814 2445 2852 των
2473 2790 2530 2852 oz
2554 2787 2670 2868 μέν
2700 2796 2889 2870 φασιν
2918 2786 3059 2852 αὐτὸ
3088 2787 3154 2852 τὸ
3187 2790 3253 2853 ἓν
3282 2788 3348 2853 τὸ
3383 2787 3613 2872 ἀγαθὸν
3648 2787 3788 2853 αὐτὸ
3834 2789 4002 2853 εἶναι.

2328 2891 2539 2955 οὐσίαν
2557 2890 2763 2971 μέντοι
2791 2889 2857 2955 τὸ
2887 2891 2953 2954 ἓν
2977 2892 3154 2954 αὐτοῦ
3181 2890 3366 2977 ᾤοντο
3399 2892 3548 2956 εἶναι
3576 2891 3891 2976 μάλιστα.)
3928 2894 4009 2956 In

2330 3015 2458 3080 quo
2484 2993 2566 3057 ab
2605 2993 2740 3080 ejus
2782 2993 3147 3058 auctoritate
3176 2994 3486 3081 judicium
3530 3016 3710 3059 suum
3762 2995 4012 3080 sejunx-

2331 3109 2463 3159 erat
2504 3095 2891 3183 Speusippus
2933 3096 3227 3179 (Aristot.
3256 3096 3344 3161 l.l.
3377 3120 3437 3184 p.
3466 3114 3614 3177 247.
3655 3111 3718 3161 et
3758 3097 3824 3161 in
3868 3121 4010 3163 eum

2333 3197 2974 3262 Pseudo-Alexander
3020 3199 3250 3264 Stobaei
3287 3199 3550 3287 Eclogg.
3588 3200 3641 3263 1.
3677 3200 3776 3266 28.
3816 3224 3880 3288 p.
3902 3202 4009 3286 58.

2336 3302 2640 3385 Heeren.)
2685 3300 3072 3368 Distinxerat
3100 3319 3308 3367 autem
3339 3302 3523 3368 Plato
3549 3302 3822 3391 primum
3855 3302 4013 3368 illud

2331 3427 2404 3469 ac
2432 3426 2791 3492 supremum
2823 3428 2952 3484 ens,
2978 3406 3149 3492 quod
3172 3405 3239 3470 τὸ
3268 3406 3515 3488 ἀγαθὸν,
3537 3407 3807 3485 Bonum,
3831 3406 4011 3486 dixit,

2332 3508 2413 3572 ab
2441 3506 2804 3580 unitatibuS‚
2827 3531 2970 3594 quae
2996 3523 3140 3573 sunt
3169 3508 3234 3571 in
3252 3508 3522 3572 numeris
3548 3508 3843 3591 (Aristot.
3874 3511 4016 3573 Me-

2335 3609 2581 3697 taphyS.
2619 3611 2812 3674 XIV.
2840 3631 2904 3692 4.
2954 3612 3032 3675 cf.
3077 3610 3385 3674 Brandisii
3429 3609 3755 3674 Diatriben
3800 3610 4015 3675 lauda.-

2335 3727 2459 3777 tam
2490 3736 2556 3801 p.
2577 3716 2683 3797 65.
2717 3715 2840 3800 sq.)
2917 3712 3054 3777 Alia
3082 3713 3161 3776 de
3194 3712 3291 3776 his
3329 3711 3589 3776 decretis
3633 3735 4016 3799 apponemus

2334 3816 2496 3880 infra
2523 3814 2604 3879 ad
2634 3814 2877 3880 initium
2908 3815 3047 3879 libri
3088 3814 3332 3902 septimi
3367 3813 3683 3879 Enneadis
3727 3830 3917 3880 sextae
3944 3840 4012 3904 p.

2336 3921 2482 4003 692.
2574 3920 2718 3982 Hoc
2757 3917 2893 3983 loco
2930 3941 3057 3981 non
3085 3918 3196 3982 abs
3224 3941 3292 3981 re
3320 3917 3436 3983 erit
3477 3917 3868 3982 admonuisse
3906 3942 4013 3983 eo-

2335 4043 2499 4101 rum,
2553 4044 2697 4107 quae
2740 4043 2818 4084 ex
2864 4020 3140 4085 Platonis
3180 4020 3424 4108 placitis
3466 4020 3655 4085 refert
3703 4022 4020 4109 Diogenes

2339 4123 2634 4188 Laertius
2666 4124 2803 4187 111.
2835 4143 2977 4187 101.
3007 4122 3087 4187 de
3117 4125 3297 4188 Bono
3325 4123 3414 4188 ita
3441 4146 3735 4188 narrans:
3783 4148 3821 4189 a
3865 4125 4016 4190 Pla-

2338 4238 2480 4289 tone
2497 4227 2746 4290 Bonum
2769 4226 2831 4289 in
2854 4240 3123 4313 quatuor
3144 4250 3371 4314 genera
3389 4226 3593 4311 (γένη)
3619 4227 3747 4291 sive
3767 4227 4018 4309 formas,

2339 4327 2569 4416 species
2614 4330 2820 4415 (εἴδη),
2850 4327 3118 4392 divisum
3163 4353 3325 4393 esse:
3376 4352 3565 4393 unam
3597 4329 3826 4394 virtute
3859 4353 4019 4418 prae·

2338 4430 2532 4495 ditam
2591 4455 2741 4509 esse,
2798 4430 3074 4507 alteram,
3122 4431 3415 4497 virtutem
3470 4431 3690 4517 ipsam,
3751 4433 4016 4513 tertiam,

2339 4533 2509 4597 cibos
2570 4547 2633 4598 et
2703 4533 3170 4598 exercitationes
3227 4534 3408 4598 utiles
3478 4534 3557 4616 (s.
3610 4534 4017 4620 commodas),

2339 4651 2649 4723 quartam,
2702 4636 2867 4700 tibiis
2923 4636 3180 4700 canendi
3224 4636 3530 4724 peritiam,
3579 4636 4018 4717 histrionicam,

2339 4738 2643 4825 poeticam
2667 4758 2728 4803 et
2758 4738 2995 4803 similia.
3063 4742 3282 4826 Atque
3312 4739 3621 4803 Plotinum
3656 4739 4018 4805 crediderim

2339 4840 2769 4928 hujuscemodi
2815 4841 3062 4906 decreta
3106 4841 3385 4905 Platonis
3429 4841 3488 4904 in
3544 4841 3782 4929 aliquot
3830 4842 4020 4931 hujus

2339 4942 2529 5007 libelli
2555 4942 2705 5008 locis
2731 4957 2874 5008 ante
2903 4943 3114 5007 oculos
3144 4944 3450 5008 habuisse.
3539 4945 3869 5022 Quomodo
3906 4971 4016 5011 au-

2341 5060 2464 5111 tem
2508 5045 2865 5110 Aristoteles
2909 5060 2972 5111 et
3018 5046 3408 5134 Peripatetici
3437 5048 3622 5111 Bona
3659 5049 3826 5113 varie
3867 5048 4021 5113 divi-

2341 5147 2488 5212 dere
2525 5147 2976 5228 consueverint‚
3005 5147 3297 5213 discimus
3325 5173 3402 5213 ex
3434 5149 3693 5237 copiosis
3720 5150 4022 5238 excerptis

2340 5250 2404 5315 in
2443 5251 2674 5315 Stobaei
2716 5249 2969 5338 Eclogis
3013 5251 3227 5316 ethicis
3261 5252 3356 5316 11.
3387 5269 3446 5335 7.
3477 5275 3538 5339 p.
3570 5253 3709 5317 286.
3743 5275 3878 5339 sqq.
3919 5253 4020 5317 ed.

2345 5356 2534 5418 Heer.
2626 5352 2795 5432 Quid
2842 5352 3060 5440 reliqui
3104 5352 3458 5441 philosophi
3490 5354 3568 5417 de
3597 5355 3775 5418 Bono
3803 5368 3865 5419 et
3893 5357 4023 5421 Bo-

2341 5457 2446 5520 nis
2474 5455 2791 5532 senserint,
2824 5469 2886 5520 et
2928 5453 3184 5543 longum
3217 5471 3309 5521 est
3348 5456 3675 5544 explicare,
3712 5477 3824 5520 nec
3853 5480 4026 5546 mag-

2343 5580 2573 5646 nopere
2598 5557 2746 5623 facit
2775 5557 2856 5622 ad
2882 5558 3074 5645 hujus
3101 5557 3294 5623 libelli
3321 5570 3779 5645 argumentum.
3855 5561 4022 5626 Stoi-
