5118 6613
1302 591 1502 656 LIB.
1550 585 1668 657 vl'.
1717 591 2189 658 ENNEAD.
2240 590 2707 656 TERTIAE.
2752 614 2814 680 p.
2843 594 3211 679 574—583.

3873 595 3990 683 183

614 788 677 853 p.
709 781 864 851 579,
897 783 955 847 7.
1003 766 1086 829 Τί
1119 765 1226 829 οὑν
1267 765 1347 844 μὴ
1391 766 1570 846 οὔσης
1604 764 1778 830 οὐδὲν
1812 764 2038 845 ὑπέστη
2068 761 2211 850 ἅνς]
2303 778 2409 849 35.
2443 787 2579 850 sqq.
2627 765 2891 828 Zonarae
2920 763 3178 829 Annall.
3206 763 3343 829 Vol.
3369 766 3507 829 ΙΙΙ.
3540 787 3606 854 p.
3634 768 3738 849 46.
3774 767 3883 833 ubi
3913 768 3994 833 de

533 869 659 934 Fic.
721 867 935 932 addit:
1001 868 1193 931 Nihil
1229 877 1483 956 proeter
1538 870 1751 933 entia:
1815 884 1878 932 et
1937 866 2214 956 Taylor:

533 979 577 1011 ‘⁶
607 971 911 1059 Nothing
933 980 1146 1057 except
1172 970 1452 1058 beings.”
1522 973 1742 1056 Atque
1770 970 1873 1034 hic
1895 994 1974 1035 ex
2004 969 2221 1034 ordine

532 1074 829 1141 excidisse
869 1087 1046 1161 putat
1079 1073 1269 1138 verba
1311 1073 1485 1137 οὐδὲν
1513 1076 1674 1155 παρὰ
1701 1076 1776 1137 τὰ
1806 1075 1966 1138 ὄντα.
2039 1071 2221 1137 Libri

533 1179 727 1243 MSS.
763 1176 955 1242 nostri
987 1174 1138 1240 nibil
1159 1175 1428 1264 amplius
1458 1175 1875 1264 suppeditant.

617 1320 704 1331 —
739 1301 837 1348 12.
882 1286 963 1369 τῷ
991 1281 1095 1346 οὑκ
1126 1282 1393 1370 ἐλθόντι]
1442 1281 1630 1345 Hanc
1668 1303 1786 1367 ego
1826 1279 2219 1367 scriptionem

534 1384 733 1473 recepi
764 1409 799 1449 e
827 1383 1001 1448 libris
1029 1382 1226 1461 bonis,
1260 1405 1375 1469 pro
1403 1387 1483 1469 τῷ
1515 1383 1619 1447 οὑκ
1649 1382 1938 1457 ἐθέλοντι,
1971 1395 2034 1446 et
2063 1381 2219 1446 illud

533 1486 834 1576 expressit
872 1485 1007 1550 Fic.
1100 1484 1284 1563 Quod
1339 1508 1503 1572 vero,
1552 1482 1723 1548 haud
1770 1483 1963 1548 dubie
2021 1483 2223 1549 Ficini

532 1589 808 1655 versione
824 1602 1191 1665 commotus,
1211 1588 1447 1675 Taylor
1467 1610 1712 1652 necesse
1733 1611 1864 1651 esse
1889 1587 2037 1652 dicit
2060 1586 2178 1674 legi
2202 1612 2218 1652 :

534 1692 812 1778 παρέχων
841 1695 920 1778 τῷ
961 1694 1145 1758 ὅντως
1174 1692 1278 1756 οὑκ
1309 1692 1581 1755 ἐλθόντιε
1631 1689 1771 1755 libri
1801 1691 2225 1756 exhibuerunt

534 1795 822 1879 παρέχον,
848 1816 971 1858 non
996 1792 1294 1858 exhibent
1323 1795 1524 1868 ὄντως,
1545 1817 1617 1858 ac
1648 1816 1813 1881 saepe
1841 1794 2220 1873 monuimuS‚

537 1898 874 1988 pleniorem
902 1921 1034 1962 esse
1065 1896 1402 1962 multorum
1445 1897 1723 1963 locorum
1757 1897 1960 1962 Ficini
1989 1898 2219 1963 versio-

539 2026 699 2082 nem,
730 2025 921 2090 quam
955 2016 1028 2066 ut
1055 2001 1201 2066 inde
1232 2016 1477 2067 textum
1521 2003 1825 2090 refingere
1863 2000 2062 2089 possis
2091 2000 2221 2065 sine

537 2106 816 2172 codicum
847 2104 1165 2193 suffragio.

621 2233 707 2258 -’·-
741 2228 838 2295 15.
886 2211 920 2272 ὁ
969 2209 1081 2288 μὲν
1131 2212 1314 2288 μῦθος
1356 2235 1405 2271 κ.
1428 2233 1480 2271 τ.
1502 2206 1600 2295 λ.]
1649 2205 1851 2294 Apud
1898 2205 2223 2271 Platonem

537 2312 597 2377 in
646 2309 977 2400 Symposio
1017 2332 1079 2397 p.
1116 2328 1260 2396 203.
1294 2334 1358 2398 p.
1388 2330 1536 2394 429.
1585 2332 1678 2397 sq.
1726 2308 1931 2373 Bekk.
2019 2310 2224 2387 Quam

537 2413 813 2480 fabulam
863 2437 1053 2503 supra
1107 2411 1397 2477 tractavit
1451 2410 1738 2476 Plotinus
1788 2434 1854 2498 p.
1890 2413 2029 2495 296.
2083 2435 2222 2499 sqq.

539 2522 706 2585 Cum
723 2516 1022 2606 proximis
1041 2515 1253 2581 confer
1274 2514 1407 2580 haec
1431 2512 1767 2602 Porphyrii
1789 2516 1988 2579 Sentt.
2010 2515 2222 2579 XXI.

539 2622 645 2686 fin.
678 2623 773 2687 καὶ
798 2621 1235 2701 πιμπλάμενον,
1269 2620 1345 2686 ὡς
1374 2623 1553 2692 δοκεῖ,
1587 2617 1681 2681 καὶ
1719 2617 1864 2701 ἔχον
1904 2618 2095 2693 οὐδὲν,
2132 2621 2227 2683 καὶ

539 2729 749 2790 δοκοῦν
790 2703 865 2790 τὰ
919 2723 1130 2788 πάντα.
1222 2721 1409 2800 Quod
1461 2719 1685 2785 deinde
1736 2721 1967 2784 Noster
2025 2723 2228 2804 Πόρου

539 2827 814 2915 itemque
845 2828 1018 2908 κόρου
1049 2824 1422 2890 mentionem
1454 2823 1623 2903 facit,
1642 2823 1744 2887 hic
1773 2822 2066 2888 admonet
2095 2826 2230 2888 He-

536 2928 769 2995 raclitei
806 2927 1035 3016 placiti.
1105 2927 1290 2992 Philo
1336 2926 1497 2991 Jud.
1532 2927 1694 3014 Leg.
1725 2926 2043 3014 Allegorr.
2082 2928 2220 2993 111.

539 3057 603 3120 p.
636 3034 741 3119 89.
788 3034 1014 3119 Mang.
1051 3053 1112 3118 p.
1150 3031 1297 3113 248.
1331 3029 1537 3095 Pseiff.
1568 3028 2021 3113 Ἡρακλειτείου
2056 3032 2226 3111 δόξης

543 3139 787 3219 ἑταῖρος,
821 3139 996 3219 κόρον
1025 3136 1119 3200 καὶ
1152 3136 1578 3220 χρησμοσύνην
1611 3136 1707 3199 καὶ
1750 3134 1818 3199 ἓν
1860 3134 1926 3197 τὸ
1967 3138 2087 3198 πᾶν
2132 3136 2227 3198 καὶ

538 3242 732 3309 πάντα
759 3244 979 3325 ἀμοιβῇ
1011 3242 1269 3329 (Mang.
1298 3265 1312 3304 ε
1344 3240 1489 3305 fort.
1524 3239 1801 3323 ἀμοιβήν.
1848 3240 1896 3303 J
1899 3262 1987 3303 er.
2009 3236 2229 3303 Mark-

537 3345 684 3411 land
713 3350 837 3411 πᾶν
864 3346 931 3410 τὸ
962 3346 1030 3411 ἓν
1058 3349 1334 3430 ἀμοιβῇ)
1368 3344 1647 3428 εἰσάγων.
1721 3345 1866 3422 Quo
1890 3343 1952 3407 in
1976 3342 2230 3408 decreto

539 3451 707 3532 κόρος
748 3447 1083 3536 respondet
1126 3450 1341 3535 Πόρῳε
1389 3449 1776 3532 χρησμοσύνη
1821 3447 2015 3532 Πενίᾳ
2053 3446 2227 3534 apud

539 3553 890 3627 Platonem,
923 3550 1063 3615 licet
1106 3573 1291 3615 nemo
1318 3550 1543 3615 dixerit
1589 3551 1847 3614 eandem
1879 3549 2064 3638 plane
2095 3551 2229 3614 He-

535 3652 732 3719 racliti
760 3667 950 3740 atque
995 3651 1275 3717 Platonis
1302 3651 1493 3717 fuisse
1536 3653 1924 3717 sententiam.
2016 3655 2224 3717 Hera-

537 3755 718 3821 clitea
743 3756 877 3820 boec
908 3755 1384 3820 memoravimus
1414 3778 1604 3844 supra
1632 3755 1711 3820 ad
1742 3779 1807 3843 p.
1843 3771 1949 3841 75.
1981 3757 2064 3820 E.

621 3882 686 3947 p.
709 3860 862 3944 580,
893 3878 918 3922 1
933 3909 945 3922 .
968 3858 1716 3941 τὸ-σνγγίγνεσθαι-τῇ
1740 3860 1929 3944 σοφίᾳ
1957 3863 2061 3922 τοῦ
2077 3866 2229 3940 φαν-

536 3961 863 4045 τάσματος]
915 3960 1079 4023 Haec
1108 3958 1483 4023 verbotenus
1525 3981 1885 4047 comparare
1918 3959 2226 4045 quispiam

537 4062 729 4150 possit
757 4085 900 4128 cum
934 4060 1374 4126 Gnosticorum
1402 4060 1665 4126 decretis
1684 4062 1819 4143 περὶ
1850 4063 2109 4143 Σοφίαςι
2143 4062 2223 4125 ad

538 4164 902 4230 sententiam
934 4187 1117 4228 nemo
1143 4186 1501 4251 comparare
1534 4163 2014 4251 disjunctissima
2048 4163 2221 4228 insti-

535 4281 694 4331 tuat.
778 4266 946 4330 Nam
975 4264 1088 4352 qui
1116 4265 1424 4331 adversus
1457 4266 1780 4330 Gnosticos
1809 4265 2040 4330 librum
2074 4265 2223 4330 Plo-

536 4369 648 4433 tini
687 4367 931 4457 legerit,
961 4367 1013 4431 is
1040 4382 1205 4432 certe
1237 4365 1541 4454 intelligat
1569 4388 1813 4430 necesse
1840 4382 1954 4445 est,
1985 4382 2224 4454 quanto

536 4472 860 4539 intervallo
880 4472 1074 4560 hujus
1103 4470 1470 4558 Philosophi
1499 4471 1657 4536 ratio
1684 4471 1871 4537 distet
1914 4496 1952 4537 a
1989 4474 2229 4540 ratione

536 4576 1002 4643 Gnosticorum.

617 4718 707 4730 —
737 4681 798 4746 8.
843 4678 1249 4763 γειτνιάσεως]
1303 4678 1403 4742 Cf.
1455 4700 1646 4764 supra
1687 4677 1770 4742 ad
1811 4701 1873 4765 p.
1914 4699 2011 4764 15.
2057 4680 2225 4743 A.—

541 4783 645 4848 Ad
673 4807 736 4847 v.
767 4782 1184 4846 ἆπολισθαίνει
1227 4779 1308 4845 cf.
1343 4782 1487 4845 Var.
1534 4781 1718 4845 Lect.
1767 4797 1829 4845 et
1874 4780 1998 4845 vid.
2037 4805 2227 4869 supra

535 4886 611 4952 ad
641 4908 791 4973 Μ.
831 4883 969 4948 108.
1005 4884 1086 4947 B.

2307 865 2514 931 Procli
2574 865 2841 954 speculo.
2907 866 3010 931 Cf.
3064 869 3210 932 Ger.
3266 869 3372 932 Jo.
3438 871 3631 934 vossii
3683 873 3865 958 Opus
3914 871 3995 936 de

2308 970 2586 1035 Mathesi
2645 972 2786 1035 111.
2846 990 2948 1050 24.
3013 972 3214 1058 (Opp.
3280 972 3364 1035 T.
3432 973 3575 1036 111.
3628 995 3690 1060 p.
3745 978 3884 1059 95.)
3932 989 3995 1039 et

2306 1074 2668 1139 Schneider.
2714 1073 2797 1138 ad
2845 1071 3113 1160 Eclogg.
3170 1074 3391 1160 Physs.
3447 1076 3550 1139 11.
3603 1099 3670 1163 p.
3705 1094 3850 1163 259.
3900 1101 3996 1165 sq.

2305 1174 2458 1264 ibiq.
2489 1176 2701 1242 laudd.
2734 1176 2845 1241 ubi
2874 1192 3082 1241 tamen
3110 1177 3413 1264 ejusmodi
3443 1178 3865 1244 testimonium
3889 1181 3997 1247 de·

2306 1278 2530 1358 sidero,
2563 1279 2732 1365 quod
2763 1303 2947 1366 aquae
2972 1279 3100 1344 huc
3137 1279 3435 1345 adhibitae
3479 1281 3849 1349 mentionem
3888 1284 3999 1350 ha-

2306 1382 2471 1447 beat.
2562 1385 2707 1448 Hoc
2744 1395 3000 1470 praestat
3040 1382 3143 1446 hic
3188 1382 3360 1447 locus
3404 1385 3719 1450 Lactantii
3757 1386 3837 1451 de
3887 1389 3998 1452 Ira

2309 1485 2432 1550 Dei
2489 1509 2544 1550 c.
2602 1487 2697 1550 X.
2753 1488 2816 1569 ξ.
2871 1506 2965 1570 19.
3018 1509 3084 1573 p.
3147 1504 3327 1571 1073.
3381 1486 3480 1552 ed.
3546 1490 3994 1554 Bunemanni:

2309 1596 2353 1629 “
2386 1590 2620 1654 Orbem
2668 1590 2933 1654 vitreum
2986 1589 3243 1678 plenum
3297 1614 3479 1678 aquae
3524 1591 3573 1655 si
3615 1594 3884 1658 tenueris
3934 1594 3997 1659 in

2309 1692 2458 1771 sole,
2487 1693 2568 1757 de
2609 1693 2845 1758 lumine
2885 1693 3059 1780 quod
3088 1693 3170 1758 ab
3200 1716 3365 1780 aqua
3392 1694 3686 1782 refulget,
3714 1696 3874 1784 ignis
3902 1721 4000 1763 ac·

2309 1796 2619 1876 cenditur,
2637 1796 2825 1862 etiam
2855 1796 2917 1861 in
2951 1796 3282 1862 durissimo
3301 1797 3553 1885 frigore.
3623 1801 3796 1864 Num
3815 1801 4002 1866 etiam

2307 1897 2370 1963 in
2401 1923 2568 1987 aqua
2595 1899 2799 1987 ignem
2823 1924 2955 1965 esse
2983 1900 3363 1965 credendum
3397 1905 3534 1967 est?
3565 1903 3743 1989 atqui
3770 1903 3850 1968 de
3875 1905 4000 1971 sole

2308 2001 2470 2089 ignis
2498 2025 2577 2066 ne
2606 2018 2819 2068 aestate
2846 2003 3099 2090 quidem
3138 2004 3390 2068 accendi
3414 2008 3678 2092 potest.”
3766 2007 4003 2073 Similia

2311 2106 2754 2170 recentioribus
2785 2121 3021 2171 tentata
3049 2129 3178 2170 esse
3206 2121 3270 2172 et
3301 2106 3448 2171 alibi
3478 2107 3796 2196 proditum
3828 2134 3999 2200 repe·

2309 2209 2430 2273 rias
2457 2223 2521 2273 et
2549 2209 2613 2273 in
2648 2210 2844 2273 Mem.
2878 2209 2958 2274 de
2989 2208 3167 2273 Paris
3191 2231 3335 2275 ann.
3364 2226 3548 2293 1774.
3580 2235 3648 2299 p.
3680 2215 3781 2280 62.

2395 2335 2461 2399 p.
2490 2314 2645 2398 582,
2673 2313 2731 2375 8.
2792 2313 2869 2381 ὦς
2929 2314 3046 2396 ἐγὼ
3106 2314 3412 2399 ἐνταῦθα]
3462 2314 3649 2392 Quod
3707 2317 3765 2380 F
3767 2316 3844 2382 ie.
3887 2318 3998 2383 ad-

2310 2415 2441 2479 dit:
2515 2424 2559 2455 “
2590 2417 2881 2504 quamvis
2934 2417 3191 2479 minime
3248 2417 3529 2497 videar?
3585 2419 3881 2505 quoniam
3938 2421 4000 2486 in

2313 2517 2548 2582 Graecis
2607 2541 2728 2582 non
2803 2517 3054 2604 legitur,
3117 2518 3359 2606 Taylor
3433 2520 3672 2585 uncinis
3730 2522 4000 2589 inclusit.

2316 2620 2532 2685 Multo
2572 2636 2780 2685 autem
2810 2619 2993 2708 plura
3019 2621 3396 2686 includenda
3425 2623 3628 2689 forent
3660 2626 3923 2707 unciniS,
3955 2629 4004 2693 si

2313 2722 2696 2811 distinguere
2724 2722 2875 2788 velis
2917 2747 3062 2810 quae
3104 2722 3207 2788 ille
3249 2725 3551 2812 interpres
3594 2729 4000 2818 perspicuita-

2315 2825 2394 2890 tis
2421 2850 2609 2891 causa
2636 2827 2954 2891 contextui
2987 2828 3219 2891 Latino
3247 2826 3634 2916 interposuit.

2395 2953 2459 3017 p.
2488 2932 2639 3016 583,
2672 2950 2766 3010 14.
2811 2937 2935 2998 πῶς
2987 2932 3092 2994 οὐκ
3140 2931 3285 3014 ἔχον
3333 2930 3587 3015 μέγεθος
3633 2933 3791 3017 μέγα
3837 2936 4008 3001 ἔσται

2312 3061 2365 3097 κ.
2385 3059 2441 3098 τ.
2467 3035 2555 3119 λ.]
2611 3033 2822 3098 Etiam
2855 3032 3138 3120 sequenti
3177 3033 3412 3122 capite:
3472 3036 3625 3104 εἶδος
3662 3040 3779 3120 γὰρ
3807 3038 3875 3102 τὸ
3905 3040 4009 3120 μέ-

2312 3142 2503 3220 γεθος.
2582 3137 2818 3203 Confer
2845 3159 2989 3200 cum
3011 3135 3130 3200 hac
3153 3135 3575 3224 disputatione
3600 3163 3693 3215 ea,
3726 3164 3871 3227 quae
3900 3166 4003 3207 su-

2313 3263 2428 3330 pra
2457 3239 2745 3305 Plotinus
2777 3239 2988 3328 posuit
3015 3240 3111 3303 11.
3132 3260 3199 3322 4.
3228 3241 3287 3303 8.
3323 3241 3419 3304 11.
3450 3262 3514 3323 4.
3546 3261 3644 3306 10.
3678 3244 3775 3308 11.
3809 3265 3872 3326 4.
3902 3264 3928 3309 1
3949 3266 4003 3311 1.

2312 3358 2375 3409 et
2412 3363 2508 3420 12,
2557 3343 2950 3432 Porphyrius
2982 3346 3181 3408 Sentt.
3207 3344 3415 3407 XXI.
3449 3345 3529 3409 de
3560 3346 3874 3413 Materia:
3922 3352 4001 3414 εἵ-

2314 3451 2508 3512 ὃωλον
2542 3448 2638 3511 καὶ
2664 3446 2988 3527 φάντασμα
3015 3446 3214 3527 ὄγκου,
3254 3448 3344 3509 ὅτι
3370 3446 3439 3509 τὸ
3462 3449 3700 3529 πρώτως
3729 3452 3796 3513 ἐν
3826 3452 4003 3537 ὄγκῳ,

2312 3550 2380 3613 τὸ
2410 3552 2709 3630 ἆδύναμον
2740 3551 2835 3613 καὶ
2865 3550 3073 3631 ἔφεσις
3097 3547 3500 3622 ὑποστάσεως,
3535 3551 3630 3614 καὶ
3670 3552 3854 3618 ἑστὸς
3901 3553 4005 3617 οὑκ

2315 3655 2383 3717 ἐν
2426 3652 2658 3716 στάσει.
2708 3653 2802 3716 καὶ
2845 3651 2913 3715 τὸ
2960 3652 3232 3714 ἐναντίον
3260 3652 3356 3714 ἀεὶ
3399 3653 3608 3715 ἑαυτοῦ
3634 3656 4000 3736 φανταζόμε-

2314 3778 2438 3819 νον·
2485 3754 2712 3837 μικρὸν,
2745 3753 2838 3817 καὶ
2872 3752 3045 3836 μέγω
3094 3752 3188 3816 καὶ
3215 3752 3412 3831 ἦττον,
3445 3755 3542 3817 καὶ
3569 3758 3846 3834 μᾶλλονς
3897 3759 3999 3821 ἐλ-

2312 3863 2524 3922 λεῖπον
2555 3859 2651 3921 καὶ
2677 3855 2992 3941 ὑπερέχον.
3082 3858 3304 3941 Atque
3333 3854 3451 3920 hoc
3478 3855 3615 3920 loco
3647 3858 3835 3922 verbo
3874 3881 4003 3924 mo-

2313 3982 2458 4024 nere
2486 3958 2691 4037 liceat,
2720 3957 2908 4022 fuisse
2931 3957 3093 4021 inter
3127 3955 3550 4045 pbilosophoS,
3578 3958 3812 4046 quibus
3846 3963 3997 4026 Pro-

2313 4076 2450 4126 teus
2506 4061 2610 4126 ille
2665 4060 2999 4143 (Πρωτεὺς)
3052 4059 3206 4124 nihil
3258 4059 3429 4124 aliud
3482 4084 3613 4125 esse
3659 4062 3998 4143 videretur,

2310 4188 2496 4252 quam
2541 4167 2580 4245 ἦ
2622 4166 2997 4247 πρωτόγονος
3022 4165 3154 4244 ὕλη,
3190 4164 3493 4228 referente
3538 4165 3878 4232 Eustathio
3920 4168 3999 4233 ad

2311 4266 2538 4355 OdysS.
2573 4273 2624 4332 ὃ.
2649 4287 2803 4350 417.
2836 4289 2956 4353 sq.,
2982 4265 3089 4331 ubi
3119 4265 3200 4330 de
3231 4268 3461 4331 Proteo
3489 4292 3504 4332 ε

2429 4376 2608 4430 Πάντα
2633 4374 2690 4429 δὲ
2716 4376 3018 4447 γιγνόμενος
3043 4372 3362 4446 πειρήσεται,
3394 4373 3518 4429 ὄσσ’
3554 4375 3638 4429 ε’πὶ
3662 4378 3816 4448 γαῖαν

2434 4474 2622 4546 ἑρπετὰ
2638 4473 2921 4546 γίγνονται,
2944 4472 3027 4526 καὶ
3051 4469 3189 4544 ὕδωρ
3216 4472 3297 4526 καὶ
3324 4472 3598 4529 θεσπιδαὲς
3629 4476 3751 4547 πῦρ.

2317 4567 2517 4644 Quem
2550 4565 2755 4631 locum
2800 4564 2923 4629 alio
2968 4588 3151 4630 sensu
3196 4564 3402 4652 lepide
3434 4565 3691 4630 adhibet
3726 4566 3911 4632 Plato
3940 4569 4001 4633 in

2312 4667 2721 4757 Euthydemo
2748 4692 2810 4757 p.
2846 4669 2991 4734 288.
3028 4670 3106 4733 C.
3196 4667 3377 4732 Facit
3399 4683 3606 4732 autem
3636 4669 3718 4733 ad
3753 4671 4000 4736 univer-

2313 4798 2440 4839 sam
2472 4774 2631 4837 hanc
2662 4772 2896 4838 Plotini
2923 4771 3406 4860 disputationem
3451 4774 3531 4838 de
3576 4778 3847 4842 Materia
3878 4781 4002 4866 pri-

2311 4878 2543 4942 marius
2594 4876 2767 4940 locus
2819 4876 3124 4964 Appuleii
3171 4878 3273 4941 De
3332 4877 3564 4963 Dogm.
3615 4878 3897 4946 Platonis
3934 4906 3995 4970 p.

616 5024 702 5039 -
739 4989 838 5052 16.
887 4986 1017 5050 οἶον
1053 4987 1174 5049 ὅσα
1217 4985 1364 5066 πρὸς
1398 4986 1574 5065 ἥλιον
1615 4990 1729 5069 πΰρ
1772 4990 2073 5066 ζητοῦντες
2115 4994 2222 5050 λα-
2305 5000 2459 5068 572.
2492 5004 2585 5067 sq.
2619 5002 2684 5066 p.
2723 5001 2865 5066 191.
2910 5003 3000 5066 sq.
3048 4979 3150 5044 ed.
3198 4980 3530 5044 Bosschae:
3589 4989 3632 5020 “
3663 4985 3998 5050 Materiam

530 5099 665 5172 βεΐν
695 5093 899 5155 ἱστᾶσι
927 5094 1066 5153 λεῖα
1097 5116 1145 5152 κ.
1167 5114 1220 5152 τ.
1245 5088 1339 5172 λ.]
1394 5088 1523 5153 Ηίο
1551 5088 1724 5153 locus
1761 5088 1834 5153 iis
1871 5087 2220 5168 addendus,

2308 5108 2458 5150 vero
2484 5082 3013 5171 improcreabilem
3049 5082 3599 5170 incorruptamque
3632 5108 3998 5151 commemo-

531 5194 637 5282 qui
681 5191 852 5281 apud
886 5206 1124 5256 veteres
1170 5190 1498 5278 scriptores
1539 5204 1787 5257 exstant
1834 5190 1914 5255 de
1957 5191 2223 5279 speculis
2308 5202 2403 5253 rat
2438 5186 2655 5269 (Plato
2684 5209 2766 5251 sc.
2814 5184 2926 5250 Ad
2972 5185 3330 5249 sententiam
3380 5186 3591 5250 confer
3630 5210 3774 5273 quae
3810 5210 3998 5275 supra

534 5295 794 5362 ustoriis.
842 5294 988 5359 Vid.
1024 5293 1347 5359 Anthemii
1387 5297 1838 5383 Fragmentum
1868 5294 2003 5376 περὶ
2030 5319 2220 5376 παρα·
2308 5292 2487 5377 posui
2518 5290 2600 5355 ad
2628 5289 2915 5355 Titulnm
2945 5287 3085 5353 libri
3115 5291 3250 5371 περὶ
3276 5292 3420 5369 ὕλης
3451 5291 3549 5354 11.
3576 5312 3639 5370 4.
3670 5311 3725 5353 1.
3757 5313 3817 5377 p.
3852 5310 3991 5376 159.

533 5403 714 5480 δόξων
742 5397 1180 5481 μηχανημάτων
1207 5421 1272 5485 p.
1308 5398 1537 5463 8—16.
1568 5395 1662 5482 (in
1692 5396 2061 5463 Schneider&
2092 5398 2216 5461 Ec-
2307 5397 2417 5479 A.)
2443 5417 2566 5459 non
2588 5418 2667 5458 ex
2686 5394 2976 5458 omnibus
2996 5393 3255 5480 primam
3264 5396 3655 5482 figurarum
3681 5416 3994 5481 capacem,

532 5502 696 5590 logg.
748 5499 977 5588 Physs.
1024 5500 1084 5564 I.
1135 5521 1229 5586 19.
1261 5522 1330 5587 p.
1353 5518 1500 5581 402.
1532 5523 1668 5587 sqq.
1718 5499 1827 5563 ubi
1870 5499 1951 5563 de
1991 5497 2219 5563 Archi·
2304 5497 2683 5583 factionique
2713 5497 3092 5584 subjectam:
3140 5495 3348 5560 adhuc
3377 5493 3619 5571 rudem,
3650 5509 3714 5559 et
3754 5496 3995 5583 figura·

531 5604 726 5670 medis
758 5603 1049 5692 speculis,
1079 5603 1352 5689 indeque
1394 5602 1457 5667 in
1504 5603 1727 5668 Tzetz.
1770 5601 2086 5669 Chiliadd.
2119 5602 2217 5665 11.
2305 5599 2490 5664 tionis
2518 5597 2820 5687 qualitate
2848 5598 3168 5663 viduatam
3199 5598 3377 5661 Deus
3405 5593 3628 5659 artifex
3649 5596 3996 5665 conformat
