<?xml version="1.0" encoding="UTF-8"?>
<!DOCTYPE html PUBLIC "-//W3C//DTD XHTML 1.0 Transitional//EN"
    "http://www.w3.org/TR/xhtml1/DTD/xhtml1-transitional.dtd">
<html xmlns="http://www.w3.org/1999/xhtml" xml:lang="en" lang="en">
 <head>
  <title>
</title>
<meta http-equiv="Content-Type" content="text/html;charset=utf-8" />
  <meta name='ocr-system' content='tesseract 3.04.00' />
  <meta name='ocr-capabilities' content='ocr_page ocr_carea ocr_par ocr_line ocrx_word'/>
</head>
<body>
  <div class='ocr_page' id='page_1' title='image "./plotinioperaomn00chumgoog_0093.png"; bbox 0 0 5118 6613; ppageno 0'>
   <div class='ocr_carea' id='block_1_1' title="bbox 1363 603 3272 700">
    <p class='ocr_par' dir='ltr' id='par_1_1' title="bbox 1363 603 3272 700">
     <span class='ocr_line' id='line_1_1' title="bbox 1363 603 3272 700; baseline 0.002 -27"><span class='ocrx_word' id='word_1_1' title='bbox 1363 607 1569 675; x_wconf 92' lang='lat' dir='ltr'><strong>LIB.</strong></span> <span class='ocrx_word' id='word_1_2' title='bbox 1619 603 1675 674; x_wconf 94' lang='grc' dir='ltr'>Ῑ.</span> <span class='ocrx_word' id='word_1_3' title='bbox 1721 609 2183 675; x_wconf 88' lang='grc' dir='ltr'>ΕΝΝΕΑΙ).</span> <span class='ocrx_word' id='word_1_4' title='bbox 2234 605 2766 676; x_wconf 84' lang='lat' dir='ltr'><strong>SECUNDAE.</strong></span> <span class='ocrx_word' id='word_1_5' title='bbox 2811 635 2879 700; x_wconf 90' lang='lat' dir='ltr'><strong>p.</strong></span> <span class='ocrx_word' id='word_1_6' title='bbox 2915 610 3272 677; x_wconf 90' lang='lat'><strong>181—186.</strong></span> 
     </span>
    </p>
   </div>
   <div class='ocr_carea' id='block_1_2' title="bbox 574 777 2270 2306">
    <p class='ocr_par' dir='ltr' id='par_1_2' title="bbox 574 777 2270 2306">
     <span class='ocr_line' id='line_1_2' title="bbox 584 777 2269 869; baseline 0.001 -23"><span class='ocrx_word' id='word_1_7' title='bbox 584 778 855 846; x_wconf 87' lang='lat' dir='ltr'><strong>Bekkeri</strong></span> <span class='ocrx_word' id='word_1_8' title='bbox 883 778 1173 844; x_wconf 88' lang='lat' dir='ltr'><strong>Anecdd.</strong></span> <span class='ocrx_word' id='word_1_9' title='bbox 1207 778 1356 845; x_wconf 81' lang='lat' dir='ltr'><strong>Grr.</strong></span> <span class='ocrx_word' id='word_1_10' title='bbox 1386 781 1489 846; x_wconf 94' lang='lat' dir='ltr'><strong>II.</strong></span> <span class='ocrx_word' id='word_1_11' title='bbox 1513 804 1576 869; x_wconf 89' lang='lat' dir='ltr'><strong>p.</strong></span> <span class='ocrx_word' id='word_1_12' title='bbox 1601 801 1707 863; x_wconf 90' lang='lat'><strong>41.</strong></span> <span class='ocrx_word' id='word_1_13' title='bbox 1739 793 1803 846; x_wconf 90' lang='lat' dir='ltr'><strong>et</strong></span> <span class='ocrx_word' id='word_1_14' title='bbox 1833 781 2165 847; x_wconf 83' lang='lat' dir='ltr'>Heindorf.</span> <span class='ocrx_word' id='word_1_15' title='bbox 2186 777 2269 847; x_wconf 89' lang='lat' dir='ltr'><strong>ad</strong></span> 
     </span>
     <span class='ocr_line' id='line_1_3' title="bbox 582 880 2270 970; baseline -0.001 -21"><span class='ocrx_word' id='word_1_16' title='bbox 582 882 825 949; x_wconf 84' lang='lat' dir='ltr'><strong>Platon.</strong></span> <span class='ocrx_word' id='word_1_17' title='bbox 862 880 1112 948; x_wconf 86' lang='lat' dir='ltr'><strong>Theaet.</strong></span> <span class='ocrx_word' id='word_1_18' title='bbox 1155 885 1215 967; x_wconf 65' lang='grc' dir='ltr'>ξ.</span> <span class='ocrx_word' id='word_1_19' title='bbox 1241 885 1350 967; x_wconf 85' lang='grc'><strong>36.</strong></span> <span class='ocrx_word' id='word_1_20' title='bbox 1390 907 1454 970; x_wconf 89' lang='lat' dir='ltr'><strong>p.</strong></span> <span class='ocrx_word' id='word_1_21' title='bbox 1502 903 1650 970; x_wconf 84' lang='grc'><strong>333.</strong></span> <span class='ocrx_word' id='word_1_22' title='bbox 1695 890 2010 967; x_wconf 80' lang='grc' dir='ltr'>παγιῶσαι.</span> <span class='ocrx_word' id='word_1_23' title='bbox 2059 885 2270 949; x_wconf 91' lang='lat' dir='ltr'><strong>Theo-</strong></span> 
     </span>
     <span class='ocr_line' id='line_1_4' title="bbox 580 985 2267 1074; baseline 0.001 -23"><span class='ocrx_word' id='word_1_24' title='bbox 580 985 780 1051; x_wconf 89' lang='lat' dir='ltr'><strong>doret.</strong></span> <span class='ocrx_word' id='word_1_25' title='bbox 812 985 953 1050; x_wconf 94' lang='lat'><strong>111.</strong></span> <span class='ocrx_word' id='word_1_26' title='bbox 986 1007 1054 1072; x_wconf 90' lang='lat' dir='ltr'><strong>p.</strong></span> <span class='ocrx_word' id='word_1_27' title='bbox 1086 1001 1235 1070; x_wconf 87' lang='lat'><strong>759.</strong></span> <span class='ocrx_word' id='word_1_28' title='bbox 1269 985 1520 1050; x_wconf 89' lang='lat' dir='ltr'><strong>Schulz.</strong></span> <span class='ocrx_word' id='word_1_29' title='bbox 1550 986 1629 1050; x_wconf 90' lang='lat' dir='ltr'><strong>de</strong></span> <span class='ocrx_word' id='word_1_30' title='bbox 1656 985 1883 1074; x_wconf 90' lang='lat' dir='ltr'><strong>plantis</strong></span> <span class='ocrx_word' id='word_1_31' title='bbox 1910 1009 2054 1074; x_wconf 85' lang='lat' dir='ltr'><strong>quae</strong></span> <span class='ocrx_word' id='word_1_32' title='bbox 2082 987 2267 1052; x_wconf 87' lang='lat' dir='ltr'><strong>altius</strong></span> 
     </span>
     <span class='ocr_line' id='line_1_5' title="bbox 578 1085 2264 1176; baseline 0.001 -24"><span class='ocrx_word' id='word_1_33' title='bbox 578 1085 970 1175; x_wconf 85' lang='lat' dir='ltr'><strong>infiguntur</strong></span> <span class='ocrx_word' id='word_1_34' title='bbox 955 1110 1018 1151; x_wconf 88' lang='lat' dir='ltr'><strong>m</strong></span> <span class='ocrx_word' id='word_1_35' title='bbox 1050 1086 1200 1152; x_wconf 92' lang='lat' dir='ltr'><strong>solo.</strong></span> <span class='ocrx_word' id='word_1_36' title='bbox 1275 1089 1583 1171; x_wconf 83' lang='grc' dir='ltr'>Παγίωσις</span> <span class='ocrx_word' id='word_1_37' title='bbox 1623 1089 1793 1176; x_wconf 89' lang='lat' dir='ltr'><strong>apud</strong></span> <span class='ocrx_word' id='word_1_38' title='bbox 1830 1087 2264 1176; x_wconf 86' lang='lat' dir='ltr'><strong>Olympiodor.</strong></span> 
     </span>
     <span class='ocr_line' id='line_1_6' title="bbox 580 1186 2261 1278; baseline 0.002 -24"><span class='ocrx_word' id='word_1_39' title='bbox 580 1186 644 1255; x_wconf 91' lang='lat' dir='ltr'><strong>in</strong></span> <span class='ocrx_word' id='word_1_40' title='bbox 693 1190 994 1255; x_wconf 83' lang='lat' dir='ltr'><strong>Phaedon.</strong></span> <span class='ocrx_word' id='word_1_41' title='bbox 1048 1188 1295 1278; x_wconf 87' lang='lat' dir='ltr'><strong>legitur.</strong></span> <span class='ocrx_word' id='word_1_42' title='bbox 1386 1190 1572 1270; x_wconf 86' lang='lat' dir='ltr'><strong>Quod</strong></span> <span class='ocrx_word' id='word_1_43' title='bbox 1623 1191 1979 1256; x_wconf 87' lang='lat' dir='ltr'><strong>addendum</strong></span> <span class='ocrx_word' id='word_1_44' title='bbox 2030 1190 2261 1258; x_wconf 78' lang='lat' dir='ltr'>lexicis,</span> 
     </span>
     <span class='ocr_line' id='line_1_7' title="bbox 580 1291 2265 1380; baseline 0.001 -21"><span class='ocrx_word' id='word_1_45' title='bbox 580 1295 684 1359; x_wconf 90' lang='lat' dir='ltr'><strong>De</strong></span> <span class='ocrx_word' id='word_1_46' title='bbox 709 1293 960 1358; x_wconf 87' lang='lat' dir='ltr'><strong>flamma</strong></span> <span class='ocrx_word' id='word_1_47' title='bbox 976 1291 1148 1380; x_wconf 89' lang='lat' dir='ltr'><strong>quod</strong></span> <span class='ocrx_word' id='word_1_48' title='bbox 1171 1293 1528 1359; x_wconf 90' lang='lat' dir='ltr'><strong>Aristotelis</strong></span> <span class='ocrx_word' id='word_1_49' title='bbox 1548 1294 1612 1357; x_wconf 92' lang='lat' dir='ltr'><strong>in</strong></span> <span class='ocrx_word' id='word_1_50' title='bbox 1640 1293 1931 1378; x_wconf 83' lang='lat' dir='ltr'><strong>proximis</strong></span> <span class='ocrx_word' id='word_1_51' title='bbox 1951 1293 2265 1376; x_wconf 84' lang='lat' dir='ltr'><strong>laudatur,</strong></span> 
     </span>
     <span class='ocr_line' id='line_1_8' title="bbox 580 1395 2265 1485; baseline 0.001 -24"><span class='ocrx_word' id='word_1_52' title='bbox 580 1396 716 1484; x_wconf 86' lang='lat' dir='ltr'><strong>ejus</strong></span> <span class='ocrx_word' id='word_1_53' title='bbox 742 1395 972 1460; x_wconf 89' lang='lat' dir='ltr'><strong>mentio</strong></span> <span class='ocrx_word' id='word_1_54' title='bbox 1009 1395 1301 1483; x_wconf 82' lang='lat' dir='ltr'><strong>frequens</strong></span> <span class='ocrx_word' id='word_1_55' title='bbox 1337 1395 1401 1460; x_wconf 91' lang='lat' dir='ltr'><strong>in</strong></span> <span class='ocrx_word' id='word_1_56' title='bbox 1440 1397 1574 1484; x_wconf 88' lang='lat' dir='ltr'><strong>ejus</strong></span> <span class='ocrx_word' id='word_1_57' title='bbox 1606 1396 1907 1485; x_wconf 83' lang='lat' dir='ltr'><strong>Physicis.</strong></span> <span class='ocrx_word' id='word_1_58' title='bbox 1982 1397 2265 1463; x_wconf 84' lang='lat' dir='ltr'>Maxime</span> 
     </span>
     <span class='ocr_line' id='line_1_9' title="bbox 579 1497 2266 1587; baseline 0.001 -22"><span class='ocrx_word' id='word_1_59' title='bbox 579 1497 904 1565; x_wconf 85' lang='lat' dir='ltr'><strong>convenire</strong></span> <span class='ocrx_word' id='word_1_60' title='bbox 930 1497 1223 1563; x_wconf 87' lang='lat' dir='ltr'><strong>videntur</strong></span> <span class='ocrx_word' id='word_1_61' title='bbox 1264 1498 1383 1578; x_wconf 88' lang='lat' dir='ltr'><strong>his,</strong></span> <span class='ocrx_word' id='word_1_62' title='bbox 1411 1523 1555 1586; x_wconf 87' lang='lat' dir='ltr'><strong>quae</strong></span> <span class='ocrx_word' id='word_1_63' title='bbox 1597 1498 1894 1587; x_wconf 85' lang='lat' dir='ltr'><strong>leguntur</strong></span> <span class='ocrx_word' id='word_1_64' title='bbox 1925 1500 1988 1564; x_wconf 93' lang='lat' dir='ltr'><strong>in</strong></span> <span class='ocrx_word' id='word_1_65' title='bbox 2022 1502 2266 1566; x_wconf 90' lang='lat' dir='ltr'><strong>Meteo-</strong></span> 
     </span>
     <span class='ocr_line' id='line_1_10' title="bbox 577 1601 2264 1689; baseline 0.001 -22"><span class='ocrx_word' id='word_1_66' title='bbox 577 1601 693 1668; x_wconf 87' lang='lat' dir='ltr'><strong>rol.</strong></span> <span class='ocrx_word' id='word_1_67' title='bbox 723 1602 781 1665; x_wconf 95' lang='lat' dir='ltr'><strong>I.</strong></span> <span class='ocrx_word' id='word_1_68' title='bbox 809 1624 871 1682; x_wconf 86' lang='lat'><strong>4.</strong></span> <span class='ocrx_word' id='word_1_69' title='bbox 898 1623 964 1688; x_wconf 94' lang='lat' dir='ltr'><strong>p.</strong></span> <span class='ocrx_word' id='word_1_70' title='bbox 997 1602 1057 1665; x_wconf 89' lang='lat'><strong>8.</strong></span> <span class='ocrx_word' id='word_1_71' title='bbox 1100 1601 1276 1689; x_wconf 88' lang='lat' dir='ltr'><strong>Sylb.</strong></span> <span class='ocrx_word' id='word_1_72' title='bbox 1321 1602 1450 1667; x_wconf 83' lang='grc' dir='ltr'>ἔστι</span> <span class='ocrx_word' id='word_1_73' title='bbox 1489 1606 1606 1685; x_wconf 73' lang='grc' dir='ltr'><strong>γὰρ</strong></span> <span class='ocrx_word' id='word_1_74' title='bbox 1647 1605 1684 1683; x_wconf 85' lang='grc' dir='ltr'><strong><em>ἡ</em></strong></span> <span class='ocrx_word' id='word_1_75' title='bbox 1730 1603 1888 1684; x_wconf 74' lang='grc' dir='ltr'>φλὸξ</span> <span class='ocrx_word' id='word_1_76' title='bbox 1936 1605 2264 1683; x_wconf 79' lang='grc' dir='ltr'>πνεύματος</span> 
     </span>
     <span class='ocr_line' id='line_1_11' title="bbox 578 1702 2261 1792; baseline 0.001 -24"><span class='ocrx_word' id='word_1_77' title='bbox 578 1709 756 1787; x_wconf 74' lang='grc' dir='ltr'>ξηροῦ</span> <span class='ocrx_word' id='word_1_78' title='bbox 781 1702 940 1781; x_wconf 75' lang='grc' dir='ltr'>ζέσις</span> <span class='ocrx_word' id='word_1_79' title='bbox 969 1732 1020 1768; x_wconf 92' lang='grc' dir='ltr'><strong>κ.</strong></span> <span class='ocrx_word' id='word_1_80' title='bbox 1047 1729 1102 1767; x_wconf 87' lang='grc' dir='ltr'><strong>τ.</strong></span> <span class='ocrx_word' id='word_1_81' title='bbox 1123 1712 1183 1768; x_wconf 85' lang='grc' dir='ltr'>λ.</span> <span class='ocrx_word' id='word_1_82' title='bbox 1256 1703 1529 1792; x_wconf 82' lang='lat' dir='ltr'><strong>Reliqua</strong></span> <span class='ocrx_word' id='word_1_83' title='bbox 1569 1703 1731 1770; x_wconf 89' lang='lat' dir='ltr'><strong>enim</strong></span> <span class='ocrx_word' id='word_1_84' title='bbox 1772 1704 1854 1770; x_wconf 88' lang='lat' dir='ltr'><strong>ad</strong></span> <span class='ocrx_word' id='word_1_85' title='bbox 1897 1705 2261 1771; x_wconf 91' lang='lat' dir='ltr'><strong>sententiam</strong></span> 
     </span>
     <span class='ocr_line' id='line_1_12' title="bbox 580 1805 2262 1894; baseline 0.001 -22"><span class='ocrx_word' id='word_1_86' title='bbox 580 1805 814 1872; x_wconf 89' lang='lat' dir='ltr'><strong>Plotini</strong></span> <span class='ocrx_word' id='word_1_87' title='bbox 860 1806 1005 1872; x_wconf 89' lang='lat' dir='ltr'><strong>satis</strong></span> <span class='ocrx_word' id='word_1_88' title='bbox 1049 1805 1305 1872; x_wconf 86' lang='lat' dir='ltr'><strong>faciunt.</strong></span> <span class='ocrx_word' id='word_1_89' title='bbox 1378 1807 1758 1872; x_wconf 83' lang='lat' dir='ltr'><strong>Aristotelea</strong></span> <span class='ocrx_word' id='word_1_90' title='bbox 1801 1807 2120 1894; x_wconf 85' lang='lat' dir='ltr'><strong>expilavit,</strong></span> <span class='ocrx_word' id='word_1_91' title='bbox 2171 1808 2262 1874; x_wconf 90' lang='lat' dir='ltr'><strong>uti</strong></span> 
     </span>
     <span class='ocr_line' id='line_1_13' title="bbox 576 1908 2261 1999; baseline 0.001 -25"><span class='ocrx_word' id='word_1_92' title='bbox 576 1908 819 1988; x_wconf 88' lang='lat' dir='ltr'><strong>assolet,</strong></span> <span class='ocrx_word' id='word_1_93' title='bbox 848 1909 1241 1997; x_wconf 87' lang='lat' dir='ltr'><strong>Nicephorus</strong></span> <span class='ocrx_word' id='word_1_94' title='bbox 1271 1909 1619 1975; x_wconf 88' lang='lat' dir='ltr'><strong>Blemmida</strong></span> <span class='ocrx_word' id='word_1_95' title='bbox 1658 1910 1722 1975; x_wconf 89' lang='lat' dir='ltr'><strong>in</strong></span> <span class='ocrx_word' id='word_1_96' title='bbox 1762 1910 2058 1998; x_wconf 89' lang='lat' dir='ltr'><strong>Epitome</strong></span> <span class='ocrx_word' id='word_1_97' title='bbox 2094 1911 2261 1999; x_wconf 88' lang='lat' dir='ltr'><strong>phy-</strong></span> 
     </span>
     <span class='ocr_line' id='line_1_14' title="bbox 577 2010 2262 2100; baseline 0.001 -23"><span class='ocrx_word' id='word_1_98' title='bbox 577 2010 702 2077; x_wconf 87' lang='lat' dir='ltr'><strong>sica</strong></span> <span class='ocrx_word' id='word_1_99' title='bbox 726 2035 797 2100; x_wconf 89' lang='lat' dir='ltr'><strong>p.</strong></span> <span class='ocrx_word' id='word_1_100' title='bbox 822 2033 964 2077; x_wconf 89' lang='lat'><strong>101.</strong></span> <span class='ocrx_word' id='word_1_101' title='bbox 997 2012 1094 2077; x_wconf 90' lang='lat' dir='ltr'><strong>ed.</strong></span> <span class='ocrx_word' id='word_1_102' title='bbox 1126 2012 1443 2100; x_wconf 89' lang='lat' dir='ltr'><strong>Wegelin.</strong></span> <span class='ocrx_word' id='word_1_103' title='bbox 1484 2012 1770 2078; x_wconf 89' lang='lat' dir='ltr'><strong>Plotinus</strong></span> <span class='ocrx_word' id='word_1_104' title='bbox 1806 2027 2014 2077; x_wconf 88' lang='lat' dir='ltr'><strong>autem</strong></span> <span class='ocrx_word' id='word_1_105' title='bbox 2057 2012 2121 2077; x_wconf 91' lang='lat' dir='ltr'><strong>in</strong></span> <span class='ocrx_word' id='word_1_106' title='bbox 2164 2013 2262 2079; x_wconf 88' lang='lat' dir='ltr'><strong>his</strong></span> 
     </span>
     <span class='ocr_line' id='line_1_15' title="bbox 574 2114 2261 2204; baseline 0.001 -24"><span class='ocrx_word' id='word_1_107' title='bbox 574 2115 759 2180; x_wconf 84' lang='lat' dir='ltr'><strong>etiam</strong></span> <span class='ocrx_word' id='word_1_108' title='bbox 791 2114 1115 2181; x_wconf 80' lang='lat' dir='ltr'><strong>Platonem</strong></span> <span class='ocrx_word' id='word_1_109' title='bbox 1147 2116 1417 2204; x_wconf 85' lang='lat' dir='ltr'><strong>respexit</strong></span> <span class='ocrx_word' id='word_1_110' title='bbox 1438 2114 1518 2180; x_wconf 93' lang='lat' dir='ltr'><strong>de</strong></span> <span class='ocrx_word' id='word_1_111' title='bbox 1543 2116 1705 2202; x_wconf 86' lang='lat' dir='ltr'><strong>ignis</strong></span> <span class='ocrx_word' id='word_1_112' title='bbox 1731 2115 2062 2203; x_wconf 87' lang='lat' dir='ltr'><strong>generibus</strong></span> <span class='ocrx_word' id='word_1_113' title='bbox 2089 2131 2152 2181; x_wconf 92' lang='lat' dir='ltr'><strong>et</strong></span> <span class='ocrx_word' id='word_1_114' title='bbox 2181 2116 2261 2181; x_wconf 89' lang='lat' dir='ltr'><strong>de</strong></span> 
     </span>
     <span class='ocr_line' id='line_1_16' title="bbox 575 2216 2254 2306; baseline 0.001 -24"><span class='ocrx_word' id='word_1_115' title='bbox 575 2216 825 2282; x_wconf 87' lang='lat' dir='ltr'><strong>flamma</strong></span> <span class='ocrx_word' id='word_1_116' title='bbox 851 2232 1041 2305; x_wconf 90' lang='lat' dir='ltr'><strong>atque</strong></span> <span class='ocrx_word' id='word_1_117' title='bbox 1068 2217 1208 2283; x_wconf 89' lang='lat' dir='ltr'><strong>luce</strong></span> <span class='ocrx_word' id='word_1_118' title='bbox 1237 2218 1655 2306; x_wconf 80' lang='lat' dir='ltr'><strong>disputantem</strong></span> <span class='ocrx_word' id='word_1_119' title='bbox 1683 2219 1748 2283; x_wconf 91' lang='lat' dir='ltr'><strong>in</strong></span> <span class='ocrx_word' id='word_1_120' title='bbox 1781 2218 2026 2284; x_wconf 83' lang='lat' dir='ltr'><strong>Timaeo</strong></span> <span class='ocrx_word' id='word_1_121' title='bbox 2053 2241 2117 2306; x_wconf 89' lang='lat' dir='ltr'><strong>p.</strong></span> <span class='ocrx_word' id='word_1_122' title='bbox 2148 2220 2254 2303; x_wconf 82' lang='lat'><strong>58.</strong></span> 
     </span>
    </p>
   </div>
   <div class='ocr_carea' id='block_1_3' title="bbox 561 2320 2259 5793">
    <p class='ocr_par' dir='ltr' id='par_1_3' title="bbox 575 2320 1099 2407">
     <span class='ocr_line' id='line_1_17' title="bbox 575 2320 1099 2407; baseline 0.004 -24"><span class='ocrx_word' id='word_1_123' title='bbox 575 2342 638 2407; x_wconf 93' lang='lat' dir='ltr'><strong>p.</strong></span> <span class='ocrx_word' id='word_1_124' title='bbox 670 2321 776 2404; x_wconf 90' lang='lat'><strong>76.</strong></span> <span class='ocrx_word' id='word_1_125' title='bbox 805 2320 1099 2386; x_wconf 89' lang='lat' dir='ltr'><strong>Bekkeri.</strong></span> 
     </span>
    </p>

    <p class='ocr_par' dir='ltr' id='par_1_4' title="bbox 571 2423 2259 3132">
     <span class='ocr_line' id='line_1_18' title="bbox 657 2423 2259 2520; baseline 0.001 -33"><span class='ocrx_word' id='word_1_126' title='bbox 657 2461 747 2474; x_wconf 92' lang='lat'><strong>—</strong></span> <span class='ocrx_word' id='word_1_127' title='bbox 772 2439 838 2509; x_wconf 83' lang='lat'><strong>5.</strong></span> <span class='ocrx_word' id='word_1_128' title='bbox 867 2423 976 2503; x_wconf 78' lang='grc' dir='ltr'><strong>τὴν</strong></span> <span class='ocrx_word' id='word_1_129' title='bbox 1009 2423 2034 2520; x_wconf 75' lang='grc' dir='ltr'>ψυχὴν-κινουμένην-κεψένην]</span> <span class='ocrx_word' id='word_1_130' title='bbox 2068 2423 2259 2489; x_wconf 85' lang='lat' dir='ltr'><strong>Dicas</strong></span> 
     </span>
     <span class='ocr_line' id='line_1_19' title="bbox 578 2525 2253 2615; baseline 0 -24"><span class='ocrx_word' id='word_1_131' title='bbox 578 2526 863 2591; x_wconf 86' lang='lat' dir='ltr'><strong>Ficinum</strong></span> <span class='ocrx_word' id='word_1_132' title='bbox 895 2525 1220 2615; x_wconf 82' lang='lat' dir='ltr'><strong>conjecisse</strong></span> <span class='ocrx_word' id='word_1_133' title='bbox 1242 2527 1480 2608; x_wconf 81' lang='grc' dir='ltr'>δυνάμει</span> <span class='ocrx_word' id='word_1_134' title='bbox 1503 2532 1807 2608; x_wconf 74' lang='grc' dir='ltr'>θαυμαστῇ</span> <span class='ocrx_word' id='word_1_135' title='bbox 1832 2527 2253 2608; x_wconf 85' lang='grc' dir='ltr'>κοσμουμένην,</span> 
     </span>
     <span class='ocr_line' id='line_1_20' title="bbox 574 2628 2252 2717; baseline 0 -23"><span class='ocrx_word' id='word_1_136' title='bbox 574 2628 799 2694; x_wconf 88' lang='lat' dir='ltr'><strong>omisso</strong></span> <span class='ocrx_word' id='word_1_137' title='bbox 853 2628 1239 2717; x_wconf 82' lang='lat' dir='ltr'><strong>praecedente</strong></span> <span class='ocrx_word' id='word_1_138' title='bbox 1299 2630 1661 2710; x_wconf 79' lang='grc' dir='ltr'>κινουμένην.</span> <span class='ocrx_word' id='word_1_139' title='bbox 1749 2628 1927 2693; x_wconf 91' lang='lat' dir='ltr'><strong>Alius</strong></span> <span class='ocrx_word' id='word_1_140' title='bbox 1972 2643 2252 2717; x_wconf 89' lang='lat' dir='ltr'><strong>transpo-</strong></span> 
     </span>
     <span class='ocr_line' id='line_1_21' title="bbox 575 2731 2256 2815; baseline -0.001 -18"><span class='ocrx_word' id='word_1_141' title='bbox 575 2731 781 2797; x_wconf 83' lang='lat' dir='ltr'><strong>nenda</strong></span> <span class='ocrx_word' id='word_1_142' title='bbox 807 2732 998 2797; x_wconf 86' lang='lat' dir='ltr'><strong>verba</strong></span> <span class='ocrx_word' id='word_1_143' title='bbox 1024 2743 1265 2797; x_wconf 88' lang='lat' dir='ltr'><strong>censeat</strong></span> <span class='ocrx_word' id='word_1_144' title='bbox 1294 2734 1504 2815; x_wconf 61' lang='grc' dir='ltr'>ἑφεξῆς</span> <span class='ocrx_word' id='word_1_145' title='bbox 1540 2737 1662 2799; x_wconf 91' lang='grc' dir='ltr'>τοῖς</span> <span class='ocrx_word' id='word_1_146' title='bbox 1699 2733 1960 2813; x_wconf 80' lang='grc' dir='ltr'>ἀρίστοις</span> <span class='ocrx_word' id='word_1_147' title='bbox 1988 2732 2256 2813; x_wconf 80' lang='grc' dir='ltr'>κειμένην</span> 
     </span>
     <span class='ocr_line' id='line_1_22' title="bbox 571 2833 2255 2922; baseline -0.001 -22"><span class='ocrx_word' id='word_1_148' title='bbox 571 2835 898 2915; x_wconf 82' lang='grc' dir='ltr'>-δυνάμει</span> <span class='ocrx_word' id='word_1_149' title='bbox 967 2835 1216 2918; x_wconf 83' lang='grc' dir='ltr'>μεγίστῃ</span> <span class='ocrx_word' id='word_1_150' title='bbox 1275 2834 1637 2915; x_wconf 80' lang='grc' dir='ltr'>κινουμένην.</span> <span class='ocrx_word' id='word_1_151' title='bbox 1728 2835 1875 2899; x_wconf 92' lang='lat' dir='ltr'><strong>Non</strong></span> <span class='ocrx_word' id='word_1_152' title='bbox 1942 2833 2255 2922; x_wconf 84' lang='lat' dir='ltr'><strong>integrum</strong></span> 
     </span>
     <span class='ocr_line' id='line_1_23' title="bbox 573 2935 2254 3024; baseline -0.001 -22"><span class='ocrx_word' id='word_1_153' title='bbox 573 2937 740 3004; x_wconf 90' lang='lat' dir='ltr'><strong>hunc</strong></span> <span class='ocrx_word' id='word_1_154' title='bbox 768 2935 975 3002; x_wconf 91' lang='lat' dir='ltr'><strong>locum</strong></span> <span class='ocrx_word' id='word_1_155' title='bbox 1005 2961 1135 3002; x_wconf 82' lang='lat' dir='ltr'><strong>esse</strong></span> <span class='ocrx_word' id='word_1_156' title='bbox 1173 2936 1314 3001; x_wconf 89' lang='lat' dir='ltr'><strong>libri</strong></span> <span class='ocrx_word' id='word_1_157' title='bbox 1345 2938 1544 3002; x_wconf 88' lang='lat' dir='ltr'><strong>MSS.</strong></span> <span class='ocrx_word' id='word_1_158' title='bbox 1573 2936 1913 3024; x_wconf 83' lang='lat' dir='ltr'><strong>significare</strong></span> <span class='ocrx_word' id='word_1_159' title='bbox 1940 2936 2254 3002; x_wconf 83' lang='lat' dir='ltr'><strong>videntur.</strong></span> 
     </span>
     <span class='ocr_line' id='line_1_24' title="bbox 573 3039 1164 3132; baseline -0.002 -27"><span class='ocrx_word' id='word_1_160' title='bbox 573 3039 725 3105; x_wconf 88' lang='lat' dir='ltr'><strong>Alia</strong></span> <span class='ocrx_word' id='word_1_161' title='bbox 749 3062 873 3105; x_wconf 90' lang='lat' dir='ltr'><strong>non</strong></span> <span class='ocrx_word' id='word_1_162' title='bbox 902 3040 1164 3132; x_wconf 84' lang='lat' dir='ltr'><strong>reperio.</strong></span> 
     </span>
    </p>

    <p class='ocr_par' dir='ltr' id='par_1_5' title="bbox 569 3142 2257 4258">
     <span class='ocr_line' id='line_1_25' title="bbox 656 3142 2256 3231; baseline 0.001 -24"><span class='ocrx_word' id='word_1_163' title='bbox 656 3166 720 3231; x_wconf 90' lang='lat' dir='ltr'><strong>p.</strong></span> <span class='ocrx_word' id='word_1_164' title='bbox 755 3144 896 3230; x_wconf 87' lang='lat'>185,</span> <span class='ocrx_word' id='word_1_165' title='bbox 928 3164 984 3207; x_wconf 93' lang='lat'><strong>1.</strong></span> <span class='ocrx_word' id='word_1_166' title='bbox 1011 3142 1096 3207; x_wconf 77' lang='lat' dir='ltr'><strong>‘H</strong></span> <span class='ocrx_word' id='word_1_167' title='bbox 1135 3145 1200 3208; x_wconf 75' lang='grc' dir='ltr'>δὲ</span> <span class='ocrx_word' id='word_1_168' title='bbox 1245 3142 1525 3223; x_wconf 90' lang='grc' dir='ltr'>μετάνοια</span> <span class='ocrx_word' id='word_1_169' title='bbox 1568 3146 1669 3222; x_wconf 84' lang='grc' dir='ltr'><strong>τῆς</strong></span> <span class='ocrx_word' id='word_1_170' title='bbox 1714 3147 1910 3227; x_wconf 78' lang='grc' dir='ltr'>ψυχῆς</span> <span class='ocrx_word' id='word_1_171' title='bbox 1952 3144 2043 3207; x_wconf 81' lang='grc' dir='ltr'><strong>ὅτι</strong></span> <span class='ocrx_word' id='word_1_172' title='bbox 2084 3145 2256 3208; x_wconf 91' lang='grc' dir='ltr'>κενόν</span> 
     </span>
     <span class='ocr_line' id='line_1_26' title="bbox 573 3243 2257 3333; baseline 0.001 -22"><span class='ocrx_word' id='word_1_173' title='bbox 573 3247 705 3311; x_wconf 76' lang='grc' dir='ltr'>ἐστι</span> <span class='ocrx_word' id='word_1_174' title='bbox 746 3245 1055 3333; x_wconf 81' lang='grc' dir='ltr'>δέδεικται]</span> <span class='ocrx_word' id='word_1_175' title='bbox 1089 3245 1403 3311; x_wconf 86' lang='lat' dir='ltr'><strong>Nimirum</strong></span> <span class='ocrx_word' id='word_1_176' title='bbox 1445 3244 1511 3310; x_wconf 91' lang='lat' dir='ltr'><strong>in</strong></span> <span class='ocrx_word' id='word_1_177' title='bbox 1549 3243 1710 3310; x_wconf 89' lang='lat' dir='ltr'><strong>libro</strong></span> <span class='ocrx_word' id='word_1_178' title='bbox 1751 3244 2047 3310; x_wconf 86' lang='lat' dir='ltr'><strong>adversus</strong></span> <span class='ocrx_word' id='word_1_179' title='bbox 2082 3247 2257 3312; x_wconf 90' lang='lat' dir='ltr'><strong>Gno-</strong></span> 
     </span>
     <span class='ocr_line' id='line_1_27' title="bbox 570 3348 2251 3436; baseline 0 -23"><span class='ocrx_word' id='word_1_180' title='bbox 570 3349 776 3429; x_wconf 68' lang='lat' dir='ltr'><strong>sucos,</strong></span> <span class='ocrx_word' id='word_1_181' title='bbox 804 3349 915 3436; x_wconf 90' lang='lat' dir='ltr'><strong>qui</strong></span> <span class='ocrx_word' id='word_1_182' title='bbox 943 3348 1192 3427; x_wconf 87' lang='lat' dir='ltr'><strong>dicitur,</strong></span> <span class='ocrx_word' id='word_1_183' title='bbox 1214 3362 1358 3414; x_wconf 94' lang='lat' dir='ltr'><strong>ante</strong></span> <span class='ocrx_word' id='word_1_184' title='bbox 1387 3348 1554 3413; x_wconf 89' lang='lat' dir='ltr'><strong>hunc</strong></span> <span class='ocrx_word' id='word_1_185' title='bbox 1579 3360 1858 3412; x_wconf 87' lang='lat' dir='ltr'><strong>nostrum</strong></span> <span class='ocrx_word' id='word_1_186' title='bbox 1888 3348 2251 3436; x_wconf 82' lang='lat' dir='ltr'><strong>conscripto.</strong></span> 
     </span>
     <span class='ocr_line' id='line_1_28' title="bbox 578 3451 2249 3539; baseline 0 -22"><span class='ocrx_word' id='word_1_187' title='bbox 578 3455 689 3517; x_wconf 90' lang='lat' dir='ltr'><strong>Tu</strong></span> <span class='ocrx_word' id='word_1_188' title='bbox 715 3451 859 3516; x_wconf 88' lang='lat' dir='ltr'><strong>vide</strong></span> <span class='ocrx_word' id='word_1_189' title='bbox 889 3453 991 3516; x_wconf 94' lang='lat' dir='ltr'><strong>II.</strong></span> <span class='ocrx_word' id='word_1_190' title='bbox 1022 3475 1085 3537; x_wconf 88' lang='lat'><strong>9.</strong></span> <span class='ocrx_word' id='word_1_191' title='bbox 1118 3452 1177 3516; x_wconf 92' lang='lat'><strong>6.</strong></span> <span class='ocrx_word' id='word_1_192' title='bbox 1209 3474 1275 3539; x_wconf 90' lang='lat' dir='ltr'><strong>p.</strong></span> <span class='ocrx_word' id='word_1_193' title='bbox 1310 3470 1452 3537; x_wconf 83' lang='lat'><strong>203.</strong></span> <span class='ocrx_word' id='word_1_194' title='bbox 1483 3452 1564 3515; x_wconf 91' lang='lat' dir='ltr'><strong>E.</strong></span> <span class='ocrx_word' id='word_1_195' title='bbox 1610 3454 1714 3518; x_wconf 76' lang='grc' dir='ltr'><strong>τὰς</strong></span> <span class='ocrx_word' id='word_1_196' title='bbox 1759 3453 1823 3515; x_wconf 75' lang='grc' dir='ltr'>δὲ</span> <span class='ocrx_word' id='word_1_197' title='bbox 1874 3452 2068 3519; x_wconf 78' lang='grc' dir='ltr'>ἄλλας</span> <span class='ocrx_word' id='word_1_198' title='bbox 2107 3455 2249 3517; x_wconf 82' lang='grc' dir='ltr'>ὑπο-</span> 
     </span>
     <span class='ocr_line' id='line_1_29' title="bbox 573 3552 2248 3639; baseline 0.002 -20"><span class='ocrx_word' id='word_1_199' title='bbox 573 3554 814 3624; x_wconf 76' lang='grc' dir='ltr'>στάσεις</span> <span class='ocrx_word' id='word_1_200' title='bbox 852 3555 916 3619; x_wconf 96' lang='grc' dir='ltr'><strong>τί</strong></span> <span class='ocrx_word' id='word_1_201' title='bbox 950 3555 1067 3639; x_wconf 79' lang='grc' dir='ltr'><strong>χρὴ</strong></span> <span class='ocrx_word' id='word_1_202' title='bbox 1107 3554 1331 3637; x_wconf 80' lang='grc' dir='ltr'>λέγειν,</span> <span class='ocrx_word' id='word_1_203' title='bbox 1374 3552 1445 3621; x_wconf 81' lang='grc' dir='ltr'><strong>ἃς</strong></span> <span class='ocrx_word' id='word_1_204' title='bbox 1482 3553 1829 3637; x_wconf 78' lang='grc' dir='ltr'>ἐπάγουσιν,</span> <span class='ocrx_word' id='word_1_205' title='bbox 1854 3554 2248 3637; x_wconf 87' lang='grc' dir='ltr'>παροικήσεις,</span> 
     </span>
     <span class='ocr_line' id='line_1_30' title="bbox 575 3657 2252 3742; baseline 0 -21"><span class='ocrx_word' id='word_1_206' title='bbox 575 3660 670 3722; x_wconf 82' lang='grc' dir='ltr'><strong>καὶ</strong></span> <span class='ocrx_word' id='word_1_207' title='bbox 696 3659 1058 3732; x_wconf 73' lang='grc' dir='ltr'>ἀντιτύπους,</span> <span class='ocrx_word' id='word_1_208' title='bbox 1093 3658 1188 3722; x_wconf 86' lang='grc' dir='ltr'><strong>καὶ</strong></span> <span class='ocrx_word' id='word_1_209' title='bbox 1213 3657 1524 3737; x_wconf 85' lang='grc' dir='ltr'>μετανοίας</span> <span class='ocrx_word' id='word_1_210' title='bbox 1544 3684 1560 3730; x_wconf 86' lang='grc'>;</span> <span class='ocrx_word' id='word_1_211' title='bbox 1593 3659 1646 3720; x_wconf 84' lang='grc' dir='ltr'><strong>εἰ</strong></span> <span class='ocrx_word' id='word_1_212' title='bbox 1664 3657 1777 3736; x_wconf 73' lang='grc' dir='ltr'><strong>μὲν</strong></span> <span class='ocrx_word' id='word_1_213' title='bbox 1795 3660 1913 3740; x_wconf 76' lang='grc' dir='ltr'><strong>γὰρ</strong></span> <span class='ocrx_word' id='word_1_214' title='bbox 1932 3661 2033 3736; x_wconf 79' lang='grc' dir='ltr'><strong>τῆς</strong></span> <span class='ocrx_word' id='word_1_215' title='bbox 2052 3662 2252 3742; x_wconf 75' lang='grc' dir='ltr'>ψυχῆς</span> 
     </span>
     <span class='ocr_line' id='line_1_31' title="bbox 571 3757 2247 3844; baseline 0 -19"><span class='ocrx_word' id='word_1_216' title='bbox 571 3765 753 3826; x_wconf 84' lang='grc' dir='ltr'>ταῦτα</span> <span class='ocrx_word' id='word_1_217' title='bbox 792 3760 1042 3843; x_wconf 82' lang='grc' dir='ltr'>λέγουσι</span> <span class='ocrx_word' id='word_1_218' title='bbox 1077 3759 1234 3840; x_wconf 90' lang='grc' dir='ltr'>πάθη</span> <span class='ocrx_word' id='word_1_219' title='bbox 1275 3760 1420 3824; x_wconf 84' lang='grc' dir='ltr'>ὅταν</span> <span class='ocrx_word' id='word_1_220' title='bbox 1450 3761 1517 3823; x_wconf 78' lang='grc' dir='ltr'>ἐν</span> <span class='ocrx_word' id='word_1_221' title='bbox 1541 3759 1823 3844; x_wconf 77' lang='grc' dir='ltr'>μετανοίᾳ</span> <span class='ocrx_word' id='word_1_222' title='bbox 1858 3757 1922 3839; x_wconf 81' lang='grc' dir='ltr'><strong>ᾗ,</strong></span> <span class='ocrx_word' id='word_1_223' title='bbox 1957 3760 2051 3823; x_wconf 79' lang='grc' dir='ltr'><strong>καὶ</strong></span> <span class='ocrx_word' id='word_1_224' title='bbox 2088 3761 2247 3825; x_wconf 89' lang='grc' dir='ltr'>ἀντι-</span> 
     </span>
     <span class='ocr_line' id='line_1_32' title="bbox 573 3861 2253 3942; baseline -0.001 -13"><span class='ocrx_word' id='word_1_225' title='bbox 573 3865 803 3941; x_wconf 77' lang='grc' dir='ltr'>τύπους,</span> <span class='ocrx_word' id='word_1_226' title='bbox 834 3865 979 3927; x_wconf 81' lang='grc' dir='ltr'>ὅταν</span> <span class='ocrx_word' id='word_1_227' title='bbox 1006 3864 1134 3928; x_wconf 80' lang='grc' dir='ltr'>οῖον</span> <span class='ocrx_word' id='word_1_228' title='bbox 1164 3864 1393 3930; x_wconf 73' lang='grc' dir='ltr'>εἰκόνας</span> <span class='ocrx_word' id='word_1_229' title='bbox 1425 3867 1542 3926; x_wconf 84' lang='grc' dir='ltr'><strong>τῶν</strong></span> <span class='ocrx_word' id='word_1_230' title='bbox 1575 3863 1764 3925; x_wconf 84' lang='grc' dir='ltr'>ὄντων</span> <span class='ocrx_word' id='word_1_231' title='bbox 1792 3863 1955 3926; x_wconf 73' lang='grc' dir='ltr'>ἀλλὰ</span> <span class='ocrx_word' id='word_1_232' title='bbox 1985 3861 2065 3942; x_wconf 77' lang='grc' dir='ltr'>μὴ</span> <span class='ocrx_word' id='word_1_233' title='bbox 2105 3863 2253 3927; x_wconf 71' lang='grc' dir='ltr'>αὐτὰ</span> 
     </span>
     <span class='ocr_line' id='line_1_33' title="bbox 569 3963 2253 4048; baseline -0.001 -19"><span class='ocrx_word' id='word_1_234' title='bbox 569 3990 659 4029; x_wconf 85' lang='grc' dir='ltr'><strong>πω</strong></span> <span class='ocrx_word' id='word_1_235' title='bbox 687 3968 761 4030; x_wconf 73' lang='grc' dir='ltr'><strong>τὸ</strong></span> <span class='ocrx_word' id='word_1_236' title='bbox 789 3967 935 4030; x_wconf 85' lang='grc' dir='ltr'>ὄντα</span> <span class='ocrx_word' id='word_1_237' title='bbox 962 3969 1148 4048; x_wconf 80' lang='grc' dir='ltr'>θεωρῇ</span> <span class='ocrx_word' id='word_1_238' title='bbox 1179 3964 1686 4046; x_wconf 80' lang='grc' dir='ltr'>καινολογούντων</span> <span class='ocrx_word' id='word_1_239' title='bbox 1708 3965 1893 4038; x_wconf 78' lang='grc' dir='ltr'>ἐστὶν,</span> <span class='ocrx_word' id='word_1_240' title='bbox 1925 3966 2008 4032; x_wconf 80' lang='grc' dir='ltr'><strong>εὶς</strong></span> <span class='ocrx_word' id='word_1_241' title='bbox 2037 3963 2253 4028; x_wconf 85' lang='grc' dir='ltr'>στάσιν</span> 
     </span>
     <span class='ocr_line' id='line_1_34' title="bbox 570 4065 2246 4153; baseline -0.001 -21"><span class='ocrx_word' id='word_1_242' title='bbox 570 4072 670 4147; x_wconf 82' lang='grc' dir='ltr'><strong>τῆς</strong></span> <span class='ocrx_word' id='word_1_243' title='bbox 712 4069 858 4135; x_wconf 74' lang='grc' dir='ltr'>ἰδίας</span> <span class='ocrx_word' id='word_1_244' title='bbox 900 4067 1182 4151; x_wconf 71' lang='grc' dir='ltr'>αἱρέσεως</span> <span class='ocrx_word' id='word_1_245' title='bbox 1211 4065 1320 4151; x_wconf 89' lang='lat' dir='ltr'><strong>(al.</strong></span> <span class='ocrx_word' id='word_1_246' title='bbox 1364 4068 2246 4153; x_wconf 70' lang='grc' dir='ltr'>κενολσγούντων-σύστασιν)</span> 
     </span>
     <span class='ocr_line' id='line_1_35' title="bbox 571 4169 1502 4258; baseline -0.003 -24"><span class='ocrx_word' id='word_1_247' title='bbox 571 4169 678 4235; x_wconf 89' lang='lat' dir='ltr'><strong>ubi</strong></span> <span class='ocrx_word' id='word_1_248' title='bbox 706 4169 828 4236; x_wconf 85' lang='lat' dir='ltr'><strong>alia</strong></span> <span class='ocrx_word' id='word_1_249' title='bbox 853 4170 1142 4258; x_wconf 84' lang='lat' dir='ltr'><strong>quaedam</strong></span> <span class='ocrx_word' id='word_1_250' title='bbox 1172 4191 1502 4257; x_wconf 90' lang='lat' dir='ltr'><strong>apponam.</strong></span> 
     </span>
    </p>

    <p class='ocr_par' dir='ltr' id='par_1_6' title="bbox 562 4269 2249 4869">
     <span class='ocr_line' id='line_1_36' title="bbox 652 4269 2243 4359; baseline -0.001 -21"><span class='ocrx_word' id='word_1_251' title='bbox 652 4310 740 4323; x_wconf 89' lang='lat'>—</span> <span class='ocrx_word' id='word_1_252' title='bbox 768 4274 826 4338; x_wconf 91' lang='lat'><strong>6.</strong></span> <span class='ocrx_word' id='word_1_253' title='bbox 858 4271 895 4354; x_wconf 84' lang='grc' dir='ltr'>ἢ</span> <span class='ocrx_word' id='word_1_254' title='bbox 934 4274 1123 4356; x_wconf 87' lang='grc' dir='ltr'>φησὶν</span> <span class='ocrx_word' id='word_1_255' title='bbox 1150 4275 1184 4336; x_wconf 81' lang='grc' dir='ltr'>ὁ</span> <span class='ocrx_word' id='word_1_256' title='bbox 1214 4270 1499 4357; x_wconf 86' lang='grc' dir='ltr'>Πλάτων]</span> <span class='ocrx_word' id='word_1_257' title='bbox 1553 4269 1728 4335; x_wconf 80' lang='lat' dir='ltr'><strong>Plato</strong></span> <span class='ocrx_word' id='word_1_258' title='bbox 1771 4270 1836 4334; x_wconf 91' lang='lat' dir='ltr'><strong>in</strong></span> <span class='ocrx_word' id='word_1_259' title='bbox 1889 4270 2135 4336; x_wconf 84' lang='lat' dir='ltr'><strong>Timaeo</strong></span> <span class='ocrx_word' id='word_1_260' title='bbox 2178 4294 2243 4359; x_wconf 89' lang='lat' dir='ltr'><strong>p.</strong></span> 
     </span>
     <span class='ocr_line' id='line_1_37' title="bbox 569 4374 2247 4463; baseline -0.001 -23"><span class='ocrx_word' id='word_1_261' title='bbox 569 4376 673 4462; x_wconf 92' lang='lat'><strong>69.</strong></span> <span class='ocrx_word' id='word_1_262' title='bbox 700 4398 765 4463; x_wconf 89' lang='lat' dir='ltr'><strong>p.</strong></span> <span class='ocrx_word' id='word_1_263' title='bbox 798 4390 903 4462; x_wconf 90' lang='lat'><strong>97.</strong></span> <span class='ocrx_word' id='word_1_264' title='bbox 931 4374 1133 4440; x_wconf 86' lang='lat' dir='ltr'><strong>Bekk.</strong></span> <span class='ocrx_word' id='word_1_265' title='bbox 1169 4375 1370 4440; x_wconf 83' lang='grc' dir='ltr'>ἔπειτα</span> <span class='ocrx_word' id='word_1_266' title='bbox 1408 4376 1474 4439; x_wconf 78' lang='grc' dir='ltr'>ἐκ</span> <span class='ocrx_word' id='word_1_267' title='bbox 1515 4376 1735 4439; x_wconf 81' lang='grc' dir='ltr'>τούτων</span> <span class='ocrx_word' id='word_1_268' title='bbox 1762 4378 1882 4438; x_wconf 75' lang='grc' dir='ltr'>πᾶν</span> <span class='ocrx_word' id='word_1_269' title='bbox 1918 4376 2054 4439; x_wconf 92' lang='grc' dir='ltr'>τόδε</span> <span class='ocrx_word' id='word_1_270' title='bbox 2080 4381 2247 4454; x_wconf 72' lang='grc' dir='ltr'>ξυνε-</span> 
     </span>
     <span class='ocr_line' id='line_1_38' title="bbox 568 4476 2249 4563; baseline -0.001 -20"><span class='ocrx_word' id='word_1_271' title='bbox 568 4480 852 4559; x_wconf 84' lang='grc' dir='ltr'>στήσατο,</span> <span class='ocrx_word' id='word_1_272' title='bbox 881 4484 1031 4555; x_wconf 74' lang='grc' dir='ltr'>ζῶον</span> <span class='ocrx_word' id='word_1_273' title='bbox 1061 4479 1127 4542; x_wconf 77' lang='grc' dir='ltr'>ἓν</span> <span class='ocrx_word' id='word_1_274' title='bbox 1153 4483 1271 4554; x_wconf 74' lang='grc' dir='ltr'>ζῶα</span> <span class='ocrx_word' id='word_1_275' title='bbox 1317 4477 1461 4560; x_wconf 82' lang='grc' dir='ltr'>ἔχον</span> <span class='ocrx_word' id='word_1_276' title='bbox 1496 4476 1728 4541; x_wconf 75' lang='grc' dir='ltr'>ἅπαντα</span> <span class='ocrx_word' id='word_1_277' title='bbox 1766 4478 1833 4540; x_wconf 76' lang='grc' dir='ltr'>ἐν</span> <span class='ocrx_word' id='word_1_278' title='bbox 1872 4477 2027 4563; x_wconf 70' lang='grc' dir='ltr'>αὐτῷ</span> <span class='ocrx_word' id='word_1_279' title='bbox 2065 4479 2249 4556; x_wconf 79' lang='grc' dir='ltr'>θνητᾶ</span> 
     </span>
     <span class='ocr_line' id='line_1_39' title="bbox 567 4578 2243 4661; baseline -0.001 -15"><span class='ocrx_word' id='word_1_280' title='bbox 567 4580 831 4646; x_wconf 86' lang='grc' dir='ltr'>ἀθάνατά</span> <span class='ocrx_word' id='word_1_281' title='bbox 875 4606 960 4645; x_wconf 89' lang='grc' dir='ltr'><strong>τε.</strong></span> <span class='ocrx_word' id='word_1_282' title='bbox 1005 4581 1101 4645; x_wconf 85' lang='grc' dir='ltr'><strong>καὶ</strong></span> <span class='ocrx_word' id='word_1_283' title='bbox 1140 4585 1257 4644; x_wconf 83' lang='grc' dir='ltr'><strong>τῶν</strong></span> <span class='ocrx_word' id='word_1_284' title='bbox 1283 4582 1395 4659; x_wconf 79' lang='grc' dir='ltr'><strong>μὲν</strong></span> <span class='ocrx_word' id='word_1_285' title='bbox 1422 4581 1597 4643; x_wconf 84' lang='grc' dir='ltr'>θείων</span> <span class='ocrx_word' id='word_1_286' title='bbox 1625 4578 1797 4645; x_wconf 75' lang='grc' dir='ltr'>αὐτὸς</span> <span class='ocrx_word' id='word_1_287' title='bbox 1832 4579 2105 4661; x_wconf 81' lang='grc' dir='ltr'>γίγνεται</span> <span class='ocrx_word' id='word_1_288' title='bbox 2146 4584 2243 4660; x_wconf 86' lang='grc' dir='ltr'><strong>δη-</strong></span> 
     </span>
     <span class='ocr_line' id='line_1_40' title="bbox 562 4680 2248 4767; baseline 0.001 -20"><span class='ocrx_word' id='word_1_289' title='bbox 562 4682 856 4767; x_wconf 80' lang='grc' dir='ltr'>μιουργὸς,</span> <span class='ocrx_word' id='word_1_290' title='bbox 893 4688 1009 4748; x_wconf 80' lang='grc' dir='ltr'><strong>τῶν</strong></span> <span class='ocrx_word' id='word_1_291' title='bbox 1047 4683 1113 4747; x_wconf 73' lang='grc' dir='ltr'>δὲ</span> <span class='ocrx_word' id='word_1_292' title='bbox 1161 4686 1386 4763; x_wconf 73' lang='grc' dir='ltr'>θνητῶν</span> <span class='ocrx_word' id='word_1_293' title='bbox 1436 4680 1544 4760; x_wconf 77' lang='grc' dir='ltr'><strong>τὴν</strong></span> <span class='ocrx_word' id='word_1_294' title='bbox 1581 4680 1823 4764; x_wconf 88' lang='grc' dir='ltr'>γένεσιν</span> <span class='ocrx_word' id='word_1_295' title='bbox 1864 4686 1986 4749; x_wconf 90' lang='grc' dir='ltr'>τοῖς</span> <span class='ocrx_word' id='word_1_296' title='bbox 2037 4684 2248 4749; x_wconf 79' lang='grc' dir='ltr'>ἑαυτοῦ</span> 
     </span>
     <span class='ocr_line' id='line_1_41' title="bbox 566 4783 1934 4869; baseline -0.003 -17"><span class='ocrx_word' id='word_1_297' title='bbox 566 4786 894 4869; x_wconf 82' lang='grc' dir='ltr'>γεννήμασι</span> <span class='ocrx_word' id='word_1_298' title='bbox 924 4790 1293 4868; x_wconf 80' lang='grc' dir='ltr'>δημιουργεῖν</span> <span class='ocrx_word' id='word_1_299' title='bbox 1321 4783 1686 4866; x_wconf 68' lang='grc' dir='ltr'>προσέταξεν</span> <span class='ocrx_word' id='word_1_300' title='bbox 1717 4810 1768 4847; x_wconf 93' lang='grc' dir='ltr'><strong>κ.</strong></span> <span class='ocrx_word' id='word_1_301' title='bbox 1796 4808 1850 4847; x_wconf 89' lang='grc' dir='ltr'>τ.</span> <span class='ocrx_word' id='word_1_302' title='bbox 1873 4790 1934 4848; x_wconf 80' lang='grc' dir='ltr'>λ.</span> 
     </span>
    </p>

    <p class='ocr_par' dir='ltr' id='par_1_7' title="bbox 561 4884 2247 5486">
     <span class='ocr_line' id='line_1_42' title="bbox 645 4884 2236 4981; baseline -0.002 -28"><span class='ocrx_word' id='word_1_303' title='bbox 645 4925 735 4938; x_wconf 89' lang='grc'>-</span> <span class='ocrx_word' id='word_1_304' title='bbox 754 4888 812 4953; x_wconf 91' lang='grc'><strong>8.</strong></span> <span class='ocrx_word' id='word_1_305' title='bbox 843 4891 1034 4981; x_wconf 83' lang='grc' dir='ltr'>Τοῦτο</span> <span class='ocrx_word' id='word_1_306' title='bbox 1064 4888 1130 4951; x_wconf 73' lang='grc' dir='ltr'>δὲ</span> <span class='ocrx_word' id='word_1_307' title='bbox 1157 4885 1372 4951; x_wconf 79' lang='grc' dir='ltr'>ταύτὸν</span> <span class='ocrx_word' id='word_1_308' title='bbox 1399 4890 1479 4972; x_wconf 74' lang='grc' dir='ltr'><strong>τῷ</strong></span> <span class='ocrx_word' id='word_1_309' title='bbox 1509 4885 1912 4969; x_wconf 74' lang='grc' dir='ltr'>ἐφεξῆς-τὴν</span> <span class='ocrx_word' id='word_1_310' title='bbox 1932 4884 2236 4971; x_wconf 78' lang='grc' dir='ltr'>οὐρανίαν]</span> 
     </span>
     <span class='ocr_line' id='line_1_43' title="bbox 566 4986 2247 5075; baseline -0.002 -19"><span class='ocrx_word' id='word_1_311' title='bbox 566 4990 750 5056; x_wconf 82' lang='lat' dir='ltr'><strong>Plato</strong></span> <span class='ocrx_word' id='word_1_312' title='bbox 779 4988 1091 5055; x_wconf 84' lang='lat' dir='ltr'><strong>Phaedone</strong></span> <span class='ocrx_word' id='word_1_313' title='bbox 1117 5010 1185 5073; x_wconf 87' lang='lat' dir='ltr'><strong>p.</strong></span> <span class='ocrx_word' id='word_1_314' title='bbox 1211 5008 1349 5074; x_wconf 89' lang='lat'><strong>109.</strong></span> <span class='ocrx_word' id='word_1_315' title='bbox 1380 5010 1442 5075; x_wconf 91' lang='lat' dir='ltr'><strong>p.</strong></span> <span class='ocrx_word' id='word_1_316' title='bbox 1473 5007 1616 5053; x_wconf 90' lang='lat'><strong>110.</strong></span> <span class='ocrx_word' id='word_1_317' title='bbox 1648 4986 1850 5051; x_wconf 90' lang='lat' dir='ltr'><strong>Bekk.</strong></span> <span class='ocrx_word' id='word_1_318' title='bbox 1880 4986 1949 5051; x_wconf 88' lang='grc' dir='ltr'><strong>τὸ</strong></span> <span class='ocrx_word' id='word_1_319' title='bbox 1988 4990 2054 5053; x_wconf 76' lang='grc' dir='ltr'>δὲ</span> <span class='ocrx_word' id='word_1_320' title='bbox 2096 4987 2247 5053; x_wconf 79' lang='grc' dir='ltr'>εἶναι</span> 
     </span>
     <span class='ocr_line' id='line_1_44' title="bbox 563 5090 2246 5174; baseline 0 -18"><span class='ocrx_word' id='word_1_321' title='bbox 563 5092 796 5172; x_wconf 75' lang='grc' dir='ltr'>ταύτὸν,</span> <span class='ocrx_word' id='word_1_322' title='bbox 821 5090 917 5156; x_wconf 79' lang='grc' dir='ltr'><strong>ὑπ’</strong></span> <span class='ocrx_word' id='word_1_323' title='bbox 949 5092 1265 5159; x_wconf 79' lang='grc' dir='ltr'>ἀσθενείας</span> <span class='ocrx_word' id='word_1_324' title='bbox 1308 5092 1404 5155; x_wconf 86' lang='grc' dir='ltr'><strong>καὶ</strong></span> <span class='ocrx_word' id='word_1_325' title='bbox 1440 5094 1800 5173; x_wconf 76' lang='grc' dir='ltr'>βραδυτῆτος</span> <span class='ocrx_word' id='word_1_326' title='bbox 1840 5090 1954 5174; x_wconf 80' lang='grc' dir='ltr'>οὐχ</span> <span class='ocrx_word' id='word_1_327' title='bbox 1991 5093 2148 5158; x_wconf 81' lang='grc' dir='ltr'>οἵους</span> <span class='ocrx_word' id='word_1_328' title='bbox 2179 5115 2246 5156; x_wconf 91' lang='grc' dir='ltr'><strong>τε</strong></span> 
     </span>
     <span class='ocr_line' id='line_1_45' title="bbox 565 5192 2247 5277; baseline -0.002 -17"><span class='ocrx_word' id='word_1_329' title='bbox 565 5194 716 5260; x_wconf 81' lang='grc' dir='ltr'>εἶναι</span> <span class='ocrx_word' id='word_1_330' title='bbox 760 5195 909 5276; x_wconf 75' lang='grc' dir='ltr'>ἡμᾶς</span> <span class='ocrx_word' id='word_1_331' title='bbox 949 5199 1271 5273; x_wconf 73' lang='grc' dir='ltr'>διεξελθεῖν</span> <span class='ocrx_word' id='word_1_332' title='bbox 1313 5193 1402 5258; x_wconf 74' lang='grc' dir='ltr'><strong>ἐπ’</strong></span> <span class='ocrx_word' id='word_1_333' title='bbox 1444 5193 1703 5277; x_wconf 82' lang='grc' dir='ltr'>ἔσχατον</span> <span class='ocrx_word' id='word_1_334' title='bbox 1740 5192 1846 5257; x_wconf 93' lang='grc' dir='ltr'><strong>τὸν</strong></span> <span class='ocrx_word' id='word_1_335' title='bbox 1887 5192 2049 5274; x_wconf 84' lang='grc' dir='ltr'>ἀέρα.</span> <span class='ocrx_word' id='word_1_336' title='bbox 2142 5193 2247 5257; x_wconf 79' lang='lat' dir='ltr'><strong>Ita</strong></span> 
     </span>
     <span class='ocr_line' id='line_1_46' title="bbox 561 5294 2246 5384; baseline -0.001 -23"><span class='ocrx_word' id='word_1_337' title='bbox 561 5295 767 5362; x_wconf 90' lang='lat' dir='ltr'><strong>locum</strong></span> <span class='ocrx_word' id='word_1_338' title='bbox 793 5295 1119 5362; x_wconf 84' lang='lat' dir='ltr'><strong>Bekkerus</strong></span> <span class='ocrx_word' id='word_1_339' title='bbox 1160 5296 1356 5384; x_wconf 91' lang='lat' dir='ltr'><strong>repeti</strong></span> <span class='ocrx_word' id='word_1_340' title='bbox 1387 5294 1596 5382; x_wconf 86' lang='lat' dir='ltr'><strong>jussit.</strong></span> <span class='ocrx_word' id='word_1_341' title='bbox 1683 5294 2021 5360; x_wconf 87' lang='lat' dir='ltr'><strong>Heindorf.</strong></span> <span class='ocrx_word' id='word_1_342' title='bbox 2055 5295 2246 5381; x_wconf 90' lang='lat' dir='ltr'><strong>conji-</strong></span> 
     </span>
     <span class='ocr_line' id='line_1_47' title="bbox 564 5396 2236 5486; baseline 0.001 -23"><span class='ocrx_word' id='word_1_343' title='bbox 564 5398 761 5465; x_wconf 81' lang='lat' dir='ltr'><strong>ciebat</strong></span> <span class='ocrx_word' id='word_1_344' title='bbox 787 5421 857 5486; x_wconf 94' lang='lat' dir='ltr'><strong>p.</strong></span> <span class='ocrx_word' id='word_1_345' title='bbox 881 5417 1063 5484; x_wconf 46' lang='lat'><strong>2296</strong></span> <span class='ocrx_word' id='word_1_346' title='bbox 1048 5397 1164 5462; x_wconf 77' lang='grc' dir='ltr'><strong>’τὸ</strong></span> <span class='ocrx_word' id='word_1_347' title='bbox 1186 5400 1253 5463; x_wconf 73' lang='grc' dir='ltr'>δὲ</span> <span class='ocrx_word' id='word_1_348' title='bbox 1283 5398 1435 5463; x_wconf 80' lang='grc' dir='ltr'>εἶναι</span> <span class='ocrx_word' id='word_1_349' title='bbox 1460 5402 1744 5463; x_wconf 84' lang='grc' dir='ltr'>τοιοῦτον·</span> <span class='ocrx_word' id='word_1_350' title='bbox 1773 5396 1869 5463; x_wconf 79' lang='grc' dir='ltr'><strong>ὑπ’</strong></span> <span class='ocrx_word' id='word_1_351' title='bbox 1894 5399 2236 5466; x_wconf 74' lang='grc' dir='ltr'>ἀσθενείαςε</span> 
     </span>
    </p>

    <p class='ocr_par' dir='ltr' id='par_1_8' title="bbox 564 5499 2239 5793">
     <span class='ocr_line' id='line_1_48' title="bbox 566 5499 2239 5590; baseline -0.001 -23.919"><span class='ocrx_word' id='word_1_352' title='bbox 566 5507 819 5590; x_wconf 76' lang='lat' dir='ltr'><strong>“q-uum</strong></span> <span class='ocrx_word' id='word_1_353' title='bbox 844 5510 1049 5567; x_wconf 72' lang='lat' dir='ltr'><strong>tamen</strong></span> <span class='ocrx_word' id='word_1_354' title='bbox 1069 5522 1172 5567; x_wconf 77' lang='lat' dir='ltr'><strong>res</strong></span> <span class='ocrx_word' id='word_1_355' title='bbox 1198 5502 1293 5565; x_wconf 73' lang='lat' dir='ltr'><strong>ita</strong></span> <span class='ocrx_word' id='word_1_356' title='bbox 1319 5522 1385 5566; x_wconf 76' lang='lat' dir='ltr'><strong>se</strong></span> <span class='ocrx_word' id='word_1_357' title='bbox 1405 5500 1645 5578; x_wconf 75' lang='lat' dir='ltr'><strong>habeat,</strong></span> <span class='ocrx_word' id='word_1_358' title='bbox 1668 5513 1743 5565; x_wconf 88' lang='lat' dir='ltr'><strong>ut</strong></span> <span class='ocrx_word' id='word_1_359' title='bbox 1760 5514 2012 5588; x_wconf 90' lang='lat' dir='ltr'><strong>propter</strong></span> <span class='ocrx_word' id='word_1_360' title='bbox 2037 5499 2239 5564; x_wconf 89' lang='lat' dir='ltr'><strong>imbe-</strong></span> 
     </span>
     <span class='ocr_line' id='line_1_49' title="bbox 564 5601 2239 5691; baseline 0.001 -25"><span class='ocrx_word' id='word_1_361' title='bbox 564 5601 933 5669; x_wconf 71' lang='lat' dir='ltr'><strong>cillitatem-&#39;¹&#39;</strong></span> <span class='ocrx_word' id='word_1_362' title='bbox 1018 5601 1545 5691; x_wconf 86' lang='lat' dir='ltr'><strong>Wyttenbachius</strong></span> <span class='ocrx_word' id='word_1_363' title='bbox 1585 5625 1652 5690; x_wconf 91' lang='lat' dir='ltr'><strong>p.</strong></span> <span class='ocrx_word' id='word_1_364' title='bbox 1694 5622 1881 5688; x_wconf 86' lang='lat'><strong>301.:</strong></span> <span class='ocrx_word' id='word_1_365' title='bbox 1930 5602 1973 5668; x_wconf 91' lang='lat' dir='ltr'><strong>i.</strong></span> <span class='ocrx_word' id='word_1_366' title='bbox 2021 5626 2076 5667; x_wconf 94' lang='lat' dir='ltr'><strong>e.</strong></span> <span class='ocrx_word' id='word_1_367' title='bbox 2120 5602 2239 5668; x_wconf 90' lang='lat' dir='ltr'><strong>hoc</strong></span> 
     </span>
     <span class='ocr_line' id='line_1_50' title="bbox 564 5704 2240 5793; baseline 0.001 -24"><span class='ocrx_word' id='word_1_368' title='bbox 564 5718 767 5770; x_wconf 86' lang='lat' dir='ltr'><strong>autem</strong></span> <span class='ocrx_word' id='word_1_369' title='bbox 796 5704 964 5771; x_wconf 90' lang='lat' dir='ltr'><strong>idem</strong></span> <span class='ocrx_word' id='word_1_370' title='bbox 991 5728 1144 5786; x_wconf 86' lang='lat' dir='ltr'><strong>esse,</strong></span> <span class='ocrx_word' id='word_1_371' title='bbox 1171 5728 1245 5771; x_wconf 87' lang='lat' dir='ltr'><strong>ac</strong></span> <span class='ocrx_word' id='word_1_372' title='bbox 1272 5727 1596 5770; x_wconf 40' lang='lat' dir='ltr'><strong>noffinon</strong></span> <span class='ocrx_word' id='word_1_373' title='bbox 1640 5727 1834 5793; x_wconf 87' lang='lat' dir='ltr'><strong>posse.</strong></span> <span class='ocrx_word' id='word_1_374' title='bbox 1927 5711 1975 5746; x_wconf 86' lang='lat'><strong><em>“</em></strong></span> <span class='ocrx_word' id='word_1_375' title='bbox 2008 5706 2240 5784; x_wconf 86' lang='lat' dir='ltr'><strong>Quam-</strong></span> 
     </span>
    </p>
   </div>
   <div class='ocr_carea' id='block_1_4' title="bbox 3958 614 4037 698">
    <p class='ocr_par' dir='ltr' id='par_1_9' title="bbox 3958 614 4037 698">
     <span class='ocr_line' id='line_1_51' title="bbox 3958 614 4037 698; baseline 0 0"><span class='ocrx_word' id='word_1_376' title='bbox 3958 614 4037 698; x_wconf 86' lang='lat'><strong>87</strong></span> 
     </span>
    </p>
   </div>
   <div class='ocr_carea' id='block_1_5' title="bbox 2323 741 4043 5791">
    <p class='ocr_par' dir='ltr' id='par_1_10' title="bbox 2346 741 4042 1874">
     <span class='ocr_line' id='line_1_52' title="bbox 2356 741 4042 871; baseline 0.001 -23"><span class='ocrx_word' id='word_1_377' title='bbox 2356 806 2547 870; x_wconf 89' lang='lat' dir='ltr'><strong>quam</strong></span> <span class='ocrx_word' id='word_1_378' title='bbox 2597 783 2664 848; x_wconf 91' lang='lat' dir='ltr'><strong>in</strong></span> <span class='ocrx_word' id='word_1_379' title='bbox 2714 781 2832 848; x_wconf 90' lang='lat' dir='ltr'><strong>hac</strong></span> <span class='ocrx_word' id='word_1_380' title='bbox 2884 782 3139 870; x_wconf 91' lang='lat' dir='ltr'><strong>quidem</strong></span> <span class='ocrx_word' id='word_1_381' title='bbox 3182 741 3622 871; x_wconf 76' lang='lat' dir='ltr'><strong>compositione</strong></span> <span class='ocrx_word' id='word_1_382' title='bbox 3678 782 3887 848; x_wconf 91' lang='lat' dir='ltr'><strong>malim</strong></span> <span class='ocrx_word' id='word_1_383' title='bbox 3928 796 4042 849; x_wconf 88' lang='lat' dir='ltr'><strong>aut</strong></span> 
     </span>
     <span class='ocr_line' id='line_1_53' title="bbox 2352 884 4043 973; baseline 0.002 -24"><span class='ocrx_word' id='word_1_384' title='bbox 2352 886 2565 951; x_wconf 87' lang='lat' dir='ltr'><strong>abesse</strong></span> <span class='ocrx_word' id='word_1_385' title='bbox 2593 886 2827 964; x_wconf 80' lang='grc' dir='ltr'>ταύτὸν,</span> <span class='ocrx_word' id='word_1_386' title='bbox 2858 900 2966 950; x_wconf 90' lang='lat' dir='ltr'><strong>aut</strong></span> <span class='ocrx_word' id='word_1_387' title='bbox 2994 885 3051 949; x_wconf 89' lang='lat' dir='ltr'><strong>ei</strong></span> <span class='ocrx_word' id='word_1_388' title='bbox 3080 884 3436 973; x_wconf 85' lang='lat' dir='ltr'><strong>subjungi</strong></span> <span class='ocrx_word' id='word_1_389' title='bbox 3403 913 3463 966; x_wconf 85' lang='grc' dir='ltr'>η,</span> <span class='ocrx_word' id='word_1_390' title='bbox 3492 885 3665 973; x_wconf 92' lang='lat' dir='ltr'><strong>quod</strong></span> <span class='ocrx_word' id='word_1_391' title='bbox 3693 886 3774 952; x_wconf 89' lang='lat' dir='ltr'><strong>ab</strong></span> <span class='ocrx_word' id='word_1_392' title='bbox 3801 901 4043 952; x_wconf 84' lang='lat' dir='ltr'><strong>antece-</strong></span> 
     </span>
     <span class='ocr_line' id='line_1_54' title="bbox 2352 986 4041 1077; baseline 0.002 -25"><span class='ocrx_word' id='word_1_393' title='bbox 2352 988 2539 1053; x_wconf 89' lang='lat' dir='ltr'><strong>dente</strong></span> <span class='ocrx_word' id='word_1_394' title='bbox 2572 999 2612 1054; x_wconf 93' lang='grc' dir='ltr'>ν</span> <span class='ocrx_word' id='word_1_395' title='bbox 2638 1010 2803 1075; x_wconf 81' lang='lat' dir='ltr'><strong>saepe</strong></span> <span class='ocrx_word' id='word_1_396' title='bbox 2843 986 3121 1053; x_wconf 92' lang='lat' dir='ltr'><strong>ablatum</strong></span> <span class='ocrx_word' id='word_1_397' title='bbox 3165 988 3493 1077; x_wconf 88' lang='lat' dir='ltr'><strong>reperitur,</strong></span> <span class='ocrx_word' id='word_1_398' title='bbox 3533 1004 3608 1053; x_wconf 90' lang='lat' dir='ltr'><strong>ut</strong></span> <span class='ocrx_word' id='word_1_399' title='bbox 3644 989 4041 1055; x_wconf 84' lang='lat' dir='ltr'><strong>ostendemus</strong></span> 
     </span>
     <span class='ocr_line' id='line_1_55' title="bbox 2351 1090 4040 1178; baseline 0.001 -24"><span class='ocrx_word' id='word_1_400' title='bbox 2351 1090 2431 1154; x_wconf 90' lang='lat' dir='ltr'><strong>ad</strong></span> <span class='ocrx_word' id='word_1_401' title='bbox 2460 1091 2634 1157; x_wconf 90' lang='lat' dir='ltr'><strong>Plut.</strong></span> <span class='ocrx_word' id='word_1_402' title='bbox 2665 1091 2837 1156; x_wconf 91' lang='lat' dir='ltr'><strong>Mor.</strong></span> <span class='ocrx_word' id='word_1_403' title='bbox 2868 1113 2933 1178; x_wconf 92' lang='lat' dir='ltr'><strong>p.</strong></span> <span class='ocrx_word' id='word_1_404' title='bbox 2963 1093 3069 1176; x_wconf 93' lang='lat'><strong>96.</strong></span> <span class='ocrx_word' id='word_1_405' title='bbox 3097 1093 3184 1155; x_wconf 92' lang='lat' dir='ltr'><strong>A.</strong></span> <span class='ocrx_word' id='word_1_406' title='bbox 3223 1093 3362 1172; x_wconf 91' lang='lat' dir='ltr'><strong>(Tu</strong></span> <span class='ocrx_word' id='word_1_407' title='bbox 3393 1090 3533 1156; x_wconf 88' lang='lat' dir='ltr'><strong>vide</strong></span> <span class='ocrx_word' id='word_1_408' title='bbox 3565 1091 3987 1156; x_wconf 84' lang='lat' dir='ltr'><strong>Animadvv.</strong></span> <span class='ocrx_word' id='word_1_409' title='bbox 3972 1115 4040 1156; x_wconf 88' lang='lat' dir='ltr'><strong>1n</strong></span> 
     </span>
     <span class='ocr_line' id='line_1_56' title="bbox 2353 1192 4038 1280; baseline 0.001 -22"><span class='ocrx_word' id='word_1_410' title='bbox 2353 1193 2676 1258; x_wconf 83' lang='lat' dir='ltr'><strong>Plutarch.</strong></span> <span class='ocrx_word' id='word_1_411' title='bbox 2709 1215 2771 1280; x_wconf 91' lang='lat' dir='ltr'><strong>p.</strong></span> <span class='ocrx_word' id='word_1_412' title='bbox 2804 1195 2952 1278; x_wconf 82' lang='lat'><strong>652.</strong></span> <span class='ocrx_word' id='word_1_413' title='bbox 2985 1216 3078 1279; x_wconf 86' lang='lat' dir='ltr'><strong>sq.</strong></span> <span class='ocrx_word' id='word_1_414' title='bbox 3101 1193 3197 1258; x_wconf 90' lang='lat' dir='ltr'><strong>ed.</strong></span> <span class='ocrx_word' id='word_1_415' title='bbox 3231 1195 3438 1259; x_wconf 85' lang='lat' dir='ltr'><strong>Oxon.</strong></span> <span class='ocrx_word' id='word_1_416' title='bbox 3470 1193 3647 1279; x_wconf 89' lang='lat' dir='ltr'><strong>min.)</strong></span> <span class='ocrx_word' id='word_1_417' title='bbox 3678 1209 3790 1259; x_wconf 88' lang='lat' dir='ltr'><strong>aut</strong></span> <span class='ocrx_word' id='word_1_418' title='bbox 3818 1192 4038 1280; x_wconf 87' lang='lat' dir='ltr'><strong>subjici</strong></span> 
     </span>
     <span class='ocr_line' id='line_1_57' title="bbox 2349 1293 4037 1382; baseline 0.001 -22"><span class='ocrx_word' id='word_1_419' title='bbox 2349 1300 2451 1382; x_wconf 75' lang='grc' dir='ltr'><strong>τῷ,</strong></span> <span class='ocrx_word' id='word_1_420' title='bbox 2471 1311 2541 1361; x_wconf 93' lang='lat' dir='ltr'><strong>ut</strong></span> <span class='ocrx_word' id='word_1_421' title='bbox 2564 1295 2630 1359; x_wconf 90' lang='lat' dir='ltr'><strong>in</strong></span> <span class='ocrx_word' id='word_1_422' title='bbox 2652 1293 2832 1360; x_wconf 89' lang='lat' dir='ltr'><strong>simili</strong></span> <span class='ocrx_word' id='word_1_423' title='bbox 2854 1295 3309 1361; x_wconf 89' lang='lat' dir='ltr'><strong>constructione</strong></span> <span class='ocrx_word' id='word_1_424' title='bbox 3330 1295 3576 1361; x_wconf 87' lang='lat' dir='ltr'><strong>locutus</strong></span> <span class='ocrx_word' id='word_1_425' title='bbox 3597 1311 3691 1362; x_wconf 85' lang='lat' dir='ltr'><strong>est</strong></span> <span class='ocrx_word' id='word_1_426' title='bbox 3714 1295 4037 1363; x_wconf 80' lang='lat' dir='ltr'><strong>Plotinus”</strong></span> 
     </span>
     <span class='ocr_line' id='line_1_58' title="bbox 2348 1398 4039 1486; baseline 0.002 -24"><span class='ocrx_word' id='word_1_427' title='bbox 2348 1400 2805 1485; x_wconf 89' lang='lat' dir='ltr'><strong>—Sequuntur</strong></span> <span class='ocrx_word' id='word_1_428' title='bbox 2820 1399 3011 1464; x_wconf 85' lang='lat' dir='ltr'><strong>verba</strong></span> <span class='ocrx_word' id='word_1_429' title='bbox 3029 1398 3282 1478; x_wconf 87' lang='lat' dir='ltr'><strong>Plotini,</strong></span> <span class='ocrx_word' id='word_1_430' title='bbox 3301 1422 3445 1486; x_wconf 87' lang='lat' dir='ltr'><strong>quae</strong></span> <span class='ocrx_word' id='word_1_431' title='bbox 3472 1399 3560 1464; x_wconf 91' lang='lat' dir='ltr'><strong>ita</strong></span> <span class='ocrx_word' id='word_1_432' title='bbox 3578 1398 3805 1465; x_wconf 86' lang='lat' dir='ltr'><strong>Latine</strong></span> <span class='ocrx_word' id='word_1_433' title='bbox 3831 1399 4039 1465; x_wconf 91' lang='lat' dir='ltr'><strong>reddi-</strong></span> 
     </span>
     <span class='ocr_line' id='line_1_59' title="bbox 2348 1498 4032 1587; baseline 0.001 -24"><span class='ocrx_word' id='word_1_434' title='bbox 2348 1498 2444 1564; x_wconf 89' lang='lat' dir='ltr'><strong>dit</strong></span> <span class='ocrx_word' id='word_1_435' title='bbox 2460 1500 3016 1587; x_wconf 82' lang='lat' dir='ltr'><strong>wyttenbachius:</strong></span> <span class='ocrx_word' id='word_1_436' title='bbox 3051 1506 3101 1540; x_wconf 75' lang='lat'><strong>‘⁴&#39;</strong></span> <span class='ocrx_word' id='word_1_437' title='bbox 3111 1501 3196 1564; x_wconf 84' lang='lat' dir='ltr'><strong>Id</strong></span> <span class='ocrx_word' id='word_1_438' title='bbox 3221 1510 3427 1565; x_wconf 77' lang='lat' dir='ltr'><strong>autem</strong></span> <span class='ocrx_word' id='word_1_439' title='bbox 3456 1502 3618 1565; x_wconf 77' lang='lat' dir='ltr'><strong>idem</strong></span> <span class='ocrx_word' id='word_1_440' title='bbox 3644 1510 3737 1565; x_wconf 74' lang='lat' dir='ltr'><strong>est</strong></span> <span class='ocrx_word' id='word_1_441' title='bbox 3755 1523 3831 1565; x_wconf 86' lang='lat' dir='ltr'><strong>ac</strong></span> <span class='ocrx_word' id='word_1_442' title='bbox 3849 1503 3908 1567; x_wconf 77' lang='lat' dir='ltr'><strong>si</strong></span> <span class='ocrx_word' id='word_1_443' title='bbox 3936 1503 4032 1566; x_wconf 66' lang='lat' dir='ltr'><strong>da·-</strong></span> 
     </span>
     <span class='ocr_line' id='line_1_60' title="bbox 2346 1604 4037 1690; baseline 0.001 -24"><span class='ocrx_word' id='word_1_444' title='bbox 2346 1611 2550 1681; x_wconf 76' lang='lat' dir='ltr'><strong>catnr,</strong></span> <span class='ocrx_word' id='word_1_445' title='bbox 2572 1605 2939 1690; x_wconf 71' lang='lat' dir='ltr'><strong>proximam</strong></span> <span class='ocrx_word' id='word_1_446' title='bbox 2959 1611 3108 1690; x_wconf 69' lang='lat' dir='ltr'><strong>post</strong></span> <span class='ocrx_word' id='word_1_447' title='bbox 3134 1604 3356 1667; x_wconf 75' lang='lat' dir='ltr'><strong>mundi</strong></span> <span class='ocrx_word' id='word_1_448' title='bbox 3384 1613 3720 1669; x_wconf 80' lang='lat' dir='ltr'><strong>creatorem</strong></span> <span class='ocrx_word' id='word_1_449' title='bbox 3741 1624 3871 1669; x_wconf 73' lang='lat' dir='ltr'><strong>ease</strong></span> <span class='ocrx_word' id='word_1_450' title='bbox 3896 1606 4037 1668; x_wconf 74' lang='lat' dir='ltr'><strong>ani-</strong></span> 
     </span>
     <span class='ocr_line' id='line_1_61' title="bbox 2346 1705 4032 1793; baseline 0.002 -25"><span class='ocrx_word' id='word_1_451' title='bbox 2346 1727 2514 1768; x_wconf 82' lang='lat' dir='ltr'><strong>mam</strong></span> <span class='ocrx_word' id='word_1_452' title='bbox 2555 1706 2852 1770; x_wconf 73' lang='lat' dir='ltr'><strong>coelestem</strong></span> <span class='ocrx_word' id='word_1_453' title='bbox 2894 1706 3049 1770; x_wconf 83' lang='lat' dir='ltr'><strong>cet.”</strong></span> <span class='ocrx_word' id='word_1_454' title='bbox 3137 1707 3362 1793; x_wconf 84' lang='lat' dir='ltr'><strong>Neque</strong></span> <span class='ocrx_word' id='word_1_455' title='bbox 3401 1705 3579 1771; x_wconf 88' lang='lat' dir='ltr'><strong>aliter</strong></span> <span class='ocrx_word' id='word_1_456' title='bbox 3615 1705 3888 1772; x_wconf 88' lang='lat' dir='ltr'><strong>reddidit</strong></span> <span class='ocrx_word' id='word_1_457' title='bbox 3917 1706 4032 1771; x_wconf 91' lang='lat' dir='ltr'><strong>Fi-</strong></span> 
     </span>
     <span class='ocr_line' id='line_1_62' title="bbox 2346 1830 2542 1874; baseline -0.015 0"><span class='ocrx_word' id='word_1_458' title='bbox 2346 1830 2542 1874; x_wconf 80' lang='lat' dir='ltr'><strong>cmuS.</strong></span> 
     </span>
    </p>

    <p class='ocr_par' dir='ltr' id='par_1_11' title="bbox 2325 1910 4032 4770">
     <span class='ocr_line' id='line_1_63' title="bbox 2430 1910 4029 1997; baseline 0.004 -22"><span class='ocrx_word' id='word_1_459' title='bbox 2430 1948 2519 1960; x_wconf 94' lang='lat'>—</span> <span class='ocrx_word' id='word_1_460' title='bbox 2552 1925 2648 1996; x_wconf 87' lang='lat'><strong>15.</strong></span> <span class='ocrx_word' id='word_1_461' title='bbox 2683 1913 2758 1979; x_wconf 83' lang='grc' dir='ltr'><strong>ὡς</strong></span> <span class='ocrx_word' id='word_1_462' title='bbox 2786 1910 2861 1976; x_wconf 80' lang='grc' dir='ltr'>ἂν</span> <span class='ocrx_word' id='word_1_463' title='bbox 2889 1912 3078 1992; x_wconf 79' lang='grc' dir='ltr'>ἄλλης</span> <span class='ocrx_word' id='word_1_464' title='bbox 3117 1915 3318 1996; x_wconf 73' lang='grc' dir='ltr'>ψυχῆς</span> <span class='ocrx_word' id='word_1_465' title='bbox 3360 1912 3550 1977; x_wconf 75' lang='grc' dir='ltr'>αὐτῶν</span> <span class='ocrx_word' id='word_1_466' title='bbox 3586 1918 3894 1997; x_wconf 80' lang='grc' dir='ltr'>προσεχῶς</span> <span class='ocrx_word' id='word_1_467' title='bbox 3926 1914 4029 1995; x_wconf 87' lang='grc' dir='ltr'><strong>ἀρ-</strong></span> 
     </span>
     <span class='ocr_line' id='line_1_64' title="bbox 2346 2013 4032 2099; baseline 0.001 -21"><span class='ocrx_word' id='word_1_468' title='bbox 2346 2015 2592 2098; x_wconf 82' lang='grc' dir='ltr'>χούσης]</span> <span class='ocrx_word' id='word_1_469' title='bbox 2633 2013 3029 2078; x_wconf 87' lang='lat' dir='ltr'><strong>Adverbium</strong></span> <span class='ocrx_word' id='word_1_470' title='bbox 3069 2020 3377 2099; x_wconf 82' lang='grc' dir='ltr'>προσεχῶς</span> <span class='ocrx_word' id='word_1_471' title='bbox 3418 2013 3707 2079; x_wconf 85' lang='lat' dir='ltr'><strong>rarissimi</strong></span> <span class='ocrx_word' id='word_1_472' title='bbox 3737 2037 3889 2079; x_wconf 89' lang='lat' dir='ltr'><strong>usus</strong></span> <span class='ocrx_word' id='word_1_473' title='bbox 3917 2030 4032 2093; x_wconf 88' lang='lat' dir='ltr'><strong>est,</strong></span> 
     </span>
     <span class='ocr_line' id='line_1_65' title="bbox 2344 2114 4032 2205; baseline 0.002 -27"><span class='ocrx_word' id='word_1_474' title='bbox 2344 2114 2615 2202; x_wconf 88' lang='lat' dir='ltr'><strong>indeque</strong></span> <span class='ocrx_word' id='word_1_475' title='bbox 2640 2115 2705 2179; x_wconf 92' lang='lat' dir='ltr'><strong>in</strong></span> <span class='ocrx_word' id='word_1_476' title='bbox 2733 2115 3096 2204; x_wconf 86' lang='lat' dir='ltr'><strong>vulgaribus</strong></span> <span class='ocrx_word' id='word_1_477' title='bbox 3127 2117 3377 2181; x_wconf 85' lang='lat' dir='ltr'><strong>Lexicis</strong></span> <span class='ocrx_word' id='word_1_478' title='bbox 3404 2115 3776 2205; x_wconf 85' lang='lat' dir='ltr'><strong>neglectum.</strong></span> <span class='ocrx_word' id='word_1_479' title='bbox 3867 2118 4032 2182; x_wconf 89' lang='lat' dir='ltr'><strong>Pau-</strong></span> 
     </span>
     <span class='ocr_line' id='line_1_66' title="bbox 2344 2217 4026 2308; baseline 0.002 -26"><span class='ocrx_word' id='word_1_480' title='bbox 2344 2217 2487 2282; x_wconf 91' lang='lat' dir='ltr'><strong>cula</strong></span> <span class='ocrx_word' id='word_1_481' title='bbox 2513 2231 2769 2305; x_wconf 86' lang='lat' dir='ltr'><strong>praestat</strong></span> <span class='ocrx_word' id='word_1_482' title='bbox 2795 2241 2996 2282; x_wconf 88' lang='lat' dir='ltr'><strong>novus</strong></span> <span class='ocrx_word' id='word_1_483' title='bbox 3027 2219 3381 2306; x_wconf 87' lang='lat' dir='ltr'><strong>Stephanus</strong></span> <span class='ocrx_word' id='word_1_484' title='bbox 3409 2219 3509 2284; x_wconf 88' lang='lat' dir='ltr'><strong>ed.</strong></span> <span class='ocrx_word' id='word_1_485' title='bbox 3542 2219 3725 2308; x_wconf 93' lang='lat' dir='ltr'><strong>Valp.</strong></span> <span class='ocrx_word' id='word_1_486' title='bbox 3749 2243 3811 2307; x_wconf 91' lang='lat' dir='ltr'><strong>p.</strong></span> <span class='ocrx_word' id='word_1_487' title='bbox 3834 2221 4026 2306; x_wconf 85' lang='lat'><strong>3978.</strong></span> 
     </span>
     <span class='ocr_line' id='line_1_67' title="bbox 2347 2320 4031 2410; baseline 0.001 -26"><span class='ocrx_word' id='word_1_488' title='bbox 2347 2320 2533 2399; x_wconf 85' lang='lat' dir='ltr'><strong>Quod</strong></span> <span class='ocrx_word' id='word_1_489' title='bbox 2607 2320 2964 2407; x_wconf 89' lang='lat' dir='ltr'><strong>Hesychius</strong></span> <span class='ocrx_word' id='word_1_490' title='bbox 3038 2322 3137 2386; x_wconf 94' lang='lat' dir='ltr'><strong>II.</strong></span> <span class='ocrx_word' id='word_1_491' title='bbox 3201 2340 3388 2406; x_wconf 83' lang='lat'><strong>1045.</strong></span> <span class='ocrx_word' id='word_1_492' title='bbox 3449 2320 3696 2387; x_wconf 89' lang='lat' dir='ltr'><strong>Albert.</strong></span> <span class='ocrx_word' id='word_1_493' title='bbox 3762 2321 4031 2410; x_wconf 87' lang='lat' dir='ltr'><strong>explicat</strong></span> 
     </span>
     <span class='ocr_line' id='line_1_68' title="bbox 2344 2421 4028 2510; baseline 0.001 -23"><span class='ocrx_word' id='word_1_494' title='bbox 2344 2426 2695 2504; x_wconf 83' lang='grc' dir='ltr'>σπουδαίως,</span> <span class='ocrx_word' id='word_1_495' title='bbox 2711 2424 2848 2510; x_wconf 87' lang='lat' dir='ltr'><strong>ejus</strong></span> <span class='ocrx_word' id='word_1_496' title='bbox 2870 2446 3020 2488; x_wconf 85' lang='lat' dir='ltr'><strong>usus</strong></span> <span class='ocrx_word' id='word_1_497' title='bbox 3041 2422 3382 2488; x_wconf 90' lang='lat' dir='ltr'><strong>editoribus</strong></span> <span class='ocrx_word' id='word_1_498' title='bbox 3401 2421 3641 2489; x_wconf 91' lang='lat' dir='ltr'><strong>nullum</strong></span> <span class='ocrx_word' id='word_1_499' title='bbox 3672 2423 4028 2510; x_wconf 84' lang='lat' dir='ltr'><strong>exemplum</strong></span> 
     </span>
     <span class='ocr_line' id='line_1_69' title="bbox 2341 2525 4028 2614; baseline 0.001 -25"><span class='ocrx_word' id='word_1_500' title='bbox 2341 2538 2617 2590; x_wconf 89' lang='lat' dir='ltr'><strong>notatur.</strong></span> <span class='ocrx_word' id='word_1_501' title='bbox 2706 2526 2916 2613; x_wconf 87' lang='lat' dir='ltr'><strong>Igitur</strong></span> <span class='ocrx_word' id='word_1_502' title='bbox 2959 2537 3202 2614; x_wconf 82' lang='lat' dir='ltr'><strong>quaerat</strong></span> <span class='ocrx_word' id='word_1_503' title='bbox 3249 2525 3506 2590; x_wconf 85' lang='lat' dir='ltr'><strong>fortasse</strong></span> <span class='ocrx_word' id='word_1_504' title='bbox 3563 2525 3894 2614; x_wconf 86' lang='lat' dir='ltr'><strong>quispiam,</strong></span> <span class='ocrx_word' id='word_1_505' title='bbox 3946 2549 4028 2590; x_wconf 83' lang='lat' dir='ltr'><strong>an</strong></span> 
     </span>
     <span class='ocr_line' id='line_1_70' title="bbox 2341 2625 4028 2707; baseline 0.001 -16"><span class='ocrx_word' id='word_1_506' title='bbox 2341 2625 2478 2693; x_wconf 82' lang='lat' dir='ltr'><strong>haec</strong></span> <span class='ocrx_word' id='word_1_507' title='bbox 2503 2628 2673 2693; x_wconf 85' lang='lat' dir='ltr'><strong>vocis</strong></span> <span class='ocrx_word' id='word_1_508' title='bbox 2699 2628 2793 2692; x_wconf 82' lang='lat' dir='ltr'><strong>vis</strong></span> <span class='ocrx_word' id='word_1_509' title='bbox 2822 2643 3101 2693; x_wconf 90' lang='lat' dir='ltr'><strong>nostrum</strong></span> <span class='ocrx_word' id='word_1_510' title='bbox 3122 2628 3186 2692; x_wconf 92' lang='lat' dir='ltr'><strong>in</strong></span> <span class='ocrx_word' id='word_1_511' title='bbox 3215 2626 3420 2693; x_wconf 91' lang='lat' dir='ltr'><strong>locum</strong></span> <span class='ocrx_word' id='word_1_512' title='bbox 3449 2627 3650 2693; x_wconf 85' lang='lat' dir='ltr'><strong>cadat.</strong></span> <span class='ocrx_word' id='word_1_513' title='bbox 3741 2630 3948 2707; x_wconf 83' lang='lat' dir='ltr'><strong>Quam</strong></span> <span class='ocrx_word' id='word_1_514' title='bbox 3977 2629 4028 2693; x_wconf 87' lang='lat' dir='ltr'><strong>si</strong></span> 
     </span>
     <span class='ocr_line' id='line_1_71' title="bbox 2339 2730 4024 2818; baseline 0.001 -24"><span class='ocrx_word' id='word_1_515' title='bbox 2339 2730 2622 2817; x_wconf 86' lang='lat' dir='ltr'><strong>accipias,</strong></span> <span class='ocrx_word' id='word_1_516' title='bbox 2663 2730 2826 2795; x_wconf 92' lang='lat' dir='ltr'><strong>idem</strong></span> <span class='ocrx_word' id='word_1_517' title='bbox 2879 2731 2959 2797; x_wconf 89' lang='lat' dir='ltr'><strong>sit</strong></span> <span class='ocrx_word' id='word_1_518' title='bbox 3000 2732 3065 2798; x_wconf 94' lang='lat' dir='ltr'><strong>h.</strong></span> <span class='ocrx_word' id='word_1_519' title='bbox 3107 2730 3150 2796; x_wconf 93' lang='lat' dir='ltr'><strong>l.</strong></span> <span class='ocrx_word' id='word_1_520' title='bbox 3195 2744 3385 2818; x_wconf 85' lang='lat' dir='ltr'><strong>atque</strong></span> <span class='ocrx_word' id='word_1_521' title='bbox 3427 2732 3857 2815; x_wconf 85' lang='grc' dir='ltr'>προσεχόντως,</span> <span class='ocrx_word' id='word_1_522' title='bbox 3899 2731 3941 2795; x_wconf 90' lang='lat' dir='ltr'><strong>i.</strong></span> <span class='ocrx_word' id='word_1_523' title='bbox 3971 2755 4024 2795; x_wconf 90' lang='lat' dir='ltr'><strong>e.</strong></span> 
     </span>
     <span class='ocr_line' id='line_1_72' title="bbox 2339 2832 4025 2914; baseline 0.001 -17"><span class='ocrx_word' id='word_1_524' title='bbox 2339 2842 2592 2912; x_wconf 73' lang='lat' dir='ltr'><strong>attente,</strong></span> <span class='ocrx_word' id='word_1_525' title='bbox 2618 2835 2893 2914; x_wconf 75' lang='lat' dir='ltr'><strong>naviter,</strong></span> <span class='ocrx_word' id='word_1_526' title='bbox 2919 2836 3104 2899; x_wconf 73' lang='lat' dir='ltr'><strong>aerio.</strong></span> <span class='ocrx_word' id='word_1_527' title='bbox 3198 2834 3323 2899; x_wconf 87' lang='lat' dir='ltr'><strong>Sed</strong></span> <span class='ocrx_word' id='word_1_528' title='bbox 3364 2849 3567 2898; x_wconf 84' lang='lat' dir='ltr'><strong>tamen</strong></span> <span class='ocrx_word' id='word_1_529' title='bbox 3609 2832 3864 2898; x_wconf 90' lang='lat' dir='ltr'><strong>alteram</strong></span> <span class='ocrx_word' id='word_1_530' title='bbox 3892 2858 4025 2899; x_wconf 87' lang='lat' dir='ltr'><strong>am·</strong></span> 
     </span>
     <span class='ocr_line' id='line_1_73' title="bbox 2338 2935 4030 3024; baseline 0.002 -25"><span class='ocrx_word' id='word_1_531' title='bbox 2338 2937 2564 3023; x_wconf 84' lang='lat' dir='ltr'><strong>plexus</strong></span> <span class='ocrx_word' id='word_1_532' title='bbox 2590 2952 2684 3001; x_wconf 89' lang='lat' dir='ltr'><strong>est</strong></span> <span class='ocrx_word' id='word_1_533' title='bbox 2712 2935 3054 3014; x_wconf 76' lang='lat' dir='ltr'><strong>MarsiliuS‚</strong></span> <span class='ocrx_word' id='word_1_534' title='bbox 3083 2960 3281 3024; x_wconf 86' lang='lat' dir='ltr'><strong>eaque</strong></span> <span class='ocrx_word' id='word_1_535' title='bbox 3318 2935 3834 3002; x_wconf 87' lang='lat' dir='ltr'><strong>accommodatior</strong></span> <span class='ocrx_word' id='word_1_536' title='bbox 3861 2937 4030 3002; x_wconf 86' lang='lat' dir='ltr'><strong>vide-</strong></span> 
     </span>
     <span class='ocr_line' id='line_1_74' title="bbox 2342 3037 4027 3127; baseline 0.001 -25"><span class='ocrx_word' id='word_1_537' title='bbox 2342 3052 2468 3102; x_wconf 92' lang='lat' dir='ltr'><strong>tur.</strong></span> <span class='ocrx_word' id='word_1_538' title='bbox 2559 3037 2937 3104; x_wconf 87' lang='lat' dir='ltr'><strong>Plutarchus</strong></span> <span class='ocrx_word' id='word_1_539' title='bbox 2978 3039 3089 3126; x_wconf 91' lang='lat' dir='ltr'><strong>qui</strong></span> <span class='ocrx_word' id='word_1_540' title='bbox 3124 3039 3325 3104; x_wconf 84' lang='lat' dir='ltr'><strong>fertur</strong></span> <span class='ocrx_word' id='word_1_541' title='bbox 3367 3039 3448 3103; x_wconf 91' lang='lat' dir='ltr'><strong>de</strong></span> <span class='ocrx_word' id='word_1_542' title='bbox 3479 3038 3722 3126; x_wconf 89' lang='lat' dir='ltr'><strong>placitis</strong></span> <span class='ocrx_word' id='word_1_543' title='bbox 3755 3038 4027 3127; x_wconf 88' lang='lat' dir='ltr'><strong>philoso-</strong></span> 
     </span>
     <span class='ocr_line' id='line_1_75' title="bbox 2340 3140 4029 3230; baseline 0.002 -24"><span class='ocrx_word' id='word_1_544' title='bbox 2340 3141 2609 3229; x_wconf 90' lang='lat' dir='ltr'><strong>phorum</strong></span> <span class='ocrx_word' id='word_1_545' title='bbox 2644 3143 2782 3207; x_wconf 91' lang='lat' dir='ltr'><strong>III.</strong></span> <span class='ocrx_word' id='word_1_546' title='bbox 2812 3143 2910 3206; x_wconf 90' lang='lat'><strong>18.</strong></span> <span class='ocrx_word' id='word_1_547' title='bbox 2943 3164 3008 3229; x_wconf 93' lang='lat' dir='ltr'><strong>p.</strong></span> <span class='ocrx_word' id='word_1_548' title='bbox 3042 3143 3185 3228; x_wconf 88' lang='lat'><strong>897.</strong></span> <span class='ocrx_word' id='word_1_549' title='bbox 3211 3165 3275 3230; x_wconf 93' lang='lat' dir='ltr'><strong>p.</strong></span> <span class='ocrx_word' id='word_1_550' title='bbox 3303 3144 3447 3224; x_wconf 91' lang='lat'><strong>617.</strong></span> <span class='ocrx_word' id='word_1_551' title='bbox 3479 3142 3693 3228; x_wconf 85' lang='lat' dir='ltr'><strong>Wytt.</strong></span> <span class='ocrx_word' id='word_1_552' title='bbox 3725 3140 3791 3209; x_wconf 79' lang='grc' dir='ltr'><strong>ὃς</strong></span> <span class='ocrx_word' id='word_1_553' title='bbox 3818 3144 4029 3210; x_wconf 81' lang='grc' dir='ltr'>κύκλος</span> 
     </span>
     <span class='ocr_line' id='line_1_76' title="bbox 2341 3244 4028 3339; baseline 0.001 -27"><span class='ocrx_word' id='word_1_554' title='bbox 2341 3249 2699 3329; x_wconf 87' lang='grc' dir='ltr'>φαινόμενος</span> <span class='ocrx_word' id='word_1_555' title='bbox 2728 3246 2884 3315; x_wconf 79' lang='grc' dir='ltr'>ἄλως</span> <span class='ocrx_word' id='word_1_556' title='bbox 2914 3252 3196 3320; x_wconf 81' lang='grc' dir='ltr'>καλεῖται,</span> <span class='ocrx_word' id='word_1_557' title='bbox 3221 3246 3312 3310; x_wconf 83' lang='grc' dir='ltr'><strong>ὅτι</strong></span> <span class='ocrx_word' id='word_1_558' title='bbox 3342 3245 3507 3339; x_wconf 75' lang='grc' dir='ltr'>ἐστὶν</span> <span class='ocrx_word' id='word_1_559' title='bbox 3537 3244 3694 3312; x_wconf 80' lang='grc' dir='ltr'>ἅλως</span> <span class='ocrx_word' id='word_1_560' title='bbox 3719 3251 4028 3331; x_wconf 82' lang='grc' dir='ltr'>προσεχῶς</span> 
     </span>
     <span class='ocr_line' id='line_1_77' title="bbox 2342 3347 4026 3431; baseline 0.001 -18"><span class='ocrx_word' id='word_1_561' title='bbox 2342 3352 2469 3414; x_wconf 76' lang='grc' dir='ltr'>ἐκεῖ</span> <span class='ocrx_word' id='word_1_562' title='bbox 2511 3354 2819 3416; x_wconf 82' lang='grc' dir='ltr'>δοκοῦντος</span> <span class='ocrx_word' id='word_1_563' title='bbox 2863 3352 2969 3413; x_wconf 82' lang='grc' dir='ltr'><strong>τοῦ</strong></span> <span class='ocrx_word' id='word_1_564' title='bbox 3018 3347 3328 3431; x_wconf 83' lang='grc' dir='ltr'>φάσματος</span> <span class='ocrx_word' id='word_1_565' title='bbox 3375 3349 3670 3430; x_wconf 79' lang='grc' dir='ltr'>γίνεσθαι,</span> <span class='ocrx_word' id='word_1_566' title='bbox 3718 3347 3862 3414; x_wconf 83' lang='grc' dir='ltr'>ἔνθα</span> <span class='ocrx_word' id='word_1_567' title='bbox 3919 3354 4026 3414; x_wconf 79' lang='grc' dir='ltr'><strong>νῦν</strong></span> 
     </span>
     <span class='ocr_line' id='line_1_78' title="bbox 2341 3448 4020 3536; baseline 0 -20"><span class='ocrx_word' id='word_1_568' title='bbox 2341 3452 2521 3516; x_wconf 83' lang='grc' dir='ltr'>ἔπεσε</span> <span class='ocrx_word' id='word_1_569' title='bbox 2549 3452 2618 3515; x_wconf 90' lang='grc' dir='ltr'><strong>τὸ</strong></span> <span class='ocrx_word' id='word_1_570' title='bbox 2647 3451 2840 3534; x_wconf 86' lang='grc' dir='ltr'>πάχος</span> <span class='ocrx_word' id='word_1_571' title='bbox 2872 3454 2972 3530; x_wconf 83' lang='grc' dir='ltr'><strong>τῆς</strong></span> <span class='ocrx_word' id='word_1_572' title='bbox 3010 3452 3228 3532; x_wconf 79' lang='grc' dir='ltr'>ὅψεως.</span> <span class='ocrx_word' id='word_1_573' title='bbox 3317 3448 3611 3513; x_wconf 90' lang='lat' dir='ltr'><strong>Reiskius</strong></span> <span class='ocrx_word' id='word_1_574' title='bbox 3652 3449 4020 3536; x_wconf 86' lang='lat' dir='ltr'><strong>conjiciens:</strong></span> 
     </span>
     <span class='ocr_line' id='line_1_79' title="bbox 2338 3550 4024 3635; baseline 0 -18"><span class='ocrx_word' id='word_1_575' title='bbox 2338 3555 2429 3618; x_wconf 85' lang='grc' dir='ltr'><strong>ὅτι</strong></span> <span class='ocrx_word' id='word_1_576' title='bbox 2458 3554 2624 3618; x_wconf 77' lang='grc' dir='ltr'>ἐστὶν</span> <span class='ocrx_word' id='word_1_577' title='bbox 2653 3553 2839 3618; x_wconf 80' lang='grc' dir='ltr'>ἅλωνι</span> <span class='ocrx_word' id='word_1_578' title='bbox 2866 3553 3207 3635; x_wconf 78' lang='grc' dir='ltr'>προσφερὴς</span> <span class='ocrx_word' id='word_1_579' title='bbox 3241 3551 3620 3615; x_wconf 86' lang='lat' dir='ltr'><strong>rarissimum</strong></span> <span class='ocrx_word' id='word_1_580' title='bbox 3656 3550 4024 3617; x_wconf 82' lang='lat' dir='ltr'><strong>adverbium</strong></span> 
     </span>
     <span class='ocr_line' id='line_1_80' title="bbox 2335 3652 4024 3743; baseline -0.001 -23"><span class='ocrx_word' id='word_1_581' title='bbox 2335 3655 2704 3743; x_wconf 85' lang='lat' dir='ltr'><strong>pervulgato</strong></span> <span class='ocrx_word' id='word_1_582' title='bbox 2738 3654 3074 3742; x_wconf 85' lang='lat' dir='ltr'><strong>Adjectivo</strong></span> <span class='ocrx_word' id='word_1_583' title='bbox 3115 3652 3448 3741; x_wconf 88' lang='lat' dir='ltr'><strong>opprimit;</strong></span> <span class='ocrx_word' id='word_1_584' title='bbox 3494 3652 3671 3741; x_wconf 82' lang='lat' dir='ltr'><strong>quasi</strong></span> <span class='ocrx_word' id='word_1_585' title='bbox 3715 3653 4024 3719; x_wconf 86' lang='lat' dir='ltr'><strong>rarissima</strong></span> 
     </span>
     <span class='ocr_line' id='line_1_81' title="bbox 2338 3754 4022 3845; baseline -0.001 -22"><span class='ocrx_word' id='word_1_586' title='bbox 2338 3772 2657 3845; x_wconf 88' lang='lat' dir='ltr'><strong>tantopere</strong></span> <span class='ocrx_word' id='word_1_587' title='bbox 2683 3757 2748 3821; x_wconf 91' lang='lat' dir='ltr'><strong>in</strong></span> <span class='ocrx_word' id='word_1_588' title='bbox 2776 3771 3028 3845; x_wconf 89' lang='lat' dir='ltr'><strong>promtu</strong></span> <span class='ocrx_word' id='word_1_589' title='bbox 3055 3755 3175 3819; x_wconf 86' lang='lat' dir='ltr'><strong>sint</strong></span> <span class='ocrx_word' id='word_1_590' title='bbox 3194 3754 3477 3820; x_wconf 88' lang='lat' dir='ltr'><strong>librariis.</strong></span> <span class='ocrx_word' id='word_1_591' title='bbox 3537 3755 3813 3820; x_wconf 89' lang='lat' dir='ltr'><strong>Venuste</strong></span> <span class='ocrx_word' id='word_1_592' title='bbox 3834 3757 4022 3843; x_wconf 87' lang='lat' dir='ltr'><strong>Wyt-</strong></span> 
     </span>
     <span class='ocr_line' id='line_1_82' title="bbox 2335 3858 4022 3943; baseline -0.002 -16"><span class='ocrx_word' id='word_1_593' title='bbox 2335 3860 2730 3927; x_wconf 88' lang='lat' dir='ltr'><strong>tenbachius:</strong></span> <span class='ocrx_word' id='word_1_594' title='bbox 2778 3862 2869 3924; x_wconf 85' lang='grc' dir='ltr'><strong>ὅτι</strong></span> <span class='ocrx_word' id='word_1_595' title='bbox 2912 3859 3077 3923; x_wconf 79' lang='grc' dir='ltr'>ἐστὶν</span> <span class='ocrx_word' id='word_1_596' title='bbox 3128 3858 3285 3927; x_wconf 79' lang='grc' dir='ltr'>ἄλως</span> <span class='ocrx_word' id='word_1_597' title='bbox 3325 3862 3425 3938; x_wconf 80' lang='grc' dir='ltr'><strong>τῆς</strong></span> <span class='ocrx_word' id='word_1_598' title='bbox 3471 3860 3671 3941; x_wconf 80' lang='grc' dir='ltr'>ὄψεως</span> <span class='ocrx_word' id='word_1_599' title='bbox 3713 3865 4022 3943; x_wconf 78' lang='grc' dir='ltr'>προσεχῶς</span> 
     </span>
     <span class='ocr_line' id='line_1_83' title="bbox 2337 3959 4020 4044; baseline -0.001 -16"><span class='ocrx_word' id='word_1_600' title='bbox 2337 3967 2463 4028; x_wconf 77' lang='grc' dir='ltr'>ἐκεῖ</span> <span class='ocrx_word' id='word_1_601' title='bbox 2503 3967 2812 4029; x_wconf 83' lang='grc' dir='ltr'>δοκοῦντος</span> <span class='ocrx_word' id='word_1_602' title='bbox 2853 3965 2958 4025; x_wconf 86' lang='grc' dir='ltr'><strong>τοῦ</strong></span> <span class='ocrx_word' id='word_1_603' title='bbox 3000 3959 3312 4044; x_wconf 89' lang='grc' dir='ltr'>φάσματος</span> <span class='ocrx_word' id='word_1_604' title='bbox 3353 3961 3645 4044; x_wconf 85' lang='grc' dir='ltr'>γίνεσθαι,</span> <span class='ocrx_word' id='word_1_605' title='bbox 3687 3961 3833 4025; x_wconf 85' lang='grc' dir='ltr'>ἔνθα</span> <span class='ocrx_word' id='word_1_606' title='bbox 3875 3987 4020 4027; x_wconf 85' lang='grc' dir='ltr'>συν-</span> 
     </span>
     <span class='ocr_line' id='line_1_84' title="bbox 2335 4061 4021 4151; baseline 0 -20"><span class='ocrx_word' id='word_1_607' title='bbox 2335 4065 2517 4131; x_wconf 87' lang='grc' dir='ltr'>έπεσε</span> <span class='ocrx_word' id='word_1_608' title='bbox 2568 4093 2620 4130; x_wconf 94' lang='grc' dir='ltr'><strong>κ.</strong></span> <span class='ocrx_word' id='word_1_609' title='bbox 2653 4089 2706 4130; x_wconf 94' lang='grc' dir='ltr'><strong>τ.</strong></span> <span class='ocrx_word' id='word_1_610' title='bbox 2747 4072 2811 4128; x_wconf 79' lang='grc' dir='ltr'>λ.</span> <span class='ocrx_word' id='word_1_611' title='bbox 2898 4064 3069 4129; x_wconf 87' lang='lat' dir='ltr'><strong>Utut</strong></span> <span class='ocrx_word' id='word_1_612' title='bbox 3117 4075 3233 4143; x_wconf 88' lang='lat' dir='ltr'><strong>est,</strong></span> <span class='ocrx_word' id='word_1_613' title='bbox 3281 4086 3356 4128; x_wconf 93' lang='lat' dir='ltr'><strong>eo</strong></span> <span class='ocrx_word' id='word_1_614' title='bbox 3409 4062 3476 4126; x_wconf 90' lang='lat' dir='ltr'><strong>in</strong></span> <span class='ocrx_word' id='word_1_615' title='bbox 3525 4061 3661 4128; x_wconf 89' lang='lat' dir='ltr'><strong>loco</strong></span> <span class='ocrx_word' id='word_1_616' title='bbox 3716 4061 4021 4151; x_wconf 84' lang='lat' dir='ltr'><strong>significat</strong></span> 
     </span>
     <span class='ocr_line' id='line_1_85' title="bbox 2325 4165 4019 4256; baseline -0.001 -24"><span class='ocrx_word' id='word_1_617' title='bbox 2325 4170 2635 4256; x_wconf 76' lang='lat' dir='ltr'><strong>prooeime.</strong></span> <span class='ocrx_word' id='word_1_618' title='bbox 2728 4165 3021 4232; x_wconf 90' lang='lat' dir='ltr'><strong>Similiter</strong></span> <span class='ocrx_word' id='word_1_619' title='bbox 3046 4165 3110 4229; x_wconf 92' lang='lat' dir='ltr'><strong>in</strong></span> <span class='ocrx_word' id='word_1_620' title='bbox 3145 4165 3244 4230; x_wconf 90' lang='lat' dir='ltr'><strong>his</strong></span> <span class='ocrx_word' id='word_1_621' title='bbox 3276 4165 3614 4254; x_wconf 82' lang='lat' dir='ltr'><strong>Porphyrii</strong></span> <span class='ocrx_word' id='word_1_622' title='bbox 3647 4166 3915 4254; x_wconf 83' lang='lat' dir='ltr'><strong>Isagoge</strong></span> <span class='ocrx_word' id='word_1_623' title='bbox 3951 4167 4019 4232; x_wconf 91' lang='lat' dir='ltr'><strong>in</strong></span> 
     </span>
     <span class='ocr_line' id='line_1_86' title="bbox 2332 4268 4013 4358; baseline 0 -23"><span class='ocrx_word' id='word_1_624' title='bbox 2332 4270 2618 4358; x_wconf 89' lang='lat' dir='ltr'><strong>quinque</strong></span> <span class='ocrx_word' id='word_1_625' title='bbox 2654 4291 2834 4334; x_wconf 86' lang='lat' dir='ltr'><strong>voces</strong></span> <span class='ocrx_word' id='word_1_626' title='bbox 2875 4268 3196 4334; x_wconf 89' lang='lat' dir='ltr'><strong>Aristotel.</strong></span> <span class='ocrx_word' id='word_1_627' title='bbox 3245 4291 3382 4356; x_wconf 92' lang='lat' dir='ltr'><strong>cap.</strong></span> <span class='ocrx_word' id='word_1_628' title='bbox 3416 4269 3515 4332; x_wconf 91' lang='lat' dir='ltr'><strong>II.</strong></span> <span class='ocrx_word' id='word_1_629' title='bbox 3549 4271 3605 4353; x_wconf 65' lang='grc' dir='ltr'>ξ.</span> <span class='ocrx_word' id='word_1_630' title='bbox 3639 4286 3742 4349; x_wconf 81' lang='lat'><strong>24.</strong></span> <span class='ocrx_word' id='word_1_631' title='bbox 3772 4291 3835 4356; x_wconf 91' lang='lat' dir='ltr'><strong>p.</strong></span> <span class='ocrx_word' id='word_1_632' title='bbox 3864 4271 4013 4355; x_wconf 84' lang='lat'><strong>378.</strong></span> 
     </span>
     <span class='ocr_line' id='line_1_87' title="bbox 2333 4371 4016 4455; baseline -0.001 -17"><span class='ocrx_word' id='word_1_633' title='bbox 2333 4372 2583 4439; x_wconf 85' lang='lat' dir='ltr'><strong>Buhlii:</strong></span> <span class='ocrx_word' id='word_1_634' title='bbox 2633 4374 2727 4438; x_wconf 80' lang='grc' dir='ltr'><strong>καὶ</strong></span> <span class='ocrx_word' id='word_1_635' title='bbox 2752 4377 2874 4437; x_wconf 78' lang='grc' dir='ltr'>πᾶν</span> <span class='ocrx_word' id='word_1_636' title='bbox 2901 4371 2969 4435; x_wconf 90' lang='grc' dir='ltr'><strong>τὸ</strong></span> <span class='ocrx_word' id='word_1_637' title='bbox 2997 4371 3111 4454; x_wconf 90' lang='grc' dir='ltr'><strong>πρὸ</strong></span> <span class='ocrx_word' id='word_1_638' title='bbox 3140 4377 3258 4435; x_wconf 80' lang='grc' dir='ltr'><strong>τῶν</strong></span> <span class='ocrx_word' id='word_1_639' title='bbox 3286 4372 3518 4451; x_wconf 80' lang='grc' dir='ltr'>ἀτόμων</span> <span class='ocrx_word' id='word_1_640' title='bbox 3544 4378 3856 4455; x_wconf 80' lang='grc' dir='ltr'>προσεχῶς</span> <span class='ocrx_word' id='word_1_641' title='bbox 3883 4397 4016 4437; x_wconf 86' lang='grc' dir='ltr'>κατ-</span> 
     </span>
     <span class='ocr_line' id='line_1_88' title="bbox 2332 4472 4017 4561; baseline -0.001 -21"><span class='ocrx_word' id='word_1_642' title='bbox 2332 4475 2743 4559; x_wconf 85' lang='grc' dir='ltr'>ηγορουμένων</span> <span class='ocrx_word' id='word_1_643' title='bbox 2788 4474 2939 4541; x_wconf 81' lang='grc' dir='ltr'>εἶδος</span> <span class='ocrx_word' id='word_1_644' title='bbox 2987 4473 3063 4539; x_wconf 78' lang='grc' dir='ltr'>ἂν</span> <span class='ocrx_word' id='word_1_645' title='bbox 3107 4477 3195 4555; x_wconf 81' lang='grc' dir='ltr'><strong>εἵη</strong></span> <span class='ocrx_word' id='word_1_646' title='bbox 3243 4472 3472 4553; x_wconf 74' lang='grc' dir='ltr'>μόνονε</span> <span class='ocrx_word' id='word_1_647' title='bbox 3528 4479 3578 4512; x_wconf 83' lang='grc'><strong>“</strong></span> <span class='ocrx_word' id='word_1_648' title='bbox 3606 4486 3669 4537; x_wconf 91' lang='lat' dir='ltr'><strong>et</strong></span> <span class='ocrx_word' id='word_1_649' title='bbox 3709 4473 4017 4561; x_wconf 88' lang='lat' dir='ltr'><strong>quicquid</strong></span> 
     </span>
     <span class='ocr_line' id='line_1_89' title="bbox 2333 4576 4019 4667; baseline 0 -23"><span class='ocrx_word' id='word_1_650' title='bbox 2333 4578 2618 4666; x_wconf 86' lang='lat' dir='ltr'><strong>superius</strong></span> <span class='ocrx_word' id='word_1_651' title='bbox 2633 4580 2930 4667; x_wconf 71' lang='lat' dir='ltr'><strong>proxime</strong></span> <span class='ocrx_word' id='word_1_652' title='bbox 2955 4576 3035 4642; x_wconf 90' lang='lat' dir='ltr'><strong>de</strong></span> <span class='ocrx_word' id='word_1_653' title='bbox 3054 4576 3391 4642; x_wconf 88' lang='lat' dir='ltr'><strong>individuis</strong></span> <span class='ocrx_word' id='word_1_654' title='bbox 3418 4576 3848 4663; x_wconf 84' lang='lat' dir='ltr'><strong>praedicatur.”</strong></span> <span class='ocrx_word' id='word_1_655' title='bbox 3892 4579 4019 4644; x_wconf 86' lang='lat' dir='ltr'><strong>His</strong></span> 
     </span>
     <span class='ocr_line' id='line_1_90' title="bbox 2328 4679 3991 4770; baseline 0.001 -25"><span class='ocrx_word' id='word_1_656' title='bbox 2328 4681 2522 4770; x_wconf 88' lang='lat' dir='ltr'><strong>igitur</strong></span> <span class='ocrx_word' id='word_1_657' title='bbox 2547 4681 2699 4747; x_wconf 88' lang='lat' dir='ltr'><strong>locis</strong></span> <span class='ocrx_word' id='word_1_658' title='bbox 2725 4703 3116 4746; x_wconf 88' lang='lat' dir='ltr'><strong>accensemus</strong></span> <span class='ocrx_word' id='word_1_659' title='bbox 3143 4680 3326 4745; x_wconf 87' lang='lat' dir='ltr'><strong>etiam</strong></span> <span class='ocrx_word' id='word_1_660' title='bbox 3356 4679 3523 4743; x_wconf 91' lang='lat' dir='ltr'><strong>hunc</strong></span> <span class='ocrx_word' id='word_1_661' title='bbox 3549 4679 3991 4746; x_wconf 89' lang='lat' dir='ltr'><strong>Plotinianum.</strong></span> 
     </span>
    </p>

    <p class='ocr_par' dir='ltr' id='par_1_12' title="bbox 2323 4780 4016 5791">
     <span class='ocr_line' id='line_1_91' title="bbox 2414 4780 4013 4872; baseline -0.001 -22"><span class='ocrx_word' id='word_1_662' title='bbox 2414 4807 2481 4872; x_wconf 94' lang='lat' dir='ltr'><strong>p.</strong></span> <span class='ocrx_word' id='word_1_663' title='bbox 2506 4785 2651 4864; x_wconf 89' lang='lat'><strong>186,</strong></span> <span class='ocrx_word' id='word_1_664' title='bbox 2685 4803 2747 4868; x_wconf 92' lang='lat'><strong>7.</strong></span> <span class='ocrx_word' id='word_1_665' title='bbox 2778 4788 2881 4871; x_wconf 67' lang='grc' dir='ltr'><strong>Τῷ</strong></span> <span class='ocrx_word' id='word_1_666' title='bbox 2923 4785 3034 4864; x_wconf 80' lang='grc' dir='ltr'><strong>μὲν</strong></span> <span class='ocrx_word' id='word_1_667' title='bbox 3077 4784 3183 4848; x_wconf 79' lang='grc' dir='ltr'><strong>οὖν</strong></span> <span class='ocrx_word' id='word_1_668' title='bbox 3224 4783 3476 4869; x_wconf 73' lang='grc' dir='ltr'>Τιμαίῳ]</span> <span class='ocrx_word' id='word_1_669' title='bbox 3524 4780 3707 4848; x_wconf 89' lang='lat' dir='ltr'><strong>Plato</strong></span> <span class='ocrx_word' id='word_1_670' title='bbox 3747 4783 3812 4847; x_wconf 90' lang='lat' dir='ltr'><strong>in</strong></span> <span class='ocrx_word' id='word_1_671' title='bbox 3850 4784 4013 4849; x_wconf 88' lang='lat' dir='ltr'><strong>Tim.</strong></span> 
     </span>
     <span class='ocr_line' id='line_1_92' title="bbox 2329 4884 4016 4975; baseline -0.001 -22"><span class='ocrx_word' id='word_1_672' title='bbox 2329 4911 2392 4975; x_wconf 93' lang='lat' dir='ltr'><strong>p.</strong></span> <span class='ocrx_word' id='word_1_673' title='bbox 2424 4907 2534 4973; x_wconf 84' lang='lat'><strong>31.</strong></span> <span class='ocrx_word' id='word_1_674' title='bbox 2565 4910 2632 4975; x_wconf 90' lang='lat' dir='ltr'><strong>p.</strong></span> <span class='ocrx_word' id='word_1_675' title='bbox 2663 4904 2767 4972; x_wconf 82' lang='lat'><strong>27.-</strong></span> <span class='ocrx_word' id='word_1_676' title='bbox 2791 4885 3030 4951; x_wconf 88' lang='lat' dir='ltr'><strong>Bekk.:</strong></span> <span class='ocrx_word' id='word_1_677' title='bbox 3065 4887 3455 4965; x_wconf 78' lang='grc' dir='ltr'>σωματοειδὲς</span> <span class='ocrx_word' id='word_1_678' title='bbox 3481 4887 3546 4949; x_wconf 76' lang='grc' dir='ltr'>δὲ</span> <span class='ocrx_word' id='word_1_679' title='bbox 3576 4884 3647 4965; x_wconf 78' lang='grc' dir='ltr'>δὴ</span> <span class='ocrx_word' id='word_1_680' title='bbox 3676 4887 3770 4950; x_wconf 83' lang='grc' dir='ltr'><strong>καὶ</strong></span> <span class='ocrx_word' id='word_1_681' title='bbox 3797 4886 4016 4969; x_wconf 81' lang='grc' dir='ltr'>ὁρατὸν</span> 
     </span>
     <span class='ocr_line' id='line_1_93' title="bbox 2330 4986 4015 5072; baseline 0.001 -17"><span class='ocrx_word' id='word_1_682' title='bbox 2330 4991 2517 5055; x_wconf 80' lang='grc' dir='ltr'>ἁπτόν</span> <span class='ocrx_word' id='word_1_683' title='bbox 2544 5015 2612 5054; x_wconf 91' lang='grc' dir='ltr'><strong>τε</strong></span> <span class='ocrx_word' id='word_1_684' title='bbox 2638 4994 2733 5054; x_wconf 88' lang='grc' dir='ltr'><strong>δεῖ</strong></span> <span class='ocrx_word' id='word_1_685' title='bbox 2753 4988 2821 5053; x_wconf 90' lang='grc' dir='ltr'><strong>τὸ</strong></span> <span class='ocrx_word' id='word_1_686' title='bbox 2848 4991 3175 5072; x_wconf 79' lang='grc' dir='ltr'>γενόμενον</span> <span class='ocrx_word' id='word_1_687' title='bbox 3204 4986 3376 5051; x_wconf 79' lang='grc' dir='ltr'>εἶναι.</span> <span class='ocrx_word' id='word_1_688' title='bbox 3417 4990 3713 5071; x_wconf 76' lang='grc' dir='ltr'>χωρισθὲν</span> <span class='ocrx_word' id='word_1_689' title='bbox 3742 4990 3809 5053; x_wconf 73' lang='grc' dir='ltr'>δὲ</span> <span class='ocrx_word' id='word_1_690' title='bbox 3835 4989 4015 5072; x_wconf 84' lang='grc' dir='ltr'>πυρὸς</span> 
     </span>
     <span class='ocr_line' id='line_1_94' title="bbox 2330 5089 4008 5173; baseline -0.002 -16"><span class='ocrx_word' id='word_1_691' title='bbox 2330 5094 2501 5158; x_wconf 77' lang='grc' dir='ltr'>οὐδὲν</span> <span class='ocrx_word' id='word_1_692' title='bbox 2530 5093 2606 5156; x_wconf 78' lang='grc' dir='ltr'>ἄν</span> <span class='ocrx_word' id='word_1_693' title='bbox 2632 5117 2778 5157; x_wconf 89' lang='grc' dir='ltr'>ποτε</span> <span class='ocrx_word' id='word_1_694' title='bbox 2820 5091 3033 5173; x_wconf 82' lang='grc' dir='ltr'>ὁρατὸν</span> <span class='ocrx_word' id='word_1_695' title='bbox 3060 5089 3315 5173; x_wconf 78' lang='grc' dir='ltr'>γένοιτο,</span> <span class='ocrx_word' id='word_1_696' title='bbox 3347 5090 3482 5153; x_wconf 75' lang='grc' dir='ltr'>οὐδὲ</span> <span class='ocrx_word' id='word_1_697' title='bbox 3520 5090 3707 5155; x_wconf 80' lang='grc' dir='ltr'>ἁπτὸν</span> <span class='ocrx_word' id='word_1_698' title='bbox 3745 5092 3887 5156; x_wconf 80' lang='grc' dir='ltr'>ἄνευ</span> <span class='ocrx_word' id='word_1_699' title='bbox 3924 5117 4008 5154; x_wconf 89' lang='grc' dir='ltr'><strong>τι-</strong></span> 
     </span>
     <span class='ocr_line' id='line_1_95' title="bbox 2330 5191 4013 5281; baseline 0 -21"><span class='ocrx_word' id='word_1_700' title='bbox 2330 5197 2429 5264; x_wconf 89' lang='grc' dir='ltr'><strong>νὸς</strong></span> <span class='ocrx_word' id='word_1_701' title='bbox 2457 5200 2724 5279; x_wconf 88' lang='grc' dir='ltr'>στερεοῦ,</span> <span class='ocrx_word' id='word_1_702' title='bbox 2755 5193 3000 5276; x_wconf 87' lang='grc' dir='ltr'>στερεὸν</span> <span class='ocrx_word' id='word_1_703' title='bbox 3029 5196 3094 5257; x_wconf 77' lang='grc' dir='ltr'>δὲ</span> <span class='ocrx_word' id='word_1_704' title='bbox 3122 5194 3398 5281; x_wconf 40' lang='grc' dir='ltr'>οὗκσᾶνευ</span> <span class='ocrx_word' id='word_1_705' title='bbox 3427 5196 3550 5275; x_wconf 83' lang='grc' dir='ltr'>γῆς.</span> <span class='ocrx_word' id='word_1_706' title='bbox 3583 5195 3724 5258; x_wconf 85' lang='grc' dir='ltr'>ὅθεν</span> <span class='ocrx_word' id='word_1_707' title='bbox 3747 5193 3812 5256; x_wconf 75' lang='grc' dir='ltr'>ἐκ</span> <span class='ocrx_word' id='word_1_708' title='bbox 3831 5191 4013 5273; x_wconf 86' lang='grc' dir='ltr'>πυρὸς</span> 
     </span>
     <span class='ocr_line' id='line_1_96' title="bbox 2330 5294 4012 5381; baseline -0.004 -19"><span class='ocrx_word' id='word_1_709' title='bbox 2330 5300 2425 5364; x_wconf 88' lang='grc' dir='ltr'><strong>καὶ</strong></span> <span class='ocrx_word' id='word_1_710' title='bbox 2451 5302 2559 5381; x_wconf 80' lang='grc' dir='ltr'><strong>γῆς</strong></span> <span class='ocrx_word' id='word_1_711' title='bbox 2586 5296 2654 5361; x_wconf 94' lang='grc' dir='ltr'><strong>τὸ</strong></span> <span class='ocrx_word' id='word_1_712' title='bbox 2683 5301 2789 5361; x_wconf 89' lang='grc' dir='ltr'><strong>τοῦ</strong></span> <span class='ocrx_word' id='word_1_713' title='bbox 2814 5296 3033 5363; x_wconf 90' lang='grc' dir='ltr'>παντὸς</span> <span class='ocrx_word' id='word_1_714' title='bbox 3054 5298 3381 5379; x_wconf 85' lang='grc' dir='ltr'>ἀρχόμενος</span> <span class='ocrx_word' id='word_1_715' title='bbox 3407 5294 3747 5375; x_wconf 60' lang='lat' dir='ltr'><strong>fumo-rava.</strong></span> <span class='ocrx_word' id='word_1_716' title='bbox 3776 5299 3946 5374; x_wconf 82' lang='grc' dir='ltr'>σῶμα</span> <span class='ocrx_word' id='word_1_717' title='bbox 3973 5295 4012 5357; x_wconf 81' lang='grc' dir='ltr'>δ</span> 
     </span>
     <span class='ocr_line' id='line_1_97' title="bbox 2327 5393 4011 5485; baseline -0.001 -21"><span class='ocrx_word' id='word_1_718' title='bbox 2327 5401 2461 5468; x_wconf 90' lang='grc' dir='ltr'>θεὸς</span> <span class='ocrx_word' id='word_1_719' title='bbox 2504 5401 2727 5465; x_wconf 77' lang='grc' dir='ltr'>ἐπόνει.</span> <span class='ocrx_word' id='word_1_720' title='bbox 2816 5397 3159 5485; x_wconf 88' lang='lat' dir='ltr'><strong>Descripsit</strong></span> <span class='ocrx_word' id='word_1_721' title='bbox 3184 5397 3323 5462; x_wconf 80' lang='lat' dir='ltr'><strong>haec</strong></span> <span class='ocrx_word' id='word_1_722' title='bbox 3351 5396 3702 5463; x_wconf 86' lang='lat' dir='ltr'><strong>Plotiniana</strong></span> <span class='ocrx_word' id='word_1_723' title='bbox 3740 5393 3887 5459; x_wconf 90' lang='lat' dir='ltr'><strong>inde</strong></span> <span class='ocrx_word' id='word_1_724' title='bbox 3928 5396 4011 5462; x_wconf 89' lang='lat' dir='ltr'><strong>ab</strong></span> 
     </span>
     <span class='ocr_line' id='line_1_98' title="bbox 2324 5498 4012 5587; baseline 0.001 -22"><span class='ocrx_word' id='word_1_725' title='bbox 2324 5501 2443 5567; x_wconf 89' lang='lat' dir='ltr'><strong>illis</strong></span> <span class='ocrx_word' id='word_1_726' title='bbox 2471 5501 2677 5567; x_wconf 84' lang='lat' dir='ltr'><strong>verbis</strong></span> <span class='ocrx_word' id='word_1_727' title='bbox 2704 5523 2904 5587; x_wconf 92' lang='lat' dir='ltr'><strong>usque</strong></span> <span class='ocrx_word' id='word_1_728' title='bbox 2930 5498 3012 5565; x_wconf 90' lang='lat' dir='ltr'><strong>ad</strong></span> <span class='ocrx_word' id='word_1_729' title='bbox 3040 5500 3263 5565; x_wconf 84' lang='lat' dir='ltr'><strong>verba:</strong></span> <span class='ocrx_word' id='word_1_730' title='bbox 3314 5503 3367 5565; x_wconf 74' lang='grc' dir='ltr'><strong>εἰ</strong></span> <span class='ocrx_word' id='word_1_731' title='bbox 3396 5500 3490 5564; x_wconf 86' lang='grc' dir='ltr'><strong>καὶ</strong></span> <span class='ocrx_word' id='word_1_732' title='bbox 3520 5501 3587 5563; x_wconf 78' lang='grc' dir='ltr'>ἐν</span> <span class='ocrx_word' id='word_1_733' title='bbox 3614 5503 3887 5581; x_wconf 77' lang='grc' dir='ltr'>φυσικοῖς</span> <span class='ocrx_word' id='word_1_734' title='bbox 3914 5501 4012 5565; x_wconf 75' lang='grc' dir='ltr'>οὔ·</span> 
     </span>
     <span class='ocr_line' id='line_1_99' title="bbox 2323 5599 4005 5690; baseline -0.001 -22"><span class='ocrx_word' id='word_1_735' title='bbox 2323 5630 2435 5672; x_wconf 87' lang='grc' dir='ltr'><strong>τως</strong></span> <span class='ocrx_word' id='word_1_736' title='bbox 2480 5604 2577 5668; x_wconf 92' lang='grc' dir='ltr'><strong>Ιο.</strong></span> <span class='ocrx_word' id='word_1_737' title='bbox 2631 5602 3012 5690; x_wconf 88' lang='lat' dir='ltr'><strong>Philoponus</strong></span> <span class='ocrx_word' id='word_1_738' title='bbox 3063 5602 3208 5667; x_wconf 89' lang='lat' dir='ltr'><strong>adv.</strong></span> <span class='ocrx_word' id='word_1_739' title='bbox 3270 5601 3563 5667; x_wconf 89' lang='lat' dir='ltr'><strong>Proclum</strong></span> <span class='ocrx_word' id='word_1_740' title='bbox 3620 5599 3702 5665; x_wconf 90' lang='lat' dir='ltr'><strong>de</strong></span> <span class='ocrx_word' id='word_1_741' title='bbox 3752 5601 4005 5666; x_wconf 87' lang='lat' dir='ltr'><strong>AEtern.</strong></span> 
     </span>
     <span class='ocr_line' id='line_1_100' title="bbox 2323 5703 4010 5791; baseline 0.001 -20"><span class='ocrx_word' id='word_1_742' title='bbox 2323 5706 2559 5771; x_wconf 89' lang='lat' dir='ltr'><strong>Mundi</strong></span> <span class='ocrx_word' id='word_1_743' title='bbox 2590 5706 2802 5770; x_wconf 91' lang='lat' dir='ltr'><strong>XIII.</strong></span> <span class='ocrx_word' id='word_1_744' title='bbox 2833 5721 2927 5791; x_wconf 86' lang='lat'><strong>15.</strong></span> <span class='ocrx_word' id='word_1_745' title='bbox 2957 5704 3024 5770; x_wconf 90' lang='lat' dir='ltr'><strong>in</strong></span> <span class='ocrx_word' id='word_1_746' title='bbox 3051 5705 3204 5770; x_wconf 89' lang='lat' dir='ltr'><strong>edit.</strong></span> <span class='ocrx_word' id='word_1_747' title='bbox 3233 5717 3297 5771; x_wconf 90' lang='lat' dir='ltr'><strong>et</strong></span> <span class='ocrx_word' id='word_1_748' title='bbox 3329 5704 3392 5768; x_wconf 89' lang='lat' dir='ltr'><strong>in</strong></span> <span class='ocrx_word' id='word_1_749' title='bbox 3441 5703 3689 5770; x_wconf 84' lang='lat' dir='ltr'><strong>Scholio</strong></span> <span class='ocrx_word' id='word_1_750' title='bbox 3726 5705 4010 5772; x_wconf 88' lang='lat' dir='ltr'><strong>Parisino</strong></span> 
     </span>
    </p>
   </div>
  </div>
 </body>
</html>
