5118 6613
1345 541 1550 609 ΜΒ.
1584 538 1722 606 1x.
1767 531 2235 602 ENNEAD.
2286 529 2684 595 sExTAE.
2726 550 2794 617 p.
2832 529 3275 617 1385—1392.

571 718 917 796 στενάζουσι
971 722 1207 800 πικρῶς·
1283 719 1498 800 (πυκνᾶ
1549 710 1709 779 Cod.
1761 711 1951 792 recte)
2007 707 2269 788 ἐρωτῶσι

567 822 702 904 περὶ
729 821 972 904 ἁγνείας
1016 821 1110 884 καὶ
1154 816 1434 884 ἀκούουσι
1478 817 1828 882 σπουδαίως.
1876 810 2152 893 δεύτερον
2181 808 2264 875 εἶ-

570 927 686 1002 δες,
719 923 816 987 καὶ
855 921 1065 1005 μικρὸν
1109 920 1439 987 ἀνένευσαν
1482 922 1625 986 ἄνω·
1672 920 1890 1002 τρίτον,
1938 916 2033 981 καὶ
2074 939 2263 997 προσ-

572 1025 816 1109 έχουσιν
867 1025 1132 1092 ἀναιδῶς·
1200 1025 1556 1104 ἐμειδίασας,
1614 1021 1874 1107 κᾴκεῖναι
1933 1016 2268 1103 κεχυμένας

572 1127 895 1210 ἐγέλασαν·
945 1129 1300 1206 κοσμοῦνται
1342 1124 1576 1199 λοιπὸν,
1610 1126 1706 1189 καὶ
1735 1122 2136 1188 ἑνδείκνυνταί
2168 1145 2269 1185 σοι

572 1236 795 1312 σαφῶς·
840 1226 1089 1308 βλέμμα
1116 1231 1473 1309 μορφοΰσιν,
1507 1224 2027 1309 εὖαγγελιζομέναι
2055 1222 2123 1288 τὸ
2151 1222 2265 1288 πά-

572 1336 673 1399 θος
705 1336 836 1413 (βλ.
866 1334 1203 1411 μορφοῧσιν
1234 1326 1759 1411 εὐαγγελιζόμενόν
1782 1353 1882 1392 σοι
1909 1354 1961 1393 τ.
1988 1352 2049 1391 π.
2082 1326 2263 1408 bene)

571 1437 755 1518 ὀφρῦς
777 1433 1155 1498 ἀνατείνουσι
1185 1431 1279 1495 καὶ
1300 1429 1765 1514 περιστρέφουσι
1784 1428 2093 1512 βλέφαρα·
2128 1454 2271 1512 γυμ-

574 1543 743 1604 νοῦσι
776 1535 882 1601 τὸν
909 1535 1212 1620 τράχηλον
1254 1536 1349 1599 καὶ
1391 1536 1538 1599 ὅλον
1567 1532 1636 1597 τὸ
1675 1539 1847 1613 σῶμα
1893 1529 2265 1614 θρύπτονται·

577 1640 764 1726 (Cod.
797 1643 921 1727 ὅλῳ
951 1644 1029 1727 τῶ
1062 1641 1290 1720 σώματι
1332 1636 1708 1721 θρύπτονται)
1749 1632 1970 1717 λόγους
2010 1636 2270 1697 λαλοῦσι

571 1744 997 1826 μαλάσσουσαι
1041 1742 1108 1807 τὸ
1155 1742 1343 1809 πάθος
1390 1739 1579 1826 (Cod.
1626 1736 2054 1819 μαλάσσοντας
2100 1759 2156 1797 τ.
2204 1758 2269 1800 π.

572 1846 850 1929 rectius.)
945 1847 1037 1911 Ut
1078 1845 1158 1910 ad
1201 1843 1519 1909 Plotinum
1567 1852 1861 1915 revertar,
1893 1837 2027 1901 haec
2070 1848 2133 1900 et
2176 1859 2271 1899 se-

572 1950 828 2039 quentia
871 1962 1230 2035 congruunt
1278 1969 1418 2010 cum
1470 1940 1676 2009 Procli
1725 1938 2147 2027 disputatione
2191 1938 2271 2003 de

582 2055 840 2120 Unitate
884 2051 946 2116 in
993 2046 1456 2116 Commentario
1497 2044 1561 2109 in
1603 2042 1883 2109 Platonis
1913 2041 2125 2106 Alcib.
2171 2064 2269 2129 pr.

576 2154 976 2219 LXXXII.
1021 2175 1086 2240 p.
1122 2170 1269 2237 245.
1300 2173 1441 2238 sqq.
1489 2172 1635 2237 quae
1673 2147 1763 2212 ita
1788 2145 2039 2234 incipit:
2088 2155 2270 2229 φευκ-

577 2257 717 2322 τέον
743 2257 811 2321 τὸ
841 2261 1068 2336 πλῆθος
1096 2284 1145 2319 κ.
1166 2280 1219 2320 τ.
1246 2262 1307 2317 λ.
1396 2251 1784 2331 Quibuscum
1830 2250 2042 2315 confer
2079 2250 2273 2337 ipsius

575 2359 791 2425 Nostri
843 2357 1177 2423 sententias
1225 2379 1293 2444 p.
1333 2360 1481 2442 396.
1536 2370 1598 2419 et
1649 2377 1713 2442 p.
1754 2355 1904 2438 478.
1935 2354 2019 2417 D.
2071 2367 2136 2417 et
2185 2352 2272 2417 ibi

575 2477 815 2526 annott.

658 2601 749 2615 —-
771 2582 873 2650 13.
920 2564 1122 2644 ὥσπερ
1152 2561 1246 2626 καὶ
1274 2560 1419 2643 πρὸς
1448 2561 1759 2642 ἄνθρωπον
1787 2560 2098 2642 ἄνθρωπον
2122 2567 2270 2623 συλ-

574 2665 1040 2749 λαμβάνουσαν]
1121 2666 1249 2728 Pro
1305 2679 1584 2729 extremo
1639 2686 1856 2751 margo
1911 2679 1973 2728 et
2032 2661 2271 2749 aliquot

578 2767 784 2833 Codd.
815 2766 1050 2831 habent
1091 2766 1469 2847 βλέπουσαν.
1561 2768 1640 2832 In
1687 2769 1865 2832 Med.
1897 2771 1987 2832 A.
2032 2789 2269 2831 correc-

577 2886 713 2936 tum
761 2870 930 2935 haud
980 2870 1173 2935 dubie
1207 2893 1247 2934 a
1275 2869 1529 2935 Ficino:
1577 2869 1723 2954 πρὸς
1765 2872 2076 2952 ἄνθρωπον
2119 2868 2271 2949 βλέ-

576 3001 829 3050 πουσαν,
862 2976 1195 3057 ἄνθρωπον,
1227 2972 1804 3054 συλλαμβάνουσαν,
1829 2987 1891 3036 et
1920 2972 2037 3036 hoc
2064 2969 2269 3058 ipsum

578 3076 879 3165 expressit
928 3076 1063 3141 Pie.
1163 3074 1405 3163 Taylor
1452 3074 1863 3162 conjiciebat:
1927 3076 2127 3157 ὥσπερ
2179 3074 2275 3138 καὶ

577 3178 721 3263 πρὸς
775 3181 1087 3262 ἄνθρωπον
1140 3177 1496 3259 βλέπουσαν
1552 3179 1864 3261 ἄνθρωπον
1914 3182 2270 3260 δημιουργεῖ.

581 3283 703 3350 Sed
734 3283 996 3349 verbum
1025 3305 1102 3348 ex
1130 3281 1531 3348 antecedente
1573 3287 1766 3347 ποιεῖν
1794 3279 1973 3346 facile
2015 3279 2274 3368 cogitari

578 3401 807 3475 potest.
886 3389 1182 3452 Ceterum
1213 3407 1354 3450 cum
1387 3400 1670 3450 neutram
1700 3383 2119 3472 conjecturam
2152 3385 2276 3449 Co-

577 3489 744 3554 dices
771 3489 1159 3569 confirment,
1187 3503 1546 3553 contextum
1578 3488 1879 3553 intactum
1912 3487 2158 3574 reliqui,
2188 3487 2277 3552 ita

579 3605 810 3671 tamen,
871 3606 945 3655 ut
1000 3612 1218 3655 verum
1278 3590 1504 3656 vidisse
1560 3591 1848 3656 Ficinum
1906 3591 2273 3657 existimem.

581 3693 915 3759 Proxima:
963 3699 1081 3757 τῶν
1107 3696 1224 3776 γὰρ
1253 3692 1322 3758 ἓν
1348 3693 1816 3776 λεγομένων-ὅ
1859 3697 2025 3760 ἐστιν
2050 3695 2138 3759 ita
2165 3718 2274 3759 ex-

580 3797 771 3886 plicat
809 3796 1089 3885 Taylor:
1143 3796 1184 3863 i.
1218 3820 1273 3861 e.
1329 3804 1372 3836 “
1404 3796 1550 3860 The
1597 3811 1817 3860 nature
1859 3797 1934 3861 of
1969 3797 2049 3861 its
2092 3796 2280 3884 being

581 3900 861 3989 depends
888 3922 967 3964 on
1000 3899 1106 3964 the
1134 3914 1355 3963 nature
1383 3898 1457 3961 of
1478 3898 1585 3962 the
1617 3898 1794 3986 unity
1826 3898 2022 3963 which
2054 3899 2105 3963 it
2130 3922 2274 3986 par·

582 4003 900 4092 ticipates3
949 4025 1019 4067 so
1048 4000 1184 4065 that
1211 4000 1290 4064 its
1329 3998 1518 4088 being
1544 4000 1596 4065 is
1631 4023 1803 4065 more
1832 4024 1903 4065 or
1931 4000 2049 4066 less
2074 4001 2276 4066 excel-

583 4105 711 4171 lent
740 4104 1076 4190 according
1102 4125 1170 4166 as
1199 4102 1323 4166 this
1353 4102 1532 4189 unity
1556 4101 1844 4189 partakes
1872 4102 1936 4167 in
1966 4127 2005 4168 a
2032 4118 2280 4192 greater

584 4233 656 4274 or
682 4208 802 4274 less
829 4208 1057 4295 degree
1082 4208 1170 4291 of
1180 4204 1279 4269 the
1303 4225 1419 4268 one
1445 4205 1673 4291 megs?

670 4336 737 4401 p.
769 4312 956 4398 1388,
982 4311 1045 4374 6.
1083 4308 1178 4373 καὶ
1198 4312 1304 4371 τοῦ
1325 4307 1697 4375 ἑνὸς-εἶναι
1718 4308 2024 4390 ἄνθρωπος
2054 4311 2271 4396 κ.τ.λ.]

587 4418 728 4480 Has
769 4412 1144 4503 quaestiones
1186 4424 1403 4498 postea
1452 4425 1736 4476 accurate
1781 4427 2143 4499 persecutus
2187 4427 2282 4478 est

589 4518 870 4584 Plotinus
907 4538 1050 4581 cum
1089 4514 1153 4578 in
1192 4511 1386 4577 libro:
1434 4514 1538 4578 De
1564 4514 1854 4594 Natura,
1889 4516 2281 4603 Contempla-

586 4624 753 4687 tione
779 4630 840 4685 et
875 4621 1016 4685 Uno
1046 4618 1222 4701 (ΙΙΙ.
1261 4616 1353 4701 8.)
1388 4629 1520 4681 tum
1562 4616 1876 4705 praecipue
1903 4618 2007 4682 De
2034 4618 2278 4683 Nume-

587 4726 688 4789 ris
729 4723 881 4805 (VI.
915 4723 1008 4804 6.)
1098 4718 1356 4799 Confer,
1400 4741 1545 4806 quae
1595 4743 1787 4807 supra
1837 4719 2160 4807 posuimus
2216 4721 2278 4784 in

590 4829 861 4892 Annott.
890 4824 957 4888 in
1002 4824 1170 4887 hunc
1212 4820 1440 4886 librum
1486 4846 1622 4911 cap.
1658 4823 1877 4888 XIII.
1907 4823 1988 4887 ad
2032 4846 2097 4911 p.
2130 4824 2280 4910 683.

590 4930 827 4995 A—C.
879 4926 991 4992 ubi
1040 4923 1399 4991 Aristotelis
1448 4923 1615 4990 locos
1663 4924 2077 5004 laudavimus,
2126 4949 2284 5013 quos

591 5030 893 5118 respicere
921 5028 1171 5093 videtur
1201 5029 1451 5093 Noster.

673 5155 742 5221 p.
780 5133 970 5218 1389,
1007 5150 1107 5197 12.
1158 5132 1294 5196 οὐδὲ
1338 5134 1454 5214 γὰρ
1496 5132 1533 5212 ἡ
1578 5130 1705 5196 ἰδέα
1749 5133 1836 5206 ἓν,
1869 5130 2007 5197 ἀλλ’
2045 5132 2289 5215 ἀριθμὸς

589 5240 831 5317 μᾶλλον
859 5261 914 5299 κ.
931 5259 986 5297 τ.
1007 5235 1100 5319 λ.]
1155 5234 1338 5298 Conf.
1364 5256 1508 5319 quae
1537 5257 1729 5321 supra
1755 5234 2037 5323 disputat
2062 5237 2289 5299 Noster

595 5338 674 5402 V.
694 5356 836 5423 9.5.
863 5350 928 5400 et
948 5336 1010 5401 6.
1040 5358 1105 5423 p.
1127 5354 1277 5420 559.
1300 5359 1395 5423 sq.
1428 5335 1575 5399 item
1600 5336 1801 5421 VL5.
1832 5337 2024 5401 6-8,
2057 5360 2119 5424 p.
2138 5337 2286 5418 664·

594 5464 735 5529 sqq.
766 5463 987 5506 rursus
1008 5440 1125 5504 VI.
1156 5442 1215 5505 6.
1241 5458 1338 5505 12.
1371 5462 1438 5527 p.
1460 5439 1605 5505 682.
1695 5440 1979 5529 Respicit
2005 5456 2287 5506 nostrum

593 5543 802 5610 locum
834 5543 1092 5609 Ficinus
1118 5542 1183 5608 in
1215 5544 1615 5629 Argumento
1642 5563 1707 5628 p.
1737 5545 1832 5608 16.
1865 5559 2023 5610 extr.
2118 5546 2285 5609 Con-

3926 544 4053 614 407

2350 703 2611 768 ferenda
2645 701 2831 767 etiam
2861 717 3028 780 sunt,
3058 727 3205 791 quae
3233 702 3557 791 posuimus
3593 701 3675 767 ad
3705 700 3954 767 titulum
3987 718 4051 767 et

2350 806 2434 872 ad
2461 805 2707 871 initium
2738 804 2879 870 libri
2912 805 2991 870 de
3021 808 3084 870 N
3091 806 3316 871 umeris
3344 830 3408 894 p.
3443 809 3591 889 671.
3625 805 3785 870 med.

2439 932 2503 997 p.
2540 929 2725 995 1390,
2763 927 2862 974 12.
2929 909 3021 973 Οὐ
3072 911 3273 974 τοίνυν
3317 910 3453 974 οὐδὲ
3501 909 3569 974 τὸ
3616 908 3685 974 ἓν
3727 911 3804 973 τὸ
3850 907 4046 973 πάντα

2354 1012 2548 1099 ἔσται]
2604 1009 2943 1099 Tayloru8‚
2977 1009 3070 1074 vir
3100 1011 3564 1076 Platonicorum
3609 1025 4042 1076 monumento·

2351 1137 2491 1180 rum
2525 1113 3031 1191 studiosissimuS,
3056 1113 3192 1178 haec
3218 1113 3308 1179 ita
3334 1114 3634 1181 illustrat:
3679 1123 3723 1154 “
3743 1115 3809 1178 It
3835 1113 3888 1177 is
3910 1111 4046 1178 well

2352 1217 2655 1283 observed
2683 1218 2768 1305 by
2800 1216 3171 1281 Damascius
3207 1217 3341 1300 περὶ
3379 1219 3599 1302 ἆρχῶν,
3630 1217 3767 1282 that
3804 1216 4046 1281 neither

2355 1322 2454 1386 the
2479 1343 2596 1386 one
2623 1343 2738 1384 nor
2765 1320 2856 1384 all
2882 1320 3102 1408 things
3129 1319 3383 1384 accords
3408 1321 3481 1382 in
3508 1321 3738 1406 reality
3760 1319 3906 1384 with
3940 1319 4047 1383 the

2353 1439 2576 1489 nature
2621 1424 2695 1487 of
2737 1423 2836 1488 the
2887 1443 3022 1487 one.
3112 1424 3243 1486 For
3287 1421 3458 1486 these
3503 1445 3609 1486 are
3658 1421 3936 1510 opposed
3983 1438 4048 1486 to

2353 1527 2502 1592 each
2534 1526 2735 1603 other,
2766 1524 2890 1589 and
2921 1525 3253 1590 distribute
3281 1548 3399 1589 our
3427 1524 3843 1612 conceptions.
3918 1526 4046 1588 For

2354 1630 2409 1694 if
2433 1652 2523 1694 we
2550 1627 2696 1693 look
2729 1643 2795 1692 to
2824 1628 2930 1692 the
2970 1627 3189 1715 simple
3228 1628 3351 1692 and
3383 1628 3483 1693 the
3508 1650 3646 1708 one,
3678 1652 3767 1693 we
3797 1628 4048 1714 destroy

2353 1732 2434 1797 its
2475 1729 2837 1818 immensely
2865 1745 3042 1817 great
3084 1731 3461 1818 pei-fection:
3508 1731 3632 1795 and
3678 1730 3734 1794 if
3768 1754 3858 1795 we
3899 1753 4045 1795 con·

2355 1841 2524 1908 ceive
2568 1840 2649 1906 all
2694 1841 2905 1928 things
2947 1841 3287 1928 subsisting
3331 1842 3637 1928 together,
3678 1865 3768 1907 we
3811 1842 4049 1908 abolish

2358 1946 2457 2012 the
2485 1967 2602 2011 one
2630 1945 2755 2009 and
2786 1945 2891 2011 the
2932 1945 3170 2033 simple.
3261 1946 3393 2009 But
3424 1945 3546 2010 this
3582 1945 3635 2009 is
3668 1945 3932 2010 because
3964 1968 4053 2008 we

2357 2073 2463 2114 are
2503 2049 2782 2127 divided,
2812 2048 2938 2113 and
2977 2047 3119 2112 look
3162 2063 3227 2112 to
3265 2047 3519 2112 divided
3557 2047 4051 2135 particularities.

2362 2154 2443 2217 In
2474 2153 2672 2232 short,
2697 2177 2765 2217 so
2792 2152 2890 2216 far
2917 2175 2985 2216 as
3014 2151 3062 2216 it
3090 2153 3143 2215 is
3170 2153 3269 2216 the
3296 2172 3432 2230 one,
3456 2150 3505 2214 it
3532 2150 3584 2215 is
3610 2164 3862 2236 exempt
3887 2149 4049 2213 from

2357 2255 2437 2320 all
2472 2256 2703 2343 things,
2733 2255 2857 2320 and
2887 2255 2940 2320 is
2971 2255 3231 2320 without
3267 2277 3388 2341 any
3419 2252 3791 2330 multitude;
3840 2252 3956 2316 but
3982 2275 4052 2316 so

2356 2359 2456 2424 far
2493 2383 2563 2424 as
2608 2360 2658 2424 it
2704 2360 2755 2423 is
2793 2360 2899 2425 the
2943 2358 3243 2447 principle
3286 2359 3360 2423 of
3396 2356 3476 2422 all
3519 2356 3749 2444 thingS,
3779 2356 3831 2420 it
3874 2355 3926 2420 is
3967 2355 4049 2420 all

2359 2462 2570 2550 things
2613 2461 2783 2549 prior
2818 2476 2882 2527 to
2924 2461 3068 2526 all.''
3155 2461 3265 2525 Ad
3313 2459 3627 2547 proxima:
3684 2463 3789 2523 τοῦ
3833 2463 3938 2523 νοῦ
3978 2462 4053 2523 τὸ

2357 2565 2551 2631 πάντα
2582 2567 2755 2632 ὄντος
2786 2565 3066 2629 conferas
3099 2566 3152 2628 Ι.
3188 2565 3251 2628 8.
3288 2582 3349 2629 2.
3396 2586 3459 2650 p.
3490 2577 3597 2648 73.
3618 2564 3704 2628 A.

2435 2705 2524 2718 —
2547 2670 2647 2733 16.
2676 2668 2756 2749 μὴ
2783 2666 2989 2753 ῥᾴδιον
3018 2670 3206 2732 εἰπεῖν
3236 2666 3412 2750 εἶναι]
3452 2665 3556 2730 Cf.
3588 2687 3780 2751 supra
3808 2667 4048 2729 Annot.

2356 2770 2420 2835 in
2445 2772 2564 2835 VI.
2594 2771 2652 2835 8.
2683 2791 2777 2855 19.
2811 2793 2873 2857 p.
2901 2787 3042 2855 754.
3066 2771 3140 2834 B.
3206 2770 3285 2833 In
3316 2768 3720 2855 sequentibus
3748 2791 3827 2831 ex
3856 2790 4050 2854 marg.

2357 2873 2487 2937 Ed.
2518 2888 2582 2937 et
2613 2872 2816 2938 Codd.
2851 2873 3063 2960 scripsi
3094 2877 3376 2955 φοβεῖται
3403 2895 3520 2958 pro
3550 2876 3877 2954 φθονεῖται.
3953 2871 4054 2935 De

2357 2976 2563 3041 forma
2587 2975 2962 3056 ἑξολισθάνει
2983 2975 3218 3040 dictum
3242 2990 3334 3039 est
3351 2974 3430 3039 ad
3454 2976 3553 3039 II.
3576 2994 3634 3041 2.
3657 2993 3713 3037 1.
3738 2996 3802 3060 p.
3821 2973 4054 3037 108.B.

2448 3099 2733 3167 p.-1391,
2764 3099 2865 3143 10.
2902 3078 3111 3159 ”Ομ.ως
3139 3081 3203 3142 δὲ
3232 3079 3348 3161 χρὴ
3378 3080 3527 3142 οὕτω
3556 3082 3748 3142 ποιεῖν
3777 3077 3883 3141 τὸν
3908 3075 4051 3157 μέλ-

2358 3181 3113 3269 λοντα-φιλοσοφήσειν]
3165 3183 3269 3245 Ita
3303 3179 3659 3267 scripsimus
3686 3202 3830 3243 cum
3860 3177 4055 3265 pluri-

2359 3285 2478 3350 mis
2509 3284 2717 3351 Codd.
2751 3284 2936 3351 Plato
2963 3284 3043 3350 de
3075 3286 3238 3371 Rep.
3264 3284 3382 3348 VI.
3418 3305 3479 3370 p.
3509 3303 3661 3368 491.
3690 3285 3775 3347 A.
3819 3306 3882 3371 p.
3910 3282 4052 3365 287.

2362 3387 2597 3453 Bekk.:
2644 3390 2780 3453 τόδε
2819 3391 2932 3469 μὲν
2969 3390 3097 3465 οὖν,
3130 3388 3308 3468 οἶμαι,
3342 3392 3458 3453 vras-
3494 3388 3634 3467 ἡμῖν
3671 3386 4053 3470 ὁμολογήσει,

2360 3494 2638 3574 τοιαύτην
2667 3494 2853 3575 φύσιν
2884 3492 2978 3556 καὶ
3015 3492 3210 3557 πάντα
3242 3492 3505 3574 ἔχουσαν
3533 3491 3653 3554 ὅσα
3688 3489 4053 3571 προσετάξα-

2360 3622 2474 3676 μεν
2496 3600 2604 3660 νῧν
2624 3595 2714 3675 δὴ,
2737 3597 2790 3660 εί
2813 3595 3034 3662 τελέως
3051 3592 3269 3675 μέλλοι
3294 3591 3422 3674 (all.
3440 3592 3675 3672 μέλλει.
3709 3592 3789 3656 cf.
3815 3591 4055 3655 Matth.

2366 3699 2482 3763 Gr.
2529 3719 2628 3783 gr.
2684 3701 2743 3781 ξ.
2773 3697 2924 3780 498.
2957 3697 3019 3760 d.
3096 3698 3239 3760 Ast.
3287 3694 3368 3758 ad
3415 3696 3645 3780 Remp.
3698 3716 3761 3780 p.
3794 3694 3946 3779 538.
3995 3709 4060 3759 et

2363 3822 2509 3887 quae
2553 3798 2803 3863 laudavi
2848 3798 2929 3863 ad
2976 3796 3206 3863 Plotin.
3239 3797 3319 3862 de
3362 3795 3625 3862 Pulcrit.
3671 3819 3735 3884 p.
3765 3799 3913 3881 384.
3957 3796 4057 3861 ed.

2367 3900 2701 3986 Heidelb.)
2734 3903 3077 3984 φιλόσοφος
3104 3901 3409 3985 γενέσθαι,
3441 3899 3709 3983 ὀλιγάκις
3737 3901 3805 3964 ἐν
3833 3902 4056 3982 ἀνθρώ-

2363 4030 2495 4072 ποις
2521 4006 2782 4087 φύεσθαι
2813 4004 2908 4068 καὶ
2937 4006 3170 4087 ὀλίγας.
3263 4003 3389 4083 Qui
3429 4001 3754 4067 universus
3780 4001 3953 4067 locus
3981 4002 4060 4067 de

2365 4105 2719 4195 philosophi
2748 4105 2957 4171 indole
2995 4130 3137 4171 cum
3169 4107 3288 4170 hoc
3317 4121 3529 4170 nostro
3564 4119 3657 4171 est
3684 4128 4055 4194 componen-

2366 4210 2506 4275 duS.

2452 4350 2541 4363 —
2576 4316 2676 4378 16.
2722 4314 2818 4378 καὶ
2847 4312 2915 4376 ἓν
2946 4316 3011 4377 ἐκ
3038 4318 3287 4377 πολλῶν
3313 4311 3618 4395 γενέσθω,
3651 4311 4063 4396 ἀρχὴν-ἐσό-

2364 4418 2580 4506 μενον]
2630 4415 2871 4503 Taylor
2914 4414 3325 4479 necessarium
3370 4431 3577 4479 censet
3622 4414 3805 4479 scribi
3855 4417 4057 4499 ἆρχῆς,

2366 4534 2428 4583 et
2458 4517 2641 4605 plane
2683 4518 2772 4582 ita
2809 4532 3156 4583 correctum
3188 4542 3227 4581 a
3264 4517 3537 4582 secunda
3562 4540 3750 4583 manu
3782 4518 3844 4582 in
3880 4519 4055 4583 Med.

2364 4624 2454 4686 A.
2508 4619 2678 4684 haud
2724 4619 2917 4684 dubie
2967 4642 3006 4683 a
3056 4619 3297 4696 Ficino,
3343 4619 3455 4705 qui
3498 4619 3751 4707 quidem
3797 4620 3933 4685 haec
3977 4621 4063 4685 ita

2366 4722 2652 4787 distinxit
2675 4738 2738 4787 et
2760 4723 2961 4787 vertit.
3026 4722 3419 4809 Recepissem
3452 4721 3516 4785 in
3545 4722 3849 4799 ordinem,
3873 4723 4061 4787 modo

2369 4849 2534 4891 unus
2562 4824 2719 4889 liber
2748 4825 3211 4913 suffragaretur.

2454 4954 2518 5019 p.
2550 4947 2739 5015 1392,
2762 4948 2822 5013 5.
2866 4925 2904 5008 ἦ
2930 4928 3182 5011 μέγεθος
3208 4925 3244 5005 ἢ
3275 4930 3481 5009 σχῆμα
3511 4953 3564 4989 κ.
3583 4951 3633 4988 τ.
3653 4927 3744 5010 λ.]
3783 4925 3888 4989 Cf.
3914 4925 4056 4990 Pla-

2371 5031 2533 5097 tonis
2580 5034 2867 5119 Sympos„
2916 5053 2976 5118 p.
3014 5050 3159 5096 211.
3208 5051 3272 5115 p.
3304 5049 3452 5108 444.
3485 5050 3580 5113 sq.
3625 5050 3810 5114 quem
3857 5026 4059 5092 locum

2374 5157 2565 5222 supra
2602 5133 2830 5221 saepius
2872 5131 3287 5198 laudavimuS.
3377 5129 3507 5195 Hic
3534 5152 3678 5194 cum
3707 5153 3782 5193 eo
3810 5152 4060 5217 compo-

2374 5237 2563 5302 situm
2603 5236 2867 5301 velimus
2909 5235 3248 5300 Alcinoum
3300 5234 3395 5298 De
3440 5232 3742 5298 Doctrina
3786 5232 4066 5299 Platonis

2374 5363 2426 5404 c.
2462 5341 2555 5404 X.
2593 5362 2656 5427 p.
2675 5343 2826 5424 476.
2859 5363 2995 5427 sqq.
3028 5338 3126 5403 ed.
3157 5339 3325 5402 Dan.
3359 5337 3582 5401 HeinS.
3653 5335 3946 5401 Imitatus
3973 5353 4067 5402 est

2373 5441 2558 5507 etiam
2609 5442 2743 5507 haec
2793 5441 3124 5507 Sallustius
3164 5442 3267 5505 De
3311 5440 3453 5505 Diis
3495 5455 3557 5504 et
3603 5439 3857 5504 Mundo
3898 5463 3954 5504 c.
3986 5443 4062 5506 V.

2376 5547 2540 5609 Mox
2571 5545 2764 5610 verba
2793 5546 2927 5610 οὐδὲ
2957 5542 3048 5621 ὃν,
3083 5546 3179 5609 καὶ
3205 5547 3320 5627 γὰρ
3349 5543 3418 5607 τὸ
3444 5541 3527 5608 ὃν
3546 5544 3678 5608 οἷον
3703 5544 3942 5626 μορφὴν
3967 5544 4074 5623 τὴν
