5118 6613
1007 557 1134 624 312

1972 539 2822 605 ANNOTATIONES
2875 538 2986 603 IN
3042 538 3476 604 PLOTlNI

1013 718 1128 794 ρῶς
1162 712 1393 793 ὅσαπερ
1419 710 1496 790 ἦν
1525 712 1747 778 ἐκεῖνος
1788 717 2023 792 νοητῶς,
2058 712 2153 776 καὶ
2181 714 2215 776 ὁ
2247 710 2473 795 Κρόνος
2514 711 2710 793 πάσης
2792 728 2901 799 55.
2926 713 3013 777 D.
3041 726 3105 777 et
3132 735 3278 798 quae
3307 710 3368 774 in
3403 709 3573 775 hunc
3617 709 3820 775 locum
3865 709 4299 776 annotavimus
4342 735 4484 777 cum

1017 820 1118 894 ΙΓῆς
1146 819 1519 897 δημιουργίας
1548 816 1819 880 ἐνδίδωσι
1856 816 2154 898 (ἐκδίδωσι
2175 816 2333 881 Cod.
2358 816 2467 899 V.)
2495 820 2577 903 τῷ
2607 814 2714 880 Διὶ
2795 815 2858 880 in
2887 814 3004 881 hac
3032 814 3180 880 edit.
3211 829 3348 879 tum
3378 813 3444 877 in
3474 812 3769 878 Heidelb.
3805 836 3866 901 p.
3895 832 4041 897 292.
4064 837 4161 901 sq.

1017 922 1122 987 τὰς
1149 920 1338 1002 ἇρχᾶς
1366 920 1462 982 καὶ
1489 922 1589 998 τῆς
1618 920 1700 986 εἰς
1725 921 1800 982 τᾶ
1828 921 2081 998 αἰσθητὰ
2112 920 2412 1001 προνοίας,
2447 920 2542 984 καὶ
2574 921 2707 982 ἑαυ-

1017 1021 1125 1085 τὸν
1155 1027 1310 1086 νοῶν
1334 1022 1553 1100 ἥνωται
1580 1027 1702 1113 τοῖς
1728 1023 2076 1103 πρωτίστοις
2105 1027 2333 1102 νοητοῖς
2364 1022 2459 1086 καὶ
2486 1020 2712 1102 πεπλή-

1016 1149 1197 1204 ρωται
1223 1128 1341 1188 τῶν
1370 1127 1598 1189 ἐκεῖθεν
1627 1125 2051 1206 &modim—El
2086 1124 2193 1188 οῦν
2221 1124 2431 1207 τροφὴ,
2461 1122 2531 1188 τὸ
2574 1150 2710 1204 νοη-

1017 1224 1141 1299 τὸν,
1174 1224 1442 1307 διακορής
1482 1228 1649 1290 ἐστιν
1671 1228 1704 1290 ὁ
1734 1223 1979 1308 Κρόνος,
2012 1226 2081 1290 οὗ
2109 1223 2296 1306 μόνον
2324 1232 2442 1290 τῶν
2470 1227 2711 1291 συστοί-

1017 1354 1145 1412 χων
1188 1329 1343 1415 αὐτῷ
1390 1335 1633 1409 νοητῶν,
1666 1331 1828 1393 ἀλλὰ
1856 1330 1952 1393 καὶ
1979 1333 2080 1409 τῆς
2106 1335 2226 1394 τῶν
2254 1327 2591 1411 ἀκροτάτων
2619 1328 2717 1393 καὶ

1020 1433 1281 1513 κρυφίων
1310 1431 1576 1511 νοήσεων
1607 1431 1784 1514 (fort.
1817 1432 2095 1512 νοήσεως,
2127 1431 2241 1496 nisi
2270 1431 2351 1496 ad
2382 1432 2573 1515 τροφὴ
2618 1454 2716 1497 re-

1017 1534 1180 1598 ferre
1210 1533 1416 1620 velis.)
1507 1535 1877 1599 Damascius
1904 1534 1966 1599 in
2000 1534 2164 1599 Cod.
2198 1536 2381 1599 Mon.
2410 1534 2523 1599 fol.
2548 1552 2710 1616 244:

1021 1638 1225 1701 ἔπειτα
1264 1638 1361 1701 καὶ
1389 1639 1742 1720 δημιουργὸν
1772 1637 1953 1703 αὐτὸν
1978 1640 2304 1718 ἆνυμνοῦσι
2345 1637 2451 1702 τὸν
2482 1636 2718 1720 Κρόνον

1019 1739 1125 1804 τὸν
1152 1741 1582 1825 προχειρισμὸν
1602 1745 1704 1820 τῆς
1731 1742 2105 1823 δημιουργίας
2134 1742 2321 1827 ἐαυτῷ
2350 1740 2719 1820 θεασάμενος

1022 1841 1170 1930 (leg.
1205 1843 1601 1923 θεασάμενον.
1692 1845 1921 1908 Vocem
1966 1844 2387 1928 προχειρισμὸς
2428 1867 2465 1907 e
2510 1842 2714 1908 Mele-

1020 1960 1235 2010 temm.
1284 1946 1508 2011 nostris
1551 1946 1590 2010 l.
1624 1946 1666 2010 l.
1712 1946 1941 2034 adjecit
1986 1946 2171 2010 Novo
2215 1945 2513 2033 Stephani
2542 1946 2715 2011 The-

1021 2073 1206 2114 sauro
1250 2074 1314 2139 p.
1355 2070 1584 2136 10501.
1619 2048 2017 2129 Schoeferus.)
2113 2049 2409 2114 Proxima
2440 2048 2715 2114 Plotini:

1020 2156 1240 2235 μεταξὺ
1280 2154 1365 2219 ὢν
1405 2152 1626 2237 πατρός
1671 2180 1738 2219 τε
1787 2155 2097 2234 ἀμείνονος
2146 2181 2195 2217 κ.
2227 2178 2280 2218 τ.
2313 2161 2377 2215 λ.
2430 2152 2720 2218 tractavit

1022 2255 1388 2322 Cudworth.
1422 2257 1485 2321 in
1522 2259 1690 2344 Syst.
1718 2256 1929 2322 Intell.
1960 2257 2080 2321 lv.
2104 2258 2208 2342 36.
2239 2280 2305 2345 p.
2329 2256 2477 2340 687.
2502 2255 2715 2321 Mosh.

1020 2360 1122 2424 Cf.
1158 2357 1391 2425 Plotin.
1422 2382 1613 2447 supra
1641 2384 1709 2447 p.
1734 2359 1883 2443 487.
1915 2375 1978 2424 et
2006 2383 2073 2448 p.
2095 2378 2246 2446 512.
2278 2383 2371 2447 sq.

1107 2484 1172 2549 p.
1210 2482 1396 2544 1024,
1428 2484 1492 2544 4.
1535 2463 1606 2527 οὗ
1644 2465 1762 2545 γὰρ
1800 2463 1876 2543 ἦν
1916 2464 2070 2550 αὐτῷ
2109 2463 2255 2545 πρὸς
2291 2460 2562 2546 τρόπου,]
2616 2463 2720 2526 Ita

1021 2564 1379 2653 scripsimus
1421 2587 1564 2629 cum
1610 2564 1784 2630 libris
1826 2565 2151 2654 plurimis:
2208 2573 2252 2605 “
2282 2567 2508 2653 Neque
2550 2564 2718 2630 enim

1018 2684 1239 2756 aptum
1285 2683 1444 2747 erat,
1490 2691 1695 2756 neque
1743 2669 1907 2734 enim
1953 2669 2215 2735 decebat
2261 2671 2467 2734 eum.”
2569 2669 2720 2735 Vid.

1023 2771 1233 2859 Viger.
1265 2770 1346 2836 de
1377 2771 1748 2837 Idiotismm.
1784 2773 1915 2837 IX.
1951 2773 2012 2838 8.
2043 2792 2108 2859 3.
2153 2787 2217 2838 et
2257 2794 2322 2855 4.
2370 2789 2435 2838 et
2478 2771 2718 2838 Matth.

1024 2876 1143 2939 Gr.
1171 2898 1266 2962 gr.
1301 2877 1357 2959 ξ.
1379 2895 1528 2961 590.
1561 2874 1661 2940 ed.
1692 2875 1869 2940 alter.

1106 3015 1197 3029 —
1225 2997 1285 3060 7.
1335 2978 1557 3058 ἔστησε
1598 2977 1647 3043 δ’
1679 2979 1754 3043 a&
1801 2980 1897 3043 καὶ
1937 2982 2012 3045 τὰ
2064 2981 2148 3047 εἷς
2192 2978 2410 3062 θάτερα
2452 2978 2569 3045 ἀπὸ
2616 2984 2722 3043 τοῦ

1021 3080 1229 3149 παιδὸς
1257 3079 1555 3162 ἀρξάμενα
1598 3080 1751 3145 εἶναι
1792 3082 1921 3161 μετ’
1952 3080 2158 3166 αὐτὸν]
2216 3081 2297 3146 Id
2328 3097 2454 3147 est:
2502 3081 2719 3169 dispo-

1021 3183 1148 3248 suit
1190 3205 1407 3247 rursus
1449 3182 1633 3248 etiam
1678 3183 1989 3248 contraria
2038 3184 2104 3267 (i.
2131 3208 2188 3249 e.
2237 3184 2542 3272 sequiora,
2576 3209 2722 3272 quae

1021 3286 1100 3353 ad
1132 3285 1425 3351 inferiora
1454 3301 1761 3375 vergunt:
1810 3286 1954 3371 πρὸς
1995 3285 2063 3353 τὸ
2109 3287 2291 3375 κάτω)
2323 3286 2470 3354 inde
2512 3313 2551 3354 a
2593 3287 2723 3356 filio

1024 3415 1139 3456 suo
1181 3389 1427 3455 initium
1472 3389 1705 3455 faciens
1734 3390 1828 3475 (id
1860 3406 1988 3457 est:
2035 3389 2182 3456 inde
2224 3415 2263 3456 a
2305 3391 2545 3480 primiS,
2575 3416 2721 3480 quoe

1021 3511 1164 3583 post
1213 3496 1259 3559 J
1263 3517 1446 3559 ovem
1498 3494 1788 3574 veniunt)
1844 3494 1934 3559 ita
1988 3508 2059 3560 ut
2108 3511 2312 3560 essent
2360 3509 2502 3582 post
2551 3494 2722 3560 hunc

1022 3600 1101 3679 (J
1105 3601 1340 3681 ovem).
1431 3597 1798 3662 Formulam
1829 3595 1946 3662 ἀπὸ
1975 3602 2081 3662 τοῦ
2108 3596 2313 3666 παιδὸς
2355 3598 2656 3681 ἀρξάμενα
2682 3621 2721 3663 a

1023 3702 1288 3768 Platone
1331 3701 1589 3777 sumsit;
1637 3700 1717 3766 de
1750 3723 1881 3789 qua
1907 3700 2051 3766 vide
2083 3701 2357 3767 Heusdii
2396 3701 2517 3766 mei
2565 3703 2720 3789 Spe-

1022 3806 1162 3870 cim.
1195 3806 1258 3870 in
1290 3804 1537 3870 Platon.
1569 3827 1633 3892 p.
1654 3824 1759 3891 39.
1810 3803 2152 3869 Heindorf.
2181 3804 2263 3870 ad
2294 3806 2497 3892 Gorg.
2529 3806 2591 3888 ξ.
2615 3807 2717 3870 60.

1024 3931 1090 3995 p.
1124 3909 1224 3993 83.
1286 3907 1661 3972 Buttmann.
1708 3907 1793 3973 ad
1836 3907 2048 3974 Alcib.
2078 3931 2178 3996 pr.
2209 3931 2274 3996 p.
2303 3911 2445 3973 116.
2510 3913 2721 3975 Sturz.

1029 4015 1190 4078 Lex.
1226 4011 1530 4098 Xenoph.
1577 4012 1636 4075 Ι.
1682 4033 1748 4097 p.
1779 4026 1931 4093 427.
1975 4023 2039 4075 et
2083 4011 2323 4077 Matth.
2356 4012 2474 4079 Gr.
2519 4036 2616 4100 gr.
2665 4015 2721 4097 ξ.

1024 4133 1173 4202 557.
1213 4137 1276 4202 p.
1313 4134 1495 4178 1100.
1541 4113 1642 4178 ed.
1674 4112 2102 4178 alten—Mox
2144 4113 2404 4179 fortasse
2447 4115 2716 4180 scriben-

1025 4216 1181 4280 dum
1226 4218 1306 4301 τῷ
1357 4212 1502 4297 πρὸς
1545 4211 1613 4277 τὸ
1666 4213 1819 4279 κάτω
1870 4218 2089 4301 δεσμῷ.
2179 4214 2306 4280 Sed
2354 4238 2591 4294 vereor,
2641 4238 2719 4280 ne

1027 4318 1230 4406 majus
1256 4316 1478 4382 vitium
1505 4316 1713 4382 lateat.
1804 4316 2050 4381 Deinde
2078 4316 2116 4398 ἢ
2148 4321 2294 4383 κατὰ
2327 4318 2567 4394 κάλλος,
2599 4319 2637 4383 i.
2663 4343 2717 4385 e.

1026 4442 1218 4509 quam
1249 4435 1318 4484 ut
1351 4418 1709 4506 pulcritudo
1737 4418 1819 4484 ad
1851 4443 1995 4485 eum
2026 4420 2335 4508 pertinere
2362 4421 2578 4509 possit.
2624 4423 2725 4487 De

1025 4525 1143 4589 hac
1170 4522 1481 4588 locutione
1511 4524 1640 4588 vid.
1665 4527 1811 4589 Ast.
1845 4524 1925 4589 ad
1959 4524 2201 4591 Platon.
2227 4526 2456 4613 Remp.
2489 4549 2550 4614 p.
2574 4548 2722 4615 393.

1027 4640 1092 4693 et
1118 4650 1265 4715 quae
1307 4625 1439 4713 ipse
1482 4626 1666 4714 posui
1691 4626 1772 4692 ad
1807 4627 2014 4692 Procli
2045 4628 2203 4692 Inst.
2235 4627 2455 4693 Theol.
2485 4653 2548 4716 p.
2582 4633 2723 4715 196.

1028 4754 1118 4818 sq.
1153 4729 1262 4794 ubi
1291 4744 1436 4816 post
1464 4728 1860 4795 Adverbium
1889 4731 2384 4819 comparativum
2425 4734 2719 4821 ponitur:

1031 4835 1127 4899 καὶ
1167 4829 1442 4914 μειζόνως
1467 4829 1504 4911 ἢ
1535 4836 1683 4897 κατὰ
1719 4833 1827 4912 τὴν
1858 4835 1925 4898 ἐν
1952 4839 2074 4901 τοῖς
2118 4835 2254 4899 οὖσι
2290 4841 2409 4901 τῶν
2438 4837 2725 4920 δευτέρων

1026 4935 1172 5020 πρὸς
1198 4938 1273 5000 τὰ
1299 4940 1501 5016 πρῶτα
1529 4933 1866 5016 ὁμοιότητα.

1099 5054 1298 5121 -15,
1329 5039 1404 5101 El
1432 5037 1538 5101 οῦν
1558 5037 1596 5117 ἦ
1619 5037 1789 5121 ψυχὴ
1809 5037 1846 5117 ἡ
1869 5041 1973 5102 τοῦ
2001 5036 2406 5106 παντὸς-καὶ
2432 5041 2469 5120 ἦ
2495 5039 2721 5124 Ἀφρο-

1030 5142 1185 5230 δίτη]
1235 5138 1381 5204 Vid.
1412 5138 1642 5203 Timaei
1674 5138 1978 5204 Platonici
2007 5138 2211 5204 locum
2244 5140 2323 5205 de
2355 5140 2580 5207 animae
2614 5167 2723 5230 ge-

1026 5242 1343 5310 neratione
1373 5264 1438 5329 p.
1460 5262 1563 5327 34.
1589 5265 1727 5329 sqq.
1756 5265 1821 5329 p.
1847 5261 1950 5327 31.
1977 5264 2116 5328 sqq.
2144 5240 2348 5307 Bekk.
2378 5258 2442 5309 et
2471 5245 2552 5309 cf.
2582 5245 2721 5310 Plo-

1029 5348 1233 5412 tinum
1266 5345 1406 5409 111.
1437 5364 1503 5430 5.
1537 5363 1596 5409 2.
1626 5365 1691 5430 3.
1720 5365 1783 5425 4.
1817 5361 1877 5429 5.
1913 5359 1969 5427 7.
2004 5344 2067 5408 8.

1117 5472 1179 5535 p.
1211 5467 1398 5533 1025,
1413 5467 1476 5535 3.
1510 5448 1639 5513 ἐπεὶ
1669 5448 1767 5512 καὶ
1795 5449 1941 5512 ὅταν
1972 5447 2067 5512 καὶ
2092 5447 2258 5512 αὐτοὶ
2288 5449 2459 5513 καλοὶ
2489 5452 2722 5540 κ.τ.λ.]

1035 5550 1140 5619 Cf.
1171 5573 1361 5638 supra
1390 5574 1454 5638 p.
1476 5552 1627 5637 463.
1658 5554 1742 5616 Α.
1775 5549 1923 5616 item
1955 5573 2017 5638 p.
2035 5569 2143 5636 54.
2177 5550 2250 5615 F.
2284 5552 2625 5639 praesertim
2661 5576 2726 5640 p.

2883 956 2971 969 —
2994 934 3049 1002 7.
3081 916 3119 998 ἢ
3148 916 3269 983 κατ’
3302 919 3498 998 ἄλλην
3526 915 3668 981 ὁδὸν
3693 916 3879 981 πάλιν
3909 918 3984 982 αὖ
4024 923 4120 982 δεῖ
4154 919 4484 1003 ἐπελθεῖν.]

2798 1019 3045 1085 Addidi
3072 1020 3257 1085 πάλιν
3285 1043 3362 1084 ex
3394 1021 3574 1086 bonis
3602 1019 3775 1086 libris
3798 1019 4102 1106 pluribus.
4193 1021 4339 1087 Vid.
4384 1044 4491 1086 su-

2798 1147 2914 1212 pra
2943 1125 3058 1188 1v.
3083 1146 3143 1204 4.
3176 1143 3271 1208 19.
3302 1122 3437 1188 init.
3466 1122 3618 1210 ibiq.
3649 1125 3882 1189 Annot.
3932 1126 4226 1189 Ceterum
4257 1123 4493 1189 habent

2800 1225 2938 1292 haec
2988 1241 3268 1291 extrema
3315 1226 3508 1291 verba
3562 1226 3780 1314 capitis
3837 1227 4042 1293 nescio
4091 1227 4250 1315 quid
4298 1226 4494 1294 nativi

2800 1329 3101 1417 quodque
3169 1328 3249 1394 ad
3323 1329 3602 1394 animum
3673 1330 4189 1396 commovendum
4265 1330 4492 1396 mirum

2801 1449 3109 1521 quantum
3138 1433 3307 1499 facit.

3444 1606 3648 1670 LIB.
3709 1605 3845 1670 IX.

2892 1744 2967 1808 Ρ.
3003 1745 3186 1818 1026,
3218 1758 3278 1825 7.
3323 1747 3518 1805 ΠΕΡΙ
3564 1747 3738 1806 No‘r
3769 1740 3941 1824 (libri
3967 1740 4207 1829 aliquot
4236 1746 4340 1805 τοῦ
4368 1746 4493 1816 νοῦ,

2804 1843 2912 1909 sed
2955 1843 3019 1909 in
3066 1843 3393 1931 Porphyrii
3441 1843 3591 1908 edit.
3683 1843 4018 1909 Articulus
4057 1844 4243 1910 etiam
4288 1844 4493 1929 abest)

2804 1953 2944 2013 ΚΑΙ
2988 1952 3166 2013 ΤΩΝ
3212 1952 3483 2012 ῙΔΕΩΝ
3531 1952 3670 2012 KAI
3714 1934 3882 2013 Tor
3924 1948 4238 2036 οΝΤοΣ]
4301 1947 4497 2012 Liber

2803 2049 3062 2136 quintus
3104 2073 3183 2115 ex
3211 2049 3429 2114 ordine
3464 2047 3913 2136 chronologico.
4006 2049 4154 2115 Vid.
4189 2049 4494 2138 Porphyr.

2804 2152 2884 2218 de
2936 2152 3060 2217 Vit.
3103 2152 3335 2218 Plotin.
3383 2176 3520 2240 cap.
3575 2153 3691 2217 IV.
3736 2151 3872 2217 coll.
3922 2174 4057 2238 cap.
4103 2153 4331 2218 XXV.
4383 2153 4496 2218 fin.

2808 2260 3273 2344 Argumentum
3322 2255 3516 2344 hujus
3556 2255 3699 2321 libri
3726 2269 4061 2343 cognatum
4093 2271 4187 2322 est
4214 2279 4358 2321 cum
4387 2255 4496 2320 iis-

2804 2356 2948 2423 dem
2976 2358 3107 2423 fere
3139 2357 3404 2446 dialogis
3433 2357 3734 2433 Platonis,
3764 2381 3925 2445 quos
3966 2357 4376 2424 indicavimus
4416 2358 4498 2423 ad

2804 2461 3033 2526 librum
3066 2462 3542 2550 praecedentem‚
3571 2485 3683 2526 nec
3724 2461 3931 2525 minus
3966 2484 4108 2526 cum
4140 2461 4502 2527 Aristotelis

2804 2565 3281 2654 MetaphysiciS.
3329 2567 3387 2630 E
3423 2564 3762 2630 Platonicis
3792 2563 4189 2652 Philosophis
4216 2563 4500 2653 plerique

2804 2669 2930 2735 huc
2976 2669 3238 2735 faciunt.
3327 2671 3662 2757 Apponere
3706 2669 3892 2757 juvat
3941 2668 4076 2733 haec
4130 2667 4370 2734 Alcinoi
4419 2667 4500 2734 de

2806 2773 3112 2839 Doctrina
3149 2772 3427 2838 Platonis
3454 2796 3511 2838 c.
3543 2793 3642 2837 10.
3689 2795 3755 2860 p.
3783 2789 3948 2856 474:
3987 2770 4126 2837 Ἔτι
4169 2774 4267 2837 καὶ
4308 2774 4501 2841 ἄλλας

2806 2878 2995 2962 ἀρχὰς
3019 2875 3481 2959 παραλαμβάνει
3513 2874 3823 2959 (Πλάτων)
3858 2874 3967 2955 τήν
3994 2901 4061 2940 τε
4095 2880 4496 2959 παραδειγμα·

2805 2980 2991 3060 τικῆν,
3022 2978 3176 3044 τοῦτ’
3209 2980 3339 3044 ἔστι
3367 2980 3477 3059 τὴν
3503 2985 3622 3044 τῶν
3649 2982 3840 3054 ἰδεῶν,
3874 2980 3970 3043 καὶ
4007 2980 4115 3059 τὴν
4143 2984 4249 3044 τοῦ
4285 2978 4503 3061 πατρὸς

2807 3085 2903 3149 καὶ
2932 3084 3120 3148 αἰτίου
3147 3081 3387 3147 πάντων
3417 3087 3576 3147 θεοῦ.
3624 3082 3754 3147 ἔστι
3778 3084 3844 3146 δὲ
3870 3083 3908 3162 ἡ
3936 3081 4083 3156 ἰδέα,
4118 3083 4194 3150 ὡς
4219 3083 4332 3162 μὲν
4360 3080 4504 3165 πρὸς

2806 3185 2966 3260 θεὸν,
3000 3183 3201 3266 νόησις
3245 3186 3442 3250 αὐτοῦ·
3490 3186 3567 3252 ὦς
3609 3187 3676 3250 δὲ
3718 3183 3864 3267 πρὸς
3904 3185 4071 3265 ἡμᾶς,
4106 3182 4317 3265 νοητὸν
4343 3191 4498 3267 πρῶ-

2806 3311 2932 3354 τον·
2980 3289 3057 3356 ὦς
3094 3290 3159 3353 δὲ
3196 3285 3342 3370 πρὸς
3369 3287 3476 3368 τὴν
3502 3289 3673 3369 ὕλην,
3704 3286 3941 3369 μέτρον·
3985 3287 4063 3356 ὥς
4104 3288 4170 3353 δὲ
4212 3285 4357 3370 πρὸς
4398 3286 4502 3353 τὸν

2807 3389 3091 3473 αἰσθητὸν
3120 3388 3363 3471 κόσμον,
3394 3390 3784 3473 παράδειγμα·
3831 3391 3908 3457 ὣς
3936 3392 4002 3454 δὲ
4029 3388 4173 3473 πρὸς
4201 3391 4385 3471 αὑτὴν
4414 3393 4504 3470 ε’ξ·

2808 3493 3144 3574 εταζομένη,
3174 3494 3370 3559 οὐσία.
3465 3493 3567 3558 Cf.
3599 3493 3784 3558 etiam
3819 3491 4156 3582 Porphyrii
4188 3495 4497 3559 Sententt.

2806 3620 2862 3662 c.
2897 3597 3535 3661 XXIII—XXVI.
3629 3597 3826 3661 Hunc
3852 3594 4084 3660 librum
4114 3612 4260 3662 ante
4287 3596 4499 3662 oculos

2806 3700 3034 3765 habere
3062 3698 3260 3764 videri
3293 3698 3486 3786 possit
3516 3697 3905 3786 Philoponus
3948 3698 4010 3763 in
4057 3699 4370 3764 Aristotel.
4416 3699 4497 3765 de

2807 3804 3066 3883 Anima,
3101 3819 3172 3868 ut
3206 3802 3269 3867 in
3308 3802 3539 3868 librum
3573 3803 3711 3867 111.
3743 3801 3851 3869 fol.
3874 3804 3952 3882 Q.
3983 3826 4048 3891 p.
4073 3820 4131 3887 7.
4160 3802 4259 3868 ed.
4281 3804 4500 3869 Venet-

2813 3916 3124 3976 Πλωτῖνος
3166 3910 3232 3973 δὲ
3276 3909 3547 3993 ἐνεργείᾳ
3580 3912 3722 3972 νοῦν
3752 3905 4002 3989 ἐνόησεν
4029 3914 4148 3973 τῶν
4179 3907 4332 3996 (leg.
4363 3907 4499 3994 τὸν)

2812 4014 3183 4095 ἀνθρώπινον
3232 4016 3392 4086 νοῦν,
3434 4008 3539 4075 τὸν
3575 4013 3690 4091 μὲν
3735 4012 3829 4076 ἀεὶ
3877 4013 4250 4094 ἐνεργοῦντα,
4290 4010 4397 4077 τὸν
4439 4014 4503 4077 δὲ

2809 4117 2956 4180 ποτε
3014 4117 3392 4198 ἐνεργοῦντα.
3469 4113 3842 4194 πεπλάνηται
3899 4116 3965 4179 δὲ
4022 4120 4332 4183 Πλωτΐνος
4388 4112 4504 4182 ἀπὸ

2807 4216 3154 4287 Πλάτωνος.
3200 4218 3465 4285 ἀκούσας
3483 4219 3599 4299 γὰρ
3619 4218 3683 4296 ἐξ
3715 4219 3962 4292 ἐκείνου,
3994 4219 4086 4281 ὅτι
4111 4218 4149 4297 ἡ
4176 4218 4349 4302 ψυχὴ
4377 4220 4500 4284 ἀει-

2808 4319 3036 4401 κίνητός
3060 4323 3209 4396 ἐστι,
3232 4318 3510 4398 ἐνόμισεν
3530 4322 3860 4401 ἀεικίνητον
3878 4318 4059 4385 αὐτὸν
4078 4319 4286 4403 λέγειν
4305 4324 4387 4408 τῷ
4410 4321 4503 4387 ἀεὶ

2813 4429 2992 4499 νοεῖν,
3026 4424 3122 4488 καὶ
3161 4426 3257 4488 διὰ
3295 4427 3466 4487 τοῦτο
3511 4424 3697 4487 οἴεται
3740 4422 3894 4487 εἶναι
3938 4427 4079 4487 νοῦν
4108 4423 4201 4488 ἀεὶ
4231 4427 4504 4488 νοοῦντα.

2811 4527 3008 4607 Φησὶν
3038 4527 3146 4591 οῦν
3175 4529 3209 4590 ὁ
3239 4531 3566 4594 Πλωτῖνος·
3607 4527 3699 4590 ὅτι
3728 4527 3999 4611 ἐνεργείᾳ
4027 4530 4172 4591 νοῦν
4198 4525 4372 4609 λέγει
4398 4525 4505 4591 τὸν

2812 4630 3181 4710 ἀνθρώπινον
3212 4632 3353 4693 νοῦν
3379 4625 3485 4692 τὸν
3511 4629 3607 4693 ἀεὶ
3637 4632 3908 4693 νοοῦντα.
3956 4627 4137 4693 Idem
4162 4628 4312 4694 ibid.
4337 4651 4404 4717 p.
4429 4630 4500 4694 8:

2812 4735 2846 4796 ὁ
2893 4734 2958 4797 δὲ
3006 4737 3316 4798 Πλωτῖνος
3357 4731 3619 4810 ἠπατᾶτο
3667 4734 3734 4795 ἐκ
3778 4735 3885 4795 τοῦ
3932 4733 4025 4797 ἀεὶ
4071 4733 4359 4814 ἐνεργεῖν,
4407 4734 4506 4798 καὶ

2809 4837 3116 4901 ὑπετίθετο
3162 4836 3230 4899 ἐν
3264 4835 3404 4916 ἡμῖν
3449 4837 3590 4899 νοῦν
3629 4834 3723 4899 ἀεὶ
3766 4836 4144 4917 ἐνεργοῦντα,
4175 4836 4270 4899 καὶ
4294 4839 4508 4900 τοῦτον

2812 4939 3028 5021 ἔλεγεν
3058 4938 3327 5022 ἐνεργείᾳ
3357 4941 3519 5002 νοῦν.
3607 4936 3856 5001 Diserte
3897 4934 4193 5002 laudatur
4222 4935 4320 5002 hic
4348 4937 4506 5003 liber

2811 5063 2850 5105 a
2882 5039 3146 5127 Syriano
3174 5037 3239 5101 in
3266 5035 3627 5101 Aristotelis
3654 5034 4048 5124 Metaphyss.
4077 5035 4187 5102 lib.
4221 5037 4321 5103 11.
4355 5061 4410 5102 c.
4432 5061 4498 5120 4.

2810 5144 2873 5208 in
2903 5142 3004 5207 ed.
3042 5139 3285 5229 Syriani
3316 5138 3549 5204 Latina
3577 5140 3798 5204 Venet.
3836 5140 4020 5224 1580.
4051 5138 4162 5203 fol.
4193 5159 4294 5224 29.
4329 5139 4373 5204 b
4395 5166 4506 5206 :—

2811 5253 2854 5286 “
2886 5243 3077 5325 Quod
3125 5259 3333 5309 autem
3385 5242 3465 5307 de
3517 5242 3719 5307 forma
3770 5240 4098 5330 separabili
4148 5242 4227 5307 sit
4276 5242 4503 5325 forma,

2810 5347 3134 5413 manifeste
3163 5345 3469 5433 significat
3501 5343 3922 5430 (Aristoteles)
3957 5343 4365 5433 subjungenS,
4394 5369 4503 5412 ne-

2811 5474 2978 5518 cesse
3018 5463 3113 5514 est
3147 5448 3419 5536 aliquam
3462 5471 3593 5513 esse
3635 5462 3864 5536 praeter
3901 5446 4088 5512 simul
4126 5462 4330 5513 totum
4369 5449 4500 5516 for-

2813 5576 2976 5619 mam
3001 5568 3064 5618 et
3093 5551 3379 5640 speciem.
3427 5551 3492 5618 Si
3515 5574 3661 5616 vero
3681 5573 3895 5617 rursus
3922 5548 4083 5615 hanc
4110 5562 4307 5640 ponet
4326 5553 4500 5640 quis;
