5118 6613
1555 575 1754 640 LIB.
1802 576 1919 641 VI.
1963 576 2422 641 ENNEAD.
2467 577 2858 643 PRIMAE.
2902 600 2967 666 p.
3000 596 3106 663 97.

622 746 934 815 uberrimo
961 747 1133 812 fonte
1161 746 1364 812 duxit.
1453 745 1624 812 Illud
1666 746 1839 836 quod
1880 746 2121 827 attinet,
2151 748 2289 813 Au·

617 852 904 939 gustinus
931 860 1149 916 contra
1169 850 1561 915 Academicos
1587 849 1745 915 libro
1769 851 1910 915 111.
1934 852 2033 915 18.
2056 873 2122 939 p.
2145 869 2289 936 294.

623 953 898 1020 Platonis
921 953 1243 1019 Plotinum
1286 966 1413 1017 tam
1457 952 1712 1018 similem
1754 952 1925 1033 dicit,
1970 967 2043 1018 ut
2076 953 2141 1017 in
2173 952 2293 1018 hoc

620 1058 722 1124 ille
749 1056 1038 1122 revixisse
1066 1055 1384 1143 putandus
1412 1055 1511 1120 sit.

706 1159 892 1240 Quod
920 1159 969 1223 si
998 1182 1146 1223 vero
1183 1158 1263 1222 de
1293 1157 1544 1223 consilio
1581 1171 2069 1246 argumentoque
2103 1158 2294 1247 hujus

622 1264 762 1330 libri
804 1285 1176 1350 quaeramus,
1220 1260 1435 1349 paucis
1476 1260 1609 1325 haec
1666 1284 1765 1325 res
1807 1283 1975 1325 nunc
2016 1261 2295 1349 expediri

620 1381 843 1455 potest,
870 1378 1272 1453 posteaquam
1299 1363 1381 1428 de
1409 1362 1680 1450 reliquis,
1710 1362 1822 1451 qui
1861 1364 2030 1429 hunc
2060 1387 2292 1452 proece·

621 1470 801 1549 dunt,
859 1468 1051 1555 hujus
1106 1466 1440 1533 Enneados
1495 1465 1668 1532 libris
1720 1465 2010 1547 vidimus,
2067 1467 2294 1532 etenim

624 1572 884 1638 Platone
910 1584 1160 1636 auctore
1187 1570 1276 1635 ita
1300 1569 1595 1635 docuerat
1624 1568 1910 1634 Plotinus
1936 1570 1999 1633 in
2028 1570 2187 1635 libro
2214 1569 2295 1634 de

625 1673 964 1741 Dialectica
989 1677 1078 1761 (p.
1108 1692 1375 1759 19—21.
1399 1671 1642 1757 Basil.)‚
1662 1685 1866 1736 ternas
1888 1683 2096 1759 patere
2123 1672 2296 1737 rede-

623 1779 776 1845 undi
819 1778 903 1843 ad
944 1776 1279 1864 superiora,
1323 1775 1493 1840 unde
1533 1774 1769 1863 delapsi
1812 1774 2021 1853 simuS,
2052 1776 2201 1855 vias,
2232 1790 2296 1841 et

625 1881 875 1970 quidem
918 1880 1066 1944 has:
1105 1878 1365 1966 primam
1396 1901 1509 1965 per
1534 1880 1809 1943 musicen
1840 1879 2179 1963 (μουσικὴν)
2210 1878 2296 1942 al-

627 2001 819 2049 teram
848 2006 960 2070 per
985 1983 1358 2046 amatoriam
1388 1980 1749 2065 (ἐρωτικὴν),
1768 1979 2008 2045 tertiam
2029 2004 2142 2068 per
2161 1982 2297 2044 dia-

623 2090 894 2152 lecticam
942 2085 1069 2149 sive
1110 2083 1588 2171 metaphysicam
1636 2082 2080 2169 (διαλεκτικήν).
2147 2084 2193 2146 J
2195 2105 2295 2147 am

622 2190 789 2256 illam
816 2188 1148 2255 secundam
1175 2185 1339 2251 viam
1372 2185 1454 2249 ad
1494 2207 1805 2250 summum
1847 2185 2082 2250 bonum
2118 2199 2292 2273 pate-

624 2292 771 2358 facit
820 2290 1106 2356 Plotinus
1153 2289 1272 2353 hoc
1319 2288 1455 2376 ipso
1508 2286 1666 2353 libro
1714 2287 1795 2353 de
1842 2287 2293 2354 Pulcritudine.

626 2397 745 2462 Est
801 2394 994 2482 igitur
1051 2406 1218 2457 totus
1272 2405 1543 2478 quantus
1598 2392 1854 2455 moralis
1910 2393 2296 2480 arg-maenti,

626 2498 888 2584 ideoque
915 2519 952 2560 a
981 2493 1331 2582 Porphyrio
1357 2492 1506 2558 huic
1531 2493 1747 2581 primae
1768 2493 2055 2558 Enneadi
2082 2518 2299 2582 aggre-

627 2615 834 2689 gatus.
923 2600 1067 2663 Hoc
1095 2595 1386 2662 nimirum
1413 2595 1545 2683 agit
1572 2618 1649 2660 ex
1686 2595 1846 2659 libro
1871 2594 2295 2683 philosophae,

627 2718 702 2769 ut
728 2713 1046 2782 monstret,
1076 2699 1389 2788 quomodo
1429 2721 1543 2786 per
1578 2699 1800 2763 Palm-i
1839 2699 2299 2786 contemplatio-

626 2830 767 2872 nem
812 2807 1000 2871 homo
1043 2800 1365 2891 paullatim
1409 2814 1728 2865 revocetur
1770 2800 1852 2864 ad
1893 2799 2057 2865 illius
2086 2802 2298 2867 Pulcri

627 2923 939 2976 auctorem
960 2907 1191 2984 Deum,
1215 2904 1341 2969 sive
1367 2903 1447 2968 ad
1477 2925 1788 2968 summum
1812 2905 2059 2968 Bonum
2085 2908 2170 2991 (p.
2194 2906 2297 2968 80.

628 3016 712 3079 D.
739 3009 956 3094 Basil.)
1006 3010 1052 3072 J
1055 3032 1156 3073 am
1175 3030 1323 3071 vero
1343 3005 1559 3070 musici
1581 3005 1844 3070 hominis
1868 3005 2105 3072 indoles
2125 3006 2301 3072 item-

627 3140 750 3204 que
806 3115 962 3202 ejuS‚
1016 3110 1126 3198 qui
1183 3109 1486 3174 Pulcrum
1549 3110 1757 3196 ipswm
1813 3119 2005 3187 amat,
2065 3124 2300 3197 spectat

628 3218 893 3284 maxime
951 3213 1256 3290 sublimia,
1307 3224 1371 3277 et
1420 3210 1501 3275 ad
1559 3233 1903 3297 regressum
1961 3211 2296 3292 contendit,

627 3321 814 3388 modo
869 3331 1134 3405 utraque
1188 3329 1352 3381 recte
1408 3314 1730 3380 erudiatur
1796 3313 2298 3403 instituaturque.

630 3424 835 3513 Atqui
862 3420 1009 3487 huic
1036 3419 1152 3508 ipsi
1179 3416 1547 3483 institutioni
1574 3417 1816 3482 dicatus
1842 3432 1935 3482 est
1955 3416 2123 3482 hicce
2144 3418 2300 3483 liber

630 3528 710 3593 de
746 3523 1206 3601 Pulcra-radim,
1249 3521 1428 3607 isque
1468 3542 1582 3584 nec
1618 3519 1818 3584 minus
1859 3520 2171 3607 pertinens
2217 3520 2297 3585 ad

629 3629 923 3714 ἐρωτικὸν,
955 3626 1082 3691 sive
1109 3625 1330 3689 Pulcri
1355 3631 1715 3702 amatorem,
1744 3644 1934 3708 quam
1967 3622 2045 3686 ad
2089 3649 2296 3702 μουσι-

632 3735 1113 3814 :commaceratus
1152 3735 1499 3798 anmntem,
1489 3751 1504 3765 ·
1549 3741 1613 3789 et
1654 3724 1910 3812 quidem
1951 3738 2300 3812 propterea,

631 3834 924 3924 quoniam
965 3831 1069 3896 hic
1109 3850 1554 3915 nonnunquam
1596 3826 1663 3891 in
1700 3826 1873 3891 illum
1907 3841 2300 3892 convertatur

634 3938 788 4023 (vid.
817 3936 1120 4000 Nostrum
1145 3931 1226 3996 de
1256 3929 1595 3996 Dialectica
1619 3953 1685 4017 p.
1718 3949 1821 3997 20.
1851 3929 2015 4014 D.)
2000 3953 2042 3994 ι.
2062 3953 2116 3994 e.
2146 3953 2299 4018 quo-

630 4040 819 4118 niam,
853 4036 966 4125 qui
993 4034 1314 4114 Pulcrum,
1346 4032 1519 4120 quod
1562 4032 1720 4097 inest
1755 4031 1819 4096 in
1862 4045 2162 4097 concentu
2190 4056 2300 4097 vo·

631 4165 775 4209 cum
803 4161 1240 4225 sonorumque,
1263 4149 1450 4214 amat,
1476 4134 1799 4200 facillime
1782 4133 1975 4222 ipsius
2002 4134 2300 4222 pulcritu-

635 4245 796 4310 dinis
839 4256 1075 4307 amator
1122 4239 1349 4305 evadit.
1435 4240 1729 4304 Versatur
1775 4237 1876 4301 hic
1930 4236 2095 4301 idem
2144 4237 2300 4303 liber

632 4368 919 4434 magnam
959 4357 1197 4432 partem
1234 4342 1300 4407 in
1336 4339 1854 4406 admonitionibus
1880 4339 2301 4429 praeceptioni-

630 4451 874 4537 busque
900 4447 985 4512 ad
1011 4447 1225 4534 fugam
1265 4466 1477 4508 earum
1514 4465 1740 4517 rerum,
1771 4464 1915 4528 quae
1958 4465 2170 4507 sensus
2210 4443 2299 4507 fe-

630 4552 824 4631 riunt,
852 4550 917 4615 in
944 4547 1158 4637 primis
1182 4570 1330 4634 quie
1356 4545 1453 4611 vel
1498 4567 1787 4610 sonorum
1831 4544 2157 4609 dulcedine
2194 4569 2299 4610 eos

628 4654 902 4731 titillant,
931 4649 1029 4716 vel
1069 4649 1285 4714 iisdem
1317 4647 1725 4712 blandiuntur
1750 4661 2071 4712 venustate
2097 4647 2299 4712 molli-

628 4758 837 4845 tieque
857 4755 1213 4819 formarum.
1278 4753 1399 4816 Est
1428 4750 1617 4838 igitur
1639 4750 1935 4815 hactenus
1963 4773 2127 4815 mere
2134 4772 2298 4837 pur-

621 4861 921 4949 gaterius
952 4855 1321 4939 (καθάρσιος)
1362 4853 1531 4918 hicce
1572 4851 1748 4931 liber,
1785 4852 2129 4939 panditque
2169 4851 2299 4917 adi-

630 4977 765 5028 tum
794 4960 874 5026 ad
904 4958 1387 5046 Philosqihiam,
1426 4970 1501 5021 ut
1535 4976 1678 5042 quae
1719 4968 1783 5020 et
1823 4954 1959 5041 ipsa
1998 4955 2297 5042 quodam-

630 5064 818 5130 modo
834 5060 1139 5150 pertineat
1160 5058 1242 5123 ad
1264 5058 1566 5140 κάθαρσιν,
1590 5057 1698 5122 sed
1726 5080 1837 5121 nec
1864 5057 2071 5121 minus
2092 5071 2296 5123 tamen

628 5169 806 5232 λύσιν
829 5162 1106 5252 perficiat
1141 5174 1332 5248 atque
1371 5159 1529 5224 adeo
1569 5161 1897 5224 τελείωσιν.
1986 5162 2105 5225 Est
2129 5160 2293 5225 idem

627 5268 786 5334 liber
839 5266 1297 5331 emtam-tamus
1359 5262 1826 5347 (προτρεπτικὸς)
1878 5262 2296 5350 hactenusque

627 5369 880 5437 consilio
933 5381 998 5433 et
1040 5381 1407 5455 argumento
1459 5379 1898 5429 consentaneus
1954 5366 2297 5431 Hortensio

632 5471 965 5548 Ciceronis,
1007 5492 1136 5558 quo
1172 5469 1356 5547 libro,
1396 5482 1469 5532 ut
1508 5465 1640 5553 ipoe
1676 5465 1931 5532 Tullius
1971 5468 2295 5555 profitetur

630 5576 710 5642 de
757 5574 1020 5640 Finibus
1064 5574 1122 5637 I.
1170 5592 1251 5652 2.,
1293 5570 1395 5635 hic
1439 5570 1525 5634 ad
1567 5569 1976 5657 pkihsophz‘ae
2018 5571 2295 5637 studium

3960 600 4045 668 39

2375 750 2539 815 cives
2579 771 2726 815 suos
2761 758 2900 815 erat
2935 748 3724 818 adhortatio—caeterum
3752 751 3920 817 hunc
3943 750 4043 841 ip-

2376 874 2514 917 sum
2546 851 2777 917 Plotini
2804 852 3034 917 librum
3062 866 3206 918 ante
3237 851 3447 917 oculos
3486 852 3771 919 habuisse
3798 853 4047 919 videtur

2378 954 2670 1020 Hermias
2710 956 2777 1019 in
2818 953 3096 1021 Platonis
3137 955 3479 1021 Phaedrum
3511 980 3574 1044 p.
3604 959 3705 1043 65.
3736 979 3879 1021 cum
3912 956 4047 1023 haec

2378 1057 2701 1123 scriberet:
2734 1060 2826 1123 ὅτι
2850 1058 2985 1139 περὶ
3011 1063 3387 1123 παντοδαποῦ
3416 1063 3600 1124 καλοῦ
3627 1061 3660 1122 ὁ
3691 1061 3910 1128 σκόπος
3936 1062 4046 1144 (scss

2380 1160 2632 1225 Phoedri
2664 1160 2965 1225 Platonici
2994 1159 3271 1248 Dialogi)
3291 1167 3524 1244 πρῶτον
3544 1165 3649 1225 τοῦ
3678 1164 3745 1226 ἐν
3776 1161 4051 1242 αἰσθήσει

2380 1265 2475 1328 καὶ
2502 1267 2571 1344 τῇ
2602 1265 2803 1346 φύσει,
2829 1264 2955 1329 εἶτα
2981 1268 3086 1327 τοῦ
3114 1266 3181 1328 ἐν
3203 1266 3425 1346 λόγοις,
3453 1265 3547 1329 καὶ
3570 1264 3839 1347 ἀνωτέρω
3858 1267 3962 1328 τοῦ
3984 1266 4051 1329 ἐν

2380 1369 2481 1453 νῷ,
2530 1367 2625 1430 καὶ
2666 1372 3007 1430 τελευταῖον
3045 1370 3149 1430 τοῦ
3184 1369 3253 1431 ἐν
3281 1371 3455 1435 θεοῖς.
3551 1366 4051 1455 Wyttenbachius

2376 1482 2588 1533 autem
2638 1468 2718 1533 de
2761 1468 2880 1533 hoc
2926 1467 3278 1533 Plotiniano
3318 1468 3477 1534 libro
3517 1469 3638 1534 ita:
3688 1478 3731 1510 “
3755 1472 3876 1534 Est
3916 1470 4051 1536 haec

2378 1571 2704 1659 explicatio
2731 1571 2848 1636 loci
2879 1570 3183 1636 Platonici
3216 1573 3500 1659 Sympos.
3529 1595 3594 1660 p.
3626 1591 3771 1658 331.
3802 1595 3935 1660 sqq.
3970 1596 4051 1638 ex

2378 1697 2639 1762 persona
2657 1674 2951 1739 Diotimae
2972 1673 3201 1760 proditi
3219 1699 3238 1748 ς
3272 1673 3538 1738 refertur
3559 1674 3744 1739 etiam
3764 1674 3846 1739 ad
3870 1675 4052 1740 Pbae-

2378 1776 2476 1841 dri
2503 1791 2739 1864 partem
2767 1801 2830 1865 p.
2853 1795 3002 1863 344.
3033 1778 3162 1864 sq.''
3215 1779 3418 1855 Quem
3445 1776 3709 1842 eundem
3739 1776 3942 1843 locum
3972 1801 4051 1844 ex

2378 1879 2572 1966 ipsius
2619 1880 2897 1946 Platonis
2953 1879 3192 1966 scriptis
3248 1902 3448 1966 nuper
3505 1878 3833 1945 illustravit
3883 1882 4050 1945 Phil.

2384 1984 2556 2047 Guil.
2587 2006 2715 2047 van
2742 1984 3020 2061 Heusde,
3043 1982 3138 2047 vir
3162 1981 3720 2070 praestantissimus,
3748 1982 3811 2046 in
3832 1985 4054 2048 [uitiis

2382 2087 2800 2174 Philosophiae
2828 2087 3195 2163 Platonicce,
3226 2101 3386 2173 part.
3423 2087 3483 2149 I.
3511 2107 3574 2171 p.
3606 2087 3706 2168 96.
3739 2108 3870 2172 sqq.

2464 2212 2528 2276 p.
2558 2206 2665 2273 97,
2684 2210 2746 2272 9.
2767 2188 2855 2253 Τὸ
2887 2189 3073 2253 καλόν
3103 2215 3156 2251 κ.
3175 2214 3231 2251 τ.
3250 2190 3339 2272 λ.]
3374 2187 3487 2252 Ad
3518 2186 3863 2252 universam
3891 2187 4051 2253 hanc

2380 2291 2902 2356 enumerationem
2971 2312 3268 2376 generum
3338 2288 3772 2377 pulcritudinis
3826 2290 4053 2354 adhibe

2382 2392 2660 2458 Platonis
2689 2393 3028 2457 Phaedrum
3057 2417 3120 2481 p.
3157 2408 3298 2477 250.
3331 2391 3395 2456 d.
3460 2392 3766 2479 Hippiam
3809 2394 3953 2480 maj.
3983 2415 4045 2479 p.

2385 2510 2528 2579 295.
2577 2494 2640 2561 d.
2688 2495 2855 2560 unde
2897 2494 3114 2560 sumsit
3153 2494 3441 2559 Laertius
3472 2495 3612 2558 III.
3648 2496 3751 2580 89.
3790 2510 3853 2560 et
3892 2497 4053 2561 Gor-

2380 2596 2545 2685 giam
2576 2621 2641 2685 p.
2667 2614 2818 2681 474.
2847 2597 2910 2661 d.
2933 2621 2990 2662 e.

2465 2737 2552 2749 —
2567 2719 2664 2765 10.
2686 2700 3014 2780 καὶ-μέλη
3039 2699 3132 2763 καὶ
3153 2700 3387 2787 ῥυθμοὶ]
3411 2701 3807 2786 Argumento
3826 2700 4055 2767 adhibe

2382 2802 2696 2890 copiosum
2740 2802 2943 2867 locum
2989 2800 3263 2866 Platonis
3305 2801 3385 2865 de
3427 2801 3633 2889 Legg.
3666 2804 3763 2866 II.
3810 2826 3876 2890 p.
3907 2805 4051 2890 665.

2384 2905 2541 2970 Coll.
2575 2905 2813 2970 Phileb.
2846 2929 2912 2993 p.
2941 2922 3040 2988 17.
3070 2903 3136 2967 d.
3175 2919 3239 2969 et
3275 2927 3433 2991 quos
3474 2902 3640 2971 locos
3687 2927 3875 2992 supra
3917 2907 4054 2971 lau-

2382 3007 2544 3074 davi.
2623 3007 2804 3072 Adde
2833 3008 3115 3093 Lennep.
3145 3005 3226 3070 ad
3268 3006 3581 3071 Phalarid.
3611 3007 3818 3094 Epist.
3848 3031 3915 3096 p.
3948 3030 4053 3095 99.

2383 3134 2477 3198 sq.
2528 3110 2782 3175 Ernesti
2811 3110 2970 3174 Lex.
3004 3110 3066 3173 T
3069 3107 3305 3173 echnol.
3340 3111 3547 3174 Graec.
3579 3110 3770 3175 Rhet.
3802 3134 3870 3200 p.
3903 3113 4051 3179 208.

2383 3237 2472 3300 sq.
2503 3237 2568 3301 p.
2601 3233 2750 3299 303.
2781 3236 2874 3298 sq.
2933 3211 3214 3278 Ciceron.
3246 3212 3491 3276 Orator.
3523 3215 3628 3293 64.
3690 3213 4056 3291 Quintilian.

2386 3317 2597 3382 Instit.
2643 3319 2755 3382 Or.
2789 3318 2924 3380 IX.
2954 3336 3015 3397 4.
3056 3338 3119 3402 p.
3152 3329 3295 3399 554
3346 3314 3667 3402 Spalding.
3738 3319 4054 3383 Caeterum

2382 3420 2646 3484 odorum
2689 3418 3078 3497 suavitatem,
3117 3439 3306 3505 quam
3347 3433 3551 3482 tamen
3590 3417 3774 3484 Plato
3810 3420 3873 3484 in
3905 3422 4057 3486 Phi-

2382 3521 2523 3587 lebo
2549 3546 2611 3610 p.
2631 3540 2739 3607 51.
2770 3519 2997 3608 pulcris
3024 3519 3209 3584 rebus
3235 3532 3622 3599 annumerat,
3644 3521 3930 3587 Plotinus
3949 3548 4057 3589 ex-

2382 3624 2613 3690 clusam
2644 3623 2859 3688 voluit.
2947 3625 3038 3686 Et
3065 3644 3210 3685 vero
3249 3621 3413 3686 idem
3454 3621 3556 3685 ille
3583 3622 3646 3685 in
3677 3624 3876 3711 Hipp.
3906 3626 4054 3713 maj.

2383 3751 2444 3815 p.
2480 3729 2621 3811 298.
2652 3727 2713 3790 in
2744 3726 2880 3791 visu
2908 3724 3253 3810 audituque
3291 3724 3595 3789 continuit
3621 3723 4057 3812 pulcritudinis

2383 3830 2823 3894 definitionem.
2911 3827 3124 3891 Etiam
3152 3825 3508 3891 Aristoteles
3538 3828 3831 3915 Topicor.
3856 3829 3966 3893 Vl.
3989 3849 4054 3916 3.

2383 3955 2445 4019 p.
2476 3948 2622 4017 377.
2656 3930 2951 4019 Sylburg.
2982 3928 3047 3992 in
3091 3928 3388 4017 exemplis
3430 3928 3856 3995 definitionum
3897 3931 4053 3997 illud

2380 4033 2594 4121 ponit:
2642 4033 2709 4098 τὸ
2739 4032 2944 4107 καλὸν,
2975 4032 3042 4096 τὸ
3074 4030 3142 4095 δι’
3173 4033 3390 4114 ὅψεως,
3420 4029 3457 4112 ἢ
3487 4032 3553 4096 τὸ
3583 4032 3652 4097 δι’
3685 4035 3859 4113 ἀκοῆς
3884 4036 4008 4114 ἡδύ.

2464 4173 2551 4186 -
2579 4157 2607 4200 1
2621 4157 2646 4200 1
2661 4183 2677 4199 .
2711 4136 2839 4200 ἔστι
2867 4136 2933 4199 δὲ
2963 4135 3567 4216 καὶ-ἐπιτηδεύματα
3596 4139 3751 4200 καλὰ
3781 4138 3877 4201 καὶ
3902 4139 4049 4219 πρά-

2383 4240 2525 4323 ξεις]
2561 4239 2662 4303 De
2688 4236 2983 4325 singulari
3009 4235 3199 4301 verbo
3235 4235 3521 4323 pluribus
3562 4237 3786 4302 diversi
3812 4239 4056 4326 generis

2382 4341 2446 4405 in
2490 4363 2676 4405 unam
2721 4340 2898 4428 quasi
2941 4338 3252 4404 notionem
3288 4339 3556 4405 collectis
3591 4340 3888 4427 adjuncto
3925 4342 4053 4409 vid.

2383 4446 2701 4531 Excerpta
2731 4442 3152 4509 Grammatica
3177 4441 3242 4506 in
3264 4442 3581 4508 Villoison.
3603 4443 3879 4509 Anecdd.
3903 4447 4054 4511 Grr.

2385 4547 2485 4611 11.
2515 4570 2582 4634 p.
2615 4566 2716 4632 95.
2747 4559 2810 4610 et
2838 4545 2917 4611 cf.
2952 4546 3088 4609 Ast.
3118 4544 3201 4608 ad
3242 4543 3488 4610 Platon.
3518 4545 3774 4610 Phoedr.
3806 4570 3869 4634 p.
3901 4566 4053 4633 370.

2381 4663 2446 4714 et
2467 4648 2731 4714 Heindf.
2763 4648 2843 4712 ad
2867 4647 3250 4735 Euthydem.
3273 4670 3336 4734 p.
3359 4668 3505 4733 403.
3537 4649 3825 4714 Fortasse
3846 4663 4051 4716 tamen

2380 4751 2499 4815 hoc
2527 4750 2666 4815 loco
2692 4765 2756 4815 et
2783 4750 3081 4816 similibus
3108 4748 3434 4837 singularis
3463 4751 3592 4815 ἔστι
3620 4774 3658 4815 a
3681 4752 3880 4839 primo
3908 4754 4054 4819 sub-

2381 4853 2648 4919 stantivo
2688 4852 2934 4941 pendet.
3025 4854 3128 4917 Ita
3154 4876 3255 4917 me
3281 4852 3420 4917 vult
3447 4851 3771 4940 Ludolph.
3804 4854 4050 4922 Dissen.

2382 4958 2459 5022 V.
2480 4959 2563 5021 D.
2596 4956 2659 5020 in
2690 4954 2948 5044 epistola
2973 4955 3054 5019 ad
3084 4978 3183 5020 me
3209 4955 3376 5020 data.
3466 4955 3846 5021 Sententiam
3879 4959 4053 5046 quod

2380 5059 2623 5138 attinet,
2657 5058 2777 5123 vid.
2811 5058 3056 5123 Platon.
3090 5061 3378 5146 SymPoS.
3403 5080 3538 5145 cap.
3577 5059 3680 5125 28.
3711 5073 3775 5124 et
3806 5081 3922 5146 293
3969 5060 4047 5125 cf.

2378 5163 2526 5227 item
2579 5161 2811 5227 Plotin.
2856 5185 2923 5249 p.
2965 5163 3115 5246 556.
3162 5162 3242 5226 Α.
3275 5162 3355 5225 Β.
3393 5177 3458 5226 et
3501 5160 3832 5227 Themistii
3875 5165 4045 5227 Orat.

2380 5265 2602 5330 XIII.
2629 5287 2694 5352 p.
2725 5265 2861 5329 168.
2895 5266 2972 5330 C.
3001 5287 3065 5352 p.
3094 5280 3231 5348 177.
3252 5264 3479 5327 B—D.
3514 5263 3611 5327 ed.
3646 5263 3961 5328 Harduin.

2462 5403 2550 5416 —
2572 5386 2667 5451 13.
2693 5369 2745 5430 εἰ
2773 5365 2839 5431 δέ
2866 5392 2922 5430 τι
2951 5368 3047 5431 καὶ
3072 5366 3185 5449 πρὸ
3207 5368 3446 5441 τούτων,
3472 5366 3612 5432 αὐτὸ
3636 5367 3839 5454 δείξει]
3867 5368 4049 5434 Sum-

2380 5469 2459 5534 sit
2484 5493 2524 5534 a
2551 5468 2811 5534 Platone
2839 5492 2953 5534 suo
2985 5468 3143 5534 hanc
3170 5467 3524 5548 formulam,
3554 5467 3662 5553 qui
3705 5467 3769 5530 in
3802 5468 4046 5536 Theaet„

2379 5594 2440 5659 p.
2475 5590 2599 5638 200
2625 5573 2740 5637 E.:
2789 5575 2822 5636 ὁ
2861 5572 2968 5637 τὸν
2994 5572 3260 5651 ποταμὸν
3290 5572 3737 5654 καθηγούμενος,
3773 5573 3834 5643 ὣ,
3867 5576 4050 5640 Θεαί-
