5118 6613
1034 471 1162 543 330

1034 626 1208 693 libris
1234 623 1484 714 optimis
1512 644 1631 712 pro
1656 617 1983 703 Ἀθηναῖοι.
2059 621 2252 692 Quod
2280 618 2567 709 Delphos
2594 644 2722 685 me-

1038 729 1213 794 dium
1257 742 1465 792 tenere
1508 725 1658 791 dicit
1690 724 1993 806 PlotinuS,
2022 725 2141 803 hoc
2185 747 2306 789 non
2353 748 2466 790 sua
2507 748 2543 789 e
2587 747 2723 789 sen-

1040 828 1233 896 tentia
1279 830 1481 894 dicere
1528 828 1846 917 putandus
1890 842 1984 893 est
2031 828 2170 916 (qui
2213 828 2375 892 enim
2424 852 2497 893 ea
2541 842 2726 893 aetate

1039 933 1507 999 Alexandrinus
1536 931 1942 1021 philosophus
1968 930 2366 1018 geographiae
2394 946 2517 995 tam
2549 929 2727 994 rudis

1039 1060 1169 1103 esse
1197 1050 1443 1125 poterat
1461 1040 1519 1120 Ρ)
1570 1035 1691 1101 Sed
1723 1035 1785 1099 in
1820 1034 2106 1099 universo
2136 1035 2250 1099 boc
2285 1034 2417 1098 loco
2438 1033 2727 1119 vulgares

1040 1164 1349 1206 sermones
1385 1161 1694 1227 usurpans
1736 1159 1859 1201 non
1889 1152 2022 1202 erat
2049 1159 2162 1201 cur
2188 1134 2507 1223 vulgarem
2539 1135 2725 1199 etiam

1039 1245 1265 1309 famam
1313 1256 1652 1330 respueret,
1680 1263 1719 1305 a
1753 1239 1952 1328 poetis
1994 1254 2376 1304 exornatam.
2467 1237 2723 1302 Pindar.

1044 1347 1236 1435 Pyth.
1270 1347 1388 1411 IV.
1429 1365 1568 1431 130.
1617 1367 1754 1430 sqq.
1782 1347 2140 1428 :—l'va1vq3
2191 1341 2493 1422 μάντευμα
2544 1344 2724 1426 θυμῷ,

1041 1453 1180 1533 Πᾶρ
1207 1449 1397 1529 μέσον
1426 1446 1706 1527 ὀμφαλὸν
1736 1445 2063 1526 εὐδένδροιο
2091 1446 2272 1527 ῥηθὲν
2297 1442 2567 1526 ματέρος.
2601 1442 2728 1507 Ubi

1042 1553 1170 1617 vid.
1224 1549 1491 1616 Scholia.
1583 1547 1957 1613 Eustathius
2000 1546 2064 1610 in
2111 1546 2340 1633 odyss.
2387 1548 2466 1610 A.
2507 1566 2616 1629 50.
2661 1567 2726 1632 p.

1048 1654 1237 1741 1389.
1267 1677 1331 1742 p.
1361 1671 1453 1736 17.
1491 1651 1696 1739 Lipsa
1742 1649 1975 1715 ’Ῑστέον
2019 1651 2084 1713 δὲ
2125 1651 2217 1714 ὅτι
2258 1649 2366 1729 τὴν
2404 1652 2516 1728 μὲν
2552 1652 2668 1731 γῆν
2696 1650 2730 1712 6

1042 1762 1223 1838 μῦθος
1254 1757 1394 1838 περί
1416 1781 1530 1819 που
1564 1754 1672 1833 τὴν
1702 1753 2014 1835 Δελφικὴν
2042 1753 2245 1835 χώραν
2273 1751 2444 1833 λέγει
2479 1749 2727 1832 μεσάζε·

1044 1866 1205 1934 σθαι,
1235 1861 1428 1925 ἀετοῖς
1452 1861 1845 1940 μετρηθεῖσαν
1871 1854 1986 1919 ὑπὸ
2018 1857 2182 1923 Διός.
2213 1853 2302 1918 διὸ
2336 1854 2430 1917 καὶ
2458 1853 2731 1935 ὀμφαλὸς

1044 1965 1141 2028 καὶ
1167 1964 1564 2044 μεσόμφαλον
1592 1964 1699 2043 γῆς
1726 1962 1758 2022 6
1788 1961 1994 2025 πύθιος
2021 1959 2198 2025 τόπος
2225 1959 2258 2020 6
2286 1956 2420 2039 περὶ
2449 1955 2731 2037 Δελφοὺς

1043 2063 1308 2147 ἐλέγετο.
1380 2061 1483 2127 Cf.
1518 2063 1591 2127 C.
1619 2064 1702 2125 A.
1730 2062 2093 2149 Boettv'ger:
2143 2061 2333 2124 Ideen
2360 2082 2482 2123 zur
2512 2060 2730 2123 Kamai

1043 2166 1439 2255 Mytkolqgie
1466 2188 1530 2253 p.
1557 2184 1695 2246 114.
1740 2178 1804 2228 et
1850 2162 1930 2227 de
1976 2161 2369 2250 Delphorum
2412 2185 2559 2226 vero
2605 2161 2725 2225 situ

1045 2272 1122 2334 C.
1144 2271 1219 2334 C.
1243 2268 1500 2332 Milller.
1528 2266 1595 2330 in
1623 2264 1782 2331 libro
1803 2266 1912 2353 qui
1942 2264 2296 2330 inscribitur
2320 2266 2731 2330 Orchomenos

1042 2394 1102 2460 P·
1134 2392 1285 2456 494·

1127 2497 1194 2562 p.
1234 2474 1420 2552 1068,
1452 2492 1514 2556 7.
1561 2473 1711 2537 Εἶτα
1754 2471 2021 2555 διαφέρει
2062 2469 2570 2558 τὸ-Ἀθήνησιν]
2619 2470 2726 2534 Fi-

1040 2577 1218 2642 cinus
1247 2575 1489 2642 addidit
1519 2576 1588 2640 οὐ
1617 2590 1680 2640 et
1708 2574 1797 2639 ita
1820 2574 2020 2638 vertit.
2069 2573 2249 2638 Libri
2280 2572 2473 2637 nostri
2501 2573 2566 2636 in
2596 2572 2732 2637 vul-

1043 2695 1192 2767 gata
1218 2691 1628 2766 perseverant.
1683 2677 1973 2741 Fortasse
2000 2675 2201 2741 lenius
2229 2675 2533 2762 corrigas:
2584 2675 2728 2739 εἶτα.

1042 2786 1105 2847 τί
1129 2782 1588 2864 διαφέρει-τοῦ
1611 2779 1973 2860 Ἀθήνησιν;
2024 2781 2190 2844 Mox
2218 2780 2296 2842 C.
2328 2777 2436 2841 lin.
2457 2798 2521 2859 4.
2563 2780 2616 2841 εἰ
2645 2782 2740 2841 δεῖ

1044 2886 1111 2949 τὸ
1146 2888 1212 2949 ἐν
1234 2885 1430 2969 χρόνῳ
1461 2884 1616 2947 ἄλλο
1646 2882 1739 2946 καὶ
1769 2881 1836 2945 τὸ
1861 2885 1927 2946 ἐν
1949 2883 2108 2968 τόπῳ
2138 2883 2293 2945 ἄλλο
2323 2883 2483 2962 παρὰ
2510 2881 2734 2964 χρόνον

962 3065 969 3071 ,
1048 3017 1097 3053 κ.
1121 3013 1175 3052 τ.
1197 2996 1260 3051 λ.
1341 2987 1501 3064 Quoe
1543 2983 1980 3071 insignioribus
2022 2981 2480 3047 characteribus
2518 2979 2732 3068 scripsi

1045 3090 1271 3155 absunt
1300 3088 1382 3155 ab
1410 3086 1612 3152 editis·
1702 3088 1868 3151 Cum
1899 3086 2116 3150 Ficino
2143 3084 2345 3150 locum
2379 3083 2626 3171 explevi
2655 3107 2733 3147 ex

1046 3192 1225 3257 bonis
1252 3191 1427 3257 libris
1458 3189 1553 3276 [et
1579 3212 1654 3253 ex
1689 3188 2027 3278 Simplicio,
2057 3189 2240 3277 cujus
2268 3187 2471 3253 locum
2500 3186 2583 3251 ad
2611 3185 2732 3250 ini·

1047 3296 1205 3362 tium
1235 3296 1454 3384 capitis
1482 3292 1793 3379 exbibuiJ.

1132 3438 1217 3449 —
1243 3419 1338 3483 17.
1368 3398 1480 3464 Ἐν
1509 3400 1575 3462 δὲ
1601 3401 1680 3484 τῷ
1709 3401 1905 3461 ποιεῖν
1929 3394 2236 3482 λεγομένῳ
2268 3423 2318 3459 κ.
2341 3420 2391 3458 τ.
2417 3395 2512 3482 A]
2540 3395 2737 3458 Trac-

1047 3517 1140 3567 tat
1183 3525 1349 3568 nunc
1380 3500 1668 3567 Plotinus
1712 3496 2229 3564 Aristotelearum
2262 3497 2733 3586 categoriarum

1048 3606 1208 3670 VII.
1250 3603 1422 3693 quod
1455 3617 1647 3691 caput
1689 3601 1776 3666 ita
1814 3600 2072 3688 incipit:
2119 3599 2495 3685 Ἐπιδέχεται
2536 3603 2602 3664 δὲ
2643 3599 2737 3664 καὶ

1046 3708 1115 3771 τὸ
1153 3714 1346 3772 ποιεῖν
1375 3706 1471 3770 καὶ
1505 3706 1573 3769 τὸ
1610 3704 1872 3788 πάσχειν
1903 3705 2302 3783 ἐναντιότητα,
2337 3703 2431 3768 καὶ
2468 3703 2537 3767 τὸ
2581 3708 2733 3784 μᾶλ-

1049 3820 1163 3875 λον
1192 3810 1286 3873 καὶ
1314 3809 1381 3873 τὸ
1410 3808 1609 3889 ἦττον.
1702 3806 1995 3871 Proxime
2039 3804 2146 3870 lin.
2176 3826 2238 3892 3.
2298 3806 2557 3871 Ficinus
2586 3804 2736 3893 legit

1049 3926 1113 3977 et
1140 3910 1442 4000 expressit
1464 3911 1540 3990 ἣν
1568 3910 1697 3973 οῖον
1722 3910 1981 3989 ποσότης
2025 3909 2119 3973 καὶ
2158 3911 2417 3991 ἀριθμός.
2517 3908 2732 3973 Libro·

1050 4035 1189 4078 rum
1235 4023 1585 4076 nostrorum
1618 4010 1830 4074 nullus
1858 4010 2256 4097 suffragatur,
2285 4010 2601 4098 igiturque
2643 4011 2733 4076 lo·

1048 4136 1190 4180 cum
1222 4113 1524 4178 intactum
1553 4110 1938 4199 reliquimus.
2028 4114 2188 4178 Mox
2221 4116 2297 4178 B.
2332 4112 2440 4180 lin.
2471 4136 2524 4179 1.
2571 4114 2607 4196 ἢ
2638 4118 2733 4180 ἐν-

1049 4221 1237 4283 ταῦθα
1263 4217 1517 4294 ποίησις,
1541 4222 1735 4280 ποιεῖν
1762 4221 1948 4280 ποιῶν
1978 4243 2031 4279 κ.
2053 4241 2107 4279 τ.
2122 4224 2182 4278 λ.
2213 4239 2429 4303 margo
2452 4216 2737 4281 editionis

1047 4321 1239 4386 habet
1263 4318 1300 4400 ῆ
1326 4322 1379 4384 ἐ.
1403 4345 1468 4384 π.
1489 4346 1554 4384 π.
1584 4318 1777 4393 ποιὸν,
1810 4318 1919 4383 sed
1948 4317 2159 4382 nullus
2185 4317 2382 4383 codex
2412 4319 2733 4383 consentit.

1049 4423 1299 4490 Deinde
1328 4422 1403 4487 Β.
1439 4421 1544 4486 lin.
1565 4440 1633 4508 5.
1666 4444 1807 4486 cum
1842 4420 2062 4486 Ficino
2105 4436 2169 4485 et
2214 4419 2373 4486 Cod.
2411 4422 2613 4485 Marc.
2647 4423 2732 4485 A.

1050 4526 1196 4591 dedi
1223 4525 1261 4605 ἦ
1283 4526 1418 4607 περὶ
1443 4525 1551 4605 τὴν
1579 4526 1791 4589 οὐσίαν
1818 4525 2062 4607 λέγεται
2090 4529 2438 4607 θεωρεῖσθαι
2465 4546 2583 4611 pro
2609 4521 2646 4603 ἢ
2671 4549 2736 4588 π.

1051 4655 1102 4693 τ.
1138 4655 1193 4693 ο.
1222 4635 1288 4691 λ.
1322 4632 1378 4692 θ.
1467 4626 1760 4713 Denique
1790 4627 1868 4690 B.
1902 4624 1944 4689 l.
1967 4650 2029 4714 g.
2063 4629 2158 4691 διὰ
2196 4628 2260 4690 τί
2291 4629 2406 4709 γὰρ
2434 4627 2471 4707 ἡ
2501 4628 2740 4705 ποιότης

1049 4734 1164 4812 μὲν
1193 4732 1260 4795 έν
1286 4756 1342 4794 τι
1368 4730 1503 4811 περὶ
1531 4729 1638 4809 τὴν
1667 4729 1880 4793 οὐσίαν
1918 4751 2036 4815 pro
2076 4755 2147 4809 τη
2189 4727 2370 4817 posui
2411 4751 2554 4793 cum
2598 4729 2736 4793 Fic.

1052 4850 1116 4899 et
1144 4832 1323 4898 bonis
1348 4830 1540 4896 libris.

1138 4959 1202 5024 p.
1231 4935 1418 5020 1069,
1457 4955 1558 5016 14.
1605 4935 1683 4997 El
1723 4932 1790 4997 δέ
1826 4957 1913 5000 τις
1950 4932 2124 5013 λέγοι
2157 4932 2264 5011 τὴν
2296 4933 2527 5014 κίνησιν
2558 4936 2739 5014 ἀτελῆ

1053 5038 1359 5122 ἐνέργειαν
1388 5035 1540 5102 εἶναι
1570 5064 1623 5100 κ.
1641 5061 1694 5099 τ.
1718 5036 1810 5123 λ.]
1846 5033 2190 5099 Aristotelis
2221 5036 2484 5122 Categg.
2517 5037 2647 5100 XI.
2680 5057 2734 5100 1.

1053 5142 1333 5222 κινήσεως
1368 5138 1436 5204 δέ
1475 5140 1640 5203 ἐστιν
1671 5140 1792 5216 εἴδη
1824 5137 1906 5216 ἐξ,
1940 5136 2195 5219 γένεσις,
2228 5141 2445 5218 φθορὰ,
2479 5139 2735 5220 αὔξησις,

1050 5246 1310 5325 μείωσις,
1341 5242 1682 5315 ἀλλοίωσις,
1717 5239 1811 5304 καὶ
1839 5240 1876 5319 ἡ
1919 5242 2065 5304 κατὰ
2107 5241 2292 5304 τόπον
2327 5242 2636 5321 μεταβολὴ
2683 5270 2733 5307 κ.

1053 5371 1107 5410 τ.
1137 5354 1197 5411 λ.
1228 5374 1244 5420 ;
1310 5344 1477 5410 unde
1517 5343 1650 5431 jam
1702 5341 1846 5406 satis
1897 5339 2281 5428 intelligitur,
2338 5345 2554 5428 (quam
2617 5342 2739 5409 late

1058 5446 1379 5535 Stagirites
1431 5445 1710 5528 κινήσεως
1752 5443 2123 5509 vocabulum
2172 5443 2511 5532 usurparit,
2559 5445 2738 5510 nimi-

2000 445 2830 514 ANNOTATIONES
2897 447 3010 512 IN
3074 448 3520 514 PLOTINI

2810 643 2949 685 rum
3000 634 3128 686 tam
3173 621 3318 698 late,
3365 635 3433 686 ut
3484 644 3611 688 non
3655 620 3853 700 aliter,
3893 645 4085 711 quam
4131 625 4501 690 mutationis

2811 724 3060 788 nomine
3088 723 3410 812 designare
3438 725 3656 812 possis.
3702 726 3804 790 Cf.
3831 725 4111 792 Lewald.
4139 725 4222 791 ad
4243 726 4500 793 Aristot.

2813 828 3138 914 Categorr.
3168 850 3229 915 p.
3261 848 3367 914 32.
3394 843 3522 892 not.
3568 828 3651 893 ab
3696 852 3896 916 eoque
3941 828 4204 894 laudatt.
4240 830 4505 895 Auscul-

2814 944 2950 994 tatt.
2987 946 3227 994 naturr.
3255 932 3333 997 V.
3361 951 3418 996 2.
3445 951 3505 1017 3.
3537 931 3634 996 ed.
3659 931 3851 1008 Pacii,
3883 932 4249 1020 MetaphyS.
4286 934 4377 997 X.
4403 952 4501 997 11.

2815 1033 3289 1098 casaub—Cf.
3317 1035 3500 1099 etiam
3533 1033 3932 1099 Ammonium
3967 1033 4031 1098 in
4065 1038 4390 1123 Categorr.
4436 1058 4503 1123 p.

2821 1157 2957 1221 149.
3005 1158 3094 1223 sq.
3140 1151 3205 1200 et
3252 1136 3500 1223 ipsimet
3550 1159 3741 1225 supra
3791 1135 3871 1201 de
3923 1137 4205 1218 κινήσεως
4255 1138 4507 1203 notione

2813 1238 2986 1325 apud
3064 1238 3479 1327 Philosophos
3538 1241 3795 1305 Graecos
3868 1262 4059 1327 supra
4128 1240 4506 1306 monuimus.

2817 1340 3154 1428 Subjiciam
3211 1341 3451 1429 aliquot
3494 1340 3660 1406 locos
3713 1341 3965 1422 Plotini,
4016 1341 4183 1407 unde
4228 1344 4509 1425 κινήσεως

2814 1444 3075 1508 diversae
3105 1445 3385 1509 notiones
3414 1444 3672 1509 indicari
3702 1445 3972 1533 possint:
4025 1448 4124 1510 ΙΙ.
4160 1465 4219 1511 2.
4262 1467 4314 1512 1.
4349 1450 4508 1528 κίνη-

2816 1572 2910 1615 σις
2936 1548 3049 1626 ζωὴ
3078 1548 3367 1628 σώματος.
3445 1547 3541 1612 II.
3577 1566 3637 1612 2.
3668 1568 3729 1633 3.
3763 1550 3987 1628 κίνησις
4013 1548 4240 1629 τοπική.
4309 1550 4409 1615 II.
4439 1570 4505 1636 3.

2823 1668 2922 1736 13.
2955 1655 3243 1715 κινεῖσθαι
3273 1652 3580 1733 ἀορίστως.
3643 1651 3787 1714 III.
3819 1668 3881 1732 7.
3917 1670 4014 1716 10.
4050 1653 4275 1731 κίνησις
4302 1653 4500 1736 νοερά.

2819 1752 2937 1815 IV.
2967 1770 3031 1837 3.
3069 1772 3166 1837 15.
3200 1751 3455 1832 κινήσεις
3479 1756 3752 1837 ψυχικαί.
3825 1753 3963 1817 III.
4002 1776 4062 1836 9.
4092 1774 4159 1839 3.
4189 1756 4226 1835 ἡ
4258 1758 4500 1837 κίνησις,

2817 1855 3043 1937 ἔφεσις.
3104 1855 3222 1920 IV.
3252 1875 3316 1936 4.
3351 1856 3409 1919 8.
3446 1856 3658 1936 κίνημα
3685 1858 3942 1931 ζωτικόν.
3993 1858 4067 1920 V.
4099 1878 4152 1920 1.
4188 1859 4247 1923 8.
4283 1861 4508 1940 κίνησις

2817 1956 3129 2036 σωματική.
3206 1958 3328 2021 VI.
3358 1976 3423 2043 3.
3459 1975 3560 2022 21.
3595 1958 3852 2039 κινήσεις
3878 1961 4103 2025 πολλαὶ
4130 1961 4506 2042 ποιήσεις.-

2820 2060 2967 2124 Huc
2997 2059 3233 2123 faciunt
3263 2058 3396 2124 haec
3428 2060 3727 2148 Simplicii
3756 2061 3796 2126 l.
3819 2062 3863 2124 Ι.
3892 2085 3956 2150 p.
3984 2078 4088 2144 77.
4121 2064 4201 2128 b:
4249 2068 4283 2129 6
4313 2069 4378 2131 δὲ
4403 2068 4505 2148 μέ-

2815 2188 2926 2245 γας
2953 2168 3264 2231 Πλωτῖνος
3304 2169 3717 2245 παραιτεῖσθαι
3760 2167 3913 2247 φησὶ
3948 2165 4054 2230 τὸν
4079 2165 4507 2251 Ἀριστοτέλην

2814 2265 2923 2344 τὴν
2955 2267 3183 2346 κίνησιν
3212 2268 3280 2330 ἐν
3308 2265 3472 2349 γένει
3499 2265 3758 2341 τιθέναν,
3788 2271 3883 2331 διὰ
3910 2267 3980 2331 τὸ
4009 2270 4191 2351 ἀτελῆ
4215 2270 4506 2353 λέγεσθαι

2815 2368 2922 2446 τὴν
2951 2370 3180 2448 κίνησιν
3207 2368 3514 2452 ἐνέργειαν
3535 2367 3710 2450 (Vid.
3739 2369 3992 2435 Aristot.
4022 2379 4227 2450 φνσικ.
4258 2376 4500 2458 ἀκροασ.

2818 2468 2893 2534 θ’.
2924 2492 2986 2557 p.
3021 2490 3159 2555 159.
3197 2470 3373 2557 Sylb.
3418 2472 3497 2536 cf.
3530 2471 3679 2536 ibid.
3720 2489 3857 2557 145.
3904 2486 3967 2538 et
4008 2496 4074 2561 p.
4105 2493 4213 2556 42.
4259 2500 4395 2565 sqq.
4440 2496 4500 2544 et

2817 2596 2880 2660 p.
2920 2593 3062 2659 105.
3122 2572 3353 2639 Plotin.
3384 2597 3487 2662 ap.
3520 2573 3908 2662 Simplicium
3955 2576 4016 2640 in
4066 2578 4336 2666 Physica
4363 2582 4502 2646 Ari-

2818 2689 2961 2741 stot.
2998 2676 3213 2740 Venet.
3245 2675 3401 2740 Ald.
3432 2700 3498 2764 p.
3522 2697 3625 2761 91.
3665 2676 3723 2741 b.
3754 2692 3818 2741 et
3847 2701 3912 2765 p.
3941 2678 4043 2762 98.
4079 2680 4142 2744 b.
4192 2685 4246 2746 εἰ
4281 2685 4347 2748 δὲ
4383 2711 4501 2750 τοι-

2818 2780 2962 2858 αύτη
2999 2780 3087 2847 τίς
3126 2781 3293 2844 ἐστιν
3320 2781 3358 2860 ἡ
3389 2782 3630 2859 κίνησις,
3665 2786 3856 2848 καλῶς
3883 2784 3917 2844 6
3944 2779 4367 2867 Ἀριστοτέλης
4403 2789 4505 2853 οὐκ

2820 2881 2887 2944 ἐν
2933 2885 3055 2948 τοῖς
3098 2880 3342 2963 γένεσιν
3387 2882 3569 2962 αὐτὴν
3620 2883 3787 2947 ἔθετο
3834 2888 3941 2947 τοῦ
3983 2886 4172 2961 ὄντος,
4223 2891 4427 2974 ὥσπερ
4472 2895 4505 2956 6

2820 2987 3182 3068 Πλωτῖνος.)
3209 2986 3263 3049 εἰ
3290 2986 3355 3048 δέ
3383 2987 3557 3049 τοῦτό
3585 2994 3792 3068 φησιν,
3817 2986 3992 3050 οὐδὲν
4012 2989 4235 3054 ἐκώλυε
4262 2994 4371 3072 τὴν
4395 2997 4510 3074 μὲν

2822 3085 3128 3167 ἐνέργειαν
3155 3087 3521 3169 προτάττειν,
3554 3088 3632 3156 ὣς
3660 3088 3729 3152 ἓν
3756 3090 3822 3152 δὲ
3854 3089 4007 3158 εἶδος
4045 3095 4145 3171 τῆς
4183 3094 4502 3177 ἐνεργείας,

2821 3189 3002 3267 ἀτελῆ
3059 3190 3249 3254 οὖσαν
3308 3190 3613 3274 ἐνέργειαν
3668 3190 3777 3270 τὴν
3833 3193 4063 3273 κίνησιν
4110 3196 4505 3275 ὑποβάλλειν.

2819 3290 2964 3372 πρὸς
3009 3292 3078 3371 δὴ
3121 3296 3302 3357 ταῦτα
3346 3291 3678 3377 ἀντιλέγων
3705 3295 3738 3357 6
3765 3292 4134 3380 Ἰάμβλιχος,
4173 3299 4281 3378 τὴν
4317 3302 4507 3387 ἀρχήν

2820 3401 2973 3475 φησι
3016 3397 3356 3474 κατίδωμεν,
3391 3399 3445 3460 εί
3473 3398 3653 3465 οὕτως
3692 3396 3936 3479 λέγεται
3980 3401 4193 3480 ἀτελὴς
4236 3403 4506 3487 ἐνέργεια

2819 3497 2856 3576 ἡ
2891 3497 3130 3576 κίνησις,
3166 3499 3242 3565 ὧς
3271 3500 3337 3562 ἐν
3364 3502 3433 3579 τῇ
3466 3500 3610 3579 αὐτῇ
3638 3501 3821 3582 φύσει
3847 3501 4152 3583 ὑφειμένη,
4182 3500 4219 3582 ἦ
4246 3509 4504 3584 μᾶλλον,

2822 3598 2899 3665 ὡς
2927 3600 3276 3681 ἐξισταμένη
3318 3603 3399 3668 εἷς
3435 3601 3626 3681 πάντῃ
3668 3604 4133 3686 καταδεεστέραν
4161 3609 4365 3689 φύσιν.
4416 3613 4511 3676 καὶ

2820 3703 2937 3783 γᾶρ
2968 3704 3021 3765 εί
3044 3703 3156 3782 μὲν
3185 3706 3366 3770 οὕτως
3387 3703 3627 3786 λέγοιτο
3659 3706 3894 3784 ἀτελὴς,
3926 3708 4002 3773 ὣς
4030 3710 4097 3771 ἐν
4124 3712 4195 3789 τῇ
4226 3711 4369 3792 αὐτῇ
4397 3717 4507 3795 φύ-

2822 3828 2919 3866 σει
2959 3805 3267 3885 ὑφειμένη,
3310 3806 3483 3869 οὐδὲν
3529 3808 3740 3871 κωλύει
3782 3807 3889 3886 τὴν
3932 3810 4045 3888 μὲν
4089 3811 4396 3894 ἐνέργειαν
4432 3819 4509 3885 ὣς

2820 3905 2997 3989 γένος
3035 3907 3402 3988 προτάττειν,
3430 3908 3806 3989 ὑποβάλλειν
3836 3913 3900 3974 δὲ
3929 3912 4005 3979 ὥς
4036 3912 4187 3980 εἶδος
4212 3915 4320 3994 τὴν
4350 3919 4508 4000 κίνη-

2822 4029 2941 4071 σιν·
2992 4012 3044 4073 εἰ
3072 4011 3136 4072 δὲ
3168 4011 3250 4076 εἰς
3278 4011 3433 4074 ἄλλο
3463 4010 3639 4093 γένος
3678 4013 3995 4090 ἐξίσταται,
4028 4015 4098 4078 οὗ
4124 4018 4367 4083 δύναται
4405 4021 4480 4102 γέ
4488 4064 4506 4074 -

2822 4137 2922 4178 νος
2951 4112 3126 4191 αὐτῆς
3154 4111 3304 4176 εἶναι
3331 4114 3367 4192 ἡ
3398 4112 3683 4196 ἐνέργεια.
3733 4116 3787 4177 εἰ
3814 4116 3921 4178 οὖν
3948 4116 3985 4195 ἡ
4012 4119 4124 4197 μὲν
4153 4119 4379 4199 κίνησις
4414 4126 4512 4189 ἐπὶ

2820 4213 2887 4276 τὸ
2926 4213 3099 4280 τέλος
3137 4217 3398 4289 σπεύδει,
3431 4217 3506 4282 ὡς
3545 4216 3818 4282 ἐπέκεινα
3861 4218 4041 4283 αὐτοῦ
4078 4222 4380 4304 γινομένη,
4414 4229 4511 4291 καὶ

2819 4315 3055 4395 μηδέπω
3099 4316 3241 4379 αὐτὸ
3284 4320 3351 4381 ἐν
3382 4320 3555 4398 ἑαυτῇ
3595 4319 3839 4402 ἔχουσα,
3871 4320 3909 4399 ἡ
3939 4322 4003 4384 δὲ
4050 4322 4322 4405 ἐνέργεια
4362 4334 4509 4394 κατὰ

2822 4417 2889 4480 τὸ
2911 4417 3083 4484 τέλος
3114 4419 3342 4499 ἔστηκε,
3367 4419 3591 4502 πλήρης
3618 4421 3770 4484 οὖσα
3801 4423 4024 4501 ἑαυτῆς,
4051 4425 4146 4488 καὶ
4170 4430 4273 4510 τῆς,
4291 4432 4510 4500 οἰκείας

2823 4522 3208 4601 τελειότητος,
3239 4523 3344 4585 οὐκ
3372 4521 3449 4586 ἂν
3475 4522 3543 4585 τὸ
3572 4524 3949 4588 τελειότατον
3986 4525 4132 4609 πρὸς
4166 4529 4234 4593 τὸ
4274 4533 4506 4616 ἐπειγό-

2821 4648 3005 4703 μενον
3052 4626 3134 4690 εἷς
3174 4627 3488 4688 τελείωσιν
3534 4625 3663 4709 ἔχει
3705 4629 3839 4690 τινὰ
3885 4632 4196 4695 κοινωνίαν
4246 4636 4503 4714 φύσεως.

2825 4728 2921 4791 καὶ
2951 4729 3004 4791 εΖ
3030 4728 3068 4807 ἡ
3087 4729 3198 4806 μὲν
3224 4727 3494 4810 ἐνέργεια
3521 4727 3589 4791 τὸ
3622 4728 3775 4796 εἶδος
3805 4731 3871 4793 ἐν
3896 4732 4070 4811 ἑαυτῇ
4100 4732 4333 4799 τέλειον
4356 4737 4506 4821 ἔχει,

2822 4831 2860 4910 ἡ
2889 4832 2954 4894 δὲ
2986 4832 3207 4910 κίνησις
3235 4832 3426 4895 ὁδεύει
3462 4829 3607 4913 πρὸς
3646 4831 3714 4895 τὸ
3755 4832 3923 4906 εἶδος,
3957 4833 4197 4913 δυνάμει
4230 4838 4417 4915 μόνον
4446 4841 4506 4903 ἔ.

2822 4957 3020 5015 χονσα
3048 4931 3188 4995 αὐτὸ
3219 4934 3314 4995 καὶ
3346 4936 3493 4996 κατὰ
3519 4933 3727 5012 ὕλικὴν
3757 4934 3851 4997 καὶ
3888 4937 4157 5000 ἀνείδεον
4186 4940 4504 5020 ἐπιτηδειό-

2824 5061 2988 5116 τητα,
3020 5039 3202 5114 δῆλον
3243 5035 3337 5099 καὶ
3379 5037 3560 5102 οὕτως
3607 5036 3776 5100 ἔσται
3818 5036 3886 5099 τὸ
3937 5037 4263 5118 εἰρημένον,
4300 5043 4506 5119 πάλιν,

2826 5141 2990 5220 εἴπερ
3017 5139 3054 5218 ᾗ
3080 5138 3193 5217 μὲν
3231 5138 3455 5217 κίνησις
3494 5139 3561 5201 ἐν
3604 5139 3839 5223 διεξόδῳ
3879 5142 4182 5220 θεωρεῖται
4225 5142 4320 5206 καὶ
4365 5170 4510 5211 συν-

2826 5242 3010 5325 εχείᾳ,
3045 5242 3127 5306 εἷς
3168 5241 3263 5304 ἀεὶ
3302 5243 3527 5322 συνεχῆ
3566 5240 3820 5321 διαιρετὴ
3864 5242 4017 5305 οὖσα
4058 5241 4147 5305 ἐπ’
4178 5244 4443 5327 ἄπειρον,
4474 5252 4514 5329 ἦ

2826 5346 2890 5407 δὲ
2920 5341 3189 5424 ἐνέργεια
3235 5341 3359 5406 καθ’
3393 5342 3460 5406 ἓν
3487 5342 3669 5424 πέρας
3712 5345 3964 5416 ἵσταται,
3998 5343 4141 5422 αὐτ-ὴ
4168 5344 4272 5428 ἀφ’
4307 5350 4516 5432 ἑαυτῆς

2827 5447 3052 5530 ἔχουσα
3092 5446 3160 5509 τὸ
3207 5445 3375 5519 εἶναι,
3420 5446 3514 5510 καὶ
3557 5446 3677 5525 ἅμα
3720 5446 3787 5509 τὸ
3837 5446 3904 5510 ἓν
3948 5451 4067 5509 πᾶν
4112 5455 4516 5528 συλλαβοῦσα
