5118 6613
1078 591 1167 653 44

1085 742 1260 830 Sylb.
1288 766 1359 830 p.
1388 761 1497 827 52.
1525 741 1629 807 ed.
1661 741 1948 808 Brandis.
2012 742 2313 832 Syrianus
2339 744 2406 808 in
2433 765 2579 809 eum
2606 766 2669 830 p.
2700 745 2763 809 6.

1079 868 1141 909 a.
1160 844 1227 910 b.
1280 847 1529 910 venet-z
1579 852 1868 912 “natura
1911 861 2117 912 tamen
2158 846 2574 913 constantium
2617 845 2766 911 sub-

1082 948 1445 1014 stantiarum
1488 963 1552 1013 et
1591 972 1706 1037 per
1750 949 2111 1015 universum
2167 949 2592 1029 existentium,
2636 973 2769 1014 esse

1052 1052 2314 1140 ⁴sbibricaiforiasspecies,quenadmodum
2331 1053 2768 1139 artificialium

1080 1156 1152 1218 in
1178 1156 1322 1244 ipsa
1356 1164 1516 1234 ana,
1544 1156 1656 1221 sed
1694 1178 1906 1220 comm
1948 1156 2217 1244 quidem,
2245 1179 2392 1244 quae
2429 1156 2767 1221 secumdum

1080 1267 1281 1323 mrtem
1306 1268 1477 1339 sum,
1502 1258 1685 1323 etiam
1716 1258 1847 1346 ipse
1879 1258 2197 1342 (Aristot.)
2224 1257 2529 1323 concedit.
2584 1259 2769 1323 Mul-

1082 1359 2765 1424 &sarciminlociseoeimmaterialidonomaterialcm

1081 1461 1233 1526 dicit
1270 1463 1557 1550 perfici?
1586 1463 1694 1526 &c.
1725 1461 1809 1526 cf.
1835 1459 2105 1526 eundem
2134 1483 2196 1548 p.
2231 1479 2337 1546 29.
2360 1460 2428 1524 b.
2461 1459 2573 1525 ubi
2604 1461 2761 1525 Par·

1082 1561 1414 1641 menidam,
1448 1560 1864 1626 Iamblichum
1907 1561 1973 1625 in
2018 1583 2185 1640 eum,
2219 1575 2284 1626 et
2317 1561 2524 1649 ipsum
2565 1560 2763 1626 Ploti-

1079 1687 1231 1729 num
1262 1664 1495 1729 laudat.
1546 1667 1657 1730 Tu
1685 1664 1816 1729 vid.
1850 1667 2022 1729 Eun.
2053 1666 2130 1729 V.
2163 1685 2222 1749 9.
2253 1686 2319 1751 p.
2345 1681 2499 1750 559.
2531 1687 2623 1752 sq.
2657 1663 2766 1729 ubi

1081 1781 1287 1832 noster
1331 1766 1411 1832 de
1458 1768 1773 1833 intellectu
1821 1778 1880 1834 et
1924 1770 2124 1856 specie
2176 1777 2236 1832 et
2289 1767 2365 1831 de
2413 1776 2550 1833 ente
2595 1769 2763 1855 ugit.

1082 1869 1316 1935 Plotini
1360 1885 1570 1936 autem
1599 1870 1860 1958 vestigia
1887 1869 2038 1958 legit
2065 1870 2470 1957 Augustinus
2510 1871 2592 1935 de
2619 1893 2767 1935 vera

1081 1971 1256 2060 relig.
1285 1996 1418 2060 cap.
1450 1975 1553 2059 38.
1587 1998 1652 2063 p.
1685 1975 1830 2058 768.
1865 1997 1954 2062 sq.
1986 1973 2135 2038 item
2179 1973 2473 2038 Hermias
2513 1973 2579 2037 in
2623 1972 2766 2038 Plar-

1082 2089 1209 2141 ton.
1246 2076 1587 2140 Phaedrum
1617 2099 1683 2163 p.
1710 2097 1848 2162 109.
1884 2090 1948 2141 et
1970 2076 2429 2141 Grammaticus
2456 2099 2563 2165 ap.
2593 2077 2763 2142 Bast.

1080 2180 1146 2244 in
1162 2195 1488 2245 comment.
1512 2178 1806 2267 palaeogr.
1828 2178 1911 2244 ad
1925 2178 2151 2244 calcem
2171 2178 2460 2268 Gregorii
2481 2178 2762 2245 Corinth.

1080 2305 1145 2370 p.
1178 2283 1326 2369 813.

1165 2409 1231 2473 p.
1264 2404 1404 2466 102,
1428 2403 1526 2450 12.
1560 2384 2009 2466 σ-υνδησάμενον
2052 2386 2149 2450 καὶ
2193 2384 2520 2474 κρατῆσαν]
2557 2396 2761 2468 “wy-

1081 2493 1374 2572 κρατῆσαν
1401 2487 1732 2553 deterius.”
1761 2489 1851 2552 D.
1884 2490 1973 2551 W.
2022 2490 2125 2554 De
2151 2488 2261 2552 hoc
2289 2487 2480 2552 verbo
2509 2486 2638 2552 vid.
2665 2487 2756 2553 in·

1081 2606 1299 2680 terprr.
1331 2590 1412 2655 ad
1441 2590 1685 2655 «Iuliani
1718 2592 1881 2656 Caes.
1910 2614 1971 2678 p.
2003 2592 2153 2677 308.
2186 2592 2270 2656 D.
2335 2589 2569 2677 Spanh.
2598 2591 2767 2655 Dor-

1081 2693 1205 2758 vill.
1235 2694 1317 2759 ad
1350 2694 1539 2759 Char.
1574 2717 1641 2782 p.
1669 2712 1817 2778 251.
1848 2692 2027 2781 Lips.
2057 2708 2121 2758 et
2148 2717 2308 2780 quos
2335 2693 2486 2757 alios
2513 2691 2764 2757 laudavi

1080 2796 1145 2860 in
1174 2796 1304 2861 Ed.
1331 2794 1533 2883 pecul.
1564 2819 1626 2883 p.
1656 2796 1797 2881 189.
1827 2818 1919 2882 sq.
1954 2795 2064 2861 ubi
2107 2795 2219 2860 has
2258 2794 2437 2860 binas
2478 2794 2767 2860 lectiones

1072 2897 1428 2986 jungendas
1462 2921 1593 2962 esse
1626 2896 1927 2984 judicavi,
1955 2897 2047 2962 ita
2077 2912 2149 2962 ut
2175 2897 2487 2984 legamus:
2551 2903 2764 2978 συνδη-

1083 3001 1347 3081 σάμενον
1376 3001 1471 3064 καὶ
1496 3004 1907 3084 ονγκροτῆσαν
1939 3001 2034 3065 καὶ
2063 3005 2378 3083 κρατῆσαν.
2460 3002 2563 3065 Ita
2590 3000 2770 3065 nimi-

1080 3125 1225 3167 rum
1269 3101 1542 3168 nascitur
1591 3102 1838 3190 elegans
1879 3103 2196 3190 gradatio:
2242 3104 2550 3192 colligans
2597 3103 2666 3187 (i.
2708 3127 2765 3170 e.

1083 3205 1464 3271 extrinsecus
1497 3204 1850 3293 copulans),
1880 3209 2156 3295 conflans
2187 3206 2548 3291 (coalescere
2590 3206 2765 3295 peni-

1083 3323 1187 3374 tus
1231 3308 1523 3395 efficiens)
1573 3323 1636 3373 et
1678 3311 1979 3399 subigens
2026 3313 2137 3395 (sc.
2189 3310 2603 3376 adversariam
2652 3310 2768 3376 sibi

1082 3415 1425 3498 naturam).
1517 3412 1617 3476 Sic
1645 3425 1821 3478 terna
1856 3413 2047 3479 ternis
2085 3413 2398 3501 aptissime
2440 3414 2771 3479 redderen-

1085 3530 1224 3582 tur:
1272 3513 1742 3598 σννδησάμενον,
1789 3521 2223 3599 ονγκροτῆσαν,
2260 3532 2324 3581 et
2358 3522 2675 3600 κρατῆσαν,
2706 3532 2771 3583 et

1084 3621 1425 3703 σύμφωνον,
1477 3620 1882 3701 συναρμόττον
1922 3621 2020 3684 καὶ
2068 3621 2271 3703 φίλον.
2361 3619 2473 3684 Ad
2519 3625 2763 3702 συνδησ.

1081 3737 1145 3787 et
1172 3748 1445 3806 συγκροτ.
1476 3744 1555 3786 ex
1584 3721 1987 3809 sequentibus
2011 3721 2300 3810 genitivis
2338 3721 2770 3788 adsciscendus

1081 3840 1175 3890 est
1221 3824 1629 3890 accusativus.
1700 3826 1902 3891 Marc.
1950 3826 2251 3906 Antonin.
2295 3827 2372 3890 V.
2408 3846 2459 3889 1.
2507 3851 2767 3909 συγκοσ-

1082 3930 1308 4008 μούσας
1338 3929 1560 4006 κόσμον
1581 3926 1722 3991 cod.
1745 3928 2025 3993 Darmst.
2055 3931 2495 4013 συγκροτούσας
2524 3931 2766 4009 κόσμον.

1085 4029 1380 4094 Eustath.
1425 4028 1491 4091 in
1531 4027 1759 4116 OdySS.
1807 4030 1926 4094 IV.
1960 4049 2105 4115 230.
2145 4034 2279 4114 περὶ
2308 4032 2771 4114 ἀνθρώπου-ἔκ

1083 4156 1151 4196 τε
1181 4133 1419 4213 ἀγαθῶν
1445 4155 1622 4194 τινων
1650 4131 2175 4213 ονγκροτουμένου.
2244 4132 2568 4199 Himerius
2590 4136 2769 4199 Orat.

1089 4233 1300 4297 XXI.
1328 4250 1429 4295 10.
1469 4254 1533 4320 p.
1568 4232 1716 4314 746.
1757 4234 2090 4314 σύγκρατον
2124 4233 2232 4313 ἤδη
2275 4232 2341 4297 τὸ
2391 4239 2492 4314 τῆς
2534 4236 2773 4318 φύσεως

1089 4334 1307 4402 κάλλος
1347 4338 1418 4414 τῇ
1459 4335 1858 4419 πολυμορφία.
1929 4336 2099 4422 Lege
2143 4341 2525 4417 συγκροτοῦν,
2557 4345 2602 4378 “
2620 4361 2767 4403 oon-

1085 4459 1306 4503 sonum
1334 4437 1674 4501 formarum
1705 4436 2057 4502 varietate.''

1171 4576 1259 4591 —
1281 4556 1380 4625 15.
1414 4539 1704 4623 ἀνήνεγκέ
1746 4565 1811 4605 τε
1854 4542 1951 4604 καὶ
1994 4539 2315 4623 εἰσήγαγεν
2359 4544 2441 4610 εἷς
2481 4541 2548 4606 τὸ
2595 4542 2764 4627 εἵσω]

1088 4645 1200 4707 An
1231 4642 1431 4708 Ficin.
1463 4643 1640 4707 aliter
1680 4640 1921 4729 legerit,
1953 4665 2075 4707 non
2114 4641 2398 4707 dixerim.
2477 4646 2557 4707 In
2598 4642 2772 4708 libris

1087 4744 1263 4809 nulla
1288 4745 1569 4811 varietas
1648 4746 1938 4811 Debebat
1972 4759 2216 4810 autem:
2274 4746 2622 4833 “provehit
2653 4745 2772 4829 (ef-

1087 4848 1240 4934 fert)
1286 4862 1350 4913 et
1385 4847 1465 4913 ad
1507 4847 1573 4912 id
1616 4849 1780 4935 quod
1825 4848 1995 4913 intus
2037 4862 2131 4913 est
2165 4848 2538 4935 impartibile
2574 4847 2765 4912 intro-

1089 4950 1319 5016 ducit.”
1379 4949 1739 5034 Ἀναφέρειν
1788 4965 1881 5015 est
1925 4949 2265 5039 provehere
2315 4949 2396 5015 ad
2443 4950 2639 5014 altius
2695 4952 2768 5035 (s.

1090 5052 1408 5139 nobilius).
1456 5052 1631 5117 Suid.
1666 5054 1724 5118 Ι.
1754 5077 1821 5141 p.
1854 5072 1997 5119 201.
2035 5055 2222 5118 Kust.
2271 5055 2498 5118 Zonar.
2529 5075 2594 5139 p.
2625 5070 2763 5136 107.

1094 5154 1436 5244 Schweigh.
1473 5156 1635 5219 Lex.
1668 5156 1894 5244 Polyb.
1922 5179 1987 5245 p.
2018 5174 2122 5236 42.
2153 5179 2247 5243 sq.

1176 5284 1242 5349 p.
1271 5280 1412 5346 103,
1447 5278 1500 5323 Ι.
1553 5259 1651 5322 οἶα
1700 5260 1869 5341 ἀνδρὶ
1920 5261 2121 5345 ἀγαθῷ
2170 5286 2219 5322 κ.
2252 5284 2303 5321 τ.
2333 5258 2429 5346 λ.]
2481 5255 2771 5344 Virgulas

1090 5362 1453 5429 sustulimus
1487 5374 1631 5449 post
1665 5363 1958 5442 προσηνὲς
1999 5376 2062 5426 et
2097 5362 2323 5440 ἀληθεῖ.
2396 5372 2436 5394 “
2460 5360 2772 5439 Quemad-

1088 5466 1344 5531 modum
1372 5465 1574 5554 probo
1594 5462 1726 5528 viro
1744 5463 2103 5550 jucundum
2129 5473 2222 5528 est
2249 5486 2553 5551 apparens
2583 5462 2646 5527 in
2667 5463 2773 5550 ju-

1093 5593 1245 5634 vene
1294 5568 1542 5652 virtutis
1588 5566 1942 5656 vestigium,
2000 5579 2328 5656 propterea
2384 5567 2555 5655 quod
2608 5589 2770 5633 verae

2045 570 2870 637 ANNOTATIONES
2933 569 3048 634 IN
3107 568 3557 635 PLOTINI

2852 742 3090 822 virtuti,
3119 764 3265 829 quae
3289 740 3463 807 intus
3490 753 3606 822 est,
3634 743 3988 808 consonat.”
4033 742 4136 807 De
4163 763 4314 806 voce
4341 766 4528 825 προσ-

2849 847 2986 927 ηνὲς
3012 844 3367 910 monuimus
3395 867 3587 933 supra
3615 844 3697 909 ad
3729 846 3786 910 1.
3818 865 3884 926 4.
3914 865 4008 927 14.
4040 867 4104 932 p.
4137 845 4246 930 38.
4273 845 4363 908 D.

2934 986 3023 1000 —
3042 968 3104 1034 3.
3135 948 3204 1013 τὸ
3245 951 3311 1013 δὲ
3351 952 3454 1028 τῆς
3501 949 3686 1032 χρόας
3730 946 4259 1035 κάλλος-φωτὸς]
4294 946 4536 1012 Coloris

2852 1074 2999 1116 vero
3022 1050 3384 1140 pulcritudo
3410 1052 3912 1138 simpleoefimna
3938 1052 4089 1137 (est)
4113 1060 4173 1115 et
4191 1051 4532 1138 superabit,

2851 1154 3026 1242 quod
3051 1168 3145 1219 est
3171 1153 3235 1218 in
3265 1152 3523 1218 materia
3551 1153 3968 1233 tenebrosum,
3999 1153 4329 1242 praesentia
4353 1152 4536 1218 lumi-

2850 1256 2969 1322 nis.
3037 1256 3183 1322 Vid.
3214 1255 3457 1322 Platon.
3494 1256 3668 1321 Tim.
3697 1279 3760 1344 p.
3790 1276 3900 1341 31.
3930 1279 3992 1321 a.
4053 1255 4299 1322 Phileb.
4325 1279 4390 1344 p.
4427 1275 4529 1341 29.

2850 1361 2932 1425 C.
2973 1359 3295 1426 Aristotel.
3319 1360 3401 1426 de
3428 1359 3666 1426 Anima
3695 1361 3799 1425 11.
3822 1361 3928 1446 36.
3956 1359 4035 1424 de
4066 1361 4264 1425 Sensu
4291 1372 4357 1424 et
4384 1360 4536 1424 Sen-

2849 1462 2963 1528 sib.
3014 1463 3153 1528 ΠΙ.
3185 1480 3242 1548 7.
3323 1462 3556 1528 Plotin.
3595 1486 3662 1550 p.
3700 1464 3841 1528 166.
3872 1465 3961 1528 A.
4012 1481 4159 1545 711.
4205 1486 4262 1528 c.
4310 1462 4409 1527 18.
4441 1464 4532 1526 A.

2853 1564 3180 1631 Iamblich.
3211 1566 3291 1632 de
3321 1566 3522 1654 Myst.
3552 1589 3620 1653 p.
3647 1586 3750 1653 45.
3782 1565 3866 1631 ib.
3901 1564 4079 1631 Gale.
4110 1564 4396 1630 Plotinus
4420 1587 4534 1629 au-

2851 1682 2977 1733 tem
3023 1667 3343 1733 materiam
3394 1665 3712 1754 qualitatis
3753 1682 4073 1755 expertem
4115 1669 4375 1749 (ἄποιον,
4405 1667 4529 1732 vid.

2852 1772 3127 1858 Lennep.
3166 1769 3249 1835 ad
3294 1768 3546 1835 Phalar.
3581 1792 3649 1856 p.
3678 1790 3817 1855 149.
3848 1791 3960 1835 nos
4000 1769 4082 1834 ad
4127 1769 4328 1834 Procli
4374 1771 4532 1836 Inst.

2852 1873 3077 1941 Theol.
3111 1896 3250 1961 cap.
3282 1874 3385 1939 80.
3415 1895 3483 1960 p.
3520 1874 3697 1957 124.)
3728 1872 3924 1960 ponit.
3997 1870 4143 1936 Vid.
4190 1871 4421 1938 Plotin.
4463 1897 4528 1962 p.

2856 1978 2996 2042 166.
3030 2000 3121 2065 sq.
3171 1974 3376 2041 Procl.
3407 1975 3472 2039 in
3505 1974 3676 2040 Tim.
3709 1998 3770 2061 p.
3798 1994 3936 2056 141.

2933 2117 3023 2129 —
3039 2100 3106 2161 4.
3139 2080 3356 2162 φωτὸς,
3389 2078 3703 2158 ἀσωμάτου
3733 2078 3827 2143 καὶ
3853 2079 4043 2160 λόγου
4079 2079 4175 2142 καὶ
4217 2081 4405 2146 εἴδους
4431 2081 4529 2143 ὄν-

2849 2186 2972 2270 τος]
3009 2182 3113 2248 Cf.
3145 2206 3209 2270 p.
3244 2200 3385 2247 101.
3420 2205 3510 2269 sq.
3543 2204 3608 2269 p.
3640 2194 3788 2264 704.
3818 2181 3896 2244 A.
3927 2179 4057 2261 ubi,
4086 2179 4244 2245 sicut
4272 2180 4335 2243 h.
4367 2179 4409 2245 l.
4441 2180 4536 2245 lu-

2848 2309 3005 2366 cem,
3034 2285 3124 2350 ita
3163 2285 3374 2372 ignem
3416 2307 3548 2350 esse
3590 2282 3741 2363 dicit
3774 2283 3924 2362 ζωὴν
3954 2284 4049 2347 καὶ
4086 2285 4275 2364 λόγον
4303 2282 4536 2347 anima.-

2848 2412 2975 2477 que
3002 2389 3360 2477 praeditum.
3435 2386 3578 2452 Vid.
3608 2386 3795 2451 etiam
3827 2385 4013 2449 Philo
4040 2384 4120 2450 de
4151 2385 4278 2451 vit.
4311 2386 4531 2453 Mosis.

2848 2517 2911 2582 p.
2943 2495 3068 2577 676
3099 2516 3232 2581 sqq.
3299 2491 3565 2579 Dionys.
3596 2492 3909 2576 Areopag.
3941 2487 4052 2575 qui
4078 2486 4281 2553 fertur
4307 2487 4388 2553 de
4414 2511 4534 2554 coe-

2848 2594 2986 2662 lest.
3016 2595 3166 2660 hier.
3199 2618 3266 2684 p.
3296 2614 3410 2681 193
3444 2617 3536 2681 sq.
3600 2591 3943 2681 Augustin.
3979 2590 4258 2657 Confess.
4295 2591 4391 2658 X.
4420 2612 4531 2677 51.

2847 2721 2917 2785 p.
2943 2697 3088 2762 188.

2933 2837 3023 2849 —
3041 2813 3104 2884 5.
3137 2798 3205 2863 τὸ
3247 2798 3885 2882 πΰρ-τάξιν-εἵδους
3922 2796 4072 2882 ἔχει]
4120 2795 4284 2861 Inde
4324 2818 4535 2863 rerum

2850 2900 3150 2988 originem
3178 2923 3259 2965 ex
3281 2900 3424 2988 igne
3445 2899 3760 2964 ducebant
3781 2897 4161 2973 Heraclitus,
4186 2897 4534 2986 Hippasus,

2854 3003 3351 3091 Metapontinus,
3387 3001 3598 3068 Stoici.
3665 3000 3906 3066 Platon.
3932 2999 4171 3089 Cratyl.
4197 3025 4262 3088 p.
4283 3021 4435 3087 413.
4457 3003 4530 3067 C.

2857 3106 3033 3174 Stob.
3064 3105 3330 3195 Eclogg.
3365 3107 3420 3170 I.
3452 3129 3514 3194 p.
3547 3124 3694 3191 312.
3725 3124 3877 3190 314.
3910 3105 4108 3168 Heer.

2935 3210 3025 3275 ib.
3075 3211 3396 3292 πΰρ-ἀνω
3441 3211 3554 3289 μὲν
3598 3212 3670 3288 τῇ
3720 3207 3910 3292 θέσει]
3973 3209 4349 3294 congruunt
4397 3205 4537 3272 haec

2855 3314 3236 3403 Pythagorae
3277 3326 3338 3377 et
3368 3310 3770 3400 Empedoclis
3806 3309 4074 3375 Placitis.
4152 3310 4292 3376 Vid.
4328 3311 4530 3376 Procl.

2851 3416 2916 3480 in
2949 3416 3116 3480 Tim.
3148 3439 3214 3504 p.
3246 3435 3383 3498 141.
3430 3428 3493 3479 et
3531 3413 3977 3501 Empedoclem
4025 3413 4256 3478 Sturzii
4289 3437 4357 3502 p.
4383 3432 4534 3502 307.

2854 3518 3028 3584 Hinc
3054 3523 3168 3601 πῦρ
3199 3521 3500 3601 ἀνωφερὲς
3538 3532 3601 3582 et
3628 3519 3959 3600 ἀνωφόρον.
4034 3515 4258 3582 Achill.
4293 3518 4445 3582 Tat.
4470 3518 4535 3581 in

2853 3621 3042 3687 Arati
3071 3621 3390 3686 Phoenom.
3426 3622 3594 3707 Isag.
3627 3644 3689 3708 p.
3725 3620 3870 3686 126.
3904 3642 3996 3706 sq.
4045 3620 4309 3707 Gregor.
4335 3619 4538 3685 Thes-

2854 3723 3047 3789 salon.
3083 3723 3148 3787 in
3196 3722 3488 3789 Matthoei
3531 3724 3739 3787 Lectt.
3770 3723 4167 3808 Mosquenss.
4201 3723 4301 3786 II.
4333 3745 4394 3810 p.
4429 3742 4532 3810 23.

2852 3827 2931 3892 cf.
2963 3826 3229 3892 Aristot.
3266 3826 3490 3914 Topic.
3524 3827 3599 3889 V.
3630 3848 3691 3912 p.
3722 3843 3872 3910 342.
3906 3823 4079 3912 Sylb.

2936 3965 3024 3978 —
3048 3928 3108 3993 8.
3140 3930 3245 3993 οὔκ
3267 3930 3688 4011 εἰσδεχόμενον
3720 3955 3773 3990 κ.
3792 3953 3847 3991 τ.
3863 3926 3961 4008 λ.]
3983 3928 4147 3991 Haec
4169 3926 4298 3990 fere
4319 3926 4535 3991 verbo-

2853 4046 3037 4097 tenus
3062 4030 3363 4119 expressit
3391 4030 3651 4117 Dionys.
3676 4031 3994 4116 Areopag.
4017 4028 4097 4093 de
4119 4026 4347 4092 coelesti
4376 4027 4530 4093 hier.

2859 4151 2960 4219 15.
2988 4157 3051 4221 p.
3078 4153 3220 4219 193.
3285 4136 3507 4221 Atque
3535 4130 3866 4221 saepissime
3891 4131 3996 4195 ille
4022 4130 4210 4194 homo
4238 4128 4536 4195 Plotinia-

2853 4235 2968 4310 nis,
3017 4234 3417 4301 Proculeanis
3472 4234 3729 4322 aliisque
3772 4232 4233 4298 Platonicorum
4280 4232 4536 4297 tessellis

2855 4337 3359 4424 Areopagiticum
3404 4360 3585 4401 suum
3632 4335 3931 4423 parietem
3976 4334 4316 4399 incrustare
4356 4335 4529 4401 solet.

2855 4438 3104 4504 Abeant
3150 4438 3344 4528 igitur
3391 4438 3687 4504 Nicolaus
3743 4437 4174 4502 Methonensis
4221 4436 4283 4501 in
4336 4438 4533 4503 Procli

2859 4542 3066 4607 Instit.
3123 4540 3348 4606 Theol.
3396 4564 3463 4628 p.
3501 4561 3643 4626 150.
3699 4541 3800 4605 ed.
3859 4538 4134 4605 Voemel.
4184 4539 4534 4628 similesque

2856 4643 3153 4710 Ecclesia>
3193 4642 3496 4722 doctore&
3540 4644 3650 4730 qui
3686 4643 4029 4720 Plotinum,
4060 4641 4356 4708 Proclum
4396 4643 4536 4708 reli-

2855 4771 3136 4836 quosque
3194 4747 3247 4833 ej
3257 4769 3329 4810 us
3383 4745 3635 4811 familias
3691 4745 4091 4834 philosophos
4140 4742 4452 4831 permulta
4494 4769 4535 4808 a

2855 4850 3161 4939 Dionysio
3189 4848 3474 4914 sumsisse
3502 4864 3565 4913 et
3586 4849 3931 4936 corrupisse
3957 4845 4133 4911 nobis
4158 4845 4534 4932 persuadere

2857 4952 3063 5018 velint.

2937 5093 3026 5105 —
3043 5076 3104 5140 9.
3136 5051 3661 5134 θερμαίνεται-οὗ
3685 5050 3976 5138 ψύχεται]
4007 5046 4090 5112 cf.
4120 5045 4427 5113 Nostrum
4452 5049 4532 5115 de

2852 5159 3074 5223 animae
3102 5153 3481 5220 immortalit.
3513 5176 3579 5240 p.
3605 5156 3756 5238 465.

2939 5260 3021 5325 ib.
3056 5256 3410 5342 κέχρωσται]
3466 5255 3567 5321 Cf.
3626 5255 3852 5320 Plotin.
3897 5277 3957 5340 p.
3990 5267 4139 5337 715.
4183 5273 4236 5317 c.
4275 5270 4374 5318 22.
4421 5253 4527 5318 ubi

2859 5361 3059 5428 Codd.
3089 5361 3288 5448 plurr.
3316 5358 3380 5423 in
3422 5359 3540 5424 hac
3581 5357 3839 5423 lectione
3881 5353 4253 5443 conspirant.
4338 5355 4533 5420 Adde

2858 5464 3182 5529 Hermiam
3210 5461 3275 5525 in
3307 5460 3471 5526 Plat.
3506 5459 3757 5526 Phaedr.
3787 5482 3850 5547 p.
3878 5478 4018 5541 141.

2940 5566 3026 5632 ib.
3056 5568 3130 5630 τὰ
3175 5567 3240 5630 δὲ
3284 5564 3597 5629 ἄλλα-τὸ
3644 5562 3795 5630 εἶδος
3820 5565 3921 5640 τῆς
3967 5560 4152 5643 χρόας
4198 5558 4528 5651 λαμβάνει]
