5118 6613
1101 558 1187 622 66

1097 728 1440 795 doemonem
1493 727 1730 794 ratione
1777 740 2088 793 carentem
2128 727 2576 814 materiamque
2609 741 2787 793 motu

2068 555 2897 623 ANNOTATIONES
2961 556 3073 620 IN
3136 555 3587 622 PLOTINI

2869 726 3047 793 addit
3069 726 3274 793 locum
3296 726 3962 793 Psalm.XXXVI.v.
3983 740 4088 814 35.
4113 743 4176 793 et
4192 729 4299 814 36.
4324 745 4389 794 et
4405 729 4561 794 Dio-

1097 831 1451 897 inordinato
1487 829 1771 909 cientem,
1799 851 1945 895 cum
1983 845 2202 896 contra
2239 830 2424 895 Plato
2466 829 2781 896 docuerit:
2868 831 3117 920 nysium
3137 829 3507 895 Manichaeis
3523 830 3911 917 potissimum
3933 831 4326 918 respondere.
4359 834 4562 898 Coete-

1102 942 1147 975 “
1177 936 1390 1001 Deum
1431 932 1687 1021 quidem
1715 932 1922 1022 ipsum
1955 932 2207 1021 proprie
2247 948 2310 998 et
2352 932 2587 998 directo
2630 932 2786 997 nihil

1100 1036 1372 1102 effecisse
1399 1050 1589 1123 atque
1617 1059 1989 1124 procreasse,
2020 1050 2247 1124 praeter
2288 1058 2387 1101 res
2422 1051 2646 1101 natura
2672 1036 2786 1102 bo-

1101 1162 1214 1204 nas
1240 1154 1431 1227 atque
1459 1139 1678 1214 utiles;
1727 1152 1793 1204 at
1831 1162 1945 1226 per
1979 1150 2268 1203 naturam
2299 1137 2663 1203 inferiorum
2691 1154 2787 1204 at·

2871 956 3014 998 rum
3044 949 3430 1022 quantopere
3457 932 3591 998 haec
3620 933 3883 1021 quaestio
3902 933 4211 999 celebrata
4226 934 4440 1014 fuerit,
4460 959 4558 1000 ar-

2873 1050 3082 1125 guunt
3112 1036 3245 1102 haec
3271 1035 3646 1102 Tertulliani
3675 1036 3754 1101 de
3777 1036 4134 1125 Praescript.
4157 1039 4400 1104 Haeret.
4425 1061 4559 1126 cap.

2877 1158 2944 1224 7:
2992 1148 3037 1179 “
3059 1139 3320 1204 Eaedem
3351 1140 3625 1204 materioe
3653 1139 3825 1229 apud
3853 1141 4172 1206 haereticos
4199 1155 4263 1206 et
4283 1142 4561 1228 philoso-

1101 1266 1227 1330 que
1252 1241 1457 1307 minus
1484 1243 1899 1330 perfectarum
1925 1241 2196 1306 indolem
2224 1241 2358 1306 fieri
2388 1240 2565 1306 nullo
2601 1239 2790 1307 modo
2862 1243 3026 1330 phos
3067 1241 3454 1323 volutantur,
3498 1241 3686 1307 iidem
3736 1256 4103 1309 retractatus
4143 1242 4562 1332 implicantur,

1101 1343 1396 1433 potuisse,
1424 1345 1578 1432 quin
1616 1344 1780 1409 mala
1808 1357 2208 1409 nascerentur
2241 1360 2304 1407 et
2341 1366 2551 1408 rerum
2595 1356 2783 1408 natu-

1100 1469 1235 1511 ram
1277 1448 1643 1535 replerent.”
1729 1445 2083 1512 Moshemio
2111 1468 2259 1511 vero
2305 1445 2630 1511 Plutarchi
2690 1469 2797 1510 ex·

1103 1548 1353 1639 plicatio
1380 1551 1582 1615 verior
1609 1573 1739 1616 esse
1768 1549 2037 1615 videtur.
2130 1549 2316 1629 Quod
2347 1548 2464 1613 hoc
2508 1547 2643 1614 loco
2688 1571 2795 1613 ex-

1102 1652 1375 1718 aminare
1402 1653 1661 1741 longum
1689 1667 1804 1732 est,
1834 1674 1950 1718 nec
1977 1651 2216 1717 attinet.
2279 1653 2545 1730 Stoicos,
2575 1666 2646 1716 ut
2676 1650 2794 1716 hoc

1102 1756 1392 1837 delibem,
1434 1756 1600 1821 idem
1645 1755 2022 1821 Plutarchus
2062 1753 2106 1820 l.
2131 1753 2174 1820 l.
2207 1753 2449 1842 tetigit:
2496 1754 2566 1818 τὸ
2612 1754 2791 1819 κακὸν

1107 1862 1173 1925 ἑκ
1201 1864 1307 1924 τοῦ
1329 1859 1409 1941 μὴ
1437 1861 1609 1927 ὄντος
1636 1859 1910 1926 ἀναιτίως
1941 1858 2036 1922 καὶ
2066 1857 2402 1940 ἆγεννήτως
2429 1856 2784 1939 ἐπεισάγον-

1104 1989 1227 2038 τας,
1258 1969 1302 2002 “
1330 1961 1565 2026 malum
1592 1984 1671 2026 ex
1715 1983 1842 2025 non
1870 1974 2012 2026 ente
2054 1960 2292 2047 absque
2326 1982 2514 2025 causa
2540 1973 2605 2023 et
2643 1981 2788 2045 pro-

1103 2065 1409 2131 creatione
1457 2062 1974 2128 introdncentes.''
2065 2061 2336 2127 Zenonis
2378 2076 2592 2126 autem
2636 2060 2789 2127 alio-

1102 2191 1370 2255 rumque
1403 2165 1752 2232 Stoicornm
1790 2164 2017 2254 placita
2054 2164 2135 2229 de
2180 2164 2356 2229 Malo
2383 2164 2496 2251 qui
2524 2187 2786 2252 cognos-

1103 2294 1240 2336 cere
1272 2270 1509 2357 cupiat,
1555 2268 1837 2335 consulat
1887 2267 2120 2334 Stobaei
2165 2267 2429 2355 Eclogg.
2480 2267 2676 2354 Phys.
2727 2280 2791 2331 et

1102 2374 1258 2440 Eth.
1295 2375 1476 2457 II.7.
1508 2396 1575 2461 p.
1595 2393 1698 2458 90.
1743 2395 1878 2459 sqq.
1919 2384 1981 2436 et
2027 2369 2416 2436 Gatakerum
2455 2369 2536 2433 ad
2583 2372 2787 2435 Marc.

1102 2476 1408 2541 Antonin.
1444 2476 1542 2541 11.
1576 2496 1632 2540 1.
1663 2498 1729 2563 p.
1751 2493 1858 2561 37.
1900 2495 2172 2562 quorum
2215 2495 2458 2538 summa
2507 2496 2584 2537 eo
2626 2471 2790 2536 redi-

1102 2578 1245 2646 bat:
1295 2578 1471 2644 Nihil
1498 2600 1629 2643 esse
1665 2577 1926 2656 bonum,
1957 2575 2072 2640 nisi
2114 2576 2288 2664 quod
2316 2574 2672 2653 honestum,
2701 2573 2795 2638 ni-

1102 2681 1191 2746 hil
1220 2680 1475 2759 malum,
1507 2679 1622 2744 nisi
1652 2679 1822 2766 quod
1848 2693 2030 2766 turpe
2067 2677 2165 2743 sit.
2211 2678 2381 2761 (Cic.
2411 2677 2492 2742 ad
2522 2680 2666 2742 Att.
2694 2678 2785 2742 X.

1102 2794 1200 2870 4.)
1270 2783 1558 2847 Stobaeus
1613 2781 1678 2845 in
1738 2780 2003 2868 Eclogg.
2062 2781 2117 2845 1.
2150 2799 2256 2862 42.
2321 2802 2387 2868 p.
2424 2780 2786 2865 896-898.

1106 2889 1300 2951 Heer.
1373 2883 1587 2949 itidem
1661 2883 2149 2963 Platonicorum,
2210 2881 2789 2969 Peripateticorum,

1109 2988 1459 3054 Stoicorum
1488 2985 1568 3051 de
1596 2986 1776 3051 Malo
1796 2985 2018 3050 animae
2041 2984 2290 3050 decreta
2310 2998 2655 3062 enumerat,
2680 2983 2791 3048 ubi

1105 3091 1186 3156 de
1232 3089 1484 3154 Plotino
1519 3088 1645 3154 ita:
1689 3087 2128 3171 προστιθέντων
2168 3090 2445 3152 ὁπωσοῦν
2478 3091 2548 3167 τῇ
2594 3091 2788 3171 ψυχῇ,

1106 3193 1175 3259 τὸ
1205 3192 1384 3258 κακὸν
1412 3191 1528 3256 ἀπὸ
1556 3195 1658 3271 τῆς
1685 3194 1923 3273 φύσεως
1952 3192 2048 3255 καὶ
2074 3194 2176 3271 τῆς
2202 3191 2427 3272 ἀλόγου
2455 3194 2599 3270 ζωῆς
2627 3196 2793 3254 Πλο-

1106 3300 1278 3363 τίνοι·
1329 3294 1595 3383 (corrige
1646 3296 2010 3381 Πλωτίνου·)
2061 3294 2157 3359 καὶ
2204 3294 2549 3377 Πορφυρίου
2592 3293 2671 3361 ὡς
2717 3295 2794 3358 τὰ

1104 3400 1326 3466 πολλά.
1417 3401 1661 3464 Eorum
1690 3411 1919 3476 tamen,
1961 3419 2075 3462 nec
2115 3396 2320 3461 minus
2362 3395 2649 3476 aliorum,
2680 3395 2793 3484 qui

1105 3504 1298 3592 vulgo
1351 3501 1686 3591 dogmatici
1743 3500 2062 3580 dicuntur,
2114 3498 2630 3588 philosophorum
2683 3498 2793 3563 de-

1104 3624 1273 3673 creta
1307 3629 1524 3671 rursus
1553 3603 1956 3693 exagitabant
1983 3601 2248 3690 Sceptici
2269 3614 2592 3689 negantes,
2609 3601 2793 3689 quid-

1105 3733 1294 3797 quam
1323 3733 1455 3774 esse
1493 3710 1675 3792 φύσει
1720 3707 1952 3791 ἀγαθὸν
1978 3705 2015 3785 ἢ
2045 3707 2228 3789 φύσει
2259 3707 2457 3779 κακόν,
2492 3712 2537 3744 “
2566 3721 2792 3770 natura

1103 3814 1338 3879 bonum
1369 3825 1481 3876 aut
1517 3826 1741 3876 natura
1775 3810 2072 3875 malum.''
2119 3810 2325 3894 (Sext.
2360 3807 2609 3895 Empir.
2643 3807 2786 3873 adv.

1107 3915 1392 3994 Ethicos‚
1423 3915 1558 3978 XI.
1605 3913 1665 3997 ξ.
1696 3932 1832 3976 110.
1874 3937 2011 4000 sqq.
2052 3928 2287 4001 p.711.
2328 3935 2462 3998 sqq.
2507 3909 2789 3997 Fabric.)

1110 4017 1420 4094 Plotium,
1466 4027 1540 4078 ut
1581 4015 1707 4078 huc
1756 4028 2056 4093 revertar,
2100 4027 2409 4101 quatenus
2454 4036 2598 4079 cum
2650 4011 2795 4077 Pla-

1109 4135 1253 4185 tone
1297 4141 1412 4183 suo
1447 4116 1656 4194 faciat,
1685 4127 1749 4180 et
1791 4114 1872 4180 ad
1916 4117 2054 4203 ejus
2093 4115 2345 4182 decreta
2385 4138 2530 4181 cum
2571 4114 2795 4181 intelli-

1108 4221 1315 4311 genda
1343 4234 1480 4285 tum
1516 4216 1821 4283 firmanda
1862 4218 2159 4296 conferat,
2187 4218 2379 4307 hujus
2419 4218 2615 4306 ipsius
2654 4217 2797 4283 libri

1109 4324 1292 4390 lectio
1319 4321 1686 4388 eruditiores
1713 4319 1913 4386 docet.
2006 4319 2240 4385 Plotini
2267 4335 2480 4387 autem
2509 4320 2799 4385 aliorum-

1110 4451 1234 4515 que
1262 4425 1674 4491 recentiorum
1712 4421 2200 4502 Platonicorum,
2233 4424 2342 4488 ubi
2369 4423 2505 4488 aliis
2530 4423 2595 4488 in
2626 4422 2796 4503 locis,

1109 4532 1197 4595 ita
1238 4529 1300 4593 in
1342 4528 1462 4593 hoc
1502 4549 1779 4615 quoque,
1809 4525 2051 4591 naviter
2094 4525 2394 4614 expilavit
2430 4525 2797 4614 Dionysius,

1111 4632 1224 4721 qui
1262 4632 1483 4709 fertur,
1528 4628 1917 4717 Areopagita
1962 4629 2071 4713 (de
2116 4627 2364 4694 Divinis
2406 4651 2640 4694 nomm.
2676 4630 2793 4693 IV.

1112 4741 1172 4823 ξ.
1207 4736 1302 4801 18.
1336 4737 1502 4822 sqq.)
1533 4732 1720 4820 longa
1748 4731 1894 4797 satis
1928 4731 2368 4820 disputatione,
2399 4732 2582 4818 cujus
2623 4753 2791 4796 sum-

1109 4860 1276 4904 mam
1325 4858 1708 4924 apponemus
1752 4834 1849 4899 his
1890 4834 2105 4922 paucis
2147 4833 2375 4913 verbis,
2414 4856 2561 4921 quae
2602 4857 2682 4899 ex
2729 4836 2791 4899 S.

1111 4939 1380 5008 Maximi
1424 4937 1682 5003 Scholiis
1709 4961 1774 5025 p.
1802 4941 1949 5023 619.
1996 4937 2098 5002 hic
2138 4959 2452 5025 apponere
2485 4938 2673 5024 juvat
2689 4961 2795 5001 :—

1112 5043 1336 5111 δεικνὺς
1365 5043 1441 5109 ὥς
1469 5042 1605 5107 οὔτε
1635 5042 2038 5106 ἑνυπόστατον
2065 5039 2134 5104 τὸ
2174 5039 2375 5115 κακὸν,
2408 5040 2545 5103 οὔτε
2585 5042 2654 5103 ἑν
2682 5040 2797 5122 φύ-

1113 5173 1229 5222 σει,
1259 5147 1423 5212 ἀλλὰ
1453 5146 1600 5208 κατὰ
1627 5142 1907 5225 στέρησιν
1932 5143 2160 5225 ἀγαθοῦ
2186 5142 2525 5225 γινόμενον,
2545 5142 2681 5207 οὔτε
2702 5139 2793 5216 ὃν,

1111 5253 1247 5317 οὔτε
1302 5250 1379 5316 ὥς
1431 5248 1512 5328 μὴ
1575 5243 1646 5311 ὃν
1701 5247 2108 5328 λογιζόμενον.
2192 5251 2241 5284 “
2270 5243 2793 5323 Demonstrando,

1113 5352 1363 5418 Malum
1402 5372 1608 5436 neque
1643 5347 2030 5412 existentiam
2073 5347 2323 5426 habere,
2351 5368 2556 5433 neque
2594 5345 2658 5410 in
2693 5368 2791 5411 re-

1110 5479 1253 5521 rum
1281 5468 1507 5519 natura
1532 5449 1787 5531 censeri,
1818 5450 1927 5516 sed
1945 5472 2090 5515 cum
2119 5449 2266 5515 boni
2293 5449 2639 5538 privatione
2658 5449 2791 5527 fiat,

1114 5581 1316 5646 neque
1363 5580 1515 5638 esse,
1562 5577 1767 5643 neque
1811 5568 2109 5641 tanquam
2155 5575 2283 5618 non
2323 5574 2433 5618 ens
2473 5550 2713 5639 concipi
2738 5552 2802 5616 τ’*

2871 1346 3039 1409 unde
3054 1347 3308 1410 Malum
3344 1355 3408 1411 et
3430 1346 3711 1433 σασα-(39Ἦ
3785 1346 4074 1433 Itemque
4103 1346 4364 1412 Eusebii
4389 1346 4558 1411 Hist.

2880 1447 3120 1513 Eccles.
3168 1450 3243 1513 V.
3270 1465 3371 1533 27.
3419 1449 3910 1530 πολυθρύλλητον
3938 1452 4099 1531 παρὰ
4134 1455 4256 1517 τοῖς
4294 1452 4563 1532 αἰρεσιῶ-

2880 1576 3005 1620 ταις
3030 1550 3099 1614 τὸ
3127 1552 3313 1616 πόθεν
3339 1552 3378 1631 ἡ
3407 1551 3614 1624 κακίας
3665 1550 3978 1615 Nimirum
4008 1551 4314 1630 Gnostici,
4355 1552 4567 1617 Mani-

2878 1652 3033 1718 chaei
3062 1652 3223 1718 hanc
3248 1652 3653 1740 quaestionem
3676 1653 3991 1742 praecipue
4018 1654 4359 1743 agitabant.
4429 1657 4566 1719 Ex-

2876 1770 3091 1844 cerpta
3129 1756 3323 1844 hujus
3363 1754 3504 1820 libri
3549 1754 3885 1821 Plotiniani
3936 1756 4271 1845 insigniora
4308 1773 4566 1846 praestat

2875 1859 3297 1924 Tennemann.
3322 1859 3387 1923 in
3419 1859 3702 1924 Historia
3743 1859 4164 1948 Philosophiae
4195 1860 4565 1926 Germanice

2875 1961 3104 2050 scripta
3129 1962 3267 2026 Vol.
3304 1962 3423 2026 VI.
3464 1984 3529 2050 p.
3563 1981 3704 2047 143.
3751 1983 3888 2049 sqq.
3950 1962 4207 2051 Anglice
4249 1963 4561 2051 integrum

2874 2063 3062 2130 vertit
3091 2065 3372 2129 Thomas
3404 2063 3644 2152 Taylor
3672 2063 3735 2128 in
3764 2089 3779 2128 :
3829 2064 3985 2130 Five
4017 2065 4227 2131 Books
4254 2066 4329 2130 of
4364 2064 4563 2130 Ploti-

2874 2190 3016 2245 nus,
3049 2167 3258 2232 Lond.
3298 2183 3486 2252 1794.
3515 2191 3580 2255 p.
3600 2182 3707 2252 57.
3742 2191 3880 2254 sqq.

2962 2271 3104 2356 136,
3122 2289 3218 2351 14.
3249 2274 3350 2350 τῆς
3377 2272 3654 2353 γνώσεως
3683 2269 3949 2334 ἑκάστων
3976 2267 4047 2335 δι’
4068 2272 4406 2351 ὁμοιότητος
4434 2296 4565 2353 γιγ-

2877 2373 3149 2457 νομένης]
3176 2373 3347 2437 Hinc
3366 2373 3757 2460 Porphyrius
3778 2372 3843 2436 in
3868 2374 4171 2437 Sententt.
4195 2372 4464 2438 XXVI.
4491 2397 4557 2461 p.

2882 2495 3037 2563 129:
3084 2481 3166 2563 τῷ
3194 2479 3310 2559 γαρ
3340 2477 3520 2562 ὁμοίῳ
3550 2475 3617 2539 τὸ
3648 2477 3853 2555 ὅμοιον
3877 2477 4290 2557 γιγνώσκεται,
4315 2489 4381 2539 et
4409 2477 4565 2540 Pro-

2875 2579 3010 2644 clus
3048 2579 3113 2643 in
3145 2578 3283 2643 Alc.
3311 2601 3408 2666 pr.
3451 2601 3516 2666 p.
3545 2597 3687 2661 247.
3719 2576 3816 2642 ed.
3862 2588 4054 2641 nostr.
4100 2581 4180 2664 τῷ
4223 2581 4339 2660 γὰρ
4384 2580 4565 2664 ὁμοίῳ

2876 2682 2944 2746 τὸ
2988 2683 3193 2761 ὅμοιον
3226 2685 3535 2764 πανταχοῦ
3573 2680 3965 2760 κατ-ἄληπτον,
4010 2683 4086 2744 τὰ
4121 2681 4233 2760 μὲν
4281 2682 4568 2759 ἐπιστητὰ

2876 2788 2946 2864 τῇ
2987 2782 3294 2863 ἐπιστήμῃ,
3327 2787 3402 2848 τὰ
3439 2786 3504 2848 δὲ
3545 2786 3725 2865 νοητὰ
3762 2786 3841 2868 τῷ
3886 2786 3988 2869 νῷ,
4020 2785 4095 2846 τὰ
4133 2784 4199 2846 δὲ
4245 2785 4568 2847 ἑνικῶτατα

2874 2885 3061 2968 μέτρα
3093 2891 3213 2950 τῶν
3241 2887 3431 2950 ὄντων
3456 2890 3536 2971 τῷ
3578 2887 3668 2950 ἑνὶ
3695 2889 3764 2966 τῇ
3791 2889 3962 2968 ψυχῇ
3996 2883 4123 2969 (vel
4169 2888 4269 2964 τῆς
4308 2888 4562 2969 ψυχῆς).

2877 2990 2979 3052 Ac
3007 2987 3179 3075 quod
3210 2986 3498 3052 Plotinus
3530 2987 3594 3052 h.
3619 2987 3663 3053 l.
3699 3000 3994 3075 tanquam
4024 2988 4250 3067 ἀξίωμα
4276 2987 4566 3052 universe

2875 3090 3075 3179 ponit,
3116 3089 3285 3154 idem
3330 3112 3521 3178 supra
3559 3090 3617 3155 1.
3664 3092 3723 3153 6.
3762 3112 3820 3175 9.
3865 3113 3928 3178 p.
3977 3108 4081 3176 57.
4122 3090 4207 3155 G.
4249 3088 4566 3176 sigillatim

2875 3192 2964 3257 ita
2991 3192 3285 3259 adhibet:
3334 3194 3404 3257 οὐ
3441 3196 3558 3276 γὰρ
3597 3192 3673 3259 ἂν
3707 3194 3946 3258 πώποτε
3986 3192 4143 3258 εἶδεν
4181 3194 4214 3255 ὁ
4253 3192 4571 3274 ὀφθαλμὸς

2874 3297 3069 3377 ἥλιον,
3099 3295 3390 3378 ἦλιοειδὴς
3436 3296 3518 3377 μὴ
3568 3295 3983 3380 γεγενημένος,
4024 3294 4134 3361 ubi
4174 3293 4303 3360 vid.
4349 3309 4564 3360 annot.

2877 3413 3072 3465 nostr.
3136 3398 3323 3464 Adde
3367 3399 3663 3464 Proclnm
3698 3400 3762 3465 ‘m
3804 3398 4084 3464 Platonis
4117 3398 4291 3464 Tim.
4325 3422 4389 3486 p.
4411 3417 4561 3485 332.

2879 3501 3302 3567 Themistium
3330 3502 3394 3566 in
3425 3501 3740 3568 Aristotel.
3774 3502 3854 3567 de
3883 3501 4120 3566 Anima
4148 3502 4200 3566 Ι.
4229 3500 4339 3567 fol.
4370 3503 4474 3566 66.
4497 3501 4560 3566 b.

2877 3605 3211 3693 Philopon.
3246 3604 3314 3669 in
3356 3606 3622 3670 eundem
3668 3605 3775 3671 fol.
3806 3625 3914 3691 34.
3962 3604 4026 3669 b.
4073 3620 4138 3669 et
4176 3603 4427 3691 soepius‚
4457 3603 4569 3691 qui

2875 3708 3240 3796 interpretes
3262 3709 3544 3773 certatim
3572 3708 3834 3774 laudant
3850 3730 4065 3772 versus
4087 3704 4565 3794 Empedoclem,

2875 3811 2941 3875 in
2969 3811 3201 3898 quibus
3229 3810 3393 3875 idem
3425 3813 3652 3892 ἀξίωμα
3680 3810 3875 3875 inesse
3905 3809 4241 3874 docebant:
4288 3812 4430 3891 γαίῃ
4457 3810 4568 3888 μὲν

2877 3917 2992 3998 γὰρ
3036 3920 3217 3997 γαῖαν
3261 3916 3601 3994 ὀπώπαμεν,
3646 3916 3813 3980 ὕδατι
3855 3911 3904 3977 δ’
3948 3914 4119 3994 ὕδωρ,
4152 3939 4201 3975 κ.
4222 3936 4277 3975 τ.
4294 3919 4358 3974 λ.
4454 3911 4568 3974 Tu

2878 4017 3005 4082 vid.
3035 4016 3435 4104 Empedoclis
3472 4016 3769 4081 Carmina
3794 4038 3855 4081 v.
3880 4015 4241 4100 318—320.
4273 4026 4338 4076 et
4365 4012 4430 4076 in
4459 4036 4568 4077 eos

2878 4142 3093 4184 versus
3124 4119 3356 4186 Sturzii
3387 4122 3657 4184 Annott.
3690 4142 3756 4206 p.
3775 4121 3924 4203 634.
3956 4140 4046 4203 sq.

2971 4239 3071 4305 17.
3116 4222 3292 4289 Εἶδος
3340 4224 3406 4286 δὲ
3447 4221 3516 4285 τὸ
3562 4218 4293 4307 κακὸν-ἰνδαλλόμενον]
4343 4219 4429 4282 In
4471 4218 4568 4283 his

2880 4322 3168 4388 Plotinus
3196 4335 3383 4410 negat
3413 4323 3674 4410 speciem
3719 4321 3883 4387 malo
3913 4320 4104 4386 tribui
4131 4344 4335 4409 posse,
4364 4344 4564 4408 quum

2880 4424 3029 4490 boni
3066 4424 3343 4489 absentia
3384 4426 3812 4499 contineatur;
3859 4447 4055 4511 eaque
4098 4423 4328 4512 partim
4367 4447 4446 4488 ex
4491 4423 4566 4488 iis

2880 4525 3334 4614 intelliguntur,
3357 4551 3500 4615 quae
3529 4551 3720 4616 supra
3745 4527 3906 4592 libro
3935 4539 4110 4591 sexto
4137 4525 4218 4590 de
4250 4525 4567 4592 Pulcritu-

2881 4631 3026 4696 dine
3075 4631 3520 4720 disputaverat,
3564 4631 3791 4720 partim
3835 4655 3912 4696 ex
3964 4630 4081 4695 hoc
4119 4629 4257 4718 ipso
4297 4629 4460 4695 libro
4502 4644 4566 4695 et

2882 4734 3282 4822 sequentibus
3311 4733 3568 4799 clariora
3595 4735 3775 4800 fiunt.

2962 4859 3027 4924 p.
3069 4852 3211 4922 137,
3233 4856 3297 4921 3.
3339 4836 3489 4919 ἥπερ
3516 4842 3622 4901 τοῦ
3649 4839 3878 4919 ἀγαθοῦ
3905 4838 4004 4902 καὶ
4028 4839 4135 4900 τοῦ
4159 4837 4339 4899 κακοῦ
4359 4834 4564 4923 ἔσται]

2882 4938 3269 5005 Crediderim
3324 4939 3473 5021 ἥπερ
3528 4938 3747 5026 legisse
3805 4938 4119 5016 Ficinum,
4170 4934 4282 5023 qui
4331 4937 4562 5003 vertit:

2883 5048 2927 5081 “
2956 5041 3098 5106 ideo
3139 5039 3350 5105 eadem
3387 5039 3535 5105 boni
3577 5040 3847 5128 malique
3889 5040 4111 5106 notitia
4149 5036 4264 5103 erit
4287 5038 4339 5106 :⁹⁹
4384 5039 4569 5105 nimi-

2879 5166 3023 5209 rum
3049 5142 3361 5208 intellecto
3388 5143 3690 5209 vocabulo
3720 5144 4007 5225 έπισ-ι-ήμη
4034 5166 4111 5208 ex
4146 5140 4564 5207 antecedenti-

2880 5245 3019 5311 bus.
3111 5244 3390 5335 Taylor:
3457 5247 3557 5310 On
3614 5245 3739 5310 this
3793 5253 4054 5309 account
4110 5263 4198 5307 we
4251 5242 4465 5306 obtain
4523 5265 4565 5307 α

2878 5347 3235 5436 knowledge
3291 5349 3378 5434 of
3405 5349 3579 5434 good
3633 5347 3765 5411 and
3820 5347 3945 5410 evil
3971 5372 3994 5420 ,·
4099 5343 4517 5432 Engelhardt.
4547 5374 4562 5411 :

2876 5450 3013 5514 und
3046 5450 3277 5514 sonach.
3303 5451 3405 5513 die
3434 5451 3785 5514 Kenntm‘ss
3812 5449 3919 5512 des
3952 5449 4157 5512 Gutm
4186 5447 4288 5512 die
4317 5448 4564 5514 Kennt-

2879 5554 3016 5619 nise
3072 5553 3179 5618 des
3225 5554 3467 5617 Boesen
3522 5549 3913 5615 mitbraechte.
4006 5547 4174 5614 Mihi
4223 5548 4429 5637 placet
4477 5555 4566 5632 εἵ-
