<?xml version="1.0" encoding="UTF-8"?>
<!DOCTYPE html PUBLIC "-//W3C//DTD XHTML 1.0 Transitional//EN"
    "http://www.w3.org/TR/xhtml1/DTD/xhtml1-transitional.dtd">
<html xmlns="http://www.w3.org/1999/xhtml" xml:lang="en" lang="en">
 <head>
  <title>
</title>
<meta http-equiv="Content-Type" content="text/html;charset=utf-8" />
  <meta name='ocr-system' content='tesseract 3.04.00' />
  <meta name='ocr-capabilities' content='ocr_page ocr_carea ocr_par ocr_line ocrx_word'/>
</head>
<body>
  <div class='ocr_page' id='page_1' title='image "./plotinioperaomn00chumgoog_0377.png"; bbox 0 0 5118 6613; ppageno 0'>
   <div class='ocr_carea' id='block_1_1' title="bbox 1405 520 3257 613">
    <p class='ocr_par' dir='ltr' id='par_1_1' title="bbox 1405 520 3257 613">
     <span class='ocr_line' id='line_1_1' title="bbox 1405 520 3257 613; baseline 0.003 -26"><span class='ocrx_word' id='word_1_1' title='bbox 1405 520 1608 587; x_wconf 89' lang='lat' dir='ltr'><strong>LIB.</strong></span> <span class='ocrx_word' id='word_1_2' title='bbox 1639 523 1719 587; x_wconf 89' lang='lat' dir='ltr'><strong>V.</strong></span> <span class='ocrx_word' id='word_1_3' title='bbox 1764 523 2226 592; x_wconf 89' lang='lat' dir='ltr'><strong>ENNEAD.</strong></span> <span class='ocrx_word' id='word_1_4' title='bbox 2278 523 2673 594; x_wconf 84' lang='lat' dir='ltr'><strong>SEXTAE.</strong></span> <span class='ocrx_word' id='word_1_5' title='bbox 2715 546 2782 613; x_wconf 88' lang='lat' dir='ltr'><strong>p.</strong></span> <span class='ocrx_word' id='word_1_6' title='bbox 2816 525 3257 609; x_wconf 76' lang='lat'><strong>1206—1214.</strong></span> 
     </span>
    </p>
   </div>
   <div class='ocr_carea' id='block_1_2' title="bbox 600 694 2289 784">
    <p class='ocr_par' dir='ltr' id='par_1_2' title="bbox 600 694 2289 784">
     <span class='ocr_line' id='line_1_2' title="bbox 600 694 2289 784; baseline 0.001 -25"><span class='ocrx_word' id='word_1_7' title='bbox 600 710 856 762; x_wconf 78' lang='lat' dir='ltr'><strong>tremam</strong></span> <span class='ocrx_word' id='word_1_8' title='bbox 881 716 1092 758; x_wconf 86' lang='lat' dir='ltr'><strong>vocem</strong></span> <span class='ocrx_word' id='word_1_9' title='bbox 1117 708 1486 782; x_wconf 83' lang='lat' dir='ltr'><strong>agnoscunt,</strong></span> <span class='ocrx_word' id='word_1_10' title='bbox 1505 711 1766 784; x_wconf 86' lang='lat' dir='ltr'><strong>excepto</strong></span> <span class='ocrx_word' id='word_1_11' title='bbox 1774 695 1939 774; x_wconf 86' lang='lat' dir='ltr'><strong>Vat.,</strong></span> <span class='ocrx_word' id='word_1_12' title='bbox 1957 694 2140 761; x_wconf 88' lang='lat' dir='ltr'><strong>codd.</strong></span> <span class='ocrx_word' id='word_1_13' title='bbox 2156 718 2289 760; x_wconf 91' lang='lat' dir='ltr'><strong>om-</strong></span> 
     </span>
    </p>
   </div>
   <div class='ocr_carea' id='block_1_3' title="bbox 572 796 2284 5612">
    <p class='ocr_par' dir='ltr' id='par_1_3' title="bbox 576 796 2284 3024">
     <span class='ocr_line' id='line_1_3' title="bbox 595 796 2283 887; baseline 0.002 -25"><span class='ocrx_word' id='word_1_14' title='bbox 595 821 721 862; x_wconf 82' lang='lat' dir='ltr'><strong>nes.</strong></span> <span class='ocrx_word' id='word_1_15' title='bbox 784 799 907 864; x_wconf 90' lang='lat' dir='ltr'><strong>Est</strong></span> <span class='ocrx_word' id='word_1_16' title='bbox 934 797 1036 861; x_wconf 90' lang='lat' dir='ltr'><strong>hic</strong></span> <span class='ocrx_word' id='word_1_17' title='bbox 1066 796 1222 864; x_wconf 88' lang='lat' dir='ltr'><strong>liber</strong></span> <span class='ocrx_word' id='word_1_18' title='bbox 1250 796 1576 863; x_wconf 83' lang='lat' dir='ltr'><strong>vicesimus</strong></span> <span class='ocrx_word' id='word_1_19' title='bbox 1604 812 1668 864; x_wconf 92' lang='lat' dir='ltr'><strong>et</strong></span> <span class='ocrx_word' id='word_1_20' title='bbox 1697 797 1938 877; x_wconf 76' lang='lat' dir='ltr'><strong>tertiuS,</strong></span> <span class='ocrx_word' id='word_1_21' title='bbox 1971 798 2018 862; x_wconf 83' lang='lat' dir='ltr'><strong>si</strong></span> <span class='ocrx_word' id='word_1_22' title='bbox 2051 811 2283 887; x_wconf 87' lang='lat' dir='ltr'><strong>tempo-</strong></span> 
     </span>
     <span class='ocr_line' id='line_1_4' title="bbox 592 899 2282 989; baseline 0.003 -24"><span class='ocrx_word' id='word_1_23' title='bbox 592 901 676 966; x_wconf 86' lang='lat' dir='ltr'><strong>ris</strong></span> <span class='ocrx_word' id='word_1_24' title='bbox 717 900 1021 965; x_wconf 86' lang='lat' dir='ltr'><strong>rationem</strong></span> <span class='ocrx_word' id='word_1_25' title='bbox 1067 899 1259 964; x_wconf 89' lang='lat' dir='ltr'><strong>habes</strong></span> <span class='ocrx_word' id='word_1_26' title='bbox 1302 900 1650 989; x_wconf 86' lang='lat' dir='ltr'><strong>(Porphyr.</strong></span> <span class='ocrx_word' id='word_1_27' title='bbox 1682 901 1763 966; x_wconf 90' lang='lat' dir='ltr'><strong>de</strong></span> <span class='ocrx_word' id='word_1_28' title='bbox 1795 901 1919 968; x_wconf 91' lang='lat' dir='ltr'><strong>Vit.</strong></span> <span class='ocrx_word' id='word_1_29' title='bbox 1954 901 2185 970; x_wconf 74' lang='lat' dir='ltr'><strong>Plotia.</strong></span> <span class='ocrx_word' id='word_1_30' title='bbox 2224 925 2282 970; x_wconf 84' lang='lat' dir='ltr'><strong>c.</strong></span> 
     </span>
     <span class='ocr_line' id='line_1_5' title="bbox 595 1003 2284 1091; baseline 0.001 -23"><span class='ocrx_word' id='word_1_31' title='bbox 595 1006 668 1069; x_wconf 90' lang='lat' dir='ltr'><strong>V.</strong></span> <span class='ocrx_word' id='word_1_32' title='bbox 698 1019 762 1068; x_wconf 91' lang='lat' dir='ltr'><strong>et</strong></span> <span class='ocrx_word' id='word_1_33' title='bbox 794 1004 1127 1082; x_wconf 90' lang='lat' dir='ltr'><strong>XXVI.).</strong></span> <span class='ocrx_word' id='word_1_34' title='bbox 1188 1004 1373 1091; x_wconf 87' lang='lat' dir='ltr'><strong>Casp.</strong></span> <span class='ocrx_word' id='word_1_35' title='bbox 1409 1003 1629 1070; x_wconf 84' lang='lat' dir='ltr'><strong>Barth.</strong></span> <span class='ocrx_word' id='word_1_36' title='bbox 1660 1004 1726 1070; x_wconf 90' lang='lat' dir='ltr'><strong>in</strong></span> <span class='ocrx_word' id='word_1_37' title='bbox 1757 1004 1921 1070; x_wconf 87' lang='lat' dir='ltr'><strong>notis</strong></span> <span class='ocrx_word' id='word_1_38' title='bbox 1945 1004 2029 1069; x_wconf 86' lang='lat' dir='ltr'><strong>ad</strong></span> <span class='ocrx_word' id='word_1_39' title='bbox 2059 1007 2284 1070; x_wconf 84' lang='lat' dir='ltr'><strong>AEneae</strong></span> 
     </span>
     <span class='ocr_line' id='line_1_6' title="bbox 593 1105 2280 1194; baseline 0 -22"><span class='ocrx_word' id='word_1_40' title='bbox 593 1107 810 1172; x_wconf 83' lang='lat' dir='ltr'><strong>Gazaei</strong></span> <span class='ocrx_word' id='word_1_41' title='bbox 842 1105 1353 1193; x_wconf 89' lang='lat' dir='ltr'><strong>Theophrastum</strong></span> <span class='ocrx_word' id='word_1_42' title='bbox 1397 1107 1493 1193; x_wconf 90' lang='lat' dir='ltr'><strong>(p.</strong></span> <span class='ocrx_word' id='word_1_43' title='bbox 1522 1109 1662 1192; x_wconf 87' lang='lat'><strong>51.)</strong></span> <span class='ocrx_word' id='word_1_44' title='bbox 1695 1130 1758 1194; x_wconf 90' lang='lat' dir='ltr'><strong>p.</strong></span> <span class='ocrx_word' id='word_1_45' title='bbox 1789 1126 1930 1193; x_wconf 84' lang='grc'><strong>134.</strong></span> <span class='ocrx_word' id='word_1_46' title='bbox 1975 1108 2041 1174; x_wconf 87' lang='lat' dir='ltr'><strong>in</strong></span> <span class='ocrx_word' id='word_1_47' title='bbox 2082 1107 2280 1176; x_wconf 77' lang='lat' dir='ltr'><strong>oonsi-</strong></span> 
     </span>
     <span class='ocr_line' id='line_1_7' title="bbox 591 1207 2275 1295; baseline 0.002 -22"><span class='ocrx_word' id='word_1_48' title='bbox 591 1209 719 1274; x_wconf 87' lang='lat' dir='ltr'><strong>mili</strong></span> <span class='ocrx_word' id='word_1_49' title='bbox 747 1224 1118 1295; x_wconf 86' lang='lat' dir='ltr'><strong>argumento</strong></span> <span class='ocrx_word' id='word_1_50' title='bbox 1146 1207 1315 1273; x_wconf 89' lang='lat' dir='ltr'><strong>hunc</strong></span> <span class='ocrx_word' id='word_1_51' title='bbox 1343 1208 1571 1274; x_wconf 90' lang='lat' dir='ltr'><strong>librum</strong></span> <span class='ocrx_word' id='word_1_52' title='bbox 1611 1208 1895 1289; x_wconf 88' lang='lat' dir='ltr'><strong>laudans,</strong></span> <span class='ocrx_word' id='word_1_53' title='bbox 1925 1208 2010 1274; x_wconf 90' lang='lat' dir='ltr'><strong>ita</strong></span> <span class='ocrx_word' id='word_1_54' title='bbox 2054 1208 2275 1277; x_wconf 86' lang='lat' dir='ltr'><strong>docet:</strong></span> 
     </span>
     <span class='ocr_line' id='line_1_8' title="bbox 590 1309 2279 1401; baseline 0.002 -25"><span class='ocrx_word' id='word_1_55' title='bbox 590 1321 632 1353; x_wconf 87' lang='lat'>“</span> <span class='ocrx_word' id='word_1_56' title='bbox 668 1312 990 1399; x_wconf 83' lang='lat' dir='ltr'><strong>Specimen</strong></span> <span class='ocrx_word' id='word_1_57' title='bbox 1035 1309 1278 1376; x_wconf 86' lang='lat' dir='ltr'><strong>dederit</strong></span> <span class='ocrx_word' id='word_1_58' title='bbox 1320 1311 1527 1376; x_wconf 84' lang='lat' dir='ltr'><strong>anima</strong></span> <span class='ocrx_word' id='word_1_59' title='bbox 1572 1312 1760 1376; x_wconf 87' lang='lat' dir='ltr'><strong>etiam</strong></span> <span class='ocrx_word' id='word_1_60' title='bbox 1805 1311 2101 1391; x_wconf 85' lang='lat' dir='ltr'><strong>humana,</strong></span> <span class='ocrx_word' id='word_1_61' title='bbox 2134 1337 2279 1401; x_wconf 82' lang='lat' dir='ltr'><strong>quoe</strong></span> 
     </span>
     <span class='ocr_line' id='line_1_9' title="bbox 587 1412 2277 1502; baseline 0.001 -22"><span class='ocrx_word' id='word_1_62' title='bbox 587 1439 730 1480; x_wconf 88' lang='lat' dir='ltr'><strong>cum</strong></span> <span class='ocrx_word' id='word_1_63' title='bbox 759 1414 823 1477; x_wconf 87' lang='lat' dir='ltr'><strong>in</strong></span> <span class='ocrx_word' id='word_1_64' title='bbox 852 1437 1108 1501; x_wconf 85' lang='lat' dir='ltr'><strong>corpore</strong></span> <span class='ocrx_word' id='word_1_65' title='bbox 1153 1412 1251 1492; x_wconf 92' lang='lat' dir='ltr'><strong>sit,</strong></span> <span class='ocrx_word' id='word_1_66' title='bbox 1276 1413 1386 1479; x_wconf 92' lang='lat' dir='ltr'><strong>ubi</strong></span> <span class='ocrx_word' id='word_1_67' title='bbox 1415 1414 1478 1479; x_wconf 92' lang='lat' dir='ltr'><strong>in</strong></span> <span class='ocrx_word' id='word_1_68' title='bbox 1511 1437 1585 1479; x_wconf 90' lang='lat' dir='ltr'><strong>eo</strong></span> <span class='ocrx_word' id='word_1_69' title='bbox 1614 1413 1716 1493; x_wconf 89' lang='lat' dir='ltr'><strong>sit,</strong></span> <span class='ocrx_word' id='word_1_70' title='bbox 1749 1437 1871 1480; x_wconf 91' lang='lat' dir='ltr'><strong>non</strong></span> <span class='ocrx_word' id='word_1_71' title='bbox 1901 1431 2103 1502; x_wconf 89' lang='lat' dir='ltr'><strong>potest</strong></span> <span class='ocrx_word' id='word_1_72' title='bbox 2131 1416 2277 1496; x_wconf 90' lang='lat' dir='ltr'><strong>dici,</strong></span> 
     </span>
     <span class='ocr_line' id='line_1_10' title="bbox 588 1516 2272 1604; baseline 0.001 -21"><span class='ocrx_word' id='word_1_73' title='bbox 588 1518 701 1583; x_wconf 84' lang='lat' dir='ltr'><strong>nisi</strong></span> <span class='ocrx_word' id='word_1_74' title='bbox 732 1516 921 1594; x_wconf 87' lang='lat' dir='ltr'><strong>dicas,</strong></span> <span class='ocrx_word' id='word_1_75' title='bbox 952 1516 1124 1604; x_wconf 92' lang='lat' dir='ltr'><strong>quod</strong></span> <span class='ocrx_word' id='word_1_76' title='bbox 1155 1532 1287 1581; x_wconf 89' lang='lat' dir='ltr'><strong>tota</strong></span> <span class='ocrx_word' id='word_1_77' title='bbox 1314 1531 1407 1582; x_wconf 89' lang='lat' dir='ltr'><strong>est</strong></span> <span class='ocrx_word' id='word_1_78' title='bbox 1431 1521 1498 1584; x_wconf 87' lang='lat' dir='ltr'><strong>in</strong></span> <span class='ocrx_word' id='word_1_79' title='bbox 1527 1531 1682 1595; x_wconf 83' lang='lat' dir='ltr'><strong>toto,</strong></span> <span class='ocrx_word' id='word_1_80' title='bbox 1710 1532 1773 1584; x_wconf 83' lang='lat' dir='ltr'><strong>et</strong></span> <span class='ocrx_word' id='word_1_81' title='bbox 1803 1531 1933 1582; x_wconf 86' lang='lat' dir='ltr'><strong>tota</strong></span> <span class='ocrx_word' id='word_1_82' title='bbox 1967 1517 2180 1583; x_wconf 86' lang='lat' dir='ltr'><strong>itidem</strong></span> <span class='ocrx_word' id='word_1_83' title='bbox 2211 1519 2272 1584; x_wconf 90' lang='lat' dir='ltr'><strong>in</strong></span> 
     </span>
     <span class='ocr_line' id='line_1_11' title="bbox 586 1619 2276 1709; baseline 0.002 -24"><span class='ocrx_word' id='word_1_84' title='bbox 586 1621 865 1709; x_wconf 93' lang='lat' dir='ltr'><strong>quolibet</strong></span> <span class='ocrx_word' id='word_1_85' title='bbox 893 1621 1029 1708; x_wconf 89' lang='lat' dir='ltr'><strong>ejus</strong></span> <span class='ocrx_word' id='word_1_86' title='bbox 1050 1619 1206 1695; x_wconf 83' lang='lat'><strong>1000,</strong></span> <span class='ocrx_word' id='word_1_87' title='bbox 1230 1642 1358 1707; x_wconf 88' lang='lat' dir='ltr'><strong>qua</strong></span> <span class='ocrx_word' id='word_1_88' title='bbox 1383 1643 1462 1684; x_wconf 84' lang='lat' dir='ltr'><strong>ex</strong></span> <span class='ocrx_word' id='word_1_89' title='bbox 1484 1643 1553 1684; x_wconf 93' lang='lat' dir='ltr'><strong>re</strong></span> <span class='ocrx_word' id='word_1_90' title='bbox 1573 1620 1911 1686; x_wconf 79' lang='lat' dir='ltr'><strong>divinitatis</strong></span> <span class='ocrx_word' id='word_1_91' title='bbox 1937 1619 2276 1688; x_wconf 82' lang='lat' dir='ltr'><strong>similitudo</strong></span> 
     </span>
     <span class='ocr_line' id='line_1_12' title="bbox 586 1722 2276 1811; baseline 0.002 -23"><span class='ocrx_word' id='word_1_92' title='bbox 586 1724 650 1788; x_wconf 88' lang='lat' dir='ltr'><strong>in</strong></span> <span class='ocrx_word' id='word_1_93' title='bbox 688 1748 764 1789; x_wconf 84' lang='lat' dir='ltr'><strong>ea</strong></span> <span class='ocrx_word' id='word_1_94' title='bbox 797 1723 1129 1788; x_wconf 77' lang='lat' dir='ltr'><strong>clarissime</strong></span> <span class='ocrx_word' id='word_1_95' title='bbox 1175 1722 1445 1811; x_wconf 86' lang='lat' dir='ltr'>conspici</span> <span class='ocrx_word' id='word_1_96' title='bbox 1487 1725 1755 1810; x_wconf 85' lang='lat' dir='ltr'><strong>potest.”</strong></span> <span class='ocrx_word' id='word_1_97' title='bbox 1843 1725 2018 1790; x_wconf 89' lang='lat' dir='ltr'><strong>Tum</strong></span> <span class='ocrx_word' id='word_1_98' title='bbox 2057 1723 2276 1792; x_wconf 85' lang='lat' dir='ltr'><strong>laudat</strong></span> 
     </span>
     <span class='ocr_line' id='line_1_13' title="bbox 589 1824 2276 1904; baseline 0.001 -12"><span class='ocrx_word' id='word_1_99' title='bbox 589 1826 795 1892; x_wconf 86' lang='lat' dir='ltr'><strong>locum</strong></span> <span class='ocrx_word' id='word_1_100' title='bbox 825 1826 1143 1891; x_wconf 87' lang='lat' dir='ltr'><strong>Anastasii</strong></span> <span class='ocrx_word' id='word_1_101' title='bbox 1177 1824 1451 1904; x_wconf 85' lang='lat' dir='ltr'><strong>Sinaitae,</strong></span> <span class='ocrx_word' id='word_1_102' title='bbox 1483 1825 1651 1891; x_wconf 91' lang='lat' dir='ltr'><strong>unde</strong></span> <span class='ocrx_word' id='word_1_103' title='bbox 1679 1826 1814 1891; x_wconf 83' lang='lat' dir='ltr'><strong>haec</strong></span> <span class='ocrx_word' id='word_1_104' title='bbox 1842 1827 2276 1893; x_wconf 88' lang='lat' dir='ltr'><strong>tantummodo</strong></span> 
     </span>
     <span class='ocr_line' id='line_1_14' title="bbox 580 1926 2269 2017; baseline 0 -22"><span class='ocrx_word' id='word_1_105' title='bbox 580 1952 905 2017; x_wconf 82' lang='lat' dir='ltr'><strong>excerpam</strong></span> <span class='ocrx_word' id='word_1_106' title='bbox 933 1954 947 1993; x_wconf 74' lang='grc' dir='ltr'><em>τ</em></span> <span class='ocrx_word' id='word_1_107' title='bbox 999 1926 1227 2010; x_wconf 84' lang='grc' dir='ltr'>Διόπερ</span> <span class='ocrx_word' id='word_1_108' title='bbox 1255 1930 1391 1994; x_wconf 76' lang='grc' dir='ltr'>οὐδὲ</span> <span class='ocrx_word' id='word_1_109' title='bbox 1419 1926 1526 1994; x_wconf 79' lang='grc' dir='ltr'>τὸν</span> <span class='ocrx_word' id='word_1_110' title='bbox 1553 1934 1662 1993; x_wconf 79' lang='grc' dir='ltr'><strong>τοῦ</strong></span> <span class='ocrx_word' id='word_1_111' title='bbox 1700 1934 1841 1994; x_wconf 85' lang='grc' dir='ltr'>θεοῦ</span> <span class='ocrx_word' id='word_1_112' title='bbox 1872 1926 2058 1995; x_wconf 88' lang='grc' dir='ltr'>τόπον</span> <span class='ocrx_word' id='word_1_113' title='bbox 2086 1931 2269 2013; x_wconf 78' lang='grc' dir='ltr'>ἔγνω-</span> 
     </span>
     <span class='ocr_line' id='line_1_15' title="bbox 581 2029 2273 2112; baseline 0.001 -16"><span class='ocrx_word' id='word_1_114' title='bbox 581 2058 693 2112; x_wconf 85' lang='grc' dir='ltr'>μεν</span> <span class='ocrx_word' id='word_1_115' title='bbox 716 2033 861 2097; x_wconf 82' lang='grc' dir='ltr'>ἔνθα</span> <span class='ocrx_word' id='word_1_116' title='bbox 891 2036 1164 2105; x_wconf 80' lang='grc' dir='ltr'>κατοικεῖ,</span> <span class='ocrx_word' id='word_1_117' title='bbox 1191 2033 1354 2095; x_wconf 76' lang='grc' dir='ltr'>ἀλλὰ</span> <span class='ocrx_word' id='word_1_118' title='bbox 1378 2029 1566 2111; x_wconf 87' lang='grc' dir='ltr'>μόνον</span> <span class='ocrx_word' id='word_1_119' title='bbox 1589 2033 1945 2112; x_wconf 80' lang='grc' dir='ltr'>πιστεύομεν</span> <span class='ocrx_word' id='word_1_120' title='bbox 1966 2034 2057 2096; x_wconf 83' lang='grc' dir='ltr'>ὅτι</span> <span class='ocrx_word' id='word_1_121' title='bbox 2082 2032 2273 2112; x_wconf 82' lang='grc' dir='ltr'>πάντη</span> 
     </span>
     <span class='ocr_line' id='line_1_16' title="bbox 584 2131 2276 2218; baseline 0.001 -18"><span class='ocrx_word' id='word_1_122' title='bbox 584 2136 772 2200; x_wconf 77' lang='grc' dir='ltr'>ἐστίν.</span> <span class='ocrx_word' id='word_1_123' title='bbox 817 2136 955 2199; x_wconf 79' lang='grc' dir='ltr'>οὔτε</span> <span class='ocrx_word' id='word_1_124' title='bbox 981 2135 1100 2214; x_wconf 81' lang='grc' dir='ltr'>μὴν</span> <span class='ocrx_word' id='word_1_125' title='bbox 1127 2132 1234 2198; x_wconf 80' lang='grc' dir='ltr'>τὸν</span> <span class='ocrx_word' id='word_1_126' title='bbox 1261 2131 1449 2198; x_wconf 86' lang='grc' dir='ltr'>τόπον</span> <span class='ocrx_word' id='word_1_127' title='bbox 1477 2137 1578 2213; x_wconf 84' lang='grc' dir='ltr'><strong>τῆς</strong></span> <span class='ocrx_word' id='word_1_128' title='bbox 1603 2138 1822 2218; x_wconf 81' lang='grc' dir='ltr'>ψυχῆς,</span> <span class='ocrx_word' id='word_1_129' title='bbox 1857 2134 2003 2200; x_wconf 81' lang='grc' dir='ltr'>ἔνθα</span> <span class='ocrx_word' id='word_1_130' title='bbox 2029 2137 2183 2200; x_wconf 82' lang='grc' dir='ltr'>οἰκεῖ</span> <span class='ocrx_word' id='word_1_131' title='bbox 2206 2138 2276 2201; x_wconf 77' lang='grc' dir='ltr'>ἐν</span> 
     </span>
     <span class='ocr_line' id='line_1_17' title="bbox 583 2234 2274 2325; baseline 0.001 -24"><span class='ocrx_word' id='word_1_132' title='bbox 583 2240 809 2318; x_wconf 73' lang='grc' dir='ltr'>σώματι</span> <span class='ocrx_word' id='word_1_133' title='bbox 848 2236 1231 2317; x_wconf 77' lang='grc' dir='ltr'>ἐπιστάμεθα,</span> <span class='ocrx_word' id='word_1_134' title='bbox 1264 2238 1428 2302; x_wconf 73' lang='grc' dir='ltr'><strong>ἀλλὰ</strong></span> <span class='ocrx_word' id='word_1_135' title='bbox 1462 2234 1650 2316; x_wconf 87' lang='grc' dir='ltr'>μόνον</span> <span class='ocrx_word' id='word_1_136' title='bbox 1675 2239 1938 2316; x_wconf 73' lang='grc' dir='ltr'>οἴδαμεν,</span> <span class='ocrx_word' id='word_1_137' title='bbox 1969 2238 2061 2302; x_wconf 82' lang='grc' dir='ltr'>ὅτι</span> <span class='ocrx_word' id='word_1_138' title='bbox 2100 2240 2168 2301; x_wconf 77' lang='grc' dir='ltr'>ἐν</span> <span class='ocrx_word' id='word_1_139' title='bbox 2193 2243 2274 2325; x_wconf 72' lang='grc' dir='ltr'><strong>τῷ</strong></span> 
     </span>
     <span class='ocr_line' id='line_1_18' title="bbox 579 2325 2272 2422; baseline -0.002 -14"><span class='ocrx_word' id='word_1_140' title='bbox 579 2341 755 2408; x_wconf 86' lang='grc' dir='ltr'>παντὶ</span> <span class='ocrx_word' id='word_1_141' title='bbox 784 2341 1013 2420; x_wconf 75' lang='grc' dir='ltr'>σώματί</span> <span class='ocrx_word' id='word_1_142' title='bbox 1039 2342 1169 2403; x_wconf 78' lang='grc' dir='ltr'>ἐστι</span> <span class='ocrx_word' id='word_1_143' title='bbox 1200 2340 1294 2403; x_wconf 85' lang='grc' dir='ltr'>καὶ</span> <span class='ocrx_word' id='word_1_144' title='bbox 1324 2341 1577 2422; x_wconf 75' lang='grc' dir='ltr'>ἐνεργεῖ.</span> <span class='ocrx_word' id='word_1_145' title='bbox 1660 2341 1820 2417; x_wconf 81' lang='lat' dir='ltr'><strong>Quoe</strong></span> <span class='ocrx_word' id='word_1_146' title='bbox 1849 2325 2272 2404; x_wconf 58' lang='lat' dir='ltr'><strong>Cudw&#39;rorthus</strong></span> 
     </span>
     <span class='ocr_line' id='line_1_19' title="bbox 576 2442 2267 2532; baseline -0.002 -22"><span class='ocrx_word' id='word_1_147' title='bbox 576 2444 658 2510; x_wconf 90' lang='lat' dir='ltr'><strong>de</strong></span> <span class='ocrx_word' id='word_1_148' title='bbox 700 2444 891 2532; x_wconf 88' lang='lat' dir='ltr'><strong>hujus</strong></span> <span class='ocrx_word' id='word_1_149' title='bbox 932 2444 1117 2509; x_wconf 87' lang='lat' dir='ltr'><strong>etiam</strong></span> <span class='ocrx_word' id='word_1_150' title='bbox 1162 2443 1304 2508; x_wconf 82' lang='lat' dir='ltr'>libri</span> <span class='ocrx_word' id='word_1_151' title='bbox 1345 2442 1599 2509; x_wconf 87' lang='lat' dir='ltr'><strong>consilio</strong></span> <span class='ocrx_word' id='word_1_152' title='bbox 1626 2458 1691 2508; x_wconf 87' lang='lat' dir='ltr'><strong>et</strong></span> <span class='ocrx_word' id='word_1_153' title='bbox 1713 2456 2086 2530; x_wconf 83' lang='lat' dir='ltr'><strong>argumento</strong></span> <span class='ocrx_word' id='word_1_154' title='bbox 2112 2442 2267 2508; x_wconf 89' lang='lat' dir='ltr'><strong>deli-</strong></span> 
     </span>
     <span class='ocr_line' id='line_1_20' title="bbox 578 2543 2264 2634; baseline -0.001 -23"><span class='ocrx_word' id='word_1_155' title='bbox 578 2546 774 2626; x_wconf 85' lang='lat' dir='ltr'><strong>bavit,</strong></span> <span class='ocrx_word' id='word_1_156' title='bbox 805 2569 996 2634; x_wconf 88' lang='lat' dir='ltr'><strong>supra</strong></span> <span class='ocrx_word' id='word_1_157' title='bbox 1023 2544 1343 2633; x_wconf 81' lang='lat' dir='ltr'><strong>attigimus</strong></span> <span class='ocrx_word' id='word_1_158' title='bbox 1371 2543 1451 2609; x_wconf 93' lang='lat' dir='ltr'><strong>ad</strong></span> <span class='ocrx_word' id='word_1_159' title='bbox 1481 2568 1543 2632; x_wconf 90' lang='lat' dir='ltr'><strong>p.</strong></span> <span class='ocrx_word' id='word_1_160' title='bbox 1566 2547 1715 2626; x_wconf 85' lang='lat'><strong>644.</strong></span> <span class='ocrx_word' id='word_1_161' title='bbox 1746 2543 1874 2609; x_wconf 85' lang='lat' dir='ltr'><strong>sive</strong></span> <span class='ocrx_word' id='word_1_162' title='bbox 1902 2544 1982 2609; x_wconf 86' lang='lat' dir='ltr'><strong>ad</strong></span> <span class='ocrx_word' id='word_1_163' title='bbox 2012 2544 2264 2609; x_wconf 89' lang='lat' dir='ltr'><strong>titulum</strong></span> 
     </span>
     <span class='ocr_line' id='line_1_21' title="bbox 577 2646 2267 2738; baseline -0.001 -24"><span class='ocrx_word' id='word_1_164' title='bbox 577 2648 718 2716; x_wconf 82' lang='lat' dir='ltr'>libri</span> <span class='ocrx_word' id='word_1_165' title='bbox 748 2649 939 2738; x_wconf 88' lang='lat' dir='ltr'><strong>hujus</strong></span> <span class='ocrx_word' id='word_1_166' title='bbox 968 2647 1291 2714; x_wconf 85' lang='lat' dir='ltr'><strong>Enneadis</strong></span> <span class='ocrx_word' id='word_1_167' title='bbox 1317 2646 1853 2735; x_wconf 89' lang='lat' dir='ltr'><strong>quarti.—Etiam</strong></span> <span class='ocrx_word' id='word_1_168' title='bbox 1893 2646 2083 2735; x_wconf 89' lang='lat' dir='ltr'><strong>hujus</strong></span> <span class='ocrx_word' id='word_1_169' title='bbox 2125 2647 2267 2712; x_wconf 86' lang='lat' dir='ltr'>libri</span> 
     </span>
     <span class='ocr_line' id='line_1_22' title="bbox 577 2750 2268 2839; baseline 0.001 -23"><span class='ocrx_word' id='word_1_170' title='bbox 577 2751 917 2817; x_wconf 83' lang='lat' dir='ltr'><strong>versionem</strong></span> <span class='ocrx_word' id='word_1_171' title='bbox 977 2751 1305 2839; x_wconf 85' lang='lat' dir='ltr'><strong>Anglicam</strong></span> <span class='ocrx_word' id='word_1_172' title='bbox 1361 2774 1505 2816; x_wconf 86' lang='lat' dir='ltr'><strong>curn</strong></span> <span class='ocrx_word' id='word_1_173' title='bbox 1565 2751 1962 2816; x_wconf 85' lang='lat' dir='ltr'><strong>annotatione</strong></span> <span class='ocrx_word' id='word_1_174' title='bbox 2019 2750 2098 2816; x_wconf 87' lang='lat' dir='ltr'><strong>ad</strong></span> <span class='ocrx_word' id='word_1_175' title='bbox 2155 2774 2268 2817; x_wconf 91' lang='lat' dir='ltr'><strong>nos</strong></span> 
     </span>
     <span class='ocr_line' id='line_1_23' title="bbox 577 2853 2264 2944; baseline -0.001 -24"><span class='ocrx_word' id='word_1_176' title='bbox 577 2854 913 2920; x_wconf 76' lang='lat' dir='ltr'><strong>transmisit</strong></span> <span class='ocrx_word' id='word_1_177' title='bbox 953 2877 1144 2921; x_wconf 83' lang='lat' dir='ltr'><strong>manu</strong></span> <span class='ocrx_word' id='word_1_178' title='bbox 1190 2854 1482 2944; x_wconf 79' lang='lat' dir='ltr'><strong>scriptam</strong></span> <span class='ocrx_word' id='word_1_179' title='bbox 1523 2854 1785 2942; x_wconf 86' lang='lat' dir='ltr'><strong>Taylor,</strong></span> <span class='ocrx_word' id='word_1_180' title='bbox 1813 2853 1910 2918; x_wconf 90' lang='lat' dir='ltr'><strong>vir</strong></span> <span class='ocrx_word' id='word_1_181' title='bbox 1947 2853 2264 2919; x_wconf 90' lang='lat' dir='ltr'><strong>humanis-</strong></span> 
     </span>
     <span class='ocr_line' id='line_1_24' title="bbox 577 2981 793 3024; baseline -0.009 0"><span class='ocrx_word' id='word_1_182' title='bbox 577 2981 793 3024; x_wconf 77' lang='lat' dir='ltr'><strong>simus.</strong></span> 
     </span>
    </p>

    <p class='ocr_par' dir='ltr' id='par_1_4' title="bbox 572 3058 2265 3664">
     <span class='ocr_line' id='line_1_25' title="bbox 658 3058 2263 3146; baseline 0.001 -22"><span class='ocrx_word' id='word_1_183' title='bbox 658 3098 747 3111; x_wconf 89' lang='lat'>—</span> <span class='ocrx_word' id='word_1_184' title='bbox 769 3081 797 3124; x_wconf 94' lang='lat'><strong>1</strong></span> <span class='ocrx_word' id='word_1_185' title='bbox 816 3082 870 3125; x_wconf 88' lang='lat'><strong>1.</strong></span> <span class='ocrx_word' id='word_1_186' title='bbox 912 3059 1017 3125; x_wconf 85' lang='grc' dir='ltr'>τὸν</span> <span class='ocrx_word' id='word_1_187' title='bbox 1043 3062 1110 3126; x_wconf 77' lang='grc' dir='ltr'>ἐν</span> <span class='ocrx_word' id='word_1_188' title='bbox 1141 3060 1368 3146; x_wconf 78' lang='grc' dir='ltr'>ἑκάστῳ</span> <span class='ocrx_word' id='word_1_189' title='bbox 1396 3062 1558 3140; x_wconf 78' lang='grc' dir='ltr'>ἡμῶν</span> <span class='ocrx_word' id='word_1_190' title='bbox 1587 3058 1750 3144; x_wconf 83' lang='grc' dir='ltr'>θεὸν]</span> <span class='ocrx_word' id='word_1_191' title='bbox 1804 3059 2091 3124; x_wconf 87' lang='lat' dir='ltr'><strong>Plotinus</strong></span> <span class='ocrx_word' id='word_1_192' title='bbox 2131 3083 2263 3126; x_wconf 88' lang='lat' dir='ltr'><strong>mo-</strong></span> 
     </span>
     <span class='ocr_line' id='line_1_26' title="bbox 572 3161 2263 3251; baseline 0.001 -23"><span class='ocrx_word' id='word_1_193' title='bbox 572 3162 736 3228; x_wconf 87' lang='lat' dir='ltr'><strong>riens</strong></span> <span class='ocrx_word' id='word_1_194' title='bbox 776 3162 860 3229; x_wconf 88' lang='lat' dir='ltr'><strong>ad</strong></span> <span class='ocrx_word' id='word_1_195' title='bbox 897 3162 1308 3229; x_wconf 85' lang='lat' dir='ltr'><strong>Eustochium</strong></span> <span class='ocrx_word' id='word_1_196' title='bbox 1352 3186 1453 3251; x_wconf 90' lang='lat' dir='ltr'><strong>ap.</strong></span> <span class='ocrx_word' id='word_1_197' title='bbox 1486 3163 1799 3249; x_wconf 86' lang='lat' dir='ltr'><strong>Porphyr.</strong></span> <span class='ocrx_word' id='word_1_198' title='bbox 1830 3161 1910 3226; x_wconf 90' lang='lat' dir='ltr'><strong>de</strong></span> <span class='ocrx_word' id='word_1_199' title='bbox 1939 3162 2085 3229; x_wconf 89' lang='lat' dir='ltr'><strong>Vita</strong></span> <span class='ocrx_word' id='word_1_200' title='bbox 2115 3164 2263 3230; x_wconf 90' lang='lat' dir='ltr'><strong>Plo-</strong></span> 
     </span>
     <span class='ocr_line' id='line_1_27' title="bbox 574 3264 2265 3354; baseline 0 -21"><span class='ocrx_word' id='word_1_201' title='bbox 574 3265 686 3333; x_wconf 85' lang='lat' dir='ltr'><strong>tini</strong></span> <span class='ocrx_word' id='word_1_202' title='bbox 714 3290 771 3332; x_wconf 92' lang='lat' dir='ltr'><strong>c.</strong></span> <span class='ocrx_word' id='word_1_203' title='bbox 797 3267 897 3332; x_wconf 94' lang='lat' dir='ltr'><strong>II.</strong></span> <span class='ocrx_word' id='word_1_204' title='bbox 930 3290 990 3354; x_wconf 88' lang='lat' dir='ltr'><strong>p.</strong></span> <span class='ocrx_word' id='word_1_205' title='bbox 1016 3288 1120 3352; x_wconf 92' lang='lat'><strong>94.</strong></span> <span class='ocrx_word' id='word_1_206' title='bbox 1145 3266 1248 3332; x_wconf 93' lang='lat' dir='ltr'><strong>ed.</strong></span> <span class='ocrx_word' id='word_1_207' title='bbox 1280 3266 1510 3332; x_wconf 87' lang='lat' dir='ltr'><strong>Fabr.:</strong></span> <span class='ocrx_word' id='word_1_208' title='bbox 1560 3270 1876 3348; x_wconf 77' lang='grc' dir='ltr'>πειρᾶσθαι</span> <span class='ocrx_word' id='word_1_209' title='bbox 1916 3264 1985 3332; x_wconf 84' lang='grc' dir='ltr'><strong>τὸ</strong></span> <span class='ocrx_word' id='word_1_210' title='bbox 2023 3269 2091 3331; x_wconf 78' lang='grc' dir='ltr'>ἐν</span> <span class='ocrx_word' id='word_1_211' title='bbox 2127 3268 2265 3349; x_wconf 81' lang='grc' dir='ltr'>ἡμῖν</span> 
     </span>
     <span class='ocr_line' id='line_1_28' title="bbox 580 3369 2265 3457; baseline 0.002 -23"><span class='ocrx_word' id='word_1_212' title='bbox 580 3369 692 3453; x_wconf 89' lang='lat' dir='ltr'><strong>(ita</strong></span> <span class='ocrx_word' id='word_1_213' title='bbox 734 3369 823 3434; x_wconf 91' lang='lat' dir='ltr'><strong>ibi</strong></span> <span class='ocrx_word' id='word_1_214' title='bbox 871 3369 1111 3435; x_wconf 82' lang='lat' dir='ltr'><strong>correxi</strong></span> <span class='ocrx_word' id='word_1_215' title='bbox 1160 3393 1237 3435; x_wconf 86' lang='lat' dir='ltr'><strong>ex</strong></span> <span class='ocrx_word' id='word_1_216' title='bbox 1283 3369 1456 3435; x_wconf 86' lang='lat' dir='ltr'><strong>libris</strong></span> <span class='ocrx_word' id='word_1_217' title='bbox 1491 3371 1682 3435; x_wconf 85' lang='lat' dir='ltr'><strong>MSS.</strong></span> <span class='ocrx_word' id='word_1_218' title='bbox 1729 3392 1846 3457; x_wconf 89' lang='lat' dir='ltr'><strong>pro</strong></span> <span class='ocrx_word' id='word_1_219' title='bbox 1890 3372 2049 3451; x_wconf 82' lang='grc' dir='ltr'>ὑμῖν)</span> <span class='ocrx_word' id='word_1_220' title='bbox 2102 3376 2265 3438; x_wconf 81' lang='grc' dir='ltr'>θεῖον</span> 
     </span>
     <span class='ocr_line' id='line_1_29' title="bbox 574 3471 2264 3562; baseline 0.001 -24"><span class='ocrx_word' id='word_1_221' title='bbox 574 3472 822 3556; x_wconf 75' lang='grc' dir='ltr'>ἀνάγειν</span> <span class='ocrx_word' id='word_1_222' title='bbox 849 3471 993 3555; x_wconf 78' lang='grc' dir='ltr'>πρὸς</span> <span class='ocrx_word' id='word_1_223' title='bbox 1029 3471 1098 3537; x_wconf 84' lang='grc' dir='ltr'><strong>τὸ</strong></span> <span class='ocrx_word' id='word_1_224' title='bbox 1137 3476 1204 3539; x_wconf 76' lang='grc' dir='ltr'>ἐν</span> <span class='ocrx_word' id='word_1_225' title='bbox 1229 3478 1308 3561; x_wconf 70' lang='grc' dir='ltr'><strong>τῷ</strong></span> <span class='ocrx_word' id='word_1_226' title='bbox 1347 3474 1524 3538; x_wconf 82' lang='grc' dir='ltr'>παντὶ</span> <span class='ocrx_word' id='word_1_227' title='bbox 1567 3478 1749 3538; x_wconf 84' lang='grc' dir='ltr'>θεῖον.</span> <span class='ocrx_word' id='word_1_228' title='bbox 1842 3474 1944 3539; x_wconf 90' lang='lat' dir='ltr'><strong>De</strong></span> <span class='ocrx_word' id='word_1_229' title='bbox 1970 3497 2099 3562; x_wconf 93' lang='lat' dir='ltr'><strong>quo</strong></span> <span class='ocrx_word' id='word_1_230' title='bbox 2129 3473 2264 3540; x_wconf 86' lang='lat' dir='ltr'><strong>loco</strong></span> 
     </span>
     <span class='ocr_line' id='line_1_30' title="bbox 572 3575 2129 3664; baseline 0.001 -24"><span class='ocrx_word' id='word_1_231' title='bbox 572 3575 758 3663; x_wconf 89' lang='lat' dir='ltr'><strong>plura</strong></span> <span class='ocrx_word' id='word_1_232' title='bbox 783 3575 915 3641; x_wconf 81' lang='lat' dir='ltr'><strong>dixi</strong></span> <span class='ocrx_word' id='word_1_233' title='bbox 945 3599 1135 3664; x_wconf 90' lang='lat' dir='ltr'><strong>supra</strong></span> <span class='ocrx_word' id='word_1_234' title='bbox 1163 3576 1243 3641; x_wconf 90' lang='lat' dir='ltr'><strong>ad</strong></span> <span class='ocrx_word' id='word_1_235' title='bbox 1278 3576 1511 3641; x_wconf 86' lang='lat' dir='ltr'><strong>Plotin.</strong></span> <span class='ocrx_word' id='word_1_236' title='bbox 1550 3578 1606 3642; x_wconf 94' lang='lat' dir='ltr'><strong>I.</strong></span> <span class='ocrx_word' id='word_1_237' title='bbox 1641 3592 1698 3660; x_wconf 92' lang='lat'><strong>7.</strong></span> <span class='ocrx_word' id='word_1_238' title='bbox 1729 3596 1793 3662; x_wconf 85' lang='lat'><strong>3.</strong></span> <span class='ocrx_word' id='word_1_239' title='bbox 1824 3600 1890 3664; x_wconf 91' lang='lat' dir='ltr'><strong>p.</strong></span> <span class='ocrx_word' id='word_1_240' title='bbox 1915 3579 2018 3642; x_wconf 88' lang='lat'><strong>62.</strong></span> <span class='ocrx_word' id='word_1_241' title='bbox 2045 3580 2129 3642; x_wconf 92' lang='lat' dir='ltr'><strong>E.</strong></span> 
     </span>
    </p>

    <p class='ocr_par' dir='ltr' id='par_1_5' title="bbox 574 3679 2261 4168">
     <span class='ocr_line' id='line_1_31' title="bbox 656 3679 2257 3766; baseline 0.001 -23"><span class='ocrx_word' id='word_1_242' title='bbox 656 3701 724 3766; x_wconf 86' lang='lat' dir='ltr'><strong>p.</strong></span> <span class='ocrx_word' id='word_1_243' title='bbox 754 3699 940 3758; x_wconf 84' lang='lat'><strong>1210,</strong></span> <span class='ocrx_word' id='word_1_244' title='bbox 971 3701 1030 3766; x_wconf 91' lang='grc'><strong>3.</strong></span> <span class='ocrx_word' id='word_1_245' title='bbox 1076 3681 1114 3760; x_wconf 84' lang='grc' dir='ltr'>ἦ</span> <span class='ocrx_word' id='word_1_246' title='bbox 1142 3682 1207 3745; x_wconf 77' lang='grc' dir='ltr'><strong>ἐκ</strong></span> <span class='ocrx_word' id='word_1_247' title='bbox 1235 3686 1352 3744; x_wconf 82' lang='grc' dir='ltr'>τῶν</span> <span class='ocrx_word' id='word_1_248' title='bbox 1382 3679 1507 3745; x_wconf 82' lang='grc' dir='ltr'>καθ’</span> <span class='ocrx_word' id='word_1_249' title='bbox 1539 3681 1761 3749; x_wconf 79' lang='grc' dir='ltr'>ἕκαστα</span> <span class='ocrx_word' id='word_1_250' title='bbox 1805 3688 2257 3763; x_wconf 82' lang='grc' dir='ltr'>συγκεφαλαιω-</span> 
     </span>
     <span class='ocr_line' id='line_1_32' title="bbox 575 3781 2261 3868; baseline 0 -22"><span class='ocrx_word' id='word_1_251' title='bbox 575 3781 777 3868; x_wconf 82' lang='grc' dir='ltr'>θεῖσα]</span> <span class='ocrx_word' id='word_1_252' title='bbox 832 3781 1086 3846; x_wconf 87' lang='lat' dir='ltr'><strong>Ficinus</strong></span> <span class='ocrx_word' id='word_1_253' title='bbox 1133 3781 1523 3868; x_wconf 88' lang='lat' dir='ltr'><strong>negationem</strong></span> <span class='ocrx_word' id='word_1_254' title='bbox 1575 3781 1641 3844; x_wconf 86' lang='lat' dir='ltr'><strong>h.</strong></span> <span class='ocrx_word' id='word_1_255' title='bbox 1670 3781 1714 3845; x_wconf 95' lang='lat' dir='ltr'><strong>l.</strong></span> <span class='ocrx_word' id='word_1_256' title='bbox 1767 3781 1977 3868; x_wconf 87' lang='lat' dir='ltr'><strong>posuit</strong></span> <span class='ocrx_word' id='word_1_257' title='bbox 2029 3783 2104 3864; x_wconf 79' lang='lat'><strong>(⁴⁴</strong></span> <span class='ocrx_word' id='word_1_258' title='bbox 2133 3805 2261 3846; x_wconf 77' lang='grc' dir='ltr'><strong>ποπ</strong></span> 
     </span>
     <span class='ocr_line' id='line_1_33' title="bbox 575 3881 2256 3968; baseline 0 -22"><span class='ocrx_word' id='word_1_259' title='bbox 575 3881 999 3968; x_wconf 84' lang='lat' dir='ltr'><strong>conclusum”)</strong></span> <span class='ocrx_word' id='word_1_260' title='bbox 1031 3898 1095 3948; x_wconf 91' lang='lat' dir='ltr'><strong>et</strong></span> <span class='ocrx_word' id='word_1_261' title='bbox 1121 3883 1242 3949; x_wconf 90' lang='lat' dir='ltr'><strong>hoc</strong></span> <span class='ocrx_word' id='word_1_262' title='bbox 1269 3882 1676 3949; x_wconf 87' lang='lat' dir='ltr'><strong>necessarium</strong></span> <span class='ocrx_word' id='word_1_263' title='bbox 1707 3881 1989 3947; x_wconf 88' lang='lat' dir='ltr'><strong>videtur:</strong></span> <span class='ocrx_word' id='word_1_264' title='bbox 2038 3882 2145 3946; x_wconf 81' lang='lat' dir='ltr'><strong>sed</strong></span> <span class='ocrx_word' id='word_1_265' title='bbox 2183 3882 2256 3946; x_wconf 90' lang='lat' dir='ltr'><strong>li·</strong></span> 
     </span>
     <span class='ocr_line' id='line_1_34' title="bbox 574 3983 2259 4074; baseline -0.001 -23"><span class='ocrx_word' id='word_1_266' title='bbox 574 3983 669 4051; x_wconf 82' lang='lat' dir='ltr'><strong>bri</strong></span> <span class='ocrx_word' id='word_1_267' title='bbox 697 4007 823 4051; x_wconf 88' lang='lat' dir='ltr'><strong>non</strong></span> <span class='ocrx_word' id='word_1_268' title='bbox 852 4002 1216 4074; x_wconf 84' lang='lat' dir='ltr'><strong>agnoscunt.</strong></span> <span class='ocrx_word' id='word_1_269' title='bbox 1283 3986 1526 4074; x_wconf 88' lang='lat' dir='ltr'><strong>Taylor</strong></span> <span class='ocrx_word' id='word_1_270' title='bbox 1552 3985 1823 4072; x_wconf 83' lang='lat' dir='ltr'><strong>conjicit,</strong></span> <span class='ocrx_word' id='word_1_271' title='bbox 1845 4008 1961 4073; x_wconf 90' lang='lat' dir='ltr'><strong>pro</strong></span> <span class='ocrx_word' id='word_1_272' title='bbox 1987 3987 2025 4066; x_wconf 81' lang='grc' dir='ltr'>ἡ</span> <span class='ocrx_word' id='word_1_273' title='bbox 2053 3985 2259 4072; x_wconf 88' lang='lat' dir='ltr'><strong>legen-</strong></span> 
     </span>
     <span class='ocr_line' id='line_1_35' title="bbox 575 4087 1011 4168; baseline -0.005 -15"><span class='ocrx_word' id='word_1_274' title='bbox 575 4087 724 4153; x_wconf 90' lang='lat' dir='ltr'><strong>dum</strong></span> <span class='ocrx_word' id='word_1_275' title='bbox 755 4111 886 4152; x_wconf 85' lang='lat' dir='ltr'><strong>esse</strong></span> <span class='ocrx_word' id='word_1_276' title='bbox 910 4087 1011 4168; x_wconf 88' lang='grc' dir='ltr'><strong>μή.</strong></span> 
     </span>
    </p>

    <p class='ocr_par' dir='ltr' id='par_1_6' title="bbox 573 4189 2259 4689">
     <span class='ocr_line' id='line_1_36' title="bbox 655 4189 2259 4277; baseline 0.001 -23"><span class='ocrx_word' id='word_1_277' title='bbox 655 4228 744 4245; x_wconf 90' lang='grc'><strong>-</strong></span> <span class='ocrx_word' id='word_1_278' title='bbox 766 4193 861 4255; x_wconf 92' lang='lat'><strong>16.</strong></span> <span class='ocrx_word' id='word_1_279' title='bbox 912 4194 986 4256; x_wconf 83' lang='grc' dir='ltr'><strong>Εἰ</strong></span> <span class='ocrx_word' id='word_1_280' title='bbox 1026 4193 1090 4255; x_wconf 71' lang='grc' dir='ltr'><strong>δὲ</strong></span> <span class='ocrx_word' id='word_1_281' title='bbox 1127 4189 1199 4255; x_wconf 84' lang='grc' dir='ltr'>ὂν</span> <span class='ocrx_word' id='word_1_282' title='bbox 1230 4191 1325 4255; x_wconf 85' lang='grc' dir='ltr'>καὶ</span> <span class='ocrx_word' id='word_1_283' title='bbox 1363 4194 1432 4256; x_wconf 76' lang='grc' dir='ltr'>ἐν</span> <span class='ocrx_word' id='word_1_284' title='bbox 1461 4195 1541 4277; x_wconf 70' lang='grc' dir='ltr'><strong>τῷ</strong></span> <span class='ocrx_word' id='word_1_285' title='bbox 1579 4194 1707 4256; x_wconf 85' lang='grc' dir='ltr'>ὄντι</span> <span class='ocrx_word' id='word_1_286' title='bbox 1747 4193 1963 4277; x_wconf 78' lang='grc' dir='ltr'>ἐκεῖνο]</span> <span class='ocrx_word' id='word_1_287' title='bbox 2018 4190 2259 4277; x_wconf 87' lang='lat' dir='ltr'><strong>Taylor</strong></span> 
     </span>
     <span class='ocr_line' id='line_1_37' title="bbox 574 4292 2258 4382; baseline -0.002 -21"><span class='ocrx_word' id='word_1_288' title='bbox 574 4293 654 4361; x_wconf 79' lang='lat' dir='ltr'><strong>ad</strong></span> <span class='ocrx_word' id='word_1_289' title='bbox 684 4293 749 4357; x_wconf 98' lang='lat' dir='ltr'><strong>h.</strong></span> <span class='ocrx_word' id='word_1_290' title='bbox 774 4292 818 4357; x_wconf 93' lang='lat' dir='ltr'><strong>l.</strong></span> <span class='ocrx_word' id='word_1_291' title='bbox 849 4292 1016 4358; x_wconf 83' lang='lat' dir='ltr'><strong>hoec:</strong></span> <span class='ocrx_word' id='word_1_292' title='bbox 1068 4302 1111 4332; x_wconf 75' lang='lat'><strong>‘⁶</strong></span> <span class='ocrx_word' id='word_1_293' title='bbox 1136 4293 1423 4359; x_wconf 84' lang='lat' dir='ltr'><strong>Plotinus</strong></span> <span class='ocrx_word' id='word_1_294' title='bbox 1451 4293 1502 4357; x_wconf 88' lang='lat' dir='ltr'><strong>is</strong></span> <span class='ocrx_word' id='word_1_295' title='bbox 1531 4292 1677 4358; x_wconf 91' lang='lat' dir='ltr'><strong>here</strong></span> <span class='ocrx_word' id='word_1_296' title='bbox 1706 4292 2007 4382; x_wconf 82' lang='lat' dir='ltr'><strong>speaking</strong></span> <span class='ocrx_word' id='word_1_297' title='bbox 2039 4293 2114 4357; x_wconf 85' lang='lat' dir='ltr'><strong>of</strong></span> <span class='ocrx_word' id='word_1_298' title='bbox 2151 4294 2258 4358; x_wconf 89' lang='lat' dir='ltr'><strong>the</strong></span> 
     </span>
     <span class='ocr_line' id='line_1_38' title="bbox 574 4395 2255 4484; baseline -0.001 -22"><span class='ocrx_word' id='word_1_299' title='bbox 574 4397 868 4462; x_wconf 74' lang='lat' dir='ltr'><strong>esemtial</strong></span> <span class='ocrx_word' id='word_1_300' title='bbox 890 4418 1025 4474; x_wconf 81' lang='lat' dir='ltr'><strong>one,</strong></span> <span class='ocrx_word' id='word_1_301' title='bbox 1059 4395 1254 4461; x_wconf 81' lang='lat' dir='ltr'><strong>which</strong></span> <span class='ocrx_word' id='word_1_302' title='bbox 1283 4396 1336 4460; x_wconf 88' lang='lat' dir='ltr'><strong>is</strong></span> <span class='ocrx_word' id='word_1_303' title='bbox 1366 4395 1555 4484; x_wconf 85' lang='lat' dir='ltr'><strong>being</strong></span> <span class='ocrx_word' id='word_1_304' title='bbox 1581 4396 1707 4461; x_wconf 84' lang='lat' dir='ltr'><strong>and</strong></span> <span class='ocrx_word' id='word_1_305' title='bbox 1747 4396 2005 4462; x_wconf 72' lang='lat' dir='ltr'><strong>subsiste</strong></span> <span class='ocrx_word' id='word_1_306' title='bbox 2044 4396 2107 4461; x_wconf 90' lang='lat' dir='ltr'><strong>in</strong></span> <span class='ocrx_word' id='word_1_307' title='bbox 2147 4397 2255 4461; x_wconf 84' lang='lat' dir='ltr'><strong>be-</strong></span> 
     </span>
     <span class='ocr_line' id='line_1_39' title="bbox 573 4497 2255 4587; baseline -0.001 -24"><span class='ocrx_word' id='word_1_308' title='bbox 573 4499 702 4587; x_wconf 79' lang='lat' dir='ltr'><strong>ing,</strong></span> <span class='ocrx_word' id='word_1_309' title='bbox 732 4497 858 4565; x_wconf 92' lang='lat' dir='ltr'><strong>and</strong></span> <span class='ocrx_word' id='word_1_310' title='bbox 888 4514 993 4564; x_wconf 85' lang='lat' dir='ltr'><strong>not</strong></span> <span class='ocrx_word' id='word_1_311' title='bbox 1025 4499 1099 4565; x_wconf 85' lang='lat' dir='ltr'><strong>of</strong></span> <span class='ocrx_word' id='word_1_312' title='bbox 1119 4499 1226 4563; x_wconf 84' lang='lat' dir='ltr'><strong>the</strong></span> <span class='ocrx_word' id='word_1_313' title='bbox 1253 4501 1739 4586; x_wconf 71' lang='lat' dir='ltr'><strong>mperessmtial</strong></span> <span class='ocrx_word' id='word_1_314' title='bbox 1762 4522 1898 4578; x_wconf 81' lang='lat' dir='ltr'><strong>one,</strong></span> <span class='ocrx_word' id='word_1_315' title='bbox 1927 4523 2001 4564; x_wconf 92' lang='lat' dir='ltr'><strong>or</strong></span> <span class='ocrx_word' id='word_1_316' title='bbox 2030 4500 2136 4564; x_wconf 90' lang='lat' dir='ltr'><strong>the</strong></span> <span class='ocrx_word' id='word_1_317' title='bbox 2163 4499 2255 4562; x_wconf 87' lang='lat' dir='ltr'><strong>in-</strong></span> 
     </span>
     <span class='ocr_line' id='line_1_40' title="bbox 575 4587 2103 4689; baseline -0.003 -19"><span class='ocrx_word' id='word_1_318' title='bbox 575 4602 798 4671; x_wconf 67' lang='lat' dir='ltr'><strong>effable</strong></span> <span class='ocrx_word' id='word_1_319' title='bbox 825 4600 1123 4689; x_wconf 87' lang='lat' dir='ltr'><strong>principle</strong></span> <span class='ocrx_word' id='word_1_320' title='bbox 1151 4602 1226 4666; x_wconf 84' lang='lat' dir='ltr'><strong>of</strong></span> <span class='ocrx_word' id='word_1_321' title='bbox 1245 4601 1514 4689; x_wconf 81' lang='lat' dir='ltr'><strong>things.”</strong></span> <span class='ocrx_word' id='word_1_322' title='bbox 2093 4587 2103 4595; x_wconf 39' lang='lat'><em>⁶</em></span> 
     </span>
    </p>

    <p class='ocr_par' dir='ltr' id='par_1_7' title="bbox 573 4704 2261 5612">
     <span class='ocr_line' id='line_1_41' title="bbox 659 4704 2260 4792; baseline 0.001 -24"><span class='ocrx_word' id='word_1_323' title='bbox 659 4728 727 4792; x_wconf 86' lang='lat' dir='ltr'><strong>p.</strong></span> <span class='ocrx_word' id='word_1_324' title='bbox 757 4723 946 4778; x_wconf 80' lang='lat'><strong>1211,</strong></span> <span class='ocrx_word' id='word_1_325' title='bbox 984 4725 1043 4771; x_wconf 98' lang='grc'><strong>2.</strong></span> <span class='ocrx_word' id='word_1_326' title='bbox 1076 4704 1313 4788; x_wconf 73' lang='grc' dir='ltr'>ἐμέρισέ</span> <span class='ocrx_word' id='word_1_327' title='bbox 1338 4730 1405 4769; x_wconf 86' lang='grc' dir='ltr'><strong>τε</strong></span> <span class='ocrx_word' id='word_1_328' title='bbox 1431 4705 1541 4784; x_wconf 72' lang='grc' dir='ltr'>τὴν</span> <span class='ocrx_word' id='word_1_329' title='bbox 1567 4705 1780 4770; x_wconf 80' lang='grc' dir='ltr'>οὐσίαν</span> <span class='ocrx_word' id='word_1_330' title='bbox 1808 4705 2080 4785; x_wconf 73' lang='grc' dir='ltr'>τοιαύτην</span> <span class='ocrx_word' id='word_1_331' title='bbox 2109 4705 2260 4770; x_wconf 77' lang='grc' dir='ltr'>εἶναι</span> 
     </span>
     <span class='ocr_line' id='line_1_42' title="bbox 577 4805 2258 4894; baseline -0.002 -19"><span class='ocrx_word' id='word_1_332' title='bbox 577 4808 851 4893; x_wconf 79' lang='grc' dir='ltr'>νομίσας]</span> <span class='ocrx_word' id='word_1_333' title='bbox 897 4807 939 4871; x_wconf 87' lang='lat' dir='ltr'><strong>i.</strong></span> <span class='ocrx_word' id='word_1_334' title='bbox 959 4830 1014 4872; x_wconf 90' lang='lat' dir='ltr'><strong>e.</strong></span> <span class='ocrx_word' id='word_1_335' title='bbox 1042 4808 1348 4890; x_wconf 76' lang='grc' dir='ltr'>μεριστὴν,</span> <span class='ocrx_word' id='word_1_336' title='bbox 1378 4805 1770 4883; x_wconf 82' lang='lat' dir='ltr'><strong>divisibilem,</strong></span> <span class='ocrx_word' id='word_1_337' title='bbox 1797 4805 2081 4894; x_wconf 84' lang='lat' dir='ltr'><strong>adeoque</strong></span> <span class='ocrx_word' id='word_1_338' title='bbox 2122 4830 2258 4871; x_wconf 85' lang='lat' dir='ltr'><strong>cor-</strong></span> 
     </span>
     <span class='ocr_line' id='line_1_43' title="bbox 575 4908 2261 4999; baseline 0 -23"><span class='ocrx_word' id='word_1_339' title='bbox 575 4932 848 4999; x_wconf 84' lang='lat' dir='ltr'><strong>poream.</strong></span> <span class='ocrx_word' id='word_1_340' title='bbox 942 4910 1165 4976; x_wconf 89' lang='lat' dir='ltr'><strong>Varius</strong></span> <span class='ocrx_word' id='word_1_341' title='bbox 1214 4925 1306 4975; x_wconf 90' lang='lat' dir='ltr'><strong>est</strong></span> <span class='ocrx_word' id='word_1_342' title='bbox 1359 4933 1509 4976; x_wconf 84' lang='lat' dir='ltr'><strong>usus</strong></span> <span class='ocrx_word' id='word_1_343' title='bbox 1560 4908 1954 4974; x_wconf 87' lang='lat' dir='ltr'><strong>Pronominis</strong></span> <span class='ocrx_word' id='word_1_344' title='bbox 2000 4912 2261 4976; x_wconf 82' lang='grc' dir='ltr'>τοιοῦτος</span> 
     </span>
     <span class='ocr_line' id='line_1_44' title="bbox 575 5010 2261 5101; baseline -0.001 -24"><span class='ocrx_word' id='word_1_345' title='bbox 575 5013 748 5101; x_wconf 89' lang='lat' dir='ltr'><strong>apud</strong></span> <span class='ocrx_word' id='word_1_346' title='bbox 780 5012 1102 5078; x_wconf 82' lang='lat' dir='ltr'><strong>Platonem</strong></span> <span class='ocrx_word' id='word_1_347' title='bbox 1132 5011 1529 5100; x_wconf 87' lang='lat' dir='ltr'><strong>reliquosque</strong></span> <span class='ocrx_word' id='word_1_348' title='bbox 1571 5011 1994 5100; x_wconf 83' lang='lat' dir='ltr'><strong>philosophos,</strong></span> <span class='ocrx_word' id='word_1_349' title='bbox 2023 5010 2104 5076; x_wconf 91' lang='lat' dir='ltr'><strong>de</strong></span> <span class='ocrx_word' id='word_1_350' title='bbox 2131 5033 2261 5097; x_wconf 88' lang='lat' dir='ltr'><strong>quo</strong></span> 
     </span>
     <span class='ocr_line' id='line_1_45' title="bbox 573 5112 2254 5200; baseline -0.004 -19"><span class='ocrx_word' id='word_1_351' title='bbox 573 5113 987 5181; x_wconf 68' lang='lat' dir='ltr'><strong>Heindoefius</strong></span> <span class='ocrx_word' id='word_1_352' title='bbox 1013 5114 1257 5180; x_wconf 87' lang='lat' dir='ltr'><strong>monuit</strong></span> <span class='ocrx_word' id='word_1_353' title='bbox 1283 5137 1427 5180; x_wconf 86' lang='lat' dir='ltr'><strong>cum</strong></span> <span class='ocrx_word' id='word_1_354' title='bbox 1456 5114 1537 5179; x_wconf 92' lang='lat' dir='ltr'><strong>ad</strong></span> <span class='ocrx_word' id='word_1_355' title='bbox 1569 5112 1870 5199; x_wconf 80' lang='lat' dir='ltr'><strong>Gorgiam</strong></span> <span class='ocrx_word' id='word_1_356' title='bbox 1916 5114 1977 5196; x_wconf 66' lang='grc' dir='ltr'><strong>ξ.</strong></span> <span class='ocrx_word' id='word_1_357' title='bbox 2007 5132 2148 5196; x_wconf 83' lang='grc'><strong>105.</strong></span> <span class='ocrx_word' id='word_1_358' title='bbox 2192 5136 2254 5200; x_wconf 90' lang='lat' dir='ltr'><strong>p.</strong></span> 
     </span>
     <span class='ocr_line' id='line_1_46' title="bbox 584 5214 2255 5304; baseline -0.001 -21"><span class='ocrx_word' id='word_1_359' title='bbox 584 5236 726 5304; x_wconf 82' lang='lat'><strong>159.</strong></span> <span class='ocrx_word' id='word_1_360' title='bbox 757 5231 892 5283; x_wconf 89' lang='lat' dir='ltr'><strong>tum</strong></span> <span class='ocrx_word' id='word_1_361' title='bbox 919 5216 1000 5281; x_wconf 92' lang='lat' dir='ltr'><strong>ad</strong></span> <span class='ocrx_word' id='word_1_362' title='bbox 1032 5216 1337 5282; x_wconf 76' lang='lat' dir='ltr'><strong>Phaedon.</strong></span> <span class='ocrx_word' id='word_1_363' title='bbox 1369 5219 1425 5301; x_wconf 64' lang='grc' dir='ltr'><strong>ξ.</strong></span> <span class='ocrx_word' id='word_1_364' title='bbox 1451 5234 1555 5300; x_wconf 90' lang='lat'><strong>71.</strong></span> <span class='ocrx_word' id='word_1_365' title='bbox 1586 5240 1652 5304; x_wconf 90' lang='lat' dir='ltr'><strong>p.</strong></span> <span class='ocrx_word' id='word_1_366' title='bbox 1685 5236 1826 5303; x_wconf 89' lang='grc'><strong>113.</strong></span> <span class='ocrx_word' id='word_1_367' title='bbox 1893 5214 2022 5281; x_wconf 89' lang='lat' dir='ltr'><strong>Hic</strong></span> <span class='ocrx_word' id='word_1_368' title='bbox 2053 5230 2255 5283; x_wconf 87' lang='lat' dir='ltr'><strong>tamen</strong></span> 
     </span>
     <span class='ocr_line' id='line_1_47' title="bbox 575 5318 2259 5409; baseline -0.003 -23"><span class='ocrx_word' id='word_1_369' title='bbox 575 5318 935 5409; x_wconf 77' lang='lat' dir='ltr'><strong>hujusmodi</strong></span> <span class='ocrx_word' id='word_1_370' title='bbox 962 5318 1082 5385; x_wconf 86' lang='lat' dir='ltr'><strong>loci</strong></span> <span class='ocrx_word' id='word_1_371' title='bbox 1108 5319 1508 5407; x_wconf 86' lang='lat' dir='ltr'><strong>comparandi</strong></span> <span class='ocrx_word' id='word_1_372' title='bbox 1548 5332 1716 5398; x_wconf 88' lang='lat' dir='ltr'><strong>sunt,</strong></span> <span class='ocrx_word' id='word_1_373' title='bbox 1748 5334 1819 5384; x_wconf 88' lang='lat' dir='ltr'><strong>ut</strong></span> <span class='ocrx_word' id='word_1_374' title='bbox 1849 5318 2145 5407; x_wconf 91' lang='lat' dir='ltr'><strong>Epinom.</strong></span> <span class='ocrx_word' id='word_1_375' title='bbox 2193 5341 2259 5407; x_wconf 81' lang='lat' dir='ltr'><strong>p,</strong></span> 
     </span>
     <span class='ocr_line' id='line_1_48' title="bbox 578 5422 2260 5509; baseline -0.003 -18"><span class='ocrx_word' id='word_1_376' title='bbox 578 5441 721 5505; x_wconf 86' lang='lat'><strong>704.</strong></span> <span class='ocrx_word' id='word_1_377' title='bbox 750 5426 843 5489; x_wconf 87' lang='lat' dir='ltr'><strong>B:</strong></span> <span class='ocrx_word' id='word_1_378' title='bbox 879 5426 933 5489; x_wconf 91' lang='grc' dir='ltr'><strong>εἰ</strong></span> <span class='ocrx_word' id='word_1_379' title='bbox 957 5424 1064 5489; x_wconf 78' lang='grc' dir='ltr'>οὖν</span> <span class='ocrx_word' id='word_1_380' title='bbox 1093 5449 1179 5491; x_wconf 94' lang='grc' dir='ltr'>τις</span> <span class='ocrx_word' id='word_1_381' title='bbox 1203 5422 1488 5499; x_wconf 84' lang='grc' dir='ltr'>διδάσκοι,</span> <span class='ocrx_word' id='word_1_382' title='bbox 1522 5426 1670 5488; x_wconf 73' lang='grc' dir='ltr'>κατὰ</span> <span class='ocrx_word' id='word_1_383' title='bbox 1697 5424 1918 5505; x_wconf 84' lang='grc' dir='ltr'>τρόπον</span> <span class='ocrx_word' id='word_1_384' title='bbox 1945 5424 2010 5486; x_wconf 79' lang='grc' dir='ltr'><strong>δὲ</strong></span> <span class='ocrx_word' id='word_1_385' title='bbox 2037 5422 2117 5502; x_wconf 78' lang='grc' dir='ltr'><strong>μὴ</strong></span> <span class='ocrx_word' id='word_1_386' title='bbox 2146 5423 2260 5509; x_wconf 48' lang='lat' dir='ltr'><strong>ape*</strong></span> 
     </span>
     <span class='ocr_line' id='line_1_49' title="bbox 575 5523 2257 5612; baseline -0.001 -21"><span class='ocrx_word' id='word_1_387' title='bbox 575 5526 643 5592; x_wconf 80' lang='grc' dir='ltr'><strong>τὸ</strong></span> <span class='ocrx_word' id='word_1_388' title='bbox 671 5531 959 5605; x_wconf 82' lang='grc' dir='ltr'>τοιοῦτον,</span> <span class='ocrx_word' id='word_1_389' title='bbox 991 5531 1253 5609; x_wconf 82' lang='grc' dir='ltr'>κρεῖττον</span> <span class='ocrx_word' id='word_1_390' title='bbox 1275 5525 1356 5606; x_wconf 78' lang='grc' dir='ltr'><strong>μὴ</strong></span> <span class='ocrx_word' id='word_1_391' title='bbox 1381 5525 1722 5605; x_wconf 82' lang='grc' dir='ltr'>μανθάνειν,</span> <span class='ocrx_word' id='word_1_392' title='bbox 1753 5540 1817 5590; x_wconf 89' lang='lat' dir='ltr'><strong>et</strong></span> <span class='ocrx_word' id='word_1_393' title='bbox 1843 5523 1955 5612; x_wconf 90' lang='lat' dir='ltr'><strong>qui</strong></span> <span class='ocrx_word' id='word_1_394' title='bbox 1996 5523 2102 5591; x_wconf 77' lang='lat' dir='ltr'><strong>alii</strong></span> <span class='ocrx_word' id='word_1_395' title='bbox 2128 5525 2257 5590; x_wconf 85' lang='lat' dir='ltr'><strong>col-</strong></span> 
     </span>
    </p>
   </div>
   <div class='ocr_carea' id='block_1_4' title="bbox 3938 533 4064 618">
    <p class='ocr_par' dir='ltr' id='par_1_8' title="bbox 3938 533 4064 618">
     <span class='ocr_line' id='line_1_50' title="bbox 3938 533 4064 618; baseline 0 0"><span class='ocrx_word' id='word_1_396' title='bbox 3938 533 4064 618; x_wconf 81' lang='lat'><strong>3⁶3</strong></span> 
     </span>
    </p>
   </div>
   <div class='ocr_carea' id='block_1_5' title="bbox 2341 695 4059 5686">
    <p class='ocr_par' dir='ltr' id='par_1_9' title="bbox 2367 695 4059 1175">
     <span class='ocr_line' id='line_1_51' title="bbox 2372 695 4054 785; baseline 0.004 -23"><span class='ocrx_word' id='word_1_397' title='bbox 2372 695 2515 762; x_wconf 88' lang='lat' dir='ltr'><strong>lecti</strong></span> <span class='ocrx_word' id='word_1_398' title='bbox 2559 709 2708 762; x_wconf 85' lang='lat' dir='ltr'><strong>sunt</strong></span> <span class='ocrx_word' id='word_1_399' title='bbox 2750 721 2788 761; x_wconf 94' lang='lat' dir='ltr'><strong>a</strong></span> <span class='ocrx_word' id='word_1_400' title='bbox 2816 698 3309 785; x_wconf 83' lang='lat' dir='ltr'><strong>Wyttenbachio</strong></span> <span class='ocrx_word' id='word_1_401' title='bbox 3334 697 3417 768; x_wconf 82' lang='lat' dir='ltr'><strong>ad</strong></span> <span class='ocrx_word' id='word_1_402' title='bbox 3448 699 3771 770; x_wconf 75' lang='lat' dir='ltr'><strong>Plutarch.</strong></span> <span class='ocrx_word' id='word_1_403' title='bbox 3803 699 3884 768; x_wconf 89' lang='lat' dir='ltr'><strong>de</strong></span> <span class='ocrx_word' id='word_1_404' title='bbox 3913 704 4054 770; x_wconf 84' lang='lat' dir='ltr'><strong>Au-</strong></span> 
     </span>
     <span class='ocr_line' id='line_1_52' title="bbox 2370 797 4057 889; baseline 0.004 -25"><span class='ocrx_word' id='word_1_405' title='bbox 2370 797 2580 865; x_wconf 89' lang='lat' dir='ltr'><strong>diend.</strong></span> <span class='ocrx_word' id='word_1_406' title='bbox 2631 801 2841 866; x_wconf 90' lang='lat' dir='ltr'><strong>Poett.</strong></span> <span class='ocrx_word' id='word_1_407' title='bbox 2893 823 2960 888; x_wconf 91' lang='lat' dir='ltr'><strong>p.</strong></span> <span class='ocrx_word' id='word_1_408' title='bbox 3004 818 3137 886; x_wconf 80' lang='lat'><strong>173.</strong></span> <span class='ocrx_word' id='word_1_409' title='bbox 3190 825 3288 888; x_wconf 85' lang='lat' dir='ltr'><strong>sq.</strong></span> <span class='ocrx_word' id='word_1_410' title='bbox 3340 800 3453 889; x_wconf 90' lang='lat' dir='ltr'><strong>qui</strong></span> <span class='ocrx_word' id='word_1_411' title='bbox 3494 801 3678 874; x_wconf 83' lang='lat' dir='ltr'><strong>etiam</strong></span> <span class='ocrx_word' id='word_1_412' title='bbox 3734 802 4057 872; x_wconf 81' lang='lat' dir='ltr'><strong>Plutarchi</strong></span> 
     </span>
     <span class='ocr_line' id='line_1_53' title="bbox 2369 901 4059 993; baseline 0.003 -25"><span class='ocrx_word' id='word_1_413' title='bbox 2369 902 2602 968; x_wconf 82' lang='lat' dir='ltr'><strong>multos</strong></span> <span class='ocrx_word' id='word_1_414' title='bbox 2645 901 2812 968; x_wconf 87' lang='lat' dir='ltr'><strong>locos</strong></span> <span class='ocrx_word' id='word_1_415' title='bbox 2854 902 2979 968; x_wconf 93' lang='lat' dir='ltr'><strong>huc</strong></span> <span class='ocrx_word' id='word_1_416' title='bbox 3024 904 3313 969; x_wconf 82' lang='lat' dir='ltr'><strong>facientes</strong></span> <span class='ocrx_word' id='word_1_417' title='bbox 3354 906 3681 992; x_wconf 80' lang='lat' dir='ltr'><strong>congessit,</strong></span> <span class='ocrx_word' id='word_1_418' title='bbox 3720 905 3784 970; x_wconf 92' lang='lat' dir='ltr'><strong>in</strong></span> <span class='ocrx_word' id='word_1_419' title='bbox 3826 906 4059 993; x_wconf 88' lang='lat' dir='ltr'><strong>quibus</strong></span> 
     </span>
     <span class='ocr_line' id='line_1_54' title="bbox 2369 1005 4053 1098; baseline 0.004 -29"><span class='ocrx_word' id='word_1_420' title='bbox 2369 1019 2577 1070; x_wconf 90' lang='lat' dir='ltr'><strong>tamen</strong></span> <span class='ocrx_word' id='word_1_421' title='bbox 2621 1005 2994 1093; x_wconf 91' lang='lat' dir='ltr'><strong>plerumque</strong></span> <span class='ocrx_word' id='word_1_422' title='bbox 3024 1006 3385 1071; x_wconf 90' lang='lat' dir='ltr'><strong>Pronomini</strong></span> <span class='ocrx_word' id='word_1_423' title='bbox 3416 1008 3733 1074; x_wconf 85' lang='lat' dir='ltr'><strong>Articulus</strong></span> <span class='ocrx_word' id='word_1_424' title='bbox 3775 1011 4053 1098; x_wconf 83' lang='lat' dir='ltr'><strong>proemit-</strong></span> 
     </span>
     <span class='ocr_line' id='line_1_55' title="bbox 2367 1122 2538 1175; baseline -0.006 -1"><span class='ocrx_word' id='word_1_425' title='bbox 2367 1122 2538 1175; x_wconf 75' lang='lat' dir='ltr'><strong>titur.</strong></span> 
     </span>
    </p>

    <p class='ocr_par' dir='ltr' id='par_1_10' title="bbox 2360 1210 4051 1711">
     <span class='ocr_line' id='line_1_56' title="bbox 2450 1210 4050 1295; baseline 0.006 -22"><span class='ocrx_word' id='word_1_426' title='bbox 2450 1247 2537 1261; x_wconf 93' lang='lat'>—</span> <span class='ocrx_word' id='word_1_427' title='bbox 2558 1231 2618 1295; x_wconf 92' lang='lat'><strong>9.</strong></span> <span class='ocrx_word' id='word_1_428' title='bbox 2664 1211 2699 1276; x_wconf 82' lang='grc' dir='ltr'>δ</span> <span class='ocrx_word' id='word_1_429' title='bbox 2736 1212 2806 1291; x_wconf 78' lang='grc' dir='ltr'><strong>δὴ</strong></span> <span class='ocrx_word' id='word_1_430' title='bbox 2849 1210 3094 1294; x_wconf 79' lang='grc' dir='ltr'>γένεσιν</span> <span class='ocrx_word' id='word_1_431' title='bbox 3122 1211 3199 1276; x_wconf 76' lang='grc' dir='ltr'>ἂν</span> <span class='ocrx_word' id='word_1_432' title='bbox 3223 1210 3510 1293; x_wconf 74' lang='grc' dir='ltr'>προσήκοι</span> <span class='ocrx_word' id='word_1_433' title='bbox 3552 1214 3878 1294; x_wconf 72' lang='grc' dir='ltr'>ὀνομάζειν,</span> <span class='ocrx_word' id='word_1_434' title='bbox 3911 1214 4050 1282; x_wconf 77' lang='grc' dir='ltr'><strong>ἀλλ’</strong></span> 
     </span>
     <span class='ocr_line' id='line_1_57' title="bbox 2365 1313 4048 1406; baseline 0.004 -30"><span class='ocrx_word' id='word_1_435' title='bbox 2365 1313 2470 1377; x_wconf 81' lang='grc' dir='ltr'><strong>οὐκ</strong></span> <span class='ocrx_word' id='word_1_436' title='bbox 2498 1313 2736 1399; x_wconf 82' lang='grc' dir='ltr'>οὐσίαν]</span> <span class='ocrx_word' id='word_1_437' title='bbox 2790 1314 2893 1380; x_wconf 87' lang='lat' dir='ltr'><strong>Cf.</strong></span> <span class='ocrx_word' id='word_1_438' title='bbox 2926 1336 3119 1401; x_wconf 83' lang='lat' dir='ltr'><strong>supra</strong></span> <span class='ocrx_word' id='word_1_439' title='bbox 3146 1314 3268 1378; x_wconf 81' lang='lat' dir='ltr'><strong>vl.</strong></span> <span class='ocrx_word' id='word_1_440' title='bbox 3301 1333 3366 1399; x_wconf 86' lang='lat'><strong>3.</strong></span> <span class='ocrx_word' id='word_1_441' title='bbox 3399 1332 3458 1380; x_wconf 90' lang='lat'><strong>2.</strong></span> <span class='ocrx_word' id='word_1_442' title='bbox 3503 1336 3565 1402; x_wconf 92' lang='lat' dir='ltr'><strong>p.</strong></span> <span class='ocrx_word' id='word_1_443' title='bbox 3592 1318 3738 1399; x_wconf 77' lang='lat'><strong>617.</strong></span> <span class='ocrx_word' id='word_1_444' title='bbox 3774 1319 3851 1386; x_wconf 91' lang='lat' dir='ltr'><strong>B.</strong></span> <span class='ocrx_word' id='word_1_445' title='bbox 3898 1318 4048 1406; x_wconf 90' lang='lat' dir='ltr'><strong>ibiq.</strong></span> 
     </span>
     <span class='ocr_line' id='line_1_58' title="bbox 2361 1415 4051 1508; baseline 0.004 -29"><span class='ocrx_word' id='word_1_446' title='bbox 2361 1430 2575 1482; x_wconf 86' lang='lat' dir='ltr'><strong>annot.</strong></span> <span class='ocrx_word' id='word_1_447' title='bbox 2621 1416 2835 1482; x_wconf 85' lang='lat' dir='ltr'><strong>Nostri</strong></span> <span class='ocrx_word' id='word_1_448' title='bbox 2865 1428 3074 1481; x_wconf 87' lang='lat' dir='ltr'><strong>autem</strong></span> <span class='ocrx_word' id='word_1_449' title='bbox 3106 1415 3221 1482; x_wconf 84' lang='lat' dir='ltr'><strong>loci</strong></span> <span class='ocrx_word' id='word_1_450' title='bbox 3252 1415 3421 1483; x_wconf 92' lang='lat' dir='ltr'><strong>color</strong></span> <span class='ocrx_word' id='word_1_451' title='bbox 3449 1416 3678 1483; x_wconf 80' lang='lat' dir='ltr'><strong>ductus</strong></span> <span class='ocrx_word' id='word_1_452' title='bbox 3703 1433 3797 1484; x_wconf 89' lang='lat' dir='ltr'><strong>est</strong></span> <span class='ocrx_word' id='word_1_453' title='bbox 3823 1421 4051 1508; x_wconf 83' lang='lat' dir='ltr'><strong>partim</strong></span> 
     </span>
     <span class='ocr_line' id='line_1_59' title="bbox 2361 1519 4047 1610; baseline 0.004 -26"><span class='ocrx_word' id='word_1_454' title='bbox 2361 1542 2441 1586; x_wconf 86' lang='lat' dir='ltr'><strong>ex</strong></span> <span class='ocrx_word' id='word_1_455' title='bbox 2469 1519 2746 1586; x_wconf 82' lang='lat' dir='ltr'><strong>oratione</strong></span> <span class='ocrx_word' id='word_1_456' title='bbox 2776 1519 3072 1587; x_wconf 85' lang='lat' dir='ltr'><strong>Diotimae</strong></span> <span class='ocrx_word' id='word_1_457' title='bbox 3100 1519 3165 1584; x_wconf 90' lang='lat' dir='ltr'><strong>in</strong></span> <span class='ocrx_word' id='word_1_458' title='bbox 3190 1519 3464 1586; x_wconf 84' lang='lat' dir='ltr'><strong>Platonis</strong></span> <span class='ocrx_word' id='word_1_459' title='bbox 3493 1522 3781 1608; x_wconf 70' lang='lat' dir='ltr'><strong>Sympoe.</strong></span> <span class='ocrx_word' id='word_1_460' title='bbox 3812 1544 3874 1610; x_wconf 91' lang='lat' dir='ltr'><strong>p.</strong></span> <span class='ocrx_word' id='word_1_461' title='bbox 3902 1541 3972 1588; x_wconf 84' lang='lat'><strong>21</strong></span> <span class='ocrx_word' id='word_1_462' title='bbox 3992 1544 4047 1590; x_wconf 88' lang='lat'><strong>1.</strong></span> 
     </span>
     <span class='ocr_line' id='line_1_60' title="bbox 2360 1622 3878 1711; baseline 0.002 -25"><span class='ocrx_word' id='word_1_463' title='bbox 2360 1643 2425 1709; x_wconf 88' lang='lat' dir='ltr'><strong>p.</strong></span> <span class='ocrx_word' id='word_1_464' title='bbox 2455 1640 2597 1703; x_wconf 90' lang='lat'><strong>244.</strong></span> <span class='ocrx_word' id='word_1_465' title='bbox 2620 1622 2823 1689; x_wconf 89' lang='lat' dir='ltr'><strong>Bekk.</strong></span> <span class='ocrx_word' id='word_1_466' title='bbox 2849 1622 2933 1688; x_wconf 78' lang='lat' dir='ltr'><strong>cf.</strong></span> <span class='ocrx_word' id='word_1_467' title='bbox 2989 1624 3294 1688; x_wconf 89' lang='lat' dir='ltr'><strong>Nostrum</strong></span> <span class='ocrx_word' id='word_1_468' title='bbox 3323 1645 3515 1711; x_wconf 83' lang='lat' dir='ltr'><strong>supra</strong></span> <span class='ocrx_word' id='word_1_469' title='bbox 3541 1647 3606 1711; x_wconf 90' lang='lat' dir='ltr'><strong>p.</strong></span> <span class='ocrx_word' id='word_1_470' title='bbox 3623 1641 3778 1709; x_wconf 82' lang='lat'><strong>545.</strong></span> <span class='ocrx_word' id='word_1_471' title='bbox 3804 1625 3878 1689; x_wconf 88' lang='lat' dir='ltr'><strong>A.</strong></span> 
     </span>
    </p>

    <p class='ocr_par' dir='ltr' id='par_1_11' title="bbox 2357 1723 4050 2223">
     <span class='ocr_line' id='line_1_61' title="bbox 2444 1723 4050 1813; baseline 0.003 -25"><span class='ocrx_word' id='word_1_472' title='bbox 2444 1723 2533 1790; x_wconf 90' lang='lat' dir='ltr'><strong>ib.</strong></span> <span class='ocrx_word' id='word_1_473' title='bbox 2581 1723 2648 1789; x_wconf 85' lang='grc' dir='ltr'><strong>τὸ</strong></span> <span class='ocrx_word' id='word_1_474' title='bbox 2688 1727 2752 1790; x_wconf 78' lang='grc' dir='ltr'><strong>δὲ</strong></span> <span class='ocrx_word' id='word_1_475' title='bbox 2796 1723 2868 1789; x_wconf 78' lang='grc' dir='ltr'>ὃν</span> <span class='ocrx_word' id='word_1_476' title='bbox 2907 1725 3000 1789; x_wconf 79' lang='grc' dir='ltr'><strong>ἀεὶ</strong></span> <span class='ocrx_word' id='word_1_477' title='bbox 3044 1724 3486 1813; x_wconf 82' lang='grc' dir='ltr'>διειλημμένον]</span> <span class='ocrx_word' id='word_1_478' title='bbox 3536 1733 3581 1765; x_wconf 83' lang='grc'><strong>“</strong></span> <span class='ocrx_word' id='word_1_479' title='bbox 3605 1725 3793 1791; x_wconf 86' lang='lat' dir='ltr'><strong>Thus</strong></span> <span class='ocrx_word' id='word_1_480' title='bbox 3834 1726 3899 1793; x_wconf 92' lang='lat' dir='ltr'><strong>in</strong></span> <span class='ocrx_word' id='word_1_481' title='bbox 3943 1727 4050 1793; x_wconf 89' lang='lat' dir='ltr'><strong>the</strong></span> 
     </span>
     <span class='ocr_line' id='line_1_62' title="bbox 2357 1824 4043 1913; baseline 0.004 -24"><span class='ocrx_word' id='word_1_482' title='bbox 2357 1824 2640 1913; x_wconf 82' lang='lat' dir='ltr'><strong>original.</strong></span> <span class='ocrx_word' id='word_1_483' title='bbox 2731 1828 2861 1891; x_wconf 88' lang='lat' dir='ltr'><strong>But</strong></span> <span class='ocrx_word' id='word_1_484' title='bbox 2890 1825 3308 1913; x_wconf 85' lang='lat' dir='ltr'><strong>immediately</strong></span> <span class='ocrx_word' id='word_1_485' title='bbox 3337 1827 3498 1892; x_wconf 85' lang='lat' dir='ltr'><strong>after</strong></span> <span class='ocrx_word' id='word_1_486' title='bbox 3526 1828 3620 1892; x_wconf 77' lang='grc' dir='ltr'><strong>ἀεὶ</strong></span> <span class='ocrx_word' id='word_1_487' title='bbox 3657 1827 3708 1892; x_wconf 91' lang='lat' dir='ltr'><strong>it</strong></span> <span class='ocrx_word' id='word_1_488' title='bbox 3746 1828 3799 1893; x_wconf 85' lang='lat' dir='ltr'><strong>is</strong></span> <span class='ocrx_word' id='word_1_489' title='bbox 3837 1851 4043 1896; x_wconf 86' lang='lat' dir='ltr'><strong>neces-</strong></span> 
     </span>
     <span class='ocr_line' id='line_1_63' title="bbox 2358 1929 4044 2019; baseline 0.003 -27"><span class='ocrx_word' id='word_1_490' title='bbox 2358 1951 2498 2019; x_wconf 84' lang='lat' dir='ltr'><strong>sary</strong></span> <span class='ocrx_word' id='word_1_491' title='bbox 2529 1944 2594 1995; x_wconf 93' lang='lat' dir='ltr'><strong>to</strong></span> <span class='ocrx_word' id='word_1_492' title='bbox 2621 1930 2826 1995; x_wconf 81' lang='lat' dir='ltr'><strong>insert·</strong></span> <span class='ocrx_word' id='word_1_493' title='bbox 2843 1932 2931 2005; x_wconf 82' lang='grc' dir='ltr'><strong>οὐ,</strong></span> <span class='ocrx_word' id='word_1_494' title='bbox 2964 1929 3393 2017; x_wconf 82' lang='lat' dir='ltr'><strong>conformably</strong></span> <span class='ocrx_word' id='word_1_495' title='bbox 3422 1945 3489 1996; x_wconf 89' lang='lat' dir='ltr'><strong>to</strong></span> <span class='ocrx_word' id='word_1_496' title='bbox 3517 1930 3624 1997; x_wconf 91' lang='lat' dir='ltr'><strong>the</strong></span> <span class='ocrx_word' id='word_1_497' title='bbox 3665 1932 3865 1997; x_wconf 85' lang='lat' dir='ltr'><strong>above</strong></span> <span class='ocrx_word' id='word_1_498' title='bbox 3906 1956 4044 1998; x_wconf 89' lang='lat' dir='ltr'><strong>ver-</strong></span> 
     </span>
     <span class='ocr_line' id='line_1_64' title="bbox 2358 2031 4046 2122; baseline 0.004 -26"><span class='ocrx_word' id='word_1_499' title='bbox 2358 2031 2508 2097; x_wconf 87' lang='lat' dir='ltr'><strong>sion.</strong></span> <span class='ocrx_word' id='word_1_500' title='bbox 2600 2033 2857 2098; x_wconf 77' lang='lat' dir='ltr'><strong>Ficinus</strong></span> <span class='ocrx_word' id='word_1_501' title='bbox 2891 2032 3021 2097; x_wconf 86' lang='lat' dir='ltr'><strong>also</strong></span> <span class='ocrx_word' id='word_1_502' title='bbox 3047 2032 3161 2098; x_wconf 85' lang='lat' dir='ltr'><strong>has</strong></span> <span class='ocrx_word' id='word_1_503' title='bbox 3197 2031 3471 2121; x_wconf 84' lang='lat' dir='ltr'><strong>rightly:</strong></span> <span class='ocrx_word' id='word_1_504' title='bbox 3517 2036 3729 2122; x_wconf 72' lang='lat' dir='ltr'><strong>ipsum</strong></span> <span class='ocrx_word' id='word_1_505' title='bbox 3760 2057 3909 2101; x_wconf 77' lang='lat' dir='ltr'><strong>vero</strong></span> <span class='ocrx_word' id='word_1_506' title='bbox 3934 2058 4046 2102; x_wconf 75' lang='lat' dir='ltr'><strong>em</strong></span> 
     </span>
     <span class='ocr_line' id='line_1_65' title="bbox 2357 2134 3468 2223; baseline -0.001 -24"><span class='ocrx_word' id='word_1_507' title='bbox 2357 2156 2600 2222; x_wconf 74' lang='lat' dir='ltr'><strong>semper</strong></span> <span class='ocrx_word' id='word_1_508' title='bbox 2626 2145 2717 2199; x_wconf 73' lang='lat' dir='ltr'><strong>est</strong></span> <span class='ocrx_word' id='word_1_509' title='bbox 2748 2136 3164 2199; x_wconf 50' lang='lat' dir='ltr'><strong>mmmmm?</strong></span> <span class='ocrx_word' id='word_1_510' title='bbox 3207 2134 3468 2223; x_wconf 88' lang='lat' dir='ltr'><strong>Taylor.</strong></span> 
     </span>
    </p>

    <p class='ocr_par' dir='ltr' id='par_1_12' title="bbox 2351 2235 4042 2840">
     <span class='ocr_line' id='line_1_66' title="bbox 2440 2235 4038 2319; baseline 0.003 -15"><span class='ocrx_word' id='word_1_511' title='bbox 2440 2275 2529 2288; x_wconf 89' lang='lat'>—</span> <span class='ocrx_word' id='word_1_512' title='bbox 2554 2259 2656 2319; x_wconf 84' lang='lat'><strong>14.</strong></span> <span class='ocrx_word' id='word_1_513' title='bbox 2687 2236 2921 2304; x_wconf 76' lang='grc' dir='ltr'>εἰκότως</span> <span class='ocrx_word' id='word_1_514' title='bbox 2954 2237 3024 2302; x_wconf 88' lang='grc' dir='ltr'>δι’</span> <span class='ocrx_word' id='word_1_515' title='bbox 3057 2235 3316 2313; x_wconf 84' lang='grc' dir='ltr'>εἰκότων,</span> <span class='ocrx_word' id='word_1_516' title='bbox 3350 2235 3577 2306; x_wconf 85' lang='grc' dir='ltr'>εἰκότας</span> <span class='ocrx_word' id='word_1_517' title='bbox 3606 2240 3703 2303; x_wconf 80' lang='grc' dir='ltr'>καὶ</span> <span class='ocrx_word' id='word_1_518' title='bbox 3730 2239 3863 2308; x_wconf 81' lang='grc' dir='ltr'>τοὺς</span> <span class='ocrx_word' id='word_1_519' title='bbox 3892 2247 4038 2308; x_wconf 74' lang='grc' dir='ltr'>συλ-</span> 
     </span>
     <span class='ocr_line' id='line_1_67' title="bbox 2355 2337 4041 2425; baseline 0.001 -21"><span class='ocrx_word' id='word_1_520' title='bbox 2355 2341 2679 2423; x_wconf 84' lang='grc' dir='ltr'>λογισμοὺς</span> <span class='ocrx_word' id='word_1_521' title='bbox 2704 2337 3105 2425; x_wconf 88' lang='grc' dir='ltr'>ποιούμενος.]</span> <span class='ocrx_word' id='word_1_522' title='bbox 3142 2340 3183 2404; x_wconf 93' lang='lat' dir='ltr'><strong>i.</strong></span> <span class='ocrx_word' id='word_1_523' title='bbox 3211 2362 3269 2404; x_wconf 91' lang='lat' dir='ltr'><strong>e.</strong></span> <span class='ocrx_word' id='word_1_524' title='bbox 3298 2338 3378 2404; x_wconf 85' lang='lat' dir='ltr'><strong>ad</strong></span> <span class='ocrx_word' id='word_1_525' title='bbox 3409 2339 3730 2405; x_wconf 85' lang='lat' dir='ltr'><strong>rhetorum</strong></span> <span class='ocrx_word' id='word_1_526' title='bbox 3763 2341 4041 2420; x_wconf 81' lang='lat' dir='ltr'><strong>modum,</strong></span> 
     </span>
     <span class='ocr_line' id='line_1_68' title="bbox 2354 2441 4042 2530; baseline 0.001 -22"><span class='ocrx_word' id='word_1_527' title='bbox 2354 2466 2623 2530; x_wconf 91' lang='lat' dir='ltr'><strong>quorum</strong></span> <span class='ocrx_word' id='word_1_528' title='bbox 2655 2456 2801 2510; x_wconf 88' lang='lat' dir='ltr'><strong>sunt</strong></span> <span class='ocrx_word' id='word_1_529' title='bbox 2830 2446 2905 2507; x_wconf 74' lang='grc' dir='ltr'><strong>τὸ</strong></span> <span class='ocrx_word' id='word_1_530' title='bbox 2934 2441 3132 2507; x_wconf 82' lang='grc' dir='ltr'>εἰκότα</span> <span class='ocrx_word' id='word_1_531' title='bbox 3160 2442 3288 2508; x_wconf 86' lang='lat' dir='ltr'><strong>sive</strong></span> <span class='ocrx_word' id='word_1_532' title='bbox 3318 2441 3690 2523; x_wconf 88' lang='lat' dir='ltr'><strong>verisimilia,</strong></span> <span class='ocrx_word' id='word_1_533' title='bbox 3722 2467 3844 2510; x_wconf 91' lang='lat' dir='ltr'><strong>non</strong></span> <span class='ocrx_word' id='word_1_534' title='bbox 3873 2460 4042 2509; x_wconf 84' lang='lat' dir='ltr'><strong>certa</strong></span> 
     </span>
     <span class='ocr_line' id='line_1_69' title="bbox 2352 2544 4036 2614; baseline 0.001 -3"><span class='ocrx_word' id='word_1_535' title='bbox 2352 2568 2425 2611; x_wconf 84' lang='lat' dir='ltr'><strong>ac</strong></span> <span class='ocrx_word' id='word_1_536' title='bbox 2473 2544 2811 2610; x_wconf 85' lang='lat' dir='ltr'><strong>necessaria</strong></span> <span class='ocrx_word' id='word_1_537' title='bbox 2852 2544 3109 2610; x_wconf 86' lang='lat' dir='ltr'><strong>ratione.</strong></span> <span class='ocrx_word' id='word_1_538' title='bbox 3199 2546 3370 2609; x_wconf 80' lang='lat' dir='ltr'><strong>Fons</strong></span> <span class='ocrx_word' id='word_1_539' title='bbox 3409 2545 3474 2609; x_wconf 92' lang='lat' dir='ltr'><strong>in</strong></span> <span class='ocrx_word' id='word_1_540' title='bbox 3522 2544 3800 2611; x_wconf 90' lang='lat' dir='ltr'><strong>Platone.</strong></span> <span class='ocrx_word' id='word_1_541' title='bbox 3893 2548 4036 2614; x_wconf 91' lang='lat' dir='ltr'><strong>Vid.</strong></span> 
     </span>
     <span class='ocr_line' id='line_1_70' title="bbox 2352 2647 4038 2739; baseline 0.003 -27"><span class='ocrx_word' id='word_1_542' title='bbox 2352 2647 2656 2713; x_wconf 83' lang='lat' dir='ltr'><strong>Phaedon.</strong></span> <span class='ocrx_word' id='word_1_543' title='bbox 2708 2672 2772 2736; x_wconf 90' lang='lat' dir='ltr'><strong>p.</strong></span> <span class='ocrx_word' id='word_1_544' title='bbox 2807 2667 2908 2732; x_wconf 90' lang='lat'><strong>92.</strong></span> <span class='ocrx_word' id='word_1_545' title='bbox 2961 2672 3029 2736; x_wconf 93' lang='lat' dir='ltr'><strong>p.</strong></span> <span class='ocrx_word' id='word_1_546' title='bbox 3063 2667 3167 2733; x_wconf 85' lang='lat'><strong>75.</strong></span> <span class='ocrx_word' id='word_1_547' title='bbox 3200 2648 3470 2714; x_wconf 84' lang='lat' dir='ltr'><strong>Bekkeri</strong></span> <span class='ocrx_word' id='word_1_548' title='bbox 3511 2664 3576 2715; x_wconf 90' lang='lat' dir='ltr'><strong>et</strong></span> <span class='ocrx_word' id='word_1_549' title='bbox 3616 2650 3697 2716; x_wconf 84' lang='lat' dir='ltr'><strong>cf.</strong></span> <span class='ocrx_word' id='word_1_550' title='bbox 3736 2652 4038 2739; x_wconf 83' lang='lat' dir='ltr'><strong>Wytten-</strong></span> 
     </span>
     <span class='ocr_line' id='line_1_71' title="bbox 2351 2750 3452 2840; baseline 0.002 -25"><span class='ocrx_word' id='word_1_551' title='bbox 2351 2750 2531 2815; x_wconf 85' lang='lat' dir='ltr'><strong>bach.</strong></span> <span class='ocrx_word' id='word_1_552' title='bbox 2562 2750 2643 2816; x_wconf 92' lang='lat' dir='ltr'><strong>ad</strong></span> <span class='ocrx_word' id='word_1_553' title='bbox 2673 2773 2816 2815; x_wconf 90' lang='lat' dir='ltr'><strong>eum</strong></span> <span class='ocrx_word' id='word_1_554' title='bbox 2849 2750 3054 2816; x_wconf 89' lang='lat' dir='ltr'><strong>locum</strong></span> <span class='ocrx_word' id='word_1_555' title='bbox 3086 2775 3148 2839; x_wconf 94' lang='lat' dir='ltr'><strong>p.</strong></span> <span class='ocrx_word' id='word_1_556' title='bbox 3176 2771 3321 2839; x_wconf 83' lang='lat'><strong>243.</strong></span> <span class='ocrx_word' id='word_1_557' title='bbox 3356 2775 3452 2840; x_wconf 88' lang='lat' dir='ltr'><strong>sq.</strong></span> 
     </span>
    </p>

    <p class='ocr_par' dir='ltr' id='par_1_13' title="bbox 2343 2855 4043 4690">
     <span class='ocr_line' id='line_1_72' title="bbox 2422 2855 4041 2942; baseline 0.005 -27"><span class='ocrx_word' id='word_1_558' title='bbox 2422 2875 2483 2941; x_wconf 90' lang='lat' dir='ltr'><strong>p.</strong></span> <span class='ocrx_word' id='word_1_559' title='bbox 2514 2869 2780 2939; x_wconf 83' lang='lat'><strong>1212,5.</strong></span> <span class='ocrx_word' id='word_1_560' title='bbox 2814 2856 2903 2921; x_wconf 79' lang='grc' dir='ltr'><strong>οἷς</strong></span> <span class='ocrx_word' id='word_1_561' title='bbox 2932 2855 3123 2919; x_wconf 78' lang='grc' dir='ltr'>δὲκαὶ</span> <span class='ocrx_word' id='word_1_562' title='bbox 3152 2856 3348 2920; x_wconf 86' lang='grc' dir='ltr'>πάντα</span> <span class='ocrx_word' id='word_1_563' title='bbox 3376 2858 3445 2921; x_wconf 78' lang='grc' dir='ltr'>ἑν</span> <span class='ocrx_word' id='word_1_564' title='bbox 3472 2860 3552 2942; x_wconf 73' lang='grc' dir='ltr'><strong>τῷ</strong></span> <span class='ocrx_word' id='word_1_565' title='bbox 3578 2858 3640 2920; x_wconf 82' lang='grc' dir='ltr'><strong>τί</strong></span> <span class='ocrx_word' id='word_1_566' title='bbox 3666 2858 3833 2922; x_wconf 77' lang='grc' dir='ltr'>ἐστιν</span> <span class='ocrx_word' id='word_1_567' title='bbox 3858 2858 4041 2942; x_wconf 79' lang='grc' dir='ltr'>ὑπάρ-</span> 
     </span>
     <span class='ocr_line' id='line_1_73' title="bbox 2349 2956 4043 3042; baseline 0.003 -21"><span class='ocrx_word' id='word_1_568' title='bbox 2349 2958 2474 3042; x_wconf 83' lang='grc' dir='ltr'>χει]</span> <span class='ocrx_word' id='word_1_569' title='bbox 2522 2957 2726 3022; x_wconf 87' lang='lat' dir='ltr'><strong>Totus</strong></span> <span class='ocrx_word' id='word_1_570' title='bbox 2752 2956 2853 3022; x_wconf 92' lang='lat' dir='ltr'><strong>hic</strong></span> <span class='ocrx_word' id='word_1_571' title='bbox 2881 2957 3053 3022; x_wconf 90' lang='lat' dir='ltr'><strong>locus</strong></span> <span class='ocrx_word' id='word_1_572' title='bbox 3084 2957 3389 3023; x_wconf 90' lang='lat' dir='ltr'><strong>Platonici</strong></span> <span class='ocrx_word' id='word_1_573' title='bbox 3417 2957 3537 3024; x_wconf 92' lang='lat' dir='ltr'><strong>loci</strong></span> <span class='ocrx_word' id='word_1_574' title='bbox 3566 2958 3628 3023; x_wconf 91' lang='lat' dir='ltr'><strong>in</strong></span> <span class='ocrx_word' id='word_1_575' title='bbox 3661 2958 3937 3026; x_wconf 80' lang='lat' dir='ltr'><strong>Phaedro</strong></span> <span class='ocrx_word' id='word_1_576' title='bbox 3964 2962 4043 3026; x_wconf 89' lang='lat' dir='ltr'><strong>si-</strong></span> 
     </span>
     <span class='ocr_line' id='line_1_74' title="bbox 2351 3058 4041 3149; baseline 0.004 -26"><span class='ocrx_word' id='word_1_577' title='bbox 2351 3058 2512 3123; x_wconf 86' lang='lat' dir='ltr'><strong>milis</strong></span> <span class='ocrx_word' id='word_1_578' title='bbox 2547 3075 2642 3124; x_wconf 87' lang='lat' dir='ltr'><strong>est</strong></span> <span class='ocrx_word' id='word_1_579' title='bbox 2685 3083 2751 3149; x_wconf 90' lang='lat' dir='ltr'><strong>p.</strong></span> <span class='ocrx_word' id='word_1_580' title='bbox 2785 3077 2932 3146; x_wconf 81' lang='lat'><strong>237.</strong></span> <span class='ocrx_word' id='word_1_581' title='bbox 2953 3084 3009 3125; x_wconf 93' lang='lat' dir='ltr'><strong>c.</strong></span> <span class='ocrx_word' id='word_1_582' title='bbox 3039 3084 3106 3148; x_wconf 89' lang='lat' dir='ltr'><strong>p.</strong></span> <span class='ocrx_word' id='word_1_583' title='bbox 3138 3079 3241 3126; x_wconf 88' lang='grc'><strong>22.</strong></span> <span class='ocrx_word' id='word_1_584' title='bbox 3274 3060 3512 3126; x_wconf 85' lang='lat' dir='ltr'><strong>Bekk.:</strong></span> <span class='ocrx_word' id='word_1_585' title='bbox 3559 3063 3695 3145; x_wconf 79' lang='grc' dir='ltr'>περὶ</span> <span class='ocrx_word' id='word_1_586' title='bbox 3726 3063 3961 3139; x_wconf 84' lang='grc' dir='ltr'>παντὸς,</span> <span class='ocrx_word' id='word_1_587' title='bbox 3992 3063 4041 3130; x_wconf 79' lang='grc' dir='ltr'>ὦ</span> 
     </span>
     <span class='ocr_line' id='line_1_75' title="bbox 2349 3163 4042 3247; baseline 0.004 -22"><span class='ocrx_word' id='word_1_588' title='bbox 2349 3168 2474 3237; x_wconf 80' lang='grc' dir='ltr'>παῖ,</span> <span class='ocrx_word' id='word_1_589' title='bbox 2505 3165 2614 3242; x_wconf 77' lang='grc' dir='ltr'>μία</span> <span class='ocrx_word' id='word_1_590' title='bbox 2641 3163 2793 3247; x_wconf 79' lang='grc' dir='ltr'>ἀρχὴ</span> <span class='ocrx_word' id='word_1_591' title='bbox 2822 3169 2943 3232; x_wconf 84' lang='grc' dir='ltr'>τοῖς</span> <span class='ocrx_word' id='word_1_592' title='bbox 2968 3164 3262 3243; x_wconf 81' lang='grc' dir='ltr'>μέλλουσι</span> <span class='ocrx_word' id='word_1_593' title='bbox 3293 3171 3486 3233; x_wconf 73' lang='grc' dir='ltr'>καλῶς</span> <span class='ocrx_word' id='word_1_594' title='bbox 3509 3164 3930 3246; x_wconf 78' lang='grc' dir='ltr'>βουλεύεσθαι·</span> <span class='ocrx_word' id='word_1_595' title='bbox 3963 3171 4042 3232; x_wconf 78' lang='grc' dir='ltr'><strong>εἰ-</strong></span> 
     </span>
     <span class='ocr_line' id='line_1_76' title="bbox 2351 3263 4040 3352; baseline 0.004 -22"><span class='ocrx_word' id='word_1_596' title='bbox 2351 3263 2515 3330; x_wconf 83' lang='grc' dir='ltr'>δέναι</span> <span class='ocrx_word' id='word_1_597' title='bbox 2542 3270 2638 3331; x_wconf 81' lang='grc' dir='ltr'><strong>δεῖ</strong></span> <span class='ocrx_word' id='word_1_598' title='bbox 2657 3268 2791 3349; x_wconf 83' lang='grc' dir='ltr'>περὶ</span> <span class='ocrx_word' id='word_1_599' title='bbox 2818 3267 2888 3332; x_wconf 74' lang='grc' dir='ltr'><strong>οὗ</strong></span> <span class='ocrx_word' id='word_1_600' title='bbox 2912 3266 2988 3332; x_wconf 80' lang='grc' dir='ltr'>ἂν</span> <span class='ocrx_word' id='word_1_601' title='bbox 3007 3266 3047 3348; x_wconf 85' lang='grc' dir='ltr'><strong><em>ἦ</em></strong></span> <span class='ocrx_word' id='word_1_602' title='bbox 3073 3267 3345 3347; x_wconf 77' lang='grc' dir='ltr'>ἡβουλὴ,</span> <span class='ocrx_word' id='word_1_603' title='bbox 3370 3265 3407 3348; x_wconf 82' lang='grc' dir='ltr'>ἢ</span> <span class='ocrx_word' id='word_1_604' title='bbox 3436 3266 3655 3336; x_wconf 80' lang='grc' dir='ltr'>παντὸς</span> <span class='ocrx_word' id='word_1_605' title='bbox 3681 3269 4040 3352; x_wconf 80' lang='grc' dir='ltr'>ἁμαρτάνειν</span> 
     </span>
     <span class='ocr_line' id='line_1_77' title="bbox 2350 3367 4038 3454; baseline 0.004 -22"><span class='ocrx_word' id='word_1_606' title='bbox 2350 3367 2594 3451; x_wconf 76' lang='grc' dir='ltr'>ἀνάγκη.</span> <span class='ocrx_word' id='word_1_607' title='bbox 2630 3370 2763 3437; x_wconf 77' lang='grc' dir='ltr'>τοὺς</span> <span class='ocrx_word' id='word_1_608' title='bbox 2789 3372 2855 3434; x_wconf 73' lang='grc' dir='ltr'><strong>δὲ</strong></span> <span class='ocrx_word' id='word_1_609' title='bbox 2883 3370 3145 3437; x_wconf 78' lang='grc' dir='ltr'>πολλοὺς</span> <span class='ocrx_word' id='word_1_610' title='bbox 3171 3370 3449 3450; x_wconf 81' lang='grc' dir='ltr'>λέληθεν,</span> <span class='ocrx_word' id='word_1_611' title='bbox 3481 3373 3572 3435; x_wconf 81' lang='grc' dir='ltr'>ὅτι</span> <span class='ocrx_word' id='word_1_612' title='bbox 3601 3371 3707 3435; x_wconf 77' lang='grc' dir='ltr'><strong>οὐκ</strong></span> <span class='ocrx_word' id='word_1_613' title='bbox 3731 3374 3901 3438; x_wconf 78' lang='grc' dir='ltr'>ἴσασι</span> <span class='ocrx_word' id='word_1_614' title='bbox 3928 3374 4038 3454; x_wconf 75' lang='grc' dir='ltr'>τὴν</span> 
     </span>
     <span class='ocr_line' id='line_1_78' title="bbox 2346 3471 4031 3562; baseline 0.002 -27"><span class='ocrx_word' id='word_1_615' title='bbox 2346 3472 2559 3536; x_wconf 78' lang='grc' dir='ltr'>οὐσίαν</span> <span class='ocrx_word' id='word_1_616' title='bbox 2591 3472 2839 3537; x_wconf 78' lang='grc' dir='ltr'>ἑκάστου</span> <span class='ocrx_word' id='word_1_617' title='bbox 2870 3500 2923 3535; x_wconf 94' lang='grc' dir='ltr'><strong>κ.</strong></span> <span class='ocrx_word' id='word_1_618' title='bbox 2948 3498 3000 3535; x_wconf 93' lang='grc' dir='ltr'><strong>τ.</strong></span> <span class='ocrx_word' id='word_1_619' title='bbox 3021 3480 3085 3536; x_wconf 80' lang='grc' dir='ltr'><strong>λ.</strong></span> <span class='ocrx_word' id='word_1_620' title='bbox 3131 3471 3232 3537; x_wconf 90' lang='lat' dir='ltr'><strong>Ad</strong></span> <span class='ocrx_word' id='word_1_621' title='bbox 3262 3495 3408 3559; x_wconf 76' lang='lat' dir='ltr'><strong>quoe</strong></span> <span class='ocrx_word' id='word_1_622' title='bbox 3438 3471 3774 3538; x_wconf 84' lang='lat' dir='ltr'><strong>Heindorf.</strong></span> <span class='ocrx_word' id='word_1_623' title='bbox 3804 3498 3867 3562; x_wconf 91' lang='lat' dir='ltr'><strong>p.</strong></span> <span class='ocrx_word' id='word_1_624' title='bbox 3888 3493 4031 3541; x_wconf 85' lang='lat'><strong>220.</strong></span> 
     </span>
     <span class='ocr_line' id='line_1_79' title="bbox 2345 3572 4031 3663; baseline 0.004 -26"><span class='ocrx_word' id='word_1_625' title='bbox 2345 3572 2600 3638; x_wconf 87' lang='lat' dir='ltr'><strong>similem</strong></span> <span class='ocrx_word' id='word_1_626' title='bbox 2661 3574 2861 3639; x_wconf 90' lang='lat' dir='ltr'><strong>locum</strong></span> <span class='ocrx_word' id='word_1_627' title='bbox 2922 3599 2957 3639; x_wconf 92' lang='lat' dir='ltr'><strong>e</strong></span> <span class='ocrx_word' id='word_1_628' title='bbox 3010 3575 3273 3662; x_wconf 79' lang='lat' dir='ltr'><strong>&#39;l&#39;heage</strong></span> <span class='ocrx_word' id='word_1_629' title='bbox 3318 3599 3386 3663; x_wconf 92' lang='lat' dir='ltr'><strong>p.</strong></span> <span class='ocrx_word' id='word_1_630' title='bbox 3424 3593 3568 3641; x_wconf 88' lang='lat'><strong>122.</strong></span> <span class='ocrx_word' id='word_1_631' title='bbox 3600 3575 3666 3640; x_wconf 93' lang='lat' dir='ltr'><strong>b.</strong></span> <span class='ocrx_word' id='word_1_632' title='bbox 3718 3577 4031 3663; x_wconf 88' lang='lat' dir='ltr'><strong>apposuit,</strong></span> 
     </span>
     <span class='ocr_line' id='line_1_80' title="bbox 2344 3674 4034 3763; baseline 0.003 -24"><span class='ocrx_word' id='word_1_633' title='bbox 2344 3674 2619 3763; x_wconf 90' lang='lat' dir='ltr'><strong>itemque</strong></span> <span class='ocrx_word' id='word_1_634' title='bbox 2651 3676 2966 3741; x_wconf 88' lang='lat' dir='ltr'><strong>Ciceronis</strong></span> <span class='ocrx_word' id='word_1_635' title='bbox 3006 3676 3330 3741; x_wconf 90' lang='lat' dir='ltr'><strong>admonuit</strong></span> <span class='ocrx_word' id='word_1_636' title='bbox 3370 3676 3452 3741; x_wconf 91' lang='lat' dir='ltr'><strong>de</strong></span> <span class='ocrx_word' id='word_1_637' title='bbox 3497 3676 3707 3743; x_wconf 88' lang='lat' dir='ltr'><strong>Finib.</strong></span> <span class='ocrx_word' id='word_1_638' title='bbox 3741 3679 3839 3743; x_wconf 92' lang='lat'><strong>11.</strong></span> <span class='ocrx_word' id='word_1_639' title='bbox 3877 3697 3938 3743; x_wconf 89' lang='lat'><strong>2.</strong></span> <span class='ocrx_word' id='word_1_640' title='bbox 3970 3701 4034 3760; x_wconf 93' lang='lat'><strong>4.</strong></span> 
     </span>
     <span class='ocr_line' id='line_1_81' title="bbox 2343 3777 4028 3860; baseline 0.004 -18"><span class='ocrx_word' id='word_1_641' title='bbox 2343 3793 2406 3842; x_wconf 94' lang='lat' dir='ltr'><strong>et</strong></span> <span class='ocrx_word' id='word_1_642' title='bbox 2435 3777 2514 3842; x_wconf 92' lang='lat' dir='ltr'><strong>de</strong></span> <span class='ocrx_word' id='word_1_643' title='bbox 2544 3777 2779 3843; x_wconf 89' lang='lat' dir='ltr'><strong>Officiis</strong></span> <span class='ocrx_word' id='word_1_644' title='bbox 2809 3780 2867 3843; x_wconf 91' lang='lat'><strong>1.</strong></span> <span class='ocrx_word' id='word_1_645' title='bbox 2896 3797 2956 3844; x_wconf 90' lang='grc'><strong>2.</strong></span> <span class='ocrx_word' id='word_1_646' title='bbox 2981 3797 3081 3856; x_wconf 85' lang='grc'><strong>12,</strong></span> <span class='ocrx_word' id='word_1_647' title='bbox 3107 3778 3214 3844; x_wconf 90' lang='lat' dir='ltr'><strong>ubi</strong></span> <span class='ocrx_word' id='word_1_648' title='bbox 3249 3778 3504 3844; x_wconf 87' lang='lat' dir='ltr'><strong>Tullius</strong></span> <span class='ocrx_word' id='word_1_649' title='bbox 3528 3788 3572 3819; x_wconf 91' lang='lat'>“</span> <span class='ocrx_word' id='word_1_650' title='bbox 3592 3781 3813 3846; x_wconf 88' lang='lat' dir='ltr'><strong>Omnis</strong></span> <span class='ocrx_word' id='word_1_651' title='bbox 3841 3781 4028 3860; x_wconf 89' lang='lat' dir='ltr'><strong>enim,</strong></span> 
     </span>
     <span class='ocr_line' id='line_1_82' title="bbox 2343 3879 4031 3970; baseline 0.002 -25"><span class='ocrx_word' id='word_1_652' title='bbox 2343 3879 2570 3967; x_wconf 91' lang='lat' dir='ltr'><strong>inquit,</strong></span> <span class='ocrx_word' id='word_1_653' title='bbox 2600 3903 2745 3969; x_wconf 85' lang='lat' dir='ltr'><strong>quae</strong></span> <span class='ocrx_word' id='word_1_654' title='bbox 2771 3881 3007 3946; x_wconf 89' lang='lat' dir='ltr'><strong>ratione</strong></span> <span class='ocrx_word' id='word_1_655' title='bbox 3034 3880 3391 3969; x_wconf 87' lang='lat' dir='ltr'><strong>suscipitur,</strong></span> <span class='ocrx_word' id='word_1_656' title='bbox 3420 3882 3501 3947; x_wconf 91' lang='lat' dir='ltr'><strong>de</strong></span> <span class='ocrx_word' id='word_1_657' title='bbox 3528 3881 3740 3970; x_wconf 87' lang='lat' dir='ltr'><strong>aliqua</strong></span> <span class='ocrx_word' id='word_1_658' title='bbox 3767 3907 3834 3948; x_wconf 89' lang='lat' dir='ltr'><strong>re</strong></span> <span class='ocrx_word' id='word_1_659' title='bbox 3861 3885 4031 3951; x_wconf 88' lang='lat' dir='ltr'><strong>insti-</strong></span> 
     </span>
     <span class='ocr_line' id='line_1_83' title="bbox 2345 3983 4027 4076; baseline 0.001 -28"><span class='ocrx_word' id='word_1_660' title='bbox 2345 3983 2505 4049; x_wconf 93' lang='lat' dir='ltr'><strong>tutio</strong></span> <span class='ocrx_word' id='word_1_661' title='bbox 2545 3985 2730 4049; x_wconf 91' lang='lat' dir='ltr'><strong>debet</strong></span> <span class='ocrx_word' id='word_1_662' title='bbox 2774 4008 2812 4049; x_wconf 93' lang='lat' dir='ltr'><strong>a</strong></span> <span class='ocrx_word' id='word_1_663' title='bbox 2855 3983 3211 4051; x_wconf 87' lang='lat' dir='ltr'><strong>definitione</strong></span> <span class='ocrx_word' id='word_1_664' title='bbox 3257 3985 3580 4073; x_wconf 85' lang='lat' dir='ltr'><strong>proficisci,</strong></span> <span class='ocrx_word' id='word_1_665' title='bbox 3614 4001 3685 4051; x_wconf 90' lang='lat' dir='ltr'><strong>ut</strong></span> <span class='ocrx_word' id='word_1_666' title='bbox 3723 3986 4027 4076; x_wconf 80' lang='lat' dir='ltr'><strong>intelliga-</strong></span> 
     </span>
     <span class='ocr_line' id='line_1_84' title="bbox 2346 4085 4030 4176; baseline 0.004 -26"><span class='ocrx_word' id='word_1_667' title='bbox 2346 4100 2470 4165; x_wconf 91' lang='lat' dir='ltr'><strong>tur,</strong></span> <span class='ocrx_word' id='word_1_668' title='bbox 2497 4085 2653 4173; x_wconf 91' lang='lat' dir='ltr'><strong>quid</strong></span> <span class='ocrx_word' id='word_1_669' title='bbox 2684 4087 2763 4152; x_wconf 89' lang='lat' dir='ltr'><strong>sit</strong></span> <span class='ocrx_word' id='word_1_670' title='bbox 2791 4087 2879 4162; x_wconf 88' lang='lat' dir='ltr'><strong>id,</strong></span> <span class='ocrx_word' id='word_1_671' title='bbox 2908 4087 2988 4152; x_wconf 92' lang='lat' dir='ltr'><strong>de</strong></span> <span class='ocrx_word' id='word_1_672' title='bbox 3017 4110 3147 4176; x_wconf 90' lang='lat' dir='ltr'><strong>quo</strong></span> <span class='ocrx_word' id='word_1_673' title='bbox 3176 4087 3593 4176; x_wconf 55' lang='lat' dir='ltr'><strong>disputetur?</strong></span> <span class='ocrx_word' id='word_1_674' title='bbox 3656 4091 3816 4168; x_wconf 76' lang='lat' dir='ltr'><strong>Quae</strong></span> <span class='ocrx_word' id='word_1_675' title='bbox 3844 4092 4030 4156; x_wconf 87' lang='lat' dir='ltr'><strong>etiam</strong></span> 
     </span>
     <span class='ocr_line' id='line_1_85' title="bbox 2345 4186 4030 4276; baseline 0.004 -25"><span class='ocrx_word' id='word_1_676' title='bbox 2345 4186 2870 4276; x_wconf 81' lang='lat' dir='ltr'><strong>Wyttenbachiua</strong></span> <span class='ocrx_word' id='word_1_677' title='bbox 2918 4190 3056 4254; x_wconf 91' lang='lat' dir='ltr'><strong>loco</strong></span> <span class='ocrx_word' id='word_1_678' title='bbox 3099 4190 3181 4254; x_wconf 92' lang='lat' dir='ltr'><strong>de</strong></span> <span class='ocrx_word' id='word_1_679' title='bbox 3208 4192 3593 4276; x_wconf 55' lang='lat' dir='ltr'><strong>Definitione</strong></span> <span class='ocrx_word' id='word_1_680' title='bbox 3636 4191 3926 4258; x_wconf 86' lang='lat' dir='ltr'><strong>adhibuit</strong></span> <span class='ocrx_word' id='word_1_681' title='bbox 3968 4194 4030 4258; x_wconf 89' lang='lat' dir='ltr'><strong>in</strong></span> 
     </span>
     <span class='ocr_line' id='line_1_86' title="bbox 2344 4291 4026 4383; baseline 0.004 -27"><span class='ocrx_word' id='word_1_682' title='bbox 2344 4293 2675 4379; x_wconf 84' lang='lat' dir='ltr'><strong>Proeceptt.</strong></span> <span class='ocrx_word' id='word_1_683' title='bbox 2711 4291 3070 4380; x_wconf 88' lang='lat' dir='ltr'><strong>Philosoph.</strong></span> <span class='ocrx_word' id='word_1_684' title='bbox 3107 4293 3361 4380; x_wconf 82' lang='lat' dir='ltr'><strong>Logicoe</strong></span> <span class='ocrx_word' id='word_1_685' title='bbox 3401 4294 3540 4358; x_wconf 90' lang='lat'><strong>111.</strong></span> <span class='ocrx_word' id='word_1_686' title='bbox 3580 4312 3641 4380; x_wconf 87' lang='lat'><strong>5.</strong></span> <span class='ocrx_word' id='word_1_687' title='bbox 3669 4314 3732 4380; x_wconf 87' lang='lat'><strong>3.</strong></span> <span class='ocrx_word' id='word_1_688' title='bbox 3780 4319 3844 4383; x_wconf 92' lang='lat' dir='ltr'><strong>p.</strong></span> <span class='ocrx_word' id='word_1_689' title='bbox 3886 4298 4026 4382; x_wconf 84' lang='lat'><strong>136.</strong></span> 
     </span>
     <span class='ocr_line' id='line_1_87' title="bbox 2344 4393 4031 4481; baseline 0.004 -23"><span class='ocrx_word' id='word_1_690' title='bbox 2344 4417 2433 4481; x_wconf 89' lang='lat' dir='ltr'><strong>sq.</strong></span> <span class='ocrx_word' id='word_1_691' title='bbox 2524 4394 2636 4459; x_wconf 94' lang='lat' dir='ltr'><strong>Ad</strong></span> <span class='ocrx_word' id='word_1_692' title='bbox 2678 4393 2926 4459; x_wconf 83' lang='lat' dir='ltr'><strong>illorum</strong></span> <span class='ocrx_word' id='word_1_693' title='bbox 2970 4393 3243 4461; x_wconf 85' lang='lat' dir='ltr'><strong>locorum</strong></span> <span class='ocrx_word' id='word_1_694' title='bbox 3288 4396 3753 4465; x_wconf 85' lang='lat' dir='ltr'><strong>similitudinem</strong></span> <span class='ocrx_word' id='word_1_695' title='bbox 3795 4399 4031 4464; x_wconf 81' lang='lat' dir='ltr'><strong>accedit</strong></span> 
     </span>
     <span class='ocr_line' id='line_1_88' title="bbox 2343 4496 4032 4585; baseline 0.002 -24"><span class='ocrx_word' id='word_1_696' title='bbox 2343 4498 2526 4562; x_wconf 84' lang='lat' dir='ltr'><strong>etiam</strong></span> <span class='ocrx_word' id='word_1_697' title='bbox 2575 4496 2819 4562; x_wconf 86' lang='lat' dir='ltr'><strong>initium</strong></span> <span class='ocrx_word' id='word_1_698' title='bbox 2864 4497 3156 4562; x_wconf 87' lang='lat' dir='ltr'><strong>orationis</strong></span> <span class='ocrx_word' id='word_1_699' title='bbox 3198 4498 3593 4585; x_wconf 81' lang='lat' dir='ltr'><strong>Agathoneoe</strong></span> <span class='ocrx_word' id='word_1_700' title='bbox 3641 4500 3703 4564; x_wconf 91' lang='lat' dir='ltr'><strong>in</strong></span> <span class='ocrx_word' id='word_1_701' title='bbox 3753 4500 4032 4567; x_wconf 85' lang='lat' dir='ltr'><strong>Platonis</strong></span> 
     </span>
     <span class='ocr_line' id='line_1_89' title="bbox 2346 4600 4025 4690; baseline 0.002 -25"><span class='ocrx_word' id='word_1_702' title='bbox 2346 4600 2652 4665; x_wconf 88' lang='lat' dir='ltr'><strong>Convivio</strong></span> <span class='ocrx_word' id='word_1_703' title='bbox 2679 4624 2743 4688; x_wconf 93' lang='lat' dir='ltr'><strong>p.</strong></span> <span class='ocrx_word' id='word_1_704' title='bbox 2771 4620 2909 4685; x_wconf 89' lang='lat'><strong>194.</strong></span> <span class='ocrx_word' id='word_1_705' title='bbox 2943 4615 3099 4665; x_wconf 88' lang='lat' dir='ltr'><strong>extr.</strong></span> <span class='ocrx_word' id='word_1_706' title='bbox 3131 4617 3194 4666; x_wconf 91' lang='lat' dir='ltr'><strong>et</strong></span> <span class='ocrx_word' id='word_1_707' title='bbox 3228 4622 3367 4686; x_wconf 85' lang='lat'><strong>195.</strong></span> <span class='ocrx_word' id='word_1_708' title='bbox 3399 4601 3532 4668; x_wconf 88' lang='lat' dir='ltr'><strong>init.</strong></span> <span class='ocrx_word' id='word_1_709' title='bbox 3561 4626 3626 4690; x_wconf 90' lang='lat' dir='ltr'><strong>p.</strong></span> <span class='ocrx_word' id='word_1_710' title='bbox 3648 4622 3794 4684; x_wconf 88' lang='lat'><strong>412.</strong></span> <span class='ocrx_word' id='word_1_711' title='bbox 3822 4604 4025 4669; x_wconf 86' lang='lat' dir='ltr'><strong>Bekk.</strong></span> 
     </span>
    </p>

    <p class='ocr_par' dir='ltr' id='par_1_14' title="bbox 2346 4701 4025 4894">
     <span class='ocr_line' id='line_1_90' title="bbox 2427 4701 4025 4797; baseline 0.001 -29"><span class='ocrx_word' id='word_1_712' title='bbox 2427 4727 2491 4791; x_wconf 93' lang='lat' dir='ltr'><strong>p.</strong></span> <span class='ocrx_word' id='word_1_713' title='bbox 2532 4721 2718 4789; x_wconf 83' lang='grc'><strong>1213,</strong></span> <span class='ocrx_word' id='word_1_714' title='bbox 2756 4722 2856 4790; x_wconf 89' lang='grc'><strong>15.</strong></span> <span class='ocrx_word' id='word_1_715' title='bbox 2893 4701 2931 4783; x_wconf 80' lang='grc' dir='ltr'>ἢ</span> <span class='ocrx_word' id='word_1_716' title='bbox 2965 4702 3177 4769; x_wconf 79' lang='grc' dir='ltr'>ταύτὸν</span> <span class='ocrx_word' id='word_1_717' title='bbox 3216 4706 3364 4768; x_wconf 83' lang='grc' dir='ltr'>ὅλον</span> <span class='ocrx_word' id='word_1_718' title='bbox 3411 4710 3720 4789; x_wconf 77' lang='grc' dir='ltr'>πανταχοῦ</span> <span class='ocrx_word' id='word_1_719' title='bbox 3762 4732 3816 4769; x_wconf 93' lang='grc' dir='ltr'><strong>κ.</strong></span> <span class='ocrx_word' id='word_1_720' title='bbox 3845 4733 3899 4771; x_wconf 92' lang='grc' dir='ltr'><strong>τ.</strong></span> <span class='ocrx_word' id='word_1_721' title='bbox 3932 4710 4025 4797; x_wconf 81' lang='grc' dir='ltr'><strong>λ,]</strong></span> 
     </span>
     <span class='ocr_line' id='line_1_91' title="bbox 2346 4805 3951 4894; baseline -0.004 -22"><span class='ocrx_word' id='word_1_722' title='bbox 2346 4805 2715 4872; x_wconf 82' lang='lat' dir='ltr'><strong>Cudworth.</strong></span> <span class='ocrx_word' id='word_1_723' title='bbox 2753 4808 2923 4894; x_wconf 85' lang='lat' dir='ltr'><strong>Syst.</strong></span> <span class='ocrx_word' id='word_1_724' title='bbox 2953 4805 3145 4871; x_wconf 88' lang='lat' dir='ltr'><strong>intell.</strong></span> <span class='ocrx_word' id='word_1_725' title='bbox 3177 4830 3238 4894; x_wconf 90' lang='lat' dir='ltr'><strong>p.</strong></span> <span class='ocrx_word' id='word_1_726' title='bbox 3264 4824 3447 4889; x_wconf 79' lang='lat'><strong>1024.</strong></span> <span class='ocrx_word' id='word_1_727' title='bbox 3946 4864 3951 4865; x_wconf 18' lang='lat' dir='ltr'><em>ff</em></span> 
     </span>
    </p>

    <p class='ocr_par' dir='ltr' id='par_1_15' title="bbox 2341 4907 4033 5612">
     <span class='ocr_line' id='line_1_92' title="bbox 2429 4907 4024 4994; baseline 0.003 -21"><span class='ocrx_word' id='word_1_728' title='bbox 2429 4932 2491 4994; x_wconf 90' lang='lat' dir='ltr'><strong>p.</strong></span> <span class='ocrx_word' id='word_1_729' title='bbox 2527 4927 2712 4989; x_wconf 86' lang='lat'><strong>1214,</strong></span> <span class='ocrx_word' id='word_1_730' title='bbox 2737 4928 2789 4971; x_wconf 90' lang='lat'><strong>1.</strong></span> <span class='ocrx_word' id='word_1_731' title='bbox 2813 4907 2940 4974; x_wconf 85' lang='grc' dir='ltr'><strong>Ἴδε</strong></span> <span class='ocrx_word' id='word_1_732' title='bbox 2968 4911 3052 4983; x_wconf 78' lang='grc' dir='ltr'><strong>δὲ,</strong></span> <span class='ocrx_word' id='word_1_733' title='bbox 3087 4911 3141 4973; x_wconf 88' lang='grc' dir='ltr'><strong>εἰ</strong></span> <span class='ocrx_word' id='word_1_734' title='bbox 3164 4907 3398 4989; x_wconf 83' lang='grc' dir='ltr'>βούλει,</span> <span class='ocrx_word' id='word_1_735' title='bbox 3432 4910 3529 4974; x_wconf 81' lang='grc' dir='ltr'>καὶ</span> <span class='ocrx_word' id='word_1_736' title='bbox 3555 4908 3727 4977; x_wconf 87' lang='grc' dir='ltr'>τόνδε</span> <span class='ocrx_word' id='word_1_737' title='bbox 3755 4910 3858 4977; x_wconf 83' lang='grc' dir='ltr'>τὸν</span> <span class='ocrx_word' id='word_1_738' title='bbox 3885 4913 4024 4978; x_wconf 85' lang='grc' dir='ltr'>θεὸν</span> 
     </span>
     <span class='ocr_line' id='line_1_93' title="bbox 2343 5010 4029 5097; baseline 0.002 -20"><span class='ocrx_word' id='word_1_739' title='bbox 2343 5013 2413 5077; x_wconf 81' lang='grc' dir='ltr'><strong>οὐ</strong></span> <span class='ocrx_word' id='word_1_740' title='bbox 2453 5015 2534 5092; x_wconf 80' lang='grc' dir='ltr'><strong>πῆ</strong></span> <span class='ocrx_word' id='word_1_741' title='bbox 2576 5015 2689 5092; x_wconf 76' lang='grc' dir='ltr'>μὲν</span> <span class='ocrx_word' id='word_1_742' title='bbox 2732 5011 2903 5086; x_wconf 81' lang='grc' dir='ltr'>εἶναι,</span> <span class='ocrx_word' id='word_1_743' title='bbox 2934 5015 3016 5091; x_wconf 86' lang='grc' dir='ltr'><strong>πῆ</strong></span> <span class='ocrx_word' id='word_1_744' title='bbox 3046 5010 3094 5076; x_wconf 81' lang='grc' dir='ltr'><strong>δ’</strong></span> <span class='ocrx_word' id='word_1_745' title='bbox 3126 5013 3229 5076; x_wconf 79' lang='grc' dir='ltr'><strong>οὐκ</strong></span> <span class='ocrx_word' id='word_1_746' title='bbox 3273 5011 3426 5079; x_wconf 80' lang='grc' dir='ltr'>εἶναι</span> <span class='ocrx_word' id='word_1_747' title='bbox 3468 5012 3715 5097; x_wconf 83' lang='grc' dir='ltr'>φαμέν.]</span> <span class='ocrx_word' id='word_1_748' title='bbox 3766 5021 3810 5053; x_wconf 90' lang='lat'>“</span> <span class='ocrx_word' id='word_1_749' title='bbox 3841 5015 4029 5082; x_wconf 85' lang='lat' dir='ltr'><strong>Thus</strong></span> 
     </span>
     <span class='ocr_line' id='line_1_94' title="bbox 2344 5114 4025 5203; baseline 0.003 -24"><span class='ocrx_word' id='word_1_750' title='bbox 2344 5115 2449 5179; x_wconf 88' lang='lat' dir='ltr'><strong>the</strong></span> <span class='ocrx_word' id='word_1_751' title='bbox 2476 5114 2772 5203; x_wconf 88' lang='lat' dir='ltr'><strong>original:</strong></span> <span class='ocrx_word' id='word_1_752' title='bbox 2820 5114 2939 5179; x_wconf 89' lang='lat' dir='ltr'><strong>but</strong></span> <span class='ocrx_word' id='word_1_753' title='bbox 2966 5114 3117 5180; x_wconf 91' lang='lat' dir='ltr'><strong>both</strong></span> <span class='ocrx_word' id='word_1_754' title='bbox 3150 5114 3257 5179; x_wconf 89' lang='lat' dir='ltr'><strong>the</strong></span> <span class='ocrx_word' id='word_1_755' title='bbox 3285 5138 3459 5180; x_wconf 87' lang='lat' dir='ltr'><strong>sense</strong></span> <span class='ocrx_word' id='word_1_756' title='bbox 3496 5114 3620 5179; x_wconf 92' lang='lat' dir='ltr'><strong>and</strong></span> <span class='ocrx_word' id='word_1_757' title='bbox 3651 5116 3756 5181; x_wconf 89' lang='lat' dir='ltr'><strong>the</strong></span> <span class='ocrx_word' id='word_1_758' title='bbox 3784 5118 4025 5184; x_wconf 86' lang='lat' dir='ltr'><strong>version</strong></span> 
     </span>
     <span class='ocr_line' id='line_1_95' title="bbox 2341 5216 4033 5306; baseline 0.003 -24"><span class='ocrx_word' id='word_1_759' title='bbox 2341 5217 2416 5282; x_wconf 81' lang='lat' dir='ltr'><strong>of</strong></span> <span class='ocrx_word' id='word_1_760' title='bbox 2438 5216 2695 5285; x_wconf 85' lang='lat' dir='ltr'><strong>Ficinus</strong></span> <span class='ocrx_word' id='word_1_761' title='bbox 2735 5216 2980 5304; x_wconf 89' lang='lat' dir='ltr'><strong>require</strong></span> <span class='ocrx_word' id='word_1_762' title='bbox 3008 5216 3145 5283; x_wconf 87' lang='lat' dir='ltr'><strong>that</strong></span> <span class='ocrx_word' id='word_1_763' title='bbox 3170 5217 3269 5282; x_wconf 84' lang='lat' dir='ltr'><strong>for</strong></span> <span class='ocrx_word' id='word_1_764' title='bbox 3295 5221 3378 5297; x_wconf 84' lang='grc' dir='ltr'>πῆ</span> <span class='ocrx_word' id='word_1_765' title='bbox 3416 5217 3481 5281; x_wconf 91' lang='lat' dir='ltr'><strong>in</strong></span> <span class='ocrx_word' id='word_1_766' title='bbox 3520 5217 3672 5282; x_wconf 88' lang='lat' dir='ltr'><strong>both</strong></span> <span class='ocrx_word' id='word_1_767' title='bbox 3712 5218 3917 5306; x_wconf 87' lang='lat' dir='ltr'><strong>places</strong></span> <span class='ocrx_word' id='word_1_768' title='bbox 3955 5223 4033 5286; x_wconf 84' lang='lat' dir='ltr'><strong>of</strong></span> 
     </span>
     <span class='ocr_line' id='line_1_96' title="bbox 2345 5319 4025 5412; baseline 0.005 -28"><span class='ocrx_word' id='word_1_769' title='bbox 2345 5319 2468 5385; x_wconf 87' lang='lat' dir='ltr'><strong>this</strong></span> <span class='ocrx_word' id='word_1_770' title='bbox 2492 5342 2751 5407; x_wconf 56' lang='lat' dir='ltr'><strong>pasQ</strong></span> <span class='ocrx_word' id='word_1_771' title='bbox 2778 5343 2869 5384; x_wconf 84' lang='lat' dir='ltr'><strong>we</strong></span> <span class='ocrx_word' id='word_1_772' title='bbox 2904 5319 3130 5385; x_wconf 80' lang='lat' dir='ltr'><strong>should</strong></span> <span class='ocrx_word' id='word_1_773' title='bbox 3166 5319 3315 5385; x_wconf 86' lang='lat' dir='ltr'><strong>read</strong></span> <span class='ocrx_word' id='word_1_774' title='bbox 3342 5346 3477 5397; x_wconf 78' lang='grc' dir='ltr'>που,</span> <span class='ocrx_word' id='word_1_775' title='bbox 3504 5320 3931 5412; x_wconf 80' lang='lat' dir='ltr'><strong>conformably</strong></span> <span class='ocrx_word' id='word_1_776' title='bbox 3959 5341 4025 5392; x_wconf 86' lang='lat' dir='ltr'><strong>to</strong></span> 
     </span>
     <span class='ocr_line' id='line_1_97' title="bbox 2346 5420 4024 5513; baseline 0.004 -27"><span class='ocrx_word' id='word_1_777' title='bbox 2346 5420 2453 5486; x_wconf 83' lang='lat' dir='ltr'><strong>the</strong></span> <span class='ocrx_word' id='word_1_778' title='bbox 2501 5420 2861 5487; x_wconf 80' lang='lat' dir='ltr'><strong>translation</strong></span> <span class='ocrx_word' id='word_1_779' title='bbox 2887 5446 2902 5485; x_wconf 90' lang='lat'>:</span> <span class='ocrx_word' id='word_1_780' title='bbox 2971 5424 3073 5505; x_wconf 72' lang='lat' dir='ltr'><strong>(in</strong></span> <span class='ocrx_word' id='word_1_781' title='bbox 3122 5445 3237 5491; x_wconf 81' lang='lat' dir='ltr'><strong>one</strong></span> <span class='ocrx_word' id='word_1_782' title='bbox 3277 5424 3627 5512; x_wconf 71' lang='lat' dir='ltr'><strong>ploce—in</strong></span> <span class='ocrx_word' id='word_1_783' title='bbox 3672 5427 4024 5513; x_wconf 77' lang='lat' dir='ltr'><strong>another).”</strong></span> 
     </span>
     <span class='ocr_line' id='line_1_98' title="bbox 2347 5524 4021 5612; baseline 0.006 -23"><span class='ocrx_word' id='word_1_784' title='bbox 2347 5524 2798 5612; x_wconf 81' lang='lat' dir='ltr'><strong>Taylor.—De</strong></span> <span class='ocrx_word' id='word_1_785' title='bbox 2822 5526 3139 5593; x_wconf 81' lang='lat' dir='ltr'><strong>communi</strong></span> <span class='ocrx_word' id='word_1_786' title='bbox 3166 5525 3385 5593; x_wconf 85' lang='lat' dir='ltr'><strong>notitia</strong></span> <span class='ocrx_word' id='word_1_787' title='bbox 3404 5528 3664 5597; x_wconf 86' lang='lat' dir='ltr'><strong>deorum</strong></span> <span class='ocrx_word' id='word_1_788' title='bbox 3699 5527 3849 5594; x_wconf 85' lang='lat' dir='ltr'><strong>item</strong></span> <span class='ocrx_word' id='word_1_789' title='bbox 3891 5531 4021 5599; x_wconf 85' lang='lat' dir='ltr'><strong>ani-</strong></span> 
     </span>
    </p>

    <p class='ocr_par' dir='ltr' id='par_1_16' title="bbox 2498 5621 2719 5686">
     <span class='ocr_line' id='line_1_99' title="bbox 2498 5621 2719 5686; baseline 0 -1"><span class='ocrx_word' id='word_1_790' title='bbox 2498 5621 2543 5685; x_wconf 81' lang='lat'>3</span> <span class='ocrx_word' id='word_1_791' title='bbox 2579 5636 2637 5686; x_wconf 79' lang='lat' dir='ltr'>A</span> <span class='ocrx_word' id='word_1_792' title='bbox 2673 5621 2719 5685; x_wconf 76' lang='lat'><strong>2</strong></span> 
     </span>
    </p>
   </div>
  </div>
 </body>
</html>
