5118 6613
986 513 1023 576 8
1953 510 2781 577 ANNOTATIONES
2844 511 2956 576 IN
3022 510 3470 577 PLOTINI

983 707 1096 772 per
1123 683 1419 749 virtutem
1462 683 1674 749 similis
1714 684 1788 748 fit
1822 683 2033 763 hom0‚
2064 684 2147 749 cf.
2177 699 2241 750 et
2279 708 2453 772 seqq.
2484 706 2669 772 capp.

982 800 1048 851 et
1089 788 1214 852 Ez.
1248 786 1585 874 Spanhem.
1614 809 1738 850 sur
1769 785 1858 850 les
1889 788 2110 851 Cesars
2155 787 2234 851 de
2276 786 2672 874 l'Empereur

982 889 1202 954 Julien
1240 912 1309 978 p.
1344 904 1491 975 254.
1538 889 1648 977 qui
1695 912 1807 954 nec
1840 889 2065 957 Plotini
2108 903 2204 955 est
2243 888 2497 954 oblitus.
2588 889 2670 952 In

980 993 1266 1080 proxime
1302 992 1798 1080 praecedentibus
1831 992 1990 1057 illud
2034 995 2205 1059 τόνδε
2246 992 2351 1057 τὸν
2378 994 2564 1056 τόπον
2590 1014 2670 1055 ex

983 1095 1265 1160 Platonis
1307 1095 1545 1160 ratione
1586 1110 1750 1161 recte
1796 1096 2238 1183 interpretatus
2286 1109 2379 1160 est
2428 1093 2672 1181 Taylor

983 1199 1108 1264 this
1141 1197 1550 1287 [terrestria]
1577 1200 1773 1287 place.
1863 1198 1969 1264 Cf.
1999 1201 2046 1263 J
2051 1198 2241 1263 uliani
2272 1200 2445 1264 Orat.
2478 1198 2557 1262 V.
2601 1219 2668 1283 p.

989 1316 1132 1387 175.
1164 1303 1244 1366 Β.
1268 1327 1283 1366 :
1334 1303 1595 1386 ἔσχατον
1622 1305 1738 1385 γὰρ
1766 1308 1883 1366 τῶν
1911 1304 2100 1366 ὄντων
2127 1303 2164 1381 ἡ
2192 1305 2287 1384 γῆ.
2326 1303 2578 1365 ἐνταῦθα
2606 1298 2673 1363 δέ

984 1413 1135 1487 φησι
1186 1406 1280 1468 καὶ
1326 1404 1704 1469 ἀπελαθέντα
1757 1405 1879 1489 [καὶ
1923 1403 2089 1469 delet
2132 1402 2469 1491 Wyttenb.
2514 1400 2558 1466 l.
2588 1400 2662 1488 l.]

984 1507 1244 1571 Πλάτων
1272 1510 1347 1572 τὰ
1377 1510 1525 1572 κακᾶ
1553 1507 1941 1590 στρέφεσθαι,
1974 1534 2028 1572 κ.
2053 1533 2110 1571 τ.
2133 1515 2199 1571 λ.

1067 1632 1134 1696 p.
1168 1628 1275 1696 23,
1303 1630 1357 1673 1.
1404 1611 1533 1674 οἷον
1562 1610 1858 1696 σόφρονι]
1907 1609 2189 1697 Respicit
2229 1607 2365 1672 hoec
2408 1605 2672 1672 Proclus

983 1712 1046 1775 in
1079 1710 1360 1776 Platonis
1389 1711 1706 1777 Timaeum
1744 1736 1811 1800 p.
1840 1733 1982 1777 112.
2025 1713 2114 1776 ita
2154 1710 2457 1776 scribens:
2506 1711 2569 1774 τί
2606 1711 2672 1773 δὲ

983 1815 1053 1879 οὗ
1100 1813 1225 1878 καθ’
1257 1814 1510 1896 ἑκάστην
1545 1816 1769 1898 ἡμέραν
1808 1821 2054 1880 πολλῶν
2098 1817 2264 1878 ἐστιν
2308 1814 2544 1878 ἀκούειν
2571 1819 2674 1875 λε-

983 1918 1237 1999 γόντων,
1268 1920 1301 1981 ὁ
1346 1917 1480 1986 θεὸς
1524 1920 1768 2001 ἀγαθός.
1814 1921 1976 1984 ἀλλὰ
2020 1917 2086 1981 τὸ
2131 1917 2264 1985 θεὸς
2307 1914 2495 1995 ὄνομά
2540 1916 2670 1978 ἐστι

984 2020 1161 2103 χωρὶς
1189 2021 1415 2101 ἀρετ-ῆς,
1446 2022 1523 2088 ὥς
1551 2030 1702 2105 φησι
1730 2027 2058 2089 Πλωτῖνος.
2149 2019 2255 2084 Cf.
2294 2040 2485 2106 supra
2515 2018 2572 2081 I.
2611 2036 2669 2080 1.

991 2139 1087 2187 12.
1118 2145 1184 2211 p.
1211 2141 1273 2206 7.
1303 2122 1412 2187 ubi
1442 2123 1521 2187 de
1549 2121 1849 2188 Hercule.

1054 2225 1211 2288 —6.
1243 2228 1867 2312 πολιτικὰς-ἀρετᾶς]
1907 2227 2287 2313 Anonymus
2316 2223 2470 2306 Περὶ
2494 2221 2668 2304 Ἀρε-

985 2332 1101 2390 τῶν
1127 2327 1211 2393 ad
1236 2327 1463 2393 calcem
1492 2327 1844 2393 Andronici
1878 2328 2113 2393 Rhodii
2144 2326 2514 2392 Ethicorum
2545 2325 2668 2389 Ni-

983 2452 1143 2494 com.
1191 2430 1501 2519 Paraphr.
1554 2431 1655 2496 ed.
1709 2433 1881 2496 Dan.
1930 2431 2197 2510 Heinsii,
2252 2428 2468 2518 Lugd.
2524 2429 2670 2493 Bat.

992 2534 1174 2615 1617.
1205 2555 1268 2619 p.
1291 2551 1436 2620 754.
1465 2533 1586 2599 ita:

1188 2740 1460 2810 Φρόνησις.

987 2845 1159 2911 Dicit
1201 2846 1395 2934 igitur
1438 2852 1753 2931 πρακτικὰς
1796 2851 2026 2931 ἀρετὰς,
2057 2870 2214 2935 quas
2261 2846 2565 2912 Platonici
2614 2860 2676 2911 et

984 2948 1117 3036 ipse
1147 2948 1435 3015 Plotinus
1461 2954 1764 3019 πολιτικὰς
1790 2950 2099 3015 dicebant.
2187 2952 2362 3015 Tum
2393 2948 2668 3038 singulas

985 3052 1248 3117 virtutes
1280 3067 1344 3119 et
1369 3053 1676 3119 contraria
1704 3053 1854 3118 vitia
1881 3053 2148 3141 explicat
2174 3052 2402 3141 partim
2430 3077 2508 3117 ex
2531 3052 2673 3116 Ari-

987 3154 1225 3221 stotele.
1314 3158 1425 3221 Tu
1472 3155 1614 3221 vide
1657 3156 1851 3244 hujus
1898 3156 2229 3221 Rhetorica
2267 3157 2327 3220 I.
2359 3176 2422 3241 9.
2468 3178 2531 3244 p.
2563 3173 2669 3241 32.

988 3282 1082 3347 sq.
1143 3258 1443 3349 Sylburg.
1485 3283 1548 3349 p.
1581 3262 1686 3326 66.
1718 3284 1857 3349 sqq.
1904 3260 2004 3326 ed.
2037 3260 2240 3326 Oxou.
2273 3260 2457 3326 1822.
2501 3258 2672 3323 unde

987 3363 1173 3428 etiam
1202 3363 1447 3428 Psellus
1488 3363 1752 3451 profecit
1780 3362 1860 3428 de
1889 3363 2197 3429 Omnifar.
2227 3364 2451 3428 Doctr.
2486 3366 2544 3448 ξ.
2564 3378 2673 3448 51.

988 3491 1127 3555 sqq.
1212 3465 1407 3531 Adde
1451 3466 1662 3532 Ethic.
1695 3467 1941 3532 Nicom.
1971 3466 2093 3531 VI.
2122 3487 2190 3551 5.
2233 3490 2296 3554 p.
2335 3484 2481 3531 102.
2535 3489 2673 3552 sqq.

992 3570 1164 3659 Sylb.
1195 3585 1259 3635 et
1286 3569 1567 3636 Platonis
1608 3569 1774 3634 locos
1810 3571 2016 3657 Legg.
2051 3570 2192 3634 ΙΙΙ.
2231 3587 2370 3652 129.
2406 3587 2549 3651 172.
2595 3567 2676 3633 de

990 3673 1270 3762 Republ.
1292 3674 1407 3738 IV.
1436 3697 1500 3762 p.
1520 3678 1674 3759 346.
1706 3697 1843 3761 sqq.
1876 3688 1940 3738 et
1966 3695 2035 3760 p.
2058 3692 2205 3759 430.
2238 3695 2375 3759 sqq.
2419 3671 2533 3735 Ab
2555 3669 2677 3735 illis

988 3783 1327 3861 πρακτικαῖς
1385 3780 1619 3860 ἀρεταῖς
1681 3775 1847 3841 idem
1904 3778 2285 3863 Anonymus
2347 3773 2677 3862 distinguit

992 3880 1141 3945 alias
1164 3880 1287 3944 ita:

1579 3970 1885 4041 Occupet-exal
1908 3968 2101 4041 ἀρεταί·

1272 4066 1490 4139 φυσικὴ,
1518 4068 1600 4121 καὶ
1625 4066 1914 4140 θεολογικὴ,
1942 4065 1973 4136 ἢ
2001 4067 2131 4140 ὑπὲρ
2157 4067 2342 4140 φύσιν.

992 4175 1480 4266 olympiodorus
1506 4174 1571 4239 in
1592 4174 1804 4241 Alcib.
1832 4175 2102 4264 priorem
2133 4176 2432 4241 trifariam
2460 4175 2677 4241 distin-

988 4281 1130 4370 guit
1157 4281 1418 4345 virtutes
1445 4302 1513 4368 p.
1540 4298 1568 4342 1
1574 4293 1614 4364 5
1616 4294 1683 4364 5.
1716 4282 1989 4361 φυσικὰς,
2019 4284 2343 4358 πολιτικὰς,
2369 4281 2588 4360 ἠθικός.

1076 4407 1145 4471 p.
1181 4397 1284 4468 25,
1321 4402 1425 4447 10.
1474 4384 1751 4462 ὁμοίωσις
1791 4382 1974 4467 διττὴ]
2028 4380 2254 4447 Suidas
2293 4382 2358 4447 in
2403 4386 2682 4464 ὁμοίωσις

996 4488 1084 4551 Τ.
1116 4487 1218 4552 II.
1263 4509 1332 4573 p.
1357 4488 1510 4571 694.
1551 4484 1778 4550 Kust.:
1826 4488 2101 4566 ὁμοίωσις
2150 4486 2330 4566 διττή.
2371 4488 2411 4567 ἡ
2446 4486 2559 4567 μέν
2596 4512 2682 4554 τις

995 4591 1227 4656 ταύτόν·
1283 4591 1322 4670 ἦ
1377 4590 1442 4654 δὲ
1489 4589 1692 4671 ἕτερον
1749 4590 1918 4675 (quae
1963 4612 2041 4653 ex
2084 4604 2297 4654 nostro
2341 4589 2476 4654 loco
2518 4589 2681 4653 inte-

994 4691 1282 4782 granda).
1373 4693 1533 4770 Quae
1580 4690 1877 4756 continuo
1923 4691 2206 4779 subjicit:
2255 4694 2354 4757 ὅτε
2400 4694 2466 4757 δὲ
2508 4691 2681 4775 λέγει

997 4800 1325 4874 Πλωτῖνος,
1356 4797 1632 4876 ὁμοίωσις
1658 4798 1739 4882 τῷ
1769 4798 1903 4881 θεῷ·
1933 4796 2126 4860 ἄλλον
2153 4798 2373 4878 τρόπον
2395 4794 2677 4876 ληπτέον,

994 4922 1069 4965 ea
1095 4896 1405 4986 pertinent
1432 4896 1514 4961 ad
1544 4919 1807 4984 sequens
1833 4912 2023 4984 caput
2053 4898 2199 4963 ΙΙΙ.
2230 4921 2381 4986 pag.
2412 4920 2538 4985 seq.

1079 5039 1170 5053 —
1195 5020 1222 5064 1
1240 5020 1296 5064 1.
1326 5000 1646 5065 ὅσα-ἀπὸ
1674 5004 1780 5065 τοῦ
1808 5002 2009 5087 αὐτοῦ]
2052 5002 2214 5065 Haec
2242 5014 2520 5066 extrema
2546 5002 2681 5065 En-

994 5103 1160 5194 gelh.
1192 5102 1414 5190 accipit
1440 5125 1558 5191 pro
1587 5106 1735 5168 κατὰ
1761 5103 1829 5167 τὸ
1859 5103 2023 5182 αὐτὸ,
2053 5118 2329 5168 vertens:
2364 5126 2508 5190 quae
2549 5126 2681 5169 om-

995 5209 1182 5273 nibus
1236 5205 1522 5296 partibus
1577 5206 1809 5294 pariter
1857 5204 2195 5295 exemplari
2241 5205 2678 5271 assimilantur.

999 5311 1240 5401 Taylor
1268 5308 1624 5374 Mai-silium
1652 5323 1746 5374 est
1773 5323 2042 5374 secutus.
2119 5309 2406 5375 Proxime
2428 5310 2538 5384 οὐκ
2569 5311 2677 5375 ἆν-

994 5414 1335 5498 τιστρέφειν
1360 5435 1505 5477 cum
1536 5411 1754 5476 Tullio
1782 5413 1960 5478 Orat.
1990 5435 2128 5500 cap.
2150 5430 2259 5498 32.
2289 5425 2519 5477 vertas:
2549 5435 2679 5478 non

995 5541 1075 5583 σω
1110 5519 1312 5583 altera
1344 5524 1536 5605 parte
1572 5516 1963 5604 respondere.
2051 5516 2154 5580 De
2180 5515 2297 5581 hac
2325 5514 2679 5582 Platonico-

995 5644 1135 5687 rum
1174 5634 1239 5686 et
1269 5619 1812 5708 Peripateticorum
1854 5619 2194 5708 proesertim
2238 5618 2509 5685 formula
2550 5618 2675 5685 vid.

2757 687 2894 750 Ast.
2928 683 3010 748 ad
3039 682 3206 748 Plat.
3238 682 3580 770 Rempubl.
3604 683 3765 747 VII.
3795 705 3861 770 p.
3880 683 4031 766 564.
4097 682 4443 748 Stallbaum

2757 785 2841 850 ad
2869 785 3204 851 Philebum
3238 789 3295 870 ξ.
3324 787 3425 851 86.
3455 808 3521 873 p.
3551 806 3696 852 120.
3729 799 3793 850 et
3822 785 3885 849 in
3915 785 4129 873 primis
4149 788 4447 873 Wytten-

2756 888 2933 954 bach.
2964 888 3048 952 ad
3074 887 3251 954 Plut.
3286 888 3559 953 Moralia
3586 887 3728 953 Vol.
3763 890 3818 953 I.
3861 912 3930 976 p.
3969 906 4107 974 197.
4156 903 4219 953 et
4260 888 4447 954 inter-·

2753 1006 2943 1078 prett.
2993 991 3077 1057 ad
3126 991 3380 1056 Aristot-
3432 991 3698 1056 Rhetor.
3734 993 3789 1055 I.
3828 1012 3879 1055 1.
3933 1015 4000 1079 p.
4035 993 4219 1060 2-8.
4288 992 4445 1057 Ani-

2754 1094 3001 1159 madvv.
3047 1093 3148 1158 ed.
3197 1094 3515 1160 Gaisford.
3561 1093 3829 1181 denique
3871 1095 3950 1159 cf.
3995 1109 4206 1160 annot.
4249 1111 4444 1160 nostr.

2754 1197 2820 1262 in
2852 1196 3053 1262 Procl.
3083 1196 3149 1261 in
3178 1197 3391 1263 Alcib.
3435 1221 3503 1285 p.
3530 1217 3683 1285 339.
3724 1196 3866 1262 coll.
3896 1197 4330 1285 Olympiodor.
4376 1223 4444 1286 p.

2765 1321 2793 1364 1
2811 1320 2909 1381 14.
2939 1321 2967 1364 1
2984 1300 3079 1363 18.

2842 1427 2909 1491 p.
2937 1403 3042 1482 26,
3071 1421 3130 1466 2.
3163 1402 3260 1466 καὶ
3288 1403 3561 1482 ἀμείνους
3586 1404 3884 1488 ποιοῦσιν]
3920 1403 4252 1491 Excerpsit
4278 1404 4446 1469 hunc

2756 1505 2962 1570 locum
2993 1505 3286 1570 Marinus
3311 1504 3375 1569 in
3397 1505 3543 1570 Vita
3563 1505 3767 1570 Procli
3798 1529 3863 1593 p.
3883 1525 3994 1588 42.
4018 1529 4206 1594 quem
4235 1523 4448 1572 nostro

2756 1632 2834 1673 ex
2862 1608 2998 1674 loco
3025 1607 3379 1674 emendavit
3403 1607 3846 1674 Boissonadius
3872 1632 3937 1698 p.
3963 1629 4100 1691 104.

2841 1748 2928 1759 —
2947 1730 3011 1797 3.
3056 1714 3132 1775 τὰ
3156 1710 3315 1790 πάθη
3342 1712 3689 1797 μετροῦσαι]
3741 1711 4108 1777 Praecedens
4151 1714 4446 1795 ὁρίζουσαι

2755 1832 2819 1878 et
2859 1814 3194 1901 repetitum
3237 1818 3556 1895 μετροΰσαι
3602 1813 3663 1876 h.
3698 1813 3736 1877 l.
3776 1814 4062 1880 Plotinus
4107 1816 4446 1896 cohibendi,

2756 1916 3075 1980 limitanda·
3119 1925 3179 1980 et
3221 1916 3586 1980 moderandi
3628 1928 3934 2004 potestate
3976 1916 4171 2005 accipi
4204 1917 4442 1994 voluit;

2756 2019 2836 2083 de
2880 2042 3007 2106 qua
3055 2018 3151 2097 iis,
3197 2042 3342 2106 quae
3393 2017 3785 2084 doctissimus
3827 2022 4075 2109 Seager
4121 2043 4322 2108 nuper
4363 2022 4446 2086 ad

2760 2122 2975 2210 Steph.
2991 2122 3393 2187 Thesaurum
3413 2145 3478 2210 p.
3493 2123 3569 2186 61
3586 2142 3613 2185 1
3631 2144 3657 2186 1
3671 2170 3685 2185 .
3703 2123 4016 2211 apposuit,
4037 2123 4199 2189 adde
4219 2125 4443 2190 Lamb.

2758 2225 2930 2289 Bosii
2958 2224 3143 2289 Obss.
3171 2223 3253 2288 ad
3282 2225 3371 2289 N.
3394 2226 3482 2289 Τ.
3512 2238 3575 2289 et
3604 2225 3859 2312 quidem
3888 2225 3970 2290 ad
4001 2247 4038 2296 2
4065 2229 4207 2292 Cor.
4234 2228 4445 2294 X.12.

2757 2329 3071 2393 Wetsten.
3095 2327 3177 2392 ad
3195 2328 3282 2392 N.
3304 2328 3391 2391 T.
3412 2328 3601 2392 Tom.
3627 2330 3724 2393 II.
3749 2351 3818 2417 p.
3847 2349 3992 2411 204.
4040 2331 4254 2396 Etiam
4276 2330 4448 2395 The-

2756 2431 3050 2496 odoretus
3070 2432 3263 2496 Tom.
3286 2433 3403 2496 IV.
3434 2453 3500 2519 p.
3520 2451 3705 2518 1119.
3729 2432 3827 2497 ed.
3854 2433 4133 2498 Schutzii
4160 2434 4320 2498 dixit
4346 2459 4448 2514 με-

2757 2538 2965 2613 τρῆσαι
3005 2539 3074 2614 τῇ
3117 2536 3315 2599 πίστει
3352 2535 3459 2615 τὴν
3489 2536 3764 2615 ἀθυμίαν,
3797 2535 3838 2600 i.
3858 2560 3910 2600 e.
3943 2536 4241 2616 minuere,
4272 2536 4446 2601 cohi-

2762 2634 2925 2699 bere.
3015 2635 3096 2700 In
3123 2636 3328 2700 verbis
3356 2640 3436 2723 τῷ
3466 2637 3619 2704 ὅλως
3648 2638 3914 2717 ἀμείνονι
3942 2637 4188 2702 haesisse
4220 2638 4447 2703 Marsi-

2759 2736 2915 2801 lium
2957 2737 3165 2824 arguit
3207 2739 3344 2825 ejus
3375 2739 3894 2819 CommentariuS,
3924 2763 4112 2826 quem
4143 2740 4308 2820 vide,
4336 2741 4449 2806 ubi

2762 2854 2968 2903 tamen
3018 2839 3455 2926 corrigendum
3501 2840 3776 2905 fortassis
3821 2844 4069 2907 meliore
4111 2845 4289 2909 modo
4316 2868 4448 2931 pro

2759 2944 3005 3006 meliori
3031 2951 3267 3007 nostra
3345 2941 3618 3030 Taylor:
3665 2945 3796 3007 and
3823 2947 4056 3032 taking
4079 2948 4449 3031 awayfibe

2753 3047 3042 3132 opinions
3102 3066 3288 3109 Facu
3333 3067 3380 3109 A
3427 3067 3617 3109 Mons
3672 3067 4082 3110 EXCELLENT
4135 3068 4444 3112 maruan.

2760 3148 2885 3213 Sed
2910 3147 3002 3211 vel
3031 3162 3335 3212 commate
3363 3146 3569 3213 deleto
3595 3162 3737 3235 post
3767 3150 4147 3230 ἀφαιροῦσαι,
4170 3141 4448 3236 requiras

2758 3265 2986 3331 tamen,
3018 3249 3174 3339 quid
3218 3250 3297 3315 sit
3340 3252 3514 3331 ὅλως,
3541 3249 3713 3339 quod
3746 3273 3856 3316 nec
3888 3250 4304 3338 Engelhardt.
4335 3275 4448 3318 ex-

2757 3354 2999 3443 pressit,
3030 3354 3346 3442 ceteroqui
3374 3353 3544 3419 hunc
3573 3353 3780 3418 locum
3808 3354 4041 3442 optime
4079 3355 4445 3443 interpreta-

2759 3476 2879 3528 tus,
2971 3462 3039 3527 Si
3081 3461 3263 3526 lectio
3303 3483 3620 3548 germana.
3650 3460 4010 3526 addendum
4041 3476 4170 3526 erat
4197 3465 4448 3528 omnino

2760 3565 2889 3630 sive
2927 3586 3219 3653 prorsus.
3310 3566 3599 3628 Fortasse
3629 3564 3762 3628 haec
3792 3565 4094 3629 sententia
4119 3567 4450 3654 conjuncta

2759 3682 2853 3733 est
2880 3691 3024 3732 cum
3054 3692 3147 3744 ea,
3178 3690 3370 3754 quam
3401 3666 3889 3755 Olympiodorus
3920 3667 3986 3731 in
4017 3667 4223 3733 Alcib.
4255 3668 4446 3756 prior.

2760 3794 2821 3859 p.
2856 3789 2997 3857 155.
3027 3770 3256 3857 attigit,
3287 3771 3380 3834 ὅτι
3418 3772 3480 3835 αἱ
3526 3770 3728 3851 ἀρεταὶ
3775 3773 3836 3833 αἱ
3879 3773 4175 3835 πολιτικαὶ
4218 3775 4450 3840 ἑαυταῖς

2762 3873 3237 3957 ἆντιστρέφουσι.
3331 3874 3627 3937 Ceterum
3671 3871 3785 3936 bas
3827 3871 4034 3937 civiles
4063 3872 4324 3937 virtutes
4351 3873 4446 3937 fa-

2762 3975 2964 4041 cunde
3000 3974 3344 4040 dilaudavit
3374 3974 3740 4039 Macrobius
3785 3973 3921 4039 loco
3964 3998 4154 4064 supra
4194 3973 4447 4039 laudato

2761 4077 2825 4142 in
2859 4080 3069 4142 Somn.
3105 4076 3408 4166 Scipionis
3438 4078 3499 4141 I.
3532 4092 3594 4160 7.

2845 4217 2933 4231 —
2981 4201 3076 4246 ΙΙ.
3121 4181 3200 4261 μὴ
3251 4180 3319 4244 τὸ
3369 4186 3491 4245 πᾶν
3538 4185 3678 4244 θεοῦ
3726 4184 3897 4244 τοῦτο
3942 4176 4010 4267 ᾗ]
4078 4177 4334 4244 Ficinus
4381 4180 4447 4245 in

2764 4285 3185 4348 Commentar.
3240 4282 3374 4347 haec
3425 4280 3710 4346 bifariam
3768 4304 3948 4368 posse
4003 4280 4197 4369 accipi
4244 4281 4446 4362 docet,

2763 4385 2886 4464 vel,
2919 4400 2989 4450 ut
3033 4384 3171 4450 talis
3212 4384 3402 4449 animi
3440 4383 3800 4449 constitutio
3844 4384 3923 4447 sit
3967 4397 4102 4448 tota
4137 4384 4446 4465 divinitas,

2764 4488 2863 4553 vel
2907 4503 2980 4553 ut
3025 4488 3107 4552 ad
3154 4489 3366 4552 Deum
3418 4500 3553 4552 tota
3600 4486 3927 4574 pertineat.
4018 4485 4187 4551 Mihi
4216 4488 4450 4576 Euge]-

2766 4590 3029 4656 hardtus
3076 4590 3269 4679 hujus
3313 4589 3432 4655 loci
3473 4590 3836 4654 sententiam
3881 4588 4040 4655 bene
4083 4590 4449 4678 explicuisse

2763 4693 3012 4759 videtur
3060 4693 3178 4758 hoc
3225 4693 3455 4758 modo:
3525 4690 3690 4771 Quia
3740 4692 3948 4757 anima
3993 4694 4134 4757 Deo
4181 4694 4448 4758 maxime

2762 4797 3117 4886 propinqua
3157 4796 3387 4861 multas
3423 4795 3753 4883 qualitates
3791 4795 4003 4875 babet,
4034 4819 4180 4883 quae
4206 4796 4351 4861 item
4382 4797 4448 4861 in

2764 4901 2907 4966 Deo
2935 4913 3101 4979 sunt,
3130 4898 3478 4987 periculum
3506 4913 3620 4976 est,
3649 4921 3729 4964 ne
3756 4899 3830 4977 is,
3857 4900 3969 4987 qui
3999 4899 4080 4964 de
4112 4897 4446 4963 necessitu-

2764 5003 2909 5069 dine
2938 5006 3149 5069 Deum
3178 5002 3339 5067 inter
3367 5017 3559 5089 atque
3585 5002 3854 5067 animam
3882 5000 4130 5089 cogitet,
4159 5000 4448 5087 opinetur

2764 5107 3087 5173 essentiam
3103 5106 3230 5171 Dei
3250 5105 3405 5170 nihil
3424 5104 3599 5170 aliud
3620 5128 3772 5186 esse,
3795 5127 3987 5193 quam
4010 5101 4203 5191 ipsius
4223 5102 4447 5169 animae

2764 5210 3192 5276 substantiam.
3416 5246 3419 5249 ·

2850 5350 2939 5363 —
2964 5314 3065 5377 16.
3109 5312 3324 5396 Λέγων
3368 5313 3437 5392 δὴ
3482 5315 3515 5376 ὁ
3558 5311 3845 5394 Πλάτων]
3893 5309 3971 5372 In
4004 5306 4335 5375 Theoeteto
4376 5333 4446 5398 p.

2772 5418 2915 5499 176.
2944 5414 3011 5479 b.
3042 5439 3099 5480 c.
3147 5415 3260 5480 Διὸ
3292 5417 3387 5480 καὶ
3414 5419 3729 5498 πειρᾶσθαι
3763 5411 3880 5495 χρὴ
3923 5408 4163 5474 ἐνθένδε
4202 5414 4449 5496 φεύγειν

2764 5520 2856 5583 ὅτι
2883 5517 3152 5602 τάχιστα.
3183 5519 3344 5602 φυγὴ
3371 5520 3438 5583 δὲ
3465 5519 3743 5599 ὁμοίωσις
3770 5517 3885 5599 θεῷ
3916 5515 4064 5577 κατὰ
4090 5512 4158 5577 τὸ
4180 5517 4445 5583 δυνατόν.

2766 5621 2874 5686 Cf.
2895 5620 3130 5687 Plotin.
3158 5622 3218 5687 I.
3243 5622 3306 5686 6.
3327 5622 3392 5686 8.
3421 5643 3487 5708 p.
3504 5619 3613 5704 56.
3638 5618 3721 5683 G.
3754 5615 3864 5681 ubi
3901 5614 4089 5704 plura
4127 5617 4449 5706 posuimus
