5118 6613
1085 544 1213 611 234

1167 721 1232 784 p.
1268 697 1416 782 803,
1443 695 1505 758 8.
1551 699 1626 759 τὰ
1655 697 1721 758 δὲ
1763 694 1872 773 τὴν
1914 694 2308 775 ὑποκειμένην
2344 697 2533 777 φύσιν
2578 693 2785 777 εἰσφέ-

1080 800 1342 883 ρεσθαι]
1395 798 1543 862 Non
1597 796 1899 875 haesitavi,
1937 821 2067 884 quo
2110 797 2319 861 minus
2361 800 2550 880 φύσιν
2598 819 2783 884 repo-

1081 922 1290 965 nerem
1322 921 1467 964 cum
1499 898 1720 963 Ficino
1747 921 1865 986 pro
1892 900 2114 963 πίστιν.
2191 896 2364 963 Illud
2396 897 2641 986 flagitat
2661 898 2783 963 dis-

1080 1001 1424 1091 putationis
1452 1001 1650 1075 ratio;
1700 1016 1764 1065 et
1801 1000 1993 1087 legito
2035 985 2249 1089 paullo
2285 1000 2575 1088 superius
2603 1001 2775 1066 hoec:

1083 1108 1179 1171 καὶ
1209 1110 1305 1170 δεῖ
1328 1106 1424 1170 καὶ
1452 1104 1520 1168 τὸ
1565 1104 1811 1188 πάσχον
1837 1104 2231 1184 ὑποκειμένην
2258 1103 2392 1168 τινὰ
2422 1105 2519 1168 καὶ
2544 1103 2782 1169 τοιάνδε

1081 1211 1272 1292 φύσιν
1303 1208 1491 1291 ἔχειν.

1164 1348 1252 1359 -
1287 1331 1308 1373 1
1336 1330 1387 1373 1.
1437 1309 1616 1390 ἀρετὴ
1645 1311 1711 1372 δὲ
1739 1308 2131 1398 ἀδέσποτον]
2185 1308 2331 1375 Vid.
2363 1331 2554 1396 supra
2585 1308 2688 1372 II.
2719 1326 2782 1392 3.

1081 1433 1145 1497 9.
1175 1425 1238 1475 et
1267 1410 1434 1474 infra
1465 1411 1586 1473 VI.
1623 1409 1682 1474 8.
1718 1424 1781 1494 5.
1825 1425 1888 1474 et
1929 1413 1987 1475 6.
2036 1410 2530 1500 olympiodorus
2569 1410 2631 1474 in
2671 1408 2782 1472 Al-

986 1553 991 1558 ·
1078 1513 1197 1578 cib.
1231 1536 1330 1601 pr.
1363 1515 1423 1596 §.
1462 1511 1564 1576 28.
1593 1533 1656 1597 p.
1692 1513 1817 1576 226
1846 1536 1859 1575 :
1909 1517 2016 1576 τοῦ
2051 1518 2314 1577 παλαιοῦ
2347 1515 2536 1596 λόγον
2565 1511 2782 1594 λέγον-

1076 1642 1177 1684 τος
1212 1615 1322 1693 τὴν
1364 1614 1581 1696 ἀρετὴν
1619 1613 1957 1678 ἀδέσποτον
2000 1617 2096 1680 καὶ
2142 1615 2506 1698 ἐλευθέρανε
2559 1613 2666 1679 ubi
2698 1613 2782 1677 cf.

1076 1731 1291 1781 annot.
1382 1715 1541 1779 Mox
1579 1715 1710 1779 bini
1759 1716 2071 1781 Marciani
2115 1740 2239 1782 non
2284 1718 2519 1782 habent
2546 1716 2779 1780 verba:

1076 1825 1193 1883 τῶν
1225 1821 1294 1883 ἐν
1322 1823 1470 1904 τῷδε
1499 1821 1579 1904 τῷ
1609 1818 1789 1882 παντὶ
1818 1825 1944 1887 τοῖς
1970 1820 2308 1903 θειοτέροις.
2392 1819 2459 1885 Si
2483 1840 2784 1908 germana

1076 1936 1244 2000 sunt,
1275 1921 1365 1986 ita
1391 1935 1541 1986 mut
1567 1920 1952 2009 accipienda,
1982 1922 2078 1988 uti
2106 1924 2350 2010 accepit
2379 1923 2659 2001 Ficinus,
2690 1922 2784 1986 ni-

1071 2024 1301 2090 mirum
1334 2037 1407 2088 ut
1432 2021 1666 2110 cogites
1694 2030 1813 2090 τῶν
1839 2026 2032 2091 ὄντων
2061 2028 2130 2091 ἐν
2158 2031 2282 2094 τοῖς
2310 2026 2632 2107 θειοτέροις
2660 2031 2783 2093 τοῖς

1073 2129 1209 2193 οὖσι
1237 2130 1387 2213 τῷδε
1415 2130 1496 2214 τῷ
1525 2130 1724 2191 παντί.

1160 2253 1224 2317 p.
1257 2230 1407 2311 804,
1457 2248 1516 2296 2.
1563 2234 1728 2312 παρὰ
1765 2230 1902 2296 τοὺς
1941 2229 2374 2312 σπερματικοὺς
2418 2231 2630 2298 αὐτοὺς
2671 2234 2778 2296 λό-

1070 2335 1266 2422 γους·]
1318 2334 1525 2398 Marc.
1560 2331 1862 2397 Antonin.
1900 2333 2018 2396 IV.
2053 2353 2166 2412 14:
2218 2332 2543 2414 ἐνυπέσ-της
2572 2334 2649 2400 ὥς
2674 2332 2781 2412 μέ-

1066 2463 1190 2518 ρος.
1237 2436 1694 2518 ἑναφανισθήσῃ
1732 2439 1814 2522 τᾷ
1845 2434 2227 2517 γεννήσαντι·
2273 2439 2515 2516 μᾶλλον
2543 2438 2610 2501 δὲ
2638 2437 2783 2500 ἀνα-

1067 2538 1353 2623 ληφθήσῃ
1384 2542 1468 2606 εἰς
1495 2539 1601 2603 τὸν
1628 2541 1820 2621 λόγον
1850 2539 2032 2603 αὐτοῦ
2057 2538 2166 2602 τὸν
2196 2537 2601 2620 σπερματικὸν
2632 2536 2780 2602 κατὰ

1066 2641 1434 2723 μεταβολήν.
1508 2641 1615 2706 Cf.
1644 2639 1799 2704 ibid.
1838 2643 1899 2725 ξ.
1935 2658 2041 2706 21.
2074 2654 2140 2705 et
2171 2658 2276 2725 23.
2316 2639 2510 2726 Diog.
2559 2639 2776 2704 Laert.

1068 2745 1230 2809 VII.
1270 2745 1410 2829 136.
1459 2743 1540 2807 de
1585 2743 1841 2805 Zenone
1887 2742 2138 2807 Stoico:
2189 2743 2393 2824 ὥσπερ
2423 2744 2491 2807 ἐν
2520 2745 2591 2822 τῇ
2624 2746 2776 2824 γονῇ

1066 2846 1135 2910 τὸ
1166 2845 1405 2927 σπέρμα
1431 2843 1794 2927 περιέχεται,
1819 2846 1970 2908 οὕτω
2003 2846 2099 2909 καὶ
2128 2850 2340 2909 τοῦτον
2370 2845 2777 2927 σπερματικὸν

1065 2950 1258 3031 λόγον
1302 2950 1449 3010 ὄντα
1496 2951 1603 3010 τοῦ
1642 2948 1889 3026 κόσμου.
1986 2948 2151 3012 Erat
2200 2946 2367 3011 enim
2420 2946 2775 3013 Stoicorum

1065 3050 1202 3114 haec
1230 3048 1619 3138 potissimum
1652 3048 1936 3113 doctrina
1957 3064 2021 3114 et
2050 3048 2352 3136 loquendi
2383 3049 2677 3129 formula,
2697 3050 2783 3114 ab

1066 3150 1201 3216 aliis
1229 3150 1522 3239 deinceps
1561 3152 1747 3216 etiam
1779 3151 2177 3238 frequentata
2222 3166 2287 3216 et
2330 3153 2414 3216 ab
2445 3152 2585 3239 ipso
2628 3152 2776 3216 Plo-

1066 3255 1200 3320 tino
1247 3270 1499 3330 nostro;
1541 3255 1728 3343 cujus
1770 3277 1898 3319 non
1951 3254 2279 3320 immemor
2316 3254 2443 3320 fuit
2496 3254 2781 3321 Mericus

1068 3359 1482 3424 Casaubonus
1524 3359 1587 3422 in
1641 3359 1894 3446 egregia
1925 3360 2328 3424 annotatione
2361 3359 2426 3423 in
2458 3359 2771 3424 Antonin.

1062 3461 1171 3527 l.l.
1202 3486 1265 3550 p.
1289 3481 1442 3548 397.
1479 3461 1543 3525 in
1592 3462 1852 3550 Operib.
1897 3462 2026 3526 Th.
2066 3461 2369 3528 Gatakeri
2415 3460 2493 3526 ad
2539 3461 2771 3527 calcem

1064 3565 1372 3631 Antonin.
1404 3564 1516 3653 qui
1545 3564 1750 3629 fusius
1778 3564 1859 3629 de
1888 3564 2008 3630 hac
2036 3564 2311 3630 formula
2339 3564 2589 3630 dicendi
2623 3564 2774 3628 mihi

1063 3669 1262 3734 otium
1293 3667 1465 3733 facit.
1514 3668 1660 3732 Vid.
1692 3666 1879 3732 etiam
1908 3681 2188 3733 annotat.
2228 3667 2682 3757 Wyttenbach.
2714 3683 2779 3731 et

1065 3785 1258 3836 nostr.
1301 3770 1366 3834 in
1398 3769 1529 3835 Cic.
1564 3768 1645 3833 de
1675 3771 1763 3834 N.
1786 3771 1875 3834 D.
1926 3770 2027 3834 11.
2065 3789 2170 3836 22.
2200 3782 2264 3834 et
2292 3789 2399 3855 32.
2433 3792 2499 3857 p.
2536 3787 2680 3853 291.
2714 3783 2778 3832 et

1067 3889 1211 3957 757.
1268 3871 1371 3936 ed.
1416 3874 1654 3936 Moser.
1709 3887 1772 3936 et
1825 3872 1909 3937 cf.
1957 3873 2227 3959 Baguet.
2288 3871 2368 3937 ad
2433 3869 2777 3959 Chrysippi

1066 3976 1303 4061 Fragg.
1337 3997 1405 4061 p.
1435 3994 1539 4058 93.

1148 4113 1235 4124 —
1264 4097 1328 4154 4.
1377 4073 1541 4137 ἀλλὰ
1564 4079 1805 4153 μᾶλλον
1823 4074 1899 4138 ἂν
1930 4077 2115 4139 ἐοίκοι
2144 4079 2177 4140 ὁ
2206 4079 2392 4158 λόγος
2420 4081 2527 4141 τοῦ
2545 4076 2771 4144 παντὸς

1068 4174 1214 4241 κατὰ
1240 4178 1433 4257 λόγον
1461 4175 1701 4240 τιθέντα
1731 4177 1957 4257 κόσμον
1983 4179 2273 4265 πόλεως]
2351 4178 2575 4243 Stoicis
2608 4201 2769 4265 prae-

1064 4280 1248 4366 cipue
1287 4278 1422 4342 haec
1470 4276 1775 4342 sententia
1826 4276 2080 4365 placuit.
2158 4280 2293 4344 Cic.
2326 4280 2406 4344 de
2437 4281 2522 4345 N.
2544 4281 2634 4343 D.
2670 4279 2769 4344 11.

1064 4401 1172 4467 31.
1201 4381 1480 4467 itemque
1513 4383 1615 4445 ΙΙ.
1640 4383 1764 4447 62:
1817 4387 1861 4420 “
1894 4383 2018 4445 Est
2055 4381 2219 4446 enim
2271 4382 2549 4446 mundus
2590 4382 2771 4469 quasi

1062 4482 1412 4547 communis
1447 4485 1731 4547 Deorum
1768 4498 1963 4570 atque
2003 4484 2330 4549 hominum
2378 4487 2627 4564 domus,
2660 4500 2773 4549 aut

1066 4586 1218 4650 urbs
1265 4585 1738 4672 utrorumque.”
1830 4586 2009 4651 Idem
2058 4587 2138 4651 de
2191 4588 2398 4676 Legg.
2447 4590 2507 4652 I.
2557 4605 2615 4671 7.
2652 4607 2768 4673 23:

1063 4693 1112 4727 “
1144 4701 1215 4752 ut
1250 4685 1384 4773 jam
1436 4686 1764 4752 universus
1806 4687 1908 4752 hic
1956 4689 2231 4754 mundus
2275 4713 2403 4755 una
2438 4690 2657 4754 civitas
2695 4690 2775 4754 sit

1063 4789 1412 4853 communis
1439 4789 1699 4853 deorum
1725 4805 1918 4877 atque
1933 4790 2259 4856 hominum
2285 4792 2767 4858 existimanda:”

1065 4891 1175 4957 ubi
1208 4891 1336 4956 vid.
1371 4894 1830 4980 Wyttenbach.
1860 4916 1927 4980 p.
1956 4897 2063 4979 58.
2094 4894 2190 4959 ed.
2227 4897 2462 4960 Moser.
2494 4912 2559 4960 et
2594 4897 2767 4959 Tur-

1062 4994 1205 5060 neb.
1240 5018 1302 5082 p.
1322 5011 1473 5079 551.
1507 5009 1572 5058 et
1601 5019 1668 5081 p.
1701 4996 1851 5080 758.
1893 5019 1986 5083 sq.
2027 4994 2204 5082 [add.
2241 4998 2370 5063 Cic.
2398 4998 2478 5061 de
2509 4997 2670 5085 Rep.
2709 5000 2768 5061 1.

1067 5116 1170 5182 13.
1218 5118 1282 5185 p.
1312 5099 1420 5182 58.
1460 5096 1563 5161 ed.
1606 5113 1799 5163 nostr.
1847 5098 2114 5184 Mosen]
2215 5101 2305 5164 Et
2345 5102 2566 5180 κόσμος
2593 5101 2767 5178 ordo,

1060 5201 1410 5287 daspositzo.
1459 5201 1770 5265 Herodot.
1808 5202 1972 5265 VII.
2003 5203 2123 5287 36:
2177 5203 2378 5287 κόσμῳ
2414 5202 2619 5269 θέντες
2662 5204 2770 5282 τὴν

1059 5305 1231 5382 ὕλην.
1283 5302 1386 5367 II.
1419 5318 1523 5387 52.
1601 5303 1712 5367 Dii
1760 5304 1849 5386 (οἱ
1896 5305 2053 5387 θεοὶ)
2102 5302 2404 5369 nominati
2456 5319 2626 5382 sunt,
2677 5306 2769 5369 ὅτι

1064 5407 1263 5489 κόσμῳ
1317 5404 1521 5473 θέντες
1563 5408 1640 5471 τὰ
1684 5406 1881 5471 πάντα
1937 5406 2268 5490 πρήγματα.
2350 5406 2548 5471 Plura
2593 5406 2770 5471 dabit

1064 5505 1415 5593 Schweigh.
1483 5508 1644 5574 Lex.
1712 5507 2024 5575 Herodot.
2086 5509 2151 5573 in
2210 5532 2345 5576 voc.
2415 5509 2521 5575 Cf.
2581 5510 2767 5574 etiam

2063 519 2900 588 ANNOTATIONES
2968 519 3083 583 IN
3149 516 3606 582 PLOTINI

2871 689 3210 778 Wyttenb.
3242 687 3325 753 ad
3359 688 3675 754 Plutarch.
3707 688 3788 753 de
3820 690 3991 752 Sent.
4024 687 4384 755 Profect.in
4414 688 4579 756 Virt.

2873 820 2937 885 p.
2969 814 3008 881 5
3013 793 3464 881 58.--Deinde
3492 792 3555 857 in
3585 793 3710 856 fine
3740 793 3933 880 hujus
3976 792 4216 880 periodi
4256 807 4582 861 teneamus

2873 899 3066 963 verba
3106 896 3347 962 πάντων
3403 899 3518 980 ὀδῷ
3569 896 3700 959 οἷον
3748 895 4045 975 αὐτομάτη
4092 898 4177 963 εἰς
4223 900 4581 979 συμφωνίαν

2870 1001 3244 1085 χωρούντων.
3339 999 3441 1061 De
3471 996 3696 1061 tralato
3728 1019 3846 1062 usu
3877 1020 4103 1062 vocum
4148 1000 4285 1067 ὁδὸς
4308 1014 4374 1063 et
4402 999 4574 1063 simi-

2867 1103 3022 1167 lium
3055 1123 3181 1165 non
3211 1113 3305 1164 est
3349 1098 3523 1186 quod
3556 1099 3838 1164 dicamus
3868 1114 4013 1187 post
4048 1100 4576 1188 elegantissimum

2877 1204 3237 1270 Heusdium
3295 1201 3361 1266 in
3421 1201 3689 1290 Specim.
3748 1201 3992 1266 Platon.
4051 1226 4115 1290 p.
4170 1223 4312 1289 130.
4376 1227 4471 1290 sq.
4517 1218 4582 1268 et

2874 1304 3443 1396 Wyttenbachium
3488 1304 3566 1368 ad
3608 1304 3985 1369 Phaedonem
4020 1327 4086 1391 p.
4126 1323 4271 1391 155.
4307 1307 4400 1389 (et
4428 1330 4575 1394 quae

2874 1409 3013 1497 ipse
3035 1408 3218 1495 posui
3250 1407 3331 1471 ad
3358 1407 3490 1472 Cic.
3513 1406 3592 1470 de
3619 1410 3703 1472 N.
3731 1409 3815 1471 D.
3842 1408 3943 1473 11.
3970 1425 4075 1473 22.
4093 1409 4230 1473 init.
4249 1409 4332 1474 ad
4355 1409 4571 1475 verba:

2859 1511 3377 1601 progredientem
3422 1512 3533 1574 via
3582 1513 3723 1596 (ὁδῷ
3750 1512 4123 1595 βαδίζοντα).
4215 1512 4342 1577 Sed
4384 1535 4574 1600 quem

2871 1615 2971 1680 hic
3009 1614 3142 1702 ipse
3184 1612 3460 1678 laudavit
3508 1612 3713 1676 locum
3763 1611 4038 1678 Platonis
4077 1612 4143 1677 in
4189 1613 4458 1680 Politico
4504 1637 4574 1702 p.

2878 1734 3019 1799 170.
3076 1717 3170 1802 (p.
3217 1715 3364 1801 258.
3415 1714 3637 1801 Steph.
3688 1738 3749 1803 p.
3790 1733 3938 1800 247.
3993 1716 4267 1802 Bekk.):
4312 1720 4421 1799 τὴν
4467 1720 4576 1783 οὖν

2868 1819 3180 1899 πολιτικὴν
3208 1816 3477 1899 ἀτραπὸν
3502 1820 3584 1897 πῇ
3613 1840 3702 1884 τις
3739 1818 4092 1901 ἀνευρήσεις
4139 1820 4192 1884 is
4218 1843 4334 1885 nos
4359 1820 4574 1885 admo-

2869 1936 2975 1985 net
3002 1921 3120 1986 loci
3152 1919 3513 1985 Plutarchei
3548 1919 3729 1984 initio
3771 1920 3964 1985 libelli
4000 1921 4083 1986 de
4131 1922 4455 2011 Capienda
4491 1947 4572 1989 ex

2867 2023 3100 2088 inimic.
3134 2022 3336 2088 Utilit.
3369 2046 3433 2111 p.
3471 2023 3573 2087 86.
3607 2024 3687 2087 B.
3726 2046 3792 2110 p.
3825 2043 3979 2110 331.
4014 2025 4266 2113 Wytt.:
4317 2029 4434 2109 ὁρό
4460 2029 4575 2108 μὲν

2867 2128 2961 2190 ὅτι
2988 2127 3097 2192 τὸν
3122 2127 3479 2212 πρᾳότατον,
3512 2123 3559 2189 ὦ
3600 2125 3901 2207 Κορνήλιε
3938 2132 4247 2211 Ποῦλχερ,
4279 2128 4421 2210 ἄτερ
4458 2153 4569 2194 πο·

2866 2232 3092 2298 λιτείας
3136 2228 3356 2311 ᾕρησαι
3396 2231 3637 2311 τρόπον,
3687 2232 3757 2294 ἐν
3791 2227 3839 2316 ᾧ
3880 2230 4147 2310 μάλιστα
4188 2238 4312 2299 τοῖς
4356 2239 4573 2300 κοινοῖς

2866 2331 3171 2414 ὠφέλιμος
3222 2331 3325 2405 ὢν,
3379 2333 3759 2396 ἀλυπότατον
3803 2334 3922 2418 Ζδίιι
3976 2339 4100 2402 τοῖς
4138 2335 4572 2418 ἐντυγχάνουσι

2865 2433 3148 2518 παρέχεις
3178 2437 3455 2499 σεαυτόν.
3534 2435 3847 2500 Vitiosum
3872 2459 4005 2502 esse
4034 2437 4239 2503 locum
4275 2440 4572 2505 confiten-

2865 2552 2972 2601 tur
3000 2559 3216 2601 omnes
3246 2536 3462 2601 Critici
3502 2537 3659 2620 (vid.
3690 2559 3857 2601 varr.
3893 2538 4062 2603 lectt.
4096 2538 4194 2604 ed.
4230 2537 4562 2628 Wyttenb.

2862 2653 2927 2704 et
2969 2638 3164 2727 hujus
3205 2638 3567 2703 animadvv.
3599 2662 3664 2726 p.
3696 2641 3876 2723 614.)
3928 2639 4169 2720 Pallor,
4198 2658 4311 2707 aut
4356 2643 4567 2707 Plato-

2862 2740 2960 2804 nis
2987 2739 3195 2805 locum
3240 2739 3570 2805 laudatum
3609 2755 3756 2806 ante
3798 2742 4011 2807 oculos
4056 2742 4283 2809 habuit
4327 2743 4575 2810 Plutar-

2861 2845 3035 2909 chus.
3128 2844 3399 2909 Proinde
3426 2844 3720 2931 legerim:
3771 2848 3889 2927 ὁρῶ
3916 2849 4031 2927 μὲν
4060 2849 4154 2911 ὅτι
4178 2848 4290 2928 τὴν
4316 2849 4571 2935 πρᾳοτάρ

2866 2973 2993 3027 την,
3026 2948 3072 3010 ὣ
3118 2946 3415 3028 Κορνήλιε
3455 2952 3763 3030 Ποῦλχερ,
3795 2948 4062 3031 ἀτραπὸν
4096 2952 4401 3018 πολιτείας
4426 2950 4565 3033 ᾕρη-

2868 3076 2993 3124 σαι,
3025 3052 3093 3114 zv
3119 3047 3562 3137 fi—-expuncto
3589 3052 3830 3132 τρόπον.
3899 3049 4038 3115 Nisi
4064 3050 4392 3116 malueris:

2867 3154 2961 3216 ὅτι
2996 3153 3106 3232 τὴν
3144 3152 3838 3238 πρᾳοτάτην-ἀτραπὸν
3870 3155 4177 3221 πολιτείας
4209 3152 4429 3236 ᾕρησαι
4472 3158 4568 3220 καὶ

2868 3257 3109 3339 τρόπον,
3145 3258 3214 3322 ἐν
3242 3255 3287 3344 ᾧ
3313 3256 3579 3337 μάλιστα
3619 3284 3670 3321 κ.
3696 3282 3752 3321 τ.
3775 3258 3872 3347 λ.]
3963 3257 4151 3337 Quod
4194 3258 4564 3348 interpreta-

2861 3376 3141 3426 mentum
3169 3360 3339 3426 vocis
3368 3361 3634 3443 ἀτραπὸν
3678 3385 3713 3425 e
3756 3361 4037 3448 margine
4081 3363 4282 3428 textui
4320 3363 4563 3429 illatum

2863 3463 3119 3551 reliquis
3167 3464 3619 3529 mutationibus
3655 3463 3861 3529 locum
3896 3465 4065 3530 fecit.
4154 3466 4565 3555 Adjectivum

2864 3582 3073 3632 autem
3104 3573 3292 3653 πρᾷος
3318 3567 3401 3632 ad
3429 3591 3645 3631 vocem
3689 3568 3950 3650 ἀτραπὸς
3991 3583 4056 3634 et
4088 3569 4249 3633 ratio
4292 3570 4568 3637 admittit

2863 3687 2928 3736 et
2961 3672 3277 3758 scriptoris
3324 3690 3473 3735 usus
3514 3686 3747 3749 tuetur,
3777 3673 3889 3757 qui
3936 3671 4086 3736 alibi
4112 3671 4325 3760 dixit:
4374 3678 4565 3759 πρᾷον

2863 3772 3151 3853 βάδισμα,
3184 3774 3440 3858 πρᾳότης
3475 3774 3718 3853 πορείας
3755 3788 3818 3836 et
3860 3771 4099 3838 similia.
4194 3774 4459 3839 Proclus
4498 3776 4561 3840 in

2867 3875 3150 3940 Platonis
3196 3874 3554 3939 Parmenid.
3598 3877 3657 3939 1.
3710 3898 3773 3961 p.
3805 3891 3915 3958 47.
3968 3875 4072 3941 ed.
4115 3876 4408 3942 Cousin.:
4457 3879 4565 3958 τὴν

2822 3960 2831 3967 “
2858 3979 2988 4042 οἷον
3018 3977 3255 4042 εὐθεῖαν
3285 3976 3550 4058 ἀτραπὸν
3581 3975 3672 4041 ἐπ’
3707 3976 3849 4041 αὐτὸ
3880 3977 3950 4041 τὸ
3987 3979 4206 4058 ἀληθὲς
4233 3979 4562 4061 φέρουσαν.

2858 4079 3040 4143 Idem
3072 4081 3137 4143 in
3170 4080 3375 4144 Alcib.
3408 4101 3503 4166 pr.
3538 4101 3603 4166 p.
3624 4080 3776 4164 306.
3806 4078 3909 4142 ed.
3940 4094 4132 4144 nostr.
4166 4095 4431 4168 usurpat
4458 4086 4563 4149 τὰς

2858 4186 3226 4249 διαλεκτικὰς
3254 4182 3755 4263 ἀτραπούς.-Πι
3783 4202 3936 4245 vero
3976 4181 4061 4245 ad
4104 4181 4426 4248 Plotinum
4473 4205 4566 4247 re-

2859 4297 3066 4347 vertar
3090 4309 3104 4347 :
3143 4283 3372 4371 Scripsi
3393 4283 3691 4363 αὐτομάτη
3718 4282 4128 4370 plurimorum
4157 4285 4367 4350 Codd.
4376 4286 4559 4373 jussu

2860 4407 2975 4472 pro
3005 4384 3333 4470 αὐτομάτῳ,
3366 4385 3540 4472 quod
3568 4384 3632 4448 in
3666 4384 3791 4449 Ed.
3824 4383 4073 4471 legitur.

2944 4509 3006 4573 p.
3042 4488 3189 4571 805,
3225 4507 3323 4567 14.
3370 4488 3464 4551 καὶ
3510 4490 3627 4569 γὰρ
3665 4489 3758 4550 ὅτι
3794 4489 3939 4570 ἐρᾷν
3971 4489 4302 4569 πεφύκασι,
4350 4491 4445 4554 καὶ
4487 4494 4561 4555 τὸ

2859 4590 3005 4672 ἑρᾷν
3033 4594 3318 4653 ποιοῦντα
3340 4589 3503 4653 ἕλκει
3529 4588 3677 4671 πρὸς
3699 4591 3961 4667 ἄλληλα,
3987 4590 4141 4668 ἀλκὴ
4171 4592 4444 4672 ἐρωτικῆς
4466 4596 4561 4657 διὰ

2859 4691 3134 4773 γοητείας
3152 4689 3367 4774 τέχνης
3382 4690 3756 4779 γεγένηται]
3805 4690 4010 4755 Codd.
4044 4693 4287 4756 Marce.
4320 4694 4557 4760 utrobi·

2859 4815 3020 4878 que:
3070 4795 3218 4876 δρᾷν
3247 4815 3364 4878 pro
3396 4794 3564 4876 ἑρᾷν,
3595 4792 3824 4856 deinde
3854 4792 4048 4857 editio
4079 4795 4206 4857 ἐκεῖ
4229 4816 4347 4881 pro
4374 4796 4557 4861 ἕλκει.

2859 4896 3103 4960 Eadem
3129 4897 3301 4975 ἀλκῆ,
3329 4897 3567 4959 Marce.
3589 4897 3761 4976 ἀλκῇ.
3794 4895 3977 4961 Med.
4001 4899 4080 4960 B.
4102 4899 4306 4976 ἀλκῆς.
4349 4898 4560 4964 Villoi-

2858 5022 2968 5063 son
3000 4999 3119 5085 legi
3149 4998 3420 5086 jubebat
3449 5000 3600 5080 ἀλκῇ
3633 5001 3895 5082 ἐρωτικῇ.
3983 5001 4131 5087 Ego
4163 5022 4306 5064 cum
4339 5001 4561 5067 Ficino

2859 5101 3105 5188 reposui
3126 5100 3278 5179 ἀλκὴ
3302 5103 3594 5182 ἐρωτικῆς.
3618 5101 3826 5165 Verba
3848 5117 3913 5166 et
3928 5101 4261 5166 sententias
4277 5103 4449 5188 quod
4467 5121 4560 5169 at-

2858 5203 3013 5268 tinet
3041 5203 3255 5267 confer
3274 5203 3439 5266 infra
3460 5225 3530 5290 p.
3550 5205 3697 5289 438.
3721 5207 3777 5268 B
3802 5229 3817 5268 :
3851 5201 3888 5283 ἦ
3910 5207 4229 5284 ἑλκόμενος
4257 5206 4329 5269 οὐ
4347 5206 4557 5289 μάγων

2855 5305 3116 5388 τέχναις,
3160 5306 3327 5369 ἀλλὰ
3365 5309 3466 5385 τῆς
3504 5306 3745 5388 φύσεως
3790 5309 3892 5384 τῆς
3935 5305 4160 5386 ἀπάτης
4202 5307 4419 5387 δούσης
4463 5310 4559 5373 καὶ

2856 5408 3217 5491 σ-υναψάσ-ης
3246 5410 3404 5473 ἄλλο
3433 5409 3581 5490 πρὸς
3610 5411 3767 5473 ἀλλο
3799 5410 3869 5473 οὗ
3898 5414 4021 5477 τοῖς
4049 5411 4271 5483 τόποις,
4296 5411 4436 5474 ἀλλ’
4469 5413 4558 5481 οἷς

2859 5512 3039 5577 ἔδωκε
3068 5513 3343 5594 φίλτροις
3363 5536 3381 5588 ;
3426 5523 3490 5575 et
3522 5512 3582 5574 I.
3610 5531 3673 5593 4.
3707 5531 3768 5591 9.
3818 5532 3885 5598 p.
3915 5530 4023 5595 35.
4056 5512 4139 5574 D.
4182 5527 4245 5575 et
4288 5535 4437 5597 quae
4469 5514 4558 5579 ibi
