5118 6613
1064 519 1191 604 382

1066 689 1369 778 expressit
1397 687 1581 753 etiam
1615 683 1870 749 Ficinus
1908 701 1972 749 et
1999 684 2146 749 huic
2174 682 2311 749 loco
2338 683 2764 748 accommoda-

1066 794 1191 859 tius
1218 791 1522 857 existimo.
1581 788 1725 854 vid.
1751 787 1831 852 de
1852 787 1968 852 hac
1990 786 2352 852 confusione
2380 809 2573 874 supra
2598 785 2766 851 dicta

1062 897 1142 962 ad
1174 920 1318 984 pag.
1348 916 1494 981 494.
1527 895 1614 957 A.
1647 891 1827 955 infra.

1148 1023 1211 1087 p.
1253 999 1438 1076 1281,
1468 1017 1532 1082 3.
1606 999 1787 1063 οὕτως
1841 992 2255 1075 ὠνομάσαμεν,
2310 996 2402 1059 ὅτι
2451 996 2759 1076 ἀσώματα,

1063 1106 1259 1169 ἄλλον
1303 1105 1367 1167 δὲ
1409 1104 1630 1185 τρόπον
1675 1102 1744 1164 ἐν
1785 1098 2159 1184 ἆντιλήψει.]
2213 1100 2446 1185 Margo
2487 1098 2664 1164 Edit.
2697 1114 2761 1163 et

1063 1209 1268 1271 Marc.
1306 1207 1379 1270 B.
1417 1205 1732 1285 ὠνόμασεν
1778 1201 1937 1285 (scil.
1980 1201 2163 1266 Plato
2205 1202 2270 1267 in
2317 1203 2622 1288 Timaeo),
2650 1203 2760 1268 sed

1059 1309 1283 1396 reliqui
1312 1331 1527 1374 omnes
1555 1308 1616 1372 in
1650 1306 1905 1394 vulgata
1933 1306 2290 1393 persistunt.
2382 1307 2463 1371 In
2497 1328 2757 1393 sequen-

1060 1413 1230 1478 tibus
1261 1412 1518 1477 Ficinus
1556 1409 1897 1498 expressit:
1941 1410 2033 1473 ὅτι
2062 1410 2308 1489 σώματα
2334 1411 2465 1489 μὲν,
2498 1423 2562 1473 et
2595 1407 2756 1473 hanc

1057 1515 1378 1580 lectionem
1412 1514 1796 1602 recepissem,
1821 1534 1985 1577 unus
2013 1511 2202 1576 modo
2231 1511 2279 1576 si
2310 1511 2506 1576 codex
2537 1512 2756 1576 suffra-

1054 1633 1331 1706 garetur.
1425 1619 1587 1681 Mox
1618 1639 1762 1682 cum
1795 1615 2135 1680 Marcianis
2163 1614 2414 1680 duobus
2441 1630 2504 1680 et
2535 1614 2756 1680 Ficino

1056 1720 1270 1809 scripsi
1318 1718 1693 1801 ὠνομάζομεν
1731 1742 1850 1807 pro
1894 1718 2155 1806 vulgato
2200 1718 2580 1799 ὀνομάζομεν.
2672 1719 2752 1783 In

1054 1824 1218 1889 linea
1266 1821 1778 1911 antepaenultima
1820 1822 2014 1910 hujus
2062 1821 2283 1908 capitis
2334 1821 2594 1886 Ficinus
2641 1845 2751 1886 ex-

1053 1927 1274 2016 pressit
1299 1926 1731 2007 ἆντιληπτικὸς,
1753 1940 1816 1990 et
1835 1948 2053 2013 reapse
2080 1939 2192 1989 aut
2213 1925 2303 1989 ita
2330 1924 2751 2002 scribendum,

1051 2045 1161 2096 aut
1208 2030 1371 2095 linea
1410 2029 1801 2118 praecedente
1846 2052 1990 2094 cum
2034 2027 2195 2093 libro
2239 2027 2376 2093 Ciz.
2414 2025 2748 2115 legendum

1052 2135 1147 2199 καὶ
1174 2139 1363 2199 τοῦτο.
2132 2133 2138 2140 ’

1134 2273 1218 2288 --
1258 2257 1359 2318 14.
1414 2239 1504 2301 ὅτι
1545 2240 1810 2320 ὑπῆρχεν
1851 2238 2033 2300 ἵππου
2078 2234 2461 2314 νόησις-καὶ
2502 2233 2616 2317 οὐχ
2650 2235 2749 2299 ἵνα

1048 2340 1290 2422 γένηται
1336 2339 1568 2421 ἐνοήθη,
1601 2340 1673 2404 οὗ
1698 2339 1844 2422 πρὸς
1876 2342 1952 2403 τὰ
1984 2342 2122 2419 τῇδε
2149 2336 2400 2418 βλέπων
2431 2335 2743 2420 εἶχε-ἵπ-

1046 2443 1192 2530 πον]
1243 2444 1346 2507 Ita
1375 2442 1730 2530 scripsimus
1757 2438 2124 2506 auctoritate
2144 2437 2559 2527 plurimorum
2586 2460 2747 2525 prae-

1044 2544 1690 2634 stantissimorut'nque
1735 2545 2041 2610 Codicum
2089 2558 2154 2608 et
2199 2541 2394 2630 ipsius
2440 2539 2744 2606 Platonis.

1047 2648 1129 2712 In
1164 2648 1265 2711 ed.
1302 2661 1396 2712 est
1440 2651 1510 2714 οὗ
1536 2649 1650 2732 πρὸ
1680 2676 1731 2713 τ.
1762 2676 1816 2714 τ.
1846 2656 1955 2729 βλ.
2048 2645 2563 2712 obversabantur
2593 2643 2741 2709 Plo-

1045 2750 1176 2814 tino
1197 2751 1332 2815 haec
1354 2752 1644 2817 scribenti
1667 2753 1856 2817 verba
1880 2749 2109 2815 Timaei
2137 2747 2443 2814 Platonici
2471 2771 2534 2835 p.
2562 2766 2664 2832 29.
2684 2770 2739 2811 a.

1042 2875 1109 2939 p.
1136 2872 1239 2932 24.
1315 2853 1550 2919 Bekk.:
1601 2858 1654 2919 εἰ
1681 2858 1794 2935 μὲν
1821 2856 1892 2936 δὴ
1923 2857 2103 2921 καλός
2133 2855 2300 2917 ἐστιν
2328 2853 2430 2915 ὅδε
2457 2853 2490 2914 ὁ
2523 2850 2743 2930 κόσμος

1043 2955 1166 3029 ὅπε
1218 2958 1562 3039 δημιουργὸς
1612 2958 1852 3040 ἀγαθὸς,
1900 2962 2084 3037 δῆλον
2128 2957 2207 3024 ὣς
2247 2953 2395 3036 πρὸς
2436 2952 2504 3016 τὸ
2549 2952 2741 3017 ἀΐδιον

1044 3059 1323 3136 ἔβλεπεν.
1391 3061 1445 3124 εἰ
1489 3063 1572 3136 δὲ,
1619 3059 1654 3124 ὃ
1698 3058 1828 3141 μηδ’
1876 3063 2065 3124 εἰπεῖν
2106 3084 2222 3122 τινι
2266 3056 2449 3136 θέμις,
2479 3055 2627 3138 πρὸς
2669 3055 2737 3120 τὸ

1041 3161 1292 3243 γεγονὸς
1320 3189 1371 3225 κ.
1394 3188 1445 3226 τ.
1468 3170 1532 3227 λ.
1620 3165 1916 3230 Ceterum
1947 3161 2048 3226 hic
2080 3159 2311 3226 Plotini
2353 3157 2527 3223 locus
2563 3180 2734 3222 com·

1039 3262 1242 3349 parari
1269 3262 1455 3330 debet
1477 3288 1620 3330 cum
1642 3265 1893 3354 gemino
1916 3288 2107 3354 supra
2123 3266 2204 3330 V.
2224 3267 2284 3330 6.
2307 3265 2370 3329 6.
2401 3286 2464 3351 p.
2486 3263 2733 3349 538.A.

1039 3366 1149 3430 ubi
1189 3365 1350 3431 idem
1396 3367 1751 3456 exemplum
1784 3383 2120 3434 tractatur:
2168 3370 2363 3443 ἵππος,
2395 3370 2577 3431 ἵππου
2606 3368 2740 3447 νόη-

1039 3496 1133 3539 σις
1164 3473 1491 3558 (ἱππότης).
1586 3473 1687 3538 Cf.
1714 3472 1899 3538 etiam
1932 3495 1993 3560 p.
2013 3490 2164 3557 542.
2192 3472 2280 3535 D.
2311 3468 2465 3556 ibiq.
2490 3470 2733 3533 Annot.

1122 3596 1189 3661 p.
1227 3578 1412 3653 1282,
1451 3595 1552 3639 10.
1595 3575 1664 3640 τὸ
1691 3578 1807 3659 γὰρ
1834 3579 2059 3655 πλῆθος
2089 3575 2157 3638 ἐν
2186 3573 2485 3655 ἐλλείψει.
2533 3572 2597 3634 τί
2630 3572 2739 3636 οὖν

1037 3679 1250 3742 κωλύει
1298 3679 1480 3743 δυάδα
1522 3679 1676 3744 εἶναι
1724 3707 1776 3744 κ.
1795 3704 1850 3742 τ.
1871 3680 1966 3768 λ.]
2030 3677 2175 3741 Vid.
2223 3699 2369 3763 quae
2421 3696 2613 3760 supra
2657 3673 2738 3738 de

1034 3779 1199 3844 δυάδι
1235 3794 1297 3844 et
1336 3782 1534 3862 πρώτῃ
1566 3778 1878 3864 ἑτερότητι,
1910 3803 2056 3867 quae
2099 3792 2163 3844 et
2191 3781 2386 3858 τόλμα
2416 3777 2738 3866 Pythago-

1032 3881 1152 3945 reis
1180 3881 1493 3969 appellata
1519 3899 1634 3963 est,
1663 3882 2098 3948 annotavimus
2125 3880 2207 3946 ad
2242 3905 2307 3969 p.
2332 3901 2480 3965 494.
2512 3882 2602 3946 A.
2635 3880 2730 3944 in-

1030 3983 1146 4048 fra.
1238 3986 1404 4048 Cum
1455 3985 1646 4072 hujus
1693 3985 1913 4072 capitis
1958 3986 2079 4050 fine
2127 3996 2428 4074 praeterea
2477 4007 2729 4072 compa-

1031 4085 1227 4150 randa
1272 4101 1437 4166 sunt,
1467 4110 1612 4173 quae
1643 4085 1934 4151 Plotinus
1960 4086 2302 4174 disputavit
2340 4087 2404 4151 in
2433 4086 2629 4152 libro:
2678 4090 2734 4152 εἰ

1030 4194 1219 4253 πᾶσαι
1247 4190 1443 4273 ψυχαὶ
1470 4191 1612 4270 μίας
1650 4190 1769 4253 IV.
1796 4210 1857 4274 9.
1934 4190 2233 4254 Ceterum
2262 4189 2398 4254 haec
2428 4190 2477 4254 si
2508 4189 2732 4278 legeris

1029 4292 1093 4356 in
1125 4290 1503 4370 Aristotelis,
1536 4292 1584 4356 si
1615 4291 1757 4356 Diis
1798 4290 2024 4380 placet,
2054 4290 2228 4355 libris
2266 4291 2346 4356 de
2377 4291 2731 4378 Theologia

1030 4396 1485 4484 AEgyptiorum
1535 4395 1644 4480 (de
1686 4419 1818 4483 quo
1859 4394 1995 4459 fetu
2040 4417 2232 4482 supra
2273 4393 2511 4458 dictum
2556 4408 2650 4457 est
2687 4417 2727 4459 a

1027 4498 1206 4563 nobis
1233 4499 1297 4562 in
1325 4513 1534 4563 annot.
1559 4498 1641 4562 ad
1672 4498 1863 4586 hujus
1890 4496 2033 4562 libri
2061 4522 2115 4562 c.
2145 4498 2287 4562 111.
2316 4496 2454 4562 init.
2485 4520 2550 4583 p.
2572 4500 2720 4583 695.

1024 4600 1198 4686 infr.)
1248 4600 1399 4665 Lib.
1430 4602 1613 4666 XIV.
1660 4624 1714 4665 c.
1752 4620 1824 4684 7:
1885 4600 2343 4665 “Animalium
2396 4601 2720 4666 irrationa-

1023 4702 1198 4780 lium,
1230 4703 1584 4783 brutorum,
1615 4703 1957 4769 multitudo
1997 4705 2063 4769 in
2101 4706 2252 4771 orbe
2287 4705 2586 4791 (mundo)
2625 4705 2719 4770 in-

1022 4806 1353 4872 tellectuali
1398 4821 1512 4885 est,
1542 4808 1694 4895 quia
1735 4823 1953 4872 auctor
1981 4831 2145 4872 unus
2172 4820 2285 4887 est,
2317 4824 2381 4872 et
2409 4806 2717 4872 mundum

1021 4933 1217 4975 unum
1264 4910 1516 4989 creavit,
1550 4925 1613 4974 et
1656 4926 1930 4975 creatum
1976 4911 2273 4998 primum,
2299 4934 2440 4974 cum
2468 4933 2596 4976 non
2632 4913 2721 4975 sit

1013 5015 1234 5078 unitas
1276 5013 1414 5099 efjus
1455 5014 1715 5101 (equalis
1753 5016 1992 5078 unitati
2028 5017 2352 5094 creatoris,
2382 5024 2555 5079 creat
2575 5016 2718 5101 plu-

1015 5138 1094 5180 ra
1112 5118 1171 5181 :⁹⁹
1213 5116 1348 5180 haec
1389 5114 1587 5202 igitur
1627 5115 1673 5178 si
1720 5113 1962 5202 legeris,
1995 5114 2257 5180 fidenter
2286 5139 2527 5181 mecum
2569 5138 2714 5204 pro·

1013 5218 1360 5284 nuntiabis:
1415 5233 1529 5282 aut
1571 5215 1894 5281 Plotinum
1937 5216 1994 5280 ei
2040 5217 2324 5305 scriptori
2368 5218 2715 5285 lectitatum

1013 5321 1223 5399 fuisse,
1248 5335 1361 5384 aut
1390 5335 1730 5405 utrumque
1759 5341 1837 5382 ex
1870 5341 1996 5382 uno
2027 5320 2373 5408 eodemque
2399 5322 2714 5388 orientalis

1011 5422 1180 5487 haud
1225 5423 1418 5488 dubie
1460 5421 1896 5510 philosophiae,
1927 5420 2100 5487 fonte
2141 5422 2302 5489 banc
2343 5425 2707 5491 sententiam

1012 5526 1308 5595 hausisse.

2040 510 2865 577 ANNOTATIONES
2930 512 3044 576 IN
3112 510 3567 578 PLOTINI

2936 708 3001 771 p.
3038 686 3224 771 1283,
3262 704 3364 770 13.
3415 685 3507 751 ἔνι
3545 686 3662 769 γάρ
3700 711 3826 755 πως
3865 687 3961 751 καὶ
3996 692 4118 755 τοῖς
4145 687 4361 756 ἄλλοις
4386 690 4552 766 ζώοις

2848 791 3054 854 πολλὰ
3082 788 3345 856 διανοίας
3374 788 3579 877 ἔργω]
3625 788 3935 854 Omnibus
3965 788 4340 856 animalibus
4368 791 4556 857 ratio-

2850 912 2992 955 nem
3028 907 3315 978 agentem
3354 889 3725 955 attribuerat
3754 893 4170 979 Anaxagoras
4202 891 4421 976 (λόγον
4453 896 4550 959 ἑν-

2852 992 3216 1078 εργητικὸν),
3247 1007 3403 1059 teste
3446 993 3813 1074 Plutarcho,
3840 994 3953 1082 qui
3994 995 4220 1075 fertur,
4252 997 4356 1062 De
4400 996 4547 1062 Pla-

2846 1096 2979 1163 citt.
3009 1097 3478 1186 Philosophorr.
3506 1099 3582 1163 V.
3612 1116 3713 1162 20.
3743 1120 3810 1185 p.
3838 1099 3983 1162 668.
4011 1099 4350 1185 Wyttenb.
4420 1099 4549 1166 Sed

2848 1214 3057 1264 tamen
3088 1199 3377 1265 Plotinus
3408 1200 3835 1289 Pythagoram
3869 1200 4327 1290 Platonemque
4354 1203 4423 1268 in
4450 1202 4550 1269 his

2845 1304 3112 1369 maxime
3158 1304 3335 1392 sequi
3378 1303 3644 1369 videtur.
3738 1303 3919 1367 Idem
3968 1304 4230 1393 scriptor
4271 1305 4542 1372 ibidem:

2843 1405 3222 1491 Πυθαγόρας,
3241 1407 3524 1481 Πλάτων,
3544 1409 3793 1490 λογικὰς
3813 1409 3927 1488 μὲν
3949 1408 4103 1474 εἶναι
4131 1412 4229 1475 καὶ
4257 1416 4375 1475 τῶν
4396 1411 4544 1475 &Ad-

2841 1535 2968 1592 γων
2996 1511 3157 1587 ζώων
3199 1509 3582 1590 καλουμένων
3622 1513 3728 1577 τὰς
3762 1513 3989 1594 ψυχας,
4022 1512 4092 1575 οὗ
4133 1512 4253 1592 μὴν
4294 1519 4549 1596 λογικῦς

2844 1614 3205 1694 ἐνεργούσας
3242 1610 3403 1695 παρὰ
3440 1611 3549 1691 τὴν
3582 1615 3949 1695 δυσκρασίαν
3975 1620 4095 1679 τῶν
4130 1616 4421 1697 σωμάτων
4451 1618 4547 1683 καὶ

2839 1715 2909 1780 τὸ
2948 1717 3029 1796 μὴ
3073 1716 3238 1800 ἔχειν
3277 1716 3348 1780 τὸ
3388 1715 3738 1799 φραστικὸν,
3772 1717 3975 1798 ὥσπερ
4006 1716 4103 1781 ἐπὶ
4138 1723 4258 1782 τῶν
4284 1717 4545 1798 πιθήκων

2842 1819 2938 1883 καὶ
2973 1825 3091 1883 τῶν
3130 1825 3337 1894 κυνῶν,
3368 1823 3632 1883 λαλοῦσι
3656 1820 3768 1899 μὲν
3795 1822 3912 1902 γὰρ
3942 1819 4123 1899 οὗτοι,
4155 1821 4227 1884 οὗ
4254 1820 4543 1903 φράζουσι

2837 1921 2921 1986 δέ.
2998 1923 3100 1986 De
3128 1922 3511 1987 animalibus
3544 1920 3951 1986 rationalibus
3988 1936 4052 1986 et
4080 1921 4541 1989 irrationalibus

2836 2023 3116 2111 disputat
3147 2024 3332 2089 Plato
3359 2024 3425 2089 in
3458 2023 3722 2089 Politico
3751 2047 3811 2111 p.
3841 2027 3986 2110 263.
4015 2049 4083 2113 p.
4112 2042 4257 2112 259.
4332 2025 4536 2092 Bekk.

2833 2127 3059 2208 obiter,
3111 2143 3172 2194 et
3225 2143 3512 2194 accurate
3565 2126 3920 2215 Simplicius
3968 2127 4032 2192 in
4085 2128 4412 2194 Aristotel.
4456 2129 4537 2194 de

2835 2230 3053 2294 Anim.
3106 2232 3249 2295 ΙΙΙ.
3316 2233 3482 2296 Sect.
3530 2249 3590 2297 2.
3648 2253 3742 2295 nr.
3783 2251 3892 2317 57.
4005 2232 4401 2321 Porphyrius
4456 2233 4538 2299 de

2834 2333 3237 2398 Abstinentia
3268 2334 3411 2399 111.
3454 2336 3550 2397 16.
3589 2347 3653 2399 et
3694 2334 3941 2421 passim.
4035 2335 4271 2401 Confer
4298 2336 4380 2402 de
4416 2337 4536 2404 hoc

2832 2450 3202 2522 argumento
3246 2450 3649 2523 exponentes,
3690 2429 4125 2503 recentiorum
4152 2463 4430 2528 quoque,
4461 2456 4536 2507 ut

2833 2537 3119 2616 Cartesii,
3150 2537 3390 2602 ratione
3425 2539 3662 2618 habita,
3696 2540 4156 2607 Cudworthum
4186 2561 4251 2610 et
4279 2546 4535 2612 Mcshe-

2831 2639 3025 2704 mium
3055 2640 3119 2704 in
3152 2641 3418 2728 System.
3448 2639 3742 2707 intellect.
3775 2644 3836 2708 1.
3859 2661 3967 2729 37.
3994 2668 4055 2733 p.
4082 2667 4188 2732 54.
4221 2671 4358 2736 sqq.

2914 2767 2979 2832 p.
3021 2746 3209 2830 1285,
3239 2764 3303 2830 5.
3359 2744 3847 2828 οἷον-ἀνεφάνη
3878 2746 4028 2826 ὄνυξ
4054 2750 4151 2813 καὶ
4178 2749 4248 2814 τὸ
4274 2753 4528 2835 γαμψώ-

2829 2873 3014 2933 νυχον
3041 2847 3078 2930 ἢ
3108 2850 3176 2913 τὸ
3207 2845 3611 2933 καρχαρόδουν
3638 2847 3676 2929 ἢ
3705 2848 3945 2932 κέρατος
3974 2852 4185 2939 φύσις]
4235 2860 4278 2891 “
4299 2853 4531 2931 Quem-

2824 2950 3568 3040 admodum—apparuit
3626 2952 3857 3039 unguis
3911 2966 3975 3018 et
4023 2955 4196 3041 quod
4254 2956 4533 3025 aduncos

2828 3075 3071 3141 ungues
3102 3054 3294 3120 babet
3318 3054 3420 3120 vel
3448 3054 3622 3142 quod
3652 3072 3916 3121 serratos
3948 3056 4167 3123 dentes
4194 3058 4294 3123 vel
4332 3083 4529 3127 cornu

2824 3159 3108 3221 natura.''
3172 3158 3280 3234 Ita
3307 3157 3389 3222 ad
3416 3158 3680 3223 verbum
3710 3157 3815 3223 hic
3846 3157 4019 3231 locus
4041 3161 4378 3228 vertendus
4406 3180 4525 3244 est,

2822 3282 3012 3347 quem
3074 3257 3331 3325 liberius
3391 3260 3679 3326 tractavit
3734 3260 4017 3343 Ficinus‚
4077 3264 4190 3352 qui
4245 3276 4526 3334 rostrum

2822 3361 3007 3427 etiam
3055 3362 3428 3451 interposuit
3471 3365 3654 3451 cujus
3698 3365 3765 3429 in
3807 3365 3982 3431 libris
4027 3369 4228 3435 MSS.
4279 3370 4525 3437 nullum

2821 3463 3174 3552 vestigium.
3267 3465 3583 3531 Nimirum
3637 3467 3986 3533 universam
4014 3472 4235 3559 magis
4284 3488 4526 3541 senten-

2823 3566 2973 3632 tiam
3016 3568 3083 3633 in
3127 3567 3357 3633 talibus
3400 3582 3677 3655 spectare
3722 3570 3879 3636 solet
3922 3573 4267 3641 Marsilius.
4344 3580 4527 3643 Cete-

2824 3693 2988 3751 rum,
3019 3694 3099 3737 ne
3143 3671 3403 3737 fortasse
3445 3673 3614 3740 ὀδοὺς
3657 3673 3958 3739 excidisse
3999 3692 4204 3764 putes,
4235 3702 4349 3745 nec
4384 3681 4524 3769 ejus

2823 3775 2991 3839 vocis
3022 3774 3219 3840 ullum
3248 3775 3578 3863 vestigium
3608 3775 3675 3839 in
3705 3776 3878 3841 libris
3905 3798 4245 3867 comparet,
4274 3799 4339 3848 et
4369 3784 4517 3849 Plo·

2819 3877 2987 3943 tinus
3024 3900 3147 3942 non
3178 3901 3396 3942 curare
3440 3878 3593 3943 solet
3633 3879 4052 3966 aequalitatem
4092 3884 4515 3953 membrorum

2819 3979 3132 4046 orationis.
3205 3980 3316 4045 Ad
3345 3981 3413 4045 τὸ
3442 3984 3855 4067 γαμψώνυχον
3884 3986 4189 4053 consulito
4218 3992 4517 4057 Eustath.

2816 4098 2881 4150 et
2930 4083 3232 4172 Apollon.
3285 4086 3447 4149 Lex.
3497 4087 3696 4149 Hom.
3743 4085 3894 4174 ibiq.
3941 4087 4261 4157 Villoison.
4310 4116 4375 4181 p.
4409 4095 4512 4158 68.

2818 4186 3036 4267 Tollii,
3080 4188 3163 4252 ad
3205 4187 3340 4253 haec
3384 4195 3585 4275 poetoe
3630 4188 3860 4276 Odyss.
3901 4191 4000 4255 11.
4036 4210 4185 4277 217:
4251 4200 4439 4278 φῆναι
4476 4195 4515 4277 ἣ

2817 4294 3077 4373 αἰγύπιοι
3125 4292 3542 4375 γαμψώνυχες.
3632 4291 3917 4356 Alteram
3979 4308 4188 4360 autem
4244 4296 4512 4366 formam

2814 4393 3185 4459 Aristoteles
3227 4393 3510 4482 agnoscit
3536 4395 3638 4458 De
3665 4394 3894 4481 partib.
3935 4397 4237 4465 Animall.
4270 4402 4367 4466 11.
4410 4423 4507 4490 13.

2812 4519 2877 4584 p.
2907 4516 3014 4577 42.
3063 4495 3274 4582 Sylb.:
3339 4509 3675 4584 utramque
3721 4498 3838 4561 IV.
3880 4512 3974 4564 12.
4022 4523 4087 4587 p.
4126 4521 4265 4588 119.
4345 4507 4510 4570 Iam-

2809 4600 2994 4666 blich.
3065 4602 3379 4688 Protrept.
3446 4600 3511 4665 in
3581 4600 3889 4689 Symboll.
3954 4604 4274 4695 Pythagg.
4335 4610 4506 4674 XX.

2808 4727 2871 4792 p.
2903 4706 3051 4791 348.
3089 4702 3352 4769 Kiessl.:
3414 4704 3481 4768 τὸ
3534 4706 3599 4769 δὲ
3640 4706 4056 4790 γαμψώνυχον
4096 4710 4282 4788 μηδὲν
4321 4710 4508 4794 παρά-

2766 4868 2773 4873 .
2807 4816 2992 4892 τρεφε
3011 4809 3571 4891 πυθαγωρικώτερον
3592 4809 4027 4888 συμβουλεύεις
4065 4833 4212 4896 quae
4236 4835 4506 4899 sequun-

2806 4926 2912 4976 tur
2940 4934 3132 4999 supra
3160 4909 3560 4976 tractavimus
3588 4909 3671 4974 ad
3705 4911 3822 4974 IV.
3850 4927 3917 4995 5.
3951 4930 4011 4977 2.
4057 4935 4125 5000 p.
4154 4932 4304 4995 442.
4335 4916 4505 4981 Β..-

2805 5013 3229 5099 Καρχαρόδουν
3293 5035 3421 5079 non
3493 5028 3609 5094 est,
3664 5013 3839 5101 quod
3909 5014 4292 5103 explicemus
4361 5036 4503 5106 post

2805 5116 3166 5181 Schneideri
3194 5130 3490 5181 annotata
3514 5116 3580 5180 in
3608 5115 3967 5182 Aristotelis
3997 5118 4167 5184 Hist.
4200 5120 4501 5187 Animall.

2803 5220 2901 5285 11.
2932 5241 2995 5306 3.
3033 5221 3093 5285 8.
3125 5243 3190 5308 p.
3223 5221 3330 5301 84.
3419 5221 3522 5285 De
3549 5219 3775 5286 tralato
3804 5243 3922 5285 usu
3952 5244 4177 5286 vocum
4210 5223 4501 5308 κάρχαρος

2800 5337 2863 5387 et
2907 5322 3304 5408 καρχαρόδους
3344 5323 3527 5389 docte
3568 5322 3699 5409 egit
3731 5322 3936 5389 Carol.
3970 5324 4148 5389 Frid.
4182 5327 4499 5393 Herman-

2797 5447 2918 5489 nus
2947 5440 3156 5490 noster
3179 5425 3260 5491 ad
3291 5426 3559 5491 Lucian.
3595 5428 3698 5499 De
3731 5426 4029 5492 conscrib.
4061 5426 4277 5495 histor.
4308 5455 4363 5496 c.
4385 5453 4493 5519 43.

2797 5550 2862 5615 p.
2896 5530 3038 5597 261.
3069 5551 3162 5616 sq.
3261 5527 3444 5594 Adde
3485 5527 4038 5618 Lexicographum
4086 5528 4153 5595 in
4199 5533 4494 5618 καρχαρό-
