5118 6613
1005 520 1136 605 360

1012 691 1149 755 haec
1178 689 1368 754 verba
1395 686 1746 753 addiderit:
1793 697 1866 752 ut
1895 686 2311 751 Parmenides
2337 688 2453 764 ait,
2476 686 2536 750 Τ
2535 684 2713 774 aylor

1012 793 1078 858 in
1124 792 1401 858 versione
1451 791 1586 856 haec
1634 789 1929 879 adposuit
1988 788 2231 854 uncinis
2285 788 2523 853 inclusa
2554 813 2570 853 ε
2638 811 2713 853 as

1014 894 1429 960 Parmenides
1468 914 1655 979 says:
1705 892 1975 957 addens:
2027 899 2071 931 ‘⁶
2096 891 2244 955 The
2288 890 2511 968 words,
2558 892 2635 958 ὡς
2678 892 2711 954 ὁ

1015 1000 1387 1080 Παρμενίδης
1414 997 1587 1080 φησὶ,
1618 1019 1723 1060 are
1766 995 2026 1061 omitted
2052 994 2114 1058 in
2148 994 2254 1059 the
2282 993 2568 1081 original,
2596 994 2711 1078 but

1014 1098 1218 1187 ought
1273 1115 1338 1164 to
1390 1098 1469 1164 be
1517 1098 1810 1177 inserted,
1861 1123 1929 1163 as
1978 1098 2031 1162 is
2087 1096 2340 1162 evident
2390 1098 2552 1163 from
2605 1096 2713 1160 the

1017 1225 1219 1267 verses
1245 1201 1321 1266 of
1345 1201 1751 1267 Parmenides
1788 1202 1950 1266 cited
1989 1201 2075 1288 by
2109 1199 2465 1289 Simplicius
2505 1200 2569 1264 in
2616 1199 2713 1263 his

1018 1308 1463 1392 Commentary
1514 1328 1595 1370 on
1654 1305 1762 1370 the
1820 1306 1954 1369 first
2011 1302 2176 1368 book
2235 1303 2310 1368 of
2360 1301 2714 1367 Aristotle's

1017 1408 1300 1497 Physics.
1367 1408 1624 1473 Ficinus
1651 1408 1782 1473 also
1814 1408 1876 1471 in
1907 1407 2004 1471 his
2033 1406 2272 1470 version
2304 1405 2418 1469 has
2445 1414 2518 1469 ut
2546 1405 2714 1468 Par-

1015 1512 1289 1576 menides
1337 1512 1662 1576 ait.”—In
1716 1510 1959 1575 Latinis
2009 1509 2247 1574 correxi
2294 1507 2357 1572 in
2410 1530 2581 1594 seqq.
2634 1530 2710 1572 ex

1014 1614 1142 1679 Ed.
1177 1637 1303 1702 pr.:
1357 1637 1485 1678 nac
1514 1616 1720 1702 ipsius
1748 1616 1981 1678 am'moe.
2007 1622 2246 1677 natura
2275 1634 2391 1699 pro
2417 1633 2512 1674 ac.

1101 1740 1166 1804 p.
1199 1737 1222 1779 1
1243 1718 1383 1800 187,
1416 1737 1514 1781 11.
1544 1715 1690 1800 πρὸς
1720 1717 1971 1804 ἄογκον]
2023 1717 2129 1780 Ita
2154 1714 2393 1779 correxi
2423 1736 2506 1778 ex
2532 1710 2712 1777 bonis

1013 1819 1188 1884 libris
1233 1825 1379 1907 (pro
1417 1822 1672 1904 d'yxov):
1719 1821 1806 1884 ad
1853 1844 1983 1883 ΝοΝ
2030 1819 2267 1897 molem,
2312 1816 2443 1881 sive
2487 1817 2575 1880 ad
2618 1816 2709 1894 id,

1013 1924 1178 2012 quod
1204 1923 1390 1986 moles
1420 1946 1544 1987 non
1570 1933 1680 1987 est.

1103 2049 1166 2114 p.
1203 2026 1386 2105 1188,
1415 2047 1476 2106 4.
1510 2027 1571 2089 τί
1594 2024 1715 2110 γὰρ
1746 2021 2013 2106 διαφέρει
2038 2052 2053 2097 ;
2101 2020 2138 2103 ἢ
2169 2023 2264 2087 καὶ
2291 2028 2418 2090 ταῖς
2447 2020 2708 2103 προσθή-

991 2132 1194 2215 ’καις.]
1234 2129 1420 2193 Conf.
1455 2128 1826 2194 Cudworth.
1864 2129 2131 2215 System.
2165 2126 2355 2192 intell.
2385 2149 2450 2213 p.
2487 2145 2666 2210 1015.

1101 2256 1162 2320 p.
1202 2234 1383 2316 1189,
1415 2235 1474 2295 6.
1509 2233 1614 2296 οὐκ
1642 2232 1890 2312 ἄμοιρον
1916 2234 2021 2292 τοῦ
2050 2230 2230 2294 αὐτοῦ
2266 2234 2549 2312 πολλαχῆ
2591 2229 2710 2293 κεί-

1012 2335 1246 2419 μενον.]
1297 2344 1340 2374 “
1374 2336 1505 2399 For
1551 2336 1822 2414 κείμενον
1864 2332 2037 2410 here,
2081 2332 2132 2396 it
2181 2332 2234 2397 is
2279 2354 2599 2419 necessary
2649 2347 2714 2395 to

1012 2437 1161 2502 read
1193 2437 1496 2518 κειμένων,
1519 2433 1947 2523 conformably
1974 2449 2039 2499 to
2067 2434 2174 2499 the
2198 2434 2440 2498 version
2470 2434 2542 2499 of
2569 2433 2713 2498 Plo-

1014 2541 1242 2605 tinus.''
1294 2542 1555 2628 Taylor.
1646 2538 1906 2603 Ficinus
1934 2538 2236 2625 expressit
2267 2537 2569 2619 κειμένων,
2604 2536 2709 2601 sed

1012 2643 1155 2708 libri
1185 2659 1391 2708 tamen
1421 2665 1563 2707 cum
1596 2641 1745 2705 edit.
1777 2639 2153 2727 conspirant.

1103 2770 1166 2835 p.
1198 2766 1381 2830 1190,
1413 2766 1508 2810 10.
1542 2747 1647 2809 οὐκ
1678 2747 1859 2823 οὔσης
1887 2746 2153 2808 ἄλλοθεν
2183 2744 2393 2832 αὐγῆς]
2443 2743 2577 2808 Fic.
2608 2766 2713 2807 ex-

1015 2849 1236 2938 pressit
1281 2847 1602 2912 lectionem
1638 2847 1875 2911 Medic.
1909 2849 1994 2910 A.
2028 2852 2153 2929 γῆς,
2185 2855 2375 2910 terra.
2466 2846 2597 2909 Pro
2640 2870 2715 2910 eo

1016 2952 1343 3041 posuimus
1384 2953 1519 3015 lux.
1611 2949 1855 3037 Taylor
1884 2948 1963 3013 ad
1996 2948 2060 3012 h.
2086 2947 2129 3011 l.
2161 2947 2282 3011 ita:
2333 2956 2375 2986 “
2411 2948 2475 3011 It
2504 2947 2557 3011 is
2587 2947 2709 3011 sin-

1014 3054 1220 3142 gular,
1249 3053 1387 3118 that
1416 3051 1674 3117 Ficinus
1713 3051 1940 3117 should
1979 3051 2139 3115 have
2168 3049 2505 3115 translated
2533 3052 2716 3133 αὐγῆς

1014 3158 1080 3222 in
1113 3157 1237 3222 this
1263 3178 1545 3244 passage,
1573 3178 1640 3218 as
1670 3154 1727 3218 if
1748 3155 1799 3218 it
1830 3178 1953 3218 was
1985 3156 2058 3218 αὖ
2087 3158 2215 3236 γῆς.
2295 3155 2423 3216 For
2449 3152 2546 3216 his
2575 3176 2711 3216 ver-

1016 3261 1148 3327 sion
1199 3260 1252 3325 is
1283 3284 1298 3325 ε
1374 3260 1484 3325 ubi
1540 3281 1669 3324 non
1727 3261 1815 3324 sit
1862 3257 2121 3323 aliunde
2173 3279 2389 3321 reatu
2441 3265 2717 3321 externae

1016 3367 1232 3431 nwli.”

1087 3508 1168 3519 —
1189 3489 1285 3555 13.
1318 3472 1423 3533 τοῦ
1448 3471 1656 3550 μικροῦ
1685 3467 1938 3551 ἐκείνου]
1977 3465 2106 3530 Ed.
2137 3486 2462 3552 perperam
2489 3468 2713 3544 μικηοῦ.

1019 3572 1302 3659 Taylor:
1353 3580 1398 3611 “
1420 3573 1549 3635 For
1574 3574 1783 3651 μικηοΰ
1809 3570 1874 3634 in
1907 3568 2030 3634 this
2061 3568 2256 3655 place,
2285 3566 2480 3631 which
2511 3566 2565 3630 is
2593 3566 2719 3630 evi-

1018 3673 1234 3759 dently
1258 3696 1613 3752 erroneous,
1640 3672 1691 3736 it
1718 3672 1771 3736 is
1800 3672 2094 3759 requisite
2125 3688 2191 3735 to
2220 3670 2389 3747 read,
2410 3670 2718 3734 conform-

1017 3777 1163 3865 ably
1196 3791 1261 3842 to
1290 3777 1396 3841 the
1426 3776 1663 3840 version
1696 3775 1771 3840 of
1794 3776 2073 3854 FicinuS,
2105 3772 2404 3856 κέντρου.’“

1107 3918 1193 3929 —
1216 3896 1315 3964 17.
1363 3877 1399 3959 ἢ
1431 3878 1520 3944 ἐπ’
1552 3882 1687 3959 ἴσης
1729 3878 1805 3943 ἂν
1835 3880 1953 3967 εἴη]
2003 3886 2047 3917 “
2080 3879 2256 3942 Here
2296 3874 2717 3963 immediately

1019 3981 1179 4046 after
1205 3981 1241 4061 ἢ
1273 3980 1362 4046 ἐπ’
1394 3984 1527 4061 ἴσης
1558 3981 1633 4044 ἂν
1664 3984 1751 4061 εἴη
1781 3981 1841 4043 in
1875 3981 1981 4044 the
2011 3979 2297 4068 original,
2328 3979 2380 4043 it
2407 3979 2460 4043 is
2500 4002 2713 4042 neces-

1022 4108 1162 4172 sary
1196 4099 1260 4148 to
1287 4083 1411 4147 add
1446 4084 1620 4147 ἔνδον
1653 4085 1768 4147 καί.
1858 4083 2119 4147 Ficinus
2160 4083 2291 4147 also
2334 4082 2480 4146 has:
2529 4093 2589 4146 et
2617 4085 2717 4145 in-

1027 4188 1188 4251 tusff'
1235 4185 1498 4273 Taylor.

1113 4312 1177 4375 p.
1205 4308 1392 4373 1191,
1421 4306 1477 4370 7.
1509 4292 1755 4368 δηλοῦσι
1785 4290 1850 4352 δὲ
1880 4290 1942 4352 αἱ
1971 4289 2262 4368 ἀποτομαὶ
2292 4315 2344 4352 κ.
2363 4314 2415 4352 τ.
2438 4289 2534 4376 λ.]
2571 4287 2723 4352 Plu-

1026 4394 1225 4458 tarch.
1271 4394 1351 4457 de
1395 4391 1644 4457 Placitt.
1681 4392 2145 4480 Philosophorr.
2182 4394 2283 4457 11.
2320 4412 2422 4473 24.
2468 4416 2531 4480 p.
2566 4394 2718 4478 587.

1027 4496 1393 4584 Wyttenb.:
1446 4496 1814 4580 Ξενοφάνης,
1859 4497 2124 4563 πολλοὺς
2168 4495 2318 4560 εἶναι
2360 4494 2581 4561 Ἡλίου
2627 4496 2723 4559 καὶ

1026 4600 1294 4679 Σελήνας
1328 4598 1691 4686 (Wyttenb.
1723 4598 1896 4663 malit
1926 4603 2160 4667 πολλὰς
2197 4599 2348 4664 εἶναι
2372 4597 2597 4663 Ἡλίου
2627 4599 2722 4663 καὶ

1025 4701 1292 4782 Σελήνης
1333 4725 1418 4766 sc.
1453 4702 1779 4784 ἐκλείψεις)
1823 4705 1971 4766 κατὰ
2017 4704 2272 4782 κλίματα
2305 4702 2628 4783 (Stobaeus
2662 4701 2717 4765 I.

1029 4808 1128 4870 26.
1176 4829 1239 4892 p.
1271 4824 1417 4889 534.
1454 4806 1680 4868 Heer.:
1731 4802 1877 4868 κατὰ
1906 4802 1979 4868 τὰ
2010 4806 2281 4884 κλίματα,
2314 4817 2379 4867 et
2414 4803 2533 4868 hoc
2565 4803 2716 4867 Plu-

1025 4908 1241 4973 tarcho
1269 4906 1607 4972 vindicavit
1638 4906 1908 4971 Beckius
1937 4930 2000 4994 p.
2033 4910 2140 4992 56.
2186 4906 2266 4971 cf.
2315 4930 2382 4993 p.
2418 4910 2587 4986 200.)
2623 4911 2724 4987 τῆς

1026 5016 1134 5095 γῆς
1161 5012 1258 5076 καὶ
1285 5009 1584 5089 ἀποτομὰς
1618 5012 1714 5074 καὶ
1740 5012 1940 5085 ζώνας.
1990 5009 2158 5073 Κατά
2186 5035 2319 5073 τινα
2348 5013 2412 5072 δὲ
2446 5013 2522 5090 (“
2548 5012 2716 5073 Con-

1024 5113 1266 5178 cinnius
1299 5113 1619 5178 Stobaeus:
1658 5116 1805 5177 κατὰ
1834 5111 1901 5176 δέ
1928 5114 2094 5176 τινα”
2127 5110 2341 5191 Beck.)
2381 5112 2585 5194 καιρὸν
2616 5113 2717 5192 ἐμ-

1027 5217 1262 5280 πίπτειν
1294 5218 1627 5296 (έκπίπτειν
1656 5214 1864 5289 Stob.)
1904 5215 2011 5278 τὸν
2040 5216 2245 5278 δίσκον
2276 5218 2359 5281 εἷς
2399 5241 2532 5279 τινα
2571 5216 2716 5279 ἀπο-

1027 5319 1211 5398 τομὴν
1238 5322 1339 5397 τῆς
1380 5322 1488 5400 γῆς
1530 5319 1635 5382 οὐκ
1678 5317 2025 5398 οἰκουμένην
2051 5316 2153 5399 ὑφ’
2185 5318 2366 5397 ἡμῶν,
2401 5319 2495 5382 καὶ
2539 5321 2721 5387 οὕτως

1029 5421 1229 5503 ὥσπερ
1290 5421 1576 5501 (ὡσπερεὶ
1635 5419 1846 5504 Stob.)
1908 5424 2384 5502 κενεμβατοῦντα
2444 5422 2721 5505 ἔκλειψιν

1026 5522 1344 5601 ὑπομένειν
1374 5523 1760 5607 (ὑποφαίνειν
1791 5523 1967 5587 Stob.
2060 5524 2355 5586 Ceterum
2401 5523 2484 5588 cf.
2519 5525 2717 5588 Bran·

1975 512 2812 579 ANNOTATIONES
2872 513 2986 578 IN
3047 513 3508 578 PLOTINI

2798 684 2934 749 disii
2982 688 3363 751 Commentt.
3409 685 3707 751 Eleaticc.
3745 686 3804 749 1.
3849 708 3913 773 p.
3945 690 4082 772 54.)
4174 687 4347 752 Hinc
4389 688 4483 752 in·

2800 788 3120 875 telligitur,
3147 790 3300 876 quid
3330 789 3449 854 hoc
3478 789 3634 867 loco,
3660 788 3768 853 ubi
3798 787 3877 852 de
3909 789 4071 853 Solis
4099 789 4334 856 lumine
4360 791 4495 878 agit

2801 891 3113 972 Plotinus‚
3161 916 3274 981 per
3317 891 3454 957 illas
3498 894 3799 972 ἀποτομὰς
3842 890 4155 957 declarare
4198 893 4489 959 voluerit.

2799 996 2921 1059 Est
2949 1017 3096 1060 vero
3124 995 3225 1060 hic
3255 995 3423 1060 vocis
3452 994 3833 1082 significatus
3860 993 4188 1060 addendus
4214 996 4487 1062 Lexicis.

2800 1098 3075 1162 Verbum
3119 1098 3556 1179 ἀποτέμνεσθαι
3598 1097 4104 1162 astronomicum
4144 1098 4331 1163 etiam
4360 1124 4493 1165 esse

2796 1202 3005 1286 arguit
3047 1201 3217 1268 locus
3262 1202 3448 1267 Arati
3484 1201 3548 1265 in
3582 1200 3969 1265 Pbaenomm.
4000 1223 4059 1262 v.
4084 1220 4205 1285 541
4237 1227 4253 1265 ε
4300 1204 4493 1267 ὅσσον

2798 1304 2845 1369 δ’
2867 1307 3206 1388 ὀφθαλμοῖο
3235 1309 3429 1385 βολῆς
3457 1304 3846 1385 ἀποτέμνεται
3877 1304 4047 1386 αὐγὴ,
4071 1304 4176 1368 ubi
4208 1303 4271 1368 in
4301 1304 4493 1370 Scho-

2798 1406 2893 1471 liis
2920 1432 2982 1496 p.
3019 1428 3093 1474 12
3095 1428 3160 1494 5.
3188 1407 3440 1472 Buhlii:
3490 1409 3642 1472 ὅσον
3670 1410 3735 1471 δὲ
3765 1411 3865 1485 τῆς
3895 1407 4012 1471 ἀπὸ
4039 1411 4146 1470 τοῦ
4172 1409 4491 1490 ὀφθαλμοῦ

2796 1513 3044 1591 βολίδος
3088 1512 3183 1575 καὶ
3225 1513 3458 1579 ἀκτῖνος
3501 1510 3894 1590 ἀποτέμνεται
3938 1510 4033 1573 καὶ
4074 1511 4412 1592 ἀφαιρεῖται
4452 1512 4489 1591 ἡ

2799 1615 2949 1697 αὐγὴ
2977 1619 3083 1678 τοῦ
3108 1613 3359 1696 αἰθέρος.

2883 1754 2971 1766 --
3000 1717 3098 1780 18.
3144 1718 3279 1781 οὔτε
3308 1716 3375 1780 ἔκ
3403 1740 3561 1782 τινος
3598 1716 3812 1803 τόπου]
3861 1715 3998 1780 Fic.
4027 1715 4328 1802 expressit
4356 1719 4490 1781 οὔτε

2800 1821 2968 1888 ἐντός
3007 1846 3165 1889 τινος
3192 1823 3408 1885 τόπους
3457 1818 3567 1883 sed
3608 1817 3751 1883 libri
3795 1818 3955 1883 hanc
3998 1818 4321 1884 lectionem
4366 1843 4489 1885 non

2798 1923 3091 1988 offerunt.

2877 2048 2940 2112 p.
2973 2045 3162 2110 1192,
3198 2044 3296 2110 15.
3328 2025 3417 2090 Τὸ
3449 2027 3514 2089 δὲ
3546 2025 3614 2090 ἓν
3644 2027 3710 2089 ἐν
3741 2025 3937 2093 αὐτοῖς
3968 2053 4019 2089 κ.
4041 2050 4093 2087 τ.
4117 2029 4212 2110 λ.]
4262 2026 4490 2114 Attigit

2797 2130 2931 2194 haec
2980 2131 3238 2193 Matter.
3286 2127 3350 2192 in
3399 2129 3692 2193 Histoire
3734 2129 3877 2192 wit.
3929 2128 4016 2191 du
4059 2128 4488 2194 Gnostici-rme.

2799 2232 2938 2298 Vol.
2974 2233 3070 2296 11.
3116 2255 3182 2319 p.
3211 2233 3363 2316 467.

2885 2359 2947 2423 p.
2975 2353 3159 2420 1195,
3186 2337 3243 2398 6.
3276 2333 3634 2417 φανοτέρου]
3666 2332 3791 2397 Ed.
3818 2333 4037 2398 vitiose
4058 2336 4486 2418 φανερωτέραν.

2801 2436 2987 2516 Quod
3030 2437 3094 2500 in
3138 2435 3437 2500 Vaticano
3480 2449 3573 2499 est
3617 2436 3984 2518 φανωτέρου,
4024 2453 4117 2501 est
4163 2437 4278 2501 hoc
4320 2461 4487 2502 com-

2798 2563 2988 2604 mune
3018 2536 3238 2604 vitium
3273 2538 3690 2618 librariorum,
3720 2538 4151 2626 paenultimam
4189 2539 4489 2628 syllabam

2797 2643 3059 2732 produci
3088 2642 3530 2730 ignorantium.
3577 2645 3720 2721 Qua
3746 2642 3826 2707 de
3855 2666 3922 2707 re
3949 2666 4152 2729 nuper
4174 2659 4315 2731 post
4343 2645 4494 2710 alios

2798 2762 3178 2812 monuerunt
3210 2745 3555 2812 Stallbaum
3583 2744 3662 2809 ad
3698 2744 3969 2810 Platonis
4000 2746 4237 2812 Phileb.
4286 2770 4349 2835 p.
4382 2768 4490 2834 31.

2800 2866 2861 2914 et
2891 2853 2968 2915 C.
2991 2851 3397 2913 Hermannus
3426 2862 3634 2913 noster
3658 2847 3741 2912 ad
3771 2848 4028 2913 Lucian.
4071 2849 4151 2914 de
4193 2851 4488 2916 conscrib.

2799 2952 3011 3016 histor.
3043 2973 3150 3036 49.
3179 2966 3243 3016 et
3274 2953 3415 3019 268.
3505 2953 3608 3016 De
3637 2953 3943 3017 vocabulo
3984 2953 4103 3018 hoc
4145 2978 4185 3019 a
4216 2955 4494 3021 Platonis

2798 3053 3214 3119 imitatoribus
3235 3053 3632 3141 frequentato
3661 3078 3852 3142 supra
3879 3055 4115 3121 dictum
4140 3074 4232 3122 est
4256 3080 4320 3144 p.
4341 3060 4491 3139 481.

2801 3158 2881 3221 B.
2927 3157 3120 3221 Adde
3148 3159 3257 3222 Jo.
3286 3157 3713 3245 Chrysostomi
3743 3158 3982 3222 Homil.
4017 3160 4114 3224 11.
4145 3183 4208 3247 p.
4228 3180 4382 3246 371.
4402 3163 4487 3226 A:

2803 3260 2897 3325 καὶ
2944 3263 3019 3325 τὰ
3064 3261 3341 3343 προοίμια
3382 3264 3627 3343 λαμπρὰ
3677 3261 3772 3326 καὶ
3810 3262 3983 3341 ἡλίου
4027 3265 4351 3347 φανότερα,
4382 3265 4492 3331 ubi

2799 3363 2985 3451 plura
3012 3364 3318 3451 congessit
3348 3363 3641 3429 Matthaei
3674 3387 3738 3451 p.
3770 3384 3795 3427 1
3814 3382 3911 3447 17.

2887 3502 2973 3514 —
3000 3486 3097 3552 13.
3142 3467 3286 3546 αὐτὴ
3315 3468 3453 3552 ὅλη]
3509 3466 3574 3531 Si
3618 3465 4009 3553 amplectaris
4050 3465 4371 3534 lectionem
4417 3470 4488 3535 li-

2801 3568 3060 3633 brorum
3085 3571 3324 3634 Marce.
3356 3571 3500 3649 αὐτῇ
3531 3570 3668 3649 ὅλῃ,
3696 3585 3760 3634 et
3788 3569 4040 3656 abjicias
4071 3573 4166 3636 καὶ
4192 3587 4337 3637 ante
4364 3575 4494 3638 οὔκ-

2808 3671 2912 3746 έτι,
2958 3671 3092 3736 haec
3139 3671 3442 3736 sententia
3482 3671 3650 3736 exit:
3710 3694 3833 3736 non
3881 3672 4147 3760 amplius
4186 3677 4314 3761 ipsi
4357 3678 4491 3754 toti,

2805 3773 2912 3838 sed
2935 3777 3275 3862 partitioni
3302 3777 3670 3862 impotentia
3702 3774 3818 3858 (ita
3849 3776 4065 3863 utique
4100 3777 4493 3843 scribendum

2803 3900 2954 3967 pro:
3000 3880 3072 3942 in
3091 3882 3405 3966 potentia)
3436 3878 3688 3943 accidet.

2889 4004 2952 4069 p.
2983 3982 3169 4068 1196,
3200 4002 3257 4046 1.
3289 3983 3357 4046 τὸ
3390 3985 3637 4047 εἴδωλον
3663 3986 3770 4046 τοῦ
3798 3984 4225 4073 συνηρτῆσθαι]
4276 3984 4491 4072 Suspi-

2805 4107 2945 4149 cor:
2994 4111 3116 4160 του,
3149 4085 3188 4149 i.
3208 4108 3264 4149 e.
3294 4085 3469 4159 τινὸς,
3502 4084 3831 4170 imaginem
3863 4086 4253 4172 cujusquam.

2890 4224 2978 4238 —-
3006 4210 3100 4272 13.
3145 4193 3219 4253 τὰ
3248 4191 3568 4274 γενόμενα]
3623 4189 3725 4252 Ita
3755 4188 3967 4273 scripsi
3999 4213 4079 4252 ex
4108 4189 4286 4254 bonis
4322 4190 4496 4256 libris

2805 4312 2949 4353 cum
2995 4290 3215 4355 Ficino
3260 4315 3378 4378 pro
3415 4291 3804 4374 γεγενημένα.
3877 4291 4015 4356 Vid.
4052 4294 4384 4380 Wyttenb.
4429 4294 4495 4360 in

2811 4391 3063 4456 Selectis
3095 4393 3371 4458 Historr.
3402 4393 3483 4457 ad
3516 4393 3827 4457 Herodot.
3862 4394 3917 4458 1.
3959 4415 4011 4457 1.
4045 4417 4103 4481 p.
4126 4414 4491 4482 341—344.

2890 4533 2979 4545 —-
3000 4515 3101 4578 17.
3131 4498 3309 4580 χωρὶς
3335 4496 3515 4579 πυρὸς
3541 4496 3802 4581 ποιήσει]
3838 4496 4095 4561 Uncinis
4122 4497 4342 4563 inclusi
4370 4522 4497 4565 non

2805 4597 2868 4662 in
2903 4598 3159 4678 Latinis,
3188 4614 3406 4686 utpote
3434 4599 3498 4662 in
3529 4598 3703 4663 nullo
3733 4598 3912 4677 libro,
3939 4623 4052 4665 nec
4078 4599 4144 4664 in
4175 4601 4499 4682 Mediceis,

2806 4701 3038 4790 quibus
3067 4703 3323 4768 Ficinus
3353 4726 3503 4767 usus
3530 4716 3650 4781 est,
3679 4702 4031 4789 conspicuo·

2890 4828 2957 4892 p.
2991 4822 3176 4889 1197,
3202 4822 3265 4890 5.
3309 4805 3526 4887 ῥέοντα
3568 4808 3644 4869 τᾶ
3689 4807 3750 4885 ἐξ
3795 4806 3994 4890 αὐτῆς]
4049 4803 4221 4869 Illud
4259 4809 4333 4870 τᾶ
4368 4805 4417 4870 si
4457 4831 4498 4871 a

2810 4906 3041 4970 Codice
3072 4931 3198 4971 uno
3226 4922 3290 4972 et
3317 4907 3513 4973 altero
3540 4908 3801 4985 abesset,
3831 4907 4123 4995 equidem
4167 4931 4291 4974 non
4334 4909 4495 4975 desi-

2805 5009 3105 5075 derarem.

2891 5148 2978 5161 —
2999 5129 3061 5194 7.
3105 5110 3279 5175 Ἀλλ’
3310 5113 3403 5175 ὅτι
3442 5113 3555 5191 μὲν
3582 5112 3662 5192 μὴ
3709 5139 3762 5176 κ.
3784 5137 3837 5175 τ.
3861 5111 3960 5194 λ.]
4006 5112 4086 5175 In
4120 5111 4251 5177 Ed.
4284 5112 4347 5177 in
4378 5115 4500 5179 La-

2807 5214 2950 5280 tinis
2978 5215 3235 5281 deerant
3264 5215 3486 5280 verba:
3520 5216 3913 5303 intelligibili
3917 5218 4126 5301 flunt,
4156 5218 4343 5281 morti
4368 5240 4499 5282 non

2804 5321 2936 5384 sint
2961 5321 3253 5396 obnoxia,
3284 5320 3631 5407 animaeque
3657 5328 3718 5383 et
3743 5319 4088 5383 intellectus
4122 5321 4327 5384 omnis
4366 5322 4500 5386 sint

2807 5446 3038 5509 —quae
3064 5445 3142 5486 ex
3175 5421 3304 5486 Ed.
3337 5444 3465 5508 pre.
3496 5420 3761 5509 explevi.

2893 5562 2978 5577 -
3008 5546 3108 5610 15.
3155 5526 3283 5590 οἷον
3309 5528 3390 5612 τῷ
3420 5526 3573 5608 φωτὶ
3601 5526 3666 5589 τὸ
3697 5525 4003 5610 διαφανὲς]
4058 5523 4322 5612 Taylor,
4351 5551 4497 5593 cum
