5118 6613
1018 538 1144 625 398

1027 711 1191 775 vinis
1220 710 1542 775 Nominib.
1578 709 1754 773 XII.
1776 728 1836 794 3.
1873 730 1936 796 p.
1965 708 2140 784 866„
2171 705 2281 770 ubi
2310 703 2478 770 illam
2510 706 2731 793 primae

1031 837 1236 878 causae
1269 817 1576 897 κυριότητα
1604 811 1876 878 celebrat
1907 811 2002 876 καὶ
2029 811 2358 892 βασιλείαν
2385 810 2729 894 ὑπερκειμέ-

1033 942 1142 996 νην
1171 944 1224 986 ¹<-
1241 942 1294 980 τ.
1316 924 1381 980 λ.
1472 915 1584 981 Ad
1616 917 1837 981 verba:
1888 916 2158 980 κάκείνου
2190 915 2366 979 ἕνεκα
2392 913 2590 980 πάντα
2623 914 2733 978 ad-

1033 1017 1345 1082 hibendus
1388 1034 1481 1083 est
1523 1019 1671 1084 item
1715 1018 1979 1083 Proclus
2004 1013 2049 1081 l.
2081 1017 2124 1084 l.
2164 1033 2229 1083 et
2260 1018 2631 1084 Cudworth.
2662 1042 2735 1083 ac

1037 1119 1350 1186 Moshem.
1414 1121 1477 1185 in
1537 1124 1802 1209 System.
1862 1122 2171 1188 Intellect.
2214 1124 2292 1187 V.
2334 1142 2396 1208 5.
2441 1141 2545 1187 20.
2595 1146 2732 1209 sqq.

1032 1245 1095 1309 p.
1137 1225 1300 1304 1184
1338 1247 1472 1311 sqq.
1528 1242 1590 1291 et
1644 1227 1723 1291 ad
1784 1226 2142 1292 universum
2194 1226 2406 1292 locum
2460 1227 2580 1290 IV.
2633 1244 2732 1311 23.

1033 1349 1095 1413 p.
1127 1328 1280 1408 488.
1379 1330 1676 1394 Ceterum
1727 1328 1834 1394 illa
1886 1330 2069 1395 verba
2123 1329 2355 1394 Plotini
2409 1345 2472 1393 et
2525 1328 2734 1394 Procli

1033 1430 1182 1494 satis
1237 1448 1535 1518 arguunt,
1589 1432 1704 1496 hos
1760 1431 2108 1497 Platonicos
2167 1445 2334 1497 certe
2384 1430 2736 1519 Epistolam

1034 1531 1200 1597 illam
1236 1556 1351 1620 pro
1378 1557 1677 1621 germano
1709 1534 1987 1601 Platonis
2015 1535 2149 1601 fetu
2181 1535 2490 1601 habuisse.

1656 1724 1762 1788 LI
1782 1724 1859 1789 B.
1911 1727 2111 1789 VIII.

1127 1843 1191 1908 P.
1222 1863 1407 1929 1343,
1431 1860 1489 1926 7.
1535 1850 1729 1909 ΠΕΡΙ
1759 1850 1927 1910 TO'r
1952 1844 2394 1911 ‘EKOTEIOT
2423 1851 2563 1910 ΚΑΙ
2596 1849 2739 1910 ΘΕ-

1041 1951 1451 2012 ΛΗΜΑΤΟΣ
1480 1952 1648 2012 TO'r
1674 1946 1971 2034 ‘ENOEJ
2025 1949 2266 2013 Eadem
2297 1949 2618 2038 inscriptio
2645 1964 2739 2014 est

1038 2046 1209 2134 apud
1241 2048 1554 2136 Porphyr.
1588 2051 1665 2115 de
1695 2049 1840 2114 Vita
1872 2050 2037 2116 Plot.
2070 2076 2126 2117 c.
2162 2054 2458 2131 XXVI.‚
2491 2052 2602 2117 sed
2644 2052 2736 2117 al·

1037 2165 1171 2214 tero
1220 2148 1356 2214 loco
1415 2175 1469 2215 c.
1506 2153 1585 2215 V.
1630 2152 1790 2218 ibid.
1847 2155 2048 2219 multo
2096 2156 2379 2223 brevior:
2448 2159 2585 2240 περὶ
2634 2163 2739 2224 τοῦ

1037 2254 1326 2317 ἑκουσίου.
1419 2253 1603 2331 Quod
1655 2269 1795 2340 post
1838 2256 1957 2321 hoc
1996 2259 2370 2325 vocabulum
2414 2262 2511 2325 καὶ
2548 2262 2732 2326 omis-

1037 2379 1175 2420 sum
1222 2371 1316 2421 est
1358 2356 1422 2421 in
1457 2357 1691 2422 Codice
1721 2359 1878 2438 ciz„
1910 2360 2056 2426 inde
2098 2362 2363 2442 factum,
2394 2362 2569 2450 quod
2599 2381 2736 2428 tan-

1033 2483 1225 2548 quam
1257 2460 1669 2548 Adjectivum
1704 2462 1995 2528 librarius
2037 2464 2245 2530 minus
2272 2466 2496 2530 doctus
2525 2466 2741 2532 retulit

1035 2564 1115 2629 ad
1148 2565 1498 2647 θελήματος.
1564 2568 1680 2630 Est
1705 2581 1912 2632 autem
1944 2566 2100 2633 liber
2128 2568 2230 2633 hic
2260 2592 2523 2634 numero
2544 2569 2742 2634 unde-

1036 2670 1573 2758 quadragesimus,
1594 2669 1644 2733 si
1668 2671 1884 2735 seriem
1908 2671 2407 2760 chronologicam
2429 2672 2736 2760 respicias.

1042 2774 1386 2862 Scripserat
1420 2773 1792 2838 Aristoteles
1833 2773 2145 2861 peculiare
2188 2799 2350 2863 opus
2390 2776 2526 2858 περὶ
2572 2778 2740 2840 ἑκου-

1038 2878 1192 2952 σίου,
1225 2877 1548 2942 laudatum
1598 2877 1868 2965 Diogeni
1911 2878 2168 2943 Laertio
2203 2878 2269 2943 in
2313 2877 2451 2965 ejus
2493 2877 2625 2941 vita
2654 2877 2736 2943 V.

1038 2998 1141 3061 24.
1231 2981 1424 3046 Nunc
1471 2981 1664 3068 hujus
1721 2980 2073 3069 philosophi
2123 2980 2436 3069 primariae
2487 2979 2607 3044 hoc
2658 2980 2739 3044 de

1034 3098 1406 3171 argumento
1448 3084 1768 3148 sententiae
1809 3082 2167 3171 repetendae
2209 3098 2358 3148 sunt
2384 3105 2464 3146 ex
2494 3082 2740 3149 Ethicis

1034 3187 1116 3252 ad
1156 3187 1612 3252 Nicomachum
1658 3188 1799 3252 ΙΙΙ.
1836 3206 1894 3249 1.
1972 3187 2236 3272 Magnn.
2282 3183 2534 3249 Mol-all.
2581 3187 2640 3249 Ι.
2673 3208 2733 3272 9.

1043 3291 1312 3357 Eudem.
1349 3292 1447 3357 ΙΙ.
1499 3293 1557 3355 6.
1594 3310 1652 3373 7.
1688 3274 1745 3354 8.
1791 3304 1855 3354 et
1895 3310 1958 3374 9.
2050 3291 2154 3353 Ac
2206 3303 2528 3353 teneamus
2577 3290 2738 3357 hanc

1037 3395 1457 3460 definitionem
1509 3393 1859 3481 Stagiritae:
1914 3392 2091 3476 Λέγω
2135 3395 2200 3457 δὲ
2247 3391 2541 3472 ἑκούσιον,
2585 3395 2618 3459 ὃ
2662 3398 2738 3461 ἄν

1036 3525 1123 3566 τις
1143 3505 1261 3562 τῶν
1285 3499 1382 3580 ἐφ’
1406 3500 1560 3583 αὐτῷ
1587 3499 1778 3561 ὄντων
1809 3498 1972 3564 εἰδὼς
2002 3496 2097 3561 καὶ
2123 3497 2204 3577 μὴ
2234 3498 2469 3579 ἀγνοῶν
2489 3497 2734 3581 πράττῃ.

1038 3601 1517 3690 Compar-andus
1547 3613 1639 3664 est
1667 3599 1850 3664 etiam
1881 3597 2210 3663 Nemesius
2242 3600 2319 3663 de
2344 3601 2591 3664 Natura
2621 3600 2727 3664 ho-

1034 3704 1217 3769 minis
1260 3727 1403 3768 cum
1447 3703 1512 3767 in
1558 3727 1633 3767 eo
1674 3703 1900 3791 capite,
1932 3701 2104 3790 quod
2149 3702 2543 3768 inscribitur:
2602 3706 2737 3789 περὶ

1039 3809 1310 3871 ἑκουσίου
1341 3807 1437 3871 καὶ
1468 3808 1785 3870 ἀκουσίους
1833 3807 1937 3870 De
1975 3828 2042 3871 eo
2084 3809 2249 3894 quod
2285 3818 2505 3894 sponte
2542 3818 2602 3872 et
2638 3810 2735 3871 in-

1037 3910 1164 3973 vite
1181 3912 1317 3994 fit.-
1381 3910 1671 3974 XXIX.
1720 3932 1784 3996 p.
1821 3912 1946 3976 260
1977 3933 2071 3996 sq.
2117 3910 2213 3974 ed.
2249 3909 2566 3984 Matthaei,
2600 3924 2734 3975 tum

1035 4010 1098 4073 in
1129 4010 1403 4098 reliquis,
1421 4024 1567 4098 quoe
1598 4029 1949 4100 sequuntur
1971 4036 2169 4100 usque
2197 4013 2280 4077 ad
2303 4015 2462 4099 Cap.
2493 4014 2732 4077 XLII.

1034 4135 1097 4200 p.
1130 4133 1279 4198 331.
1368 4114 1457 4177 Τὸ
1495 4112 1768 4179 ἑκούσιον
1800 4116 2119 4194 Lucreti0,
2153 4117 2434 4181 Ciceroni
2479 4132 2597 4182 cet.
2644 4134 2737 4181 est

1034 4218 1564 4303 spontefactum:
1611 4217 1745 4282 aliis
1779 4242 1945 4283 nunc
1984 4230 2418 4306 spontaneum,
2452 4220 2738 4285 volunta-

1035 4320 1229 4399 rium,
1257 4342 1426 4385 nunc
1456 4324 1721 4387 liberum
1752 4324 2111 4387 arbitrium.
2204 4324 2348 4386 Hoc
2379 4338 2585 4386 tamen
2618 4345 2733 4409 po·

1038 4422 1162 4485 tius
1206 4438 1297 4486 est
1340 4424 1407 4487 τὸ
1455 4423 1550 4507 ἐφ’
1591 4426 1750 4504 ἡμῖν.
1828 4425 1974 4489 vid.
2001 4428 2114 4490 J0.
2150 4427 2465 4491 Camerar.
2497 4426 2579 4490 ad
2622 4426 2737 4490 ini-

1038 4525 1195 4588 tium
1248 4525 1634 4590 Aristotelici
1685 4526 1828 4592 libri
1877 4527 2116 4593 laudati
2168 4529 2321 4593 Eth.
2371 4529 2618 4595 Nicom.
2672 4543 2735 4595 et

1035 4627 1249 4692 confer
1279 4627 1462 4692 Zellii
1492 4632 1915 4696 Commentar.
1946 4654 2012 4719 p.
2041 4635 2142 4695 81.
2168 4648 2231 4696 et
2255 4632 2581 4699 Plutarchi
2611 4635 2738 4699 De-

1036 4730 1345 4795 finitiones
1373 4731 1807 4813 formularum,
1831 4758 1978 4821 quae
2005 4735 2068 4799 in
2099 4735 2217 4800 hac
2246 4736 2527 4801 doctrina
2558 4760 2739 4802 usur-

1038 4850 1266 4921 pantur
1294 4834 1358 4899 in
1390 4834 1549 4900 libro
1576 4836 1712 4918 περὶ
1740 4837 2113 4919 Εἱμαρμένης
2141 4839 2441 4927 proditas.
2512 4844 2734 4929 Argu-

1032 4951 1311 5001 mentum
1346 4937 1538 5023 hujus
1568 4937 1708 5001 libri
1733 4938 2070 5003 Plotiniani
2094 4941 2268 5028 quod
2291 4943 2535 5024 attinet,
2555 4967 2739 5009 nemo

1032 5064 1155 5106 non
1187 5040 1499 5127 intelligit,
1528 5040 1932 5128 conjunctum
1967 5042 2085 5107 hoc
2116 5067 2246 5107 esse
2276 5067 2419 5108 cum
2455 5046 2530 5109 iis
2558 5071 2736 5133 quae-

1033 5143 1361 5222 stionibuS,
1391 5167 1536 5230 quae
1572 5144 1636 5207 in
1667 5144 1827 5209 libro
1857 5145 1961 5210 De
1991 5148 2158 5211 Fato
2188 5163 2536 5213 tractantur
2564 5151 2735 5233 (ΙΙΙ.

1042 5250 1130 5331 1.)
1222 5248 1330 5310 Ad
1373 5248 1511 5332 ejus
1555 5245 1811 5311 titulum
1846 5249 1942 5335 (p.
1978 5252 2160 5335 228.)
2193 5267 2256 5315 et
2285 5251 2430 5317 hinc
2467 5252 2616 5318 inde
2658 5255 2739 5319 ad

1033 5350 1198 5414 locos
1237 5349 1480 5436 aliquot
1507 5349 1648 5415 libri
1688 5349 1885 5437 ipsius
1913 5366 2192 5416 veterum
2226 5353 2739 5443 philosophorum

1032 5453 1367 5516 sententias
1395 5453 1475 5518 de
1505 5477 1602 5532 eo,
1634 5455 1807 5540 quod
1839 5471 2060 5542 sponte
2090 5475 2154 5521 et
2183 5456 2377 5529 invite
2407 5459 2500 5538 fit,
2529 5460 2739 5547 attigi-

1031 5577 1195 5619 mus.
1287 5556 1417 5620 Hic
1459 5557 1723 5645 proinde
1771 5557 1991 5623 sufficit
2022 5559 2258 5624 fontem
2290 5560 2563 5628 indicare
2606 5564 2743 5651 ejus

1990 501 2822 600 ANNo'rATmN'Es
2879 531 2990 597 IN
3045 533 3497 599 PLOTINI

2817 705 3157 780 sententiae,
3188 729 3377 794 quam
3425 706 3492 770 in
3532 705 3652 770 hoc
3683 703 3843 768 libro
3873 703 4163 768 Plotinus
4196 718 4433 783 tuetur,
4463 718 4527 769 et

2820 831 3017 873 unum
3063 808 3457 897 alterumque
3501 809 3705 872 locum
3751 830 3966 872 eorum
4010 807 4523 897 philosophorum

2819 914 3070 990 addere,
3102 913 3211 1001 qui
3256 936 3400 978 cum
3430 911 3727 1000 primario
3757 909 3973 975 Nostri
4003 909 4233 999 placito
4273 912 4521 1000 conspi-

2818 1033 2976 1081 rant.
3071 1015 3352 1103 Sumpsit
3381 1030 3593 1080 autem
3625 1014 3914 1079 Plotinus
3944 1014 4304 1101 disputandi
4332 1033 4526 1082 mate-

2819 1119 2973 1183 riam
3021 1143 3167 1184 cum
3210 1143 3288 1184 ex
3332 1119 3468 1184 aliis
3496 1117 3759 1206 dialogis
3791 1117 4090 1197 Platonis,
4124 1134 4198 1184 ut
4226 1142 4304 1184 ex
4335 1119 4523 1185 Phae-

2821 1222 2938 1285 dro
2980 1245 3045 1309 p.
3084 1223 3205 1301 248
3256 1224 3561 1310 (quocum
3605 1221 3745 1287 loco
3787 1221 3871 1286 cf.
3908 1222 4143 1288 Plotin.
4180 1222 4261 1289 de
4305 1224 4526 1289 Provi-

2821 1324 3033 1389 dentia
3070 1324 3203 1389 libr.
3235 1349 3335 1413 pr.
3375 1349 3443 1414 p.
3483 1327 3630 1407 264.
3662 1327 3745 1392 E.
3777 1327 3857 1391 F.
3885 1325 4039 1413 ibiq.
4070 1331 4376 1413 Annott.)
4412 1328 4527 1392 Ti-

2823 1451 2983 1493 maeo
3026 1452 3088 1515 p.
3121 1449 3230 1508 41.
3259 1453 3313 1493 e.
3362 1452 3427 1517 p.
3458 1448 3565 1510 42.
3618 1428 3729 1511 (cf.
3761 1428 3997 1493 Plotin.
4043 1454 4107 1518 p.
4140 1433 4291 1516 376.
4325 1434 4400 1497 C.
4431 1433 4523 1497 D.

2823 1553 2971 1615 470.
3001 1553 3153 1618 473.
3179 1535 3267 1596 A.
3313 1533 3460 1618 489.
3481 1536 3571 1596 A.
3604 1556 3738 1621 cap.
3774 1534 3865 1615 8.)
3907 1546 4039 1597 tum
4070 1535 4416 1620 praesertim
4446 1560 4525 1601 ex

2822 1634 2942 1699 hoc
2970 1634 3107 1699 loco
3138 1635 3237 1699 De
3265 1636 3432 1723 Rep.
3468 1636 3559 1699 X.
3593 1659 3657 1724 p.
3687 1637 3837 1721 596.
3884 1659 3946 1724 p.
3977 1638 4126 1717 468.
4161 1638 4389 1719 Bekk„
4415 1641 4523 1706 ubi

2822 1738 2903 1803 de
2947 1760 3191 1803 summo
3230 1737 3509 1802 Numine
3553 1738 3688 1803 haec
3732 1736 4065 1825 leguntur:
4111 1744 4145 1805 ὁ
4191 1732 4365 1811 αὗτὸς
4404 1749 4523 1828 γὰρ

2823 1845 2992 1909 οὗτος
3009 1841 3394 1927 χειροτέχνης
3416 1843 3485 1905 οὔ
3512 1844 3702 1922 μόνον
3723 1840 3918 1906 πάντα
3947 1844 4071 1911 οἷός
4097 1869 4162 1909 τε
4191 1844 4373 1926 σκεύη
4395 1873 4525 1912 ποι.

2822 1948 2985 2024 ἣσαι,
3012 1945 3176 2008 ἀλλὰ
3207 1944 3302 2008 καὶ
3329 1947 3404 2008 τᾶ
3435 1947 3501 2009 ἐκ
3528 1950 3631 2024 τῆς
3653 1949 3762 2027 γῆς
3784 1948 4056 2028 φυόμενα
4085 1948 4318 2014 ἅπαντα
4344 1958 4521 2026 ποιεῖ,

2825 2050 2922 2113 καὶ
2948 2055 3065 2124 ζῶα
3091 2045 3290 2112 πάντα
3318 2045 3624 2130 ἐργάζεται
3652 2046 3725 2111 τά
3753 2074 3819 2112 τε
3848 2050 4013 2113 ἄλλα
4043 2052 4138 2114 καὶ
4169 2052 4401 2127 ἑαυτὸν,
4430 2056 4526 2119 καὶ

2823 2151 2969 2234 πρὸς
2996 2149 3223 2218 τούτοις
3249 2155 3364 2233 γῆν
3404 2152 3499 2214 καὶ
3538 2150 3796 2232 οὐρανὸν
3839 2152 3936 2215 καὶ
3978 2153 4150 2220 θεοὺς
4193 2155 4289 2217 καὶ
4329 2153 4525 2222 πάντα

2822 2260 2898 2321 τᾶ
2935 2259 3002 2320 ἐν
3032 2257 3260 2341 οὐρανῷ
3291 2254 3387 2319 καὶ
3424 2257 3499 2318 τᾶ
3528 2256 3596 2317 ἐν
3627 2251 3840 2318 Ἀιδου
3876 2254 3991 2318 ὑπὸ
4021 2259 4129 2337 γῆς
4157 2256 4390 2321 ἅπαντα
4425 2261 4521 2341 ἐρ-

2825 2359 3083 2444 γάζεται.
3174 2358 3366 2424 Unde
3409 2355 3755 2421 efficiebant
3787 2356 4112 2421 Platonem
4158 2358 4352 2423 secuti
4386 2361 4525 2448 phi-

2824 2462 3070 2552 losophi
3107 2462 3289 2539 illud,
3320 2461 3509 2526 deum
3552 2483 3865 2524 summum
3898 2461 4182 2543 αὐτοφυῆ,
4215 2463 4523 2546 αὗτογενῆ,

2825 2592 2950 2633 non
2983 2568 3236 2634 aliunde
3264 2566 3537 2655 pendere
3581 2588 3653 2628 ac
3682 2563 3777 2627 sui
3810 2562 4116 2649 liberique
4144 2586 4398 2649 prorsus
4427 2588 4522 2629 ar-

2826 2671 2994 2736 bitrii
3017 2694 3167 2735 esse.
3237 2667 3608 2734 Lactantius
3632 2668 3890 2732 Divinn.
3914 2667 4150 2731 Institt.
4180 2668 4272 2732 ΙΙ.
4294 2688 4352 2751 7.
4378 2692 4521 2755 p.4.

2827 2775 3248 2839 Biinemann.:
3299 2783 3341 2812 ‘⁶
3367 2774 3594 2837 Verum
3628 2773 3779 2858 quia
3806 2769 3939 2835 fleri
3967 2793 4091 2834 non
4122 2785 4347 2859 potest,
4370 2771 4525 2859 quin

2822 2875 2911 2951 id,
2957 2876 3129 2963 quod
3179 2876 3257 2941 sit
3310 2876 3441 2958 (alii
3494 2875 3694 2940 Codd.
3745 2877 3909 2964 quod
3929 2878 4199 2962 factum
4246 2878 4364 2961 sit)
4417 2875 4526 2941 ali-

2823 2979 3080 3067 quando
3108 3003 3239 3043 esse
3266 2978 3560 3067 coeperit;
3608 3002 3992 3067 consequens
4019 2996 4133 3057 est,
4168 2995 4240 3045 ut
4267 2981 4524 3068 quando

2823 3084 2979 3148 nihil
3017 3098 3161 3148 ante
3203 3083 3383 3148 illum
3425 3083 3569 3163 fuit,
3598 3082 3730 3170 ipse
3757 3097 3902 3148 ante
3931 3084 4141 3148 omnia
4169 3107 4248 3148 ex
4279 3107 4345 3149 se
4388 3084 4524 3172 ipso

2824 3186 2903 3252 sit
2936 3204 3330 3274 procreatus:
3378 3187 3647 3275 ideoque
3690 3188 3772 3251 ab
3799 3186 4098 3274 Apolline
4143 3187 4455 3269 αὐτοφυὴς,
4486 3210 4526 3251 a

2828 3289 3067 3379 Sibylla
3110 3292 3447 3374 αὐτογενὴς,
3480 3306 3544 3357 et
3573 3293 3894 3375 ἆγέννητος
3932 3308 3996 3358 et
4025 3294 4301 3375 ἀποίητος
4332 3292 4526 3358 nomi·

2824 3409 3030 3473 natur,
3062 3395 3235 3483 quod
3280 3398 3540 3475 Seneca,
3574 3395 3763 3459 homo
3803 3410 4048 3474 acutus,
4092 3395 4156 3460 in
4202 3396 4522 3461 Exhorta-

2823 3497 3098 3563 tionibus
3142 3497 3332 3561 vidit:
3382 3498 3545 3578 Nos,
3589 3497 3816 3585 inquit,
3857 3487 4116 3564 ali-unde
4148 3502 4519 3588 pendemm.

2823 3602 3049 3688 Itaque
3075 3602 3162 3663 ad
3187 3603 3457 3688 aliquem
3486 3603 3878 3689 respic-imm,
3901 3606 4029 3681 cui,
4052 3606 4218 3692 quod
4240 3615 4332 3671 est
4357 3607 4519 3694 opti-

2822 3726 2991 3766 mum
3022 3706 3093 3766 in
3121 3704 3320 3781 nobi-9,
3345 3704 3690 3770 debeamus.
3750 3707 3938 3771 Alius
3968 3730 4082 3773 nos
4109 3708 4331 3787 edidit,
4352 3709 4521 3774 alius

2821 3807 3174 3870 instruxit:
3241 3807 3423 3870 Deus
3479 3808 3614 3894 ipse
3668 3830 3735 3872 se
3764 3811 3999 3895 fica-'⁹
4090 3813 4271 3878 Idem
4316 3815 4414 3879 II.
4442 3815 4518 3880 ,8.

2822 3932 2886 3996 p.
2924 3927 3082 3989 227:
3134 3917 3177 3948 ‘⁴
3203 3911 3307 3973 Ex
3355 3933 3418 3973 se
3460 3909 3598 3996 ipso
3640 3925 3753 3989 est,
3787 3928 3859 3977 ut
3894 3912 3957 3977 in
4001 3915 4206 4003 primo
4249 3917 4522 3981 diximus

2822 4009 3003 4091 libro,
3032 4023 3090 4076 et
3128 4013 3267 4076 ideo
3296 4015 3445 4078 tali-s·
3488 4024 3601 4092 est,
3631 4016 3876 4102 qualem
3905 4039 4035 4084 esse
4061 4041 4127 4083 se
4158 4020 4375 4098 voluit,
4406 4023 4523 4083 im-

2810 4118 3164 4204 passibilis,
3183 4118 3616 4195 immutabilis,
3636 4120 4068 4207 incorruptus,
4087 4124 4322 4198 beatus,
4345 4134 4522 4187 aeter-

2821 4222 3002 4286 nue.”
3089 4220 3451 4308 Appuleius
3490 4223 3591 4285 De
3622 4223 3856 4308 Dogm.
3892 4224 4140 4289 Platon.
4176 4227 4231 4290 I.
4277 4249 4338 4313 p.
4370 4228 4518 4312 584.

2821 4348 2888 4412 p.
2918 4342 3065 4409 205.
3099 4324 3198 4389 ed.
3234 4325 3563 4389 Bosschae:
3614 4334 3656 4364 “
3682 4328 3890 4404 Quare
3920 4351 4032 4393 nec
4060 4329 4269 4393 omnia
4297 4329 4377 4393 ad
4407 4330 4522 4394 fati

2822 4442 3048 4492 sortem
3094 4428 3435 4492 arbitratur
3463 4453 3594 4493 esse
3623 4430 3964 4495 referenda.
4060 4432 4164 4495 Ita
4207 4432 4369 4496 enim
4416 4431 4524 4496 de-

2820 4530 2994 4595 finit:
3072 4531 3540 4595 Providentiam
3606 4556 3737 4597 esse
3796 4533 4068 4599 divinam
4130 4538 4519 4616 sententiam,

2823 4635 3331 4699 conservatricem
3391 4636 3819 4724 prosperitatis
3878 4638 4037 4725 ejuS‚
4096 4641 4280 4727 cujus
4338 4664 4522 4705 causa

2826 4738 2947 4804 tale
2992 4739 3261 4826 suscepit
3299 4738 3610 4804 officium=
3659 4741 3947 4805 divinam
3991 4744 4192 4831 legem
4234 4765 4365 4808 esse
4394 4745 4525 4807 Fa-

2825 4852 2980 4922 tum,
2998 4864 3116 4930 per
3137 4845 3302 4931 quod
3328 4845 3721 4909 inevitabiles
3748 4848 4161 4934 cogitatiovaes
4182 4847 4310 4911 Dei
4338 4857 4524 4934 atque

2823 4948 3073 5033 incepta
3113 4949 3516 5035 complentur.
3614 4948 3797 5013 Unde
3841 4950 3888 5013 si
3935 4949 4092 5036 quid
4133 4948 4526 5037 providentia

2826 5049 3087 5135 geritur,
3120 5050 3184 5114 id
3230 5051 3443 5139 agitur
3471 5052 3656 5117 etiam
3702 5053 3868 5117 fato:
3917 5068 3980 5118 et
4013 5051 4185 5142 quod
4230 5053 4362 5117 fato
4406 5068 4526 5115 ter-

2825 5155 3123 5232 minatur,
3176 5155 3569 5242 providentia
3625 5155 3811 5220 debet
3865 5170 4225 5245 susceptum
4273 5155 4526 5220 videri.”

2826 5255 2938 5320 ubi
2997 5256 3211 5322 confer
3262 5258 3685 5323 Elmenhorst.
3739 5274 3951 5325 annot.
4043 5260 4240 5326 Adde
4296 5264 4527 5349 Appu-

2825 5358 3015 5424 leium
3046 5360 3127 5426 de
3158 5362 3414 5428 Mundo
3455 5387 3517 5452 p.
3545 5383 3688 5449 749.
3728 5387 3784 5450 p.
3814 5366 3899 5450 36
3898 5385 3963 5450 5.
3994 5380 4060 5430 et
4091 5364 4414 5430 Plutarch.
4446 5364 4526 5429 de

2827 5462 2991 5526 Fato
3041 5464 3173 5528 IX.
3220 5488 3288 5552 p.
3317 5482 3470 5554 573.
3503 5469 3576 5532 B.
3623 5491 3684 5555 p.
3716 5470 3868 5554 308.
3901 5469 4276 5556 Wyttenb.:
4346 5471 4442 5535 καὶ
4488 5472 4527 5552 ἡ

2826 5569 2938 5646 μὲν
2969 5568 3308 5650 Εἱμαρμένη
3351 5569 3585 5640 πάντως
3628 5575 3778 5635 κατὰ
3814 5574 4137 5654 Πρόνοιαν,
4168 5575 4207 5654 ἡ
4250 5576 4317 5638 δὲ
4361 5575 4527 5656 Πρό-
