5118 6613
1360 560 1565 625 LIB.
1614 561 1729 627 IV.
1776 561 2239 627 ENNEAD.
2289 561 2819 632 SECUNDAE.
2863 591 2931 656 p.
2965 567 3323 653 283-288.

586 730 771 796 vertit
798 751 1075 808 reasons,
1113 730 1223 794 sed
1263 732 1718 821 perspicuitatis
1760 758 1946 800 causa
1986 736 2266 802 addidit:

585 856 661 898 or
680 834 1050 920 productiva
1070 836 1437 921 principles.

670 959 733 1024 p.
767 937 914 1021 285,
947 938 1009 999 6.
1041 937 1120 1016 μὴ
1147 940 1298 1018 ὕλην
1329 940 1410 1006 εἷς
1449 938 1601 1006 εἶδος
1631 941 1791 1025 ἰδών]
1834 940 2075 1028 Taylor
2102 965 2165 1006 se
2192 943 2272 1006 ad

585 1037 874 1104 Ficinum
919 1038 1242 1126 applicuit,
1281 1052 1722 1128 praeterquam,
1762 1041 1934 1129 quod
1980 1047 2106 1124 εἵδη
2149 1067 2274 1108 non

584 1141 903 1230 expressit.
995 1143 1141 1228 Ego
1170 1142 1235 1205 in
1266 1142 1382 1208 hac
1419 1142 1751 1209 lectionum
1783 1144 2077 1211 varietate
2121 1147 2273 1217 nihil

585 1258 826 1309 mutare
847 1243 1040 1323 volui,
1062 1267 1207 1308 cum
1239 1243 1421 1309 lectio
1449 1245 1734 1311 editionis
1762 1246 2055 1335 explicari
2085 1248 2277 1336 possit

581 1372 659 1414 ex
714 1348 1009 1437 singulari
1070 1350 1368 1415 brevitate
1421 1351 1788 1417 Plotiniauae
1838 1353 2152 1429 orationis»,
2206 1366 2277 1418 ut

582 1451 942 1540 cogitaverit
972 1451 1232 1540 scriptor
1279 1457 1360 1520 εἰς
1404 1453 1555 1521 εἶδος
1589 1457 1819 1532 ἰοῦσαν,
1849 1455 2167 1519 materiam
2206 1456 2270 1520 in

582 1555 812 1619 formas
867 1570 1137 1619 euntem.
1232 1554 1357 1619 Sed
1415 1570 1644 1634 tamen,
1703 1578 1843 1620 cum
1903 1556 2038 1621 haec
2093 1557 2273 1623 lectio

581 1673 809 1723 certam
836 1656 1133 1721 librorum
1168 1657 1534 1745 scriptorum
1564 1658 1992 1723 auctoritatem
2018 1682 2143 1724 non
2166 1660 2274 1724 ha-

581 1761 744 1840 beat,
765 1761 863 1826 vel
888 1760 1222 1848 legendum
1253 1776 1347 1826 est
1373 1761 1451 1841 μὴ
1483 1764 1565 1830 εἰς
1594 1762 1746 1829 εἶδος
1775 1764 1933 1839 ἰδών,
1958 1762 2055 1826 vel
2083 1764 2163 1843 μὴ
2193 1766 2274 1832 εἰς

583 1867 705 1946 ε’ίδη
735 1867 891 1929 ἰδῶν.
983 1865 1148 1928 Nam
1184 1864 1335 1931 εἶδος
1363 1863 1460 1928 vel
1502 1868 1623 1945 εἴδη
1668 1864 1943 1953 expungi
1988 1888 2111 1929 non
2157 1865 2267 1931 de·

581 1967 748 2045 bere,
779 1981 1057 2054 arguunt
1086 1966 1440 2053 sequentia:
1488 1973 1609 2034 πῶς
1637 1970 1701 2031 δὲ
1732 1967 1899 2035 εἶδος.

665 2108 754 2122 -
781 2090 878 2134 10.
912 2072 989 2134 Et
1017 2071 1083 2133 δὲ
1123 2073 1327 2134 πολλὰ
1370 2068 1442 2134 ὃν
1486 2069 1804 2152 ἆμέριστόν
1845 2070 2004 2157 ἐστι]
2036 2069 2271 2157 Taylor

581 2194 822 2237 necesse
851 2171 1190 2237 arbitratur
1217 2171 1433 2237 scribi:
1486 2176 1539 2237 εἰ
1569 2175 1632 2236 δὲ
1659 2176 1862 2236 πολλὰ
1892 2173 1959 2236 ἓν
1987 2170 2059 2237 ὃν
2089 2174 2187 2252 ἅμ.
2215 2176 2268 2236 ἑ.

580 2274 872 2339 nimirum
946 2286 1196 2340 secutus
1253 2274 1593 2339 versionem
1660 2274 1883 2353 Ficini‚
1960 2275 2072 2362 qui
2142 2275 2262 2339 ita:

582 2385 842 2442 “unum
871 2399 980 2443 ens
1008 2377 1436 2465 impartibile.”
1501 2377 1624 2443 Sed
1653 2376 1865 2441 nullus
1896 2378 2113 2443 Codex
2142 2378 2270 2442 suf-

580 2480 883 2568 fragatur,
928 2495 992 2545 et
1034 2494 1237 2567 potest
1281 2480 1536 2545 Ficinus
1579 2479 1767 2545 solius
1817 2480 2271 2569 perspicuitatis

580 2607 765 2650 causa
793 2584 910 2648 hoc
938 2581 1272 2648 addidisse.

664 2724 754 2737 —
776 2707 872 2750 11.
906 2688 973 2750 ἓν
998 2689 1112 2766 ὕλῃ
1157 2688 1287 2750 ἐστὶ
1331 2687 1447 2771 ἑνὶ]
1489 2688 1634 2751 Hoc
1672 2686 1927 2775 quidem
1971 2685 2129 2765 loce,
2162 2687 2270 2752 ubi

580 2789 721 2855 libri
748 2788 1001 2877 plurimi
1031 2789 1297 2853 babent:
1333 2792 1462 2854 ἐστὶ
1490 2794 1570 2876 τῷ
1603 2791 1712 2868 ἑνὶ,
1743 2812 1886 2853 cum
1917 2790 2134 2854 eodem
2165 2791 2273 2856 Fi-

581 2892 718 2957 cino
743 2892 998 2980 legerim
1031 2893 1196 2957 ἑστὶν
1224 2894 1302 2959 ὡς
1331 2894 1438 2956 ἑνί.
1531 2891 1778 2956 Deinde
1808 2892 1922 2973 πρὸ
1950 2897 2056 2956 τοῦ
2081 2896 2266 2957 ποικί-

580 3004 713 3073 λον,
745 2996 915 3082 quod
944 3018 1164 3082 margo
1199 3017 1342 3059 cum
1375 2993 1580 3059 Codd.
1614 2994 1899 3081 plurimis
1942 2993 2152 3073 habet,
2183 2995 2272 3060 ita

581 3096 958 3186 explendum
989 3111 1103 3174 est,
1131 3111 1201 3162 ut
1221 3096 1527 3186 intelligas
1550 3098 2267 3184 sivan—Argumentum

582 3200 770 3289 hujus
812 3200 1030 3290 capitis
1072 3199 1301 3287 attigit,
1335 3201 1763 3264 Tennemaun.
1808 3199 1870 3264 iu
1913 3199 2080 3266 Hist.
2117 3201 2267 3266 Phi-

580 3302 821 3393 losoph.
851 3305 969 3370 VI.
1002 3328 1069 3393 p.
1095 3324 1237 3389 105.
1271 3304 1578 3369 Refutare
1605 3316 1814 3369 autem
1858 3328 1922 3369 se
1957 3304 2089 3369 haec
2121 3304 2269 3369 Plo·

581 3406 814 3473 tiniana
844 3430 1019 3495 posse
1040 3407 1330 3493 opinatus
1347 3421 1562 3472 contra
1581 3406 1835 3471 molitur
1856 3407 2265 3474 Tiedemann.

578 3510 641 3574 in
675 3511 853 3577 Geist
894 3511 1007 3575 der
1032 3511 1260 3598 specul.
1295 3511 1690 3598 Philosophia
1722 3511 1864 3574 III.
1896 3533 1961 3598 p.
1991 3531 2143 3594 409.
2177 3534 2269 3598 sq,

582 3612 747 3679 Mihi
797 3613 879 3678 ad
928 3612 1161 3679 Plotini
1202 3628 1472 3678 mentem
1516 3612 1909 3701 aperiendam
1952 3613 2132 3678 valde
2174 3637 2272 3679 ac-

578 3717 967 3781 commodata
993 3716 1304 3796 videntur,
1335 3739 1479 3803 quae
1520 3715 1730 3803 posuit
1765 3714 2159 3781 Rudelbach.
2192 3716 2272 3780 de

580 3818 838 3884 Ethices
883 3819 1213 3907 Principiis
1258 3842 1322 3906 p.
1372 3821 1514 3885 108.
1563 3833 1692 3884 not.
1742 3839 1864 3902 19.:
1926 3817 2143 3900 “⁰'‘1’An
2191 3841 2269 3883 ex

579 3937 785 3986 mente
812 3936 1091 3986 veterum
1122 3921 1654 4011 philosophorum,
1685 3921 1750 3984 id
1780 3935 1895 4000 est,
1922 3922 2094 4008 quod
2131 3945 2264 3986 om-

578 4023 763 4090 nibus
814 4023 1000 4088 rebus
1044 4025 1426 4089 substratum
1476 4023 1771 4102 cernitur,
1819 4022 1946 4087 sive
1994 4025 2266 4112 primum

578 4126 786 4192 adhuc
844 4127 1244 4192 informatum
1295 4126 1794 4202 fundamentum,
1840 4149 1919 4191 ex
1965 4150 2093 4213 quo
2144 4128 2269 4191 for-

579 4230 768 4295 matio
810 4253 1020 4294 rerum
1058 4228 1356 4318 procedit.
1396 4228 1705 4312 ¹(Aristot.
1737 4228 1927 4316 Phys.
1963 4230 2018 4294 I.
2055 4229 2146 4294 8.:
2195 4230 2264 4294 τὸ

576 4339 808 4416 πρῶτον
834 4334 1224 4413 ὑποκείμενον
1254 4332 1501 4419 ἑκάστῳ,
1535 4335 1598 4411 ἐξ
1636 4333 1706 4396 οὗ
1740 4332 1973 4414 γίνεταί
2009 4357 2066 4396 τι
2106 4334 2267 4415 ἐνερ-

577 4438 712 4522 γείᾳ
752 4438 916 4501 ἀλλὰ
954 4435 1248 4521 δυνάμει),
1277 4458 1421 4522 quae
1454 4432 1714 4523 perinde
1744 4448 1814 4498 ut
1840 4434 2042 4498 forma
2068 4457 2262 4521 gene-

577 4538 774 4604 rativa
816 4560 940 4602 non
981 4551 1315 4626 generatur
1347 4537 1642 4620 (Aristot.
1685 4536 2049 4624 MetaphyS.
2084 4538 2259 4603 XII.

577 4645 692 4726 3.).
757 4642 955 4705 Hunc
996 4640 1060 4704 in
1106 4662 1352 4705 sensum
1385 4639 1669 4705 Timaeus
1708 4641 1952 4704 Locrus
1982 4639 2268 4704 Monada

577 4745 782 4826 γόνην,
807 4742 1142 4809 Anatolius
1168 4766 1317 4808 vero
1342 4746 1492 4824 ὕλην
1516 4742 1969 4829 (Theologum.
1996 4741 2261 4807 Arithm.

578 4869 643 4934 p.
675 4846 770 4931 8.)
801 4845 1160 4934 appellavit.
1208 4845 1480 4911 Materia
1507 4846 1716 4933 itaque
1745 4868 2066 4932 nunquam
2097 4868 2266 4909 men-

575 4948 645 5020 ti.
676 4971 920 5036 semper
940 4972 1088 5013 vero
1116 4948 1332 5013 formae
1354 4948 1712 5037 opponitur,
1740 4959 2006 5035 utraque
2033 4962 2265 5012 aeterna

576 5074 785 5117 rerum
859 5051 1188 5140 dynamica
1256 5051 1580 5140 principia.
1696 5053 1903 5130 Quam
1960 5050 2263 5116 rationem

580 5153 890 5219 Iordanus
934 5155 1191 5220 Brunus
1233 5177 1507 5242 quoque,
1552 5153 1724 5241 quod
1773 5152 1973 5219 obiter
2017 5176 2264 5218 mouea-

575 5279 739 5337 mus,
771 5273 1007 5322 veteres
1050 5272 1320 5338 secutuS,
1349 5255 1674 5345 amplexus
1710 5269 1822 5321 est.
1859 5254 2033 5339 (Vid.
2068 5256 2255 5321 Frid.

578 5360 788 5427 Henr.
836 5362 1049 5424 Iacobi
1090 5361 1308 5424 Werke
1338 5360 1458 5425 IV.
1496 5380 1552 5425 2.
1597 5383 1662 5447 p.
1703 5380 1802 5443 19.
1846 5359 2054 5446 sqq.)”
2118 5360 2258 5423 Cae-

577 5477 776 5527 terum
822 5461 1057 5527 Plotini
1099 5461 1293 5550 ipsius
1333 5485 1478 5549 quae
1522 5461 1822 5527 sententia
1869 5461 1949 5526 de
1991 5460 2265 5526 Materia

579 5560 678 5660 sit,
705 5580 768 5630 et
797 5563 1097 5630 nonnulla
1123 5588 1202 5630 ex
1233 5564 1653 5653 superioribus
1681 5564 1854 5633 libris
1890 5563 2259 5653 significant,

2358 753 2423 804 et
2465 738 2786 826 sequentia
2832 738 3253 805 declarabunt.
3345 742 3510 804 Cum
3551 739 3800 805 Plotino
3836 755 4046 805 autem

2358 841 2422 905 in
2474 841 2730 907 materia
2780 841 3176 907 intellectuali
3234 842 3473 907 mundo
3523 842 3854 907 tribuenda
3900 842 4049 908 facit

2362 944 2768 1021 lamblichus,
2811 945 2922 1032 qui
2967 945 3056 1010 ita
3097 944 3177 1009 de
3209 945 3532 1033 Mysteriis
3559 945 3637 1010 V.
3673 965 3775 1030 23.
3806 970 3872 1034 p.
3905 947 4047 1030 138.

2362 1047 2536 1112 Gal.:
2586 1048 2690 1127 Μὴ
2719 1047 2789 1127 δή
2816 1072 2903 1115 τις
2930 1047 3282 1127 θαυμαζέτω,
3316 1051 3423 1112 ἐὰν
3453 1050 3549 1113 καὶ
3574 1052 3724 1130 ὕλην
3751 1052 3883 1112 τινὰ
3913 1053 4048 1112 καθ-

2361 1154 2513 1233 αρᾶν
2544 1152 2640 1214 καὶ
2669 1152 2835 1215 θείαν
2864 1150 3015 1215 εἶναι
3042 1149 3333 1233 λέγωμεν·
3380 1151 3497 1215 ἀπὸ
3540 1154 3654 1233 γὰρ
3696 1150 3914 1232 πατρὸς
3955 1151 4049 1213 καὶ

2361 1258 2711 1335 δημιουργοῦ
2747 1259 2864 1317 τῶν
2894 1255 3054 1317 ὅλων
3085 1254 3179 1317 καὶ
3218 1253 3361 1332 αὐτὴ
3394 1253 3686 1336 γενομένη
3721 1253 3828 1332 τὴν
3856 1260 4045 1317 τελει·

2362 1358 2541 1436 ότητα
2572 1359 2777 1434 ἑαυτῆς
2806 1355 3136 1436 ἐπιτήδειαν
3168 1355 3432 1435 κέκτηται
3465 1355 3610 1438 πρὸς
3649 1361 3800 1419 θεῶν
3832 1357 4046 1419 ὑποὸο-
4139 1422 4143 1427 ,

2354 1457 2470 1541 χήν
2502 1485 2553 1521 κ.
2585 1484 2637 1522 τ.
2658 1466 2720 1521 λ.

2440 1584 2507 1648 p.
2541 1561 2690 1639 288,
2726 1579 2787 1626 2.
2826 1561 3394 1648 παραγυμνωθέντα]
3446 1558 3606 1624 Cod.
3671 1558 3806 1625 Ciz.
3857 1586 4043 1641 παρα-

2358 1663 2796 1745 γυμνασθέντα,
2827 1662 2996 1726 unde
3030 1663 3289 1726 fortasse
3326 1661 3613 1749 conjicias
3654 1688 4046 1744 παραγυμνω-

2360 1765 2601 1830 σθέντα.
2694 1767 2882 1831 Certe
2911 1764 3175 1830 Dorvill.
3209 1765 3290 1829 ad
3323 1765 3642 1831 Chariton.
3678 1766 3794 1829 IV.
3816 1783 3878 1850 5.
3911 1764 4043 1829 init.

2356 1889 2418 1953 p.
2448 1885 2600 1951 445.
2635 1867 2805 1955 Lips.
2845 1869 2931 1955 [p.
2966 1887 3112 1953 403.
3146 1867 3245 1932 ed.
3280 1868 3514 1955 Amst.]
3547 1866 3814 1931 malebat
3856 1891 4046 1950 παρα-

2356 1972 2724 2051 γυμνωσθεὶς
2764 1993 2952 2057 quam
2998 1971 3501 2053 παραγυμνωθείς,
3543 1969 3650 2034 ubi
3688 1970 3769 2034 de
3811 1968 4045 2055 duplici

2353 2071 2470 2136 hac
2513 2072 2717 2137 forma
2752 2072 3053 2161 disputat,
3092 2073 3200 2138 sed
3242 2072 3391 2137 ibid.
3426 2087 3629 2136 tamen
3675 2071 3830 2136 illud
3874 2071 4047 2160 prius

2355 2174 2645 2238 usitatius
2673 2199 2803 2240 esse
2831 2175 3006 2253 dicit,
3037 2199 3148 2240 nec
3178 2175 3400 2262 reliqui
3429 2174 3570 2238 libri
3611 2174 3803 2239 nostri
3836 2198 3875 2239 a
3906 2174 4045 2238 vul-

2353 2294 2501 2364 gata
2526 2278 2851 2343 recedunt.
2944 2277 3418 2365 significationis
3456 2277 3725 2365 propriae
3763 2275 4048 2364 exempla

2353 2379 2416 2443 in
2475 2396 2729 2468 promtu
2786 2396 2953 2446 sunt.
3042 2380 3223 2458 Vide,
3274 2396 3346 2445 ut
3402 2380 3500 2444 his
3558 2393 3720 2457 utar,
3780 2378 4043 2443 Diodor.

2358 2484 2596 2547 XVII.
2629 2486 2733 2549 60.
2765 2507 2831 2569 p.
2865 2498 3010 2566 207.
3057 2483 3425 2569 Wesseling.
3477 2481 3822 2546 Herodian.
3871 2481 4039 2546 Hist.

2359 2587 2496 2650 III.
2529 2607 2594 2671 9,
2629 2606 2723 2654 10.
2755 2586 2902 2651 Dio.
2923 2588 3097 2652 CasS.
3127 2587 3400 2651 XLIX.
3424 2586 3484 2650 6.
3508 2608 3570 2673 p.
3590 2602 3738 2668 574.
3767 2583 4039 2649 Reimar.

2359 2688 2681 2754 Chariton.
2728 2690 2844 2753 IV.
2881 2709 2959 2768 1.,
3010 2688 3113 2753 ubi
3160 2702 3252 2753 est
3296 2711 3417 2752 uon
3463 2687 3715 2753 omnino
3762 2686 4042 2762 nudare;

2355 2790 2483 2855 vid.
2533 2789 2776 2855 Dorvil.
2825 2814 2889 2879 p.
2928 2811 3075 2874 419.
3113 2787 3208 2878 [p.
3237 2791 3420 2878 361.]
3466 2789 3629 2853 adde
3672 2788 3928 2853 Moerin.
3979 2788 4042 2852 in

2359 2893 2682 2976 Δωριάζειν
2709 2893 2856 2980 ibiq.
2904 2893 3183 2958 Pierson.
3214 2916 3276 2980 p.
3308 2893 3448 2960 126.
3500 2891 3831 2957 Tralatum
3861 2914 4044 2955 usum

2355 2995 2712 3083 frequentat
2744 2996 3131 3074 Herodotus,
3162 3011 3236 3060 ut
3267 2996 3323 3060 I.
3357 2997 3497 3060 126.
3528 2996 3903 3078 παρεγύμνου
3940 2995 4047 3059 τὸν

2355 3098 2551 3163 πάντα
2578 3100 2786 3182 λόγον.
2821 3099 2924 3164 Cf.
2961 3101 3164 3164 VIII.
3199 3120 3292 3184 19.
3325 3113 3389 3163 et
3418 3099 3556 3162 IX.
3578 3113 3685 3182 45.
3721 3095 3948 3184 Polyb.
3982 3097 4043 3162 I.

2358 3202 2459 3266 80.
2508 3222 2571 3286 9.
2650 3202 2830 3266 Idem
2892 3205 3129 3290 Fragg.
3191 3204 3567 3267 Grammatt.
3622 3221 3762 3286 113.
3821 3223 3887 3287 p.
3941 3216 4047 3286 97.

2360 3303 2736 3392 Schweigh.:
2783 3306 2822 3385 ἡ
2856 3309 2920 3371 δὲ
2961 3306 3623 3390 τύχη-παρεγύμνωσε
3663 3308 3767 3371 τὰς
3810 3305 4049 3384 ἀληθεῖς

2359 3410 2654 3475 ἐπινοίας-ε
2703 3415 2745 3448 “
2772 3409 3058 3473 Fortuna
3084 3431 3234 3473 vero
3269 3431 3418 3473 vera
3458 3407 3707 3472 consilia
3742 3405 4046 3494 aperuit.'?

2361 3510 2660 3575 Chariton
2706 3510 2841 3576 loco
2882 3511 3087 3599 priore
3132 3512 3263 3593 (ΙΙ.
3289 3527 3353 3595 5.
3402 3534 3466 3599 p.
3502 3513 3601 3594 96.
3636 3509 3814 3597 Lips.
3844 3532 3905 3596 p.
3941 3525 4041 3592 71.

2360 3613 2621 3697 Amst.):
2668 3614 3148 3696 παραγυμνωθεὶς
3191 3614 3342 3699 αὐτῷ
3384 3614 3478 3676 καὶ
3513 3612 3618 3676 τὸν
3646 3615 3795 3675 ἴδιον
3834 3611 4039 3693 ἔρωτα·

2356 3723 2400 3755 “
2424 3736 2611 3802 quem
2658 3717 2754 3781 sui
2785 3715 3013 3781 amoris
3045 3714 3354 3780 conscium
3391 3714 3676 3779 fecerat.''
3721 3712 3824 3778 Cf.
3855 3712 4037 3777 etiam

2356 3817 2612 3883 Arriani
2664 3819 2926 3882 Dissert.
2978 3817 3278 3905 Epictett.
3335 3818 3451 3881 IV.
3510 3817 3567 3881 8.
3623 3835 3732 3902 32.
3774 3839 3836 3903 p.
3890 3818 4039 3902 636.

2358 3920 2650 4008 Schwgh.
2697 3921 2972 3986 Proinde
3013 3920 3207 3985 nostri
3248 3919 3366 3984 loci
3406 3918 3770 3984 sententiam
3809 3918 3897 3983 ita
3935 3942 4042 3983 ex·

2352 4023 2603 4111 primaS.
2673 4026 2893 4111 Atque
2934 4047 3079 4111 quae
3123 4021 3324 4110 plura,
3365 4045 3553 4109 quam
3598 4021 3922 4101 attinebat,
3961 4020 4042 4086 de

2354 4126 2627 4190 Materia
2653 4126 2718 4191 in
2747 4127 2936 4192 rebus
2962 4124 3453 4213 intelligibilibus
3479 4126 3788 4213 patefacta
3823 4126 3904 4207 (S.
3936 4123 4043 4190 de-

2351 4228 2610 4316 clarata)
2642 4243 2810 4308 sunt,
2839 4230 2974 4294 haec
3005 4229 3321 4294 hactenus.

2433 4368 2521 4381 -—
2545 4352 2606 4415 7.
2638 4335 2705 4398 ἐκ
2748 4337 2854 4397 τοῦ
2900 4338 3205 4399 παντελῶς
3247 4331 3328 4411 μὴ
3378 4330 3571 4415 ὄντος]
3627 4330 3929 4395 Brucker.
3973 4330 4041 4395 in

2352 4434 2521 4499 Hist.
2558 4434 2718 4500 Crit.
2751 4434 2983 4499 Philos.
3019 4432 3118 4498 11.
3141 4457 3209 4522 p.
3229 4434 3407 4514 428.:
3442 4440 3490 4472 “
3513 4431 3618 4496 Illi
3639 4431 4040 4517 (Christiani)

2349 4537 2510 4602 enim
2548 4561 2589 4603 a
2634 4550 2963 4625 systemate
3000 4535 3383 4601 enuntiativo
3425 4546 3559 4599 toto
3595 4535 3747 4600 caelo
3789 4535 4039 4614 diversi,

2349 4638 2737 4727 impiumque
2800 4640 3030 4728 dogma
3086 4638 3508 4716 abhorrente8‚
3568 4638 3883 4703 materiam
3958 4663 4036 4704 ex

2348 4742 2523 4808 nullo
2548 4766 2803 4831 prorsus
2831 4741 3131 4830 subjecto,
3161 4764 3365 4829 neque
3406 4740 3649 4805 interno
3685 4763 3892 4828 neque
3925 4765 4038 4806 ex-

2351 4859 2548 4927 terno,
2575 4846 2857 4932 adeoque
2888 4867 3091 4931 neque
3129 4868 3206 4909 ex
3235 4845 3359 4909 Dei
3393 4842 3652 4908 essentia
3695 4867 3826 4908 esse
3866 4844 4039 4932 geni-

2351 4963 2501 5027 tam,
2532 4948 2639 5013 sed
2679 4972 2756 5013 ex
2795 4972 2862 5013 re
2898 4948 3082 5035 plane
3118 4947 3311 5026 nulla,
3340 4946 3536 5011 libera
3564 4946 3687 5010 Dei
3718 4946 4037 5011 voluntate

2347 5066 2412 5116 et
2452 5051 2750 5117 facultate
2792 5051 3018 5116 factam
3064 5051 3438 5127 statuebant,
3479 5065 3613 5114 tum
3654 5073 3690 5113 e
3729 5049 4035 5114 contrario

2347 5153 2555 5219 schola
2573 5153 2895 5218 Ammonii
2923 5152 3260 5218 necessaria
3286 5151 3523 5217 ratione
3549 5170 3614 5217 et
3634 5150 3771 5239 lege
3792 5174 4037 5216 emana-

2348 5255 2552 5334 tioniS‚
2588 5272 2659 5322 ut
2687 5256 2913 5334 omnia,
2945 5256 3033 5322 ita
3060 5272 3122 5321 et
3151 5255 3467 5320 materiam
3498 5279 3576 5320 ex
3611 5254 3747 5318 sinu
3777 5253 3900 5317 Dei
3927 5252 4034 5318 de-

2344 5359 2595 5424 rivaret.
2689 5361 2793 5424 Ita
2840 5358 3025 5438 enim,
3072 5358 3122 5423 si
3168 5357 3482 5423 Plotinum
3540 5355 3876 5443 sequimur,
3919 5357 4031 5443 qui

2346 5461 2550 5550 ipsum
2581 5461 2989 5526 Ammonium
3028 5459 3290 5540 audivit,
3322 5458 3719 5526 statuendum
3749 5480 3879 5522 esse
3906 5481 4031 5546 pu-·

2347 5564 2552 5631 tabat:
2605 5565 2721 5627 Ex
2767 5565 2965 5629 nihilo
2991 5567 3157 5651 fleri
3200 5564 3383 5643 nihil,
3438 5563 3538 5646 (id
3585 5561 3750 5625 enim
3802 5561 4032 5627 diserte

2580 5671 2625 5724 P
2652 5658 2699 5723 2

3923 587 4045 650 107
4148 657 4152 662 .
