5118 6613
988 565 1114 632 312

1952 546 2802 612 ANNOTATIONES
2855 546 2966 610 IN
3022 546 3456 611 PLOTINI

992 726 1107 801 ρῶς
1142 719 1374 800 ὅσαπερ
1398 717 1475 797 ἦν
1505 719 1727 784 ἐκεῖνος
1768 724 2003 799 νοητῶς,
2039 720 2195 783 καὶὸ
2227 718 2454 803 Κρόνος
2494 719 2689 801 πάσης
2772 741 2812 807 5
2817 738 2881 806 5.
2906 721 2993 785 D.
3021 736 3087 785 et
3113 743 3259 807 quae
3288 718 3348 783 in
3385 719 3553 783 hunc
3596 718 3800 783 locum
3845 720 4280 784 annotavimus
4323 744 4465 786 cum

998 826 1098 902 τῆς
1126 826 1498 905 δημιουργίας
1528 823 1800 887 ἐνδίδωσι
1836 824 2134 905 (ἐκδίδωσι
2155 823 2313 888 Cod.
2342 823 2447 907 V.)
2476 828 2556 910 τῷ
2587 822 2695 887 Διὶ·

997 929 1101 993 τὰς
1130 927 1317 1010 ἆρχᾶς
1345 927 1441 989 καὶ
1469 928 1569 1005 τῆς
1598 927 1680 993 εἰς
1705 928 1781 989 τὰ
1809 928 2062 1006 αἰσθητὰ
2092 927 2392 1008 προνοίας,
2426 929 2522 990 καὶ
2554 928 2686 990 {av-

997 1030 1104 1092 τὸν
1134 1035 1289 1093 νοῶν
1313 1029 1533 1108 ἥνωται
1559 1034 1682 1119 τοῖς
1707 1030 2057 1109 πρωτίστοις
2085 1034 2314 1109 νοητοῖς
2345 1030 2438 1093 καὶ
2466 1028 2692 1110 πεπλή-

995 1156 1177 1211 ρωται
1202 1136 1320 1195 τῶν
1349 1133 1577 1196 ἐκεῖθεν
1606 1132 2031 1213 ἀγαθῶν-Εἰ
2066 1132 2173 1195 οῦν
2200 1132 2411 1214 τροφὴ,
2441 1130 2510 1195 τὸ
2553 1156 2690 1212 νοη·

998 1231 1120 1306 τὸν,
1153 1231 1422 1315 διακορής
1461 1235 1628 1297 ἐστιν
1651 1235 1684 1297 ὁ
1715 1230 1959 1316 Κρόνος,
1992 1233 2062 1297 οὗ
2090 1230 2276 1313 μόνον
2305 1239 2422 1298 τῶν
2450 1235 2691 1298 συστοί-

997 1361 1125 1419 χων
1167 1337 1322 1422 αὐτῷ
1369 1341 1612 1416 νοητῶν,
1645 1337 1808 1400 ἀλλὰ
1837 1337 1932 1400 καὶ
1960 1340 2061 1416 τῆς
2086 1342 2206 1401 τῶν
2233 1335 2571 1419 ἀκροτάτων
2600 1337 2696 1401 καὶ

1000 1440 1260 1520 κρυφίων
1289 1438 1556 1518 νοήσεων
1587 1438 1764 1522 (fort.
1797 1437 2075 1519 νοήσεως,
2106 1438 2224 1503 nisi
2249 1438 2331 1503 ad
2362 1441 2552 1523 τροφὴ
2598 1462 2695 1505 re-

997 1541 1160 1605 ferre
1190 1539 1395 1626 veliS.)
1487 1541 1857 1606 Damascius
1884 1541 1946 1605 in
1980 1541 2144 1607 Cod.
2178 1544 2361 1607 Mon.
2391 1541 2503 1607 fol.
2528 1560 2689 1624 244:

1001 1645 1204 1708 ἔπειτα
1244 1646 1340 1709 καὶ
1369 1645 1722 1728 δημιουργὸν
1753 1644 1932 1710 αὐτὸν
1959 1647 2284 1726 ἆνυμνοῦσι
2325 1645 2431 1709 τὸν
2462 1643 2697 1728 Κρόνον

999 1747 1105 1811 τὸν
1133 1748 1561 1831 προχειρισμὸν
1582 1752 1683 1827 τῆς
1711 1750 2085 1830 δημιουργίας
2114 1750 2301 1835 ἐαυτῷ
2331 1748 2698 1829 θεασάμενος

1002 1850 1149 1937 (leg.
1186 1849 1580 1931 θεασάμενον.
1672 1852 1903 1915 Vocem
1946 1851 2367 1935 προχειρισμὸς
2409 1875 2444 1915 0
2490 1850 2693 1916 Mele-

999 1967 1214 2017 temm.
1261 1954 1487 2018 nostris
1529 1953 1569 2017 l.
1603 1953 1646 2018 l.
1692 1954 1922 2041 adjecit
1965 1954 2151 2018 Novo
2194 1953 2495 2041 Stephani
2521 1954 2696 2018 The·

1000 2080 1185 2121 sauro
1229 2081 1293 2145 p.
1334 2078 1562 2143 10501.
1598 2057 1996 2137 SchaeferuS.)
2093 2057 2389 2121 Proxima
2420 2056 2693 2122 Plotini:

999 2164 1219 2242 μεταξὺ
1259 2161 1344 2226 ὢν
1385 2158 1605 2245 πατρός
1650 2187 1717 2226 τε
1766 2163 2077 2242 ἀμείνονος
2125 2189 2175 2224 κ.
2206 2186 2260 2225 τ.
2292 2168 2355 2225 λ.
2409 2159 2698 2225 tractavit

1001 2262 1367 2330 Cudworth.
1400 2265 1463 2328 in
1501 2266 1669 2352 Syst.
1697 2263 1908 2329 Intell.
1939 2264 2058 2328 IV.
2084 2266 2187 2350 36.
2219 2288 2284 2352 p.
2308 2263 2456 2347 687.
2482 2263 2694 2329 Mosh.

999 2367 1101 2430 Cf.
1137 2366 1370 2432 Plotin.
1401 2390 1592 2455 supra
1621 2390 1688 2455 p.
1713 2367 1863 2450 487.
1893 2382 1957 2431 et
1985 2391 2052 2456 p.
2074 2386 2225 2454 512.
2257 2390 2350 2454 sq.

1087 2491 1151 2556 p.
1188 2489 1375 2551 1024,
1405 2490 1471 2550 4.
1515 2470 1585 2534 οὗ
1623 2472 1740 2552 γὰρ
1779 2470 1855 2550 ἦν
1895 2471 2049 2558 αὐτῷ
2088 2469 2234 2552 πρὸς
2269 2467 2540 2553 τρόπου,]
2595 2471 2699 2534 Ita

1000 2571 1357 2660 scripsimus
1400 2595 1543 2636 cum
1588 2569 1763 2638 libris
1804 2572 2129 2660 plurimis:
2187 2581 2231 2613 “
2261 2575 2487 2661 Neque
2529 2573 2696 2637 enim

997 2691 1220 2763 aptum
1264 2691 1423 2754 erat,
1469 2698 1674 2763 neque
1721 2676 1886 2741 enim
1933 2676 2193 2743 decebat
2240 2679 2446 2742 eum.”
2546 2677 2699 2743 Vid.

1001 2779 1211 2865 Viget.
1244 2778 1325 2843 de
1357 2778 1727 2843 Idiotismm.
1762 2780 1894 2844 IX.
1930 2782 1991 2845 8.
2023 2800 2087 2868 3.
2132 2796 2196 2846 et
2237 2801 2300 2863 4.
2349 2796 2413 2846 et
2456 2780 2697 2846 Matth.

1003 2883 1122 2945 Gr.
1150 2905 1244 2969 gr.
1280 2884 1336 2966 ξ.
1359 2901 1507 2967 590.
1541 2882 1639 2947 ed.
1670 2882 1847 2947 alter.

1084 3022 1175 3036 —
1204 3003 1263 3066 7.
1314 2985 1535 3065 ἔστησε
1577 2984 1625 3050 δ’
1657 2987 1732 3050 αὖ
1780 2988 1875 3051 καὶ
1916 2990 1991 3052 τὰ
2043 2989 2126 3054 εἷς
2170 2985 2389 3069 θάτερα
2431 2984 2546 3052 ἀπὸ
2595 2991 2700 3051 τοῦ

1000 3087 1208 3154 παιδὸς
1235 3086 1533 3168 ἀρξάμενα
1577 3087 1730 3152 εἶναι
1769 3089 1900 3168 μετ’
1930 3087 2136 3173 αὐτὸν]
2194 3088 2276 3153 Id
2306 3104 2433 3154 est:
2481 3088 2696 3176 dispo-

1000 3190 1127 3254 suit
1167 3212 1385 3254 rursus
1427 3188 1613 3254 etiam
1657 3190 1967 3256 contraria
2016 3190 2083 3274 (i.
2109 3214 2167 3256 e.
2216 3192 2520 3279 sequiora,
2553 3216 2699 3279 quae

1000 3292 1078 3359 ad
1111 3291 1404 3357 inferiora
1432 3310 1739 3382 vergunt:
1788 3293 1933 3378 πρὸς
1973 3292 2042 3360 τὸ
2087 3294 2269 3380 κάτω)
2302 3293 2448 3360 inde
2490 3320 2529 3361 a
2572 3294 2701 3362 filio

1003 3421 1118 3464 suo
1159 3395 1406 3461 initium
1451 3396 1683 3462 faciens
1713 3397 1806 3481 (id
1838 3411 1966 3463 est:
2013 3396 2160 3463 inde
2201 3423 2241 3463 a
2283 3398 2523 3486 primis,
2551 3423 2700 3487 quae

999 3517 1142 3589 post
1192 3502 1238 3565 J
1242 3524 1424 3565 ovem
1476 3500 1766 3582 veniunt)
1822 3501 1912 3566 ita
1966 3514 2038 3566 ut
2087 3518 2290 3567 essent
2339 3516 2480 3590 post
2529 3502 2700 3568 hune

1000 3606 1078 3685 (J
1084 3606 1318 3689 ovem).
1410 3603 1778 3669 Formulam
1807 3601 1923 3669 άπὸ
1953 3609 2060 3669 τοῦ
2085 3603 2291 3673 παιδὸς
2333 3604 2634 3687 ἀρξάμενα
2661 3628 2700 3669 a

1001 3708 1266 3773 Platone
1309 3707 1567 3784 sumsit3
1614 3707 1694 3772 de
1728 3730 1859 3796 qua
1884 3707 2029 3773 vide
2062 3707 2334 3773 Heusdii
2372 3708 2495 3774 mei
2542 3710 2697 3796 Spe-

1000 3813 1140 3876 eim.
1174 3811 1238 3877 in
1270 3810 1514 3876 Platon.
1546 3834 1611 3899 p.
1632 3831 1737 3898 39.
1789 3810 2130 3876 Heindorf.
2159 3811 2241 3877 ad
2272 3812 2474 3899 Gorg.
2507 3814 2567 3896 ξ.
2594 3813 2694 3877 60.

1002 3937 1068 4001 p.
1102 3915 1202 3999 83.
1266 3915 1639 3979 Buttmann.
1686 3913 1770 3979 ad
1814 3914 2026 3981 Alcib.
2056 3939 2156 4003 pr.
2187 3938 2252 4003 p.
2280 3919 2423 3981 116.
2488 3921 2699 3982 Sturz.

1007 4021 1168 4084 Lex.
1204 4017 1507 4105 Xenoph.
1555 4019 1614 4082 Ι.
1659 4040 1726 4104 p.
1756 4033 1908 4100 427.
1952 4030 2016 4082 et
2061 4019 2300 4085 Matth.
2334 4020 2452 4086 Gr.
2497 4043 2594 4108 gr.
2642 4023 2699 4105 ξ.

1002 4139 1151 4208 557.
1191 4144 1253 4208 p.
1291 4141 1473 4185 1100.
1520 4120 1619 4186 ed.
1652 4119 2080 4185 alten—Mox
2122 4120 2382 4187 fortasse
2425 4123 2694 4190 scriben-

1003 4222 1159 4286 dum
1204 4225 1283 4308 τῷ
1336 4219 1480 4303 πρὸς
1523 4219 1591 4284 τὸ
1644 4220 1797 4286 κάτω
1848 4226 2067 4309 δεσμῷ.
2157 4223 2283 4287 Sed
2332 4246 2568 4302 vereor,
2617 4247 2697 4288 ne

1005 4325 1208 4413 majus
1234 4323 1457 4388 vitium
1484 4322 1690 4389 lateat.
1782 4324 2028 4389 Deinde
2055 4323 2093 4405 ἢ
2124 4329 2273 4390 κατὰ
2304 4326 2543 4402 κάλλος,
2576 4328 2615 4392 i.
2640 4351 2694 4393 e.

1003 4450 1195 4515 quam
1228 4442 1297 4491 ut
1327 4425 1686 4513 pulcritudo
1716 4426 1797 4492 ad
1828 4450 1972 4491 eum
2005 4426 2313 4514 pertinere
2341 4430 2555 4516 possit.
2600 4432 2702 4496 De

1003 4532 1121 4597 hac
1148 4529 1458 4595 locutione
1489 4530 1618 4596 vid.
1643 4534 1789 4597 Ast.
1823 4530 1903 4596 ad
1938 4532 2179 4598 Platon.
2205 4535 2435 4620 Remp.
2467 4557 2528 4621 p.
2550 4556 2700 4622 393.

1005 4648 1069 4701 et
1097 4658 1242 4722 quae
1285 4632 1417 4721 ipse
1460 4633 1643 4721 posui
1670 4633 1751 4698 ad
1785 4634 1992 4699 Procli
2022 4635 2180 4700 Inst.
2212 4636 2272 4701 T
2276 4635 2432 4700 heol.
2463 4660 2524 4723 p.
2558 4639 2701 4723 196.

1006 4762 1097 4826 sq.
1131 4737 1239 4802 ubi
1269 4751 1412 4823 post
1441 4735 1836 4802 Adverbium
1868 4738 2360 4825 comparativum
2403 4740 2697 4827 ponitur:

1008 4844 1104 4906 καὶ
1145 4836 1419 4920 μειζόνως
1445 4836 1481 4918 ἢ
1513 4842 1660 4904 κατὰ
1696 4839 1803 4920 τὴν
1835 4842 1903 4905 ἐν
1930 4847 2051 4908 τοῖς
2096 4842 2231 4907 οὖσι
2267 4849 2386 4907 τῶν
2415 4845 2702 4928 δευτέρων

1003 4943 1149 5027 πρὸς
1174 4946 1251 5007 τὰ
1277 4947 1478 5024 πρῶτα
1506 4940 1843 5023 ὁμοιότητα.

1076 5065 1204 5108 -Ι
1212 5061 1275 5128 5.
1306 5046 1381 5109 Εἰ
1409 5045 1515 5107 οὖν
1535 5044 1573 5124 ἡ
1596 5045 1766 5128 ψυχὴ
1787 5046 1824 5125 ἡ
1846 5048 1950 5109 τοῦ
1978 5043 2384 5114 παντὸς-καὶ
2409 5048 2446 5127 ἡ
2473 5046 2698 5131 Ἀφρο·

1007 5149 1162 5237 hcm]
1212 5144 1358 5211 Vid.
1389 5146 1619 5211 Timaei
1651 5146 1954 5211 Platonici
1983 5145 2186 5211 locum
2222 5146 2301 5213 de
2333 5148 2557 5214 animae
2591 5174 2700 5237 ge-

1003 5250 1320 5317 neratione
1350 5271 1416 5336 p.
1437 5270 1541 5335 34.
1567 5273 1704 5337 sqq.
1734 5272 1797 5336 p.
1824 5269 1928 5335 31.
1954 5272 2092 5336 sqq.
2121 5249 2250 5314 Bel<
2263 5249 2325 5314 k.
2356 5266 2418 5315 et
2448 5252 2529 5316 cf.
2558 5252 2699 5317 Plo-

1007 5356 1210 5419 tinum
1242 5352 1382 5416 111.
1413 5371 1479 5437 5.
1514 5370 1573 5416 2.
1603 5371 1668 5437 3.
1697 5372 1760 5432 4.
1794 5368 1854 5436 5.
1890 5367 1945 5435 7.
1981 5352 2044 5416 8.

1093 5480 1156 5543 p.
1187 5474 1374 5541 1025,
1389 5476 1452 5542 3.
1487 5456 1616 5521 ἐπεὶ
1647 5455 1743 5520 καὶ
1772 5457 1918 5519 ὅταν
1949 5455 2044 5519 καὶ
2070 5455 2235 5519 αὐτοὶ
2264 5456 2436 5521 καλοὶ
2466 5485 2518 5522 κ.
2532 5483 2587 5523 τ.
2603 5459 2698 5548 λ.]

1011 5558 1116 5627 Cf.
1148 5580 1338 5645 supra
1366 5582 1430 5646 p.
1452 5560 1604 5645 463.
1635 5561 1719 5623 A.
1752 5556 1900 5624 item
1930 5580 1994 5645 p.
2012 5577 2120 5644 54.
2153 5558 2226 5623 F.
2260 5560 2602 5646 praesertim
2638 5584 2701 5648 p.

2776 823 2838 887 in
2867 823 2985 888 bac
3012 822 3160 888 edit.
3192 838 3327 887 tum
3358 821 3424 886 in
3456 820 3749 887 Heidelb.
3785 845 3846 910 p.
3875 841 4020 905 292.
4045 846 4141 910 sq.

2862 962 2950 975 —-
2974 942 3029 1010 7.
3062 924 3099 1006 ἢ
3128 925 3249 991 κατ’
3282 928 3478 1006 ἄλλην
3506 923 3648 990 ὁδὸν
3674 925 3859 990 πάλιν
3889 927 3963 990 αὖ
4004 932 4100 991 δεῖ
4134 928 4464 1012 ἐπελθεῖν.]

2778 1027 3026 1093 Addidi
3051 1028 3238 1094 πάλιν
3265 1051 3342 1093 ex
3373 1028 3554 1093 bonis
3581 1028 3755 1094 libris
3776 1028 4082 1115 pluribus·
4173 1030 4319 1096 Vid.
4364 1054 4471 1094 su-

2778 1155 2894 1220 pra
2923 1133 3038 1197 IV.
3063 1154 3123 1212 4.
3157 1152 3252 1216 19.
3280 1131 3415 1196 init.
3445 1131 3598 1219 ibiq.
3629 1134 3862 1198 Annot.
3911 1135 4207 1198 Ceterum
4239 1133 4473 1198 habent

2779 1233 2918 1301 haec
2968 1251 3248 1300 extrema
3295 1235 3488 1300 verba
3542 1235 3760 1323 capitis
3816 1235 4021 1302 nescio
4070 1236 4227 1324 quid
4278 1236 4474 1303 nativi

2780 1337 3100 1425 quodque·
3149 1337 3229 1402 ad
3303 1338 3581 1403 animum
3653 1339 4170 1405 commovendum
4244 1340 4471 1405 mirum

2780 1458 3087 1529 quantum
3120 1440 3286 1507 facit.

3423 1613 3626 1678 LIB.
3688 1613 3824 1678 IX.

2869 1752 2946 1815 P.
2983 1753 3165 1826 1026,
3198 1765 3257 1833 7.
3302 1754 3497 1813 ΠΕΡΙ
3542 1754 3717 1814 No‘r
3749 1748 3919 1832 (libri
3946 1748 4186 1837 aliquot
4215 1754 4319 1815 τοῦ
4347 1755 4472 1824 νοῦ,

2783 1851 2891 1917 sed
2935 1852 2997 1916 in
3047 1851 3375 1939 Porphyrii
3422 1851 3570 1917 edit.
3662 1851 3996 1917 Articulus
4036 1853 4221 1918 etiam
4267 1853 4472 1938 abest)

2783 1961 2923 2021 ΚΑΙ
2967 1960 3145 2021 ΤΩΝ
3191 1960 3462 2021 1ΔοοΝ
3510 1960 3649 2020 KAI
3692 1942 3861 2021 ‘r'or
3903 1957 4216 2046 οΝΤοΣ]
4279 1956 4475 2021 Liber

2781 2057 3041 2143 quintus
3083 2081 3162 2122 ex
3191 2057 3408 2123 ordine
3444 2056 3892 2145 chronologico.
3985 2057 4132 2124 Vid.
4168 2058 4471 2147 Porphyr.

2782 2161 2864 2225 de
2915 2160 3039 2225 Vit.
3083 2160 3314 2226 Plotin.
3362 2184 3498 2248 cap.
3554 2162 3669 2225 IV.
3716 2160 3850 2225 coll.
3901 2182 4035 2247 cap.
4081 2162 4310 2227 XXV.
4361 2162 4473 2227 fin.

2784 2267 3253 2352 Argumentum
3302 2264 3494 2351 hujus
3534 2262 3678 2329 libri
3707 2279 4040 2351 cognatum
4072 2281 4166 2329 est
4194 2287 4338 2330 cum
4367 2264 4472 2330 iis-

2783 2364 2926 2430 dem
2956 2365 3086 2431 fere
3118 2365 3380 2453 dialogis
3412 2364 3713 2441 Platonis,
3744 2389 3903 2454 quos
3945 2366 4353 2433 indicavimus
4394 2367 4475 2432 ad

2781 2469 3010 2534 librum
3043 2470 3519 2557 praecedentem‚
3550 2493 3662 2534 nec
3703 2470 3910 2534 minus
3945 2492 4088 2534 cum
4119 2469 4479 2536 Aristotelis

2783 2573 3259 2662 Metapbysicis.
3305 2575 3365 2637 E
3399 2572 3740 2637 Platonicis
3772 2571 4168 2660 Philosopbis
4195 2571 4478 2662 plerique

2781 2678 2908 2742 buc
2955 2677 3216 2742 faciunt.
3307 2681 3640 2765 Apponere
3684 2677 3871 2764 juvat
3920 2676 4055 2741 haec
4108 2676 4349 2743 Alcinoi
4398 2677 4477 2743 de

2784 2781 3091 2847 Doctrina
3125 2779 3406 2846 Platonis
3434 2805 3489 2846 c.
3519 2800 3621 2845 10.
3667 2803 3733 2868 p.
3761 2799 3927 2863 474:
3966 2778 4105 2846 Ἔτι
4148 2783 4245 2846 καὶ
4288 2783 4479 2850 ἄλλος

2785 2885 2972 2969 ἀρχὰς
2997 2882 3459 2966 παραλαμβάνει
3491 2882 3802 2967 (Πλάτων)
3837 2882 3947 2963 τήν
3973 2909 4040 2948 τε
4073 2889 4474 2966 παραδειγμα·

2783 2988 2969 3068 τικῆν,
3001 2986 3154 3052 τοῦτ’
3187 2987 3317 3052 ἔστι
3345 2987 3455 3068 τὴν
3482 2993 3600 3052 τῶν
3628 2990 3818 3062 ἰδεῶν,
3853 2987 3949 3052 καὶ
3986 2988 4094 3068 τὴν
4121 2993 4228 3052 τοῦ
4263 2986 4482 3070 πατρὸς

2785 3092 2881 3157 καὶ
2910 3092 3097 3156 αἰτίου
3125 3090 3365 3155 πάντων
3396 3094 3555 3155 θεοῦ.
3602 3090 3732 3154 ἔστι
3756 3092 3822 3155 δὲ
3849 3091 3887 3170 ἡ
3915 3089 4061 3165 ἰδέα,
4096 3091 4173 3158 ὧς
4197 3092 4311 3170 μὲν
4338 3089 4482 3174 πρὸς

2786 3191 2944 3268 θεὸν,
2978 3190 3180 3273 νόησις
3224 3193 3420 3258 αὐτοῦ·
3468 3194 3545 3260 ὦς
3587 3194 3653 3258 δὲ
3696 3190 3842 3276 πρὸς
3883 3193 4050 3273 ἡμᾶς,
4085 3191 4295 3274 νοητὸν
4320 3200 4476 3276 πρῶ-

2784 3319 2910 3361 τον·
2958 3296 3034 3365 ὦς
3072 3297 3137 3360 δὲ
3175 3292 3320 3378 πρὸς
3346 3294 3454 3376 τὴν
3481 3297 3652 3377 ὕλην,
3682 3294 3919 3379 μέτρον·
3963 3295 4041 3364 ὥς
4084 3297 4149 3361 δὲ
4190 3294 4335 3378 πρὸς
4376 3295 4481 3361 τὸν

2786 3397 3069 3479 αἰσθητὸν
3098 3395 3341 3478 κόσμον,
3373 3398 3762 3481 παράδειγμα·
3809 3399 3886 3466 ὥς
3915 3400 3980 3462 δὲ
4008 3396 4152 3481 πρὸς
4179 3399 4362 3479 αὐτὴν
4392 3401 4482 3479 ἐξ·

2787 3500 3121 3582 εταζομένη,
3152 3501 3348 3567 οὐσία.
3444 3501 3546 3568 Cf.
3577 3502 3762 3567 etiam
3797 3501 4135 3590 Porphyrii
4167 3503 4475 3568 Sententt.

2784 3627 2840 3669 c.
2875 3604 3513 3670 XXIII—XXVI.
3606 3605 3803 3670 Hunc
3831 3603 4065 3670 librum
4093 3620 4239 3670 ante
4265 3605 4477 3671 oculos

2784 3707 3012 3773 habere
3040 3705 3238 3771 videri
3271 3707 3463 3794 possit
3494 3706 3883 3795 Philoponus
3926 3707 3990 3772 in
4035 3707 4348 3773 Aristotel.
4394 3708 4475 3773 de

2785 3811 3043 3890 Anima,
3079 3826 3149 3875 ut
3185 3810 3247 3874 in
3286 3810 3517 3875 librum
3550 3811 3689 3876 111.
3721 3810 3830 3877 fol.
3855 3813 3929 3890 Q.
3960 3835 4025 3900 p.
4050 3830 4107 3897 7.
4137 3810 4237 3877 ed.
4259 3812 4478 3878 Venet.

2791 3923 3101 3983 Πλωτῖνος
3144 3919 3209 3981 δὲ
3255 3917 3526 4002 ἐνεργείᾳ
3558 3920 3700 3980 νοῦν
3730 3914 3980 3997 ἐνόησεν
4007 3924 4124 3982 τῶν
4158 3917 4310 4006 (leg.
4341 3916 4477 4002 τὸν)

2790 4022 3162 4103 ἀνθρώπινον
3210 4023 3369 4093 νοῦν,
3411 4017 3517 4083 τὸν
3554 4020 3668 4098 μὲν
3713 4020 3807 4085 ἀεὶ
3855 4022 4227 4103 ἐνεργοῦντα,
4267 4019 4374 4086 τὸν
4416 4023 4481 4086 δὲ

2787 4126 2933 4190 ποτὲ
2991 4126 3370 4206 ἐνεργοῦντα.
3447 4121 3820 4203 πεπλάνηται
3878 4125 3943 4187 δὲ
3999 4129 4309 4193 Πλωτῖνος
4364 4122 4481 4192 ἀπὸ

2785 4224 3132 4295 Πλάτωνος.
3178 4226 3442 4293 ἀκούσας
3460 4227 3575 4307 γὰρ
3596 4227 3660 4304 ἐξ
3693 4227 3940 4301 ἐκείνου,
3972 4228 4064 4290 ὅτι
4089 4227 4127 4306 ἡ
4154 4227 4326 4310 ψυχὴ
4353 4228 4476 4292 ἀει-

2785 4328 3014 4409 κίνητός
3038 4333 3186 4404 ἐστι,
3210 4326 3487 4406 ἐνόμισεν
3508 4330 3837 4409 ἀεικίνητον
3856 4327 4037 4394 αὐτὸν
4055 4328 4262 4412 λέγειν
4283 4333 4364 4416 τῷ
4387 4330 4480 4396 ἀεὶ

2790 4438 2969 4507 νοεῖν,
3003 4434 3099 4496 καὶ
3138 4435 3234 4498 διὰ
3273 4435 3443 4495 τοῦτο
3488 4432 3674 4495 οἴεται
3718 4431 3872 4497 εἶναι
3915 4437 4057 4497 νοῦν
4086 4433 4178 4497 ἀεὶ
4208 4437 4480 4498 νοοῦντα.

2788 4536 2984 4615 Φησὶν
3015 4536 3123 4599 οῦν
3152 4536 3185 4598 ὁ
3216 4538 3543 4601 Πλωτΐνος·
3584 4535 3677 4598 ὅτι
3705 4536 3976 4620 ἐνεργείᾳ
4006 4539 4148 4599 νοῦν
4176 4533 4349 4618 λέγει
4375 4534 4482 4600 τὸν

2789 4638 3158 4718 ἀνθρώπινον
3188 4641 3330 4701 νοῦν
3356 4634 3462 4700 τὸν
3490 4637 3584 4701 ἀεὶ
3614 4641 3885 4702 νοοῦντα.
3934 4636 4113 4702 Idem
4139 4637 4288 4703 ibid.
4313 4662 4380 4726 p.
4406 4639 4476 4703 8:

2789 4742 2822 4804 ὁ
2870 4742 2935 4804 δὲ
2982 4745 3292 4807 Πλωτῖνος
3335 4740 3597 4819 ἠπατᾶτο
3644 4741 3711 4805 ἐκ
3756 4744 3862 4805 τοῦ
3910 4741 4002 4805 ἀεὶ
4050 4742 4335 4824 ἐνεργεῖν,
4383 4743 4483 4807 καὶ

2786 4845 3092 4909 ὑπετίθετο
3139 4845 3207 4908 ἐν
3242 4843 3381 4924 ἡμῖν
3426 4846 3567 4907 νοῦν
3606 4843 3700 4908 ἀεὶ
3743 4844 4120 4926 ἐνεργοῦντα,
4153 4844 4247 4908 καὶ
4271 4848 4484 4909 τοῦτον

2789 4946 3005 5029 ἔλεγεν
3035 4947 3304 5031 ἐνεργείᾳ
3334 4949 3495 5011 νοῦν.
3582 4945 3833 5010 Diserte
3874 4944 4170 5011 laudatur
4198 4945 4297 5011 hic
4324 4945 4482 5012 liber

2788 5071 2828 5112 a
2859 5047 3123 5134 Syriano
3149 5044 3216 5109 in
3243 5044 3602 5109 Aristotelis
3631 5043 4025 5134 Metapbyss.
4054 5044 4164 5111 lib.
4199 5047 4298 5112 11.
4330 5070 4387 5112 c.
4408 5068 4472 5128 4.

2787 5151 2849 5216 in
2879 5150 2980 5215 ed.
3018 5148 3262 5237 Syriani
3293 5147 3525 5213 Latina
3553 5149 3774 5212 Venet.
3813 5149 3998 5233 1580.
4028 5147 4138 5213 fol.
4171 5169 4271 5234 29.
4306 5149 4349 5215 b
4371 5175 4481 5216 :—

2788 5260 2830 5293 “
2863 5252 3054 5333 Quod
3101 5264 3311 5316 autem
3362 5251 3442 5316 de
3494 5251 3695 5316 forma
3747 5250 4075 5339 separabili
4126 5252 4203 5316 sit
4252 5252 4478 5334 forma,

2786 5355 3110 5421 manifeste
3140 5353 3445 5441 significat
3478 5352 3899 5439 (Aristoteles)
3935 5353 4340 5443 subjungenS,
4369 5378 4478 5421 ne-

2788 5482 2955 5526 cesse
2994 5471 3089 5523 est
3123 5455 3398 5545 aliquam
3439 5480 3570 5522 esse
3611 5471 3841 5545 praeter
3879 5455 4064 5522 simul
4105 5471 4306 5523 totum
4344 5458 4475 5525 for-

2790 5584 2953 5627 mam
2978 5577 3041 5627 et
3069 5560 3356 5650 speciem.
3404 5560 3470 5627 Si
3492 5582 3638 5626 vero
3657 5582 3872 5627 rursus
3900 5559 4061 5625 hanc
4088 5572 4284 5650 ponet
4302 5562 4480 5650 quis;›
