5118 6613
1031 517 1157 603 396

1033 687 1321 753 XLIII.
1348 709 1413 774 p.
1445 703 1588 771 170.
1621 685 1968 754 G-aisford.:
2017 690 2051 752 6
2094 691 2627 770 νόμος-διανεμεῖ
2660 687 2730 753 τὸ

1033 789 1156 856 κατ’
1180 791 1352 870 ἀξίαν
1382 787 1611 876 ἑκάστῳ
1637 792 1732 856 καὶ
1760 790 1829 854 τὸ
1860 791 2220 871 ἐπιβάλλον.
2264 807 2328 856 01
2348 791 2460 879 qui
2489 792 2733 858 uncinis

1029 892 1338 958 inclusum
1381 893 1604 958 viderit
1644 893 1821 976 μέρος
1863 908 2006 981 post
2048 894 2238 958 verba
2280 893 2347 957 τὸ
2391 892 2732 975 ἐπιβάλλον

1030 997 1096 1061 10
1142 996 1549 1060 Demosthen.
1593 996 1673 1061 de
1719 998 1968 1062 Corona
2011 1019 2077 1083 p.
2102 1015 2250 1082 312.
2293 995 2731 1061 Reisk.—Sed

1032 1121 1176 1164 eum
1221 1099 1302 1164 ab
1340 1122 1416 1163 eo
1453 1115 1679 1164 conatu
1716 1098 2031 1164 abducent
2069 1099 2397 1164 restitutus
2433 1101 2609 1164 locus
2650 1100 2731 1164 ab

1034 1204 1221 1267 Imm.
1243 1201 1532 1267 Bekkero
1552 1227 1616 1290 p.
1641 1222 1782 1286 219.
1808 1202 1946 1284 (ubi
1969 1203 2182 1266 confer
2203 1201 2450 1267 Scholia
2472 1226 2534 1290 p.
2545 1205 2729 1288 324.)

1030 1320 1182 1369 —et
1224 1328 1372 1369 vero
1418 1307 1510 1370 H.
1545 1304 1749 1369 Grotii
1796 1308 2066 1370 Annott.
2113 1304 2195 1369 ad
2238 1308 2489 1393 Evang.
2531 1307 2731 1369 Lucoe

1031 1408 1072 1474 1.
1106 1408 1145 1472 l.
1179 1424 1242 1473 et
1272 1407 1652 1495 Wesseling.
1682 1423 1814 1473 not.
1843 1408 1907 1472 in
1941 1406 2131 1472 Diod.
2167 1409 2221 1471 I.
2262 1428 2320 1472 1.
2365 1431 2428 1495 p.
2459 1429 2520 1488 4.
2613 1410 2732 1472 Ce-

1031 1527 1233 1577 terum
1294 1511 1667 1576 Scholiastes
1723 1510 2023 1576 Aristidis
2080 1535 2142 1599 p.
2193 1530 2332 1595 107.
2387 1509 2725 1577 Frommel.

1030 1614 1390 1695 ἐπιβάλλειν
1417 1614 1687 1702 explicat
1711 1616 2071 1696 μερίζεσθαι,
2106 1614 2272 1679 unde
2313 1613 2502 1678 alium
2537 1613 2731 1701 hujus

1028 1718 1202 1783 verbi
1247 1717 1661 1804 significatum
1707 1717 1925 1782 disces.
2015 1719 2117 1782 De
2149 1717 2508 1797 ἐπιβάλλειν
2538 1740 2729 1804 supra

1029 1821 1268 1887 dictum
1298 1836 1393 1886 est
1417 1820 1500 1885 ad
1532 1822 1588 1885 I.
1622 1821 1685 1885 8.
1725 1841 1821 1885 11.
1865 1844 1927 1909 p.
1961 1838 2069 1904 79.
2103 1821 2189 1885 G.
2278 1821 2570 1885 Ceterum
2604 1842 2729 1884 non

1026 1942 1120 1990 est
1149 1924 1319 2013 quod
1349 1938 1923 2005 commonstremus,
1952 1938 2338 2011 quantopere
2369 1922 2503 1987 haec
2534 1921 2731 1987 Ploti-

1030 2029 1216 2095 niana
1263 2029 1566 2094 sententia
1612 2027 1799 2092 distet
1847 2050 1887 2091 a
1938 2026 2241 2092 sententia
2289 2025 2595 2113 Epicuri:
2657 2024 2729 2089 τὸ

1025 2132 1314 2216 μακάρων
1358 2132 1453 2197 καὶ
1498 2133 1805 2213 ἄφθαρτον
1850 2132 1986 2195 οὔτε
2029 2130 2172 2195 αὐτὸ
2215 2128 2531 2212 πράγματα
2577 2129 2724 2212 ἔχει,

1026 2238 1161 2301 οὔτε
1190 2236 1360 2320 ἄλλῳ
1389 2233 1660 2318 παρέχει.
1736 2232 1880 2298 Vid.
1916 2233 2052 2298 Cic.
2083 2232 2163 2297 de
2197 2234 2282 2296 N.
2315 2234 2398 2296 D.
2435 2232 2492 2296 Ι.
2526 2251 2633 2317 30.
2665 2246 2729 2295 et

1024 2339 1231 2425 ipsum
1263 2336 1583 2402 Plotinum
1615 2337 1717 2401 II.
1745 2357 1808 2420 9.
1840 2353 1938 2422 15.
1970 2359 2033 2424 p.
2067 2355 2208 2422 213.
2237 2337 2315 2400 F.
2363 2350 2427 2399 et
2454 2334 2536 2400 cf.
2570 2336 2728 2399 Nos-

1025 2457 1193 2505 trum
1225 2439 1508 2528 proxime
1537 2462 1593 2504 c.
1627 2441 1998 2504 XXXIX.
2040 2463 2103 2528 p.
2138 2459 2284 2524 730.
2319 2439 2404 2502 D.

1109 2566 1178 2631 p.
1217 2562 1405 2629 1333,
1442 2563 1539 2628 15.
1577 2541 1760 2607 Ἔστι
1789 2545 1854 2607 δὲ
1893 2545 2028 2608 οὐδὲ
2057 2541 2126 2607 τὸ
2158 2542 2378 2631 ἔστιν’]
2427 2543 2548 2605 Ε81
2576 2564 2726 2605 vero

1024 2667 1230 2733 neque
1261 2645 1479 2732 (illud)
1510 2655 1618 2711 est.
1712 2645 1968 2710 Ficinus
1995 2669 2113 2734 pro
2149 2645 2280 2709 ἔστι
2316 2644 2493 2709 101110
2522 2659 2724 2709 tenta-

1026 2764 1200 2814 verat
1235 2750 1340 2824 ἔτι,
1372 2765 1436 2815 01
1474 2748 1594 2813 11οο
1637 2749 1940 2836 expressit
1982 2749 2190 2813 etiam.
2281 2749 2417 2812 Nos
2459 2746 2727 2833 optimos

1023 2851 1215 2917 libros
1244 2875 1461 2916 sumus
1506 2851 1721 2928 secuti,
1754 2867 1816 2916 et
1845 2851 2068 2916 horum
2101 2850 2282 2915 lectio
2309 2849 2455 2938 plus
2487 2851 2724 2913 acumi-

1025 2955 1122 3018 nis
1149 2954 1596 3040 elegantioeque
1624 2954 1836 3018 habet.
1916 2953 2109 3019 Sedes
2136 2968 2346 3017 autem
2379 2952 2571 3039 hujus
2598 2951 2724 3016 dis-

1026 3057 1367 3146 putationis
1408 3058 1568 3121 inest
1611 3056 1677 3120 in
1707 3056 1911 3121 verbis
1955 3055 2236 3120 Platonis
2278 3054 2358 3118 de
2406 3057 2571 3139 Rep.
2605 3054 2725 3118 VI.

1025 3184 1090 3249 p.
1123 3180 1274 3246 509.
1321 3184 1386 3246 p.
1417 3178 1564 3246 320.
1596 3157 2021 3223 Βοκκ.;-καὶ
2057 3165 2179 3226 τοῖς
2222 3155 2728 3240 γιγνωσκομένοις

1026 3264 1226 3329 τοίνυν
1267 3263 1347 3344 μὴ
1387 3265 1574 3344 μόνον
1616 3262 1686 3328 τὸ
1736 3263 2179 3345 γιγνώσκεσθαι
2227 3260 2417 3345 φάναι
2462 3260 2578 3326 ὑπὸ
2623 3263 2729 3325 τοῦ

1029 3370 1257 3449 ἀγαθοῦ
1293 3372 1568 3448 παρεῖναι
1602 3367 1706 3430 οὐκ
1743 3366 1949 3433 οὐσίας
1975 3367 2148 3432 ὄντος
2174 3369 2279 3428 τοῦ
2307 3366 2553 3447 ἀγαθοῦ,
2586 3361 2723 3427 ἀλλ’

1029 3471 1116 3537 ἔτι
1147 3469 1422 3535 ἐπέκεινα
1450 3473 1552 3548 τῆς
1579 3469 1784 3535 οὐσίας
1813 3470 2110 3553 πρεσβείᾳ
2139 3469 2236 3532 καὶ
2272 3466 2514 3547 δυνάμει
2545 3468 2722 3548 ὑπερ-

1029 3573 1287 3657 έχοντος.
1386 3574 1491 3655 (In
1542 3595 1671 3658 quo
1720 3571 1856 3635 loco
1909 3569 2280 3658 explicando
2335 3593 2480 3634 cum
2537 3567 2725 3633 Stall-

1026 3676 1283 3741 baumio
1325 3675 1459 3739 viro
1501 3674 1738 3761 optimo
1785 3673 1986 3738 facere
2036 3671 2525 3759 haudquaquam
2580 3695 2725 3758 pos-

1030 3802 1186 3843 sum.
1235 3778 1379 3843 Vid.
1397 3778 1478 3865 ej.
1499 3777 1791 3864 Prolegg.
1808 3777 1874 3840 in
1901 3775 2145 3842 Phileb.
2172 3799 2235 3862 p.
2264 3775 2722 3855 LXXXIX.)

1032 3880 1324 3946 Indidem
1355 3880 1585 3944 ductus
1627 3881 1813 3944 etiam
1850 3896 1944 3944 est
1972 3878 2128 3943 alter
2157 3879 2329 3943 locus
2365 3877 2577 3941 Nostri
2620 3901 2726 3942 su·

1030 4007 1147 4071 pra
1177 3985 1319 4048 111.
1355 3985 1411 4047 8.
1445 4003 1503 4066 9.
1550 4007 1614 4069 p.
1647 4001 1799 4069 352.
1834 3983 1890 4046 B
1911 3979 2053 4060 ε-’ἢ
2083 3982 2214 4046 ἔστι
2239 3984 2352 4062 μὲν
2380 3985 2565 4061 μηδὲν
2593 3982 2725 4046 τού-

1032 4111 1168 4159 των,
1211 4087 1296 4149 ὧν
1339 4087 1506 4149 ἐστιν
1548 4086 1721 4168 ἀρχὴ,
1767 4089 1996 4148 τοιοῦτο
2037 4084 2261 4164 μέντοι,
2308 4085 2438 4149 οἷον
2479 4084 2732 4164 μηδενὸς

1035 4189 1214 4252 αὐτοῦ
1243 4192 1695 4269 κατηγορεῖσθαι
1717 4187 2063 4268 δυναμένου,
2086 4188 2166 4268 μὴ
2190 4190 2381 4262 ὄντος,
2400 4188 2481 4268 μὴ
2503 4189 2728 4262 οὐσίας,

1034 4291 1115 4370 μὴ
1151 4294 1313 4368 ζωῆς,
1344 4290 1413 4353 τὸ
1452 4292 1600 4371 ὑπὲρ
1626 4290 1822 4354 πάντα
1848 4294 2032 4354 ταῦτα
2071 4290 2242 4355 εἶναι.
2290 4294 2343 4354 εἰ
2381 4294 2446 4355 δὲ
2484 4292 2733 4373 ἀφελὼν

1038 4394 1106 4457 τὸ
1142 4393 1295 4458 εἶναι
1333 4392 1685 4473 λαμβάνοις,
1721 4397 1913 4473 θαῦμα
1953 4393 2121 4473 ἔξεις.
2212 4393 2320 4458 Ad
2368 4392 2539 4456 illum
2588 4392 2734 4456 Rei-

1039 4497 1309 4587 publicae
1358 4496 1561 4560 locum
1623 4495 1970 4584 exigendus
2025 4512 2119 4560 est
2174 4494 2330 4560 alter
2378 4495 2442 4559 in
2491 4494 2735 4559 Timaeo

1038 4625 1100 4689 p.
1134 4620 1235 4687 29.
1265 4601 1346 4665 E.
1394 4623 1458 4687 p.
1492 4616 1591 4685 25.
1626 4599 1857 4662 Bekk.:
1906 4599 2180 4681 λέγωμεν
2210 4601 2280 4678 δὴ
2309 4597 2380 4663 δι’
2409 4599 2620 4677 ἥντινα
2647 4601 2735 4662 αἰ-

1037 4707 1171 4769 τίαν
1190 4703 1436 4787 γένεσιν
1459 4704 1554 4766 καὶ
1582 4701 1652 4765 τὸ
1679 4707 1801 4766 πᾶν
1821 4704 1957 4767 τόδε
1986 4704 2020 4765 6
2050 4704 2327 4780 ξυνιστὰς
2347 4701 2729 4780 ξυνέστησεν.

1038 4806 1260 4890 ἀγαθὸς
1281 4806 1373 4885 ἦν.
1425 4807 1659 4886 (Quem
1684 4803 1886 4869 locum
1918 4803 2161 4891 respicit
2186 4802 2467 4868 Plotinus
2495 4826 2557 4890 p.
2578 4823 2727 4889 330.

1036 4911 1124 4975 D.
1171 4933 1234 4997 p.
1263 4926 1413 4990 474.
1447 4909 1557 4991 B.)
1652 4909 1962 4971 Nimirum
1997 4930 2074 4971 ne
2101 4906 2263 4970 forte
2292 4906 2584 4993 cuiquam
2615 4930 2730 4993 pa-

1037 5035 1176 5076 rum
1220 5010 1336 5075 sibi
1378 5026 1665 5076 constans
1695 5010 1981 5075 videatur
2011 5008 2214 5083 Plato,
2248 5009 2584 5074 tenendum
2618 5027 2733 5090 est,

1036 5113 1206 5201 quod
1230 5113 1514 5178 instituta
1542 5113 1604 5177 in
1632 5114 1879 5178 Timaeo
1898 5113 2162 5178 docendi
2192 5112 2351 5177 ratio
2378 5113 2493 5177 sibi
2524 5138 2736 5201 posce-

1035 5218 1167 5282 bat.
1258 5216 1481 5280 Dicam
1535 5216 1738 5280 verbis
1786 5215 1999 5281 Nostri
2047 5239 2112 5301 p.
2149 5232 2291 5298 727.
2328 5216 2417 5280 B:
2473 5219 2506 5279 6
2550 5218 2733 5299 λόγος

1037 5318 1329 5383 διδάσκων
1385 5320 1673 5401 γινόμενα
1725 5325 1905 5383 ποιεῖ.
1999 5318 2300 5383 Videlicet
2356 5318 2420 5383 in
2482 5320 2733 5385 Timaeo

1037 5421 1246 5484 omnia
1247 5424 1455 5506 fiunt.
1525 5421 1760 5486 Existit
1782 5423 1959 5486 Deus
1989 5421 2319 5507 primarius
2349 5420 2568 5485 mundi
2594 5421 2731 5509 opi-

1036 5523 1165 5603 fex,
1194 5523 1470 5589 existunt
1498 5524 1584 5589 dii
1615 5523 1962 5590 secundarii
1990 5524 2158 5589 illius
2185 5523 2469 5589 ministri.
2564 5527 2732 5613 Ope-

2014 514 2854 582 ANNOTATIONES
2911 514 3025 580 IN
3076 511 3525 580 PLOTINI

2816 702 3036 753 rantur
3061 702 3126 752 et
3153 685 3259 751 illa
3286 701 3350 751 et
3376 685 3461 750 111.
3535 686 3584 750 J
3585 708 3687 750 am
3716 684 3769 750 si
3797 707 4047 752 causam
4074 686 4376 773 requiras,
4399 709 4515 753 cur

2816 790 2898 855 ad
2936 790 3323 878 operandum
3357 791 3537 854 Deus
3578 789 3681 855 ille
3725 814 3790 853 se
3829 788 4223 866 converterit,
4252 812 4512 878 respon-

2817 893 3025 973 detur,
3055 897 3207 983 quia
3246 895 3444 959 bonus
3487 903 3599 973 est,
3645 908 3709 957 et
3752 909 4084 981 propterea
4124 890 4276 956 nihil
4321 892 4509 980 quid·

2817 1021 3005 1085 quam
3054 998 3348 1084 cuiquam
3390 996 3632 1061 invidit.
3711 997 3937 1060 Veram
3979 1010 4189 1060 autem
4232 993 4513 1061 Platonis

2817 1100 3183 1166 sententiam
3214 1099 3372 1163 hanc
3410 1099 3600 1164 fuisse
3639 1121 3824 1163 nemo
3862 1098 4076 1177 nescit,
4108 1113 4182 1162 ut
4209 1099 4515 1163 mundum

2820 1214 3121 1269 aeternum
3149 1218 3428 1290 poneret.
3518 1204 3682 1266 Haec
3726 1202 3775 1265 si
3804 1214 4197 1288 reputassent
4225 1199 4340 1264 viri
4370 1223 4513 1265 nos-

2816 1322 3006 1373 trates
3045 1305 3301 1394 egregii,
3332 1319 3396 1370 et
3428 1304 3673 1370 Plotino
3700 1303 4104 1392 intelligendo
4131 1303 4331 1390 magis
4370 1326 4517 1391 ope-

2816 1432 2946 1475 ram
2971 1408 3303 1482 dedissent,
3325 1407 3534 1472 nonin
3559 1430 3704 1472 eum
3729 1430 3997 1472 errorem
4020 1406 4259 1471 inducti
4288 1423 4515 1483 essent,

2818 1529 2892 1579 ut
2910 1512 3225 1576 Timaeum
3249 1510 3495 1576 Platoni
3519 1511 3621 1599 abj
3631 1508 4174 1575 udicarent.—Ad
4200 1508 4519 1596 superiora

2815 1615 2896 1681 cf.
2932 1616 3234 1681 Nostrum
3269 1615 3385 1678 VI.
3421 1617 3480 1679 8.
3515 1615 3576 1677 8.
3621 1637 3688 1701 p.
3722 1630 3868 1696 742.
3914 1628 3997 1692 et,
4033 1611 4144 1698 qui
4191 1611 4513 1676 Plotinum

2813 1717 3042 1784 imitari
3073 1716 3248 1794 solet,
3285 1716 3647 1781 Sallustium
3681 1717 3760 1780 de
3792 1715 3933 1780 Diis
3972 1729 4035 1778 et
4067 1714 4321 1780 Mundo
4356 1738 4409 1779 c.
4438 1717 4511 1779 V.

2814 1845 2880 1910 p.
2914 1840 3014 1886 20.
3047 1819 3299 1887 Orellii:
3346 1822 3703 1903 ὑπερούσιον
3741 1821 3855 1899 μὲν
3891 1818 4120 1901 ἀγαθὸν
4159 1820 4223 1882 δὲ
4265 1817 4418 1883 εἶναι
4445 1819 4514 1882 τὸ

2813 1930 3049 2007 πρῶτον
3078 1923 3331 2006 ἀνάγκη.

2901 2051 2963 2116 p.
3004 2048 3189 2113 1334,
3223 2028 3284 2090 8.
3328 2024 3491 2106 Ἐγὼ
3524 2026 3689 2110 εἰμί]
3745 2026 3906 2088 Haec
3945 2024 4284 2089 admonent
4324 2027 4515 2090 Com-

2813 2128 3097 2194 mentarii
3150 2126 3534 2192 'I'heodoreti
3586 2125 3651 2189 in
3704 2126 4006 2190 Exodum
4061 2127 4207 2191 XV.
4261 2150 4327 2213 p.
4367 2148 4513 2214 133.

2817 2231 3101 2297 Schulz.:
3148 2234 3182 2295 6
3210 2234 3327 2313 γὰρ
3356 2235 3477 2297 τοῖς
3497 2230 3888 2313 πατριάρχαις
3915 2231 4019 2294 οὐκ
4048 2230 4355 2310 ἐδήλωσεν
4380 2233 4515 2295 ὅνο-

2810 2363 2894 2417 μα
2921 2341 3093 2401 τοῦτο
3124 2336 3278 2420 αὐτῷ
3305 2338 3489 2413 δῆλον
3512 2334 3816 2411 ἐποίησεν.
3861 2333 3977 2414 ἔφη
4002 2336 4118 2415 γᾶρ
4142 2333 4287 2413 πρὸς
4310 2333 4509 2408 αὐτὸν,

2815 2440 2933 2522 ἐγῶ
2979 2441 3096 2519 εἶμι
3136 2440 3169 2501 6
3214 2437 3316 2501 ὧν.
3363 2440 3534 2500 τοῦτο
3580 2440 3646 2501 δὲ
3689 2433 3823 2517 παρ’
3854 2434 4161 2518 Ἑβραίοις
4200 2437 4515 2518 ἄφραστον

2813 2541 3179 2622 ὀνομάζεται.
3227 2544 3478 2604 καλοῦσι
3507 2541 3572 2603 δὲ
3603 2539 3746 2603 αὐτὸ
3778 2544 4137 2620 Σαμαρεῖται
4160 2536 4334 2618 Ἰαβέ
4358 2537 4511 2603 ’Iov-

2812 2649 2966 2709 δαῖοι
2996 2648 3060 2708 δὲ
3079 2643 3220 2709 Ἀἶά
3251 2642 3473 2725 (111.’Ῑὰ
3499 2641 3591 2705 vel
3620 2642 3831 2728 potius
3850 2641 4042 2725 Ἰαῶ.)
4106 2639 4250 2704 Vid.
4276 2640 4510 2705 Thom.

2816 2747 3114 2812 Gatakeri
3152 2746 3316 2811 Diss.
3340 2745 3419 2809 de
3447 2745 3713 2809 Nomine
3738 2747 4285 2831 Tetragrammato
4313 2766 4378 2829 p.
4402 2762 4512 2822 40.

2813 2872 2903 2936 sq.
2968 2850 3198 2915 Potter.
3239 2849 3321 2913 ad
3364 2848 3567 2913 Clem.
3599 2847 3789 2911 Alex.
3825 2850 4121 2912 Stromm.
4148 2848 4223 2911 V.
4269 2870 4336 2934 p.
4366 2848 4510 2910 666.

2814 2952 3188 3039 wesseling.
3221 2952 3303 3016 ad
3333 2951 3594 3016 Diodor.
3630 2953 3686 3015 1.
3717 2971 3820 3035 94.
3852 2974 3920 3038 p.
3953 2969 4090 3035 105.
4124 2966 4187 3015 et
4217 2973 4364 3037 quoe
4391 2950 4518 3015 col-

2815 3051 2964 3139 legit
2988 3054 3402 3119 Doctissimus
3426 3054 3735 3120 Gesenius
3762 3054 3825 3118 in
3858 3055 4018 3119 Lex.
4046 3054 4247 3118 Hebr.
4272 3054 4334 3117 in
4363 3055 4514 3119 Voc.

2812 3155 3012 3256 ΠῂΠἿ.
3107 3163 3197 3225 Et
3226 3182 3374 3224 vero
3412 3158 3569 3223 illud
3598 3159 3737 3224 Ἰαῶ
3766 3159 4101 3246 saepissime
4143 3160 4401 3225 obvium
4444 3160 4510 3224 in

2814 3249 3211 3353 phylacteriis
3263 3261 3602 3349 (amuletis)
3662 3279 3734 3327 ut
3784 3262 3847 3326 in
3911 3262 4141 3328 lamina
4194 3263 4511 3352 plumbea,

2811 3392 2957 3456 quae
2987 3391 3176 3455 penes
3208 3390 3308 3431 me
3342 3382 3459 3442 est,
3493 3366 3556 3429 in
3588 3390 3718 3452 quo
3745 3366 4081 3454 inscriptus
4109 3367 4330 3432 titulus
4358 3368 4511 3434 inci-

2812 3471 2942 3559 pit:
3004 3471 3469 3535 ABPACAC.
3512 3469 3729 3533 finitur
3774 3475 3941 3534 ΙΑΩ.
4034 3470 4309 3558 Reliqua
4349 3471 4513 3536 enim

2812 3597 2937 3638 11011
2987 3587 3102 3651 081,
3148 3571 3321 3661 quod
3369 3572 3740 3649 adscribam,
3784 3595 3929 3636 cum
3981 3572 4294 3660 integrum
4345 3573 4517 3639 1111110

2814 3675 3066 3742 1111111110
3114 3698 3314 3762 nuper
3346 3675 3747 3740 exhibuerint
3788 3675 4108 3740 duumviri
4153 3677 4375 3742 harum
4420 3700 4514 3741 re-

2813 3802 2952 3843 rum
2985 3778 3233 3843 curiosi.

2899 3918 2987 3930 —
3021 3899 3117 3964 17.
3185 3880 3352 3944 ἔστιν
3397 3881 3506 3961 ἤδη
3550 3879 3620 3943 τὸ
3669 3880 3901 3961 ἀγαθὸν
3950 3880 4064 3962 πρὸ
4109 3886 4210 3961 τῆς
4255 3883 4515 3963 νοήσεως

2816 3984 3025 4072 αὐτοῦ]
3074 3983 3262 4062 Quod
3295 4006 3409 4069 pro
3440 3982 3701 4062 νοήσεως
3731 4004 3925 4069 marg.
3958 3982 4061 4047 ed.
4096 3983 4205 4048 dat
4234 3987 4510 4050 ἀναστεί-

2817 4115 2969 4157 σεως
3009 4089 3177 4173 (810),
3209 4102 3272 4152 01
3299 4087 3440 4152 libri
3478 4085 3717 4172 aliquot
3747 4085 3958 4175 scripti
3990 4088 4394 4162 ἀναστάσεως,
4430 4089 4517 4152 vi-

2816 4192 2950 4258 deri
2994 4190 3230 4277 possint
3261 4189 3562 4253 voluisse:
3614 4188 3976 4263 ἀνατάσεως,
4009 4189 4090 4254 (10
4116 4213 4247 4277 quo
4276 4190 4513 4256 dictum

2816 4310 2910 4359 est
2954 4317 3144 4381 supra
3193 4292 3273 4356 ad
3308 4294 3384 4356 V.
3433 4293 3494 4356 8.
3536 4311 3632 4378 13.
3680 4316 3739 4378 p.
3770 4312 3918 4377 554.
3952 4295 4037 4355 A.
4132 4292 4253 4358 Sed
4308 4307 4515 4358 tamen

2818 4419 2931 4460 nec
2975 4395 3121 4460 satis
3164 4410 3383 4483 aptum
3414 4395 3532 4461 hoc
3575 4394 3724 4460 huic
3768 4392 3904 4459 loco
3931 4395 4203 4475 videtur,
4233 4413 4296 4462 et
4323 4419 4515 4484 argu-

2817 4498 3212 4564 mentationis
3248 4497 3634 4564 continuatio
3672 4498 3998 4563 confirmat
4024 4497 4348 4565 lectionem
4379 4501 4519 4564 vul-

2815 4618 3048 4690 gatam.

2903 4729 2971 4793 p.
3009 4706 3194 4791 1336,
3225 4724 3285 4788 5.
3335 4705 3431 4768 καὶ
3470 4706 3773 4783 ἐπίκτητος
3806 4704 3997 4768 αὐτῶν
4023 4706 4060 4784 ἡ
4090 4704 4323 4794 νόησις]
4371 4706 4517 4770 Ηο0

2818 4808 3226 4896 Adjectivum
3251 4822 3343 4871 est
3372 4805 3675 4871 Platonici
3704 4829 3877 4885 118118,
3901 4821 3971 4870 111
3995 4806 4254 4870 Phaedr.
4286 4830 4349 4893 p.
4366 4828 4483 4893 341
4500 4857 4517 4873 .

2819 4912 2882 4977 10
2913 4935 3100 4999 quem
3135 4909 3427 4975 Hermias
3466 4933 3531 4997 p.
3570 4929 3708 4995 131.
3739 4923 4036 4995 tanquam
4067 4909 4375 4974 contraria
4398 4933 4513 4998 po-

2820 5014 2946 5079 nit:
2992 5014 3144 5094 ζωὴν
3173 5014 3482 5092 ἐπίκτητον
3521 5027 3583 5076 01
3629 5014 3959 5094 σύμφυτον.
4050 5010 4332 5077 Galenus
4362 5013 4514 5078 Pro-

2818 5116 3079 5204 treptico
3117 5139 3181 5204 p.
3204 5137 3269 5196 4.
3304 5121 3357 5180 δ.
3390 5118 3552 5202 (cap.
3586 5142 3643 5197 γ.
3686 5138 3752 5202 p.
3787 5118 3849 5179 6.
3875 5114 4189 5199 Willet.):
4240 5117 4347 5182 οὐκ
4385 5118 4511 5182 ἐπί-

2820 5245 3028 5300 κτητον
3068 5220 3204 5284 οὐδὲ
3248 5219 3611 5299 κομμωτικὸν
3652 5218 3892 5292 κάλλος,
3926 5219 4032 5282 0111
4074 5218 4367 5306 adjicitur
4402 5218 4511 5283 de-

2818 5323 2964 5388 inde
2997 5322 3236 5405 ἐμφυές.
3306 5320 3630 5386 Iamblich.
3653 5320 3735 5385 de
3763 5320 3890 5384 Vit.
3915 5319 4187 5408 Pythag.
4225 5323 4514 5387 XXXI.

2820 5428 2879 5510 §.
2908 5444 3053 5508 205.
3085 5426 3311 5511 p.416.
3343 5447 3435 5509 sq.
3467 5422 3691 5487 Kiessl.
3742 5422 3895 5487 εἶναι
3925 5424 3996 5502 δὴ
4018 5428 4121 5491 τὰς
4142 5429 4376 5493 πολλὰς
4397 5432 4520 5491 τῶν

2819 5529 3202 5610 ἀνθρωπίνων
3229 5530 3546 5608 ἐπιθυμιῶν
3578 5526 3916 5606 ἐπικτήτους
3952 5531 4044 5609 (τε
4071 5549 4148 5590 ex
4174 5526 4314 5591 Ciz.
4341 5526 4519 5593 addi-
