5118 6613
1351 575 1550 640 LIB.
1600 576 1714 640 VI.
1761 576 2221 641 ENNEAD.
2265 576 2655 642 PRIMAE.
2698 601 2764 665 p.
2800 596 2943 656 112,
2982 598 3120 664 113.

545 746 839 835 peculiari
867 746 1123 812 editioni
1164 746 1481 835 praemissa
1510 749 1569 830 ξ.
1603 768 1700 812 10.
1734 770 1797 835 p.
1832 748 2048 813 XLV.
2082 770 2216 835 sqq.

547 850 655 915 ubi
683 850 808 915 vid.
841 849 1060 915 laudd.
1091 849 1283 914 Ovid.
1308 852 1571 914 Metam.
1592 850 1796 914 VIII.
1816 869 1962 936 342.
2010 851 2221 915 Nonni

546 953 805 1042 Dionys.
839 953 972 1017 XI.
1006 971 1154 1039 322.
1197 976 1289 1040 sq.
1322 954 1470 1017 XV.
1500 973 1650 1039 352.
1696 953 2037 1018 XLVIII.
2065 954 2216 1039 582.

547 1078 681 1143 sqq.
732 1058 1000 1121 Pausan.
1033 1056 1169 1119 IX.
1202 1075 1310 1142 31.
1341 1058 1402 1120 6.
1467 1056 1760 1123 Eustath.
1805 1056 1872 1120 in
1902 1056 2087 1122 Iliad.
2118 1059 2219 1123 ΙΙ.

543 1160 693 1245 498.
738 1160 1043 1246 Anonym.
1089 1157 1169 1222 de
1215 1158 1571 1223 Incredibb.
1608 1183 1663 1224 c.
1694 1180 1756 1246 9.
1786 1182 1855 1247 p.
1890 1161 1989 1224 88.
2039 1159 2221 1226 Galei

549 1263 660 1326 &c.
692 1264 800 1326 &c.
869 1263 1013 1326 Hoc
1045 1261 1177 1326 loco
1204 1260 1451 1341 addam,
1484 1261 1571 1326 ibi
1600 1285 1726 1326 non
1753 1263 2030 1341 obvium,
2055 1264 2219 1327 Nar-

542 1364 681 1429 cissi
707 1363 982 1429 fabulam
1007 1363 1201 1450 tangi,
1230 1379 1293 1429 et
1321 1363 1400 1429 ad
1431 1388 1703 1429 severam
1739 1365 2219 1431 admonitionem

532 1467 822 1534 adhiberi
863 1467 945 1532 ab
981 1468 1028 1530 J
1030 1490 1228 1531 oanne
1274 1466 1700 1533 sarisberiensi
1749 1468 1814 1531 in
1854 1467 2220 1534 Policratico

542 1569 646 1635 lib.
679 1571 740 1635 8.
770 1593 903 1658 cap.
935 1586 995 1655 5.
1030 1572 1103 1635 F.
1128 1571 1211 1635 G.
1284 1569 1636 1634 Consimilis
1676 1570 1907 1636 fabulae
1954 1571 2019 1635 in
2069 1580 2218 1659 poe-

544 1686 706 1737 mate
748 1672 979 1737 Antari
1018 1672 1189 1761 apud
1231 1673 1554 1738 orientales
1594 1674 1858 1761 populos
1898 1673 2220 1740 celebratae

542 1775 913 1840 mentionem
965 1774 1113 1840 facit
1158 1775 1475 1841 Tholuck.
1528 1776 1593 1840 in
1641 1777 1799 1842 libro
1849 1779 1979 1843 Ssu

541 1902 602 1967 p.
629 1880 768 1944 118.
795 1902 931 1966 sqq.

625 2004 690 2069 p.
720 2000 861 2056 112,
895 2001 954 2067 9.
990 1981 1086 2048 δὺς
1116 1984 1196 2049 εἰς
1221 1982 1290 2045 τὸ
1331 1980 1483 2046 κάτω
1521 1987 1626 2046 τοῦ
1651 1984 1957 2068 ῥεύματος]
1998 1983 2215 2048 Philo·

2119 1800 2217 1858 ω,

543 2098 771 2150 stratus
810 2084 1061 2171 Imagg.
1095 2086 1155 2148 Ι.
1189 2104 1293 2170 23.
1324 2083 1404 2148 de
1445 2084 1658 2149 eodem
1705 2086 2025 2151 Narcisso:
2074 2091 2107 2150 ὁ
2152 2090 2217 2152 δὲ

542 2188 648 2268 τὴν
686 2188 883 2269 πηγὴν
922 2186 1297 2252 ὑποδέδυκεν.
1387 2186 1584 2252 Plura
1629 2188 1694 2252 in
1738 2191 2081 2277 Praeparat.
2127 2190 2210 2254 l.l.

542 2305 605 2355 et
631 2290 695 2354 in
726 2289 957 2354 Annot.
987 2312 1053 2376 p.
1084 2309 1232 2375 343.
1264 2313 1353 2377 sq.
1385 2290 1481 2354 ed.
1512 2290 1715 2378 pecul.

630 2412 728 2457 10.
760 2393 989 2475 ἀφανὴς
1019 2392 1281 2478 ἐγένετο]
1321 2392 1581 2458 Sinistro
1612 2393 1956 2481 significatu
1985 2395 2210 2482 accipi-

541 2494 796 2574 endum,
823 2496 942 2560 hac
970 2495 1302 2559 sententia:
1352 2497 1732 2575 Narcissum,
1763 2497 1871 2583 qui
1910 2498 2209 2584 pulcritu-

542 2597 703 2662 dinis
727 2598 971 2662 inanem
999 2598 1282 2663 umbram
1306 2598 1598 2686 captavit,
1618 2615 1682 2664 et
1701 2599 1903 2687 ipsum
1930 2599 2009 2664 ad
2033 2600 2213 2665 inane

540 2724 670 2765 esse
697 2700 1032 2766 redactum.
1100 2701 1224 2767 Cui
1254 2702 1569 2766 sententiae
1598 2700 1816 2766 melius
1843 2702 2096 2767 inservit
2123 2704 2215 2768 in-

538 2802 861 2868 definitum
892 2805 1122 2887 ἆφανὴς
1152 2804 1413 2887 ἐγένετο,
1443 2827 1634 2892 quam
1663 2804 1988 2870 definitum
2031 2809 2213 2872 ἐναπ-

539 2908 747 2989 επνίγη
805 2905 898 2971 vel
975 2909 1272 2990 ἐνεπνίγη,
1330 2908 1501 2994 quod
1555 2907 1622 2972 in
1684 2908 1801 2972 hac
1867 2911 2212 2975 narratione

536 3023 840 3097 usurpant
883 3009 1208 3097 scriptores
1252 3009 1510 3097 aliquot.
1599 3012 1824 3098 Neque
1866 3011 2030 3076 enim
2069 3012 2212 3078 Plo-

537 3111 703 3177 tinus
725 3112 1005 3200 agnoscit
1030 3135 1391 3177 conversum
1420 3113 1486 3177 in
1513 3112 1726 3178 florem
1745 3114 2065 3201 juvenem.

617 3251 706 3265 --
726 3234 825 3281 12.
858 3216 1040 3297 βάθη,
1075 3217 1221 3280 ἔνθα
1248 3216 1473 3298 τυφλὸς
1503 3245 1554 3281 κ.
1580 3242 1632 3280 τ.
1656 3217 1750 3305 λ.]
1786 3219 1947 3281 Haec
1975 3217 2062 3281 ita
2089 3218 2212 3283 dis-

532 3318 821 3406 ponenda
847 3318 1171 3383 videntur:
1215 3320 1396 3401 βάθη,
1444 3321 1588 3384 ἔνθα
1628 3321 1854 3403 τυφλὸς
1892 3320 2088 3402 μένων
2118 3323 2212 3386 καὶ

534 3422 804 3496 ἑνταῦθα,
859 3423 1031 3486 κᾶκεΐ
1072 3424 1138 3486 ἑν
1184 3420 1349 3507 ᾅδου,
1394 3429 1585 3490 σκιαῖς
1632 3423 1935 3488 συνέσται.
2024 3431 2068 3464 “
2086 3425 2212 3503 Qui

533 3523 817 3590 umbram
848 3523 1283 3611 pulcritudinis
1312 3540 1601 3605 sectatur,
1632 3526 1912 3613 adeoque
1938 3526 2002 3590 in
2035 3541 2206 3592 tene-

532 3625 784 3691 brosum
829 3628 1143 3714 mentique
1185 3628 1563 3693 horrendum
1606 3628 1989 3716 profundum
2037 3629 2205 3694 dela-

531 3727 723 3808 bitur,
766 3730 821 3794 is
862 3754 1064 3795 caecus
1112 3744 1225 3811 est,
1268 3731 1558 3819 idemque
1605 3735 1739 3796 sive
1781 3732 1908 3796 Izaec
1958 3734 2052 3814 (in
2093 3734 2210 3798 hac

534 3834 691 3916 vita)
736 3842 919 3920 agat,
954 3836 1089 3898 sive
1129 3836 1202 3897 in
1242 3856 1454 3898 orcum
1503 3835 1848 3914 descendat,
1887 3836 2209 3924 utrobiqne

535 3933 691 3999 inter
748 3935 1001 4000 umbras
1058 3935 1458 4001 versabitur.”
1530 3937 1766 4024 Attigit
1814 3952 2021 4002 autem
2073 3938 2210 4003 vul-

532 4059 741 4123 garem
785 4038 1221 4127 etymologiam
1265 4043 1370 4103 τοῦ
1408 4038 1551 4124 ᾅδου
1588 4063 1627 4103 a
1666 4062 1793 4104 non
1836 4041 2208 4106 videndo.—

534 4140 774 4208 Κάλλος
798 4156 1010 4206 autem
1040 4142 1323 4223 ἀληθινὸν
1349 4143 1411 4206 h.
1442 4141 1486 4205 l.
1516 4142 1855 4230 opponitur
1882 4147 1961 4229 τῷ
1992 4152 2201 4226 φαινο-

528 4242 708 4329 μένῳ,
737 4267 883 4309 vera
910 4243 1269 4332 pulcritudo
1287 4246 1522 4332 junctis
1549 4245 1737 4309 animi
1765 4245 1964 4310 bonis.

610 4345 697 4411 ib.
727 4347 952 4429 τυφλὸς
1003 4350 1069 4411 ἐν
1115 4345 1257 4432 ᾅδου
1297 4347 1519 4432 μένων]
1568 4355 1613 4388 “
1637 4350 1743 4412 Ex
1794 4348 2055 4414 Platone
2094 4350 2204 4414 ali-

528 4448 728 4513 cubi.”
754 4451 843 4513 D.
879 4451 973 4513 W.
1042 4452 1207 4515 Cum
1246 4450 1364 4515 hoc
1406 4449 1542 4515 loco
1582 4451 1749 4516 conf.
1791 4452 2106 4538 geminum
2137 4477 2202 4541 p.

609 4689 697 4702 -
719 4673 820 4738 13.
848 4656 1171 4737 Φεύγωμεν
1193 4657 1257 4719 δὲ
1287 4658 1472 4738 φίλην
1497 4658 1557 4723 ἐς
1574 4656 1852 4740 πατρίδα]
1882 4659 2202 4721 “Homer.

529 4754 712 4819 Iliad.
739 4754 824 4835 β’.
853 4758 1037 4839 14ο.”
1057 4760 1151 4822 D.
1183 4760 1272 4821 W.
1318 4759 1400 4822 cf.
1434 4757 1615 4822 Iliad.
1644 4757 1699 4823 ι’.
1735 4775 1835 4835 27.
1871 4774 1936 4824 et
1974 4759 2199 4848 odyss.

526 4856 597 4922 κ’.
632 4861 779 4944 269.
808 4874 871 4924 et
898 4858 1028 4923 vid.
1061 4859 1292 4926 Plotin.
1319 4884 1508 4948 supra
1533 4883 1596 4948 p.
1621 4881 1715 4947 13.
1751 4863 1827 4926 C.
1857 4885 1922 4949 p.
1950 4878 2098 4945 724.
2119 4863 2197 4926 A.

522 4984 579 5025 c.
608 4981 717 5047 33.

605 5101 695 5113 —-
721 5083 820 5150 15.
850 5071 971 5132 πῶς
1012 5067 1375 5154 ἀναξόμεθα]
1409 5073 1452 5106 “
1475 5066 1514 5130 i.
1546 5090 1602 5132 e.
1647 5069 1941 5154 quomodo
1978 5089 2199 5155 prove-

516 5166 741 5230 hemm-
767 5169 838 5231 in
874 5168 1089 5232 altum.
1162 5169 1290 5233 Fic.
1321 5168 1561 5244 omisit;
1611 5170 1772 5235 Cod.
1804 5170 1988 5235 Leid.
2020 5172 2193 5236 Voss.

517 5272 617 5355 [et
657 5267 789 5354 alii]
833 5272 1177 5353 ἀνεξόμεθα,
1219 5271 1437 5335 male.''
1464 5274 1554 5336 D.
1586 5274 1677 5336 W.
1726 5273 2003 5337 Verbum
2045 5297 2198 5338 nau-

517 5373 713 5437 ticum
743 5370 808 5436 in
837 5371 1085 5439 Plotino
1121 5375 1303 5439 etiam
1346 5373 1497 5461 legit
1530 5374 1894 5440 Scholiastes
1922 5375 2198 5442 Platonis

512 5499 579 5563 p.
608 5493 748 5561 129.
780 5475 1046 5540 Ruhnk.
1077 5500 1262 5564 quem
1305 5476 1506 5541 locum
1548 5477 1827 5564 proxime
1865 5479 2192 5567 proferam.

512 5577 605 5644 Ei
632 5577 1008 5642 contrarium
1036 5594 1131 5644 est
1160 5579 1537 5662 κατάγεσθαι,
1566 5584 1639 5645 in
1670 5591 1927 5668 portum
1966 5583 2193 5647 redire.

619 5685 804 5737 VOL.
843 5687 965 5738 III.

3891 595 3974 664 57

2307 748 2452 814 Vid.
2479 749 2668 814 modo
2695 750 3005 815 Wetsten.
3037 748 3120 814 ad
3148 750 3234 814 N.
3261 750 3348 814 T.
3378 751 3463 815 T.
3497 752 3556 814 Ι.
3586 773 3652 839 p.
3678 752 3817 834 708.

2392 853 2477 919 ib.
2508 854 2637 918 οἷον
2665 853 2781 919 ἀπὸ
2822 852 3014 935 μάγου
3046 850 3378 936 Κίρκης-ἢ
3409 857 3729 936 Καλυψοῦς
3754 852 3974 918 Ὀδυσ-

2308 956 2635 1024 σεὺς-οὔκ
2673 957 2967 1042 ἆρεσθείς]
3005 955 3281 1020 Distinxi
3321 954 3661 1021 secundum
3700 953 3889 1021 libros
3914 971 3977 1022 et

2305 1059 2440 1147 ipsa
2504 1057 2740 1123 ratione
2811 1057 3109 1123 suadente
3142 1067 3225 1133 ;“
3246 1057 3867 1145 —quemadmodum
3937 1082 3977 1124 a

2304 1185 2489 1250 maga
2537 1161 2717 1227 Circe
2764 1175 2876 1226 aut
2921 1161 3272 1250 Calypsone
3321 1161 3470 1226 dicit
3514 1160 3770 1249 Ulysses
3819 1174 3978 1226 tecte

2302 1265 2668 1351 significans,
2715 1263 2806 1329 uti
2857 1264 3141 1342 arbitror,
3194 1287 3440 1329 manere
3488 1263 3723 1340 nolens,
3763 1287 3981 1351 quam-

2302 1391 2492 1455 quam
2535 1368 2690 1432 cet.''
2761 1366 3016 1432 Ficinus
3051 1366 3305 1432 liberius
3332 1366 3517 1432 vertit
3544 1367 3713 1432 hunc
3749 1367 3976 1432 locum.

2305 1470 2417 1535 Ad
2472 1470 2749 1536 fabulam
2805 1470 3181 1558 pertinentes
3237 1470 3402 1535 locos
3460 1471 3846 1550 Homericos,
3903 1482 3977 1535 ut

2305 1572 2530 1661 Odyss.
2561 1575 2637 1638 V.
2669 1593 2809 1658 150.
2840 1597 2975 1660 sqq.
3009 1574 3166 1639 VII.
3201 1590 3343 1659 254.
3376 1597 3511 1661 sqq.
3545 1575 3634 1637 X.
3657 1589 3807 1656 470.
3839 1597 3975 1661 sqq.

2302 1675 2576 1763 itemque
2620 1676 2919 1764 Xenoph.
2966 1676 3312 1741 Memorab.
3352 1679 3517 1741 Socr.
3552 1676 3609 1740 I.
3639 1696 3701 1762 3.
3734 1694 3795 1761 7.
3842 1676 3975 1742 Cic.

2303 1778 2384 1843 de
2414 1779 2540 1844 Off.
2573 1780 2632 1843 I.
2660 1800 2765 1866 31.
2794 1780 2857 1843 8.
2904 1781 3084 1844 Max.
3112 1779 3295 1868 Tyrii
3325 1780 3670 1844 XXXIV.
3698 1780 3754 1843 8.
3786 1780 3979 1845 Athe-

2303 1881 2423 1946 naei
2454 1884 2511 1947 Ι.
2543 1884 2644 1947 18.
2676 1905 2743 1971 p.
2771 1901 2879 1969 34.
2908 1895 2970 1947 et
2997 1905 3059 1968 p.
3085 1902 3192 1967 39.
3239 1881 3526 1968 Schwgh.
3573 1882 3866 1947 Eustath.
3912 1882 3976 1947 in

2302 1984 2528 2073 OdysS.
2575 1986 2667 2050 X.
2715 1987 2858 2071 236.
2903 1984 3215 2073 Porphyr.
3266 1984 3345 2050 de
3399 1987 3594 2073 Styge
3639 2008 3739 2073 ap.
3794 1985 3972 2052 Stob.

2300 2088 2440 2153 Ecl.
2474 2089 2530 2153 I.
2573 2107 2682 2174 52.
2724 2112 2789 2176 p.
2821 2108 3000 2170 1044.
3048 2090 3318 2152 Heeren.
3369 2088 3649 2152 Hermioe
3697 2088 3760 2152 in
3807 2088 3970 2154 Plat.

2301 2191 2553 2255 Phaedr.
2584 2214 2648 2278 p.
2685 2192 2787 2275 87.
2817 2205 2881 2255 et
2911 2190 3244 2278 Nicephori
3276 2192 3576 2278 Gregorae
3616 2190 3695 2254 de
3724 2190 3972 2255 Errori-

2298 2292 2418 2358 bus
2446 2293 2651 2357 Ulixis
2679 2316 2733 2357 c.
2763 2309 2828 2379 5.
2860 2316 2952 2380 sq.
2995 2292 3407 2372 laudavimus,
3437 2308 3500 2358 et
3526 2293 3842 2379 quomodo
3883 2294 3974 2358 fa«-

2297 2394 2477 2460 bulas
2505 2395 2733 2475 Ulixis,
2781 2395 2991 2460 Circes
3034 2411 3097 2460 et
3137 2395 3447 2484 Calypsus
3490 2395 3836 2482 acceperint
3877 2419 3974 2461 ac—

2297 2498 2943 2585 commodaverintque
2983 2497 3354 2586 philosophi,
3382 2498 3867 2563 examinavimus
3907 2498 3971 2563 in

2297 2602 2775 2688 Praeparatione
2795 2600 2876 2665 ad
2898 2601 3021 2666 Ed.
3040 2601 3239 2688 pecul.
3270 2603 3328 2685 ξ.
3361 2623 3458 2666 11.
3482 2625 3545 2689 p.
3573 2601 3805 2666 LXX.
3833 2625 3970 2689 sqq.

2294 2703 2489 2769 Adde
2518 2702 2721 2769 Procl.
2752 2704 2818 2767 in
2847 2703 2989 2768 Alc.
3022 2726 3116 2792 pr.
3144 2727 3207 2792 p.
3243 2721 3384 2789 257.
3418 2703 3515 2768 ed.
3547 2718 3737 2769 nostr.

2378 2807 2462 2872 ib.
2495 2807 2717 2895 μάγου]
2745 2806 2889 2870 Vid.
2924 2829 3112 2894 supra
3137 2821 3432 2871 annotata
3468 2807 3548 2871 ad
3576 2808 3877 2872 Nostrum
3909 2809 3966 2871 Ι.

2294 2930 2357 2992 4.
2406 2932 2466 2996 9.
2514 2933 2576 2997 Ρ.
2621 2924 2726 2997 35.
2761 2910 2846 2974 D.
2894 2923 2957 2974 et
2999 2910 3078 2974 cf.
3126 2909 3268 2974 infr.
3313 2933 3377 2998 p.
3409 2910 3556 2996 382.
3601 2932 3665 2998 Ρ.
3697 2929 3847 2995 434.
3880 2911 3967 2974 Α.

2295 3014 2443 3098 438.
2479 3014 2554 3078 Β.
2589 3030 2735 3099 479.
2766 3016 2852 3077 A.

2379 3152 2467 3165 —
2489 3119 2588 3181 16.
2619 3122 2815 3197 μεῖναι
2862 3117 2967 3180 οὐκ
3021 3117 3320 3204 ἆρεσθείς]
3375 3115 3766 3180 Infinitivum
3822 3115 3972 3180 item

2294 3217 2584 3305 adjunxit
2630 3218 2777 3283 huic
2821 3219 3013 3284 verbo
3055 3218 3345 3308 Thucyd.
3393 3219 3448 3283 Ι.
3491 3232 3596 3304 35.
3643 3218 3777 3283 init.
3834 3220 3973 3283 Cae-

2295 3335 2495 3386 terum
2548 3323 2628 3387 cf.
2685 3323 2957 3388 Fischer.
3012 3322 3093 3386 ad
3138 3321 3391 3387 Weller.
3449 3324 3588 3388 ΙΙΙ.
3637 3344 3691 3387 1.
3744 3346 3808 3410 Ρ.
3859 3342 3964 3404 41.

2297 3425 2497 3490 Koen.
2530 3424 2609 3489 ad
2654 3426 2919 3513 Gregor.
2952 3449 3014 3513 p.
3049 3428 3152 3490 66.
3200 3425 3297 3490 ed.
3339 3425 3561 3490 Schaef.
3605 3425 3962 3490 Hemsterh.

2293 3527 2375 3591 ad
2420 3527 2681 3593 Lucian.
2724 3528 3099 3593 Hermotim.
3147 3528 3260 3592 IV.
3292 3551 3357 3615 p.
3396 3544 3495 3610 27.
3525 3526 3667 3613 Bip.
3702 3526 3960 3592 Wessel.

2293 3647 2357 3696 et
2385 3629 2677 3696 Valcken.
2711 3630 2792 3695 ad
2822 3630 3127 3695 Herodot.
3160 3652 3224 3717 p.
3256 3646 3403 3715 579.
3440 3628 3717 3716 Bergler.
3751 3629 3832 3692 ad
3863 3629 3968 3692 Al-

2293 3733 2571 3821 ciphron.
2607 3736 2704 3798 ΙΙ.
2735 3753 2840 3818 51.
2874 3756 2936 3820 p.
2970 3734 3109 3818 165.
3142 3731 3290 3819 ibiq.
3323 3733 3621 3817 Wagner.

2375 3836 2460 3902 ib.
2496 3837 2682 3900 καίτοι
2721 3836 2877 3920 ἔχων
2904 3836 3116 3915 ἡδονὰς
3152 3833 3222 3898 δι’
3253 3834 3558 3923 ὀμμάτων]
3593 3841 3640 3873 “
3662 3834 3842 3900 Licet
3867 3857 3965 3898 res

2294 3938 2670 4026 voluptarias
2697 3936 3013 4002 oculorum
3046 3959 3226 4002 sensu
3254 3948 3513 4024 usurpet
3536 3961 3583 4002 s.
3609 3936 3966 4025 adspiciat.''

2294 4042 2394 4106 De
2422 4041 2537 4105 hac
2566 4039 2908 4129 periphrasi
2935 4039 3060 4105 vid.
3090 4040 3380 4105 Valcken.
3413 4039 3492 4104 ad
3524 4040 3750 4128 Eurip.
3779 4040 3965 4104 Phoe-

2291 4144 2433 4210 nisS.
2462 4160 2645 4230 1554.
2696 4142 2973 4231 Bergler.
3020 4143 3101 4208 ad
3145 4143 3419 4231 Alciphr.
3457 4145 3512 4208 Ι.
3550 4146 3650 4210 26.
3686 4142 3787 4207 Ad
3831 4166 3964 4208 sen-

2289 4246 2540 4312 tentiam
2575 4247 2654 4312 cf.
2689 4245 2916 4312 Plotin.
2950 4270 3014 4334 p.
3046 4261 3192 4333 723.
3226 4270 3359 4334 cap.
3389 4266 3493 4334 32.

2371 4373 2434 4437 p.
2456 4370 2484 4413 1
2496 4370 2596 4436 13,
2615 4371 2641 4413 1
2656 4400 2668 4414 .
2691 4350 3138 4434 Πατρὶς-ὅθεν
3156 4350 3560 4436 παρήλθομεν]
3588 4349 3963 4436 Conjectura

2287 4451 2350 4516 in
2380 4475 2575 4540 marg.
2610 4452 2768 4518 Cod.
2802 4455 2944 4518 Vat.
2974 4451 3146 4516 haud
3174 4452 3494 4516 indoctum
3536 4450 3826 4516 lectorem
3859 4475 3960 4516 ar-

2283 4554 2440 4642 guit.
2532 4557 2758 4643 Neque
2799 4570 3004 4620 tamen
3050 4568 3163 4633 est,
3208 4578 3319 4620 cur
3361 4578 3400 4618 a
3437 4553 3848 4643 plurimorum
3890 4554 3962 4618 li-

2284 4658 2536 4723 brorum
2568 4658 2933 4723 auctoritate
2960 4657 3336 4723 recedamus.
3389 4656 3489 4720 Ad
3522 4681 3732 4722 vocem
3759 4660 3961 4742 πατρί-

2286 4767 2383 4828 δος
2411 4762 2704 4827 Eustath.
2736 4760 2802 4825 in
2842 4760 3066 4849 OdysS.
3103 4763 3159 4825 Ι.
3192 4765 3520 4846 55.;-τοΰ
3564 4765 3774 4840 νοητοῦ
3815 4763 3957 4825 κόσ-

2283 4885 2414 4943 μου·
2462 4866 2527 4931 ὅς
2555 4867 2684 4931 ἐστι
2716 4868 2862 4930 κατὰ
2898 4864 3030 4931 τοὺς
3056 4864 3471 4930 Πλατωνικοὺς
3511 4869 3727 4947 ψυχῶν
3754 4864 3959 4946 πατρὶς

2284 4966 2520 5047 ἀληθής.
2571 4967 2674 5031 Cf.
2707 4969 3047 5055 Praeparat.
3080 4990 3143 5054 p.
3179 4967 3587 5031 LXXXVI.
3622 4990 3713 5054 sq.
3743 4980 3807 5032 et
3828 4965 3953 5031 vid.

2283 5067 2513 5134 Plotin.
2561 5093 2624 5158 p.
2657 5073 2804 5156 556.
2839 5071 2914 5134 A.
2966 5069 3276 5157 Porphyr.
3324 5068 3389 5132 in
3436 5069 3742 5135 Sententt.
3789 5072 3950 5134 Sect.

2280 5191 2384 5258 34.
2418 5196 2480 5260 Ρ.
2517 5188 2661 5258 237.
2708 5172 2912 5261 Epist.
2970 5171 3154 5236 Pauli
3201 5170 3281 5236 ad
3329 5172 3529 5237 Hebr.
3580 5174 3712 5237 XI.
3754 5192 3847 5255 14.
3891 5184 3954 5234 et

2281 5297 2426 5362 quoe
2451 5274 2636 5364 plura
2661 5274 2984 5340 citavimus
3009 5275 3074 5338 in
3102 5274 3227 5339 Ed.
3260 5273 3461 5361 pecul.

2366 5414 2452 5429 -—
2472 5397 2529 5445 2.
2567 5380 2662 5442 καὶ
2701 5377 2920 5467 πατήρ]
2969 5377 3323 5466 Appellatio
3368 5377 3701 5442 Platonica.
3774 5374 3951 5455 Vide,

2282 5502 2360 5544 ne
2401 5479 2605 5567 plura,
2638 5480 2950 5545 Timaeum
2982 5504 3042 5567 p.
3081 5481 3181 5547 28.
3214 5504 3267 5545 c.
3300 5481 3401 5545 De
3430 5482 3569 5543 Deo
3602 5492 3863 5565 usurpat
3890 5492 3955 5543 et

2279 5583 2410 5670 ipse
2440 5581 2728 5648 Plotinus
2755 5607 2819 5671 p.
2854 5584 2956 5666 76.
2993 5586 3078 5648 D.
3111 5583 3191 5647 de
3237 5585 3525 5659 Saturno,
3568 5579 3736 5643 idem
3761 5605 3814 5646 c.
3849 5601 3946 5648 12.

2437 5691 2466 5741 I
