5118 6613
1086 571 1216 632 440

1091 723 1288 785 mundi
1333 736 1394 782 et
1439 722 1672 802 perfecti
1717 721 1977 784 animalis
2025 734 2195 800 atque
2273 722 2550 782 mundum
2590 723 2902 782 animatum
2940 740 3064 781 esse
3090 720 3378 799 quomodo

1172 806 1302 884 lyrae
1329 803 1560 864 collatio
2073 817 2190 878 435

1091 886 1290 946 mundi
1328 884 1670 965 vituperium
1712 883 1963 944 moribus
2004 885 2169 943 obest

2081 983 2194 1040 213

1092 1049 1294 1110 mundi
1334 1063 1566 1108 ornatus
1608 1048 1680 1108 ad
1717 1048 1907 1108 Deum
1948 1066 2055 1106 nos
2096 1046 2199 1104 de-

1175 1130 1332 1190 ducit
2082 1126 2199 1185 216

1095 1211 1294 1271 mundi
1324 1224 1581 1290 quatuor,
1611 1209 2073 1302 singulorumque
2098 1227 2198 1289 ge-

1178 1292 1394 1352 neratio
1844 1289 1968 1350 Fic.
1998 1312 2057 1371 p.
2080 1308 2199 1366 430

1097 1374 1293 1434 mundi
1321 1373 1622 1433 seminaria
1649 1370 1792 1430 ratio
2121 1371 2198 1429 ib.

1099 1455 1296 1514 mundi
1326 1453 1489 1533 primi
1517 1451 1876 1531 pulcritudo
1860 1472 1919 1510 m
1946 1452 2056 1510 hoc
2083 1471 2198 1510 non

1178 1535 1547 1595 desideranda
1850 1532 1971 1592 Fic.
2004 1552 2060 1611 p.
2081 1550 2201 1610 434

1100 1616 1299 1675 mundi
1318 1616 1528 1711 ‘regina
1565 1613 1708 1673 ratio
1747 1613 1992 1682 musicae,
2028 1634 2198 1693 quam

1179 1697 1438 1777 poetica,
1465 1695 1705 1755 similior
1852 1694 1971 1755 Fic.
2002 1715 2056 1772 p.
2079 1714 2200 1770 440

1098 1778 1296 1840 mundi
1340 1776 1778 1837 innumerabiles
1823 1775 2201 1836 multitudinis

1175 1879 1357 1919 eausae
2121 1857 2197 1917 ib.

1099 1941 1296 2001 mundi
1325 1954 1513 2021 partes
1541 1941 1761 2001 duobus
1797 1937 1983 1997 modis
2007 1937 2203 1998 vivunt

1852 2020 1972 2078 Fic.
2001 2041 2058 2099 p.
2085 2038 2204 2097 234

1099 2103 1295 2164 mundi
1338 2100 1705 2183 intelligibilis
1744 2101 2120 2162 consideratio

1852 2181 1976 2242 Fic.
2006 2205 2062 2262 p.
2086 2198 2200 2258 270

1100 2266 1295 2325 mundi
1337 2265 1620 2326 sensibilis
1660 2263 2040 2325 consideratio

1856 2343 1975 2404 Fic.
2006 2367 2062 2424 p.
2087 2360 2193 2420 271

1101 2427 1298 2487 mundi
1340 2427 1584 2487 ambitus
1627 2438 1768 2506 quot
1807 2446 2085 2485 annorum

1856 2506 1974 2567 Fic.
2007 2528 2063 2587 p.
2086 2526 2200 2567 222

1099 2589 1298 2650 mundi
1328 2589 1439 2649 vita
1464 2610 1698 2650 curnam
1731 2590 1787 2647 in
1818 2608 1878 2648 se
1906 2588 2086 2668 ipsam
2119 2608 2202 2647 re-

1179 2673 1436 2730 flectatur
2090 2690 2202 2748 109

1100 2753 1296 2813 mundi
1323 2767 1509 2832 partes
1538 2771 1603 2810 ex
1630 2750 1849 2811 Timaeo
2088 2770 2201 2811 100

1101 2833 1295 2892 mundi
1324 2832 1654 2893 constitutio
1681 2832 2019 2891 inviolabilis
2122 2852 2202 2911 99

1100 2914 1299 2973 mundi
1330 2928 1595 2993 parentes
1856 2912 1976 2973 Fic.
2006 2935 2062 2993 p.
2091 2932 2197 2990 193

1099 2995 1293 3054 mundi
1322 3007 1561 3072 quatuor
1857 2993 1978 3053 Fic.
2009 3015 2062 3073 p.
2087 3013 2204 3070 240

1100 3076 1293 3135 mundi
1323 3073 1825 3154 sempiternitatem
1854 3074 2005 3134 unde
2030 3076 2203 3136 colle-

1100 3154 1759 3298 ..ffiffllzt‘zsskk
1855 3156 1973 3298 ΕΞ·
2005 3177 2059 3318 ζ’
2091 3158 2203 3297 ῗὲἑ

1103 3320 1299 3380 mundi
1330 3318 1766 3379 immortalitatis
1793 3339 1963 3379 causa
2123 3320 2202 3380 ib.

1103 3400 1298 3461 mundi
1324 3401 1694 3478 intelligibilis
1721 3400 1945 3460 bonitas
2082 3418 2206 3478 474

1100 3483 1297 3542 mundi
1313 3503 1346 3542 a
1363 3482 1654 3542 divinitate
1674 3481 2036 3560 degeneratio
2053 3483 2204 3542 unde

1852 3564 1972 3623 Fic.
2005 3585 2061 3643 p.
2086 3583 2202 3642 239

1100 3645 1296 3705 mundi
1326 3645 1579 3726 partibus
1616 3645 1882 3705 omnibus
1921 3645 2202 3705 mirabiles

1183 3727 1364 3786 insitae
1393 3727 1624 3786 virtutes
2081 3744 2194 3803 431

1099 3808 1296 3868 mundi
1324 3810 1579 3887 corporei
1605 3827 1673 3867 ex
1701 3806 2034 3888 incorporeo
2066 3828 2199 3887 pro·

1101 3909 1323 4029 1111ξῖἰῖῗῖι
1324 3902 1566 4029 Same&
1595 3983 1707 4028 tres
1852 3890 1970 4028 gig.
2000 3911 2056 4049 g.
2086 3889 2202 4045 ΞΞΞ

1100 4051 1295 4111 mundi
1317 4053 1567 4130 quinque
1588 4050 1897 4109 secundum
1919 4051 2198 4110 Timaeum

1178 4144 1238 4191 et
1269 4132 1629 4191 Plutarchum
2084 4149 2197 4209 505

1101 4213 1295 4273 mundi
1328 4224 1513 4291 partes
1542 4232 1645 4271 nos
1671 4232 1864 4270 sumus
2090 4231 2190 4288 141

1102 4293 1294 4353 mundi
1322 4293 1641 4371 pulcritudo
1670 4313 1705 4351 0
1733 4291 2025 4352 Gnosticis
2059 4313 2199 4353 con·

1179 4373 1453 4433 temnitur
2083 4376 2201 4434 216

1042 4452 1048 4459 ’
1100 4454 1296 4515 mundi
1327 4457 1530 4514 animae
1557 4457 1746 4534 plures
1853 4454 1973 4515 Fic.
2003 4476 2057 4535 p.
2081 4456 2196 4533 678

1099 4536 1296 4597 mundi
1326 4537 1439 4595 vita
1465 4558 1498 4596 a
1524 4556 1693 4596 sensu
1719 4535 1891 4615 ipsius
1918 4539 1977 4596 in
2002 4539 2197 4597 orbem

1179 4631 1471 4697 torquetur
2087 4619 2198 4677 108

1100 4699 1298 4759 mundi
1347 4697 1715 4779 intelligibilis
1761 4698 2035 4758 discursio
2084 4701 2198 4760 duo

1179 4781 1345 4840 offert
2080 4784 2199 4857 538

1097 4863 1293 4921 mundi
1320 4872 1630 4939 conceptus
1848 4859 1970 4921 Fic.
1999 4883 2053 4941 p.
2086 4882 2193 4941 193

1099 4944 1312 5004 mundo
1334 4943 1485 5021 quod
1502 4941 1971 5021 impedimentum
1998 4944 2202 5003 inferat

1176 5024 1426 5104 eorporis
1446 5024 1503 5082 in
1523 5044 1591 5083 eo
1613 5025 1866 5103 potentia
1888 5044 2052 5103 parva
2082 5044 2112 5101 5
2121 5042 2198 5102 50

1097 5108 1312 5166 mundo
1354 5104 1460 5165 toti
1497 5105 1787 5184 quomodo
1827 5126 2024 5164 sensus
2065 5106 2202 5165 insit

2077 5205 2194 5263 417

1098 5269 1367 5327 mundum
1411 5288 1445 5327 a
1469 5268 1600 5326 Deo
1645 5286 1933 5344 nunquam
1970 5267 2199 5326 destitui

1180 5351 1450 5428 probatur
2084 5368 2114 5406 2
2127 5368 2150 5406 1
2161 5365 2193 5424 5

1098 5431 1369 5488 mundum
1422 5429 1742 5490 sensibilem
1787 5428 1966 5488 tribus
2017 5431 2200 5488 modis

1177 5510 1489 5588 dispersum
1519 5530 1643 5570 esse
2078 5512 2196 5570 660

1099 5591 1374 5650 mundum
1423 5612 1538 5650 non
1590 5592 1946 5651 interiturum
1995 5593 2198 5650 confir·

1180 5685 1364 5731 matur
1844 5671 1964 5732 Fic.
1994 5693 2053 5753 p.
2080 5689 2196 5750 350

2353 804 2557 882 probet
2585 803 2749 863 Plato
3026 801 3143 862 Fic.
3174 823 3235 880 p.
3258 803 3369 861 681

2274 884 2551 944 mundum
2568 882 2984 963 intelligibilem
2999 885 3243 962 speciem
3256 902 3379 943 esse

2354 985 2424 1024 ex
2450 965 2746 1044 speciebus
2772 978 3131 1024 constantem
3261 980 3373 1040 723

2277 1048 2551 1106 mundum
2572 1058 2756 1107 totum
2776 1045 2944 1105 simul
2963 1045 3235 1125 prodiisse
3251 1065 3380 1124 pro-

2359 1129 2526 1187 batur
3263 1145 3380 1204 299

2278 1210 2552 1269 mundum
2592 1206 2710 1267 fieri
2748 1228 2850 1289 per
2877 1221 3134 1268 naturam
3180 1209 3380 1287 proba.-

2361 1303 2455 1348 tur
3033 1289 3150 1349 Fic.
3180 1310 3237 1368 p.
3261 1308 3372 1366 431

2277 1384 2435 1431 extra
2460 1370 2751 1430 Mundum
2782 1392 2916 1430 num
2946 1370 3079 1449 quid
3109 1372 3185 1430 sit
3262 1387 3380 1448 550

2279 1452 2630 1512 mundanum
2660 1451 2870 1511 animal
2900 1453 3066 1531 quale
3097 1453 3165 1510 F.
3191 1472 3246 1531 p.
3266 1469 3380 1526 240

2278 1534 2630 1592 mundanum
2669 1533 2879 1593 animal
2917 1534 3204 1612 quomodo
3243 1532 3383 1592 ima·

2359 1613 2651 1709 ginatione
2676 1616 3111 1710 concipiendum
3301 1614 3380 1673 ib.

2280 1695 2552 1755 mundani
2582 1695 2802 1775 opificis
2829 1710 2991 1775 pater
3301 1696 3380 1755 ib.

2278 1776 2548 1836 mundani
2586 1790 2774 1836 motus
2818 1776 3133 1837 observatio
3175 1778 3383 1855 primas

2361 1857 2419 1917 in
2451 1858 2837 1938 praesagiendo
2864 1870 3022 1918 tenet
3267 1860 3383 1933 276

2280 1939 2552 1999 mundani
2580 1939 2785 2019 opificii
2819 1939 3090 2019 perfectio
3126 1938 3383 1999 ostendi-

2364 2034 2455 2081 tur
3268 2036 3376 2096 273

2280 2102 2569 2162 mundana
2596 2101 2739 2161 ratio
2767 2101 2900 2180 quid
3035 2102 3156 2160 Fic.
3188 2121 3243 2179 p.
3262 2120 3372 2177 441

2279 2183 2570 2242 mundana
2597 2182 2790 2242 omnia
2815 2183 3030 2242 caduca
3087 2184 3152 2242 F.
3182 2203 3240 2260 p.
3271 2183 3384 2242 166

2279 2265 2570 2324 mundana
2612 2263 2660 2322 si
2706 2265 3012 2333 offendant,
3058 2264 3218 2323 Deus
3265 2284 3383 2323 non

2361 2347 2706 2406 incusandus
3268 2363 3379 2421 273

2281 2429 2567 2486 mundana
2593 2426 2867 2521 tragoedia
3270 2428 3383 2486 268

2280 2508 2585 2568 mundanae
2624 2528 2829 2568 animae
2870 2508 3142 2568 sensualis
3183 2507 3262 2566 vis

3043 2591 3153 2648 Fic.
3185 2609 3238 2666 p.
3271 2603 3381 2667 197

2282 2671 2583 2731 mundanae
2628 2670 2903 2731 machinae
2944 2669 3239 2750 dispositio

3032 2753 3081 2811 F
3083 2751 3151 2811 ic
3182 2773 3239 2831 p·
3264 2766 3378 2827 445

2281 2833 2582 2893 mundanae
2610 2833 2814 2892 animae
2841 2834 3156 2893 substantia
3173 2852 3297 2912 quae
3325 2832 3383 2890 in

2361 2934 2421 2973 se
2449 2916 2741 2974 contineat
3040 2914 3156 2974 Fic.
3171 2934 3244 3008 p.
3277 2930 3381 2990 197

2284 2994 2583 3054 mundanae
2622 2996 2825 3056 animae
2867 3007 2926 3054 et
2966 2995 3218 3075 eorporis
3258 2996 3383 3053 vin·

2362 3076 2549 3135 culum
3308 3075 3384 3134 ib.

2281 3157 2582 3216 mundanae
2611 3156 2812 3216 animae
2840 3157 2981 3216 ratio
3035 3158 3153 3216 Fic.
3184 3179 3240 3237 p.
3272 3158 3383 3235 198

2281 3238 2585 3297 mundanae
2619 3238 2821 3297 animae
2846 3239 3032 3298 vitalis
3060 3238 3140 3297 vis
3168 3237 3264 3297 ubi
3296 3258 3384 3298 re-

2362 3321 2547 3378 sideat
3305 3318 3383 3379 ib.

2283 3401 2584 3460 mundanae
2615 3400 2820 3460 animae
2847 3421 3008 3460 mens
3303 3400 3381 3460 ib.

2284 3480 2552 3551 musicus,
2610 3482 2981 3562 philosophus
3040 3495 3101 3541 et
3168 3494 3385 3541 amator

2360 3582 2594 3622 curnam
2625 3563 2954 3643 conspirent
3078 3562 3192 3622 Fic.
3224 3584 3279 3643 p.
3305 3582 3380 3640 37

2282 3645 2563 3703 musicum
2592 3645 2878 3725 ingenium
3303 3647 3381 3703 ib.

2282 3725 2480 3785 musici
2520 3740 2721 3786 natura
3310 3746 3384 3785 20

2280 3809 2496 3866 musica
2554 3809 2843 3887 quomodo
2899 3805 3216 3866 intellectui
3284 3827 3386 3885 per

2359 3888 2514 3982 ideas
2596 3890 3051 3950 accommodatas
3134 3888 3385 3966 adaptari

2359 3982 2544 4048 possit
3266 3971 3379 4046 563

2282 4050 2509 4109 musicas
2537 4053 2846 4111 harmoniae
2867 4072 2997 4111 cum
3020 4051 3228 4192 0113110011
3256 4050 3384 4131 pul-

3085 4153 3152 4191 10.

2283 4212 2555 4273 musicam
2585 4217 2712 4293 quis
2742 4214 2901 4273 facile
2929 4214 3107 4272 discat
3134 4215 3202 4272 F.
3229 4234 3284 4292 p.
3304 4214 3383 4289 36

2283 4293 2656 4354 mutationem
2689 4316 2810 4354 esse
2836 4297 2895 4354 in
2927 4297 3143 4354 mundo
3164 4314 3265 4373 per
3287 4314 3386 4353 ne-

2362 4377 2661 4434 cessariam
2701 4376 2861 4435 variis
2903 4379 3170 4455 probatur
3209 4375 3383 4434 ratio·

2361 4455 2527 4515 nibus
3038 4457 3156 4516 Fic.
3185 4478 3241 4536 p.
3264 4474 3376 4532 431

2360 4131 2636 4191 cherrima
2662 4132 2891 4192 collatio
3185 4154 3239 4212 p.
3267 4150 3332 4191 21
3349 4151 3380 4190 2

2788 4538 2865 4595 N.

2278 4619 2502 4677 Natura
2527 4618 2662 4697 quid
3264 4635 3377 4694 345

2280 4712 2478 4758 natura
2505 4702 2574 4759 ad
2603 4721 2724 4759 esse
2752 4712 3013 4779 properat
3043 4699 3167 4758 Fic.
3188 4719 3243 4777 p.
3260 4718 3379 4775 447

2278 4792 2480 4839 natura
2504 4781 2713 4861 duplex
3260 4799 3378 4858 475

2279 4876 2480 4921 natura
2506 4884 2631 4941 quae
2662 4862 2962 4943 progignat
3260 4863 3381 4937 408

2278 4957 2478 5002 natura
2505 4964 2606 5004 cur
2634 4966 2667 5002 a
2687 4946 2926 5005 Platone
2954 4941 3204 5002 mortalis
3231 4944 3384 5003 dicta

2279 5119 2480 5164 natura
2505 5105 2832 5165 universalis
3030 5104 3149 5165 Fic.
3183 5126 3235 5184 p.
3260 5123 3377 5182 437

2280 5200 2481 5245 natura
2507 5187 2744 5266 simplex
2775 5186 3058 5247 liberrima
3264 5204 3377 5264 737

2279 5280 2478 5326 natura
2519 5268 2841 5328 universalis
2883 5280 2946 5328 ut
2986 5268 3221 5346 prodeat

3031 5349 3148 5408 Fic.
3181 5370 3234 5428 p.
3259 5350 3378 5425 438

2279 5440 2478 5486 natura
2517 5450 2645 5508 quae
2688 5428 2746 5489 in
2787 5450 2848 5490 se
2889 5429 3188 5491 contineat

3028 5512 3146 5571 Fic.
3180 5532 3238 5589 p.
3259 5511 3379 5570 626

2277 5603 2476 5650 natura
2516 5591 2878 5670 providentiae
2919 5592 3356 5651 instrumentum

3030 5675 3153 5732 Fic.
3183 5695 3238 5753 p.
3256 5690 3377 5750 450

2075 546 2391 618 INDEX
2435 546 2785 613 RERUM
2830 547 2960 612 ET
3006 545 3553 613 VERBORUM.

3463 731 3664 779 natura
3689 717 3907 797 optima
3925 730 3992 778 ut
4012 718 4421 778 consideranda
4451 733 4565 795 732

3463 813 3665 861 natura
3694 819 3794 879 per
3821 800 4048 860 insitam
4086 799 4193 860 sibi
4229 799 4568 879 sapientiam

3544 882 3663 963 ἐὴ
4448 883 4570 958 546

3466 977 3665 1023 natura
3693 962 3995 1023 materialis
4023 982 4149 1057 quae
4217 961 4336 1022 Fic.
4367 983 4423 1041 p.
4446 980 4569 1041 439

3465 1058 3663 1105 natura
3689 1049 3961 1123 cujusque
3996 1043 4075 1103 rei
4104 1044 4394 1123 quomodo
4430 1063 4571 1103 con-

3545 1125 3842 1186 sideranda
4446 1125 4560 1201 465

3466 1221 3666 1267 natura
3694 1206 3887 1266 mundi
3917 1227 4034 1266 non
4062 1205 4351 1267 consultat
4445 1223 4564 1283 405

3467 1301 3670 1348 natura
3705 1287 3831 1357 arti,
3858 1300 3919 1347 et
3955 1287 4230 1348 naturalia
4256 1286 4569 1346 artificiosis

3545 1382 3816 1449 praestant
4217 1368 4337 1428 Fic.
4367 1388 4423 1449 p.
4445 1387 4566 1444 430

3466 1464 3666 1511 natura
3711 1450 3929 1511 diverso
3976 1451 4236 1529 subjecto
4279 1449 4568 1529 quomodo

3549 1544 3798 1592 mutetur
3823 1545 3882 1592 et
3909 1533 4061 1592 aliud
4090 1532 4187 1590 fiat
4449 1547 4564 1608 552

3466 1627 3666 1674 natura
3686 1613 3973 1693 quomodo
4000 1632 4142 1693 opus
4170 1633 4332 1671 suum
4363 1612 4571 1672 efficiat

3466 1790 3667 1836 natura
3720 1774 4041 1835 universalis
4101 1776 4254 1835 bona
4307 1786 4368 1834 et
4422 1775 4572 1834 mala

3545 1857 3941 1935 complectitur
4453 1856 4568 1916 268

3466 1950 3667 1998 natura
3693 1940 3769 1998 ob
3788 1951 4005 1998 certum
4035 1939 4207 1997 finem
4235 1936 4429 1997 omnia
4454 1937 4571 2018 agit

4220 2019 4339 2079 Fic.
4370 2040 4425 2099 p.
4448 2020 4567 2095 428
4618 2023 4624 2028 “

3468 2113 3670 2160 natura
3708 2100 3768 2160 in
3810 2099 4104 2161 efficiendo
4149 2101 4365 2160 mundo
4400 2100 4573 2160 efficit

3545 2182 3908 2261 semetipsam
4224 2181 4342 2241 Fic.
4371 2202 4427 2261 p.
4448 2200 4566 2259 437

3467 2277 3668 2324 natura
3714 2262 4033 2323 sublunaris
4086 2263 4338 2342 speciem
4386 2277 4573 2323 servat

3548 2344 3852 2405 individuis
3891 2365 4117 2424 semper
4157 2343 4388 2404 mutatis

4217 2427 4427 2505 Pie-1>-
4459 2441 4566 2502 177

3469 2519 3670 2566 natura
3696 2507 3983 2585 quomodo
4011 2518 4142 2587 agat
4219 2506 4336 2566 Fic.
4365 2528 4423 2585 p.
4448 2508 4562 2585 625

3468 2601 3670 2646 natura
3707 2587 3864 2667 prius
3906 2587 4142 2648 existere
4180 2587 4332 2667 quod
4371 2589 4572 2648 melius

3547 2681 3637 2728 est
4453 2671 4568 2747 558

3469 2765 3669 2810 natura
3687 2770 3788 2810 cur
3805 2770 3920 2808 non
3944 2751 4263 2810 accusanda
4291 2751 4354 2809 F.
4377 2773 4433 2832 p.
4450 2770 4570 2828 430

3468 2844 3667 2890 natura
3691 2831 3950 2911 genitalis
3978 2832 4112 2910 quid
4223 2832 4346 2891 Fic.
4376 2853 4432 2911 p.
4452 2851 4569 2910 510

3468 2927 3672 2972 natura
3711 2913 3974 2993 genitalis
4012 2914 4360 2992 sempiterna
4393 2927 4453 2974 et
4482 2914 4571 2974 in-

3547 2993 3769 3053 dividua
4492 2996 4569 3055 ib.

3469 3088 3667 3134 natura
3693 3076 3765 3134 ab
3791 3074 4296 3154 imperfectioribus
4332 3077 4403 3135 ad
4443 3096 4567 3156 per·

3549 3156 3782 3215 fectiora
3810 3156 4168 3233 progreditur
4354 3187 4361 3196 ‚
4449 3159 4569 3234 406

3468 3251 3670 3297 natura
3710 3237 4175 3317 imaginationem
4218 3259 4334 3298 non
4374 3241 4545 3299 habet

4449 3341 4528 3398 40

3471 3414 3669 3460 natura
3696 3401 3818 3459 sine
3844 3399 4084 3460 consilio
4112 3402 4228 3481 agit
4268 3404 4338 3461 F.
4370 3423 4426 3482 p.
4451 3339 4567 3477 2417)

3470 3496 3667 3542 natura
3684 3481 4015 3542 universalis
4035 3504 4134 3562 per
4147 3483 4430 3565 propriam
4450 3486 4571 3563 agit

4218 3566 4335 3623 Fic.
4451 3566 4557 3623 161

3468 3657 3667 3703 natura
3693 3656 3753 3703 et
3779 3643 4149 3725 intelligentia
4179 3585 4567 3724 qualespactus

3545 3725 3677 3794 sint,
3707 3739 3767 3784 et
3793 3728 4081 3804 quomodo
4110 3747 4286 3786 unum
4448 3728 4560 3804 561

3468 3820 3669 3866 natura
3697 3827 3812 3866 non
3842 3807 4182 3887 defatigatur
4227 3808 4347 3869 Fic.
4376 3830 4430 3888 p.
4452 3827 4565 3884 240

3466 3902 3680 3947 naturae
3720 3889 4047 3948 universalis
4088 3890 4441 3950 omniformis

4216 3974 4336 4032 Fic
4366 3992 4422 4051 Ρ
4446 3990 4560 4048 437

3467 4071 3501 4109 0
3525 4052 3746 4110 Natura
3783 4050 3966 4110 aliena
4000 4065 4204 4131 praeter
4228 4055 4381 4113 ideas
4423 4073 4566 4131 quo-

3548 4133 3720 4191 modo
3745 4132 4087 4192 intercidant
4113 4133 4413 4213 aliquando
4448 4135 4566 4210 564

3467 4227 3679 4272 naturae
3698 4213 4020 4272 universalis
4036 4235 4273 4275 munera
4290 4218 4359 4275 F.
4379 4236 4434 4295 p.
4444 4217 4564 4292 438

3467 4307 3681 4353 naturae
3711 4294 3789 4352 vis
3820 4293 4013 4368 major,
4041 4316 4214 4375 quam
4255 4298 4563 4366 stellarum,

3546 4376 3603 4434 in
3634 4374 3722 4435 his
3750 4377 3916 4435 rebus
4450 4397 4562 4454 232

3467 4469 3683 4515 naturae
3700 4456 3970 4534 numquid
3990 4459 4351 4554 repugnetF.
4375 4480 4433 4538 p.
4446 4478 4566 4536 439

3464 4551 3678 4597 naturae
3718 4538 3898 4616 qualis
3937 4541 4190 4618 cognitio
4230 4538 4530 4599 tribuenda

3466 4713 3677 4759 naturae
3724 4701 3830 4759 sub
3876 4699 4013 4759 luna
4058 4700 4202 4772 dure,
4247 4622 4567 4762 3330?ng

3544 4781 3829 4841 sententia
4207 4784 4329 4843 Fic.
4359 4807 4417 4865 p.
4445 4799 4559 4859 307

3467 4874 3680 4921 naturae
3703 4875 3763 4922 et
3790 4864 3997 4923 mentis
4024 4864 4254 4924 collatio
4278 4866 4347 4924 F.
4371 4886 4426 4944 p.
4445 4883 4563 4940 440

3466 4957 3677 5002 naturae
3700 4944 4025 5004 universalis
4052 4946 4411 5006 conditiones
4429 4966 4564 5025 qua·

3545 5037 3676 5084 tuor
3701 5025 4124 5086 considerandas
4485 5027 4563 5085 ib.

3465 5118 3679 5165 naturae
3705 5105 3969 5166 formatio
4214 5107 4337 5167 Fic.
4365 5128 4423 5186 p.
4449 5127 4564 5185 239

3466 5199 3679 5246 naturae
3720 5202 3782 5247 et
3821 5202 4125 5268 geometrae
4165 5189 4390 5249 collatio

4213 5270 4334 5329 Fic.
4364 5290 4418 5348 p.
4442 5269 4562 5347 627

3464 5361 3677 5408 naturae
3703 5349 3813 5409 loci
3844 5350 3924 5409 vis
3952 5371 4159 5431 magna
4444 5368 4559 5427 331

3463 5442 3677 5489 naturae
3719 5431 4046 5492 universalis
4086 5432 4444 5511 degeneratio

4214 5513 4332 5572 Fic.
4363 5534 4422 5592 p.
4445 5531 4565 5588 440

3464 5605 3679 5652 naturae
3703 5592 4030 5655 universalis
4068 5608 4130 5655 et
4168 5598 4378 5655 mentis
4407 5594 4567 5654 diffe-

3543 5676 3724 5733 rentia
4209 5677 4334 5736 Fic.
4365 5697 4421 5756 p.
4445 5691 4562 5753 437
