5118 6613
1494 596 1689 661 LIB.
1738 597 1854 661 1v.
1901 596 2361 661 ENNEAD.
2409 594 2799 665 PRIMAE.
2847 619 2914 684 p.
2948 610 3216 681 70—-72.

625 788 813 853 supra
840 765 1111 832 vidimus
1136 767 1217 832 ad
1248 768 1303 832 Ι.
1335 788 1398 849 4.
1421 782 1487 854 5.
1517 792 1579 856 p.
1603 787 1705 854 32.
1731 770 1813 834 F.
1861 769 2108 834 Deinde
2135 768 2305 834 haud

624 868 814 934 dubie
857 884 1111 956 praestat
1153 869 1333 936 lectio
1376 875 1553 958 αὐτῷ,
1582 871 1725 937 licet
1754 872 2009 937 Ficinus
2050 873 2305 939 alteram

623 985 872 1036 secutus
901 972 1000 1037 sit.
1048 973 1260 1040 Locus
1287 974 1448 1038 enim
1479 975 1567 1039 ita
1588 975 1922 1040 vertendus
1952 990 2070 1041 est:
2107 976 2305 1041 “Nisi

623 1075 783 1138 forte
813 1076 955 1161 quis
991 1074 1178 1153 dicat,
1207 1076 1271 1140 in
1316 1077 1616 1165 sapientia
1655 1079 1775 1143 hoc
1819 1078 2013 1144 inesse
2056 1080 2303 1160 debere,

626 1194 697 1241 ut
740 1177 982 1264 sapiens
1025 1203 1089 1243 se
1128 1178 1259 1266 ipse
1291 1182 1617 1267 (tanquam
1663 1181 2030 1269 sapientem)
2062 1182 2303 1262 sentiat,

624 1296 685 1343 et
713 1301 777 1344 se
808 1278 1054 1366 (talem)
1075 1281 1443 1369 cogitatione
1472 1283 1603 1371 ipse
1633 1307 1746 1348 sua
1773 1288 2261 1372 assequeretur.”

707 1419 794 1432 —
818 1401 916 1468 15.
948 1383 1120 1466 λέγοι
1149 1387 1224 1450 ἄν
1254 1412 1309 1450 τι
1335 1388 1502 1471 ἴσως]
1543 1386 1812 1464 Dixerit,
1844 1389 2016 1474 quod
2044 1388 2306 1476 alicujus

624 1486 897 1550 monenti
926 1486 1025 1551 sit.
1100 1487 1309 1574 Viger.
1342 1487 1422 1553 de
1452 1489 1642 1554 Idiot.
1679 1491 1777 1554 11.
1810 1511 1905 1554 11.
1940 1512 2037 1572 14.
2066 1515 2131 1579 p.
2164 1512 2305 1577 152.

623 1605 770 1675 731.
863 1589 1046 1654 Istud
1090 1616 1175 1659 τις
1219 1591 1466 1656 Codicis
1497 1592 1631 1657 Ciz.
1678 1615 1754 1657 ex
1798 1593 2305 1680 pronunciatione

621 1706 850 1770 ortum,
880 1692 1200 1779 sequentia
1230 1716 1350 1758 non
1381 1696 1758 1782 sejungente.

704 1818 772 1881 p.
800 1814 906 1879 71,
935 1815 999 1880 3.
1044 1801 1285 1878 φυτικῆς
1314 1798 1640 1882 ἐνεργείας]
1691 1798 1915 1863 Galen.
1947 1798 2025 1863 de
2057 1799 2304 1887 Hippo-

622 1911 774 1962 crat.
806 1912 868 1963 et
901 1897 1148 1963 Platon.
1181 1898 1400 1964 Placit.
1435 1902 1553 1965 VI.
1599 1924 1665 1988 p.
1705 1902 1846 1986 183.
1905 1902 2191 1966 Charter.
2236 1927 2299 1991 p.

619 2002 766 2084 516.
800 2001 1033 2065 Kiihn:
1081 2002 1216 2084 περὶ
1252 2007 1353 2081 τῆς
1396 2005 1796 2084 ἐπιθυμητικῆς
1837 2010 2056 2088 ψυχῆς,
2096 2006 2165 2085 ἧς
2190 2007 2304 2070 .καὶ

622 2107 696 2168 τὰ
740 2107 899 2186 φυτᾶ
942 2104 1179 2188 μετέχει
1226 2107 1428 2187 φύσει.
1519 2106 1814 2194 Inprimis
1860 2107 1994 2172 haec
2037 2107 2303 2172 illustrat

622 2207 729 2271 Jo.
762 2205 1149 2294 Philoponus
1198 2206 1261 2270 in
1307 2207 1573 2272 Aristot.
1620 2208 1699 2275 de
1751 2210 2005 2289 Anima,
2053 2225 2115 2274 et
2159 2210 2302 2274 hinc

622 2308 789 2396 apud
839 2308 1092 2373 Suidam
1137 2310 1221 2374 T.
1259 2310 1396 2374 111.
1439 2334 1504 2398 p.
1538 2313 1683 2393 647.
1725 2312 2016 2378 Kusteri:
2065 2316 2302 2396 φυτικαὶ

623 2412 891 2491 δυνάμεις
935 2418 1088 2494 τρεῖς
1124 2416 1224 2492 τῆς
1260 2417 1479 2497 ψυχῆς,
1512 2415 1807 2497 θρεπτικὴ,
1840 2416 2129 2497 αὐξητικὴ,
2160 2443 2297 2499 γεν-

624 2515 841 2595 νητική·
889 2516 1125 2598 φυτικαὶ
1153 2518 1218 2579 δὲ
1249 2521 1581 2591 καλοῦνται,
1616 2520 1760 2582 διότι
1804 2519 1972 2582 αὗται
2011 2521 2188 2599 μόναι
2235 2522 2301 2585 ἐν

622 2623 743 2685 τοῖς
782 2624 988 2700 φυτοῖς
1036 2620 1283 2700 ὁρῶντα.
1331 2620 1515 2699 ἐσμὲν
1557 2621 1661 2684 οὖν
1707 2621 1801 2684 καὶ
1839 2623 2152 2703 ἄνθρωποι,
2207 2624 2302 2687 καὶ

621 2726 757 2798 ζῶα,
790 2722 885 2785 καὶ
915 2721 1178 2803 ἔμψυχα.
1225 2722 1318 2785 καὶ
1349 2723 1425 2788 ὡς
1451 2725 1563 2802 μὲν
1592 2724 1886 2805 ἄνθρωποι
1916 2727 2019 2793 τὰς
2059 2729 2302 2806 λογικὰς

623 2823 841 2906 ἔχομεν
887 2822 1173 2901 δονάμεις·
1222 2825 1298 2891 ὡς
1342 2827 1406 2888 δὲ
1450 2831 1589 2902 ζῶα,
1634 2829 1738 2893 τᾶς
1787 2828 2059 2909 ἀλόγους·
2109 2829 2186 2894 ὣς
2235 2830 2298 2892 δὲ

623 2925 867 3009 ἔμψυχα
911 2929 1015 2993 τὰς
1059 2927 1319 3008 φυτικάς·
1365 2927 1608 3011 ἔμψυχα
1647 2931 1762 3009 γὰρ
1799 2929 2058 3010 λέγομεν
2094 2930 2187 2994 καὶ
2225 2933 2299 2994 τὸ

623 3028 795 3109 φυτά·
847 3031 1135 3112 ἐμψύχων
1184 3032 1298 3111 γὰρ
1345 3029 1413 3093 τὸ
1459 3029 1807 3112 τρέφεσθαι,
1855 3033 1949 3096 καὶ
1996 3035 2294 3112 αὔξεσθαι,

624 3132 717 3195 καὶ
743 3136 968 3215 γεννᾷν
996 3132 1170 3211 ὅμοια
1200 3135 1442 3200 ἑαυτοῖς.
1490 3132 1772 3215 λέγονται
1801 3136 1865 3198 δὲ
1898 3135 2044 3199 αὐτὰ
2073 3136 2166 3199 καὶ
2194 3139 2299 3215 ζῇν

623 3234 716 3297 καὶ
742 3233 1038 3298 τεθνάναι.
1086 3236 1123 3314 ἦ
1152 3236 1216 3299 δὲ
1244 3235 1356 3315 ζωὴ
1400 3236 1492 3299 καὶ
1520 3238 1553 3299 ὁ
1586 3236 1836 3305 θάνατος
1872 3240 2166 3324 παρουσία
2204 3240 2300 3303 καὶ

620 3339 876 3422 ἀπουσίᾳ
912 3340 1140 3420 γίνεται
1178 3342 1277 3417 τῆς
1312 3344 1528 3422 ψυχῆς.
1601 3340 1834 3405 Confer
1861 3341 2042 3405 etiam
2074 3343 2138 3405 Ν
2140 3365 2301 3407 eme-

619 3438 775 3504 sium
806 3439 886 3504 de
916 3442 1164 3504 Natura
1193 3441 1485 3505 Hominis
1521 3464 1653 3529 cap.
1689 3461 1790 3529 23.
1827 3445 1962 3526 περὶ
1989 3449 2095 3508 τοῦ
2122 3450 2294 3526 θρεπ·

619 3548 778 3607 τικοῦ
806 3566 867 3627 ρ.
894 3544 1251 3628 236-240.
1282 3544 1381 3608 ed.
1414 3545 1729 3624 Matthaei,
1760 3561 1821 3610 et
1851 3545 2002 3610 ibid.
2031 3570 2168 3635 cap.
2192 3566 2296 3613 22.

621 3667 685 3732 p.
719 3646 861 3730 236.
906 3645 1017 3710 ubi
1062 3645 1126 3710 in
1175 3646 1310 3710 his:
1363 3654 1625 3712 καλεῖται
1670 3650 1734 3713 δὲ
1780 3648 2034 3732 φυσικὸν
2075 3652 2187 3730 μὲν
2232 3650 2298 3714 τὸ

619 3748 929 3829 θρεπτικὸν
958 3750 1052 3813 καὶ
1080 3752 1442 3831 γεννητικόν·
1482 3751 1721 3826 ζωτικὸν
1749 3754 1813 3816 δὲ
1842 3751 1909 3816 τὸ
1940 3754 2294 3835 σφυγμικόν·

617 3864 681 3914 et
728 3850 792 3914 in
844 3874 973 3938 seq.
1020 3874 1153 3938 cap.
1202 3857 1308 3916 τοῦ
1356 3857 1664 3935 θρεπτικοῦ
1711 3855 1955 3937 φυσικαὶ
2008 3853 2295 3934 δυνάμεις,

618 3952 789 4019 haud
826 3953 1017 4019 dubie
1058 3954 1491 4041 corrigendum
1528 3970 1661 4020 erat
1699 3980 1775 4021 ex
1813 3979 1938 4020 uno
1976 3956 2155 4034 libro,
2186 3956 2296 4043 qui

617 4055 845 4121 ibidem
889 4056 1134 4139 φυτικὸν
1176 4058 1377 4136 offert,
1422 4058 1582 4123 sicut
1628 4058 1695 4122 in
1738 4058 1987 4123 Plotino
2032 4059 2297 4124 correxi-

619 4180 777 4224 mus.
853 4160 1141 4225 Macrob.
1192 4160 1257 4224 in
1311 4162 1523 4226 Somn.
1578 4160 1741 4250 Scip.
1776 4162 1834 4226 I.
1873 4182 1975 4246 19.
2015 4181 2155 4249 103.
2202 4185 2293 4249 sq.

621 4263 822 4326 Zeun.
844 4270 997 4327 :—“
1026 4262 1249 4328 sentire
1276 4263 1371 4328 vel
1403 4286 1672 4329 crescere
1719 4265 2081 4346 αἰσθητικὸν,
2111 4265 2176 4330 id
2205 4280 2298 4331 est

618 4364 918 4429 sentiendi
947 4379 1191 4445 natura,
1232 4366 1311 4432 de
1356 4365 1516 4442 sole;
1568 4368 1813 4449 φυτικὸν
1838 4382 2069 4448 autem,
2101 4368 2168 4433 id
2204 4384 2297 4434 est

615 4467 924 4533 crescendi
974 4482 1199 4535 natura
1247 4470 1329 4535 de
1379 4470 1579 4536 lunari
1628 4471 1709 4536 ad
1766 4494 1880 4536 nos
1930 4471 2296 4558 globositate

613 4570 1044 4659 perveniunt.”
1132 4575 1295 4639 Cum
1339 4588 1547 4638 autem
1597 4573 1882 4638 Plotinus
1923 4574 1985 4638 h.
2016 4574 2062 4638 l.
2105 4573 2293 4652 dicat,

613 4672 775 4739 hanc
817 4673 1233 4740 efficacitatem
1278 4698 1401 4739 non
1446 4675 1679 4764 percipi
1716 4700 1754 4741 a
1791 4676 1968 4742 nobis
2010 4699 2123 4764 per
2159 4699 2293 4741 sen-

615 4798 773 4853 sum,
804 4798 1008 4863 neque
1035 4799 1149 4841 nos
1175 4800 1380 4864 agere,
1411 4775 1664 4864 quando
1693 4776 1828 4842 hoec
1853 4790 2020 4865 agat,
2046 4777 2293 4842 videtur

614 4878 885 4967 cogitare
912 4878 1334 4956 nutritionem,
1364 4879 1758 4945 crescentiam
1787 4895 1850 4944 et
1878 4903 2023 4966 quae
2055 4878 2293 4967 reliqua

616 4981 878 5069 vegetali
906 4982 1200 5070 potentiae
1233 4982 1331 5066 (τῇ
1369 4987 1577 5065 φυτικῇ
1617 4981 1884 5065 δυνάμει)
1917 4981 2291 5048 tribuantur.

619 5085 911 5150 Ceterum
936 5084 1149 5150 confer
1166 5084 1367 5150 Ficini
1390 5084 1942 5163 commentarium,
1961 5084 2142 5171 cujus
2162 5108 2295 5150 ver-

616 5185 843 5253 sionem
861 5186 1048 5253 etiam
1062 5187 1545 5276 comprobarunt
1552 5186 1959 5275 Engelhardt.
1971 5186 2291 5274 etTaylor.

697 5327 787 5341 —
809 5312 904 5356 10.
931 5293 1066 5375 περὶ
1093 5292 1494 5372 ταῦτα-περὶ
1521 5291 1766 5376 τούτων]
1802 5292 1960 5355 Haec
1991 5288 2146 5377 quid
2177 5290 2293 5356 sibi

618 5392 825 5473 velint,
854 5417 920 5459 se
946 5394 1176 5460 nescire
1198 5394 1434 5459 fatetur
1459 5392 1728 5481 Engelh.
1789 5395 1886 5458 At
1913 5415 2125 5458 omnes
2151 5392 2292 5458 libri

619 5510 960 5581 agnoscunt
979 5495 1212 5561 eadem.
1245 5494 1839 5574 QuomodoFicinus
1858 5494 2181 5582 acceperit,
2196 5518 2293 5559 ar·

618 5595 753 5683 guit
771 5598 907 5684 ejus
927 5598 1143 5663 versio.
1188 5597 1719 5687 Simplicissimum
1740 5596 1891 5663 mihi
1910 5596 2179 5677 videtur,
2196 5598 2290 5663 uti

3993 616 4071 684 27

2392 768 2493 833 hic
2520 769 2688 846 fecit,
2718 769 2851 851 περὶ
2879 773 3062 833 ταῦτα
3094 768 3323 833 referre
3350 768 3432 833 ad
3457 767 3660 850 μέσης,
3691 782 3754 835 et
3780 771 3916 854 περὶ
3943 773 4074 838 τού-

2390 899 2509 937 των
2536 871 2618 936 ad
2650 875 2935 955 ἐνεργεῖν,
2968 871 3085 935 hoc
3114 894 3295 936 sensu
3322 898 3338 935 z
3388 879 3431 910 ‘⁶
3463 870 3871 960 Intelligentis
3897 887 4074 939 actus

2390 989 2454 1040 et
2480 975 2613 1063 ipse
2642 997 2752 1061 per
2781 996 3050 1052 sensum,
3081 987 3299 1061 utpote
3327 974 3489 1039 circa
3530 974 3643 1038 has
3690 976 4073 1064 operationes

2389 1078 2453 1141 in
2484 1076 2691 1142 medio
2721 1077 3150 1154 constitutum,
3176 1076 3361 1142 etiam
3391 1077 3470 1142 de
3499 1076 3595 1141 his
3622 1100 3806 1165 agere
3833 1079 4074 1146 debet.''

2393 1180 2635 1268 Taylor
2680 1179 2907 1245 vertit:
2975 1181 3111 1244 For
3157 1189 3217 1244 to
3266 1180 3389 1245 this
3428 1203 3709 1268 purpose
3755 1184 3810 1244 it
3855 1183 4076 1247 should

2388 1285 2681 1370 marg-ize
2719 1282 2992 1370 through
3029 1304 3203 1347 sense
3232 1305 3307 1347 as
3334 1305 3376 1346 a
3406 1283 3693 1347 medium.
3786 1284 3908 1349 Sed
3949 1285 4074 1350 for-

2390 1399 2548 1449 tasse
2579 1400 2783 1449 tamen
2808 1384 3036 1448 vulnus
3063 1385 3474 1449 inveteratum
3501 1383 3652 1449 latet
3680 1384 3743 1448 in
3773 1385 3890 1452 hoc
3919 1386 4069 1451 loco.

2472 1524 2557 1535 —
2606 1505 2703 1552 12.
2755 1486 3101 1568 αἰσθήσεως,
3152 1489 3247 1552 καὶ
3293 1489 3447 1554 ὅλως
3496 1488 3903 1572 ἀντιλήψεως]
3949 1491 4072 1555 Est

2389 1589 2550 1653 enim
2604 1591 2920 1673 ἀντίληψις
2978 1589 3292 1678 perceptio
3343 1612 3455 1677 per
3505 1613 3718 1655 sensus
3770 1591 4069 1656 universe.

2392 1692 2501 1755 Tu
2545 1692 2708 1757 adde
2751 1692 2848 1771 iis,
2878 1715 3023 1780 quae
3064 1692 3127 1757 in
3173 1715 3336 1757 novo
3382 1693 3598 1780 Steph.
3632 1693 3959 1757 Thesauro
4001 1718 4067 1782 p.

2387 1796 2582 1881 5563.
2625 1795 2878 1860 collecta
2921 1809 3090 1874 sunt,
3138 1797 3310 1861 Sext.
3350 1795 3592 1882 Empir.
3638 1796 3868 1884 Pyrrh.
3910 1799 4063 1885 Hy-

2387 1914 2607 1986 potyp.
2641 1900 2701 1962 I.
2730 1919 2833 1980 44.
2878 1913 2942 1963 et
2987 1901 3048 1963 I.
3083 1915 3222 1982 70.;
3286 1898 3393 1962 sed
3441 1912 3642 1963 tamen
3692 1898 3876 1963 etiam
3924 1922 4068 1986 per·

2386 2002 2610 2090 ceptiO,
2643 2025 2786 2088 quae
2829 2016 3033 2065 mente
3061 2016 3124 2066 et
3154 2000 3469 2067 intellectu
3497 2001 3591 2080 fit,
3622 2024 4069 2088 nonnunquam

2387 2106 2704 2186 ἀντίληψις
2754 2103 2996 2169 dicitur.
3089 2107 3252 2169 Cum
3304 2128 3475 2191 seqq.
3527 2104 3692 2168 conf.
3746 2103 4067 2169 Plotinum

2387 2205 2590 2293 ipsum
2625 2208 2680 2270 Ι.
2716 2208 2776 2270 8.
2815 2223 2912 2292 15.
2957 2229 3022 2293 p.
3057 2208 3158 2272 82.
3196 2208 3279 2270 D.
3312 2208 3395 2271 Ε.
3443 2207 3767 2270 Hermiam
3812 2206 3873 2271 in
3919 2207 4067 2272 Pla-

2388 2309 2548 2373 tonis
2593 2308 2929 2373 Phaedrum
2979 2309 3080 2372 11.
3127 2331 3194 2395 p.
3227 2310 3329 2373 68.
3364 2310 3542 2372 Ast.:
3589 2309 3768 2373 πέντε
3810 2311 3964 2374 εἰσὶν
4008 2314 4070 2374 αἱ

2386 2413 2706 2493 γνωστικαὶ
2747 2410 3016 2491 δυνάμεις
3040 2415 3139 2491 τῆς
3166 2416 3383 2494 ψυχῆς·
3433 2415 3585 2489 νοΰς,
3618 2411 3867 2490 διάνοια,
3901 2414 4062 2492 δόξα,

2387 2516 2691 2596 φαντασία
2741 2515 2834 2578 καὶ
2881 2515 3437 2594 eziconem—Tum
3481 2513 3875 2592 conferenda,
3921 2539 4066 2602 quae

2387 2616 2642 2681 Tullius
2683 2616 2763 2681 ad
2808 2634 3076 2681 mentem
3107 2615 3352 2680 diversa
3392 2615 3784 2680 sentientium
3817 2618 4067 2682 Graeco-

2387 2743 2525 2784 rum
2571 2719 3083 2807 philosophorum
3117 2719 3197 2783 de
3226 2717 3371 2783 visis
3402 2720 3815 2804 (φαντασίαις)
3846 2719 4064 2807 dispu-

2386 2837 2477 2887 tat
2521 2822 2585 2886 in
2638 2822 2886 2887 Acadd.
2921 2822 3017 2886 11.
3049 2823 3113 2886 6.
3159 2845 3293 2909 sqq.
3359 2823 3454 2886 ΙΙ.
3493 2842 3592 2907 15.
3650 2821 3756 2886 ubi
3803 2838 3866 2886 et
3911 2821 4068 2887 illud

2387 2924 2444 3005 ξ.
2473 2926 2619 3006 48.;
2670 2933 2714 2964 “
2740 2924 2987 2990 Deinde
3015 2947 3215 3012 quum
3245 2946 3417 2989 mens
3446 2938 3769 2989 moveatur
3795 2924 3931 3012 ipsa
3956 2949 4069 3013 per

2385 3051 2534 3105 sese,
2571 3041 2641 3092 ut
2683 3043 2747 3092 et
2788 3051 2862 3092 ea
2903 3027 3238 3105 declarant,
3275 3050 3420 3114 quae
3459 3025 3557 3091 vel
3597 3027 4065 3107 dormientibuS,

2384 3130 2481 3194 vel
2523 3129 2772 3195 furiosis
2815 3130 3107 3195 videntur
3127 3161 3143 3205 3
3192 3154 3340 3209 non,
3386 3130 3702 3218 inquiunt,
3746 3130 4068 3196 verisimile

2385 3232 2484 3312 sit,
2513 3232 2599 3297 sic
2629 3233 2810 3298 etiam
2849 3249 3113 3299 mentem
3160 3233 3414 3313 moveri,
3446 3248 3516 3299 ut
3562 3256 3684 3298 non
3729 3233 3914 3298 modo
3945 3257 4066 3298 non

2382 3336 2755 3403 internoscat
2798 3337 2949 3416 visa,
2996 3361 3142 3403 vera
3184 3337 3290 3402 illa
3332 3337 3473 3414 sint,
3524 3360 3683 3402 anne
3737 3337 3911 3416 falsa,
3958 3339 4064 3403 sed

2386 3454 2458 3505 ut
2486 3439 2550 3504 in
2581 3440 2678 3504 his
2702 3440 2855 3505 nihil
2886 3441 3123 3505 intersit
3153 3440 3404 3505 omnino
3416 3441 3480 3503 ?”
3527 3439 3652 3505 Sed
3680 3440 3860 3505 aliam
3891 3464 4063 3528 pror-

2385 3565 2490 3607 sus
2520 3542 2752 3607 Plotini
2781 3543 2944 3609 circa
2970 3542 3316 3608 intellectus
3356 3542 3656 3608 actionem
3702 3543 4065 3608 sententiam

2385 3669 2513 3711 esse
2541 3663 2732 3732 atque
2759 3646 3006 3711 illorum
3035 3644 3568 3733 philosophorum,
3599 3668 3724 3710 non
3754 3659 3869 3725 est,
3892 3646 4064 3732 quod

2383 3772 2765 3814 moneamuS.

2467 3875 2531 3939 p.
2566 3869 2669 3935 72,
2710 3872 2762 3915 1.
2807 3849 2844 3931 ἢ
2873 3851 2953 3930 μὴ
2982 3853 3162 3918 οὕτως
3191 3852 3432 3935 ἔχοντος
3476 3879 3527 3915 κ.
3553 3876 3605 3915 τ.
3626 3851 3723 3938 λ.]
3772 3851 3917 3915 Non
3951 3850 4064 3915 ali-

2381 3977 2569 4018 enum
2600 3955 2717 4019 erit
2745 3954 2808 4018 h.
2832 3953 2872 4017 l.
2904 3976 3215 4041 apponere
3243 3955 3431 4019 verba
3456 3951 3760 4019 chalcidii
3788 3952 3852 4017 in
3878 3956 4064 4019 Com-

2380 4071 2574 4124 ment.
2597 4057 2662 4121 in
2686 4055 2966 4121 Platonis
2989 4056 3305 4121 Timaeum
3333 4080 3398 4144 p.
3421 4076 3602 4144 333.2
3651 4064 3695 4096 ‘⁶
3722 4056 4063 4122 Intuitione

2379 4183 2548 4238 vero,
2584 4174 2654 4225 ut
2681 4183 2825 4247 quae
2853 4160 3203 4247 fragmento
3232 4160 3386 4225 radii
3417 4174 3769 4225 recurrente
3797 4158 3880 4225 ad
3907 4182 4062 4224 ocu-

2380 4261 2583 4327 lorum
2625 4264 2814 4327 aciem
2845 4262 3171 4328 videntur:
3219 4263 3429 4350 qualia
3471 4277 3636 4340 sunt,
3667 4286 3812 4350 quae
3838 4261 3903 4326 in
3928 4284 4064 4351 spe-

2380 4366 2539 4431 culis
2568 4381 2631 4430 et
2656 4387 2823 4452 aqua
2842 4363 3328 4441 considerantur,
3347 4364 3583 4430 caeteris
3606 4364 3776 4444 item,
3793 4387 4063 4451 quorum

2381 4476 2549 4532 tersa
2579 4477 2669 4532 est
2695 4468 2942 4556 quidem
2969 4469 3351 4554 superficies,
3382 4468 3489 4532 sed
3515 4469 3587 4533 ob
3615 4469 3879 4531 nimiam
3909 4468 4060 4532 den·

2376 4572 2627 4635 ritatem
2653 4571 2913 4635 idoneus
2955 4572 3146 4658 vigor
3173 4579 3266 4635 est
3307 4571 3394 4634 ad
3431 4570 3872 4658 repellendum,
3902 4571 4066 4659 quod

2376 4674 2724 4761 offenderit.
2813 4673 2990 4759 Ergo
3034 4673 3220 4737 etiam
3269 4672 3502 4752 radius,
3551 4672 3615 4736 in
3659 4696 3788 4760 quo
3836 4688 3930 4738 est
3976 4673 4065 4738 vis

2378 4774 2654 4855 videndi,
2683 4775 2919 4840 fractus
2956 4775 3019 4838 in
3062 4773 3313 4863 speculo
3340 4774 3487 4840 facit
3520 4774 3844 4862 angulum,
3875 4800 4063 4863 quem

2378 4879 2733 4943 contineant
2779 4877 2909 4943 duo
2947 4877 3150 4957 lineae,
3186 4900 3333 4957 una,
3378 4901 3522 4965 quae
3565 4877 3646 4942 ab
3690 4878 3871 4943 oculo
3915 4904 4063 4968 pro-

2376 4981 2539 5046 fecta
2583 4981 2862 5068 pervenit
2904 4982 2986 5047 ad
3030 4980 3393 5070 speculum;
3440 4980 3635 5046 altera
3661 5005 3807 5069 quae
3845 5004 3884 5046 a
3923 5006 4061 5070 spe·

2378 5085 2521 5149 culo
2548 5083 2812 5149 recurrit
2839 5084 2919 5148 ad
2950 5084 3192 5149 vultum
3203 5084 3259 5149 .”
3316 5083 3441 5149 Sed
3480 5083 3722 5172 longior
3748 5100 3842 5150 est
3868 5084 4060 5164 locus,

2378 5210 2567 5275 quam
2599 5186 2711 5275 qui
2740 5186 2980 5275 integer
3008 5211 3048 5252 a
3085 5209 3184 5252 me
3226 5185 3329 5251 hic
3370 5185 3638 5253 adscribi
3679 5187 3892 5276 possit,
3923 5186 4065 5252 licet

2377 5288 2541 5355 lectu
2596 5290 2674 5354 sit
2723 5289 3138 5378 dignissimus.
3250 5289 3484 5355 Confer
3533 5303 3740 5355 autem
3795 5311 3937 5354 cum
3990 5312 4064 5355 eo

2380 5391 2730 5472 Plutarchi,
2762 5392 3123 5480 quifertur,
3154 5390 3433 5457 libellum
3463 5392 3544 5457 de
3569 5390 3809 5480 placitis
3838 5390 4063 5457 Philo-

2377 5495 2715 5583 sophorum
2755 5518 2813 5562 c.
2851 5516 2951 5577 14.
2997 5519 3063 5584 p.
3093 5514 3242 5582 901.
3286 5509 3350 5560 et
3396 5497 3571 5561 Sext.
3612 5493 3856 5581 Empir.
3897 5496 4063 5583 Pyr·

2373 5598 2551 5663 rhon.
2594 5599 2929 5688 Hypotyp.
2965 5599 3024 5664 1.
3074 5602 3131 5685 ξ.
3161 5599 3271 5680 48.
3313 5620 3380 5686 p.
3420 5617 3520 5679 14.
3565 5594 3719 5684 ibiq.
3763 5595 3982 5664 laudd.
4026 5621 4065 5663 a

2469 5694 2616 5768 22
