5118 6613
1085 539 1162 602 16
2044 539 2855 605 ANNOTATIONES
2920 539 3030 604 IN
3092 539 3536 604 PLOTINI

1078 714 1255 777 δαῖος.
1304 708 1444 774 vid.
1479 709 1691 797 Steph.
1725 709 1920 774 Thes.
1949 732 2015 796 p.
2044 729 2230 795 2192.
2258 713 2440 777 C.D.
2474 710 2749 778 Londin.

1076 810 1270 876 Adde
1301 810 1608 876 Irmischii
1640 811 1840 878 Indic.
1871 811 2215 878 Herodian.
2253 813 2318 877 in
2359 837 2529 878 voce.
2597 815 2751 878 Iun-

1076 936 1221 979 cum
1270 930 1375 1002 ap.
1426 915 1601 979 Stob.
1649 917 1907 980 Sermm.
1940 914 2076 980 Tit.
2112 936 2255 1002 119.
2296 940 2362 1005 p.
2390 918 2534 997 446.
2572 916 2749 981 Gais-

1076 1016 1242 1081 ford.
1307 1017 1639 1104 Wyttenb.
1679 1016 1759 1082 ad
1800 1017 1974 1083 Plut.
2007 1018 2253 1083 Consol.
2284 1017 2578 1107 Apollon.
2610 1018 2745 1084 Vol.

1079 1120 1178 1184 ΙΙ.
1207 1118 1583 1184 Animadvv.
1615 1144 1679 1209 p.
1704 1138 1848 1208 773.
1892 1137 1954 1186 et
1994 1120 2259 1186 Lobeck.
2290 1121 2370 1187 ad
2403 1121 2746 1210 Phrynicb.

1075 1245 1143 1310 p.
1173 1222 1325 1308 328.
1357 1246 1493 1310 sqq.

1158 1347 1224 1412 p.
1240 1344 1347 1411 43,
1378 1345 1442 1411 3.
1488 1327 1764 1407 ἀληθείας
1789 1327 1998 1416 πεδίῳ]
2045 1329 2327 1392 Ductum
2358 1351 2437 1392 ex
2467 1327 2745 1393 Platonis

1075 1427 1349 1492 Phaedro
1390 1451 1528 1515 cap.
1560 1428 1659 1493 28.
1703 1450 1770 1515 p.
1807 1428 1988 1509 248.:
2035 1431 2104 1493 οὗ
2147 1431 2217 1509 δὴ
2263 1430 2417 1515 ἕνεχ’
2464 1431 2502 1510 ἦ
2545 1431 2745 1510 πολλὴ

1076 1532 1319 1610 σπουδὴ,
1351 1531 1417 1595 τὸ
1447 1532 1723 1611 ἀληθείας
1750 1533 1894 1594 ἰδεῖν
1920 1533 2124 1596 πεδίον
2145 1533 2214 1598 οὗ
2244 1534 2426 1597 ἔστιν.
2459 1533 2593 1598 Ubi
2616 1533 2739 1598 vid.

1074 1632 1438 1707 Hermiam;
1486 1631 1630 1697 add.
1653 1633 1797 1697 Ast.
1831 1655 1894 1719 p.
1920 1633 2067 1718 306.
2096 1632 2246 1720 ibiq.
2278 1631 2447 1699 laud.
2466 1634 2731 1700 Axioch.

1070 1759 1136 1823 p.
1161 1751 1307 1821 371.
1344 1737 1418 1800 C.
1466 1733 1782 1800 Plutarch.
1812 1734 1892 1798 de
1919 1734 2195 1800 Oracull.
2226 1736 2467 1801 Defect.
2501 1759 2569 1824 p.
2593 1757 2738 1819 422.

1074 1839 1185 1902 Ps.
1230 1860 1296 1925 p.
1328 1838 1477 1920 726.
1530 1838 1743 1924 Wytt.
1776 1836 2027 1903 Proclus
2067 1838 2132 1903 in
2176 1837 2423 1903 Platon.
2456 1840 2629 1905 Tim.
2676 1864 2742 1929 p.

1080 1958 1218 2025 105.
1235 1962 1300 2022 4.
1331 1939 1512 2004 Adde
1534 1939 1823 2005 Proclum
1854 1940 1919 2004 in
1949 1940 2190 2007 Platon.
2213 1940 2521 2031 Theolog.
2546 1944 2658 2008 1v.
2679 1946 2742 2011 6.

1069 2065 1135 2130 p.
1160 2043 1301 2128 189.

1161 2144 1252 2209 ib.
1301 2149 1370 2227 τῇ
1414 2144 1694 2227 διαιρέσει
1734 2149 1804 2225 τῇ
1848 2145 2197 2232 Πλάτωνος]
2245 2146 2427 2212 Plato
2461 2145 2526 2210 in
2567 2145 2737 2211 Poli-

1072 2245 1193 2311 tico
1232 2269 1298 2333 p.
1331 2246 1474 2312 262.
1513 2268 1568 2309 a.
1600 2245 1662 2310 b.
1692 2268 1783 2310 c.:
1830 2245 1909 2326 μὴ
1954 2246 2198 2328 σμικρὸν
2237 2249 2443 2329 μόριον
2487 2246 2553 2311 ἓν
2598 2247 2741 2328 πρὸς

1068 2352 1271 2414 πολλὰ
1317 2349 1411 2413 καὶ
1453 2348 1690 2430 μεγάλα
1727 2350 2087 2431 ἀφαιρῶμεν,
2121 2351 2266 2429 μηδὲ
2312 2351 2497 2417 εἴδους
2539 2351 2735 2433 χωρίς.

1067 2453 1230 2519 άλλᾶ
1255 2451 1323 2516 τὸ
1350 2450 1525 2533 μέρος
1551 2452 1671 2531 ἅμα
1700 2450 1850 2519 εἶδος
1888 2451 2583 2535 ἑχέτω.-καλλίον-ὃέ
2625 2477 2739 2518 που

1068 2555 1162 2619 καὶ
1187 2557 1421 2635 μᾶλλον
1443 2552 1563 2618 κατ’
1589 2556 1708 2634 εἴδη
1738 2555 1834 2618 καὶ
1853 2556 1990 2638 δίχα
2018 2552 2273 2637 ὃιαιροῖτ’
2298 2555 2389 2618 ἄν.
2419 2554 2497 2618 cf.
2521 2555 2661 2637 287.
2681 2577 2733 2619 e.

1071 2655 1340 2744 Sophist.
1370 2678 1436 2743 p.
1458 2656 1596 2722 266.
1622 2679 1680 2720 a.
1702 2655 1769 2720 b.
1814 2655 2048 2721 Phileb.
2079 2680 2139 2743 p.
2173 2658 2273 2720 16.
2302 2655 2365 2721 d.
2392 2680 2445 2721 e.
2480 2680 2542 2744 p.
2565 2674 2656 2740 17.
2675 2680 2734 2721 a.

1064 2783 1131 2849 p.
1162 2777 1265 2843 31.
1314 2781 1447 2845 sqq.
1498 2756 1904 2823 Stallbaumii.
1989 2759 2110 2822 Est
2155 2771 2363 2822 autem
2415 2757 2514 2822 hic
2566 2757 2738 2822 locus

1064 2858 1295 2926 Plotini
1338 2858 1436 2924 vel
1480 2859 1745 2924 maxime
1788 2859 2089 2925 tenendus
2128 2858 2209 2923 ad
2251 2859 2735 2947 cognoscendam

1065 2961 1345 3027 Platonis
1372 2961 1787 3028 Dialecticam.
1838 2964 2148 3027 Caeterum
2179 2962 2261 3027 cf.
2292 2961 2373 3026 ad
2402 2962 2518 3026 hoc
2545 2976 2735 3050 caput

1062 3063 1398 3130 Plotiniani
1434 3063 1576 3128 libri
1605 3063 1913 3129 Holstenii
1959 3078 2085 3129 not.
2135 3064 2200 3129 in
2246 3064 2606 3129 Sallustium
2654 3065 2734 3130 de

1062 3167 1205 3233 Diis
1232 3182 1295 3232 et
1318 3165 1569 3232 Mundo
1589 3189 1725 3254 cap.
1755 3186 1808 3232 1.
1842 3190 1905 3254 p.
1936 3186 2079 3248 242.
2129 3167 2269 3232 Gal.
2300 3190 2363 3254 p.
2393 3184 2492 3251 70.
2541 3166 2729 3232 Orell.

1060 3270 1142 3337 ab
1170 3292 1368 3359 eoque
1395 3268 1563 3337 laud.
1596 3268 1844 3336 Platon.
1874 3268 2213 3357 Rempubl.
2255 3269 2360 3336 lib.
2397 3271 2474 3334 V.
2517 3270 2627 3335 fin.
2670 3285 2734 3338 et

1061 3372 1172 3440 lib.
1204 3373 1320 3438 VI.
1366 3372 1501 3437 init.
1545 3387 1609 3438 et
1651 3373 1943 3438 Proclum
1969 3372 2035 3437 in
2064 3373 2281 3439 Theol.
2316 3373 2480 3439 Plat.
2525 3374 2633 3440 lib.
2669 3377 2726 3442 Ι.

1057 3500 1110 3542 c.
1143 3495 1204 3544 2·

1140 3617 1231 3630 —
1249 3599 1308 3666 9.
1340 3580 1586 3663 λογικὴν
1610 3579 2042 3669 πραγματείαν]
2073 3580 2377 3668 Logicam
2405 3582 2726 3645 tractatio-

1056 3705 1217 3762 nem,
1248 3682 1539 3747 nimirum
1567 3681 1867 3747 sententia
1894 3681 2466 3770 Peripateticorum,
2490 3682 2602 3770 qui
2626 3690 2730 3747 λο-

1057 3790 1238 3870 γικῆς,
1285 3787 1559 3874 Logicoe,
1601 3807 1823 3850 nomen
1867 3784 2049 3873 primi
2091 3782 2494 3850 induxerunt.
2584 3785 2723 3851 vid.

1060 3888 1197 3953 Cic.
1243 3887 1429 3953 Finn.
1475 3888 1532 3951 Ι.
1565 3902 1625 3969 7.
1669 3907 1768 3953 22.
1813 3906 1915 3973 23.
1961 3887 2113 3974 ibiq.
2162 3887 2466 3952 Goerenz.
2525 3888 2604 3952 cf.
2639 3889 2721 3954 G.

1056 3988 1344 4054 Vomum
1393 3987 1473 4052 de
1514 3990 1670 4075 Log.
1720 4012 1785 4076 p.
1823 3993 1963 4054 206.
2007 4013 2101 4076 sq.
2147 4005 2212 4055 et
2254 3990 2727 4077 Wyttenbachii

1055 4092 1379 4179 Praecepta
1420 4088 1654 4155 Philos.
1699 4090 1974 4178 Logicae,
2021 4091 2308 4180 Prolegg.
2357 4095 2415 4178 ξ.
2451 4094 2514 4157 8.
2561 4116 2625 4181 p.
2659 4094 2720 4158 6.

1058 4191 1266 4279 [Add.
1297 4191 1627 4258 Facciolati
1672 4192 1876 4257 Instit.
1908 4193 2161 4281 Logicoe
2205 4194 2475 4283 Peripat.
2520 4219 2587 4283 p.
2625 4216 2723 4282 13.

1055 4320 1149 4385 sq.
1207 4310 1269 4362 et
1326 4294 1606 4383 inprimis
1662 4294 1860 4383 ejusd.
1908 4295 2163 4385 Logicoe
2212 4296 2473 4387 Discipl.
2522 4298 2726 4363 Rudi-

1053 4413 1262 4465 menta
1301 4423 1367 4488 p.
1402 4414 1463 4482 7.
1510 4399 1682 4488 sqq.]
1748 4399 2063 4464 Caeterum
2107 4422 2249 4464 cum
2294 4414 2423 4466 tota
2463 4400 2581 4466 bac
2618 4400 2725 4466 de-

1051 4501 1377 4590 scriptione
1403 4499 1627 4588 quietis
1655 4500 2002 4566 Plotiniana
2041 4502 2120 4567 cf.
2158 4500 2360 4567 locum
2403 4504 2722 4591 geminum

1054 4603 1261 4671 Procli
1288 4604 1353 4669 in
1384 4602 1737 4668 Parmenid.
1771 4606 1826 4668 I.
1872 4627 1938 4692 p.
1966 4622 2070 4689 47.
2104 4604 2395 4670 Cousin.:
2444 4606 2616 4689 ἑτέρα
2657 4610 2722 4672 δὲ

1053 4709 1437 4775 ἆναπαύουσα
1461 4707 1569 4789 ἤδη
1598 4706 1701 4772 τὸν
1728 4711 1869 4772 νοῦν
1896 4706 2215 4789 οῖκειοτάτῃ
2245 4710 2455 4794 θεωρία
2480 4714 2597 4773 τῶν
2625 4711 2722 4775 ὄν-

1050 4835 1166 4876 των
1196 4837 1249 4874 κ.
1268 4836 1318 4874 τ.
1335 4818 1399 4875 λ.
1429 4824 1522 4874 est
1548 4808 1711 4874 enim
1753 4808 2014 4898 longior,
2040 4832 2229 4896 quam
2273 4824 2347 4876 ut
2388 4809 2489 4875 hic
2529 4833 2720 4899 appo-

1047 4925 1255 4978 natur.

1129 5014 1219 5078 ib.
1264 5014 1632 5099 προτάσεων]
1690 5012 1831 5079 Vid.
1878 5013 2196 5080 Aristotel.
2231 5012 2484 5101 Analyt.
2528 5014 2713 5102 prior.

1051 5120 1113 5183 Ι.
1153 5136 1211 5181 1.
1256 5138 1317 5203 p.
1351 5134 1450 5201 79.
1489 5114 1701 5204 Sylb.:
1747 5118 2027 5200 πρότασις
2066 5119 2178 5197 μὲν
2220 5117 2324 5181 οὖν
2370 5119 2495 5181 ἐστι
2537 5119 2718 5199 λόγος

1048 5215 1497 5304 καταφατικὸςῆ
1527 5219 1907 5301 ἆποφατικὸς,
1936 5219 2093 5287 τινὸς
2121 5217 2266 5283 κατά
2303 5244 2459 5285 τινος
2497 5246 2552 5283 κ.
2579 5245 2633 5284 τ.
2648 5227 2712 5285 λ.

1045 5323 1129 5389 cf.
1159 5320 1422 5411 Analyt.
1450 5335 1677 5409 poster.
1704 5322 1758 5385 Ι.
1788 5340 1844 5387 2.
1874 5343 1937 5408 p.
1964 5340 2105 5386 200.
2155 5320 2378 5386 Suidas
2404 5321 2469 5385 in
2496 5322 2712 5404 πρότα-

1046 5452 1139 5494 σις
1162 5426 1300 5490 ΙΙΙ.
1331 5447 1398 5512 p.
1424 5425 1565 5490 208.
1596 5446 1687 5511 sq.
1722 5425 1912 5489 Kust.
1943 5423 2053 5488 ubi
2081 5426 2362 5508 πρότασις
2387 5423 2716 5503 διαλεκτικὴ

1043 5525 1448 5616 distinguitur
1494 5550 1536 5592 a
1581 5525 1994 5613 προβλήματι;
2057 5541 2121 5592 et
2170 5525 2597 5618 Olympiodor.
2646 5526 2713 5593 in

2834 710 3078 776 Platon.
3112 710 3322 776 Alcib.
3352 733 3446 798 pr.
3478 733 3532 774 c.
3564 729 3661 792 14.
3690 732 3750 797 p.
3783 729 3923 796 123.
4013 712 4190 798 Saepe
4228 724 4321 774 est
4362 733 4503 798 pro-

2832 813 3055 900 positio
3095 814 3251 901 ejus,
3290 811 3461 899 quod
3505 810 3586 875 ad
3632 810 4078 898 disputandum
4119 811 4503 899 proponitur.

2834 917 2936 980 De
2975 916 3259 998 προτάσει
3299 918 3566 997 ῥητορικῇ
3608 913 3737 979 vid.
3787 912 4111 979 Aristotel.
4143 913 4408 979 Rhetor.
4444 915 4502 978 I.

2831 1039 2892 1104 3.
2925 1036 2984 1102 7.
3013 1019 3159 1106 ibiq.
3188 1018 3478 1105 interprr.
3508 1039 3569 1103 p.
3598 1018 3699 1097 64.
3734 1018 3935 1081 Oxou.
4015 1016 4255 1104 Saepius
4294 1031 4503 1082 autem

2829 1119 3058 1207 legitur
3099 1119 3163 1184 in
3211 1118 3460 1185 Plotino
3503 1133 3566 1183 et
3613 1121 3894 1200 πρότασις
3942 1135 4005 1185 et
4050 1119 4382 1202 προτάσεις,
4427 1131 4499 1184 ut

2836 1224 2949 1288 1v.
2974 1243 3159 1304 4.44.
3207 1223 3281 1286 V.
3305 1239 3371 1308 5.
3399 1242 3457 1286 1.
3504 1223 3624 1286 VI.
3649 1220 3709 1284 8.
3735 1241 3800 1306 3.

2897 1362 2981 1376 -
2998 1345 3093 1410 15.
3127 1325 3691 1408 Εἶτα-συντίθησι]
3727 1323 3981 1388 Ficinus
4008 1347 4276 1412 eumque
4304 1325 4499 1390 secuti

2828 1427 3100 1516 Engelh.
3148 1443 3211 1492 et
3257 1426 3494 1514 Taylor
3539 1426 3730 1513 hujus
3781 1426 3951 1490 verbi
3996 1445 4056 1492 et
4108 1426 4497 1514 sequentium

2827 1531 3173 1618 subjectum
3203 1529 3438 1594 faciunt
3465 1531 3758 1593 animam.
3805 1528 3912 1593 Nil
3939 1528 4237 1602 decerno:
4284 1553 4500 1617 quoero

2825 1648 3093 1711 tantum,
3112 1655 3315 1697 annon
3334 1631 3715 1697 commodius
3735 1633 4057 1697 dialectica
4082 1655 4198 1720 pro
4219 1632 4498 1720 subjecto

2825 1735 3147 1801 habeatur.
3239 1736 3400 1800 Mox
3447 1737 3577 1799 ἔστι
3617 1733 3750 1817 γάρ,
3798 1743 3982 1817 φησιν
4025 1758 4108 1800 30.
4153 1737 4186 1799 ὁ
4216 1735 4494 1800 Πλάτων.

2829 1837 2969 1903 vid.
3014 1838 3198 1917 10003,
3242 1860 3401 1924 quos
3444 1860 3631 1925 supra
3676 1837 4001 1901 citavimus
4043 1837 4110 1901 in
4158 1852 4367 1903 annot.
4414 1838 4495 1903 ad

2829 1940 3299 2028 Inscriptionem
3330 1940 3520 2027 hujus
3547 1939 3705 2004 libri.

2909 2065 2975 2130 p.
3003 2063 3111 2125 44,
3149 2062 3205 2107 1.
3248 2043 3309 2105 τί
3347 2043 3452 2106 οὖν
3478 2043 3515 2123 ἡ
3540 2042 3874 2125 φιλοσοφία
3897 2041 3947 2124 ς]
3992 2041 4103 2106 Ad
4132 2042 4492 2108 sententiam

2825 2145 3074 2209 consule
3100 2143 3421 2209 Aristotel.
3452 2143 3813 2231 MetaphyS.
3852 2144 3909 2207 Ι.
3938 2163 3997 2209 2.
4027 2143 4135 2208 ubi
4174 2157 4236 2208 et
4272 2143 4391 2208 alia
4417 2143 4496 2209 (10

2823 2245 3211 2333 philosophia
3239 2259 3302 2310 et
3330 2245 3462 2309 haec
3489 2267 3550 2332 p.
3575 2247 3634 2308 6.
3666 2244 3762 2309 ed.
3800 2243 4013 2331 Sylb.;
4062 2246 4195 2310 οὔτε
4236 2250 4337 2325 τῆς
4377 2273 4495 2312 τοι-

2824 2350 2998 2431 αύτης
3040 2347 3413 2434 (ἐπιστήμης)
3457 2349 3649 2428 ἄλλην
3690 2347 3804 2430 χρὴ
3847 2348 4097 2426 νομίζειν
4132 2347 4489 2430 τιμιωτέραν.

2821 2453 2858 2533 ἡ
2886 2455 3000 2535 γὰρ
3030 2451 3296 2532 θειοτάτη
3326 2453 3422 2515 καὶ
3448 2449 3772 2531 τιμιωτάτη.
3847 2449 4030 2527 Quod
4060 2464 4270 2514 autem
4299 2448 4494 2515 Ploti-

2822 2577 2940 2619 nus
2961 2554 3357 2620 Dialecticam
3389 2575 3514 2617 non
3535 2551 3672 2616 vult
3697 2574 3825 2616 esse
3853 2550 4326 2616 instrumentum
4355 2552 4492 2640 phi-

2821 2657 3137 2745 losophiae,
3168 2656 3277 2721 sed
3317 2669 3575 2743 partem,
3605 2676 3864 2741 eamque
3906 2653 4489 2742 praesmntissimm‚

2819 2759 2882 2823 in
2913 2782 2986 2824 eo
3014 2758 3293 2846 sequitur
3325 2757 3662 2822 Platonem.
3753 2758 3857 2821 lta
3894 2755 4057 2821 enim
4098 2756 4198 2820 hic
4240 2757 4319 2821 (10
4359 2759 4486 2822 Re-

2818 2860 2997 2948 publ.
3019 2862 3178 2926 VII.
3212 2883 3272 2948 p.
3290 2875 3439 2945 534.
3467 2860 3577 2923 fin.
3608 2882 3671 2946 p.
3695 2859 3844 2943 368.
3877 2856 4230 2942 Βο1(1(.”Αρ’
4262 2860 4368 2925 οὖν
4396 2865 4490 2925 δο-

2822 2969 2915 3027 κεῖ
2951 2989 3070 3040 σοι,
3102 2963 3254 3045 ἔφην
3283 2963 3420 3045 ἐγὼ,
3453 2964 3652 3043 ὥσπερ
3694 2961 3928 3043 θριγκὸς
3971 2964 4180 3049 (apex,
4221 2962 4486 3028 culmen.

2816 3067 2899 3131 cf.
2925 3065 3088 3130 Astii
3120 3067 3362 3129 Comm.
3392 3086 3456 3150 p.
3478 3067 3657 3149 574.)
3689 3069 3810 3131 τοῖς
3833 3063 4169 3144 μαθήμασιν
4195 3065 4233 3144 ἦ
4261 3070 4488 3131 διαλεκ-

2816 3170 2942 3249 τικὴ
2989 3169 3127 3249 ἡμῖν
3171 3167 3362 3232 ἐπάνω
3413 3171 3660 3240 κεῖσθαι,
3709 3166 3803 3229 καὶ
3845 3164 4028 3229 οὐκέτ’
4074 3168 4227 3231 ἄλλο
4277 3170 4483 3235 τούτου

2814 3271 3052 3354 μάθημα
3094 3269 3362 3354 άνωτέρω
3407 3271 3590 3351 ὀρθῶς
3632 3269 3706 3333 ἂν
3745 3269 4126 3349 ἐπιτίθεσθαι,
4157 3269 4291 3336 ἀλλ’
4324 3272 4486 3356 ἔχειν

2813 3375 2921 3455 ἤδη
2949 3374 3120 3442 τέλος
3146 3377 3221 3438 τᾶ
3247 3379 3363 3438 τῶν
3388 3371 3779 3453 μαθημάτων;
3812 3370 3991 3451 Ἔμοι
4017 3371 4072 3455 γ’
4106 3373 4240 3455 ἔφη.
4323 3376 4482 3454 Quae

2814 3477 3108 3541 continuo
3135 3475 3347 3541 addit:
3395 3477 3464 3540 οὗ
3500 3479 3615 3557 γὰρ
3658 3474 3728 3554 δὴ
3770 3473 4178 3554 οἰητέον-καὶ
4221 3477 4479 3553 κάνονες,

2813 3579 2887 3645 113
2915 3579 3113 3668 tangit
3135 3576 3598 3666 PeripateticoS,
3624 3576 3896 3663 aliosque
3924 3576 4340 3666 philosophos,
4372 3580 4481 3667 qui

2814 3682 3112 3770 Logicam
3136 3705 3251 3770 pro
3270 3682 3678 3746 instrumento
3699 3678 4112 3766 Philosophia:
4139 3680 4475 3747 habebant:

2811 3784 2892 3850 cf.
2939 3806 3127 3871 supra
3166 3798 3374 3849 annot.
3420 3782 3501 3847 ad
3543 3781 3999 3870 inscriptionem
4039 3781 4201 3861 libri,
4230 3797 4292 3847 et
4321 3787 4478 3849 Am-

2811 3886 3001 3951 monii
3031 3886 3283 3952 Praefat.
3330 3886 3394 3950 in
3436 3885 3762 3950 Aristotel.
3796 3884 4170 3972 CategoriaS.
4260 3887 4478 3973 Atque

2809 3988 2874 4055 b.
2905 3988 2952 4054 l.
2995 4004 3089 4054 est
3130 3989 3413 4054 universe
3455 3987 3791 4053 tenendum
3824 4011 3863 4051 a
3892 3985 4139 4052 Plotino
4180 4010 4303 4051 non
4345 3988 4475 4055 fere

2811 4091 3271 4180 ΡΙιίΙοεφῘιὶαπι
3302 4089 3618 4179 appellari,
3647 4089 3763 4154 nisi
3793 4089 4203 4168 Platonicam,
4232 4104 4295 4154 et
4317 4092 4474 4156 Plu·-

2807 4194 3084 4282 Ιοεφῆοο
3110 4216 3234 4260 11011
3263 4194 3413 4274 fere,
3445 4192 3557 4257 nisi
3587 4193 3960 4271 Platonicos,
3986 4205 4097 4255 aut
4124 4191 4174 4255 si
4201 4193 4343 4279 quis
4383 4193 4472 4259 al-

2808 4295 2999 4363 terius
3048 4310 3227 4361 sectae
3277 4318 3418 4361 cum
3466 4293 3799 4360 Platonicis
3843 4293 4201 4360 consentiat.
4288 4297 4472 4376 Quod

2807 4413 2950 4464 ante
2978 4421 3078 4463 me
3105 4397 3345 4464 monuit
3375 4394 3918 4485 wyttenbachius,
3948 4396 4060 4483 qui
4086 4420 4221 4463 eam
4250 4399 4315 4464 in
4343 4424 4473 4466 rem

2805 4501 3016 4566 laudat
3045 4501 3272 4566 multos
3298 4501 3462 4565 locos
3489 4499 3553 4563 in
3581 4499 3677 4563 his
3704 4497 4149 4565 Enneadibus:
4195 4525 4263 4590 p.
4293 4523 4354 4572 2.
4379 4506 4471 4571 D.

2806 4606 2885 4670 Ε.
2910 4606 2969 4669 6.
3017 4603 3104 4669 G.
3135 4622 3232 4689 19.
3279 4605 3363 4668 A.
3390 4604 3470 4667 B.
3498 4622 3594 4668 20.
3629 4604 3705 4666 C.
3728 4602 3805 4666 F.
3833 4616 4112 4668 nostrum
4139 4603 4354 4671 itidem
4384 4606 4471 4672 10-

2803 4730 2975 4781 011111;
3007 4704 3228 4771 deinde
3248 4729 3314 4794 p.
3339 4726 3480 4791 203.
3507 4706 3588 4770 F.
3635 4725 3778 4787 204.
3800 4706 3879 4770 E.
3929 4724 4072 4772 212.
4094 4709 4173 4773 F.
4222 4710 4463 4795 213.D.

2807 4829 2948 4897 291.
2993 4810 3163 4873 A.C.
3227 4826 3369 4894 293.
3406 4812 3491 4872 A.
3552 4829 3700 4894 325.
3738 4811 3814 4874 C.
3875 4828 4024 4895 330.
4054 4812 4141 4875 Α.
4201 4829 4351 4897 423.
4381 4811 4462 4875 D.

2801 4913 2946 4999 469.
2977 4915 3068 4975 A.
3111 4913 3261 4997 556.
3289 4915 3381 4975 A.
3431 4912 3578 4994 760.
3614 4913 3693 4976 B.
3782 4912 3922 4977 Vid.
3955 4911 4244 5000 Epistoll.
4278 4911 4469 4977 Soda-

2799 5013 2953 5079 lium
2984 5014 3431 5079 Socraticorum
3461 5013 3890 5081 Philomathiae
3930 5013 4031 5078 ed.
4063 5014 4149 5078 G.
4173 5013 4258 5077 L.
4277 5015 4468 5079 ΜαΙι-

2799 5119 2926 5196 nei,
2958 5116 3270 5182 Zierizeae.
3299 5117 3479 5204 1813.
3510 5142 3571 5206 p.
3600 5137 3741 5202 172.
3771 5142 3863 5206 sq.
3952 5115 4054 5179 Ad
4094 5114 4285 5180 verba
4326 5117 4465 5204 phi-

2800 5218 3038 5307 losophi
3065 5219 3283 5285 nostri:
3316 5222 3477 5285 ἀλλᾶ
3502 5223 3638 5305 περὶ
3663 5217 3973 5303 πράγματά
4002 5219 4309 5283 ἑστι-καὶ
4338 5221 4466 5285 οἷον

2796 5324 2945 5402 ὕλην
2975 5324 3101 5407 ἔχει
3129 5327 3203 5388 τᾶ
3230 5325 3375 5388 ὄντα
3409 5345 3658 5412 possum
3705 5320 3901 5386 multa
3939 5317 4251 5406 proferre:
4300 5321 4467 5386 suffi-

2796 5422 2959 5488 ciant
2999 5423 3132 5491 haec
3158 5450 3235 5491 ex
3268 5426 3538 5492 Platonis
3568 5423 3859 5512 Sophista
3896 5444 3961 5508 p.
3997 5436 4143 5507 254.
4170 5444 4270 5487 a.:
4320 5427 4353 5488 ὁ
4397 5425 4464 5489 δέ

2796 5553 2868 5611 γε
2896 5529 3233 5613 φιλόσοφος
3268 5534 3339 5610 τῇ
3378 5534 3482 5596 τοῦ
3509 5533 3676 5596 ὄντος
3718 5525 3813 5589 aet
3853 5526 3949 5589 διὰ
3986 5530 4291 5606 λογισμῶν
4318 5552 4458 5609 προ-
