5118 6613
1298 589 1492 654 LIB.
1539 588 1699 652 VII.
1746 588 2205 653 ENNEAD.
2253 587 2645 652 PRIMAE.
2690 611 2752 675 p.
2792 590 3143 674 122—136.

529 762 713 843 Quod
744 762 795 826 si
820 783 971 825 vero
998 758 1252 848 cogites,
1271 760 1407 826 haec
1435 784 1565 825 esse
1593 773 1870 825 extrema
1889 758 2079 823 verba
2106 781 2212 822 ex-

527 864 705 930 tremi
745 864 890 929 libri
921 863 1257 928 Plotiniani
1291 862 1399 947 (de
1442 886 1572 950 quo
1614 885 1805 950 supra
1846 860 2209 946 monitum),

528 990 649 1032 non
677 966 910 1055 poteris
935 989 1059 1031 non
1090 966 1389 1054 profiteri,
1419 965 1858 1054 philosophum
1899 965 2068 1029 hunc
2097 988 2208 1028 us-

527 1091 902 1156 quequaque
930 1067 1048 1132 sibi
1075 1067 1435 1144 constitisse,
1464 1067 1804 1154 eademque
1846 1066 2030 1154 plane
2072 1088 2210 1130 sen-

530 1172 781 1236 tientem
809 1185 873 1236 et
899 1170 1205 1235 calamum
1237 1169 1591 1257 deposuisse
1620 1185 1683 1234 et
1715 1169 2004 1233 animam.
2092 1171 2214 1233 Est

529 1274 693 1338 enim
735 1273 904 1361 apud
953 1272 1379 1361 Porphyrium
1425 1272 1505 1336 de
1551 1271 1699 1336 Vita
1743 1270 1977 1336 Plotini
2018 1294 2077 1335 c.
2112 1271 2210 1334 II.

530 1400 594 1463 p.
625 1397 725 1462 94.
771 1375 938 1441 hunc
981 1376 1042 1439 in
1091 1375 1227 1462 ipso
1270 1373 1532 1439 articulo
1575 1373 1790 1438 mortis
1831 1371 2213 1438 advenientis

530 1477 870 1541 Eustochio
897 1475 1159 1540 dixisse:
1208 1476 1299 1539 ὅτι
1329 1478 1404 1539 σὲ
1433 1475 1519 1539 ἔτι
1546 1474 1858 1558 περιμένω,
1893 1476 1987 1539 καὶ
2014 1474 2214 1557 φήσας

528 1585 842 1661 πειρᾶσθαι
868 1579 974 1643 τὸν
1006 1581 1071 1642 ἐν
1101 1579 1238 1658 ἡμῖν
1268 1578 1409 1642 θεὸν
1440 1576 1724 1664 (plurimi
1749 1575 1892 1641 libri
1920 1591 1985 1641 et
2014 1579 2209 1665 Syne-

529 1681 653 1745 sius
680 1682 749 1745 τὸ
780 1683 848 1746 ἑν
871 1682 1010 1762 ἡμῖν
1040 1684 1230 1765 θεῖον)
1264 1681 1511 1763 ἀνάγειν
1539 1679 1684 1762 πρὸς
1717 1680 1785 1743 τὸ
1818 1682 1885 1743 ἐν
1912 1684 1991 1766 τῷ
2035 1682 2213 1744 παντὶ

529 1785 968 1866 θεῖον-ἀφῆκε
1004 1783 1071 1846 τὸ
1108 1787 1355 1862 πνεῦμα.
1447 1785 1605 1861 Quae
1636 1782 1824 1846 verba
1850 1782 1915 1845 in
1945 1783 2212 1870 philoso-

528 1886 693 1973 phiae
741 1884 1332 1950 commendationem
1382 1884 1868 1950 accommodavit
1918 1886 2211 1972 Synesius

531 1988 734 2077 Epist.
765 1989 908 2075 138.
946 1987 1052 2053 sed
1081 1987 1190 2065 ita,
1221 2003 1296 2052 ut
1338 1986 1418 2051 ad
1452 1987 1867 2052 Christianam
1910 1989 2211 2054 rationem

529 2090 879 2179 paullulum
907 2090 1266 2155 immutaret
1292 2115 1306 2153 ε
1358 2091 1581 2172 ἔῤῥωσε
1612 2091 1708 2154 καὶ
1736 2093 2085 2173 φιλοσόφει.
2119 2093 2214 2156 καὶ

529 2194 597 2257 τὸ
646 2196 713 2258 ἐν
758 2198 953 2280 σαυτῷ
1001 2200 1162 2259 θεῖον
1205 2195 1394 2275 ἄναγε
1441 2193 1535 2257 ἐπὶ
1580 2193 1648 2256 τὸ
1689 2196 2069 2276 πρωτόγονον
2101 2196 2211 2277 (al.

530 2298 856 2381 πρόγονον)
878 2302 1056 2362 θεῖον.
1104 2304 1147 2336 “
1173 2294 1324 2360 Vale
1339 2310 1401 2359 et
1429 2294 1892 2382 philosophare:
1931 2311 2018 2375 et,
2040 2296 2212 2384 quod

532 2396 812 2461 divinum
840 2397 903 2461 in
933 2411 995 2462 te
1028 2410 1143 2475 est,
1173 2396 1254 2461 ad
1283 2395 1564 2459 divinum
1606 2395 1765 2460 illud
1807 2397 1957 2461 effer
1997 2397 2210 2484 primi-

531 2498 841 2586 genium.''

1146 2584 1343 2648 LIB.
1407 2585 1611 2649 VIII.

615 2728 683 2793 p.
719 2706 863 2790 136,
888 2719 949 2786 7.
980 2705 1114 2787 περὶ
1143 2707 1247 2767 τοῦ
1273 2703 1409 2767 τίνα
1440 2703 1534 2767 καὶ
1561 2703 1748 2767 πόθεν
1776 2707 1852 2768 τὰ
1874 2704 2045 2789 κακά]
2085 2703 2215 2768 Hic

529 2807 687 2872 liber
724 2818 984 2872 octavus
1012 2822 1075 2870 et
1103 2806 1235 2894 ipse
1262 2805 1342 2870 ad
1372 2819 1681 2869 extremos
1709 2806 2091 2884 referendus,
2112 2818 2214 2870 ut-

530 2925 678 2998 pote
705 2909 825 2974 sub
857 2909 998 2973 vitae
1022 2910 1210 2973 finem
1237 2931 1277 2973 a
1306 2908 1555 2973 Plotino
1584 2908 1850 2996 scriptus
1875 2908 2216 2996 (Porphyr.

532 3011 612 3077 de
662 3013 810 3077 Vita
848 3010 1082 3076 Plotini
1123 3035 1178 3076 c.
1201 3014 1296 3097 6.)
1371 3010 1700 3099 Inscriptio
1748 3024 1980 3092 autem,
2029 3033 2216 3098 quam

536 3112 768 3178 Plotini
795 3113 986 3178 editio
1024 3112 1299 3191 exhibet,
1329 3112 1671 3200 composita
1710 3136 1787 3177 ex
1827 3112 2075 3178 duabus
2104 3128 2217 3194 est,

533 3215 1041 3304 quandoquidem
1089 3214 1154 3278 in
1200 3215 1537 3302 Porphyrii
1588 3214 1724 3280 loco
1767 3214 2023 3280 laudato
2061 3216 2219 3304 legi-

534 3343 673 3384 mus
703 3345 718 3384 :
766 3321 902 3384 τίνα
931 3322 1006 3383 τὰ
1032 3318 1215 3392 κακός
1262 3317 1436 3406 apud
1481 3317 1750 3383 eundem
1790 3333 1996 3383 autem
2027 3319 2222 3385 altero

535 3423 689 3501 loco,
720 3446 776 3487 c.
802 3440 907 3504 24.
952 3424 1138 3486 πόθεν
1183 3425 1257 3486 τὰ
1301 3422 1484 3495 κακά;
1534 3421 1924 3500 Quaestionis,
1969 3446 2113 3509 φια-
2161 3433 2222 3488 et

532 3525 698 3589 unde
738 3526 928 3603 mala,
959 3546 1169 3588 ansam
1214 3547 1291 3588 ex
1333 3523 1470 3611 ipso
1498 3525 1782 3588 Homero
1823 3525 2220 3611 arripuerunt

537 3629 903 3693 Graecorum
932 3626 1307 3715 philosophi,
1333 3626 1625 3689 nimirum
1647 3650 1725 3690 ex
1745 3626 2054 3692 celebrato
2080 3627 2217 3692 loco

536 3729 765 3820 OdySS.
788 3728 867 3795 α’.
895 3750 1002 3816 33.
1037 3732 1101 3808 ἐξ
1127 3727 1323 3809 ἡμέων
1350 3728 1466 3811 γάρ
1497 3737 1650 3810 φασι
1693 3728 1814 3794 κάκ’
1849 3731 2111 3810 ἔμμεναι·
2159 3734 2217 3796 οἶ

537 3837 600 3898 δὲ
629 3835 727 3898 καὶ
755 3834 921 3898 αὐτοὶ
959 3835 1188 3914 σφῇσιν
1217 3832 1650 3911 ἀτασθαλίῃσιν
1686 3830 2017 3914 ὑπέρμορον
2045 3832 2213 3915 ἄλγε’

538 3936 801 4021 ἔχουσιν.
847 3934 1030 4013 Vide,
1057 3947 1132 3998 ut
1158 3933 1277 3998 hoc
1306 3948 1468 4011 utar,
1494 3933 1851 3999 Hieroclem
1874 3934 2045 4022 apud
2079 3936 2216 3999 Sto-

535 4038 741 4102 boeum
795 4036 862 4101 in
919 4037 1180 4123 Eclogg.
1242 4035 1370 4100 eth.
1427 4037 1523 4100 11.
1576 4057 1638 4121 9.
1677 4059 1742 4123 p.
1797 4056 1927 4118 420
1952 4074 2040 4086 —-
2066 4057 2212 4120 422.

537 4142 809 4205 Heeren.
900 4141 1108 4227 Atque
1142 4138 1334 4202 verba
1381 4137 1490 4202 illa
1534 4138 1871 4203 Homerica
1911 4139 2214 4226 quodam-

537 4244 724 4309 modo
748 4243 1195 4330 interpretatur
1222 4240 1622 4305 Democritus
1651 4240 1822 4328 apud
1853 4241 2118 4306 eundern
2148 4266 2215 4332 p.

533 4348 680 4429 408.
712 4359 776 4410 et
820 4346 952 4433 ipse
994 4344 1329 4432 professus,
1377 4351 1420 4383 “
1451 4346 1622 4407 Deos
1658 4343 2015 4408 hominibus
2055 4344 2221 4410 bona

536 4448 743 4514 omnia
775 4464 838 4513 et
874 4446 1021 4511 olim
1064 4460 1127 4511 et
1168 4469 1336 4510 nunc
1380 4446 1676 4534 praebere,
1705 4468 1830 4510 non
1873 4459 2080 4511 tamen
2123 4471 2217 4528 ea,

535 4575 680 4639 quae
720 4548 885 4614 mala
911 4565 976 4614 et
1010 4549 1195 4613 noxia
1239 4562 1301 4613 et
1348 4547 1593 4612 inutilia
1634 4561 1812 4613 sunt:
1862 4551 2023 4614 Haec
2049 4551 2220 4615 Deos

537 4677 647 4719 nec
689 4652 837 4718 olim
878 4674 989 4717 nec
1027 4674 1196 4716 nunc
1233 4651 1588 4715 hominibus
1630 4650 1862 4738 largiri,
1904 4652 2010 4716 sed
2054 4652 2219 4740 ipsos

537 4755 669 4821 haec
689 4778 802 4843 per
819 4753 1041 4819 mentis
1064 4754 1399 4819 caecitatem
1424 4767 1488 4818 et
1506 4752 1919 4840 ignorantiam
1940 4754 2056 4819 sibi
2077 4779 2219 4821 con·

537 4858 802 4923 ciliasess'
847 4857 1021 4921 Huic
1050 4855 1369 4921 sententias
1393 4855 1681 4920 universe
1710 4879 1884 4920 suam
1920 4857 2219 4924 rationem

537 4957 1023 5026 accommodavit
1051 4958 1258 5036 Plato,
1279 4958 1551 5046 graviter
1571 4973 1792 5024 notans
1819 4967 2061 5047 poi-itas,
2084 4963 2220 5025 Ho-

537 5086 801 5142 merum,
843 5060 1236 5150 AEschylum,
1276 5061 1387 5148 qui
1423 5060 1800 5148 quaudoque
1842 5062 2219 5128 contrarium

535 5168 738 5233 dicere
796 5164 1175 5243 viderentur,
1226 5162 1625 5251 addensque:
1674 5170 1865 5229 κακῶν
1909 5168 1975 5228 δὲ
2032 5168 2220 5230 αἴτιον

539 5270 724 5353 φάναι
746 5269 885 5332 θεόν
911 5292 1025 5331 τινι
1052 5268 1367 5349 γίγνεσθαι
1394 5264 1621 5348 ἀγαθὸν
1643 5268 1806 5341 ὄντα,
1831 5267 2218 5350 διαμαχετέον

539 5372 712 5437 παντὶ
747 5371 944 5454 τρόπῳ
975 5397 1031 5433 κ.
1057 5394 1109 5433 τ.
1132 5377 1195 5432 λ.
1243 5369 1352 5451 (de
1398 5370 1566 5456 Rep.
1602 5370 1693 5433 11.
1735 5391 1804 5456 p.
1834 5384 1984 5453 379.
2030 5391 2120 5457 sq.
2149 5394 2218 5458 p.

541 5490 853 5559 97—100.
887 5469 1116 5551 Bekk.)
1212 5470 1335 5535 Sed
1365 5493 1561 5557 quum
1593 5470 1842 5536 divinus
1882 5470 1983 5535 ille
2019 5472 2219 5560 philo-

542 5575 773 5664 sophus
789 5596 913 5638 non
940 5572 1324 5661 acquiescere
1338 5587 1545 5661 posset
1572 5586 1699 5638 tam
1727 5573 1845 5661 piis
1874 5573 2216 5661 priscorum

638 5683 827 5735 VOL.
866 5682 990 5735 111.

3895 592 3974 675 65

2295 758 2642 838 hominum,
2691 773 2763 823 ut
2810 758 3172 833 Democriti,
3223 758 3442 837 effatiS,
3488 758 3596 823 sed
3638 759 3825 826 altius
3871 759 3978 824 de-

2296 860 2613 926 scenderet
2641 861 2705 926 in
2734 862 2931 950 ipsius
2961 860 3107 926 mali
3134 861 3433 948 originem
3464 861 3976 949 investigandam,

2296 964 2521 1052 saepius
2564 964 2630 1029 in
2673 964 2934 1053 dialogis
2962 964 3089 1029 suis
3126 964 3206 1029 ad
3243 965 3412 1029 hunc
3440 964 3976 1051 impeditissimum

2293 1067 2700 1156 philosophiae
2730 1067 2934 1132 locum
2965 1068 3169 1147 rediit,
3191 1081 3262 1132 ut
3288 1068 3355 1131 in
3384 1068 3713 1132 Theaeteto
3739 1091 3806 1155 p.
3836 1070 3975 1153 176.

2296 1194 2354 1234 a.
2384 1170 2444 1235 b.
2494 1170 2758 1235 Politico
2785 1194 2851 1258 p.
2879 1185 3020 1256 273.
3059 1170 3159 1252 (cf.
3186 1171 3362 1235 Stob.
3393 1169 3660 1257 Eclogg.
3691 1171 3789 1234 ΙΙ.
3822 1191 3885 1255 9.
3912 1194 3977 1258 p.

2295 1291 2444 1354 422.
2480 1275 2641 1359 sqq.)
2705 1273 2952 1338 Timaeo
2993 1297 3063 1362 p.
3086 1293 3189 1355 41.
3224 1297 3317 1360 sq.
3407 1276 3581 1352 Quos
3619 1272 3783 1337 locos
3817 1272 3984 1337 infra

2296 1375 2377 1439 ad
2409 1374 2743 1439 Plotiniani
2772 1375 2964 1462 hujus
3007 1375 3146 1440 libri
3185 1399 3365 1463 capp.
3397 1395 3457 1442 2.
3491 1400 3624 1463 sqq.
3672 1375 3982 1463 sigillatim

2296 1477 2762 1542 adhibebimus:
2811 1477 2910 1543 hic
2937 1478 3001 1542 in
3032 1479 3334 1565 prooemio
3363 1501 3487 1543 non
3531 1478 3798 1543 alienum
3843 1478 3981 1558 erit,

2297 1594 2360 1644 et
2382 1579 2736 1644 Aristotelis
2758 1579 3150 1645 admonuisse
3172 1596 3235 1644 et
3256 1580 3598 1645 Plutarchi.
3677 1579 3797 1645 Ille
3819 1581 3985 1645 enim

2296 1680 2362 1744 in
2404 1680 2858 1769 Metaphysicis
2901 1683 3072 1746 XII.
3118 1706 3180 1770 p.
3210 1701 3352 1766 209.
3386 1706 3479 1769 sq.
3525 1681 3700 1771 Sylb.
3748 1705 3815 1769 p.
3839 1683 3981 1768 256.

2298 1786 2585 1851 BrandiS.
2605 1801 2667 1851 et
2699 1789 2890 1852 XIV.
2924 1811 2990 1875 p.
3019 1804 3163 1869 247.
3192 1786 3369 1873 Sylb.
3389 1810 3453 1873 p.
3480 1805 3630 1871 302.
3664 1787 3775 1849 ΒΓ.
3805 1809 3987 1873 supe-

2295 1887 2528 1953 riorum
2561 1889 2890 1954 sententias
2918 1888 3427 1977 philosophorum
3459 1889 3538 1952 de
3564 1887 3727 1952 malo
3755 1887 3984 1974 attigit.

2298 1991 2678 2056 Plutarchus
2707 2015 2876 2069 vero,
2906 2006 3311 2079 posteaquam
3342 1993 3759 2067 Zoroastrem,
3792 1989 3985 2056 Chal-

2296 2093 2487 2173 daeos,
2547 2093 2995 2181 Pythagoram,
3049 2097 3515 2181 Anaxagoram,
3568 2092 3984 2172 Heraclitum,

2295 2195 2765 2282 Empedoclem,
2815 2195 3139 2259 Platonem
3187 2210 3375 2282 atque
3414 2193 3803 2260 Aristotelem
3856 2195 3987 2259 duo

2297 2299 2574 2384 sejuncta
2606 2297 2670 2361 in
2710 2297 2949 2362 mundo
3001 2297 3304 2385 principia
3347 2297 3510 2362 Boni
3555 2296 3840 2383 Malique
3868 2320 3986 2383 po·

2298 2400 2488 2464 suisse
2528 2400 2929 2465 contenderat
2979 2399 3083 2484 (de
3115 2399 3267 2464 Isid.
3300 2414 3364 2464 et
3394 2399 3559 2464 Osir.
3612 2422 3677 2486 p.
3708 2402 3854 2485 369.
3904 2399 3985 2463 ad

2296 2525 2486 2589 quem
2513 2502 2719 2567 locum
2735 2502 3156 2588 cf.Wyttenb.
3179 2500 3559 2566 Animadvv.
3587 2525 3653 2589 p.
3685 2521 3831 2587 234.
3858 2505 3981 2589 sq.)

2298 2605 2419 2669 alio
2459 2605 2595 2670 loco
2645 2605 2747 2688 (de
2775 2604 3152 2668 Animarum
3193 2618 3496 2692 procreat.
3523 2604 3590 2667 in
3638 2604 3886 2668 Timaeo
3914 2628 3985 2692 p.

2307 2724 2487 2792 1015.
2538 2709 2807 2773 B.C.D.
2857 2729 2920 2792 p.
2957 2726 3101 2793 133.
3155 2730 3248 2793 sq.
3300 2705 3536 2793 Wytt.)
3593 2705 3728 2770 haec
3771 2707 3982 2794 ponit:

2301 2808 2501 2873 Ἀλλὰ
2528 2807 2704 2873 ταύτὸ
2734 2809 2995 2873 Πλάτων
3025 2809 3131 2872 οὐκ
3171 2809 3356 2872 ἔπαθε
3393 2814 3515 2875 τοῖς
3550 2810 3823 2890 ὕστερον,
3854 2810 3989 2873 οὐδὲ

2302 2910 2582 2994 παριδὼν,
2619 2913 2695 2979 ὦς
2734 2915 2969 2990 ἐκεῖνοι,
3015 2911 3122 2990 τὴν
3163 2911 3380 2990 μεταξὺ
3421 2914 3523 2989 τῆς
3564 2913 3707 2990 ὕλης
3750 2912 3845 2975 καὶ
3886 2915 3992 2975 τοῦ

2306 3018 2445 3078 θεοῦ
2470 3014 2669 3096 τρίτην
2697 3013 2886 3097 ἀρχὴν
2916 3016 3011 3078 καὶ
3039 3016 3304 3093 δύναμιν,
3333 3010 3612 3093 ὑπέμεινε
3645 3019 3762 3076 τῶν
3789 3015 3990 3095 λόγων

2305 3113 2409 3180 τὸν
2439 3118 2838 3194 ἀτοπότατον,
2869 3118 3203 3180 ἐπεισόδιον
3233 3116 3337 3180 οὐκ
3367 3115 3498 3179 οἶδα
3526 3117 3682 3184 ὅπως
3707 3119 3991 3180 ποιοῦντα

2305 3218 2413 3297 τὴν
2450 3224 2568 3283 τῶν
2607 3225 2797 3283 κακῶν
2841 3220 3027 3300 φύσιν
3070 3217 3168 3282 ἀπ’
3202 3217 3530 3297 αὐτομάτου
3571 3221 3718 3282 κατὰ
3757 3226 3988 3298 συμβε-

2304 3321 2668 3402 βηκός.-Ὁ
2693 3324 2758 3387 δὲ
2780 3322 3041 3385 Πλάτων
3061 3323 3173 3404 οὐχ
3201 3323 3399 3388 οὕτως·
3435 3322 3596 3385 ἀλλα
3623 3321 3730 3400 τήν
3749 3347 3821 3404 γε
3841 3324 3991 3402 ὕλην

2307 3428 2591 3508 διαφορᾶς
2620 3425 2852 3505 ἀπάσης
2880 3424 3300 3501 ἀπαλλάττων,
3332 3423 3427 3486 καὶ
3455 3427 3560 3486 τοῦ
3588 3427 3727 3486 θεοῦ
3745 3423 3853 3501 τὴν
3873 3430 3992 3488 τῶν

2308 3532 2497 3590 κακῶν
2541 3529 2736 3591 αἰτίαν
2786 3526 3069 3591 ἀπωτάτω
3114 3524 3438 3605 τιθέμενος,
3483 3529 3667 3588 ταῦτα
3707 3525 3842 3608 περὶ
3884 3530 3990 3588 τοῦ

2309 3630 2530 3708 κόσμου
2558 3628 2868 3712 γέγραφεν
2899 3631 2966 3692 ἐν
2993 3632 3073 3713 τῷ
3106 3631 3424 3712 Πολιτικῷ,
3461 3637 3499 3660 “
3531 3629 3710 3707 Παρὰ
3735 3629 3847 3705 μὲν
3873 3631 3990 3709 γὰρ

2301 3736 2406 3795 τοῦ
2433 3730 2745 3810 ξυνθέντος
2777 3731 2973 3795 πάντα
2999 3733 3075 3794 τὰ
3104 3732 3259 3793 καλᾶ
3283 3726 3581 3808 κέκτηται”
3617 3755 3666 3791 κ.
3685 3753 3734 3791 τ.
3755 3736 3815 3792 λ.
3868 3729 3988 3810 (se-

2301 3832 2518 3919 quitur
2543 3832 2716 3898 locus
2743 3831 3011 3910 Politici,
3040 3854 3228 3918 quem
3260 3853 3451 3918 supra
3478 3829 3841 3904 citavimus:
3877 3831 3987 3896 ubi

2302 3958 2511 3999 veram
2541 3935 2887 4012 lectionem,
2919 3948 3084 3998 recte
3112 3956 3149 3997 a
3180 3931 3469 3998 Bekkero
3496 3931 3843 3997 restitutam
3873 3956 3989 4021 pro

2300 4051 2598 4124 corrupto
2649 4036 2950 4117 κέκληται,
2996 4035 3181 4100 etiam
3233 4034 3510 4123 agnoscit
3554 4035 3984 4122 praestantissi-

2303 4163 2444 4204 mus
2470 4140 2690 4205 Codex
2712 4137 3088 4204 Bodleianus
3106 4136 3343 4203 Clarkii
3363 4141 3410 4223 z)
3439 4146 3483 4177 “
3505 4139 3820 4202 Caeterum
3840 4137 3987 4202 Pla-

2307 4241 2436 4308 toni
2465 4265 2592 4307 non
2620 4241 2844 4308 accidit
2872 4241 3037 4306 idem
3077 4240 3250 4328 quod
3291 4239 3753 4327 posterioribuS,
3786 4263 3988 4327 neque

2307 4345 2605 4432 neglecta,
2652 4345 2824 4432 quod
2866 4344 2965 4409 his
3004 4367 3126 4408 usu
3155 4343 3346 4421 venit,
3379 4343 3561 4407 tertia
3587 4342 3882 4408 facultate
3923 4359 3987 4409 et

2306 4446 2628 4534 principiO,
2659 4446 2832 4534 quod
2860 4446 3021 4511 inter
3049 4445 3366 4510 materiam
3397 4458 3458 4508 et
3500 4446 3712 4509 Deum
3742 4458 3833 4508 est
3863 4468 3989 4510 me-

2304 4549 2408 4614 dio
2450 4550 2605 4629 locO,
2634 4548 2881 4613 admisit
2924 4548 3434 4613 absurdissimum
3475 4545 3635 4612 illud
3676 4570 3987 4614 commen-

2305 4666 2463 4730 tum,
2499 4652 2697 4739 quod,
2728 4651 2932 4716 nescio
2972 4650 3308 4738 quomod0,
3353 4649 3658 4714 malorum
3702 4664 3988 4716 naturam

2303 4754 2553 4819 aliunde
2596 4754 2909 4843 irrepsisse
2944 4777 3056 4842 per
3097 4752 3379 4818 accidens
3422 4767 3485 4817 et
3528 4775 3674 4816 casu
3700 4753 3989 4839 fingit.—

2306 4859 2368 4921 N
2371 4881 2451 4922 on
2480 4857 2568 4922 ita
2596 4857 2798 4922 Plato,
2894 4857 3017 4922 Sed
3048 4880 3191 4921 cum
3223 4855 3540 4920 materiam
3573 4855 3744 4919 omni
3773 4855 3988 4920 discri-

2304 4959 2470 5024 mine
2489 4959 2829 5037 liberasset,
2839 4960 3177 5045 Deumque
3193 4982 3231 5022 a
3248 4957 3551 5022 malorum
3568 4980 3783 5022 caussa
3799 4982 3988 5045 quam

2304 5061 2656 5151 longissime
2685 5062 3063 5141 collocasset,
3086 5062 3221 5126 haec
3251 5060 3315 5124 in
3349 5059 3614 5125 Politico
3642 5061 3882 5148 scripsit
3910 5061 3988 5125 de

2306 5166 2580 5230 mundo:
2631 5176 2650 5205 ‘
2685 5168 2754 5230 Is
2792 5165 2956 5229 enim
2987 5165 3067 5229 ab
3109 5188 3205 5243 eo,
3242 5164 3354 5250 qui
3380 5163 3588 5251 ipsum
3618 5162 3985 5250 composuit,

2304 5268 2512 5333 omnia
2540 5285 2635 5334 est
2668 5268 2935 5357 adeptus
2976 5268 3177 5332 bona.'
3199 5267 3236 5296 ''
3281 5268 3486 5344 Quem
3524 5265 3730 5330 locum
3769 5265 3857 5328 ita
3884 5288 3987 5329 ac·-

2305 5371 2471 5458 cepit
2518 5371 2940 5436 Cudworthus
2982 5370 3047 5434 in
3090 5372 3256 5457 Syst.
3298 5369 3494 5434 intell.
3529 5368 3700 5432 univ.
3736 5368 3851 5431 IV.
3886 5388 3986 5454 13.

2303 5496 2366 5561 p.
2393 5474 2536 5558 236.
2572 5496 2706 5560 sqq.
2736 5473 2948 5537 Mosh.
2977 5472 3327 5551 Platonem,
3350 5494 3428 5535 ex
3462 5468 3778 5534 Plutarchi
3798 5493 3993 5557 prava

2303 5576 2826 5662 interpretatione,
2863 5575 3110 5639 Malum
3150 5573 3431 5638 retulisse
3459 5570 3539 5636 ad
3570 5571 3838 5637 animam
3883 5597 3991 5639 seu

2356 5685 2410 5735 Κ
