<?xml version="1.0" encoding="UTF-8"?>
<!DOCTYPE html PUBLIC "-//W3C//DTD XHTML 1.0 Transitional//EN"
    "http://www.w3.org/TR/xhtml1/DTD/xhtml1-transitional.dtd">
<html xmlns="http://www.w3.org/1999/xhtml" xml:lang="en" lang="en">
 <head>
  <title>
</title>
<meta http-equiv="Content-Type" content="text/html;charset=utf-8" />
  <meta name='ocr-system' content='tesseract 3.04.00' />
  <meta name='ocr-capabilities' content='ocr_page ocr_carea ocr_par ocr_line ocrx_word'/>
</head>
<body>
  <div class='ocr_page' id='page_1' title='image "./plotinioperaomn00chumgoog_0267.png"; bbox 0 0 5118 6613; ppageno 0'>
   <div class='ocr_carea' id='block_1_1' title="bbox 1277 550 3249 638">
    <p class='ocr_par' dir='ltr' id='par_1_1' title="bbox 1277 550 3249 638">
     <span class='ocr_line' id='line_1_1' title="bbox 1277 550 3249 638; baseline 0 -24"><span class='ocrx_word' id='word_1_1' title='bbox 1277 550 1472 615; x_wconf 90' lang='lat' dir='ltr'><strong>LIB.</strong></span> <span class='ocrx_word' id='word_1_2' title='bbox 1519 550 1716 614; x_wconf 87' lang='lat' dir='ltr'><strong>VIII.</strong></span> <span class='ocrx_word' id='word_1_3' title='bbox 1762 550 2219 616; x_wconf 88' lang='lat' dir='ltr'><strong>ENNEAD.</strong></span> <span class='ocrx_word' id='word_1_4' title='bbox 2266 551 2751 630; x_wconf 83' lang='lat' dir='ltr'><strong>QUARTAE.</strong></span> <span class='ocrx_word' id='word_1_5' title='bbox 2798 574 2857 638; x_wconf 87' lang='lat' dir='ltr'><strong>p.</strong></span> <span class='ocrx_word' id='word_1_6' title='bbox 2891 550 3249 636; x_wconf 85' lang='lat'><strong>873—876.</strong></span> 
     </span>
    </p>
   </div>
   <div class='ocr_carea' id='block_1_2' title="bbox 525 722 2221 5540">
    <p class='ocr_par' dir='ltr' id='par_1_2' title="bbox 525 722 2221 3691">
     <span class='ocr_line' id='line_1_2' title="bbox 527 722 2221 810; baseline -0.003 -19"><span class='ocrx_word' id='word_1_7' title='bbox 527 728 666 793; x_wconf 88' lang='lat' dir='ltr'><strong>loco</strong></span> <span class='ocrx_word' id='word_1_8' title='bbox 709 746 853 791; x_wconf 90' lang='lat' dir='ltr'><strong>cum</strong></span> <span class='ocrx_word' id='word_1_9' title='bbox 898 722 1270 788; x_wconf 85' lang='lat' dir='ltr'><strong>Heindorfio</strong></span> <span class='ocrx_word' id='word_1_10' title='bbox 1297 722 1499 787; x_wconf 85' lang='lat' dir='ltr'><strong>facere</strong></span> <span class='ocrx_word' id='word_1_11' title='bbox 1537 729 1624 810; x_wconf 91' lang='lat' dir='ltr'><strong>(p.</strong></span> <span class='ocrx_word' id='word_1_12' title='bbox 1652 724 1808 804; x_wconf 91' lang='lat'><strong>26.),</strong></span> <span class='ocrx_word' id='word_1_13' title='bbox 1843 745 2032 809; x_wconf 86' lang='lat' dir='ltr'><strong>quam</strong></span> <span class='ocrx_word' id='word_1_14' title='bbox 2076 745 2221 786; x_wconf 90' lang='lat' dir='ltr'><strong>cum</strong></span> 
     </span>
     <span class='ocr_line' id='line_1_3' title="bbox 531 825 2217 919; baseline -0.005 -22"><span class='ocrx_word' id='word_1_15' title='bbox 531 827 1046 919; x_wconf 85' lang='lat' dir='ltr'><strong>Wyttenbachio,</strong></span> <span class='ocrx_word' id='word_1_16' title='bbox 1105 849 1306 914; x_wconf 88' lang='lat' dir='ltr'><strong>neque</strong></span> <span class='ocrx_word' id='word_1_17' title='bbox 1345 826 1577 891; x_wconf 90' lang='lat' dir='ltr'><strong>Plotini</strong></span> <span class='ocrx_word' id='word_1_18' title='bbox 1611 825 1802 891; x_wconf 86' lang='lat' dir='ltr'><strong>verba</strong></span> <span class='ocrx_word' id='word_1_19' title='bbox 1842 826 2020 890; x_wconf 89' lang='lat' dir='ltr'><strong>aliter</strong></span> <span class='ocrx_word' id='word_1_20' title='bbox 2060 825 2217 890; x_wconf 90' lang='lat' dir='ltr'><strong>acci-</strong></span> 
     </span>
     <span class='ocr_line' id='line_1_4' title="bbox 529 926 2214 1021; baseline -0.004 -24"><span class='ocrx_word' id='word_1_21' title='bbox 529 933 758 1021; x_wconf 87' lang='lat' dir='ltr'><strong>pienda</strong></span> <span class='ocrx_word' id='word_1_22' title='bbox 800 953 961 1008; x_wconf 88' lang='lat' dir='ltr'><strong>reor,</strong></span> <span class='ocrx_word' id='word_1_23' title='bbox 1001 928 1129 993; x_wconf 87' lang='lat' dir='ltr'><strong>sive</strong></span> <span class='ocrx_word' id='word_1_24' title='bbox 1173 928 1464 1014; x_wconf 89' lang='lat' dir='ltr'><strong>mysteria</strong></span> <span class='ocrx_word' id='word_1_25' title='bbox 1505 927 1738 1015; x_wconf 83' lang='lat' dir='ltr'>cogites</span> <span class='ocrx_word' id='word_1_26' title='bbox 1773 928 1899 991; x_wconf 87' lang='lat' dir='ltr'><strong>sive</strong></span> <span class='ocrx_word' id='word_1_27' title='bbox 1945 926 2214 1004; x_wconf 87' lang='lat' dir='ltr'><strong>oracula,</strong></span> 
     </span>
     <span class='ocr_line' id='line_1_5' title="bbox 533 1030 2212 1122; baseline -0.005 -20"><span class='ocrx_word' id='word_1_28' title='bbox 533 1054 604 1102; x_wconf 91' lang='lat' dir='ltr'><strong>ut</strong></span> <span class='ocrx_word' id='word_1_29' title='bbox 631 1034 868 1122; x_wconf 85' lang='lat' dir='ltr'><strong>accepit</strong></span> <span class='ocrx_word' id='word_1_30' title='bbox 890 1056 963 1097; x_wconf 88' lang='lat' dir='ltr'><strong>ea</strong></span> <span class='ocrx_word' id='word_1_31' title='bbox 982 1032 1171 1095; x_wconf 87' lang='lat' dir='ltr'><strong>verba</strong></span> <span class='ocrx_word' id='word_1_32' title='bbox 1194 1031 1471 1095; x_wconf 79' lang='lat' dir='ltr'><strong>FicinuS.</strong></span> <span class='ocrx_word' id='word_1_33' title='bbox 1552 1030 1750 1117; x_wconf 90' lang='lat' dir='ltr'>Apud</span> <span class='ocrx_word' id='word_1_34' title='bbox 1772 1031 2212 1118; x_wconf 83' lang='lat' dir='ltr'><strong>Wyttenbach.</strong></span> 
     </span>
     <span class='ocr_line' id='line_1_6' title="bbox 528 1132 2215 1225; baseline -0.003 -22"><span class='ocrx_word' id='word_1_35' title='bbox 528 1139 567 1203; x_wconf 89' lang='lat' dir='ltr'><strong>l.</strong></span> <span class='ocrx_word' id='word_1_36' title='bbox 595 1139 638 1203; x_wconf 94' lang='lat' dir='ltr'><strong>l.</strong></span> <span class='ocrx_word' id='word_1_37' title='bbox 671 1158 999 1225; x_wconf 89' lang='lat' dir='ltr'><strong>operarum</strong></span> <span class='ocrx_word' id='word_1_38' title='bbox 1032 1134 1199 1199; x_wconf 88' lang='lat' dir='ltr'><strong>haud</strong></span> <span class='ocrx_word' id='word_1_39' title='bbox 1224 1133 1414 1198; x_wconf 91' lang='lat' dir='ltr'><strong>dubie</strong></span> <span class='ocrx_word' id='word_1_40' title='bbox 1434 1132 1585 1198; x_wconf 88' lang='lat' dir='ltr'><strong>vitio</strong></span> <span class='ocrx_word' id='word_1_41' title='bbox 1605 1133 1836 1198; x_wconf 82' lang='lat' dir='ltr'>excidit</span> <span class='ocrx_word' id='word_1_42' title='bbox 1863 1135 2054 1216; x_wconf 88' lang='grc' dir='ltr'>λόγον</span> <span class='ocrx_word' id='word_1_43' title='bbox 2076 1150 2215 1220; x_wconf 86' lang='lat' dir='ltr'><strong>post</strong></span> 
     </span>
     <span class='ocr_line' id='line_1_7' title="bbox 529 1235 2210 1325; baseline -0.004 -18"><span class='ocrx_word' id='word_1_44' title='bbox 529 1245 862 1325; x_wconf 88' lang='grc' dir='ltr'>λεγόμενον</span> <span class='ocrx_word' id='word_1_45' title='bbox 889 1240 952 1303; x_wconf 90' lang='lat' dir='ltr'><strong>in</strong></span> <span class='ocrx_word' id='word_1_46' title='bbox 996 1238 1201 1303; x_wconf 87' lang='lat' dir='ltr'><strong>verbis</strong></span> <span class='ocrx_word' id='word_1_47' title='bbox 1241 1236 1784 1302; x_wconf 87' lang='lat' dir='ltr'><strong>Plotini.—Addit</strong></span> <span class='ocrx_word' id='word_1_48' title='bbox 1827 1235 1927 1300; x_wconf 90' lang='lat' dir='ltr'><strong>hic</strong></span> <span class='ocrx_word' id='word_1_49' title='bbox 1971 1252 2210 1301; x_wconf 86' lang='lat' dir='ltr'><strong>noster:</strong></span> 
     </span>
     <span class='ocr_line' id='line_1_8' title="bbox 530 1339 2216 1428; baseline -0.005 -18"><span class='ocrx_word' id='word_1_50' title='bbox 530 1350 624 1410; x_wconf 80' lang='grc' dir='ltr'><strong>καὶ</strong></span> <span class='ocrx_word' id='word_1_51' title='bbox 653 1345 722 1409; x_wconf 80' lang='grc' dir='ltr'>τὸ</span> <span class='ocrx_word' id='word_1_52' title='bbox 745 1343 1042 1423; x_wconf 83' lang='grc' dir='ltr'>σπήλαιον</span> <span class='ocrx_word' id='word_1_53' title='bbox 1065 1342 1238 1428; x_wconf 73' lang='grc' dir='ltr'>αὐτῷ,</span> <span class='ocrx_word' id='word_1_54' title='bbox 1259 1343 1460 1423; x_wconf 83' lang='grc' dir='ltr'>ὥσπερ</span> <span class='ocrx_word' id='word_1_55' title='bbox 1483 1340 1882 1420; x_wconf 80' lang='grc' dir='ltr'>Ἐμπεδοκλεῖ</span> <span class='ocrx_word' id='word_1_56' title='bbox 1904 1339 1971 1403; x_wconf 87' lang='grc' dir='ltr'>τὸ</span> <span class='ocrx_word' id='word_1_57' title='bbox 2001 1341 2216 1421; x_wconf 78' lang='grc' dir='ltr'>ἄντρον</span> 
     </span>
     <span class='ocr_line' id='line_1_9' title="bbox 530 1441 2214 1532; baseline -0.004 -18"><span class='ocrx_word' id='word_1_58' title='bbox 530 1479 578 1514; x_wconf 92' lang='grc' dir='ltr'>κ.</span> <span class='ocrx_word' id='word_1_59' title='bbox 605 1457 737 1512; x_wconf 80' lang='grc' dir='ltr'>τ.λ.</span> <span class='ocrx_word' id='word_1_60' title='bbox 833 1445 1223 1532; x_wconf 80' lang='lat' dir='ltr'>Porphyrius</span> <span class='ocrx_word' id='word_1_61' title='bbox 1278 1443 1357 1507; x_wconf 89' lang='lat' dir='ltr'><strong>de</strong></span> <span class='ocrx_word' id='word_1_62' title='bbox 1417 1447 1626 1507; x_wconf 87' lang='lat' dir='ltr'><strong>Antro</strong></span> <span class='ocrx_word' id='word_1_63' title='bbox 1673 1441 2112 1528; x_wconf 81' lang='lat' dir='ltr'><strong>Nympharum</strong></span> <span class='ocrx_word' id='word_1_64' title='bbox 2159 1466 2214 1508; x_wconf 90' lang='lat' dir='ltr'><strong>c.</strong></span> 
     </span>
     <span class='ocr_line' id='line_1_10' title="bbox 531 1541 2213 1637; baseline -0.004 -21"><span class='ocrx_word' id='word_1_65' title='bbox 531 1551 736 1616; x_wconf 87' lang='lat' dir='ltr'><strong>VIII.</strong></span> <span class='ocrx_word' id='word_1_66' title='bbox 770 1573 832 1637; x_wconf 90' lang='lat' dir='ltr'><strong>p.</strong></span> <span class='ocrx_word' id='word_1_67' title='bbox 860 1570 922 1632; x_wconf 88' lang='lat'><strong>9.</strong></span> <span class='ocrx_word' id='word_1_68' title='bbox 958 1549 1204 1612; x_wconf 86' lang='lat' dir='ltr'><strong>Goens:</strong></span> <span class='ocrx_word' id='word_1_69' title='bbox 1251 1544 1391 1627; x_wconf 84' lang='grc' dir='ltr'><strong>Ἀφ’</strong></span> <span class='ocrx_word' id='word_1_70' title='bbox 1441 1547 1523 1609; x_wconf 84' lang='grc' dir='ltr'><strong>ὧν</strong></span> <span class='ocrx_word' id='word_1_71' title='bbox 1570 1545 1730 1625; x_wconf 82' lang='grc' dir='ltr'>οἶμαι</span> <span class='ocrx_word' id='word_1_72' title='bbox 1778 1541 2103 1626; x_wconf 76' lang='grc' dir='ltr'>ὁρμώμενοι</span> <span class='ocrx_word' id='word_1_73' title='bbox 2156 1548 2213 1609; x_wconf 79' lang='grc' dir='ltr'>οἱ</span> 
     </span>
     <span class='ocr_line' id='line_1_11' title="bbox 534 1647 2213 1736; baseline -0.005 -17"><span class='ocrx_word' id='word_1_74' title='bbox 534 1655 929 1736; x_wconf 84' lang='grc' dir='ltr'>Πυθαγόρειοι</span> <span class='ocrx_word' id='word_1_75' title='bbox 970 1651 1064 1715; x_wconf 88' lang='grc' dir='ltr'><strong>καὶ</strong></span> <span class='ocrx_word' id='word_1_76' title='bbox 1104 1653 1253 1729; x_wconf 76' lang='grc' dir='ltr'>μετὰ</span> <span class='ocrx_word' id='word_1_77' title='bbox 1295 1651 1532 1715; x_wconf 75' lang='grc' dir='ltr'>τούτους</span> <span class='ocrx_word' id='word_1_78' title='bbox 1567 1647 1829 1712; x_wconf 80' lang='grc' dir='ltr'>Πλάτων</span> <span class='ocrx_word' id='word_1_79' title='bbox 1872 1649 2089 1729; x_wconf 81' lang='grc' dir='ltr'>ἄντρον</span> <span class='ocrx_word' id='word_1_80' title='bbox 2119 1649 2213 1712; x_wconf 87' lang='grc' dir='ltr'><strong>καὶ</strong></span> 
     </span>
     <span class='ocr_line' id='line_1_12' title="bbox 527 1750 2213 1837; baseline -0.005 -16"><span class='ocrx_word' id='word_1_81' title='bbox 527 1756 824 1837; x_wconf 83' lang='grc' dir='ltr'>σπήλαιον</span> <span class='ocrx_word' id='word_1_82' title='bbox 859 1755 966 1819; x_wconf 87' lang='grc' dir='ltr'><strong>τὸν</strong></span> <span class='ocrx_word' id='word_1_83' title='bbox 1024 1756 1248 1834; x_wconf 89' lang='grc' dir='ltr'>κόσμον</span> <span class='ocrx_word' id='word_1_84' title='bbox 1306 1752 1705 1835; x_wconf 74' lang='grc' dir='ltr'>ἀπεφήναντο.</span> <span class='ocrx_word' id='word_1_85' title='bbox 1768 1750 1927 1832; x_wconf 89' lang='grc' dir='ltr'>παρά</span> <span class='ocrx_word' id='word_1_86' title='bbox 1975 1776 2041 1814; x_wconf 89' lang='grc' dir='ltr'><strong>τε</strong></span> <span class='ocrx_word' id='word_1_87' title='bbox 2098 1754 2213 1833; x_wconf 72' lang='grc' dir='ltr'><strong>γὰρ</strong></span> 
     </span>
     <span class='ocr_line' id='line_1_13' title="bbox 525 1847 2213 1941; baseline -0.005 -15"><span class='ocrx_word' id='word_1_88' title='bbox 525 1847 922 1941; x_wconf 79' lang='grc' dir='ltr'>Ἐμπεδοκλεῖ</span> <span class='ocrx_word' id='word_1_89' title='bbox 940 1860 1002 1923; x_wconf 70' lang='grc' dir='ltr'>αἱ</span> <span class='ocrx_word' id='word_1_90' title='bbox 1021 1857 1411 1940; x_wconf 77' lang='grc' dir='ltr'>ψυχοπομποὶ</span> <span class='ocrx_word' id='word_1_91' title='bbox 1439 1854 1710 1935; x_wconf 87' lang='grc' dir='ltr'>δυνάμεις</span> <span class='ocrx_word' id='word_1_92' title='bbox 1734 1852 2040 1935; x_wconf 86' lang='grc' dir='ltr'>λέγουσιν.</span> <span class='ocrx_word' id='word_1_93' title='bbox 2102 1852 2213 1918; x_wconf 86' lang='lat' dir='ltr'><strong>’H-</strong></span> 
     </span>
     <span class='ocr_line' id='line_1_14' title="bbox 527 1956 2210 2043; baseline -0.004 -15"><span class='ocrx_word' id='word_1_94' title='bbox 527 1965 788 2042; x_wconf 80' lang='grc' dir='ltr'>λύθομεν</span> <span class='ocrx_word' id='word_1_95' title='bbox 815 1960 934 2025; x_wconf 88' lang='grc' dir='ltr'>τόδ’</span> <span class='ocrx_word' id='word_1_96' title='bbox 964 1958 1058 2024; x_wconf 80' lang='grc' dir='ltr'>ὑπ’</span> <span class='ocrx_word' id='word_1_97' title='bbox 1090 1961 1305 2041; x_wconf 78' lang='grc' dir='ltr'>ἄντρον</span> <span class='ocrx_word' id='word_1_98' title='bbox 1334 1960 1691 2039; x_wconf 84' lang='grc' dir='ltr'>ὑπόστεγον.</span> <span class='ocrx_word' id='word_1_99' title='bbox 1785 1956 2083 2043; x_wconf 79' lang='lat' dir='ltr'><strong>Sequitur</strong></span> <span class='ocrx_word' id='word_1_100' title='bbox 2122 1957 2210 2021; x_wconf 88' lang='lat' dir='ltr'><strong>lo·</strong></span> 
     </span>
     <span class='ocr_line' id='line_1_15' title="bbox 531 2058 2213 2146; baseline -0.004 -15"><span class='ocrx_word' id='word_1_101' title='bbox 531 2090 642 2132; x_wconf 90' lang='lat' dir='ltr'><strong>cus</strong></span> <span class='ocrx_word' id='word_1_102' title='bbox 673 2063 944 2129; x_wconf 81' lang='lat' dir='ltr'><strong>Platonis</strong></span> <span class='ocrx_word' id='word_1_103' title='bbox 971 2087 1006 2126; x_wconf 89' lang='lat' dir='ltr'><strong>e</strong></span> <span class='ocrx_word' id='word_1_104' title='bbox 1044 2061 1202 2126; x_wconf 89' lang='lat' dir='ltr'><strong>libro</strong></span> <span class='ocrx_word' id='word_1_105' title='bbox 1242 2061 1506 2146; x_wconf 87' lang='lat' dir='ltr'><strong>septimo</strong></span> <span class='ocrx_word' id='word_1_106' title='bbox 1546 2058 1935 2146; x_wconf 84' lang='lat' dir='ltr'><strong>Reipublicae</strong></span> <span class='ocrx_word' id='word_1_107' title='bbox 1975 2083 2037 2146; x_wconf 88' lang='lat' dir='ltr'><strong>p.</strong></span> <span class='ocrx_word' id='word_1_108' title='bbox 2061 2082 2213 2146; x_wconf 84' lang='lat'><strong>514.</strong></span> 
     </span>
     <span class='ocr_line' id='line_1_16' title="bbox 529 2161 2217 2258; baseline -0.002 -25"><span class='ocrx_word' id='word_1_109' title='bbox 529 2195 593 2258; x_wconf 89' lang='lat' dir='ltr'><strong>p.</strong></span> <span class='ocrx_word' id='word_1_110' title='bbox 624 2171 771 2255; x_wconf 85' lang='lat'><strong>326.</strong></span> <span class='ocrx_word' id='word_1_111' title='bbox 829 2164 1027 2230; x_wconf 85' lang='lat' dir='ltr'><strong>Bekk.</strong></span> <span class='ocrx_word' id='word_1_112' title='bbox 1119 2164 1432 2228; x_wconf 83' lang='lat' dir='ltr'><strong>Nimirum</strong></span> <span class='ocrx_word' id='word_1_113' title='bbox 1494 2161 1908 2250; x_wconf 89' lang='lat' dir='ltr'><strong>Empedocles</strong></span> <span class='ocrx_word' id='word_1_114' title='bbox 1952 2162 2217 2230; x_wconf 82' lang='lat' dir='ltr'><strong>docebat</strong></span> 
     </span>
     <span class='ocr_line' id='line_1_17' title="bbox 530 2263 2218 2358; baseline -0.005 -21"><span class='ocrx_word' id='word_1_115' title='bbox 530 2271 610 2337; x_wconf 89' lang='lat' dir='ltr'><strong>ad</strong></span> <span class='ocrx_word' id='word_1_116' title='bbox 655 2292 875 2358; x_wconf 87' lang='lat' dir='ltr'><strong>poenas</strong></span> <span class='ocrx_word' id='word_1_117' title='bbox 929 2265 1294 2331; x_wconf 85' lang='lat' dir='ltr'><strong>delictorum</strong></span> <span class='ocrx_word' id='word_1_118' title='bbox 1349 2263 1607 2328; x_wconf 90' lang='lat' dir='ltr'><strong>luendas</strong></span> <span class='ocrx_word' id='word_1_119' title='bbox 1655 2265 1891 2328; x_wconf 89' lang='lat' dir='ltr'><strong>animas</strong></span> <span class='ocrx_word' id='word_1_120' title='bbox 1936 2288 2048 2353; x_wconf 88' lang='lat' dir='ltr'><strong>per</strong></span> <span class='ocrx_word' id='word_1_121' title='bbox 2098 2264 2218 2330; x_wconf 92' lang='lat' dir='ltr'><strong>ele-</strong></span> 
     </span>
     <span class='ocr_line' id='line_1_18' title="bbox 530 2366 2214 2456; baseline -0.005 -16"><span class='ocrx_word' id='word_1_122' title='bbox 530 2389 739 2439; x_wconf 89' lang='lat' dir='ltr'><strong>menta</strong></span> <span class='ocrx_word' id='word_1_123' title='bbox 765 2372 1053 2436; x_wconf 88' lang='lat' dir='ltr'><strong>deorsum</strong></span> <span class='ocrx_word' id='word_1_124' title='bbox 1084 2367 1262 2456; x_wconf 81' lang='lat' dir='ltr'><strong>quasi</strong></span> <span class='ocrx_word' id='word_1_125' title='bbox 1290 2366 1564 2446; x_wconf 84' lang='lat' dir='ltr'><strong>detrudi,</strong></span> <span class='ocrx_word' id='word_1_126' title='bbox 1591 2366 1656 2431; x_wconf 92' lang='lat' dir='ltr'><strong>in</strong></span> <span class='ocrx_word' id='word_1_127' title='bbox 1686 2366 1853 2432; x_wconf 91' lang='lat' dir='ltr'><strong>hunc</strong></span> <span class='ocrx_word' id='word_1_128' title='bbox 1884 2368 2214 2447; x_wconf 91' lang='lat' dir='ltr'><strong>mundum,</strong></span> 
     </span>
     <span class='ocr_line' id='line_1_19' title="bbox 531 2469 2217 2565; baseline -0.003 -23"><span class='ocrx_word' id='word_1_129' title='bbox 531 2499 714 2565; x_wconf 87' lang='lat' dir='ltr'><strong>quem</strong></span> <span class='ocrx_word' id='word_1_130' title='bbox 761 2477 979 2556; x_wconf 77' lang='grc' dir='ltr'>ἄντρον</span> <span class='ocrx_word' id='word_1_131' title='bbox 1006 2486 1070 2537; x_wconf 92' lang='lat' dir='ltr'><strong>et</strong></span> <span class='ocrx_word' id='word_1_132' title='bbox 1108 2471 1365 2554; x_wconf 81' lang='grc' dir='ltr'>ἀτερπέα</span> <span class='ocrx_word' id='word_1_133' title='bbox 1397 2476 1594 2554; x_wconf 86' lang='grc' dir='ltr'>χῶρον</span> <span class='ocrx_word' id='word_1_134' title='bbox 1640 2485 1702 2535; x_wconf 92' lang='lat' dir='ltr'><strong>et</strong></span> <span class='ocrx_word' id='word_1_135' title='bbox 1737 2469 1922 2552; x_wconf 83' lang='grc' dir='ltr'>Ἀτης</span> <span class='ocrx_word' id='word_1_136' title='bbox 1956 2478 2217 2552; x_wconf 76' lang='grc' dir='ltr'>λειμῶνα</span> 
     </span>
     <span class='ocr_line' id='line_1_20' title="bbox 531 2573 2217 2664; baseline -0.004 -19"><span class='ocrx_word' id='word_1_137' title='bbox 531 2578 810 2655; x_wconf 84' lang='lat' dir='ltr'><strong>vocabat,</strong></span> <span class='ocrx_word' id='word_1_138' title='bbox 863 2575 1157 2664; x_wconf 89' lang='lat' dir='ltr'><strong>quoniam</strong></span> <span class='ocrx_word' id='word_1_139' title='bbox 1216 2574 1279 2637; x_wconf 90' lang='lat' dir='ltr'><strong>in</strong></span> <span class='ocrx_word' id='word_1_140' title='bbox 1340 2574 1456 2636; x_wconf 92' lang='lat' dir='ltr'><strong>hoc</strong></span> <span class='ocrx_word' id='word_1_141' title='bbox 1515 2573 1783 2638; x_wconf 86' lang='lat' dir='ltr'><strong>terrestri</strong></span> <span class='ocrx_word' id='word_1_142' title='bbox 1830 2573 2217 2661; x_wconf 90' lang='lat' dir='ltr'><strong>humidoque</strong></span> 
     </span>
     <span class='ocr_line' id='line_1_21' title="bbox 534 2675 2217 2764; baseline -0.005 -14"><span class='ocrx_word' id='word_1_143' title='bbox 534 2685 667 2750; x_wconf 84' lang='lat' dir='ltr'><strong>loco</strong></span> <span class='ocrx_word' id='word_1_144' title='bbox 705 2680 877 2747; x_wconf 86' lang='lat' dir='ltr'><strong>velut</strong></span> <span class='ocrx_word' id='word_1_145' title='bbox 913 2680 977 2743; x_wconf 89' lang='lat' dir='ltr'><strong>in</strong></span> <span class='ocrx_word' id='word_1_146' title='bbox 1022 2693 1203 2742; x_wconf 84' lang='lat' dir='ltr'><strong>antro</strong></span> <span class='ocrx_word' id='word_1_147' title='bbox 1246 2690 1457 2764; x_wconf 82' lang='lat' dir='ltr'><strong>agant,</strong></span> <span class='ocrx_word' id='word_1_148' title='bbox 1497 2676 1680 2763; x_wconf 87' lang='lat' dir='ltr'><strong>cujus</strong></span> <span class='ocrx_word' id='word_1_149' title='bbox 1722 2675 2217 2742; x_wconf 84' lang='lat' dir='ltr'><strong>exhalationibus</strong></span> 
     </span>
     <span class='ocr_line' id='line_1_22' title="bbox 531 2777 2212 2871; baseline -0.007 -19"><span class='ocrx_word' id='word_1_150' title='bbox 531 2787 658 2852; x_wconf 84' lang='lat' dir='ltr'><strong>alas</strong></span> <span class='ocrx_word' id='word_1_151' title='bbox 708 2808 851 2850; x_wconf 89' lang='lat' dir='ltr'><strong>suas</strong></span> <span class='ocrx_word' id='word_1_152' title='bbox 902 2781 1166 2871; x_wconf 88' lang='lat' dir='ltr'><strong>perdant</strong></span> <span class='ocrx_word' id='word_1_153' title='bbox 1224 2794 1288 2844; x_wconf 91' lang='lat' dir='ltr'><strong>et</strong></span> <span class='ocrx_word' id='word_1_154' title='bbox 1342 2778 1590 2866; x_wconf 89' lang='lat' dir='ltr'><strong>penitus</strong></span> <span class='ocrx_word' id='word_1_155' title='bbox 1635 2777 1926 2843; x_wconf 84' lang='lat' dir='ltr'><strong>labantur</strong></span> <span class='ocrx_word' id='word_1_156' title='bbox 1971 2779 2212 2844; x_wconf 84' lang='lat' dir='ltr'><strong>animae.</strong></span> 
     </span>
     <span class='ocr_line' id='line_1_23' title="bbox 534 2869 2214 2967; baseline -0.005 -13"><span class='ocrx_word' id='word_1_157' title='bbox 534 2888 674 2954; x_wconf 83' lang='lat' dir='ltr'><strong>vid.</strong></span> <span class='ocrx_word' id='word_1_158' title='bbox 699 2869 1052 2952; x_wconf 85' lang='lat' dir='ltr'><strong>Hieroclem</strong></span> <span class='ocrx_word' id='word_1_159' title='bbox 1082 2882 1143 2945; x_wconf 93' lang='lat' dir='ltr'><strong>in</strong></span> <span class='ocrx_word' id='word_1_160' title='bbox 1165 2884 1332 2945; x_wconf 87' lang='lat' dir='ltr'><strong>Aur.</strong></span> <span class='ocrx_word' id='word_1_161' title='bbox 1366 2880 1639 2944; x_wconf 90' lang='lat' dir='ltr'><strong>Carmm.</strong></span> <span class='ocrx_word' id='word_1_162' title='bbox 1678 2880 1949 2967; x_wconf 81' lang='lat' dir='ltr'><strong>Pythag.</strong></span> <span class='ocrx_word' id='word_1_163' title='bbox 1982 2903 2042 2967; x_wconf 93' lang='lat' dir='ltr'><strong>p.</strong></span> <span class='ocrx_word' id='word_1_164' title='bbox 2068 2899 2214 2967; x_wconf 85' lang='lat'><strong>355.</strong></span> 
     </span>
     <span class='ocr_line' id='line_1_24' title="bbox 533 2981 2216 3075; baseline -0.007 -17"><span class='ocrx_word' id='word_1_165' title='bbox 533 3008 595 3058; x_wconf 91' lang='lat' dir='ltr'><strong>et</strong></span> <span class='ocrx_word' id='word_1_166' title='bbox 633 2991 715 3056; x_wconf 89' lang='lat' dir='ltr'><strong>cf.</strong></span> <span class='ocrx_word' id='word_1_167' title='bbox 759 2985 1206 3075; x_wconf 86' lang='lat' dir='ltr'><strong>Wyttenbach.</strong></span> <span class='ocrx_word' id='word_1_168' title='bbox 1249 2983 1328 3049; x_wconf 91' lang='lat' dir='ltr'><strong>ad</strong></span> <span class='ocrx_word' id='word_1_169' title='bbox 1379 2981 1697 3047; x_wconf 88' lang='lat' dir='ltr'><strong>Plutarch.</strong></span> <span class='ocrx_word' id='word_1_170' title='bbox 1732 2982 1813 3047; x_wconf 93' lang='lat' dir='ltr'><strong>de</strong></span> <span class='ocrx_word' id='word_1_171' title='bbox 1855 2985 1916 3047; x_wconf 91' lang='lat' dir='ltr'><strong>S.</strong></span> <span class='ocrx_word' id='word_1_172' title='bbox 1941 2985 2022 3047; x_wconf 94' lang='lat' dir='ltr'><strong>N.</strong></span> <span class='ocrx_word' id='word_1_173' title='bbox 2045 2986 2118 3048; x_wconf 92' lang='lat' dir='ltr'><strong>V.</strong></span> <span class='ocrx_word' id='word_1_174' title='bbox 2151 3008 2216 3072; x_wconf 93' lang='lat' dir='ltr'><strong>p.</strong></span> 
     </span>
     <span class='ocr_line' id='line_1_25' title="bbox 543 3085 2216 3180; baseline -0.005 -21"><span class='ocrx_word' id='word_1_175' title='bbox 543 3114 677 3179; x_wconf 83' lang='lat'><strong>115.</strong></span> <span class='ocrx_word' id='word_1_176' title='bbox 716 3116 782 3180; x_wconf 90' lang='lat' dir='ltr'><strong>p.</strong></span> <span class='ocrx_word' id='word_1_177' title='bbox 810 3094 958 3174; x_wconf 80' lang='lat'><strong>446.</strong></span> <span class='ocrx_word' id='word_1_178' title='bbox 991 3113 1084 3176; x_wconf 92' lang='lat' dir='ltr'><strong>sq.</strong></span> <span class='ocrx_word' id='word_1_179' title='bbox 1130 3089 1341 3152; x_wconf 85' lang='lat' dir='ltr'><strong>Oxon.</strong></span> <span class='ocrx_word' id='word_1_180' title='bbox 1388 3101 1446 3150; x_wconf 92' lang='lat' dir='ltr'><strong>et</strong></span> <span class='ocrx_word' id='word_1_181' title='bbox 1490 3085 1936 3173; x_wconf 86' lang='lat' dir='ltr'><strong>Empedoclem</strong></span> <span class='ocrx_word' id='word_1_182' title='bbox 1985 3087 2216 3152; x_wconf 89' lang='lat' dir='ltr'><strong>Sturzii</strong></span> 
     </span>
     <span class='ocr_line' id='line_1_26' title="bbox 533 3188 2217 3286; baseline -0.004 -24"><span class='ocrx_word' id='word_1_183' title='bbox 533 3222 597 3286; x_wconf 92' lang='lat' dir='ltr'><strong>p.</strong></span> <span class='ocrx_word' id='word_1_184' title='bbox 618 3217 767 3281; x_wconf 82' lang='grc'><strong><em>454.</em></strong></span> <span class='ocrx_word' id='word_1_185' title='bbox 788 3217 922 3280; x_wconf 87' lang='lat' dir='ltr'><strong>sqq.</strong></span> <span class='ocrx_word' id='word_1_186' title='bbox 1001 3190 1231 3256; x_wconf 87' lang='lat' dir='ltr'><strong>Plotini</strong></span> <span class='ocrx_word' id='word_1_187' title='bbox 1253 3188 1446 3254; x_wconf 87' lang='lat' dir='ltr'><strong>nostri</strong></span> <span class='ocrx_word' id='word_1_188' title='bbox 1473 3188 1645 3253; x_wconf 91' lang='lat' dir='ltr'><strong>hunc</strong></span> <span class='ocrx_word' id='word_1_189' title='bbox 1671 3188 1873 3254; x_wconf 91' lang='lat' dir='ltr'><strong>locum</strong></span> <span class='ocrx_word' id='word_1_190' title='bbox 1899 3207 2043 3255; x_wconf 89' lang='lat' dir='ltr'><strong>ante</strong></span> <span class='ocrx_word' id='word_1_191' title='bbox 2071 3214 2217 3255; x_wconf 90' lang='lat' dir='ltr'><strong>ocu-</strong></span> 
     </span>
     <span class='ocr_line' id='line_1_27' title="bbox 532 3292 2214 3367; baseline -0.005 0"><span class='ocrx_word' id='word_1_192' title='bbox 532 3302 621 3367; x_wconf 94' lang='lat' dir='ltr'><strong>los</strong></span> <span class='ocrx_word' id='word_1_193' title='bbox 662 3298 910 3364; x_wconf 86' lang='lat' dir='ltr'><strong>videtur</strong></span> <span class='ocrx_word' id='word_1_194' title='bbox 960 3294 1247 3360; x_wconf 87' lang='lat' dir='ltr'><strong>habuisse</strong></span> <span class='ocrx_word' id='word_1_195' title='bbox 1291 3295 1530 3357; x_wconf 86' lang='lat' dir='ltr'><strong>AEneas</strong></span> <span class='ocrx_word' id='word_1_196' title='bbox 1579 3293 1849 3357; x_wconf 79' lang='lat' dir='ltr'><strong>Gazaeus</strong></span> <span class='ocrx_word' id='word_1_197' title='bbox 1892 3292 1953 3357; x_wconf 91' lang='lat' dir='ltr'><strong>in</strong></span> <span class='ocrx_word' id='word_1_198' title='bbox 2002 3294 2214 3359; x_wconf 87' lang='lat' dir='ltr'><strong>Theo·</strong></span> 
     </span>
     <span class='ocr_line' id='line_1_28' title="bbox 529 3393 2218 3494; baseline -0.005 -24"><span class='ocrx_word' id='word_1_199' title='bbox 529 3407 783 3494; x_wconf 89' lang='lat' dir='ltr'><strong>phrasto</strong></span> <span class='ocrx_word' id='word_1_200' title='bbox 827 3426 889 3489; x_wconf 86' lang='lat' dir='ltr'><strong>p.</strong></span> <span class='ocrx_word' id='word_1_201' title='bbox 934 3421 1045 3465; x_wconf 89' lang='lat'><strong>10:</strong></span> <span class='ocrx_word' id='word_1_202' title='bbox 1094 3401 1228 3463; x_wconf 87' lang='grc' dir='ltr'>τόδε</span> <span class='ocrx_word' id='word_1_203' title='bbox 1271 3397 1339 3461; x_wconf 87' lang='grc' dir='ltr'>τὸ</span> <span class='ocrx_word' id='word_1_204' title='bbox 1386 3402 1506 3461; x_wconf 80' lang='grc' dir='ltr'><strong>πᾶν</strong></span> <span class='ocrx_word' id='word_1_205' title='bbox 1550 3393 1956 3475; x_wconf 80' lang='grc' dir='ltr'>Ἐμπεδοκλῆς</span> <span class='ocrx_word' id='word_1_206' title='bbox 2001 3397 2218 3480; x_wconf 82' lang='grc' dir='ltr'>ἄντρον</span> 
     </span>
     <span class='ocr_line' id='line_1_29' title="bbox 531 3499 2217 3587; baseline -0.005 -14"><span class='ocrx_word' id='word_1_207' title='bbox 531 3509 864 3587; x_wconf 87' lang='grc' dir='ltr'>πεποίηκεν.</span> <span class='ocrx_word' id='word_1_208' title='bbox 911 3505 979 3568; x_wconf 78' lang='grc' dir='ltr'><strong>ἐν</strong></span> <span class='ocrx_word' id='word_1_209' title='bbox 1034 3502 1325 3586; x_wconf 77' lang='grc' dir='ltr'>Πολιτείᾳ</span> <span class='ocrx_word' id='word_1_210' title='bbox 1372 3503 1437 3564; x_wconf 75' lang='grc' dir='ltr'>δὲ</span> <span class='ocrx_word' id='word_1_211' title='bbox 1499 3499 1762 3563; x_wconf 82' lang='grc' dir='ltr'>Πλάτων</span> <span class='ocrx_word' id='word_1_212' title='bbox 1815 3500 2217 3580; x_wconf 84' lang='grc' dir='ltr'>μεταβάλλων</span> 
     </span>
     <span class='ocr_line' id='line_1_30' title="bbox 535 3604 1148 3691; baseline -0.015 -14"><span class='ocrx_word' id='word_1_213' title='bbox 535 3611 828 3691; x_wconf 77' lang='grc' dir='ltr'>σπήλαιον</span> <span class='ocrx_word' id='word_1_214' title='bbox 857 3604 1148 3685; x_wconf 76' lang='grc' dir='ltr'>ὀνομάζει.</span> 
     </span>
    </p>

    <p class='ocr_par' dir='ltr' id='par_1_3' title="bbox 532 3705 2215 4204">
     <span class='ocr_line' id='line_1_31' title="bbox 615 3705 2215 3800; baseline -0.003 -24"><span class='ocrx_word' id='word_1_215' title='bbox 615 3736 682 3800; x_wconf 94' lang='lat' dir='ltr'><strong>p.</strong></span> <span class='ocrx_word' id='word_1_216' title='bbox 716 3715 949 3794; x_wconf 78' lang='lat'><strong>874‚3.</strong></span> <span class='ocrx_word' id='word_1_217' title='bbox 997 3710 1065 3772; x_wconf 82' lang='grc' dir='ltr'><strong>ἐν</strong></span> <span class='ocrx_word' id='word_1_218' title='bbox 1109 3710 1174 3771; x_wconf 77' lang='grc' dir='ltr'>δὲ</span> <span class='ocrx_word' id='word_1_219' title='bbox 1222 3705 1490 3792; x_wconf 78' lang='grc' dir='ltr'>Φαίδρῳ]</span> <span class='ocrx_word' id='word_1_220' title='bbox 1564 3705 1705 3771; x_wconf 88' lang='lat' dir='ltr'><strong>Vid.</strong></span> <span class='ocrx_word' id='word_1_221' title='bbox 1764 3706 2103 3771; x_wconf 82' lang='lat' dir='ltr'><strong>Phaedrum</strong></span> <span class='ocrx_word' id='word_1_222' title='bbox 2150 3731 2215 3794; x_wconf 89' lang='lat' dir='ltr'><strong>p.</strong></span> 
     </span>
     <span class='ocr_line' id='line_1_32' title="bbox 539 3807 2213 3900; baseline -0.005 -18"><span class='ocrx_word' id='word_1_223' title='bbox 539 3818 674 3896; x_wconf 88' lang='lat'><strong>246.</strong></span> <span class='ocrx_word' id='word_1_224' title='bbox 729 3836 862 3900; x_wconf 86' lang='lat' dir='ltr'><strong>sqq.</strong></span> <span class='ocrx_word' id='word_1_225' title='bbox 954 3809 1248 3874; x_wconf 83' lang='lat' dir='ltr'><strong>Proxime</strong></span> <span class='ocrx_word' id='word_1_226' title='bbox 1292 3807 1434 3872; x_wconf 88' lang='lat' dir='ltr'><strong>dedi</strong></span> <span class='ocrx_word' id='word_1_227' title='bbox 1490 3810 1643 3894; x_wconf 73' lang='grc' dir='ltr'>αὐτῷ</span> <span class='ocrx_word' id='word_1_228' title='bbox 1687 3831 1803 3894; x_wconf 88' lang='lat' dir='ltr'><strong>pro</strong></span> <span class='ocrx_word' id='word_1_229' title='bbox 1846 3810 2028 3888; x_wconf 67' lang='grc' dir='ltr'>αὐτὴν</span> <span class='ocrx_word' id='word_1_230' title='bbox 2072 3833 2213 3874; x_wconf 90' lang='lat' dir='ltr'><strong>cum</strong></span> 
     </span>
     <span class='ocr_line' id='line_1_33' title="bbox 532 3909 2212 4006; baseline -0.005 -23"><span class='ocrx_word' id='word_1_231' title='bbox 532 3916 780 4006; x_wconf 89' lang='lat' dir='ltr'><strong>optimis</strong></span> <span class='ocrx_word' id='word_1_232' title='bbox 818 3914 1009 3979; x_wconf 89' lang='lat' dir='ltr'><strong>libris.</strong></span> <span class='ocrx_word' id='word_1_233' title='bbox 1103 3909 1425 3998; x_wconf 85' lang='lat' dir='ltr'><strong>Intellige:</strong></span> <span class='ocrx_word' id='word_1_234' title='bbox 1472 3913 1600 3998; x_wconf 69' lang='lat' dir='ltr'><strong>ipsi</strong></span> <span class='ocrx_word' id='word_1_235' title='bbox 1639 3911 1680 3973; x_wconf 89' lang='lat' dir='ltr'><strong>i.</strong></span> <span class='ocrx_word' id='word_1_236' title='bbox 1701 3934 1756 3974; x_wconf 91' lang='lat' dir='ltr'><strong>e.</strong></span> <span class='ocrx_word' id='word_1_237' title='bbox 1798 3910 1971 3998; x_wconf 86' lang='lat' dir='ltr'><strong>apud</strong></span> <span class='ocrx_word' id='word_1_238' title='bbox 2009 3912 2212 3999; x_wconf 91' lang='lat' dir='ltr'><strong>ipsum</strong></span> 
     </span>
     <span class='ocr_line' id='line_1_34' title="bbox 539 4013 2215 4102; baseline -0.004 -17"><span class='ocrx_word' id='word_1_239' title='bbox 539 4019 915 4100; x_wconf 87' lang='lat' dir='ltr'><strong>(Platonem)</strong></span> <span class='ocrx_word' id='word_1_240' title='bbox 951 4015 1041 4081; x_wconf 88' lang='lat' dir='ltr'><strong>uti</strong></span> <span class='ocrx_word' id='word_1_241' title='bbox 1072 4038 1263 4102; x_wconf 87' lang='lat' dir='ltr'><strong>supra</strong></span> <span class='ocrx_word' id='word_1_242' title='bbox 1293 4016 1387 4078; x_wconf 85' lang='grc' dir='ltr'><strong>καὶ</strong></span> <span class='ocrx_word' id='word_1_243' title='bbox 1413 4015 1481 4078; x_wconf 88' lang='grc' dir='ltr'>τὸ</span> <span class='ocrx_word' id='word_1_244' title='bbox 1503 4013 1801 4093; x_wconf 82' lang='grc' dir='ltr'>σπήλαιον</span> <span class='ocrx_word' id='word_1_245' title='bbox 1830 4015 1983 4101; x_wconf 72' lang='grc' dir='ltr'>αὐτῷ</span> <span class='ocrx_word' id='word_1_246' title='bbox 2014 4017 2215 4098; x_wconf 83' lang='grc' dir='ltr'>ὥσπερ</span> 
     </span>
     <span class='ocr_line' id='line_1_35' title="bbox 532 4119 1284 4204; baseline -0.012 -16"><span class='ocrx_word' id='word_1_247' title='bbox 532 4122 925 4204; x_wconf 81' lang='grc' dir='ltr'>Ἐμπεδοκλεῖ</span> <span class='ocrx_word' id='word_1_248' title='bbox 947 4119 1016 4182; x_wconf 80' lang='grc' dir='ltr'>τὸ</span> <span class='ocrx_word' id='word_1_249' title='bbox 1047 4120 1284 4199; x_wconf 77' lang='grc' dir='ltr'>ἄντρον.</span> 
     </span>
    </p>

    <p class='ocr_par' dir='ltr' id='par_1_4' title="bbox 530 4217 2217 5540">
     <span class='ocr_line' id='line_1_36' title="bbox 614 4217 2215 4305; baseline -0.001 -19"><span class='ocrx_word' id='word_1_250' title='bbox 614 4261 699 4273; x_wconf 91' lang='grc'>-</span> <span class='ocrx_word' id='word_1_251' title='bbox 731 4241 789 4305; x_wconf 92' lang='grc'><strong>7.</strong></span> <span class='ocrx_word' id='word_1_252' title='bbox 839 4223 906 4285; x_wconf 83' lang='grc' dir='ltr'><strong>ἐν</strong></span> <span class='ocrx_word' id='word_1_253' title='bbox 934 4219 1390 4305; x_wconf 75' lang='grc' dir='ltr'>Τιμαίῳ-ἄνευ</span> <span class='ocrx_word' id='word_1_254' title='bbox 1419 4220 1483 4281; x_wconf 76' lang='grc' dir='ltr'>δὲ</span> <span class='ocrx_word' id='word_1_255' title='bbox 1521 4221 1721 4300; x_wconf 77' lang='grc' dir='ltr'>ψυχῆς</span> <span class='ocrx_word' id='word_1_256' title='bbox 1749 4217 1862 4301; x_wconf 79' lang='grc' dir='ltr'>οὐχ</span> <span class='ocrx_word' id='word_1_257' title='bbox 1890 4219 2018 4282; x_wconf 78' lang='grc' dir='ltr'>οἶόν</span> <span class='ocrx_word' id='word_1_258' title='bbox 2046 4245 2110 4283; x_wconf 89' lang='grc' dir='ltr'><strong>τε</strong></span> <span class='ocrx_word' id='word_1_259' title='bbox 2140 4219 2215 4300; x_wconf 86' lang='grc' dir='ltr'><strong>ἥν</strong></span> 
     </span>
     <span class='ocr_line' id='line_1_37' title="bbox 530 4320 2211 4409; baseline -0.003 -18"><span class='ocrx_word' id='word_1_260' title='bbox 530 4332 697 4391; x_wconf 80' lang='grc' dir='ltr'>τοῦτο</span> <span class='ocrx_word' id='word_1_261' title='bbox 727 4323 1033 4408; x_wconf 76' lang='grc' dir='ltr'>γενέσθω]</span> <span class='ocrx_word' id='word_1_262' title='bbox 1086 4321 1270 4386; x_wconf 88' lang='lat' dir='ltr'><strong>Plato</strong></span> <span class='ocrx_word' id='word_1_263' title='bbox 1304 4320 1367 4383; x_wconf 90' lang='lat' dir='ltr'><strong>in</strong></span> <span class='ocrx_word' id='word_1_264' title='bbox 1413 4320 1659 4384; x_wconf 83' lang='lat' dir='ltr'><strong>Timaeo</strong></span> <span class='ocrx_word' id='word_1_265' title='bbox 1698 4343 1765 4408; x_wconf 93' lang='lat' dir='ltr'><strong>p.</strong></span> <span class='ocrx_word' id='word_1_266' title='bbox 1788 4339 1895 4405; x_wconf 83' lang='lat'><strong>30.</strong></span> <span class='ocrx_word' id='word_1_267' title='bbox 1925 4345 1980 4385; x_wconf 91' lang='lat' dir='ltr'><strong>a.</strong></span> <span class='ocrx_word' id='word_1_268' title='bbox 2017 4344 2079 4409; x_wconf 90' lang='lat' dir='ltr'><strong>p.</strong></span> <span class='ocrx_word' id='word_1_269' title='bbox 2109 4325 2211 4387; x_wconf 89' lang='lat'><strong>26.</strong></span> 
     </span>
     <span class='ocr_line' id='line_1_38' title="bbox 533 4424 2208 4508; baseline -0.002 -15"><span class='ocrx_word' id='word_1_270' title='bbox 533 4427 730 4493; x_wconf 84' lang='lat' dir='ltr'><strong>Bekk.</strong></span> <span class='ocrx_word' id='word_1_271' title='bbox 756 4453 771 4491; x_wconf 72' lang='grc' dir='ltr'>ε</span> <span class='ocrx_word' id='word_1_272' title='bbox 818 4424 1214 4507; x_wconf 82' lang='grc' dir='ltr'>λογισάμενος</span> <span class='ocrx_word' id='word_1_273' title='bbox 1241 4424 1348 4487; x_wconf 78' lang='grc' dir='ltr'><strong>οὖν</strong></span> <span class='ocrx_word' id='word_1_274' title='bbox 1378 4424 1646 4503; x_wconf 80' lang='grc' dir='ltr'>εὕρισκεν</span> <span class='ocrx_word' id='word_1_275' title='bbox 1676 4425 1741 4486; x_wconf 80' lang='grc' dir='ltr'>ἐκ</span> <span class='ocrx_word' id='word_1_276' title='bbox 1770 4429 1886 4487; x_wconf 80' lang='grc' dir='ltr'><strong>τῶν</strong></span> <span class='ocrx_word' id='word_1_277' title='bbox 1915 4427 2062 4489; x_wconf 79' lang='grc' dir='ltr'>κατὰ</span> <span class='ocrx_word' id='word_1_278' title='bbox 2091 4426 2208 4508; x_wconf 80' lang='grc' dir='ltr'><strong>φύ-</strong></span> 
     </span>
     <span class='ocr_line' id='line_1_39' title="bbox 535 4528 2212 4613; baseline 0 -20"><span class='ocrx_word' id='word_1_279' title='bbox 535 4557 631 4596; x_wconf 91' lang='grc' dir='ltr'>σιν</span> <span class='ocrx_word' id='word_1_280' title='bbox 676 4534 904 4613; x_wconf 79' lang='grc' dir='ltr'>ὁρατῶν</span> <span class='ocrx_word' id='word_1_281' title='bbox 947 4528 1119 4595; x_wconf 76' lang='grc' dir='ltr'>οὐδὲν</span> <span class='ocrx_word' id='word_1_282' title='bbox 1170 4529 1421 4607; x_wconf 81' lang='grc' dir='ltr'>ἀνόητον</span> <span class='ocrx_word' id='word_1_283' title='bbox 1476 4531 1581 4591; x_wconf 81' lang='grc' dir='ltr'><strong>τοῦ</strong></span> <span class='ocrx_word' id='word_1_284' title='bbox 1623 4531 1731 4592; x_wconf 80' lang='grc' dir='ltr'><strong>νοῦ</strong></span> <span class='ocrx_word' id='word_1_285' title='bbox 1779 4529 2023 4612; x_wconf 84' lang='grc' dir='ltr'>ἔχοντος</span> <span class='ocrx_word' id='word_1_286' title='bbox 2064 4531 2212 4594; x_wconf 87' lang='grc' dir='ltr'>ὅλον</span> 
     </span>
     <span class='ocr_line' id='line_1_40' title="bbox 533 4629 2213 4717; baseline -0.001 -18"><span class='ocrx_word' id='word_1_287' title='bbox 533 4637 676 4699; x_wconf 77' lang='grc' dir='ltr'>ὅλου</span> <span class='ocrx_word' id='word_1_288' title='bbox 715 4632 964 4697; x_wconf 89' lang='grc' dir='ltr'>κάλλιον</span> <span class='ocrx_word' id='word_1_289' title='bbox 998 4632 1249 4696; x_wconf 84' lang='grc' dir='ltr'>ἔσεσθαί</span> <span class='ocrx_word' id='word_1_290' title='bbox 1280 4629 1407 4695; x_wconf 90' lang='grc' dir='ltr'>ποτ’</span> <span class='ocrx_word' id='word_1_291' title='bbox 1442 4631 1639 4714; x_wconf 79' lang='grc' dir='ltr'>ἔργον,</span> <span class='ocrx_word' id='word_1_292' title='bbox 1673 4637 1815 4695; x_wconf 85' lang='grc' dir='ltr'>νοῦν</span> <span class='ocrx_word' id='word_1_293' title='bbox 1844 4631 1891 4696; x_wconf 78' lang='grc' dir='ltr'>δ’</span> <span class='ocrx_word' id='word_1_294' title='bbox 1926 4634 1999 4696; x_wconf 77' lang='grc' dir='ltr'>αὖ</span> <span class='ocrx_word' id='word_1_295' title='bbox 2035 4634 2213 4717; x_wconf 85' lang='grc' dir='ltr'>χωρὶς</span> 
     </span>
     <span class='ocr_line' id='line_1_41' title="bbox 536 4733 2214 4821; baseline -0.001 -19"><span class='ocrx_word' id='word_1_296' title='bbox 536 4741 730 4821; x_wconf 73' lang='grc' dir='ltr'>ψυχῆς</span> <span class='ocrx_word' id='word_1_297' title='bbox 772 4737 1062 4801; x_wconf 79' lang='grc' dir='ltr'>ἀδύνατον</span> <span class='ocrx_word' id='word_1_298' title='bbox 1099 4733 1542 4817; x_wconf 84' lang='grc' dir='ltr'>παραγενέσθαι</span> <span class='ocrx_word' id='word_1_299' title='bbox 1568 4760 1670 4820; x_wconf 80' lang='grc' dir='ltr'>τῳ.</span> <span class='ocrx_word' id='word_1_300' title='bbox 1719 4739 1814 4800; x_wconf 79' lang='grc' dir='ltr'>διὰ</span> <span class='ocrx_word' id='word_1_301' title='bbox 1852 4737 1922 4815; x_wconf 76' lang='grc' dir='ltr'>δὴ</span> <span class='ocrx_word' id='word_1_302' title='bbox 1965 4736 2072 4800; x_wconf 85' lang='grc' dir='ltr'><strong>τὸν</strong></span> <span class='ocrx_word' id='word_1_303' title='bbox 2110 4744 2214 4800; x_wconf 85' lang='grc' dir='ltr'><strong>λο-</strong></span> 
     </span>
     <span class='ocr_line' id='line_1_42' title="bbox 530 4838 2210 4922; baseline -0.002 -17"><span class='ocrx_word' id='word_1_304' title='bbox 530 4840 746 4922; x_wconf 83' lang='grc' dir='ltr'>γισμὸν</span> <span class='ocrx_word' id='word_1_305' title='bbox 774 4840 944 4902; x_wconf 89' lang='grc' dir='ltr'>τόνδε</span> <span class='ocrx_word' id='word_1_306' title='bbox 975 4841 1116 4901; x_wconf 80' lang='grc' dir='ltr'>νοῦν</span> <span class='ocrx_word' id='word_1_307' title='bbox 1152 4839 1265 4916; x_wconf 77' lang='grc' dir='ltr'><strong>μὲν</strong></span> <span class='ocrx_word' id='word_1_308' title='bbox 1309 4839 1376 4900; x_wconf 78' lang='grc' dir='ltr'><strong>ἐν</strong></span> <span class='ocrx_word' id='word_1_309' title='bbox 1413 4841 1599 4920; x_wconf 81' lang='grc' dir='ltr'>ψυχῇ,</span> <span class='ocrx_word' id='word_1_310' title='bbox 1630 4838 1836 4921; x_wconf 78' lang='grc' dir='ltr'>ψυχὴν</span> <span class='ocrx_word' id='word_1_311' title='bbox 1881 4840 1945 4901; x_wconf 76' lang='grc' dir='ltr'>δὲ</span> <span class='ocrx_word' id='word_1_312' title='bbox 1985 4840 2051 4902; x_wconf 80' lang='grc' dir='ltr'><strong>ἐν</strong></span> <span class='ocrx_word' id='word_1_313' title='bbox 2094 4838 2210 4903; x_wconf 77' lang='grc' dir='ltr'><strong>σῶ·</strong></span> 
     </span>
     <span class='ocr_line' id='line_1_43' title="bbox 531 4940 2217 5022; baseline -0.001 -15"><span class='ocrx_word' id='word_1_314' title='bbox 531 4967 665 5022; x_wconf 88' lang='grc' dir='ltr'>ματι</span> <span class='ocrx_word' id='word_1_315' title='bbox 692 4944 967 5021; x_wconf 68' lang='grc' dir='ltr'>ξυνιστὰς</span> <span class='ocrx_word' id='word_1_316' title='bbox 993 4940 1062 5004; x_wconf 85' lang='grc' dir='ltr'>τὸ</span> <span class='ocrx_word' id='word_1_317' title='bbox 1093 4945 1213 5003; x_wconf 78' lang='grc' dir='ltr'><strong>πᾶν</strong></span> <span class='ocrx_word' id='word_1_318' title='bbox 1245 4941 1737 5018; x_wconf 71' lang='grc' dir='ltr'>ξυνετεκταίνετο,</span> <span class='ocrx_word' id='word_1_319' title='bbox 1771 4941 1928 5008; x_wconf 83' lang='grc' dir='ltr'>ὅπως</span> <span class='ocrx_word' id='word_1_320' title='bbox 1955 4942 2047 5005; x_wconf 87' lang='grc' dir='ltr'>ὅτι</span> <span class='ocrx_word' id='word_1_321' title='bbox 2078 4941 2217 5005; x_wconf 90' lang='grc' dir='ltr'>κάλ-</span> 
     </span>
     <span class='ocr_line' id='line_1_44' title="bbox 534 5042 2215 5126; baseline -0.002 -16"><span class='ocrx_word' id='word_1_322' title='bbox 534 5054 741 5110; x_wconf 82' lang='grc' dir='ltr'>λιστον</span> <span class='ocrx_word' id='word_1_323' title='bbox 764 5046 855 5124; x_wconf 80' lang='grc' dir='ltr'><strong>εἴη</strong></span> <span class='ocrx_word' id='word_1_324' title='bbox 885 5046 1031 5107; x_wconf 75' lang='grc' dir='ltr'>κατὰ</span> <span class='ocrx_word' id='word_1_325' title='bbox 1052 5043 1239 5126; x_wconf 77' lang='grc' dir='ltr'>φύσιν</span> <span class='ocrx_word' id='word_1_326' title='bbox 1267 5042 1510 5124; x_wconf 82' lang='grc' dir='ltr'>ἄριστόν</span> <span class='ocrx_word' id='word_1_327' title='bbox 1531 5068 1596 5106; x_wconf 88' lang='grc' dir='ltr'><strong>τε</strong></span> <span class='ocrx_word' id='word_1_328' title='bbox 1618 5042 1796 5124; x_wconf 83' lang='grc' dir='ltr'>ἔργον</span> <span class='ocrx_word' id='word_1_329' title='bbox 1819 5043 2215 5125; x_wconf 80' lang='grc' dir='ltr'>ἀπειργασμέ-</span> 
     </span>
     <span class='ocr_line' id='line_1_45' title="bbox 535 5145 2217 5228; baseline -0.001 -16"><span class='ocrx_word' id='word_1_330' title='bbox 535 5173 647 5216; x_wconf 91' lang='grc' dir='ltr'>νος.</span> <span class='ocrx_word' id='word_1_331' title='bbox 696 5149 878 5213; x_wconf 84' lang='grc' dir='ltr'>οὕτως</span> <span class='ocrx_word' id='word_1_332' title='bbox 905 5147 1011 5210; x_wconf 75' lang='grc' dir='ltr'><strong>οὖν</strong></span> <span class='ocrx_word' id='word_1_333' title='bbox 1040 5145 1109 5224; x_wconf 79' lang='grc' dir='ltr'>δὴ</span> <span class='ocrx_word' id='word_1_334' title='bbox 1141 5148 1289 5209; x_wconf 78' lang='grc' dir='ltr'>κατὰ</span> <span class='ocrx_word' id='word_1_335' title='bbox 1320 5145 1509 5226; x_wconf 85' lang='grc' dir='ltr'>λόγον</span> <span class='ocrx_word' id='word_1_336' title='bbox 1536 5145 1642 5209; x_wconf 85' lang='grc' dir='ltr'><strong>τὸν</strong></span> <span class='ocrx_word' id='word_1_337' title='bbox 1671 5147 1867 5209; x_wconf 80' lang='grc' dir='ltr'>εἰκότα</span> <span class='ocrx_word' id='word_1_338' title='bbox 1895 5150 1989 5210; x_wconf 88' lang='grc' dir='ltr'>δεῖ</span> <span class='ocrx_word' id='word_1_339' title='bbox 2011 5146 2217 5228; x_wconf 85' lang='grc' dir='ltr'>λέγειν</span> 
     </span>
     <span class='ocr_line' id='line_1_46' title="bbox 535 5247 2214 5332; baseline -0.001 -19"><span class='ocrx_word' id='word_1_340' title='bbox 535 5253 700 5315; x_wconf 89' lang='grc' dir='ltr'>τόνδε</span> <span class='ocrx_word' id='word_1_341' title='bbox 729 5250 836 5313; x_wconf 89' lang='grc' dir='ltr'><strong>τὸν</strong></span> <span class='ocrx_word' id='word_1_342' title='bbox 867 5250 1090 5328; x_wconf 84' lang='grc' dir='ltr'>κόσμον</span> <span class='ocrx_word' id='word_1_343' title='bbox 1116 5254 1264 5324; x_wconf 78' lang='grc' dir='ltr'>ζῶον</span> <span class='ocrx_word' id='word_1_344' title='bbox 1296 5247 1575 5332; x_wconf 78' lang='grc' dir='ltr'>ἔμψυχον</span> <span class='ocrx_word' id='word_1_345' title='bbox 1606 5248 1815 5312; x_wconf 86' lang='grc' dir='ltr'>ἔννουν</span> <span class='ocrx_word' id='word_1_346' title='bbox 1844 5273 1910 5312; x_wconf 88' lang='grc' dir='ltr'><strong>τε</strong></span> <span class='ocrx_word' id='word_1_347' title='bbox 1952 5253 2022 5329; x_wconf 76' lang='grc' dir='ltr'>τῇ</span> <span class='ocrx_word' id='word_1_348' title='bbox 2066 5251 2214 5329; x_wconf 82' lang='grc' dir='ltr'>ἀλη-</span> 
     </span>
     <span class='ocr_line' id='line_1_47' title="bbox 537 5349 2216 5438; baseline -0.002 -21"><span class='ocrx_word' id='word_1_349' title='bbox 537 5355 663 5438; x_wconf 76' lang='grc' dir='ltr'>θείᾳ</span> <span class='ocrx_word' id='word_1_350' title='bbox 691 5355 787 5417; x_wconf 74' lang='grc' dir='ltr'>διὰ</span> <span class='ocrx_word' id='word_1_351' title='bbox 813 5353 921 5431; x_wconf 77' lang='grc' dir='ltr'><strong>τὴν</strong></span> <span class='ocrx_word' id='word_1_352' title='bbox 945 5356 1050 5415; x_wconf 79' lang='grc' dir='ltr'><strong>τοῦ</strong></span> <span class='ocrx_word' id='word_1_353' title='bbox 1075 5355 1215 5415; x_wconf 83' lang='grc' dir='ltr'>θεοῦ</span> <span class='ocrx_word' id='word_1_354' title='bbox 1254 5351 1537 5433; x_wconf 88' lang='grc' dir='ltr'>γενέσθαι</span> <span class='ocrx_word' id='word_1_355' title='bbox 1572 5351 1875 5431; x_wconf 91' lang='grc' dir='ltr'>πρόνοιαν.</span> <span class='ocrx_word' id='word_1_356' title='bbox 1925 5350 2032 5433; x_wconf 89' lang='lat' dir='ltr'><strong>(cf.</strong></span> <span class='ocrx_word' id='word_1_357' title='bbox 2064 5349 2216 5414; x_wconf 89' lang='lat' dir='ltr'><strong>Plo-</strong></span> 
     </span>
     <span class='ocr_line' id='line_1_48' title="bbox 536 5453 2210 5540; baseline -0.002 -20"><span class='ocrx_word' id='word_1_358' title='bbox 536 5455 727 5520; x_wconf 86' lang='lat' dir='ltr'><strong>tinum</strong></span> <span class='ocrx_word' id='word_1_359' title='bbox 761 5469 1040 5519; x_wconf 88' lang='lat' dir='ltr'><strong>nostrum</strong></span> <span class='ocrx_word' id='word_1_360' title='bbox 1066 5476 1255 5538; x_wconf 88' lang='lat' dir='ltr'><strong>supra</strong></span> <span class='ocrx_word' id='word_1_361' title='bbox 1282 5476 1348 5540; x_wconf 93' lang='lat' dir='ltr'><strong>p.</strong></span> <span class='ocrx_word' id='word_1_362' title='bbox 1371 5472 1520 5538; x_wconf 86' lang='lat'><strong>372.</strong></span> <span class='ocrx_word' id='word_1_363' title='bbox 1549 5455 1627 5516; x_wconf 92' lang='grc' dir='ltr'><strong>Β.</strong></span> <span class='ocrx_word' id='word_1_364' title='bbox 1655 5454 1727 5517; x_wconf 92' lang='lat' dir='ltr'><strong>C.</strong></span> <span class='ocrx_word' id='word_1_365' title='bbox 1760 5467 1823 5515; x_wconf 92' lang='lat' dir='ltr'><strong>et</strong></span> <span class='ocrx_word' id='word_1_366' title='bbox 1842 5475 1904 5539; x_wconf 91' lang='lat' dir='ltr'><strong>p.</strong></span> <span class='ocrx_word' id='word_1_367' title='bbox 1925 5470 2074 5537; x_wconf 86' lang='lat'><strong>397.</strong></span> <span class='ocrx_word' id='word_1_368' title='bbox 2095 5453 2210 5534; x_wconf 90' lang='lat' dir='ltr'><strong>D.)</strong></span> 
     </span>
    </p>
   </div>
   <div class='ocr_carea' id='block_1_3' title="bbox 541 5554 2219 5642">
    <p class='ocr_par' dir='ltr' id='par_1_5' title="bbox 541 5554 2219 5642">
     <span class='ocr_line' id='line_1_49' title="bbox 541 5554 2219 5642; baseline -0.002 -19"><span class='ocrx_word' id='word_1_369' title='bbox 541 5557 711 5623; x_wconf 86' lang='lat' dir='ltr'><strong>Idem</strong></span> <span class='ocrx_word' id='word_1_370' title='bbox 746 5555 933 5622; x_wconf 88' lang='lat' dir='ltr'><strong>Plato</strong></span> <span class='ocrx_word' id='word_1_371' title='bbox 961 5556 1022 5619; x_wconf 92' lang='lat' dir='ltr'><strong>in</strong></span> <span class='ocrx_word' id='word_1_372' title='bbox 1063 5555 1310 5619; x_wconf 87' lang='lat' dir='ltr'><strong>Timaeo</strong></span> <span class='ocrx_word' id='word_1_373' title='bbox 1340 5577 1399 5642; x_wconf 90' lang='lat' dir='ltr'><strong>p.</strong></span> <span class='ocrx_word' id='word_1_374' title='bbox 1423 5575 1529 5641; x_wconf 86' lang='grc'><strong>34.</strong></span> <span class='ocrx_word' id='word_1_375' title='bbox 1565 5577 1627 5642; x_wconf 90' lang='lat' dir='ltr'><strong>p.</strong></span> <span class='ocrx_word' id='word_1_376' title='bbox 1655 5574 1760 5641; x_wconf 83' lang='lat'><strong>31.</strong></span> <span class='ocrx_word' id='word_1_377' title='bbox 1793 5554 1987 5618; x_wconf 88' lang='lat' dir='ltr'><strong>Bekk.</strong></span> <span class='ocrx_word' id='word_1_378' title='bbox 2012 5559 2219 5620; x_wconf 73' lang='grc' dir='ltr'>ε-διᾶ</span> 
     </span>
    </p>
   </div>
   <div class='ocr_carea' id='block_1_4' title="bbox 3871 553 3987 617">
    <p class='ocr_par' dir='ltr' id='par_1_6' title="bbox 3871 553 3987 617">
     <span class='ocr_line' id='line_1_50' title="bbox 3871 553 3987 617; baseline 0 -1"><span class='ocrx_word' id='word_1_379' title='bbox 3871 553 3987 617; x_wconf 85' lang='lat'><strong>261</strong></span> 
     </span>
    </p>
   </div>
   <div class='ocr_carea' id='block_1_5' title="bbox 2297 722 3991 5535">
    <p class='ocr_par' dir='ltr' id='par_1_7' title="bbox 2297 722 3988 1733">
     <span class='ocr_line' id='line_1_51' title="bbox 2307 722 3981 805; baseline 0.001 -17"><span class='ocrx_word' id='word_1_380' title='bbox 2307 724 2502 788; x_wconf 88' lang='grc' dir='ltr'>πάντα</span> <span class='ocrx_word' id='word_1_381' title='bbox 2541 726 2612 804; x_wconf 76' lang='grc' dir='ltr'>δὴ</span> <span class='ocrx_word' id='word_1_382' title='bbox 2652 729 2833 788; x_wconf 83' lang='grc' dir='ltr'>ταῦτα</span> <span class='ocrx_word' id='word_1_383' title='bbox 2874 723 3190 802; x_wconf 77' lang='grc' dir='ltr'>εὐδαίμονα</span> <span class='ocrx_word' id='word_1_384' title='bbox 3218 722 3360 786; x_wconf 84' lang='grc' dir='ltr'>θεὸν</span> <span class='ocrx_word' id='word_1_385' title='bbox 3388 723 3569 787; x_wconf 82' lang='grc' dir='ltr'>αὐτὸν</span> <span class='ocrx_word' id='word_1_386' title='bbox 3600 724 3981 805; x_wconf 78' lang='grc' dir='ltr'>ἐγεννήσατο.</span> 
     </span>
     <span class='ocr_line' id='line_1_52' title="bbox 2307 825 3988 915; baseline 0 -25"><span class='ocrx_word' id='word_1_387' title='bbox 2307 827 2417 891; x_wconf 90' lang='lat' dir='ltr'><strong>Ad</strong></span> <span class='ocrx_word' id='word_1_388' title='bbox 2448 851 2593 915; x_wconf 85' lang='lat' dir='ltr'><strong>quae</strong></span> <span class='ocrx_word' id='word_1_389' title='bbox 2623 828 2809 892; x_wconf 84' lang='lat' dir='ltr'><strong>verba</strong></span> <span class='ocrx_word' id='word_1_390' title='bbox 2851 825 3123 891; x_wconf 89' lang='lat' dir='ltr'><strong>Lindau.</strong></span> <span class='ocrx_word' id='word_1_391' title='bbox 3155 826 3217 888; x_wconf 91' lang='lat' dir='ltr'><strong>in</strong></span> <span class='ocrx_word' id='word_1_392' title='bbox 3262 839 3535 889; x_wconf 87' lang='lat' dir='ltr'><strong>annott.:</strong></span> <span class='ocrx_word' id='word_1_393' title='bbox 3585 832 3628 865; x_wconf 78' lang='lat'><strong>‘⁶</strong></span> <span class='ocrx_word' id='word_1_394' title='bbox 3661 828 3857 890; x_wconf 91' lang='lat' dir='ltr'><strong>Hunc</strong></span> <span class='ocrx_word' id='word_1_395' title='bbox 3901 826 3988 890; x_wconf 89' lang='lat' dir='ltr'><strong>lo-</strong></span> 
     </span>
     <span class='ocr_line' id='line_1_53' title="bbox 2301 929 3978 1018; baseline 0.001 -25"><span class='ocrx_word' id='word_1_396' title='bbox 2301 952 2443 994; x_wconf 92' lang='lat' dir='ltr'><strong>cum</strong></span> <span class='ocrx_word' id='word_1_397' title='bbox 2489 945 2724 1017; x_wconf 87' lang='lat' dir='ltr'><strong>spectat</strong></span> <span class='ocrx_word' id='word_1_398' title='bbox 2776 929 3062 994; x_wconf 89' lang='lat' dir='ltr'><strong>Plotinus</strong></span> <span class='ocrx_word' id='word_1_399' title='bbox 3110 931 3223 994; x_wconf 90' lang='lat' dir='ltr'><strong>IV.</strong></span> <span class='ocrx_word' id='word_1_400' title='bbox 3259 931 3316 993; x_wconf 89' lang='lat'><strong>8.</strong></span> <span class='ocrx_word' id='word_1_401' title='bbox 3361 951 3427 994; x_wconf 90' lang='lat'><strong>1:</strong></span> <span class='ocrx_word' id='word_1_402' title='bbox 3479 932 3546 995; x_wconf 80' lang='grc' dir='ltr'><strong>ἐν</strong></span> <span class='ocrx_word' id='word_1_403' title='bbox 3590 934 3837 1018; x_wconf 79' lang='grc' dir='ltr'>Τιμαίῳ,</span> <span class='ocrx_word' id='word_1_404' title='bbox 3886 931 3978 995; x_wconf 89' lang='lat' dir='ltr'><strong>iu-</strong></span> 
     </span>
     <span class='ocr_line' id='line_1_54' title="bbox 2301 1032 3983 1118; baseline 0.001 -21"><span class='ocrx_word' id='word_1_405' title='bbox 2301 1032 2461 1118; x_wconf 88' lang='lat' dir='ltr'><strong>quit,</strong></span> <span class='ocrx_word' id='word_1_406' title='bbox 2488 1034 2622 1115; x_wconf 79' lang='grc' dir='ltr'>περὶ</span> <span class='ocrx_word' id='word_1_407' title='bbox 2650 1038 2817 1097; x_wconf 83' lang='grc' dir='ltr'>τοῦδε</span> <span class='ocrx_word' id='word_1_408' title='bbox 2857 1037 2963 1097; x_wconf 80' lang='grc' dir='ltr'><strong>τοῦ</strong></span> <span class='ocrx_word' id='word_1_409' title='bbox 2996 1033 3217 1100; x_wconf 86' lang='grc' dir='ltr'>παντὸς</span> <span class='ocrx_word' id='word_1_410' title='bbox 3259 1032 3457 1115; x_wconf 89' lang='grc' dir='ltr'>λέγων</span> <span class='ocrx_word' id='word_1_411' title='bbox 3493 1035 3599 1097; x_wconf 89' lang='grc' dir='ltr'><strong>τόν</strong></span> <span class='ocrx_word' id='word_1_412' title='bbox 3648 1060 3714 1099; x_wconf 88' lang='grc' dir='ltr'><strong>τε</strong></span> <span class='ocrx_word' id='word_1_413' title='bbox 3759 1036 3983 1114; x_wconf 89' lang='grc' dir='ltr'>κόσμον</span> 
     </span>
     <span class='ocr_line' id='line_1_55' title="bbox 2304 1134 3978 1218; baseline 0.001 -19"><span class='ocrx_word' id='word_1_414' title='bbox 2304 1138 2536 1200; x_wconf 79' lang='grc' dir='ltr'>ἐπαινεῖ</span> <span class='ocrx_word' id='word_1_415' title='bbox 2561 1137 2657 1200; x_wconf 83' lang='grc' dir='ltr'><strong>καὶ</strong></span> <span class='ocrx_word' id='word_1_416' title='bbox 2686 1136 2825 1199; x_wconf 85' lang='grc' dir='ltr'>θεὸν</span> <span class='ocrx_word' id='word_1_417' title='bbox 2853 1134 3022 1218; x_wconf 84' lang='grc' dir='ltr'>λέγει</span> <span class='ocrx_word' id='word_1_418' title='bbox 3053 1137 3384 1215; x_wconf 81' lang='grc' dir='ltr'>εὐδαίμονα.</span> <span class='ocrx_word' id='word_1_419' title='bbox 3450 1136 3611 1206; x_wconf 84' lang='lat' dir='ltr'><strong>Quae</strong></span> <span class='ocrx_word' id='word_1_420' title='bbox 3636 1137 3824 1202; x_wconf 82' lang='lat' dir='ltr'><strong>verba</strong></span> <span class='ocrx_word' id='word_1_421' title='bbox 3846 1159 3978 1201; x_wconf 83' lang='lat' dir='ltr'><strong>eam</strong></span> 
     </span>
     <span class='ocr_line' id='line_1_56' title="bbox 2303 1237 3985 1326; baseline 0.002 -26"><span class='ocrx_word' id='word_1_422' title='bbox 2303 1237 2534 1301; x_wconf 84' lang='lat' dir='ltr'><strong>habent</strong></span> <span class='ocrx_word' id='word_1_423' title='bbox 2589 1237 2977 1323; x_wconf 85' lang='lat' dir='ltr'><strong>gravitatem,</strong></span> <span class='ocrx_word' id='word_1_424' title='bbox 3028 1252 3100 1301; x_wconf 90' lang='lat' dir='ltr'><strong>ut</strong></span> <span class='ocrx_word' id='word_1_425' title='bbox 3157 1237 3539 1325; x_wconf 86' lang='lat' dir='ltr'><strong>impediant;</strong></span> <span class='ocrx_word' id='word_1_426' title='bbox 3594 1263 3722 1326; x_wconf 92' lang='lat' dir='ltr'><strong>quo</strong></span> <span class='ocrx_word' id='word_1_427' title='bbox 3778 1239 3985 1304; x_wconf 88' lang='lat' dir='ltr'><strong>minus</strong></span> 
     </span>
     <span class='ocr_line' id='line_1_57' title="bbox 2300 1338 3981 1427; baseline 0.001 -24"><span class='ocrx_word' id='word_1_428' title='bbox 2300 1340 2467 1426; x_wconf 91' lang='lat' dir='ltr'><strong>apud</strong></span> <span class='ocrx_word' id='word_1_429' title='bbox 2501 1338 2823 1404; x_wconf 88' lang='lat' dir='ltr'><strong>Platonem</strong></span> <span class='ocrx_word' id='word_1_430' title='bbox 2855 1340 3186 1427; x_wconf 87' lang='lat' dir='ltr'><strong>quisquam</strong></span> <span class='ocrx_word' id='word_1_431' title='bbox 3214 1340 3503 1427; x_wconf 88' lang='lat' dir='ltr'><strong>opinetur</strong></span> <span class='ocrx_word' id='word_1_432' title='bbox 3525 1342 3981 1407; x_wconf 89' lang='lat' dir='ltr'><strong>rescribendum</strong></span> 
     </span>
     <span class='ocr_line' id='line_1_58' title="bbox 2301 1443 3980 1523; baseline 0.002 -17"><span class='ocrx_word' id='word_1_433' title='bbox 2301 1464 2430 1506; x_wconf 90' lang='lat' dir='ltr'><strong>esse</strong></span> <span class='ocrx_word' id='word_1_434' title='bbox 2459 1444 2612 1510; x_wconf 90' lang='grc' dir='ltr'>θεός.</span> <span class='ocrx_word' id='word_1_435' title='bbox 2703 1443 2993 1508; x_wconf 87' lang='lat' dir='ltr'><strong>Mundus</strong></span> <span class='ocrx_word' id='word_1_436' title='bbox 3020 1444 3183 1507; x_wconf 88' lang='lat' dir='ltr'><strong>enim</strong></span> <span class='ocrx_word' id='word_1_437' title='bbox 3216 1458 3309 1508; x_wconf 90' lang='lat' dir='ltr'><strong>est</strong></span> <span class='ocrx_word' id='word_1_438' title='bbox 3337 1467 3372 1507; x_wconf 94' lang='lat' dir='ltr'><strong>e</strong></span> <span class='ocrx_word' id='word_1_439' title='bbox 3401 1467 3661 1510; x_wconf 90' lang='lat' dir='ltr'><strong>numero</strong></span> <span class='ocrx_word' id='word_1_440' title='bbox 3699 1446 3980 1523; x_wconf 87' lang='lat' dir='ltr'><strong>deorum,</strong></span> 
     </span>
     <span class='ocr_line' id='line_1_59' title="bbox 2299 1545 3982 1635; baseline 0.002 -28"><span class='ocrx_word' id='word_1_441' title='bbox 2299 1567 2459 1630; x_wconf 90' lang='lat' dir='ltr'><strong>quos</strong></span> <span class='ocrx_word' id='word_1_442' title='bbox 2485 1568 2523 1608; x_wconf 89' lang='lat' dir='ltr'><strong>a</strong></span> <span class='ocrx_word' id='word_1_443' title='bbox 2551 1567 2794 1608; x_wconf 88' lang='lat' dir='ltr'><strong>summo</strong></span> <span class='ocrx_word' id='word_1_444' title='bbox 2820 1560 3056 1609; x_wconf 87' lang='lat' dir='ltr'><strong>creatos</strong></span> <span class='ocrx_word' id='word_1_445' title='bbox 3081 1545 3301 1631; x_wconf 87' lang='lat' dir='ltr'><strong>opifice</strong></span> <span class='ocrx_word' id='word_1_446' title='bbox 3328 1546 3490 1609; x_wconf 86' lang='lat' dir='ltr'><strong>infra</strong></span> <span class='ocrx_word' id='word_1_447' title='bbox 3513 1561 3811 1611; x_wconf 89' lang='lat' dir='ltr'><strong>memorat</strong></span> <span class='ocrx_word' id='word_1_448' title='bbox 3839 1546 3982 1635; x_wconf 88' lang='lat' dir='ltr'><strong>phi-</strong></span> 
     </span>
     <span class='ocr_line' id='line_1_60' title="bbox 2297 1646 2818 1733; baseline 0.004 -24"><span class='ocrx_word' id='word_1_449' title='bbox 2297 1646 2654 1733; x_wconf 82' lang='lat' dir='ltr'><strong>losophuS.’&#39;</strong></span> <span class='ocrx_word' id='word_1_450' title='bbox 2812 1659 2818 1666; x_wconf 79' lang='lat'>&#39;</span> 
     </span>
    </p>

    <p class='ocr_par' dir='ltr' id='par_1_8' title="bbox 2298 1748 3985 2356">
     <span class='ocr_line' id='line_1_61' title="bbox 2382 1748 3979 1835; baseline 0.004 -23"><span class='ocrx_word' id='word_1_451' title='bbox 2382 1787 2467 1799; x_wconf 87' lang='lat'>—</span> <span class='ocrx_word' id='word_1_452' title='bbox 2505 1770 2600 1835; x_wconf 86' lang='lat'><strong>15.</strong></span> <span class='ocrx_word' id='word_1_453' title='bbox 2636 1748 2834 1815; x_wconf 82' lang='grc' dir='ltr'>Ὥστε</span> <span class='ocrx_word' id='word_1_454' title='bbox 2870 1752 3009 1831; x_wconf 87' lang='grc' dir='ltr'>ἡμῖν</span> <span class='ocrx_word' id='word_1_455' title='bbox 3046 1752 3620 1835; x_wconf 85' lang='grc' dir='ltr'>συμβαίνειν-παρ’</span> <span class='ocrx_word' id='word_1_456' title='bbox 3667 1755 3844 1818; x_wconf 81' lang='grc' dir='ltr'>αὐτοῦ</span> <span class='ocrx_word' id='word_1_457' title='bbox 3869 1782 3979 1835; x_wconf 87' lang='grc' dir='ltr'><strong>μα-</strong></span> 
     </span>
     <span class='ocr_line' id='line_1_62' title="bbox 2298 1853 3982 1942; baseline 0.002 -24"><span class='ocrx_word' id='word_1_458' title='bbox 2298 1858 2425 1918; x_wconf 84' lang='grc' dir='ltr'>θεῖν</span> <span class='ocrx_word' id='word_1_459' title='bbox 2460 1853 2808 1942; x_wconf 78' lang='grc' dir='ltr'>ζητήσασιν]</span> <span class='ocrx_word' id='word_1_460' title='bbox 2859 1853 3103 1918; x_wconf 90' lang='lat' dir='ltr'><strong>Pendet</strong></span> <span class='ocrx_word' id='word_1_461' title='bbox 3144 1853 3278 1918; x_wconf 83' lang='lat' dir='ltr'><strong>haec</strong></span> <span class='ocrx_word' id='word_1_462' title='bbox 3328 1854 3669 1942; x_wconf 88' lang='lat' dir='ltr'><strong>disputatio</strong></span> <span class='ocrx_word' id='word_1_463' title='bbox 3715 1858 3982 1922; x_wconf 86' lang='lat' dir='ltr'><strong>maxime</strong></span> 
     </span>
     <span class='ocr_line' id='line_1_63' title="bbox 2299 1955 3977 2048; baseline 0.004 -29"><span class='ocrx_word' id='word_1_464' title='bbox 2299 1979 2376 2019; x_wconf 89' lang='lat' dir='ltr'><strong>ex</strong></span> <span class='ocrx_word' id='word_1_465' title='bbox 2408 1955 2542 2020; x_wconf 89' lang='lat' dir='ltr'><strong>loco</strong></span> <span class='ocrx_word' id='word_1_466' title='bbox 2570 1956 2819 2021; x_wconf 87' lang='lat' dir='ltr'><strong>classico</strong></span> <span class='ocrx_word' id='word_1_467' title='bbox 2848 1956 3152 2021; x_wconf 87' lang='lat' dir='ltr'><strong>Platonici</strong></span> <span class='ocrx_word' id='word_1_468' title='bbox 3182 1957 3409 2022; x_wconf 84' lang='lat' dir='ltr'><strong>Timaei</strong></span> <span class='ocrx_word' id='word_1_469' title='bbox 3438 1957 3518 2022; x_wconf 93' lang='lat' dir='ltr'><strong>de</strong></span> <span class='ocrx_word' id='word_1_470' title='bbox 3553 1959 3790 2024; x_wconf 90' lang='lat' dir='ltr'><strong>mundo</strong></span> <span class='ocrx_word' id='word_1_471' title='bbox 3816 1963 3977 2048; x_wconf 86' lang='lat' dir='ltr'><strong>ejus-</strong></span> 
     </span>
     <span class='ocr_line' id='line_1_64' title="bbox 2299 2058 3983 2151; baseline 0.004 -29"><span class='ocrx_word' id='word_1_472' title='bbox 2299 2082 2424 2146; x_wconf 90' lang='lat' dir='ltr'><strong>que</strong></span> <span class='ocrx_word' id='word_1_473' title='bbox 2481 2060 2701 2146; x_wconf 87' lang='lat' dir='ltr'><strong>opifice</strong></span> <span class='ocrx_word' id='word_1_474' title='bbox 2758 2058 3070 2146; x_wconf 87' lang='lat' dir='ltr'><strong>hujusque</strong></span> <span class='ocrx_word' id='word_1_475' title='bbox 3123 2060 3415 2125; x_wconf 84' lang='lat' dir='ltr'><strong>ministris</strong></span> <span class='ocrx_word' id='word_1_476' title='bbox 3466 2078 3530 2125; x_wconf 92' lang='lat' dir='ltr'><strong>et</strong></span> <span class='ocrx_word' id='word_1_477' title='bbox 3580 2061 3660 2126; x_wconf 92' lang='lat' dir='ltr'><strong>de</strong></span> <span class='ocrx_word' id='word_1_478' title='bbox 3719 2078 3983 2151; x_wconf 91' lang='lat' dir='ltr'><strong>utraque</strong></span> 
     </span>
     <span class='ocr_line' id='line_1_65' title="bbox 2300 2161 3985 2249; baseline 0.003 -25"><span class='ocrx_word' id='word_1_479' title='bbox 2300 2161 2527 2239; x_wconf 87' lang='lat' dir='ltr'><strong>anima,</strong></span> <span class='ocrx_word' id='word_1_480' title='bbox 2558 2177 2619 2226; x_wconf 91' lang='lat' dir='ltr'><strong>et</strong></span> <span class='ocrx_word' id='word_1_481' title='bbox 2665 2161 2990 2225; x_wconf 81' lang='lat' dir='ltr'><strong>universali</strong></span> <span class='ocrx_word' id='word_1_482' title='bbox 3037 2176 3098 2225; x_wconf 92' lang='lat' dir='ltr'><strong>et</strong></span> <span class='ocrx_word' id='word_1_483' title='bbox 3142 2161 3459 2249; x_wconf 81' lang='lat' dir='ltr'><strong>singulari,</strong></span> <span class='ocrx_word' id='word_1_484' title='bbox 3493 2163 3619 2227; x_wconf 86' lang='lat' dir='ltr'><strong>sive</strong></span> <span class='ocrx_word' id='word_1_485' title='bbox 3659 2164 3738 2228; x_wconf 93' lang='lat' dir='ltr'><strong>de</strong></span> <span class='ocrx_word' id='word_1_486' title='bbox 3780 2165 3985 2229; x_wconf 89' lang='lat' dir='ltr'><strong>anima</strong></span> 
     </span>
     <span class='ocr_line' id='line_1_66' title="bbox 2302 2266 3630 2356; baseline -0.001 -25"><span class='ocrx_word' id='word_1_487' title='bbox 2302 2267 2520 2331; x_wconf 90' lang='lat' dir='ltr'><strong>mundi</strong></span> <span class='ocrx_word' id='word_1_488' title='bbox 2548 2284 2612 2332; x_wconf 88' lang='lat' dir='ltr'><strong>et</strong></span> <span class='ocrx_word' id='word_1_489' title='bbox 2639 2266 2963 2332; x_wconf 82' lang='lat' dir='ltr'><strong>animabus</strong></span> <span class='ocrx_word' id='word_1_490' title='bbox 2991 2266 3242 2354; x_wconf 89' lang='lat' dir='ltr'><strong>reliquis</strong></span> <span class='ocrx_word' id='word_1_491' title='bbox 3270 2291 3331 2355; x_wconf 87' lang='lat' dir='ltr'><strong>p.</strong></span> <span class='ocrx_word' id='word_1_492' title='bbox 3354 2288 3457 2348; x_wconf 90' lang='lat'><strong>41.</strong></span> <span class='ocrx_word' id='word_1_493' title='bbox 3494 2292 3630 2356; x_wconf 91' lang='lat' dir='ltr'><strong>sqq.</strong></span> 
     </span>
    </p>

    <p class='ocr_par' dir='ltr' id='par_1_9' title="bbox 2297 2369 3991 5535">
     <span class='ocr_line' id='line_1_67' title="bbox 2387 2369 3981 2457; baseline 0.002 -24"><span class='ocrx_word' id='word_1_494' title='bbox 2387 2393 2448 2457; x_wconf 92' lang='lat' dir='ltr'><strong>p.</strong></span> <span class='ocrx_word' id='word_1_495' title='bbox 2476 2371 2623 2453; x_wconf 92' lang='lat'><strong>876,</strong></span> <span class='ocrx_word' id='word_1_496' title='bbox 2647 2390 2704 2434; x_wconf 91' lang='lat'><strong>2.</strong></span> <span class='ocrx_word' id='word_1_497' title='bbox 2754 2369 2868 2434; x_wconf 83' lang='grc' dir='ltr'><strong>Διὸ</strong></span> <span class='ocrx_word' id='word_1_498' title='bbox 2889 2371 2989 2434; x_wconf 87' lang='grc' dir='ltr'><strong>καί</strong></span> <span class='ocrx_word' id='word_1_499' title='bbox 3013 2378 3164 2452; x_wconf 87' lang='grc' dir='ltr'>φησι</span> <span class='ocrx_word' id='word_1_500' title='bbox 3194 2372 3288 2434; x_wconf 85' lang='grc' dir='ltr'><strong>καὶ</strong></span> <span class='ocrx_word' id='word_1_501' title='bbox 3320 2372 3429 2450; x_wconf 79' lang='grc' dir='ltr'><strong>τὴν</strong></span> <span class='ocrx_word' id='word_1_502' title='bbox 3461 2371 3750 2453; x_wconf 86' lang='grc' dir='ltr'>ἡμετέραν</span> <span class='ocrx_word' id='word_1_503' title='bbox 3780 2376 3833 2436; x_wconf 73' lang='grc' dir='ltr'><strong>εἰ</strong></span> <span class='ocrx_word' id='word_1_504' title='bbox 3858 2373 3981 2453; x_wconf 90' lang='grc' dir='ltr'>μετ’</span> 
     </span>
     <span class='ocr_line' id='line_1_68' title="bbox 2304 2471 3982 2556; baseline 0.001 -18"><span class='ocrx_word' id='word_1_505' title='bbox 2304 2475 2528 2554; x_wconf 77' lang='grc' dir='ltr'>ἐκείνης</span> <span class='ocrx_word' id='word_1_506' title='bbox 2563 2473 2799 2555; x_wconf 89' lang='grc' dir='ltr'>γένοιτο</span> <span class='ocrx_word' id='word_1_507' title='bbox 2832 2471 3061 2547; x_wconf 82' lang='grc' dir='ltr'>τελέας,</span> <span class='ocrx_word' id='word_1_508' title='bbox 3092 2478 3491 2538; x_wconf 89' lang='grc' dir='ltr'>τελεωθεῖσαν</span> <span class='ocrx_word' id='word_1_509' title='bbox 3522 2475 3614 2538; x_wconf 80' lang='grc' dir='ltr'><strong>καὶ</strong></span> <span class='ocrx_word' id='word_1_510' title='bbox 3644 2476 3845 2555; x_wconf 73' lang='grc' dir='ltr'>αὐτὴν,</span> <span class='ocrx_word' id='word_1_511' title='bbox 3875 2501 3982 2556; x_wconf 87' lang='grc' dir='ltr'><strong>με-</strong></span> 
     </span>
     <span class='ocr_line' id='line_1_69' title="bbox 2300 2575 3984 2662; baseline 0.001 -22"><span class='ocrx_word' id='word_1_512' title='bbox 2300 2582 2709 2658; x_wconf 85' lang='grc' dir='ltr'>τεωροπορεῖν,</span> <span class='ocrx_word' id='word_1_513' title='bbox 2744 2576 2839 2640; x_wconf 82' lang='grc' dir='ltr'><strong>καὶ</strong></span> <span class='ocrx_word' id='word_1_514' title='bbox 2879 2575 3075 2640; x_wconf 88' lang='grc' dir='ltr'>πάντα</span> <span class='ocrx_word' id='word_1_515' title='bbox 3112 2575 3217 2639; x_wconf 83' lang='grc' dir='ltr'><strong>τὸν</strong></span> <span class='ocrx_word' id='word_1_516' title='bbox 3255 2577 3480 2655; x_wconf 89' lang='grc' dir='ltr'>κόσμον</span> <span class='ocrx_word' id='word_1_517' title='bbox 3510 2580 3796 2662; x_wconf 88' lang='grc' dir='ltr'>διοικεῖν.]</span> <span class='ocrx_word' id='word_1_518' title='bbox 3851 2578 3984 2642; x_wconf 84' lang='lat' dir='ltr'><strong>Pri-</strong></span> 
     </span>
     <span class='ocr_line' id='line_1_70' title="bbox 2303 2677 3986 2766; baseline 0.002 -24"><span class='ocrx_word' id='word_1_519' title='bbox 2303 2701 2471 2742; x_wconf 90' lang='lat' dir='ltr'><strong>mum</strong></span> <span class='ocrx_word' id='word_1_520' title='bbox 2506 2678 2651 2742; x_wconf 89' lang='lat' dir='ltr'><strong>dedi</strong></span> <span class='ocrx_word' id='word_1_521' title='bbox 2680 2702 2757 2742; x_wconf 90' lang='lat' dir='ltr'><strong>ex</strong></span> <span class='ocrx_word' id='word_1_522' title='bbox 2798 2677 3049 2766; x_wconf 88' lang='lat' dir='ltr'><strong>optimis</strong></span> <span class='ocrx_word' id='word_1_523' title='bbox 3077 2677 3246 2742; x_wconf 86' lang='lat' dir='ltr'><strong>libris</strong></span> <span class='ocrx_word' id='word_1_524' title='bbox 3279 2678 3500 2743; x_wconf 87' lang='lat' dir='ltr'><strong>nostris</strong></span> <span class='ocrx_word' id='word_1_525' title='bbox 3532 2679 3594 2742; x_wconf 91' lang='lat' dir='ltr'><strong>h.</strong></span> <span class='ocrx_word' id='word_1_526' title='bbox 3615 2678 3656 2742; x_wconf 90' lang='lat' dir='ltr'><strong>l.</strong></span> <span class='ocrx_word' id='word_1_527' title='bbox 3686 2681 3896 2749; x_wconf 88' lang='grc' dir='ltr'>τελέας</span> <span class='ocrx_word' id='word_1_528' title='bbox 3923 2698 3986 2746; x_wconf 91' lang='lat' dir='ltr'><strong>et</strong></span> 
     </span>
     <span class='ocr_line' id='line_1_71' title="bbox 2300 2780 3987 2859; baseline 0.002 -14"><span class='ocrx_word' id='word_1_529' title='bbox 2300 2787 2721 2859; x_wconf 83' lang='grc' dir='ltr'>τελεωθεῖσαν,</span> <span class='ocrx_word' id='word_1_530' title='bbox 2751 2781 2894 2845; x_wconf 90' lang='lat' dir='ltr'><strong>licet</strong></span> <span class='ocrx_word' id='word_1_531' title='bbox 2935 2780 3069 2845; x_wconf 88' lang='lat' dir='ltr'><strong>aliis</strong></span> <span class='ocrx_word' id='word_1_532' title='bbox 3115 2782 3176 2844; x_wconf 89' lang='lat' dir='ltr'><strong>in</strong></span> <span class='ocrx_word' id='word_1_533' title='bbox 3216 2780 3384 2858; x_wconf 76' lang='lat' dir='ltr'><strong>lociS,</strong></span> <span class='ocrx_word' id='word_1_534' title='bbox 3434 2781 3540 2845; x_wconf 91' lang='lat' dir='ltr'><strong>ubi</strong></span> <span class='ocrx_word' id='word_1_535' title='bbox 3584 2781 3723 2846; x_wconf 91' lang='lat' dir='ltr'><strong>libri</strong></span> <span class='ocrx_word' id='word_1_536' title='bbox 3769 2783 3987 2848; x_wconf 86' lang='lat' dir='ltr'><strong>suade-</strong></span> 
     </span>
     <span class='ocr_line' id='line_1_72' title="bbox 2302 2883 3984 2952; baseline 0.002 -5"><span class='ocrx_word' id='word_1_537' title='bbox 2302 2884 2454 2948; x_wconf 86' lang='lat' dir='ltr'><strong>bant</strong></span> <span class='ocrx_word' id='word_1_538' title='bbox 2481 2883 2542 2947; x_wconf 88' lang='lat' dir='ltr'><strong>in</strong></span> <span class='ocrx_word' id='word_1_539' title='bbox 2577 2900 2785 2948; x_wconf 88' lang='lat' dir='ltr'><strong>nostro</strong></span> <span class='ocrx_word' id='word_1_540' title='bbox 2815 2883 3039 2949; x_wconf 89' lang='lat' dir='ltr'><strong>retinui</strong></span> <span class='ocrx_word' id='word_1_541' title='bbox 3061 2886 3294 2952; x_wconf 81' lang='grc' dir='ltr'>τελείας</span> <span class='ocrx_word' id='word_1_542' title='bbox 3322 2912 3374 2948; x_wconf 92' lang='grc' dir='ltr'>κ.</span> <span class='ocrx_word' id='word_1_543' title='bbox 3396 2912 3450 2949; x_wconf 83' lang='grc' dir='ltr'>τ.</span> <span class='ocrx_word' id='word_1_544' title='bbox 3472 2893 3531 2948; x_wconf 92' lang='grc' dir='ltr'><strong>λ.</strong></span> <span class='ocrx_word' id='word_1_545' title='bbox 3601 2885 3895 2951; x_wconf 87' lang='lat' dir='ltr'><strong>Similiter</strong></span> <span class='ocrx_word' id='word_1_546' title='bbox 3922 2887 3984 2951; x_wconf 90' lang='lat' dir='ltr'><strong>in</strong></span> 
     </span>
     <span class='ocr_line' id='line_1_73' title="bbox 2305 2985 3984 3076; baseline 0.002 -26"><span class='ocrx_word' id='word_1_547' title='bbox 2305 2985 2585 3050; x_wconf 87' lang='lat' dir='ltr'><strong>Platonis</strong></span> <span class='ocrx_word' id='word_1_548' title='bbox 2632 2989 2919 3073; x_wconf 90' lang='lat' dir='ltr'><strong>Sympos.</strong></span> <span class='ocrx_word' id='word_1_549' title='bbox 2970 3010 3035 3074; x_wconf 93' lang='lat' dir='ltr'><strong>p.</strong></span> <span class='ocrx_word' id='word_1_550' title='bbox 3072 2987 3216 3052; x_wconf 88' lang='lat'><strong>208.</strong></span> <span class='ocrx_word' id='word_1_551' title='bbox 3270 3010 3326 3050; x_wconf 94' lang='lat' dir='ltr'><strong>c.</strong></span> <span class='ocrx_word' id='word_1_552' title='bbox 3384 2986 3706 3052; x_wconf 83' lang='lat' dir='ltr'><strong>Bekkerus</strong></span> <span class='ocrx_word' id='word_1_553' title='bbox 3743 3012 3810 3076; x_wconf 94' lang='lat' dir='ltr'><strong>p.</strong></span> <span class='ocrx_word' id='word_1_554' title='bbox 3837 3010 3984 3076; x_wconf 82' lang='lat'><strong>439.</strong></span> 
     </span>
     <span class='ocr_line' id='line_1_74' title="bbox 2303 3088 3989 3178; baseline 0.003 -26"><span class='ocrx_word' id='word_1_555' title='bbox 2303 3088 2476 3152; x_wconf 88' lang='lat' dir='ltr'><strong>dedit</strong></span> <span class='ocrx_word' id='word_1_556' title='bbox 2504 3088 2702 3153; x_wconf 88' lang='grc' dir='ltr'>τέλεοι</span> <span class='ocrx_word' id='word_1_557' title='bbox 2738 3111 2855 3177; x_wconf 88' lang='lat' dir='ltr'><strong>pro</strong></span> <span class='ocrx_word' id='word_1_558' title='bbox 2896 3089 3132 3163; x_wconf 86' lang='grc' dir='ltr'>τέλειοι,</span> <span class='ocrx_word' id='word_1_559' title='bbox 3167 3089 3256 3153; x_wconf 88' lang='lat' dir='ltr'><strong>uti</strong></span> <span class='ocrx_word' id='word_1_560' title='bbox 3298 3089 3360 3152; x_wconf 89' lang='lat' dir='ltr'><strong>in</strong></span> <span class='ocrx_word' id='word_1_561' title='bbox 3408 3089 3669 3178; x_wconf 83' lang='lat' dir='ltr'><strong>Cratylo</strong></span> <span class='ocrx_word' id='word_1_562' title='bbox 3708 3090 3857 3156; x_wconf 88' lang='lat' dir='ltr'><strong>item</strong></span> <span class='ocrx_word' id='word_1_563' title='bbox 3884 3117 3989 3157; x_wconf 84' lang='lat' dir='ltr'><strong>va-</strong></span> 
     </span>
     <span class='ocr_line' id='line_1_75' title="bbox 2303 3190 3991 3282; baseline 0.002 -26"><span class='ocrx_word' id='word_1_564' title='bbox 2303 3192 2501 3256; x_wconf 89' lang='lat' dir='ltr'><strong>riatur</strong></span> <span class='ocrx_word' id='word_1_565' title='bbox 2529 3215 2594 3279; x_wconf 92' lang='lat' dir='ltr'><strong>p.</strong></span> <span class='ocrx_word' id='word_1_566' title='bbox 2614 3212 2766 3277; x_wconf 83' lang='lat'><strong>403.</strong></span> <span class='ocrx_word' id='word_1_567' title='bbox 2795 3215 2849 3256; x_wconf 92' lang='lat' dir='ltr'><strong>e.</strong></span> <span class='ocrx_word' id='word_1_568' title='bbox 2885 3190 2993 3255; x_wconf 90' lang='lat' dir='ltr'><strong>ubi</strong></span> <span class='ocrx_word' id='word_1_569' title='bbox 3017 3191 3140 3255; x_wconf 86' lang='lat' dir='ltr'><strong>vid.</strong></span> <span class='ocrx_word' id='word_1_570' title='bbox 3176 3192 3506 3257; x_wconf 83' lang='lat' dir='ltr'><strong>Heindorf.</strong></span> <span class='ocrx_word' id='word_1_571' title='bbox 3575 3195 3853 3282; x_wconf 87' lang='lat' dir='ltr'><strong>Respicit</strong></span> <span class='ocrx_word' id='word_1_572' title='bbox 3881 3220 3991 3260; x_wconf 90' lang='lat' dir='ltr'><strong>au-</strong></span> 
     </span>
     <span class='ocr_line' id='line_1_76' title="bbox 2305 3293 3985 3364; baseline 0.002 -3"><span class='ocrx_word' id='word_1_573' title='bbox 2305 3312 2426 3361; x_wconf 90' lang='lat' dir='ltr'><strong>tem</strong></span> <span class='ocrx_word' id='word_1_574' title='bbox 2470 3294 2747 3361; x_wconf 81' lang='lat' dir='ltr'><strong>Plotinus</strong></span> <span class='ocrx_word' id='word_1_575' title='bbox 2786 3293 2885 3359; x_wconf 89' lang='lat' dir='ltr'><strong>hic</strong></span> <span class='ocrx_word' id='word_1_576' title='bbox 2929 3294 3195 3359; x_wconf 89' lang='lat' dir='ltr'><strong>eundem</strong></span> <span class='ocrx_word' id='word_1_577' title='bbox 3233 3294 3434 3361; x_wconf 87' lang='lat' dir='ltr'><strong>locum</strong></span> <span class='ocrx_word' id='word_1_578' title='bbox 3485 3297 3736 3363; x_wconf 86' lang='lat' dir='ltr'><strong>Phaedri</strong></span> <span class='ocrx_word' id='word_1_579' title='bbox 3784 3297 3985 3364; x_wconf 91' lang='lat' dir='ltr'><strong>Plato-</strong></span> 
     </span>
     <span class='ocr_line' id='line_1_77' title="bbox 2305 3399 3984 3486; baseline 0.001 -23"><span class='ocrx_word' id='word_1_580' title='bbox 2305 3399 2447 3474; x_wconf 86' lang='lat' dir='ltr'><strong>nici,</strong></span> <span class='ocrx_word' id='word_1_581' title='bbox 2490 3422 2677 3486; x_wconf 90' lang='lat' dir='ltr'><strong>quem</strong></span> <span class='ocrx_word' id='word_1_582' title='bbox 2722 3421 2911 3486; x_wconf 87' lang='lat' dir='ltr'><strong>supra</strong></span> <span class='ocrx_word' id='word_1_583' title='bbox 2948 3412 3302 3486; x_wconf 84' lang='lat' dir='ltr'><strong>respexerat</strong></span> <span class='ocrx_word' id='word_1_584' title='bbox 3344 3423 3400 3486; x_wconf 90' lang='lat' dir='ltr'><strong>p.</strong></span> <span class='ocrx_word' id='word_1_585' title='bbox 3426 3403 3571 3485; x_wconf 87' lang='lat'><strong>376.</strong></span> <span class='ocrx_word' id='word_1_586' title='bbox 3601 3402 3685 3466; x_wconf 87' lang='lat' dir='ltr'><strong>G.</strong></span> <span class='ocrx_word' id='word_1_587' title='bbox 3736 3401 3875 3484; x_wconf 91' lang='lat' dir='ltr'><strong>(ubi</strong></span> <span class='ocrx_word' id='word_1_588' title='bbox 3905 3403 3984 3467; x_wconf 85' lang='lat' dir='ltr'><strong>cf.</strong></span> 
     </span>
     <span class='ocr_line' id='line_1_78' title="bbox 2301 3501 3980 3589; baseline -0.001 -22"><span class='ocrx_word' id='word_1_589' title='bbox 2301 3517 2513 3567; x_wconf 82' lang='lat' dir='ltr'><strong>annot.</strong></span> <span class='ocrx_word' id='word_1_590' title='bbox 2546 3505 2769 3583; x_wconf 89' lang='lat' dir='ltr'><strong>nostr.)</strong></span> <span class='ocrx_word' id='word_1_591' title='bbox 2801 3518 2863 3565; x_wconf 92' lang='lat' dir='ltr'><strong>et</strong></span> <span class='ocrx_word' id='word_1_592' title='bbox 2898 3523 3115 3565; x_wconf 86' lang='lat' dir='ltr'><strong>rursus</strong></span> <span class='ocrx_word' id='word_1_593' title='bbox 3156 3501 3405 3588; x_wconf 87' lang='lat' dir='ltr'><strong>respicit</strong></span> <span class='ocrx_word' id='word_1_594' title='bbox 3447 3501 3609 3565; x_wconf 86' lang='lat' dir='ltr'><strong>infra</strong></span> <span class='ocrx_word' id='word_1_595' title='bbox 3645 3525 3709 3589; x_wconf 93' lang='lat' dir='ltr'><strong>p.</strong></span> <span class='ocrx_word' id='word_1_596' title='bbox 3731 3503 3879 3586; x_wconf 86' lang='grc'><strong><em>548.</em></strong></span> <span class='ocrx_word' id='word_1_597' title='bbox 3907 3506 3980 3567; x_wconf 92' lang='lat' dir='ltr'><strong>F.</strong></span> 
     </span>
     <span class='ocr_line' id='line_1_79' title="bbox 2306 3602 3985 3692; baseline -0.001 -23"><span class='ocrx_word' id='word_1_598' title='bbox 2306 3607 2615 3692; x_wconf 87' lang='lat' dir='ltr'><strong>Repetam</strong></span> <span class='ocrx_word' id='word_1_599' title='bbox 2668 3603 2858 3667; x_wconf 80' lang='lat' dir='ltr'><strong>verba</strong></span> <span class='ocrx_word' id='word_1_600' title='bbox 2904 3602 3181 3667; x_wconf 89' lang='lat' dir='ltr'><strong>Platonis</strong></span> <span class='ocrx_word' id='word_1_601' title='bbox 3231 3625 3295 3689; x_wconf 93' lang='lat' dir='ltr'><strong>p.</strong></span> <span class='ocrx_word' id='word_1_602' title='bbox 3329 3608 3467 3684; x_wconf 89' lang='lat'><strong>246.</strong></span> <span class='ocrx_word' id='word_1_603' title='bbox 3511 3603 3576 3667; x_wconf 92' lang='lat' dir='ltr'><strong>b.</strong></span> <span class='ocrx_word' id='word_1_604' title='bbox 3607 3620 3682 3668; x_wconf 89' lang='lat' dir='ltr'><strong>c:</strong></span> <span class='ocrx_word' id='word_1_605' title='bbox 3729 3606 3766 3683; x_wconf 83' lang='grc' dir='ltr'><strong><em>ἦ</em></strong></span> <span class='ocrx_word' id='word_1_606' title='bbox 3814 3607 3985 3688; x_wconf 80' lang='grc' dir='ltr'>ψυχὴ</span> 
     </span>
     <span class='ocr_line' id='line_1_80' title="bbox 2302 3705 3986 3789; baseline -0.001 -16"><span class='ocrx_word' id='word_1_607' title='bbox 2302 3714 2468 3773; x_wconf 83' lang='grc' dir='ltr'>πᾶσα</span> <span class='ocrx_word' id='word_1_608' title='bbox 2494 3707 2718 3774; x_wconf 86' lang='grc' dir='ltr'>παντὸς</span> <span class='ocrx_word' id='word_1_609' title='bbox 2756 3708 3114 3785; x_wconf 75' lang='grc' dir='ltr'>ἐπιμελεῖται</span> <span class='ocrx_word' id='word_1_610' title='bbox 3142 3709 3247 3768; x_wconf 87' lang='grc' dir='ltr'><strong>τοῦ</strong></span> <span class='ocrx_word' id='word_1_611' title='bbox 3284 3706 3542 3789; x_wconf 74' lang='grc' dir='ltr'>ἀψύχου,</span> <span class='ocrx_word' id='word_1_612' title='bbox 3573 3705 3768 3770; x_wconf 89' lang='grc' dir='ltr'>πάντα</span> <span class='ocrx_word' id='word_1_613' title='bbox 3796 3710 3861 3771; x_wconf 82' lang='grc' dir='ltr'>δὲ</span> <span class='ocrx_word' id='word_1_614' title='bbox 3891 3709 3986 3771; x_wconf 84' lang='grc' dir='ltr'>οὐ-</span> 
     </span>
     <span class='ocr_line' id='line_1_81' title="bbox 2299 3809 3978 3892; baseline -0.001 -17"><span class='ocrx_word' id='word_1_615' title='bbox 2299 3812 2485 3892; x_wconf 82' lang='grc' dir='ltr'>ρανὸν</span> <span class='ocrx_word' id='word_1_616' title='bbox 2506 3816 2834 3891; x_wconf 88' lang='grc' dir='ltr'>περιπολεῖ,</span> <span class='ocrx_word' id='word_1_617' title='bbox 2867 3810 3090 3872; x_wconf 75' lang='grc' dir='ltr'>ἄλλοτε</span> <span class='ocrx_word' id='word_1_618' title='bbox 3120 3810 3186 3871; x_wconf 79' lang='grc' dir='ltr'><strong>ἐν</strong></span> <span class='ocrx_word' id='word_1_619' title='bbox 3207 3809 3418 3874; x_wconf 76' lang='grc' dir='ltr'>ἄλλοις</span> <span class='ocrx_word' id='word_1_620' title='bbox 3435 3811 3619 3872; x_wconf 79' lang='grc' dir='ltr'>εἴδεσι</span> <span class='ocrx_word' id='word_1_621' title='bbox 3640 3810 3978 3891; x_wconf 84' lang='grc' dir='ltr'>γιγνομένη.</span> 
     </span>
     <span class='ocr_line' id='line_1_82' title="bbox 2299 3910 3991 3994; baseline -0.001 -18"><span class='ocrx_word' id='word_1_622' title='bbox 2299 3913 2480 3977; x_wconf 85' lang='grc' dir='ltr'>τελέα</span> <span class='ocrx_word' id='word_1_623' title='bbox 2519 3915 2632 3993; x_wconf 76' lang='grc' dir='ltr'><strong>μὲν</strong></span> <span class='ocrx_word' id='word_1_624' title='bbox 2670 3914 2776 3976; x_wconf 76' lang='grc' dir='ltr'><strong>οὖν</strong></span> <span class='ocrx_word' id='word_1_625' title='bbox 2820 3913 2973 3976; x_wconf 77' lang='grc' dir='ltr'>οὖσα</span> <span class='ocrx_word' id='word_1_626' title='bbox 3011 3912 3106 3976; x_wconf 81' lang='grc' dir='ltr'><strong>καὶ</strong></span> <span class='ocrx_word' id='word_1_627' title='bbox 3152 3910 3520 3992; x_wconf 79' lang='grc' dir='ltr'>ἑπτερωμένη</span> <span class='ocrx_word' id='word_1_628' title='bbox 3557 3918 3991 3994; x_wconf 88' lang='grc' dir='ltr'>μετεωροπορεῖ</span> 
     </span>
     <span class='ocr_line' id='line_1_83' title="bbox 2300 4014 3981 4094; baseline 0.001 -16"><span class='ocrx_word' id='word_1_629' title='bbox 2300 4041 2365 4079; x_wconf 89' lang='grc' dir='ltr'><strong>τε</strong></span> <span class='ocrx_word' id='word_1_630' title='bbox 2407 4016 2502 4079; x_wconf 85' lang='grc' dir='ltr'><strong>καὶ</strong></span> <span class='ocrx_word' id='word_1_631' title='bbox 2536 4014 2733 4079; x_wconf 89' lang='grc' dir='ltr'>πάντα</span> <span class='ocrx_word' id='word_1_632' title='bbox 2770 4015 2876 4079; x_wconf 85' lang='grc' dir='ltr'><strong>τὸν</strong></span> <span class='ocrx_word' id='word_1_633' title='bbox 2916 4015 3140 4094; x_wconf 83' lang='grc' dir='ltr'>κόσμον</span> <span class='ocrx_word' id='word_1_634' title='bbox 3174 4019 3393 4078; x_wconf 89' lang='grc' dir='ltr'>διοικεῖ.</span> <span class='ocrx_word' id='word_1_635' title='bbox 3488 4015 3670 4079; x_wconf 88' lang='lat' dir='ltr'><strong>Hanc</strong></span> <span class='ocrx_word' id='word_1_636' title='bbox 3716 4014 3981 4079; x_wconf 76' lang='lat' dir='ltr'><strong>Beklteri</strong></span> 
     </span>
     <span class='ocr_line' id='line_1_84' title="bbox 2300 4115 3980 4206; baseline 0.002 -27"><span class='ocrx_word' id='word_1_637' title='bbox 2300 4115 2620 4181; x_wconf 89' lang='lat' dir='ltr'><strong>lectionem</strong></span> <span class='ocrx_word' id='word_1_638' title='bbox 2669 4116 2852 4181; x_wconf 89' lang='lat' dir='ltr'><strong>etiam</strong></span> <span class='ocrx_word' id='word_1_639' title='bbox 2898 4140 3086 4205; x_wconf 86' lang='lat' dir='ltr'><strong>supra</strong></span> <span class='ocrx_word' id='word_1_640' title='bbox 3139 4132 3387 4181; x_wconf 89' lang='lat' dir='ltr'><strong>secutus</strong></span> <span class='ocrx_word' id='word_1_641' title='bbox 3430 4141 3566 4182; x_wconf 92' lang='lat' dir='ltr'><strong>sum</strong></span> <span class='ocrx_word' id='word_1_642' title='bbox 3611 4142 3676 4206; x_wconf 91' lang='lat' dir='ltr'><strong>p.</strong></span> <span class='ocrx_word' id='word_1_643' title='bbox 3707 4121 3856 4205; x_wconf 82' lang='lat'><strong>376.</strong></span> <span class='ocrx_word' id='word_1_644' title='bbox 3893 4119 3980 4184; x_wconf 90' lang='lat' dir='ltr'><strong>G.</strong></span> 
     </span>
     <span class='ocr_line' id='line_1_85' title="bbox 2303 4219 3980 4303; baseline -0.001 -18"><span class='ocrx_word' id='word_1_645' title='bbox 2303 4220 2508 4285; x_wconf 88' lang='lat' dir='ltr'><strong>Ceteri</strong></span> <span class='ocrx_word' id='word_1_646' title='bbox 2536 4227 2988 4303; x_wconf 84' lang='grc' dir='ltr'>μετεωροπολεῖ,</span> <span class='ocrx_word' id='word_1_647' title='bbox 3022 4221 3128 4285; x_wconf 85' lang='lat' dir='ltr'><strong>sed</strong></span> <span class='ocrx_word' id='word_1_648' title='bbox 3158 4219 3323 4284; x_wconf 87' lang='lat' dir='ltr'><strong>illam</strong></span> <span class='ocrx_word' id='word_1_649' title='bbox 3365 4221 3731 4285; x_wconf 83' lang='lat' dir='ltr'><strong>confirmant</strong></span> <span class='ocrx_word' id='word_1_650' title='bbox 3773 4221 3980 4286; x_wconf 89' lang='lat' dir='ltr'><strong>Codd.</strong></span> 
     </span>
     <span class='ocr_line' id='line_1_86' title="bbox 2299 4318 3982 4411; baseline 0.001 -25"><span class='ocrx_word' id='word_1_651' title='bbox 2299 4346 2397 4408; x_wconf 88' lang='lat' dir='ltr'><strong>ap.</strong></span> <span class='ocrx_word' id='word_1_652' title='bbox 2432 4322 2789 4387; x_wconf 87' lang='lat' dir='ltr'><strong>Bekkerum</strong></span> <span class='ocrx_word' id='word_1_653' title='bbox 2835 4318 3109 4409; x_wconf 87' lang='lat' dir='ltr'><strong>plurimi,</strong></span> <span class='ocrx_word' id='word_1_654' title='bbox 3137 4323 3460 4388; x_wconf 83' lang='lat' dir='ltr'><strong>confirmat</strong></span> <span class='ocrx_word' id='word_1_655' title='bbox 3490 4324 3673 4389; x_wconf 86' lang='lat' dir='ltr'><strong>etiam</strong></span> <span class='ocrx_word' id='word_1_656' title='bbox 3709 4325 3982 4411; x_wconf 90' lang='lat' dir='ltr'><strong>optimus</strong></span> 
     </span>
     <span class='ocr_line' id='line_1_87' title="bbox 2301 4423 3981 4514; baseline 0.001 -25"><span class='ocrx_word' id='word_1_657' title='bbox 2301 4423 2698 4490; x_wconf 79' lang='lat' dir='ltr'><strong>Bodleiauus,</strong></span> <span class='ocrx_word' id='word_1_658' title='bbox 2791 4425 2960 4504; x_wconf 81' lang='lat' dir='ltr'><strong>Quid</strong></span> <span class='ocrx_word' id='word_1_659' title='bbox 3000 4425 3281 4514; x_wconf 85' lang='lat' dir='ltr'><strong>quaeris?</strong></span> <span class='ocrx_word' id='word_1_660' title='bbox 3328 4427 3537 4490; x_wconf 88' lang='lat' dir='ltr'><strong>Etiam</strong></span> <span class='ocrx_word' id='word_1_661' title='bbox 3592 4426 3864 4492; x_wconf 87' lang='lat' dir='ltr'><strong>Plotinus</strong></span> <span class='ocrx_word' id='word_1_662' title='bbox 3918 4428 3981 4491; x_wconf 88' lang='lat' dir='ltr'><strong>in</strong></span> 
     </span>
     <span class='ocr_line' id='line_1_88' title="bbox 2297 4527 3983 4618; baseline 0.002 -27"><span class='ocrx_word' id='word_1_663' title='bbox 2297 4528 2424 4591; x_wconf 87' lang='lat' dir='ltr'><strong>suis</strong></span> <span class='ocrx_word' id='word_1_664' title='bbox 2455 4528 2711 4615; x_wconf 89' lang='lat' dir='ltr'><strong>papyris</strong></span> <span class='ocrx_word' id='word_1_665' title='bbox 2737 4528 2826 4594; x_wconf 91' lang='lat' dir='ltr'><strong>ita</strong></span> <span class='ocrx_word' id='word_1_666' title='bbox 2853 4527 3023 4615; x_wconf 85' lang='lat' dir='ltr'><strong>legit.</strong></span> <span class='ocrx_word' id='word_1_667' title='bbox 3090 4529 3252 4592; x_wconf 90' lang='lat' dir='ltr'><strong>Nam</strong></span> <span class='ocrx_word' id='word_1_668' title='bbox 3283 4527 3444 4591; x_wconf 91' lang='lat' dir='ltr'><strong>hanc</strong></span> <span class='ocrx_word' id='word_1_669' title='bbox 3473 4529 3733 4593; x_wconf 90' lang='lat' dir='ltr'><strong>formam</strong></span> <span class='ocrx_word' id='word_1_670' title='bbox 3764 4554 3983 4618; x_wconf 86' lang='lat' dir='ltr'><strong>agnos-</strong></span> 
     </span>
     <span class='ocr_line' id='line_1_89' title="bbox 2297 4630 3982 4717; baseline 0.002 -23"><span class='ocrx_word' id='word_1_671' title='bbox 2297 4648 2446 4694; x_wconf 87' lang='lat' dir='ltr'><strong>cunt</strong></span> <span class='ocrx_word' id='word_1_672' title='bbox 2475 4630 2716 4695; x_wconf 89' lang='lat' dir='ltr'><strong>codices</strong></span> <span class='ocrx_word' id='word_1_673' title='bbox 2745 4630 2944 4695; x_wconf 88' lang='lat' dir='ltr'><strong>tribus</strong></span> <span class='ocrx_word' id='word_1_674' title='bbox 2974 4630 3142 4709; x_wconf 91' lang='lat' dir='ltr'><strong>locis,</strong></span> <span class='ocrx_word' id='word_1_675' title='bbox 3173 4653 3332 4717; x_wconf 89' lang='lat' dir='ltr'><strong>quos</strong></span> <span class='ocrx_word' id='word_1_676' title='bbox 3360 4630 3705 4712; x_wconf 84' lang='lat' dir='ltr'><strong>citavimus,</strong></span> <span class='ocrx_word' id='word_1_677' title='bbox 3735 4649 3797 4698; x_wconf 93' lang='lat' dir='ltr'><strong>et</strong></span> <span class='ocrx_word' id='word_1_678' title='bbox 3826 4633 3982 4697; x_wconf 86' lang='lat' dir='ltr'><strong>illud</strong></span> 
     </span>
     <span class='ocr_line' id='line_1_90' title="bbox 2297 4733 3985 4822; baseline 0.001 -24"><span class='ocrx_word' id='word_1_679' title='bbox 2297 4733 2561 4798; x_wconf 87' lang='lat' dir='ltr'><strong>alterum</strong></span> <span class='ocrx_word' id='word_1_680' title='bbox 2590 4741 3030 4817; x_wconf 85' lang='grc' dir='ltr'>μετεωροπολεῖ</span> <span class='ocrx_word' id='word_1_681' title='bbox 3052 4734 3310 4798; x_wconf 86' lang='lat' dir='ltr'><strong>fortasse</strong></span> <span class='ocrx_word' id='word_1_682' title='bbox 3354 4748 3567 4798; x_wconf 90' lang='lat' dir='ltr'><strong>natum</strong></span> <span class='ocrx_word' id='word_1_683' title='bbox 3600 4750 3690 4799; x_wconf 88' lang='lat' dir='ltr'><strong>est</strong></span> <span class='ocrx_word' id='word_1_684' title='bbox 3720 4759 3795 4799; x_wconf 90' lang='lat' dir='ltr'><strong>ex</strong></span> <span class='ocrx_word' id='word_1_685' title='bbox 3827 4758 3985 4822; x_wconf 83' lang='lat' dir='ltr'><strong>prae-</strong></span> 
     </span>
     <span class='ocr_line' id='line_1_91' title="bbox 2299 4836 3981 4919; baseline 0.001 -20"><span class='ocrx_word' id='word_1_686' title='bbox 2299 4836 2540 4900; x_wconf 89' lang='lat' dir='ltr'><strong>cedenti</strong></span> <span class='ocrx_word' id='word_1_687' title='bbox 2563 4843 2892 4919; x_wconf 88' lang='grc' dir='ltr'>περιπολεῖ.</span> <span class='ocrx_word' id='word_1_688' title='bbox 2941 4836 3063 4901; x_wconf 90' lang='lat' dir='ltr'><strong>Sed</strong></span> <span class='ocrx_word' id='word_1_689' title='bbox 3096 4852 3299 4901; x_wconf 82' lang='lat' dir='ltr'><strong>tamen</strong></span> <span class='ocrx_word' id='word_1_690' title='bbox 3321 4852 3626 4901; x_wconf 85' lang='lat' dir='ltr'><strong>vetustam</strong></span> <span class='ocrx_word' id='word_1_691' title='bbox 3657 4861 3786 4902; x_wconf 88' lang='lat' dir='ltr'><strong>esse</strong></span> <span class='ocrx_word' id='word_1_692' title='bbox 3815 4838 3981 4902; x_wconf 88' lang='lat' dir='ltr'><strong>illam</strong></span> 
     </span>
     <span class='ocr_line' id='line_1_92' title="bbox 2300 4939 3984 5028; baseline 0.002 -26"><span class='ocrx_word' id='word_1_693' title='bbox 2300 4939 2685 5018; x_wconf 87' lang='lat' dir='ltr'><strong>varietatem,</strong></span> <span class='ocrx_word' id='word_1_694' title='bbox 2705 4940 2887 5027; x_wconf 89' lang='lat' dir='ltr'><strong>plura</strong></span> <span class='ocrx_word' id='word_1_695' title='bbox 2907 4954 3201 5028; x_wconf 83' lang='lat' dir='ltr'><strong>arguunt.</strong></span> <span class='ocrx_word' id='word_1_696' title='bbox 3251 4940 3571 5005; x_wconf 89' lang='lat' dir='ltr'><strong>Himerius</strong></span> <span class='ocrx_word' id='word_1_697' title='bbox 3600 4941 3777 5006; x_wconf 88' lang='lat' dir='ltr'><strong>Orat.</strong></span> <span class='ocrx_word' id='word_1_698' title='bbox 3809 4941 3984 5006; x_wconf 86' lang='lat' dir='ltr'><strong>xlv.</strong></span> 
     </span>
     <span class='ocr_line' id='line_1_93' title="bbox 2304 5041 3984 5130; baseline 0.001 -25"><span class='ocrx_word' id='word_1_699' title='bbox 2304 5065 2367 5130; x_wconf 92' lang='lat' dir='ltr'><strong>p.</strong></span> <span class='ocrx_word' id='word_1_700' title='bbox 2392 5046 2539 5128; x_wconf 86' lang='lat'><strong>630.</strong></span> <span class='ocrx_word' id='word_1_701' title='bbox 2587 5043 2977 5108; x_wconf 84' lang='lat' dir='ltr'><strong>Wernsdorf.</strong></span> <span class='ocrx_word' id='word_1_702' title='bbox 3018 5042 3099 5107; x_wconf 91' lang='lat' dir='ltr'><strong>de</strong></span> <span class='ocrx_word' id='word_1_703' title='bbox 3132 5041 3370 5107; x_wconf 84' lang='lat' dir='ltr'><strong>anima:</strong></span> <span class='ocrx_word' id='word_1_704' title='bbox 3420 5043 3460 5107; x_wconf 79' lang='grc' dir='ltr'><strong><em>ἅ</em></strong></span> <span class='ocrx_word' id='word_1_705' title='bbox 3491 5041 3619 5108; x_wconf 84' lang='grc' dir='ltr'>ποτ’</span> <span class='ocrx_word' id='word_1_706' title='bbox 3669 5043 3842 5116; x_wconf 85' lang='grc' dir='ltr'>εἶδεν,</span> <span class='ocrx_word' id='word_1_707' title='bbox 3884 5046 3984 5107; x_wconf 84' lang='grc' dir='ltr'><strong>ὅτε</strong></span> 
     </span>
     <span class='ocr_line' id='line_1_94' title="bbox 2301 5146 3979 5231; baseline 0.001 -21"><span class='ocrx_word' id='word_1_708' title='bbox 2301 5148 2451 5226; x_wconf 74' lang='grc' dir='ltr'>μετὰ</span> <span class='ocrx_word' id='word_1_709' title='bbox 2479 5151 2598 5209; x_wconf 79' lang='grc' dir='ltr'><strong>τῶν</strong></span> <span class='ocrx_word' id='word_1_710' title='bbox 2637 5151 2789 5210; x_wconf 78' lang='grc' dir='ltr'>θεῶν</span> <span class='ocrx_word' id='word_1_711' title='bbox 2825 5146 2961 5229; x_wconf 88' lang='grc' dir='ltr'>περὶ</span> <span class='ocrx_word' id='word_1_712' title='bbox 2998 5146 3106 5210; x_wconf 85' lang='grc' dir='ltr'><strong>τὸν</strong></span> <span class='ocrx_word' id='word_1_713' title='bbox 3144 5146 3397 5228; x_wconf 80' lang='grc' dir='ltr'>οὐρανὸν</span> <span class='ocrx_word' id='word_1_714' title='bbox 3436 5147 3779 5231; x_wconf 69' lang='grc' dir='ltr'>ἐστρέφετο·</span> <span class='ocrx_word' id='word_1_715' title='bbox 3828 5173 3979 5227; x_wconf 67' lang='grc' dir='ltr'>κινη·</span> 
     </span>
     <span class='ocr_line' id='line_1_95' title="bbox 2305 5249 3982 5332; baseline 0.002 -20"><span class='ocrx_word' id='word_1_716' title='bbox 2305 5253 2480 5312; x_wconf 87' lang='grc' dir='ltr'>θεῖσα</span> <span class='ocrx_word' id='word_1_717' title='bbox 2508 5251 2574 5313; x_wconf 76' lang='grc' dir='ltr'>δὲ</span> <span class='ocrx_word' id='word_1_718' title='bbox 2605 5255 3046 5332; x_wconf 87' lang='grc' dir='ltr'>μετεωροπολεῖ</span> <span class='ocrx_word' id='word_1_719' title='bbox 3067 5276 3135 5314; x_wconf 92' lang='grc' dir='ltr'><strong>τε</strong></span> <span class='ocrx_word' id='word_1_720' title='bbox 3178 5250 3272 5313; x_wconf 86' lang='grc' dir='ltr'><strong>καὶ</strong></span> <span class='ocrx_word' id='word_1_721' title='bbox 3311 5249 3415 5313; x_wconf 87' lang='grc' dir='ltr'><strong>τὸν</strong></span> <span class='ocrx_word' id='word_1_722' title='bbox 3446 5251 3571 5315; x_wconf 81' lang='grc' dir='ltr'>ἐκεῖ</span> <span class='ocrx_word' id='word_1_723' title='bbox 3599 5253 3784 5315; x_wconf 88' lang='grc' dir='ltr'>τόπον</span> <span class='ocrx_word' id='word_1_724' title='bbox 3809 5256 3982 5330; x_wconf 76' lang='grc' dir='ltr'>ζητεῖ,</span> 
     </span>
     <span class='ocr_line' id='line_1_96' title="bbox 2306 5349 3984 5440; baseline 0.001 -28"><span class='ocrx_word' id='word_1_725' title='bbox 2306 5351 2401 5413; x_wconf 84' lang='grc' dir='ltr'><strong>καὶ</strong></span> <span class='ocrx_word' id='word_1_726' title='bbox 2457 5354 2532 5415; x_wconf 79' lang='grc' dir='ltr'>τὰ</span> <span class='ocrx_word' id='word_1_727' title='bbox 2572 5353 2717 5415; x_wconf 86' lang='grc' dir='ltr'>ὄντα</span> <span class='ocrx_word' id='word_1_728' title='bbox 2760 5351 3218 5434; x_wconf 80' lang='grc' dir='ltr'>περιεργάζεται·</span> <span class='ocrx_word' id='word_1_729' title='bbox 3298 5349 3524 5415; x_wconf 84' lang='lat' dir='ltr'><strong>Suidas</strong></span> <span class='ocrx_word' id='word_1_730' title='bbox 3579 5352 3677 5416; x_wconf 88' lang='lat' dir='ltr'><strong>II.</strong></span> <span class='ocrx_word' id='word_1_731' title='bbox 3732 5375 3800 5440; x_wconf 91' lang='lat' dir='ltr'><strong>p.</strong></span> <span class='ocrx_word' id='word_1_732' title='bbox 3837 5370 3984 5438; x_wconf 83' lang='lat'><strong>543.</strong></span> 
     </span>
     <span class='ocr_line' id='line_1_97' title="bbox 2308 5452 3990 5535; baseline 0.003 -19"><span class='ocrx_word' id='word_1_733' title='bbox 2308 5452 2530 5517; x_wconf 88' lang='lat' dir='ltr'><strong>Kust.:</strong></span> <span class='ocrx_word' id='word_1_734' title='bbox 2581 5458 3086 5535; x_wconf 83' lang='grc' dir='ltr'>Μετεωροπολῶν·</span> <span class='ocrx_word' id='word_1_735' title='bbox 3160 5456 3235 5518; x_wconf 76' lang='grc' dir='ltr'>τὰ</span> <span class='ocrx_word' id='word_1_736' title='bbox 3283 5452 3528 5535; x_wconf 71' lang='grc' dir='ltr'>οὐράνια</span> <span class='ocrx_word' id='word_1_737' title='bbox 3576 5460 3834 5518; x_wconf 80' lang='grc' dir='ltr'>σκοπῶν.</span> <span class='ocrx_word' id='word_1_738' title='bbox 3894 5458 3990 5521; x_wconf 77' lang='grc' dir='ltr'><strong>καὶ</strong></span> 
     </span>
    </p>
   </div>
   <div class='ocr_carea' id='block_1_6' title="bbox 2302 5554 3990 5638">
    <p class='ocr_par' dir='ltr' id='par_1_10' title="bbox 2302 5554 3990 5638">
     <span class='ocr_line' id='line_1_98' title="bbox 2302 5554 3990 5638; baseline 0.002 -19"><span class='ocrx_word' id='word_1_739' title='bbox 2302 5561 2776 5638; x_wconf 80' lang='grc' dir='ltr'>μετεωροπορῶν.</span> <span class='ocrx_word' id='word_1_740' title='bbox 2870 5558 3177 5620; x_wconf 84' lang='lat' dir='ltr'><strong>Extrema</strong></span> <span class='ocrx_word' id='word_1_741' title='bbox 3213 5554 3358 5621; x_wconf 88' lang='lat' dir='ltr'><strong>bina</strong></span> <span class='ocrx_word' id='word_1_742' title='bbox 3389 5554 3574 5619; x_wconf 88' lang='lat' dir='ltr'><strong>verba</strong></span> <span class='ocrx_word' id='word_1_743' title='bbox 3611 5556 3816 5622; x_wconf 88' lang='lat' dir='ltr'><strong>omisit</strong></span> <span class='ocrx_word' id='word_1_744' title='bbox 3862 5560 3990 5622; x_wconf 89' lang='lat' dir='ltr'><strong>Zo-</strong></span> 
     </span>
    </p>
   </div>
  </div>
 </body>
</html>
