5118 6613
1450 525 1651 591 LIB.
1690 525 1747 590 1.
1792 525 2250 591 ENNEAD.
2303 512 2698 590 SEXTAEss
2746 547 2812 615 p.
2850 526 3032 605 1068,
3070 526 3254 611 1069.

615 696 741 762 καθ’
771 695 1009 776 ἑαυτὴν,
1040 697 1145 761 οὐκ
1174 695 1249 761 ἀν
1278 697 1414 762 οὐδὲ
1454 700 1603 762 οὕτω
1641 697 1817 781 γένος
1862 702 1951 778 εἴη
1998 704 2099 779 τῆς
2145 698 2299 779 κινή-

612 824 764 867 σεως
798 800 835 879 ἡ
874 799 1162 883 ἐνέργεια.
1211 801 1306 865 καὶ
1348 803 1401 865 εἰ
1435 802 1474 881 ἥ
1519 804 1631 881 μὲν
1664 803 1887 882 κίνησις
1922 802 2169 885 μεριστὴ
2209 802 2304 867 καὶ

612 902 851 984 ἄπειρος
890 903 985 966 καὶ
1022 904 1313 984 ἀόριστος,
1344 904 1382 984 ἡ
1420 906 1486 968 δὲ
1525 903 1799 986 ἐνέργεια
1843 904 2176 987 ἀμέριστος,
2207 905 2303 968 καὶ

610 1004 793 1085 πέρας
822 1005 918 1069 καὶ
945 1007 1268 1086 ταυτότητα
1297 1004 1543 1089 ἔχουσα,
1574 1012 1697 1075 πῶς
1725 1006 1801 1071 ἂν
1831 1009 1921 1087 εἴη
1958 1011 2065 1071 τοῦ
2100 1006 2301 1089 ἑτέρου

611 1107 823 1189 γένους
863 1105 932 1169 τὸ
976 1107 1217 1189 ἔτερον;
1266 1110 1326 1201 εἰΙ
1361 1111 1427 1173 δὲ
1472 1110 1567 1173 καὶ
1594 1110 1632 1189 ἡ
1658 1111 1771 1190 μὲν
1810 1111 2034 1189 κίνησις
2076 1135 2297 1191 σ-υμμε·

609 1207 900 1291 μιγμένην
928 1210 1058 1293 ἔχει
1085 1210 1193 1289 τὴν
1219 1211 1556 1276 ὑπόστασιν
1583 1212 1728 1293 πρὸς
1765 1212 1834 1277 τὸ
1880 1215 2171 1287 ἐναντίον,
2206 1212 2300 1277 καὶ

611 1311 732 1379 ἀπὸ
758 1316 865 1376 τοῦ
892 1314 1162 1377 ἐναντίου
1188 1316 1538 1394 μεταβαίνει
1567 1316 1660 1379 ἀεὶ
1689 1316 1785 1379 ἐπὶ
1813 1315 1881 1379 τὸ
1906 1317 2196 1388 ἐναντίον,
2224 1316 2301 1383 ὥς

612 1414 758 1478 ὅταν
787 1416 855 1478 ἐκ
880 1419 1096 1480 λευκοῦ
1121 1414 1317 1493 μέλαν
1344 1417 1596 1498 γίνηται·
1638 1419 1676 1499 ἥ
1704 1420 1820 1501 γὰρ
1861 1418 1976 1482 ἀπὸ
2022 1423 2127 1483 τοῦ
2171 1417 2295 1483 ἑτέ-

610 1543 719 1598 ρου
762 1520 844 1584 εῑς
886 1518 1090 1600 ἕτερον
1129 1520 1371 1597 κίνησις,
1408 1519 1721 1602 οὐδέτερόν
1760 1523 1890 1585 ἐστι
1926 1527 2043 1585 τῶν
2082 1522 2293 1602 ἄκρων,

613 1619 1000 1700 συμμέμικται
1044 1623 1109 1684 δὲ
1155 1623 1219 1700 ἐξ
1263 1623 1506 1703 ἀμφοῖν·
1549 1623 1586 1702 ἡ
1630 1625 1697 1686 δὲ
1747 1622 2017 1707 ἐνέργεια
2061 1625 2299 1704 ἄμικτος

612 1724 766 1787 οὖσα
806 1729 1131 1799 παντελῶς,
1165 1724 1259 1788 καὶ
1304 1722 1429 1788 καθ’
1464 1724 1532 1788 ἑν
1564 1731 1682 1790 τῶν
1726 1728 2011 1791 ἐναντίων
2039 1728 2294 1800 ἵσταται,

610 1827 783 1891 οὐδὲν
811 1826 1306 1907 ἀναπιμπλαμένη
1334 1832 1437 1906 τῆς
1465 1830 1735 1895 ἐναντίας
1762 1830 2017 1911 φύσεως,
2048 1834 2170 1896 πῶς
2197 1829 2293 1892 δύ·

613 1955 784 1995 ναται
814 1930 965 1995 εἶναι
993 1929 1169 2013 γένος
1194 1931 1231 2010 ἡ
1261 1930 1531 2013 ἐνέργεια
1559 1935 1660 2010 τῆς
1689 1929 2005 2011 κινήσεωςς
2054 1930 2162 1996 κᾶν
2188 1929 2295 1994 λέ-

612 2058 709 2114 γοι
750 2034 836 2106 δὲ,
873 2034 1071 2118 χρόνῳ
1113 2035 1225 2111 μὲν
1268 2034 1773 2114 ἀντιπαρατείνειν
1801 2033 1909 2113 τὴν
1938 2035 2188 2112 κίνησιν,
2221 2034 2298 2100 ὧς

611 2135 687 2201 ἃν
715 2137 1036 2215 διαστατὴν
1065 2136 1271 2210 οὖσαν,
1304 2138 1470 2200 αἰῶνι
1499 2138 1564 2200 δὲ
1593 2136 1700 2215 τὴν
1729 2135 2036 2219 ἐνέργειαν
2065 2138 2141 2204 ὣς
2170 2138 2292 2201 ἀδι-

611 2237 872 2302 άστατον
897 2237 1305 2322 ὑπάρχουσαν,
1340 2239 1435 2303 καὶ
1462 2240 1611 2318 ὁμοῦ
1635 2242 1784 2319 ὅλην
1815 2242 1882 2304 ἐν
1909 2243 1988 2327 τῷ
2018 2245 2126 2304 νῦν
2151 2265 2297 2323 παρ-

611 2344 819 2414 οῦσαν,
850 2340 989 2405 οὐδὲ
1031 2343 1211 2409 οὕτως
1246 2341 1322 2406 ἂν
1363 2344 1450 2421 εἴη
1490 2367 1577 2408 τις
1620 2348 1738 2406 τῶν
1775 2343 2027 2407 αἰωνίων
2056 2344 2151 2407 καὶ
2178 2349 2297 2407 τῶν

613 2445 681 2507 ἐν
707 2446 905 2530 χρόνῳ
935 2443 1224 2526 ὁμογενὴς
1261 2445 1459 2526 φύσις.
1509 2444 1595 2508 ἔτι
1632 2449 1891 2524 μᾶλλον,
1921 2446 1959 2526 ἦ
1986 2446 2099 2525 μὲν
2128 2445 2291 2535 ἐνέρῇ

610 2572 745 2628 γεια
791 2548 1061 2626 ἀκίνητος
1103 2545 1489 2630 προῦπάρχει,
1520 2546 1628 2626 τὴν
1657 2547 1846 2630 ἀρχὴν
1878 2548 1973 2612 καὶ
2009 2547 2078 2611 τὸ
2122 2546 2296 2614 τέλος

610 2651 758 2728 ὁμοῦ
797 2653 899 2728 τῆς
941 2648 1223 2728 κινήσεως
1252 2650 1319 2713 ἐν
1345 2652 1450 2733 μιᾷ
1486 2651 1697 2735 ἠρεμίᾳ
1739 2649 2100 2733 συνέχουσα.
2147 2651 2184 2729 ἦ
2228 2652 2293 2714 δὲ

610 2753 835 2832 κίνησις
862 2754 930 2817 ἐν
956 2755 1193 2838 διεξόδῳ
1221 2755 1292 2832 τῇ
1323 2750 1444 2816 κατ’
1476 2752 1723 2834 ἀριθμὸν
1751 2754 2057 2835 προϊούσῃ,
2088 2750 2124 2832 ᾖ
2167 2757 2286 2816 δια·

611 2856 850 2936 κριθείη·
898 2852 1034 2918 ἀλλ’
1087 2854 1260 2928 ἔοικε,
1309 2855 1498 2937 φησὶν
1546 2857 1579 2918 ὁ
1633 2861 1960 2930 Πλωτῖνος,
2007 2862 2135 2923 ταῖς
2180 2858 2294 2937 μὲν

612 2956 1039 3040 καθαρωτέραις
1067 2959 1261 3036 δόξαις
1295 2958 1431 3039 περὶ
1457 2961 1559 3037 τῆς
1587 2959 1887 3040 ἐνεργείας
1921 2959 2001 3038 μὴ
2036 2984 2289 3038 συνομο-

609 3066 836 3144 λογεῖν·
896 3058 985 3125 ἐπ’
1035 3061 1265 3141 ἐκείνην
1310 3062 1375 3124 δὲ
1420 3059 1831 3143 ἀποφέρεσθαι
1878 3061 1987 3140 τὴν
2032 3061 2288 3136 ἔννοιαν,

612 3162 735 3229 καθ’
767 3162 842 3243 ἣν
872 3165 1018 3228 κατὰ
1043 3161 1112 3226 τὸ
1145 3167 1433 3226 κινεῖσθαι
1476 3164 1630 3229 τινὲς
1670 3162 1738 3225 τὸ
1785 3164 2051 3246 ἐνεργεῖν
2080 3164 2289 3245 ἀφορί-

609 3276 825 3345 ζονται.
866 3267 961 3331 καὶ
987 3263 1202 3331 ταύτὸν
1228 3264 1725 3347 ὑπολαμβάνουσι
1753 3267 1984 3347 κίνησιν
2010 3266 2118 3346 τὴν
2148 3269 2295 3332 κατὰ

609 3370 676 3434 τὸ
709 3375 1000 3435 κινεῖσθαι
1028 3370 1123 3434 καὶ
1152 3367 1476 3452 ἐνέργειαν·
1522 3368 1557 3433 δ
1585 3373 1820 3433 πολλοῦ
1846 3374 1939 3434 δεῖ
1964 3371 2181 3451 ἀληθὲς
2209 3368 2290 3434 εἶ-

611 3499 727 3538 ναι.
776 3473 864 3537 ἔτι
906 3475 971 3538 δὲ
1014 3477 1109 3537 δεῖ
1146 3473 1458 3536 πείθεσθαι
1503 3471 1900 3559 Θεοφράστῳ·
1950 3475 2134 3558 τούτῳ
2182 3475 2295 3553 μὲν

609 3579 725 3659 γὰρ
753 3580 919 3641 δοκεῖ
938 3575 1018 3656 μὴ
1046 3576 1399 3658 χωρίζεσθαι
1438 3573 1547 3652 τὴν
1576 3575 1807 3653 κίνησιν
1834 3579 1935 3654 τῆς
1973 3575 2290 3658 ἐνεργείας·

613 3678 765 3743 εἶναι
807 3681 873 3743 δὲ
915 3677 1023 3757 τὴν
1058 3679 1173 3758 μὲν
1210 3679 1460 3756 κίνησιν,
1495 3677 1591 3741 καὶ
1634 3676 1960 3760 ἐνέργειαν,
1993 3679 2070 3744 ὥς
2112 3677 2186 3743 ἂν
2225 3679 2293 3741 ἐν

613 3782 756 3863 αὐτῇ
786 3780 1233 3867 περιεχομένην,
1263 3779 1459 3845 οὐκέτι
1484 3778 1688 3859 μέντοι
1728 3781 1823 3845 καὶ
1851 3780 1958 3859 τὴν
1987 3778 2293 3862 ἐνέργειαν

614 3886 864 3964 κίνησιν·
908 3885 1015 3964 τὴν
1042 3887 1158 3966 γὰρ
1191 3882 1440 3947 ἑκάστου
1477 3883 1690 3947 οὐσίαν
1724 3884 1820 3947 καὶ
1855 3882 1924 3946 τὸ
1961 3885 2180 3947 οἰκεῖον
2207 3881 2287 3945 εἶ-

612 3994 710 4056 δος
736 3988 1044 4070 ἐνέργειαν
1073 3985 1225 4051 εἶναι
1255 3984 1525 4059 ἑκάστου,
1556 3985 1635 4065 μὴ
1665 3986 1854 4049 οὖσαν
1881 3987 2097 4064 ταύτην
2129 3985 2289 4064 κίνη·

611 4116 726 4154 σιν.
759 4092 856 4155 καὶ
882 4092 998 4172 γὰρ
1023 4090 1061 4170 ἦ
1087 4090 1404 4167 τελειότης,
1438 4088 1532 4152 καὶ
1562 4090 1629 4153 ἐν
1656 4093 1778 4154 τοῖς
1803 4092 2032 4165 νοητοῖς
2061 4088 2155 4151 καὶ
2183 4089 2293 4169 φύ-

609 4220 704 4258 σει
733 4192 1023 4273 ἀκινήτοις
1051 4191 1203 4256 εἶναι
1229 4192 1298 4255 οὐ
1328 4193 1665 4255 κεκώλυται.
1713 4191 1831 4254 εἶσὶ
1859 4191 1923 4253 δὲ
1955 4189 2049 4253 καὶ
2078 4191 2144 4254 ἐν
2172 4194 2295 4255 τοῖς

613 4299 911 4377 αἰσθητοῖς
946 4296 1171 4359 πολλαὶ
1208 4299 1489 4371 τοιαῦται,
1518 4295 1648 4358 οἷον
1674 4292 1781 4372 τὴν
1811 4295 1958 4355 κατὰ
1985 4290 2052 4355 τὸ
2091 4295 2294 4375 σχῆμα

611 4404 715 4464 τοῦ
741 4397 1103 4481 ἀνδριάντος.
1144 4398 1357 4477 ἕστηκε
1383 4398 1448 4460 δὲ
1476 4396 1544 4459 τὸ
1576 4399 1779 4480 σχῆμα
1808 4398 1954 4459 κατὰ
1977 4394 2084 4474 τὴν
2113 4394 2294 4473 αὐτὴν

612 4505 973 4582 τελειότητα·
1020 4503 1075 4565 εἰ
1116 4502 1181 4564 δὲ
1225 4502 1308 4566 είς
1348 4502 1636 4562 τοσοῦτον
1662 4497 1908 4581 προέχει
1948 4499 1986 4578 ἡ
2025 4496 2294 4579 ἐνέργεια

610 4610 711 4686 τῆς
760 4605 1062 4685 κινήσεως,
1109 4602 1215 4666 οὔκ
1260 4602 1379 4665 ἔδει
1427 4599 1748 4665 συνάπτειν
1797 4600 1993 4675 αὐτὰς,
2045 4601 2181 4665 οὐδὲ
2223 4599 2291 4663 τὸ

612 4710 819 4790 ἕτερον
836 4711 942 4771 τοῦ
967 4705 1170 4788 ἑτέρου
1195 4705 1371 4787 γένος
1397 4708 1605 4767 ποιεῖν.
1639 4705 1693 4767 εἰ
1720 4701 1787 4768 δέ
1814 4728 1901 4770 τις
1927 4704 2035 4783 τὴν
2061 4705 2174 4783 μὲν
2202 4704 2293 4766 ἐν-

614 4812 852 4894 έργειαν
872 4808 940 4872 τὸ
971 4812 1259 4873 κινεῖσθαι
1287 4806 1439 4889 φησὶ
1462 4805 1857 4887 προβάλλειν,
1884 4808 2030 4870 κατὰ
2057 4804 2125 4868 τὸ
2155 4830 2294 4868 συν·

612 4912 894 4997 τετάχθαι
942 4911 1089 4993 πρὸς
1132 4909 1201 4973 τὸ
1249 4908 1409 4983 αὐτὸ,
1458 4907 1526 4972 τὸ
1576 4910 1641 4973 δὲ
1696 4909 1985 4993 ἐνεργείᾳ,
2032 4910 2180 4973 κατὰ
2222 4907 2291 4970 τὸ

611 5021 813 5102 σχῆμα
841 5019 945 5080 τοῦ
973 5013 1333 5096 ἀνδριάντος,
1366 5012 1461 5076 καὶ
1487 5013 1594 5091 τὴν
1625 5010 1875 5075 ἑκάστου
1915 5008 2295 5092 ἐντελέχειαν

614 5119 952 5201 ἱστάμενον,
997 5115 1142 5200 πρὸς
1188 5115 1256 5179 τὸ
1301 5113 1542 5194 δυνάμει
1581 5112 1890 5196 λέγεσθαι,
1941 5112 2295 5196 ἐξῃρημένον

612 5224 806 5297 aiv-017,
839 5218 976 5286 ἀλλ’
999 5219 1136 5303 οὐχὶ
1162 5223 1263 5299 τῆς
1292 5216 1570 5298 κινήσεως
1595 5217 1704 5297 τὴν
1733 5215 2057 5299 ἐνέργειαν,
2090 5218 2301 5299 ἀγνοεῖ

613 5327 797 5399 οὗτος,
829 5325 923 5388 ὅτι
945 5321 1013 5387 τὸ
1041 5324 1153 5402 μὲν
1181 5322 1449 5406 ἐνεργείᾳ
1477 5320 1829 5385 ἀντιτίθεται
1854 5319 2002 5402 πρὸς
2025 5320 2093 5384 τὸ
2123 5320 2294 5385 δυνά-

615 5454 729 5508 μει,
762 5428 859 5493 καὶ
885 5429 992 5490 τοῦ
1018 5426 1265 5492 ἀτελοῦς
1296 5425 1428 5487 ἐστι
1462 5424 1781 5502 τελειότης,
1810 5422 2030 5506 σχέσιν
2056 5448 2122 5489 τε
2150 5422 2295 5505 πρὸς

3955 547 4077 617 33Ῑ

2389 698 2458 761 τὸ
2502 701 2773 763 ἐναντίον
2804 699 3235 782 προσείληφεν,
3274 699 3311 780 ἡ
3358 698 3562 779 μέντοι
3609 698 3898 783 ἐνέργεια,
3932 702 4076 781 αὐτῆ

2391 799 2516 866 καθ’
2566 801 2776 881 ἑαυτήν
2822 803 2988 865 ἐστιν
3031 803 3354 876 ἀπολύτως,
3400 802 3544 884 πρὸς
3586 803 3760 867 οὐδὲν
3805 805 4075 868 ἐναντίον

2386 905 2703 986 λεγομένη,
2731 905 2857 983 ἥτις
2885 905 2981 968 καὶ
3008 908 3086 991 τῷ
3118 906 3385 990 ἐνεργείᾳ
3412 908 3539 969 ὄντι
3565 905 3815 989 παρέχει
3841 906 3949 985 τὴν
3977 932 4074 970 τε-

2385 1008 2679 1088 λειότητα.
2724 1010 2977 1071 Πολλοῦ
3018 1007 3132 1088 ἄρα
3174 1011 3269 1070 δεῖ
3307 1007 3611 1089 ἐνέργειαν
3651 1010 3765 1087 μὲν
3808 1007 3960 1072 εἶναι
4002 1009 4070 1072 τὸ

2386 1113 2609 1193 σχῆμα,
2642 1110 2909 1194 ἐνεργείᾳ
2938 1110 3002 1174 δὲ
3029 1109 3110 1188 μὴ
3137 1108 3442 1192 ὑπάρχειν.
3490 1111 3644 1178 ὅλως
3672 1113 3785 1192 γὰρ
3813 1113 3872 1176 οἱ
3899 1114 4070 1176 τοῦτο

2383 1211 2667 1294 λέγοντες
2693 1212 2761 1275 τὸ
2795 1210 3051 1293 καθαρὸν
3078 1210 3254 1294 γένος
3282 1214 3386 1275 οὐκ
3414 1215 3583 1276 ἴσασι
3620 1218 3720 1293 τῆς
3748 1215 4065 1296 ἐνεργείας,

2384 1314 2521 1379 ούδὲ
2547 1312 2616 1378 τὸ
2644 1313 2940 1397 χωριστὸν
2968 1312 3084 1378 ἀπὸ
3123 1318 3225 1394 τῆς
3266 1314 3566 1395 κινήσεως,
3597 1317 3731 1380 οὐδὲ
3759 1314 3826 1380 τὸ
3854 1319 4064 1398 πρότε·

2382 1442 2491 1499 ρον
2518 1421 2625 1481 τοῦ
2655 1417 2941 1501 ἐνεργείᾳ·
2993 1416 3087 1481 καὶ
3116 1416 3251 1481 οὐδὲ
3295 1421 3466 1481 τοῦτο
3508 1418 4065 1498 ἀναμιμνήσκονται,

2382 1526 2504 1586 πῶς
2527 1519 2789 1602 λέγομεν
2820 1520 3119 1600 ἐνεργείας
3146 1523 3249 1587 τὰς
3279 1519 3513 1600 νοήσεις
3540 1518 3607 1584 τὸ
3637 1522 3847 1603 ἀμερὲς
3875 1521 4068 1586 αὐτῶν

2381 1626 2483 1701 τῆς
2520 1624 2816 1705 γνώσεως,
2851 1622 2946 1686 καὶ
2985 1623 3124 1702 ἅμα,
3158 1623 3253 1686 καὶ
3284 1624 3351 1686 ἐν
3379 1626 3458 1708 τῷ
3489 1627 3596 1687 νῦν
3626 1624 3722 1687 καὶ
3751 1626 3818 1688 ἐν
3844 1628 3925 1710 τῷ
3959 1625 4067 1704 ἤδη

2382 1727 2625 1807 ἀθρόον,
2651 1727 2747 1790 καὶ
2773 1728 2848 1789 τᾶ
2874 1729 3114 1790 τοιαῦτα
3139 1724 3546 1808 παριστάντες.
3578 1727 3725 1807 ὅπερ
3753 1729 3870 1809 γὰρ
3900 1728 3968 1790 ἐν
3987 1728 4068 1812 τῷ

2380 1830 2578 1913 χρόνῳ
2606 1832 2686 1914 τῷ
2716 1832 2823 1892 νῦν
2853 1829 3001 1902 ἐστι,
3033 1832 3201 1892 τοῦτο
3231 1833 3498 1892 νοεῖσθαι
3532 1829 3640 1908 τὴν
3667 1828 3974 1912 ἐνέργειαν
4002 1831 4070 1894 ἐν

2381 1934 2450 2009 τῇ
2483 1929 2729 2010 κινήσει.
2768 1932 2863 1995 καὶ
2890 1930 2997 2010 τὴν
3022 1932 3134 2010 μὲν
3164 1933 3425 2012 καθαρὰν
3455 1931 3761 2013 ἐνέργειαν
3789 1932 4068 2012 κινήσεως

2382 2031 2549 2099 ἐκτὸς
2578 2032 2749 2098 εἶναι.
2793 2032 2891 2098 ἀπ’
2923 2034 3097 2112 αὐτῆς
3125 2036 3190 2097 δὲ
3217 2036 3411 2102 ἄλλας
3439 2037 3739 2117 ἐνεργείας
3774 2035 4063 2119 προϊέναι,

2382 2135 2599 2201 αἵτινες
2643 2136 2748 2199 οὐκ
2792 2136 2935 2200 ἄνευ
2983 2136 3262 2216 κινήσεως
3306 2140 3682 2218 θεωροῦνται,
3722 2139 3924 2220 ὥσπερ
3959 2138 4067 2218 τὴν

2381 2238 2724 2319 φαντασίαν
2764 2237 2859 2302 καὶ
2896 2237 3005 2316 τὴν
3043 2240 3322 2318 αἴσθησιν
3348 2238 3631 2321 λέγομεν,
3665 2242 3810 2303 κατὰ
3850 2242 3962 2320 μὲν
3995 2241 4063 2304 τὸ

2379 2339 2584 2413 πάθος,
2618 2339 2898 2419 κινήσεως
2939 2339 3109 2414 εἶναι,
3143 2343 3290 2404 κατᾶ
3328 2342 3394 2404 δὲ
3429 2340 3497 2405 τὸ
3540 2341 3690 2409 εἶδος
3734 2341 4059 2426 ἐνέργειαν.

2383 2444 2478 2507 καὶ
2504 2445 2686 2510 οὕτως
2730 2445 2834 2509 τὰς
2867 2445 2982 2522 μὲν
3022 2444 3386 2526 ἀχωρίστους
3421 2449 3539 2508 τῶν
3576 2444 3861 2524 κινήσεων
3890 2444 4060 2518 εἶναι,

2379 2550 2485 2614 τᾶς
2510 2549 2575 2611 δὲ
2603 2545 2915 2629 χωριστάς.
2963 2547 3324 2630 ἀχωρίστους
3361 2548 3491 2626 μὲν,
3525 2548 3665 2610 ὅσαι
3701 2547 4061 2611 τελειωτικαὶ

2379 2655 2496 2714 τῶν
2526 2648 2831 2727 κινήσεων,
2861 2650 3296 2731 προηγούμεναι
3338 2650 3527 2724 αὗται,
3562 2650 3657 2714 καὶ
3693 2648 4063 2732 προάγουσαι

2379 2754 2556 2819 αὐτὸς
2600 2755 2683 2819 εἰς
2725 2749 3051 2833 ἐνέργειαν.
3097 2754 3391 2835 χωριστὰς
3432 2754 3522 2831 δὲ,
3562 2753 3703 2816 ὅσαι
3741 2755 4064 2831 μονοειδεῖς

2374 2857 2553 2937 ἦσαν,
2587 2856 2683 2920 καὶ
2708 2860 3014 2922 παντελῶς
3040 2855 3320 2934 ἀκίνητοι.
3366 2854 3543 2939 μέχρι
3568 2856 3679 2934 μὲν
3707 2855 3814 2918 οὖν
3840 2855 4063 2918 τούτων

2376 2959 2701 3044 ἀνάσχοιτο
2732 2960 2808 3023 ἄν
2835 2982 2922 3026 τις
2948 2963 3066 3021 τῶν
3095 2959 3243 3022 οὕτω
3271 2959 3376 3024 τὰς
3404 2957 3705 3040 ἐνεργείας
3744 2957 4061 3020 καθελκόν-

2376 3088 2511 3127 των.
2557 3064 2706 3127 διότι
2749 3063 2846 3126 καὶ
2889 3063 3011 3142 εἴδη
3055 3063 3185 3124 τινὰ
3228 3059 3304 3138 ἦν
3348 3059 3550 3134 ἔνυλα,
3580 3058 3708 3140 μεθ’
3738 3061 3822 3122 ὧν
3866 3058 3961 3122 καὶ
4003 3060 4065 3122 αἱ

2379 3166 2582 3230 ἔνυλοι
2611 3164 2901 3248 ἐνέργειαι
2929 3169 3196 3229 συνεῖναι
3225 3163 3636 3244 ἐμφαίνονται.
3682 3168 3797 3225 τῶν
3826 3162 3891 3225 δὲ
3918 3185 4064 3243 προ-

2378 3268 2616 3352 σωτέρω
2666 3270 3120 3352 προχορούντων
3168 3266 3263 3330 καὶ
3310 3265 3718 3330 καθελκόντων
3768 3263 3917 3329 αὐτὰ
3968 3265 4064 3328 ἐπὶ

2378 3376 2483 3439 τὰς
2526 3371 2799 3451 κινήσεις,
2832 3372 3096 3450 οὐδαμῶς
3138 3371 3214 3433 ἄν
3256 3394 3343 3436 τις
3386 3367 3730 3451 ἀνάσχοιτο,
3772 3366 3908 3431 οὐδὲ
3949 3372 4066 3430 τῶν

2378 3475 2699 3555 τιθεμένων
2726 3477 2826 3552 τῆς
2862 3476 3055 3552 κοινῆς
3094 3470 3422 3554 λεγομένης
3464 3471 3784 3552 ἐνεργείας,
3810 3472 3914 3536 τὰς
3952 3470 4066 3548 μὲν

2379 3580 2613 3659 ἀμερεῖς
2640 3578 2736 3641 καὶ
2763 3577 2981 3657 ἀθρόας
3010 3574 3180 3654 εἶναι,
3209 3575 3314 3639 τὰς
3342 3574 3408 3635 δὲ
3437 3574 3506 3636 ἐν
3531 3575 3613 3658 τῷ
3643 3572 3935 3654 γίνεσθαι,
3969 3570 4063 3635 καὶ

2378 3679 2648 3764 γενέσεις
2675 3679 2743 3746 ἃς
2772 3678 2868 3742 καὶ
2895 3676 3151 3756 κινήσεις
3180 3678 3507 3738 καλεῖσθαι.
3553 3675 3692 3738 οὔτε
3718 3676 3834 3755 γὰρ
3863 3673 3931 3737 ἓν
3957 3672 4058 3753 γέ-

2380 3808 2479 3850 νος
2519 3781 2755 3864 γένοιτο
2797 3780 2873 3845 ἂν
2899 3784 3017 3843 τῶν
3045 3780 3276 3859 ἀμερῶν
3303 3776 3399 3840 καὶ
3425 3782 3737 3858 μεριστῶν,
3768 3777 3903 3839 οὔτε
3944 3780 4062 3838 τῶν

2379 3886 2447 3949 ἐν
2474 3888 2554 3971 τῷ
2588 3883 2757 3958 εἶναι,
2791 3884 2887 3946 καὶ
2913 3887 3032 3945 τῶν
3061 3882 3129 3945 ἐν
3155 3884 3235 3966 τῷ
3275 3880 3568 3962 γίνεσθαι,
3602 3877 3720 3942 οὔτ’
3752 3878 3828 3943 ἂν
3853 3879 3890 3958 ἡ
3921 3878 4062 3955 αὐτὴ

2379 3986 2649 4070 ἐνέργεια
2679 3985 2893 4068 ἀμερής
2920 4009 2986 4047 τε
3017 3987 3106 4065 εἵη
3138 3983 3233 4047 καὶ
3260 3982 3539 4046 διατείνοι
3569 3982 3667 4046 ἐπὶ
3693 3984 3768 4046 τᾶ
3792 3985 4061 4063 μεριστδ,

2378 4092 2566 4173 ἀθρόα
2606 4115 2673 4155 τε
2717 4090 2808 4154 καὶ
2856 4090 2923 4153 ἐν
2955 4091 3034 4174 τῷ
3079 4088 3353 4170 γίνεσθαι
3393 4084 3667 4168 ὑπάρχοι.
3709 4082 3907 4148 πάντα
3947 4086 4063 4166 γὰρ

2377 4198 2561 4257 ταῦτα
2603 4194 2836 4274 ἀναιρεῖ
2867 4192 2976 4271 τὴν
3002 4195 3119 4254 τῶν
3160 4191 3350 4253 ὄντων
3379 4190 3584 4271 φύσιν,
3618 4187 3713 4251 καὶ
3754 4191 3855 4266 τῆς
3897 4188 4058 4268 ἐνερι

2377 4298 2543 4378 γείας
2578 4296 2687 4375 τὴν
2715 4295 2925 4359 οὐσίαν
2953 4292 3023 4357 οὗ
3067 4290 3467 4374 διαφυλάττει.
3513 4294 3698 4369 δῆλον
3724 4291 3788 4354 δὲ
3832 4291 3924 4353 ὅτι
3966 4290 4061 4352 καὶ

2377 4397 2445 4461 τδ
2476 4403 2669 4461 ποιεῖν
2700 4394 2898 4461 κοινόν
2925 4394 3101 4478 γένος
3141 4399 3259 4458 τῶν
3299 4393 3596 4472 ποιήσεων
3639 4393 3734 4456 καὶ
3775 4398 3893 4457 τῶν
3933 4393 4064 4456 πεί-

2379 4525 2537 4563 σεων
2565 4499 2674 4577 τὴν
2702 4499 2950 4579 κίνησιν,
2973 4496 3327 4561 ὑπεναντίον
3357 4496 3486 4558 ἐστὶ
3513 4500 3583 4575 τῇ
3611 4493 4063 4578 Ἀριστοτέλους

2378 4603 2536 4682 δόξῃ,
2569 4605 2640 4679 τῇ
2669 4625 2736 4664 τε
2764 4602 2922 4679 ἄλλῃ
2963 4599 3058 4664 καὶ
3085 4602 3156 4679 τῇ
3198 4601 3306 4662 νῦν
3337 4599 3403 4661 ἐν
3429 4600 3498 4677 τῇ
3535 4603 3653 4661 τῶν
3682 4603 4058 4680 κατηγοριῶν·

2377 4701 2659 4784 διαιρέσει
2686 4700 3126 4785 διατεταγμένη.
3158 4699 3352 4766 οὐκέτι
3377 4703 3494 4783 γᾶρ
3514 4703 3617 4766 δύο
3648 4701 3888 4766 ἔσονται
3914 4701 4060 4783 γένη

2376 4805 2445 4869 τὸ
2473 4811 2666 4871 ποιεῖν
2695 4806 2791 4869 καὶ
2817 4804 3095 4889 πάσχειν,
3126 4801 3262 4867 ἀλλ’
3295 4803 3364 4867 ἐν
3390 4800 3505 4885 πρὸ
3534 4803 3724 4867 αὐτῶν
3750 4803 3788 4883 ἡ
3817 4805 4057 4883 κίνησις·

2376 4914 2498 4976 πῶς
2525 4911 2590 4973 δὲ
2617 4907 2686 4971 τὸ
2716 4912 3005 4972 κινεῖσθαι
3049 4911 3252 4973 κοινῶς
3294 4906 3649 4969 διατείνουσι
3686 4904 3760 4969 τά
3787 4931 3852 4969 τε
3883 4907 3951 4969 ἐν
3976 4910 4056 4992 τῷ

2377 5011 2637 5094 πάσχειν
2666 5010 2761 5075 καὶ
2787 5013 2863 5075 τὰ
2891 5011 2958 5075 ἐν
2986 5013 3065 5096 τῷ
3091 5013 3283 5073 ποιεῖν
3312 5008 3683 5089 θεωρούμενα
3722 5010 3869 5071 κατὰ
3898 5008 4057 5088 κίνη-

2379 5140 2503 5193 σιν,
2531 5113 2662 5177 οἷον
2701 5112 2770 5176 τὸ
2813 5116 3175 5195 περιπατεῖν,
3223 5110 3320 5174 καὶ
3362 5111 3508 5174 κατὰ
3551 5108 3789 5192 σχέσιν,
3823 5109 3952 5180 οἷον
3991 5109 4058 5173 τὸ

2378 5219 2881 5299 περιβεβλῆσθαι,
2928 5219 3257 5294 καθῆσθαι;
3303 5214 3477 5293 μικτᾶ
3518 5214 3633 5294 γὰρ
3674 5210 3857 5276 ταῦτά
3898 5214 4063 5276 ἐστιν

2381 5322 2447 5385 ἐκ
2473 5319 2697 5387 πάθους
2726 5320 2821 5383 καὶ
2849 5318 3167 5401 ἐνεργείας,
3196 5316 3268 5382 οὗ
3292 5318 3395 5395 τῆς
3424 5315 3643 5396 κυρίως,
3669 5315 3832 5378 ἀλλὰ
3856 5316 3959 5393 τῆς
3984 5318 4064 5401 τῷ

2378 5422 2554 5488 πάθει
2582 5420 3072 5581 συμέμεμιγμένης.

2483 5530 2541 5582 U
2574 5534 2628 5581 u
