5118 6613
1020 494 1152 554 400

1031 646 1166 710 XI.
1212 661 1278 711 et
1312 668 1460 733 quoe
1498 644 1586 710 ibi
1626 643 1815 733 plura
1854 644 2162 732 congessit
2190 643 2433 709 Willet.
2482 669 2547 734 p.
2589 647 2730 709 116.

1113 877 1177 941 p.
1214 872 1400 938 1349,
1435 853 1493 917 8.
1544 853 1639 916 καὶ
1660 853 1929 916 δουλεύει
1955 855 2146 924 τοῦτο,
2174 850 2208 914 ὃ
2235 851 2316 930 μὴ
2346 852 2544 933 κύριόν
2570 853 2738 915 ἐστιν

1034 956 1132 1019 ἐπὶ
1156 956 1224 1019 τὸ
1253 954 1482 1038 ἀγαθὸν
1517 956 1903 1019 ἐλθεῖν-διὰ
1942 956 2445 1018 τοῦτο-δουλεία
2481 955 2739 1037 ψέγεται

1035 1084 1085 1120 κ.
1109 1057 1282 1145 τ.λ.]
1329 1058 1474 1121 Non
1520 1056 1634 1121 abs
1667 1079 1735 1120 re
1772 1056 1890 1120 erit
1938 1054 2037 1121 hic
2080 1054 2414 1121 admonere
2458 1056 2735 1121 locorum

1036 1161 1338 1239 Platonis,
1372 1175 1444 1225 ut
1473 1160 1534 1224 in
1569 1161 1732 1247 Rep.
1759 1160 1849 1223 X.
1885 1182 1946 1246 p.
1973 1161 2119 1243 617.
2146 1183 2202 1223 e.
2233 1183 2297 1247 p.
2323 1180 2473 1245 509.
2503 1159 2734 1226 Bekk.:

1038 1264 1215 1346 ἀρετὴ
1262 1266 1326 1329 δὲ
1367 1264 1721 1337 ἀδέσποτον,
1753 1262 1827 1342 ἦν
1855 1268 2038 1343 τιμῶν
2081 1264 2176 1327 καὶ
2221 1263 2511 1342 ἀτιμάζων
2548 1264 2741 1329 πλέον

1038 1367 1134 1432 καὶ
1163 1367 1415 1432 ἔλαττον
1443 1368 1619 1446 αὐτῆς
1647 1366 1897 1433 ἕκαστος
1928 1365 2046 1444 ἔξει
2077 1364 2185 1446 (cf.
2208 1366 2377 1430 Astii
2410 1367 2743 1431 Commen-

1039 1484 1156 1535 tar.
1187 1492 1249 1557 p.
1274 1473 1451 1555 632.)
1529 1470 1814 1555 Sympos.
1845 1491 1910 1555 p.
1945 1469 2084 1548 184.
2127 1492 2192 1557 p.
2222 1488 2373 1554 392.
2406 1468 2611 1534 Bekk.
2638 1497 2744 1535 :—

1039 1574 1187 1637 οὕτω
1218 1572 1287 1651 δὴ
1318 1574 1413 1637 καὶ
1441 1573 1602 1652 ἄλλη
1628 1573 1736 1651 μία
1760 1574 1911 1651 μόνη
1941 1573 2184 1635 δουλεία
2227 1574 2495 1641 ἑκούσιος
2532 1576 2739 1639 λείπε-

1039 1700 1136 1739 ται
1163 1676 1269 1739 οὐκ
1296 1676 1713 1741 ἐπονείδιστος·
1763 1677 1906 1752 αὕτη
1945 1673 2012 1738 δέ
2050 1676 2217 1738 ε’στιν
2243 1676 2280 1754 ἡ
2308 1678 2443 1758 περὶ
2472 1677 2578 1756 τὴν
2605 1680 2740 1760 ἀρε-

1036 1777 1144 1857 τὴν
1175 1807 1226 1843 κ.
1248 1804 1304 1842 τ.
1322 1786 1384 1842 λ.
1472 1778 1633 1847 Quae
1661 1776 1888 1842 deinde
1918 1779 2337 1842 ἐθελοδουλεία
2364 1778 2736 1867 appellatur.

1043 1879 1220 1946 Plato
1259 1880 1458 1945 Alcib.
1492 1903 1586 1967 pr.
1618 1898 1759 1967 135.
1794 1879 1878 1944 b:
1926 1881 2066 1962 πρὶν
2105 1880 2173 1944 δέ
2215 1907 2288 1963 γε
2326 1883 2539 1965 ἀρετὴν
2578 1884 2743 1967 ἔχειν

1035 1985 1105 2048 τὸ
1149 1986 1441 2067 ἄρχεσθαι
1481 1985 1726 2063 ἄμεινον
1762 1983 1878 2047 ὑπὸ
1924 1987 2029 2046 τοῦ
2072 1985 2411 2063 βελτίονος,
2442 1983 2479 2064 ἢ
2523 1985 2592 2049 τὸ
2637 1988 2739 2069 ἄρ-

1038 2113 1192 2172 χειν,
1226 2087 1414 2168 ἀνδρὶ,
1445 2086 1514 2151 οὗ
1548 2088 1736 2167 μόνον
1763 2084 2555 2170 παιδί-Ἐλευθεροπρεπές
2599 2092 2664 2154 δὲ
2706 2091 2743 2169 ἡ

1039 2189 1240 2273 ἀρετή.
1285 2189 1395 2253 Ad
1427 2212 1571 2277 quae
1603 2187 2097 2276 olympiodorus
2125 2212 2186 2275 p.
2217 2209 2332 2275 231
2360 2215 2375 2255 ε
2426 2218 2741 2257 κατασκευ·

1040 2294 1181 2371 άζει,
1214 2296 1306 2359 ὅτι
1335 2295 1404 2359 οὗ
1431 2294 1619 2375 μόνον
1651 2292 1936 2374 ἐλευθέρα
1966 2292 2135 2356 ἐστὶν
2161 2294 2198 2372 ἡ
2228 2293 2426 2375 ἀρετὴ,
2452 2293 2617 2359 ἀλλὰ
2648 2295 2745 2361 καὶ

1040 2397 1267 2482 ἀρχική.
1315 2399 1352 2477 ἡ
1391 2400 1508 2479 γὰρ
1551 2395 1729 2477 ἀρετὴ
1773 2394 2061 2459 συνάπτει
2106 2396 2320 2474 ἑαυτὴν
2361 2400 2477 2482 θεῷ
2524 2398 2622 2461 καὶ
2665 2400 2745 2483 τῷ

1038 2501 1276 2566 πάντων
1306 2503 1569 2585 ἄρχοντι,
1600 2500 1637 2579 ἡ
1668 2501 1733 2564 δὲ
1765 2500 1936 2563 κακία
1974 2502 2044 2578 τῇ
2084 2500 2197 2578 ὕλῃ
2225 2499 2339 2562 ὑπὸ
2369 2498 2609 2564 πάντων
2637 2499 2742 2583 ἀρ-

1036 2605 1261 2688 χομένῃ
1292 2605 1387 2668 καὶ
1419 2605 1671 2686 ἐσχατιᾷ
1701 2603 1869 2682 οὔσῃ.
1917 2604 2001 2666 Τί
2023 2602 2166 2676 οὗν;
2216 2602 2284 2665 οὗ
2314 2605 2584 2669 δουλεύει
2629 2608 2744 2690 θεῷ

1037 2711 1070 2771 ὁ
1101 2712 1460 2779 σπουδαῖοςς
1492 2703 1529 2785 ἢ
1564 2706 1731 2788 (fort.
1763 2703 1825 2784 ἣ)
1863 2707 2106 2770 δουλεία
2134 2706 2277 2785 αὕτη
2309 2707 2586 2787 κρείττων
2615 2707 2746 2771 ἐστὶ

1037 2811 1233 2889 πάσης
1268 2809 1469 2893 ἀρχῆς,
1503 2809 1598 2872 καὶ
1628 2812 1697 2887 τῇ
1727 2809 1967 2887 τοιαύτῃ
2006 2809 2179 2891 ἄρχει
2216 2814 2335 2872 τῶν
2364 2811 2593 2874 ἄλλων.
2628 2808 2739 2875 'A-

1038 2937 1245 2992 μεινον
1273 2915 1389 2994 γὰρ
1418 2911 1486 2974 τὸ
1515 2915 1744 2974 τοιοῦτο
1771 2912 2176 2992 ἑτεροκίνητον
2203 2915 2309 2976 τοῦ
2342 2912 2739 2993 αὐτοκινήτου.

1044 3012 1284 3078 Similia
1331 3013 1395 3077 in
1444 3011 1723 3099 Epicteti
1772 3014 2030 3099 Fragm.
2064 3015 2268 3078 VIII.
2327 3029 2390 3080 et
2439 3015 2506 3079 in
2558 3015 2745 3081 Pauli

1044 3116 1254 3204 Epist.
1284 3116 1365 3180 ad
1396 3117 1710 3180 Romanu.
1735 3115 1857 3179 VI.
1889 3118 1950 3179 6.
1998 3117 2153 3180 V11.
2183 3133 2284 3202 25.

1129 3257 1218 3269 -
1241 3240 1337 3300 14.
1372 3219 1467 3284 καὶ
1497 3219 1632 3282 οὐδὲ
1661 3218 1730 3283 τὸ
1761 3218 2003 3299 δυνάμει
2032 3220 2260 3303 ἔχουσα
2285 3223 2462 3297 ἄλλο,
2495 3224 2654 3288 ἄλλο
2682 3229 2748 3291 δὲ

1045 3325 1112 3389 τὸ
1153 3326 1446 3410 ἐνεργείᾳ]
1501 3323 1721 3410 Hujus
1762 3323 1878 3388 loci
1926 3346 2038 3387 nec
2083 3322 2289 3387 minus
2335 3348 2574 3405 eorum,
2605 3352 2750 3414 quae

1046 3443 1342 3515 sequente
1371 3426 1573 3514 capite
1601 3424 2028 3514 disputantur,
2059 3424 2526 3512 intelligentiam
2563 3431 2746 3517 adju-

1043 3549 1194 3597 vant
1235 3532 1371 3596 haec
1398 3530 1650 3596 Alcinoi
1680 3529 1759 3594 de
1793 3530 2007 3594 Doctr.
2041 3531 2207 3593 Plat.
2240 3531 2471 3594 XXV.
2503 3555 2567 3619 p.
2594 3554 2670 3617 51
2690 3554 2745 3599 1.

1046 3636 1270 3700 HeinS.
1303 3660 1319 3699 :
1399 3636 1468 3699 τὸ
1527 3637 1641 3714 μὲν
1688 3637 1805 3716 γὰρ
1851 3632 2093 3713 δυνάμει
2138 3635 2575 3713 ἐπιτηδειότητά
2618 3662 2752 3701 τινα

1044 3741 1440 3820 ἀποσημαίνει
1482 3740 1629 3819 πρός
1664 3763 1799 3801 τινα
1838 3739 1999 3801 οὔπω
2039 3737 2147 3816 τὴν
2179 3738 2301 3816 ἕξιν
2332 3738 2553 3822 ἔχοντα
2596 3742 2674 3808 ὡς
2716 3743 2749 3804 ὁ

1044 3850 1183 3910 παῖς
1210 3842 1451 3922 δυνάμει
1478 3840 1800 3924 ῥηθήσεται
1834 3840 1927 3903 καὶ
1954 3840 2352 3922 γραμματικὸς
2382 3842 2475 3904 καὶ
2497 3842 2754 3921 αὐλητὴς

1049 3948 1146 4011 καὶ
1173 3946 1414 4009 τέκτων.
1461 3944 1631 4008 ἔσται
1660 3945 1725 4006 δὲ
1753 3943 1821 4006 τὸ
1851 3941 2121 4022 τηνικάδε
2163 3945 2230 4006 ἐν
2261 3944 2380 4022 ἕξει
2426 3945 2558 4012 ἑνός
2596 3970 2754 4012 τινος

1045 4047 1083 4128 ἢ
1113 4053 1276 4112 δυοῖν
1303 4049 1556 4120 τούτοιν,
1589 4047 1813 4110 ὁπόταν
1843 4047 2055 4127 ἐνεργῇ
2099 4046 2216 4110 ἀπὸ
2245 4051 2347 4126 τῆς
2385 4048 2561 4126 ἕξεως
2601 4050 2751 4113 ε’κεί-

1051 4177 1154 4230 νης
1180 4150 1254 4229 ἣν
1288 4149 1576 4229 κέκτηται.
1667 4147 2046 4211 Plutarchus
2079 4149 2179 4213 De
2212 4150 2373 4213 Fato
2400 4172 2463 4237 p.
2489 4152 2641 4236 566.
2671 4153 2750 4216 C.

1049 4276 1109 4341 p.
1146 4273 1290 4335 290.
1325 4250 1663 4339 VVyttenb.
1695 4250 1758 4314 in
1797 4250 1929 4314 fato
1974 4249 2303 4337 distinguit
2341 4268 2405 4316 et
2446 4253 2751 4318 actionem

1050 4370 1114 4421 et
1156 4353 1522 4418 essentiam:
1570 4359 1804 4436 πρῶτον
1839 4354 2041 4417 τοίνυν
2089 4356 2231 4428 ἴσθι,
2273 4357 2364 4418 ὅτι
2411 4356 2753 4438 Εἱμαρμένη

1052 4464 1229 4541 διχῶς
1261 4457 1354 4521 καὶ
1381 4456 1628 4538 λέγεται
1663 4457 1757 4520 καὶ
1787 4462 2026 4521 νοεῖται.
2072 4458 2109 4537 ἡ
2137 4460 2249 4537 μὲν
2280 4457 2394 4541 γάρ
2424 4461 2592 4523 ἐστιν
2617 4458 2755 4524 Ἐν-

1054 4562 1273 4645 έργεια,
1304 4562 1341 4640 ἡ
1372 4562 1436 4623 δὲ
1468 4561 1685 4624 Οὐσία.
1764 4559 2035 4641 (Quodsi
2068 4577 2319 4647 reputas
2348 4560 2408 4624 in
2441 4562 2751 4648 sequenti-

1051 4666 1171 4731 bus
1216 4663 1473 4727 alteram
1515 4662 1676 4726 dici:
1735 4662 1857 4727 κατ’
1906 4662 2232 4745 ἐνέργειαν,
2280 4662 2574 4729 alteram:
2632 4664 2752 4729 κατ’

1050 4770 1418 4853 οὐσίαν-ρ.
1455 4784 1617 4849 291ς
1663 4765 1855 4854 priori
1884 4764 1992 4829 illo
2021 4764 2157 4830 loco
2186 4765 2580 4831 scribendum
2610 4791 2754 4832 cen·

1048 4895 1215 4937 seas:
1266 4873 1534 4955 ἓνεργεία
1562 4884 1624 4933 et
1663 4871 1888 4954 οὐσία.)
1948 4870 2306 4956 Utramque
2334 4868 2562 4933 deinde
2589 4870 2755 4957 copi-

1048 5000 1153 5041 ose
1197 4973 1466 5060 explicat
1498 4934 1887 5038 Plutarchus,
1981 4971 2085 5036 Cf.
2115 4971 2392 5058 ejusdem
2436 4972 2756 5059 disputata

1045 5081 1110 5145 in
1144 5076 1547 5165 sequentibus
1576 5100 1640 5163 p.
1665 5096 1814 5159 570.
1838 5098 1931 5161 sq.
1963 5097 2026 5161 p.
2059 5093 2204 5158 299.
2228 5097 2365 5160 sqq.
2395 5075 2610 5162 Wytt.

1134 5206 1201 5269 p.
1236 5200 1423 5266 1351,
1453 5200 1515 5265 5.
1550 5181 1645 5243 καὶ
1670 5180 1903 5252 πενίαν,
1935 5179 2035 5241 ἵνα
2062 5176 2130 5241 τὸ
2164 5177 2506 5259 ἐλευθέριον
2535 5180 2756 5242 ἐνδεικ-

1050 5285 1276 5373 νύοιτο]
1310 5284 1494 5346 Hanc
1523 5279 1842 5345 lectionem
1877 5278 2273 5368 praetulimus
2299 5280 2476 5345 alteri
2496 5281 2565 5344 τὸ
2591 5283 2756 5346 ἐλεύ-

1051 5393 1247 5468 θερον.
1327 5382 1632 5448 Confusio
1660 5384 1971 5470 frequens.
2063 5383 2164 5447 De
2191 5382 2308 5446 hac
2337 5398 2400 5447 et
2428 5382 2509 5447 de
2537 5383 2751 5448 discri-

1052 5487 1217 5552 mine
1248 5486 1370 5550 vid.
1406 5489 1616 5553 Sturz.
1649 5487 1811 5551 Lex.
1848 5485 2152 5573 Xenoph.
2186 5486 2326 5551 111.
2375 5509 2444 5573 p.
2483 5505 2626 5573 132.
2658 5510 2750 5574 sq.

1999 471 2832 538 ANNOTATIONES
2898 472 3012 537 IN
3076 471 3530 536 PLOTINI

2820 660 2883 708 et
2914 643 3253 732 Wyttenb.
3296 643 3376 709 ad
3428 641 3743 708 Plutarch.
3794 641 3875 707 de
3918 644 4216 707 Puerorr.
4248 642 4526 709 Educat.

2821 770 2886 834 p.
2913 750 3015 832 65.
3080 749 3170 811 Et
3201 747 3390 811 miror
3422 745 3866 810 Heindorfium
3899 762 3961 810 et
3993 746 4353 811 Bekkerum
4387 746 4530 812 Pla-

2824 850 2954 915 toni
3000 873 3121 913 non
3172 849 3509 914 restituisse
3556 851 3904 931 ἐλευθερίως
3941 872 4022 913 ex
4055 848 4370 914 Athenaeo
4410 873 4530 938 pro

2827 952 3150 1035 ἐλευθέρως
3205 952 3268 1016 in
3324 953 3574 1017 Theaet.
3624 975 3687 1039 p.
3729 970 3869 1037 175.
3900 976 3956 1016 e.
4009 976 4073 1040 p.
4118 954 4261 1033 246.
4320 952 4523 1018 Bekk.

2828 1055 3019 1121 Teles
3060 1079 3165 1144 ap.
3202 1056 3379 1121 Stob.
3416 1055 3481 1121 in
3515 1054 3735 1120 Floril.
3769 1055 3899 1121 Tit.
3936 1056 4234 1120 XCVII.
4278 1079 4346 1144 p.
4376 1076 4525 1145 523.

2824 1183 2890 1247 p.
2925 1179 3068 1241 271.
3106 1158 3462 1224 Gaisford.:
3515 1158 3630 1223 Διὸ
3658 1159 3756 1223 καὶ
3786 1161 3839 1223 εῑ
3863 1160 4078 1238 βούλει
4120 1158 4229 1223 τὸν
4255 1162 4388 1225 υἱόν
4415 1187 4528 1226 σου

2825 1268 2926 1342 τῆς
2965 1264 3193 1330 ἐνδείας
3229 1264 3323 1326 καὶ
3364 1261 3637 1329 σπάνεως
3675 1266 3918 1336 παῦσαι,
3948 1263 4030 1342 μὴ
4058 1262 4203 1344 πρὸς
4230 1264 4336 1328 τὸν
4366 1270 4529 1328 Πτο-

2826 1372 3079 1446 λεμαῖον
3121 1364 3335 1445 πέμπε,
3368 1368 3525 1432 ὅπως
3567 1364 3839 1448 χρήματα
3884 1364 4176 1444 κτήσεται·
4225 1367 4279 1429 εἰ
4321 1368 4387 1430 δὲ
4425 1366 4528 1447 μὴ,

2830 1471 3184 1545 ἀλαζόνειαν
3212 1470 3585 1550 προσλαβὼν
3615 1469 4033 1546 ἀπελεύσεται,
4062 1474 4309 1550 περανεῖ
4334 1471 4399 1533 δὲ
4426 1469 4530 1534 οὗ·

2830 1573 2953 1638 δέν·
3019 1570 3157 1637 ἀλλ’
3211 1575 3295 1640 εἰς
3343 1570 3710 1651 Ἀκαδημίαν
3758 1571 3904 1653 πρὸς
3953 1569 4244 1652 Κράτητα.
4309 1573 4533 1640 ἐκεῖνος

2829 1677 3081 1756 ἠδύνατο
3134 1678 3196 1754 ἐξ
3248 1674 3572 1754 ἀπλήστων
3624 1675 3720 1738 καὶ
3773 1679 4122 1737 πολυτελῶν
4167 1675 4534 1756 ἐλευθερίους

2830 1779 2926 1843 καὶ
2953 1781 3201 1861 ἀφελεῖς
3229 1776 3699 1853 κατασκευάζειν.
3773 1775 3941 1840 Ibid.
3976 1799 4039 1863 p.
4069 1776 4217 1840 268:
4251 1778 4365 1860 οὐχ
4393 1779 4533 1863 ὁρᾷς

2831 1884 3022 1949 ἐνίους
3051 1879 3435 1960 κεκτημένους
3460 1881 3574 1960 μὲν
3601 1883 3830 1958 πολλὰ,
3857 1881 3933 1947 ὡς
3961 1884 4256 1954 δοκοῦσιν,
4282 1882 4352 1944 οὔ
4379 1907 4533 1964 χρω-

2827 1984 3041 2064 μένους
3067 1986 3132 2048 δὲ
3160 1985 3386 2050 τούτοις
3414 1981 3484 2046 δι’
3516 1984 3951 2064 ἀνελευθερίας,
3982 1997 4047 2045 et
4085 1981 4172 2045 ita
4209 1982 4437 2071 saepius
4464 1982 4529 2048 in

2829 2085 3046 2151 eodem
3078 2085 3449 2173 fragmento,
3545 2086 3622 2148 In
3656 2084 3945 2148 universo
3973 2108 4229 2171 quoque
4262 2084 4381 2150 hoc
4412 2085 4532 2151 Ti-

2830 2188 2968 2255 tulo
3006 2188 3205 2253 multa
3243 2189 3478 2267 insunt,
3507 2210 3654 2274 quae
3698 2186 3824 2250 huc
3862 2186 4132 2265 faciant3
4177 2210 4288 2252 nec
4327 2188 4536 2253 minus

2827 2291 2892 2357 in
2941 2290 3261 2356 Plutarchi
3312 2291 3604 2378 fragmm.
3652 2314 3729 2354 ex
3783 2288 3942 2355 libro
3995 2292 4235 2355 Contra
4282 2290 4532 2357 divitias

2830 2396 3042 2461 XXI.
3076 2418 3137 2482 p.
3167 2396 3311 2476 840.
3345 2418 3437 2481 sq.
3469 2394 3681 2481 Wytt.
3757 2393 4002 2470 Quibus
4028 2393 4335 2460 accedunt
4364 2418 4532 2460 nunc

2830 2497 3152 2563 sententiae
3180 2521 3256 2561 ex
3290 2496 3559 2562 Fabricii
3604 2496 3684 2560 ad
3735 2496 4046 2584 Pyrrhum
4079 2498 4377 2564 Oratione
4420 2522 4529 2563 ex-

2829 2614 3060 2687 cerptae
3089 2624 3193 2688 ap.
3220 2600 3486 2664 Dionem
3520 2614 3583 2664 et
3611 2598 3987 2685 Dionysium
4022 2599 4228 2665 Halic.
4260 2600 4322 2665 in
4354 2603 4530 2691 Ang.

2831 2703 2993 2768 Maii
3027 2705 3213 2768 Nova
3241 2702 3502 2768 Collect.
3537 2702 3737 2767 Vatic.
3772 2703 3871 2767 II.
3921 2726 3985 2791 p.
4028 2724 4169 2790 175.
4218 2729 4312 2792 sq.
4356 2722 4420 2770 et
4461 2729 4530 2795 p.

2828 2825 2974 2893 512.
3008 2831 3105 2894 sq.

2913 2949 3001 2960 —-
3027 2910 3085 2973 8.
3133 2911 3335 2993 ὥσπερ
3366 2910 3441 2975 ἂν
3473 2912 3639 2978 εἴτις
3670 2909 3864 2991 ἰατρὸς
3906 2910 4036 2974 οἷον
4060 2908 4536 2993 Ἱπποκράτης-

2829 3013 3068 3099 τέχνης]
3121 3015 3269 3078 Non
3311 3012 3510 3077 solum
3555 3012 3876 3077 medicinae
3919 3027 3982 3076 et
4024 3013 4406 3079 medicorum
4454 3014 4537 3079 si-

2830 3117 3121 3182 militudo
3170 3116 3605 3204 frequentatur
3651 3115 3714 3178 in
3760 3114 4212 3179 Socraticorum
4266 3117 4536 3206 scriptiS,

2836 3220 2941 3285 sed
2966 3220 3148 3285 etiam
3177 3218 3585 3308 Hippocratis
3613 3241 3836 3282 nomen
3866 3218 4233 3283 auctoritate
4257 3219 4539 3286 Platonis

2834 3324 3111 3410 itemque
3160 3322 3517 3388 Aristotelis
3565 3322 3944 3387 celebratum
3993 3338 4107 3387 est.
4205 3323 4324 3388 Ille
4368 3324 4551 3389 enim.

2836 3427 2997 3493 binis
3025 3426 3174 3491 locis
3194 3450 3336 3491 cum
3368 3426 3552 3490 laude
3581 3425 3748 3490 illius
3778 3425 4146 3490 mentionem
4181 3427 4350 3506 facit,
4380 3443 4443 3492 et
4471 3428 4535 3492 in

2839 3530 3112 3596 Phaedro
3156 3554 3223 3619 p.
3268 3548 3411 3611 270.
3445 3553 3500 3593 c.
3546 3545 3609 3594 et
3659 3530 3723 3593 in
3775 3531 4120 3616 Protagora
4162 3553 4228 3617 p.
4267 3551 4415 3615 311.
4444 3531 4533 3596 b:

2835 3658 3023 3721 quem
3076 3633 3474 3721 posteriorem
3536 3631 3740 3696 locum
3794 3631 3984 3696 miror
4034 3632 4324 3719 effugisse
4371 3657 4533 3722 prae·

2836 3736 3193 3801 stantissimi
3241 3735 3500 3801 Groenii
3549 3758 3668 3799 van
3719 3735 4069 3799 Prinsterer
4113 3735 4177 3798 in
4225 3737 4534 3823 Prosopo-

2835 3840 3099 3928 graphia
3133 3838 3446 3904 Platonica
3476 3862 3540 3925 p.
3569 3858 3707 3923 193.
3741 3837 4145 3924 diligentiam.
4224 3840 4537 3926 Stagiritae

2838 3943 3011 4008 locus
3042 3958 3133 4007 est
3163 3942 3225 4005 in
3254 3941 3476 4006 Politia
3498 3943 3659 4005 VII.
3678 3963 3741 4021 4.
3772 3963 3836 4028 p.
3865 3959 4010 4021 224.
4040 3941 4140 4006 ed.
4160 3943 4537 4031 Goettling.:

2836 4048 2968 4110 οἷον
3009 4044 3404 4127 Ἱπποκράτην
3441 4045 3547 4109 οὐκ
3593 4046 3906 4126 ἄνθρωπον
3953 4044 4089 4109 ἀλλ’
4139 4046 4342 4129 ἰατρὸν
4389 4046 4542 4111 εἶναι

2837 4149 3011 4228 μείζω
3042 4148 3297 4232 φήσειεν
3325 4149 3403 4212 ἄν
3430 4173 3519 4215 τις
3550 4175 3599 4210 κ.
3624 4173 3670 4210 τ.
3696 4155 3754 4211 λ.
3832 4147 3937 4211 Cf.
3966 4147 4150 4212 etiam
4186 4150 4447 4214 Suidam
4474 4151 4537 4214 in

2838 4249 3242 4333 Ἱπποκράτης.
3343 4250 3535 4314 Unde
3588 4249 3673 4314 nil
3726 4249 3955 4314 mirum
4006 4274 4044 4314 a
4097 4253 4539 4318 recentioribus

2840 4376 3094 4440 quoque
3147 4352 3483 4417 Platonicis
3531 4354 3668 4440 ejus
3722 4352 3816 4416 vel
3869 4353 4202 4418 sententias
4254 4357 4542 4443 usurpari

2841 4456 2972 4520 sine
3012 4454 3262 4520 nomine
3305 4457 3393 4537 (v.
3428 4479 3480 4520 c.
3534 4455 3839 4544 Porphyr.
3881 4455 3961 4520 de
4001 4456 4363 4522 Abstinent.
4399 4460 4538 4525 111.

2840 4583 2907 4647 p.
2943 4577 3091 4645 233.
3125 4557 3354 4623 Rhoer.
3361 4562 3389 4643 )
3422 4558 3521 4623 vel
3551 4558 3779 4623 diserte
3808 4559 3945 4674 ejus
3974 4559 4403 4626 auctoritatem
4435 4562 4545 4626 ad-

2844 4659 3060 4726 hiberi.
3109 4659 3255 4724 Vid.
3288 4683 3345 4724 v.
3369 4684 3425 4724 c.
3452 4660 3815 4750 Olympiod.
3848 4662 3908 4725 in
3942 4661 4153 4727 Alcib.
4185 4686 4281 4751 pr.
4304 4665 4364 4729 I.
4398 4687 4458 4752 p.
4481 4666 4540 4728 6.

2844 4765 3037 4829 XIV.
3068 4787 3135 4851 p.
3160 4782 3300 4842 124.
3351 4766 3645 4828 Ceterum
3676 4764 3985 4828 contraria
4012 4766 4195 4852 plane
4223 4767 4543 4833 sententiae

2843 4867 3212 4933 Plotinianae
3252 4882 3345 4931 est
3389 4866 3523 4932 haec
3568 4867 3807 4932 Comici
3851 4867 3915 4932 in
3957 4868 4240 4933 Medicos
4286 4869 4540 4934 maledi·

2839 4970 3169 5036 centissimi
3224 4970 3598 5035 Philemonis
3643 4994 3749 5058 ap.
3798 4972 3973 5036 Stob.
4017 4969 4233 5037 Floril.
4269 4972 4405 5039 Tit.
4439 4974 4538 5037 11.

2839 5099 2907 5163 p.
2953 5093 3102 5159 332.
3162 5073 3361 5138 Gaisf.
3441 5074 3553 5155 (cf.
3626 5074 3964 5139 Menandri
4031 5089 4096 5139 et
4159 5074 4543 5140 Philemonis

2844 5180 3084 5265 Fragg.
3118 5177 3376 5242 XLVI.
3398 5201 3461 5241 a.
3494 5201 3556 5264 p.
3580 5198 3726 5262 413.
3762 5175 4112 5260 Meinek.):

3044 5305 3178 5356 Οὔτε
3203 5304 3306 5374 γὰρ
3333 5302 3506 5375 ἰατρὸς
3533 5302 3652 5356 οὐδὲ
3680 5298 3772 5366 εἷς,
3799 5298 3863 5356 ἃν
3888 5299 3946 5356 εὖ
3972 5303 4189 5369 σκοπῇς,

3039 5400 3163 5458 τοὺς
3188 5400 3342 5456 αὐτὸς
3368 5400 3527 5454 αὑτοῦ
3551 5397 3765 5467 βούλεθ’
3792 5399 4035 5472 ὑγιαίνειν
4060 5398 4271 5469 φίλους,

3043 5501 3163 5554 οὔτε
3191 5500 3511 5571 στρατιώτης
3535 5500 3693 5556 πόλιν
3719 5500 3845 5571 ὁρᾷν
3869 5497 3992 5553 ἄνευ
4018 5499 4187 5553 κακοῦ.
