<?xml version="1.0" encoding="UTF-8"?>
<!DOCTYPE html PUBLIC "-//W3C//DTD XHTML 1.0 Transitional//EN"
    "http://www.w3.org/TR/xhtml1/DTD/xhtml1-transitional.dtd">
<html xmlns="http://www.w3.org/1999/xhtml" xml:lang="en" lang="en">
 <head>
  <title>
</title>
<meta http-equiv="Content-Type" content="text/html;charset=utf-8" />
  <meta name='ocr-system' content='tesseract 3.04.00' />
  <meta name='ocr-capabilities' content='ocr_page ocr_carea ocr_par ocr_line ocrx_word'/>
</head>
<body>
  <div class='ocr_page' id='page_1' title='image "./plotinioperaomn00chumgoog_0168.png"; bbox 0 0 5118 6613; ppageno 0'>
   <div class='ocr_carea' id='block_1_1' title="bbox 1115 562 1233 624">
    <p class='ocr_par' dir='ltr' id='par_1_1' title="bbox 1115 562 1233 624">
     <span class='ocr_line' id='line_1_1' title="bbox 1115 562 1233 624; baseline -0.017 0"><span class='ocrx_word' id='word_1_1' title='bbox 1115 562 1233 624; x_wconf 84' lang='lat'>162</span> 
     </span>
    </p>
   </div>
   <div class='ocr_carea' id='block_1_2' title="bbox 1102 717 2812 5653">
    <p class='ocr_par' dir='ltr' id='par_1_2' title="bbox 1102 717 2812 3591">
     <span class='ocr_line' id='line_1_2' title="bbox 1108 717 2808 802; baseline -0.009 -7"><span class='ocrx_word' id='word_1_2' title='bbox 1108 732 1272 795; x_wconf 81' lang='lat' dir='ltr'>Haec</span> <span class='ocrx_word' id='word_1_3' title='bbox 1289 727 1613 792; x_wconf 86' lang='lat' dir='ltr'>hactenus.</span> <span class='ocrx_word' id='word_1_4' title='bbox 1707 721 2078 787; x_wconf 86' lang='lat' dir='ltr'>Admonent</span> <span class='ocrx_word' id='word_1_5' title='bbox 2098 734 2310 785; x_wconf 89' lang='lat' dir='ltr'>autem</span> <span class='ocrx_word' id='word_1_6' title='bbox 2342 718 2475 783; x_wconf 87' lang='lat' dir='ltr'>haec</span> <span class='ocrx_word' id='word_1_7' title='bbox 2502 717 2808 802; x_wconf 82' lang='lat' dir='ltr'>deforma</span> 
     </span>
     <span class='ocr_line' id='line_1_3' title="bbox 1113 818 2812 915; baseline -0.008 -19"><span class='ocrx_word' id='word_1_8' title='bbox 1113 835 1368 915; x_wconf 80' lang='grc' dir='ltr'>(μορφῇ)</span> <span class='ocrx_word' id='word_1_9' title='bbox 1436 826 1830 915; x_wconf 85' lang='lat' dir='ltr'>superiorum</span> <span class='ocrx_word' id='word_1_10' title='bbox 1888 824 1970 889; x_wconf 91' lang='lat' dir='ltr'>de</span> <span class='ocrx_word' id='word_1_11' title='bbox 2027 822 2380 888; x_wconf 81' lang='grc' dir='ltr'>ὑποστάσει.</span> <span class='ocrx_word' id='word_1_12' title='bbox 2471 820 2573 886; x_wconf 90' lang='lat' dir='ltr'>Ad</span> <span class='ocrx_word' id='word_1_13' title='bbox 2619 818 2812 883; x_wconf 84' lang='lat' dir='ltr'>verba</span> 
     </span>
     <span class='ocr_line' id='line_1_4' title="bbox 1109 924 2811 1024; baseline -0.008 -24"><span class='ocrx_word' id='word_1_14' title='bbox 1109 936 1305 1024; x_wconf 87' lang='lat' dir='ltr'>igitur</span> <span class='ocrx_word' id='word_1_15' title='bbox 1332 932 1511 998; x_wconf 89' lang='lat' dir='ltr'>initio</span> <span class='ocrx_word' id='word_1_16' title='bbox 1541 930 1734 1017; x_wconf 88' lang='lat' dir='ltr'>hujus</span> <span class='ocrx_word' id='word_1_17' title='bbox 1776 927 2036 1017; x_wconf 86' lang='lat' dir='ltr'>eapitis:</span> <span class='ocrx_word' id='word_1_18' title='bbox 2081 924 2446 992; x_wconf 77' lang='grc' dir='ltr'>ὑποστάσεις</span> <span class='ocrx_word' id='word_1_19' title='bbox 2488 938 2551 988; x_wconf 90' lang='lat' dir='ltr'>et</span> <span class='ocrx_word' id='word_1_20' title='bbox 2605 926 2811 1002; x_wconf 76' lang='grc' dir='ltr'>αἴσθη-</span> 
     </span>
     <span class='ocr_line' id='line_1_5' title="bbox 1110 1027 2807 1118; baseline -0.009 -14"><span class='ocrx_word' id='word_1_21' title='bbox 1110 1066 1212 1104; x_wconf 90' lang='grc' dir='ltr'>σιν</span> <span class='ocrx_word' id='word_1_22' title='bbox 1250 1040 1359 1118; x_wconf 71' lang='grc' dir='ltr'>τὴν</span> <span class='ocrx_word' id='word_1_23' title='bbox 1406 1038 1473 1100; x_wconf 78' lang='grc' dir='ltr'>ἑν</span> <span class='ocrx_word' id='word_1_24' title='bbox 1520 1032 1851 1098; x_wconf 77' lang='grc' dir='ltr'>ὑποστάσει</span> <span class='ocrx_word' id='word_1_25' title='bbox 1897 1032 1993 1095; x_wconf 83' lang='grc' dir='ltr'>καὶ</span> <span class='ocrx_word' id='word_1_26' title='bbox 2034 1027 2222 1113; x_wconf 73' lang='grc' dir='ltr'>φύσιν</span> <span class='ocrx_word' id='word_1_27' title='bbox 2264 1030 2410 1093; x_wconf 88' lang='lat' dir='ltr'>nolo</span> <span class='ocrx_word' id='word_1_28' title='bbox 2452 1048 2807 1114; x_wconf 86' lang='lat' dir='ltr'><strong>congerere,</strong></span> 
     </span>
     <span class='ocr_line' id='line_1_6' title="bbox 1109 1129 2811 1230; baseline -0.009 -23"><span class='ocrx_word' id='word_1_29' title='bbox 1109 1165 1254 1230; x_wconf 82' lang='lat' dir='ltr'>quoe</span> <span class='ocrx_word' id='word_1_30' title='bbox 1287 1139 1489 1206; x_wconf 88' lang='lat' dir='ltr'>multa</span> <span class='ocrx_word' id='word_1_31' title='bbox 1525 1137 1610 1203; x_wconf 90' lang='lat' dir='ltr'>ab</span> <span class='ocrx_word' id='word_1_32' title='bbox 1652 1135 1788 1200; x_wconf 85' lang='lat' dir='ltr'>aliis</span> <span class='ocrx_word' id='word_1_33' title='bbox 1826 1135 1907 1199; x_wconf 89' lang='lat' dir='ltr'>de</span> <span class='ocrx_word' id='word_1_34' title='bbox 1934 1157 2088 1198; x_wconf 86' lang='lat' dir='ltr'>voce</span> <span class='ocrx_word' id='word_1_35' title='bbox 2127 1134 2459 1199; x_wconf 78' lang='grc' dir='ltr'>ὑπόστασις</span> <span class='ocrx_word' id='word_1_36' title='bbox 2490 1129 2811 1219; x_wconf 86' lang='lat' dir='ltr'>disputata</span> 
     </span>
     <span class='ocr_line' id='line_1_7' title="bbox 1110 1234 2811 1328; baseline -0.008 -17"><span class='ocrx_word' id='word_1_37' title='bbox 1110 1260 1276 1311; x_wconf 90' lang='lat' dir='ltr'>sunt.</span> <span class='ocrx_word' id='word_1_38' title='bbox 1356 1240 1535 1328; x_wconf 90' lang='lat' dir='ltr'>(Vid.</span> <span class='ocrx_word' id='word_1_39' title='bbox 1579 1239 1771 1305; x_wconf 92' lang='lat' dir='ltr'>modo</span> <span class='ocrx_word' id='word_1_40' title='bbox 1814 1237 1991 1303; x_wconf 91' lang='lat' dir='ltr'>Suid.</span> <span class='ocrx_word' id='word_1_41' title='bbox 2032 1238 2263 1300; x_wconf 88' lang='lat' dir='ltr'>Zonar.</span> <span class='ocrx_word' id='word_1_42' title='bbox 2297 1236 2453 1298; x_wconf 84' lang='lat' dir='ltr'>Lex.</span> <span class='ocrx_word' id='word_1_43' title='bbox 2483 1234 2546 1298; x_wconf 88' lang='lat' dir='ltr'>in</span> <span class='ocrx_word' id='word_1_44' title='bbox 2579 1256 2714 1297; x_wconf 88' lang='lat' dir='ltr'>voc.</span> <span class='ocrx_word' id='word_1_45' title='bbox 2746 1249 2811 1297; x_wconf 91' lang='lat' dir='ltr'>et</span> 
     </span>
     <span class='ocr_line' id='line_1_8' title="bbox 1107 1337 2804 1427; baseline -0.009 -13"><span class='ocrx_word' id='word_1_46' title='bbox 1107 1347 1244 1413; x_wconf 84' lang='lat' dir='ltr'>Jul.</span> <span class='ocrx_word' id='word_1_47' title='bbox 1295 1343 1573 1411; x_wconf 84' lang='lat' dir='ltr'>Pollucis</span> <span class='ocrx_word' id='word_1_48' title='bbox 1609 1340 1892 1407; x_wconf 80' lang='lat' dir='ltr'>Historia</span> <span class='ocrx_word' id='word_1_49' title='bbox 1949 1338 2146 1427; x_wconf 85' lang='lat' dir='ltr'>Phys.</span> <span class='ocrx_word' id='word_1_50' title='bbox 2196 1361 2263 1426; x_wconf 91' lang='lat' dir='ltr'>p.</span> <span class='ocrx_word' id='word_1_51' title='bbox 2308 1339 2456 1424; x_wconf 91' lang='grc'><strong>236.</strong></span> <span class='ocrx_word' id='word_1_52' title='bbox 2503 1337 2804 1401; x_wconf 72' lang='lat' dir='ltr'>Hardtii.</span> 
     </span>
     <span class='ocr_line' id='line_1_9' title="bbox 1106 1440 2808 1522; baseline -0.009 -5"><span class='ocrx_word' id='word_1_53' title='bbox 1106 1451 1187 1517; x_wconf 84' lang='lat' dir='ltr'>cf.</span> <span class='ocrx_word' id='word_1_54' title='bbox 1221 1449 1409 1515; x_wconf 87' lang='lat' dir='ltr'>etiam</span> <span class='ocrx_word' id='word_1_55' title='bbox 1444 1445 1682 1512; x_wconf 87' lang='lat' dir='ltr'>Suiceri</span> <span class='ocrx_word' id='word_1_56' title='bbox 1712 1444 2017 1509; x_wconf 89' lang='lat' dir='ltr'>Thesaur.</span> <span class='ocrx_word' id='word_1_57' title='bbox 2053 1441 2295 1506; x_wconf 76' lang='lat' dir='ltr'>EccleS.</span> <span class='ocrx_word' id='word_1_58' title='bbox 2330 1440 2394 1504; x_wconf 93' lang='lat' dir='ltr'>in</span> <span class='ocrx_word' id='word_1_59' title='bbox 2429 1444 2595 1522; x_wconf 87' lang='lat' dir='ltr'>voc.)</span> <span class='ocrx_word' id='word_1_60' title='bbox 2661 1441 2808 1504; x_wconf 91' lang='lat' dir='ltr'>Hoc</span> 
     </span>
     <span class='ocr_line' id='line_1_10' title="bbox 1105 1543 2810 1632; baseline -0.008 -14"><span class='ocrx_word' id='word_1_61' title='bbox 1105 1554 1244 1619; x_wconf 88' lang='lat' dir='ltr'>loco</span> <span class='ocrx_word' id='word_1_62' title='bbox 1318 1568 1641 1617; x_wconf 83' lang='lat' dir='ltr'><strong>teneamus</strong></span> <span class='ocrx_word' id='word_1_63' title='bbox 1710 1549 2047 1613; x_wconf 83' lang='grc' dir='ltr'>ὑπόστασιν</span> <span class='ocrx_word' id='word_1_64' title='bbox 2105 1544 2336 1632; x_wconf 82' lang='lat' dir='ltr'>soepius</span> <span class='ocrx_word' id='word_1_65' title='bbox 2406 1543 2710 1629; x_wconf 80' lang='lat' dir='ltr'>distingui</span> <span class='ocrx_word' id='word_1_66' title='bbox 2770 1564 2810 1606; x_wconf 87' lang='lat' dir='ltr'>a</span> 
     </span>
     <span class='ocr_line' id='line_1_11' title="bbox 1102 1645 2810 1740; baseline -0.006 -20"><span class='ocrx_word' id='word_1_67' title='bbox 1102 1660 1328 1740; x_wconf 80' lang='grc' dir='ltr'>μορφῇ,</span> <span class='ocrx_word' id='word_1_68' title='bbox 1360 1669 1433 1719; x_wconf 92' lang='lat' dir='ltr'>ut</span> <span class='ocrx_word' id='word_1_69' title='bbox 1474 1653 1844 1739; x_wconf 89' lang='lat' dir='ltr'>Subjectum</span> <span class='ocrx_word' id='word_1_70' title='bbox 1880 1673 1921 1713; x_wconf 91' lang='lat' dir='ltr'>a</span> <span class='ocrx_word' id='word_1_71' title='bbox 1967 1647 2319 1713; x_wconf 84' lang='lat' dir='ltr'>Praedicato</span> <span class='ocrx_word' id='word_1_72' title='bbox 2348 1645 2444 1710; x_wconf 87' lang='lat' dir='ltr'>vel</span> <span class='ocrx_word' id='word_1_73' title='bbox 2478 1645 2810 1734; x_wconf 90' lang='lat' dir='ltr'>Adjuncto</span> 
     </span>
     <span class='ocr_line' id='line_1_12' title="bbox 1103 1750 2811 1847; baseline -0.007 -22"><span class='ocrx_word' id='word_1_74' title='bbox 1103 1756 1564 1847; x_wconf 87' lang='lat' dir='ltr'>metaphysico:</span> <span class='ocrx_word' id='word_1_75' title='bbox 1616 1756 2095 1840; x_wconf 86' lang='lat' dir='ltr'>Nonnunquam</span> <span class='ocrx_word' id='word_1_76' title='bbox 2141 1753 2479 1815; x_wconf 81' lang='grc' dir='ltr'>ὑπόστασιν</span> <span class='ocrx_word' id='word_1_77' title='bbox 2516 1763 2581 1813; x_wconf 90' lang='lat' dir='ltr'>et</span> <span class='ocrx_word' id='word_1_78' title='bbox 2623 1750 2811 1831; x_wconf 83' lang='grc' dir='ltr'>φύσιν</span> 
     </span>
     <span class='ocr_line' id='line_1_13' title="bbox 1104 1850 2807 1950; baseline -0.008 -22"><span class='ocrx_word' id='word_1_79' title='bbox 1104 1886 1223 1950; x_wconf 87' lang='lat' dir='ltr'>pro</span> <span class='ocrx_word' id='word_1_80' title='bbox 1281 1884 1411 1926; x_wconf 90' lang='lat' dir='ltr'>uno</span> <span class='ocrx_word' id='word_1_81' title='bbox 1460 1858 1808 1945; x_wconf 88' lang='lat' dir='ltr'>eodemque</span> <span class='ocrx_word' id='word_1_82' title='bbox 1866 1854 2122 1919; x_wconf 87' lang='lat' dir='ltr'>haberi:</span> <span class='ocrx_word' id='word_1_83' title='bbox 2202 1852 2361 1936; x_wconf 88' lang='lat' dir='ltr'>(vid.</span> <span class='ocrx_word' id='word_1_84' title='bbox 2423 1850 2807 1917; x_wconf 85' lang='lat' dir='ltr'>Theodoret.</span> 
     </span>
     <span class='ocr_line' id='line_1_14' title="bbox 1107 1954 2810 2051; baseline -0.008 -20"><span class='ocrx_word' id='word_1_85' title='bbox 1107 1965 1247 2030; x_wconf 88' lang='lat' dir='ltr'>Vol.</span> <span class='ocrx_word' id='word_1_86' title='bbox 1282 1964 1362 2029; x_wconf 91' lang='lat' dir='ltr'>V.</span> <span class='ocrx_word' id='word_1_87' title='bbox 1393 1986 1459 2051; x_wconf 89' lang='lat' dir='ltr'>p.</span> <span class='ocrx_word' id='word_1_88' title='bbox 1496 1980 1597 2027; x_wconf 88' lang='lat'>12.</span> <span class='ocrx_word' id='word_1_89' title='bbox 1635 1961 1735 2024; x_wconf 89' lang='lat'>16.</span> <span class='ocrx_word' id='word_1_90' title='bbox 1771 1957 2054 2040; x_wconf 85' lang='lat' dir='ltr'>Schulz.)</span> <span class='ocrx_word' id='word_1_91' title='bbox 2107 1956 2446 2022; x_wconf 88' lang='lat' dir='ltr'>Plotiniani</span> <span class='ocrx_word' id='word_1_92' title='bbox 2479 1955 2597 2020; x_wconf 91' lang='lat' dir='ltr'>loci</span> <span class='ocrx_word' id='word_1_93' title='bbox 2621 1954 2810 2041; x_wconf 86' lang='lat' dir='ltr'>insig-</span> 
     </span>
     <span class='ocr_line' id='line_1_15' title="bbox 1106 2058 2803 2148; baseline -0.005 -14"><span class='ocrx_word' id='word_1_94' title='bbox 1106 2068 1311 2134; x_wconf 88' lang='lat' dir='ltr'>niores</span> <span class='ocrx_word' id='word_1_95' title='bbox 1339 2066 1407 2130; x_wconf 90' lang='lat' dir='ltr'>hi</span> <span class='ocrx_word' id='word_1_96' title='bbox 1437 2079 1585 2130; x_wconf 88' lang='lat' dir='ltr'>sunt</span> <span class='ocrx_word' id='word_1_97' title='bbox 1615 2063 1759 2128; x_wconf 91' lang='lat' dir='ltr'>III.</span> <span class='ocrx_word' id='word_1_98' title='bbox 1791 2079 1856 2148; x_wconf 87' lang='lat'>5.</span> <span class='ocrx_word' id='word_1_99' title='bbox 1892 2081 1951 2144; x_wconf 91' lang='lat'>7.</span> <span class='ocrx_word' id='word_1_100' title='bbox 2002 2061 2082 2124; x_wconf 90' lang='lat' dir='ltr'>V.</span> <span class='ocrx_word' id='word_1_101' title='bbox 2121 2080 2178 2123; x_wconf 90' lang='lat'>1.</span> <span class='ocrx_word' id='word_1_102' title='bbox 2216 2080 2272 2124; x_wconf 90' lang='lat'>1.</span> <span class='ocrx_word' id='word_1_103' title='bbox 2321 2060 2437 2123; x_wconf 91' lang='lat' dir='ltr'>VI.</span> <span class='ocrx_word' id='word_1_104' title='bbox 2473 2060 2533 2124; x_wconf 90' lang='lat'>6.</span> <span class='ocrx_word' id='word_1_105' title='bbox 2566 2078 2630 2143; x_wconf 88' lang='lat'>5.</span> <span class='ocrx_word' id='word_1_106' title='bbox 2684 2058 2803 2125; x_wconf 90' lang='lat' dir='ltr'><strong>VI.</strong></span> 
     </span>
     <span class='ocr_line' id='line_1_16' title="bbox 1109 2162 2811 2256; baseline -0.006 -20"><span class='ocrx_word' id='word_1_107' title='bbox 1109 2192 1172 2256; x_wconf 92' lang='lat'>7.</span> <span class='ocrx_word' id='word_1_108' title='bbox 1205 2192 1287 2252; x_wconf 87' lang='lat'>4;</span> <span class='ocrx_word' id='word_1_109' title='bbox 1335 2193 1413 2234; x_wconf 85' lang='lat' dir='ltr'>ex</span> <span class='ocrx_word' id='word_1_110' title='bbox 1442 2167 1676 2255; x_wconf 90' lang='lat' dir='ltr'>quibus</span> <span class='ocrx_word' id='word_1_111' title='bbox 1706 2164 2061 2254; x_wconf 88' lang='lat' dir='ltr'>philosophi</span> <span class='ocrx_word' id='word_1_112' title='bbox 2081 2162 2273 2228; x_wconf 89' lang='lat' dir='ltr'>nostri</span> <span class='ocrx_word' id='word_1_113' title='bbox 2300 2186 2450 2227; x_wconf 89' lang='lat' dir='ltr'>usus</span> <span class='ocrx_word' id='word_1_114' title='bbox 2480 2184 2811 2250; x_wconf 88' lang='lat' dir='ltr'>cognosca-</span> 
     </span>
     <span class='ocr_line' id='line_1_17' title="bbox 1106 2267 2808 2340; baseline -0.007 0"><span class='ocrx_word' id='word_1_115' title='bbox 1106 2290 1231 2340; x_wconf 90' lang='lat' dir='ltr'>tur.</span> <span class='ocrx_word' id='word_1_116' title='bbox 1326 2274 1472 2338; x_wconf 93' lang='lat' dir='ltr'>Hoc</span> <span class='ocrx_word' id='word_1_117' title='bbox 1518 2270 1655 2335; x_wconf 90' lang='lat' dir='ltr'>loco</span> <span class='ocrx_word' id='word_1_118' title='bbox 1704 2268 1837 2334; x_wconf 89' lang='lat' dir='ltr'>Fic.</span> <span class='ocrx_word' id='word_1_119' title='bbox 1871 2267 2096 2332; x_wconf 83' lang='lat' dir='ltr'>vertit:</span> <span class='ocrx_word' id='word_1_120' title='bbox 2143 2268 2558 2332; x_wconf 68' lang='lat' dir='ltr'>subsidentem</span> <span class='ocrx_word' id='word_1_121' title='bbox 2602 2275 2808 2330; x_wconf 74' lang='lat' dir='ltr'>acmm</span> 
     </span>
     <span class='ocr_line' id='line_1_18' title="bbox 1102 2367 2806 2444; baseline -0.008 1"><span class='ocrx_word' id='word_1_122' title='bbox 1102 2389 1161 2444; x_wconf 80' lang='lat' dir='ltr'>et</span> <span class='ocrx_word' id='word_1_123' title='bbox 1218 2399 1471 2444; x_wconf 71' lang='lat' dir='ltr'>sensum</span> <span class='ocrx_word' id='word_1_124' title='bbox 1526 2376 1599 2439; x_wconf 77' lang='lat' dir='ltr'>in</span> <span class='ocrx_word' id='word_1_125' title='bbox 1657 2381 1806 2438; x_wconf 77' lang='lat' dir='ltr'>actu</span> <span class='ocrx_word' id='word_1_126' title='bbox 1862 2371 2301 2436; x_wconf 72' lang='lat' dir='ltr'>subsidentem.</span> <span class='ocrx_word' id='word_1_127' title='bbox 2411 2371 2567 2434; x_wconf 90' lang='lat' dir='ltr'>Non</span> <span class='ocrx_word' id='word_1_128' title='bbox 2623 2367 2806 2433; x_wconf 86' lang='lat' dir='ltr'>male.</span> 
     </span>
     <span class='ocr_line' id='line_1_19' title="bbox 1105 2473 2808 2566; baseline -0.007 -20"><span class='ocrx_word' id='word_1_129' title='bbox 1105 2481 1261 2547; x_wconf 82' lang='lat' dir='ltr'>Vult</span> <span class='ocrx_word' id='word_1_130' title='bbox 1303 2479 1469 2545; x_wconf 89' lang='lat' dir='ltr'>enim</span> <span class='ocrx_word' id='word_1_131' title='bbox 1513 2476 1688 2566; x_wconf 91' lang='lat' dir='ltr'>quod</span> <span class='ocrx_word' id='word_1_132' title='bbox 1722 2473 2052 2539; x_wconf 80' lang='lat' dir='ltr'>vernacule</span> <span class='ocrx_word' id='word_1_133' title='bbox 2090 2473 2300 2538; x_wconf 88' lang='lat' dir='ltr'>dicas:</span> <span class='ocrx_word' id='word_1_134' title='bbox 2349 2474 2463 2537; x_wconf 83' lang='lat' dir='ltr'>der</span> <span class='ocrx_word' id='word_1_135' title='bbox 2490 2474 2562 2535; x_wconf 76' lang='lat' dir='ltr'>in</span> <span class='ocrx_word' id='word_1_136' title='bbox 2610 2474 2808 2536; x_wconf 78' lang='lat' dir='ltr'>einem</span> 
     </span>
     <span class='ocr_line' id='line_1_20' title="bbox 1104 2576 2804 2668; baseline -0.006 -18"><span class='ocrx_word' id='word_1_137' title='bbox 1104 2583 1572 2668; x_wconf 72' lang='lat' dir='ltr'>Niederschlag</span> <span class='ocrx_word' id='word_1_138' title='bbox 1600 2578 1848 2664; x_wconf 83' lang='lat' dir='ltr'>(Stoff.)</span> <span class='ocrx_word' id='word_1_139' title='bbox 1880 2578 2014 2642; x_wconf 71' lang='lat' dir='ltr'>sich</span> <span class='ocrx_word' id='word_1_140' title='bbox 2042 2577 2458 2641; x_wconf 73' lang='lat' dir='ltr'>darstellende</span> <span class='ocrx_word' id='word_1_141' title='bbox 2486 2579 2623 2640; x_wconf 82' lang='lat' dir='ltr'>Act.</span> <span class='ocrx_word' id='word_1_142' title='bbox 2705 2576 2804 2640; x_wconf 90' lang='lat' dir='ltr'>Ad</span> 
     </span>
     <span class='ocr_line' id='line_1_21' title="bbox 1105 2677 2807 2766; baseline -0.005 -15"><span class='ocrx_word' id='word_1_143' title='bbox 1105 2686 1298 2751; x_wconf 87' lang='lat' dir='ltr'>nostri</span> <span class='ocrx_word' id='word_1_144' title='bbox 1327 2684 1446 2750; x_wconf 86' lang='lat' dir='ltr'>loci</span> <span class='ocrx_word' id='word_1_145' title='bbox 1476 2679 1944 2746; x_wconf 87' lang='lat' dir='ltr'>similitudinem</span> <span class='ocrx_word' id='word_1_146' title='bbox 1990 2677 2458 2766; x_wconf 88' lang='lat' dir='ltr'>quodammodo</span> <span class='ocrx_word' id='word_1_147' title='bbox 2500 2678 2807 2743; x_wconf 88' lang='lat' dir='ltr'>accedunt</span> 
     </span>
     <span class='ocr_line' id='line_1_22' title="bbox 1105 2780 2806 2870; baseline -0.006 -15"><span class='ocrx_word' id='word_1_148' title='bbox 1105 2790 1241 2855; x_wconf 85' lang='lat' dir='ltr'>haec</span> <span class='ocrx_word' id='word_1_149' title='bbox 1271 2786 1478 2853; x_wconf 91' lang='lat' dir='ltr'>Procli</span> <span class='ocrx_word' id='word_1_150' title='bbox 1507 2785 1573 2849; x_wconf 90' lang='lat' dir='ltr'>in</span> <span class='ocrx_word' id='word_1_151' title='bbox 1611 2783 1776 2849; x_wconf 90' lang='lat' dir='ltr'>Plat.</span> <span class='ocrx_word' id='word_1_152' title='bbox 1810 2781 2040 2848; x_wconf 90' lang='lat' dir='ltr'>Theol.</span> <span class='ocrx_word' id='word_1_153' title='bbox 2074 2784 2314 2848; x_wconf 88' lang='lat' dir='ltr'>XVII.</span> <span class='ocrx_word' id='word_1_154' title='bbox 2344 2805 2406 2870; x_wconf 89' lang='lat' dir='ltr'>p.</span> <span class='ocrx_word' id='word_1_155' title='bbox 2441 2800 2551 2865; x_wconf 92' lang='lat'>47.</span> <span class='ocrx_word' id='word_1_156' title='bbox 2585 2780 2698 2846; x_wconf 85' lang='lat' dir='ltr'>inf.</span> <span class='ocrx_word' id='word_1_157' title='bbox 2732 2785 2806 2845; x_wconf 73' lang='grc' dir='ltr'>τὰ</span> 
     </span>
     <span class='ocr_line' id='line_1_23' title="bbox 1108 2886 2801 2975; baseline -0.005 -18"><span class='ocrx_word' id='word_1_158' title='bbox 1108 2895 1171 2957; x_wconf 78' lang='grc' dir='ltr'>δὲ</span> <span class='ocrx_word' id='word_1_159' title='bbox 1203 2893 1436 2975; x_wconf 79' lang='grc' dir='ltr'>ἔσχατα</span> <span class='ocrx_word' id='word_1_160' title='bbox 1466 2891 1561 2954; x_wconf 86' lang='grc' dir='ltr'>καὶ</span> <span class='ocrx_word' id='word_1_161' title='bbox 1606 2888 1792 2953; x_wconf 78' lang='grc' dir='ltr'>ἔνυλα</span> <span class='ocrx_word' id='word_1_162' title='bbox 1834 2892 2044 2974; x_wconf 74' lang='grc' dir='ltr'>πολλῷ</span> <span class='ocrx_word' id='word_1_163' title='bbox 2087 2886 2272 2967; x_wconf 84' lang='grc' dir='ltr'>δήπου</span> <span class='ocrx_word' id='word_1_164' title='bbox 2306 2887 2585 2966; x_wconf 76' lang='grc' dir='ltr'>μειζόνως</span> <span class='ocrx_word' id='word_1_165' title='bbox 2613 2911 2801 2967; x_wconf 89' lang='grc' dir='ltr'>παρα-</span> 
     </span>
     <span class='ocr_line' id='line_1_24' title="bbox 1106 2988 2801 3077; baseline -0.005 -18"><span class='ocrx_word' id='word_1_166' title='bbox 1106 2994 1310 3077; x_wconf 84' lang='grc' dir='ltr'>τρέπει</span> <span class='ocrx_word' id='word_1_167' title='bbox 1338 2993 1406 3057; x_wconf 87' lang='grc' dir='ltr'>τὸ</span> <span class='ocrx_word' id='word_1_168' title='bbox 1438 2995 1658 3057; x_wconf 75' lang='grc' dir='ltr'>οἰκεῖον</span> <span class='ocrx_word' id='word_1_169' title='bbox 1690 2992 1938 3073; x_wconf 79' lang='grc' dir='ltr'>ἀγαθόν.</span> <span class='ocrx_word' id='word_1_170' title='bbox 1988 2992 2083 3054; x_wconf 82' lang='grc' dir='ltr'>καὶ</span> <span class='ocrx_word' id='word_1_171' title='bbox 2116 2993 2233 3072; x_wconf 77' lang='grc' dir='ltr'>γὰρ</span> <span class='ocrx_word' id='word_1_172' title='bbox 2266 2988 2446 3065; x_wconf 72' lang='grc' dir='ltr'>άζωΐα</span> <span class='ocrx_word' id='word_1_173' title='bbox 2474 2988 2801 3071; x_wconf 82' lang='grc' dir='ltr'>συγκέκρα-</span> 
     </span>
     <span class='ocr_line' id='line_1_25' title="bbox 1106 3090 2802 3176; baseline -0.005 -15"><span class='ocrx_word' id='word_1_174' title='bbox 1106 3122 1203 3161; x_wconf 92' lang='grc' dir='ltr'>ται</span> <span class='ocrx_word' id='word_1_175' title='bbox 1235 3098 1332 3161; x_wconf 82' lang='grc' dir='ltr'>καὶ</span> <span class='ocrx_word' id='word_1_176' title='bbox 1351 3096 1460 3176; x_wconf 75' lang='grc' dir='ltr'>τὴν</span> <span class='ocrx_word' id='word_1_177' title='bbox 1481 3096 1818 3159; x_wconf 89' lang='grc' dir='ltr'>ὑπόστασιν</span> <span class='ocrx_word' id='word_1_178' title='bbox 1838 3092 2145 3172; x_wconf 76' lang='grc' dir='ltr'>εἷδωλικῆν</span> <span class='ocrx_word' id='word_1_179' title='bbox 2176 3093 2303 3175; x_wconf 82' lang='grc' dir='ltr'>ἔχει</span> <span class='ocrx_word' id='word_1_180' title='bbox 2327 3120 2378 3156; x_wconf 83' lang='grc' dir='ltr'><strong>κ.</strong></span> <span class='ocrx_word' id='word_1_181' title='bbox 2404 3118 2459 3155; x_wconf 89' lang='grc' dir='ltr'>τ.</span> <span class='ocrx_word' id='word_1_182' title='bbox 2478 3098 2539 3155; x_wconf 94' lang='grc' dir='ltr'>λ.</span> <span class='ocrx_word' id='word_1_183' title='bbox 2620 3090 2802 3154; x_wconf 89' lang='lat' dir='ltr'><strong>Idem</strong></span> 
     </span>
     <span class='ocr_line' id='line_1_26' title="bbox 1105 3194 2804 3287; baseline -0.004 -25"><span class='ocrx_word' id='word_1_184' title='bbox 1105 3199 1171 3263; x_wconf 92' lang='lat' dir='ltr'>in</span> <span class='ocrx_word' id='word_1_185' title='bbox 1198 3197 1341 3263; x_wconf 89' lang='lat' dir='ltr'>Alc.</span> <span class='ocrx_word' id='word_1_186' title='bbox 1374 3220 1470 3287; x_wconf 91' lang='lat' dir='ltr'>pr.</span> <span class='ocrx_word' id='word_1_187' title='bbox 1502 3220 1566 3285; x_wconf 93' lang='lat' dir='ltr'>p.</span> <span class='ocrx_word' id='word_1_188' title='bbox 1601 3196 1706 3261; x_wconf 88' lang='lat'>68.</span> <span class='ocrx_word' id='word_1_189' title='bbox 1740 3194 1843 3260; x_wconf 92' lang='lat' dir='ltr'>ed.</span> <span class='ocrx_word' id='word_1_190' title='bbox 1886 3209 2079 3259; x_wconf 88' lang='lat' dir='ltr'>nostr.</span> <span class='ocrx_word' id='word_1_191' title='bbox 2158 3197 2241 3260; x_wconf 82' lang='grc' dir='ltr'>Οἱ</span> <span class='ocrx_word' id='word_1_192' title='bbox 2280 3197 2394 3275; x_wconf 72' lang='grc' dir='ltr'>μὲν</span> <span class='ocrx_word' id='word_1_193' title='bbox 2432 3195 2633 3257; x_wconf 89' lang='grc' dir='ltr'>τοίνυν</span> <span class='ocrx_word' id='word_1_194' title='bbox 2678 3194 2804 3257; x_wconf 86' lang='grc' dir='ltr'>δαί-</span> 
     </span>
     <span class='ocr_line' id='line_1_27' title="bbox 1104 3296 2806 3384; baseline -0.002 -17"><span class='ocrx_word' id='word_1_195' title='bbox 1104 3328 1284 3383; x_wconf 88' lang='grc' dir='ltr'>μονες</span> <span class='ocrx_word' id='word_1_196' title='bbox 1340 3302 1449 3381; x_wconf 72' lang='grc' dir='ltr'>τὴν</span> <span class='ocrx_word' id='word_1_197' title='bbox 1503 3301 1741 3384; x_wconf 70' lang='grc' dir='ltr'>πρώτην</span> <span class='ocrx_word' id='word_1_198' title='bbox 1788 3299 2126 3364; x_wconf 85' lang='grc' dir='ltr'>ὑπόστασιν</span> <span class='ocrx_word' id='word_1_199' title='bbox 2179 3299 2474 3383; x_wconf 84' lang='grc' dir='ltr'>λαχόντες</span> <span class='ocrx_word' id='word_1_200' title='bbox 2528 3296 2647 3362; x_wconf 76' lang='grc' dir='ltr'>ἀπὸ</span> <span class='ocrx_word' id='word_1_201' title='bbox 2705 3300 2806 3377; x_wconf 84' lang='grc' dir='ltr'>τῆς</span> 
     </span>
     <span class='ocr_line' id='line_1_28' title="bbox 1104 3402 2806 3489; baseline -0.005 -18"><span class='ocrx_word' id='word_1_202' title='bbox 1104 3407 1404 3489; x_wconf 76' lang='grc' dir='ltr'>ζωογόνου</span> <span class='ocrx_word' id='word_1_203' title='bbox 1444 3409 1601 3478; x_wconf 81' lang='grc' dir='ltr'>θεᾶς,</span> <span class='ocrx_word' id='word_1_204' title='bbox 1652 3405 1924 3468; x_wconf 76' lang='grc' dir='ltr'>κάκεῖθεν</span> <span class='ocrx_word' id='word_1_205' title='bbox 1952 3404 2083 3466; x_wconf 81' lang='grc' dir='ltr'>οἶον</span> <span class='ocrx_word' id='word_1_206' title='bbox 2112 3403 2179 3466; x_wconf 76' lang='grc' dir='ltr'>ἐκ</span> <span class='ocrx_word' id='word_1_207' title='bbox 2211 3405 2402 3485; x_wconf 82' lang='grc' dir='ltr'>πηγῆς</span> <span class='ocrx_word' id='word_1_208' title='bbox 2439 3426 2598 3467; x_wconf 87' lang='grc' dir='ltr'>τινος</span> <span class='ocrx_word' id='word_1_209' title='bbox 2626 3402 2806 3481; x_wconf 84' lang='grc' dir='ltr'>ἆπορ-</span> 
     </span>
     <span class='ocr_line' id='line_1_29' title="bbox 1103 3503 2182 3591; baseline -0.006 -17"><span class='ocrx_word' id='word_1_210' title='bbox 1103 3508 1361 3591; x_wconf 83' lang='grc' dir='ltr'>ῥέοντες,</span> <span class='ocrx_word' id='word_1_211' title='bbox 1394 3508 1608 3574; x_wconf 81' lang='grc' dir='ltr'>οὐσίαν</span> <span class='ocrx_word' id='word_1_212' title='bbox 1640 3506 1868 3590; x_wconf 78' lang='grc' dir='ltr'>ἔλαχον</span> <span class='ocrx_word' id='word_1_213' title='bbox 1895 3503 2182 3590; x_wconf 81' lang='grc' dir='ltr'>ψυχικήν.</span> 
     </span>
    </p>

    <p class='ocr_par' dir='ltr' id='par_1_3' title="bbox 1102 3606 2810 4823">
     <span class='ocr_line' id='line_1_30' title="bbox 1189 3606 2795 3701; baseline -0.005 -25"><span class='ocrx_word' id='word_1_214' title='bbox 1189 3635 1252 3701; x_wconf 92' lang='lat' dir='ltr'>p.</span> <span class='ocrx_word' id='word_1_215' title='bbox 1269 3631 1309 3697; x_wconf 85' lang='lat'><em>5</em></span> <span class='ocrx_word' id='word_1_216' title='bbox 1321 3632 1423 3698; x_wconf 87' lang='lat'>13,</span> <span class='ocrx_word' id='word_1_217' title='bbox 1443 3631 1504 3696; x_wconf 95' lang='lat'>9.</span> <span class='ocrx_word' id='word_1_218' title='bbox 1525 3610 1645 3675; x_wconf 85' lang='grc' dir='ltr'>Καὶ</span> <span class='ocrx_word' id='word_1_219' title='bbox 1662 3609 1730 3673; x_wconf 84' lang='grc' dir='ltr'>τὸ</span> <span class='ocrx_word' id='word_1_220' title='bbox 1753 3608 1927 3694; x_wconf 74' lang='grc' dir='ltr'>ψυχὴ</span> <span class='ocrx_word' id='word_1_221' title='bbox 1942 3613 2111 3673; x_wconf 82' lang='grc' dir='ltr'>πᾶσα</span> <span class='ocrx_word' id='word_1_222' title='bbox 2134 3606 2795 3690; x_wconf 78' lang='grc' dir='ltr'>ἐπιμελεῖται-εἴδεσι]</span> 
     </span>
     <span class='ocr_line' id='line_1_31' title="bbox 1106 3708 2806 3799; baseline -0.006 -18"><span class='ocrx_word' id='word_1_223' title='bbox 1106 3714 1280 3781; x_wconf 91' lang='lat' dir='ltr'>Illud</span> <span class='ocrx_word' id='word_1_224' title='bbox 1325 3714 1396 3778; x_wconf 83' lang='grc' dir='ltr'>τὸ</span> <span class='ocrx_word' id='word_1_225' title='bbox 1453 3712 1714 3792; x_wconf 90' lang='lat' dir='ltr'>Plotini,</span> <span class='ocrx_word' id='word_1_226' title='bbox 1758 3725 1831 3776; x_wconf 91' lang='lat' dir='ltr'>ut</span> <span class='ocrx_word' id='word_1_227' title='bbox 1875 3710 2105 3799; x_wconf 86' lang='lat' dir='ltr'>saepius</span> <span class='ocrx_word' id='word_1_228' title='bbox 2152 3709 2327 3788; x_wconf 85' lang='lat' dir='ltr'>alibi,</span> <span class='ocrx_word' id='word_1_229' title='bbox 2375 3709 2511 3774; x_wconf 91' lang='lat' dir='ltr'>Fic.</span> <span class='ocrx_word' id='word_1_230' title='bbox 2544 3708 2806 3773; x_wconf 89' lang='lat' dir='ltr'>circum-</span> 
     </span>
     <span class='ocr_line' id='line_1_32' title="bbox 1104 3811 2810 3906; baseline -0.005 -24"><span class='ocrx_word' id='word_1_231' title='bbox 1104 3817 1348 3906; x_wconf 87' lang='lat' dir='ltr'>scripsit</span> <span class='ocrx_word' id='word_1_232' title='bbox 1375 3816 1508 3880; x_wconf 89' lang='lat' dir='ltr'>his:</span> <span class='ocrx_word' id='word_1_233' title='bbox 1559 3825 1602 3855; x_wconf 80' lang='lat'>‘⁶</span> <span class='ocrx_word' id='word_1_234' title='bbox 1632 3816 1796 3903; x_wconf 78' lang='lat' dir='ltr'>quod</span> <span class='ocrx_word' id='word_1_235' title='bbox 1823 3815 2060 3879; x_wconf 72' lang='lat' dir='ltr'>dicitur</span> <span class='ocrx_word' id='word_1_236' title='bbox 2080 3836 2123 3877; x_wconf 89' lang='lat' dir='ltr'>a</span> <span class='ocrx_word' id='word_1_237' title='bbox 2148 3811 2467 3878; x_wconf 76' lang='lat' dir='ltr'>Platone.”</span> <span class='ocrx_word' id='word_1_238' title='bbox 2557 3812 2679 3875; x_wconf 88' lang='lat' dir='ltr'>Est</span> <span class='ocrx_word' id='word_1_239' title='bbox 2698 3834 2810 3875; x_wconf 89' lang='lat' dir='ltr'>au-</span> 
     </span>
     <span class='ocr_line' id='line_1_33' title="bbox 1105 3912 2808 4006; baseline -0.005 -20"><span class='ocrx_word' id='word_1_240' title='bbox 1105 3938 1230 3986; x_wconf 92' lang='lat' dir='ltr'>tem</span> <span class='ocrx_word' id='word_1_241' title='bbox 1260 3920 1438 3985; x_wconf 90' lang='lat' dir='ltr'>locus</span> <span class='ocrx_word' id='word_1_242' title='bbox 1464 3918 1530 3982; x_wconf 92' lang='lat' dir='ltr'>in</span> <span class='ocrx_word' id='word_1_243' title='bbox 1562 3919 1835 3983; x_wconf 81' lang='lat' dir='ltr'>Phaedro</span> <span class='ocrx_word' id='word_1_244' title='bbox 1862 3940 1927 4006; x_wconf 88' lang='lat' dir='ltr'>p.</span> <span class='ocrx_word' id='word_1_245' title='bbox 1953 3920 2098 3999; x_wconf 89' lang='lat'><strong>246.</strong></span> <span class='ocrx_word' id='word_1_246' title='bbox 2130 3940 2195 4004; x_wconf 91' lang='lat' dir='ltr'>p.</span> <span class='ocrx_word' id='word_1_247' title='bbox 2229 3936 2335 3998; x_wconf 92' lang='lat'>40.</span> <span class='ocrx_word' id='word_1_248' title='bbox 2360 3912 2564 3979; x_wconf 86' lang='lat' dir='ltr'>Bekk.</span> <span class='ocrx_word' id='word_1_249' title='bbox 2590 3938 2604 3976; x_wconf 76' lang='grc' dir='ltr'>ε</span> <span class='ocrx_word' id='word_1_250' title='bbox 2639 3919 2808 3978; x_wconf 79' lang='grc' dir='ltr'>πᾶσα</span> 
     </span>
     <span class='ocr_line' id='line_1_34' title="bbox 1103 4016 2804 4106; baseline -0.005 -18"><span class='ocrx_word' id='word_1_251' title='bbox 1103 4025 1142 4105; x_wconf 82' lang='grc' dir='ltr'>ἡ</span> <span class='ocrx_word' id='word_1_252' title='bbox 1180 4023 1353 4106; x_wconf 77' lang='grc' dir='ltr'>ψυχὴ</span> <span class='ocrx_word' id='word_1_253' title='bbox 1394 4022 1617 4089; x_wconf 86' lang='grc' dir='ltr'>παντὸς</span> <span class='ocrx_word' id='word_1_254' title='bbox 1653 4023 2021 4102; x_wconf 74' lang='grc' dir='ltr'>ἐπιμελεῖται</span> <span class='ocrx_word' id='word_1_255' title='bbox 2054 4026 2161 4085; x_wconf 83' lang='grc' dir='ltr'>τοῦ</span> <span class='ocrx_word' id='word_1_256' title='bbox 2203 4021 2467 4104; x_wconf 76' lang='grc' dir='ltr'>ἀψύχου,</span> <span class='ocrx_word' id='word_1_257' title='bbox 2498 4016 2695 4082; x_wconf 87' lang='grc' dir='ltr'>πάντα</span> <span class='ocrx_word' id='word_1_258' title='bbox 2740 4018 2804 4081; x_wconf 77' lang='grc' dir='ltr'>δὲ</span> 
     </span>
     <span class='ocr_line' id='line_1_35' title="bbox 1104 4124 2800 4208; baseline -0.004 -18"><span class='ocrx_word' id='word_1_259' title='bbox 1104 4124 1359 4208; x_wconf 79' lang='grc' dir='ltr'>οὐρανὸν</span> <span class='ocrx_word' id='word_1_260' title='bbox 1386 4129 1716 4205; x_wconf 83' lang='grc' dir='ltr'>περιπολεῖ,</span> <span class='ocrx_word' id='word_1_261' title='bbox 1756 4125 1980 4187; x_wconf 81' lang='grc' dir='ltr'>ἄλλοτε</span> <span class='ocrx_word' id='word_1_262' title='bbox 2025 4125 2092 4187; x_wconf 73' lang='grc' dir='ltr'>ἐν</span> <span class='ocrx_word' id='word_1_263' title='bbox 2121 4125 2334 4191; x_wconf 80' lang='grc' dir='ltr'>ἄλλοις</span> <span class='ocrx_word' id='word_1_264' title='bbox 2371 4126 2556 4187; x_wconf 79' lang='grc' dir='ltr'>εἴδεσι</span> <span class='ocrx_word' id='word_1_265' title='bbox 2597 4146 2800 4204; x_wconf 84' lang='grc' dir='ltr'>γιγνο-</span> 
     </span>
     <span class='ocr_line' id='line_1_36' title="bbox 1102 4223 2801 4316; baseline -0.004 -24"><span class='ocrx_word' id='word_1_266' title='bbox 1102 4228 1271 4309; x_wconf 82' lang='grc' dir='ltr'>μένη.</span> <span class='ocrx_word' id='word_1_267' title='bbox 1305 4250 1371 4316; x_wconf 93' lang='lat' dir='ltr'>p.</span> <span class='ocrx_word' id='word_1_268' title='bbox 1411 4245 1556 4311; x_wconf 89' lang='lat'><strong>130.</strong></span> <span class='ocrx_word' id='word_1_269' title='bbox 1589 4248 1681 4312; x_wconf 84' lang='lat' dir='ltr'>sq.</span> <span class='ocrx_word' id='word_1_270' title='bbox 1735 4223 2058 4290; x_wconf 77' lang='lat' dir='ltr'>Plutarch.</span> <span class='ocrx_word' id='word_1_271' title='bbox 2100 4227 2271 4312; x_wconf 85' lang='lat' dir='ltr'>Sept.</span> <span class='ocrx_word' id='word_1_272' title='bbox 2304 4227 2498 4312; x_wconf 90' lang='lat' dir='ltr'>Sapp.</span> <span class='ocrx_word' id='word_1_273' title='bbox 2531 4223 2801 4289; x_wconf 84' lang='lat' dir='ltr'>Conviv.</span> 
     </span>
     <span class='ocr_line' id='line_1_37' title="bbox 1104 4326 2803 4419; baseline -0.002 -25"><span class='ocrx_word' id='word_1_274' title='bbox 1104 4354 1167 4419; x_wconf 92' lang='lat' dir='ltr'>p.</span> <span class='ocrx_word' id='word_1_275' title='bbox 1209 4344 1349 4415; x_wconf 85' lang='lat'><strong>155.</strong></span> <span class='ocrx_word' id='word_1_276' title='bbox 1399 4352 1458 4394; x_wconf 94' lang='lat' dir='ltr'>a.</span> <span class='ocrx_word' id='word_1_277' title='bbox 1508 4352 1568 4415; x_wconf 90' lang='lat' dir='ltr'><strong>p.</strong></span> <span class='ocrx_word' id='word_1_278' title='bbox 1603 4328 1750 4393; x_wconf 93' lang='lat'><strong>610.</strong></span> <span class='ocrx_word' id='word_1_279' title='bbox 1782 4326 2126 4415; x_wconf 84' lang='lat' dir='ltr'>Wytt.—:</span> <span class='ocrx_word' id='word_1_280' title='bbox 2174 4327 2434 4410; x_wconf 87' lang='grc' dir='ltr'>καθάπερ</span> <span class='ocrx_word' id='word_1_281' title='bbox 2479 4327 2587 4391; x_wconf 81' lang='grc' dir='ltr'>τὸν</span> <span class='ocrx_word' id='word_1_282' title='bbox 2628 4328 2803 4406; x_wconf 90' lang='grc' dir='ltr'>ἥλιον</span> 
     </span>
     <span class='ocr_line' id='line_1_38' title="bbox 1106 4431 2800 4515; baseline -0.003 -17"><span class='ocrx_word' id='word_1_283' title='bbox 1106 4436 1175 4499; x_wconf 73' lang='grc' dir='ltr'>ἐν</span> <span class='ocrx_word' id='word_1_284' title='bbox 1201 4431 1425 4514; x_wconf 82' lang='grc' dir='ltr'>ἅρμασι</span> <span class='ocrx_word' id='word_1_285' title='bbox 1462 4431 1714 4515; x_wconf 83' lang='grc' dir='ltr'>λέγουσι</span> <span class='ocrx_word' id='word_1_286' title='bbox 1750 4435 2100 4513; x_wconf 81' lang='grc' dir='ltr'>περιπολεῖν</span> <span class='ocrx_word' id='word_1_287' title='bbox 2128 4431 2324 4510; x_wconf 77' lang='grc' dir='ltr'>ἄλλην</span> <span class='ocrx_word' id='word_1_288' title='bbox 2352 4431 2577 4495; x_wconf 83' lang='grc' dir='ltr'>ἄλλοτε</span> <span class='ocrx_word' id='word_1_289' title='bbox 2607 4432 2800 4494; x_wconf 78' lang='grc' dir='ltr'>ἐπινε-</span> 
     </span>
     <span class='ocr_line' id='line_1_39' title="bbox 1103 4532 2803 4620; baseline -0.003 -19"><span class='ocrx_word' id='word_1_290' title='bbox 1103 4539 1367 4617; x_wconf 86' lang='grc' dir='ltr'>μόμενον</span> <span class='ocrx_word' id='word_1_291' title='bbox 1393 4540 1500 4600; x_wconf 84' lang='grc' dir='ltr'>τοῦ</span> <span class='ocrx_word' id='word_1_292' title='bbox 1534 4535 1788 4617; x_wconf 75' lang='grc' dir='ltr'>οὐρανοῦ</span> <span class='ocrx_word' id='word_1_293' title='bbox 1823 4535 2046 4618; x_wconf 72' lang='grc' dir='ltr'>χώραν.</span> <span class='ocrx_word' id='word_1_294' title='bbox 2141 4534 2251 4598; x_wconf 91' lang='lat' dir='ltr'>Tu</span> <span class='ocrx_word' id='word_1_295' title='bbox 2294 4532 2599 4597; x_wconf 84' lang='lat' dir='ltr'>consulito</span> <span class='ocrx_word' id='word_1_296' title='bbox 2644 4555 2803 4620; x_wconf 87' lang='lat' dir='ltr'>prae-</span> 
     </span>
     <span class='ocr_line' id='line_1_40' title="bbox 1105 4634 2796 4725; baseline -0.002 -22"><span class='ocrx_word' id='word_1_297' title='bbox 1105 4654 1276 4703; x_wconf 88' lang='lat' dir='ltr'>terea</span> <span class='ocrx_word' id='word_1_298' title='bbox 1325 4637 1647 4703; x_wconf 90' lang='lat' dir='ltr'>Plotinum</span> <span class='ocrx_word' id='word_1_299' title='bbox 1687 4637 1893 4725; x_wconf 87' lang='lat' dir='ltr'>ipsum</span> <span class='ocrx_word' id='word_1_300' title='bbox 1932 4636 2096 4701; x_wconf 87' lang='lat' dir='ltr'>infra</span> <span class='ocrx_word' id='word_1_301' title='bbox 2140 4659 2207 4725; x_wconf 94' lang='lat' dir='ltr'><strong>p.</strong></span> <span class='ocrx_word' id='word_1_302' title='bbox 2236 4651 2386 4722; x_wconf 84' lang='lat'><strong>372.</strong></span> <span class='ocrx_word' id='word_1_303' title='bbox 2418 4634 2481 4700; x_wconf 94' lang='lat' dir='ltr'>d.</span> <span class='ocrx_word' id='word_1_304' title='bbox 2521 4638 2675 4722; x_wconf 84' lang='lat'><strong>376.</strong></span> <span class='ocrx_word' id='word_1_305' title='bbox 2719 4637 2796 4700; x_wconf 90' lang='lat' dir='ltr'><strong>F.</strong></span> 
     </span>
     <span class='ocr_line' id='line_1_41' title="bbox 1110 4741 1483 4823; baseline -0.011 -16"><span class='ocrx_word' id='word_1_306' title='bbox 1110 4741 1197 4808; x_wconf 81' lang='lat' dir='ltr'><strong>G.</strong></span> <span class='ocrx_word' id='word_1_307' title='bbox 1225 4742 1376 4823; x_wconf 88' lang='lat'><strong>482.</strong></span> <span class='ocrx_word' id='word_1_308' title='bbox 1408 4741 1483 4805; x_wconf 90' lang='lat' dir='ltr'><strong>A.</strong></span> 
     </span>
    </p>

    <p class='ocr_par' dir='ltr' id='par_1_4' title="bbox 1107 4840 2805 5653">
     <span class='ocr_line' id='line_1_42' title="bbox 1193 4840 2798 4932; baseline -0.001 -24"><span class='ocrx_word' id='word_1_309' title='bbox 1193 4867 1257 4932; x_wconf 95' lang='lat' dir='ltr'>p.</span> <span class='ocrx_word' id='word_1_310' title='bbox 1289 4863 1443 4928; x_wconf 87' lang='lat'><strong>514,</strong></span> <span class='ocrx_word' id='word_1_311' title='bbox 1473 4863 1540 4925; x_wconf 93' lang='lat'><strong>4.</strong></span> <span class='ocrx_word' id='word_1_312' title='bbox 1574 4840 1763 4907; x_wconf 87' lang='grc' dir='ltr'>Ὅσοι</span> <span class='ocrx_word' id='word_1_313' title='bbox 1790 4845 1903 4923; x_wconf 78' lang='grc' dir='ltr'>μὲν</span> <span class='ocrx_word' id='word_1_314' title='bbox 1931 4844 2040 4907; x_wconf 83' lang='grc' dir='ltr'>οὑν</span> <span class='ocrx_word' id='word_1_315' title='bbox 2079 4842 2186 4906; x_wconf 84' lang='grc' dir='ltr'>τὸν</span> <span class='ocrx_word' id='word_1_316' title='bbox 2228 4842 2798 4929; x_wconf 75' lang='grc' dir='ltr'>ἄνθρωπον-ζῶα·]</span> 
     </span>
     <span class='ocr_line' id='line_1_43' title="bbox 1111 4943 2797 5034; baseline -0.002 -22"><span class='ocrx_word' id='word_1_317' title='bbox 1111 4947 1410 5034; x_wconf 89' lang='lat' dir='ltr'>Sequitur</span> <span class='ocrx_word' id='word_1_318' title='bbox 1449 4945 1624 5010; x_wconf 89' lang='lat' dir='ltr'>locus</span> <span class='ocrx_word' id='word_1_319' title='bbox 1667 4943 2024 5010; x_wconf 90' lang='lat' dir='ltr'>luculentus</span> <span class='ocrx_word' id='word_1_320' title='bbox 2051 4944 2131 5010; x_wconf 90' lang='lat' dir='ltr'>de</span> <span class='ocrx_word' id='word_1_321' title='bbox 2171 4944 2537 5031; x_wconf 83' lang='lat' dir='ltr'>migratione</span> <span class='ocrx_word' id='word_1_322' title='bbox 2564 4944 2797 5009; x_wconf 88' lang='lat' dir='ltr'>anima-</span> 
     </span>
     <span class='ocr_line' id='line_1_44' title="bbox 1107 5045 2804 5134; baseline -0.003 -19"><span class='ocrx_word' id='word_1_323' title='bbox 1107 5073 1248 5115; x_wconf 91' lang='lat' dir='ltr'>rum</span> <span class='ocrx_word' id='word_1_324' title='bbox 1278 5049 1695 5114; x_wconf 85' lang='lat' dir='ltr'>humanarum</span> <span class='ocrx_word' id='word_1_325' title='bbox 1734 5048 1799 5113; x_wconf 91' lang='lat' dir='ltr'>in</span> <span class='ocrx_word' id='word_1_326' title='bbox 1833 5047 2082 5129; x_wconf 55' lang='lat' dir='ltr'>bestias„</span> <span class='ocrx_word' id='word_1_327' title='bbox 2120 5070 2322 5134; x_wconf 92' lang='lat' dir='ltr'>usque</span> <span class='ocrx_word' id='word_1_328' title='bbox 2348 5045 2506 5111; x_wconf 86' lang='lat' dir='ltr'>adeo</span> <span class='ocrx_word' id='word_1_329' title='bbox 2533 5046 2598 5110; x_wconf 88' lang='lat' dir='ltr'>in</span> <span class='ocrx_word' id='word_1_330' title='bbox 2630 5045 2804 5134; x_wconf 91' lang='lat' dir='ltr'>plan-</span> 
     </span>
     <span class='ocr_line' id='line_1_45' title="bbox 1107 5148 2799 5238; baseline -0.004 -18"><span class='ocrx_word' id='word_1_331' title='bbox 1107 5167 1219 5221; x_wconf 85' lang='lat' dir='ltr'>tas.</span> <span class='ocrx_word' id='word_1_332' title='bbox 1310 5151 1478 5218; x_wconf 93' lang='lat' dir='ltr'>Nolo</span> <span class='ocrx_word' id='word_1_333' title='bbox 1519 5149 1809 5228; x_wconf 89' lang='lat' dir='ltr'>recolere,</span> <span class='ocrx_word' id='word_1_334' title='bbox 1849 5174 1995 5238; x_wconf 84' lang='lat' dir='ltr'>quae</span> <span class='ocrx_word' id='word_1_335' title='bbox 2036 5149 2117 5215; x_wconf 95' lang='lat' dir='ltr'>ad</span> <span class='ocrx_word' id='word_1_336' title='bbox 2165 5149 2333 5214; x_wconf 89' lang='lat' dir='ltr'>hunc</span> <span class='ocrx_word' id='word_1_337' title='bbox 2370 5148 2579 5213; x_wconf 91' lang='lat' dir='ltr'>locum</span> <span class='ocrx_word' id='word_1_338' title='bbox 2623 5148 2799 5214; x_wconf 91' lang='lat' dir='ltr'>Cud-</span> 
     </span>
     <span class='ocr_line' id='line_1_46' title="bbox 1108 5250 2803 5342; baseline -0.002 -23"><span class='ocrx_word' id='word_1_339' title='bbox 1108 5256 1326 5322; x_wconf 82' lang='lat' dir='ltr'>worth.</span> <span class='ocrx_word' id='word_1_340' title='bbox 1372 5271 1433 5321; x_wconf 92' lang='lat' dir='ltr'>et</span> <span class='ocrx_word' id='word_1_341' title='bbox 1475 5254 1790 5319; x_wconf 89' lang='lat' dir='ltr'>Moshem.</span> <span class='ocrx_word' id='word_1_342' title='bbox 1838 5253 1904 5317; x_wconf 92' lang='lat' dir='ltr'>in</span> <span class='ocrx_word' id='word_1_343' title='bbox 1951 5256 2115 5342; x_wconf 86' lang='lat' dir='ltr'>Syst.</span> <span class='ocrx_word' id='word_1_344' title='bbox 2149 5250 2342 5317; x_wconf 89' lang='lat' dir='ltr'>intell.</span> <span class='ocrx_word' id='word_1_345' title='bbox 2375 5274 2443 5339; x_wconf 92' lang='lat' dir='ltr'>p.</span> <span class='ocrx_word' id='word_1_346' title='bbox 2476 5266 2659 5337; x_wconf 83' lang='lat'><strong>1057.</strong></span> <span class='ocrx_word' id='word_1_347' title='bbox 2693 5275 2803 5339; x_wconf 89' lang='lat' dir='ltr'>po-</span> 
     </span>
     <span class='ocr_line' id='line_1_47' title="bbox 1109 5353 2805 5444; baseline -0.004 -19"><span class='ocrx_word' id='word_1_348' title='bbox 1109 5374 1391 5438; x_wconf 87' lang='lat' dir='ltr'>suerunt,</span> <span class='ocrx_word' id='word_1_349' title='bbox 1421 5381 1535 5423; x_wconf 89' lang='lat' dir='ltr'>nec</span> <span class='ocrx_word' id='word_1_350' title='bbox 1574 5356 1793 5444; x_wconf 77' lang='lat' dir='ltr'>magi8‚</span> <span class='ocrx_word' id='word_1_351' title='bbox 1825 5379 1971 5444; x_wconf 84' lang='lat' dir='ltr'>quae</span> <span class='ocrx_word' id='word_1_352' title='bbox 2009 5356 2143 5443; x_wconf 90' lang='lat' dir='ltr'>ipse</span> <span class='ocrx_word' id='word_1_353' title='bbox 2186 5353 2502 5443; x_wconf 85' lang='lat' dir='ltr'>disputavi</span> <span class='ocrx_word' id='word_1_354' title='bbox 2540 5353 2623 5418; x_wconf 84' lang='lat' dir='ltr'>ad</span> <span class='ocrx_word' id='word_1_355' title='bbox 2669 5355 2805 5419; x_wconf 91' lang='lat' dir='ltr'>He-</span> 
     </span>
     <span class='ocr_line' id='line_1_48' title="bbox 1108 5456 2793 5547; baseline -0.002 -21"><span class='ocrx_word' id='word_1_356' title='bbox 1108 5462 1311 5528; x_wconf 90' lang='lat' dir='ltr'>rodot.</span> <span class='ocrx_word' id='word_1_357' title='bbox 1348 5462 1450 5526; x_wconf 93' lang='lat'>11.</span> <span class='ocrx_word' id='word_1_358' title='bbox 1486 5480 1629 5547; x_wconf 83' lang='lat'><strong>123.</strong></span> <span class='ocrx_word' id='word_1_359' title='bbox 1674 5459 1739 5523; x_wconf 92' lang='lat' dir='ltr'>in</span> <span class='ocrx_word' id='word_1_360' title='bbox 1779 5462 2226 5525; x_wconf 88' lang='lat' dir='ltr'>Commentatt.</span> <span class='ocrx_word' id='word_1_361' title='bbox 2271 5456 2611 5524; x_wconf 85' lang='lat' dir='ltr'>Herodott.</span> <span class='ocrx_word' id='word_1_362' title='bbox 2642 5458 2701 5522; x_wconf 93' lang='lat'>1.</span> <span class='ocrx_word' id='word_1_363' title='bbox 2736 5460 2793 5542; x_wconf 66' lang='grc' dir='ltr'><strong>ξ.</strong></span> 
     </span>
     <span class='ocr_line' id='line_1_49' title="bbox 1111 5562 2791 5653; baseline -0.001 -24"><span class='ocrx_word' id='word_1_364' title='bbox 1111 5583 1216 5647; x_wconf 88' lang='lat'><strong>24.</strong></span> <span class='ocrx_word' id='word_1_365' title='bbox 1244 5565 1520 5650; x_wconf 87' lang='lat' dir='ltr'>itemque</span> <span class='ocrx_word' id='word_1_366' title='bbox 1548 5564 1612 5629; x_wconf 91' lang='lat' dir='ltr'>in</span> <span class='ocrx_word' id='word_1_367' title='bbox 1647 5562 2003 5653; x_wconf 88' lang='lat' dir='ltr'>Symbolica</span> <span class='ocrx_word' id='word_1_368' title='bbox 2032 5563 2092 5627; x_wconf 92' lang='lat'>1.</span> <span class='ocrx_word' id='word_1_369' title='bbox 2122 5585 2188 5650; x_wconf 92' lang='lat' dir='ltr'>p.</span> <span class='ocrx_word' id='word_1_370' title='bbox 2205 5579 2354 5646; x_wconf 91' lang='lat'><strong>417.</strong></span> <span class='ocrx_word' id='word_1_371' title='bbox 2381 5584 2517 5649; x_wconf 90' lang='lat' dir='ltr'>sqq.</span> <span class='ocrx_word' id='word_1_372' title='bbox 2556 5562 2697 5626; x_wconf 93' lang='lat'>111.</span> <span class='ocrx_word' id='word_1_373' title='bbox 2727 5584 2791 5649; x_wconf 92' lang='lat' dir='ltr'>p.</span> 
     </span>
    </p>
   </div>
   <div class='ocr_carea' id='block_1_3' title="bbox 2100 543 2924 611">
    <p class='ocr_par' dir='ltr' id='par_1_5' title="bbox 2100 543 2924 611">
     <span class='ocr_line' id='line_1_50' title="bbox 2100 543 2924 611; baseline -0.006 0"><span class='ocrx_word' id='word_1_374' title='bbox 2100 543 2924 611; x_wconf 90' lang='lat' dir='ltr'>ANNOTATIONES</span> 
     </span>
    </p>
   </div>
   <div class='ocr_carea' id='block_1_4' title="bbox 2995 540 3617 606">
    <p class='ocr_par' dir='ltr' id='par_1_6' title="bbox 2995 540 3617 606">
     <span class='ocr_line' id='line_1_51' title="bbox 2995 540 3617 606; baseline -0.005 0"><span class='ocrx_word' id='word_1_375' title='bbox 2995 542 3105 606; x_wconf 92' lang='lat' dir='ltr'>IN</span> <span class='ocrx_word' id='word_1_376' title='bbox 3174 540 3617 605; x_wconf 89' lang='lat' dir='ltr'>PLOTINI</span> 
     </span>
    </p>
   </div>
   <div class='ocr_carea' id='block_1_5' title="bbox 2884 711 4589 5649">
    <p class='ocr_par' dir='ltr' id='par_1_7' title="bbox 2893 711 4589 2433">
     <span class='ocr_line' id='line_1_52' title="bbox 2903 711 4586 802; baseline -0.004 -23"><span class='ocrx_word' id='word_1_377' title='bbox 2903 718 3042 782; x_wconf 90' lang='lat'><strong>168.</strong></span> <span class='ocrx_word' id='word_1_378' title='bbox 3073 738 3211 802; x_wconf 89' lang='lat' dir='ltr'>sqq.</span> <span class='ocrx_word' id='word_1_379' title='bbox 3244 730 3393 796; x_wconf 88' lang='lat'><strong>427.</strong></span> <span class='ocrx_word' id='word_1_380' title='bbox 3438 732 3588 798; x_wconf 80' lang='lat'><strong>443.</strong></span> <span class='ocrx_word' id='word_1_381' title='bbox 3629 734 3763 799; x_wconf 91' lang='lat' dir='ltr'>sqq.</span> <span class='ocrx_word' id='word_1_382' title='bbox 3810 730 3961 796; x_wconf 89' lang='lat'><strong>499.</strong></span> <span class='ocrx_word' id='word_1_383' title='bbox 4005 733 4139 798; x_wconf 91' lang='lat' dir='ltr'>sqq.</span> <span class='ocrx_word' id='word_1_384' title='bbox 4175 711 4296 775; x_wconf 91' lang='lat' dir='ltr'>1v.</span> <span class='ocrx_word' id='word_1_385' title='bbox 4346 733 4408 799; x_wconf 90' lang='lat' dir='ltr'>p.</span> <span class='ocrx_word' id='word_1_386' title='bbox 4442 730 4586 796; x_wconf 87' lang='lat'><strong>520.</strong></span> 
     </span>
     <span class='ocr_line' id='line_1_53' title="bbox 2895 813 4584 903; baseline -0.002 -20"><span class='ocrx_word' id='word_1_387' title='bbox 2895 820 3197 883; x_wconf 86' lang='lat' dir='ltr'>Nostrum</span> <span class='ocrx_word' id='word_1_388' title='bbox 3232 817 3436 881; x_wconf 90' lang='lat' dir='ltr'>locum</span> <span class='ocrx_word' id='word_1_389' title='bbox 3482 814 3692 903; x_wconf 85' lang='lat' dir='ltr'>attigit</span> <span class='ocrx_word' id='word_1_390' title='bbox 3725 813 4049 902; x_wconf 86' lang='lat' dir='ltr'>Wyttenb.</span> <span class='ocrx_word' id='word_1_391' title='bbox 4080 813 4163 879; x_wconf 92' lang='lat' dir='ltr'>ad</span> <span class='ocrx_word' id='word_1_392' title='bbox 4201 814 4370 879; x_wconf 88' lang='lat' dir='ltr'>Plat.</span> <span class='ocrx_word' id='word_1_393' title='bbox 4407 814 4584 879; x_wconf 83' lang='lat' dir='ltr'><strong>Phae-</strong></span> 
     </span>
     <span class='ocr_line' id='line_1_54' title="bbox 2894 916 4586 1009; baseline -0.003 -23"><span class='ocrx_word' id='word_1_394' title='bbox 2894 921 3037 986; x_wconf 90' lang='lat' dir='ltr'>don.</span> <span class='ocrx_word' id='word_1_395' title='bbox 3069 945 3129 1009; x_wconf 94' lang='lat' dir='ltr'>p.</span> <span class='ocrx_word' id='word_1_396' title='bbox 3162 940 3285 985; x_wconf 85' lang='lat'>210</span> <span class='ocrx_word' id='word_1_397' title='bbox 3315 944 3330 984; x_wconf 77' lang='lat' dir='ltr'><em>z</em></span> <span class='ocrx_word' id='word_1_398' title='bbox 3382 926 3458 1003; x_wconf 87' lang='lat'>(“</span> <span class='ocrx_word' id='word_1_399' title='bbox 3489 918 3664 1006; x_wconf 91' lang='lat' dir='ltr'>quod</span> <span class='ocrx_word' id='word_1_400' title='bbox 3687 941 3835 982; x_wconf 83' lang='lat' dir='ltr'>vero</span> <span class='ocrx_word' id='word_1_401' title='bbox 3862 917 4095 982; x_wconf 89' lang='lat' dir='ltr'>ibidem</span> <span class='ocrx_word' id='word_1_402' title='bbox 4117 916 4182 981; x_wconf 87' lang='lat' dir='ltr'>in</span> <span class='ocrx_word' id='word_1_403' title='bbox 4209 916 4586 982; x_wconf 86' lang='lat' dir='ltr'>Phaedonem</span> 
     </span>
     <span class='ocr_line' id='line_1_55' title="bbox 2895 1019 4586 1113; baseline -0.003 -23"><span class='ocrx_word' id='word_1_404' title='bbox 2895 1024 3416 1113; x_wconf 84' lang='lat' dir='ltr'>olympiodorus)</span> <span class='ocrx_word' id='word_1_405' title='bbox 3451 1022 3734 1110; x_wconf 89' lang='lat' dir='ltr'>disputat</span> <span class='ocrx_word' id='word_1_406' title='bbox 3776 1035 3994 1086; x_wconf 90' lang='lat' dir='ltr'>contra</span> <span class='ocrx_word' id='word_1_407' title='bbox 4033 1020 4196 1085; x_wconf 89' lang='lat' dir='ltr'>hanc</span> <span class='ocrx_word' id='word_1_408' title='bbox 4239 1019 4586 1107; x_wconf 89' lang='lat' dir='ltr'>opinionem</span> 
     </span>
     <span class='ocr_line' id='line_1_56' title="bbox 2896 1124 4589 1211; baseline -0.003 -18"><span class='ocrx_word' id='word_1_409' title='bbox 2896 1128 3199 1206; x_wconf 79' lang='lat' dir='ltr'>PlatoniS‚</span> <span class='ocrx_word' id='word_1_410' title='bbox 3228 1126 3487 1205; x_wconf 88' lang='lat' dir='ltr'>animas,</span> <span class='ocrx_word' id='word_1_411' title='bbox 3519 1148 3643 1190; x_wconf 91' lang='lat' dir='ltr'>non</span> <span class='ocrx_word' id='word_1_412' title='bbox 3688 1125 3752 1189; x_wconf 95' lang='lat' dir='ltr'>in</span> <span class='ocrx_word' id='word_1_413' title='bbox 3800 1124 4132 1189; x_wconf 85' lang='lat' dir='ltr'>brutorum</span> <span class='ocrx_word' id='word_1_414' title='bbox 4172 1146 4436 1211; x_wconf 85' lang='lat' dir='ltr'>corpora</span> <span class='ocrx_word' id='word_1_415' title='bbox 4476 1124 4589 1188; x_wconf 90' lang='lat' dir='ltr'>mi-</span> 
     </span>
     <span class='ocr_line' id='line_1_57' title="bbox 2894 1226 4589 1319; baseline -0.002 -24"><span class='ocrx_word' id='word_1_416' title='bbox 2894 1255 3077 1319; x_wconf 87' lang='lat' dir='ltr'>grare</span> <span class='ocrx_word' id='word_1_417' title='bbox 3135 1246 3436 1309; x_wconf 75' lang='lat' dir='ltr'>statuen5‚</span> <span class='ocrx_word' id='word_1_418' title='bbox 3496 1228 3779 1317; x_wconf 88' lang='lat' dir='ltr'>sequitur</span> <span class='ocrx_word' id='word_1_419' title='bbox 3836 1241 4066 1292; x_wconf 88' lang='lat' dir='ltr'>sectam</span> <span class='ocrx_word' id='word_1_420' title='bbox 4125 1226 4464 1315; x_wconf 87' lang='lat' dir='ltr'>Porphyrii</span> <span class='ocrx_word' id='word_1_421' title='bbox 4529 1242 4589 1292; x_wconf 91' lang='lat' dir='ltr'>et</span> 
     </span>
     <span class='ocr_line' id='line_1_58' title="bbox 2897 1329 4588 1421; baseline -0.004 -21"><span class='ocrx_word' id='word_1_422' title='bbox 2897 1334 3249 1413; x_wconf 90' lang='lat' dir='ltr'>Iamblichi,</span> <span class='ocrx_word' id='word_1_423' title='bbox 3297 1355 3491 1421; x_wconf 76' lang='lat' dir='ltr'>quum</span> <span class='ocrx_word' id='word_1_424' title='bbox 3547 1331 3929 1418; x_wconf 87' lang='lat' dir='ltr'>antiquiores</span> <span class='ocrx_word' id='word_1_425' title='bbox 3987 1329 4293 1394; x_wconf 83' lang='lat' dir='ltr'>Platonici</span> <span class='ocrx_word' id='word_1_426' title='bbox 4350 1339 4412 1395; x_wconf 80' lang='lat' dir='ltr'>et</span> <span class='ocrx_word' id='word_1_427' title='bbox 4460 1332 4588 1419; x_wconf 73' lang='lat' dir='ltr'>ipse</span> 
     </span>
     <span class='ocr_line' id='line_1_59' title="bbox 2895 1432 4584 1525; baseline -0.003 -22"><span class='ocrx_word' id='word_1_428' title='bbox 2895 1439 3191 1503; x_wconf 72' lang='lat' dir='ltr'>Plotina-3</span> <span class='ocrx_word' id='word_1_429' title='bbox 3209 1438 3566 1525; x_wconf 72' lang='lat' dir='ltr'>opinionem</span> <span class='ocrx_word' id='word_1_430' title='bbox 3587 1435 3877 1499; x_wconf 73' lang='lat' dir='ltr'>Platonis</span> <span class='ocrx_word' id='word_1_431' title='bbox 3892 1434 4364 1498; x_wconf 54' lang='lat' dir='ltr'>retinuissent?</span> <span class='ocrx_word' id='word_1_432' title='bbox 4409 1432 4584 1499; x_wconf 87' lang='lat' dir='ltr'>Idem</span> 
     </span>
     <span class='ocr_line' id='line_1_60' title="bbox 2893 1536 4586 1629; baseline -0.002 -24"><span class='ocrx_word' id='word_1_433' title='bbox 2893 1542 3044 1607; x_wconf 90' lang='lat' dir='ltr'>ibid.</span> <span class='ocrx_word' id='word_1_434' title='bbox 3073 1564 3134 1629; x_wconf 91' lang='lat' dir='ltr'>p.</span> <span class='ocrx_word' id='word_1_435' title='bbox 3171 1560 3313 1625; x_wconf 83' lang='lat'><strong>213.</strong></span> <span class='ocrx_word' id='word_1_436' title='bbox 3363 1546 3410 1578; x_wconf 77' lang='lat'>‘⁶</span> <span class='ocrx_word' id='word_1_437' title='bbox 3443 1537 3732 1603; x_wconf 88' lang='lat' dir='ltr'>Plotinus</span> <span class='ocrx_word' id='word_1_438' title='bbox 3761 1536 4041 1624; x_wconf 91' lang='lat' dir='ltr'>quidem,</span> <span class='ocrx_word' id='word_1_439' title='bbox 4076 1536 4352 1602; x_wconf 85' lang='lat' dir='ltr'>Platonis</span> <span class='ocrx_word' id='word_1_440' title='bbox 4376 1551 4586 1602; x_wconf 84' lang='lat' dir='ltr'>aucto-</span> 
     </span>
     <span class='ocr_line' id='line_1_61' title="bbox 2895 1639 4588 1730; baseline -0.003 -20"><span class='ocrx_word' id='word_1_441' title='bbox 2895 1645 3140 1710; x_wconf 88' lang='lat' dir='ltr'>ritatem</span> <span class='ocrx_word' id='word_1_442' title='bbox 3181 1665 3466 1730; x_wconf 90' lang='lat' dir='ltr'>sequens,</span> <span class='ocrx_word' id='word_1_443' title='bbox 3496 1665 3574 1705; x_wconf 89' lang='lat' dir='ltr'>ex</span> <span class='ocrx_word' id='word_1_444' title='bbox 3608 1642 3857 1706; x_wconf 85' lang='lat' dir='ltr'>Timaeo</span> <span class='ocrx_word' id='word_1_445' title='bbox 3886 1663 3952 1728; x_wconf 92' lang='lat' dir='ltr'>p.</span> <span class='ocrx_word' id='word_1_446' title='bbox 3986 1658 4135 1726; x_wconf 83' lang='lat'><strong>552.</strong></span> <span class='ocrx_word' id='word_1_447' title='bbox 4165 1639 4326 1704; x_wconf 90' lang='lat' dir='ltr'>hanc</span> <span class='ocrx_word' id='word_1_448' title='bbox 4353 1639 4588 1728; x_wconf 90' lang='lat' dir='ltr'>opinio-</span> 
     </span>
     <span class='ocr_line' id='line_1_62' title="bbox 2897 1746 4584 1832; baseline -0.001 -20"><span class='ocrx_word' id='word_1_449' title='bbox 2897 1770 3037 1812; x_wconf 91' lang='lat' dir='ltr'>nem</span> <span class='ocrx_word' id='word_1_450' title='bbox 3090 1747 3727 1830; x_wconf 78' lang='grc' dir='ltr'>(μετενσωματῶσεως)</span> <span class='ocrx_word' id='word_1_451' title='bbox 3773 1758 4038 1832; x_wconf 82' lang='lat' dir='ltr'>usurpat</span> <span class='ocrx_word' id='word_1_452' title='bbox 4081 1768 4145 1831; x_wconf 87' lang='lat' dir='ltr'>p.</span> <span class='ocrx_word' id='word_1_453' title='bbox 4195 1746 4343 1827; x_wconf 90' lang='lat'><strong>284.</strong></span> <span class='ocrx_word' id='word_1_454' title='bbox 4387 1748 4476 1810; x_wconf 93' lang='lat' dir='ltr'><strong>A.</strong></span> <span class='ocrx_word' id='word_1_455' title='bbox 4525 1761 4584 1810; x_wconf 94' lang='lat' dir='ltr'>et</span> 
     </span>
     <span class='ocr_line' id='line_1_63' title="bbox 2896 1847 4582 1938; baseline -0.002 -22"><span class='ocrx_word' id='word_1_456' title='bbox 2896 1852 3023 1916; x_wconf 88' lang='lat' dir='ltr'>suis</span> <span class='ocrx_word' id='word_1_457' title='bbox 3050 1850 3183 1938; x_wconf 92' lang='lat' dir='ltr'>ipse</span> <span class='ocrx_word' id='word_1_458' title='bbox 3223 1849 3569 1914; x_wconf 87' lang='lat' dir='ltr'>rationibus</span> <span class='ocrx_word' id='word_1_459' title='bbox 3594 1848 3921 1913; x_wconf 78' lang='lat' dir='ltr'>confirmat</span> <span class='ocrx_word' id='word_1_460' title='bbox 3950 1847 4239 1913; x_wconf 83' lang='lat' dir='ltr'>Ennead.</span> <span class='ocrx_word' id='word_1_461' title='bbox 4280 1849 4396 1912; x_wconf 89' lang='lat' dir='ltr'><strong>IV.</strong></span> <span class='ocrx_word' id='word_1_462' title='bbox 4424 1869 4490 1933; x_wconf 83' lang='lat'><strong>3.</strong></span> <span class='ocrx_word' id='word_1_463' title='bbox 4519 1872 4582 1937; x_wconf 93' lang='lat' dir='ltr'>p.</span> 
     </span>
     <span class='ocr_line' id='line_1_64' title="bbox 2893 1950 4585 2040; baseline -0.001 -23"><span class='ocrx_word' id='word_1_464' title='bbox 2893 1954 3297 2040; x_wconf 83' lang='lat'><strong>381—389.”</strong></span> <span class='ocrx_word' id='word_1_465' title='bbox 3357 1952 3500 2017; x_wconf 91' lang='lat' dir='ltr'>Vid.</span> <span class='ocrx_word' id='word_1_466' title='bbox 3548 1967 3780 2032; x_wconf 85' lang='lat' dir='ltr'>tamen,</span> <span class='ocrx_word' id='word_1_467' title='bbox 3833 1974 3978 2039; x_wconf 84' lang='lat' dir='ltr'>quae</span> <span class='ocrx_word' id='word_1_468' title='bbox 4024 1950 4104 2015; x_wconf 93' lang='lat' dir='ltr'>de</span> <span class='ocrx_word' id='word_1_469' title='bbox 4142 1950 4378 2016; x_wconf 90' lang='lat' dir='ltr'>Plotini</span> <span class='ocrx_word' id='word_1_470' title='bbox 4428 1952 4585 2016; x_wconf 88' lang='lat' dir='ltr'>senis</span> 
     </span>
     <span class='ocr_line' id='line_1_65' title="bbox 2895 2054 4581 2144; baseline -0.002 -23"><span class='ocrx_word' id='word_1_471' title='bbox 2895 2055 3199 2121; x_wconf 88' lang='lat' dir='ltr'>sententia</span> <span class='ocrx_word' id='word_1_472' title='bbox 3228 2078 3419 2143; x_wconf 85' lang='lat' dir='ltr'>supra</span> <span class='ocrx_word' id='word_1_473' title='bbox 3445 2055 3526 2120; x_wconf 90' lang='lat' dir='ltr'>ad</span> <span class='ocrx_word' id='word_1_474' title='bbox 3559 2056 3618 2119; x_wconf 96' lang='lat' dir='ltr'><strong>I.</strong></span> <span class='ocrx_word' id='word_1_475' title='bbox 3651 2075 3748 2120; x_wconf 84' lang='lat'>11.</span> <span class='ocrx_word' id='word_1_476' title='bbox 3777 2079 3846 2144; x_wconf 90' lang='lat' dir='ltr'>p.</span> <span class='ocrx_word' id='word_1_477' title='bbox 3873 2056 3933 2119; x_wconf 95' lang='lat'><strong>6.</strong></span> <span class='ocrx_word' id='word_1_478' title='bbox 3963 2054 4029 2119; x_wconf 90' lang='lat' dir='ltr'>in</span> <span class='ocrx_word' id='word_1_479' title='bbox 4069 2069 4309 2120; x_wconf 88' lang='lat' dir='ltr'>annott.</span> <span class='ocrx_word' id='word_1_480' title='bbox 4352 2055 4581 2119; x_wconf 89' lang='lat' dir='ltr'>monui.</span> 
     </span>
     <span class='ocr_line' id='line_1_66' title="bbox 2898 2157 4587 2246; baseline -0.002 -20"><span class='ocrx_word' id='word_1_481' title='bbox 2898 2163 3215 2226; x_wconf 83' lang='lat' dir='ltr'>Caeterum</span> <span class='ocrx_word' id='word_1_482' title='bbox 3246 2183 3325 2224; x_wconf 83' lang='lat' dir='ltr'>ex</span> <span class='ocrx_word' id='word_1_483' title='bbox 3353 2159 3472 2225; x_wconf 93' lang='lat' dir='ltr'>hoc</span> <span class='ocrx_word' id='word_1_484' title='bbox 3514 2157 3745 2225; x_wconf 87' lang='lat' dir='ltr'>Plotini</span> <span class='ocrx_word' id='word_1_485' title='bbox 3776 2158 3912 2223; x_wconf 93' lang='lat' dir='ltr'>loco</span> <span class='ocrx_word' id='word_1_486' title='bbox 3940 2173 4004 2224; x_wconf 90' lang='lat' dir='ltr'>et</span> <span class='ocrx_word' id='word_1_487' title='bbox 4038 2157 4142 2223; x_wconf 90' lang='lat' dir='ltr'>alii</span> <span class='ocrx_word' id='word_1_488' title='bbox 4170 2158 4587 2246; x_wconf 78' lang='lat' dir='ltr'>profecerunt,</span> 
     </span>
     <span class='ocr_line' id='line_1_67' title="bbox 2896 2260 4580 2352; baseline -0.003 -24"><span class='ocrx_word' id='word_1_489' title='bbox 2896 2286 3167 2350; x_wconf 88' lang='lat' dir='ltr'>quorum</span> <span class='ocrx_word' id='word_1_490' title='bbox 3198 2264 3389 2329; x_wconf 86' lang='lat' dir='ltr'>verba</span> <span class='ocrx_word' id='word_1_491' title='bbox 3416 2264 3656 2352; x_wconf 87' lang='lat' dir='ltr'>profert</span> <span class='ocrx_word' id='word_1_492' title='bbox 3680 2262 4014 2352; x_wconf 88' lang='lat' dir='ltr'>Wyttenb.</span> <span class='ocrx_word' id='word_1_493' title='bbox 4045 2260 4144 2326; x_wconf 90' lang='lat' dir='ltr'>l.l.</span> <span class='ocrx_word' id='word_1_494' title='bbox 4179 2278 4243 2326; x_wconf 88' lang='lat' dir='ltr'>et</span> <span class='ocrx_word' id='word_1_495' title='bbox 4266 2285 4414 2327; x_wconf 89' lang='lat' dir='ltr'>vero</span> <span class='ocrx_word' id='word_1_496' title='bbox 4440 2260 4580 2328; x_wconf 85' lang='lat' dir='ltr'>Sall.</span> 
     </span>
     <span class='ocr_line' id='line_1_68' title="bbox 2895 2366 3736 2433; baseline -0.001 -2"><span class='ocrx_word' id='word_1_497' title='bbox 2895 2367 2975 2431; x_wconf 93' lang='lat' dir='ltr'>de</span> <span class='ocrx_word' id='word_1_498' title='bbox 3008 2367 3147 2433; x_wconf 90' lang='lat' dir='ltr'>Diis</span> <span class='ocrx_word' id='word_1_499' title='bbox 3173 2383 3236 2432; x_wconf 93' lang='lat' dir='ltr'>et</span> <span class='ocrx_word' id='word_1_500' title='bbox 3268 2366 3524 2431; x_wconf 89' lang='lat' dir='ltr'>Mundo</span> <span class='ocrx_word' id='word_1_501' title='bbox 3552 2390 3606 2431; x_wconf 88' lang='lat' dir='ltr'>c.</span> <span class='ocrx_word' id='word_1_502' title='bbox 3636 2386 3736 2430; x_wconf 89' lang='lat'><strong>20.</strong></span> 
     </span>
    </p>

    <p class='ocr_par' dir='ltr' id='par_1_8' title="bbox 2884 2467 4587 5649">
     <span class='ocr_line' id='line_1_69' title="bbox 2982 2467 4584 2558; baseline -0.002 -23"><span class='ocrx_word' id='word_1_503' title='bbox 2982 2509 3068 2520; x_wconf 95' lang='lat'>—</span> <span class='ocrx_word' id='word_1_504' title='bbox 3103 2490 3201 2535; x_wconf 84' lang='grc' dir='ltr'>ιο.</span> <span class='ocrx_word' id='word_1_505' title='bbox 3250 2471 3446 2550; x_wconf 82' lang='grc' dir='ltr'>καὶῆν</span> <span class='ocrx_word' id='word_1_506' title='bbox 3476 2470 3673 2537; x_wconf 82' lang='grc' dir='ltr'>αὐτοῖς</span> <span class='ocrx_word' id='word_1_507' title='bbox 3713 2467 3935 2549; x_wconf 81' lang='grc' dir='ltr'>μελέτη</span> <span class='ocrx_word' id='word_1_508' title='bbox 3965 2469 4390 2558; x_wconf 83' lang='grc' dir='ltr'>δενδρωθῆναι]</span> <span class='ocrx_word' id='word_1_509' title='bbox 4438 2468 4584 2534; x_wconf 87' lang='lat' dir='ltr'>Fal·</span> 
     </span>
     <span class='ocr_line' id='line_1_70' title="bbox 2893 2571 4584 2661; baseline -0.001 -24"><span class='ocrx_word' id='word_1_510' title='bbox 2893 2573 3008 2652; x_wconf 88' lang='lat' dir='ltr'>lor,</span> <span class='ocrx_word' id='word_1_511' title='bbox 3039 2589 3152 2639; x_wconf 91' lang='lat' dir='ltr'>aut</span> <span class='ocrx_word' id='word_1_512' title='bbox 3195 2572 3328 2637; x_wconf 86' lang='lat' dir='ltr'>haec</span> <span class='ocrx_word' id='word_1_513' title='bbox 3368 2572 3560 2637; x_wconf 84' lang='lat' dir='ltr'>ducta</span> <span class='ocrx_word' id='word_1_514' title='bbox 3604 2590 3751 2636; x_wconf 83' lang='lat' dir='ltr'>sunt</span> <span class='ocrx_word' id='word_1_515' title='bbox 3794 2595 3870 2636; x_wconf 84' lang='lat' dir='ltr'>ex</span> <span class='ocrx_word' id='word_1_516' title='bbox 3921 2571 4169 2636; x_wconf 87' lang='lat' dir='ltr'>Timaeo</span> <span class='ocrx_word' id='word_1_517' title='bbox 4213 2571 4495 2637; x_wconf 87' lang='lat' dir='ltr'>Platonis</span> <span class='ocrx_word' id='word_1_518' title='bbox 4521 2597 4584 2661; x_wconf 94' lang='lat' dir='ltr'>p.</span> 
     </span>
     <span class='ocr_line' id='line_1_71' title="bbox 2894 2674 4587 2764; baseline -0.001 -23"><span class='ocrx_word' id='word_1_519' title='bbox 2894 2678 2994 2741; x_wconf 88' lang='lat'><strong>86.</strong></span> <span class='ocrx_word' id='word_1_520' title='bbox 3023 2700 3087 2764; x_wconf 88' lang='lat' dir='ltr'>p.</span> <span class='ocrx_word' id='word_1_521' title='bbox 3127 2696 3266 2761; x_wconf 87' lang='grc'><strong>130.</strong></span> <span class='ocrx_word' id='word_1_522' title='bbox 3304 2675 3550 2750; x_wconf 84' lang='lat' dir='ltr'>Bekk.;</span> <span class='ocrx_word' id='word_1_523' title='bbox 3612 2676 3679 2739; x_wconf 87' lang='grc' dir='ltr'>τὸ</span> <span class='ocrx_word' id='word_1_524' title='bbox 3728 2678 3794 2739; x_wconf 78' lang='grc' dir='ltr'>δὲ</span> <span class='ocrx_word' id='word_1_525' title='bbox 3845 2674 4084 2756; x_wconf 83' lang='grc' dir='ltr'>σπέρμα</span> <span class='ocrx_word' id='word_1_526' title='bbox 4129 2677 4245 2761; x_wconf 84' lang='grc' dir='ltr'>ὅτῳ</span> <span class='ocrx_word' id='word_1_527' title='bbox 4292 2676 4450 2740; x_wconf 81' lang='grc' dir='ltr'>πολὺ</span> <span class='ocrx_word' id='word_1_528' title='bbox 4497 2677 4587 2739; x_wconf 85' lang='grc' dir='ltr'>καὶ</span> 
     </span>
     <span class='ocr_line' id='line_1_72' title="bbox 2890 2777 4581 2862; baseline 0 -18"><span class='ocrx_word' id='word_1_529' title='bbox 2890 2782 3105 2862; x_wconf 83' lang='grc' dir='ltr'>ῥυῶδες</span> <span class='ocrx_word' id='word_1_530' title='bbox 3131 2781 3267 2861; x_wconf 90' lang='grc' dir='ltr'>περὶ</span> <span class='ocrx_word' id='word_1_531' title='bbox 3295 2779 3402 2843; x_wconf 87' lang='grc' dir='ltr'>τὸν</span> <span class='ocrx_word' id='word_1_532' title='bbox 3430 2779 3656 2859; x_wconf 86' lang='grc' dir='ltr'>μυελὸν</span> <span class='ocrx_word' id='word_1_533' title='bbox 3694 2780 3983 2860; x_wconf 85' lang='grc' dir='ltr'>γίγνεται,</span> <span class='ocrx_word' id='word_1_534' title='bbox 4020 2779 4113 2842; x_wconf 81' lang='grc' dir='ltr'>καὶ</span> <span class='ocrx_word' id='word_1_535' title='bbox 4152 2777 4415 2861; x_wconf 83' lang='grc' dir='ltr'>καθάπερ</span> <span class='ocrx_word' id='word_1_536' title='bbox 4454 2779 4581 2844; x_wconf 81' lang='grc' dir='ltr'>δέν-</span> 
     </span>
     <span class='ocr_line' id='line_1_73' title="bbox 2891 2880 4585 2965; baseline 0.001 -19"><span class='ocrx_word' id='word_1_537' title='bbox 2891 2887 3033 2964; x_wconf 88' lang='grc' dir='ltr'>δρον</span> <span class='ocrx_word' id='word_1_538' title='bbox 3052 2884 3573 2965; x_wconf 82' lang='grc' dir='ltr'>πολυκαρπότερον</span> <span class='ocrx_word' id='word_1_539' title='bbox 3601 2887 3706 2945; x_wconf 85' lang='grc' dir='ltr'>τοῦ</span> <span class='ocrx_word' id='word_1_540' title='bbox 3734 2881 4059 2963; x_wconf 73' lang='grc' dir='ltr'>ξυμμέτρου</span> <span class='ocrx_word' id='word_1_541' title='bbox 4073 2881 4338 2965; x_wconf 83' lang='grc' dir='ltr'>πεφυκὸς</span> <span class='ocrx_word' id='word_1_542' title='bbox 4365 2880 4585 2963; x_wconf 78' lang='grc' dir='ltr'>ᾖ-ἑμ-</span> 
     </span>
     <span class='ocr_line' id='line_1_74' title="bbox 2888 2986 4586 3071; baseline 0.002 -22"><span class='ocrx_word' id='word_1_543' title='bbox 2888 2987 3076 3067; x_wconf 78' lang='grc' dir='ltr'>μανῆς</span> <span class='ocrx_word' id='word_1_544' title='bbox 3103 2986 3171 3049; x_wconf 86' lang='grc' dir='ltr'>τὸ</span> <span class='ocrx_word' id='word_1_545' title='bbox 3193 2992 3484 3052; x_wconf 75' lang='grc' dir='ltr'>πλεῖστον</span> <span class='ocrx_word' id='word_1_546' title='bbox 3509 2987 3863 3069; x_wconf 80' lang='grc' dir='ltr'>γιγνόμενος</span> <span class='ocrx_word' id='word_1_547' title='bbox 3883 2989 3989 3049; x_wconf 82' lang='grc' dir='ltr'>τοῦ</span> <span class='ocrx_word' id='word_1_548' title='bbox 4007 2987 4149 3065; x_wconf 86' lang='grc' dir='ltr'>βίου</span> <span class='ocrx_word' id='word_1_549' title='bbox 4177 2990 4273 3051; x_wconf 74' lang='grc' dir='ltr'>διὸ</span> <span class='ocrx_word' id='word_1_550' title='bbox 4294 2990 4400 3055; x_wconf 73' lang='grc' dir='ltr'>τὰς</span> <span class='ocrx_word' id='word_1_551' title='bbox 4424 2990 4586 3071; x_wconf 84' lang='grc' dir='ltr'>μεγί-</span> 
     </span>
     <span class='ocr_line' id='line_1_75' title="bbox 2892 3088 4581 3170; baseline 0.001 -16"><span class='ocrx_word' id='word_1_552' title='bbox 2892 3116 3037 3157; x_wconf 85' lang='grc' dir='ltr'>στας</span> <span class='ocrx_word' id='word_1_553' title='bbox 3062 3091 3277 3170; x_wconf 80' lang='grc' dir='ltr'>ἡδονᾶς</span> <span class='ocrx_word' id='word_1_554' title='bbox 3307 3090 3401 3153; x_wconf 82' lang='grc' dir='ltr'>καὶ</span> <span class='ocrx_word' id='word_1_555' title='bbox 3430 3092 3623 3156; x_wconf 84' lang='grc' dir='ltr'>λύπας</span> <span class='ocrx_word' id='word_1_556' title='bbox 3653 3117 3704 3153; x_wconf 88' lang='grc' dir='ltr'><strong>κ.</strong></span> <span class='ocrx_word' id='word_1_557' title='bbox 3727 3114 3778 3152; x_wconf 94' lang='grc' dir='ltr'>τ.</span> <span class='ocrx_word' id='word_1_558' title='bbox 3800 3096 3862 3152; x_wconf 96' lang='grc' dir='ltr'>λ.</span> <span class='ocrx_word' id='word_1_559' title='bbox 3938 3088 4125 3167; x_wconf 84' lang='lat' dir='ltr'>Quod</span> <span class='ocrx_word' id='word_1_560' title='bbox 4169 3112 4317 3154; x_wconf 81' lang='lat' dir='ltr'>vero</span> <span class='ocrx_word' id='word_1_561' title='bbox 4344 3090 4426 3155; x_wconf 84' lang='lat' dir='ltr'>ad</span> <span class='ocrx_word' id='word_1_562' title='bbox 4455 3114 4581 3156; x_wconf 87' lang='lat' dir='ltr'>var.</span> 
     </span>
     <span class='ocr_line' id='line_1_76' title="bbox 2890 3190 4583 3281; baseline 0.001 -23"><span class='ocrx_word' id='word_1_563' title='bbox 2890 3194 3030 3259; x_wconf 86' lang='lat' dir='ltr'>lect.</span> <span class='ocrx_word' id='word_1_564' title='bbox 3066 3194 3414 3281; x_wconf 87' lang='lat' dir='ltr'>suspicatus</span> <span class='ocrx_word' id='word_1_565' title='bbox 3445 3215 3606 3270; x_wconf 88' lang='lat' dir='ltr'>sum,</span> <span class='ocrx_word' id='word_1_566' title='bbox 3636 3190 3971 3278; x_wconf 85' lang='lat' dir='ltr'>legendum</span> <span class='ocrx_word' id='word_1_567' title='bbox 3993 3191 4252 3257; x_wconf 79' lang='lat' dir='ltr'>fortasse</span> <span class='ocrx_word' id='word_1_568' title='bbox 4281 3216 4412 3258; x_wconf 86' lang='lat' dir='ltr'>esse</span> <span class='ocrx_word' id='word_1_569' title='bbox 4441 3195 4583 3259; x_wconf 78' lang='grc' dir='ltr'>ἀπο-</span> 
     </span>
     <span class='ocr_line' id='line_1_77' title="bbox 2891 3293 4584 3382; baseline 0.001 -21"><span class='ocrx_word' id='word_1_570' title='bbox 2891 3300 3306 3379; x_wconf 86' lang='grc' dir='ltr'>δενδρωθῆναι,</span> <span class='ocrx_word' id='word_1_571' title='bbox 3335 3295 3487 3361; x_wconf 83' lang='lat' dir='ltr'>facit</span> <span class='ocrx_word' id='word_1_572' title='bbox 3518 3297 3562 3359; x_wconf 90' lang='lat' dir='ltr'><strong>J</strong></span> <span class='ocrx_word' id='word_1_573' title='bbox 3567 3320 3627 3360; x_wconf 93' lang='lat'><strong>0.</strong></span> <span class='ocrx_word' id='word_1_574' title='bbox 3661 3293 3996 3382; x_wconf 78' lang='lat' dir='ltr'>Pliiloponi</span> <span class='ocrx_word' id='word_1_575' title='bbox 4039 3293 4214 3361; x_wconf 85' lang='lat' dir='ltr'>locus</span> <span class='ocrx_word' id='word_1_576' title='bbox 4242 3295 4302 3359; x_wconf 88' lang='lat' dir='ltr'>in</span> <span class='ocrx_word' id='word_1_577' title='bbox 4335 3296 4584 3362; x_wconf 87' lang='lat' dir='ltr'>Aristo-</span> 
     </span>
     <span class='ocr_line' id='line_1_78' title="bbox 2893 3397 4583 3485; baseline 0.001 -21"><span class='ocrx_word' id='word_1_578' title='bbox 2893 3399 3075 3465; x_wconf 91' lang='lat' dir='ltr'>telem</span> <span class='ocrx_word' id='word_1_579' title='bbox 3121 3398 3201 3463; x_wconf 92' lang='lat' dir='ltr'>de</span> <span class='ocrx_word' id='word_1_580' title='bbox 3231 3399 3463 3463; x_wconf 91' lang='lat' dir='ltr'>Anima</span> <span class='ocrx_word' id='word_1_581' title='bbox 3499 3400 3557 3463; x_wconf 96' lang='lat' dir='ltr'>I.</span> <span class='ocrx_word' id='word_1_582' title='bbox 3587 3397 3699 3463; x_wconf 84' lang='lat' dir='ltr'>fol.</span> <span class='ocrx_word' id='word_1_583' title='bbox 3730 3421 3785 3462; x_wconf 87' lang='lat' dir='ltr'>a.</span> <span class='ocrx_word' id='word_1_584' title='bbox 3817 3420 3883 3485; x_wconf 96' lang='lat' dir='ltr'>p.</span> <span class='ocrx_word' id='word_1_585' title='bbox 3910 3420 3975 3481; x_wconf 96' lang='lat'><strong>4.</strong></span> <span class='ocrx_word' id='word_1_586' title='bbox 4010 3399 4226 3485; x_wconf 92' lang='lat' dir='ltr'>(quem</span> <span class='ocrx_word' id='word_1_587' title='bbox 4261 3400 4447 3464; x_wconf 89' lang='lat' dir='ltr'>etiam</span> <span class='ocrx_word' id='word_1_588' title='bbox 4479 3401 4583 3465; x_wconf 88' lang='lat' dir='ltr'>ha-</span> 
     </span>
     <span class='ocr_line' id='line_1_79' title="bbox 2890 3499 4585 3591; baseline 0.001 -23"><span class='ocrx_word' id='word_1_589' title='bbox 2890 3504 2999 3568; x_wconf 92' lang='lat' dir='ltr'>bet</span> <span class='ocrx_word' id='word_1_590' title='bbox 3046 3502 3273 3567; x_wconf 89' lang='lat' dir='ltr'>Suidas</span> <span class='ocrx_word' id='word_1_591' title='bbox 3313 3502 3378 3567; x_wconf 91' lang='lat' dir='ltr'>in</span> <span class='ocrx_word' id='word_1_592' title='bbox 3426 3499 3645 3583; x_wconf 81' lang='grc' dir='ltr'>κόσμος</span> <span class='ocrx_word' id='word_1_593' title='bbox 3675 3503 3757 3566; x_wconf 89' lang='grc' dir='ltr'><strong>Τ.</strong></span> <span class='ocrx_word' id='word_1_594' title='bbox 3792 3501 3893 3566; x_wconf 92' lang='grc' dir='ltr'><strong>ΙΙ.</strong></span> <span class='ocrx_word' id='word_1_595' title='bbox 3923 3525 3988 3589; x_wconf 91' lang='lat' dir='ltr'>p.</span> <span class='ocrx_word' id='word_1_596' title='bbox 4020 3520 4167 3587; x_wconf 85' lang='grc'><strong>354.</strong></span> <span class='ocrx_word' id='word_1_597' title='bbox 4202 3502 4427 3584; x_wconf 85' lang='lat' dir='ltr'>Kust.)</span> <span class='ocrx_word' id='word_1_598' title='bbox 4457 3527 4585 3591; x_wconf 89' lang='lat' dir='ltr'>quo</span> 
     </span>
     <span class='ocr_line' id='line_1_80' title="bbox 2889 3603 4586 3692; baseline 0 -20"><span class='ocrx_word' id='word_1_599' title='bbox 2889 3608 3052 3673; x_wconf 84' lang='lat' dir='ltr'>forte</span> <span class='ocrx_word' id='word_1_600' title='bbox 3088 3606 3226 3671; x_wconf 87' lang='lat' dir='ltr'>haec</span> <span class='ocrx_word' id='word_1_601' title='bbox 3260 3604 3396 3692; x_wconf 87' lang='lat' dir='ltr'>ipsa</span> <span class='ocrx_word' id='word_1_602' title='bbox 3423 3605 3615 3669; x_wconf 88' lang='lat' dir='ltr'>verba</span> <span class='ocrx_word' id='word_1_603' title='bbox 3659 3603 3893 3669; x_wconf 90' lang='lat' dir='ltr'>Plotini</span> <span class='ocrx_word' id='word_1_604' title='bbox 3924 3605 4128 3691; x_wconf 85' lang='lat' dir='ltr'>tetigit</span> <span class='ocrx_word' id='word_1_605' title='bbox 4177 3607 4455 3672; x_wconf 84' lang='lat' dir='ltr'>Joannes</span> <span class='ocrx_word' id='word_1_606' title='bbox 4481 3634 4586 3672; x_wconf 83' lang='lat'>:—</span> 
     </span>
     <span class='ocr_line' id='line_1_81' title="bbox 2891 3707 4585 3790; baseline 0 -15"><span class='ocrx_word' id='word_1_607' title='bbox 2891 3710 2981 3775; x_wconf 85' lang='grc' dir='ltr'>διὸ</span> <span class='ocrx_word' id='word_1_608' title='bbox 3042 3711 3139 3774; x_wconf 87' lang='grc' dir='ltr'>καὶ</span> <span class='ocrx_word' id='word_1_609' title='bbox 3195 3712 3227 3773; x_wconf 88' lang='grc' dir='ltr'><strong><em>ὁ</em></strong></span> <span class='ocrx_word' id='word_1_610' title='bbox 3290 3714 3602 3774; x_wconf 83' lang='grc' dir='ltr'>Πλωτῖνος</span> <span class='ocrx_word' id='word_1_611' title='bbox 3659 3707 3814 3772; x_wconf 88' lang='grc' dir='ltr'>πάνυ</span> <span class='ocrx_word' id='word_1_612' title='bbox 3873 3709 4043 3775; x_wconf 84' lang='grc' dir='ltr'>θείως</span> <span class='ocrx_word' id='word_1_613' title='bbox 4093 3708 4304 3790; x_wconf 89' lang='lat' dir='ltr'>(Suid.</span> <span class='ocrx_word' id='word_1_614' title='bbox 4353 3710 4443 3774; x_wconf 82' lang='grc' dir='ltr'>διὸ</span> <span class='ocrx_word' id='word_1_615' title='bbox 4491 3714 4585 3775; x_wconf 82' lang='grc' dir='ltr'>καὶ</span> 
     </span>
     <span class='ocr_line' id='line_1_82' title="bbox 2891 3809 4582 3898; baseline 0.001 -21"><span class='ocrx_word' id='word_1_616' title='bbox 2891 3815 3140 3880; x_wconf 76' lang='grc' dir='ltr'>ἀστείως</span> <span class='ocrx_word' id='word_1_617' title='bbox 3182 3813 3325 3875; x_wconf 88' lang='grc' dir='ltr'>λίαν</span> <span class='ocrx_word' id='word_1_618' title='bbox 3366 3814 3398 3875; x_wconf 88' lang='grc' dir='ltr'><strong><em>ὁ</em></strong></span> <span class='ocrx_word' id='word_1_619' title='bbox 3443 3815 3775 3887; x_wconf 86' lang='grc' dir='ltr'>Πλωτῖνος,</span> <span class='ocrx_word' id='word_1_620' title='bbox 3820 3809 3990 3897; x_wconf 91' lang='lat' dir='ltr'>quod</span> <span class='ocrx_word' id='word_1_621' title='bbox 4037 3810 4240 3898; x_wconf 87' lang='lat' dir='ltr'>placet</span> <span class='ocrx_word' id='word_1_622' title='bbox 4286 3813 4582 3893; x_wconf 85' lang='lat' dir='ltr'>Kuster0‚</span> 
     </span>
     <span class='ocr_line' id='line_1_83' title="bbox 2889 3913 4585 4004; baseline 0 -23"><span class='ocrx_word' id='word_1_623' title='bbox 2889 3939 3004 3981; x_wconf 91' lang='lat' dir='ltr'>nec</span> <span class='ocrx_word' id='word_1_624' title='bbox 3034 3915 3185 3980; x_wconf 88' lang='lat' dir='ltr'>mihi</span> <span class='ocrx_word' id='word_1_625' title='bbox 3215 3913 3516 4002; x_wconf 88' lang='lat' dir='ltr'>displicet.</span> <span class='ocrx_word' id='word_1_626' title='bbox 3594 3915 3695 3977; x_wconf 93' lang='lat' dir='ltr'>De</span> <span class='ocrx_word' id='word_1_627' title='bbox 3720 3913 3835 3977; x_wconf 88' lang='lat' dir='ltr'>hac</span> <span class='ocrx_word' id='word_1_628' title='bbox 3863 3914 4225 3980; x_wconf 86' lang='lat' dir='ltr'>confusione</span> <span class='ocrx_word' id='word_1_629' title='bbox 4247 3915 4376 3982; x_wconf 88' lang='lat' dir='ltr'>vid.</span> <span class='ocrx_word' id='word_1_630' title='bbox 4394 3918 4585 4004; x_wconf 51' lang='lat' dir='ltr'>Wyte</span> 
     </span>
     <span class='ocr_line' id='line_1_84' title="bbox 2891 4016 4579 4107; baseline -0.001 -21"><span class='ocrx_word' id='word_1_631' title='bbox 2891 4021 3060 4086; x_wconf 90' lang='lat' dir='ltr'>tenb.</span> <span class='ocrx_word' id='word_1_632' title='bbox 3091 4019 3168 4084; x_wconf 89' lang='lat' dir='ltr'>ad</span> <span class='ocrx_word' id='word_1_633' title='bbox 3218 4016 3543 4083; x_wconf 88' lang='lat' dir='ltr'>Plutarch.</span> <span class='ocrx_word' id='word_1_634' title='bbox 3580 4041 3649 4104; x_wconf 92' lang='lat' dir='ltr'>p.</span> <span class='ocrx_word' id='word_1_635' title='bbox 3682 4034 3827 4101; x_wconf 84' lang='lat'><strong>450.</strong></span> <span class='ocrx_word' id='word_1_636' title='bbox 3861 4034 3924 4082; x_wconf 88' lang='lat' dir='ltr'>et</span> <span class='ocrx_word' id='word_1_637' title='bbox 3953 4042 4015 4104; x_wconf 88' lang='lat' dir='ltr'>p.</span> <span class='ocrx_word' id='word_1_638' title='bbox 4051 4033 4199 4104; x_wconf 83' lang='lat'><strong>¹759.</strong></span> <span class='ocrx_word' id='word_1_639' title='bbox 4230 4024 4359 4107; x_wconf 89' lang='lat' dir='ltr'>sq.)</span> <span class='ocrx_word' id='word_1_640' title='bbox 4395 4020 4579 4099; x_wconf 83' lang='grc' dir='ltr'>εἶπεν,</span> 
     </span>
     <span class='ocr_line' id='line_1_85' title="bbox 2889 4122 4582 4208; baseline -0.001 -18"><span class='ocrx_word' id='word_1_641' title='bbox 2889 4127 2967 4192; x_wconf 83' lang='grc' dir='ltr'>ὥς</span> <span class='ocrx_word' id='word_1_642' title='bbox 2994 4126 3130 4189; x_wconf 85' lang='grc' dir='ltr'>ὅσοι</span> <span class='ocrx_word' id='word_1_643' title='bbox 3161 4125 3429 4204; x_wconf 78' lang='grc' dir='ltr'>ἑμμανῶς</span> <span class='ocrx_word' id='word_1_644' title='bbox 3465 4124 3611 4186; x_wconf 76' lang='grc' dir='ltr'>κατὰ</span> <span class='ocrx_word' id='word_1_645' title='bbox 3649 4124 3756 4189; x_wconf 76' lang='grc' dir='ltr'>τὰς</span> <span class='ocrx_word' id='word_1_646' title='bbox 3785 4125 4094 4202; x_wconf 79' lang='grc' dir='ltr'>θρεπτικᾶς</span> <span class='ocrx_word' id='word_1_647' title='bbox 4122 4122 4394 4203; x_wconf 87' lang='grc' dir='ltr'>δυνάμεις</span> <span class='ocrx_word' id='word_1_648' title='bbox 4424 4126 4582 4208; x_wconf 82' lang='grc' dir='ltr'>ἐνερ-</span> 
     </span>
     <span class='ocr_line' id='line_1_86' title="bbox 2890 4226 4582 4311; baseline 0.001 -21"><span class='ocrx_word' id='word_1_649' title='bbox 2890 4232 3121 4311; x_wconf 82' lang='grc' dir='ltr'>γοῦσιν,</span> <span class='ocrx_word' id='word_1_650' title='bbox 3150 4228 3311 4292; x_wconf 82' lang='grc' dir='ltr'>οὗτοι</span> <span class='ocrx_word' id='word_1_651' title='bbox 3339 4226 3777 4290; x_wconf 84' lang='grc' dir='ltr'>κινδυνεύουσιν</span> <span class='ocrx_word' id='word_1_652' title='bbox 3796 4226 4327 4307; x_wconf 83' lang='grc' dir='ltr'>ἆποδενδρωθῆναι.</span> <span class='ocrx_word' id='word_1_653' title='bbox 4422 4226 4582 4292; x_wconf 91' lang='lat' dir='ltr'>Illuc</span> 
     </span>
     <span class='ocr_line' id='line_1_87' title="bbox 2889 4327 4584 4416; baseline 0.001 -22"><span class='ocrx_word' id='word_1_654' title='bbox 2889 4329 3084 4416; x_wconf 88' lang='lat' dir='ltr'>igitur</span> <span class='ocrx_word' id='word_1_655' title='bbox 3122 4331 3173 4393; x_wconf 89' lang='lat' dir='ltr'>si</span> <span class='ocrx_word' id='word_1_656' title='bbox 3218 4327 3511 4415; x_wconf 86' lang='lat' dir='ltr'>respexit,</span> <span class='ocrx_word' id='word_1_657' title='bbox 3549 4327 3835 4392; x_wconf 88' lang='lat' dir='ltr'>videatur</span> <span class='ocrx_word' id='word_1_658' title='bbox 3871 4350 3948 4391; x_wconf 87' lang='lat' dir='ltr'>ex</span> <span class='ocrx_word' id='word_1_659' title='bbox 3999 4327 4159 4392; x_wconf 92' lang='lat' dir='ltr'>Cod.</span> <span class='ocrx_word' id='word_1_660' title='bbox 4213 4329 4354 4394; x_wconf 85' lang='lat' dir='ltr'>Vat.</span> <span class='ocrx_word' id='word_1_661' title='bbox 4405 4332 4584 4395; x_wconf 85' lang='lat' dir='ltr'>refin-</span> 
     </span>
     <span class='ocr_line' id='line_1_88' title="bbox 2889 4430 4585 4520; baseline 0.001 -24"><span class='ocrx_word' id='word_1_662' title='bbox 2889 4432 3168 4520; x_wconf 87' lang='lat' dir='ltr'>gendum</span> <span class='ocrx_word' id='word_1_663' title='bbox 3214 4434 3746 4512; x_wconf 86' lang='grc' dir='ltr'>ἆποδενδρωθῆναι.</span> <span class='ocrx_word' id='word_1_664' title='bbox 3822 4430 3966 4494; x_wconf 91' lang='lat' dir='ltr'>Vid.</span> <span class='ocrx_word' id='word_1_665' title='bbox 3997 4430 4077 4495; x_wconf 93' lang='lat' dir='ltr'>de</span> <span class='ocrx_word' id='word_1_666' title='bbox 4120 4431 4424 4498; x_wconf 88' lang='lat' dir='ltr'>similibus</span> <span class='ocrx_word' id='word_1_667' title='bbox 4451 4457 4585 4498; x_wconf 87' lang='lat' dir='ltr'>ver-</span> 
     </span>
     <span class='ocr_line' id='line_1_89' title="bbox 2889 4532 4579 4620; baseline 0.002 -21"><span class='ocrx_word' id='word_1_668' title='bbox 2889 4534 2987 4600; x_wconf 89' lang='lat' dir='ltr'>bis</span> <span class='ocrx_word' id='word_1_669' title='bbox 3016 4557 3160 4599; x_wconf 90' lang='lat' dir='ltr'>cum</span> <span class='ocrx_word' id='word_1_670' title='bbox 3191 4534 3307 4598; x_wconf 82' lang='grc' dir='ltr'>ἀπὸ</span> <span class='ocrx_word' id='word_1_671' title='bbox 3336 4532 3691 4620; x_wconf 87' lang='lat' dir='ltr'>compositis</span> <span class='ocrx_word' id='word_1_672' title='bbox 3723 4532 3874 4598; x_wconf 90' lang='lat' dir='ltr'>Tib.</span> <span class='ocrx_word' id='word_1_673' title='bbox 3908 4534 4271 4599; x_wconf 89' lang='lat' dir='ltr'>Hemsterh.</span> <span class='ocrx_word' id='word_1_674' title='bbox 4302 4535 4386 4600; x_wconf 88' lang='lat' dir='ltr'>ad</span> <span class='ocrx_word' id='word_1_675' title='bbox 4412 4537 4579 4602; x_wconf 89' lang='lat' dir='ltr'>Tim.</span> 
     </span>
     <span class='ocr_line' id='line_1_90' title="bbox 2890 4634 4586 4724; baseline 0.002 -21"><span class='ocrx_word' id='word_1_676' title='bbox 2890 4640 3042 4703; x_wconf 86' lang='lat' dir='ltr'>Lex.</span> <span class='ocrx_word' id='word_1_677' title='bbox 3090 4637 3255 4702; x_wconf 90' lang='lat' dir='ltr'>Plat.</span> <span class='ocrx_word' id='word_1_678' title='bbox 3285 4659 3350 4724; x_wconf 95' lang='lat' dir='ltr'>p.</span> <span class='ocrx_word' id='word_1_679' title='bbox 3379 4639 3483 4717; x_wconf 88' lang='lat'><strong>46.</strong></span> <span class='ocrx_word' id='word_1_680' title='bbox 3531 4634 3797 4700; x_wconf 85' lang='lat' dir='ltr'>Ruhnk.</span> <span class='ocrx_word' id='word_1_681' title='bbox 3829 4651 3893 4700; x_wconf 89' lang='lat' dir='ltr'>et</span> <span class='ocrx_word' id='word_1_682' title='bbox 3935 4638 4480 4721; x_wconf 79' lang='grc' dir='ltr'>ἀποδενδρουμένην</span> <span class='ocrx_word' id='word_1_683' title='bbox 4508 4641 4586 4706; x_wconf 89' lang='lat' dir='ltr'>de</span> 
     </span>
     <span class='ocr_line' id='line_1_91' title="bbox 2890 4738 4579 4829; baseline 0.001 -23"><span class='ocrx_word' id='word_1_684' title='bbox 2890 4741 3164 4829; x_wconf 89' lang='lat' dir='ltr'>Daphne</span> <span class='ocrx_word' id='word_1_685' title='bbox 3210 4739 3398 4805; x_wconf 88' lang='lat' dir='ltr'>habet</span> <span class='ocrx_word' id='word_1_686' title='bbox 3440 4738 3705 4804; x_wconf 87' lang='lat' dir='ltr'>Lucian.</span> <span class='ocrx_word' id='word_1_687' title='bbox 3756 4741 3897 4804; x_wconf 90' lang='lat' dir='ltr'>Ver.</span> <span class='ocrx_word' id='word_1_688' title='bbox 3948 4738 4118 4805; x_wconf 86' lang='lat' dir='ltr'>Hist.</span> <span class='ocrx_word' id='word_1_689' title='bbox 4167 4741 4225 4806; x_wconf 94' lang='lat'>1.</span> <span class='ocrx_word' id='word_1_690' title='bbox 4273 4742 4334 4806; x_wconf 90' lang='lat'><strong>8.</strong></span> <span class='ocrx_word' id='word_1_691' title='bbox 4382 4765 4444 4827; x_wconf 89' lang='lat' dir='ltr'>p.</span> <span class='ocrx_word' id='word_1_692' title='bbox 4476 4762 4579 4828; x_wconf 93' lang='lat'><strong>70.</strong></span> 
     </span>
     <span class='ocr_line' id='line_1_92' title="bbox 2890 4841 4582 4934; baseline 0.001 -25"><span class='ocrx_word' id='word_1_693' title='bbox 2890 4847 3102 4909; x_wconf 87' lang='lat' dir='ltr'>Amst.</span> <span class='ocrx_word' id='word_1_694' title='bbox 3123 4844 3207 4911; x_wconf 87' lang='lat' dir='ltr'>cf.</span> <span class='ocrx_word' id='word_1_695' title='bbox 3231 4842 3414 4909; x_wconf 87' lang='lat' dir='ltr'>etiam</span> <span class='ocrx_word' id='word_1_696' title='bbox 3443 4841 3803 4907; x_wconf 87' lang='lat' dir='ltr'>Schneideri</span> <span class='ocrx_word' id='word_1_697' title='bbox 3837 4841 4043 4906; x_wconf 90' lang='lat' dir='ltr'>Indic.</span> <span class='ocrx_word' id='word_1_698' title='bbox 4062 4842 4125 4906; x_wconf 91' lang='lat' dir='ltr'>in</span> <span class='ocrx_word' id='word_1_699' title='bbox 4161 4844 4582 4934; x_wconf 89' lang='lat' dir='ltr'>Theophrasti</span> 
     </span>
     <span class='ocr_line' id='line_1_93' title="bbox 2890 4944 4579 5036; baseline 0.002 -25"><span class='ocrx_word' id='word_1_700' title='bbox 2890 4950 3102 5036; x_wconf 86' lang='lat' dir='ltr'>Opera</span> <span class='ocrx_word' id='word_1_701' title='bbox 3128 4947 3193 5010; x_wconf 92' lang='lat' dir='ltr'>in</span> <span class='ocrx_word' id='word_1_702' title='bbox 3224 4948 3745 5028; x_wconf 71' lang='grc' dir='ltr'>ἆποδενδροῦσθαι.</span> <span class='ocrx_word' id='word_1_703' title='bbox 3838 4944 4025 5023; x_wconf 85' lang='lat' dir='ltr'>Quod</span> <span class='ocrx_word' id='word_1_704' title='bbox 4071 4946 4352 5032; x_wconf 86' lang='lat' dir='ltr'>proxime</span> <span class='ocrx_word' id='word_1_705' title='bbox 4397 4950 4579 5015; x_wconf 86' lang='lat' dir='ltr'>Orel-</span> 
     </span>
     <span class='ocr_line' id='line_1_94' title="bbox 2887 5048 4574 5137; baseline 0.004 -25"><span class='ocrx_word' id='word_1_706' title='bbox 2887 5048 3008 5113; x_wconf 87' lang='lat' dir='ltr'>lius</span> <span class='ocrx_word' id='word_1_707' title='bbox 3037 5048 3285 5114; x_wconf 85' lang='lat' dir='ltr'>volebat</span> <span class='ocrx_word' id='word_1_708' title='bbox 3329 5049 3399 5114; x_wconf 85' lang='grc' dir='ltr'>οὑ</span> <span class='ocrx_word' id='word_1_709' title='bbox 3440 5048 3749 5129; x_wconf 82' lang='grc' dir='ltr'>καθαρίους</span> <span class='ocrx_word' id='word_1_710' title='bbox 3798 5049 3863 5111; x_wconf 79' lang='grc' dir='ltr'>δὲ</span> <span class='ocrx_word' id='word_1_711' title='bbox 3906 5050 3980 5111; x_wconf 76' lang='grc' dir='ltr'>τὰ</span> <span class='ocrx_word' id='word_1_712' title='bbox 4019 5049 4203 5127; x_wconf 77' lang='grc' dir='ltr'>ἄλλα,</span> <span class='ocrx_word' id='word_1_713' title='bbox 4231 5049 4574 5137; x_wconf 88' lang='lat' dir='ltr'>speciosum</span> 
     </span>
     <span class='ocr_line' id='line_1_95' title="bbox 2886 5149 4578 5238; baseline 0.003 -22"><span class='ocrx_word' id='word_1_714' title='bbox 2886 5168 2997 5217; x_wconf 88' lang='lat' dir='ltr'>est.</span> <span class='ocrx_word' id='word_1_715' title='bbox 3076 5152 3203 5216; x_wconf 90' lang='lat' dir='ltr'>Sed</span> <span class='ocrx_word' id='word_1_716' title='bbox 3231 5150 3372 5216; x_wconf 90' lang='lat' dir='ltr'>libri</span> <span class='ocrx_word' id='word_1_717' title='bbox 3403 5173 3528 5216; x_wconf 89' lang='lat' dir='ltr'>non</span> <span class='ocrx_word' id='word_1_718' title='bbox 3557 5150 3837 5215; x_wconf 83' lang='lat' dir='ltr'>variant:</span> <span class='ocrx_word' id='word_1_719' title='bbox 3885 5164 3948 5214; x_wconf 92' lang='lat' dir='ltr'>et</span> <span class='ocrx_word' id='word_1_720' title='bbox 3977 5149 4295 5238; x_wconf 84' lang='lat' dir='ltr'>vulgatam</span> <span class='ocrx_word' id='word_1_721' title='bbox 4329 5155 4578 5233; x_wconf 65' lang='lat' dir='ltr'>tuearis»,</span> 
     </span>
     <span class='ocr_line' id='line_1_96' title="bbox 2888 5252 4578 5341; baseline 0.002 -22"><span class='ocrx_word' id='word_1_722' title='bbox 2888 5254 2938 5319; x_wconf 92' lang='lat' dir='ltr'>si</span> <span class='ocrx_word' id='word_1_723' title='bbox 2982 5258 3389 5338; x_wconf 83' lang='grc' dir='ltr'>φιλομούσους</span> <span class='ocrx_word' id='word_1_724' title='bbox 3430 5253 3495 5318; x_wconf 92' lang='lat' dir='ltr'>h.</span> <span class='ocrx_word' id='word_1_725' title='bbox 3525 5253 3568 5317; x_wconf 95' lang='lat' dir='ltr'>l.</span> <span class='ocrx_word' id='word_1_726' title='bbox 3618 5252 3902 5341; x_wconf 80' lang='lat' dir='ltr'>accipiaS‚</span> <span class='ocrx_word' id='word_1_727' title='bbox 3946 5253 4055 5339; x_wconf 92' lang='lat' dir='ltr'>qui</span> <span class='ocrx_word' id='word_1_728' title='bbox 4103 5253 4276 5318; x_wconf 89' lang='lat' dir='ltr'>nimii</span> <span class='ocrx_word' id='word_1_729' title='bbox 4322 5272 4470 5322; x_wconf 88' lang='lat' dir='ltr'>sunt</span> <span class='ocrx_word' id='word_1_730' title='bbox 4515 5258 4578 5323; x_wconf 90' lang='lat' dir='ltr'>in</span> 
     </span>
     <span class='ocr_line' id='line_1_97' title="bbox 2890 5355 4577 5442; baseline 0.002 -20"><span class='ocrx_word' id='word_1_731' title='bbox 2890 5358 3099 5423; x_wconf 88' lang='lat' dir='ltr'>studio</span> <span class='ocrx_word' id='word_1_732' title='bbox 3141 5358 3436 5437; x_wconf 83' lang='lat' dir='ltr'>musicae3</span> <span class='ocrx_word' id='word_1_733' title='bbox 3480 5368 3545 5422; x_wconf 92' lang='lat' dir='ltr'>et</span> <span class='ocrx_word' id='word_1_734' title='bbox 3595 5355 3877 5442; x_wconf 89' lang='lat' dir='ltr'>sequitur</span> <span class='ocrx_word' id='word_1_735' title='bbox 3926 5356 4112 5420; x_wconf 89' lang='lat' dir='ltr'>etiam</span> <span class='ocrx_word' id='word_1_736' title='bbox 4164 5380 4352 5423; x_wconf 84' lang='lat' dir='ltr'>mox:</span> <span class='ocrx_word' id='word_1_737' title='bbox 4404 5363 4459 5425; x_wconf 80' lang='grc' dir='ltr'>εἰ</span> <span class='ocrx_word' id='word_1_738' title='bbox 4497 5364 4577 5441; x_wconf 81' lang='grc' dir='ltr'>μὴ</span> 
     </span>
     <span class='ocr_line' id='line_1_98' title="bbox 2884 5456 4574 5541; baseline 0 -17"><span class='ocrx_word' id='word_1_739' title='bbox 2884 5461 3043 5539; x_wconf 72' lang='grc' dir='ltr'>άλλη</span> <span class='ocrx_word' id='word_1_740' title='bbox 3068 5461 3239 5524; x_wconf 81' lang='grc' dir='ltr'>κακία</span> <span class='ocrx_word' id='word_1_741' title='bbox 3264 5461 3496 5541; x_wconf 86' lang='grc' dir='ltr'>παρείη.</span> <span class='ocrx_word' id='word_1_742' title='bbox 3575 5459 3893 5522; x_wconf 84' lang='lat' dir='ltr'>Caeterum</span> <span class='ocrx_word' id='word_1_743' title='bbox 3918 5456 3997 5521; x_wconf 91' lang='lat' dir='ltr'>de</span> <span class='ocrx_word' id='word_1_744' title='bbox 4020 5459 4295 5541; x_wconf 87' lang='grc' dir='ltr'>καθάριος</span> <span class='ocrx_word' id='word_1_745' title='bbox 4321 5462 4574 5527; x_wconf 84' lang='lat' dir='ltr'>consule</span> 
     </span>
     <span class='ocr_line' id='line_1_99' title="bbox 2885 5560 4568 5649; baseline 0.003 -23"><span class='ocrx_word' id='word_1_746' title='bbox 2885 5561 3220 5649; x_wconf 88' lang='lat' dir='ltr'>Wyttenb.</span> <span class='ocrx_word' id='word_1_747' title='bbox 3245 5561 3327 5626; x_wconf 83' lang='lat' dir='ltr'>ad</span> <span class='ocrx_word' id='word_1_748' title='bbox 3352 5560 3578 5627; x_wconf 85' lang='lat' dir='ltr'>Select.</span> <span class='ocrx_word' id='word_1_749' title='bbox 3601 5560 3772 5626; x_wconf 89' lang='lat' dir='ltr'>Hist.</span> <span class='ocrx_word' id='word_1_750' title='bbox 3794 5583 3855 5648; x_wconf 89' lang='lat' dir='ltr'>p.</span> <span class='ocrx_word' id='word_1_751' title='bbox 3880 5575 4028 5646; x_wconf 88' lang='grc'><strong>375.</strong></span> <span class='ocrx_word' id='word_1_752' title='bbox 4052 5577 4117 5625; x_wconf 88' lang='lat' dir='ltr'>et</span> <span class='ocrx_word' id='word_1_753' title='bbox 4137 5561 4219 5627; x_wconf 87' lang='lat' dir='ltr'>ad</span> <span class='ocrx_word' id='word_1_754' title='bbox 4243 5561 4568 5631; x_wconf 88' lang='lat' dir='ltr'>Plutarch.</span> 
     </span>
    </p>
   </div>
  </div>
 </body>
</html>
