5118 6613
1118 510 1238 576 182

1114 684 1303 748 lueris
1347 681 1663 771 vulgatam
1711 681 1996 760 retinere,
2035 683 2137 749 cui
2180 681 2552 771 patrocinari
2592 681 2809 747 viden-

1112 788 1345 852 dentur
1372 786 1564 851 verba
1589 786 1751 851 infra
1778 787 2002 874 posita,
2032 801 2309 851 extremo
2334 786 2526 874 hujus
2561 787 2807 875 paginae

1117 888 1418 979 margine,
1450 892 1526 958 ὣς
1575 891 1705 954 οἶόν
1739 915 1805 953 τε
1842 895 1944 971 τῆς
1982 892 2285 965 ἀπαθείας,
2320 891 2415 955 καὶ
2451 894 2553 970 τῆς
2588 892 2805 955 οἶον-

1116 996 1464 1077 παρουσίας.

1201 1120 1264 1184 p.
1306 1113 1457 1182 574,
1509 1114 1566 1161 2.
1605 1094 1806 1161 Ὥστε
1854 1098 1993 1163 εἴτις
2038 1097 2145 1175 τὴν
2200 1098 2351 1177 ὕλην
2395 1097 2571 1180 λέγοι
2629 1097 2809 1176 κακὴν

1119 1227 1172 1264 κ.
1195 1224 1247 1264 τ.
1275 1201 1368 1285 λ.]
1421 1199 1524 1264 Cf.
1569 1221 1760 1286 supra
1791 1200 1848 1264 1.
1898 1201 1960 1262 8.
1998 1218 2099 1263 10.
2130 1200 2242 1264 fin.
2273 1222 2339 1286 p.
2372 1217 2473 1286 79.
2521 1201 2606 1263 E.
2652 1198 2807 1286 ibiq.

1119 1317 1334 1367 annot.

1200 1443 1289 1456 —
1314 1424 1378 1491 5.
1424 1404 1502 1470 ‘O
1534 1404 1601 1470 δέ
1628 1431 1701 1488 γε
1729 1404 2021 1494 Πλάτων]
2059 1405 2137 1468 In
2169 1404 2418 1469 Timaeo
2440 1427 2501 1490 p.
2534 1423 2642 1490 50.
2669 1428 2804 1492 sqq.

1199 1548 1290 1561 —
1316 1526 1415 1595 15.
1461 1509 1528 1573 τὸ
1571 1508 1756 1589 μένον
1787 1509 1997 1588 ταύτης
2025 1510 2240 1588 ταύτην
2275 1509 2659 1594 ἐνδείκνυται]
2711 1507 2811 1572 Sic

1117 1611 1247 1677 Ed.
1279 1614 1425 1698 Ego
1462 1633 1583 1674 non
1615 1609 1899 1674 dubitavi
1938 1633 2080 1674 cum
2114 1609 2334 1673 Ficino
2361 1631 2593 1696 ponere
2631 1612 2810 1690 ταύτῃ

1120 1717 1224 1781 Ita
1249 1714 1412 1779 enim
1443 1713 1661 1800 legisse
1687 1712 1967 1801 oportuit
1996 1735 2137 1777 eum
2169 1712 2586 1799 interpretem.

1203 1843 1269 1907 p.
1295 1837 1448 1903 575,
1473 1835 1572 1881 12.
1608 1817 1697 1881 Τὸ
1719 1816 2271 1899 γὰρ-δεχομένην,
2304 1816 2684 1896 ἀπαμβλύνει
2699 1818 2811 1897 μὲν

1118 1923 1186 1986 τὸ
1213 1920 1611 2008 πυρουμένην]
1661 1918 1846 1984 Plato
1883 1919 1964 1983 de
2005 1917 2279 2005 Republ.
2312 1920 2428 1983 IV.
2460 1941 2526 2005 p.
2557 1936 2707 1999 442.
2741 1941 2804 2005 p.

1123 2026 1269 2091 208.
1318 2022 1517 2088 Bekk.
1561 2021 1641 2104 μή
1669 2049 1750 2103 πῃ
1783 2023 1922 2102 ἡμῖν
1968 2023 2422 2102 ἀπαμβλύνεται
2471 2020 2579 2102 (al.
2615 2023 2806 2102 ἀπαμ-

1118 2131 1442 2213 βλύνηται)
1474 2129 1629 2192 ἄλλο
1667 2152 1721 2190 τι
1750 2128 2088 2206 δικαιοσύνη
2134 2125 2242 2208 (al.
2276 2129 2683 2213 δικαιοσύνην)
2716 2134 2810 2194 δο-

1121 2237 1246 2298 κεῖν
1292 2229 1403 2314 (al.
1437 2235 1581 2304 δεῖν,
1627 2227 1707 2293 al.
1742 2234 1849 2302 δεῖ,
1891 2226 1974 2292 al.
2007 2228 2095 2306 δὴ,
2130 2231 2273 2292 Ast.
2309 2232 2547 2313 δοκοῦν)
2583 2229 2734 2294 εἶναι
2771 2227 2808 2310 ἢ

1117 2337 1264 2417 ὅπερ
1290 2337 1355 2399 ἐν
1383 2338 1454 2414 τῇ
1484 2335 1661 2397 πόλει
1691 2331 1920 2414 ἐφάνη;
1973 2330 2388 2395 Schneiderus
2421 2331 2679 2396 Suidam
2719 2355 2809 2397 se-

1114 2453 1300 2503 cutus
1357 2435 1791 2523 (explicantem
1841 2436 2239 2514 ἀπαμβλύνει“
2289 2436 2620 2517 ἐκκαθαίρει
2664 2438 2803 2500 σκό-

1116 2568 1252 2609 τους
1284 2541 1376 2605 καὶ
1407 2540 1813 2620 ἀλλοιώσεως)
1847 2536 2031 2602 vertit
2055 2561 2068 2600 :
2121 2545 2164 2576 “
2191 2538 2292 2601 Ne
2310 2537 2558 2624 justitia
2585 2560 2618 2602 e
2647 2548 2808 2603 tene-

1114 2646 1249 2709 bris
1277 2643 1524 2707 evoluta
1557 2651 1617 2705 et
1644 2643 1716 2703 in
1744 2641 1878 2704 luce
1910 2641 2202 2704 collocata
2236 2657 2534 2728 appareat
2565 2640 2809 2706 diversa

1117 2770 1247 2811 esse
1289 2767 1461 2810 nunc
1503 2744 1585 2808 ab
1636 2766 1729 2821 ea,
1778 2765 1968 2830 quam
2015 2742 2077 2806 in
2122 2742 2441 2830 republica
2480 2743 2808 2808 vidimus.”

1119 2847 1506 2934 Obloquitur
1550 2846 1687 2910 Ast.
1731 2844 1796 2909 in
1842 2847 2195 2909 Comment.
2242 2868 2310 2932 p.
2341 2866 2492 2932 503.
2525 2862 2804 2912 vertens:

1120 2958 1168 2990 “
1200 2951 1378 3014 Num
1422 2947 1576 3035 quid
1606 2948 1667 3011 in
1706 2947 1885 3011 nobis
1914 2957 2042 3012 tam
2073 2970 2302 3012 coeeum
2332 2957 2423 3012 est
2450 2958 2509 3013 et
2550 2950 2810 3014 dubium

1115 3054 1271 3118 cet.”
1315 3051 1553 3116 Ficin.:
1592 3059 1635 3089 ‘⁶
1655 3052 1850 3114 Estne
1879 3049 2137 3137 aliquid,
2156 3050 2321 3138 quod
2345 3051 2506 3113 hanc
2527 3062 2810 3118 nostram

1117 3176 1313 3244 usque
1357 3154 1510 3218 adeo
1552 3154 1923 3218 sententiam
1967 3154 2402 3218 interturbet.”
2489 3156 2810 3233 Quaeritur

1117 3258 1336 3347 igitur,
1367 3271 1581 3322 utrum
1608 3255 1975 3344 privationis
1992 3279 2070 3321 an
2094 3256 2487 3344 perfectionis
2515 3272 2578 3323 et
2606 3259 2806 3325 inten-

1120 3362 1303 3428 tionis
1330 3375 1602 3449 potestas
1631 3360 1692 3424 in
1724 3384 1800 3424 eo
1825 3360 2016 3424 verbo
2043 3358 2207 3424 insit.
2282 3364 2505 3448 Atque
2535 3361 2652 3427 hoc
2682 3386 2809 3427 ma-

1118 3466 1216 3555 gis
1242 3465 1439 3553 quaeri
1469 3463 1720 3529 videtur
1749 3486 1926 3551 posse
1953 3463 2016 3528 in
2047 3461 2183 3527 loco
2212 3463 2659 3551 Plotini‚quod
2678 3467 2804 3530 for-

1119 3587 1278 3636 tasse
1315 3567 1584 3633 eundem
1615 3567 1886 3655 respexit
1917 3566 2143 3631 Suidas
2169 3565 2210 3631 l.
2233 3566 2272 3630 l.
2306 3581 2368 3631 et
2398 3567 2682 3654 sequitur
2708 3575 2805 3650 δή-

1117 3681 1325 3739 λοῖτε
1371 3671 1498 3757 (vel
1528 3673 1785 3736 fortasse
1829 3675 2004 3752 δηλοῖ
2042 3673 2158 3755 δὲ).
2255 3672 2569 3735 Neutrum
2602 3687 2805 3736 tamen

1117 3776 1525 3842 crediderim:
1575 3775 1681 3840 sed
1730 3796 1939 3838 veram
1984 3772 2149 3838 duco
2195 3772 2396 3838 Ficini
2438 3774 2805 3862 interpreta-

1121 3881 1376 3957 tionem,
1408 3901 1596 3965 quam
1637 3877 1820 3942 etiam
1864 3876 2185 3962 adoptavit
2222 3876 2485 3965 Taylor,
2520 3894 2804 3942 vertens:

1119 3984 1463 4068 mitigatas.
1553 3978 1795 4045 Eodem
1856 3978 2202 4066 significatu
2263 3980 2491 4067 saepius
2538 3979 2812 4045 occurrit

1122 4082 1281 4147 illud
1311 4083 1615 4159 Verbum,
1646 4105 1706 4145 ν.
1733 4105 1785 4144 c.
1828 4103 1928 4167 ap.
1973 4079 2384 4147 Plutarchum
2435 4084 2534 4147 11.
2565 4106 2631 4170 p.
2665 4084 2811 4167 786.

1122 4188 1184 4251 E
1208 4212 1223 4250 ε
1272 4189 1376 4253 τὰς
1401 4187 1536 4267 περὶ
1563 4186 1745 4248 πόσιν
1777 4184 1869 4247 καὶ
1898 4189 2130 4265 βρῶσιν
2160 4187 2462 4265 ἐπιθυμίας
2493 4187 2808 4266 ἀπημβλυ-

1121 4288 1305 4369 μένας
1332 4291 1406 4351 τᾶ
1431 4291 1636 4352 πολλὰ
1671 4287 1767 4350 καὶ
1814 4285 2019 4359 νωδάς.
2058 4285 2344 4352 libidines
2388 4289 2706 4353 hebetatas
2748 4302 2813 4355 et

1123 4392 1467 4457 edentulaS.
1557 4389 1738 4453 Idem
1782 4388 1845 4451 in
1888 4389 2186 4453 Cicerone
2228 4413 2365 4477 cap.
2404 4410 2471 4476 5.
2500 4390 2674 4456 init.:
2734 4390 2812 4458 Ὁ

1124 4499 1272 4580 γοῦν
1300 4494 1562 4576 Κικέρων
1591 4495 1849 4558 ἐλπίδων
1875 4493 2092 4573 μεστὸς
2117 4496 2213 4559 ἐπὶ
2241 4497 2348 4575 τὴν
2368 4497 2680 4560 πολιτείαν
2708 4506 2817 4578 φε-

1124 4601 1391 4680 ρόμενος,
1421 4596 1534 4661 ὑπὸ
1578 4600 1851 4679 χρησμοῦ
1892 4622 2050 4663 τινος
2078 4599 2473 4678 ἀπημβλύνθη
2507 4598 2624 4679 (ita
2652 4614 2816 4664 recte

1126 4723 1204 4765 ex
1248 4698 1422 4763 libris
1466 4701 1666 4764 MSS.
1711 4699 2008 4763 suadente
2053 4699 2331 4777 Reiskio,
2379 4702 2707 4788 Wyttenb.
2753 4716 2817 4767 et

1131 4801 1418 4879 CoraiuS,
1467 4825 1585 4888 pro
1629 4802 2014 4885 ἀπημβλύθη)
2060 4803 2167 4883 τὴν
2211 4802 2418 4885 ὁρμήν.
2511 4806 2599 4869 Et
2655 4829 2813 4892 quo-

1127 4906 1294 4970 niam
1327 4903 1642 4968 Ciceronis
1672 4903 1903 4967 mentio
1931 4903 2116 4982 facta,
2146 4905 2207 4968 in
2245 4904 2418 4968 libris
2445 4905 2526 4970 de
2557 4908 2813 4994 Repub-

1128 5008 1246 5073 lica
1275 5006 1554 5071 Platonis
1580 5005 1783 5070 locum
1817 5005 2139 5070 laudatum
2171 5023 2315 5072 ante
2344 5007 2557 5072 oculos
2593 5009 2816 5074 babuit

1132 5109 1411 5187 Tullius,
1441 5122 1516 5172 ut
1555 5108 1638 5172 ad
1677 5132 1811 5196 cap.
1845 5109 1949 5195 38.
1989 5108 2129 5173 libri
2162 5111 2217 5174 1.
2250 5133 2316 5197 p.
2356 5127 2500 5196 155.
2531 5110 2632 5176 ed.
2665 5114 2814 5176 Mo·

1133 5214 1250 5281 seri
1278 5210 1591 5278 annotavi.
1684 5211 1963 5297 Respicit
2005 5226 2212 5276 autem
2259 5230 2471 5277 nostro
2503 5212 2639 5278 loco
2681 5214 2818 5280 Plo-

1135 5318 1304 5383 tinus
1321 5317 1455 5380 baec
1484 5315 1549 5378 in
1582 5313 1860 5378 Platonis
1890 5314 2137 5380 Timaeo
2164 5339 2230 5403 p.
2253 5333 2359 5402 52.
2385 5317 2458 5380 P.
2481 5317 2581 5402 65.
2609 5317 2814 5383 Bekk.

1135 5422 1242 5502 τὴν
1272 5422 1336 5485 δὲ
1366 5418 1660 5503 γενέσεως
1680 5416 1920 5498 τιθήνην
1947 5419 2376 5500 ὑγραινομένην
2406 5421 2503 5484 καὶ
2528 5421 2816 5502 πυρουμέ-

1139 5547 1246 5602 νην
1279 5522 1371 5586 καὶ
1400 5524 1504 5589 τὰς
1531 5525 1637 5603 γῆς
1663 5545 1729 5585 τε
1761 5521 1854 5584 καὶ
1884 5519 2054 5602 ἀέρος
2080 5524 2313 5603 μορφὰς
2343 5521 2694 5606 δεχομένην,
2728 5524 2822 5588 καὶ

2073 509 2929 576 ANNOTATIONES

2999 510 3110 575 IN
3177 508 3629 576 PLOTINI

2898 683 3017 746 ὅσα
3046 683 3274 749 τούτοις
3301 684 3465 747 ἀλλα
3492 683 3650 764 πάθη
3678 679 3988 761 ξυνέπεται
4020 680 4402 766 πάσχουσαν,
4434 709 4577 748 παν·

2893 785 3156 864 τοδαπῆν
3177 786 3289 864 μὲν
3319 788 3464 849 ἰδεῖν
3493 788 3818 868 φαίνεσθαι
3846 811 3900 848 κ.
3924 810 3979 848 τ.
3998 793 4063 851 λ.

2993 910 3059 974 P·
3094 905 3247 971 5772
3286 904 3353 971 5·
3419 888 3456 967 ἡ
3510 889 3626 969 γὰρ
3682 887 3946 970 ὑποδοχὴ
4007 888 4102 951 καὶ
4161 886 4397 976 τιθήνη]
4482 888 4577 957 Cf.

2892 989 3078 1055 Plato
3099 990 3163 1055 in
3195 991 3445 1054 Timaeo
3470 1012 3533 1077 p.
3559 1009 3667 1070 49.
3698 1012 3753 1054 a.
3787 1012 3847 1076 p.
3878 990 3983 1075 58.
4016 989 4220 1054 Bekk.
4252 990 4580 1056 Alcinoum

2893 1092 2973 1158 de
3019 1093 3233 1158 Doctr.
3272 1092 3437 1157 Plat.
3482 1116 3537 1157 c.
3571 1093 3631 1156 8.
3669 1115 3733 1180 p.
3764 1110 3915 1174 472.
3966 1093 4074 1157 inf.
4121 1116 4185 1181 p.
4215 1110 4365 1180 473.
4411 1117 4580 1181 supr.

2896 1196 3088 1261 Adde
3129 1196 3292 1261 Plat.
3329 1196 3498 1260 Tim.
3529 1220 3591 1284 p.
3622 1217 3729 1280 50.
3762 1220 3829 1284 p.
3862 1200 3964 1261 61.
3998 1196 4196 1262 Bekk.
4247 1197 4582 1287 Porphyrii

2898 1303 3205 1366 Sententt.
3235 1324 3291 1364 c.
3327 1301 3537 1365 XXI.
3573 1323 3639 1387 p.
3675 1303 3818 1366 226.
3852 1315 3915 1365 et
3951 1300 4097 1365 vide
4130 1301 4577 1389 Wyttenbach.

2894 1403 2975 1469 ad
3019 1402 3338 1468 Plutarch.
3373 1403 3513 1467 Vol.
3549 1405 3666 1468 VI.
3702 1424 3760 1468 2.
3809 1426 3872 1491 p.
3907 1406 4054 1469 661.
4104 1427 4197 1491 sq.
4290 1405 4582 1470 Proclum

2896 1508 2958 1571 in
2992 1506 3194 1572 Alcib.
3224 1530 3318 1594 pr.
3350 1529 3417 1593 p.
3443 1508 3592 1591 318.
3627 1521 3690 1570 et
3714 1505 3878 1571 infra
3910 1509 4027 1571 IV.
4048 1524 4108 1591 7.
4139 1528 4202 1594 3.
4230 1530 4293 1595 p.
4324 1509 4473 1593 458.
4496 1513 4580 1574 A.

2899 1610 3007 1676 ubi
3040 1612 3269 1674 Noster
3296 1613 3408 1689 ὕλη
3440 1610 3534 1674 καὶ
3564 1611 3794 1675 ἄποιον.

3007 1753 3098 1766 -
3131 1734 3230 1778 10.
3278 1715 3372 1778 καὶ
3416 1715 3619 1797 χώραν
3675 1712 3829 1778 εἶναι
3872 1714 3968 1777 καὶ
4018 1714 4359 1795 ἕδραν-ὧς
4400 1716 4582 1779 τόπον

2896 1820 3066 1882 εἰδῶν
3095 1817 3411 1906 λέγοντος]
3458 1816 3585 1880 Ed.
3618 1815 3776 1880 male
3815 1818 3890 1884 ὡς
3927 1816 3994 1879 τὸ
4024 1821 4143 1881 πᾶν
4185 1816 4338 1885 εἶδος
4371 1816 4581 1900 λέγον-

2894 1946 3013 1988 τος.
3104 1920 3377 1984 Restitui
3426 1918 3657 1983 Plotini
3691 1941 4051 2006 germanam
4081 1917 4474 2006 scriptionem
4505 1944 4578 1984 ex

2896 2022 3067 2088 libris
3098 2022 3338 2088 nostris.
3430 2022 3711 2109 Respicit
3754 2036 3963 2086 autem
4010 2021 4331 2087 Platonica
4372 2022 4437 2086 in
4471 2023 4582 2087 Ti-

2895 2149 3055 2190 maeo
3081 2149 3145 2213 p.
3178 2144 3280 2211 52.
3316 2149 3381 2213 p.
3402 2128 3508 2206 64.
3543 2123 3745 2189 Bekk.
3779 2124 3952 2188 baec:
4000 2126 4200 2207 τρίτον
4221 2128 4287 2190 δὲ
4310 2127 4383 2190 αὖ
4411 2126 4581 2208 γε’νος

2896 2228 2968 2293 ὃν
3016 2229 3083 2293 τὸ
3144 2234 3243 2309 τῆς
3287 2230 3484 2312 χώρας
3530 2229 3623 2292 ἀεὶ
3671 2230 3906 2310 φθορὰν
3963 2228 4032 2291 οὗ
4077 2230 4578 2311 προσδεχόμενον,

2896 2334 3073 2415 ἕδραν
3103 2336 3168 2397 δὲ
3206 2331 3474 2415 παρέχον
3504 2332 3624 2395 ὅσα
3672 2331 3802 2414 ἔχει
3840 2329 4086 2412 γένεσιν
4113 2334 4317 2404 πᾶσιν,
4350 2329 4491 2395 αὐτὸ
4521 2334 4579 2395 δὲ

2892 2434 3015 2516 μετ’
3059 2437 3449 2515 ἀναισθησίας
3491 2433 3679 2498 ἁπτὸν
3723 2438 3995 2519 λογισμῷ
4039 2457 4155 2497 τινι
4201 2435 4376 2520 νόθῳ,
4416 2437 4583 2517 μόγις

2890 2538 3123 2613 πιστὸν,
3150 2538 3295 2620 πρὸς
3324 2537 3357 2601 ὃ
3388 2537 3457 2617 δὴ
3490 2538 3585 2601 καὶ
3610 2539 4109 2618 όνειροπολοῦμεν
4127 2535 4462 2616 βλέποντες
4492 2539 4583 2601 καὶ

2892 2644 3092 2724 φαμὲν
3121 2643 3446 2723 ἀναγκαῖον
3477 2640 3635 2705 εἶναί
3657 2665 3773 2704 που
3801 2638 3866 2702 τὸ
3900 2636 3970 2703 ὃν
4000 2639 4159 2703 ἅπαν
4188 2639 4254 2703 ἔν
4281 2664 4399 2703 τινι
4426 2642 4579 2725 τόπῳ

2895 2745 2991 2809 καὶ
3020 2743 3273 2828 κατέχον
3299 2745 3502 2827 χώραν
3529 2747 3683 2822 τινὰ,
3711 2742 3780 2806 τὸ
3817 2744 3881 2806 δὲ
3912 2740 4059 2823 μήτε
4089 2743 4156 2805 ἐν
4183 2745 4259 2824 γῇ
4295 2741 4443 2822 μήτε
4470 2767 4579 2806 που

2896 2846 3018 2911 κατ’
3049 2846 3303 2929 οὐρανὸν
3345 2847 3518 2911 οὐδὲν
3560 2845 3729 2910 εἶναι.
3797 2842 3904 2909 Cf.
3938 2843 4256 2909 Plotinum
4303 2861 4579 2909 nostrum

2896 2972 3065 3036 supr.
3097 2972 3162 3036 p.
3202 2951 3344 3029 164.
3376 2950 3460 3013 E.

2982 3076 3047 3140 p.
3078 3053 3230 3137 578,
3265 3054 3323 3116 8.
3372 3053 3501 3116 οἷον
3521 3052 3615 3116 καὶ
3645 3054 3728 3118 εἰς
3755 3051 3823 3115 τὸ
3856 3050 4209 3135 κάτοπτρον]
4259 3050 4364 3115 Cf.
4397 3073 4583 3139 supra

2896 3177 2959 3242 p.
2992 3174 3144 3241 312.
3177 3167 3238 3218 et
3269 3154 3434 3217 infra
3462 3175 3524 3240 p.
3561 3156 3710 3239 615.
3745 3155 3822 3217 C.
3854 3169 3918 3217 et
3960 3176 4106 3239 quae
4142 3152 4227 3216 ibi
4265 3153 4582 3218 annotavi-

2896 3279 3058 3321 mus.
3153 3258 3348 3322 Hunc
3377 3268 3578 3321 totum
3608 3255 3814 3321 locum
3844 3255 3906 3320 in
3937 3255 4373 3344 compendium
4415 3255 4583 3322 rede-

2894 3360 2988 3447 git
3017 3359 3407 3448 Porphyrius
3426 3359 3488 3423 in
3514 3361 3793 3424 Sentent.
3828 3359 4016 3423 XXI
4049 3385 4062 3420 :
4110 3361 4240 3424 οἷον
4260 3364 4377 3443 γὰρ
4403 3362 4576 3441 παίγ-

2895 3467 3024 3529 νιόν
3054 3467 3184 3528 ἐστι
3212 3468 3442 3547 φεῦγον
3467 3467 3548 3531 εἰς
3575 3464 3642 3528 τὸ
3671 3464 3752 3543 μὴ
3782 3466 3875 3527 ὄν.
3922 3464 4095 3547 ἡγὰρ
4125 3464 4287 3546 φυγὴ
4308 3464 4378 3529 οὗ
4396 3466 4580 3551 τόπῳ,

2895 3570 3058 3632 ἀλλὰ
3078 3571 3148 3647 τῇ
3167 3569 3231 3631 ἐκ
3252 3572 3357 3630 τοῦ
3378 3569 3550 3634 ὄντος
3577 3567 3922 3649 ἀπολείψει.
3954 3568 4094 3631 ὅθεν
4114 3567 4208 3631 καὶ
4229 3570 4306 3631 τὸ.
4334 3570 4401 3631 ἐν
4428 3568 4580 3653 αὐτῷ

2896 3674 3112 3735 εἴδωλα
3142 3670 3308 3734 ἔστιν
3332 3672 3398 3734 ἐν
3429 3672 3651 3755 εἴδωλῳ
3673 3671 3920 3751 χείρονι,
3953 3671 4155 3751 ὥσπερ
4186 3672 4253 3734 ἐν
4285 3672 4582 3755 κατόπτρῳ

2895 3774 2961 3837 τὸ
2984 3775 3259 3857 ἀλλαχοῦ
3285 3771 3610 3855 ἱδρυμένον,
3637 3774 3913 3856 ἀλλαχοῦ
3939 3774 4400 3854 φανταζόμενον.

2982 3900 3043 3962 p.
3076 3895 3227 3962 579,
3254 3897 3318 3960 3.
3365 3874 3743 3955 αἰτιωμένους
3786 3879 3886 3954 τῆς
3925 3874 4282 3957 φαντάσεως
4322 3876 4430 3954 τὴν
4467 3881 4582 3940 τῶν

2898 3982 3087 4044 ὄντων
3124 3979 3505 4064 ὑπόστασιν]
3562 3976 3803 4065 Taylor
3847 3978 4138 4041 Ficinum
4168 3995 4419 4042 secutus
4449 4001 4579 4043 ver-

2898 4083 3013 4148 tit:
3063 4090 3107 4122 “
3150 4084 3285 4147 The
3327 4104 3513 4147 cause
3554 4085 3642 4168 of
3667 4082 3793 4158 this
3833 4103 4250 4169 appearance,
4289 4083 4579 4161 emme,

2897 4196 3064 4250 must
3080 4187 3149 4250 be
3170 4187 3455 4250 ascribed
3467 4195 3527 4250 to
3538 4186 3635 4249 tlae
3655 4185 4012 4272 hypostasis
4025 4185 4393 4272 ofbeings.”
4431 4187 4583 4249 For-

2900 4303 3057 4354 tasse
3099 4305 3307 4354 autem
3356 4288 3486 4352 Fic.
3531 4288 3856 4375 scripserat
3906 4290 4304 4354 substantiae.
4398 4291 4583 4355 Certe

2899 4389 3015 4454 loci
3074 4390 3375 4455 sententia
3424 4390 3557 4455 haec
3614 4407 3741 4455 est:
3793 4392 3959 4455 Cum
4005 4390 4292 4471 dicimus,
4335 4414 4583 4456 causam

2900 4493 3261 4558 substantioe
3303 4517 3510 4559 rerum
3549 4500 3686 4578 (cur
3727 4518 3826 4558 res
3871 4495 4239 4579 subsistant)
4287 4495 4481 4560 inesse
4521 4495 4582 4561 in

2900 4597 3279 4686 apparentia.
3370 4601 3683 4663 Αἰτιᾶσθαι
3721 4597 4108 4687 philosophis
4149 4598 4395 4686 ipsique
4437 4599 4580 4664 Pla-

2901 4700 3031 4766 toni
3064 4724 3228 4789 saepe
3256 4718 3349 4766 est
3389 4701 3747 4789 simpliciter
3773 4725 4023 4767 causam
4064 4701 4329 4790 alicujus
4357 4705 4445 4767 rei
4472 4703 4582 4768 ali-

2899 4805 3060 4891 quid
3116 4828 3369 4893 ponere,
3407 4805 3590 4870 alicui
3634 4806 3872 4893 aliquid
3913 4806 4210 4886 tribuere,
4251 4807 4584 4894 praedicare

2899 4906 3136 4994 aliquid
3182 4906 3263 4971 de
3306 4905 3539 4994 aliquo.
3615 4908 3759 4974 Vid.
3801 4907 4097 4973 Valcken.
4142 4909 4224 4973 ad
4278 4910 4581 4975 Herodot-

2902 5011 3022 5073 VI.
3062 5028 3203 5094 115.
3269 5008 3604 5076 Heindorf.
3658 5010 3739 5075 ad
3795 5010 4044 5075 Platon.
4094 5012 4293 5095 Gorg.
4344 5033 4405 5096 p.
4443 5032 4583 5097 194.

2902 5112 3038 5176 Ast.
3074 5114 3316 5177 Comm.
3349 5112 3412 5176 in
3450 5113 3679 5200 Remp.
3713 5137 3776 5201 p.
3812 5116 3960 5199 613.
4027 5115 4163 5179 Vox
4191 5129 4399 5179 autem
4432 5115 4583 5198 φόν-

2903 5239 3090 5289 τασις,
3135 5238 3279 5303 quae
3322 5215 3486 5281 infra
3528 5240 3592 5304 p.
3636 5236 3785 5303 319.
3834 5218 3922 5281 D.
3966 5217 4249 5295 recurrit,
4300 5217 4588 5283 addenda

2903 5333 2996 5381 est
3025 5317 3297 5383 LexiciS.
3390 5322 3707 5385 Caeterum
3735 5320 3819 5385 ad
3848 5320 3964 5386 loci
3993 5321 4184 5385 nostri
4223 5321 4586 5387 sententiam

2902 5420 3257 5487 adhibenda
3284 5437 3451 5502 sunt,
3482 5447 3628 5511 quae
3658 5447 3845 5513 supra
3868 5425 3948 5489 ad
3979 5448 4044 5512 p.
4068 5443 4216 5511 312.
4254 5426 4328 5490 Β.
4364 5425 4425 5489 in
4446 5428 4585 5490 An-

2907 5524 3220 5590 notatione
3247 5525 3444 5613 posui.
