5118 6613
1099 513 1217 596 198

1098 684 1445 750 Stoicorum
1491 681 1768 770 ejusdem
1802 678 1976 746 verbi
2009 702 2197 746 usum
2226 702 2288 746 v.
2316 702 2422 769 ap.
2453 679 2631 745 Stob.
2664 680 2791 745 Ec-

1093 786 1261 874 logg.
1294 808 1360 874 p.
1397 803 1535 850 120.

1180 912 1245 975 p.
1273 892 1424 968 644,
1456 906 1553 968 17.
1590 887 1792 967 ὥσπερ
1825 886 1879 949 εἰ
1899 885 2131 974 φωνῆς]
2183 882 2665 949 Similitudinem
2681 905 2789 948 vo-

1095 992 1182 1058 cis
1200 1007 1471 1057 sectatus
1492 1002 1584 1053 est
1603 987 1787 1053 etiam
1809 988 1872 1051 N
1875 987 2013 1052 icol.
2039 986 2474 1053 Methonensis
2495 986 2557 1052 in
2580 984 2787 1052 Procli

1099 1097 1255 1160 Inst.
1288 1092 1512 1159 Theoi.
1544 1115 1595 1155 c.
1632 1109 1737 1176 23.
1768 1114 1832 1177 p.
1862 1110 1969 1176 43.

1180 1220 1246 1286 p.
1277 1200 1426 1280 645,
1461 1197 1518 1259 8.
1565 1193 1851 1281 διέξοδος]
1901 1195 2002 1259 De
2042 1194 2160 1259 hac
2198 1217 2347 1259 voce
2393 1193 2638 1281 egimus
2686 1215 2789 1256 su·

1096 1324 1211 1388 pra
1252 1323 1315 1387 p.
1357 1300 1497 1384 189.
1531 1300 1612 1363 Β.
1665 1296 1841 1361 Add.
1901 1296 2097 1362 Clem.
2146 1295 2325 1364 Alex.
2384 1298 2613 1362 Strom.
2669 1295 2789 1359 IV.

1100 1423 1133 1468 2
1188 1455 1200 1467 .

1137 1424 1268 1556 5-
1297 1525 1360 1589 9.
1406 1507 1681 1587 ἀκριβῶς,
1709 1503 1806 1566 καὶ
1836 1502 1950 1586 οὐχ
1978 1501 2351 1589 ὁλοσχερῶς]
2390 1500 2532 1566 Vid.
2561 1500 2644 1565 de
2670 1500 2790 1565 hoc

1097 1631 1215 1673 usu
1250 1607 1415 1671 vocis
1438 1609 1780 1690 ὁλοσχερῶς
1810 1603 2112 1669 Gataker.
2142 1604 2223 1668 ad
2256 1603 2558 1669 Antonin.
2592 1628 2657 1691 p.
2692 1623 2787 1668 11.

1094 1711 1206 1798 qui
1235 1710 1398 1775 idem
1427 1708 1510 1774 ad
1541 1732 1601 1771 V.
1633 1710 2036 1791 ἆδιαρθρῶτως
2063 1706 2477 1772 conferendus
2507 1731 2569 1795 p.
2607 1708 2713 1791 83.

1178 1851 1267 1862 —
1300 1834 1396 1878 11.
1447 1813 1540 1877 καὶ
1568 1812 1722 1895 ἀρχὴ
1748 1812 1922 1900 ζωῆς]
1970 1812 2076 1876 Ex
2118 1809 2456 1876 Platonicis
2488 1809 2625 1874 haec
2651 1810 2788 1875 fon-

1093 1916 1266 1982 tibus
1293 1914 1505 1980 ducta.
1554 1912 1697 1978 vid.
1732 1913 1973 2001 Cratyl.
2003 1937 2067 2001 p.
2096 1916 2246 1999 396.
2284 1912 2502 2001 Steph.
2538 1912 2788 1978 Phileb.

1093 2044 1159 2107 p.
1212 2021 1312 2083 26.
1344 2042 1437 2105 sq.
1507 2017 1693 2081 Conf.
1750 2017 1952 2082 Clem.
2000 2015 2187 2081 Alex.
2241 2015 2378 2081 Vol.
2425 2018 2482 2081 Ι.
2529 2038 2596 2104 p.
2639 2015 2786 2100 638.

1094 2123 1337 2187 Potter.

1177 2248 1240 2312 p.
1274 2227 1423 2305 646,
1463 2245 1487 2287 ι
1496 2242 1558 2309 5.
1607 2223 1950 2306 ἀφήσουσιν
1979 2224 2172 2288 αὐτῶν
2210 2226 2285 2287 τᾶ
2321 2223 2610 2308 ῥεύματα]
2665 2222 2788 2286 Vo-

1092 2351 1223 2392 cem
1254 2326 1516 2411 ῥεύματοι
1547 2349 1668 2390 non
1701 2344 1866 2391 recte
1895 2325 2200 2391 intellexit
2227 2325 2365 2390 Fic.
2410 2326 2639 2389 Veram
2671 2324 2791 2412 sig-

1092 2429 1501 2496 nificationem
1548 2427 1802 2493 exhibet
1842 2426 2221 2492 Ammonius
2265 2448 2311 2490 S.
2343 2449 2403 2492 v.
2436 2429 2693 2508 ῥεῖθρον.
2726 2450 2787 2514 p.

1098 2552 1237 2599 122.
1332 2531 1544 2619 Igitur
1571 2529 1970 2595 correximus.

1176 2675 1263 2686 —-
1297 2657 1396 2719 17.
1443 2637 1572 2700 οἷον
1611 2638 1676 2699 ἐν
1717 2637 1842 2718 ῥίζῃ
1884 2634 2215 2719 ἱδρυμένης]
2267 2632 2511 2698 Eadem
2541 2656 2789 2721 compa-

1089 2741 1328 2805 ratione
1359 2739 1559 2803 utitur
1585 2752 1792 2801 noster
1820 2737 2004 2801 etiam
2038 2739 2209 2801 Enn.
2233 2736 2372 2800 111.
2403 2755 2467 2822 3.
2495 2756 2553 2818 7.
2627 2736 2787 2800 Inde

1090 2841 1328 2905 correxi
1373 2840 1438 2903 in
1489 2862 1659 2926 seqq.
1714 2840 1909 2918 ἔμεινε
1953 2841 2017 2903 δὲ
2070 2839 2215 2918 αὐτὴ
2251 2861 2367 2925 pro
2416 2841 2579 2919 αὕτη.
2671 2837 2788 2902 1110

1090 2966 1240 3007 vero
1267 2942 1406 3007 loco
1436 2966 1513 3006 ex
1555 2956 1787 3018 nostro,
1820 2940 1920 3005 vel
1951 2941 2080 3005 sine
2115 2939 2313 3020 libris,
2345 2940 2786 3029 corrigendum

1091 3044 1311 3110 fuisset
1337 3046 1631 3125 μενούσης
1660 3067 1776 3130 pro
1807 3045 2077 3124 ἐνούσης.
2127 3044 2271 3109 Vid.
2301 3067 2447 3132 quae
2475 3044 2563 3108 ibi
2598 3067 2788 3109 anno-

1093 3146 1363 3212 tavimus
1390 3169 1453 3233 p.
1489 3165 1634 3230 277.
1665 3147 1747 3211 Β.
1775 3148 1852 3210 C.
1882 3161 1945 3211 et
1984 3145 2150 3212 infra
2180 3148 2301 3211 IV.
2328 3167 2390 3233 3.
2420 3168 2484 3227 4.
2537 3170 2602 3234 p.
2637 3165 2783 3234 375.

1095 3252 1172 3316 Β.
1206 3265 1270 3315 et
1297 3263 1533 3315 annott.
1565 3248 1648 3315 ad
1677 3272 1742 3377 p.
1777 3269 1925 3336 390.
1958 3272 2014 3314 c.
2049 3265 2150 3336 25.
2186 3251 2271 3315 A.

1178 3379 1244 3442 p.
1274 3355 1424 3438 647,
1454 3373 1520 3435 4.
1568 3353 1600 3416 ὃ
1629 3354 1709 3433 μὴ
1740 3356 1965 3433 πλῆθος
1990 3353 2116 3439 ἣν]
2169 3354 2482 3417 ΒτιισΙιτεν.
2513 3353 2580 3417 in
2613 3353 2786 3419 Hist.

1095 3457 1253 3523 Crit.
1286 3455 1523 3522 Philos.
1554 3457 1653 3522 II.
1684 3479 1745 3543 p.
1777 3475 1927 3542 395.
1960 3479 2038 3520 ex
2062 3455 2381 3520 hocloco
2366 3470 2489 3519 1ta:
2540 3455 2788 3520 “Prin-

1087 3560 1323 3649 cipium
1349 3559 1626 3625 omnium
1670 3582 1798 3623 non
1827 3576 1922 3624 est
1958 3559 2186 3639 omnia,
2218 3558 2328 3624 sed
2357 3581 2546 3646 super
2574 3559 2783 3627 omnia

2077 506 2921 574 ANNOTATIONES
2969 508 3080 573 IN
3128 508 3566 576 PLOTINI

2875 703 3025 746 voce
3054 680 3186 746 θέα.
3279 684 3425 747 Hac
3470 679 3773 747 sententia
3809 679 4025 746 eodem
4050 680 4355 747 vocabulo
4383 695 4572 747 utun-

2876 799 2982 851 tur
3010 782 3195 850 Plato
3222 784 3287 849 in
3324 785 3657 851 Theaeteto
3698 798 3762 849 et
3801 783 3988 850 Philo
4026 785 4073 848 J
4075 784 4321 864 udaeuS,
4352 807 4572 872 quam-

2875 909 3066 974 quam
3123 885 3227 951 ille
3269 885 3448 952 addit
3504 894 3623 952 τῶν
3679 886 3977 967 ὀμμάτων,
4028 886 4132 951 hic
4188 891 4290 967 τῆς
4344 890 4566 969 ὄψεως.

2877 988 3074 1055 Plane
3102 1004 3176 1054 ut
3199 989 3263 1054 h.
3288 989 3332 1054 l.
3362 989 3523 1055 redit
3551 989 3723 1077 apud
3754 1004 4037 1054 nostrum
4057 992 4244 1055 Eun.
4269 992 4348 1055 V.
4380 991 4441 1054 8.
4471 1009 4565 1053 10.

2960 1130 3047 1141 —
3078 1112 3138 1158 2.
3182 1091 3305 1173 μετ’
3338 1092 3479 1157 αὐτὸ
3515 1091 3585 1157 δι’
3632 1091 3774 1157 αὐτὸ
3822 1092 4018 1176 οὖσιν]
4070 1090 4439 1179 Legendum
4480 1091 4569 1154 vi-

2881 1194 3067 1259 detur
3098 1192 3168 1259 δι’
3201 1194 3397 1259 αὐτοῦ.

2958 1334 3048 1346 -
3068 1314 3132 1382 5.
3155 1295 3316 1377 αὝλη
3339 1299 3402 1360 δὲ
3435 1298 3503 1361 ἐν
3526 1297 3779 1382 νοητοῖς]
3833 1298 4000 1362 Ante
4025 1295 4160 1362 baec
4184 1295 4418 1361 excidit
4440 1296 4567 1360 for-

2876 1413 3036 1464 tasse
3063 1422 3209 1487 pars
3237 1399 3573 1476 enunciati,
3604 1422 3734 1486 quo
3761 1400 3875 1480 μὲν
3903 1399 4344 1477 contineretur,
4375 1400 4576 1485 quod-

2874 1524 3000 1588 que
3027 1500 3109 1565 ad
3160 1501 3313 1569 εἶδος
3362 1505 3469 1566 νοῦ
3506 1500 4375 1589 pertineret.—Similitudine
4412 1524 4452 1566 a
4478 1501 4571 1564 vi-

2873 1603 3084 1669 dendo
3111 1603 3301 1669 ducta
3344 1602 3614 1690 explicat
3654 1602 3942 1669 Plotinus
3989 1619 4274 1668 naturam
4320 1608 4426 1667 τοῦ
4468 1608 4572 1668 νοῦ

2874 1705 3090 1771 eodem
3116 1706 3306 1770 modo
3335 1707 3503 1770 Eun.
3531 1706 3610 1770 V.
3645 1725 3715 1791 3.
3738 1726 3801 1790 5.
3837 1728 3898 1792 p.
3917 1725 4067 1790 500.
4117 1710 4277 1773 Νοῦς
4306 1708 4415 1790 ὁρᾷ
4435 1706 4567 1793 jam

2874 1821 3007 1873 erat
3080 1808 3385 1873 sententia
3443 1808 3826 1896 Epicharmi.
3893 1810 3967 1873 V.
4018 1808 4235 1874 DaviS.
4295 1809 4374 1874 ad
4436 1810 4570 1875 Cic.

2879 1913 3111 1976 Tusce.
3143 1912 3194 1976 1.
3223 1930 3326 1976 20.
3359 1912 3613 1976 Jacobs.
3640 1912 3719 1977 ad
3754 1912 3986 2000 Eurip.
4009 1912 4238 1978 Helen.
4267 1912 4571 1978 Animad-

2879 2037 3066 2079 verss.
3100 2038 3154 2079 c.
3189 2015 3280 2078 X.
3300 2037 3362 2101 p.
3390 2014 3927 2102 139.—Disputat
3955 2015 4035 2080 de
4055 2015 4154 2081 his
4179 2015 4570 2080 Ticdemann

2878 2117 2940 2180 in
2987 2116 3146 2181 libro
3193 2119 3368 2182 Geist
3410 2118 3525 2182 der
3560 2118 3804 2206 spekul.
3850 2118 4085 2182 Philos.
4135 2118 4277 2181 111.
4322 2141 4389 2205 p.
4418 2121 4566 2206 381.

2880 2244 2973 2307 sq.
3052 2222 3433 2307 Congruunt
3483 2235 3690 2285 autem
3740 2219 3877 2284 haec
3927 2220 4283 2285 Plotiniana
4326 2221 4572 2287 decreta

2876 2347 3018 2388 cum
3071 2323 3334 2388 decretis
3388 2325 3854 2401 Unitariorum,
3902 2345 4063 2410 quos
4105 2322 4346 2394 dicunt,
4407 2324 4566 2389 inter

2881 2426 3085 2492 Indiae
3112 2426 3536 2515 philosophos,
3564 2425 3682 2490 hoc
3710 2441 3804 2492 est
3842 2449 4081 2505 eorum,
4111 2427 4224 2513 qui
4268 2426 4332 2491 in
4365 2430 4575 2494 Meta-

2875 2531 3150 2619 physicis
3206 2553 3330 2595 non
3391 2529 3734 2595 admittunt
3794 2530 4169 2619 principium
4228 2555 4565 2612 summum,

2876 2633 3051 2720 quod
3094 2633 3329 2722 duplex
3373 2633 3472 2712 sit,
3514 2633 3577 2697 in
3623 2632 3841 2699 ethicis
3884 2648 4092 2698 autem
4140 2658 4345 2722 neque
4374 2635 4564 2700 amori

2871 2758 3077 2823 neque
3104 2735 3274 2814 odio,
3304 2758 3417 2801 nec
3451 2735 3684 2823 gaudio
3727 2758 3840 2801 nec
3883 2735 4083 2802 dolori
4124 2738 4400 2819 obnoxii,
4443 2761 4568 2804 non

2873 2840 3150 2927 duplices
3186 2855 3352 2916 sunt,
3384 2862 3496 2904 nec
3536 2842 3611 2904 in
3653 2840 4010 2928 duplicibus
4050 2844 4328 2917 versati3
4377 2868 4565 2931 quam

2874 2942 3176 3007 unitatem
3213 2942 3479 3030 primam
3511 2942 3806 3008 virtutem
3850 2944 4128 3007 omnium
4174 2945 4353 3032 ponit
4393 2948 4566 3012 Rha-

2863 3046 3118 3132 gavad-
3127 3046 3298 3110 Gita.
3372 3045 3512 3110 Vid.
3545 3047 3808 3134 Eugm.
3863 3047 4191 3134 Barnous
4241 3066 4450 3115 annot.
4501 3051 4562 3116 in

2872 3147 3049 3210 Abel·
3054 3148 3360 3213 Remusat
3395 3147 3735 3236 Melange-9
3778 3148 4141 3235 Asiatiques
4186 3152 4378 3216 Tom.
4414 3154 4467 3217 1.
4499 3177 4560 3241 p.

2871 3268 3047 3402 451·-
3080 3373 3179 3419 12.
3229 3354 3651 3437 Φθεγξάμενος
3677 3356 3783 3420 οὖν
3816 3384 3870 3421 κ.
3889 3381 3944 3420 τ.
3968 3364 4031 3421 λ.
4038 3357 4065 3445 ]
4094 3356 4194 3422 Cf.
4228 3360 4466 3424 Annot.
4485 3360 4562 3425 ad

2876 3455 3083 3521 Procli
3116 3457 3277 3522 Inst.
3314 3456 3546 3522 Theol.
3577 3481 3629 3522 c.
3664 3458 3722 3522 8.
3756 3482 3818 3546 p.
3857 3460 3951 3523 16.

2956 3596 3045 3608 —
3079 3561 3158 3624 16
3164 3610 3177 3624 .
3227 3561 3602 3650 ἆγαθοειδὲς]
3654 3561 4047 3626 Vocabulum
4068 3565 4435 3646 ἆγαθσειδὴς,
4460 3566 4567 3632 ad..

1089 3678 1154 3729 et.
1188 3678 1462 3753 potestas
1502 3664 1805 3744 omnium,
1835 3686 1981 3751 quae
2018 3663 2273 3751 quidem
2314 3662 2430 3727 nisi
2460 3675 2640 3742 esset,
2671 3685 2777 3726 ne·
2857 3662 3155 3749 junctum
3185 3666 3268 3749 τῷ
3301 3668 3403 3749 νῷ,
3438 3662 3835 3728 Platonicum
3872 3677 3986 3743 est,
4018 3663 4097 3729 de
4134 3666 4287 3754 Rep.
4320 3690 4388 3755 p.
4410 3686 4560 3755 509.

1089 3791 1213 3854 que
1241 3785 1447 3833 cetera
1471 3768 1697 3833 forent.
1774 3769 2174 3856 Super—ens
2199 3789 2446 3852 nempe,
2474 3766 2651 3854 quod
2679 3789 2782 3830 ne-

1090 3893 1216 3957 que
1244 3884 1533 3935 movetur
1571 3892 1775 3956 neque
1817 3868 2142 3949 dividitur,
2175 3892 2379 3957 neque
2407 3868 2782 3957 multiplica-

1093 3987 1219 4051 tur,
1249 3972 1394 4037 licet
1418 3971 1627 4035 omnia
1660 3994 1741 4035 ex
1781 3995 1856 4035 eo
1898 3970 2266 4058 prodeant.'’
2353 3972 2605 4038 Deinde
2643 3996 2789 4037 con-

1093 4074 1243 4139 ferri
1260 4074 1449 4162 jubet
1474 4074 1640 4139 locos
1671 4073 1904 4137 Plotini
1949 4075 2023 4138 V.
2064 4097 2118 4140 1.
2146 4088 2207 4157 7.
2237 4099 2303 4163 p.
2335 4075 2486 4160 489.
2522 4076 2599 4140 V.
2636 4094 2697 4141 2.
2730 4097 2784 4140 1.

1092 4200 1155 4263 p.
1184 4197 1332 4262 493.
1368 4178 1485 4241 VI.
1524 4196 1578 4242 2.
1613 4197 1672 4262 9.
1707 4199 1770 4262 p.
1804 4178 1950 4261 603.
2042 4179 2217 4242 Tum
2249 4178 2329 4242 de
2357 4177 2494 4243 loco
2521 4178 2785 4243 Iambli-

1092 4278 1193 4344 chi
1221 4279 1301 4344 de
1341 4282 1642 4367 Mysterr.
1682 4278 1882 4343 VIII.
1917 4299 1973 4343 2.
2008 4301 2070 4365 p.
2113 4282 2256 4363 158.
2307 4281 2611 4368 disputat,
2640 4305 2787 4369 par-

1093 4383 1203 4448 tim
1233 4382 1579 4471 obloquens
1603 4382 1980 4448 Cudwortho
1995 4381 2058 4447 in
2086 4384 2252 4470 Syst.
2275 4383 2477 4449 Intell.
2501 4408 2555 4448 c.
2583 4385 2702 4448 IV.
2735 4398 2783 4466 §-

1090 4488 1197 4572 36.
1246 4510 1309 4573 p.
1344 4503 1704 4572 732—734.
1765 4484 1992 4572 partim
2041 4508 2186 4550 cum
2234 4511 2308 4551 eo
2356 4486 2605 4552 faciens
2681 4488 2784 4552 Cf.

1092 4588 1362 4653 eundem
1382 4589 1781 4652 Bruckerum
1810 4611 1877 4675 p.
1897 4606 2046 4673 403.
2081 4612 2172 4675 sq.

1176 4728 1264 4739 —
1295 4708 1356 4772 7.
1407 4691 1501 4755 καὶ
1532 4690 1801 4773 ἐφ’-εἶς
1831 4691 1863 4754 ὃ
1894 4691 2151 4777 ἀνάξεις]
2205 4692 2367 4755 Haec
2394 4690 2660 4779 glossam
2692 4717 2785 4757 re-

1091 4792 1341 4858 dolent:
1390 4816 1585 4880 quare
1618 4792 1859 4857 uncinis
1893 4792 2149 4869 inclusi;
2201 4793 2356 4858 utin
2388 4817 2558 4881 seqq.
2594 4796 2786 4860 verba

1090 4901 1261 4961 τοῦτο
1291 4899 1357 4962 δὲ
1385 4898 1422 4977 ἡ
1452 4896 1605 4980 ἀρχὴ
1633 4895 1710 4975 με’
1712 4921 1917 4959 νουσα.

1175 5036 1263 5047 -
1297 5018 1399 5064 12.
1444 5001 1539 5063 καὶ
1565 4998 1633 5062 τὸ
1665 4998 1881 5083 τίμιον]
1936 4997 2118 5061 Conf.
2154 4996 2402 5061 Platon.
2434 4996 2681 5064 PolitiC.
2716 5022 2781 5086 p.

1092 5105 1239 5169 286.

1174 5243 1261 5257 —-
1296 5220 1393 5291 15.
1426 5204 1506 5284 μὴ
1535 5206 1725 5277 ὄντος,
1756 5205 1837 5285 μὴ
1866 5204 2091 5278 οὐσίας,
2122 5203 2202 5283 μὴ
2231 5203 2402 5290 ζωῆς]
2452 5201 2780 5267 Platonem

1087 5307 1337 5395 respicit
1366 5305 1444 5372 de
1464 5308 1627 5394 Rep.
1654 5305 1771 5370 VI.
1797 5329 1858 5392 p.
1880 5326 2029 5392 509.
2062 5304 2278 5393 Steph.
2310 5328 2377 5393 p.
2400 5323 2548 5391 320.
2572 5305 2777 5370 Bekk.

1173 5435 1237 5498 p.
1273 5411 1423 5492 648,
1456 5432 1512 5475 1.
1561 5414 1632 5490 τῇ
1661 5410 2012 5498 προσβολῇ]
2059 5408 2352 5497 Explicat
2379 5409 2538 5473 hanc
2566 5432 2781 5473 vocem

1092 5513 1459 5580 Scholiastes
1487 5512 1715 5601 Eurip.
1748 5511 1830 5577 ad
1860 5511 2158 5577 Medeam
2187 5535 2252 5601 p.
2289 5529 2431 5597 271.
2463 5510 2561 5577 ed.
2585 5511 2780 5577 Beck.

2866 3788 2920 3829 a.
2952 3790 3018 3854 p.
3056 3767 3197 3851 236.
3233 3768 3381 3830 Ast.
3432 3767 3622 3832 Conf.
3657 3766 3886 3832 Plotin.
3919 3769 4089 3832 Enn.
4126 3770 4243 3834 VI.
4282 3787 4341 3854 7.
4371 3773 4467 3836 18.

2953 3890 3018 3956 p.
3046 3871 3195 3952 649.
3217 3883 3277 3951 7.
3324 3873 3451 3933 Τοῦ
3478 3870 3547 3949 δὴ
3571 3874 3677 3934 νοῦ
3708 3873 3893 3934 καλοῦ
3920 3871 4116 3955 ὄντος]
4171 3871 4563 3940 Platonicum

2873 3985 3005 4035 est:
3054 3969 3134 4034 de
3167 3972 3326 4059 Rep.
3364 3972 3482 4035 VI.
3512 3993 3576 4058 p.
3610 3973 3761 4056 508.
3797 3972 4016 4060 Steph.
4051 3996 4114 4060 p.
4144 3992 4293 4059 319.
4330 3976 4534 4041 Bekk.

2959 4112 3046 4123 —
3077 4075 3133 4138 8.
3181 4077 3249 4138 ἐν
3279 4076 3432 4157 φωτὶ
3467 4076 3730 4164 καθαρῷ]
3779 4075 4059 4163 Respicit
4109 4077 4438 4144 Platonem
4487 4080 4568 4146 de

2875 4178 3042 4264 Rep.
3076 4178 3167 4241 X.
3197 4200 3260 4264 p.
3292 4178 3438 4241 616.
3477 4179 3572 4242 St.
3607 4178 3768 4244 Coll.
3811 4177 4043 4244 Plotin.
4085 4181 4260 4245 Enn.
4300 4183 4371 4248 V.
4402 4203 4466 4269 3.
4502 4184 4562 4247 8.

2878 4281 2993 4344 IV.
3025 4298 3087 4365 5.
3124 4300 3186 4361 7.
3237 4279 3487 4344 Philon.
3518 4282 3565 4345 J
3570 4280 3681 4345 ud.
3708 4282 3786 4346 de
3817 4280 4063 4347 Victim.
4094 4282 4200 4348 off.
4234 4306 4299 4372 p.
4333 4285 4478 4371 859.

2959 4420 3047 4431 -
3075 4405 3137 4468 9.
3187 4384 3219 4445 ὁ
3279 4382 3460 4450 καλὸς
3504 4384 3675 4451 οὗτος
3729 4385 3971 4469 κόσμος]
4026 4385 4246 4471 Hujus
4290 4387 4564 4476 appella·

2875 4484 3058 4549 tionis
3087 4499 3305 4549 auctor
3332 4484 3522 4549 fuisse
3557 4484 3786 4550 dicitur
3815 4486 4210 4575 Pythagoras
4237 4513 4341 4577 ap.
4372 4492 4563 4580 Diog.

2870 4589 3079 4652 Laert.
3131 4588 3334 4652 VIII.
3394 4587 3695 4652 Photium
3753 4588 4054 4655 Biblioth.
4118 4592 4280 4657 Cod.
4330 4595 4371 4659 6
4371 4608 4568 4681 59.-

2874 4691 3063 4754 Conf.
3112 4688 3356 4755 Platon.
3408 4688 3473 4753 in
3520 4692 3720 4779 Gorg.
3764 4716 3827 4780 p.
3858 4693 4011 4777 508.
4065 4716 4120 4757 a.
4164 4694 4450 4784 inprimis
4498 4699 4566 4763 in

2873 4793 3042 4858 Tim.
3068 4816 3137 4880 p.
3163 4811 3268 4878 29.
3299 4816 3357 4857 a.
3380 4792 3547 4857 unde
3569 4794 3761 4858 nostri
3789 4794 3908 4860 loci
3925 4796 4118 4860 verba
4145 4813 4294 4863 sunt
4320 4798 4563 4868 hausta.

2954 4935 3042 4947 —
3076 4918 3102 4960 1
3123 4918 3175 4961 1.
3206 4897 3335 4978 μηδ’
3367 4899 3646 4983 ἄμετρον]
3698 4896 3945 4963 Platon.
3992 4898 4240 4965 Phileb.
4281 4924 4344 4990 p.
4380 4904 4481 4968 66.
4508 4927 4566 4968 a.

2869 5001 3121 5064 -ἆλλᾶ
3147 5006 3381 5081 πρῶτον
3408 5000 3522 5079 μέν
3548 5027 3629 5081 πη
3667 5002 3802 5084 περὶ
3842 5002 4061 5084 μέτρον
4091 5004 4188 5069 καὶ
4227 5004 4298 5069 τὸ
4325 5006 4566 5089 μέτριον

2870 5103 2967 5167 καὶ
2989 5104 3212 5183 καίριον
3243 5130 3295 5168 κ.
3318 5129 3372 5166 τ.
3394 5111 3459 5167 λ.

2955 5242 3041 5256 -
3075 5225 3173 5272 12.
3224 5206 3723 5293 ΘῲβοΗχοι]
3778 5207 4189 5273 Homericum
4212 5222 4327 5274 est.
4376 5209 4562 5277 Iliad.

2866 5336 2925 5391 y.
2959 5328 3109 5395 342.
3138 5324 3200 5374 et
3231 5309 3479 5398 saepius.

2952 5448 3042 5461 —
3075 5431 3172 5498 13.
3201 5413 3296 5476 καὶ
3319 5414 3497 5478 αὐτοῦ
3515 5413 3844 5494 γενόμενον
3863 5413 3999 5501 ἕνα]
4049 5413 4148 5476 Ne
4173 5411 4319 5500 quis
4349 5436 4559 5480 emen-

2867 5512 3087 5580 datum
3117 5514 3269 5580 velit
3299 5517 3473 5602 αὐτῷ,
3509 5514 3702 5580 verbo
3737 5537 3959 5581 moneo
3996 5515 4181 5581 aliam
4224 5515 4419 5605 hujus
4444 5517 4567 5585 loci
