5118 6613
1394 551 1591 616 Lm.
1635 550 1752 615 vl.
1797 549 2256 618 ENNEAD.
2303 549 2698 617 PRIMAE.
2740 572 2803 639 p.
2836 565 3151 637 97—100.

633 748 695 814 p.
728 744 834 811 99,
860 740 960 807 17.
997 724 1092 789 καὶ
1134 722 1267 792 τοὺς
1308 726 1527 807 λόγους
1573 722 1708 790 τοὺς
1757 722 2000 810 καλούς]
2052 720 2235 788 Plato

553 830 841 917 Sympos.
874 850 941 916 p.
966 846 1112 894 210.
1135 828 1220 891 D.
1242 830 1393 908 μετὰ
1420 829 1484 892 δὲ
1513 828 1588 890 τὰ
1608 825 2235 906 ἑπιτηδεύματα,-καὶ

551 936 786 1014 θεωρῶν
841 930 1104 998 πολλοὺς
1162 930 1257 995 καὶ
1316 929 1531 997 καλοὺς
1582 931 1818 1012 λόγους.
1907 926 2236 1016 Expressit

555 1033 876 1099 Lucianus
902 1032 964 1097 in
999 1031 1373 1098 Charidemo
1399 1056 1463 1120 p.
1496 1050 1641 1118 273.
1672 1031 1816 1119 Bip.

640 1134 723 1199 ib.
754 1133 822 1199 τὸ
852 1134 1184 1216 σύμμετρον
1215 1133 1310 1198 καὶ
1339 1132 1428 1199 ἐπ’
1461 1135 1652 1199 αὗτῶν
1680 1134 1975 1219 αἰτιῶντο]
2010 1131 2051 1197 i.
2082 1156 2138 1198 e.
2183 1133 2235 1199 si

555 1259 705 1302 vero
745 1235 928 1301 etiam
975 1235 1074 1299 his
1114 1235 1179 1299 in
1224 1235 1414 1301 rebus
1462 1235 1880 1324 symmetriam
1923 1239 1997 1301 in
2045 1260 2239 1304 causa

556 1360 687 1405 esse
712 1339 1006 1416 dicerent,
1023 1360 1138 1403 cur
1163 1362 1255 1404 eae
1281 1338 1521 1426 pulcrae
1549 1352 1774 1404 essent.
1835 1339 2021 1406 Plato
2048 1340 2238 1407 Phae-

556 1440 704 1506 don.
733 1464 801 1528 p.
832 1443 934 1523 67.
969 1440 1302 1529 Wyttenb.
1349 1439 1487 1504 οὐδέ
1528 1467 1689 1509 τινας
1734 1442 2240 1521 ἑπαιτιόμενονυ-

558 1544 734 1626 ἀέρας
762 1546 826 1609 δὲ
870 1545 1233 1623 αἰτιώμενον,
1263 1541 1377 1607 ubi
1407 1543 1743 1631 Wyttenb.
1771 1543 2010 1609 reddit:
2061 1551 2107 1584 “
2126 1565 2238 1609 ne·

556 1636 679 1738 que'
695 1648 864 1713 ullas
890 1668 1116 1712 caum
1142 1646 1223 1710 ab
1254 1667 1331 1710 ea
1361 1646 1627 1731 (mente)
1656 1648 2244 1734 repetentem—sed

558 1753 636 1818 ab
676 1761 820 1815 ae're
868 1771 1095 1815 cama-9
1136 1749 1511 1814 ducentem?⁹
1556 1749 1659 1815 Cf.
1690 1748 1856 1814 Plat.
1890 1749 2144 1814 Phaedr.
2173 1773 2239 1838 p.

563 1873 705 1940 231.
737 1855 819 1918 B.
852 1873 1001 1939 253.
1035 1853 1180 1919 262.
1211 1853 1295 1917 D.
1332 1868 1479 1935 271.
1523 1865 1587 1916 et
1612 1851 1742 1918 vid.
1779 1852 2131 1931 Hermiam,
2176 1875 2239 1940 p.

566 1958 643 2021 18
646 1971 709 2043 5.
741 1957 873 2021 Ast.
899 1954 1223 2020 Aristotel.
1248 1953 1434 2020 Polit.
1459 1956 1624 2020 VII.
1652 1974 1753 2022 12.
1787 1954 2043 2022 Aristid.
2067 1957 2240 2021 Orat.

564 2058 810 2125 Platon.
844 2059 941 2123 ΙΙ.
970 2080 1034 2146 p.
1067 2076 1206 2140 127.
1239 2057 1432 2123 Jebb.

645 2185 710 2251 p.
741 2180 884 2243 100,
912 2181 970 2226 1.
997 2160 1342 2244 θεωρήματα
1369 2164 1484 2244 γὰρ
1515 2189 1566 2227 κ.
1591 2186 1644 2226 τ.
1670 2162 1767 2250 λ.]
1796 2159 1970 2226 Guil.
1998 2161 2240 2227 Frider.

564 2264 873 2332 Rinckius
900 2287 1076 2329 meus
1102 2262 1500 2352 amplectitur
1517 2262 1840 2329 lectionem
1861 2267 1973 2345 μὲν
1992 2267 2107 2347 γὰρ
2128 2264 2247 2329 hoc

564 2392 780 2436 sensu:
843 2370 1012 2433 Nam
1056 2368 1346 2455 primum
1389 2366 1772 2432 theoremata
1814 2388 1939 2431 non
1988 2382 2249 2454 possunt

564 2496 695 2539 esse
720 2484 1212 2538 commensurata
1239 2470 1400 2535 inter
1428 2492 1529 2544 se;
1562 2470 1785 2535 deinde
1811 2469 1863 2534 si
1890 2469 2031 2556 quis
2059 2469 2247 2549 dicat,

566 2600 643 2642 ea
669 2591 874 2642 tamen
915 2575 1079 2639 inter
1116 2596 1181 2637 se
1218 2572 1591 2638 concordare
1632 2574 1717 2655 (εἰ
1751 2570 1798 2638 δ’
1829 2573 1923 2637 ὅτι
1960 2571 2251 2655 σύμφωνά

569 2683 755 2766 ἐστι.)
815 2677 1001 2758 Quod
1031 2676 1286 2742 Ficinus
1316 2674 1623 2741 reddidit:
1675 2677 1845 2750 Quin
1887 2677 2075 2741 etiam
2106 2677 2251 2759 (γᾶρ

566 2783 665 2850 vel
691 2786 805 2865 μὲν
831 2784 977 2867 γὰρ)
1004 2803 1123 2869 pro
1149 2780 1326 2843 Nam
1355 2802 1403 2844 s.
1434 2779 1734 2843 Etenim:
1778 2791 2028 2865 possent
2054 2778 2121 2842 id
2147 2801 2255 2866 ge-

569 2910 690 2952 nus
732 2897 1020 2951 sexcenta
1061 2882 1261 2948 notari
1303 2881 1367 2945 in
1412 2881 1548 2968 ejus
1577 2880 1693 2944 viri
1728 2880 2253 2969 interpretatione,

569 2991 621 3056 si
646 2989 937 3055 attineret
963 2983 1395 3074 hujuscemodi
1422 2983 1863 3062 notationibus,
1891 3007 2049 3071 quas
2070 3006 2254 3049 nemo

571 3090 782 3182 paullo
807 3089 1107 3157 eruditior
1135 3086 1530 3168 desiderabit,
1550 3086 1662 3151 has
1689 3086 1948 3175 paginas
1975 3109 2249 3152 onerare.

575 3198 971 3284 Quapropter
998 3192 1146 3258 talia
1180 3205 1256 3256 ut
1282 3189 1624 3278 plurimum
1665 3189 1906 3255 silentio
1936 3189 2251 3255 transmit-

574 3317 795 3367 temus.
887 3296 1073 3377 Quod
1121 3318 1269 3360 vero
1318 3294 1483 3360 idem
1532 3292 1854 3358 Mat-silius
1914 3292 2257 3376 θεωρήματα

573 3403 761 3469 vertit
794 3402 1244 3491 speculationes
1277 3396 1467 3462 habet
1500 3419 1574 3460 ea
1608 3396 1674 3460 in
1717 3419 1785 3461 re
1826 3395 2257 3462 assentientem

575 3506 908 3573 Budaeum.
999 3503 1249 3568 Poterat
1277 3512 1487 3568 autem
1516 3499 1616 3563 vel
1649 3500 1859 3587 potius
1888 3498 2177 3580 debebat,
2208 3498 2258 3563 si

576 3609 867 3676 Tullium
895 3606 1069 3695 sequi
1090 3604 1360 3684 volebat,
1380 3611 1714 3692 percepta3
1750 3602 1971 3667 Cicero
1994 3601 2075 3667 de
2097 3602 2259 3667 Fato

575 3737 710 3802 cap.
760 3713 822 3777 6.
867 3710 1078 3776 initio:
1127 3716 1172 3749 “
1188 3709 1496 3794 Per-cepta
1537 3704 1804 3793 appello,
1851 3728 1999 3793 quae
2040 3704 2260 3771 dicunt

579 3817 803 3882 Graece
818 3811 1220 3897 θεωρήματα.”
1252 3810 1394 3875 vid.
1419 3810 1511 3873 H.
1527 3808 1742 3895 steph.
1767 3807 1961 3874 Thes.
1983 3830 2049 3895 Ρ.
2064 3823 2257 3892 4205.

576 3918 674 3985 ed.
709 3916 984 3984 Londin.
1017 3929 1081 3981 et
1107 3912 1320 3979 Bremi
1348 3911 1428 3977 ad
1462 3911 1593 3978 Cic.
1628 3911 1669 3977 l.
1695 3911 1737 3977 l.
1764 3935 1828 4000 p.
1858 3912 1959 3977 26.
1986 3934 2078 3998 sq.
2126 3911 2262 3976 Nos

578 4018 913 4087 Germani:
946 4015 1529 4103 wissmschafiliche
1557 4016 1780 4081 Saetze.
1832 4014 2145 4079 Caeterum
2174 4011 2256 4076 cf.

583 4126 641 4190 Ι.
671 4145 732 4211 3.
764 4144 827 4211 5.
871 4121 1216 4205 θεωρήματα
1254 4117 1434 4203 ψιλά.
1472 4118 1611 4183 III.
1651 4118 1710 4182 8.
1752 4135 1812 4184 2.
1853 4118 2123 4199 θεώρημα
2166 4115 2261 4181 καὶ

581 4229 795 4310 θεωρία
819 4224 955 4310 (ubi
977 4224 1058 4289 de
1080 4224 1196 4288 hac
1217 4220 1554 4311 posteriore
1569 4244 1720 4286 voce
1741 4219 1927 4308 plura
1945 4218 2254 4303 dicentur)

580 4331 703 4397 IV.
733 4350 796 4416 3.
832 4347 891 4394 2.
922 4328 1194 4410 θεώρημα
1223 4323 1540 4405 ἐπιστήμης
1564 4322 1759 4406 μέρος.

661 4467 752 4483 —
774 4451 837 4513 4.
888 4431 996 4511 τὴν
1045 4426 1660 4508 δικαιοσύνην-εἴναι
1712 4425 2006 4511 εὐήθειαν]
2070 4435 2109 4459 “
2140 4425 2263 4488 Est

579 4534 751 4624 apud
802 4531 1050 4599 Platon.
1103 4529 1382 4618 Republ.
1432 4530 1490 4595 Ι.
1537 4552 1602 4618 p.
1649 4529 1798 4611 418.
1833 4530 1916 4594 E.
1968 4530 2059 4615 (p.
2106 4529 2255 4614 348.

582 4637 799 4727 steph.
830 4660 898 4725 p.
932 4636 1035 4722 85.
1069 4633 1308 4720 Bekk.)
1344 4646 1409 4698 et
1447 4631 1816 4698 antecedens
1864 4631 1972 4711 τὴν
2021 4638 2258 4712 σωφρο-

580 4744 769 4823 σύνην
793 4741 1134 4822 ἠλιθιότητα
1162 4735 1370 4804 sivae?
1403 4737 1495 4802 D.
1526 4738 1621 4800 W.
1654 4733 1951 4823 Thucyd.
1983 4734 2123 4798 111.
2149 4733 2257 4798 82:

581 4846 649 4910 τὸ
694 4847 762 4911 δὲ
804 4849 1050 4926 σῶφρον
1091 4842 1405 4924 (ἐνομίσθη
1441 4844 1547 4904 τοῦ
1588 4837 1879 4920 ἀνάνδρου
1920 4838 2256 4920 πρόσχημα.

578 4945 871 5034 Xenoph.
914 4943 1127 5011 Anab.
1163 4945 1261 5009 II.
1295 4946 1355 5009 6.
1397 4961 1500 5009 22.
1546 4941 1615 5007 τὸ
1666 4944 1731 5007 δὲ
1781 4944 2010 5005 ἁπλοῦν
2054 4965 2121 5005 τε
2166 4938 2263 5004 καὶ

581 5052 800 5133 ὀληθὲς
825 5050 1052 5130 ἐνόμιζε
1079 5047 1147 5112 τὸ
1178 5046 1319 5112 αὐτὸ
1346 5050 1426 5132 τῷ
1455 5046 1684 5132 ἠλιθίῳ.
1749 5041 2030 5109 Platonis
2056 5040 2262 5106 locum

578 5167 724 5219 ante
763 5150 979 5217 oculos
1018 5150 1245 5216 habuit
1273 5147 1533 5214 Proclus
1574 5147 1640 5212 in
1668 5145 1975 5213 Timoeum
2013 5168 2077 5234 p.
2109 5165 2257 5231 344.

580 5270 646 5322 et
691 5255 759 5320 in
801 5252 1000 5319 Alcib.
1045 5252 1238 5342 prior.
1270 5271 1374 5338 99.
1406 5274 1471 5340 p.
1504 5268 1653 5337 323.
1703 5249 1814 5315 ubi
1858 5248 2135 5314 omnium
2182 5247 2261 5312 li-

582 5358 840 5424 brorum
864 5354 1090 5422 vitium
1119 5356 1183 5420 οἴ
1219 5363 1375 5439 φασι
1414 5360 1700 5438 γενναῖαν
1729 5355 2014 5434 ἅληθεῖαν
2040 5352 2148 5432 τὴν
2176 5357 2259 5417 δι-

586 5462 902 5542 καιοσύνην
965 5456 1452 5537 emendavimus,
1514 5468 1833 5522 monentes
1902 5454 2262 5542 ponendum

584 5586 714 5630 esse
741 5562 1032 5645 εὐήθειαν.
1122 5560 1306 5628 Adde
1334 5559 1594 5626 similem
1622 5559 1826 5624 locum
1857 5580 2126 5646 eumque
2154 5581 2260 5623 ve-

684 5671 872 5725 VOL.
911 5670 1036 5724 ΙΙΙ.

3909 574 3992 636 41

2316 735 2576 788 nustum
2606 722 2820 788 Basilii
2851 722 3082 811 Magni
3099 720 3341 789 Homil.
3366 721 3434 787 in
3455 724 3683 790 Psalm.
3708 725 3906 844 LXI.
3927 749 3992 815 p.

2316 846 2468 912 301,
2486 828 2567 891 A.
2599 825 2698 891 ed.
2734 825 2932 891 Paris.

2402 966 2491 979 —
2509 944 2573 1015 5.
2623 928 3437 1013 κάλλος-ψυχῆς-κάλλος
3486 930 3920 1012 ἆληθινότερον
3963 930 4002 1012 ἢ

2318 1034 2393 1097 τὰ
2407 1033 2703 1120 πρόσθεν]
2728 1030 3107 1097 Plutarchus
3127 1055 3229 1120 ap.
3255 1031 3430 1097 Stob.
3455 1030 3592 1097 loco
3612 1054 3803 1120 supra
3827 1031 3996 1098 laud.

2319 1148 2382 1199 et
2409 1133 2474 1198 in
2504 1134 2899 1223 Fragmentis
2926 1157 3043 1223 pro
3072 1133 3505 1201 Pulcritudine
3523 1158 3592 1224 p.
3618 1135 3764 1222 857.
3786 1136 3998 1223 wytt.

2320 1235 2500 1302 aliter
2544 1237 2771 1303 sentire
2810 1236 3061 1302 videtur
3094 1236 3398 1302 scribens:
3450 1238 3545 1303 καὶ
3577 1243 3700 1307 πῶς
3741 1238 3814 1303 οὗ
3862 1244 4003 1304 θαυ·

2321 1339 2574 1421 μαστὸν,
2602 1340 2810 1422 λέγειν
2838 1343 2914 1405 τὰ
2941 1344 3042 1420 τῆς
3066 1344 3268 1424 ψυχῆς
3298 1343 3470 1415 καλᾶ,
3503 1344 3579 1406 τὰ
3604 1345 3711 1405 τοῦ
3738 1342 4008 1422 σώματος

2322 1445 2732 1526 ὑπερορῶνταε
2779 1466 2848 1507 re
2877 1465 3024 1508 vera
3059 1465 3187 1508 non
3215 1442 3516 1509 dissentit.
3609 1445 3722 1509 Tu
3751 1443 3880 1509 vid.
3911 1467 4006 1509 se-

2325 1545 2580 1634 quentia
2620 1544 2769 1610 ibid.
2812 1560 2876 1610 et
2910 1570 2973 1633 p.
3018 1546 3056 1611 8
3057 1547 3163 1632 58
3213 1545 3323 1611 ubi
3364 1547 3645 1635 corporis
3681 1547 4005 1634 pulcritu-

2325 1649 2534 1713 dmem
2565 1647 2715 1713 dicit
2740 1670 2898 1736 opus
2924 1670 3053 1714 esse
3080 1651 3282 1713 animi
3301 1651 3737 1738 gratificam&
3761 1651 4010 1737 corpori

2324 1753 2678 1840 <patientem
2696 1752 3155 1839 pulcritudinis
3184 1751 3484 1840 additque
3510 1751 3679 1818 haec.
3716 1751 4008 1839 “Atqui,

2326 1868 2401 1919 ut
2428 1853 2583 1933 dixi,
2605 1853 2870 1942 pulchra
2894 1877 2994 1920 res
3013 1854 3209 1935 nulla,
3228 1854 3345 1920 nisi
3364 1878 3512 1943 quoe
3538 1855 3814 1944 corporis
3841 1869 4008 1935 sunt,

2325 1956 2743 2045 periculorum
2782 1971 2877 2022 est
2911 1980 3143 2023 caussa.
3235 1960 3403 2023 Nam
3436 1957 3626 2023 animi
3653 1958 4008 2046 pulchritu-

2327 2059 2504 2125 dines
2531 2059 2715 2125 simul
2744 2083 2917 2149 spem
2945 2059 3160 2126 salutis
3188 2060 3563 2126 continent.''
3594 2063 3704 2126 &c.

2413 2199 2503 2214 —
2530 2179 2591 2246 7.
2626 2164 2761 2227 οὔτε
2789 2164 2865 2231 ὥς
2890 2161 3113 2246 μεγέθη
3140 2164 3277 2228 οὔτε
3304 2165 3379 2231 ὣς
3408 2163 3650 2246 ἀριθμὸς
3678 2163 4005 2246 σύμμετρα]

2334 2263 2458 2329 His
2484 2263 2690 2330 verbis
2725 2276 3072 2352 tanguntur
3110 2265 3339 2330 iterum
3385 2265 3596 2344 Stoici,
3626 2264 3737 2352 qui
3786 2267 4014 2331 virtuti

2330 2389 2623 2432 numeros
2650 2367 3063 2454 assignabant.
3157 2366 3300 2432 Vid.
3329 2368 3521 2454 Diog.
3554 2369 3765 2432 Laert.
3798 2368 3861 2432 in
3895 2369 4014 2432 Ze-

2334 2493 2493 2535 none
2523 2470 2685 2535 VII.
2719 2491 2823 2554 99.
2850 2488 2991 2535 100.
3044 2469 3317 2557 indeque
3370 2470 3547 2535 Suid.
3597 2471 3694 2534 II.
3748 2493 3812 2558 p.
3863 2488 4008 2556 233.

2338 2575 2525 2638 Kust.
2549 2597 2566 2637 t
2616 2573 2803 2638 καλὸν
2833 2575 2897 2638 δὲ
2924 2571 3177 2655 λέγουσι
3207 2573 3460 2659 (Stoici)
3492 2573 3560 2638 τὸ
3599 2572 3834 2639 τέλειον
3863 2575 4011 2656 ἀγα-

2337 2676 2465 2750 θὸν,
2515 2679 2677 2758 παρὰ
2731 2677 2800 2740 τὸ
2850 2675 3075 2744 πάντας
3126 2676 3376 2760 ἀπέχειν
3425 2674 3626 2762 (quod
3675 2675 4014 2761 contineat)

2338 2778 2473 2846 τοὺς
2503 2778 2982 2859 ἐπιζητουμένους
3006 2778 3282 2861 ἀριθμοὺς
3304 2778 3419 2843 ὑπὸ
3455 2783 3555 2858 τῆς
3600 2781 3855 2862 φύσεως,
3884 2776 3923 2858 ἢ
3950 2777 4017 2842 τὸ

2336 2882 2578 2949 τελείως
2605 2882 2970 2963 σύμμετρονε
3006 2879 3116 2945 ubi
3145 2880 3270 2946 vid.
3306 2883 3563 2969 Menag.
3595 2894 3660 2946 et
3682 2879 4015 2969 Wyttenb.

2336 2983 2418 3048 ad
2448 2982 2769 3049 Plutarch.
2801 3007 2867 3071 p.
2901 3002 3047 3065 244.
3080 2997 3144 3048 et
3170 3007 3234 3071 p.
3267 3004 3415 3070 392.

2421 3085 2506 3152 ib.
2539 3088 2836 3152 πλειόνων
2876 3091 3071 3169 μερὸν
3118 3090 3222 3167 τῆς
3257 3091 3459 3170 ψυχῆς
3501 3085 3722 3175 ὄντων]
3767 3087 3874 3153 Ex
3916 3084 4024 3150 de-

2338 3202 2508 3254 creto
2537 3188 2818 3254 Platonis
2862 3188 3142 3255 Galenus
3183 3189 3264 3254 de
3293 3189 3602 3277 Hippocr.
3634 3188 3868 3276 placitt.
3899 3188 4019 3253 VI.

2344 3311 2403 3359 2.
2432 3316 2497 3380 p.
2528 3292 2671 3358 182.
2703 3315 2770 3381 p.
2800 3312 2947 3379 514.
2980 3291 3262 3358 Kiihnii:

2340 3399 2540 3479 ψυχῆς
2568 3398 2752 3478 ὀρθῶς
2780 3397 2855 3461 ἄν
2884 3421 2970 3464 τις
2997 3395 3271 3476 ὀνομάζοι
3308 3396 3376 3461 τὸ
3422 3395 3787 3479 λογιστικὸν,
3820 3395 3914 3459 καὶ
3956 3395 4024 3459 τὸ

2343 3500 2663 3578 θυμοειδὲς,
2695 3499 2791 3563 καὶ
2817 3498 2885 3563 τὸ
2917 3500 3346 3579 ἐπιθυμητικόν.
3396 3498 3501 3563 Cf.
3537 3497 3669 3563 Cic.
3701 3499 3932 3563 Tusce.
3963 3498 4019 3562 I.

2349 3621 2449 3666 10.
2500 3600 2806 3666 Academ.
2841 3602 2939 3666 ΙΙ.
2966 3621 3075 3687 39.
3102 3600 3185 3665 ib.
3238 3600 3455 3666 Davis.
3495 3600 3658 3665 adde
3702 3598 4021 3664 Plotinum

2342 3702 2547 3790 ipsum
2576 3704 2710 3787 περὶ
2739 3705 2943 3770 οὐσίας
2969 3708 3169 3787 ψυχῆς
3194 3725 3259 3791 p.
3290 3705 3439 3790 360.
3471 3726 3603 3791 sqq.
3653 3700 3839 3766 Basil.
3871 3703 4027 3767 Por-

2343 3806 2641 3895 phyrium
2694 3828 2795 3894 ap.
2847 3804 3022 3870 Stob.
3067 3805 3331 3894 Eclogg.
3368 3807 3453 3870 T.
3488 3808 3543 3871 1.
3573 3829 3635 3894 p.
3672 3806 3818 3891 834.
3853 3828 4019 3893 sqq.:

2348 3909 2542 3974 Heer.
2610 3908 3024 3974 Iamblichum
3081 3908 3232 3974 ibid.
3293 3932 3357 3997 p.
3412 3909 3558 3994 876.
3616 3907 3911 3974 Proclum
3960 3906 4026 3973 in

2347 4014 2578 4100 Remp.
2623 4035 2688 4100 p.
2734 4029 2883 4096 407.
2931 4011 3198 4077 eundem
3241 4012 3308 4077 in
3346 4011 3480 4079 Alc.
3518 4014 3576 4079 1.
3607 4036 3673 4100 p.
3709 4029 3854 4097 250.
3888 4034 4024 4098 sqq.

2343 4115 2443 4181 ed.
2490 4129 2682 4181 nostr.
2730 4128 2794 4179 et
2835 4114 3193 4203 Olympiod.
3246 4116 3310 4180 in
3355 4115 3542 4182 eund.
3587 4138 3654 4204 p.
3685 4135 3748 4196 4.
3781 4115 3883 4199 65.
3919 4113 4022 4178 81.

2350 4234 2490 4303 172.
2527 4238 2674 4305 203.
2706 4241 2797 4306 sq.
2846 4218 3031 4283 Adde
3062 4218 3438 4307 Krabingeri
3457 4232 3668 4285 annot.
3694 4215 3774 4281 ad
3807 4218 4023 4305 Synes.

2345 4321 2425 4386 de
2456 4322 2684 4409 Regno
2709 4344 2776 4409 p.
2812 4339 2957 4406 203.

2428 4460 2518 4477 —
2546 4424 2606 4489 8.
2638 4421 2675 4504 ἢ
2713 4426 2750 4505 ἦ
2795 4424 3021 4510 κράσις]
3074 4430 3119 4463 “
3138 4424 3321 4489 Cous.
3376 4422 3608 4489 Plotini
3653 4421 3838 4511 Disp.
3894 4423 4031 4505 περὶ

2344 4532 2446 4607 τῆς
2487 4525 2557 4592 δι’
2608 4529 2768 4592 ὅλων
2825 4526 3084 4610 κράσεως
3113 4551 3129 4591 :
3192 4527 3356 4592 Eun.
3415 4527 3515 4591 II.
3576 4541 3636 4609 7.
3700 4548 3763 4613 p.
3820 4525 4029 4607 184—

2353 4630 2494 4714 187.
2572 4629 2814 4694 Divisio
2863 4644 3145 4695 veterum
3194 4628 3276 4694 de
3319 4628 3759 4716 compositione
3806 4651 4026 4716 corpo-

2346 4756 2485 4798 rum
2525 4757 2565 4799 a
2592 4732 2769 4798 nobis
2796 4746 3098 4798 tractatur
3123 4731 3203 4797 ad
3234 4731 3409 4798 Plut.
3437 4733 3607 4797 Mor.
3634 4754 3698 4819 p.
3728 4749 3867 4813 142.
3903 4732 4029 4796 DJ*

2347 4837 2437 4902 D.
2452 4840 2545 4902 W.

2432 4977 2520 4989 —
2541 4959 2602 5026 9.
2653 4944 2758 5005 τοῦ
2805 4937 3390 5029 νοῦ-μονουμένου]
3435 4937 3579 5002 Vid.
3628 4937 3922 5002 Proclum
3963 4937 4027 5004 in

2349 5043 2558 5108 Alcib.
2611 5044 2668 5108 Ι.
2713 5066 2778 5130 p.
2826 5042 2928 5127 76.
2980 5065 3072 5129 sq.
3117 5066 3183 5130 p.
3224 5046 3364 5108 116.
3417 5045 3562 5125 246.
3614 5064 3706 5128 sq.
3753 5055 3818 5106 et
3863 5042 4019 5106 Inst.

2348 5145 2576 5212 Theol.
2609 5169 2673 5235 p.
2710 5147 2855 5232 236.
2888 5168 3023 5232 sqq.
3060 5159 3203 5228 274.

2429 5286 2518 5299 -
2540 5270 2568 5313 1
2581 5267 2637 5314 2.
2675 5249 2771 5313 καὶ
2798 5251 2959 5329 βολῇ
2987 5252 3057 5328 τῇ
3086 5247 3315 5335 πρώτῃ]
3348 5245 3452 5314 Sic
3493 5245 3825 5335 saepissime
3864 5244 4025 5325 βολὴ

2347 5365 2411 5417 et
2450 5353 2660 5432 βολαὶ,
2704 5350 2922 5416 addito
2967 5372 3415 5437 nonnunquam
3458 5352 3806 5434 ὀφθαλμῶν,
3835 5346 4021 5427 ‹imad-

2346 5480 2484 5530 των,
2512 5454 2873 5535 βλέμματος.
2950 5452 3093 5518 Vid.
3131 5452 3363 5540 Spanh.
3394 5452 3477 5518 ad
3510 5449 3747 5517 Julian.
3790 5451 4019 5516 Caesar.

2346 5581 2411 5645 p.
2442 5576 2591 5643 309.
2625 5556 2687 5621 b.
2765 5554 3097 5644 Wyttenb.
3131 5554 3339 5643 Epist.
3374 5554 3529 5622 Crit.
3561 5576 3627 5641 p.
3662 5554 3807 5638 265.
3842 5552 4019 5641 Lips.

2396 5665 2451 5717 G

3318 3293 3413 3358 καὶ
3449 3295 3565 3377 γὰρ
3603 3295 3726 3373 εἴδη
3757 3293 3853 3358 καὶ
3877 3291 4023 3375 μέρη
4139 3353 4146 3360 .
