5118 6613
1137 574 1255 621 122

1128 726 1484 805 madvertit‚
1515 726 1657 792 licet
1687 725 1869 791 valde
1910 725 2187 805 fallatur,
2226 726 2518 815 opinatus
2557 726 2818 792 eandem

1126 855 1257 895 esse
1289 830 1586 895 Numenii
1616 845 1679 894 et
1712 828 1967 906 Plotini,
1996 853 2140 917 quae
2162 830 2682 908 Christianorum,
2714 830 2821 894 tri-

1128 934 1444 999 nitatem.”
1532 932 1916 998 Theodoreti
1959 932 2132 997 locus
2172 933 2261 997 ita
2303 933 2493 999 habet
2525 933 2667 999 Vol.
2701 934 2819 998 IV.

2099 554 2864 622 ANNOTATIONE
2885 556 2928 619 S
2996 555 3101 619 IN
3168 552 3618 619 PLOTINI

2908 726 3150 815 Taylor
3199 726 3503 815 sequitur,
3547 725 3716 791 dicas
3764 722 4017 815 legisse:
4081 726 4591 812 εἴμεν-ἔχοψεν,

2909 830 3034 895 Sed
3063 853 3206 895 cum
3238 830 3449 895 nullus
3477 829 3633 894 liber
3660 830 4057 918 suffragetur,
4090 829 4298 917 potius
4326 830 4594 912 videtur,

2907 933 3040 998 haec
3080 933 3160 998 ad
3207 936 3390 1015 ὁρμᾶς
3425 948 3494 998 et
3522 932 3854 1013 διανοήσεις
3892 932 4143 998 referri:
4189 935 4439 999 etiamsi
4481 936 4600 998 im·

1129 1060 1193 1125 p.
1226 1055 1372 1123 750.
1407 1061 1503 1124 sq.
1534 1036 1635 1101 ed.
1670 1034 2249 1101 Schulz.:—m’›rt‘xa
2273 1038 2474 1101 τοίνυν
2501 1036 2612 1116 τὴν
2645 1035 2817 1101 md-
2900 1046 3086 1124 petus
3136 1046 3197 1102 et
3244 1036 3508 1101 consilia
3552 1035 3945 1101 mediocriter
3989 1037 4197 1124 proba
4249 1038 4406 1101 sint.
4497 1038 4600 1102 Se-

1127 1164 1312 1208 τωνος
1347 1139 1613 1204 διάνοιαν
1655 1140 2140 1207 ἀναπτύσσοντες
2178 1139 2272 1203 καὶ
2305 1141 2339 1203 ὁ
2379 1145 2692 1207 Πλωτῖνος
2728 1139 2825 1203 καὶ

2905 1139 3163 1227 quentia
3190 1139 3413 1204 iterum
3446 1137 3748 1226 expressit
3779 1138 4033 1203 Proclus
4059 1137 4105 1202 l.
4129 1136 4169 1202 l.
4217 1142 4293 1203 Et
4325 1138 4442 1221 γάρ
4472 1141 4599 1204 ἐστι

1128 1245 1167 1306 ὁ
1193 1241 1525 1322 Νουμήνιος
1551 1244 1685 1324 τρία
1713 1242 1906 1324 φασὶν
1935 1241 2115 1306 αὐτὸν
2144 1242 2435 1324 εἰρηκέναι
2452 1243 2826 1326 ὑπερέχοντα
2908 1241 3030 1306 κατ’
3064 1243 3372 1325 ἐνέργειαν
3402 1246 3556 1319 νοῦς,
3589 1242 3686 1305 καὶ
3714 1247 3846 1307 νοεῖ
3871 1242 4081 1306 ἑαυτὸν
4104 1241 4209 1306 οὐκ
4232 1242 4427 1305 ἄλλον
4456 1244 4600 1306 ὄντα

1130 1344 1227 1408 καὶ
1269 1343 1448 1423 ἀΐδια,
1490 1344 1775 1428 τάγαθὸν,
1822 1345 1918 1408 καὶ
1962 1349 2127 1423 νοῦν,
2169 1345 2263 1409 καὶ
2305 1350 2412 1409 τοῦ
2453 1346 2675 1413 παντὸς
2714 1345 2822 1425 τὴν

1128 1448 1356 1532 ψυχὴν,
1407 1446 1480 1512 ὃν
1525 1449 1638 1527 μὲν
1692 1448 1858 1526 ἡμεῖς
1914 1446 2160 1529 Πατέρα
2209 1453 2503 1528 καλοῦμεν
2558 1448 2823 1531 τάγαθὸν

1128 1549 1512 1631 ὀνομάζοντα.
1602 1554 1769 1614 Νοῦν
1812 1552 1897 1623 δὲ,
1944 1549 2016 1614 ὃν
2060 1551 2224 1630 ἡμεῖς
2272 1551 2422 1616 Ύὶὁν
2472 1552 2567 1616 καὶ
2616 1553 2823 1634 Λόγον

1126 1656 1670 1737 προσαγορεύομεν·
1730 1653 1838 1732 τὴν
1884 1654 1949 1716 δὲ
1996 1655 2071 1716 τὰ
2113 1652 2308 1717 πάντα
2356 1655 2683 1738 ψύχουσαν
2727 1653 2823 1717 καὶ

1128 1765 1530 1838 ζωοποιοῦσαν
1559 1760 1826 1839 δύναμιν,
1868 1757 2076 1841 Ψυχὴν
2128 1761 2441 1831 καλοῦντα,
2469 1755 2543 1836 ἣν
2574 1761 2823 1837 Πνεῦμα

1130 1862 1303 1945 ἅγιον
1332 1863 1390 1925 οἱ
1417 1866 1567 1926 θεῖοι
1592 1861 2106 1942 προσαγορεύουσι
2131 1859 2328 1940 λόγοι.
2376 1856 2471 1920 καὶ
2500 1855 2696 1920 πάντα
2733 1859 2818 1930 δέ,

1130 1966 1206 2032 ὦς
1234 1965 1407 2048 ἔφην,
1442 1965 1507 2027 ἐκ
1534 1967 1635 2042 τῆς
1659 1967 1778 2026 τῶν
1803 1960 2107 2043 Ἐβραίων
2146 1962 2516 2043 φιλοσοφίας
2550 1959 2646 2023 καὶ
2684 1962 2817 2023 θεο·

1127 2070 1341 2150 λογίας
1367 2067 1841 2146 σεσύληται-ει
1868 2062 2084 2153 paullo
2111 2077 2286 2151 post:
2337 2063 2432 2127 καὶ
2468 2064 2581 2142 μὲν
2615 2063 2686 2142 δὴ
2725 2062 2822 2126 καὶ

1127 2178 1245 2235 τῶν
1273 2172 1450 2235 θείων
1479 2169 1849 2252 εὐαγγελίων
1877 2168 1979 2231 ὅτε
2022 2168 2414 2251 Πλούταρχος
2451 2167 2547 2230 καὶ
2574 2168 2607 2229 ὁ
2637 2171 2817 2229 mo-

1126 2280 1285 2341 τῖνος
1339 2271 1769 2353 ὖπηκουσάτην.
1860 2269 2102 2337 Eadem
2160 2269 2387 2357 repetit
2430 2267 2536 2333 lib.
2586 2268 2705 2333 VI.
2752 2291 2819 2356 p.

1128 2376 1276 2440 868.
1303 2398 1395 2462 sq.
1435 2374 1536 2439 ubi
1567 2375 1753 2438 etiam
1787 2372 2159 2460 piscatorum
2191 2387 2253 2435 et
2285 2370 2468 2435 Pauli
2496 2369 2823 2457 disciplina

1125 2477 1407 2543 imbutus
1461 2477 1691 2542 dicitur
1749 2474 2052 2541 Plotinus.
2145 2474 2331 2539 Vides
2386 2473 2603 2561 igitur,
2661 2472 2822 2538 sicut

1127 2581 1432 2647 Platonici
1461 2580 1829 2646 recentiores
1861 2578 2149 2643 dicebant
2190 2575 2576 2643 Christianos
2603 2601 2642 2641 a
2672 2576 2817 2641 Pla-

1127 2701 1272 2751 tone
1298 2684 1650 2774 profecisse,
1678 2683 1767 2748 ita
1800 2681 2069 2748 ecclesiae
2107 2682 2325 2745 Patres
2360 2701 2631 2745 asserere
2672 2679 2817 2743 Pla-

1126 2787 1471 2853 tonicorum
1504 2786 1731 2875 placita
1758 2809 1836 2849 ex
1866 2785 2241 2850 Ebraeorum
2282 2780 2677 2870 philosophia
2712 2782 2823 2847 ad-

1127 2914 1348 2977 eoque,
1409 2889 1580 2976 quod
1642 2886 1981 2952 recentiora
2033 2885 2277 2964 attinet,
2336 2908 2413 2949 ex
2475 2883 2822 2971 Evangelio

1128 2991 1676 3079 apostolorumque
1718 2989 1891 3055 libris
1933 3012 2225 3053 manasse.
2315 2990 2457 3067 Qua
2485 2988 2565 3052 de
2598 3011 2666 3052 re
2695 3010 2818 3052 non

1127 3111 1222 3160 est
1263 3094 1434 3182 quod
1479 3094 1907 3182 disputemus;
1955 3115 2068 3156 nec
2111 3088 2308 3178 magis
2352 3089 2414 3155 h.
2441 3089 2484 3155 l.
2516 3105 2817 3178 repetam,

1128 3223 1274 3287 quae
1300 3198 1378 3263 ad
1415 3196 1714 3261 Bruckeri
1744 3194 2104 3260 sententiam
2129 3192 2532 3281 judicandam
2567 3192 2817 3270 faciant,

1131 3318 1350 3391 utpote
1397 3303 1529 3390 jam
1587 3323 1779 3388 supra
1825 3297 2127 3387 explicata
2176 3296 2240 3361 in
2291 3295 2689 3362 annotatione
2737 3295 2819 3363 ad

1128 3407 1321 3493 hujus
1349 3403 1490 3470 libri
1518 3402 1794 3468 titulum.

1212 3533 1278 3598 p.
1308 3528 1459 3595 359,
1492 3528 1588 3572 11.
1619 3511 1742 3588 Τῆς
1767 3532 1833 3572 τε
1868 3508 1985 3589 γὰρ
2020 3506 2341 3589 λεχθείσης
2369 3531 2421 3568 κ.
2443 3530 2496 3568 r.
2516 3503 2619 3586 λ.]
2653 3505 2817 3568 Nam

1127 3613 1299 3702 quod
1328 3612 1593 3678 dicimus
1620 3610 1707 3675 ita
1736 3634 1801 3675 se
1826 3609 2056 3674 habere
2085 3606 2457 3696 principium
2500 3607 2815 3672 universo-

1127 3741 1291 3796 rum,
1337 3742 1411 3782 eo
1453 3739 1638 3780 nemo
1679 3713 1879 3779 ullum
1922 3711 2186 3800 reperiet
2235 3709 2573 3798 simplicius
2618 3732 2821 3797 neque

1128 3821 1449 3888 excelsius.
1541 3817 1783 3906 Taylor
1818 3816 2037 3882 Ficino
2078 3838 2143 3879 se
2184 3812 2487 3902 applicuit
2519 3811 2648 3877 h.l.
2694 3811 2818 3893 Φή-

1131 3952 1308 3991 σουσι
1349 3924 1431 3988 ad
1472 3921 1803 3988 Gnosticos
1845 3918 2262 3996 referendum,
2302 3939 2460 4003 quos
2502 3913 2821 3979 brevitatis

1130 4026 1447 4092 studiosus
1483 4047 1605 4088 non
1637 4022 1914 4087 nominat
1946 4020 2254 4098 Plotinus,
2280 4034 2353 4083 ut
2379 4018 2490 4105 qui
2520 4017 2723 4094 sciret,
2752 4016 2816 4080 in

1128 4128 1314 4195 titulo
1341 4127 1483 4192 libri
1512 4151 1616 4190 eos
1653 4124 2038 4189 nominatum
2077 4122 2149 4186 iri
2181 4145 2220 4186 a
2250 4121 2621 4209 Porphyrio.
2667 4120 2816 4186 Vid.

1129 4245 1342 4298 annot.
1369 4230 1434 4294 in
1463 4230 1656 4316 hujus
1684 4227 1824 4292 libri
1852 4225 2330 4311 inscriptionem.

1182 4336 1399 4421 360‚1.
1421 4334 1645 4412 κίνησις
1665 4334 1729 4396 δὲ
1750 4330 1896 4413 πρὸς
1914 4328 2126 4417 αὐτὸν]
2141 4326 2403 4393 Proclus
2426 4325 2818 4392 Inst.Theol.

1128 4461 1271 4524 cap.
1299 4441 1442 4520 169.
1485 4458 1550 4523 p.
1584 4452 1728 4518 250.
1773 4432 1874 4497 ed.
1915 4446 2109 4496 nostr.
2198 4434 2274 4495 Εἰ
2315 4433 2431 4513 γὰρ
2475 4432 2744 4510 ἀκίνητος
2785 4433 2818 4494 ὁ

1131 4545 1286 4614 νοῦς,
1317 4539 1422 4603 οῦκ
1450 4538 1526 4603 ἂν
1552 4537 1668 4602 ὑπὸ
1695 4539 1918 4622 χρόνου
1949 4540 2241 4617 μετροῖτο,
2273 4535 2409 4599 οὔτε
2448 4535 2596 4597 κατὰ
2633 4532 2701 4596 τὸ
2741 4532 2821 4596 εἶ-

1131 4668 1247 4715 ναι,
1278 4642 1416 4706 οὔτε
1455 4642 1602 4704 κατὰ
1640 4639 1749 4718 τὴν
1791 4637 2118 4720 ἐνέργειαν·
2165 4638 2389 4700 τούτων
2433 4637 2499 4698 δὲ
2543 4635 2822 4703 ὡσαύτως

1130 4746 1413 4828 ἐχόντων,
1447 4743 1542 4806 καὶ
1575 4742 1613 4821 ἡ
1652 4743 1891 4821 δύναμις
1926 4740 2179 4807 αἰώνιος.
2226 4737 2309 4802 cf.
2339 4735 2490 4801 ibid.
2522 4758 2660 4823 cap.
2698 4754 2820 4819 170

1126 4862 1361 4928 --172.

1212 4986 1302 4999 —
1327 4970 1389 5029 4.
1441 4948 1536 5011 καὶ
1575 4949 1692 5030 γὰρ
1737 4948 1790 5009 εἰ
1832 4944 2017 5028 ἄλλο]
2067 4945 2318 5007 Rursus
2362 4941 2507 5005 hinc
2553 4939 2821 5029 profecit

1127 5050 1391 5117 Proclus
1416 5049 1479 5112 in
1515 5050 1675 5113 Inst.
1710 5045 1938 5111 Tlieol.
1968 5069 2023 5110 c.
2057 5047 2197 5110 168.
2227 5068 2293 5133 p.
2329 5046 2471 5127 248.
2513 5049 2648 5112 Πᾶς
2685 5048 2821 5113 νοῦς

1128 5153 1251 5220 κατ’
1298 5152 1606 5235 ἐνέργειαν
1646 5149 1829 5228 οἶδεν,
1860 5151 1952 5214 ὅτι
1996 5154 2141 5227 νοεῖ,
2185 5149 2280 5213 καὶ
2322 5150 2428 5213 οὐκ
2470 5149 2664 5212 ἄλλου
2705 5149 2819 5228 μὲν

1124 5261 1277 5323 ἴδιον
1318 5256 1386 5320 τὸ
1432 5259 1615 5332 νοεῖν,
1660 5255 1853 5318 ἄλλου
1896 5255 1961 5317 δὲ
2003 5252 2071 5317 τὸ
2117 5257 2278 5317 νοεῖν
2320 5252 2413 5316 ὅτι
2456 5257 2602 5315 νοεῖ.
2691 5249 2816 5315 Sed

1126 5374 1325 5425 totum
1358 5372 1549 5444 caput
1577 5354 1843 5422 conferri
1878 5354 2066 5419 debet
2102 5376 2247 5421 cum
2286 5353 2382 5419 his
2422 5352 2656 5418 Plotini
2691 5351 2818 5417 dis·

1124 5476 1383 5550 putatis.

1208 5602 1297 5614 —
1334 5584 1427 5627 11.
1477 5568 1530 5627 εἰ
1587 5558 2203 5646 καὶ-εῖεν-ἔχοιεν]
2261 5558 2575 5639 Ficinum,
2625 5582 2812 5647 quem

2905 1347 3067 1426 παρὰ
3108 1345 3175 1408 τὸ
3222 1346 3565 1425 νοούμενον,
3608 1343 3769 1409 οἶδεν
3813 1345 4025 1410 ἑαυτὸν
4069 1346 4165 1409 καὶ
4207 1346 4319 1428 ὁρᾷ
4364 1346 4595 1409 ἑαυτόν.

2909 1445 3132 1510 Fluxit
3168 1462 3379 1512 autem
3421 1446 3535 1511 hoc
3576 1470 3612 1510 e
3649 1445 4026 1512 nobilissima
4065 1445 4426 1534 Epicharmi
4467 1470 4601 1512 sen-

2909 1549 3139 1614 tentia:
3189 1555 3324 1618 νοῦς
3350 1553 3477 1633 ὁρῇ,
3512 1550 3608 1614 καὶ
3637 1554 3773 1617 νοῦς
3801 1551 4017 1615 ἀκούει·
4065 1548 4262 1614 τᾶλλα
4291 1552 4464 1632 κωφὰ
4507 1552 4603 1614 καὶ

2907 1651 3130 1735 τυφλά,
3162 1675 3201 1716 a
3230 1652 3441 1717 multis
3469 1667 3747 1717 veterum
3793 1650 4117 1717 celebrata.
4209 1651 4370 1716 Vide
4413 1652 4602 1717 modo

2910 1754 3318 1819 Plutarchum
3366 1755 3446 1819 de
3492 1756 3779 1820 Fortuna
3821 1778 3886 1843 p.
3932 1756 4037 1841 98.
4084 1755 4162 1820 Β.
4209 1768 4276 1819 et
4323 1754 4406 1819 ad
4455 1778 4598 1820 eum

2906 1857 3383 1945 Wyttenbachii
3406 1857 3790 1922 Animadvv.
3818 1881 3884 1946 p.
3908 1860 4058 1941 671.
4083 1856 4184 1921 ed.
4207 1858 4417 1922 Oxou.
4449 1858 4597 1923 min.

2904 1973 2967 2024 et
3016 1959 3096 2024 ad
3144 1959 3284 2025 libr.
3338 1960 3419 2025 de
3469 1959 3805 2026 Alexandr.
3863 1962 3965 2024 M.
4019 1962 4303 2026 Fortuna
4353 1986 4417 2048 p.
4456 1981 4598 2047 125.

2906 2061 3099 2127 Adde
3132 2061 3478 2128 Plotiniana
3505 2063 3639 2128 haec
3670 2064 3810 2128 111.
3844 2084 3908 2149 9.
3947 2083 4004 2128 1.
4037 2064 4115 2127 V.
4143 2083 4199 2128 1.
4232 2068 4296 2128 6.
4328 2065 4407 2128 V.
4437 2084 4504 2150 3.
4539 2064 4597 2127 8.

2906 2165 2983 2229 V.
3014 2186 3077 2252 5.
3113 2185 3173 2250 7.
3208 2167 3283 2230 V.
3318 2167 3378 2231 8.
3402 2186 3463 2252 3.
3496 2167 3612 2231 VI.
3646 2168 3707 2230 6.
3733 2183 3834 2249 17.
3866 2167 3985 2231 VI.
4013 2183 4069 2250 7.
4094 2185 4203 2252 35.
4274 2168 4436 2232 Haec
4465 2167 4600 2255 ipsa

2904 2286 3112 2335 autem
3144 2269 3466 2344 sententia,
3499 2273 3532 2334 ὁ
3565 2274 3701 2338 νοῦς
3738 2272 3848 2354 ὁρᾷ
3892 2269 4102 2333 ἑαυτὸν
4137 2268 4401 2334 recurrit
4429 2269 4601 2334 infra

2909 2373 2983 2436 V.
3010 2394 3075 2458 3.
3107 2395 3170 2454 4.
3199 2373 3299 2439 Cf.
3330 2397 3476 2460 quae
3503 2372 3666 2437 infra
3690 2371 3990 2461 leguntur
4018 2395 4082 2460 p.
4112 2390 4256 2453 204.
4292 2372 4371 2435 A.
4431 2375 4598 2438 Cum

2904 2475 3042 2540 loco
3085 2475 3442 2563 Epicharmi
3486 2489 3696 2540 autem
3741 2475 4074 2562 conjuncta
4115 2485 4209 2538 est
4257 2472 4602 2562 disputatio

2908 2578 3187 2644 Platonis
3233 2579 3297 2643 in
3351 2580 3600 2644 Theaet.
3642 2602 3703 2667 p.
3745 2582 3885 2661 184.
3933 2581 4009 2643 C.
4045 2579 4130 2642 D.
4193 2580 4413 2643 Σκόπει
4459 2583 4597 2663 γὰρ,

2905 2684 3212 2765 ἀπόκρισις
3251 2681 3475 2765 ποτέρα
3516 2681 3823 2765 ὀρθοτέρα,
3854 2678 3901 2767 ᾧ
3944 2684 4192 2763 ὁρῶμεν,
4233 2687 4403 2746 τοῦτο
4449 2683 4601 2748 εἶναι

2907 2786 3254 2866 ὀφθαλμοὺς
3282 2786 3378 2849 καὶ
3406 2783 3477 2850 δι’
3508 2786 3576 2850 οὗ
3611 2787 3860 2867 ὁρῶμεν,
3894 2786 3990 2848 καὶ
4027 2782 4072 2870 ᾧ
4113 2786 4422 2864 ἀκούομεν,
4456 2788 4598 2865 ὦτα,

2904 2885 2941 2968 ἢ
2985 2885 3055 2951 δι’
3101 2888 3171 2951 οῦ
3215 2889 3778 2968 &unionem-m&
3818 2887 3898 2968 μὴ
3937 2890 4018 2954 εἷς
4053 2888 4197 2967 μίαν
4239 2892 4372 2954 τινὰ
4414 2889 4598 2964 ἰδέαν,

2909 2992 3027 3054 εἴτε
3054 2991 3281 3073 ψυχὴν,
3314 2993 3432 3055 εἴτε
3464 2990 3497 3054 ὃ
3527 2994 3621 3055 δεῖ
3645 2995 3851 3054 καλεῖν
3878 2989 4075 3054 πάντα
4100 2994 4283 3055 ταῦτα
4316 2994 4602 3070 ξυντείνει

2908 3120 2961 3156 κ.
2980 3118 3036 3155 τ.
3058 3100 3122 3155 λ.
3211 3094 3416 3171 Quam
3460 3092 3865 3179 quaestionem
3910 3106 4271 3178 persecutus
4308 3108 4403 3158 est
4443 3094 4598 3159 Ari-

2906 3194 3153 3259 stoteles
3195 3194 3274 3259 de
3321 3194 3559 3260 Anima
3598 3194 3707 3260 lib.
3757 3195 3899 3260 111.
3945 3218 3999 3260 c.
4046 3215 4099 3258 1.
4147 3209 4210 3260 et
4256 3215 4314 3260 2.
4362 3208 4425 3260 et
4467 3197 4601 3284 ipse

2907 3299 3138 3363 Noster
3163 3298 3327 3363 infra
3354 3322 3417 3387 p.
3441 3300 3593 3385 363.
3623 3300 3705 3365 E.
3738 3298 3821 3363 cf.
3850 3297 4032 3363 etiam
4064 3316 4212 3385 374.
4244 3300 4319 3364 C.
4340 3299 4428 3363 D.
4492 3298 4598 3365 Cf.

2905 3403 3090 3467 etiam
3138 3401 3272 3467 Cic.
3318 3401 3607 3467 Tuscull.
3643 3403 3702 3466 1.
3737 3421 3837 3467 20.
3884 3400 3995 3489 qui
4038 3417 4102 3466 ct
4143 3402 4265 3466 alia
4306 3402 4496 3468 habet
4537 3418 4601 3468 et

2905 3504 3073 3570 haec:
3124 3513 3167 3544 “
3196 3506 3423 3592 Itaque
3466 3528 3630 3591 saepe
3671 3520 3783 3570 aut
3826 3504 4199 3591 cogitatione
4240 3518 4352 3569 aut
4388 3504 4604 3594 aliqua

2905 3609 2969 3673 vi
2999 3608 3198 3674 morbi
3227 3607 3532 3697 impediti,
3556 3608 3787 3696 apertis
3811 3624 4002 3695 atque
4028 3606 4288 3695 integris
4314 3607 4511 3672 oculis
4539 3626 4602 3673 et

2904 3710 3183 3790 auribus,
3215 3734 3328 3776 nec
3358 3711 3665 3790 videmus,
3685 3734 3798 3777 nec
3825 3709 4151 3775 audimus:
4200 3724 4274 3775 ut
4301 3709 4481 3775 facile
4510 3711 4602 3775 in-

2908 3812 3101 3902 telligi
3144 3813 3358 3902 possit,
3403 3814 3679 3878 animum
3728 3829 3792 3878 et
3835 3813 4043 3877 videre
4086 3827 4150 3877 et
4191 3812 4432 3889 audire,
4474 3836 4598 3879 non

2906 3941 3009 3983 eas
3036 3932 3265 4005 partes,
3293 3940 3440 4004 quae
3480 3916 3659 4004 quasi
3694 3917 3981 3981 fenestrae
4019 3915 4144 3980 sint
4180 3916 4408 3990 animi;
4448 3916 4599 4004 qui-

2902 4020 3023 4085 bus
3053 4037 3257 4084 tamen
3299 4019 3525 4084 sentire
3556 4017 3706 4083 nihil
3746 4034 3936 4106 queat
3975 4041 4169 4098 mens,
4199 4018 4314 4082 nisi
4352 4018 4420 4083 id
4454 4034 4604 4107 agat

2903 4137 2966 4187 et
2995 4122 3179 4188 adsit.
3238 4122 3453 4202 Quid?
3501 4121 3670 4209 quod
3703 4121 3916 4186 eadem
3949 4135 4156 4186 mente
4184 4145 4281 4186 res
4308 4121 4598 4187 dissimil-

2903 4224 3081 4289 limas
3106 4224 3713 4312 comprehendimus,
3745 4240 3818 4289 ut
3845 4224 4134 4304 colorem,
4166 4247 4470 4313 saporem,
4502 4250 4601 4291 ca-

2904 4331 3121 4407 lorem,
3153 4330 3430 4407 odorem,
3463 4353 3722 4405 sonum;
3769 4354 3916 4417 quae
3954 4352 4276 4416 nunquam
4319 4330 4602 4419 quinque

2906 4432 3142 4497 nuntiis
3183 4432 3427 4498 animus
3468 4448 3884 4520 cognosceret,
3921 4433 4036 4497 nisi
4079 4435 4160 4498 ad
4202 4456 4345 4497 eum
4391 4435 4603 4499 omnia

2905 4534 3304 4613 referrentur,
3334 4550 3398 4598 et
3425 4534 3476 4598 is
3505 4536 3779 4599 omnium
3799 4535 4001 4622 judex
4031 4535 4198 4599 solus
4224 4537 4440 4600 esset.''
4492 4539 4598 4602 Ex

2904 4635 3119 4701 eodem
3150 4637 3411 4701 fortasse
3439 4637 3612 4701 fonte
3639 4636 3822 4701 duxit
3847 4637 4226 4702 Theodorus
4249 4639 4602 4705 Metochita

2905 4762 3040 4829 cap.
3070 4740 3174 4825 89.
3201 4763 3260 4826 p.
3279 4754 3427 4823 577.
3461 4739 3601 4804 illa:
3647 4743 3753 4808 τὰς
3779 4746 3896 4805 τῶν
3926 4743 4221 4821 αἰσθητῶν
4251 4742 4602 4826 ἀντιλήψεις

2901 4843 3148 4908 -ητολὺ
3174 4841 3438 4923 μάλιστα
3467 4842 3886 4925 συνεισφέρειν
3918 4845 4000 4911 εἰς
4026 4847 4102 4907 τὰ
4137 4849 4245 4908 τοῦ
4281 4844 4416 4913 νοὸς
4457 4849 4599 4911 <te-

2901 4944 3481 5028 βουλευτήρια-καὶ
3504 4946 3696 5009 ἔοικεν
3718 4947 3920 5028 ὥσπερ
3940 4948 4419 5030 ἀγγελιαφόρους
4439 4951 4603 5017 τινὰς

2904 5052 3008 5117 τᾶς
3046 5047 3352 5128 αἰσθήσεις
3388 5049 3425 5129 ἡ
3456 5049 3637 5131 φύσις
3671 5047 3786 5130 πρὸ
3826 5054 3944 5112 τῶν
3983 5053 4174 5131 θυρῶν
4214 5053 4296 5135 τῷ
4340 5054 4600 5131 δεσπότῃ

2904 5155 2986 5236 νῷ
3045 5150 3383 5230 στήσασθαι
3440 5178 3489 5214 κ.
3508 5176 3559 5213 τ.
3579 5159 3639 5214 λ.
3729 5151 3893 5214 Nam
3953 5149 4127 5214 locus
4181 5151 4426 5240 longior
4481 5171 4599 5233 est,

2902 5274 3091 5339 quam
3124 5266 3196 5316 ut
3225 5250 3326 5317 hic
3353 5251 3677 5316 commode
3709 5267 4083 5339 apponatur.
4170 5253 4270 5318 Ad
4312 5256 4603 5342 proxima

2902 5354 3130 5421 adhibe
3161 5353 3367 5419 Procli
3402 5357 3558 5420 Inst.
3594 5354 3824 5420 Theol.
3856 5378 3910 5419 c.
3946 5372 4089 5437 174.
4118 5378 4185 5443 p.
4220 5357 4366 5442 258.
4399 5358 4510 5422 ubi
4538 5375 4602 5423 et

2901 5457 3022 5523 alia
3048 5474 3112 5522 et
3139 5457 3274 5521 haec
3303 5455 3638 5544 leguntur:
3686 5460 3763 5521 Et
3788 5459 3905 5538 γὰρ
3935 5459 4149 5536 νοητόν
4177 5460 4308 5522 ἐστι
4338 5459 4436 5523 καὶ
4466 5465 4602 5529 νοῦς

2901 5560 3136 5635 ταύτὸν,
3167 5561 3264 5624 καὶ
3290 5560 3358 5623 τὸ
3399 5559 3552 5625 εἶναι
3595 5558 3846 5624 ἑκάστου
3873 5562 3942 5638 τῇ
3972 5557 4179 5639 νοήσει
4203 5565 4276 5641 τῇ
4312 5563 4382 5626 ἐν
4412 5565 4600 5651 ἑαυτῷ
