5118 6613
1382 494 1580 557 LIB.
1615 494 1690 557 V.
1738 494 2198 559 ENNEAD.
2249 495 2653 560 SEXTAE.
2698 518 2758 584 p.
2799 515 3237 583 1214—1229.

558 666 731 744 bulo,
764 667 1136 732 observante
1166 664 1477 729 Dorvillio
1518 664 1598 730 ad
1640 665 1968 731 Chariton.
2013 690 2080 754 p.
2110 686 2257 749 424.

559 770 658 835 ed.
693 770 875 857 Lips.
952 768 1221 833 Plurimi
1251 783 1459 832 autem
1505 767 1645 834 libri
1685 768 1879 834 nostri
1910 784 2074 835 recte
2115 793 2257 858 per-

557 872 786 938 sistunt
815 871 877 935 in
907 874 1104 951 ξυνόν.
1151 870 1372 934 Habet
1401 870 1563 935 enim
1595 871 1731 936 haec
1762 872 2064 936 sententia
2090 871 2255 936 colo-

557 999 686 1041 rem
711 973 1026 1063 proverbii
1048 973 1312 1059 antiqui,
1331 987 1393 1038 et
1414 973 1727 1038 Pindarus
1755 973 2048 1062 adjunxit
2070 973 2256 1039 etiam

556 1079 728 1160 ξυνὸν
756 1095 821 1144 et
853 1081 1053 1143 καλόν.
1133 1076 1359 1142 Isthm.
1396 1078 1453 1141 1.
1488 1079 1595 1159 64.
1672 1078 1968 1141 Ceterum
1999 1077 2077 1141 ad
2113 1077 2252 1142 Plo-

555 1183 666 1247 tini
699 1181 1061 1246 sententiam
1106 1179 1319 1244 confer
1351 1179 1620 1244 Socratis
1663 1179 2145 1267 disputationem
2188 1180 2255 1245 in

559 1284 1004 1373 Xenophontis
1030 1282 1427 1348 Memorabb.
1450 1283 1526 1346 de
1554 1285 1865 1347 communi
1894 1292 2095 1347 mente
2120 1286 2255 1348 sive

557 1398 757 1454 mente
793 1388 1037 1466 mundi,
1068 1408 1256 1475 quam
1285 1407 1462 1449 nemo
1490 1387 1660 1450 solus
1696 1387 1818 1450 sibi
1851 1395 2044 1450 totum
2083 1389 2254 1449 arri-

545 1493 788 1579 puerit.
836 1492 895 1554 Ι.
924 1510 988 1573 4.
1022 1491 1210 1554 6—8.
1244 1505 1305 1554 et
1338 1489 1471 1554 Cic.
1505 1488 1585 1552 de
1615 1490 1703 1553 N.
1729 1490 1817 1554 D.
1854 1489 1952 1553 11.
1986 1490 2045 1553 6.
2104 1489 2248 1553 111.

562 1615 591 1658 1
609 1614 658 1657 1.
692 1608 754 1659 et
787 1596 958 1658 Sext.
978 1591 1226 1680 Empir.
1250 1590 1393 1656 adv.
1415 1591 1723 1656 Mathem.
1745 1614 1810 1678 p.
1830 1606 1982 1677 573.
2002 1592 2247 1656 Fabric.

556 1700 616 1762 E
646 1720 777 1785 quo
805 1695 1252 1784 Xenophontis
1297 1695 1432 1759 loco
1470 1693 1736 1759 colorem
1770 1694 1953 1758 etiam
1999 1694 2252 1758 duxisse

556 1800 805 1866 videtur
835 1800 1255 1865 Philostratus
1296 1799 1377 1863 de
1406 1799 1552 1862 Vita
1584 1796 1907 1885 Apollonii
1940 1798 1997 1861 1.
2035 1800 2136 1862 28.
2184 1820 2250 1885 p.

554 1907 659 1989 36.
705 1903 788 1968 cf.
821 1905 907 1969 G.
939 1902 1198 1991 Josephi
1230 1900 1502 1966 Bekkeri
1553 1901 1747 1965 nostri
1795 1900 2062 1987 Specim.
2099 1901 2247 1965 Phi·

557 2006 726 2072 lostr.
761 2030 826 2094 p.
850 2026 956 2091 9¹·

656 2146 744 2158 —
785 2130 851 2190 4.
912 2109 981 2173 ἓν
1029 2107 1457 2191 δεῖ-συνόν]
1516 2108 1834 2171 Intactum
1883 2104 2107 2192 reliqui
2159 2105 2248 2170 lo-

554 2234 698 2276 cum
743 2210 1023 2276 vitiatum
1069 2224 1131 2275 et
1174 2209 1543 2297 conjecturis
1585 2209 1770 2274 etiam
1816 2221 2148 2287 tentatum,
2179 2224 2250 2273 ut

555 2338 774 2402 margo
803 2314 964 2380 Cod.
991 2313 1228 2378 Medic.
1253 2316 1338 2377 A.
1371 2312 1601 2399 arguit.
1694 2311 1873 2376 Libri
1903 2311 2065 2376 enim
2095 2310 2251 2376 nihil

557 2440 933 2507 magnopere
962 2415 1178 2481 auxilii
1208 2431 1528 2504 praestant.

642 2559 730 2572 —
760 2523 823 2585 8.
870 2523 939 2586 ἐν
981 2524 1054 2599 τῇ
1099 2517 1332 2605 συνόδῳ
1376 2519 1473 2582 καὶ
1510 2522 1579 2598 τῆ
1619 2518 1695 2583 ὧς
1734 2518 1965 2597 ἀληθῶς
2007 2517 2251 2583 συνέσει

558 2624 626 2690 τὸ
673 2630 920 2708 φρονεῖν
973 2621 1294 2710 ἐγέννησε]
1364 2618 1646 2706 Attingit
1699 2618 1914 2683 leviter
1961 2618 2249 2683 Plotinus

555 2728 868 2816 duplicem
898 2725 1022 2790 vim
1052 2724 1220 2789 vocis
1250 2727 1511 2803 σύνεσις,
1538 2746 1683 2809 quae
1726 2721 1908 2786 etiam
1955 2724 2244 2809 conjunc-

556 2833 783 2896 tionem
812 2828 1106 2906 declarat,
1135 2842 1205 2891 ut
1236 2827 1461 2914 Odyss.
1487 2854 1535 2890 κ.
1554 2845 1632 2911 5¹
1640 2845 1705 2910 5.
1751 2825 2025 2891 Consule
2051 2826 2251 2912 Apol-

554 2934 702 2998 lonii
730 2934 890 2999 Lex.
925 2935 1122 2996 Hom.
1153 2953 1214 3018 p.
1244 2933 1395 3011 484.
1428 2927 1644 2993 Tollii.
1710 2928 1813 2993 Cf.
1846 2926 2031 2991 etiam
2061 2950 2252 3014 supra

560 3038 702 3101 III.
734 3039 792 3101 6.
832 3055 928 3100 11.
960 3035 1113 3122 ibiq.
1155 3048 1365 3098 annot.
1400 3047 1593 3096 nostr.
1623 3054 1688 3119 p.
1712 3051 1861 3117 313.
1954 3030 2252 3117 Inprimis

557 3155 764 3204 autem
798 3137 1065 3204 tenenda
1103 3150 1196 3201 est
1227 3133 1580 3200 Aristotelis
1623 3133 1963 3221 disputatio
2000 3133 2081 3197 de
2123 3132 2247 3198 dis-

558 3241 812 3308 crimine
832 3242 995 3306 inter
1013 3242 1262 3305 σ-ύνεσιν
1280 3254 1342 3303 et
1361 3236 1654 3321 φρόνησιν
1672 3237 1919 3301 Ethicc.
1940 3238 2001 3300 N
2005 3235 2247 3300 icomm.

561 3348 676 3410 VI.
716 3366 812 3410 11.
860 3343 1029 3409 unde
1070 3342 1204 3407 hoec
1250 3339 1685 3407 tantummodo
1728 3339 1854 3405 huc
1902 3342 2245 3406 transfero:

558 3452 693 3515 οὔτε
721 3453 838 3533 γὰρ
864 3448 999 3530 περὶ
1028 3452 1146 3510 τῶν
1174 3446 1268 3510 ἀεὶ
1295 3446 1485 3509 ὄντων
1514 3444 1607 3507 καὶ
1638 3442 1926 3523 ἀκινήτων
1946 3445 1983 3523 ἡ
2007 3445 2252 3512 σύνεσίς

561 3555 743 3627 ἐστιν,
769 3554 905 3617 οὕτε
931 3550 1067 3631 περὶ
1096 3554 1213 3613 τῶν
1234 3547 1605 3630 γιγνομένων
1628 3548 1891 3610 ὁτουοῦν.
1927 3548 2090 3611 ἀλλὰ
2116 3548 2251 3629 περὶ

558 3658 641 3720 ὧν
669 3654 1027 3737 ἀπορήσειεν
1055 3653 1131 3715 ἄν
1161 3677 1247 3718 τις
1291 3651 1387 3714 καὶ
1428 3650 1849 3729 βουλεύσαιτο.
1896 3645 1985 3712 διὸ
2013 3650 2147 3731 περὶ
2176 3653 2251 3713 τὰ

557 3759 705 3822 αὐτὰ
747 3759 860 3837 μὲν
903 3759 972 3836 τῇ
1017 3753 1309 3837 φρονήσει
1354 3752 1541 3816 ἐστίν.
1598 3750 1702 3813 οὐκ
1751 3750 1878 3813 ἔστι
1924 3753 1990 3814 δὲ
2036 3750 2251 3816 ταύτὸν

559 3861 800 3926 σύνεσις
829 3858 924 3922 καὶ
951 3854 1239 3940 φρόνησις
1269 3884 1322 3920 κ.
1340 3881 1395 3919 τ.
1419 3863 1479 3918 λ.
1522 3853 1605 3917 ad
1635 3875 1822 3939 quem
1865 3851 2067 3917 locum
2098 3877 2245 3918 con-

559 3960 690 4025 sule
747 3960 1164 4035 Eustratium,
1217 3957 1554 4022 Victorium
1615 3969 1678 4019 et
1735 3954 2124 4042 Giphanium
2182 3957 2245 4020 in

562 4066 982 4130 Commentar.
1016 4059 1200 4125 Zellii
1228 4059 1423 4124 nostri
1455 4082 1518 4146 p.
1545 4073 1690 4143 235.
1722 4080 1857 4144 sqq.

642 4203 728 4216 —
762 4182 863 4249 17.
908 4168 981 4230 τὰ
1024 4167 1088 4229 δὲ
1133 4162 1266 4245 παρ’
1300 4163 1479 4227 αὐτοῦ
1523 4164 1795 4234 ἐνταῦθα,
1828 4162 1923 4225 καὶ
1952 4159 2019 4225 τὸ
2054 4160 2241 4245 διδὸν]

561 4270 799 4334 Locum
830 4266 1191 4332 lacunosum
1223 4265 1579 4351 conjectura
1607 4261 1883 4350 explevit
1913 4278 1976 4327 et
2004 4263 2248 4350 plenius

557 4370 745 4436 -vertit
774 4369 1066 4435 Ficinus:
1113 4369 1178 4433 in
1208 4367 1380 4433 libris
1408 4365 1562 4430 nihil
1594 4364 1881 4453 praesidii.

644 4509 729 4525 -
755 4494 855 4555 19.
886 4473 954 4536 οὗ
982 4470 1234 4552 πόμπιος
1260 4472 1298 4551 ἡ
1327 4474 1506 4552 νοερὰ
1533 4468 1720 4553 δόσις]
1761 4470 1864 4535 De
1891 4468 2092 4533 forma
2122 4467 2247 4534 vid.

563 4575 937 4662 Wesseling.
969 4574 1048 4639 ad
1081 4573 1345 4638 Diodor.
1380 4573 1557 4637 XII.
1590 4591 1695 4652 40.
1730 4595 1795 4659 p.
1820 4592 1969 4658 504.
2047 4572 2250 4659 Signi-

559 4679 764 4744 ficatio
791 4694 1024 4757 autem,
1047 4700 1176 4765 qua
1205 4676 1321 4742 h.l.
1341 4698 1462 4741 vox
1492 4674 1814 4762 accipitur,
1830 4674 2252 4762 consignanda

560 4798 651 4848 est
679 4783 744 4847 in
776 4781 1041 4847 Lexicis.

634 4909 696 4975 p.
724 4907 746 4950 1
763 4901 908 4971 225,
926 4905 985 4971 3.
1019 4888 1072 4950 εἷ
1093 4885 1162 4966 δὴ
1186 4886 1282 4950 ἐπὶ
1306 4886 1578 4965 σώματος
1597 4883 1771 4946 οὐδὲν
1796 4883 2003 4970 κ.τ.λ.]
2031 4881 2250 4946 “This

561 4989 616 5053 is
640 4988 911 5054 asserted
940 4989 1025 5076 by
1057 4986 1262 5068 Plato,
1291 4987 1352 5052 in
1386 4987 1492 5051 the
1522 4984 1825 5063 Timaeu3‚
1850 4985 1925 5049 of
1945 4984 2052 5049 the
2078 4984 2249 5073 body

562 5093 634 5157 of
656 5092 761 5157 the
794 5090 1134 5156 universe.''
1185 5091 1450 5179 Taylor.
1519 5087 1697 5152 Idem
1729 5087 1793 5150 in
1824 5111 1994 5174 seqq.
2026 5087 2247 5151 distin-

559 5195 671 5282 gui
702 5194 839 5259 vult
866 5209 1008 5281 post
1037 5191 1229 5267 ἑαυτὸ,
1262 5215 1374 5256 nec
1403 5215 1550 5256 vero
1579 5204 1720 5277 post
1747 5189 2119 5254 ἀδιαστάτου.

673 5334 762 5346 -
811 5314 905 5361 12.
980 5297 1181 5377 ὥσπερ
1240 5295 1353 5380 οὐχ
1413 5298 1663 5377 ὁρῶντες
1724 5297 1845 5357 πᾶν
1903 5292 2141 5373 μάθημα
2168 5328 2247 5342 -

560 5397 1115 5484 στενοχωρουμένας
1143 5424 1195 5461 κ.
1222 5423 1274 5462 τ.
1300 5398 1395 5486 λ.]
1445 5397 1549 5462 Cf.
1579 5418 1770 5483 supra
1797 5393 1875 5459 V.
1908 5414 1970 5478 9.
1995 5398 2055 5460 6.
2089 5410 2153 5459 et
2183 5415 2243 5478 7.

561 5524 623 5589 p.
651 5505 800 5588 560.
867 5500 1062 5567 Adde
1092 5501 1317 5565 AEneae
1349 5498 1562 5565 Gazaei
1595 5497 2012 5586 Theophrast.
2045 5520 2106 5586 p.
2129 5513 2238 5583 51.

3923 505 4051 588 365

2352 666 2603 731 Barth:
2640 670 2709 732 ἑν
2731 670 2795 732 δὲ
2825 674 2952 736 ταῖς
2983 668 3190 737 ἆύλαις
3216 676 3343 738 ταῖς
3370 677 3641 752 λογικοῖς
3664 672 3739 755 (f.
3766 699 3861 738 και
3881 700 3934 739 τ.
3951 679 4045 760 λ.)

2346 769 2578 837 οὐσίαις
2607 772 2676 834 οὐ
2704 773 3072 855 στενοχωρία
3101 770 3169 837 τὸ
3197 779 3442 853 πλῆθος,
3476 776 3544 840 ἓν
3572 773 3688 858 γὰρ
3717 775 3791 840 τὰ
3825 777 4039 842 πάντα.

2348 871 2449 936 Cf.
2481 873 2667 937 etiam
2715 896 2905 962 supra
2947 898 3009 962 p.
3043 895 3192 961 495.
3228 879 3333 941 A:
3381 878 3452 942 οὗ
3495 876 3608 961 γὰρ
3653 886 4043 963 στενοχωρεῖ·

2342 999 2459 1039 ται.

2426 1100 2492 1164 p.
2529 1080 2713 1156 1226,
2743 1099 2810 1165 3.
2858 1078 3264 1145 ἀποδέδεικται
3304 1083 3417 1161 μὲν
3459 1085 3566 1148 οὖν
3606 1085 3715 1166 ἤδη
3756 1091 4038 1170 πολλαχῇ

2342 1206 2453 1244 κ.τ.
2474 1181 2570 1268 λ.]
2620 1180 2724 1246 Cf.
2758 1181 2923 1245 infra
2950 1182 3031 1246 ad
3061 1184 3175 1247 VI.
3206 1203 3265 1264 7.
3291 1205 3399 1265 40.
3430 1209 3491 1273 p.
3512 1205 3662 1272 731.
3687 1190 3767 1252 A.

2410 1320 2495 1333 —
2513 1304 2613 1348 10.
2643 1287 2823 1366 ταύτῃ
2851 1283 2964 1368 γὰρ
2996 1284 3194 1371 ἑτέρᾳ]
3211 1285 3445 1366 Fallor,
3469 1301 3577 1352 aut
3604 1289 3858 1354 Ficinus
3885 1290 4039 1379 legit

2339 1385 2452 1470 γὰρ
2483 1388 2556 1451 αὖ
2588 1386 2781 1469 ἑτέρα.
2875 1386 3045 1452 Illud
3079 1404 3172 1452 est
3200 1388 3262 1452 in
3291 1388 3530 1477 aliquot
3570 1390 3784 1457 libris:
3833 1416 4038 1481 neque

2339 1489 2458 1553 hoc
2485 1489 2790 1577 displicet.

2444 1593 2525 1657 ib.
2587 1593 2755 1657 πᾶσά
2801 1596 2930 1657 ἐστι
2981 1596 3222 1674 δύναμις
3277 1596 3536 1675 οὐδαμοῦ
3582 1596 3828 1686 τοσήδε]
3889 1599 4032 1664 Vid.

2341 1694 2712 1760 Cudworth.
2746 1698 2913 1784 Syst.
2951 1696 3261 1762 Intellect.
3294 1721 3359 1785 p.
3387 1717 3570 1763 1021.
3595 1723 3690 1786 sq.

2423 1821 2486 1885 p.
2531 1816 2716 1882 1227,
2746 1819 2811 1885 3.
2847 1796 3417 1886 [ἆνταιωρουμένην]
3472 1802 3750 1868 Verbum
3792 1805 4038 1869 ἆνταιω-

2337 1906 2572 1982 ρεῖσθαι
2615 1900 2972 1965 addendum
3004 1901 3232 1966 lexicis.
3324 1904 3550 1967 Cetera
3574 1903 3770 1991 hujus
3800 1904 3916 1971 loci
3943 1907 4035 1972 in-

2340 2018 2505 2069 tacta
2532 2004 2775 2091 reliqui.
2868 2005 3049 2068 Libri
3080 2005 3243 2068 enim
3275 2028 3490 2070 mscrr.
3523 2028 3646 2071 non
3677 2007 3823 2073 satis
3851 2032 4037 2095 expe-

2339 2105 2522 2171 diunt
2550 2107 2686 2172 haec
2713 2107 3123 2195 impeditiora.
3218 2107 3462 2197 Tay-lor
3489 2107 3569 2173 ad
3597 2108 3770 2174 haec:
3821 2119 3865 2151 ‘⁶
3890 2111 4037 2176 Plo-

2339 2209 2507 2274 tinus
2527 2209 2582 2273 is
2609 2209 2755 2273 here
2784 2209 3087 2298 speaking
3106 2210 3181 2274 of
3194 2234 3232 2274 a
3253 2211 3570 2298 corporeal
3594 2227 3815 2277 nature
3835 2213 4032 2278 which

2337 2311 2389 2374 is
2438 2311 2789 2399 suspended
2837 2313 2997 2377 from
3039 2313 3330 2400 eternity‚
3375 2314 3501 2378 and
3547 2338 3701 2379 runs
3747 2316 4034 2403 together

2338 2415 2485 2480 with
2529 2416 2681 2480 time
2725 2430 2790 2480 to
2832 2415 2940 2480 the
2982 2416 3411 2503 permanently
3442 2416 3702 2505 abiding
3730 2441 3939 2506 power
3964 2420 4039 2483 of

2338 2532 2478 2583 true
2504 2518 2751 2605 being.”
2840 2519 3020 2583 Idem
3063 2542 3180 2607 pro
3206 2517 3666 2602 προσμένουσαν
3694 2523 4033 2586 necessario

2335 2621 2730 2686 scribendum
2760 2645 2892 2686 esse
2919 2621 3238 2687 contendit
3267 2620 3410 2704 πρὸς
3437 2621 3760 2703 μένουσαν.

2419 2762 2508 2774 -
2539 2744 2640 2806 14.
2683 2728 2879 2806 παρῆν
2919 2722 3032 2804 μέν
3059 2751 3150 2789 τοι
3192 2727 3401 2810 παντί]
3457 2724 3567 2789 Ad
3610 2726 3796 2791 finem
3841 2725 4032 2815 hujus

2335 2827 2555 2915 capitis
2584 2827 2827 2916 Taylor
2855 2827 3027 2892 haec:
3082 2835 3126 2867 ‘⁶
3154 2826 3368 2891 There
3396 2826 3447 2892 is
3475 2826 3800 2916 obviously
3831 2827 3895 2893 in
3927 2830 4033 2895 the
4119 2829 4133 2842 ⁸

2334 2929 2600 3018 original
2626 2954 2665 2995 a
2692 2930 2900 2996 defect
2927 2929 2991 2994 in
3024 2930 3131 3026 the
3161 2929 3345 2995 latter
3373 2944 3513 3017 part
3544 2930 3618 2995 of
3640 2929 3748 2996 the
3776 2954 4034 3020 passage

2337 3032 2551 3097 within
2586 3032 2692 3097 the
2723 3033 2924 3099 words
2960 3032 3104 3116 πρὸς
3130 3038 3253 3099 πᾶν
3281 3032 3404 3098 and
3445 3032 3554 3099 the
3592 3033 3710 3099 last
3739 3035 3942 3101 words
3968 3038 4042 3102 of

2336 3135 2443 3200 the
2472 3136 2752 3223 chapter.
2842 3138 2973 3201 For
3004 3136 3111 3202 the
3140 3136 3401 3224 original
3440 3137 3528 3201 is:
3577 3136 3742 3201 ἀλλὰ
3779 3136 3922 3220 πρὸς
3963 3138 4036 3203 τὰ

2334 3246 2535 3322 πρῶτα
2564 3246 2682 3303 τῶν
2709 3246 2921 3324 γενῶν,
2957 3239 3058 3306 εἶτ’
3091 3241 3189 3305 ἐπὶ
3215 3242 3440 3308 τούτοις
3471 3241 3655 3304 ἄλλα.
3699 3246 3893 3325 παρῆν
3920 3241 4034 3323 μέν

2336 3368 2392 3406 τι
2434 3344 2634 3407 παντί.
2724 3346 2857 3408 But
2899 3343 2949 3408 it
2993 3367 3255 3431 appears
3286 3359 3352 3409 to
3382 3366 3479 3407 me
3508 3358 3576 3407 to
3606 3344 3684 3408 be
3713 3367 4032 3433 necessary

2339 3445 2579 3509 instead
2606 3446 2680 3510 of
2701 3446 2827 3510 this
2858 3462 2923 3510 to
2948 3446 3130 3510 read:
3182 3445 3344 3510 ἀλλὰ
3381 3444 3523 3527 πρὸς
3563 3444 3637 3509 τὰ
3675 3453 3877 3529 πρῶτα
3912 3454 4030 3511 τῶν

2337 3554 2549 3631 γενῶν·
2596 3548 2697 3612 εἶτ’
2731 3550 2827 3613 ἐπὶ
2865 3550 3092 3616 τούτοις
3133 3546 3277 3630 πρὸς
3318 3549 3536 3612 τᾶλλα.
3579 3550 3617 3628 ἡ
3645 3551 3711 3612 δὲ
3737 3549 4030 3632 ὑπερτέρα

2337 3654 2520 3732 φύσις
2546 3655 2739 3733 παρῆν
2765 3650 2965 3731 μέντοι
2992 3653 3192 3715 παντί.
3260 3651 3315 3715 F
3320 3649 3515 3714 icinus
3545 3649 3674 3715 also
3694 3650 3840 3715 has:
3878 3661 3897 3692 ‘
3918 3652 4027 3716 sed

2336 3752 2399 3816 in
2430 3752 2645 3840 primis
2672 3752 2751 3817 ad
2780 3775 3010 3840 genera
3036 3752 3259 3840 prima,
3280 3752 3507 3816 deinde
3530 3775 3643 3840 per
3663 3753 3797 3818 haec
3820 3754 3904 3818 ad
3931 3778 4026 3819 re-

2333 3853 2541 3941 liqua:
2578 3870 3005 3919 verumtamen
3038 3869 3263 3919 natura
3292 3855 3574 3942 superior
3602 3879 3784 3943 aeque
3811 3856 4026 3922 aderat

2336 3957 2667 4022 universo.'
2686 3959 2723 3987 ”

2403 4082 2467 4147 p.
2489 4061 2674 4138 1228,
2700 4079 2754 4125 2.
2782 4062 2851 4125 οὗ
2873 4060 2986 4144 γὰρ
3013 4064 3080 4127 ἐν
3100 4065 3214 4142 ζωῇ
3245 4061 3353 4141 τὴν
3373 4061 3555 4149 ὕλην]
3585 4062 3662 4125 In
3691 4061 3807 4127 hac
3836 4065 4029 4129 varie-

2335 4176 2461 4228 tate
2489 4164 2767 4228 lectionis
2810 4187 2935 4229 non
2979 4164 3252 4230 absurda
3293 4179 3387 4228 est
3429 4164 3807 4251 conjectura,
3837 4189 4025 4252 quam

2331 4265 2395 4329 in
2428 4265 2612 4330 Med.
2643 4271 2732 4330 A.
2779 4290 2974 4355 marg.
3006 4266 3335 4355 adscripsit
3377 4281 3440 4331 et
3484 4265 3548 4329 in
3594 4266 3871 4332 versione
3913 4292 4025 4334 ex·

2334 4369 2554 4456 pressit
2586 4370 2868 4434 Ficinus.

2419 4495 2481 4559 p.
2510 4491 2696 4558 1229,
2714 4474 2779 4536 6.
2812 4469 2947 4535 ἀλλ’
2980 4471 3141 4534 οὗτοι
3168 4473 3280 4550 μὲν
3309 4473 3368 4535 οἱ
3395 4472 4028 4556 θεοὶ-ἑπιστρωφῶσι

2334 4572 2435 4642 τὰς
2476 4573 2705 4660 πόλεις]
2761 4571 3003 4660 Taylor
3030 4586 3174 4636 ante
3220 4575 3629 4657 ἑπιστροφῶσι
3666 4573 4025 4641 addendum

2334 4700 2466 4740 esse
2506 4693 2713 4741 censet
2757 4674 3095 4740 necessario
3133 4677 3217 4742 εἰς
3244 4675 3311 4739 τὸ
3342 4678 3526 4743 ὅντως
3565 4677 3652 4739 ὄν.
3743 4679 4027 4766 Respicit

2336 4793 2545 4843 autem
2577 4778 2866 4843 Plotinus
2893 4776 2999 4842 illa
3028 4776 3257 4865 OdysS.
3282 4804 3338 4859 ρ.
3362 4780 3511 4863 485.
3544 4801 3678 4865 sqq.

2581 4885 2665 4940 καί
2687 4907 2746 4940 τε
2772 4885 2882 4941 θεοὶ
2907 4885 3153 4955 ξείνοισιν
3179 4883 3403 4941 ἐοικότες
3426 4885 3823 4952 ἀλλοδαποῖσιν,

2577 4985 2812 5038 παντοῖοι
2835 4983 3152 5048 τελέθοντες,
3181 4982 3558 5054 ἐπιστρωφῶσι
3592 4984 3809 5052 πόληας,

2581 5080 2862 5154 ἀνθρώπων
2888 5078 3040 5153 ὕβριν
3062 5100 3122 5134 τε
3148 5081 3230 5134 καὶ
3255 5079 3490 5149 εὐνομίην
3516 5079 3824 5152 ἐφορῶντες.

2337 5190 2446 5255 ubi
2475 5205 2608 5255 est:
2660 5192 2828 5256 varia
2854 5191 3060 5277 figura
3087 5189 3412 5277 specieque
3449 5187 3884 5275 perambulant
3913 5212 4021 5255 ur-

2335 5293 2462 5358 bes.
2527 5294 2633 5360 Cf.
2663 5293 2958 5359 Eustath.
2990 5317 3054 5381 p.
3085 5298 3231 5374 644.
3324 5289 3659 5355 Laudandi
3687 5289 3880 5377 hujus
3907 5290 4023 5357 loci

2333 5394 2586 5460 Plotino
2628 5418 2838 5460 ansam
2885 5395 3158 5483 proebuit
3199 5394 3382 5459 Plato
3426 5416 3569 5458 cum
3616 5393 3680 5458 in
3731 5394 4023 5481 Sophista

2329 5521 2394 5587 p.
2419 5500 2565 5564 216.
2593 5520 2658 5585 p.
2680 5518 2703 5563 1
2719 5499 2824 5565 26.
2848 5497 3050 5564 Bekk.
3073 5497 3213 5581 (ubi
3236 5496 3365 5563 vid.
3391 5494 3638 5562 Scholia
3665 5510 3729 5562 et
3754 5497 4016 5564 Heindf.
