5118 6613
1057 527 1189 611 356

1066 703 1283 778 βολαῖς
1326 696 1421 760 καὶ
1458 701 1585 763 ταῖς
1628 696 1986 778 ἐλλείψεων
2014 696 2220 763 οὔσαις
2259 698 2502 763 κακίαις.
2548 695 2761 779 ῥητέον

1070 802 1136 865 δὲ
1165 800 1311 882 πρὸς
1338 802 1528 872 τοῦτο,
1560 799 1651 861 ὅτι
1692 798 1892 865 ἄλλως
1927 799 2039 878 μὲν
2069 800 2145 867 ὡς
2181 802 2434 879 μεσότης
2460 800 2497 879 ἡ
2525 800 2763 879 ποιότης

1074 906 1413 978 ἐπινοεῖται,
1447 903 1646 968 ἄλλως
1689 902 1754 964 δὲ
1801 902 1876 968 ὡς
1921 900 2119 982 ἀρετή.
2166 903 2262 966 καὶ
2308 904 2456 966 κατὰ
2499 902 2612 981 μὲν
2654 901 2763 981 τὴν

1069 1006 1368 1086 μεσότητα
1400 1002 1595 1068 οὐκέτι
1634 1003 1763 1087 ἔχει
1802 1005 2170 1068 ἐναντίωσιν·
2221 1008 2367 1069 κατὰ
2395 1007 2460 1070 δὲ
2490 1004 2598 1083 τὴν
2626 1006 2761 1088 ἀρε-

1073 1108 1183 1187 τὴν
1223 1107 1369 1190 ἔχει.
1417 1106 1504 1170 ἔτι
1549 1107 1614 1170 δὲ
1653 1105 1763 1185 τὴν
1806 1108 2104 1187 μεσότητα
2150 1112 2500 1189 θεωροῦμεν,
2550 1108 2646 1172 καὶ
2691 1108 2767 1176 ὣς

1074 1210 1336 1288 ἰσότητα·
1378 1208 1486 1288 τὴν
1515 1209 1581 1272 δὲ
1608 1209 1955 1291 ὑπερβολὴν
1995 1210 2090 1273 καὶ
2133 1211 2415 1293 ἔλλειψιν
2444 1213 2520 1278 ὡς
2557 1212 2764 1275 ἀνισό-

1072 1338 1233 1394 τητα.
1265 1314 1412 1376 ὅταν
1438 1312 1546 1376 οῦν
1574 1312 1682 1391 τὴν
1712 1313 1954 1392 ἰσότητα
1981 1312 2274 1395 λέγωμεν,
2308 1313 2585 1377 ἐναντίαν
2615 1312 2766 1378 εἶναι

1073 1420 1145 1495 rii
1173 1418 1481 1496 ὑπερβολῇ
1524 1414 1617 1478 καὶ
1658 1417 1726 1495 τῇ
1769 1416 2067 1496 ἐλλείψει,
2099 1415 2271 1479 οὐδὲν
2299 1417 2454 1479 ἄλλο
2483 1415 2762 1497 λέγομεν,

1074 1516 1111 1598 ἢ
1141 1520 1232 1582 ὅτι
1262 1519 1459 1597 ἰσότης
1500 1520 1568 1597 τῇ
1617 1518 1918 1597 ἀνισότητι
1957 1519 2275 1582 ἀντίκειται
2318 1518 2414 1582 καὶ
2453 1521 2634 1586 οὕτως
2675 1517 2763 1582 ἐπ’

1076 1620 1300 1693 ἄλλων,
1333 1618 1472 1682 ἀλλ’
1504 1620 1609 1683 οὐκ
1638 1621 1734 1684 ἐπὶ
1762 1623 1867 1683 τοῦ
1892 1619 2082 1700 μέσου
2109 1622 2145 1699 ἡ
2177 1621 2473 1688 ἀντίθεσις
2515 1624 2761 1705 γίνεται.

1078 1720 1216 1785 ἀλλ’
1248 1721 1344 1784 ἐπὶ
1374 1728 1490 1785 τῶν
1519 1722 1850 1805 χρημάτων,
1885 1724 2034 1805 φαίη
2062 1724 2138 1788 ἄν
2166 1749 2270 1798 τις,
2303 1725 2416 1807 οὑχ
2444 1727 2627 1791 οὕτως
2669 1726 2765 1807 γί-

1079 1850 1241 1889 νεται
1268 1826 1305 1905 ἡ
1335 1825 1632 1892 ἀντίθεσις
1659 1830 1776 1888 τῶν
1806 1825 2000 1907 ἄκρων
2028 1826 2174 1908 πρὸς
2202 1825 2270 1890 τό
2298 1826 2507 1908 μέσον·
2555 1828 2623 1892 τὸ
2653 1831 2768 1910 γὰρ

1078 1929 1262 2010 φαιὸν
1285 1931 1338 1992 εἰ
1366 1929 1683 1992 ἀντίκειται
1711 1931 1790 2013 τῷ
1820 1932 2010 2014 λευκῷ
2039 1928 2168 2008 ἤτοι
2197 1933 2344 1993 κατὰ
2371 1928 2439 1993 τὸ
2472 1930 2611 1993 ἐνὸν
2637 1932 2769 2012 μίγ-

1076 2056 1159 2110 μα
1186 2036 1291 2094 τοῦ
1318 2034 1532 2095 λευκοῦ
1560 2032 1880 2094 ἀντίκειται
1906 2032 2060 2117 αὐτῷ
2089 2030 2125 2110 ἢ
2153 2036 2299 2097 κατὰ
2324 2032 2391 2095 τὸ
2418 2033 2554 2097 ἐνὸν
2580 2036 2769 2115 μίγμα

1077 2138 1183 2197 τοῦ
1207 2133 1483 2214 μέλανος.
1517 2134 1657 2196 ἀλλ’
1684 2136 1736 2197 εἰ
1761 2135 1874 2213 μὲν
1904 2137 2051 2198 κατὰ
2080 2135 2146 2199 τὸ
2176 2139 2392 2200 λευκοῦ
2416 2137 2607 2217 μίγμα
2634 2144 2770 2199 λευ·

1081 2237 1187 2301 κὸν
1213 2241 1403 2323 λευκῷ
1435 2238 1770 2310 ἀντίκειται,
1804 2237 1950 2319 ὅπερ
1989 2239 2297 2302 ἀδύνατον·
2346 2241 2399 2302 εἰ
2428 2240 2490 2300 δὲ
2523 2241 2671 2302 κατὰ
2698 2237 2765 2300 τὸ

1074 2339 1288 2419 μέλαν,
1320 2340 1387 2402 τὸ
1426 2340 1620 2419 μέλαν
1659 2343 1739 2426 τῷ
1782 2343 1974 2425 λευκῷ
2020 2341 2356 2415 ἀντίκειται,
2388 2341 2457 2405 οὗ
2486 2343 2684 2422 τρίτον
2712 2366 2769 2404 τι

1077 2445 1266 2526 μίγμα
1309 2445 1532 2526 ἕτερον,
1565 2444 1729 2507 ἀλλὰ
1756 2443 1823 2506 τὸ
1852 2443 1965 2522 μὲν
1993 2442 2389 2525 συμπέρασμα
2432 2444 2669 2522 ἀληθὲς,
2700 2441 2768 2505 τὸ

1076 2545 1155 2626 μὴ
1185 2548 1548 2611 ἀντικεῖσθαι
1575 2545 1643 2609 τὸ
1675 2545 1859 2628 φαιὸν
1885 2549 1965 2631 τῷ
1995 2550 2207 2632 λευκῷ,
2237 2544 2274 2626 ἢ
2304 2550 2384 2632 τῷ
2423 2546 2660 2626 μέλανι,
2695 2546 2771 2612 ὡς

1080 2651 1370 2714 ἐναντίον·
1419 2653 1452 2712 ό
1484 2651 1548 2713 δὲ
1575 2650 1788 2730 τρόπος
1819 2652 1919 2728 τῆς
1948 2650 2168 2731 ἐφόδου
2195 2652 2429 2715 πολλᾶς
2458 2648 2586 2732 ἔχει
2615 2649 2771 2711 ἀντι-

1077 2751 1314 2834 λήψεις.
1361 2754 1649 2815 σύνθετον
1676 2754 1792 2834 γὰρ
1811 2757 1975 2815 ποιεῖ
1996 2750 2065 2815 τὸ
2094 2750 2286 2831 μέσον
2315 2754 2379 2815 ἐκ
2409 2756 2527 2814 τῶν
2556 2752 2767 2832 ἄκρων,

1079 2855 1173 2917 καὶ
1203 2855 1279 2919 ὡς
1309 2856 1371 2932 ἐξ
1401 2855 1626 2934 ἀμφοῖν
1655 2852 2110 2933 συνιστάμενον,
2137 2852 2271 2917 ἀλλ’
2293 2855 2406 2937 οὐχ
2434 2855 2501 2917 ἔν
2527 2879 2584 2918 τι
2612 2857 2771 2935 παρὰ

1082 2959 1155 3019 τὸ,
1193 2956 1362 3038 ἄκρα.
1409 2956 1678 3041 ἐνεργείᾳ
1722 2981 1786 3019 τε
1834 2955 2216 3037 διαφυλάττει
2258 2958 2333 3020 τὰ
2374 2959 2538 3040 ἅπλᾷ
2583 2959 2649 3020 ἐν
2692 2959 2771 3041 τῷ

1079 3061 1323 3140 μίγματι
1351 3056 1488 3120 ἀλλ’
1514 3058 1647 3141 οὐχὶ
1677 3060 1824 3121 κατὰ
1852 3059 2115 3137 δύναμιν,
2142 3060 2304 3140 εἴπερ
2334 3060 2448 3140 ἄρα
2478 3059 2574 3122 καὶ
2601 3062 2773 3122 τοῦτο

1082 3162 1211 3224 οἶόν
1257 3185 1342 3224 τε.
1395 3159 1619 3240 μήποτε
1662 3163 1777 3242 γᾶρ
1822 3161 2084 3240 οὐδαμῶς
2129 3160 2619 3242 συμμιγνυμένων
2657 3166 2775 3225 τῶν

1082 3265 1276 3348 ἄκρων
1302 3266 1623 3346 ὑφίσταται
1660 3267 1735 3328 τὰ
1769 3262 1928 3344 μέσα
1968 3262 2258 3347 χρήματα·
2304 3262 2441 3328 ἀλλ’
2476 3265 2599 3328 εἰσί
2621 3288 2775 3331 τινες

1085 3370 1180 3432 καὶ
1220 3371 1440 3433 τούτων
1477 3368 1910 3449 προηγούμενοι
1946 3368 2140 3448 λόγοι,
2174 3368 2375 3448 ὥσπερ
2416 3369 2510 3430 καὶ
2545 3373 2663 3430 τῶν
2702 3368 2769 3430 ἄ-

1083 3497 1254 3553 κρων,
1299 3471 1369 3534 οὐ
1418 3472 1564 3534 κατὰ
1603 3472 1761 3550 μίξιν
1806 3469 2217 3552 ὑφιστάμενοι,
2265 3468 2404 3533 ἀλλ’
2436 3472 2634 3548 ἁπλῆν
2680 3470 2775 3533 καὶ

1083 3576 1347 3658 αὐτοφυῆ
1390 3575 1497 3654 τὴν
1542 3574 1853 3655 ἑτερότητα
1897 3572 1992 3635 καὶ
2034 3571 2142 3650 τὴν
2180 3573 2480 3635 ποικιλίαν
2509 3572 2767 3654 ἔχοντες,

1082 3680 1176 3743 καὶ
1201 3682 1595 3762 ἐγγεννῶντες
1623 3676 1803 3754 αὐτὴν
1829 3681 1951 3741 τοῖς
1979 3677 2295 3753 αἰσθητοῖς,
2331 3676 2424 3738 καὶ
2454 3700 2774 3756 συντεταγ-

1080 3782 1249 3861 μένοι
1293 3787 1414 3848 τοῖς
1459 3781 1668 3846 ἄλλοις
1711 3779 1917 3860 λόγοις
1964 3781 2111 3841 κατὰ
2152 3778 2260 3856 τὴν
2299 3778 2480 3857 αὐτὴν
2521 3776 2611 3841 ἐπ’
2642 3781 2774 3858 ἴσης

1083 3886 1381 3963 σύνταξιν.
1429 3881 1538 3945 κᾶν
1569 3884 1633 3944 ἐκ
1670 3887 1786 3944 τῶν
1815 3881 2008 3962 ἄκρων
2049 3883 2114 3944 δὲ
2151 3880 2303 3963 λέγῃ
2348 3906 2433 3948 τις
2476 3880 2542 3944 τὸ
2582 3880 2772 3960 μέσον

1087 3987 1250 4070 ἔχειν
1289 3988 1421 4048 τινὰ
1466 3986 1819 4056 ὑπόστασιν,
1850 3984 1931 4063 μὴ
1975 3984 2111 4046 οὐδὲ
2153 3985 2305 4062 μίξις
2341 3981 2378 4063 ᾖ
2418 3985 2454 4062 ἡ
2500 3986 2573 4047 τᾶ
2614 3983 2774 4063 μέσα

1082 4092 1355 4159 ποιοῦσα,
1388 4088 1551 4149 ἀλλὰ
1589 4085 1912 4166 παράθεσις
1957 4091 2075 4149 τῶν
2113 4086 2307 4168 ἄκρων
2333 4085 2369 4165 ἢ
2401 4088 2770 4159 ἐπιπόλασις,

1083 4187 1119 4270 ἢ
1146 4192 1449 4271 πόῤῥωθεν
1479 4189 1827 4254 ἀπόστασις.
1859 4190 2006 4251 κατὰ
2032 4191 2148 4269 γὰρ
2172 4188 2369 4253 πάντα
2395 4194 2578 4253 ταῦτα
2606 4191 2672 4252 ἐν
2693 4192 2773 4274 τῷ

1087 4292 1220 4375 περὶ
1270 4291 1600 4371 αἰσθήσεως
1650 4291 1746 4354 καὶ
1794 4293 2109 4368 αἰσθητῶν,
2164 4294 2237 4354 τὰ
2285 4290 2446 4371 μέσα
2493 4293 2776 4374 χρώματα

1083 4399 1450 4477 ὑφίστασθαι
1479 4398 1657 4458 δοκεῖ.
1703 4396 1736 4457 ὁ
1764 4392 1967 4472 μέντοι
1997 4399 2330 4471 Πλωτῖνος,
2364 4395 2416 4456 εἰ
2445 4396 2592 4456 κατὰ
2627 4395 2771 4457 σύν-

1083 4502 1253 4564 θεσίν
1282 4508 1431 4580 φησι
1459 4503 1575 4560 τῶν
1604 4497 1797 4577 ἄκρων
1829 4497 2057 4578 ἐγίνετο
2088 4500 2162 4560 τὰ
2188 4495 2366 4574 μέσα,
2402 4495 2519 4558 ἔδει
2556 4495 2636 4575 μὴ
2667 4498 2771 4559 ἀν-

1079 4607 1379 4683 τιδιαιρεῖν
1415 4600 1722 4682 λέγοντας,
1753 4596 1789 4677 ἢ
1833 4599 2068 4673 λευκὸν,
2100 4597 2136 4677 ἢ
2180 4598 2393 4678 μέλαν,
2423 4595 2459 4676 ἢ
2499 4597 2704 4681 φαιὸν,
2736 4596 2773 4678 ἢ

1082 4703 1390 4785 ξανθὸν,ἤ
1428 4727 1483 4765 τι
1523 4706 1807 4775 τοιοῦτον,
1847 4703 2012 4765 ἀλλὰ
2052 4703 2239 4781 μόνον
2286 4705 2369 4769 εἰς
2414 4700 2631 4765 λευκὸν
2676 4701 2771 4765 καὶ

1080 4807 1295 4887 μέλαν,
1324 4810 1588 4886 διαιρεῖν,
1619 4807 1694 4867 τὰ
1730 4806 1795 4866 δὲ
1835 4804 1998 4866 ἄλλα
2043 4804 2352 4870 συνθέσεις
2391 4804 2615 4886 λέγειν.
2664 4808 2771 4867 νῦν

1082 4912 1144 4973 δὲ
1184 4911 1646 4989 ἀντιδιαιροῦμεν
1687 4908 1782 4970 καὶ
1828 4909 2217 4986 ἀντιτίθεμεν,
2247 4908 2337 4970 ὅτι
2385 4907 2492 4971 κᾶν
2538 4909 2690 4987 μίξις
2732 4903 2771 4986 ᾖ

1079 5019 1197 5077 τῶν
1225 5013 1439 5093 ἄκρων,
1468 5010 1573 5072 οὐκ
1598 5009 1726 5072 ἔστι
1752 5008 2094 5089 παράθεσις,
2126 5006 2288 5072 ἀλλὰ
2327 5009 2529 5090 κράσις
2571 5012 2768 5088 ἄλλην

1079 5114 1504 5180 ἀποτελέσασα
1534 5114 1599 5175 ἐκ
1628 5116 1732 5174 τοῦ
1761 5110 2047 5193 κράματος
2073 5112 2372 5189 ποιότητα.
2416 5116 2494 5196 τῷ
2524 5113 2630 5175 οὖν
2661 5115 2767 5176 ἄλ-

1080 5228 1194 5299 λην
1223 5221 1356 5281 τινὰ
1401 5216 1497 5279 ἐπὶ
1532 5219 1651 5278 τῶν
1686 5213 1904 5295 μεταξὺ
1947 5212 2282 5294 γεγονέναι,
2319 5213 2427 5276 κᾶν
2459 5215 2523 5276 ἐκ
2552 5215 2766 5279 συνθέ-

1080 5346 1230 5388 σεως
1258 5323 1579 5400 θεωρεῖται,
1612 5319 1792 5381 οὕτως
1822 5316 2205 5394 ἀντιτίθεμεν.
2251 5318 2434 5377 ταῦτα
2464 5317 2526 5377 δὲ
2555 5316 2768 5398 λέγον.

1079 5448 1175 5489 τες
1202 5422 1269 5485 τὸ
1297 5424 1409 5501 μὲν
1436 5422 1633 5499 ἄλλην
1654 5417 1971 5501 γεγονέναι
2000 5418 2105 5496 τὴν
2133 5416 2326 5498 μέσην
2355 5420 2637 5498 ποιότητα
2666 5425 2770 5484 τοῦ

1079 5527 1385 5607 χρώματος
1427 5526 1805 5606 συγχωροῦσι
1850 5522 1946 5585 καὶ
1984 5523 2042 5584 οἱ
2078 5518 2202 5601 μετ’
2236 5522 2431 5585 αὐτόν·
2478 5521 2545 5585 τὸ
2593 5525 2655 5586 δὲ
2703 5526 2767 5587 ἐκ

2032 522 2856 588 ANNOTATIONES
2922 523 3036 588 IN
3100 522 3499 587 PLOTIN
3522 523 3557 586 1

2848 696 3108 779 κράσεως
3129 696 3309 775 αὐτὴν
3328 692 3364 775 ἢ
3382 693 3720 762 συνθέσεως
3736 695 3934 773 ἄλλην
3952 697 4320 775 θεωρεῖσθαι,
4342 694 4537 759 οὐκέτι

2847 802 3268 880 ὁμολογοῦσιν.
3313 799 3383 862 οὗ
3410 801 3526 881 γὰρ
3554 797 3725 864 οὗτος
3750 796 3939 880 φησὶν
3966 799 3999 860 ὁ
4029 799 4242 879 τρόπος
4280 803 4382 878 τῆς
4420 804 4538 863 τῶν

2848 901 3178 981 ἀσωμάτων
3233 900 3559 981 ποιοτήτων
3615 900 3840 973 οὐσίας,
3896 897 4033 964 ἀλλ’
4087 902 4374 981 ἀσώματα
4426 903 4541 982 μὲν

2845 1005 3196 1086 μιγνύμενα,
3236 1001 3273 1084 ἢ
3322 1004 3743 1086 κεραννύμενα,
3783 1001 3820 1082 ἢ
3861 1002 4273 1083 συντιθέμενα,
4302 1006 4544 1070 δύναται

2846 1113 3041 1172 ποιεῖν
3067 1107 3323 1190 διάφορα
3364 1109 3626 1186 σώματα·
3674 1105 3742 1170 τὸ
3781 1108 3898 1187 γὰρ
3939 1106 4230 1169 σύνθετον
4260 1106 4355 1170 καὶ
4388 1109 4540 1185 σύμ-

2848 1236 3053 1291 μικτον
3093 1210 3289 1294 γένος,
3323 1214 3390 1275 ἐν
3427 1208 3474 1296 ᾧ
3511 1208 3777 1293 περιέχει
3816 1208 3926 1287 τὴν
3962 1209 4149 1291 φύσιν
4188 1211 4337 1272 κατὰ
4373 1213 4545 1273 τοῦτο

2853 1315 3366 1394 ἐναλλαττόμενον
3394 1312 3681 1394 διάφορον
3711 1313 3920 1376 ἑαυτοῦ
3960 1312 4326 1377 καθίσταται.
4369 1312 4438 1376 τὸ
4478 1314 4544 1376 δὲ

2850 1414 2995 1495 μήτε
3025 1417 3091 1479 ἐν
3120 1413 3464 1497 συγκράσει,
3495 1414 3642 1494 μήτε
3673 1416 3739 1478 ἐν
3769 1412 4049 1478 συνθέσει
4094 1414 4239 1496 ἔχον
4266 1413 4335 1476 τὸ
4370 1412 4543 1489 εἶναι,

2853 1519 3050 1597 ἁπλῆν
3088 1516 3155 1582 δέ
3195 1543 3329 1582 τινα
3374 1518 3587 1581 οὐσίαν
3625 1518 3942 1596 ἀσώματον
3976 1519 4353 1599 προειληφὼς
4400 1520 4546 1584 κατὰ

2850 1623 2993 1700 μίαν
3020 1619 3303 1699 ποιότητά
3329 1646 3463 1695 που,
3491 1623 3662 1683 τοῦτο
3690 1621 3872 1701 ἄρδην
3900 1618 3976 1682 ἂν
4004 1618 4311 1701 διάφορον,
4336 1619 4441 1683 οὑκ
4470 1619 4546 1684 ἂν

2853 1722 3009 1803 πάθη
3040 1723 3156 1788 ἀπὸ
3187 1721 3568 1804 συγκράσεως
3593 1719 3630 1801 ἢ
3661 1720 4015 1794 συνθέσεως,
4049 1721 4250 1802 ὥσπερ
4295 1722 4431 1785 οὐδὲ
4472 1721 4543 1785 τὸ

2854 1825 3173 1908 ἀμέριστον
3211 1825 3326 1890 ὑπὸ
3367 1830 3472 1888 τοῦ
3514 1828 3814 1906 μεριστοῦ.
3868 1821 4043 1887 Ἀλλ’
4077 1823 4276 1902 ἐπειδὴ
4319 1823 4388 1887 τὸ
4432 1826 4546 1902 μὲν

2852 1928 3068 1992 λευκὸν
3094 1931 3175 2014 τῷ
3203 1927 3420 2008 μέλανι
3461 1927 3627 1992 εἶπεν
3656 1927 3948 2000 ἐναντίον,
3980 1928 4059 2011 τῷ
4097 1927 4161 1989 δὲ
4207 1928 4405 2011 πυρῤᾧ
4450 1927 4545 1990 καὶ

2853 2031 3023 2116 ὠχρῷ
3051 2033 3233 2110 μηδὲν
3265 2030 3415 2095 εἶναι
3447 2031 3738 2103 ἐναντίον,
3772 2030 3935 2106 ἄξιον
3966 2026 4042 2092 ἂν
4071 2029 4160 2106 εἴη
4200 2030 4542 2109 προλαβόν·

2852 2159 2957 2200 τας
2984 2134 3196 2216 ὀλίγον
3226 2132 3671 2214 ἐπισκέψασθαι
3699 2129 3806 2196 τόν
3826 2132 3969 2212 ὅρον
3988 2137 4107 2195 τῶν
4138 2133 4422 2197 ἐναντίων
4452 2133 4548 2196 καὶ

2854 2238 2986 2300 τίνα
3017 2235 3143 2318 ἔχει
3172 2236 3278 2313 τὴν
3307 2238 3614 2317 ὀρθότητα.
3662 2233 3780 2298 ἀπὸ
3808 2237 3923 2317 γὰρ
3951 2235 4160 2298 τούτου
4197 2233 4272 2298 τά
4309 2260 4376 2299 τε
4410 2237 4548 2316 περὶ

2855 2345 2972 2403 τῶν
3003 2340 3285 2402 ἐναντίων
3314 2337 3658 2420 θεωρήματα
3688 2338 3783 2401 καὶ
3811 2340 3887 2402 τᾶ
3912 2338 4047 2418 περὶ
4076 2342 4194 2401 τῶν
4221 2337 4547 2420 χρωμάτων

2856 2445 2962 2504 νῦν
2992 2441 3284 2522 εἰρημένα,
3314 2444 3366 2505 εἰ
3393 2443 3576 2522 ὀρθῶς
3606 2443 3845 2522 εἴρηται,
3867 2437 4275 2520 μαθησόμεθα.
4303 2441 4550 2524 λέγεται

2855 2544 2920 2607 δὲ
2951 2545 3189 2608 ἐναντία
3219 2543 3371 2608 εἶναι
3392 2544 3431 2607 ἃ
3453 2548 3741 2607 πλεῖστον
3764 2542 4048 2623 ἀλλήλων
4071 2543 4410 2625 ἀφέστηκεν
4430 2545 4543 2607 ὑπὸ

2855 2648 2922 2712 τὸ
2951 2647 3091 2711 αὐτὸ
3118 2647 3314 2731 γένος,
3348 2647 3423 2714 ὣς
3465 2646 3533 2709 τὸ
3576 2645 3772 2725 μέλαν
3803 2646 3898 2710 καὶ
3939 2646 4006 2709 τὸ
4049 2647 4288 2710 λευκόν.
4335 2647 4547 2726 ἄμικτα

2856 2754 2971 2834 γὰρ
3000 2755 3183 2815 ταῦτα
3209 2751 3354 2832 πρὸς
3384 2751 3644 2828 ἄλληλα·
3691 2749 3760 2814 τὸ
3792 2752 3858 2814 δὲ
3888 2749 4072 2832 φαιὸν
4102 2750 4196 2813 καὶ
4225 2750 4421 2832 ὠχρὸν
4452 2751 4549 2815 καὶ

2856 2853 3080 2936 πυρῤὸν
3109 2854 3205 2917 καὶ
3233 2857 3308 2917 τὰ
3335 2857 3593 2927 τοιαῦτα,
3626 2853 3696 2917 οὐ
3729 2858 4019 2916 πλεῖστον
4048 2852 4372 2934 ἀφέστηκε,
4403 2855 4551 2918 διότι

2860 2957 3246 3039 συμμέμικται
3274 2956 3583 3036 ἀλλήλοις.
3630 2960 3816 3041 ἐρωτᾷ
3847 2959 3911 3020 δὲ
3939 2959 3972 3020 ὁ
4003 2962 4333 3031 Πλωτῖνος,
4365 2959 4551 3022 πόθεν

2859 3063 3038 3127 οὕτως
3080 3063 3399 3142 ὁρίσασθαι
3445 3063 3520 3123 τὰ
3568 3061 3828 3124 ἐναντία·
3877 3062 3931 3124 εἰ
3965 3061 4077 3140 μὲν
4114 3062 4229 3142 γὰρ
4274 3060 4390 3124 ἀπὸ
4435 3067 4552 3124 τῶν

2857 3162 3060 3243 μέσων
3090 3164 3186 3226 καὶ
3223 3165 3323 3241 τῆς
3363 3160 3509 3243 πρὸς
3550 3166 3733 3227 ταῦτα
3772 3161 4174 3236 ἀποστάσεως,
4207 3163 4277 3227 οὐ
4304 3163 4451 3245 πρὸς
4477 3166 4553 3227 τὰ

2859 3267 3009 3348 ἄκρα
3049 3271 3272 3330 ποιεῖτε
3315 3264 3421 3345 τὴν
3463 3266 3835 3344 ἐναντίωσιν,
3867 3265 4069 3348 ὥσπερ
4108 3266 4243 3330 οὐδὲ
4273 3265 4380 3345 τὴν
4409 3267 4554 3331 ἀπό-

2859 3396 3098 3446 στασιν,
3131 3371 3295 3433 ἀλλὰ
3337 3368 3480 3451 πρὸς
3508 3372 3582 3432 τὰ
3608 3368 3769 3447 μέσα
3799 3368 3894 3432 καὶ
3923 3374 4043 3435 πῶς
4071 3371 4146 3432 τὰ
4175 3368 4376 3449 41Γμέσα
4410 3366 4473 3453 [*
4485 3371 4551 3434 ἄ-

2856 3499 3016 3553 μεσα
3043 3472 3107 3536 in
3139 3472 3367 3559 marg]
3402 3474 3587 3553 ἐρεῖτε
3633 3472 3895 3546 ἐναντία,
3928 3472 4058 3535 οῖον
4084 3471 4292 3553 ὑγείαν
4322 3472 4416 3535 καὶ
4446 3474 4545 3537 νό-

2859 3602 3009 3649 σους
3060 3579 3113 3641 εἰ
3151 3577 3216 3640 δὲ
3261 3573 3381 3639 κατ’
3416 3575 3596 3654 αὐτὴν
3638 3574 3745 3653 τὴν
3787 3574 4024 3656 μορφὴν
4063 3574 4170 3653 τὴν
4214 3574 4550 3638 ἀπόστασιν

2856 3678 3219 3760 λαμβάνετε,
3251 3679 3395 3741 ὅταν
3421 3679 3604 3757 μηδὲν
3635 3677 3822 3761 ἔχωσι
3855 3677 4068 3743 ταύτὸν
4099 3680 4245 3741 κατὰ
4272 3677 4340 3741 τὸ
4372 3677 4545 3753 εἶδος,

2860 3783 2926 3845 ἐν
2959 3782 3048 3845 ἑνὶ
3090 3784 3236 3844 ὄντα
3279 3780 3462 3862 γένει,
3495 3779 3643 3861 φέρε
3684 3782 3889 3854 εἰπεῖν,
3920 3784 4000 3867 τῷ
4042 3784 4211 3866 ποιῷ,
4243 3783 4338 3844 διὰ
4380 3783 4443 3844 τί
4477 3780 4546 3845 τὸ

2858 3883 3077 3963 ξανθὸν
3104 3887 3184 3969 τῷ
3213 3887 3402 3969 λευκῷ
3432 3883 3536 3947 οὐκ
3568 3883 3737 3947 ἔσται
3773 3885 4063 3958 ἐναντίον,
4096 3885 4371 3963 οὐδεμίαν
4402 3885 4549 3967 ἔχον

2862 3986 3151 4068 ἐγγύτητα
3193 3985 3340 4068 πρὸς
3382 3985 3449 4049 τὸ
3493 3985 3728 4059 λευκὸν,
3767 3987 3969 4068 ὥσπερ
4009 3992 4173 4050 δοκεῖ
4209 3986 4276 4050 τὸ
4318 3989 4545 4068 φαιόν;

2857 4088 3003 4170 πρὸς
3029 4088 3068 4151 ἃ
3098 4087 3510 4170 ἀντιλέγοντες
3553 4088 3714 4151 οῦτοι
3757 4087 4020 4170 φήσουσι
4048 4090 4128 4169 μὴ
4155 4089 4271 4153 ἀπὸ
4299 4095 4415 4153 τῶν
4440 4089 4548 4168 μέ-

2860 4216 2986 4254 σων
3014 4191 3121 4269 τὴν
3149 4191 3282 4272 περὶ
3321 4191 3387 4254 τὸ
3427 4196 3715 4254 πλεῖστον
3745 4192 4080 4255 ἀπόστασιν
4107 4190 4553 4276 παραδέχεσθαι

2859 4297 2933 4357 τὰ
2961 4294 3129 4375 ἄκρα.
3178 4296 3247 4356 οὐ
3275 4297 3389 4375 γὰρ
3420 4293 3514 4357 διά
3542 4318 3700 4360 τινος
3726 4294 3966 4375 πορείας
3992 4298 4245 4358 ποιεῖται
4272 4295 4379 4374 τὴν
4409 4296 4554 4359 ἀπό-

2861 4421 3078 4459 στασιν
3106 4400 3179 4459 τᾶ
3210 4398 3450 4460 ἐναντία
3478 4394 3575 4460 ἀπ’
3608 4396 3910 4474 ἀλλήλων,
3944 4396 4079 4460 οὐδὲ
4117 4399 4299 4464 οὕτως
4336 4398 4405 4461 τὸ
4443 4398 4549 4477 μέ-

2860 4524 2974 4562 σον
3003 4499 3345 4581 ὑπερβάντα
3388 4500 3733 4562 καθίσταται
3774 4501 3999 4565 ἑαυτοῖς
4029 4500 4111 4565 εἰς
4137 4499 4243 4577 τὴν
4275 4501 4552 4565 ἐναντίαν

2857 4603 3079 4684 χώραν,
3112 4602 3276 4664 ἀλλὰ
3306 4603 3453 4664 κατὰ
3481 4601 3615 4667 τοὺς
3641 4602 3860 4682 λόγους
3890 4600 4098 4674 αὐτῶν,
4134 4602 4230 4664 καὶ
4256 4605 4331 4665 τὰ
4359 4605 4482 4682 εἴδη
4511 4605 4550 4682 ἡ

2859 4704 3191 4769 ἀπόστασίς
3234 4705 3380 4767 ἐστι.
3430 4709 3557 4771 ταῖς
3602 4704 3886 4783 ἰδιότησιν
3929 4704 4034 4766 οὖν
4076 4704 4455 4785 προσεκτέον,
4497 4709 4552 4770 εἰ

2856 4808 2918 4869 αἱ
2958 4807 3069 4885 μὲν
3108 4808 3289 4872 οὕτως
3333 4806 3598 4889 ἔχουσιν,
3643 4808 3801 4869 ὥστε
3844 4807 4109 4886 ἀναιρεῖν
4149 4806 4436 4886 ἀλλήλας,
4485 4813 4548 4873 αἱ

2855 4910 2939 4982 δὲ,
2972 4911 3104 4971 τινὰ
3134 4911 3642 4990 συνεμφαίνουσιν
3672 4910 3961 4991 ἐγγύτητα
3991 4911 4229 4990 φύσεως
4265 4910 4407 4990 πρὸς
4436 4910 4543 4975 θά-

2853 5037 3025 5093 τερον
3069 5018 3185 5074 τῶν
3233 5012 3537 5091 ἐναντίων,
3574 5009 3611 5091 ἢ
3655 5012 3919 5093 ἔμφασιν
3956 5017 4074 5075 τῶν
4119 5014 4332 5094 ἄκρων,
4360 5011 4399 5092 ἣ
4440 5019 4547 5079 τοῦ

2852 5116 2962 5193 μὲν
2989 5116 3227 5195 ὕφεσιν,
3258 5118 3360 5177 τοῦ
3388 5116 3452 5177 δὲ
3485 5116 3774 5188 ἐπίτασιν,
3798 5112 3835 5194 ἢ
3864 5115 4062 5190 ἄλλην
4088 5117 4222 5179 τινὰ
4248 5117 4546 5197 μεσότητα

2853 5218 3144 5296 τοιαύτην,
3178 5219 3239 5281 αἱ
3265 5219 3379 5298 γὰρ
3411 5219 3591 5283 οὕτως
3622 5218 3889 5300 ἔχουσαι,
3925 5214 4046 5281 κατ’
4079 5218 4235 5282 ἰδίαν
4265 5243 4547 5301 κεχωρισ-

2850 5319 3025 5398 μέναι
3056 5320 3229 5393 εἰσὶν,
3255 5320 3455 5387 ἄλλως
3481 5321 3594 5399 μὲν
3622 5322 3684 5383 αἱ
3711 5320 3902 5401 ἄκραι,
3929 5321 4129 5387 ἄλλως
4159 5323 4223 5384 δὲ
4254 5323 4317 5384 αἱ
4340 5321 4543 5400 μέσαι.

2852 5423 2945 5485 καὶ
2987 5421 3056 5485 οὗ
3098 5426 3493 5504 προηγοῦνται
3543 5424 3605 5486 αἰ
3646 5421 3847 5501 μέσαι,
3895 5424 3993 5486 ἵνα
4034 5423 4168 5504 περὶ
4216 5424 4393 5489 αὐτᾶς
4432 5426 4542 5504 τὴν

2852 5525 3187 5588 ἀπόστασιν
3215 5524 3611 5604 λαμβάνωσιν
3650 5527 3712 5588 αἱ
3756 5525 3947 5606 ἄκραι.
3993 5526 4157 5588 ἀλλὰ
4198 5526 4545 5591 τούναντίον
