5118 6613
1462 559 1658 623 LIB.
1706 560 1782 624 V.
1827 559 2279 625 ENNEAD.
2325 560 2720 625 PRIMAE.
2761 582 2828 648 p.
2863 560 3130 646 86—89.

586 750 847 817 semper,
878 729 1279 794 aeternitatem
1306 738 1667 817 perpetuam
1695 730 1864 810 facit,
1892 744 1956 795 et
1980 731 2060 796 ab
2087 754 2162 795 ea
2185 731 2252 796 in

586 846 750 898 statu
781 847 1085 910 servatur,
1116 846 1433 897 evanescet
1461 855 1607 898 vero
1634 832 1859 912 statim,
1884 833 1994 898 ubi
2021 856 2253 899 succes-

459 997 467 1003 .
587 934 859 1000 sionibus
900 933 1249 1022 subjeceris,
1288 949 1353 999 et
1383 934 1471 999 ita
1505 934 1766 1023 tempori
1793 935 1965 1003 velut
1989 936 2253 1019 emanci-

587 1036 810 1126 paris.”
867 1039 1180 1102 Caeterum
1207 1036 1286 1101 de
1311 1049 1585 1125 tempore
1613 1036 2118 1126 philosophorum
2147 1038 2254 1103 ali-

587 1155 745 1227 quot
774 1153 1048 1204 veterum
1093 1139 1420 1205 sententias
1465 1140 1720 1229 exponit
1761 1141 2137 1206 Plutarchus
2184 1141 2251 1206 in

589 1245 825 1322 Quaest.
846 1241 1135 1307 Platonn.
1163 1244 1276 1306 IV.
1299 1266 1365 1331 p.
1381 1260 1565 1326 1007.
1588 1266 1652 1330 p.
1678 1244 1780 1327 98.
1801 1267 1890 1331 sq.
1914 1245 2120 1332 Wytt.
2142 1244 2244 1310 Cf.

589 1344 953 1411 Cudworth.
1008 1347 1173 1432 Syst.
1220 1344 1525 1410 Intellect.
1566 1344 1848 1410 Univers.
1890 1346 2009 1410 IV.
2046 1365 2145 1414 21.
2178 1370 2245 1436 p.

584 1448 733 1531 467.
760 1446 859 1512 ed.
893 1446 1204 1511 Moshem.
1256 1449 1357 1511 De
1399 1448 1738 1514 aeternitate
1779 1462 1843 1513 et
1869 1448 1948 1513 de
1976 1460 2250 1537 tempore

583 1548 713 1637 ipoe
737 1564 947 1614 noster
973 1548 1378 1637 philosophus
1407 1549 1699 1637 singulari
1726 1550 1885 1615 libro
1912 1550 2060 1639 agit,
2080 1554 2246 1617 Eun.

587 1653 683 1717 11.
704 1670 764 1737 7.
783 1675 853 1740 p.
874 1671 1020 1738 325.
1052 1675 1190 1739 sqq.
1217 1651 1365 1717 item
1397 1651 1656 1717 Proclus
1683 1652 1748 1718 in
1779 1652 1988 1718 Instit.
2019 1654 2246 1721 Theol.

582 1778 635 1819 c.
669 1755 937 1821 LVIII.
967 1778 1102 1841 sqq.
1132 1777 1197 1841 p.
1231 1755 1332 1821 82.
1362 1778 1500 1841 sqq.
1532 1755 1631 1820 ed.
1661 1768 1850 1820 nostr.

666 1881 732 1944 p.
763 1858 868 1937 88,
903 1874 962 1940 7.
991 1859 1096 1922 οὐκ
1129 1857 1244 1938 ἄρα
1286 1857 1600 1939 ἆριθμητέα
1636 1860 1852 1945 χρόνῳ,
1885 1857 2020 1922 ἀλλ’
2052 1860 2244 1943 αἰῶνι]

586 1960 677 2025 Ut
702 1982 826 2025 non
855 1959 1114 2024 assecuti
1143 1973 1289 2023 sunt
1317 1959 1476 2023 hanc
1519 1960 1841 2025 sublimem
1870 1960 2250 2026 Platonicam

584 2062 958 2129 doctrinam:
1004 2061 1092 2126 ita
1118 2075 1321 2126 tamen
1366 2062 1559 2127 secuti
1596 2062 1741 2127 talia
1767 2062 2058 2132 videntur
2087 2062 2248 2150 Epi·

583 2165 770 2244 curei,
791 2187 936 2230 cum
963 2164 1027 2228 in
1051 2164 1191 2228 Diis
1216 2164 1630 2229 describendis
1657 2180 1976 2253 ponerent,
1999 2190 2142 2253 quae
2167 2165 2252 2231 le-

582 2282 820 2355 guntur
855 2290 955 2354 ap.
986 2267 1180 2354 Di‘og.
1215 2268 1427 2332 Laert.
1460 2268 1550 2331 X.
1580 2287 1722 2354 123.
1752 2274 1981 2351 πρῶτον
2005 2270 2118 2349 μὲν
2147 2268 2250 2333 τὸν

584 2371 741 2446 θεὸν,
788 2376 935 2446 ζῶον
977 2371 1280 2452 ἄφθαρτον
1320 2371 1414 2434 καὶ
1461 2369 1745 2452 μακάρων
1789 2372 2052 2451 νομίζων,
2098 2372 2173 2439 ὦς
2212 2373 2251 2453 ἦ

588 2473 749 2553 κοινὴ
792 2477 896 2537 τοῦ
940 2477 1079 2537 θεοῦ
1126 2473 1327 2552 νόησις
1368 2472 1680 2555 ὑπεγράφη
1724 2499 1772 2536 κ.
1798 2498 1849 2538 τ.
1868 2481 1928 2537 λ.
1975 2472 2085 2537 ubi
2117 2471 2244 2538 vid.

588 2576 845 2662 Menag.
891 2574 1064 2639 Hinc
1102 2573 1259 2638 illud
1288 2575 1468 2639 toties
1494 2574 1825 2662 repetitum
1862 2574 1930 2639 τὸ
1966 2575 2250 2656 μακάρων

585 2677 681 2742 καὶ
700 2678 1022 2760 ἄφθαρτον,
1046 2677 1237 2764 Diog.
1266 2678 1478 2743 Laert.
1504 2678 1599 2741 X.
1624 2698 1763 2763 139.
1786 2687 2083 2742 aetemum
2111 2679 2249 2742 bea-

581 2788 830 2868 tumque
857 2779 982 2844 Cic.
1013 2778 1092 2844 de
1114 2780 1197 2844 N.
1221 2782 1308 2844 D.
1336 2781 1396 2844 I.
1425 2796 1522 2862 17.
1551 2779 1700 2867 ibiq.
1729 2780 1945 2845 Davis.
1967 2794 2031 2845 et
2056 2792 2244 2845 nostr.

580 2896 817 2946 annott.
844 2904 907 2970 p.
935 2899 1039 2966 77.
1097 2881 1288 2946 Adde
1317 2883 1627 2970 Epicurea
1653 2882 1717 2947 in
1746 2882 2054 2947 Volumm.
2085 2884 2250 2947 Her-

582 2983 829 3049 culann.
865 2986 919 3049 1.
953 2986 1012 3049 6.
1045 3007 1108 3073 p.
1141 2986 1204 3049 6.
1233 2984 1335 3050 ed.
1364 2985 1582 3050 Rosini
1625 2984 1885 3073 Neapol.
1926 2997 1988 3050 et
2017 2988 2246 3051 Neme-

581 3086 739 3152 sium
767 3086 848 3152 de
876 3087 1025 3151 Nat.
1050 3087 1247 3152 Hom.
1268 3110 1406 3175 cap.
1431 3108 1535 3168 44.
1562 3111 1623 3175 p.
1641 3105 1792 3173 347.
1813 3087 1908 3152 ed.
1936 3088 2243 3153 Matthaei.

583 3187 802 3254 Cicero
828 3189 909 3255 de
937 3188 1122 3254 Finn.
1156 3191 1296 3255 1-11.
1324 3207 1425 3273 27.
1449 3193 1510 3275 ξ.
1535 3190 1634 3254 88.
1669 3189 1893 3268 “Quid
1915 3205 2007 3255 est
2034 3191 2244 3277 igitur,

580 3315 693 3358 cur
718 3291 808 3357 ita
844 3315 1084 3381 semper
1112 3293 1323 3358 Deum
1355 3293 1604 3358 beatum
1633 3293 1950 3381 Epicurus
1982 3292 2249 3381 appellet

580 3408 644 3459 et
671 3399 1017 3461 aeternum?
1061 3397 1293 3462 Demta
1317 3396 1481 3482 enim
1508 3396 1847 3461 aeternitate
1873 3395 2066 3460 nihilo
2094 3397 2250 3461 Bea-

580 3496 701 3563 tior
756 3497 1031 3585 Jupiter,
1088 3521 1278 3586 quam
1332 3499 1670 3587 Epicurus.
1757 3500 2044 3586 Uterque
2085 3497 2247 3563 enim

580 3622 824 3665 summo
848 3600 1015 3666 bono
1041 3601 1292 3681 fruitur,
1320 3602 1388 3666 id
1409 3618 1521 3681 est,
1545 3602 1921 3691 voluptate.''
1992 3603 2086 3665 At
2104 3600 2249 3666 Plo-

581 3701 750 3767 tinus
769 3701 834 3767 in
849 3702 1191 3768 aeternitate
1212 3719 1275 3770 et
1295 3704 1525 3769 virtute
1548 3704 1646 3769 vel
1674 3704 1883 3793 potius
1910 3703 1974 3768 in
1995 3704 2245 3784 virtute,

581 3827 726 3892 quae
769 3828 882 3870 sua
924 3819 1145 3871 natura
1191 3819 1421 3871 aeterna
1463 3820 1576 3887 est,
1612 3806 1864 3872 beatum
1906 3806 2060 3871 illud
2099 3806 2248 3894 poni

582 3907 741 3973 vult.
813 3907 955 3973 Vid.
1002 3908 1081 3973 de
1128 3909 1268 3974 Diis
1312 3932 1502 3997 supra
1544 3911 1780 3987 Quaest.
1814 3910 1909 3974 11.
1941 3933 2008 3996 p.
2035 3929 2142 3996 43.
2185 3923 2249 3974 et

582 4009 792 4077 confer
809 4010 1200 4076 Gassendum
1217 4011 1298 4076 de
1308 4011 1539 4076 Morali
1556 4011 1955 4099 Philosophia
1962 4010 2245 4098 Epicuri,

582 4127 729 4177 tom.
763 4113 862 4177 11.
889 4135 957 4200 p.
987 4129 1092 4199 59.

3909 579 3992 649 35

2336 729 2649 797 Nimirum
2698 753 2823 798 non
2877 745 3113 798 constat
3155 731 3270 798 sibi
3315 731 3382 797 in
3427 755 3521 811 eo,
3569 733 3763 820 quod,
3806 756 3994 821 quem

2333 832 2586 899 beatum
2613 834 2891 921 adeoque
2921 833 3427 922 sapientissimum
3464 834 3705 899 dixerat
3729 835 3994 901 eundem

2335 957 2500 1000 nunc
2527 936 2733 1002 minus
2761 936 3095 1024 sapientem
3123 951 3336 1025 ponat.
3423 938 3525 1002 De
3553 936 3723 1001 vario
3764 937 3991 1025 signifi-

2333 1053 2477 1103 catu
2513 1039 2682 1104 vocis
2720 1042 2997 1108 ὖπόθεσις
3027 1038 3171 1104 vide
3212 1040 3417 1105 locum
3461 1038 3777 1104 classicum
3825 1041 3996 1105 Sexti

2334 1140 2581 1229 Empir.
2609 1140 2748 1205 adv.
2781 1141 3016 1207 Matth.
3048 1144 3106 1208 I.
3135 1162 3191 1207 1.
3221 1162 3284 1229 3.
3311 1166 3375 1230 p.
3397 1162 3543 1229 310.
3570 1141 3719 1230 ibiq.
3750 1141 3997 1208 Fabric.

2333 1256 2395 1307 et
2411 1243 2584 1330 quod
2593 1244 3067 1310 Rhetoricorum
3084 1244 3414 1324 ὑποθέσεις,
3426 1268 3583 1332 quas
3597 1243 3683 1309 ibi
3698 1260 3997 1311 memorat

2336 1347 2586 1426 Sextus,
2615 1346 2856 1427 attinet,
2887 1347 2965 1412 cf.
3002 1347 3251 1412 Ernesti
3280 1348 3438 1412 Lex.
3471 1346 3775 1412 Technol.
3809 1348 3994 1412 Grae-

2332 1470 2488 1514 corr.
2518 1449 2778 1516 rhetorr.
2807 1473 2872 1538 p.
2898 1452 3047 1536 363.
3077 1473 3170 1538 sq.
3199 1464 3262 1515 et
3290 1450 3367 1515 de
3409 1448 3913 1537 philosophorum
3934 1464 3998 1515 et

2332 1551 2902 1618 mathematicorum
2919 1553 3242 1619 ὑποθέσεσι
3256 1551 3503 1618 consule
3520 1575 3708 1640 porro
3737 1554 3998 1619 Sextum

2335 1654 2644 1741 Pyrrhon.
2675 1656 3006 1743 Hypotyp.
3054 1655 3115 1719 Ι.
3152 1655 3288 1721 168.
3332 1678 3398 1743 p.
3440 1675 3547 1737 42.
3590 1654 3741 1744 ibiq.
3784 1669 3994 1721 annot.

2334 1755 2577 1821 Fabric.
2623 1770 2686 1821 et
2733 1756 2962 1844 Pyrrh.
3008 1759 3253 1845 Hypot.
3300 1759 3397 1823 11.
3448 1777 3548 1824 20.
3593 1782 3658 1846 p.
3705 1776 3809 1842 71.
3852 1781 3994 1823 cum

2332 1872 2461 1925 not.
2492 1859 2739 1925 Adhibe
2765 1882 3015 1947 quoque
3045 1859 3321 1926 Platonis
3347 1860 3631 1926 Definitt.
3657 1884 3722 1948 p.
3737 1877 3886 1946 415.
3911 1862 3995 1928 B.

2333 1961 2806 2049 Wyttenbachii
2849 1964 3169 2051 Praecepta
3214 1963 3431 2051 philos.
3470 1963 3722 2051 Logicae
3749 1963 3808 2027 I.
3840 1982 3901 2029 2.
3933 1967 3995 2050 ξ.

2339 2082 2439 2147 19.
2484 2086 2549 2151 p.
2593 2064 2699 2150 38.
2749 2063 2849 2129 ed.
2893 2065 3119 2131 noviss.
3161 2082 3224 2132 et
3269 2066 3467 2154 ejusd.
3515 2066 3890 2132 Animadvv.
3929 2066 3996 2131 in

2335 2165 2649 2231 Plutarch.
2680 2166 2760 2231 de
2788 2168 2960 2231 Fort.
2992 2166 3167 2233 Alex.
3198 2192 3263 2256 p.
3293 2190 3433 2233 111.
3462 2192 3551 2255 sq.

2416 2306 2503 2318 —
2527 2270 2629 2333 18.
2659 2272 3054 2355 περιχαρείας]
3092 2271 3275 2336 Conf.
3323 2293 3492 2358 supr.
3525 2271 3584 2335 Ι.
3613 2290 3678 2349 4.
3703 2290 3801 2338 12.
3844 2270 3990 2359 ibiq.

2332 2388 2537 2436 annot.

2415 2496 2482 2560 p.
2508 2472 2613 2558 89,
2635 2492 2695 2540 2.
2723 2475 2814 2538 ὅτι
2843 2475 3014 2557 ἐχθὲς
3042 2474 3136 2538 ἐπὶ
3165 2475 3302 2559 ὄψῳ
3328 2473 3512 2562 ἥσθη]
3535 2474 3829 2562 Xenoph.
3852 2478 3993 2541 Me-

2331 2597 2485 2640 mor.
2519 2577 2578 2640 I.
2606 2592 2671 2661 5.
2701 2578 2985 2661 4.-ὄψῳ
3031 2577 3126 2640 καὶ
3170 2578 3308 2661 οἴνῳ
3360 2577 3643 2659 χαίροντα
3685 2582 3920 2656 μᾶλλον
3954 2577 3992 2659 ἢ

2331 2684 2451 2746 τοῖς
2471 2680 2689 2760 φίλοις,
2708 2677 2817 2742 ubi
2840 2676 3192 2764 simpliciter
3220 2700 3335 2765 pro
3360 2680 3489 2742 cibo
3509 2678 3818 2767 accipiunt
3844 2703 3995 2746 non·
4089 2726 4097 2733 ·

2332 2779 2521 2856 nulli;
2553 2804 2698 2868 quae
2725 2780 3024 2845 sententia
3051 2803 3163 2844 nec
3183 2803 3222 2843 a
3238 2778 3587 2845 Plotiniano
3613 2780 3749 2847 loco
3774 2783 3995 2849 abhor-

2330 2898 2525 2958 reret;
2559 2895 2623 2948 et
2641 2882 2731 2947 ita
2752 2882 2987 2971 accepit
3005 2905 3213 2947 vocem
3237 2881 3504 2969 Engelh.
3548 2885 3770 2971 Neque
3791 2900 3996 2951 tamen

2332 2999 2445 3064 est,
2483 3008 2596 3050 cur
2637 2985 2702 3051 h.
2729 2984 2770 3050 l.
2800 3009 2839 3049 a
2879 2985 3190 3050 communi
3232 2984 3576 3072 significatu
3616 2987 3992 3067 recedamuS,

2328 3110 2457 3175 quo
2496 3087 2731 3175 accepit
2759 3087 3029 3153 Ficinus.
3104 3087 3399 3153 Barthius
3440 3087 3560 3153 ita:
3609 3096 3659 3129 “
3677 3105 3750 3155 ut
3777 3091 3828 3155 si
3854 3091 3994 3178 quis

2329 3190 2410 3255 de
2450 3189 2766 3278 quopiam,
2810 3191 2983 3278 quod
3039 3191 3172 3256 heri
3218 3207 3406 3279 gustu
3455 3190 3751 3257 eximium
3797 3216 3996 3259 eome-

2330 3292 2512 3374 derit,
2543 3292 2727 3359 hodie
2753 3317 2999 3358 sensum
3026 3294 3319 3382 repetat.”
3391 3294 3542 3360 Huc
3569 3294 3716 3360 facit
3745 3295 3992 3362 Phavo-

2329 3395 2501 3461 rinus
2526 3398 2656 3479 ὄψα
2681 3395 2961 3478 λέγονται
2997 3400 3071 3461 τὰ
3112 3402 3217 3462 τοῦ
3249 3399 3414 3462 σίτου
3441 3399 3759 3480 ἡδύσματα.
3852 3401 3994 3478 Quo

2331 3521 2511 3564 sensu
2538 3496 2861 3585 aliquoties
2888 3515 3148 3587 usurpat
3176 3500 3554 3588 Xenophon.
3587 3503 3824 3589 Cyrop.
3849 3504 3907 3567 1.
3926 3518 3988 3587 5.

2332 3619 2388 3685 7.
2426 3601 2542 3666 IV.
2571 3616 2632 3685 5.
2665 3619 2725 3666 2.
2794 3602 3062 3666 Memor.
3095 3602 3153 3666 Ι.
3183 3621 3245 3687 3.
3275 3619 3340 3686 5.
3409 3602 3535 3667 Cic.
3567 3602 3646 3666 de
3674 3602 3857 3667 Finn.
3891 3605 3989 3669 11.

2334 3705 2432 3772 28.
2465 3724 2566 3790 90.
2596 3702 2830 3767 “Huic
2870 3726 3007 3790 ego,
3040 3704 3089 3768 si
3132 3716 3383 3791 negaret
3424 3703 3763 3790 quidquam
3805 3704 3991 3771 inter·

2330 3829 2460 3871 esse
2498 3805 2580 3870 ad
2620 3806 2799 3870 beate
2831 3805 3187 3885 vivendum,
3227 3804 3396 3892 quali
3435 3816 3759 3872 uterentur
3797 3809 3986 3885 victu,

2331 3908 2756 3973 concederem:
2803 3907 3114 3972 laudarem
3157 3907 3378 3983 etiam;
3424 3931 3640 3973 verum
3689 3908 3851 3973 enim
3899 3909 3994 3974 di-

2328 4025 2529 4085 ceret;
2557 4010 2747 4098 idque
2778 4012 3107 4091 Socratem,
3129 4009 3237 4097 qui
3258 4009 3639 4098 voluptatem
3658 4011 3830 4078 nullo
3856 4012 3992 4080 loco

2329 4127 2633 4188 numerat,
2662 4112 2849 4177 audio
2876 4112 3200 4194 dicentem,
3226 4114 3348 4179 cibi
3379 4114 3827 4179 condimentum
3863 4131 3991 4182 esse

668 4251 756 4264 —
780 4233 879 4300 13.
908 4217 1069 4280 ἀλλὰ
1095 4215 1202 4296 τὴν
1231 4218 1297 4280 ἐκ
1331 4220 1550 4284 παντὸς
1589 4218 1808 4300 χρόνου
1840 4222 2041 4282 πᾶσαν
2069 4219 2237 4303 ὁμοῦ]
2302 4218 2576 4305 ιῙὶιτιιιῑηι,
2632 4215 2898 4303 potionis
2953 4214 3116 4280 sitim
3136 4217 3191 4280 :''
3247 4215 3357 4281 ubi
3404 4217 3852 4283 condimentum
3899 4235 3990 4284 est

586 4315 786 4380 Vertit
838 4318 1097 4383 Barth.:
1167 4326 1210 4358 “
1231 4318 1339 4384 sed
1385 4318 1561 4398 illud,
1606 4318 1777 4405 quod
1826 4318 2006 4384 simul
2051 4343 2245 4385 unum

582 4431 908 4506 totumque
961 4419 1041 4485 sit
1086 4421 1168 4486 ab
1223 4421 1523 4486 universis
1580 4420 1854 4487 seculis?
1937 4422 2240 4510 Engelh.:

577 4521 849 4586 condem
888 4522 1032 4605 (das
1081 4525 1313 4610 Leben)
1359 4525 1475 4589 das
1520 4546 1639 4589 aus
1679 4525 1793 4588 der
1824 4547 2082 4613 ganzm
2122 4525 2246 4590 seit

571 4644 753 4712 ganz
808 4625 1200 4715 hmvorgeht.
1274 4628 1420 4693 Hoc
1477 4640 1856 4715 postremum
1904 4627 2242 4691 verendum

578 4740 694 4806 est,
723 4749 802 4791 ne
828 4749 1096 4793 errorem
1121 4751 1335 4816 parere
1361 4729 1567 4817 possit.
1632 4730 1856 4816 Neque
1883 4728 2045 4794 enim
2072 4744 2246 4794 aeter-

580 4828 834 4894 nitatem
863 4853 943 4894 ex
964 4829 1093 4895 ullo
1114 4847 1386 4920 tempore
1413 4832 1578 4897 nasci
1596 4831 1911 4898 contendit
1931 4831 2238 4897 Plotinus:

578 4930 737 4996 illud
754 4930 894 4998 vult
911 4931 1192 5020 intelligi,
1211 4933 1400 4998 vitam
1430 4948 1743 5014 aeternam,
1767 4934 1817 4999 si
1844 4934 1924 4998 ad
1955 4933 2244 5022 temporis

579 5055 929 5099 mensuram
970 5035 1220 5115 referaS,
1250 5037 1419 5123 quod
1449 5037 1694 5125 proprie
1725 5037 1857 5102 fieri
1882 5060 2007 5102 non
2035 5036 2241 5116 debet,

580 5134 725 5201 inde
747 5136 830 5202 ab
863 5137 1031 5202 omni
1059 5153 1331 5227 tempore
1369 5162 1498 5204 esse
1536 5139 1716 5205 simul
1757 5138 2096 5227 integram;
2143 5138 2241 5204 ni-

578 5237 808 5303 mirum
835 5262 910 5303 eo
935 5240 1091 5328 ipso,
1120 5240 1294 5330 quod
1320 5264 1359 5306 a
1386 5244 1676 5330 temporis
1712 5241 1959 5307 notione
1994 5264 2245 5330 prorsus

580 5339 890 5407 abhorret.

663 5480 753 5497 —
770 5462 873 5528 17.
907 5446 1001 5510 καὶ
1041 5448 1146 5512 οὐκ
1187 5446 1262 5512 ἂν
1302 5450 1472 5529 τηροῖ
1507 5445 1613 5526 τὴν
1637 5446 1947 5531 ὑπόθεσιν]
1981 5445 2239 5511 Barth.z

585 5551 629 5587 “
647 5568 851 5636 neque
906 5546 974 5613 id
1022 5548 1430 5638 propositum,
1487 5548 1660 5638 quod
1713 5549 1902 5615 habet
1957 5548 2245 5616 tenebit.”

2328 4340 2681 4407 expressum
2712 4341 2790 4383 ex
2818 4318 3232 4406 metaphorico
3252 4341 3369 4383 usu
3395 4318 3555 4384 vocis
3576 4321 3734 4402 ὄψον
3753 4319 3818 4384 in
3845 4319 3994 4387 locis

2330 4420 2825 4508 Xenophonteis.
2880 4421 3202 4508 Adscripsi
3222 4435 3429 4488 autem
3449 4420 3758 4509 integrum
3785 4421 3990 4489 locum

2329 4524 2549 4604 Tullii,
2601 4523 2891 4612 quoniam
2935 4523 3000 4588 in
3050 4523 3263 4589 eodem
3306 4536 3672 4611 argumento
3711 4539 3992 4592 versatur

2325 4641 2513 4714 atque
2542 4626 2843 4691 Plotinus.
2933 4625 3190 4713 Proprie
3229 4628 3357 4709 ὄψα
3382 4641 3784 4714 opponuntur
3812 4629 3989 4708 ἡδύσ-

2326 4756 2474 4811 μασι
2515 4729 2641 4794 sive
2692 4728 3116 4794 condimentis.
3194 4728 3512 4793 Maximus
3552 4727 3787 4817 Tyrius
3824 4730 3987 4797 Diss.

2330 4833 2620 4897 XXIII.
2648 4851 2705 4896 1.
2729 4854 2794 4918 p.
2812 4848 2959 4917 437.
2984 4830 3198 4895 Reisk.
3221 4834 3296 4895 τὰ
3315 4834 3430 4913 γὰρ
3458 4832 3590 4914 ὄψα
3617 4833 3711 4896 καὶ
3731 4835 3805 4896 τὰ
3832 4836 3991 4900 σιτία

2325 4933 2671 5016 ἡδυσμάτων
2704 4934 3076 5015 συμμετρίαις
3122 4934 3215 4997 καὶ
3252 4932 3496 5014 κράσεσι
3531 4933 3626 4998 καὶ
3656 4938 3985 5012 ποικιλίαις,

2329 5039 2425 5102 καὶ
2453 5041 2523 5118 τῇ
2553 5040 2650 5102 διὰ
2674 5035 2851 5118 πυρὸς
2876 5037 3075 5121 ὁμιλία
3102 5036 3249 5100 αὐτὰ
3279 5037 3498 5100 ἑαυτῶν
3522 5039 3989 5120 προσφορῶτατα

2328 5139 2481 5205 εἶναι
2506 5139 2928 5221 παρασκεύαζε.
2991 5136 3356 5202 Aristoteles
3377 5137 3642 5203 Rhetor.
3674 5139 3811 5204 III.
3827 5159 3890 5223 3.
3922 5158 3986 5225 3.

2326 5263 2389 5329 Ρ.
2419 5242 2566 5308 208.
2600 5239 2915 5306 Gaisford.
2939 5240 3018 5305 de
3039 5239 3462 5305 Alcidamante
3481 5255 3753 5306 oratore:
3785 5241 3855 5304 οὐ
3873 5243 3989 5325 γὰρ

2328 5345 2404 5412 ὦς
2429 5345 2714 5425 ἡδύσματι
2739 5347 2966 5426 χρῆται,
2992 5342 3127 5407 ἀλλ’
3148 5344 3224 5411 ὧς
3252 5342 3544 5423 ἐδέσματι,
3565 5348 3687 5410 τοῖς
3707 5341 3990 5412 ἐπιθέτοις

2328 5449 2475 5513 οὕτω
2501 5451 2760 5523 πυκνοῖς,
2786 5446 2881 5510 καὶ
2904 5447 3129 5525 μείζοσι
3157 5446 3251 5510 καὶ
3280 5445 3586 5526 ἑπιδήλοις.
3661 5446 3819 5523 Quae
3845 5459 3989 5510 ante

2326 5548 2537 5709 omlozs
2585 5548 2804 5614 habuit
2854 5546 3118 5635 Dionys.
3170 5546 3375 5613 Halic.
3429 5548 3476 5612 J
3479 5544 3586 5612 ud.
3646 5544 3726 5612 de
3777 5547 3984 5615 Thuc.

2397 5657 2446 5709 F
