5118 6613
1099 556 1221 636 164

1096 753 1265 808 ναμις
1295 727 1389 791 καὶ
1418 725 1485 789 τὸ
1515 724 1847 808 ῥωμαλέον.
1896 723 1977 788 cf.
2008 723 2164 789 nbid.
2195 747 2257 813 p.
2293 724 2400 789 80.
2433 725 2540 791 82.
2577 725 2790 789 Theo-

1093 829 1297 895 doret.
1329 828 1503 894 Hist.
1532 826 1773 892 Eccles.
1807 827 1906 892 II.
1948 844 2046 913 15.
2078 849 2141 914 p.
2177 829 2324 915 873.
2359 825 2610 893 Schulz.
2639 852 2654 892 ε
2700 830 2798 892 διὰ

1091 933 1296 1013 Ἰησοῦ
1328 934 1594 1013 Χριστῶ
1626 934 1733 994 τοῦ
1772 932 1970 1012 κυρίου
2014 931 2179 1011 ἡμῶν
2213 930 2517 1012 ἐκήρυξαν,
2549 934 2656 994 τοῦ
2701 930 2798 994 καὶ

1095 1040 1197 1117 τῆς
1254 1038 1363 1115 σῆς
1417 1035 1739 1114 βασιλεως
1794 1037 2057 1117 φρουροΰ
2115 1033 2209 1097 καὶ
2257 1036 2359 1113 τῆς
2404 1037 2514 1113 σῆς
2559 1035 2798 1114 ῥύσεως

1094 1138 1543 1223 προστάτου.-

1180 1265 1250 1331 p.
1266 1260 1420 1327 515,
1458 1260 1552 1322 14
1605 1242 2103 1322 βρίσαντος-εἷς
2129 1242 2274 1320 βίον
2302 1239 2572 1323 θήρειον]
2619 1239 2797 1305 Plato

1096 1344 1372 1411 Phaedro
1387 1366 1451 1430 p.
1468 1358 1612 1425 247.
1625 1342 1688 1408 b.
1712 1345 1910 1425 βρίθει
1926 1345 2042 1425 γὰρ
2061 1344 2094 1406 ὁ
2117 1347 2217 1423 τῆς
2236 1342 2410 1423 κάκης
2430 1345 2607 1411 ἵππος
2621 1343 2793 1424 μετέ-

1095 1474 1244 1534 χων,
1276 1447 1373 1512 ἐπὶ
1401 1450 1517 1529 γῆν
1539 1446 1739 1529 ῥέπων
1755 1471 1821 1511 τε
1852 1447 1948 1510 καὶ
1974 1447 2274 1527 βαρύνων.
2321 1448 2505 1532 cujus
2525 1446 2644 1511 loci
2660 1445 2797 1510 imi-

1095 1552 1360 1617 tationes
1386 1550 1747 1636 frequentes
1774 1547 2070 1613 indicavit
2097 1546 2163 1612 in
2194 1550 2322 1635 Ep.
2356 1549 2519 1613 Crit.
2553 1572 2620 1637 p.
2650 1550 2795 1632 264.

1093 1676 1233 1743 sqq.
1265 1669 1327 1719 et
1356 1676 1424 1741 p.
1461 1654 1606 1737 269.
1635 1650 1740 1715 ed.
1774 1650 1947 1739 Lips.
1984 1649 2531 1739 Wyttenbachius.
2625 1650 2798 1716 Alios

1092 1759 1268 1825 locus
1294 1755 1565 1842 collegit,
1612 1754 1795 1820 simul
1841 1755 1922 1820 de
1952 1755 2127 1819 verbi
2157 1754 2219 1819 vi
2259 1777 2578 1843 exponens
2623 1755 2797 1819 Mat-

1096 1861 1245 1928 thaei
1272 1860 1353 1926 ad
1381 1860 1427 1924 J
1432 1884 1491 1924 o.
1527 1858 1961 1946 chrysostomi
2004 1856 2249 1922 Homil.
2282 1857 2428 1922 111.
2459 1879 2526 1944 p.
2567 1876 2666 1923 12.
2696 1880 2793 1944 sq.

1095 1980 1227 2031 not.
1257 1984 1364 2050 33.
1411 1962 1490 2027 cf.
1537 1961 1724 2026 etiam
1762 1959 2130 2026 Boissonad.
2178 1959 2260 2024 ad
2304 1960 2672 2025 Aristaenet.
2719 1962 2794 2024 V.

1092 2092 1161 2157 p.
1193 2071 1344 2154 649.
1391 2080 1455 2131 et
1499 2065 1751 2131 Jacobs.
1784 2064 1867 2129 ad
1915 2063 2283 2130 Philostrati
2319 2064 2563 2151 lmagg.
2597 2065 2654 2128 I.
2691 2064 2790 2128 18.

1091 2196 1159 2262 p.
1189 2191 1339 2259 321.
1416 2167 1677 2234 Addam
1719 2166 1928 2233 locum
1973 2165 2328 2245 Iamblichi,
2365 2166 2791 2255 integriorem,

1092 2298 1286 2365 quam
1314 2274 1378 2338 in
1410 2272 1593 2338 editis
1631 2270 1920 2359 legimus»,
1949 2269 2029 2335 de
2071 2271 2344 2359 Myster.
2376 2271 2676 2358 AEgyptt.
2713 2271 2790 2334 V.

1098 2400 1197 2447 11.
1231 2402 1298 2467 p.
1338 2393 1480 2461 127.
1512 2373 1734 2440 Galei:
1784 2375 2096 2457 ἀναγωγός
2137 2398 2204 2438 τε
2240 2373 2337 2438 ἐπὶ
2376 2372 2444 2437 τὸ
2491 2379 2655 2438 θεῖον
2696 2374 2790 2438 καὶ

1091 2484 1369 2567 οὐράνιον
1409 2485 1525 2563 πῦρ
1556 2480 1651 2545 καὶ
1691 2480 1900 2554 ἆῦλον,
1943 2477 2081 2542 ἀλλ’
2112 2478 2250 2562 οὐχὶ
2296 2476 2449 2542 κάτω
2492 2480 2793 2560 βρίθουσα

1089 2587 1225 2669 περὶ
1253 2585 1363 2665 τὴν
1388 2585 1540 2664 ὕλην
1571 2582 1668 2647 καὶ
1701 2582 1810 2661 τὴν
1845 2580 2110 2664 γένεσιν·
2159 2584 2214 2646 εἰ
2248 2583 2363 2661 μὲν
2400 2585 2516 2664 γὰρ
2543 2584 2690 2663 ὕλης
2716 2582 2792 2662 ἦν

1090 2688 1458 2772 γλυκυθυμία
1502 2711 1590 2752 τις
1628 2685 1667 2765 ἡ
1699 2683 1897 2766 (fort.'
1912 2682 1980 2768 ἢ)
2031 2687 2128 2749 διὰ
2171 2690 2291 2749 τῶν
2340 2684 2458 2749 ἀπὸ
2505 2689 2608 2765 τῆς
2648 2688 2794 2766 ὕλης

1094 2789 1261 2873 (haec
1288 2786 1534 2874 explevi
1565 2810 1647 2851 ex
1697 2784 1860 2852 cod.
1893 2808 2075 2851 mscr.
2119 2787 2438 2869 Gothano,
2480 2789 2662 2875 cujus
2692 2811 2796 2853 va·

1090 2891 1214 2956 rias
1256 2890 1551 2955 lectiones
1601 2887 1780 2953 Frid.
1809 2889 1855 2953 J
1860 2888 2091 2953 acobsii
2130 2888 2331 2955 officio
2369 2908 2655 2979 acceptas
2699 2913 2793 2955 re-

1089 2993 1255 3078 fero)
1304 2995 1503 3072 ἀτμόν
1553 2990 1916 3066 δελεάζουσα
1962 2993 2076 3074 (sc.
2112 2993 2247 3060 τοὺς
2289 2995 2599 3076 δαίμονας)
2647 2995 2795 3059 ἀπό·

1091 3103 1323 3169 λαυσις,
1368 3097 1523 3178 χρῆν
1551 3095 1833 3175 ἀκεραίαν
1865 3093 2173 3177 (ἀκέραιον
2213 3095 2373 3161 Cod.
2425 3098 2659 3182 Goth.)
2689 3098 2797 3177 τὴν

1091 3200 1243 3278 ὕλην
1273 3197 1446 3262 εἶναι.

1178 3324 1246 3389 p.
1270 3301 1425 3387 516,
1455 3319 1523 3386 3.
1567 3297 1947 3380 πεπεδήμεθα
1975 3302 2057 3385 τῷ
2090 3297 2272 3386 κάτω]
2307 3301 2589 3391 Hesych.
2611 3330 2793 3369 πεπε-

1097 3403 1364 3485 δημένος·
1414 3402 1742 3484 δεδεμένος·
1818 3402 2160 3467 Homerica
2215 3420 2529 3493 reputato,
2582 3422 2654 3472 ut
2690 3407 2796 3473 illa

1096 3506 1285 3573 Iliad.
1315 3504 1386 3571 δ’.
1419 3523 1571 3593 517.
1596 3511 1774 3588 μοῖρα
1804 3505 1988 3570 αὐτὸν
2012 3505 2290 3587 ἐπέδησε.
2343 3506 2422 3594 χ’.
2447 3530 2507 3595 5.
2531 3509 2795 3594 Ἕκτορα

1092 3610 1141 3675 δ’
1163 3611 1342 3678 αὐτοῦ
1357 3616 1558 3691 μεῖναι
1577 3610 1728 3689 ὀλοὴ
1749 3615 1953 3692 Μοῖρα
1968 3609 2251 3690 πέδησεν.
2299 3611 2530 3700 Odys&
2554 3612 2626 3678 δ’.
2639 3615 2792 3699 580.

1091 3716 1257 3782 ὅστις
1281 3712 1339 3794 μ’
1379 3713 1693 3779 ἀθανάτων
1718 3712 1912 3799 πεδάᾳ
1941 3715 2039 3777 καὶ
2069 3714 2248 3795 ἔδησε
2278 3718 2585 3782 κελεύθου.
2614 3733 2677 3782 et
2716 3717 2794 3781 si-

1092 3815 1286 3881 milia.

1164 3956 1250 3969 —
1271 3939 1337 4003 9.
1361 3919 1475 4003 οὐχ
1504 3918 1945 4001 ἐνοχλουμένου
1969 3922 2035 3984 δὲ
2051 3919 2320 4005 παρέχον
2339 3923 2646 4008 μερίμνας]
2686 3923 2798 3988 Li-

1094 4020 1303 4085 berius
1329 4020 1465 4085 haec
1496 4018 1768 4084 reddidit
1800 4021 1941 4085 Fic.
2007 4022 2073 4086 Si
2103 4021 2289 4087 lectio
2314 4046 2492 4100 sana,
2520 4024 2798 4112 cogitan-

1090 4121 1246 4186 dum
1296 4125 1443 4186 κατᾶ
1489 4121 1556 4185 τὸ
1598 4146 1662 4185 π.
1694 4148 1758 4201 μ.
1848 4124 2013 4187 Cum
2068 4147 2191 4189 non
2243 4127 2657 4193 conturbetur
2698 4151 2795 4207 eo,

1090 4224 1266 4313 quod
1291 4223 1582 4289 exhibeat
1619 4222 1932 4289 molestias
1965 4224 2489 4313 (sollicitudines).
2565 4230 2677 4296 Ad
2707 4254 2799 4296 se-

1091 4326 1348 4414 quentia
1376 4326 1605 4391 adhibe
1654 4325 1936 4393 Platonis
1978 4328 2294 4394 Timaeum
2333 4354 2402 4419 p.
2427 4352 2535 4419 30.
2568 4356 2796 4421 sqq.—

1092 4431 1235 4495 Vox
1261 4430 1541 4513 ἠρέμησις
1583 4430 1703 4496 sub
1737 4431 1928 4496 finem
1963 4432 2186 4520 capitis
2227 4449 2292 4499 et
2329 4434 2466 4523 ipsa
2511 4436 2795 4502 Platonis

1091 4532 1407 4598 admonet.
1469 4531 1616 4597 vid.
1661 4532 1940 4620 Sophist.
1974 4557 2041 4622 p.
2091 4534 2235 4617 248.
2286 4559 2351 4624 p.
2394 4555 2534 4624 195.
2587 4536 2792 4602 Bekk.

1091 4635 1202 4700 ubi
1231 4635 1300 4701 τὸ
1329 4635 1583 4717 ἠρεμοῦν
1611 4635 1873 4700 docetur
1902 4659 2015 4703 nec
2045 4644 2337 4705 κινεῖσθαι
2367 4663 2481 4705 nec
2507 4641 2791 4726 πάσχειν.

1093 4737 1267 4802 Hinc
1310 4737 1549 4819 ἠρεμεῖν
1592 4736 1793 4802 eidem
1831 4737 1898 4802 in
1945 4739 2184 4827 Gorgia
2227 4764 2293 4829 p.
2328 4758 2483 4827 575.
2531 4765 2599 4830 p.
2645 4761 2789 4828 171.

1091 4838 1292 4906 Bekk.
1341 4839 1525 4904 etiam
1573 4840 1655 4905 de
1705 4841 2052 4907 rationibus
2100 4843 2547 4932 principiisque
2597 4846 2792 4911 firmis

1091 4958 1457 5030 usurpatur,
1500 4965 1647 5028 quae
1687 4942 1862 5008 nulla
1910 4943 2325 5025 dubitatione,
2378 4946 2554 5012 nullo
2605 4971 2792 5036 argu-

1091 5061 1303 5112 mento
1331 5044 1669 5110 disturbari
1697 5061 1908 5133 queat.

1177 5173 1238 5238 p.
1269 5164 1423 5235 517,
1448 5165 1506 5212 2.
1552 5144 1589 5227 ἢ
1623 5148 1717 5212 καὶ
1754 5150 1793 5229 ἡ
1835 5150 2062 5232 αἵρεσις
2103 5152 2419 5231 ἐκεῖ-τὴν
2453 5154 2555 5232 τῆς
2589 5155 2791 5235 ψυχῆς

1089 5254 1436 5335 προαίρεσιν
1482 5251 1578 5313 καὶ
1621 5249 2322 5339 διάθεσιν-αἰνίττεται]
2404 5252 2596 5331 Quod
2653 5253 2788 5318 Fic.

1089 5369 1433 5441 utrumque
1441 5366 1713 5417 verterat
1731 5354 1963 5434 electio,
1984 5377 2104 5442 ego
2118 5354 2581 5444 perspicuitatis
2603 5379 2791 5421 causa

2075 551 2900 619 ANNOTATIONES
2966 554 3077 619 IN
3140 552 3594 618 PLOTINI

2883 728 3105 792 LVII.
3148 749 3214 814 p.
3250 728 3391 812 163.
3422 725 3522 791 ed.
3557 744 3745 790 nostr.
3779 726 3949 791 Fref.
3981 724 4106 790 ita:
4154 724 4201 813 ᾧ
4241 726 4336 791 καὶ
4373 729 4568 804 δῆλον,

2882 832 2974 895 ὅτι
3001 831 3105 895 οὐκ
3137 832 3441 910 ἐξαπαιτεῖ
3466 828 3634 916 (lege
3663 830 3755 894 ὅτι
3793 829 3902 893 οὐκ
3943 831 4011 894 ἐκ
4047 828 4271 896 παντὸς
4310 831 4569 912 ἀπαιτεῖ)

2883 934 2951 999 τὸ
2983 935 3234 1014 δαίμονα
3273 938 3455 997 κινεῖν
3492 934 3642 1013 ἡμᾶς
3683 934 3781 997 ἐπὶ
3814 935 3918 1001 τὰς
3955 931 4209 1014 πράξεις,
4252 930 4391 995 ἀλλ’
4432 932 4571 995 ὅταν

2884 1036 3236 1120 ἀγαθοειδῆς
3261 1037 3425 1116 ἡμῶν
3452 1036 3491 1116 ἡ
3523 1037 3866 1117 προαίρεσις
3891 1033 3949 1116 ᾖ,
3983 1036 4079 1100 καὶ
4113 1035 4181 1099 τὸ
4209 1035 4291 1116 μὴ
4320 1034 4565 1117 ἀποτρέ-

2882 1145 3102 1205 πεσθαι
3151 1141 3297 1220 μηδὲ
3349 1138 3765 1223 ἐξεργάζεσθαι
3817 1137 3970 1224 (leg.
4018 1140 4420 1223 ἐξείργεσθαι)
4468 1164 4569 1218 ση·

2880 1246 3052 1324 μεῖόν
3083 1245 3213 1307 ἐστι
3234 1246 3341 1306 τοῦ
3371 1240 3724 1321 καθήκοντος
3749 1242 3890 1322 ἡμῖν
3917 1242 4026 1320 τὴν
4053 1246 4265 1323 πρᾶξιν
4295 1241 4450 1328 (leg.
4472 1245 4572 1304 τοῦ

2886 1345 3212 1431 καθήκειν).
3306 1346 3384 1409 111
3417 1344 3855 1431 sequentibus:
3905 1344 3999 1409 καὶ
4027 1344 4135 1409 τὸν
4157 1345 4427 1424 δαίμονα,
4460 1352 4568 1426 φη·

2883 1450 3004 1523 σὶν,
3035 1450 3141 1513 οὐκ
3170 1447 3545 1512 ἀλλάττει-αι’
3594 1462 3658 1512 et
3686 1450 3832 1512 ὅταν
3861 1450 3926 1512 δὲ
3963 1447 4212 1529 λέγηται
4241 1448 4317 1514 ὧς
4344 1451 4572 1529 πρῶτον

2880 1554 2940 1616 οἱ
2987 1556 3211 1635 κλῆροι,
3258 1574 3476 1615 rursus
3519 1550 3767 1639 respicit
3807 1549 4249 1615 nobilissimam
4295 1549 4570 1614 fabulam

2883 1654 3161 1720 Platonis
3205 1654 3271 1719 in
3318 1652 3710 1741 Reipublicae
3745 1667 4027 1718 extremo
4056 1651 4160 1716 lib.
4191 1653 4285 1716 X.
4315 1675 4380 1741 p.
4429 1653 4568 1735 617.

2881 1782 2971 1845 sq.
3001 1781 3070 1846 p.
3089 1759 3238 1844 508.
3266 1780 3359 1844 sq.
3381 1755 3578 1820 Bekk.
3626 1757 3731 1822 Cf.
3753 1756 3941 1822 etiam
3962 1756 4383 1820 Xenocratem
4402 1755 4572 1843 apud

2882 1860 3288 1926 Aristotelem
3321 1859 3617 1947 Topicor.
3654 1859 3754 1925 11.
3784 1879 3841 1926 2.
3874 1883 3938 1948 p.
3969 1878 4117 1944 299.
4170 1857 4575 1946 Sylb.—Illis

2882 1977 3094 2029 autem
3138 1963 3333 2028 οὐκέτι
3369 1962 3438 2026 τὸ
3486 1969 3656 2044 σῶμα
3696 1966 3886 2028 αἴτιον
3913 1962 4156 2029 οὐδενὸς
4198 1965 4379 2027 κακοῦ
4422 1963 4575 2048 αὐτῷ

2885 2064 3209 2154 AEgyptiis
3250 2089 3328 2129 ex
3375 2080 3554 2152 parte
3589 2063 3954 2151 obloquitur
3983 2064 4336 2153 AEgyptius
4379 2064 4575 2153 philo-

2881 2170 3140 2258 sophus.
3204 2167 3526 2233 Plutarch.
3554 2167 3635 2232 de
3664 2191 3772 2232 esu
3802 2190 3971 2232 carn.
3996 2191 4059 2255 p.
4092 2172 4241 2253 996.
4267 2169 4352 2232 Ε.
4381 2191 4445 2255 p.
4467 2188 4572 2253 54.

2879 2275 3093 2361 Wytt.
3139 2272 3313 2337 Ἐπεὶ
3362 2278 3553 2340 καλῶς
3599 2272 3783 2355 εἶχεν,
3834 2273 4037 2352 ὥσπερ
4087 2272 4402 2354 Αἰγύπτιοι
4456 2277 4571 2335 τῶν

2879 2383 3101 2459 νεκρῶν
3146 2377 3253 2456 τὴν
3298 2377 3529 2440 κοιλίαν
3581 2377 3889 2455 ἐξελόντες
3941 2374 4036 2438 καὶ
4078 2373 4227 2455 πρὸς
4262 2373 4369 2438 τὸν
4404 2374 4576 2452 ἥλων

2877 2482 3299 2565 ἀνασχίζοντες
3329 2478 3755 2559 ἐκβάλλουσιν,
3789 2479 3867 2544 ὥς
3896 2479 4090 2541 αἰτίαν
4119 2475 4399 2540 ἁπάντων
4428 2478 4511 2540 ὧν
4540 2479 4573 2538 ὁ

2877 2586 3191 2667 ἄνθρωπος
3217 2584 3496 2665 ἥμαρτεν,
3530 2584 3711 2648 οὕτως
3738 2582 3886 2661 ἡμᾶς
3926 2580 4166 2647 ἑαυτοὺς
4193 2579 4303 2660 τὴν
4329 2605 4569 2662 γαστρι·

2877 2689 3137 2771 μαργίαν
3175 2689 3270 2752 καὶ
3306 2686 3656 2767 μιαιφονίαν
3696 2682 4102 2763 ἐκτέμνοντας,
4136 2686 4426 2766 ἁγνεῦσαι
4469 2684 4572 2747 τὸν

2879 2790 3096 2855 λοιπὸν
3121 2791 3285 2869 βίον.
3374 2789 3477 2852 De
3518 2809 3649 2874 quo
3677 2809 3794 2850 usu
3825 2784 4007 2873 plura
4037 2784 4256 2871 collegi
4285 2785 4350 2849 in
4383 2787 4570 2850 Com·

2883 2905 3104 2957 mentt.
3135 2890 3475 2956 Herodott.
3509 2890 3569 2953 I.
3603 2908 3666 2975 3.
3699 2911 3759 2976 p.
3781 2908 3885 2973 30.
3916 2911 4050 2975 sqq.
4119 2887 4403 2974 Dignum
4429 2911 4576 2952 vero

2884 2995 3182 3083 magistro
3222 2993 3596 3082 discipulum
3643 3008 3922 3079 arguunt
3964 2991 4101 3056 haec
4144 2992 4484 3079 Porphyrii
4509 2992 4573 3056 in

2882 3098 3168 3187 Epistola
3219 3098 3303 3163 ad
3342 3096 3707 3161 Marcellam
3754 3120 3811 3161 c.
3866 3115 3967 3181 29.
4006 3118 4071 3183 p.
4100 3115 4207 3182 50.
4258 3094 4361 3160 ed.
4398 3097 4572 3182 Ang.

2883 3201 3044 3266 Maii
3072 3224 3206 3289 prc.
3236 3225 3251 3265 ε
3302 3203 3474 3280 Μηδὲ
3504 3201 3821 3278 αἰτιώμεθα
3850 3199 3958 3278 τὴν
3988 3197 4182 3281 σάρκα
4209 3200 4287 3266 ὥς
4322 3205 4441 3263 τῶν
4468 3224 4570 3278 με-

2878 3305 3086 3390 γάλων
3111 3312 3302 3371 κακῶν
3320 3305 3535 3378 αἰτίαν,
3564 3300 3693 3384 μηδ’
3722 3305 3804 3369 εἰς
3826 3305 3901 3367 τὰ
3927 3301 4246 3385 πράγματα
4272 3300 4576 3384 τρέπωμεν

2878 3413 2983 3477 τὰς
3029 3409 3374 3491 δυσφορίας,
3417 3410 3486 3472 ἐν
3532 3409 3597 3470 δὲ
3637 3410 3707 3486 τῇ
3751 3410 3922 3489 ψυχῇ
3969 3408 4074 3472 τὰς
4118 3406 4343 3470 τούτων
4389 3406 4576 3470 αἰτίας

2878 3518 3116 3593 μᾶλλον
3144 3517 3422 3591 ζητῶμεν.

2964 3652 3054 3666 --
3089 3635 3191 3679 11.
3239 3614 3368 3678 ἐπεὶ
3405 3612 3501 3677 καὶ
3545 3613 3867 3695 αὶ-τῦχαι
3911 3611 4021 3689 τὴν
4047 3611 4198 3691 ὅλην
4225 3613 4574 3694 προαίρεσιν

2879 3719 2985 3784 οὐκ
3006 3716 3457 3805 ἐκβιβάζουσιν]
3493 3718 3549 3780 F
3551 3715 3625 3779 ic.
3663 3728 3971 3778 verterat:
4002 3715 4575 3802 transgrediuntur

2883 3822 3123 3910 (potius
3165 3819 3435 3885 debebat
3482 3818 3853 3906 transgredi
3870 3818 4170 3903 faciunt,
4199 3819 4571 3905 expellunt.)

2882 3924 3064 4011 Legit
3109 3924 3303 4011 igitur
3346 3938 3410 3988 et
3452 3923 3584 4010 ipse
3630 3921 4071 4001 ἐκβιβάζουσιν.
4162 3923 4386 4009 Atque
4414 3923 4574 3988 hanc

2881 4026 3203 4093 lectionem
3235 4026 3354 4091 hoc
3386 4025 3583 4111 magis
3612 4023 4003 4101 retinuimus,
4035 4023 4331 4110 quoniam
4365 4024 4576 4091 Plato-

2884 4129 3126 4194 tonicus
3172 4152 3325 4194 usus
3376 4128 3767 4193 commendat
3817 4142 3881 4191 et
3939 4149 4154 4191 sensus
4208 4129 4575 4195 commodus

2882 4230 3028 4295 inde
3085 4231 3417 4300 enascitur.
3510 4230 3862 4316 Utriusque
3911 4228 4087 4294 verbi
4130 4230 4415 4296 confusio
4453 4232 4574 4298 fre-

2884 4355 3104 4420 quens.
3151 4331 3293 4397 Vid.
3318 4333 3596 4397 Dor-vill.
3624 4331 3706 4396 ad
3732 4330 4059 4396 Chariton.
4085 4330 4210 4396 VI.
4238 4351 4298 4399 2.
4325 4357 4393 4421 p.
4418 4336 4569 4420 605.

2882 4436 3053 4521 Lips.
3095 4437 3186 4523 [p.
3220 4437 3365 4500 662.
3399 4435 3642 4523 Amst.]
3734 4437 3887 4499 Huc
3914 4434 4063 4499 facit
4103 4434 4166 4499 in
4201 4435 4420 4523 primis
4447 4441 4574 4502 Ar-

2880 4537 3091 4602 rianus
3133 4538 3196 4602 in
3240 4538 3531 4604 Dissertt.
3593 4537 3806 4625 Epict.
3867 4539 3922 4602 I.
3981 4541 4076 4602 18.
4140 4559 4246 4604 21.
4307 4564 4371 4629 p.
4427 4561 4567 4606 102.

2883 4639 3172 4727 Schwgb.
3220 4643 3329 4708 Τίς
3376 4642 3483 4705 οῦν
3540 4642 3573 4704 δ
3626 4640 3944 4720 ἀήττητοςς
3993 4641 4066 4705 δν
4116 4643 4223 4706 οὐκ
4270 4644 4572 4724 ἐξίστησιν

2878 4745 3053 4810 οὐδὲν
3092 4750 3210 4809 τῶν
3249 4744 3675 4828 ἀπροωρέτων.
3727 4744 3855 4808 εἶτα
3892 4745 4108 4809 λοιπὸν
4151 4746 4408 4826 ἑκάστην
4454 4754 4573 4812 τῶν

2876 4847 3287 4929 περιστάσεων
3346 4849 3743 4931 ἐπερχόμενος
3811 4847 4256 4928 καταμανθάνω,
4327 4852 4406 4918 ὧς
4475 4853 4573 4915 ἐπὶ

2878 4954 2985 5014 τοῦ
3029 4951 3307 5031 ἀθλητοῦ·
3357 4951 3526 5016 οὗτος
3573 4952 3854 5030 ἐξεβίασε
3905 4951 4010 5014 τὸν
4049 4958 4283 5033 πρῶτον
4330 4957 4569 5037 κλῆρον.

2882 5050 3233 5138 Schweigh.
3255 5051 3319 5115 in
3342 5049 3545 5116 Indic.
3569 5049 3808 5116 mavult
3834 5077 3849 5114 z
3897 5052 4252 5132 ἐξεβιάσατο
4274 5079 4329 5119 τ.
4350 5081 4451 5137 πρ.
4475 5063 4567 5119 κλ.

2882 5153 3006 5218 Sed
3066 5154 3208 5219 libri
3268 5153 3479 5242 plures
3530 5154 3618 5219 ibi
3672 5155 3978 5219 offerunt:
4030 5158 4375 5236 ἐξεβίβασε.
4470 5160 4571 5223 De

2876 5280 3005 5344 qua
3028 5256 3290 5322 lectione
3326 5259 3618 5347 Uptonus
3633 5258 3755 5323 ita:
3806 5269 3851 5298 ‘⁶
3878 5258 3998 5323 Sed
4033 5258 4362 5325 Meibomii
4393 5261 4573 5327 lectio

2879 5382 3002 5425 non
3030 5360 3317 5448 displicet
3347 5363 3694 5442 ἐξεβίβασε.
3761 5363 3923 5425 Ν8111
3957 5362 4254 5443 ἐκβιβάζω
4275 5379 4369 5429 est
4396 5367 4572 5429 exire

1088 5457 1169 5522 ad
1225 5454 1533 5543 posterius
1591 5454 1781 5520 semel
1835 5457 2141 5544 apposui:
2197 5462 2615 5547 propositum.
2709 5462 2791 5526 In
2846 5464 3061 5549 facie.
3148 5464 3541 5530 Dicebantur
3560 5479 3767 5530 autem
3798 5469 3995 5544 exire,
4020 5489 4293 5553 quorum
4319 5467 4576 5535 nomina

1087 5558 1347 5625 eandem
1397 5572 1611 5624 autem
1653 5557 2022 5625 sententiam
2074 5561 2338 5628 Proclus
2392 5564 2458 5629 in
2496 5563 2645 5630 Alc.
2687 5587 2788 5653 pr.
2878 5566 3150 5632 sortibus
3168 5566 3486 5656 inscripta,
3510 5568 3701 5655 inque
3723 5590 3943 5633 urnam
3974 5568 4260 5651 demissa,
4280 5549 4428 5635 inde
4455 5595 4570 5637 ex-
