5118 6613
1348 510 1549 574 LIB.
1601 509 1716 574 1v.
1767 510 2242 575 ENNEAD.
2290 508 2766 587 QUARTAE.
2809 532 2871 596 p.
2905 511 3271 597 746—749.

559 683 858 748 Ἡσίοδον
900 683 1322 764 εὐθημοσύνης,
1357 682 1465 746 ubi
1495 683 1558 745 in
1596 706 1711 746 suo
1757 681 1989 746 Codice
2028 679 2271 767 Xylan-

561 788 675 851 der
724 786 869 851 item
924 786 1223 873 reperisse
1267 785 1519 850 videtur
1564 785 1982 865 εὖθυμοσύνης.
2083 782 2265 847 Idem

563 890 862 954 mendum
892 887 1233 953 eluendum
1263 903 1357 952 est
1386 910 1464 951 ex
1499 886 1725 951 Proclo
1753 886 1818 950 in
1851 885 2169 951 Timaeum
2197 908 2260 972 p.

565 994 666 1058 28.
704 1015 878 1079 supr.
915 992 1023 1057 ubi
1064 991 1144 1056 de
1174 990 1499 1077 Apaturiis
1545 990 1634 1054 ita
1667 989 1769 1054 hic
1814 988 2262 1077 philosophus:

561 1097 629 1159 τὸ
660 1098 725 1159 δὲ
756 1097 830 1160 αὖ
858 1100 960 1175 τῆς
988 1093 1213 1174 ἀπάτης
1250 1096 1470 1157 οἰκεῖον
1508 1099 1630 1159 τοῖς
1668 1094 2009 1173 ἑγκοσμίοις
2046 1095 2269 1156 εἴδεσιν

563 1196 946 1277 ἑξισταμένης
989 1195 1140 1282 (leg.
1204 1194 1636 1278 ἐξισταμένοις)
1698 1194 1816 1258 ἀπὸ
1864 1201 1983 1258 τῶν
2034 1196 2266 1276 ἀμερῶν

564 1301 662 1364 καὶ
700 1297 902 1364 ἀΰλων
930 1301 1155 1382 λόγων,
1190 1299 1284 1362 καὶ
1326 1296 1711 1380 φαινομένοις
1748 1297 1881 1360 ἀντὶ
1923 1302 2043 1360 τῶν
2084 1299 2269 1363 ὅντως

563 1405 755 1466 ὄντων
782 1400 1147 1484 γενομένοις.
1193 1402 1230 1480 ἡ
1269 1402 1333 1463 δὲ
1366 1399 1641 1482 ἐγγραφὴ
1670 1404 1788 1463 τῶν
1814 1399 2043 1463 παίδων
2071 1404 2263 1478 μιμεῖ-

561 1529 658 1568 ται
685 1508 792 1571 τὰς
824 1510 943 1568 τῶν
986 1509 1239 1585 μερικῶν
1276 1508 1496 1587 ψυχῶν
1537 1505 1619 1569 εἰς
1664 1503 1799 1569 τοὺς
1833 1503 2083 1570 οἰκείους
2122 1500 2263 1581 κλή-

559 1632 698 1687 ρους
726 1605 1066 1685 κατατάξεις
1096 1606 1192 1669 καὶ
1219 1609 1325 1672 τὰς
1347 1608 1430 1671 εἰς
1451 1605 1769 1687 διαφόρους
1791 1602 2063 1686 γενέσεις
2096 1605 2267 1667 καθό-

562 1714 714 1776 δους·
758 1710 827 1773 τὸ
858 1711 922 1772 δὲ
952 1713 1053 1788 τῆς
1091 1711 1315 1790 ἑορτῆς,
1346 1707 1455 1786 τὴν
1491 1709 1560 1770 ἐν
1593 1711 1674 1793 τῷ
1723 1708 1924 1792 κόσμῳ
1968 1708 2266 1770 διαιῶνιον

562 1812 966 1892 εὐθυμοσύνην
1020 1810 1248 1892 (scribe
1299 1811 1759 1890 εὐθημοσύνην).
1860 1810 2092 1872 Locum
2144 1830 2261 1872 au-

561 1931 685 1977 tem
715 1934 902 2000 poene
929 1912 1244 1999 integrum
1284 1912 1574 1999 apposui,
1606 1927 1828 1998 utpote
1869 1934 2014 1976 cum
2061 1910 2261 1975 Ploti-

561 2014 726 2079 niani
753 2013 876 2079 loci
903 2030 1277 2102 argumento
1315 2015 1742 2101 conjunctum.
1832 2016 1936 2079 De
1979 2014 2118 2100 ejus
2160 2036 2262 2077 ar-

557 2132 861 2204 gumento
887 2116 1020 2181 dixi
1051 2118 1114 2181 in
1147 2116 1504 2205 Symbolica
1537 2118 1682 2180 ΙΙΙ.
1715 2139 1779 2203 p.
1803 2136 1955 2201 510.
1994 2140 2087 2203 sq.
2117 2139 2264 2202 quae

561 2221 685 2285 huc
714 2243 839 2284 non
869 2220 1184 2307 pertinent
1211 2245 1226 2284 ε
1275 2220 1356 2284 de
1386 2218 1692 2283 vocabulo
1721 2218 1909 2305 plura
1935 2218 2136 2283 dicam
2168 2217 2262 2282 in-

561 2323 659 2387 fra
685 2321 767 2386 ad
799 2322 995 2387 nostri
1026 2347 1090 2411 p.
1131 2338 1277 2407 752.
1309 2323 1398 2384 A.

645 2449 711 2513 p.
748 2443 895 2510 747,
954 2446 1054 2510 15.
1101 2428 1155 2489 εἰ
1207 2423 1287 2505 μή
1332 2449 1419 2490 τις
1472 2423 1625 2509 ἔργῳ
1677 2424 2048 2502 οἰκονομοῖτό
2106 2448 2161 2485 τι
2205 2451 2257 2487 κ.

563 2555 615 2591 τ.
638 2529 731 2614 λ.]
787 2529 970 2616 Saepe
999 2530 1338 2607 οἰκονομεῖν
1367 2525 1476 2589 1)ὶί
1496 2525 1816 2603 dicuntur,
1848 2547 1990 2589 cum
2013 2548 2110 2588 res
2138 2525 2259 2589 hu-

561 2653 773 2696 manas
802 2629 1147 2717 disponunt
1174 2643 1239 2693 et
1268 2628 1366 2692 vel
1391 2627 1710 2692 materiam
1731 2625 2059 2701 ordinant;
2098 2627 2267 2691 unde

559 2732 638 2796 ad
710 2732 978 2797 artifices
1048 2754 1305 2819 quoque
1368 2730 1761 2795 transfertur.
1886 2729 2264 2818 Alciphron.

561 2835 770 2922 Epist.
805 2836 907 2898 II.
938 2854 1001 2916 4.
1037 2834 1157 2899 sub
1183 2835 1295 2898 fin.
1316 2836 1590 2898 ε-ἀλλᾶ
1634 2832 1834 2915 σοφὸν
1867 2832 1987 2915 ἔχω
2018 2860 2132 2897 σου
2161 2834 2267 2898 τὸν

562 2938 749 3020 ἔρωτα
779 2938 877 3001 καὶ
904 2934 1060 3001 ταῦτ’
1096 2935 1316 3001 εἰδέναι
1343 2938 1616 3001 δύνασαι.
1666 2935 1743 2998 σὺ
1768 2937 1885 3017 γᾶρ
1909 2934 1968 3014 μ’
2001 2937 2269 3014 ἐδίδαξας

561 3041 752 3123 εὐφυᾶ
800 3046 1050 3123 γυναῖκα
1107 3039 1336 3123 ταχέως
1390 3037 1525 3121 παρ’
1589 3041 1861 3121 ἐρώντων
1916 3037 2263 3118 μανθάνειν,

561 3141 697 3207 ἀλλ’
758 3145 1174 3222 οἰκονομοΰσιν
1232 3144 1443 3225 ἔρωτες
1504 3142 1697 3225 (Cod.
1761 3140 1958 3206 Palat.
2016 3133 2080 3204 n'.
2119 3159 2259 3227 132.

560 3246 763 3328 ὁρᾶτε)
797 3247 1173 3313 σπεύδοντες·
1219 3246 1539 3326 αἰδούμεθα
1588 3245 1697 3325 τὴν
1738 3244 2026 3329 Ἀρτεμιν
2065 3243 2262 3327 (idem

557 3351 640 3426 μᾶ
672 3348 782 3426 τὴν
816 3346 1123 3429 Ἀρτεμιν.
1174 3348 1441 3435 optime)
1504 3347 1733 3427 ἀνάξιοι
1775 3351 1938 3428 ὑμῶν
1989 3347 2141 3412 εἶναι
2182 3348 2262 3427 μὴ

558 3454 772 3514 θᾶττον
798 3449 1230 3530 μανθάνουσαι.
1280 3450 1471 3515 Vides
1488 3449 1649 3516 libro
1678 3466 1890 3515 nostro
1911 3449 2261 3515 confirmari

556 3552 977 3638 conjecturam
1024 3551 1288 3629 Herelii‚
1324 3575 1515 3639 quam
1562 3552 1786 3633 textui,
1830 3567 1903 3616 ut
1947 3575 2061 3639 par
2104 3565 2258 3629 erat,

556 3653 785 3718 inferre
828 3653 1078 3719 volebat
1136 3656 1442 3742 Wagner.
1539 3655 1661 3719 Sed
1717 3678 1925 3742 operae
1973 3677 2095 3719 non
2146 3678 2262 3742 pa-

559 3772 842 3822 ruerunt.
893 3756 1029 3821 vid.
1063 3757 1270 3844 Epist.
1305 3759 1408 3821 11.
1450 3778 1502 3821 1.
1532 3777 1658 3843 35:
1710 3759 1840 3837 ἐμοὶ
1870 3761 1986 3840 γὰρ
2016 3759 2080 3835 ἐξ
2112 3758 2260 3820 ἑκεί-

556 3884 681 3934 νου,
734 3864 822 3940 μὰ
877 3860 986 3939 τὴν
1023 3858 1329 3942 Ἀρτεμιν,
1380 3860 1516 3924 οὐδὲ
1567 3859 2011 3942 προσέπεμψαν
2061 3859 2252 3940 (Cod.

557 3968 684 4033 Pal.
735 3968 907 4033 laud.
957 3968 1434 4051 προσέβλεψαν)
1481 3969 1569 4032 ἔτι
1610 3970 1853 4032 πολλοί.
1900 3967 2254 4032 Aristaenet.

558 4072 612 4135 I.
651 4092 765 4137 10:
816 4076 926 4135 Μὰ
968 4072 1077 4150 τὴν
1112 4070 1417 4153 Ἀρτεμιν,
1458 4070 1746 4156 Ἀκοντίῳ
1794 4075 2111 4152 γαμοῦμαι,
2147 4070 2254 4134 ubi

553 4173 675 4237 vid.
725 4171 1119 4238 Boissonadii
1173 4174 1409 4236 Annot.
1463 4196 1528 4260 p.
1576 4175 1724 4257 364.
1815 4171 2132 4250 Medium,
2183 4188 2256 4236 ut

551 4274 695 4340 illuc
725 4277 997 4354 redeam,
1021 4289 1284 4362 usurpat
1308 4274 1632 4339 Lucianus
1659 4273 1740 4339 de
1768 4274 2071 4339 conscrib.
2105 4274 2255 4339 His-

551 4394 668 4443 tor.
699 4401 756 4443 c.
786 4398 898 4463 51.
930 4400 995 4465 p.
1027 4381 1133 4443 62.
1153 4377 1257 4442 ed.
1278 4380 1481 4442 Amst.
1508 4403 1523 4443 :
1574 4379 1669 4442 καὶ
1697 4382 1871 4441 τοῦτο
1900 4377 1976 4456 ἦν
2005 4379 2042 4457 ἦ
2070 4378 2253 4462 τέχνη

549 4482 739 4545 αὐτῶν
759 4479 1269 4560 οἰκονομήσασθαι
1297 4481 1406 4559 τὴν
1432 4483 1604 4561 ὕλην.
1698 4480 1827 4544 Ubi
1859 4482 1937 4545 C.
1965 4482 2044 4543 F.
2079 4482 2248 4544 Her-

551 4605 813 4647 mannus
839 4598 1049 4648 noster
1077 4605 1212 4646 eam
1258 4581 1585 4648 lectionem
1623 4596 1841 4647 contra
1870 4581 2250 4646 Dorvillium

549 4704 709 4751 recte
751 4700 985 4764 tuetur,
1016 4684 1079 4750 in
1122 4690 1367 4751 Annot.
1397 4710 1464 4774 p.
1492 4689 1644 4773 306.
1709 4689 1812 4751 De
1858 4688 2001 4750 Deo
2042 4685 2253 4749 omnia

548 4788 909 4852 moderante
940 4789 1219 4853 Verbum
1251 4789 1656 4876 frequentant
1688 4788 2034 4875 Scriptores
2055 4788 2246 4852 eccle-

549 4890 672 4968 siae,
729 4890 900 4955 unde
943 4890 1022 4955 ad
1070 4892 1592 4957 constructionem
1653 4890 2018 4978 insigniores
2068 4890 2249 4955 binos

547 4992 710 5058 locos
737 5015 1094 5080 apponam:
1144 4995 1469 5059 Macarius
1500 4993 1747 5058 Homil.
1788 4994 2112 5058 XXVII:
2163 4997 2244 5057 εἰ-

546 5097 654 5163 δὼς
679 5098 713 5159 ὁ
744 5095 881 5163 θεὸς
907 5096 1017 5175 τὴν
1052 5095 1394 5172 ἀσθένειαν,
1428 5100 1732 5177 οἰκονομεῖ
1765 5122 1840 5159 σε
1872 5098 1955 5162 εἰς
1983 5098 2243 5178 θλίψεις,

546 5221 687 5284 quae
718 5196 1012 5262 Suicerus
1032 5196 1192 5263 bene
1221 5198 1309 5263 ita
1338 5198 1526 5263 vertit
1543 5210 1694 5262 :—“
1718 5198 1807 5262 ita
1835 5220 1936 5262 res
1960 5211 2100 5262 tuas
2121 5197 2245 5261 dis-

546 5315 782 5386 pensat,
815 5300 981 5364 utin
1016 5300 1375 5366 afflictiones
1412 5301 1711 5366 incida8.''
1802 5298 2246 5365 Theodoretus

543 5402 606 5466 in
642 5423 699 5467 1.
733 5402 1023 5468 Corinth.
1064 5424 1159 5489 13.
1194 5403 1336 5468 Vol.
1374 5404 1513 5468 111.
1550 5425 1615 5490 p.
1649 5422 1798 5487 253.
1835 5401 2123 5467 Schulz.:
2177 5404 2242 5484 (ἦ

546 5509 770 5590 ἀγάπη)
802 5507 873 5571 οὔ
916 5514 1182 5594 ψηλαφᾷ
1221 5512 1297 5574 τὰ
1335 5508 1522 5591 μέτρα
1559 5513 1660 5587 τῆς
1699 5509 1906 5577 οὐσίας
1939 5511 2045 5571 τοῦ
2080 5511 2237 5580 θεοῦ,

647 5617 828 5668 VOL.
869 5616 996 5667 111.

3937 532 4060 599 225

2355 682 2491 745 οὐδὲ
2534 683 2857 763 ἀνακρίνει,
2891 683 2958 746 ἐν
2986 683 3075 750 οἶς
3114 677 3431 762 οἰκονομεῖ,
3465 684 3612 766 ὅπερ
3656 687 3814 752 τινὲς
3857 689 4057 751 εἰώθε-

2355 810 2494 848 σαν.

2439 910 2503 974 p.
2531 905 2678 972 749,
2711 905 2810 971 17.
2858 888 2974 951 Καὶ
3002 888 3118 967 μὴν
3149 890 3202 951 εἰ
3233 889 3327 952 καὶ
3355 890 3567 974 χορεία
3596 888 3942 954 ἀπεικάσειέ
3977 916 4064 959 τις

2353 992 2461 1069 τὴν
2488 993 2720 1071 κίνησιν
2750 992 3234 1072 αὐτῶν-ὥσπερ
3275 991 3489 1074 χορδαὶ
3533 993 3601 1055 ἐν
3643 992 3797 1076 λύρα
3825 1017 4056 1071 συμπα-

2355 1096 2469 1159 θῶς
2498 1097 2851 1172 κινηθεῖσαι,
2882 1091 3067 1172 μέλος
3095 1093 3171 1157 ἂν
3210 1090 3425 1176 ᾅσειαν
3455 1096 3522 1158 ἐν
3562 1099 3786 1176 φυσικῇ
3814 1120 3931 1159 τινι
3959 1099 4063 1177 ἀρ-

2350 1193 2558 1282 μονία]
2611 1195 2718 1259 Cf.
2754 1196 2898 1259 III.
2939 1214 2998 1258 2.
3040 1214 3133 1280 15.
3176 1210 3240 1259 et
3282 1197 3401 1259 IV.
3430 1218 3493 1276 4.
3528 1218 3610 1278 4:
3659 1200 3915 1280 ἁρμονία
3950 1202 4058 1278 μία

2354 1299 2421 1360 ἐν
2450 1301 2530 1383 τῷ
2557 1300 2759 1362 παντί.
2853 1296 3330 1384 Pythagoricam
3359 1298 3663 1386 originem
3694 1300 3918 1365 harum
3948 1323 4059 1366 no-

2352 1397 2594 1462 tionum
2626 1398 3120 1486 imaginumque,
3151 1423 3192 1464 a
3228 1400 3486 1466 Platone
3514 1402 3807 1490 deinceps
3836 1403 3917 1467 ad
3947 1427 4060 1492 po-

2354 1500 2639 1564 steriores
2657 1501 3051 1582 traditarum,
3078 1526 3176 1567 me
3196 1502 3344 1567 alibi
3375 1519 3439 1568 et
3470 1506 3552 1570 ad
3584 1504 3947 1570 Ciceronem
3979 1506 4060 1570 de

2355 1604 2441 1667 N.
2463 1605 2549 1667 D.
2584 1604 2728 1667 111.
2769 1625 2864 1667 11.
2904 1628 2963 1690 p.
2990 1625 3145 1691 350.
3176 1629 3265 1692 sq.
3300 1606 3399 1671 ed.
3431 1622 3622 1672 nostr.
3663 1623 3727 1672 et
3767 1609 3938 1673 Mos.
3970 1609 4061 1673 in-

2353 1705 2561 1770 dicare
2590 1706 2864 1771 memini.
2911 1706 3175 1773 Procius
3205 1708 3422 1797 hymn.
3455 1710 3516 1774 in
3551 1710 3758 1775 Solem
3789 1732 3851 1796 3.
3882 1734 3943 1792 4.

2513 1844 2595 1855 —
2622 1845 2705 1856 —
2734 1843 2814 1856 --
2835 1846 2920 1858 ·—
2944 1816 3027 1869 καὶ
3053 1815 3253 1872 ὖλαίοις
3279 1817 3357 1871 ε’νὶ
3386 1818 3604 1887 κόσμοις

2513 1912 2719 1984 ὑψόθεν
2743 1911 2988 1985 ἁρμονίης
3010 1911 3151 1985 ῥύμα
3174 1912 3437 1969 πλούσιον
3465 1915 3798 1986 ἐξοχετεύων.

2351 2020 2505 2085 ibid.
2538 2045 2597 2084 v.
2627 2021 2685 2086 8.
2719 2046 2855 2109 sqq.

2512 2131 2797 2200 ζωσάμενοι
2822 2130 2879 2183 δὲ
2906 2130 3164 2200 πλάνητες
3181 2128 3449 2186 ἀειθαλέας
3476 2132 3571 2184 σέο
3598 2130 3855 2203 πυρσούς,

2509 2228 2619 2280 αἰὲν
2645 2225 2731 2281 ὑπ’
2758 2227 3068 2296 ἆλλήκτοισι
3100 2228 3183 2281 καὶ
3208 2227 3517 2297 &androco-a
3542 2228 3771 2300 χορείαις

2511 2326 2794 2396 ζωογόνους
2818 2325 3116 2394 πέμπουσιν
3140 2324 3460 2395 ἐπιχθονίοις
3484 2323 3825 2399 ῥαθάμιγγας.

2350 2433 2459 2497 Ad
2490 2456 2678 2520 quem
2711 2431 2947 2497 Jacobs
2976 2432 3040 2496 in
3070 2436 3314 2499 Annot.
3349 2433 3412 2496 in
3437 2434 3792 2523 Antholog.
3826 2437 3946 2502 Gr.
3977 2438 4054 2501 T.

2358 2537 2451 2600 X.
2483 2560 2543 2623 p.
2582 2553 2728 2618 274.
2760 2558 2854 2621 sq.
2885 2534 3087 2598 multa
3109 2534 3331 2599 similia
3358 2534 3610 2623 collegit
3634 2537 3820 2601 etiam
3852 2562 3888 2602 e
3922 2538 4057 2604 Pla-

2355 2638 2574 2703 tonicis
2612 2637 3016 2725 philosophis
3109 2637 3358 2717 Quibus
3402 2661 3521 2726 ego
3563 2638 3835 2726 paucula
3865 2641 4057 2728 subji-

2353 2742 2530 2807 ciam.
2625 2741 2806 2805 Idem
2840 2739 3096 2806 Proclus
3123 2738 3187 2803 in
3218 2739 3432 2805 Alcib.
3463 2764 3563 2828 pr.
3588 2743 3646 2825 ξ.
3679 2759 3785 2826 71.
3819 2766 3879 2830 p.
3908 2762 4055 2824 204.

2354 2869 2447 2932 sq.
2492 2844 2765 2926 Οὐρανὸς
2793 2845 3142 2926 συμφωνίας
3173 2843 3269 2907 καὶ
3291 2848 3392 2922 τῆς
3415 2845 3482 2908 ἐν
3499 2850 3626 2912 ταῖς
3656 2845 3927 2925 κινήσεσι
3957 2847 4053 2911 εὗ-

2353 2950 2598 3029 ρυθμίας
2650 2947 2984 3026 ἀνάμεστος
3022 2945 3124 3020 ὢν,
3179 2947 3384 3010 ἔπειτα
3433 2951 3510 3011 τὰ
3551 2950 3858 3029 κρείττονα
3894 2950 4059 3030 ἡμῶν

2352 3049 2499 3131 γένη
2530 3049 2767 3113 ἅπαντα
2797 3049 2891 3112 καὶ
2929 3053 3115 3112 ταῦτα
3142 3050 3245 3126 τῆς
3275 3050 3504 3113 ἐκεῖθεν
3532 3052 3855 3130 προϊούσης
3880 3054 4059 3132 ὁρμο-

2353 3154 2481 3219 νίας
2510 3153 2915 3225 ἀπολαύοντα,
2950 3153 3098 3215 κατὰ
3131 3152 3196 3214 δὲ
3236 3155 3421 3215 ταῦτα
3457 3150 3592 3234 (alii
3634 3150 3777 3215 libri
3819 3156 3970 3232 μετὰ
3999 3158 4050 3218 δ.

2351 3258 2437 3339 τ.)
2469 3255 2506 3335 ἡ
2537 3256 2875 3337 ἀνθρωπίνη
2918 3253 3032 3333 ζωὴ
3072 3252 3147 3317 τά
3189 3278 3258 3318 τε
3295 3253 3407 3334 ἤθη
3452 3255 3758 3337 σύμμετρα
3800 3260 4057 3322 ποιοῦσα

2352 3359 2448 3421 καὶ
2477 3359 2586 3436 τὴν
2624 3358 2775 3437 ὅλην
2808 3355 3175 3437 εὐάρμοστον
3206 3356 3302 3419 καὶ
3338 3357 3628 3436 εὔρυθμον
3669 3357 3792 3434 ἕξιν
3828 3359 4056 3422 ἐκεῖθεν

2349 3459 2822 3543 παραδεχομένη.
2905 3457 3096 3521 Unde
3123 3455 3514 3542 intelligitur,
3543 3456 3864 3542 quomodo
3891 3458 4053 3523 hanc

2347 3561 2427 3625 de
2460 3561 2695 3625 Mundi
2739 3560 3063 3624 harmonia
3095 3558 3437 3622 doctrinam
3480 3558 3561 3622 ad
3595 3557 3740 3622 vitoe
3768 3581 4050 3624 morum·

2347 3686 2472 3749 que
2530 3661 3024 3726 emendationem
3071 3659 3476 3723 adhibuerint
3530 3658 3618 3723 illi
3676 3659 4048 3748 philosophi.

2349 3763 2607 3841 Similia,
2639 3762 2745 3828 sed
2776 3762 2858 3826 ad
2887 3761 3043 3826 sacri
3071 3760 3298 3825 codicis
3329 3759 3831 3848 Christianaeque
3858 3764 4050 3827 ratio-

2341 3866 2438 3930 nis
2483 3888 2763 3931 normam
2806 3863 3293 3939 accommodata,
3324 3863 3606 3951 produnt
3633 3864 4053 3931 Ecclesiastici

2342 3968 2709 4056 scriptores:
2763 3966 3153 4032 Theodoret.
3208 3967 3595 4054 Therapeut.
3648 3967 3793 4031 111.
3837 3967 3926 4033 ita
3968 3968 4049 4035 de

2344 4070 2605 4157 Angelis
2633 4095 2698 4159 p.
2733 4072 2881 4153 786.
2929 4069 3182 4136 Schulz.
3207 4074 3394 4157 t—-rq‘3
3439 4096 3532 4134 τοι
3575 4071 3670 4134 καὶ
3708 4073 3913 4154 ἁγίους
3948 4072 4051 4137 αὗ-

2342 4176 2476 4241 τοὺς
2532 4174 2919 4254 ὀνομάζομεν,
2966 4175 3044 4241 ὣς
3086 4173 3297 4256 γήινον
3340 4174 3515 4237 οὐδὲν
3560 4173 3830 4256 ἔχοντας,
3885 4176 4049 4241 ἀλλᾶ

2341 4282 2458 4341 τῶν
2486 4278 2803 4359 περιγείων
2830 4275 3192 4357 παθημάτων
3221 4274 3738 4358 ἀπηλλαγμένους,
3772 4277 3954 4360 ἔργον
3981 4281 4046 4342 δὲ

2342 4380 2594 4462 ἔχοντας
2621 4378 2731 4458 τὴν
2761 4380 2828 4443 ἐν
2857 4380 3087 4464 οὐρανῷ
3117 4380 3384 4461 χορείαν,
3411 4379 3507 4442 καὶ
3528 4382 3635 4442 τοῦ
3659 4381 4049 4459 πεποιηκότος

2338 4482 2447 4560 τὴν
2490 4483 2808 4567 ὑμνῳδίαν.
2901 4480 3076 4544 Idem
3120 4479 3202 4543 de
3252 4479 3618 4544 Provident.
3668 4480 3726 4543 1.
3772 4504 3842 4568 p.
3872 4482 4039 4566 498:

2338 4583 2541 4648 Βλέπε
2572 4585 2668 4647 καὶ
2709 4588 2828 4646 τῶν
2870 4582 3141 4663 ἀστέρων
3184 4582 3295 4660 τὴν
3336 4584 3543 4664 φύσιν,
3575 4583 3685 4661 τὴν
3713 4582 3904 4658 θέσιν,
3937 4584 4045 4665 τὴν

2336 4685 2522 4765 τάξιν,
2555 4692 2674 4750 τῶν
2703 4682 3026 4769 σχημάτων
3054 4684 3163 4763 τὴν
3189 4685 3511 4757 ποικιλίαν,
3537 4685 3646 4762 τὴν
3673 4687 3904 4767 χρείαν,
3935 4685 4045 4765 τὴν

2334 4790 2585 4873 χορείαν
2623 4792 2728 4855 τὰς
2774 4790 3072 4859 ἐπιτολὰς,
3103 4789 3209 4853 τὰς
3252 4787 3466 4852 δύσεις.
3536 4785 3637 4850 Cf.
3669 4786 3856 4850 eund.
3890 4787 3955 4851 in
3988 4789 4036 4852 I.

2337 4890 2630 4955 Corinth.
2661 4913 2726 4978 p.
2765 4908 2905 4972 171.
2936 4888 3103 4952 med.
3144 4885 3332 4952 Philo
3367 4889 3414 4951 J
3421 4887 3644 4951 udaeus
3675 4887 3755 4952 de
3800 4890 4040 4955 Mundi

2336 4994 2513 5082 Opis.
2565 5016 2627 5080 p.
2663 5011 2765 5077 29.
2812 5014 2906 5078 sq.
2956 4993 3179 5078 Mang.
3226 5014 3292 5078 p.
3337 4990 3440 5071 84.
3491 4990 3697 5055 Pseiff.
3743 4990 3807 5053 in
3855 4991 4041 5058 laude

2335 5095 2582 5160 numeri
2622 5094 2992 5182 septenarii:
3043 5097 3212 5175 Λύρα
3260 5095 3372 5172 μὲν
3421 5097 3538 5175 γᾶρ
3576 5094 3614 5173 ἦ
3655 5092 4036 5177 ἑπτάχορδος,

2335 5200 2726 5281 ἀναλογοῦσα
2755 5201 2826 5277 τῇ
2853 5203 2972 5260 τῶν
3004 5198 3154 5259 ἑπτὰ
3184 5201 3500 5275 πλανητῶν
3526 5197 3754 5280 χορείᾳ,
3798 5198 3901 5263 τὰς
3931 5199 4037 5261 ἐλ-

2332 5302 2618 5381 λογίμους
2645 5301 2928 5382 ἁρμονίας
2950 5300 3252 5371 ἀποτελεῖ,
3285 5299 3509 5381 σχεδόν
3531 5323 3587 5361 τι
3607 5301 3708 5375 τῆς
3730 5301 3879 5362 κατᾶ
3895 5324 4038 5379 μου.

2333 5403 2507 5481 σικῆν
2564 5398 2987 5483 ὀργανοποιίας
3042 5398 3277 5480 ἁπάσης
3330 5399 3609 5481 ἡγεμονὶς
3673 5399 3845 5464 οὖσα.
3922 5401 3970 5466 J
3970 5425 4031 5467 0.

2330 5504 2654 5590 Chrysost.
2689 5501 2933 5567 Homil.
2954 5502 3100 5565 111.
3131 5524 3193 5588 p.
3217 5500 3366 5587 389.
3390 5504 3477 5565 A.
3510 5525 3572 5589 p.
3605 5502 3702 5566 16.
3725 5501 3829 5567 ed.
3862 5505 4037 5570 Mat-

2490 5611 2633 5687 Gg
