5118 6613
1035 528 1165 612 376

1039 697 1178 763 libri
1226 699 1421 763 MSS.
1471 699 1541 762 ἐν
1581 699 1654 778 τῇ
1698 697 1970 779 μεγίστῃ.
2060 696 2299 784 Recepi
2339 718 2483 762 cum
2531 694 2736 760 tribus

1043 801 1380 866 Marcianis
1428 798 1892 889 exquisitiorem
1944 799 2291 878 lectionem,
2344 821 2535 888 quam
2588 821 2732 863 cum

1039 926 1161 968 non
1192 918 1668 991 assequerentur
1696 901 1953 981 librarii,
1978 904 2046 967 ἐν
2073 902 2552 967 substituerunt.
2614 904 2735 967 Est

1038 1022 1246 1070 autem
1293 1005 1721 1094 accipiendum
1765 1028 1882 1093 pro
1918 1010 2019 1085 τῆς
2058 1006 2343 1089 μεγίστης
2386 1004 2513 1070 sive
2552 1003 2591 1085 ἢ
2627 1005 2735 1085 τὴν

1037 1110 1342 1191 μεγίστην.
1414 1109 1515 1174 Cf.
1550 1106 1845 1173 Matthiae
1873 1109 1989 1173 Gr.
2017 1131 2114 1195 gr.
2154 1111 2213 1193 ξ.
2237 1128 2388 1194 455.
2421 1120 2549 1172 not.
2581 1128 2641 1194 3.
2673 1131 2729 1173 a.

1042 1212 1223 1289 Quod
1271 1225 1711 1299 argumentum
1758 1210 2003 1287 attinet,
2033 1209 2097 1274 id
2141 1209 2221 1274 ab
2250 1234 2325 1275 eo
2354 1224 2600 1275 tantum
2639 1210 2731 1273 in·

1041 1313 1235 1402 telligi
1265 1330 1491 1402 potest,
1523 1314 1631 1401 qui
1666 1312 1948 1378 Platonis
1976 1312 2463 1400 disputationem
2493 1312 2557 1378 in
2589 1312 2741 1377 Phi-

1041 1417 1180 1482 lebo
1207 1416 1560 1495 contulerit,
1598 1415 1708 1481 ubi
1752 1415 1833 1480 de
1876 1414 2088 1498 πέρατι
2130 1430 2194 1480 et
2233 1417 2454 1502 ἀπείρῳ
2494 1439 2571 1480 ex
2607 1417 2735 1503 Py-

1041 1520 1499 1608 thagoricorum
1532 1519 1799 1583 maxime
1823 1516 2140 1607 principiis
2166 1517 2376 1606 agitur
2393 1541 2454 1606 p.
2483 1520 2574 1584 16.
2599 1542 2736 1606 sqq.

1040 1647 1108 1711 p.
1139 1642 1246 1709 32.
1280 1646 1414 1710 sqq.
1465 1621 1684 1687 Stallb.
1713 1643 1857 1687 cum
1889 1620 2081 1708 hujus
2111 1621 2531 1709 Prolegomm.
2564 1643 2626 1709 p.
2654 1623 2733 1686 L.

1042 1750 1180 1814 sqq.
1270 1725 1379 1790 Ad
1414 1724 1640 1790 Plotini
1686 1722 2077 1801 sententiam,
2108 1723 2176 1787 τὸ
2205 1728 2321 1807 γὰρ
2350 1725 2598 1807 ἄπειρον
2625 1723 2736 1804 μά-

1041 1856 1212 1913 χεται
1240 1833 1319 1914 τῷ
1350 1830 1593 1915 ἀριθμῷ,
1627 1827 1842 1892 confer
1871 1825 2119 1891 Philebi
2148 1826 2284 1890 haec
2311 1848 2380 1914 p.
2407 1845 2512 1911 25.
2545 1849 2609 1912 p.
2634 1828 2737 1911 65,

1042 1954 1131 2018 sq.
1168 1930 1429 1995 Stallb.:
1476 1930 1585 2010 τὴν
1612 1933 1718 1993 τοῦ
1744 1931 1882 1993 ἴσου
1916 1928 2013 1992 καὶ
2042 1928 2361 1991 διπλασίου
2406 1929 2503 1992 καὶ
2545 1929 2739 2007 ὁπόση

1039 2033 1215 2098 παύει
1242 2034 1387 2116 πρὸς
1417 2034 1660 2113 ἄλληλα
1688 2032 1975 2097 τάναντία
2003 2032 2297 2114 διαφόρως
2325 2030 2565 2114 ἔχοντα,
2597 2032 2735 2111 ξύμ-

1038 2163 1224 2219 μετρα
1254 2139 1317 2201 δὲ
1347 2136 1442 2200 καὶ
1472 2137 1757 2217 ξύμφωνα
1786 2136 2031 2198 ἐνθεῖσα
2057 2132 2305 2215 ἀριθμὸν
2332 2132 2737 2216 ἀπεργάζεται.

1040 2238 1173 2304 Ubi
1207 2235 1943 2325 Baumgarten-Crusius
1972 2235 2224 2318 ἀριθμὸν
2251 2234 2597 2323 significare
2625 2235 2737 2300 do-

1036 2355 1134 2407 cet
1157 2343 1484 2429 definitum
1512 2339 1781 2428 quodvis
1808 2353 1871 2404 et
1893 2337 2295 2427 dispositumz
2329 2338 2501 2427 quod
2531 2339 2738 2428 ipsum

1038 2450 1144 2510 τοῦ
1169 2445 1420 2528 πέρατος
1446 2447 1789 2529 χαρακτῆρα
1814 2441 2158 2507 constituit.
2221 2441 2326 2507 Cf.
2358 2441 2524 2507 locos
2552 2443 2634 2507 ab
2662 2467 2737 2507 eo

1037 2547 1321 2613 laudatos
1345 2547 1646 2636 Epinom.
1677 2569 1745 2633 p.
1774 2561 1919 2630 979.
1944 2567 2000 2609 a.
2049 2543 2323 2631 Diogen.
2352 2545 2568 2610 Laert.
2595 2545 2734 2609 III.

1044 2651 1357 2715 10.—Sed
1390 2667 1595 2715 tamen
1625 2648 1706 2714 de
1736 2670 1997 2714 numero
2027 2646 2270 2712 infinito
2299 2646 2552 2716 consule
2583 2649 2738 2712 Pro-

1032 2752 1198 2818 clum
1231 2753 1292 2817 in
1326 2751 1615 2817 Euclidis
1644 2750 1978 2816 Elementa
2015 2748 2125 2814 lib.
2150 2751 2209 2814 1.
2238 2773 2291 2814 c.
2324 2768 2381 2815 2.
2411 2766 2475 2815 et
2504 2750 2734 2816 Plotin.

1040 2878 1229 2942 supra
1261 2857 1379 2920 VI.
1414 2856 1475 2919 6.
1514 2873 1573 2921 2.
1608 2853 1743 2919 init.
1774 2854 1886 2919 ubi
1927 2868 2022 2917 est
2060 2856 2093 2917 ὁ
2139 2853 2382 2936 ἀριθμὸς
2425 2858 2526 2936 τῆς
2570 2857 2737 2920 ἀπει-

1038 2960 1185 3038 ρίας.
1887 2963 1893 2968 ’

1127 3083 1192 3148 p.
1225 3064 1411 3140 1262,
1433 3081 1496 3143 9.
1528 3061 1612 3124 Τί
1635 3060 1741 3124 οὖν
1771 3060 1899 3123 ἐκεῖ
1919 3057 2158 3141 γραμμὴ
2191 3057 2285 3121 καὶ
2313 3061 2457 3131 ποῦς
2487 3059 2743 3141 ὕστερον

1043 3164 1155 3241 μὲν
1204 3160 1381 3250 [γὰρ]
1431 3162 1730 3250 ἀριθμοῦ]
1801 3160 2065 3226 Uncinis
2112 3159 2332 3225 inclusi
2381 3165 2517 3244 γὰρ,
2568 3161 2743 3249 quod

1044 3264 1175 3330 duo
1202 3263 1344 3329 libri
1372 3264 1672 3330 omittunt
1714 3278 1777 3330 et
1821 3262 2118 3330 continuo
2146 3262 2429 3329 recurrit.
2522 3264 2603 3329 In
2650 3263 2745 3331 his

1044 3383 1252 3433 autem
1276 3383 1340 3433 et
1369 3367 1773 3455 sequentibus
1791 3365 2080 3431 Plotinus
2106 3383 2250 3432 ante
2277 3367 2491 3432 oculos
2519 3367 2743 3433 babuit

1041 3471 1248 3536 locum
1278 3471 1358 3536 de
1385 3472 1729 3559 ψυχογονίᾳ
1755 3471 1821 3535 in
1841 3470 2090 3534 Timoeo
2114 3469 2396 3534 Platonis
2423 3494 2490 3558 p.
2513 3492 2621 3557 35.
2646 3495 2737 3559 sq.

1042 3597 1108 3661 p.
1137 3593 1243 3661 32.
1275 3599 1365 3662 sq.
1401 3574 1606 3639 Bekk.
1636 3573 1716 3638 ad
1747 3597 1936 3661 quem
1969 3571 2333 3638 Chalcidius
2375 3595 2437 3660 p.
2477 3593 2618 3660 105.
2667 3597 2735 3662 p.

1044 3677 1190 3742 288.
1224 3679 1279 3743 F
1283 3677 1515 3744 abric.:
1562 3687 1606 3718 “
1632 3678 1885 3744 Etenim
1916 3677 2089 3765 quod
2129 3677 2333 3743 nullas
2372 3695 2584 3767 partes
2624 3679 2737 3744 ha-

1039 3780 1170 3858 bet,
1213 3795 1668 3870 proptereaque
1722 3781 1842 3846 sub
1889 3780 2097 3846 nullos
2149 3805 2363 3846 sensus
2408 3781 2604 3863 venit,
2649 3799 2744 3848 est

1044 3896 1254 3948 tamen
1296 3899 1361 3950 et
1402 3884 1610 3949 animo
1635 3883 1949 3965 cernitur-3
1994 3900 2331 3971 geometrae
2373 3898 2587 3950 notam
2629 3909 2740 3974 ap-

1043 3984 1314 4073 pellant3
1349 3985 1571 4050 lineam
1603 4009 1751 4050 vero
1782 3985 1911 4050 sine
1938 3986 2268 4052 latitudine
2297 3987 2741 4075 prolixitatem,

1044 4111 1191 4174 quae
1219 4112 1299 4152 an
1328 4104 1506 4153 notas
1535 4111 1677 4151 suas
1705 4087 1969 4153 desinit:
2019 4113 2211 4178 porro
2236 4113 2371 4155 eam
2401 4090 2464 4155 in
2493 4116 2624 4179 qua
2651 4110 2745 4159 est

1046 4190 1313 4255 latitudo
1355 4190 1585 4279 aliqua,
1618 4191 2006 4277 superficiem
2037 4209 2280 4274 vocant,
2311 4207 2384 4259 ut
2413 4194 2492 4259 sit
2523 4219 2742 4284 super-

1044 4293 1212 4359 ficies
1253 4308 1436 4358 nacta
1476 4292 1874 4359 latitudinem
1918 4292 2269 4383 longitudo.
2362 4296 2549 4375 Quod
2597 4322 2745 4364 vero

1044 4420 1128 4463 ex
1165 4396 1367 4462 tribus
1408 4411 1669 4476 constat,
1701 4396 1769 4462 id
1797 4410 1913 4477 est,
1945 4397 2357 4486 longitudine,
2385 4397 2741 4480 latitudine,

1045 4499 1494 4588 profunditate,
1545 4499 1812 4565 solidum
1870 4525 2098 4590 corpus
2152 4502 2745 4590 cognominant.”—

1047 4604 1413 4669 Macrobius
1453 4604 1519 4668 in
1563 4608 1776 4670 Somn.
1810 4605 1976 4694 Scip.
2024 4607 2081 4670 1.
2121 4626 2187 4691 5.
2228 4605 2380 4671 item
2424 4607 2626 4672 multa
2664 4607 2745 4672 de

1045 4706 1163 4770 hoc
1212 4706 1538 4773 Platonico
1585 4710 1987 4796 Argumento
2038 4708 2343 4797 disputat,
2387 4709 2557 4774 unde
2609 4710 2744 4775 haec

1045 4823 1289 4876 tantum
1333 4833 1697 4898 excerpam:
1756 4819 1799 4851 “
1831 4813 1936 4877 Ex
1984 4810 2081 4876 bis
2125 4826 2387 4900 apparet
2429 4811 2740 4900 antiquio-

1044 4936 1173 4979 rem
1203 4937 1333 4979 esse
1362 4936 1696 4982 numerum
1728 4915 2055 5003 superficie
2084 4929 2146 4979 et
2175 4915 2372 4995 lineis»,
2405 4939 2482 4982 ex
2513 4917 2744 5004 quibus

1039 5015 1207 5081 illam
1230 5030 1512 5084 constare
1542 5018 2043 5096 memoravimus»,
2067 5017 2410 5105 formisque
2432 5020 2740 5084 omnibus.

1040 5144 1079 5185 a
1116 5119 1291 5185 lineis
1328 5121 1492 5185 enim
1535 5121 1890 5187 ascenditur
1934 5120 2014 5184 ad
2064 5143 2392 5185 numerum
2438 5136 2736 5209 tanquam

1040 5224 1123 5288 ad
1164 5224 1457 5312 priorem,
1493 5237 1566 5287 ut
1606 5221 1992 5313 intelligatur
2037 5246 2115 5286 ex
2162 5221 2421 5287 diversis
2465 5225 2740 5290 numeris

1038 5325 1338 5391 linearum
1369 5349 1515 5414 quae
1543 5325 1762 5390 formae
1803 5326 2198 5412 geometricae
2237 5325 2739 5394 describuntur.''

1046 5428 1151 5495 Cf.
1182 5429 1479 5494 Proclum
1514 5428 1579 5492 in
1612 5427 1865 5493 Euclid.
1900 5427 2105 5492 Elem.
2142 5429 2244 5492 II.
2282 5448 2383 5493 11.
2425 5428 2508 5494 cf.
2551 5430 2737 5496 etiam

1044 5531 1249 5618 ipsum
1288 5532 1612 5597 Plotinum
1643 5532 1762 5598 IV.
1786 5552 1851 5615 4.
1880 5550 1981 5618 23.
2016 5545 2079 5597 et
2109 5532 2229 5597 VI.
2251 5549 2316 5616 5.
2351 5551 2447 5594 11.

2012 522 2845 591 ANNOTATIONES
2910 523 3025 587 IN
3087 521 3411 587 PLOTI
3432 521 3543 585 NI

2915 718 2977 782 p.
3020 696 3204 780 1263,
3232 713 3292 780 3.
3348 695 3479 759 οἷον
3519 693 3797 775 πυρὶ-ἥ
3841 695 3969 759 ἐκεῖ
4004 694 4286 782 πυραμίς]
4335 693 4523 758 Plato

2821 797 3070 862 Timaeo
3097 822 3159 885 p.
3180 803 3285 882 56.
3320 822 3380 884 p.
3405 814 3510 880 71.
3547 819 3639 883 sq.
3674 794 3914 861 Bekk.:
3964 797 4118 860 ἔστω
4154 797 4224 876 δὴ
4265 800 4415 862 κατ-ἆ
4449 797 4520 862 τὸ

2818 905 2932 981 μὲν
2952 906 3052 982 τῆς
3071 903 3392 984 πυραμίδος
3421 899 3671 981 στερεὸν
3691 898 3944 982 γεγονὸς
3973 899 4126 965 εἶδος
4151 898 4333 981 πυρὸς
4360 925 4524 964 στοι-

2820 1011 2991 1088 χεῖον
3022 1006 3118 1068 καὶ
3146 1002 3402 1086 σπέρμα.
3468 1002 3572 1068 Cf.
3610 1002 3927 1067 Plutarch.
3957 1004 4195 1081 Quaest.
4228 1000 4520 1067 Platonn.

2821 1129 2885 1193 p.
2923 1108 3070 1191 609.
3104 1129 3199 1193 sq.
3263 1105 3547 1171 Chalcid.
3576 1105 3640 1169 in
3672 1104 3845 1169 Tim.
3893 1128 3955 1192 p.
3989 1125 4092 1190 90.
4131 1128 4227 1192 sq.
4271 1128 4335 1192 p.
4374 1106 4521 1191 283.

2823 1207 3067 1273 Fabric.
3094 1208 3344 1272 Theon.
3373 1208 3439 1272 in
3472 1210 3782 1274 Mathem.
3811 1206 4061 1274 Platon.
4087 1209 4519 1273 XXXVIII.

2820 1334 2883 1399 p.
2920 1332 3061 1397 152.
3098 1310 3368 1376 Buliald.

2894 1453 2982 1465 —
2998 1437 3061 1500 9.
3089 1413 3295 1479 Ἀλλὰ
3324 1417 3476 1487 νοῦς,
3510 1414 3718 1496 φησὶν,
3745 1414 3865 1478 ὅσα
3891 1415 4002 1497 ὁρᾷ
4033 1414 4101 1477 ἐν
4128 1416 4209 1499 τῷ
4237 1419 4530 1478 παντελεῖ

2824 1519 2972 1604 ζῶῳ]
3024 1516 3210 1584 Plato
3240 1518 3490 1582 Timaeo
3532 1539 3597 1603 p.
3630 1535 3736 1602 30.
3785 1539 3852 1603 p.
3886 1532 3987 1598 27.
4038 1514 4277 1580 Bekk.:
4328 1517 4396 1580 ἐν
4438 1519 4519 1601 τῷ

2823 1626 3113 1686 παντελεῖ
3134 1622 3278 1706 (dep.
3359 1618 3525 1684 Ibid.
3558 1642 3623 1707 p.
3642 1638 3750 1704 39.
3780 1631 3943 1682 extr.
3975 1639 4040 1706 p.
4062 1638 4184 1698 40:
4231 1614 4383 1700 ᾗπερ
4412 1618 4520 1683 οὖν

2826 1728 2961 1791 νοῦς
3004 1725 3258 1790 ἐνούσας
3301 1722 3460 1790 ίδέας
3496 1726 3576 1808 τῷ
3616 1721 3651 1786 δ
3689 1722 3819 1786 ἔστι
3860 1726 4028 1797 ζῶον,
4061 1722 4186 1785 οἷαί
4222 1746 4289 1786 τε
4333 1720 4523 1786 ἔνεισι

2827 1828 2923 1892 καὶ
2964 1829 3123 1901 ὅσαι,
3173 1830 3412 1910 καθορᾷ,
3459 1825 3734 1891 τοιαύτας
3777 1824 3872 1888 καὶ
3915 1825 4207 1890 τοσαύτας
4249 1822 4521 1902 διενοήθη

2824 1934 2951 1994 δεῖν
2995 1931 3092 1993 καὶ
3134 1930 3270 1993 τόδε
3316 1934 3513 2013 σχεῖν.
3601 1929 3763 2005 Quae
3790 1926 3980 1992 verba
4013 1925 4292 1991 Plotinus
4320 1925 4521 1992 tribus

2823 2030 2973 2097 locis
3003 2054 3193 2119 supra
3222 2030 3527 2120 respexit:
3560 2053 3625 2119 p.
3654 2049 3796 2117 203.
3818 2030 3927 2096 fin.
3959 2041 4026 2094 et
4052 2053 4149 2117 sq.
4179 2051 4246 2117 p.
4266 2031 4418 2115 356.
4439 2031 4519 2093 A.

2824 2157 2888 2222 p.
2910 2137 3060 2222 362.
3087 2137 3164 2200 Β.

2909 2262 2978 2327 p.
3017 2240 3203 2321 1264,
3240 2258 3294 2301 1.
3340 2234 3460 2303 οὐδ’
3501 2239 3755 2320 ἐλείφθη
3799 2261 3886 2304 τις
3926 2236 4062 2301 οὐδὲ
4106 2234 4518 2318 λειφθήσεται,

2826 2341 2927 2406 ἵνα
2955 2341 3050 2404 καὶ
3076 2344 3375 2423 προστεθῇ
3406 2340 3612 2427 αὐτᾷ]
3656 2341 3758 2405 Ita
3787 2361 3910 2404 non
3943 2337 4228 2404 dubitavi
4255 2337 4523 2403 scribere

2822 2443 3047 2531 partim
3070 2466 3213 2508 cum
3239 2441 3441 2507 Codd.
3464 2443 3694 2530 partim
3722 2463 3867 2507 cum
3887 2441 4025 2507 Fic.
4054 2464 4173 2529 pro
4201 2440 4521 2526 ἐλήφθη-

2821 2546 3559 2629 ληφθήσεται-προτεθῇ.

2908 2687 2996 2699 -
3022 2669 3121 2714 11.
3170 2647 3308 2713 ἀλλ’
3341 2650 3379 2728 ἡ
3407 2649 3605 2729 πρώτη
3648 2647 3744 2710 καὶ
3784 2645 4189 2730 ἐναργεστάτη
4219 2646 4391 2731 (ζωὴ)
4426 2647 4522 2711 καὶ

2822 2752 2890 2816 τὸ
2921 2753 3140 2836 τρανὸν
3169 2753 3395 2837 ἔχουσα
3422 2754 3528 2815 τοῦ
3553 2749 3686 2833 ζῇν]
3725 2749 3955 2814 Noster
3982 2747 4392 2838 philosophus
4420 2771 4523 2813 su-

2823 2877 2939 2942 pra
2969 2856 3028 2920 I.
3059 2877 3124 2937 4.
3160 2874 3234 2920 2:
3281 2852 3619 2937 τρανωτέρα
3645 2851 3780 2932 ζωή.
3853 2852 3973 2916 IV.
3999 2873 4059 2932 4.
4088 2872 4202 2916 20:
4250 2853 4360 2931 τὴν
4386 2876 4522 2933 τρο,-

2826 2958 2935 3038 νὴν
2964 2959 3294 3038 ἐπιθυμίαν.
3362 2954 3625 3021 Proclus
3654 2956 3812 3019 Inst.
3840 2954 4069 3021 Theol.
4104 2970 4245 3040 145.
4277 2976 4342 3041 p.
4369 2973 4519 3036 214.

2825 3084 2962 3149 sqq.
2995 3060 3094 3125 ed.
3129 3073 3359 3125 nostr.:
3408 3060 3504 3123 καὶ
3532 3060 3566 3122 ὁ
3593 3059 3708 3138 μὲν
3735 3059 3906 3126 λίθος
3941 3057 4211 3141 μετέχων
4236 3061 4338 3138 τῆς
4377 3062 4517 3123 καθ-

2827 3168 3061 3246 αρτικῆς
3103 3163 3419 3244 δυνάμεως,
3452 3166 3796 3242 σωματικῶς
3836 3163 4045 3242 μόνον·
4092 3161 4160 3225 τὸ
4198 3163 4264 3225 δὲ
4308 3162 4517 3243 φυτὸν,

2831 3267 2917 3332 ἔτι
2945 3266 3359 3350 τρανέστερον,
3385 3267 3533 3331 κατὰ
3562 3265 3670 3345 τὴν
3698 3263 3865 3345 ζωήν.
3897 3263 3966 3329 τὸ
3996 3267 4061 3330 δὲ
4089 3270 4239 3342 ζῶον
4268 3264 4396 3349 ἔχει
4426 3265 4522 3331 καὶ

2830 3376 2978 3436 κατὰ
3005 3372 3112 3451 τὴν
3141 3370 3326 3452 ὁρμὴν
3353 3369 3422 3434 τὸ
3455 3369 3607 3437 εἶδος
3634 3373 3826 3433 τοῦτο·
3874 3366 3915 3432 i.
3940 3391 3998 3433 e.
4026 3368 4287 3446 darius,
4316 3367 4515 3432 diser-

2827 3476 2978 3553 tius,
3007 3476 3334 3561 efficacius.
3396 3473 3504 3538 Cf.
3536 3493 3698 3559 quos
3725 3470 3806 3534 ad
3836 3493 3977 3536 eum
4011 3469 4217 3536 locum
4247 3468 4516 3536 laudavi.

2826 3600 2888 3664 p.
2929 3582 3072 3643 216.
3120 3575 3284 3641 adde
3329 3574 3539 3641 Coraii
3582 3589 3797 3639 annot.
3839 3575 3903 3639 in
3940 3573 4264 3651 Theodor.
4296 3571 4521 3639 Prodr.

2824 3703 2918 3745 vs.
2942 3699 3084 3762 124.
3115 3679 3178 3743 in
3207 3678 3516 3746 Ἀτάκτοις
3547 3678 3603 3741 I.
3632 3700 3698 3765 p.
3732 3697 3876 3743 112.

2906 3821 2994 3833 —
3017 3801 3111 3869 15.
3146 3784 3526 3866 ἆγαθῶτερον
3555 3778 4140 3867 αὐτὸ-παρέχεται]
4175 3780 4280 3844 Ita
4306 3777 4521 3867 scripsi

2827 3909 2972 3951 cum
3001 3886 3253 3974 optimis
3283 3883 3487 3950 Codd.
3581 3883 3727 3948 Post
3757 3883 4094 3966 ἐπιχρῶσας
4121 3897 4328 3948 tamen
4357 3880 4518 3946 desi·

2826 3988 3083 4054 deratur
3109 4015 3194 4064 τε,
3226 3987 3343 4052 nisi
3372 3985 3548 4051 malis
3578 3988 3673 4051 καὶ
3702 3986 3967 4050 inserere
4007 3998 4153 4050 ante
4179 3982 4338 4049 illud
4369 3984 4517 4049 Par·

2828 4091 3129 4179 ticipium.
3177 4092 3279 4156 De
3305 4091 3510 4155 forma
3529 4087 3961 4154 Alexandrina
3987 4089 4365 4171 ἆγαθῶτερον
4393 4086 4519 4152 vid.

2830 4195 3109 4260 Fischer.
3137 4194 3221 4260 ad
3251 4193 3510 4259 Weller.
3540 4193 3638 4257 ΙΙ.
3666 4209 3767 4279 95.
3800 4216 3894 4279 sq.
3927 4207 3991 4256 et
4022 4192 4231 4256 Sturz.
4261 4189 4344 4255 de
4370 4189 4525 4256 Dia·

2826 4296 2989 4364 lecto
3016 4298 3210 4363 Alex.
3260 4320 3324 4386 p.
3365 4317 3507 4382 143.
3596 4295 3708 4360 Ad
3756 4293 4120 4360 sententiam
4166 4292 4361 4381 hujus
4406 4292 4525 4358 loci

2828 4401 3043 4467 confer
3071 4423 3259 4488 supra
3286 4422 3356 4487 p.
3379 4402 3532 4486 556.
3565 4422 3654 4486 sq.
3685 4413 3750 4462 et
3777 4397 3940 4462 infra
3967 4418 4033 4483 p.
4059 4414 4203 4479 714.
4236 4418 4335 4484 sq.

2931 4528 2996 4593 p.
3034 4507 3219 4588 1265,
3251 4524 3317 4584 4.
3371 4503 3467 4567 καὶ
3511 4508 3751 4582 μᾶλλον
3801 4500 4053 4567 εὐτόνως
4102 4504 4292 4576 (ema
4342 4499 4519 4587 ὁρᾷν]

2829 4608 2977 4672 Non
3010 4606 3168 4670 male
3195 4606 3383 4671 vertit
3411 4604 3689 4671 Ficinus.
3782 4604 3884 4668 Cf.
3925 4602 4007 4668 de
4051 4602 4169 4667 hoc
4199 4601 4526 4667 Adverbio

2832 4711 3040 4775 Sturz.
3088 4711 3243 4774 Lex.
3293 4709 3596 4794 Xenopb.
3652 4708 3751 4771 11.
3804 4729 3872 4794 p.
3901 4725 4052 4789 420.
4132 4703 4523 4771 Schleusner.

2829 4814 2990 4878 Lex.
3034 4814 3120 4878 N.
3152 4813 3236 4877 T.
3291 4811 3357 4876 in
3402 4835 3538 4878 voc.
3589 4824 3654 4876 et
3706 4808 4129 4875 Valckenaerii
4182 4806 4414 4873 Scholl.
4458 4805 4523 4871 in

2827 4918 2909 4981 N.
2933 4917 3013 4981 T.
3040 4916 3097 4980 I.
3132 4938 3198 5003 p.
3220 4915 3369 5000 558.
3401 4938 3496 5002 sq.
3548 4915 3628 4978 In
3657 4911 3933 4979 Pollucis
3954 4915 4181 4979 Onom.
4205 4913 4339 4977 IX.
4367 4928 4520 4996 105:

2829 5020 2948 5084 ἔδει
2972 5019 3080 5098 τὴν
3109 5024 3379 5101 σφαῖραν
3409 5018 3660 5084 εὐτόνως
3702 5015 3850 5098 πρὸς
3892 5015 3960 5080 τὸ
4006 5017 4228 5098 ἔδαφος
4267 5014 4525 5097 ῥήξαντα

2827 5121 3285 5204 -ἆντιπέμψαι
3312 5119 3429 5184 viri
3459 5119 3629 5184 docti
3656 5118 3997 5206 conjiciunt
4026 5120 4279 5187 ἐντόνως
4321 5133 4385 5183 et
4428 5118 4521 5180 εὖ·

2823 5227 3036 5292 πόνως.
3114 5224 3419 5288 Neutrius
3445 5222 3746 5288 rationem
3777 5220 3960 5286 video
3986 5221 4296 5286 idoneam.
4383 5219 4520 5284 Lu-

2822 5326 3036 5392 cianus
3063 5324 3335 5414 Nigrino
3360 5328 3472 5412 36.
3502 5348 3573 5413 p.
3600 5340 3701 5408 77.
3732 5349 3830 5412 sq.
3887 5323 4255 5391 Hemsterh.
4299 5322 4382 5388 de
4423 5344 4519 5387 sa-

2822 5428 3121 5518 gittariis:
3156 5427 3294 5493 ἆλλ’
3320 5430 3378 5493 02
3402 5432 3516 5510 μὲν
3545 5430 3737 5494 αὐτῶν
3766 5430 4004 5511 σφόδρα
4027 5431 4133 5496 τὰς
4163 5430 4373 5510 νευρᾶς
4402 5429 4526 5492 ἐπι-

2825 5534 3126 5601 τείναντες
3148 5532 3541 5615 εὐτονώτερον
3557 5537 3660 5596 τοῦ
3681 5530 3919 5599 δέοντος
3938 5533 4176 5614 ἀφιᾶσι.
4205 5530 4523 5619 Jooephus
