5118 6613
1305 522 1500 586 LIB.
1551 522 1689 586 111.
1738 522 2200 586 ENNEAD.
2249 520 2742 599 QUARTAE.
2788 543 2849 609 p.
2884 521 3248 605 718—722.

545 718 729 773 ματος
758 698 990 772 πολλῆς
1019 697 1204 757 δεῖται
1223 695 1583 775 διακρίσεως.
1619 696 1676 757 οἶ
1696 695 1809 772 μὲν
1831 696 1947 775 γὰρ
1975 716 2251 772 προσεοι-

548 798 714 863 κέναι
766 797 949 876 αὐτὴν
994 796 1284 877 λέγουσιν
1336 797 1413 862 ὤς
1453 795 1807 876 κυβερνήσει
1859 791 2249 877 (addendum

548 904 696 969 νεὼς
723 899 980 964 videtur
1026 898 1370 982 Heerenio)
1402 898 1470 978 ἧς
1512 899 1605 962 καὶ
1651 899 2030 962 ἀπόλλυσθαι
2073 896 2253 980 χωρὶς

547 1007 791 1070 δύναται
840 1006 874 1065 ὀ
920 1000 1295 1083 κυβερνήτης.
1389 1000 1583 1064 Unde
1627 1015 1820 1086 patet,
1865 999 2025 1064 hanc
2070 999 2131 1063 in
2179 1023 2252 1064 ea

545 1105 829 1170 doctrina
847 1103 1314 1169 similitudinem
1335 1103 1792 1189 frequentatam
1812 1126 1965 1167 esse.
2016 1104 2251 1168 Fontes

547 1223 610 1273 et
637 1204 925 1294 exempla
954 1204 1317 1293 hujusmodi
1346 1204 1819 1270 similitudinum
1854 1228 2043 1292 supra
2086 1205 2249 1269 indi-

548 1308 828 1375 cavimus
856 1307 937 1373 ad
967 1331 1033 1394 p.
1064 1307 1215 1392 385,
1241 1308 1330 1369 A.

632 1434 701 1499 p.
734 1427 884 1494 720,
923 1428 1020 1493 15.
1066 1409 1196 1472 οῖον
1227 1412 1294 1472 ἐν
1327 1412 1408 1494 τῷ
1438 1410 1713 1472 οἴακι-ὁ
1741 1411 1873 1487 οἴαξ
1899 1408 2028 1497 ἧν.]
2079 1411 2252 1474 Fons

552 1510 970 1579 similitudinis
1011 1510 1074 1573 in
1125 1508 1407 1574 Platonis
1459 1508 1657 1573 Critia
1709 1532 1769 1596 p.
1821 1530 1964 1594 ¹09·
2007 1534 2073 1597 p.
2105 1529 2247 1596 150.

554 1612 983 1681 &kk-&x
1015 1610 1051 1693 ᾖ
1081 1611 1348 1692 μάλιστα
1378 1613 1714 1695 εὔστροφον
1735 1618 1883 1688 ζῶον
1909 1614 1973 1676 ἐκ
1993 1617 2254 1694 πρυμνῆς

556 1720 987 1786 ἀπευθύνοντας
1025 1717 1153 1780 οἶον
1184 1717 1338 1778 οἴακι
1378 1718 1581 1780 πειθοῖ
1608 1720 1809 1798 ψυχῆς
1849 1716 2254 1797 ἐφαπτόμενοι

557 1824 702 1886 κατὰ
730 1820 927 1885 αὐτῶν
955 1816 1243 1890 διάνοιαν,
1275 1819 1458 1884 οὕτως
1487 1818 1736 1899 ἄγοντες
1764 1817 1833 1880 τὸ
1864 1818 2100 1896 θνητὸν,
2132 1824 2253 1882 πᾶν

556 1923 892 2005 ἐκυβέρνων
938 1921 1056 2003 (sc.
1108 1923 1167 1984 οἱ
1206 1922 1390 2002 θεοί).
1480 1917 1724 1982 Eadem
1757 1919 2030 1984 formula
2073 1921 2252 1985 Deus

555 2032 669 2091 τῶν
699 2024 1028 2105 ἀνθρώπων
1057 2021 1490 2102 οἰακοστρόφος
1519 2018 1749 2083 dicitur
1782 2018 2023 2107 Cyrillo
2051 2018 2251 2084 Alex-

552 2126 816 2193 andrino
857 2125 923 2187 in
963 2146 1098 2207 cap.
1134 2123 1253 2185 IV.
1287 2120 1508 2185 Amosi
1542 2145 1604 2206 p.
1638 2140 1787 2205 295.
1856 2122 2019 2185 Item
2063 2121 2250 2187 Philo

551 2233 595 2296 J
601 2230 823 2295 udaeus
851 2226 931 2292 de
965 2224 1200 2290 Mundi
1233 2223 1501 2311 Opificio
1533 2222 1668 2287 Vol.
1702 2225 1760 2287 I.
1794 2247 1856 2310 p.
1895 2224 1999 2288 28.
2035 2224 2246 2290 Pseiff.

554 2335 651 2399 οἷα
694 2335 812 2415 γὰρ
842 2331 1083 2412 ἡνίοχος
1124 2329 1326 2407 ἠνίων,
1357 2324 1394 2406 ἢ
1442 2325 1798 2408 κυβερνήτης
1838 2325 2054 2390 οἰάκων
2086 2328 2249 2392 ἐπει-

552 2434 850 2517 λημμένος
902 2433 1037 2514 ἄγει
1077 2427 1115 2511 ᾖ
1162 2430 1237 2494 ἂν
1289 2429 1468 2509 ἐθέλῃ
1522 2432 1670 2492 κατὰ
1716 2431 1901 2508 νόμον
1947 2430 2044 2492 καὶ
2088 2432 2254 2522 δίκην

555 2541 799 2611 ἕκαστα,
853 2533 1102 2616 μηδενὸς
1136 2532 1575 2614 προσδεόμενος
1621 2532 1833 2595 ἄλλου·
1882 2529 2081 2596 πάντα
2136 2536 2253 2615 γὰρ

554 2646 667 2729 θεῷ
713 2637 954 2704 δυνατά.
1017 2635 1125 2700 Cf.
1156 2633 1237 2697 de
1278 2631 1524 2719 migrat.
1568 2632 1805 2696 Abrah.
1837 2631 1974 2695 Vol.
2010 2634 2150 2698 111.
2185 2657 2246 2721 p.

549 2761 700 2825 412.
791 2738 1037 2804 Eodem
1097 2734 1286 2799 modo
1334 2733 1777 2798 Theodoretus
1832 2757 2000 2798 nunc
2050 2738 2253 2803 οἴακας

554 2850 657 2910 τοῦ
687 2845 911 2923 κόσμου
943 2853 1227 2926 usurpat,
1257 2851 1331 2901 ut
1373 2838 1471 2901 11.
1502 2860 1565 2923 p.
1590 2838 1736 2916 468.
1781 2836 2037 2901 Schulz.
2083 2860 2251 2902 nunc

553 2950 755 3013 οἴακας
785 2944 1028 3009 κτίσεως
1057 2941 1115 3005 I.
1150 2963 1214 3027 p.
1251 2955 1399 3024 951.
1479 2938 1632 3003 Alia
1671 2962 1746 3003 ex
1790 2938 2093 3003 Ecclesiae
2123 2940 2248 3003 Pa-

553 3049 752 3114 tribus
788 3044 1037 3132 collegit
1082 3040 1377 3107 Matthaei
1415 3040 1496 3104 ad
1543 3044 1647 3106 Jo.
1684 3041 2007 3128 Chrysost.
2042 3042 2249 3106 Oratt.

553 3153 784 3220 selectt.
833 3150 976 3214 111.
1024 3172 1090 3235 p.
1127 3149 1189 3212 6.
1221 3170 1311 3233 sq.
1363 3146 1622 3210 Proclus
1668 3144 1729 3209 in
1778 3143 1994 3210 Alcib.
2042 3168 2140 3232 pr.
2181 3170 2248 3234 p.

553 3258 651 3342 78.
683 3256 784 3320 ed.
817 3250 1297 3318 Francofi-xal
1347 3250 1431 3317 εἷς
1470 3251 1636 3312 ἐστιν
1676 3249 1847 3316 οὗτος
1892 3248 1958 3330 (ὁ
1995 3250 2247 3335 δαίμων)

548 3358 825 3424 ἁπάντων
853 3361 974 3419 τῶν
1002 3357 1069 3419 ἐν
1095 3355 1236 3434 ἡμῖν
1265 3353 1359 3417 καὶ
1388 3353 1523 3433 περὶ
1550 3353 1700 3432 ἡμᾶς
1725 3353 2017 3432 βασιλεὺς
2062 3355 2250 3417 οἰακί-

546 3469 657 3536 ζων
695 3461 862 3540 ἡμῶν
909 3458 1018 3537 τὴν
1062 3458 1385 3535 σύμπασαν
1430 3454 1618 3533 ζωήνε
1684 3453 1767 3518 ad
1810 3476 1996 3541 quem
2042 3453 2249 3518 locum

550 3563 735 3652 plura
775 3559 1052 3648 congessi
1099 3558 1178 3622 de
1207 3558 1399 3622 verbo
1440 3560 1733 3633 οἰακίζειν.
1825 3556 1976 3622 Alia
2016 3579 2247 3644 suppe-

550 3665 708 3730 ditat
767 3660 1241 3750 Wyttenbachii
1301 3665 1406 3724 τοῦ
1463 3662 1785 3740 μακαρίτου
1842 3659 2128 3725 doctrina
2185 3660 2248 3724 in

552 3765 927 3831 Animadvv.
959 3764 1024 3828 in
1074 3763 1397 3827 Plutarch.
1430 3762 1510 3826 de
1548 3762 1729 3826 Aud.
1775 3764 1982 3827 Poett.
2013 3785 2075 3849 p.
2101 3769 2247 3843 284,

550 3868 658 3934 ubi
703 3864 1113 3952 Participium
1144 3865 1650 3944 μετοιακιζόμενος
1685 3862 1971 3929 illustrat.
2024 3864 2247 3928 Hime-

547 3969 678 4035 rius
698 3970 880 4033 Orat.
905 3968 1099 4031 XIV.
1121 3985 1229 4052 32.
1261 3968 1464 4048 ὥσπερ
1487 3993 1572 4033 τις
1601 3965 1958 4048 κυβερνήτης
1985 3967 2244 4049 χρηστὸς

551 4071 616 4139 ὃς
658 4070 886 4136 πάντας
941 4069 1116 4150 ἀφεὶς
1161 4067 1296 4134 τοὺς
1352 4071 1663 4149 πλωτῆρας
1721 4069 1955 4135 ἀπόνως
2005 4068 2102 4131 ἐπὶ
2144 4071 2245 4146 τῆς

551 4171 802 4239 ὁλκάδος
829 4170 1142 4254 φέρεσθαι,
1176 4171 1358 4249 μόνος
1397 4169 1495 4232 ἐπὶ
1530 4175 1650 4232 τῶν
1688 4168 1904 4233 οἰάκων
1935 4170 2121 4236 ἑστὸς
2151 4169 2242 4232 εὗ-

549 4275 712 4340 θύνει
756 4272 825 4337 τὸ
874 4270 1108 4354 σκάφος
1158 4272 1494 4350 ἀκύμαντον
1541 4269 1682 4351 (ubi
1730 4292 1855 4334 non
1899 4269 2084 4334 video
2133 4293 2249 4333 cur

549 4372 951 4439 Wernsdorf.
983 4372 1157 4437 malit
1186 4372 1581 4455 ἀπήμαντον).
1675 4372 1854 4436 Idem
1880 4372 1944 4435 in
1977 4371 2247 4459 Eclogg.

552 4477 866 4542 XXXVI.
904 4496 1004 4540 10.
1034 4498 1096 4562 p.
1117 4495 1287 4560 314:
1340 4477 1661 4540 κινδυνεύει
1688 4501 1789 4554 μοι
1815 4476 1991 4542 πόλις
2011 4474 2249 4557 μεγάλη

552 4581 642 4645 καὶ
667 4580 908 4661 ἤπειρος
935 4579 1048 4659 ὅλη
1081 4581 1438 4659 κυβερνᾶται
1464 4582 1587 4644 τοῖς
1614 4579 1786 4655 οἴαξι.
1861 4576 2033 4640 Idem
2067 4579 2245 4642 Orat.

553 4684 706 4747 VII.
739 4700 837 4767 15.
867 4703 932 4768 p.
954 4682 1103 4765 536.
1140 4678 1462 4744 Wernsdf.
1498 4679 1710 4742 οὐκοῦν
1753 4682 1937 4757 δῆλον
1969 4679 2046 4744 ὥς
2078 4683 2246 4742 πᾶσα

550 4784 773 4866 ἀνάγκη
811 4783 1089 4866 τεχνίτην
1128 4781 1344 4846 οἰάκων
1375 4779 1529 4845 εἶναι
1570 4779 1701 4863 [τὸν
1732 4778 2056 4864 ἑφιζάνειν]
2092 4778 2242 4857 μέλ-

550 4894 735 4950 λοντα
778 4890 902 4952 τοῖς
943 4884 1252 4963 πηδαλίοις
1294 4886 1398 4962 τῆς
1437 4883 1691 4948 πόλεως.
1762 4879 2134 4967 Alciphron.
2181 4882 2241 4944 I.

550 4987 753 5077 Epist.
793 5007 911 5060 103
959 4984 1253 5052 πολλάκις
1286 4986 1393 5049 οὖν
1438 4985 1726 5059 σώζονται
1766 4981 1862 5047 ὑπ’
1906 4983 2247 5064 ἀσφαλείας

549 5090 1016 5172 προμηθούμενοι
1047 5087 1547 5171 (προθυμούμενοι
1573 5085 1701 5150 bini
1737 5082 1940 5149 Codd.
1974 5081 2245 5148 Palatini

548 5191 768 5276 nostri)
799 5190 1184 5273 φυλάξασθαι
1223 5189 1330 5254 τὸν
1360 5191 1651 5264 κίνδυνον.
1703 5188 1821 5251 εἰσὶ
1856 5187 1920 5250 δὲ
1960 5188 2019 5249 οἱ
2051 5211 2240 5268 παρα-

547 5296 743 5361 δόντες
779 5293 1022 5361 ἑαυτοὺς
1059 5290 1219 5370 ἅπαξ
1256 5295 1336 5377 τῷ
1376 5289 1650 5372 πελάγει,
1686 5287 1781 5353 ὑπ’
1815 5289 2147 5370 ἀμηχανίας
2172 5294 2242 5368 τῇ

547 5397 689 5479 τύχῃ
711 5394 848 5461 τοὺς
875 5397 1081 5462 οἴακας
1118 5394 1547 5475 ἐπιτρέψαντες
1580 5389 2047 5473 (ἐπιτρέψαντας
2079 5411 2161 5452 uu
2171 5412 2243 5453 us

547 5496 779 5579 Palat.)
813 5496 1126 5579 φέρεσθαι.
1205 5494 1334 5559 Ubi
1364 5494 1494 5558 vid.
1526 5491 1806 5581 Bergler.
1835 5504 1899 5555 et
1930 5492 2237 5578 Wagner.

641 5605 827 5658 VOL.
866 5603 992 5657 ΙΙΙ.

3931 543 4049 609 217

2339 713 2400 778 p.
2430 696 2534 756 60.
2613 691 2894 757 Platonis
2940 693 3143 757 locum
3192 692 3389 780 tangit
3434 693 3620 759 etiam
3668 695 3932 761 Proclus
3979 697 4041 762 in

2343 793 2674 882 Cratylum
2709 798 2767 879 ᾗ.
2800 798 2906 881 69.
2940 820 3002 882 p.
3034 816 3142 882 33.
3176 795 3457 861 Boisson.
3493 798 3583 862 ita
3609 821 3914 886 pergens:
3965 804 4040 864 τὰ

2338 898 2543 960 τοίνυν
2588 897 2849 978 πηδάλια
2893 903 3077 963 ταῦτα
3122 900 3216 963 καὶ
3265 901 3298 961 ὁ
3341 903 3474 979 οἴαξ
3519 906 3624 965 τοῦ
3666 904 3907 977 παντὸς,
3955 904 4043 970 οῒς

2341 1000 2741 1082 ἐποχούμενος
2787 1002 2820 1063 ὁ
2867 1000 3216 1083 δημιουργὸς
3264 1006 3577 1082 διακοσμεῖ
3619 1004 3687 1068 τὸ
3744 1010 3886 1080 πᾶν,
3934 1007 4040 1070 οὔκ

2338 1102 2496 1165 ἄλλο
2526 1127 2584 1165 τι
2621 1102 2738 1186 χρὴ
2783 1104 3040 1181 νομίζειν
3075 1100 3112 1182 ἢ
3154 1105 3439 1185 σύμβολα
3466 1109 3569 1184 τῆς
3597 1107 3742 1187 ὅλης
3770 1112 4037 1191 δημιουρ-

2337 1204 2489 1286 γίας.
2525 1231 2577 1267 κ.
2602 1229 2657 1266 τ.
2680 1211 2747 1266 λ.

2429 1321 2576 1387 721,
2598 1324 2697 1371 12.
2723 1305 2813 1369 διὸ
2842 1307 2937 1370 καὶ
2966 1306 3232 1371 Πλάτων
3256 1313 3448 1376 καλῶς
3465 1308 3574 1387 τὴν
3590 1312 3798 1394 ψυχὴν
3822 1312 3893 1375 οὐ
3919 1313 4041 1379 θεὶς

2340 1410 2407 1470 ἐν
2435 1410 2515 1494 τῷ
2561 1409 2789 1487 σώματι
2834 1410 2931 1473 ἐπὶ
2965 1413 3072 1472 τοῦ
3112 1410 3363 1497 παντὸς]
3412 1410 3558 1476 Vid.
3590 1411 3869 1477 Platonis
3913 1414 4035 1478 Ti-

2340 1532 2569 1574 maeum
2610 1532 2672 1596 p.
2705 1512 2808 1595 36.
2841 1511 2960 1575 sub
3000 1510 3106 1574 fin.
3141 1534 3204 1597 p.
3235 1531 3343 1598 34.
3389 1512 3596 1578 Bekk.
3630 1529 3693 1578 et
3734 1539 3799 1603 p.
3831 1534 3937 1596 42.
3972 1540 4035 1603 p.

2338 1632 2444 1697 45.
2478 1635 2568 1698 sq.
2600 1611 2803 1675 Bekk.

2424 1738 2489 1801 p.
2528 1731 2674 1797 722,
2715 1716 2779 1779 6.
2824 1714 2931 1793 τὴν
2972 1717 3086 1795 μὲν
3129 1717 3194 1779 ἐν
3240 1717 3577 1798 ὀφθαλμοῖς
3615 1718 3883 1798 δύναμιν,
3926 1721 4033 1800 τὴν

2340 1816 2617 1898 ὁρατικὴν
2660 1816 3201 1900 εἶναι-ὄσφρησιν
3238 1821 3305 1882 ἐν
3337 1820 3469 1900 ῥισί
3488 1847 3541 1882 κ.
3567 1844 3622 1884 τ.
3647 1822 3748 1905 λ.]
3797 1821 4036 1909 Dispu-

2342 1933 2433 1984 tat
2459 1918 2539 1983 de
2576 1918 2673 1982 his
2711 1918 2994 1984 sensibus
3033 1943 3378 2007 eorumque
3410 1920 3645 1986 viribus
3688 1938 3880 2010 atque
3923 1948 4038 2012 ap-

2337 2020 2801 2107 pellationibuS,
2829 2022 3112 2108 priorum
3147 2021 3672 2110 Physiologorum
3705 2027 4040 2091 sententias

2334 2126 2717 2203 examinans,
2761 2125 3134 2190 Aristoteles
3178 2125 3260 2189 de
3289 2125 3516 2190 Anima
3559 2128 3705 2192 III.
3740 2147 3800 2194 2.
3829 2152 3893 2217 p.
3926 2147 4037 2214 50.

2341 2225 2517 2313 Sylb.
2612 2226 2722 2290 Ad
2774 2241 3215 2314 argumentum
3277 2227 3683 2315 comparandi
3740 2230 4037 2318 Xenoph.

2339 2328 2744 2393 Memorabb.
2773 2330 2832 2392 I.
2862 2350 2927 2410 4.
2958 2349 3021 2414 5.
3074 2328 3208 2394 Cic.
3239 2328 3320 2393 de
3362 2329 3497 2394 Fin.
3532 2331 3612 2394 V.
3653 2351 3753 2396 11.
3784 2352 3910 2418 333
3960 2333 4041 2398 de

2337 2431 2490 2494 Nat.
2530 2431 2759 2495 Deorr.
2802 2432 2900 2495 II.
2943 2433 3051 2515 56.
3092 2446 3154 2495 et
3200 2431 3332 2518 ipse
3389 2430 3671 2497 Plotinus
3717 2434 3833 2498 IV.
3882 2438 3944 2500 6.
3978 2454 4036 2500 2.

2338 2531 2456 2595 VI.
2495 2552 2553 2595 1.
2587 2551 2686 2595 12.
2741 2533 2861 2596 VI.
2889 2553 2951 2619 3.
2984 2550 3079 2616 17.
3137 2534 3257 2598 VI.
3290 2553 3351 2614 4.
3390 2555 3484 2598 11.
3539 2534 3668 2599 Dio
3712 2537 4036 2624 Chrysost.

2340 2636 2516 2698 Orat.
2548 2634 2755 2698 VIII.
2787 2657 2849 2721 p.
2882 2654 3023 2720 134.
3059 2637 3135 2700 C.
3163 2636 3245 2699 D.
3281 2658 3339 2722 p.
3367 2637 3428 2699 6.
3452 2636 3550 2701 ed.
3586 2638 3869 2725 Baguet:
3909 2640 4040 2722 (τῆς

2336 2736 2763 2821 ἡδονῆς)-διά
2793 2762 2858 2800 τε
2886 2740 2987 2816 τῆς
3015 2739 3216 2819 ὅψεως
3246 2739 3342 2802 καὶ
3372 2741 3566 2817 ἀκοῆς,
3592 2737 3630 2818 ἢ
3660 2741 4037 2824 ὀσφρήσεως,

2336 2837 2372 2918 ἢ
2416 2840 2698 2919 γεύσεως,
2744 2835 2781 2918 ἢ
2821 2841 2979 2921 ἆφῆς
3027 2845 3364 2923 διαφθεῖραι
3404 2841 3785 2923 πειρωμένης.
3878 2844 4039 2910 Plu·

2337 2939 2592 3004 tarchus
2636 2939 2717 3003 de
2754 2940 3044 3005 Fortuna
3085 2965 3148 3028 p.
3191 2943 3293 3026 98.
3340 2944 3416 3008 F.
3460 2966 3522 3029 p.
3554 2944 3703 3029 387.
3739 2947 4043 3035 Wytt.—

2338 3041 2475 3105 ἀλλ’
2510 3045 2579 3106 ἐν
2606 3046 2757 3106 πᾶσι
2785 3045 3015 3111 τούτοις
3043 3044 3434 3127 ἀτυχέστεροι
3456 3052 3575 3110 τῶν
3593 3049 3810 3129 θηρίων
3834 3050 4041 3129 ἐσμέν.

2339 3145 2609 3228 ἐμπειρίᾳ
2641 3146 2707 3208 δὲ
2754 3144 2850 3209 καὶ
2895 3145 3092 3227 μνήμῃ
3141 3148 3237 3211 καὶ
3283 3149 3473 3233 σοφίᾳ
3517 3150 3614 3213 καὶ
3661 3150 3845 3233 τέχνῃ
3895 3156 4041 3217 κατὰ

2335 3244 2771 3328 Ἀναξαγόραν,
2806 3253 2982 3330 σφῶν
3007 3274 3076 3314 τε
3114 3248 3308 3314 αὐτῶν
3332 3251 3632 3334 χρώμεθα,
3667 3252 3761 3317 καὶ
3788 3257 4038 3334 βλίττο-

2336 3372 2468 3428 μεν,
2518 3349 2615 3412 καὶ
2653 3348 3017 3433 ἀμέλγομεν,
3061 3352 3156 3414 καὶ
3200 3351 3465 3434 φέρομεν
3500 3356 3598 3420 καὶ
3636 3356 3864 3437 ἄγομεν
3898 3366 4044 3422 συλ-

2336 3449 2774 3530 λαμβάνοντες.
2892 3454 2972 3516 In
3032 3454 3533 3540 proecedentibus
3592 3475 4040 3522 memoraverat

2342 3551 2722 3618 Plutarchus
2741 3553 2901 3617 vires
2923 3554 3210 3619 mirificas
3238 3555 3627 3642 singulorum
3651 3557 4036 3638 animalium,

2337 3671 2399 3720 et
2444 3679 2635 3742 quam
2688 3655 3019 3721 utilitatem
3060 3655 3343 3720 homines
3382 3657 3531 3722 inde
3573 3658 3894 3747 percipere
3939 3683 4032 3724 so-

2334 3756 2526 3836 leant,
2558 3757 2622 3822 in
2652 3780 2784 3845 quo
2811 3757 2948 3822 loco
2973 3758 3158 3823 etiam
3182 3781 3412 3823 canum
3441 3760 3522 3824 ad
3552 3760 3900 3826 custodiam
3922 3762 4034 3826 ho-

2331 3860 2572 3925 minum
2621 3859 2904 3925 adhiberi
2963 3860 3286 3925 solitorum
3350 3862 3726 3926 mentionem
3781 3863 4038 3928 fecerat.

2330 3964 2375 4025 J
2380 3985 2478 4027 am
2542 3963 2937 4050 Anaxagorae
2995 3963 3361 4028 sententiam
3427 3965 3688 4052 exponit
3758 3965 4037 4031 docentis

2334 4064 2654 4151 quomodo
2699 4065 3001 4144 homines,
3032 4087 3175 4129 cum
3225 4065 3346 4131 illis
3376 4066 3614 4132 viribus
3654 4067 3863 4132 minus
3897 4069 4037 4156 pol·

2335 4166 2523 4246 leant,
2555 4191 2746 4255 quam
2787 4169 3024 4248 bestiae,
3051 4191 3166 4233 suo
3206 4182 3413 4234 tamen
3458 4168 3711 4256 ingenio
3747 4168 3847 4234 his
3888 4170 4040 4259 ipsis

2337 4270 2431 4334 uti
2478 4270 2758 4336 calleant.
2837 4271 3048 4335 Verba
3102 4285 3314 4335 autem
3372 4271 3477 4336 illa
3527 4286 3825 4359 corrupta
3869 4288 4033 4337 sunt.

2338 4372 2721 4436 Turnebus:
2772 4379 3103 4455 σφριγῶντι
3131 4374 3328 4437 αὐτῶν
3357 4373 3453 4438 vel
3486 4375 3675 4459 σοφία
3718 4400 3786 4440 τε
3827 4376 4034 4441 αὐτῶν.

2336 4475 2443 4537 Ex
2467 4474 2914 4539 sententiarum
2939 4489 3313 4561 argumento
3342 4491 3404 4540 et
3434 4499 3511 4540 ex
3543 4476 3732 4541 variae
3757 4476 4037 4544 lectionis

2335 4575 2648 4663 vestigiis:
2680 4575 3097 4658 Ἀναξαγόραν
3127 4584 3303 4659 σφῶν
3325 4603 3391 4643 τε
3409 4579 3504 4642 vel
3537 4585 4031 4645 ΣΦΡῙΓΓΩΝΤΙ

2332 4676 2431 4740 vel
2460 4683 2823 4742 ΣΟΦῙΑΤΕ
2861 4677 3196 4765 legendum
3242 4681 3542 4767 conjicio:
3593 4687 3742 4747 κατὰ
3782 4683 4037 4764 Ἀναξα-

2331 4781 2539 4861 γόραν,
2587 4781 2926 4862 ὀσφράνσει
2979 4805 3047 4845 τε
3096 4782 3289 4847 αὐτῶν
3331 4786 3646 4867 χρόμεθαε
3694 4794 3755 4850 et
3796 4786 4033 4871 offactu

2330 4901 2545 4944 eorum
2588 4883 2837 4946 utimur
2883 4880 3038 4963 (scil.
3084 4882 3147 4947 in
3192 4901 3448 4963 venatu,
3496 4909 3626 4972 quo
3665 4886 3827 4952 feras
3868 4889 4034 4976 capi-

2331 5006 2494 5062 mus,
2553 4983 2789 5071 quibus
2833 4985 3190 5071 vescimur).
3285 4989 3375 5053 Et
3432 5004 3655 5076 reputa
3714 4993 4034 5077 sequentia

2335 5087 2430 5150 καὶ
2457 5088 2785 5167 βλίττομεν
2815 5116 2863 5151 κ.
2885 5112 2936 5150 τ.
2957 5096 3046 5166 λ.,
3069 5111 3215 5175 quae
3244 5089 3489 5177 singula
3517 5090 3600 5155 ad
3628 5107 3867 5178 partem
3898 5115 4033 5156 cor-

2330 5186 2502 5273 poris
2528 5187 2890 5252 animalium
2915 5190 3251 5276 pertinent,
3269 5192 3543 5279 exceptis
3571 5193 3899 5258 extremis:
3934 5197 4030 5259 καὶ

2332 5289 2616 5372 φέρομεν,
2649 5313 2794 5377 quae
2836 5289 2919 5354 ad
2965 5303 3166 5356 totum
3211 5316 3460 5381 corpuS.
3550 5294 3765 5360 Etiam
3810 5294 4029 5361 Cicero

2327 5391 2392 5455 in
2435 5391 2575 5455 loco
2619 5391 2981 5456 Plutarchei
3035 5393 3365 5473 simillimo,
3412 5396 3491 5459 de
3537 5397 3620 5460 N.
3648 5397 3732 5459 D.
3767 5397 3867 5461 11.
3899 5399 4025 5464 60:

2330 5499 2375 5532 “
2409 5493 2765 5650 Nosfonera
2803 5492 3183 5578 quibusdam
3225 5496 3456 5576 bestiis,
3489 5519 3601 5563 nos
3635 5498 3797 5586 juga
3832 5499 4033 5588 impo-

2448 5600 2496 5650 F
