5118 6613
1027 615 1108 677 24

1089 768 1276 854 p.67,
1298 765 1356 830 8.
1392 766 1505 838 καὶ,
1539 764 1767 844 νὴΔιᾶ,
1795 760 2080 828 θανάτους
2108 761 2361 848 θνητῶν]
2394 758 2495 825 i.e.
2518 768 2703 847 atque

1016 870 1169 934 adeo
1196 891 1280 932 m.
1302 890 1388 933 m.
1446 865 1749 932 Formula
1773 864 1836 929 in
1868 863 2156 952 pluribus
2197 862 2551 928 nominibus
2591 877 2703 927 aut

1016 971 1221 1037 verbis
1262 968 1484 1035 ultimo
1526 967 1862 1056 praepomta
1905 967 2096 1055 hujus
2138 965 2267 1030 vim
2309 964 2600 1042 intendit,
2628 976 2703 1029 ut

1017 1075 1112 1139 καὶ
1138 1075 1226 1152 δὲ,
1258 1075 1358 1137 καί
1380 1097 1453 1154 γε
1481 1073 1573 1151 δὴ,
1595 1070 1853 1136 docente
1871 1068 2205 1157 Wyttenb.
2227 1070 2311 1134 ad
2328 1068 2500 1134 Plut.
2527 1069 2696 1132 Mor.

1014 1200 1078 1264 p.
1105 1177 1253 1261 506.
1281 1175 1380 1239 ed.
1407 1173 1556 1238 min.

1099 1314 1187 1327 —-
1210 1299 1269 1363 9.
1319 1280 1510 1360 δόγμα
1535 1274 2163 1363 περὶ-ζωῆς-εἴναι]
2212 1273 2347 1339 Cic.
2378 1274 2604 1338 Tusce.
2641 1272 2697 1337 I.

1014 1396 1119 1465 47.
1153 1394 1218 1446 et
1243 1381 1349 1463 48.
1414 1381 1699 1444 Deorum
1743 1376 2182 1442 immortalium
2219 1375 2462 1464 judicia
2504 1376 2702 1441 solent

1016 1484 1079 1550 in
1108 1483 1330 1550 scholis
1374 1482 1652 1571 proferre
1692 1480 1773 1545 de
1818 1494 2228 1545 morte—non
2255 1481 2433 1543 nasci
2460 1479 2700 1544 homini

1014 1589 1199 1676 longe
1254 1588 1555 1675 optimum
1602 1605 1754 1662 esse,
1801 1584 2175 1672 proximum
2228 1591 2460 1659 autem,
2512 1604 2701 1669 quam

1004 1692 1294 1778 primum
1321 1690 1506 1766 movi,
1536 1686 1645 1751 ubi
1674 1685 1801 1751 vid.
1835 1684 2184 1750 Davisium.
2243 1684 2608 1749 Herodotus
2638 1686 2695 1749 1.

1015 1812 1120 1877 31.
1154 1790 1374 1871 διέδεξέ
1400 1816 1465 1855 τε
1493 1793 1560 1855 ἑν
1581 1791 1841 1855 τούτοισι
1869 1791 1902 1852 ὁ
1926 1788 2080 1868 θεὸς,
2104 1788 2182 1855 ὥς
2210 1789 2452 1867 ἄμεινον
2483 1790 2572 1868 εἴη
2602 1789 2703 1851 ἀν-

1017 1897 1225 1980 θρώπῳ
1270 1893 1548 1959 τεθνάναι
1589 1897 1825 1973 μᾶλλον
1851 1888 1889 1970 ἢ
1926 1892 2110 1967 ζώειν.
2158 1889 2268 1954 ubi
2297 1889 2377 1954 cf.
2408 1889 2698 1977 intel-prr.

1018 1999 1188 2062 Sext.
1223 1994 1469 2083 Empir.
1495 1994 1723 2082 Pyrrh.
1759 1995 2096 2082 Hypotyp.
2127 1993 2264 2058 111.
2305 2011 2405 2073 24.
2441 2011 2586 2078 231.
2635 2015 2698 2079 p.

1023 2100 1165 2164 186.
1219 2100 1366 2164 ἔνιοι
1411 2100 1476 2162 δὲ
1524 2098 1617 2162 καὶ
1658 2097 1908 2177 βέλτιον
1948 2095 2099 2161 εἶναι
2141 2096 2208 2160 τὸ
2254 2097 2574 2160 ἀποθανεῖν
2602 2099 2706 2158 τοῦ

1018 2206 1124 2282 ζῇν
1151 2203 1300 2282 ἡμᾶς
1325 2200 1872 2281 ὑπολαμβάνουσιν.
1932 2197 2043 2262 Ad
2067 2220 2254 2284 quem
2283 2197 2489 2262 locum
2516 2197 2702 2284 plura

1012 2305 1188 2370 dabit
1244 2303 1585 2369 Fabricius.
1675 2301 1869 2367 Adde
1926 2300 2246 2366 Plutarch.
2305 2300 2553 2365 Consol.
2616 2299 2699 2364 ad

1012 2407 1300 2497 Apollon.
1334 2431 1399 2495 p.
1435 2408 1575 2471 106.
1617 2406 1755 2470 108.
1789 2420 1852 2470 et
1879 2404 1963 2469 ad
1991 2427 2137 2469 eum
2166 2403 2499 2492 Wyttenb.
2535 2402 2693 2467 Ani-

1011 2509 1260 2575 madvv.
1293 2533 1357 2598 p.
1388 2511 1745 2595 726—730.
1780 2508 1878 2573 ed.
1910 2507 2059 2572 min.
2107 2524 2170 2571 et
2214 2529 2423 2571 recens
2457 2504 2696 2570 editum

1014 2613 1261 2679 Theod.
1297 2612 1735 2690 Metochitam‚
1774 2610 1885 2698 qui
1928 2610 1992 2673 in
2033 2608 2572 2675 Miscellaneorum
2602 2632 2700 2672 ca-

1012 2716 1143 2803 pite
1170 2717 1274 2800 58.
1308 2737 1370 2802 p.
1395 2734 1542 2800 339.
1582 2736 1717 2800 sqq.
1751 2712 1851 2777 ed.
1885 2711 2144 2777 Miiller.
2178 2724 2241 2776 et
2271 2710 2601 2798 Kiessling.
2631 2710 2698 2776 in

1013 2817 1381 2883 contrariam
1411 2831 1651 2904 partem
1680 2815 1978 2903 disputat.

1108 2957 1194 2968 —
1231 2939 1326 2983 11.
1382 2917 1516 2982 ἀλλ’
1571 2921 1624 2982 εἰ
1671 2916 2100 3003 μῆ-σαπείη]
2165 2914 2452 2979 Plotinus
2500 2914 2696 2979 videri

1014 3034 1205 3109 queat
1254 3020 1592 3107 respexisse
1640 3017 1798 3083 illud
1845 3016 2165 3083 Theodori
2211 3017 2536 3104 Cyrenaici
2587 3042 2690 3107 ap.

1017 3125 1192 3189 Plut.
1221 3123 1301 3188 de
1328 3122 1549 3189 Vitios.
1580 3145 1645 3210 p.
1672 3142 1821 3207 499.
1847 3123 1934 3186 D.
1966 3144 2027 3207 p.
2056 3140 2114 3204 9.
2148 3118 2250 3183 ed.
2270 3120 2480 3207 Wytt.
2516 3121 2610 3185 καὶ
2638 3123 2700 3185 τί

1017 3229 1308 3314 Θεοδώρῳ
1335 3225 1530 3309 μέλει,
1561 3226 1812 3309 πότερον
1837 3227 1984 3306 ὑπὲρ
2015 3227 2122 3306 γῆς
2154 3221 2190 3302 ἢ
2217 3222 2329 3286 ὑπὸ
2369 3227 2476 3305 γῆς
2512 3222 2694 3302 σήπε-

1016 3357 1150 3405 ται;
1196 3354 1341 3418 quae
1370 3330 1458 3394 ita
1485 3328 1785 3416 expressit
1815 3330 2048 3393 Seneca
2074 3326 2154 3390 de
2177 3326 2527 3413 Tranquill.
2559 3350 2693 3415 cap.

921 3473 927 3480 -
1027 3454 1124 3515 14.
1156 3441 1200 3473 “
1222 3435 1280 3498 Ο
1302 3448 1365 3498 te
1392 3433 1697 3519 ineptum,
1723 3430 1772 3495 si
1800 3444 1987 3519 putas
2014 3430 2326 3509 interesse,
2357 3452 2546 3517 supra
2574 3444 2695 3494 ter-

1015 3559 1172 3614 ram,
1217 3559 1297 3601 an
1339 3535 1502 3601 infra
1543 3550 1893 3623 putrescam
1902 3535 1955 3598 .”
2006 3532 2232 3598 Paullo
2272 3531 2450 3597 aliter
2479 3532 2699 3597 Cicero

1015 3638 1080 3703 in
1111 3640 1333 3705 Tusce.
1371 3640 1428 3704 I.
1461 3658 1569 3725 43.
1614 3637 1726 3701 ubi
1753 3637 1882 3702 vid.
1915 3635 2128 3702 Davis.
2206 3634 2416 3700 Simile
2459 3634 2699 3699 dictum

1016 3742 1385 3808 Anaxarcho
1426 3741 1686 3830 physico
1732 3739 1952 3805 tribuit
1995 3737 2354 3803 Aristoteles
2395 3737 2460 3802 111
2491 3738 2700 3803 Chriis

1014 3870 1116 3934 ap.
1167 3846 1344 3910 Stob.
1378 3845 1549 3910 Flor.
1583 3843 1721 3909 Tit.
1746 3844 1909 3907 VII.
1959 3865 2021 3930 p.
2057 3841 2159 3906 88.
2205 3843 2271 3924 ξ.
2301 3861 2410 3927 30.
2453 3865 2520 3929 p.
2553 3857 2698 3925 207.

1020 3947 1336 4015 Gaisford.
1382 3948 1510 4027 ἐμοὶ
1551 3948 1617 4011 δὲ
1659 3947 1830 4011 οὐδὲν
1857 3945 2122 4027 διαφέρει
2159 3945 2306 4025 ὑπὲρ
2332 3948 2441 4027 γῆς
2473 3942 2511 4023 ἢ
2552 3948 2701 4009 κατὰ

1018 4055 1125 4133 γῆς
1167 4049 1484 4129 σήπεσθαι.
1555 4050 1713 4126 Quae
1755 4060 2086 4134 propterea
2111 4046 2297 4111 etiam
2334 4046 2597 4133 adposui
2628 4059 2698 4111 ut

1017 4151 1279 4217 varietas
1305 4151 1370 4215 in
1399 4149 1661 4239 praeposi
1669 4149 1906 4215 tionum
1936 4171 2053 4212 usu
2083 4148 2543 4236 intelligeretur.

1100 4292 1189 4304 —-
1212 4274 1306 4340 13.
1354 4258 1453 4334 τῆς
1493 4253 1901 4340 μικρολογίας]
1950 4252 2111 4316 Haec
2140 4250 2274 4316 Fic.
2304 4251 2369 4316 in
2397 4251 2702 4317 exclama-

1019 4358 1184 4422 tione
1221 4355 1481 4444 accepit,
1511 4369 1585 4420 ut
1611 4353 2120 4442 indignabundus
2160 4353 2452 4441 adjecerit
2493 4354 2696 4442 philo-

1019 4460 1269 4549 sophus.
1359 4457 1486 4538 Qui
1511 4458 1625 4523 ὖπδ
1654 4479 1864 4523 recens
1890 4455 2174 4544 adpinxit
2205 4456 2366 4521 Cod.
2401 4458 2584 4522 Mon.
2621 4460 2699 4523 C.

1010 4562 1227 4651 junxit
1260 4585 1405 4627 cum
1435 4563 1538 4626 οὐκ
1567 4562 1846 4641 ἀξιωθείς.
1941 4561 2105 4623 Haec
2145 4558 2303 4622 ratio
2343 4559 2525 4623 etiam
2569 4560 2702 4648 pla-

1019 4665 1150 4730 cuit
1179 4663 1631 4752 Engelhardto,
1662 4663 1752 4729 ita
1777 4678 2005 4743 tamen,
2036 4676 2106 4728 ut
2135 4660 2401 4749 Ellipsin
2448 4662 2700 4728 subesse

1019 4768 1295 4833 crederet
1325 4766 1644 4856 particulae
1674 4767 1867 4832 ἕνεκα.
1939 4764 2179 4853 Taylor
2208 4787 2273 4828 se
2301 4763 2381 4828 ad
2410 4764 2698 4830 Ficinum

1019 4869 1340 4959 applicuit.
1430 4872 1745 4936 Caeterum
1784 4868 1865 4932 de
1898 4882 2443 4934 monumentorum
2486 4867 2695 4955 sepul·

1020 4973 1279 5041 cralium
1321 4971 1729 5060 amplitudine
1754 4971 1998 5059 legibus
2025 4970 2209 5036 etiam
2240 4970 2701 5059 circumscripta

1022 5101 1167 5146 cum
1196 5074 1434 5143 Groecis
1460 5088 1595 5140 tum
1624 5073 1926 5139 Romanis
1951 5073 2094 5138 vide
2122 5074 2309 5139 modo
2337 5072 2700 5139 Ciceronem

1023 5180 1104 5246 de
1134 5180 1339 5267 Legg.
1371 5178 1467 5241 II.
1502 5179 1607 5244 26.
1641 5178 1743 5260 64.
1778 5179 1882 5264 65.
1928 5176 2076 5264 ibiq.
2118 5176 2409 5264 interprr.
2454 5199 2518 5264 p.
2548 5178 2697 5265 363.

1026 5307 1118 5371 sq.
1147 5283 1245 5348 ed.
1281 5282 1514 5345 Moser.
1545 5293 1607 5345 et
1636 5293 1825 5345 nostr.
1919 5279 2158 5360 Quodsi
2185 5278 2474 5345 credibile
2503 5278 2604 5360 sit,
2632 5279 2699 5345 in

1025 5383 1323 5474 proximis
1367 5381 1688 5448 Plotinum
1739 5382 1979 5469 antiqui
2027 5381 2207 5471 alicuj
2216 5405 2290 5447 us
2335 5381 2700 5470 Philosophi

1025 5489 1263 5554 dictum
1290 5485 1679 5574 expressisse,
1708 5485 1976 5573 probum
2019 5484 2097 5550 sit
2138 5486 2256 5569 πάρ
2284 5511 2376 5550 τοι
2403 5508 2519 5573 pro
2547 5485 2696 5568 πάρ-

1029 5593 1163 5657 εστί
1187 5617 1301 5657 σοι.
1350 5588 1526 5654 Illud
1539 5589 1703 5655 enim
1729 5588 1826 5655 bis
1850 5588 2079 5677 legitur
2098 5587 2277 5654 bonis
2303 5587 2367 5652 in
2395 5587 2567 5654 libris
2593 5611 2695 5676 ap.

1986 588 2748 655 ANNOTATIONE
2769 588 2812 653 S
2880 588 2984 653 IN
3053 585 3497 652 PLOTINI

2789 760 2981 848 Diog.
3014 760 3228 824 Laert.
3262 760 3407 823 111.
3441 776 3540 823 22.
3581 757 3645 821 111
3675 756 3934 845 epistola
3960 755 4193 822 Dorica
4220 756 4469 845 Archy-

2787 877 2888 929 tae.
2952 861 3099 926 Vid.
3126 864 3298 926 Bast.
3330 876 3392 925 et
3425 860 3717 925 Schaefer.
3751 859 3834 924 ad
3865 861 4057 947 Greg.
4091 859 4171 924 de
4200 859 4464 926 Dialect.

2790 968 2849 1051 ξ.
2884 984 2983 1032 2ο.
3029 988 3091 1053 p.
3127 966 3272 1051 258.
3304 988 3399 1052 sq.
3489 965 3680 1028 Tunc
3722 963 4338 1050 interpretamentum
4389 962 4468 1027 sit

2786 1069 2976 1150 πάντη
3021 1069 3186 1133 ἐστὶν
3213 1067 3368 1146 ὁδὸς,
3398 1090 3433 1132 e
3475 1066 3754 1153 margine
3796 1066 3862 1130 in
3905 1065 4181 1131 ordinem
4212 1064 4468 1130 transla-

2789 1187 2944 1237 tum.
3034 1172 3223 1236 Nunc
3252 1193 3397 1234 vero
3424 1192 3678 1234 manum
3706 1169 3787 1234 de
3814 1168 4045 1234 tabula.

2871 1310 2960 1324 —
2983 1293 3079 1354 14.
3130 1272 3376 1360 ἐξιέναι]
3424 1271 3614 1336 Recte
3646 1270 3918 1359 Taylor:
3965 1270 4038 1334 7ae
4067 1289 4383 1357 pos-sesses
4423 1290 4467 1331 a

2781 1399 2991 1464 power
3015 1378 3374 1464 offreeing
3396 1374 3752 1462 himselfby
3779 1374 3981 1439 death.
4072 1370 4325 1436 Etenim
4357 1373 4468 1450 ἐξι-

2787 1479 2916 1544 έναι
2959 1481 3245 1559 ἐξελθεῖν,
3278 1479 3561 1543 ἀπελθεῖν
3603 1476 3958 1564 simpliciter
4001 1488 4308 1562 usurpant
4349 1496 4466 1560 pro

2785 1584 2945 1646 mori
2989 1580 3370 1669 philosophi,
3415 1579 3755 1668 praesertim
3799 1577 4204 1666 inprimisque
4252 1575 4459 1641 Stoici.

2787 1684 2930 1749 Vid.
2983 1684 3280 1749 Gataker.
3329 1681 3412 1748 ad
3456 1685 3553 1748 M.
3589 1680 3894 1747 Antonin.
3939 1682 4015 1746 V.
4059 1700 4156 1766 29.
4215 1702 4279 1767 p.
4320 1680 4460 1761 164.

2788 1789 3112 1852 Postremo
3142 1787 3331 1852 verbo
3357 1809 3510 1851 usus
3552 1799 3645 1851 est
3683 1786 3912 1851 Noster
3950 1783 4135 1862 infra,
4165 1781 4277 1870 qui
4319 1781 4384 1848 h.
4417 1781 4462 1846 l.

2788 1889 3039 1955 omnino
3066 1913 3142 1955 ex
3173 1905 3378 1954 mente
3409 1888 3757 1954 Stoicorum
3785 1886 3956 1975 loqui
3986 1885 4305 1974 putandus
4346 1898 4459 1950 est.

2791 1993 3068 2058 Pertinet
3111 1992 3246 2057 haec
3287 1992 3589 2057 sententia
3625 1990 3706 2055 ad
3735 1990 4075 2056 doctrinam
4115 1988 4194 2053 de
4234 1989 4462 2075 εὐλόγῳ

2791 2097 3056 2178 ἐξαγωγῇ
3087 2119 3133 2159 s.
3166 2095 3246 2160 de
3272 2093 3554 2160 rationali
3582 2093 3755 2159 exitu
3786 2117 3862 2158 ex
3893 2093 4008 2157 hac
4036 2092 4184 2173 vita,
4211 2092 4465 2179 quando

2788 2198 2944 2263 ratio
2981 2197 3281 2286 suppetit,
3313 2211 3385 2263 ut
3414 2197 3654 2285 sapiens
3695 2195 3809 2261 sibi
3853 2195 3985 2283 ipoe
4022 2208 4283 2260 mortem
4323 2217 4465 2260 con-

2785 2301 3015 2366 sciscat.
3072 2303 3214 2380 Qua
3241 2301 3321 2366 de
3348 2323 3416 2365 re
3443 2298 3790 2364 videbimus
3817 2299 3899 2363 ad
3927 2298 4119 2386 hujus
4146 2297 4464 2363 Enneadis

2780 2401 3010 2469 librum
3053 2427 3312 2483 nonum,
3342 2402 3453 2491 qui
3481 2402 3562 2468 de
3589 2402 3707 2467 hoc
3734 2416 4103 2490 argumento
4139 2415 4232 2465 est
4275 2400 4464 2488 scrip-

2784 2521 2902 2571 tus,
2995 2509 3147 2572 Huc
3189 2507 3459 2595 pertinet
3503 2505 3686 2571 etiam
3732 2505 3797 2569 in
3840 2505 3964 2570 fine
4006 2504 4198 2593 hujus
4246 2503 4464 2591 capitis

2781 2609 2934 2674 illud
2969 2612 3250 2675 ἀπελθεῖν
3278 2623 3341 2675 et
3371 2612 3630 2692 εὐλόγως
3648 2607 3747 2672 vel
3772 2610 4004 2691 ἀλόγως
4029 2607 4249 2687 μένειν.
4298 2607 4461 2671 Mox

2785 2715 2912 2777 νυοὶ
2949 2713 3082 2777 Fic.
3121 2712 3395 2777 debebat
3428 2725 3666 2776 vertere
3707 2734 3932 2776 nurus.
4024 2710 4315 2776 Proxima
4355 2709 4463 2775 ad-

2782 2830 3035 2879 monent
3074 2814 3411 2893 Ciceronis,
3441 2814 3643 2901 quiin
3674 2815 3902 2879 Tuscc.
3939 2816 3995 2878 I.
4027 2815 4175 2900 36.:
4226 2822 4271 2853 ‘⁶
4303 2815 4464 2879 Hoec

2780 2931 2978 2981 morte
3005 2916 3414 3004 effugiuntur,
3443 2917 3628 2981 etiam
3658 2917 3708 2981 si
3737 2939 3858 2981 non
3890 2917 4223 2995 evenerint,
4255 2929 4461 2981 tamen

2775 3019 2926 3106 quia
2951 3033 3211 3108 possunt
3236 3018 3517 3084 evenire:
3566 3019 3672 3083 sed
3700 3019 3978 3085 homines
4020 3043 4096 3084 ea
4136 3019 4250 3085 sibi
4292 3019 4455 3083 acci-

2780 3120 2929 3186 dere
2957 3145 3135 3208 posse
3163 3144 3286 3186 non
3316 3121 3651 3209 cogitant.''

2866 3247 2928 3313 p.
2965 3225 3071 3303 68,
3106 3243 3204 3289 10.
3256 3224 3673 3311 ἀναρτήσει-αι]
3721 3222 4153 3312 Engelhardto
4202 3223 4457 3289 Ficinus

2780 3327 3028 3393 videtur
3055 3328 3272 3416 legisse
3306 3327 3724 3413 ἀναχθήσεται.
3818 3327 3943 3392 Sed
3980 3327 4044 3393 in
4083 3327 4258 3392 nullo
4293 3328 4460 3393 codi-

2784 3454 2928 3496 cum
2956 3447 3303 3496 nostrorum
3336 3431 3471 3517 ejus
3499 3429 3774 3495 lectionis
3800 3431 4152 3519 vestigium,
4182 3446 4243 3496 et
4278 3429 4460 3499 colla-

2784 3546 2880 3598 tos
2907 3534 3090 3599 etiam
3116 3534 3436 3613 habemus,
3469 3556 3628 3620 quos
3656 3534 3909 3599 Ficinus
3936 3534 4241 3600 adhibuit.
4323 3537 4457 3600 De·

2783 3637 2876 3701 dit
2905 3637 3022 3702 hoc
3050 3636 3342 3701 nimirum
3372 3636 3786 3702 concinnitati.
3863 3637 4124 3725 Proprie
4150 3637 4415 3703 debebat
4440 3661 4454 3700 :

2783 3741 3006 3827 Neque
3046 3740 3128 3804 ab
3170 3739 3430 3804 aliorum
3459 3739 3645 3804 rebus
3677 3739 3771 3804 vel
3799 3740 4082 3805 secundis
4110 3739 4209 3804 vel
4237 3740 4459 3805 adver-

2783 3841 2864 3906 sis
2893 3866 3225 3930 suspensus
3253 3841 3568 3907 reddetur.

2871 3981 2957 3994 -—
2985 3965 3081 4031 13.
3117 3946 3243 4009 οἷον
3274 3948 3341 4010 ἐν
3367 3949 3662 4028 λαμπτῆρι
3699 3945 3852 4034 φῶς]
3903 3944 4128 4031 Cogita
4170 3945 4338 4009 ἔσται
4379 3967 4457 4008 ex

2782 4046 3300 4112 antecedentibus
3392 4048 3648 4113 Ficinus
3675 4070 3792 4134 pro
3819 4069 3988 4111 more
4017 4045 4298 4110 dilatavit
4324 4068 4460 4109 ver-

2784 4163 2918 4215 tens
2943 4152 3193 4215 assidue
3207 4151 3523 4238 fulgebit.
3614 4149 3937 4213 Admonet
3979 4148 4078 4213 1110
4120 4147 4291 4212 locus
4323 4171 4457 4212 ver-

2783 4275 2966 4318 suum
2994 4252 3559 4339 Empedocleorum
3588 4274 3690 4338 ap.
3717 4249 4118 4315 Aristotelem
4149 4250 4228 4314 de
4259 4252 4459 4317 Sensu

2783 4379 2917 4443 cap.
2955 4375 3012 4422 2.
3074 4357 3150 4422 ὥς
3199 4354 3246 4419 δ’
3296 4356 3397 4420 ὅτε
3445 4381 3530 4422 τις
3572 4356 3827 4436 πρόοδον
3878 4353 4064 4418 νοέων
4112 4356 4457 4420 ὡπλίσσατο

2784 4462 3010 4543 λύχνον
3038 4457 3389 4540 Χειμερινὴν
3424 4460 3519 4521 διὰ
3563 4458 3740 4521 νύκτα
3776 4456 3957 4538 πυρὸς
3996 4456 4180 4525 σέλας
4218 4459 4456 4539 αἰθομέ-

2786 4587 2908 4629 νοις
2921 4559 3130 4645 Ἀψας
3155 4561 3450 4625 παντοίων
3479 4558 3711 4638 ἀνέμων
3736 4563 4076 4642 λαμπτῆρας
4113 4562 4455 4645 ἀμονργσὺς,

2784 4666 2877 4729 Οὔ
2898 4663 2945 4728 τ’
2968 4663 3200 4743 ἀνέμων
3226 4664 3338 4744 μὲν
3363 4667 3591 4742 πνεῦμα
3621 4666 4021 4727 διασκιδνᾶσιν
4050 4663 4292 4729 ἀέντων.
4326 4669 4460 4731 Φῶς

2786 4766 2833 4829 δ’
2856 4766 2965 4846 ἔξω
2996 4772 3357 4849 διαθρῶσκον
3378 4766 3526 4829 ὅσον
3554 4767 3920 4848 ταναῶτερον
3944 4767 4069 4846 ἦεν,
4101 4766 4458 4848 Λάμπεσκεν

2788 4873 2935 4934 κατὰ
2959 4869 3156 4950 βηλὸν
3186 4867 3479 4950 ἀτειρέσιν
3507 4868 3864 4933 ἀκτίνεσσιν.
3914 4869 4054 4934 Vid.
4088 4866 4452 4954 Empedocl.

2789 4971 3018 5037 Sturzii
3061 4994 3125 5059 p.
3156 4985 3305 5057 525.
3353 4984 3415 5034 et
3457 4993 3521 5058 p.
3556 4969 3700 5035 618.
3733 4994 3866 5058 sqq.
3931 4970 4214 5051 Λαμπτὴρ
4247 4982 4456 5032 autem

2786 5088 2919 5139 erat
2965 5075 3259 5152 Laterna‚
3305 5095 3471 5138 nunc
3521 5095 3714 5153 aenea,
3759 5074 3977 5150 ferrea,
4022 5070 4248 5158 lignea,
4289 5092 4458 5135 nunc

2783 5198 3026 5256 cornea,
3055 5199 3198 5263 quae
3226 5177 3424 5241 facem
3453 5174 3695 5264 aliaque
3723 5174 3942 5264 procul
3967 5173 4238 5239 lucentia
4265 5174 4459 5239 conti-

2783 5294 2979 5359 neret,
3003 5279 3270 5367 ideoque
3299 5279 3483 5345 etiam
3513 5279 3578 5344 in
3616 5278 3922 5368 portubus
3947 5290 4010 5340 et
4039 5276 4316 5341 turribus
4343 5299 4455 5342 ur·

2784 5381 2956 5447 bium
3000 5405 3317 5470 suspensa,
3358 5406 3486 5471 quo
3527 5382 3651 5448 late
3690 5394 4086 5469 prospectum
4127 5380 4452 5467 praeberet.

2784 5484 2928 5550 Vid.
2963 5484 3190 5551 Timaei
3215 5487 3375 5552 Lex.
3413 5486 3657 5552 Platon.
3704 5506 3768 5570 p.
3809 5501 3948 5567 172.
3995 5481 4145 5569 ibiq.
4190 5482 4452 5550 Ruhnk.

2787 5586 3017 5653 Pollux
3039 5588 3131 5676 X.
3166 5590 3306 5655 116.
3338 5588 3487 5675 ibiq.
3536 5583 3892 5652 Hemsterh.
3930 5586 4144 5673 Toup.
4176 5586 4259 5651 ad
4288 5588 4458 5652 Lon-
