5118 6613
1099 531 1224 615 176

1091 728 1204 785 μεν
1232 703 1340 784 τὴν
1368 702 1682 786 αὶρετικὴν,
1714 702 1823 771 ἕως
1849 702 1920 768 οὗ
1948 705 2024 769 τὸ
2050 707 2154 784 τῆς
2200 704 2484 787 αἱρέσεως
2510 705 2791 788 ἥρτηταιε

2056 531 2901 599 ANNOTATIONES
2967 534 3079 599 IN
3148 533 3605 600 PLOTINI

2883 707 3031 772 681.
3067 707 3159 791 (in
3192 706 3579 774 Animade.
3610 731 3676 796 p.
3720 711 3887 795 151.)
3931 723 4253 798 comparat
4294 725 4576 778 nostrum

1097 814 1143 847 ‘⁴
1173 805 1550 871 Absurdum
1575 805 1738 870 enim
1784 820 1876 870 est
1911 806 2137 887 dicere,
2169 806 2530 872 validiorem
2561 808 2800 896 obliga„
2882 810 3144 876 verbum
3185 832 3329 875 cum
3376 809 3701 875 Platonico
3730 814 4191 879 ἀποπηοΰσθαι.
4283 814 4473 880 Philo
4498 816 4578 882 de

1096 909 1351 990 tionem,
1380 908 1521 973 dico
1564 907 1793 974 scilicet
1832 932 2083 997 puram,
2113 934 2154 975 a
2179 910 2372 977 debili
2401 911 2636 1000 premi:
2684 912 2793 977 de-

1100 1012 1288 1079 bilem
1316 1027 1524 1077 autem
1555 1011 1802 1099 appello
1828 1012 2328 1094 conditionalem,
2359 1014 2558 1080 donec
2587 1015 2798 1080 condi-

1100 1115 1284 1181 tionis
1310 1138 1488 1180 casus
1514 1114 1804 1202 pendet.'’
1854 1115 2023 1181 Ibid.
2052 1118 2171 1182 IV.
2202 1119 2261 1182 6.
2293 1138 2413 1204 130
2438 1143 2453 1182 ε
2501 1121 2578 1183 τὰ
2600 1121 2797 1202 σαθρὰ

1101 1224 1208 1284 τοῦ
1235 1220 1529 1283 ἀντιδίκου
1559 1233 1705 1282 sunt
1734 1216 1955 1283 vitiosa
1974 1220 2124 1307 jura
2142 1219 2500 1285 adversarii.
2566 1222 2658 1287 Ut
2685 1244 2795 1286 au-

1100 1337 1224 1387 tem
1268 1319 1350 1385 ad
1395 1320 1714 1386 Plotinum
1761 1321 2046 1388 redeam:
2094 1324 2176 1389 de
2217 1347 2476 1412 corpore
2516 1324 2796 1389 humano

1099 1424 1425 1513 usurpavit
1453 1424 1859 1512 Adjectivum
1895 1427 2347 1492 Demosthenes
2387 1427 2654 1515 Olynth.
2690 1429 2791 1492 11.

1096 1553 1158 1616 p.
1193 1545 1252 1613 7.
1308 1527 1416 1611 (ad
1458 1550 1648 1614 quem
1688 1528 1892 1593 locum
1932 1531 2013 1594 cf.
2046 1531 2345 1595 Voemelii
2377 1533 2612 1595 Annot.
2641 1554 2786 1619 pag.

1096 1653 1199 1720 93.
1228 1635 1345 1720 sq.)
1397 1632 1489 1695 Et
1520 1630 1899 1696 Plutarchus
1941 1632 2021 1697 de
2060 1634 2256 1699 Sanit.
2292 1633 2509 1698 tuend.
2540 1658 2608 1720 p.
2648 1653 2788 1719 137.

1098 1739 1150 1802 C
1175 1760 1190 1801 ε
1236 1739 1313 1800 τδ.
1341 1738 1538 1818 σαθρὰ
1567 1736 1661 1799 καὶ
1689 1737 1921 1801 ὕπουλα
1949 1741 2056 1801 τοῦ
2097 1739 2386 1818 σώματος.
2482 1736 2787 1802 Substan-

1095 1839 1209 1905 tivi
1264 1853 1476 1903 autem
1523 1861 1673 1902 usus
1709 1838 2055 1903 rarissimus
2099 1856 2214 1918 est,
2260 1857 2324 1905 et
2374 1839 2639 1928 proinde
2691 1840 2791 1905 hic

1094 1943 1269 2008 locus
1300 1939 1531 2006 Plotini
1563 1941 1747 2005 unico
1788 1942 2218 2031 chrysostomi
2268 1946 2483 2030 (quem
2531 1942 2792 2008 laudant

1095 2070 1174 2111 ex
1215 2044 1452 2110 Homil.
1486 2064 1590 2130 93.
1631 2068 1697 2132 p.
1730 2046 1892 2110 628:
1941 2052 2059 2109 τῶν
2097 2049 2482 2128 ἀνθρωπίνων
2514 2047 2786 2129 πραγμά-

1096 2176 1214 2215 των
1266 2149 1374 2229 τήν
1418 2150 1782 2231 σαθρότητα)
1828 2148 2236 2236 adjiciendus,
2327 2152 2644 2215 Caeterum
2698 2163 2792 2214 to-

1096 2253 1220 2318 tius
1248 2251 1440 2339 hujus
1467 2249 1906 2338 disputationis
1936 2249 2305 2316 Plotinianae
2347 2266 2790 2340 argumentum

1093 2356 1495 2442 conjunctum
1518 2368 1612 2418 est
1641 2377 1784 2419 cum
1816 2354 2175 2421 Aristotelis
2205 2355 2340 2420 loco
2368 2356 2447 2420 de
2472 2355 2699 2420 Anima
2733 2357 2790 2421 1.

1101 2481 1156 2524 Ι.
1202 2458 1312 2545 qui
1359 2458 1449 2521 ita
1491 2457 1750 2522 finitur:
1804 2458 2096 2542 ἐλέγομεν
2142 2461 2207 2524 δὲ
2252 2461 2344 2524 ὅτι
2387 2463 2462 2524 τὰ
2502 2459 2662 2540 πάθη
2691 2464 2791 2539 ΙΓῆς

1093 2566 1295 2646 ψυχῆς
1337 2562 1644 2645 ἀχώριστα
1680 2564 1782 2639 τῆς
1818 2566 2070 2643 φυσικῆς
2096 2565 2241 2642 ὕλης
2267 2569 2385 2626 τῶν
2422 2564 2603 2640 ζώων,
2635 2561 2670 2644 ᾗ
2715 2591 2789 2646 γε

1091 2664 1309 2730 τοιαῦθ’
1351 2664 1623 2747 ὑπάρχει,
1666 2663 1846 2743 θυμὸς
1894 2665 1989 2728 καὶ
2027 2667 2241 2747 φόβος,
2277 2667 2371 2730 καὶ
2422 2666 2535 2749 οὐχ
2582 2668 2785 2749 ὥσπερ

1089 2766 1328 2850 γραμμὴ
1360 2765 1454 2829 καὶ
1486 2766 1784 2830 ἐπίπεδον.

1175 2892 1242 2955 p.
1275 2887 1427 2953 557,
1469 2887 1525 2930 1.
1572 2868 1648 2934 ὡς
1678 2869 1730 2930 εί
1764 2866 1873 2946 τήν
1900 2866 2108 2950 ψυχὴν
2130 2866 2392 2948 λέγομεν
2423 2870 2785 2952 ἓρυθριᾷν-

1091 2969 1228 3036 ἀλλ’
1258 2972 1296 3050 ἡ
1338 2972 1450 3049 μὲν
1496 2971 1750 3052 αἰσχύνη
1800 2971 1867 3033 ἐν
1894 2973 2064 3054 ψυχῇ
2097 2997 2150 3034 κ.
2169 2994 2222 3033 τ.
2243 2971 2338 3058 λ.]
2389 2970 2663 3034 Tertull.
2703 2970 2782 3033 de

1088 3072 1329 3139 Anima
1355 3096 1408 3137 c.
1442 3093 1504 3157 5.
1538 3095 1604 3159 p.
1637 3074 1781 3154 267.
1814 3071 2100 3159 Rigaltii,
2127 3072 2449 3137 Cleanthis
2482 3072 2671 3138 Stoici
2702 3072 2783 3137 de

1086 3177 1326 3243 Anima
1353 3173 1716 3239 sententiam
1746 3173 2020 3239 referens
2047 3174 2172 3239 ita:
2226 3183 2272 3215 “
2304 3177 2505 3239 Porro
2541 3189 2607 3240 et
2648 3176 2780 3239 ani-

1088 3301 1252 3346 mam
1298 3277 1568 3366 compati
1611 3277 1880 3366 corpori,
1910 3277 2011 3343 cui
2055 3277 2202 3343 laeso
2229 3278 2476 3359 ictibuS,
2502 3278 2781 3345 vulneri-

1090 3386 1231 3462 buS,
1265 3381 1576 3448 ulceribus
1596 3380 2013 3462 condolescit;
2060 3398 2122 3447 et
2151 3405 2377 3470 corpus
2404 3383 2652 3464 animae,
2684 3383 2787 3448 cui

1085 3487 1329 3553 afflictae
1369 3508 1541 3564 cura,
1573 3508 1828 3573 angore,
1861 3508 2071 3551 amore
2109 3486 2488 3574 coaegrescit,
2521 3510 2634 3575 per
2680 3487 2787 3552 de-

1089 3592 1452 3658 trimentum
1475 3588 1704 3654 scilicet
1728 3589 1978 3678 vigoris,
2002 3590 2101 3676 cuj
2114 3614 2185 3653 us
2202 3590 2510 3677 pudorem
2534 3606 2598 3655 et
2622 3592 2783 3673 (ma-

1088 3696 1192 3761 lim
1224 3699 1368 3780 aut)
1400 3716 1693 3782 pavorem
1725 3694 1956 3758 rubore
1985 3708 2175 3780 atque
2205 3691 2442 3780 pallore
2465 3695 2784 3758 testetur.”

1091 3799 1271 3865 Idem
1302 3821 1442 3885 cap.
1471 3798 1605 3861 IX.
1639 3820 1708 3884 p.
1729 3816 1874 3880 270.
1905 3795 2203 3862 “Visione
2220 3796 2485 3883 alicujus
2507 3795 2783 3861 mulieris

1087 3903 1176 3967 ita
1203 3901 1437 3966 moveri
1460 3924 1525 3963 se
1545 3923 1763 3987 passus
1792 3914 1905 3978 est,
1929 3915 2001 3964 ut
2032 3899 2209 3964 nobis
2251 3899 2627 3987 persuadere
2656 3914 2786 3964 stu-

1088 4005 1257 4082 deat,
1287 4003 1578 4080 animam,
1626 4016 1698 4066 ut
1739 4002 1961 4066 flatum
2008 4025 2080 4066 ac
2124 4001 2411 4090 spiritum
2459 4002 2783 4067 traducem

1089 4105 1237 4171 aerii
1280 4120 1341 4170 et
1369 4104 1562 4169 lucidi
1592 4103 1811 4168 coloris
1838 4106 2027 4169 esse.''
2091 4106 2193 4169 De
2222 4128 2352 4192 quo
2381 4105 2513 4193 ipse
2536 4105 2782 4170 viderit.

1201 4247 1288 4258 —
1346 4229 1444 4290 14.
1520 4208 1590 4271 οὗ
1666 4207 2077 4287 σαλευομένην
2144 4208 2355 4295 αὐτὴν]
2440 4209 2649 4295 Supra
2718 4232 2780 4295 p.

1093 4312 1235 4393 287.
1263 4307 1404 4388 Ο.ἢ
1444 4312 1605 4391 παρὰ
1650 4312 1756 4371 τοῦ
1796 4306 1988 4371 σάλου
2032 4311 2132 4387 τῆς
2167 4310 2313 4376 νεῶς
2355 4306 2393 4389 ἢ
2436 4309 2572 4392 παρ’
2606 4313 2785 4375 αὑτοῦ

1091 4413 1425 4494 κινηθέντος
1468 4413 1617 4493 ὁρμῇ
1663 4412 1850 4496 οἰκείᾳ
1881 4439 1932 4474 κ.
1957 4436 2011 4473 τ.
2031 4418 2094 4474 λ.
2125 4422 2185 4474 et
2232 4410 2421 4479 σάλος
2463 4411 2544 4475 de
2575 4412 2777 4499 jacta-

1088 4516 1253 4580 tione
1300 4512 1488 4578 maris
1525 4513 1944 4600 naviumque,
2013 4513 2183 4578 unde
2232 4537 2487 4602 quoque
2533 4518 2784 4581 σαλεύε-

1091 4622 1232 4682 σθαι
1276 4616 1356 4680 de
1414 4615 1718 4702 utrisque.
1809 4615 2055 4681 Deinde
2097 4632 2161 4682 et
2216 4617 2673 4681 substantivum
2720 4631 2784 4682 et

1089 4719 1348 4783 verbum
1379 4716 1547 4782 varie
1577 4718 2056 4784 transferuntur.
2106 4719 2254 4783 Vid.
2273 4723 2501 4785 Monk.
2531 4720 2615 4785 ad
2643 4723 2782 4785 Eu-

1091 4821 1209 4908 rip.
1242 4821 1580 4909 Hippolyt.
1609 4844 1699 4885 VS.
1735 4823 1876 4904 824.
1910 4824 2259 4908 Blomfield.
2297 4823 2361 4886 in
2410 4824 2688 4888 Glossar.
2718 4823 2780 4888 in

1091 4923 1381 5010 AEscbyli
1427 4924 1748 4988 Prometh.
1803 4944 1987 5008 1170.
2051 4926 2269 4989 Baehr.
2321 4925 2402 4989 ad
2457 4925 2781 4991 Plutarchi

1092 5027 1321 5117 Pyrrh.
1355 5051 1406 5090 c.
1442 5046 1545 5108 24.
1576 5050 1641 5114 p.
1677 5027 1820 5107 248.
1870 5050 1960 5113 sq.
1992 5043 2055 5091 et
2099 5050 2298 5091 meam
2335 5043 2547 5092 annot.
2579 5028 2642 5092 in
2674 5031 2781 5095 J0.

1090 5133 1278 5196 Laur.
1314 5129 1477 5219 Lyd.
1523 5129 1603 5193 de
1644 5131 1883 5194 Menss.
1931 5154 1995 5218 p.
2033 5149 2175 5217 253.
2226 5154 2314 5217 sq.
2350 5130 2449 5195 ed.
2486 5132 2784 5196 Roetlaeri

1089 5234 1303 5303 nostri.

1173 5377 1262 5390 —
1295 5338 1396 5402 18.
1441 5337 1512 5401 οὗ
1553 5337 1767 5403 τύπους
1796 5337 2495 5419 ἑναποσφραγιζομένους
2525 5365 2577 5401 κ.
2606 5363 2656 5399 τ.
2682 5339 2778 5427 λ.]

1092 5441 1197 5507 Cf.
1230 5464 1420 5528 supra
1459 5465 1521 5529 p.
1551 5457 1700 5526 305.
1736 5442 1821 5503 A.
1854 5440 1923 5503 οὗ
1953 5442 2286 5523 σφραγῖδος
2323 5441 2496 5505 ἔνδον
2532 5441 2779 5522 γενομέ-

1094 5570 1196 5624 νης
1236 5544 1390 5632 ibiq.
1433 5557 1646 5609 annot.
1690 5541 1903 5607 Astius
1941 5542 2022 5607 ad
2068 5542 2314 5608 Platon.
2360 5543 2441 5608 de
2485 5545 2685 5631 Legg.
2717 5567 2782 5632 p.

2886 910 3124 976 Mundi
3153 910 3328 998 Opis.
3354 932 3413 997 p.
3451 930 3547 976 10.
3580 909 3792 975 Pfeiff.
3827 911 3931 976 εἶθ’
3964 914 4167 996 ὥσπερ
4197 915 4265 978 ἐν
4289 918 4443 1001 κηρῷ
4463 940 4575 979 τινι

2880 1019 2951 1096 τῇ
2995 1017 3207 1079 ἑαυτοῦ
3242 1018 3412 1098 ψυχῇ
3454 1014 3590 1081 τοὺς
3638 1014 3892 1080 ἑκάστου
3931 1013 4040 1097 (al.
4082 1016 4379 1102 ἑκάστων)
4413 1016 4576 1097 δεξά·

2878 1144 3056 1199 μενος
3082 1119 3315 1191 τύπους,
3348 1120 3844 1201 ἀγαλματοφορεῖ
3869 1119 4083 1199 νοητὴν
4104 1121 4305 1195 πόλιν,
4336 1121 4408 1200 ἧς
4435 1122 4575 1185 ἀνα-

2881 1219 3124 1300 κινήσας
3151 1224 3226 1285 τὰ
3256 1223 3473 1284 εἴδωλα
3501 1220 3696 1301 μνήμῃ
3724 1225 3795 1301 τῇ
3827 1224 4135 1308 συμφύτῳ,
4169 1224 4265 1286 καὶ
4297 1224 4433 1291 τοὺς
4461 1249 4570 1307 χα-

2877 1327 3167 1406 ρακτῆρας
3188 1324 3275 1388 ἔτι
3301 1328 3539 1404 μᾶλλον
3570 1324 4148 1408 ἑνσφραγισάμενος,
4182 1327 4280 1389 οἷα
4302 1330 4568 1409 δημιουρ-

2879 1426 2987 1508 γὸς
3025 1426 3266 1508 ἀγαθὸς,
3315 1426 3683 1506 ἀποβλέπων
3715 1429 3798 1494 είς
3832 1428 3901 1491 τὸ
3944 1427 4340 1511 παράδειγμα,
4371 1431 4480 1510 τὴν
4509 1432 4573 1494 ἐκ

2878 1531 3065 1593 λίθων
3097 1529 3191 1593 καὶ
3220 1530 3415 1608 ξύλων
3443 1530 3690 1612 ἄρχεται
3737 1530 4190 1607 κατασκευάζειν
4227 1532 4572 1614 (εὐκρασίαν

2876 1630 3317 1719 abjiciendum,
3364 1646 3584 1718 utpote
3626 1647 3837 1697 ortum
3879 1657 3916 1697 e
3958 1634 4349 1721 praecedente
4386 1659 4570 1700 voea-

2877 1734 3044 1799 bulo.
3118 1736 3283 1799 Nam
3313 1736 3494 1798 πόλιν
3522 1758 3599 1798 ex
3631 1735 4140 1801 antecedentibus
4168 1737 4566 1825 cogitandum

2877 1842 3023 1923 est),
3071 1837 3289 1918 ἑκάστῃ
3338 1843 3457 1901 τῶν
3507 1838 3836 1918 ἀσωμάτων
3886 1842 4057 1904 ἰδεῶν
4100 1843 4203 1908 τάς
4242 1845 4570 1922 σωματικᾶς

2878 1943 3160 2022 ἑξομοιῶν
3217 1941 3439 2008 οὐσίας.
3514 1939 3597 2005 cf.
3661 1940 3855 2027 Legis
3914 1941 4229 2029 Allegorr.
4289 1967 4356 2031 p.
4425 1965 4563 2031 154.

2878 2043 3058 2107 Idem
3090 2043 3171 2108 de
3200 2041 3435 2107 Mundi
3467 2043 3640 2131 Opif.
3669 2067 3734 2131 p.
3756 2046 3846 2128 56
3866 2045 4229 2127 ε-οὗρανὸν
4250 2051 4486 2115 πολλᾶς
4503 2050 4567 2112 ἑν

2878 2149 3032 2232 αὐτῷ
3060 2149 3274 2229 φύσεις
3303 2148 3696 2228 ἀστεροειδεῖς
3724 2149 4363 2231 ἀγαλματοφοροῦντα.
4430 2152 4566 2215 Ex-

2877 2247 3096 2336 emplis
3140 2248 3331 2335 hujus
3359 2246 3532 2313 verbi
3562 2273 3600 2312 a
3631 2248 4015 2314 Ruhnkenio
4052 2250 4133 2315 ad
4171 2250 4340 2315 Tim.
4370 2253 4569 2318 citatis

2878 2375 2942 2439 p.
2976 2372 3031 2436 7.
3073 2352 3360 2439 adjiciam
3388 2352 3508 2417 hoc
3551 2377 3629 2416 ex
3678 2352 4010 2418 Michaelis
4054 2353 4245 2418 Pselli
4290 2378 4491 2444 nuper
4530 2381 4568 2422 a

2874 2478 2975 2519 me
3017 2456 3200 2520 editis
3239 2455 3532 2544 Epistoll.
3621 2458 3726 2520 Ita
3768 2456 3930 2520 enim
3988 2456 4092 2521 ille
4133 2457 4312 2545 epist.
4351 2479 4455 2525 22.
4501 2484 4564 2549 p.

2876 2562 2998 2646 615
3022 2562 3235 2641 ε-ἥδη
3266 2586 3341 2624 σε
3382 2562 3479 2624 καὶ
3512 2563 3995 2643 ἀγαλματοφορῶ
4042 2563 4109 2626 ἐν
4137 2568 4265 2629 ταῖς
4298 2566 4399 2643 τῆς
4428 2591 4559 2646 καρ-

2875 2666 3003 2731 δίας
3046 2664 3333 2744 θαλάμοις
3377 2664 3471 2728 καὶ
3512 2662 3813 2747 περιφέρω
3858 2664 4191 2739 διαπαντὸς,
4225 2665 4321 2729 καὶ
4365 2668 4563 2749 ὥσπερ

2872 2768 3060 2831 εἰκόσι
3104 2791 3226 2830 τισι
3276 2767 3749 2849 οτηλογραφίαις
3796 2766 3985 2851 (Leg.
4029 2774 4561 2854 στηλογραφικαΐς)

2869 2875 2992 2936 τοῖς
3024 2868 3541 2949 ἀποκομιζομένοις
3581 2868 3888 2952 γράμμασι
3931 2870 4345 2952 διοπτρίζομαι.
4409 2873 4558 2936 Ver-

2868 2971 3023 3037 bum
3052 2985 3259 3036 autem
3295 2973 3883 3054 ἑναποσφραγίζομαι
3913 2985 3977 3036 et
4009 2970 4157 3036 inde
4198 2972 4388 3038 ducta
4425 2997 4565 3063 pro-

2866 3075 3006 3163 pria
3034 3090 3177 3139 sunt
3205 3074 3269 3139 in
3301 3074 3519 3163 primis
3550 3074 3925 3153 Stoicorum,
3957 3074 4189 3161 quibus
4219 3077 4310 3140 uti
4341 3078 4561 3156 solent,

2868 3178 2978 3243 ubi
3020 3179 3347 3266 impressas
3390 3178 3598 3242 animo
3641 3201 3852 3242 rerum
3896 3178 4195 3266 imagines
4239 3180 4563 3267 significari

2871 3282 3091 3347 volunt
3138 3284 3311 3347 Sext.
3355 3281 3599 3370 Empir.
3641 3282 3871 3368 Pyrrh.
3909 3283 4291 3372 Hypotypp.
4330 3285 4425 3350 11.
4457 3308 4554 3366 4.:

2872 3390 2925 3450 εί
2971 3388 3084 3465 μὲν
3130 3390 3244 3467 γὰρ
3299 3385 3783 3465 καταλαμβάνειν
3830 3385 3982 3450 εἶναι
4029 3386 4319 3469 λέγουσιν
4372 3391 4439 3453 ἐν
4483 3393 4562 3477 τῷ

2870 3486 3034 3574 λόγῳ
3075 3492 3155 3573 τῷ
3204 3491 3600 3567 καταληπτικῇ
3649 3490 3955 3574 φαντασία
4006 3492 4560 3571 συγκατατίθεσθαι,

2871 3594 2972 3669 τῆς
3000 3593 3427 3669 καταληπτικῆς
3456 3592 3796 3672 φαντασίας
3824 3593 4004 3672 οὔσης
4026 3592 4144 3656 ἀπὸ
4173 3593 4559 3678 ὑπάρχοντος,

2874 3692 2995 3756 κατ’
3027 3693 3167 3757 αὐτὸ
3207 3693 3276 3755 τὸ
3310 3693 3582 3777 ὑπάρχον
3614 3694 4177 3778 ἑναπομεμαγμένης
4216 3697 4310 3761 καὶ
4350 3700 4558 3763 ἐναπε-

2871 3796 3340 3880 σφραγισμένης,
3373 3798 3471 3861 οἵα
3499 3799 3605 3861 οὐκ
3645 3796 3720 3861 ἂν
3748 3797 3984 3879 γένοιτο
4015 3799 4132 3862 ἀπὸ
4158 3801 4238 3879 μὴ
4263 3800 4558 3885 ὑπάρχον-

2869 3926 2970 3968 τος
2999 3929 3051 3964 κ.
3070 3926 3125 3963 τ.
3149 3908 3209 3964 λ.
3304 3902 3514 3964 Totus
3550 3899 3715 3964 enim
3763 3898 3865 3964 ille
3895 3899 4066 3964 locus
4094 3925 4237 3965 cum
4270 3902 4385 3967 hac
4417 3904 4561 3968 Plo·

2871 4001 3105 4066 tiniana
3132 4001 3553 4088 disputatione
3583 4001 4045 4089 comparandus
4085 4018 4197 4068 est.
4291 4004 4412 4069 Illa
4450 4030 4561 4071 au·

2870 4120 2991 4169 tem
3026 4105 3175 4169 bina
3201 4105 3393 4169 verba
3431 4103 3639 4169 Stoica
3682 4104 3912 4192 saepius
3945 4105 4161 4193 jungit
4208 4109 4460 4186 Sextus,
4493 4125 4563 4174 ut

2868 4208 3011 4272 adV.
3046 4209 3253 4273 Math.
3287 4209 3449 4272 V11.
3486 4209 3628 4289 248.
3678 4225 3823 4292 250.
3857 4224 4001 4294 255.
4049 4231 4162 4272 nec
4191 4209 4397 4275 minus
4427 4213 4563 4277 Ad-

2870 4310 3080 4375 verbia
3105 4310 3248 4375 adv,
3287 4309 3495 4375 Math.
3531 4312 3666 4375 XI.
3704 4313 3859 4396 183:
3908 4311 4055 4394 πρὸς
4085 4314 4367 4393 τούτοιςῆ
4392 4341 4562 4381 κατα-

2865 4415 3117 4493 ληπτικὴ
3146 4416 3453 4496 φαντασία
3483 4415 3741 4496 κρίνεται
3772 4416 3920 4478 κατὰ
3960 4414 4094 4482 τοὺς
4134 4418 4441 4493 Στωϊκοὺς,
4473 4422 4563 4484 ὅτι

2870 4516 3266 4596 καταληπτική
3296 4519 3444 4589 ἐστι,
3474 4521 3555 4601 τῷ
3586 4516 3703 4581 ἀπὸ
3732 4517 4099 4600 ὑπάρχοντος
4129 4518 4434 4600 γενέσθαι,
4470 4524 4562 4586 καὶ

2872 4616 2994 4682 κατ’
3026 4619 3166 4683 αὐτὸ
3208 4619 3275 4681 τὸ
3312 4618 3583 4702 ὑπάρχον
3614 4619 4189 4700 ἑναπομεμαγμένως
4224 4624 4319 4687 καὶ
4346 4625 4556 4688 ἑναπε·

2871 4721 3355 4805 σφραγισμένως.
3425 4721 3715 4786 Clemens
3763 4722 3949 4786 Alex.
4000 4723 4311 4812 Protrept.
4358 4749 4421 4813 p.
4457 4729 4559 4807 84.

2872 4826 3153 4889 Potter.:
3200 4827 3416 4892 ταύτας
3471 4825 3633 4904 οἶμαι
3689 4829 3794 4892 τὰς
3838 4827 4000 4893 θείας
4055 4831 4293 4910 γραφὰς
4344 4831 4577 4894 ἐναπο-·

2869 4928 3395 5011 σφραγισαμένους
3431 4928 3546 5011 χρὴ
3584 4933 3654 5008 τῇ
3683 4932 3853 5011 ψυχῇ
3884 4929 4071 4993 καλὸν
4100 4930 4422 5012 ἀφετήριον
4450 4958 4557 4997 σο-

2869 5033 3012 5113 φίας
3042 5033 3299 5114 (σοφίαν
3327 5029 3568 5094 mavult
3610 5033 3852 5095 Potter.
3894 5053 3973 5094 ex
4015 5030 4256 5117 Codd.)
4286 5035 4564 5117 ἡγεῖσθαι

2871 5161 2922 5197 κ.
2950 5160 3000 5197 τ.
3027 5141 3086 5197 λ.
3183 5133 3362 5198 Idem
3422 5133 3680 5220 Paedag.
3737 5134 3839 5198 II.
3892 5157 3958 5221 p.
3991 5153 4160 5215 240:
4209 5137 4287 5203 ὣς
4333 5136 4561 5202 ἂν-τὸ

2872 5237 3163 5318 ἑταιρικὸν
3192 5241 3297 5301 τοῦ
3315 5236 3694 5319 φρονήματος
3724 5240 3790 5301 ἐκ
3818 5241 3923 5300 τοῦ
3950 5239 4327 5317 βαθίσματος
4351 5241 4564 5305 ἐναπο-

2871 5341 3345 5422 σφραγίσωνται.
3434 5340 3617 5403 Idem
3673 5342 3905 5403 Strom.
3957 5340 4057 5403 ῙῙ.
4106 5362 4171 5427 p.
4201 5340 4352 5420 487.
4402 5344 4563 5408 Sub-

2870 5441 3204 5506 stantivum
3241 5457 3534 5530 usurpat:
3586 5443 4206 5524 ἑναποσφραγίσματα
4236 5450 4354 5509 τῶν
4382 5471 4558 5511 πνευ-

2869 5551 3126 5626 ματικῶν
3170 5544 3493 5625 δυνάμεων.
3585 5544 3708 5610 Sed
3754 5543 3977 5608 horum
4027 5543 4560 5613 clementinorum
