<?xml version="1.0" encoding="UTF-8"?>
<!DOCTYPE html PUBLIC "-//W3C//DTD XHTML 1.0 Transitional//EN"
    "http://www.w3.org/TR/xhtml1/DTD/xhtml1-transitional.dtd">
<html xmlns="http://www.w3.org/1999/xhtml" xml:lang="en" lang="en">
 <head>
  <title>
</title>
<meta http-equiv="Content-Type" content="text/html;charset=utf-8" />
  <meta name='ocr-system' content='tesseract 3.04.00' />
  <meta name='ocr-capabilities' content='ocr_page ocr_carea ocr_par ocr_line ocrx_word'/>
</head>
<body>
  <div class='ocr_page' id='page_1' title='image "./plotinioperaomn00chumgoog_0435.png"; bbox 0 0 5118 6613; ppageno 0'>
   <div class='ocr_carea' id='block_1_1' title="bbox 1565 543 3032 613">
    <p class='ocr_par' dir='ltr' id='par_1_1' title="bbox 1565 543 3032 613">
     <span class='ocr_line' id='line_1_1' title="bbox 1565 543 3032 613; baseline 0 -3"><span class='ocrx_word' id='word_1_1' title='bbox 1565 545 1879 612; x_wconf 86' lang='lat' dir='ltr'>INDEX</span> <span class='ocrx_word' id='word_1_2' title='bbox 1921 543 2266 611; x_wconf 87' lang='lat' dir='ltr'><strong>RERUM</strong></span> <span class='ocrx_word' id='word_1_3' title='bbox 2309 545 2439 610; x_wconf 89' lang='grc' dir='ltr'>ΕΤ</span> <span class='ocrx_word' id='word_1_4' title='bbox 2484 545 3032 613; x_wconf 78' lang='lat' dir='ltr'><strong>VERBORUM.</strong></span> 
     </span>
    </p>
   </div>
   <div class='ocr_carea' id='block_1_2' title="bbox 578 717 1689 3883">
    <p class='ocr_par' dir='ltr' id='par_1_2' title="bbox 578 717 1689 3883">
     <span class='ocr_line' id='line_1_2' title="bbox 580 717 1677 815; baseline -0.004 -34"><span class='ocrx_word' id='word_1_5' title='bbox 580 723 793 782; x_wconf 88' lang='lat' dir='ltr'>bonum</span> <span class='ocrx_word' id='word_1_6' title='bbox 821 722 1006 815; x_wconf 88' lang='lat' dir='ltr'>ipsum</span> <span class='ocrx_word' id='word_1_7' title='bbox 1034 717 1157 799; x_wconf 83' lang='lat' dir='ltr'>ipsa</span> <span class='ocrx_word' id='word_1_8' title='bbox 1182 718 1409 779; x_wconf 87' lang='lat' dir='ltr'>libertas</span> <span class='ocrx_word' id='word_1_9' title='bbox 1434 731 1523 778; x_wconf 87' lang='lat' dir='ltr'>est</span> <span class='ocrx_word' id='word_1_10' title='bbox 1560 736 1677 795; x_wconf 90' lang='lat'>740</span> 
     </span>
     <span class='ocr_line' id='line_1_3' title="bbox 578 801 1675 882; baseline -0.003 -20"><span class='ocrx_word' id='word_1_11' title='bbox 578 805 794 863; x_wconf 88' lang='lat' dir='ltr'>bouum</span> <span class='ocrx_word' id='word_1_12' title='bbox 842 822 1026 882; x_wconf 87' lang='lat' dir='ltr'>ipsum</span> <span class='ocrx_word' id='word_1_13' title='bbox 1081 801 1242 860; x_wconf 85' lang='lat' dir='ltr'>aliter</span> <span class='ocrx_word' id='word_1_14' title='bbox 1289 813 1459 869; x_wconf 89' lang='lat' dir='ltr'>creat,</span> <span class='ocrx_word' id='word_1_15' title='bbox 1507 820 1675 878; x_wconf 88' lang='lat' dir='ltr'>quam</span> 
     </span>
     <span class='ocr_line' id='line_1_4' title="bbox 661 881 1674 954; baseline -0.002 -12"><span class='ocrx_word' id='word_1_16' title='bbox 661 884 751 943; x_wconf 87' lang='lat' dir='ltr'>vel</span> <span class='ocrx_word' id='word_1_17' title='bbox 803 883 1140 954; x_wconf 86' lang='lat' dir='ltr'>intellectus,</span> <span class='ocrx_word' id='word_1_18' title='bbox 1187 881 1281 941; x_wconf 80' lang='lat' dir='ltr'>vel</span> <span class='ocrx_word' id='word_1_19' title='bbox 1334 881 1541 950; x_wconf 87' lang='lat' dir='ltr'>anima,</span> <span class='ocrx_word' id='word_1_20' title='bbox 1585 882 1674 941; x_wconf 79' lang='lat' dir='ltr'>vel</span> 
     </span>
     <span class='ocr_line' id='line_1_5' title="bbox 660 977 1673 1041; baseline -0.004 -17"><span class='ocrx_word' id='word_1_21' title='bbox 660 977 860 1024; x_wconf 90' lang='lat' dir='ltr'>natura</span> <span class='ocrx_word' id='word_1_22' title='bbox 1557 981 1673 1041; x_wconf 87' lang='lat'>493</span> 
     </span>
     <span class='ocr_line' id='line_1_6' title="bbox 581 1045 1676 1124; baseline -0.002 -18"><span class='ocrx_word' id='word_1_23' title='bbox 581 1048 793 1106; x_wconf 88' lang='lat' dir='ltr'>bonum</span> <span class='ocrx_word' id='word_1_24' title='bbox 821 1045 1010 1124; x_wconf 88' lang='lat' dir='ltr'>ipsum</span> <span class='ocrx_word' id='word_1_25' title='bbox 1037 1064 1151 1103; x_wconf 91' lang='lat' dir='ltr'>non</span> <span class='ocrx_word' id='word_1_26' title='bbox 1175 1054 1263 1103; x_wconf 90' lang='grc'>021</span> <span class='ocrx_word' id='word_1_27' title='bbox 1279 1048 1375 1123; x_wconf 84' lang='lat' dir='ltr'>jus</span> <span class='ocrx_word' id='word_1_28' title='bbox 1598 1045 1676 1104; x_wconf 88' lang='lat' dir='ltr'>ib.</span> 
     </span>
     <span class='ocr_line' id='line_1_7' title="bbox 583 1125 1675 1206; baseline -0.003 -19"><span class='ocrx_word' id='word_1_29' title='bbox 583 1130 795 1187; x_wconf 90' lang='lat' dir='ltr'>bonum</span> <span class='ocrx_word' id='word_1_30' title='bbox 825 1126 1010 1206; x_wconf 89' lang='lat' dir='ltr'>ipsum</span> <span class='ocrx_word' id='word_1_31' title='bbox 1038 1145 1139 1184; x_wconf 92' lang='lat' dir='ltr'>cur</span> <span class='ocrx_word' id='word_1_32' title='bbox 1161 1139 1220 1185; x_wconf 90' lang='lat' dir='ltr'>et</span> <span class='ocrx_word' id='word_1_33' title='bbox 1254 1127 1502 1205; x_wconf 85' lang='lat' dir='ltr'>primum</span> <span class='ocrx_word' id='word_1_34' title='bbox 1531 1138 1591 1183; x_wconf 90' lang='lat' dir='ltr'>et</span> <span class='ocrx_word' id='word_1_35' title='bbox 1617 1125 1675 1184; x_wconf 91' lang='lat' dir='ltr'>in</span> 
     </span>
     <span class='ocr_line' id='line_1_8' title="bbox 660 1206 1472 1288; baseline -0.005 -20"><span class='ocrx_word' id='word_1_36' title='bbox 660 1228 723 1268; x_wconf 87' lang='grc'>20</span> <span class='ocrx_word' id='word_1_37' title='bbox 767 1207 890 1288; x_wconf 84' lang='grc' dir='ltr'>ἰρ20</span> <span class='ocrx_word' id='word_1_38' title='bbox 930 1207 1214 1267; x_wconf 84' lang='lat' dir='ltr'>sufficiens</span> <span class='ocrx_word' id='word_1_39' title='bbox 1253 1206 1472 1265; x_wconf 87' lang='lat' dir='ltr'>dicatur</span> 
     </span>
     <span class='ocr_line' id='line_1_9' title="bbox 834 1287 1675 1384; baseline -0.006 -15"><span class='ocrx_word' id='word_1_40' title='bbox 834 1370 847 1384; x_wconf 77' lang='grc'><em>,</em></span> <span class='ocrx_word' id='word_1_41' title='bbox 1204 1368 1218 1381; x_wconf 80' lang='grc'><strong>,</strong></span> <span class='ocrx_word' id='word_1_42' title='bbox 1326 1287 1447 1381; x_wconf 69' lang='grc' dir='ltr'>Ιῖιο·</span> <span class='ocrx_word' id='word_1_43' title='bbox 1477 1308 1536 1367; x_wconf 79' lang='grc' dir='ltr'>Ρ·</span> <span class='ocrx_word' id='word_1_44' title='bbox 1560 1304 1675 1364; x_wconf 80' lang='lat'>357</span> 
     </span>
     <span class='ocr_line' id='line_1_10' title="bbox 583 1369 1678 1450; baseline -0.003 -20"><span class='ocrx_word' id='word_1_45' title='bbox 583 1372 795 1431; x_wconf 89' lang='lat' dir='ltr'>bonum</span> <span class='ocrx_word' id='word_1_46' title='bbox 830 1389 1017 1450; x_wconf 86' lang='lat' dir='ltr'>ipsum</span> <span class='ocrx_word' id='word_1_47' title='bbox 1063 1388 1168 1428; x_wconf 92' lang='lat' dir='ltr'>nec</span> <span class='ocrx_word' id='word_1_48' title='bbox 1202 1389 1261 1427; x_wconf 90' lang='lat' dir='ltr'>in</span> <span class='ocrx_word' id='word_1_49' title='bbox 1303 1369 1433 1439; x_wconf 92' lang='lat' dir='ltr'>alio,</span> <span class='ocrx_word' id='word_1_50' title='bbox 1465 1388 1570 1428; x_wconf 91' lang='lat' dir='ltr'>nec</span> <span class='ocrx_word' id='word_1_51' title='bbox 1606 1369 1678 1427; x_wconf 90' lang='lat' dir='ltr'>ab</span> 
     </span>
     <span class='ocr_line' id='line_1_11' title="bbox 662 1448 1679 1511; baseline -0.002 -1"><span class='ocrx_word' id='word_1_52' title='bbox 662 1450 772 1511; x_wconf 87' lang='lat' dir='ltr'>alio</span> <span class='ocrx_word' id='word_1_53' title='bbox 1601 1448 1679 1509; x_wconf 87' lang='lat' dir='ltr'>ib.</span> 
     </span>
     <span class='ocr_line' id='line_1_12' title="bbox 584 1530 1674 1611; baseline -0.005 -17"><span class='ocrx_word' id='word_1_54' title='bbox 584 1535 797 1594; x_wconf 89' lang='lat' dir='ltr'>bonum</span> <span class='ocrx_word' id='word_1_55' title='bbox 825 1551 1109 1591; x_wconf 87' lang='lat' dir='ltr'>summum</span> <span class='ocrx_word' id='word_1_56' title='bbox 1138 1532 1303 1611; x_wconf 85' lang='lat' dir='ltr'>quale</span> <span class='ocrx_word' id='word_1_57' title='bbox 1342 1530 1459 1590; x_wconf 82' lang='lat' dir='ltr'>Fic.</span> <span class='ocrx_word' id='word_1_58' title='bbox 1485 1551 1541 1610; x_wconf 88' lang='lat' dir='ltr'>p.</span> <span class='ocrx_word' id='word_1_59' title='bbox 1559 1531 1674 1606; x_wconf 86' lang='lat'>627</span> 
     </span>
     <span class='ocr_line' id='line_1_13' title="bbox 585 1612 1682 1693; baseline -0.004 -19"><span class='ocrx_word' id='word_1_60' title='bbox 585 1617 798 1674; x_wconf 88' lang='lat' dir='ltr'>bonum</span> <span class='ocrx_word' id='word_1_61' title='bbox 820 1634 938 1673; x_wconf 91' lang='lat' dir='ltr'>non</span> <span class='ocrx_word' id='word_1_62' title='bbox 958 1633 1080 1673; x_wconf 88' lang='lat' dir='ltr'>esse</span> <span class='ocrx_word' id='word_1_63' title='bbox 1100 1612 1249 1673; x_wconf 85' lang='lat' dir='ltr'>inter</span> <span class='ocrx_word' id='word_1_64' title='bbox 1266 1632 1475 1693; x_wconf 89' lang='lat' dir='ltr'>genera</span> <span class='ocrx_word' id='word_1_65' title='bbox 1500 1612 1682 1691; x_wconf 88' lang='lat' dir='ltr'>prima</span> 
     </span>
     <span class='ocr_line' id='line_1_14' title="bbox 1559 1694 1679 1752; baseline -0.017 0"><span class='ocrx_word' id='word_1_66' title='bbox 1559 1694 1679 1752; x_wconf 90' lang='lat'>610</span> 
     </span>
     <span class='ocr_line' id='line_1_15' title="bbox 585 1777 1678 1855; baseline -0.006 -17"><span class='ocrx_word' id='word_1_67' title='bbox 585 1779 799 1838; x_wconf 90' lang='lat' dir='ltr'>bonum</span> <span class='ocrx_word' id='word_1_68' title='bbox 827 1777 1013 1855; x_wconf 89' lang='lat' dir='ltr'>ipsum</span> <span class='ocrx_word' id='word_1_69' title='bbox 1035 1795 1162 1854; x_wconf 86' lang='lat' dir='ltr'>quae</span> <span class='ocrx_word' id='word_1_70' title='bbox 1187 1787 1493 1854; x_wconf 89' lang='lat' dir='ltr'>sequantur</span> <span class='ocrx_word' id='word_1_71' title='bbox 1511 1786 1678 1832; x_wconf 86' lang='lat' dir='ltr'>natu-</span> 
     </span>
     <span class='ocr_line' id='line_1_16' title="bbox 662 1856 1677 1937; baseline -0.003 -20"><span class='ocrx_word' id='word_1_72' title='bbox 662 1858 766 1917; x_wconf 88' lang='lat' dir='ltr'>rali</span> <span class='ocrx_word' id='word_1_73' title='bbox 790 1856 987 1918; x_wconf 85' lang='lat' dir='ltr'>ordine</span> <span class='ocrx_word' id='word_1_74' title='bbox 1325 1857 1442 1915; x_wconf 81' lang='lat' dir='ltr'>Fic.</span> <span class='ocrx_word' id='word_1_75' title='bbox 1471 1877 1529 1937; x_wconf 91' lang='lat' dir='ltr'>p.</span> <span class='ocrx_word' id='word_1_76' title='bbox 1562 1870 1677 1932; x_wconf 84' lang='lat'>357</span> 
     </span>
     <span class='ocr_line' id='line_1_17' title="bbox 585 1937 1679 2015; baseline -0.004 -17"><span class='ocrx_word' id='word_1_77' title='bbox 585 1942 796 1998; x_wconf 87' lang='lat' dir='ltr'>bonum</span> <span class='ocrx_word' id='word_1_78' title='bbox 826 1957 1112 1997; x_wconf 90' lang='lat' dir='ltr'>summum</span> <span class='ocrx_word' id='word_1_79' title='bbox 1142 1937 1291 1997; x_wconf 90' lang='lat' dir='ltr'>unde</span> <span class='ocrx_word' id='word_1_80' title='bbox 1370 1938 1492 1996; x_wconf 87' lang='lat' dir='ltr'>Fic.</span> <span class='ocrx_word' id='word_1_81' title='bbox 1522 1957 1577 2015; x_wconf 87' lang='lat' dir='ltr'>p.</span> <span class='ocrx_word' id='word_1_82' title='bbox 1604 1953 1679 2013; x_wconf 91' lang='lat'>79</span> 
     </span>
     <span class='ocr_line' id='line_1_18' title="bbox 583 2018 1679 2096; baseline -0.005 -15"><span class='ocrx_word' id='word_1_83' title='bbox 583 2023 799 2082; x_wconf 89' lang='lat' dir='ltr'>bouum</span> <span class='ocrx_word' id='word_1_84' title='bbox 822 2039 1107 2079; x_wconf 88' lang='lat' dir='ltr'>summum</span> <span class='ocrx_word' id='word_1_85' title='bbox 1129 2018 1188 2077; x_wconf 91' lang='lat' dir='ltr'>in</span> <span class='ocrx_word' id='word_1_86' title='bbox 1208 2038 1376 2096; x_wconf 89' lang='lat' dir='ltr'>quem</span> <span class='ocrx_word' id='word_1_87' title='bbox 1397 2018 1569 2077; x_wconf 87' lang='lat' dir='ltr'>finem</span> <span class='ocrx_word' id='word_1_88' title='bbox 1589 2018 1679 2075; x_wconf 90' lang='lat' dir='ltr'>in·</span> 
     </span>
     <span class='ocr_line' id='line_1_19' title="bbox 663 2101 1680 2181; baseline -0.004 -21"><span class='ocrx_word' id='word_1_89' title='bbox 663 2101 915 2181; x_wconf 80' lang='lat' dir='ltr'>quii-atur</span> <span class='ocrx_word' id='word_1_90' title='bbox 1610 2117 1680 2175; x_wconf 90' lang='lat'>17</span> 
     </span>
     <span class='ocr_line' id='line_1_20' title="bbox 586 2178 1684 2260; baseline -0.004 -18"><span class='ocrx_word' id='word_1_91' title='bbox 586 2184 795 2243; x_wconf 89' lang='lat' dir='ltr'>bonum</span> <span class='ocrx_word' id='word_1_92' title='bbox 847 2180 981 2260; x_wconf 90' lang='lat' dir='ltr'>quid</span> <span class='ocrx_word' id='word_1_93' title='bbox 1028 2178 1258 2240; x_wconf 85' lang='lat' dir='ltr'>cuilibet</span> <span class='ocrx_word' id='word_1_94' title='bbox 1303 2180 1498 2260; x_wconf 79' lang='lat' dir='ltr'>primae</span> <span class='ocrx_word' id='word_1_95' title='bbox 1550 2180 1684 2238; x_wconf 90' lang='lat' dir='ltr'>sub-</span> 
     </span>
     <span class='ocr_line' id='line_1_21' title="bbox 664 2260 1680 2341; baseline -0.004 -18"><span class='ocrx_word' id='word_1_96' title='bbox 664 2262 906 2332; x_wconf 65' lang='lat' dir='ltr'>stantiae,</span> <span class='ocrx_word' id='word_1_97' title='bbox 936 2274 995 2322; x_wconf 91' lang='lat' dir='ltr'>et</span> <span class='ocrx_word' id='word_1_98' title='bbox 1020 2260 1281 2341; x_wconf 87' lang='lat' dir='ltr'>principii</span> <span class='ocrx_word' id='word_1_99' title='bbox 1308 2260 1384 2320; x_wconf 89' lang='lat' dir='ltr'>sit</span> <span class='ocrx_word' id='word_1_100' title='bbox 1565 2275 1630 2336; x_wconf 90' lang='grc'>71</span> <span class='ocrx_word' id='word_1_101' title='bbox 1647 2278 1680 2335; x_wconf 92' lang='lat'>7</span> 
     </span>
     <span class='ocr_line' id='line_1_22' title="bbox 588 2341 1679 2421; baseline -0.005 -16"><span class='ocrx_word' id='word_1_102' title='bbox 588 2347 798 2405; x_wconf 90' lang='lat' dir='ltr'>bonum</span> <span class='ocrx_word' id='word_1_103' title='bbox 840 2342 1076 2421; x_wconf 82' lang='lat' dir='ltr'>simplex</span> <span class='ocrx_word' id='word_1_104' title='bbox 1113 2341 1170 2401; x_wconf 91' lang='lat' dir='ltr'>in</span> <span class='ocrx_word' id='word_1_105' title='bbox 1210 2363 1380 2402; x_wconf 89' lang='lat' dir='ltr'>sensu</span> <span class='ocrx_word' id='word_1_106' title='bbox 1415 2343 1679 2421; x_wconf 86' lang='lat' dir='ltr'>quodam,</span> 
     </span>
     <span class='ocr_line' id='line_1_23' title="bbox 667 2423 1678 2504; baseline -0.003 -19"><span class='ocrx_word' id='word_1_107' title='bbox 667 2446 781 2485; x_wconf 91' lang='lat' dir='ltr'>non</span> <span class='ocrx_word' id='word_1_108' title='bbox 794 2423 1194 2504; x_wconf 79' lang='lat' dir='ltr'>imaginatione</span> <span class='ocrx_word' id='word_1_109' title='bbox 1203 2437 1428 2484; x_wconf 89' lang='lat' dir='ltr'>tantum</span> <span class='ocrx_word' id='word_1_110' title='bbox 1447 2424 1512 2483; x_wconf 86' lang='lat' dir='ltr'>F.</span> <span class='ocrx_word' id='word_1_111' title='bbox 1533 2444 1590 2501; x_wconf 97' lang='lat' dir='ltr'>p.</span> <span class='ocrx_word' id='word_1_112' title='bbox 1605 2441 1638 2498; x_wconf 89' lang='grc'>3</span> <span class='ocrx_word' id='word_1_113' title='bbox 1645 2442 1678 2499; x_wconf 87' lang='lat'><strong>5</strong></span> 
     </span>
     <span class='ocr_line' id='line_1_24' title="bbox 586 2503 1682 2583; baseline -0.003 -17"><span class='ocrx_word' id='word_1_114' title='bbox 586 2510 802 2567; x_wconf 90' lang='lat' dir='ltr'>bonum</span> <span class='ocrx_word' id='word_1_115' title='bbox 1378 2503 1496 2563; x_wconf 88' lang='lat' dir='ltr'>Fic.</span> <span class='ocrx_word' id='word_1_116' title='bbox 1526 2526 1584 2583; x_wconf 85' lang='lat' dir='ltr'>p.</span> <span class='ocrx_word' id='word_1_117' title='bbox 1606 2521 1682 2581; x_wconf 90' lang='lat'>79</span> 
     </span>
     <span class='ocr_line' id='line_1_25' title="bbox 585 2584 1680 2665; baseline -0.005 -17"><span class='ocrx_word' id='word_1_118' title='bbox 585 2590 802 2648; x_wconf 88' lang='lat' dir='ltr'>bonum</span> <span class='ocrx_word' id='word_1_119' title='bbox 829 2588 886 2647; x_wconf 92' lang='lat' dir='ltr'>in</span> <span class='ocrx_word' id='word_1_120' title='bbox 917 2586 1141 2648; x_wconf 87' lang='lat' dir='ltr'>actione</span> <span class='ocrx_word' id='word_1_121' title='bbox 1336 2584 1454 2644; x_wconf 86' lang='lat' dir='ltr'>Fic.</span> <span class='ocrx_word' id='word_1_122' title='bbox 1484 2607 1541 2665; x_wconf 93' lang='lat' dir='ltr'>p.</span> <span class='ocrx_word' id='word_1_123' title='bbox 1566 2604 1590 2644; x_wconf 92' lang='lat'>1</span> <span class='ocrx_word' id='word_1_124' title='bbox 1607 2587 1680 2643; x_wconf 92' lang='lat'>16</span> 
     </span>
     <span class='ocr_line' id='line_1_26' title="bbox 587 2666 1682 2750; baseline -0.006 -20"><span class='ocrx_word' id='word_1_125' title='bbox 587 2671 803 2730; x_wconf 89' lang='lat' dir='ltr'>bonum</span> <span class='ocrx_word' id='word_1_126' title='bbox 844 2669 1026 2750; x_wconf 89' lang='lat' dir='ltr'>ipsum</span> <span class='ocrx_word' id='word_1_127' title='bbox 1072 2666 1351 2727; x_wconf 90' lang='lat' dir='ltr'>infinitum</span> <span class='ocrx_word' id='word_1_128' title='bbox 1388 2686 1511 2725; x_wconf 89' lang='lat' dir='ltr'>esse</span> <span class='ocrx_word' id='word_1_129' title='bbox 1552 2685 1682 2745; x_wconf 87' lang='lat' dir='ltr'>pro-</span> 
     </span>
     <span class='ocr_line' id='line_1_27' title="bbox 668 2748 1682 2825; baseline -0.003 -16"><span class='ocrx_word' id='word_1_130' title='bbox 668 2752 833 2810; x_wconf 90' lang='lat' dir='ltr'>batur</span> <span class='ocrx_word' id='word_1_131' title='bbox 1341 2748 1458 2808; x_wconf 87' lang='lat' dir='ltr'>Fic.</span> <span class='ocrx_word' id='word_1_132' title='bbox 1487 2768 1541 2825; x_wconf 87' lang='lat' dir='ltr'>p.</span> <span class='ocrx_word' id='word_1_133' title='bbox 1570 2748 1682 2806; x_wconf 87' lang='lat'>268</span> 
     </span>
     <span class='ocr_line' id='line_1_28' title="bbox 587 2828 1683 2892; baseline -0.005 0"><span class='ocrx_word' id='word_1_134' title='bbox 587 2833 800 2892; x_wconf 87' lang='lat' dir='ltr'>bonum</span> <span class='ocrx_word' id='word_1_135' title='bbox 828 2851 1112 2890; x_wconf 87' lang='lat' dir='ltr'>summum</span> <span class='ocrx_word' id='word_1_136' title='bbox 1130 2828 1382 2889; x_wconf 88' lang='lat' dir='ltr'>omnium</span> <span class='ocrx_word' id='word_1_137' title='bbox 1407 2829 1683 2887; x_wconf 88' lang='lat' dir='ltr'>bonorum</span> 
     </span>
     <span class='ocr_line' id='line_1_29' title="bbox 668 2911 1673 2972; baseline -0.005 0"><span class='ocrx_word' id='word_1_138' title='bbox 668 2914 797 2972; x_wconf 83' lang='lat' dir='ltr'>sons</span> <span class='ocrx_word' id='word_1_139' title='bbox 1602 2911 1673 2968; x_wconf 92' lang='lat'>61</span> 
     </span>
     <span class='ocr_line' id='line_1_30' title="bbox 588 2989 1676 3072; baseline -0.006 -18"><span class='ocrx_word' id='word_1_140' title='bbox 588 2995 801 3053; x_wconf 92' lang='lat' dir='ltr'>bonum</span> <span class='ocrx_word' id='word_1_141' title='bbox 828 2991 1178 3072; x_wconf 83' lang='lat' dir='ltr'>intelligibile</span> <span class='ocrx_word' id='word_1_142' title='bbox 1387 2989 1503 3049; x_wconf 87' lang='lat' dir='ltr'>Fic.</span> <span class='ocrx_word' id='word_1_143' title='bbox 1531 3011 1586 3069; x_wconf 89' lang='lat' dir='ltr'>p.</span> <span class='ocrx_word' id='word_1_144' title='bbox 1605 3008 1676 3067; x_wconf 87' lang='lat'>51</span> 
     </span>
     <span class='ocr_line' id='line_1_31' title="bbox 588 3071 1499 3155; baseline -0.005 -21"><span class='ocrx_word' id='word_1_145' title='bbox 588 3077 805 3134; x_wconf 89' lang='lat' dir='ltr'>bonum</span> <span class='ocrx_word' id='word_1_146' title='bbox 833 3074 1018 3155; x_wconf 87' lang='lat' dir='ltr'>ipsuni</span> <span class='ocrx_word' id='word_1_147' title='bbox 1044 3072 1191 3133; x_wconf 83' lang='lat' dir='ltr'>varie</span> <span class='ocrx_word' id='word_1_148' title='bbox 1219 3071 1499 3152; x_wconf 84' lang='lat' dir='ltr'>expetitur</span> 
     </span>
     <span class='ocr_line' id='line_1_32' title="bbox 1345 3153 1682 3231; baseline -0.003 -20"><span class='ocrx_word' id='word_1_149' title='bbox 1345 3153 1460 3212; x_wconf 87' lang='lat' dir='ltr'>Fic.</span> <span class='ocrx_word' id='word_1_150' title='bbox 1492 3173 1547 3231; x_wconf 88' lang='lat' dir='ltr'>p.</span> <span class='ocrx_word' id='word_1_151' title='bbox 1573 3171 1595 3210; x_wconf 93' lang='lat'>1</span> <span class='ocrx_word' id='word_1_152' title='bbox 1614 3169 1682 3227; x_wconf 92' lang='lat'>17</span> 
     </span>
     <span class='ocr_line' id='line_1_33' title="bbox 591 3233 1680 3316; baseline -0.003 -21"><span class='ocrx_word' id='word_1_153' title='bbox 591 3239 802 3296; x_wconf 90' lang='lat' dir='ltr'>bonum</span> <span class='ocrx_word' id='word_1_154' title='bbox 829 3236 1084 3316; x_wconf 88' lang='lat' dir='ltr'>superius</span> <span class='ocrx_word' id='word_1_155' title='bbox 1121 3246 1211 3294; x_wconf 92' lang='lat' dir='ltr'>est</span> <span class='ocrx_word' id='word_1_156' title='bbox 1234 3233 1493 3303; x_wconf 76' lang='lat' dir='ltr'>essentia,</span> <span class='ocrx_word' id='word_1_157' title='bbox 1523 3246 1680 3293; x_wconf 88' lang='lat' dir='ltr'>actu-</span> 
     </span>
     <span class='ocr_line' id='line_1_34' title="bbox 670 3314 1683 3397; baseline -0.004 -20"><span class='ocrx_word' id='word_1_158' title='bbox 670 3337 778 3397; x_wconf 88' lang='lat' dir='ltr'>que</span> <span class='ocrx_word' id='word_1_159' title='bbox 794 3317 934 3393; x_wconf 89' lang='lat' dir='ltr'>ejus,</span> <span class='ocrx_word' id='word_1_160' title='bbox 952 3330 1012 3377; x_wconf 92' lang='lat' dir='ltr'>et</span> <span class='ocrx_word' id='word_1_161' title='bbox 1025 3319 1159 3384; x_wconf 84' lang='lat' dir='ltr'>vita,</span> <span class='ocrx_word' id='word_1_162' title='bbox 1179 3329 1238 3375; x_wconf 90' lang='lat' dir='ltr'>et</span> <span class='ocrx_word' id='word_1_163' title='bbox 1251 3314 1545 3375; x_wconf 90' lang='lat' dir='ltr'>intellectu</span> <span class='ocrx_word' id='word_1_164' title='bbox 1567 3332 1599 3391; x_wconf 94' lang='lat'><strong><em>7</em></strong></span> <span class='ocrx_word' id='word_1_165' title='bbox 1614 3335 1633 3373; x_wconf 88' lang='lat'>1</span> <span class='ocrx_word' id='word_1_166' title='bbox 1646 3336 1683 3374; x_wconf 96' lang='grc'>0</span> 
     </span>
     <span class='ocr_line' id='line_1_35' title="bbox 588 3396 1684 3479; baseline -0.005 -20"><span class='ocrx_word' id='word_1_167' title='bbox 588 3403 803 3460; x_wconf 91' lang='lat' dir='ltr'>bonum</span> <span class='ocrx_word' id='word_1_168' title='bbox 831 3400 1018 3479; x_wconf 86' lang='lat' dir='ltr'>ipsum</span> <span class='ocrx_word' id='word_1_169' title='bbox 1045 3397 1285 3456; x_wconf 86' lang='lat' dir='ltr'>informe</span> <span class='ocrx_word' id='word_1_170' title='bbox 1342 3396 1456 3456; x_wconf 87' lang='lat' dir='ltr'>Fic.</span> <span class='ocrx_word' id='word_1_171' title='bbox 1486 3418 1541 3475; x_wconf 87' lang='lat' dir='ltr'>p.</span> <span class='ocrx_word' id='word_1_172' title='bbox 1568 3397 1684 3454; x_wconf 89' lang='lat'>268</span> 
     </span>
     <span class='ocr_line' id='line_1_36' title="bbox 588 3480 1686 3558; baseline -0.005 -17"><span class='ocrx_word' id='word_1_173' title='bbox 588 3484 805 3542; x_wconf 91' lang='lat' dir='ltr'>bonum</span> <span class='ocrx_word' id='word_1_174' title='bbox 844 3500 1129 3539; x_wconf 87' lang='lat' dir='ltr'>summum</span> <span class='ocrx_word' id='word_1_175' title='bbox 1173 3498 1234 3537; x_wconf 91' lang='lat' dir='ltr'>se</span> <span class='ocrx_word' id='word_1_176' title='bbox 1280 3480 1405 3558; x_wconf 87' lang='lat' dir='ltr'>ipso</span> <span class='ocrx_word' id='word_1_177' title='bbox 1452 3490 1686 3537; x_wconf 90' lang='lat' dir='ltr'>conten-</span> 
     </span>
     <span class='ocr_line' id='line_1_37' title="bbox 671 3559 1685 3638; baseline -0.004 -17"><span class='ocrx_word' id='word_1_178' title='bbox 671 3575 793 3622; x_wconf 90' lang='lat' dir='ltr'>tum</span> <span class='ocrx_word' id='word_1_179' title='bbox 1342 3559 1459 3619; x_wconf 87' lang='lat' dir='ltr'>Fic.</span> <span class='ocrx_word' id='word_1_180' title='bbox 1487 3580 1545 3638; x_wconf 88' lang='lat' dir='ltr'>p.</span> <span class='ocrx_word' id='word_1_181' title='bbox 1576 3579 1599 3617; x_wconf 95' lang='lat'>1</span> <span class='ocrx_word' id='word_1_182' title='bbox 1616 3559 1685 3617; x_wconf 87' lang='lat'>18</span> 
     </span>
     <span class='ocr_line' id='line_1_38' title="bbox 592 3640 1686 3720; baseline -0.005 -17"><span class='ocrx_word' id='word_1_183' title='bbox 592 3644 804 3703; x_wconf 89' lang='lat' dir='ltr'>bonum</span> <span class='ocrx_word' id='word_1_184' title='bbox 834 3640 1018 3720; x_wconf 87' lang='lat' dir='ltr'>ipsum</span> <span class='ocrx_word' id='word_1_185' title='bbox 1047 3641 1179 3719; x_wconf 89' lang='lat' dir='ltr'>quid</span> <span class='ocrx_word' id='word_1_186' title='bbox 1344 3641 1461 3700; x_wconf 82' lang='lat' dir='ltr'>Fic.</span> <span class='ocrx_word' id='word_1_187' title='bbox 1490 3661 1546 3720; x_wconf 93' lang='lat' dir='ltr'>p.</span> <span class='ocrx_word' id='word_1_188' title='bbox 1577 3658 1686 3715; x_wconf 83' lang='lat'>124</span> 
     </span>
     <span class='ocr_line' id='line_1_39' title="bbox 592 3720 1688 3802; baseline -0.005 -16"><span class='ocrx_word' id='word_1_189' title='bbox 592 3727 804 3786; x_wconf 89' lang='lat' dir='ltr'>bonum</span> <span class='ocrx_word' id='word_1_190' title='bbox 835 3721 1060 3802; x_wconf 89' lang='lat' dir='ltr'>penitus</span> <span class='ocrx_word' id='word_1_191' title='bbox 1087 3735 1273 3781; x_wconf 91' lang='lat' dir='ltr'>totum</span> <span class='ocrx_word' id='word_1_192' title='bbox 1296 3734 1400 3791; x_wconf 86' lang='lat' dir='ltr'>est,</span> <span class='ocrx_word' id='word_1_193' title='bbox 1421 3720 1688 3800; x_wconf 89' lang='lat' dir='ltr'>quicquid</span> 
     </span>
     <span class='ocr_line' id='line_1_40' title="bbox 672 3804 1689 3883; baseline -0.005 -18"><span class='ocrx_word' id='word_1_194' title='bbox 672 3807 745 3865; x_wconf 87' lang='lat' dir='ltr'>ab</span> <span class='ocrx_word' id='word_1_195' title='bbox 799 3807 924 3882; x_wconf 90' lang='lat' dir='ltr'>ipso</span> <span class='ocrx_word' id='word_1_196' title='bbox 983 3804 1137 3862; x_wconf 92' lang='lat' dir='ltr'>bono</span> <span class='ocrx_word' id='word_1_197' title='bbox 1190 3817 1544 3883; x_wconf 85' lang='lat' dir='ltr'>procreatum</span> <span class='ocrx_word' id='word_1_198' title='bbox 1602 3814 1689 3861; x_wconf 86' lang='lat' dir='ltr'>est</span> 
     </span>
    </p>
   </div>
   <div class='ocr_carea' id='block_1_3' title="bbox 592 3885 1690 4204">
    <p class='ocr_par' dir='ltr' id='par_1_3' title="bbox 592 3885 1689 4142">
     <span class='ocr_line' id='line_1_41' title="bbox 670 3885 1682 3966; baseline -0.003 -22"><span class='ocrx_word' id='word_1_199' title='bbox 670 3885 855 3966; x_wconf 90' lang='lat' dir='ltr'>primo</span> <span class='ocrx_word' id='word_1_200' title='bbox 1574 3899 1604 3959; x_wconf 91' lang='lat'><strong>7</strong></span> <span class='ocrx_word' id='word_1_201' title='bbox 1619 3903 1641 3941; x_wconf 92' lang='lat'>1</span> <span class='ocrx_word' id='word_1_202' title='bbox 1660 3903 1682 3942; x_wconf 98' lang='lat'>1</span> 
     </span>
     <span class='ocr_line' id='line_1_42' title="bbox 592 3963 1687 4046; baseline -0.004 -19"><span class='ocrx_word' id='word_1_203' title='bbox 592 3970 808 4027; x_wconf 87' lang='lat' dir='ltr'>bonum</span> <span class='ocrx_word' id='word_1_204' title='bbox 837 3965 1044 4046; x_wconf 89' lang='lat' dir='ltr'>duplex</span> <span class='ocrx_word' id='word_1_205' title='bbox 1388 3963 1504 4024; x_wconf 89' lang='lat' dir='ltr'>Fic.</span> <span class='ocrx_word' id='word_1_206' title='bbox 1535 3984 1590 4043; x_wconf 92' lang='lat' dir='ltr'>p.</span> <span class='ocrx_word' id='word_1_207' title='bbox 1613 3983 1687 4023; x_wconf 84' lang='lat'>20</span> 
     </span>
     <span class='ocr_line' id='line_1_43' title="bbox 592 4044 1689 4142; baseline -0.006 -32"><span class='ocrx_word' id='word_1_208' title='bbox 592 4051 805 4142; x_wconf 40' lang='lat' dir='ltr'>bon-um</span> <span class='ocrx_word' id='word_1_209' title='bbox 836 4048 974 4126; x_wconf 83' lang='lat' dir='ltr'>quid</span> <span class='ocrx_word' id='word_1_210' title='bbox 1001 4046 1060 4105; x_wconf 92' lang='lat' dir='ltr'>in</span> <span class='ocrx_word' id='word_1_211' title='bbox 1089 4065 1310 4125; x_wconf 90' lang='lat' dir='ltr'>quaque</span> <span class='ocrx_word' id='word_1_212' title='bbox 1349 4065 1408 4105; x_wconf 90' lang='lat' dir='ltr'>re</span> <span class='ocrx_word' id='word_1_213' title='bbox 1450 4044 1689 4107; x_wconf 87' lang='lat' dir='ltr'>naturali</span> 
     </span>
    </p>

    <p class='ocr_par' dir='ltr' id='par_1_4' title="bbox 672 4143 1690 4204">
     <span class='ocr_line' id='line_1_44' title="bbox 672 4143 1690 4204; baseline -0.004 -15"><span class='ocrx_word' id='word_1_214' title='bbox 672 4143 745 4189; x_wconf 90' lang='lat' dir='ltr'>sit</span> <span class='ocrx_word' id='word_1_215' title='bbox 1574 4145 1690 4204; x_wconf 90' lang='lat'>719</span> 
     </span>
    </p>
   </div>
   <div class='ocr_carea' id='block_1_4' title="bbox 593 4207 1695 5093">
    <p class='ocr_par' dir='ltr' id='par_1_5' title="bbox 593 4207 1695 5093">
     <span class='ocr_line' id='line_1_45' title="bbox 594 4207 1688 4270; baseline -0.004 0"><span class='ocrx_word' id='word_1_216' title='bbox 594 4213 805 4270; x_wconf 90' lang='lat' dir='ltr'>bonum</span> <span class='ocrx_word' id='word_1_217' title='bbox 832 4207 1069 4268; x_wconf 86' lang='lat' dir='ltr'>universi</span> <span class='ocrx_word' id='word_1_218' title='bbox 1091 4219 1341 4266; x_wconf 85' lang='lat' dir='ltr'>mentem</span> <span class='ocrx_word' id='word_1_219' title='bbox 1366 4227 1478 4265; x_wconf 93' lang='lat' dir='ltr'>non</span> <span class='ocrx_word' id='word_1_220' title='bbox 1503 4207 1688 4266; x_wconf 86' lang='lat' dir='ltr'>solum</span> 
     </span>
     <span class='ocr_line' id='line_1_46' title="bbox 673 4287 1689 4370; baseline -0.001 -21"><span class='ocrx_word' id='word_1_221' title='bbox 673 4302 946 4370; x_wconf 81' lang='lat' dir='ltr'>procreat,</span> <span class='ocrx_word' id='word_1_222' title='bbox 996 4290 1093 4349; x_wconf 88' lang='lat' dir='ltr'>sed</span> <span class='ocrx_word' id='word_1_223' title='bbox 1145 4287 1363 4347; x_wconf 77' lang='lat' dir='ltr'>assidue</span> <span class='ocrx_word' id='word_1_224' title='bbox 1423 4300 1689 4367; x_wconf 89' lang='lat' dir='ltr'>tanquam</span> 
     </span>
     <span class='ocr_line' id='line_1_47' title="bbox 674 4369 1691 4449; baseline -0.001 -19"><span class='ocrx_word' id='word_1_225' title='bbox 674 4374 843 4432; x_wconf 89' lang='lat' dir='ltr'>hamo</span> <span class='ocrx_word' id='word_1_226' title='bbox 880 4369 1156 4430; x_wconf 88' lang='lat' dir='ltr'>amatorio</span> <span class='ocrx_word' id='word_1_227' title='bbox 1192 4369 1262 4427; x_wconf 91' lang='lat' dir='ltr'>ad</span> <span class='ocrx_word' id='word_1_228' title='bbox 1290 4388 1352 4428; x_wconf 90' lang='lat' dir='ltr'>se</span> <span class='ocrx_word' id='word_1_229' title='bbox 1382 4371 1569 4449; x_wconf 90' lang='lat' dir='ltr'>ipsum</span> <span class='ocrx_word' id='word_1_230' title='bbox 1601 4390 1691 4429; x_wconf 87' lang='lat' dir='ltr'>re-</span> 
     </span>
     <span class='ocr_line' id='line_1_48' title="bbox 675 4465 1686 4527; baseline -0.003 -16"><span class='ocrx_word' id='word_1_231' title='bbox 675 4465 837 4513; x_wconf 84' lang='lat' dir='ltr'>vocat</span> <span class='ocrx_word' id='word_1_232' title='bbox 1574 4467 1686 4527; x_wconf 97' lang='grc'>722</span> 
     </span>
     <span class='ocr_line' id='line_1_49' title="bbox 595 4531 1691 4612; baseline -0.006 -18"><span class='ocrx_word' id='word_1_233' title='bbox 595 4535 808 4594; x_wconf 90' lang='lat' dir='ltr'>bonum</span> <span class='ocrx_word' id='word_1_234' title='bbox 835 4531 1058 4593; x_wconf 87' lang='lat' dir='ltr'>etiamsi</span> <span class='ocrx_word' id='word_1_235' title='bbox 1086 4543 1236 4591; x_wconf 88' lang='lat' dir='ltr'>esset</span> <span class='ocrx_word' id='word_1_236' title='bbox 1262 4532 1473 4609; x_wconf 84' lang='lat' dir='ltr'>absque</span> <span class='ocrx_word' id='word_1_237' title='bbox 1493 4531 1691 4612; x_wconf 78' lang='lat' dir='ltr'>volup-</span> 
     </span>
     <span class='ocr_line' id='line_1_50' title="bbox 675 4611 1690 4690; baseline -0.006 -15"><span class='ocrx_word' id='word_1_238' title='bbox 675 4628 811 4684; x_wconf 89' lang='lat' dir='ltr'>tate,</span> <span class='ocrx_word' id='word_1_239' title='bbox 840 4626 1032 4673; x_wconf 88' lang='lat' dir='ltr'>tamen</span> <span class='ocrx_word' id='word_1_240' title='bbox 1058 4611 1260 4690; x_wconf 83' lang='lat' dir='ltr'>expelli</span> <span class='ocrx_word' id='word_1_241' title='bbox 1287 4613 1456 4672; x_wconf 90' lang='lat' dir='ltr'>debet</span> <span class='ocrx_word' id='word_1_242' title='bbox 1575 4631 1690 4689; x_wconf 92' lang='lat'>719</span> 
     </span>
     <span class='ocr_line' id='line_1_51' title="bbox 593 4692 1689 4772; baseline -0.005 -16"><span class='ocrx_word' id='word_1_243' title='bbox 593 4698 810 4756; x_wconf 88' lang='lat' dir='ltr'>bonum</span> <span class='ocrx_word' id='word_1_244' title='bbox 837 4714 970 4753; x_wconf 82' lang='lat' dir='ltr'>vero</span> <span class='ocrx_word' id='word_1_245' title='bbox 1000 4692 1285 4772; x_wconf 88' lang='lat' dir='ltr'>potentius</span> <span class='ocrx_word' id='word_1_246' title='bbox 1384 4693 1501 4753; x_wconf 88' lang='lat' dir='ltr'>Fic.</span> <span class='ocrx_word' id='word_1_247' title='bbox 1530 4714 1590 4772; x_wconf 93' lang='lat' dir='ltr'>p.</span> <span class='ocrx_word' id='word_1_248' title='bbox 1616 4712 1689 4752; x_wconf 88' lang='grc'>20</span> 
     </span>
     <span class='ocr_line' id='line_1_52' title="bbox 593 4773 1691 4854; baseline -0.008 -16"><span class='ocrx_word' id='word_1_249' title='bbox 593 4779 810 4838; x_wconf 91' lang='lat' dir='ltr'>bonum</span> <span class='ocrx_word' id='word_1_250' title='bbox 851 4773 1200 4833; x_wconf 83' lang='lat' dir='ltr'>certitudinis</span> <span class='ocrx_word' id='word_1_251' title='bbox 1240 4773 1399 4854; x_wconf 89' lang='lat' dir='ltr'>origo</span> <span class='ocrx_word' id='word_1_252' title='bbox 1441 4789 1499 4834; x_wconf 90' lang='lat' dir='ltr'>et</span> <span class='ocrx_word' id='word_1_253' title='bbox 1535 4774 1691 4853; x_wconf 86' lang='lat' dir='ltr'>prin-</span> 
     </span>
     <span class='ocr_line' id='line_1_53' title="bbox 605 4857 1688 4936; baseline -0.003 -20"><span class='ocrx_word' id='word_1_254' title='bbox 605 4886 614 4927; x_wconf 75' lang='lat'>1</span> <span class='ocrx_word' id='word_1_255' title='bbox 676 4857 889 4936; x_wconf 88' lang='lat' dir='ltr'>cipium</span> <span class='ocrx_word' id='word_1_256' title='bbox 1576 4857 1688 4932; x_wconf 89' lang='grc'>728</span> 
     </span>
     <span class='ocr_line' id='line_1_54' title="bbox 595 4934 1688 5015; baseline -0.004 -16"><span class='ocrx_word' id='word_1_257' title='bbox 595 4940 812 4999; x_wconf 88' lang='lat' dir='ltr'>bonum</span> <span class='ocrx_word' id='word_1_258' title='bbox 842 4935 1025 5014; x_wconf 81' lang='lat' dir='ltr'>ipsum</span> <span class='ocrx_word' id='word_1_259' title='bbox 1054 4953 1127 4992; x_wconf 89' lang='lat' dir='ltr'>an</span> <span class='ocrx_word' id='word_1_260' title='bbox 1153 4934 1497 5015; x_wconf 84' lang='lat' dir='ltr'>intelligatur</span> <span class='ocrx_word' id='word_1_261' title='bbox 1577 4952 1688 5012; x_wconf 82' lang='lat'>732</span> 
     </span>
     <span class='ocr_line' id='line_1_55' title="bbox 594 5016 1695 5093; baseline -0.003 -14"><span class='ocrx_word' id='word_1_262' title='bbox 594 5021 810 5079; x_wconf 89' lang='lat' dir='ltr'>bonum</span> <span class='ocrx_word' id='word_1_263' title='bbox 853 5034 1138 5074; x_wconf 88' lang='lat' dir='ltr'>summum</span> <span class='ocrx_word' id='word_1_264' title='bbox 1176 5016 1459 5093; x_wconf 91' lang='lat' dir='ltr'>quomodo</span> <span class='ocrx_word' id='word_1_265' title='bbox 1501 5017 1695 5076; x_wconf 88' lang='lat' dir='ltr'>omnia</span> 
     </span>
    </p>
   </div>
   <div class='ocr_carea' id='block_1_5' title="bbox 597 5099 1693 5345">
    <p class='ocr_par' dir='ltr' id='par_1_6' title="bbox 597 5099 1693 5345">
     <span class='ocr_line' id='line_1_56' title="bbox 678 5099 1690 5178; baseline -0.002 -19"><span class='ocrx_word' id='word_1_266' title='bbox 678 5109 938 5178; x_wconf 84' lang='lat' dir='ltr'>repetant</span> <span class='ocrx_word' id='word_1_267' title='bbox 1614 5099 1690 5157; x_wconf 92' lang='grc'>62</span> 
     </span>
     <span class='ocr_line' id='line_1_57' title="bbox 597 5174 1693 5241; baseline -0.003 0"><span class='ocrx_word' id='word_1_268' title='bbox 597 5183 812 5241; x_wconf 89' lang='lat' dir='ltr'>bonum</span> <span class='ocrx_word' id='word_1_269' title='bbox 881 5196 982 5237; x_wconf 86' lang='lat' dir='ltr'>cur</span> <span class='ocrx_word' id='word_1_270' title='bbox 1042 5194 1159 5234; x_wconf 91' lang='lat' dir='ltr'>non</span> <span class='ocrx_word' id='word_1_271' title='bbox 1227 5174 1441 5235; x_wconf 89' lang='lat' dir='ltr'>dicatur</span> <span class='ocrx_word' id='word_1_272' title='bbox 1496 5180 1693 5240; x_wconf 85' lang='lat' dir='ltr'>artifex</span> 
     </span>
     <span class='ocr_line' id='line_1_58' title="bbox 677 5257 1692 5345; baseline -0.002 -24"><span class='ocrx_word' id='word_1_273' title='bbox 677 5258 877 5322; x_wconf 88' lang='lat' dir='ltr'>mundi</span> <span class='ocrx_word' id='word_1_274' title='bbox 1346 5257 1464 5319; x_wconf 91' lang='lat' dir='ltr'>Fic.</span> <span class='ocrx_word' id='word_1_275' title='bbox 1494 5280 1549 5337; x_wconf 92' lang='lat' dir='ltr'>p.</span> <span class='ocrx_word' id='word_1_276' title='bbox 1563 5279 1692 5345; x_wconf 35' lang='grc'>,240</span> 
     </span>
    </p>
   </div>
   <div class='ocr_carea' id='block_1_6' title="bbox 599 5336 1694 5404">
    <p class='ocr_par' dir='ltr' id='par_1_7' title="bbox 599 5336 1694 5404">
     <span class='ocr_line' id='line_1_59' title="bbox 599 5336 1694 5404; baseline -0.004 0"><span class='ocrx_word' id='word_1_277' title='bbox 599 5346 815 5404; x_wconf 89' lang='lat' dir='ltr'>bonum</span> <span class='ocrx_word' id='word_1_278' title='bbox 869 5357 1154 5400; x_wconf 87' lang='lat' dir='ltr'>summum</span> <span class='ocrx_word' id='word_1_279' title='bbox 1203 5336 1412 5397; x_wconf 87' lang='lat' dir='ltr'>circulo</span> <span class='ocrx_word' id='word_1_280' title='bbox 1465 5354 1524 5399; x_wconf 90' lang='lat' dir='ltr'>et</span> <span class='ocrx_word' id='word_1_281' title='bbox 1573 5342 1694 5400; x_wconf 90' lang='lat' dir='ltr'>Soli</span> 
     </span>
    </p>
   </div>
   <div class='ocr_carea' id='block_1_7' title="bbox 600 5426 1694 5580">
    <p class='ocr_par' dir='ltr' id='par_1_8' title="bbox 600 5426 1694 5580">
     <span class='ocr_line' id='line_1_60' title="bbox 600 5426 1694 5580; baseline -0.003 -15"><span class='ocrx_word' id='word_1_282' title='bbox 600 5507 812 5565; x_wconf 90' lang='lat' dir='ltr'>bonum</span> <span class='ocrx_word' id='word_1_283' title='bbox 830 5518 963 5564; x_wconf 88' lang='lat' dir='ltr'>ente</span> <span class='ocrx_word' id='word_1_284' title='bbox 984 5498 1340 5562; x_wconf 87' lang='lat' dir='ltr'>communius</span> <span class='ocrx_word' id='word_1_285' title='bbox 1367 5500 1486 5560; x_wconf 87' lang='lat' dir='ltr'>Fic.</span> <span class='ocrx_word' id='word_1_286' title='bbox 1505 5521 1562 5580; x_wconf 90' lang='lat' dir='ltr'>p.</span> <span class='ocrx_word' id='word_1_287' title='bbox 1583 5426 1694 5563; x_wconf 54' lang='lat'>126</span> 
     </span>
    </p>
   </div>
   <div class='ocr_carea' id='block_1_8' title="bbox 600 5581 1695 5743">
    <p class='ocr_par' dir='ltr' id='par_1_9' title="bbox 600 5581 1695 5743">
     <span class='ocr_line' id='line_1_61' title="bbox 600 5581 1642 5661; baseline -0.002 -15"><span class='ocrx_word' id='word_1_288' title='bbox 600 5588 814 5646; x_wconf 88' lang='lat' dir='ltr'>bonum</span> <span class='ocrx_word' id='word_1_289' title='bbox 841 5605 941 5645; x_wconf 88' lang='lat' dir='ltr'>cur</span> <span class='ocrx_word' id='word_1_290' title='bbox 966 5585 1038 5644; x_wconf 91' lang='lat' dir='ltr'>ab</span> <span class='ocrx_word' id='word_1_291' title='bbox 1064 5581 1327 5644; x_wconf 86' lang='lat' dir='ltr'>omnibus</span> <span class='ocrx_word' id='word_1_292' title='bbox 1351 5595 1642 5661; x_wconf 85' lang='lat' dir='ltr'>expetatur</span> 
     </span>
     <span class='ocr_line' id='line_1_62' title="bbox 1347 5663 1695 5743; baseline 0.014 -21"><span class='ocrx_word' id='word_1_293' title='bbox 1347 5663 1466 5724; x_wconf 88' lang='lat' dir='ltr'>Fic.</span> <span class='ocrx_word' id='word_1_294' title='bbox 1493 5685 1550 5743; x_wconf 89' lang='lat' dir='ltr'>p.</span> <span class='ocrx_word' id='word_1_295' title='bbox 1575 5668 1695 5742; x_wconf 86' lang='lat'>348</span> 
     </span>
    </p>
   </div>
   <div class='ocr_carea' id='block_1_9' title="bbox 678 5425 967 5484">
    <p class='ocr_par' dir='ltr' id='par_1_10' title="bbox 678 5425 967 5484">
     <span class='ocr_line' id='line_1_63' title="bbox 678 5425 967 5484; baseline -0.014 0"><span class='ocrx_word' id='word_1_296' title='bbox 678 5425 967 5484; x_wconf 82' lang='lat' dir='ltr'>confertur</span> 
     </span>
    </p>
   </div>
   <div class='ocr_carea' id='block_1_10' title="bbox 1756 718 2854 1690">
    <p class='ocr_par' dir='ltr' id='par_1_11' title="bbox 1756 718 2854 1524">
     <span class='ocr_line' id='line_1_64' title="bbox 1757 718 2842 779; baseline -0.001 0"><span class='ocrx_word' id='word_1_297' title='bbox 1757 719 1893 779; x_wconf 91' lang='lat' dir='ltr'>boni</span> <span class='ocrx_word' id='word_1_298' title='bbox 1922 718 2127 779; x_wconf 87' lang='lat' dir='ltr'>summi</span> <span class='ocrx_word' id='word_1_299' title='bbox 2154 730 2375 777; x_wconf 83' lang='lat' dir='ltr'>vetusta</span> <span class='ocrx_word' id='word_1_300' title='bbox 2401 718 2652 779; x_wconf 76' lang='lat' dir='ltr'>definitio</span> <span class='ocrx_word' id='word_1_301' title='bbox 2772 720 2842 778; x_wconf 88' lang='grc'>61</span> 
     </span>
     <span class='ocr_line' id='line_1_65' title="bbox 1757 798 2849 880; baseline -0.002 -20"><span class='ocrx_word' id='word_1_302' title='bbox 1757 802 1896 860; x_wconf 90' lang='lat' dir='ltr'>boni</span> <span class='ocrx_word' id='word_1_303' title='bbox 1921 799 2210 880; x_wconf 80' lang='lat' dir='ltr'>praesentis</span> <span class='ocrx_word' id='word_1_304' title='bbox 2235 798 2457 880; x_wconf 87' lang='lat' dir='ltr'>signum</span> <span class='ocrx_word' id='word_1_305' title='bbox 2735 818 2768 876; x_wconf 91' lang='lat'><em>7</em></span> <span class='ocrx_word' id='word_1_306' title='bbox 2784 818 2849 876; x_wconf 90' lang='lat'>17</span> 
     </span>
     <span class='ocr_line' id='line_1_66' title="bbox 1756 880 2847 960; baseline -0.004 -18"><span class='ocrx_word' id='word_1_307' title='bbox 1756 883 1892 942; x_wconf 89' lang='lat' dir='ltr'>boni</span> <span class='ocrx_word' id='word_1_308' title='bbox 1918 880 2219 960; x_wconf 86' lang='lat' dir='ltr'>descriptio</span> <span class='ocrx_word' id='word_1_309' title='bbox 2777 897 2847 957; x_wconf 85' lang='lat'>75</span> 
     </span>
     <span class='ocr_line' id='line_1_67' title="bbox 1757 960 2849 1041; baseline -0.002 -18"><span class='ocrx_word' id='word_1_310' title='bbox 1757 963 1892 1023; x_wconf 88' lang='lat' dir='ltr'>boni</span> <span class='ocrx_word' id='word_1_311' title='bbox 1919 975 1980 1023; x_wconf 92' lang='lat' dir='ltr'>et</span> <span class='ocrx_word' id='word_1_312' title='bbox 2005 961 2318 1022; x_wconf 90' lang='lat' dir='ltr'>intellectus</span> <span class='ocrx_word' id='word_1_313' title='bbox 2344 960 2691 1041; x_wconf 87' lang='lat' dir='ltr'>comparatio</span> <span class='ocrx_word' id='word_1_314' title='bbox 2734 978 2849 1038; x_wconf 82' lang='grc'>352</span> 
     </span>
     <span class='ocr_line' id='line_1_68' title="bbox 1756 1041 2852 1126; baseline -0.003 -22"><span class='ocrx_word' id='word_1_315' title='bbox 1756 1047 1896 1105; x_wconf 89' lang='lat' dir='ltr'>boni</span> <span class='ocrx_word' id='word_1_316' title='bbox 1917 1043 2093 1126; x_wconf 89' lang='lat' dir='ltr'>ipsius</span> <span class='ocrx_word' id='word_1_317' title='bbox 2117 1056 2179 1104; x_wconf 88' lang='lat' dir='ltr'>et</span> <span class='ocrx_word' id='word_1_318' title='bbox 2203 1043 2523 1104; x_wconf 89' lang='lat' dir='ltr'>intellectus</span> <span class='ocrx_word' id='word_1_319' title='bbox 2550 1041 2852 1104; x_wconf 85' lang='lat' dir='ltr'>discrimen</span> 
     </span>
     <span class='ocr_line' id='line_1_69' title="bbox 1756 1143 2852 1286; baseline -0.003 -19"><span class='ocrx_word' id='word_1_320' title='bbox 1756 1206 1892 1267; x_wconf 86' lang='lat' dir='ltr'>boni</span> <span class='ocrx_word' id='word_1_321' title='bbox 1939 1204 2115 1286; x_wconf 87' lang='lat' dir='ltr'>ipsius</span> <span class='ocrx_word' id='word_1_322' title='bbox 2160 1217 2359 1265; x_wconf 85' lang='lat' dir='ltr'>natura</span> <span class='ocrx_word' id='word_1_323' title='bbox 2413 1225 2543 1265; x_wconf 89' lang='lat' dir='ltr'>cum</span> <span class='ocrx_word' id='word_1_324' title='bbox 2591 1143 2852 1285; x_wconf 55' lang='lat' dir='ltr'>simpigg</span> 
     </span>
     <span class='ocr_line' id='line_1_70' title="bbox 1839 1301 2854 1364; baseline -0.002 -17"><span class='ocrx_word' id='word_1_325' title='bbox 1839 1301 1960 1348; x_wconf 89' lang='lat' dir='ltr'>tum</span> <span class='ocrx_word' id='word_1_326' title='bbox 1987 1306 2101 1346; x_wconf 90' lang='lat' dir='ltr'>una</span> <span class='ocrx_word' id='word_1_327' title='bbox 2742 1305 2854 1364; x_wconf 92' lang='lat'>199</span> 
     </span>
     <span class='ocr_line' id='line_1_71' title="bbox 1759 1366 2834 1448; baseline -0.004 -19"><span class='ocrx_word' id='word_1_328' title='bbox 1759 1368 1895 1429; x_wconf 89' lang='lat' dir='ltr'>boni</span> <span class='ocrx_word' id='word_1_329' title='bbox 1923 1382 2125 1428; x_wconf 88' lang='lat' dir='ltr'>natura</span> <span class='ocrx_word' id='word_1_330' title='bbox 2150 1367 2418 1446; x_wconf 88' lang='lat' dir='ltr'>quidnam</span> <span class='ocrx_word' id='word_1_331' title='bbox 2446 1366 2520 1426; x_wconf 90' lang='lat' dir='ltr'>sit</span> <span class='ocrx_word' id='word_1_332' title='bbox 2545 1369 2834 1448; x_wconf 86' lang='lat' dir='ltr'>ignoratur</span> 
     </span>
     <span class='ocr_line' id='line_1_72' title="bbox 2738 1449 2854 1524; baseline 0 -17"><span class='ocrx_word' id='word_1_333' title='bbox 2738 1466 2770 1524; x_wconf 92' lang='lat'><em>7</em></span> <span class='ocrx_word' id='word_1_334' title='bbox 2785 1449 2854 1507; x_wconf 93' lang='lat'>16</span> 
     </span>
    </p>

    <p class='ocr_par' dir='ltr' id='par_1_12' title="bbox 1756 1527 2853 1690">
     <span class='ocr_line' id='line_1_73' title="bbox 1758 1527 2849 1609; baseline -0.004 -18"><span class='ocrx_word' id='word_1_335' title='bbox 1758 1531 1895 1590; x_wconf 90' lang='lat' dir='ltr'>boni</span> <span class='ocrx_word' id='word_1_336' title='bbox 1920 1527 2194 1609; x_wconf 88' lang='lat' dir='ltr'>simplicis</span> <span class='ocrx_word' id='word_1_337' title='bbox 2221 1528 2445 1590; x_wconf 85' lang='lat' dir='ltr'>diffusio</span> <span class='ocrx_word' id='word_1_338' title='bbox 2552 1529 2669 1589; x_wconf 87' lang='lat' dir='ltr'>Fic.</span> <span class='ocrx_word' id='word_1_339' title='bbox 2696 1551 2752 1609; x_wconf 90' lang='lat' dir='ltr'>p.</span> <span class='ocrx_word' id='word_1_340' title='bbox 2775 1547 2849 1607; x_wconf 84' lang='lat'>35</span> 
     </span>
     <span class='ocr_line' id='line_1_74' title="bbox 1756 1610 2853 1690; baseline -0.002 -18"><span class='ocrx_word' id='word_1_341' title='bbox 1756 1612 1893 1672; x_wconf 89' lang='lat' dir='ltr'>boni</span> <span class='ocrx_word' id='word_1_342' title='bbox 1934 1610 2142 1671; x_wconf 88' lang='lat' dir='ltr'>summi</span> <span class='ocrx_word' id='word_1_343' title='bbox 2173 1611 2451 1690; x_wconf 87' lang='lat' dir='ltr'>possessio</span> <span class='ocrx_word' id='word_1_344' title='bbox 2486 1610 2544 1671; x_wconf 86' lang='lat' dir='ltr'>in</span> <span class='ocrx_word' id='word_1_345' title='bbox 2574 1631 2687 1690; x_wconf 92' lang='lat' dir='ltr'>quo</span> <span class='ocrx_word' id='word_1_346' title='bbox 2714 1630 2853 1670; x_wconf 90' lang='lat' dir='ltr'>con-</span> 
     </span>
    </p>
   </div>
   <div class='ocr_carea' id='block_1_11' title="bbox 1757 1692 2855 2261">
    <p class='ocr_par' dir='ltr' id='par_1_13' title="bbox 1758 1692 2846 1853">
     <span class='ocr_line' id='line_1_75' title="bbox 1839 1692 2846 1770; baseline -0.001 -18"><span class='ocrx_word' id='word_1_347' title='bbox 1839 1692 2003 1752; x_wconf 87' lang='lat' dir='ltr'>sistat</span> <span class='ocrx_word' id='word_1_348' title='bbox 2548 1694 2598 1752; x_wconf 82' lang='lat' dir='ltr'>F</span> <span class='ocrx_word' id='word_1_349' title='bbox 2600 1692 2670 1751; x_wconf 91' lang='lat' dir='ltr'>ic.</span> <span class='ocrx_word' id='word_1_350' title='bbox 2699 1713 2757 1770; x_wconf 87' lang='lat' dir='ltr'>p.</span> <span class='ocrx_word' id='word_1_351' title='bbox 2776 1707 2808 1769; x_wconf 83' lang='lat'><em>5</em></span> <span class='ocrx_word' id='word_1_352' title='bbox 2824 1712 2846 1751; x_wconf 93' lang='lat'>1</span> 
     </span>
     <span class='ocr_line' id='line_1_76' title="bbox 1758 1773 2804 1853; baseline -0.001 -20"><span class='ocrx_word' id='word_1_353' title='bbox 1758 1773 1894 1833; x_wconf 92' lang='lat' dir='ltr'>boni</span> <span class='ocrx_word' id='word_1_354' title='bbox 1921 1786 2120 1833; x_wconf 87' lang='lat' dir='ltr'>natura</span> <span class='ocrx_word' id='word_1_355' title='bbox 2144 1774 2432 1852; x_wconf 91' lang='lat' dir='ltr'>quomodo</span> <span class='ocrx_word' id='word_1_356' title='bbox 2457 1773 2804 1853; x_wconf 85' lang='lat' dir='ltr'>intelligatur</span> 
     </span>
    </p>

    <p class='ocr_par' dir='ltr' id='par_1_14' title="bbox 2505 1854 2853 1914">
     <span class='ocr_line' id='line_1_77' title="bbox 2505 1854 2853 1914; baseline 0 0"><span class='ocrx_word' id='word_1_357' title='bbox 2505 1854 2625 1914; x_wconf 87' lang='lat' dir='ltr'>Fic.</span> <span class='ocrx_word' id='word_1_358' title='bbox 2696 1898 2711 1913; x_wconf 94' lang='lat'>.</span> <span class='ocrx_word' id='word_1_359' title='bbox 2742 1875 2764 1913; x_wconf 91' lang='lat'>1</span> <span class='ocrx_word' id='word_1_360' title='bbox 2784 1856 2853 1914; x_wconf 88' lang='lat'>16</span> 
     </span>
    </p>

    <p class='ocr_par' dir='ltr' id='par_1_15' title="bbox 1757 1875 2846 2015">
     <span class='ocr_line' id='line_1_78' title="bbox 1757 1875 2846 2015; baseline -0.001 -20"><span class='ocrx_word' id='word_1_361' title='bbox 1757 1936 1897 1996; x_wconf 93' lang='lat' dir='ltr'>boni</span> <span class='ocrx_word' id='word_1_362' title='bbox 1922 1934 2127 1995; x_wconf 87' lang='lat' dir='ltr'>summi</span> <span class='ocrx_word' id='word_1_363' title='bbox 2156 1934 2378 1995; x_wconf 85' lang='lat' dir='ltr'>diffusio</span> <span class='ocrx_word' id='word_1_364' title='bbox 2509 1936 2630 1996; x_wconf 87' lang='lat' dir='ltr'>Fic.</span> <span class='ocrx_word' id='word_1_365' title='bbox 2655 1875 2715 2015; x_wconf 57' lang='lat' dir='ltr'>i}-</span> <span class='ocrx_word' id='word_1_366' title='bbox 2743 1955 2846 2013; x_wconf 88' lang='grc'>131</span> 
     </span>
    </p>

    <p class='ocr_par' dir='ltr' id='par_1_16' title="bbox 1759 2016 2855 2078">
     <span class='ocr_line' id='line_1_79' title="bbox 1759 2016 2855 2078; baseline -0.002 0"><span class='ocrx_word' id='word_1_367' title='bbox 1759 2019 1895 2078; x_wconf 90' lang='lat' dir='ltr'>boni</span> <span class='ocrx_word' id='word_1_368' title='bbox 1941 2016 2216 2077; x_wconf 86' lang='lat' dir='ltr'>malorum</span> <span class='ocrx_word' id='word_1_369' title='bbox 2258 2036 2448 2077; x_wconf 89' lang='lat' dir='ltr'>curam</span> <span class='ocrx_word' id='word_1_370' title='bbox 2490 2018 2697 2077; x_wconf 87' lang='lat' dir='ltr'>habere</span> <span class='ocrx_word' id='word_1_371' title='bbox 2737 2037 2855 2077; x_wconf 90' lang='lat' dir='ltr'>non</span> 
     </span>
    </p>

    <p class='ocr_par' dir='ltr' id='par_1_17' title="bbox 1761 2099 2853 2261">
     <span class='ocr_line' id='line_1_80' title="bbox 1839 2099 2853 2158; baseline 0 -1"><span class='ocrx_word' id='word_1_372' title='bbox 1839 2099 2051 2158; x_wconf 86' lang='lat' dir='ltr'>debent</span> <span class='ocrx_word' id='word_1_373' title='bbox 2741 2099 2853 2157; x_wconf 88' lang='grc'>262</span> 
     </span>
     <span class='ocr_line' id='line_1_81' title="bbox 1761 2178 2783 2261; baseline -0.001 -22"><span class='ocrx_word' id='word_1_374' title='bbox 1761 2179 1894 2239; x_wconf 87' lang='lat' dir='ltr'>boni</span> <span class='ocrx_word' id='word_1_375' title='bbox 1922 2178 2223 2261; x_wconf 88' lang='lat' dir='ltr'>appellatio</span> <span class='ocrx_word' id='word_1_376' title='bbox 2250 2199 2419 2258; x_wconf 89' lang='lat' dir='ltr'>quam</span> <span class='ocrx_word' id='word_1_377' title='bbox 2448 2179 2563 2240; x_wconf 90' lang='lat' dir='ltr'>late</span> <span class='ocrx_word' id='word_1_378' title='bbox 2589 2190 2783 2258; x_wconf 83' lang='lat' dir='ltr'>pateat</span> 
     </span>
    </p>
   </div>
   <div class='ocr_carea' id='block_1_12' title="bbox 1763 2262 2858 2423">
    <p class='ocr_par' dir='ltr' id='par_1_18' title="bbox 1763 2262 2858 2423">
     <span class='ocr_line' id='line_1_82' title="bbox 2030 2262 2858 2354; baseline -0.004 -33"><span class='ocrx_word' id='word_1_379' title='bbox 2030 2341 2043 2354; x_wconf 47' lang='lat'><strong>·</strong></span> <span class='ocrx_word' id='word_1_380' title='bbox 2077 2341 2090 2354; x_wconf 38' lang='grc' dir='ltr'><strong><em>ο</em></strong></span> <span class='ocrx_word' id='word_1_381' title='bbox 2507 2262 2628 2321; x_wconf 91' lang='lat' dir='ltr'>Fic.</span> <span class='ocrx_word' id='word_1_382' title='bbox 2659 2281 2714 2339; x_wconf 93' lang='lat' dir='ltr'>p.</span> <span class='ocrx_word' id='word_1_383' title='bbox 2735 2279 2858 2336; x_wconf 84' lang='grc'>434</span> 
     </span>
     <span class='ocr_line' id='line_1_83' title="bbox 1763 2341 2855 2423; baseline -0.001 -23"><span class='ocrx_word' id='word_1_384' title='bbox 1763 2342 1896 2400; x_wconf 90' lang='lat' dir='ltr'>boni</span> <span class='ocrx_word' id='word_1_385' title='bbox 1939 2341 2132 2401; x_wconf 88' lang='lat' dir='ltr'>fruitio</span> <span class='ocrx_word' id='word_1_386' title='bbox 2171 2343 2457 2421; x_wconf 89' lang='lat' dir='ltr'>quomodo</span> <span class='ocrx_word' id='word_1_387' title='bbox 2497 2342 2855 2423; x_wconf 89' lang='lat' dir='ltr'>appellanda,</span> 
     </span>
    </p>
   </div>
   <div class='ocr_carea' id='block_1_13' title="bbox 1762 2422 2858 2583">
    <p class='ocr_par' dir='ltr' id='par_1_19' title="bbox 1762 2422 2858 2583">
     <span class='ocr_line' id='line_1_84' title="bbox 1841 2422 2855 2502; baseline 0 -21"><span class='ocrx_word' id='word_1_388' title='bbox 1841 2422 2086 2502; x_wconf 90' lang='lat' dir='ltr'>quidque</span> <span class='ocrx_word' id='word_1_389' title='bbox 2111 2443 2179 2482; x_wconf 90' lang='lat' dir='ltr'>ea</span> <span class='ocrx_word' id='word_1_390' title='bbox 2205 2422 2280 2482; x_wconf 91' lang='lat' dir='ltr'>sit</span> <span class='ocrx_word' id='word_1_391' title='bbox 2740 2439 2855 2499; x_wconf 90' lang='grc'>727</span> 
     </span>
     <span class='ocr_line' id='line_1_85' title="bbox 1762 2503 2858 2583; baseline -0.001 -20"><span class='ocrx_word' id='word_1_392' title='bbox 1762 2503 1895 2563; x_wconf 91' lang='lat' dir='ltr'>boni</span> <span class='ocrx_word' id='word_1_393' title='bbox 1923 2503 1980 2563; x_wconf 91' lang='lat' dir='ltr'>in</span> <span class='ocrx_word' id='word_1_394' title='bbox 2008 2506 2196 2583; x_wconf 90' lang='lat' dir='ltr'>ipsum</span> <span class='ocrx_word' id='word_1_395' title='bbox 2224 2503 2476 2564; x_wconf 90' lang='lat' dir='ltr'>animum</span> <span class='ocrx_word' id='word_1_396' title='bbox 2502 2503 2645 2564; x_wconf 85' lang='lat' dir='ltr'>vires</span> <span class='ocrx_word' id='word_1_397' title='bbox 2683 2523 2858 2583; x_wconf 86' lang='lat' dir='ltr'>agen·</span> 
     </span>
    </p>
   </div>
   <div class='ocr_carea' id='block_1_14' title="bbox 1761 2597 2858 2905">
    <p class='ocr_par' dir='ltr' id='par_1_20' title="bbox 1761 2597 2858 2905">
     <span class='ocr_line' id='line_1_86' title="bbox 1762 2597 2858 2746; baseline 0.001 -22"><span class='ocrx_word' id='word_1_398' title='bbox 1762 2597 1927 2725; x_wconf 60' lang='lat' dir='ltr'>boiiis</span> <span class='ocrx_word' id='word_1_399' title='bbox 1939 2665 2133 2725; x_wconf 85' lang='lat' dir='ltr'>fruitio</span> <span class='ocrx_word' id='word_1_400' title='bbox 2171 2685 2278 2725; x_wconf 90' lang='lat' dir='ltr'>nec</span> <span class='ocrx_word' id='word_1_401' title='bbox 2316 2665 2708 2746; x_wconf 81' lang='lat' dir='ltr'>intelligentia,</span> <span class='ocrx_word' id='word_1_402' title='bbox 2741 2601 2858 2725; x_wconf 46' lang='lat'>3123:</span> 
     </span>
     <span class='ocr_line' id='line_1_87' title="bbox 1841 2745 2855 2826; baseline -0.002 -21"><span class='ocrx_word' id='word_1_403' title='bbox 1841 2745 2090 2826; x_wconf 87' lang='lat' dir='ltr'>cognitio</span> <span class='ocrx_word' id='word_1_404' title='bbox 2118 2747 2462 2806; x_wconf 86' lang='lat' dir='ltr'>nominanda</span> <span class='ocrx_word' id='word_1_405' title='bbox 2742 2763 2855 2824; x_wconf 92' lang='lat'>727</span> 
     </span>
     <span class='ocr_line' id='line_1_88' title="bbox 1761 2827 2857 2905; baseline -0.001 -18"><span class='ocrx_word' id='word_1_406' title='bbox 1761 2829 1897 2887; x_wconf 89' lang='lat' dir='ltr'>boni</span> <span class='ocrx_word' id='word_1_407' title='bbox 1925 2840 1983 2887; x_wconf 90' lang='lat' dir='ltr'>et</span> <span class='ocrx_word' id='word_1_408' title='bbox 2009 2827 2144 2887; x_wconf 89' lang='lat' dir='ltr'>mali</span> <span class='ocrx_word' id='word_1_409' title='bbox 2172 2828 2597 2888; x_wconf 84' lang='lat' dir='ltr'>contrarietates</span> <span class='ocrx_word' id='word_1_410' title='bbox 2742 2844 2773 2905; x_wconf 93' lang='lat'><em>7</em></span> <span class='ocrx_word' id='word_1_411' title='bbox 2788 2848 2857 2904; x_wconf 89' lang='lat'>19</span> 
     </span>
    </p>
   </div>
   <div class='ocr_carea' id='block_1_15' title="bbox 1761 2908 2867 4854">
    <p class='ocr_par' dir='ltr' id='par_1_21' title="bbox 1763 2908 2855 3004">
     <span class='ocr_line' id='line_1_89' title="bbox 1763 2908 2855 3004; baseline -0.002 -36"><span class='ocrx_word' id='word_1_412' title='bbox 1763 2911 1898 2968; x_wconf 93' lang='lat' dir='ltr'>boni</span> <span class='ocrx_word' id='word_1_413' title='bbox 1922 2909 2215 3004; x_wconf 73' lang='lat' dir='ltr'>disciplina</span> <span class='ocrx_word' id='word_1_414' title='bbox 2232 2908 2393 2985; x_wconf 86' lang='lat' dir='ltr'>juxta</span> <span class='ocrx_word' id='word_1_415' title='bbox 2414 2910 2709 2968; x_wconf 88' lang='lat' dir='ltr'>Platonem</span> <span class='ocrx_word' id='word_1_416' title='bbox 2741 2925 2855 2986; x_wconf 88' lang='lat'>727</span> 
     </span>
    </p>

    <p class='ocr_par' dir='ltr' id='par_1_22' title="bbox 1761 2989 2787 3072">
     <span class='ocr_line' id='line_1_90' title="bbox 1761 2989 2787 3072; baseline -0.001 -22"><span class='ocrx_word' id='word_1_417' title='bbox 1761 2989 1898 3050; x_wconf 90' lang='lat' dir='ltr'>boni</span> <span class='ocrx_word' id='word_1_418' title='bbox 1924 2990 2114 3051; x_wconf 78' lang='lat' dir='ltr'>fruitio</span> <span class='ocrx_word' id='word_1_419' title='bbox 2140 2989 2439 3072; x_wconf 89' lang='lat' dir='ltr'>optabilior</span> <span class='ocrx_word' id='word_1_420' title='bbox 2463 2990 2787 3069; x_wconf 79' lang='lat' dir='ltr'>cognitione</span> 
     </span>
    </p>

    <p class='ocr_par' dir='ltr' id='par_1_23' title="bbox 2784 3089 2814 3129">
     <span class='ocr_line' id='line_1_91' title="bbox 2784 3089 2814 3129; baseline 0 0"><span class='ocrx_word' id='word_1_421' title='bbox 2784 3089 2814 3129; x_wconf 96' lang='grc'>2</span> 
     </span>
    </p>

    <p class='ocr_par' dir='ltr' id='par_1_24' title="bbox 1764 3086 2867 4609">
     <span class='ocr_line' id='line_1_92' title="bbox 1764 3086 2855 3234; baseline -0.003 -20"><span class='ocrx_word' id='word_1_422' title='bbox 1764 3156 1899 3214; x_wconf 89' lang='lat' dir='ltr'>boni</span> <span class='ocrx_word' id='word_1_423' title='bbox 1927 3166 1988 3214; x_wconf 92' lang='lat' dir='ltr'>et</span> <span class='ocrx_word' id='word_1_424' title='bbox 2013 3152 2398 3234; x_wconf 67' lang='lat' dir='ltr'>intelligentiae</span> <span class='ocrx_word' id='word_1_425' title='bbox 2427 3152 2569 3212; x_wconf 92' lang='lat' dir='ltr'>ratio</span> <span class='ocrx_word' id='word_1_426' title='bbox 2598 3086 2855 3211; x_wconf 72' lang='lat' dir='ltr'>diirei·7sa7</span> 
     </span>
     <span class='ocr_line' id='line_1_93' title="bbox 2743 3249 2859 3312; baseline 0 -21"><span class='ocrx_word' id='word_1_427' title='bbox 2743 3249 2775 3312; x_wconf 84' lang='lat'><em>5</em></span> <span class='ocrx_word' id='word_1_428' title='bbox 2791 3252 2859 3291; x_wconf 86' lang='lat'>10</span> 
     </span>
     <span class='ocr_line' id='line_1_94' title="bbox 1764 3315 2864 3392; baseline -0.002 -16"><span class='ocrx_word' id='word_1_429' title='bbox 1764 3315 1901 3376; x_wconf 87' lang='lat' dir='ltr'>boui</span> <span class='ocrx_word' id='word_1_430' title='bbox 1927 3316 2039 3376; x_wconf 90' lang='lat' dir='ltr'>veri</span> <span class='ocrx_word' id='word_1_431' title='bbox 2069 3315 2348 3392; x_wconf 87' lang='lat' dir='ltr'>judicium</span> <span class='ocrx_word' id='word_1_432' title='bbox 2387 3329 2448 3376; x_wconf 93' lang='lat' dir='ltr'>et</span> <span class='ocrx_word' id='word_1_433' title='bbox 2487 3316 2660 3384; x_wconf 88' lang='lat' dir='ltr'>unde,</span> <span class='ocrx_word' id='word_1_434' title='bbox 2687 3328 2864 3375; x_wconf 87' lang='lat' dir='ltr'>restat</span> 
     </span>
     <span class='ocr_line' id='line_1_95' title="bbox 1844 3397 2858 3479; baseline -0.004 -21"><span class='ocrx_word' id='word_1_435' title='bbox 1844 3397 2171 3479; x_wconf 84' lang='lat' dir='ltr'>ambiguum</span> <span class='ocrx_word' id='word_1_436' title='bbox 2744 3415 2776 3473; x_wconf 92' lang='lat'><em>7</em></span> <span class='ocrx_word' id='word_1_437' title='bbox 2790 3416 2811 3455; x_wconf 87' lang='lat' dir='ltr'>i</span> <span class='ocrx_word' id='word_1_438' title='bbox 2827 3416 2858 3454; x_wconf 89' lang='lat'><em>2</em></span> 
     </span>
     <span class='ocr_line' id='line_1_96' title="bbox 1765 3477 2857 3559; baseline -0.003 -21"><span class='ocrx_word' id='word_1_439' title='bbox 1765 3480 1918 3539; x_wconf 90' lang='lat' dir='ltr'>bono</span> <span class='ocrx_word' id='word_1_440' title='bbox 1944 3499 2085 3559; x_wconf 89' lang='lat' dir='ltr'>opus</span> <span class='ocrx_word' id='word_1_441' title='bbox 2115 3499 2229 3537; x_wconf 89' lang='lat' dir='ltr'>non</span> <span class='ocrx_word' id='word_1_442' title='bbox 2258 3490 2347 3537; x_wconf 89' lang='lat' dir='ltr'>est</span> <span class='ocrx_word' id='word_1_443' title='bbox 2372 3477 2695 3537; x_wconf 87' lang='lat' dir='ltr'>intellectus</span> <span class='ocrx_word' id='word_1_444' title='bbox 2745 3495 2857 3553; x_wconf 89' lang='grc'>732</span> 
     </span>
     <span class='ocr_line' id='line_1_97' title="bbox 1764 3558 2862 3639; baseline -0.003 -20"><span class='ocrx_word' id='word_1_445' title='bbox 1764 3562 1919 3619; x_wconf 89' lang='lat' dir='ltr'>bono</span> <span class='ocrx_word' id='word_1_446' title='bbox 1933 3560 2040 3639; x_wconf 90' lang='lat' dir='ltr'>ipsi</span> <span class='ocrx_word' id='word_1_447' title='bbox 2058 3558 2425 3639; x_wconf 83' lang='lat' dir='ltr'>intelligentia</span> <span class='ocrx_word' id='word_1_448' title='bbox 2443 3578 2555 3617; x_wconf 91' lang='lat' dir='ltr'>non</span> <span class='ocrx_word' id='word_1_449' title='bbox 2574 3561 2723 3617; x_wconf 89' lang='lat' dir='ltr'>inest</span> <span class='ocrx_word' id='word_1_450' title='bbox 2743 3575 2775 3634; x_wconf 83' lang='lat'><em>5</em></span> <span class='ocrx_word' id='word_1_451' title='bbox 2784 3558 2862 3633; x_wconf 90' lang='lat'>36</span> 
     </span>
     <span class='ocr_line' id='line_1_98' title="bbox 1764 3640 2861 3718; baseline -0.002 -19"><span class='ocrx_word' id='word_1_452' title='bbox 1764 3643 1825 3699; x_wconf 93' lang='lat' dir='ltr'>in</span> <span class='ocrx_word' id='word_1_453' title='bbox 1854 3643 2023 3699; x_wconf 92' lang='lat' dir='ltr'>Bono</span> <span class='ocrx_word' id='word_1_454' title='bbox 2063 3661 2325 3700; x_wconf 89' lang='lat' dir='ltr'>ascensus</span> <span class='ocrx_word' id='word_1_455' title='bbox 2361 3652 2419 3699; x_wconf 90' lang='lat' dir='ltr'>et</span> <span class='ocrx_word' id='word_1_456' title='bbox 2446 3640 2722 3718; x_wconf 85' lang='lat' dir='ltr'>appetitio</span> <span class='ocrx_word' id='word_1_457' title='bbox 2763 3658 2861 3698; x_wconf 87' lang='lat' dir='ltr'>cu·</span> 
     </span>
     <span class='ocr_line' id='line_1_99' title="bbox 1839 3721 2862 3801; baseline -0.004 -20"><span class='ocrx_word' id='word_1_458' title='bbox 1839 3727 2066 3801; x_wconf 76' lang='lat' dir='ltr'>justiam</span> <span class='ocrx_word' id='word_1_459' title='bbox 2097 3721 2343 3781; x_wconf 88' lang='lat' dir='ltr'>muneris</span> <span class='ocrx_word' id='word_1_460' title='bbox 2369 3721 2483 3779; x_wconf 88' lang='lat' dir='ltr'>sint</span> <span class='ocrx_word' id='word_1_461' title='bbox 2746 3735 2862 3796; x_wconf 91' lang='lat'>719</span> 
     </span>
     <span class='ocr_line' id='line_1_100' title="bbox 1768 3801 2863 3882; baseline -0.001 -21"><span class='ocrx_word' id='word_1_462' title='bbox 1768 3804 1921 3862; x_wconf 92' lang='lat' dir='ltr'>bono</span> <span class='ocrx_word' id='word_1_463' title='bbox 1939 3802 2045 3882; x_wconf 90' lang='lat' dir='ltr'>ipsi</span> <span class='ocrx_word' id='word_1_464' title='bbox 2064 3803 2203 3861; x_wconf 90' lang='lat' dir='ltr'>nihil</span> <span class='ocrx_word' id='word_1_465' title='bbox 2220 3802 2563 3862; x_wconf 84' lang='lat' dir='ltr'>contrarium</span> <span class='ocrx_word' id='word_1_466' title='bbox 2592 3801 2655 3860; x_wconf 88' lang='lat' dir='ltr'>F.</span> <span class='ocrx_word' id='word_1_467' title='bbox 2675 3821 2728 3880; x_wconf 94' lang='lat' dir='ltr'>p.</span> <span class='ocrx_word' id='word_1_468' title='bbox 2752 3819 2863 3876; x_wconf 82' lang='lat'>130</span> 
     </span>
     <span class='ocr_line' id='line_1_101' title="bbox 1768 3881 2866 3951; baseline -0.003 -8"><span class='ocrx_word' id='word_1_469' title='bbox 1768 3885 1922 3943; x_wconf 92' lang='lat' dir='ltr'>bono</span> <span class='ocrx_word' id='word_1_470' title='bbox 1972 3904 2074 3944; x_wconf 84' lang='lat' dir='ltr'>cur</span> <span class='ocrx_word' id='word_1_471' title='bbox 2119 3884 2283 3951; x_wconf 89' lang='lat' dir='ltr'>mala,</span> <span class='ocrx_word' id='word_1_472' title='bbox 2327 3896 2387 3942; x_wconf 91' lang='lat' dir='ltr'>et</span> <span class='ocrx_word' id='word_1_473' title='bbox 2423 3881 2669 3942; x_wconf 78' lang='lat' dir='ltr'>vicissim</span> <span class='ocrx_word' id='word_1_474' title='bbox 2717 3882 2866 3940; x_wconf 89' lang='lat' dir='ltr'>mala</span> 
     </span>
     <span class='ocr_line' id='line_1_102' title="bbox 1848 3963 2865 4039; baseline -0.003 -15"><span class='ocrx_word' id='word_1_475' title='bbox 1848 3986 1948 4025; x_wconf 90' lang='lat' dir='ltr'>cur</span> <span class='ocrx_word' id='word_1_476' title='bbox 1974 3966 2126 4024; x_wconf 90' lang='lat' dir='ltr'>bono</span> <span class='ocrx_word' id='word_1_477' title='bbox 2154 3963 2415 4024; x_wconf 86' lang='lat' dir='ltr'>accidant</span> <span class='ocrx_word' id='word_1_478' title='bbox 2749 3978 2865 4039; x_wconf 84' lang='lat'>259</span> 
     </span>
     <span class='ocr_line' id='line_1_103' title="bbox 1770 4045 2857 4124; baseline -0.004 -18"><span class='ocrx_word' id='word_1_479' title='bbox 1770 4048 1925 4106; x_wconf 91' lang='lat' dir='ltr'>bono</span> <span class='ocrx_word' id='word_1_480' title='bbox 1953 4046 2091 4104; x_wconf 90' lang='lat' dir='ltr'>nihil</span> <span class='ocrx_word' id='word_1_481' title='bbox 2118 4045 2439 4104; x_wconf 90' lang='lat' dir='ltr'>addendum</span> <span class='ocrx_word' id='word_1_482' title='bbox 2520 4045 2638 4105; x_wconf 85' lang='lat' dir='ltr'>Fic.</span> <span class='ocrx_word' id='word_1_483' title='bbox 2668 4065 2725 4124; x_wconf 90' lang='lat' dir='ltr'>p.</span> <span class='ocrx_word' id='word_1_484' title='bbox 2744 4045 2857 4121; x_wconf 85' lang='lat'>651</span> 
     </span>
     <span class='ocr_line' id='line_1_104' title="bbox 1770 4125 2862 4200; baseline -0.003 -14"><span class='ocrx_word' id='word_1_485' title='bbox 1770 4128 1924 4186; x_wconf 91' lang='lat' dir='ltr'>bono</span> <span class='ocrx_word' id='word_1_486' title='bbox 1951 4147 2064 4186; x_wconf 91' lang='lat' dir='ltr'>una</span> <span class='ocrx_word' id='word_1_487' title='bbox 2087 4138 2294 4185; x_wconf 88' lang='lat' dir='ltr'>cuncta</span> <span class='ocrx_word' id='word_1_488' title='bbox 2320 4125 2464 4185; x_wconf 86' lang='lat' dir='ltr'>vesci</span> <span class='ocrx_word' id='word_1_489' title='bbox 2746 4125 2862 4200; x_wconf 93' lang='lat'>667</span> 
     </span>
     <span class='ocr_line' id='line_1_105' title="bbox 1770 4207 2867 4268; baseline -0.003 0"><span class='ocrx_word' id='word_1_490' title='bbox 1770 4210 1923 4268; x_wconf 90' lang='lat' dir='ltr'>bono</span> <span class='ocrx_word' id='word_1_491' title='bbox 1964 4209 2237 4267; x_wconf 80' lang='lat' dir='ltr'>existente</span> <span class='ocrx_word' id='word_1_492' title='bbox 2277 4208 2489 4267; x_wconf 88' lang='lat' dir='ltr'>malum</span> <span class='ocrx_word' id='word_1_493' title='bbox 2531 4207 2607 4264; x_wconf 87' lang='lat' dir='ltr'>sit</span> <span class='ocrx_word' id='word_1_494' title='bbox 2641 4225 2867 4265; x_wconf 87' lang='lat' dir='ltr'>necesse</span> 
     </span>
     <span class='ocr_line' id='line_1_106' title="bbox 1852 4287 2865 4366; baseline -0.004 -18"><span class='ocrx_word' id='word_1_495' title='bbox 1852 4304 1940 4348; x_wconf 88' lang='lat' dir='ltr'>est</span> <span class='ocrx_word' id='word_1_496' title='bbox 2525 4287 2647 4346; x_wconf 89' lang='lat' dir='ltr'>Fic.</span> <span class='ocrx_word' id='word_1_497' title='bbox 2672 4307 2725 4366; x_wconf 94' lang='lat' dir='ltr'>p.</span> <span class='ocrx_word' id='word_1_498' title='bbox 2753 4305 2865 4362; x_wconf 88' lang='grc'>130</span> 
     </span>
     <span class='ocr_line' id='line_1_107' title="bbox 1769 4368 2867 4449; baseline -0.004 -19"><span class='ocrx_word' id='word_1_499' title='bbox 1769 4372 1924 4430; x_wconf 92' lang='lat' dir='ltr'>bono</span> <span class='ocrx_word' id='word_1_500' title='bbox 1951 4369 2074 4449; x_wconf 89' lang='lat' dir='ltr'>ipso</span> <span class='ocrx_word' id='word_1_501' title='bbox 2103 4368 2243 4428; x_wconf 90' lang='lat' dir='ltr'>nihil</span> <span class='ocrx_word' id='word_1_502' title='bbox 2270 4368 2523 4447; x_wconf 87' lang='lat' dir='ltr'>superius</span> <span class='ocrx_word' id='word_1_503' title='bbox 2755 4387 2867 4447; x_wconf 91' lang='lat'>199</span> 
     </span>
     <span class='ocr_line' id='line_1_108' title="bbox 1772 4449 2849 4527; baseline -0.003 -16"><span class='ocrx_word' id='word_1_504' title='bbox 1772 4452 1944 4523; x_wconf 87' lang='lat' dir='ltr'>bono,</span> <span class='ocrx_word' id='word_1_505' title='bbox 1975 4450 2150 4511; x_wconf 88' lang='lat' dir='ltr'>menti</span> <span class='ocrx_word' id='word_1_506' title='bbox 2178 4464 2239 4510; x_wconf 92' lang='lat' dir='ltr'>et</span> <span class='ocrx_word' id='word_1_507' title='bbox 2263 4451 2467 4509; x_wconf 68' lang='lat' dir='ltr'>animae</span> <span class='ocrx_word' id='word_1_508' title='bbox 2495 4469 2621 4527; x_wconf 82' lang='lat' dir='ltr'>quae</span> <span class='ocrx_word' id='word_1_509' title='bbox 2646 4449 2849 4509; x_wconf 89' lang='lat' dir='ltr'>similia</span> 
     </span>
     <span class='ocr_line' id='line_1_109' title="bbox 2524 4530 2866 4609; baseline -0.003 -19"><span class='ocrx_word' id='word_1_510' title='bbox 2524 4530 2643 4590; x_wconf 87' lang='lat' dir='ltr'>Fic.</span> <span class='ocrx_word' id='word_1_511' title='bbox 2671 4552 2729 4609; x_wconf 92' lang='lat' dir='ltr'>p.</span> <span class='ocrx_word' id='word_1_512' title='bbox 2746 4532 2866 4607; x_wconf 83' lang='lat'>348</span> 
     </span>
    </p>

    <p class='ocr_par' dir='ltr' id='par_1_25' title="bbox 1771 4611 2865 4854">
     <span class='ocr_line' id='line_1_110' title="bbox 1772 4611 2778 4693; baseline -0.004 -18"><span class='ocrx_word' id='word_1_513' title='bbox 1772 4616 1926 4675; x_wconf 90' lang='lat' dir='ltr'>bono</span> <span class='ocrx_word' id='word_1_514' title='bbox 1953 4613 2079 4693; x_wconf 85' lang='lat' dir='ltr'>ipso</span> <span class='ocrx_word' id='word_1_515' title='bbox 2102 4612 2184 4672; x_wconf 91' lang='lat' dir='ltr'>nil</span> <span class='ocrx_word' id='word_1_516' title='bbox 2211 4611 2365 4692; x_wconf 90' lang='lat' dir='ltr'>prius</span> <span class='ocrx_word' id='word_1_517' title='bbox 2395 4632 2498 4672; x_wconf 89' lang='lat' dir='ltr'>nec</span> <span class='ocrx_word' id='word_1_518' title='bbox 2525 4611 2778 4689; x_wconf 85' lang='lat' dir='ltr'>superius</span> 
     </span>
     <span class='ocr_line' id='line_1_111' title="bbox 2347 4692 2863 4786; baseline -0.002 -35"><span class='ocrx_word' id='word_1_519' title='bbox 2347 4772 2360 4786; x_wconf 36' lang='lat'><strong>⁹</strong></span> <span class='ocrx_word' id='word_1_520' title='bbox 2520 4692 2638 4752; x_wconf 85' lang='lat' dir='ltr'>Fic.</span> <span class='ocrx_word' id='word_1_521' title='bbox 2669 4712 2725 4770; x_wconf 89' lang='lat' dir='ltr'>p.</span> <span class='ocrx_word' id='word_1_522' title='bbox 2748 4710 2863 4769; x_wconf 84' lang='grc'>347</span> 
     </span>
     <span class='ocr_line' id='line_1_112' title="bbox 1771 4773 2865 4854; baseline -0.004 -18"><span class='ocrx_word' id='word_1_523' title='bbox 1771 4778 1924 4836; x_wconf 92' lang='lat' dir='ltr'>bono</span> <span class='ocrx_word' id='word_1_524' title='bbox 1951 4796 2065 4854; x_wconf 93' lang='lat' dir='ltr'>quo</span> <span class='ocrx_word' id='word_1_525' title='bbox 2093 4775 2262 4833; x_wconf 90' lang='lat' dir='ltr'>modo</span> <span class='ocrx_word' id='word_1_526' title='bbox 2289 4773 2497 4852; x_wconf 86' lang='lat' dir='ltr'>ahquid</span> <span class='ocrx_word' id='word_1_527' title='bbox 2524 4773 2865 4833; x_wconf 82' lang='lat' dir='ltr'>contrarium</span> 
     </span>
    </p>
   </div>
   <div class='ocr_carea' id='block_1_16' title="bbox 1771 4855 2868 5096">
    <p class='ocr_par' dir='ltr' id='par_1_26' title="bbox 1771 4855 2868 5096">
     <span class='ocr_line' id='line_1_113' title="bbox 1771 4855 2868 5016; baseline -0.004 -19"><span class='ocrx_word' id='word_1_528' title='bbox 1771 4940 2052 4997; x_wconf 89' lang='lat' dir='ltr'>bonorum</span> <span class='ocrx_word' id='word_1_529' title='bbox 2079 4955 2285 5016; x_wconf 86' lang='lat' dir='ltr'>genera</span> <span class='ocrx_word' id='word_1_530' title='bbox 2312 4936 2418 4995; x_wconf 87' lang='lat' dir='ltr'>tria</span> <span class='ocrx_word' id='word_1_531' title='bbox 2791 4855 2868 5011; x_wconf 54' lang='grc' dir='ltr'>ἔξ</span> 
     </span>
     <span class='ocr_line' id='line_1_114' title="bbox 1772 5016 2859 5096; baseline -0.004 -18"><span class='ocrx_word' id='word_1_532' title='bbox 1772 5020 2051 5079; x_wconf 89' lang='lat' dir='ltr'>bonorum</span> <span class='ocrx_word' id='word_1_533' title='bbox 2079 5016 2274 5077; x_wconf 80' lang='lat' dir='ltr'>divisio</span> <span class='ocrx_word' id='word_1_534' title='bbox 2556 5016 2679 5076; x_wconf 87' lang='lat' dir='ltr'>Fic.</span> <span class='ocrx_word' id='word_1_535' title='bbox 2708 5037 2763 5096; x_wconf 91' lang='lat' dir='ltr'>p.</span> <span class='ocrx_word' id='word_1_536' title='bbox 2790 5036 2859 5094; x_wconf 82' lang='lat'>51</span> 
     </span>
    </p>
   </div>
   <div class='ocr_carea' id='block_1_17' title="bbox 1772 5097 2871 5584">
    <p class='ocr_par' dir='ltr' id='par_1_27' title="bbox 1772 5097 2871 5584">
     <span class='ocr_line' id='line_1_115' title="bbox 1775 5097 2869 5177; baseline -0.004 -17"><span class='ocrx_word' id='word_1_537' title='bbox 1775 5102 2052 5160; x_wconf 90' lang='lat' dir='ltr'>bonorum</span> <span class='ocrx_word' id='word_1_538' title='bbox 2079 5099 2217 5158; x_wconf 92' lang='lat' dir='ltr'>ordo</span> <span class='ocrx_word' id='word_1_539' title='bbox 2565 5097 2682 5158; x_wconf 88' lang='lat' dir='ltr'>Fic.</span> <span class='ocrx_word' id='word_1_540' title='bbox 2712 5118 2769 5177; x_wconf 92' lang='lat' dir='ltr'>p.</span> <span class='ocrx_word' id='word_1_541' title='bbox 2798 5116 2869 5174; x_wconf 91' lang='lat'>19</span> 
     </span>
     <span class='ocr_line' id='line_1_116' title="bbox 1772 5178 2868 5260; baseline -0.003 -18"><span class='ocrx_word' id='word_1_542' title='bbox 1772 5185 2051 5243; x_wconf 90' lang='lat' dir='ltr'>bonorum</span> <span class='ocrx_word' id='word_1_543' title='bbox 2085 5179 2248 5239; x_wconf 83' lang='lat' dir='ltr'>variis</span> <span class='ocrx_word' id='word_1_544' title='bbox 2286 5178 2582 5260; x_wconf 90' lang='lat' dir='ltr'>generibus</span> <span class='ocrx_word' id='word_1_545' title='bbox 2623 5199 2724 5239; x_wconf 90' lang='lat' dir='ltr'>cui·</span> <span class='ocrx_word' id='word_1_546' title='bbox 2762 5198 2868 5239; x_wconf 92' lang='lat' dir='ltr'>no-</span> 
     </span>
     <span class='ocr_line' id='line_1_117' title="bbox 1854 5259 2866 5340; baseline -0.004 -19"><span class='ocrx_word' id='word_1_547' title='bbox 1854 5281 1983 5322; x_wconf 89' lang='lat' dir='ltr'>men</span> <span class='ocrx_word' id='word_1_548' title='bbox 2012 5260 2161 5320; x_wconf 89' lang='lat' dir='ltr'>idem</span> <span class='ocrx_word' id='word_1_549' title='bbox 2182 5280 2484 5320; x_wconf 88' lang='lat' dir='ltr'>commune</span> <span class='ocrx_word' id='word_1_550' title='bbox 2528 5259 2644 5320; x_wconf 87' lang='lat' dir='ltr'>Fic.</span> <span class='ocrx_word' id='word_1_551' title='bbox 2673 5282 2731 5340; x_wconf 91' lang='lat' dir='ltr'>p.</span> <span class='ocrx_word' id='word_1_552' title='bbox 2760 5278 2866 5335; x_wconf 82' lang='lat'>132</span> 
     </span>
     <span class='ocr_line' id='line_1_118' title="bbox 1776 5341 2868 5436; baseline -0.002 -34"><span class='ocrx_word' id='word_1_553' title='bbox 1776 5345 2050 5403; x_wconf 87' lang='lat' dir='ltr'>bonorum</span> <span class='ocrx_word' id='word_1_554' title='bbox 2077 5343 2284 5422; x_wconf 87' lang='lat' dir='ltr'>gradus</span> <span class='ocrx_word' id='word_1_555' title='bbox 2522 5341 2641 5401; x_wconf 85' lang='lat' dir='ltr'>Fic.</span> <span class='ocrx_word' id='word_1_556' title='bbox 2669 5363 2727 5436; x_wconf 90' lang='lat' dir='ltr'>p.</span> <span class='ocrx_word' id='word_1_557' title='bbox 2758 5343 2868 5401; x_wconf 88' lang='lat'>128</span> 
     </span>
     <span class='ocr_line' id='line_1_119' title="bbox 1774 5422 2870 5492; baseline -0.003 -7"><span class='ocrx_word' id='word_1_558' title='bbox 1774 5423 1937 5485; x_wconf 90' lang='lat' dir='ltr'>bonis</span> <span class='ocrx_word' id='word_1_559' title='bbox 1975 5422 2167 5483; x_wconf 88' lang='lat' dir='ltr'>omnia</span> <span class='ocrx_word' id='word_1_560' title='bbox 2206 5425 2266 5481; x_wconf 90' lang='lat' dir='ltr'>in</span> <span class='ocrx_word' id='word_1_561' title='bbox 2293 5424 2526 5492; x_wconf 88' lang='lat' dir='ltr'>bonum,</span> <span class='ocrx_word' id='word_1_562' title='bbox 2552 5422 2715 5482; x_wconf 87' lang='lat' dir='ltr'>malis</span> <span class='ocrx_word' id='word_1_563' title='bbox 2741 5442 2870 5482; x_wconf 81' lang='lat' dir='ltr'>vero</span> 
     </span>
     <span class='ocr_line' id='line_1_120' title="bbox 1855 5502 2871 5584; baseline -0.002 -20"><span class='ocrx_word' id='word_1_564' title='bbox 1855 5505 1916 5564; x_wconf 93' lang='lat' dir='ltr'>in</span> <span class='ocrx_word' id='word_1_565' title='bbox 1945 5505 2155 5563; x_wconf 87' lang='lat' dir='ltr'>malum</span> <span class='ocrx_word' id='word_1_566' title='bbox 2183 5505 2393 5565; x_wconf 85' lang='lat' dir='ltr'>cedunt</span> <span class='ocrx_word' id='word_1_567' title='bbox 2525 5502 2647 5563; x_wconf 88' lang='lat' dir='ltr'>Fic.</span> <span class='ocrx_word' id='word_1_568' title='bbox 2674 5526 2730 5584; x_wconf 93' lang='lat' dir='ltr'>p.</span> <span class='ocrx_word' id='word_1_569' title='bbox 2749 5522 2871 5579; x_wconf 89' lang='grc'>434</span> 
     </span>
    </p>
   </div>
   <div class='ocr_carea' id='block_1_18' title="bbox 1775 5584 2874 5725">
    <p class='ocr_par' dir='ltr' id='par_1_28' title="bbox 1775 5584 2874 5725">
     <span class='ocr_line' id='line_1_121' title="bbox 1775 5584 2874 5725; baseline -0.004 -78"><span class='ocrx_word' id='word_1_570' title='bbox 1775 5588 1925 5647; x_wconf 88' lang='lat' dir='ltr'>bona</span> <span class='ocrx_word' id='word_1_571' title='bbox 1952 5585 2199 5646; x_wconf 87' lang='lat' dir='ltr'>secunda</span> <span class='ocrx_word' id='word_1_572' title='bbox 2223 5584 2434 5666; x_wconf 89' lang='lat' dir='ltr'>duplici</span> <span class='ocrx_word' id='word_1_573' title='bbox 2463 5584 2695 5645; x_wconf 90' lang='lat' dir='ltr'>nomine</span> <span class='ocrx_word' id='word_1_574' title='bbox 2722 5586 2874 5725; x_wconf 59' lang='lat' dir='ltr'>boga</span> 
     </span>
     <span class='ocr_line' id='line_1_122' title="bbox 2840 5684 2863 5723; baseline 0 0"><span class='ocrx_word' id='word_1_575' title='bbox 2840 5684 2863 5723; x_wconf 90' lang='lat'>1</span> 
     </span>
    </p>
   </div>
   <div class='ocr_carea' id='block_1_19' title="bbox 3904 564 4028 630">
    <p class='ocr_par' dir='ltr' id='par_1_29' title="bbox 3904 564 4028 630">
     <span class='ocr_line' id='line_1_123' title="bbox 3904 564 4028 630; baseline 0 -17"><span class='ocrx_word' id='word_1_576' title='bbox 3904 564 4028 630; x_wconf 87' lang='grc'>421</span> 
     </span>
    </p>
   </div>
   <div class='ocr_carea' id='block_1_20' title="bbox 2928 721 4028 882">
    <p class='ocr_par' dir='ltr' id='par_1_30' title="bbox 2928 721 4028 882">
     <span class='ocr_line' id='line_1_124' title="bbox 2928 721 4024 799; baseline 0 -19"><span class='ocrx_word' id='word_1_577' title='bbox 2928 722 3079 781; x_wconf 90' lang='lat' dir='ltr'>bona</span> <span class='ocrx_word' id='word_1_578' title='bbox 3102 721 3255 782; x_wconf 90' lang='lat' dir='ltr'>unde</span> <span class='ocrx_word' id='word_1_579' title='bbox 3281 721 3343 781; x_wconf 88' lang='lat' dir='ltr'>in</span> <span class='ocrx_word' id='word_1_580' title='bbox 3372 722 3648 782; x_wconf 89' lang='lat' dir='ltr'>mundum</span> <span class='ocrx_word' id='word_1_581' title='bbox 3670 721 3904 780; x_wconf 76' lang='lat' dir='ltr'>veniant</span> <span class='ocrx_word' id='word_1_582' title='bbox 3948 737 4024 799; x_wconf 93' lang='lat'>77</span> 
     </span>
     <span class='ocr_line' id='line_1_125' title="bbox 2929 802 4028 882; baseline 0 -21"><span class='ocrx_word' id='word_1_583' title='bbox 2929 804 3078 861; x_wconf 90' lang='lat' dir='ltr'>bona</span> <span class='ocrx_word' id='word_1_584' title='bbox 3130 804 3277 863; x_wconf 91' lang='lat' dir='ltr'>unde</span> <span class='ocrx_word' id='word_1_585' title='bbox 3329 802 3598 882; x_wconf 78' lang='lat' dir='ltr'>quaslibet</span> <span class='ocrx_word' id='word_1_586' title='bbox 3642 802 3921 872; x_wconf 89' lang='lat' dir='ltr'>dicantur,</span> <span class='ocrx_word' id='word_1_587' title='bbox 3967 815 4028 862; x_wconf 92' lang='lat' dir='ltr'>et</span> 
     </span>
    </p>
   </div>
   <div class='ocr_carea' id='block_1_21' title="bbox 2929 883 4027 1267">
    <p class='ocr_par' dir='ltr' id='par_1_31' title="bbox 2929 883 4027 1267">
     <span class='ocr_line' id='line_1_126' title="bbox 3010 883 4026 961; baseline 0 -19"><span class='ocrx_word' id='word_1_588' title='bbox 3010 903 3181 961; x_wconf 90' lang='lat' dir='ltr'>quare</span> <span class='ocrx_word' id='word_1_589' title='bbox 3905 883 4026 943; x_wconf 92' lang='lat'>608</span> 
     </span>
     <span class='ocr_line' id='line_1_127' title="bbox 2930 963 4027 1025; baseline 0.003 -4"><span class='ocrx_word' id='word_1_590' title='bbox 2930 963 3083 1023; x_wconf 86' lang='lat' dir='ltr'>bona</span> <span class='ocrx_word' id='word_1_591' title='bbox 3122 978 3181 1024; x_wconf 92' lang='lat' dir='ltr'>et</span> <span class='ocrx_word' id='word_1_592' title='bbox 3220 964 3366 1024; x_wconf 87' lang='lat' dir='ltr'>mala</span> <span class='ocrx_word' id='word_1_593' title='bbox 3405 964 3463 1024; x_wconf 91' lang='lat' dir='ltr'>in</span> <span class='ocrx_word' id='word_1_594' title='bbox 3491 966 3705 1025; x_wconf 90' lang='lat' dir='ltr'>mundo</span> <span class='ocrx_word' id='word_1_595' title='bbox 3738 966 3850 1024; x_wconf 87' lang='lat' dir='ltr'>hoc</span> <span class='ocrx_word' id='word_1_596' title='bbox 3873 965 4027 1024; x_wconf 92' lang='lat' dir='ltr'>unde</span> 
     </span>
     <span class='ocr_line' id='line_1_128' title="bbox 3012 1046 4024 1124; baseline 0.002 -21"><span class='ocrx_word' id='word_1_597' title='bbox 3012 1047 3347 1124; x_wconf 86' lang='lat' dir='ltr'>proveniant</span> <span class='ocrx_word' id='word_1_598' title='bbox 3914 1046 4024 1123; x_wconf 91' lang='lat'>167</span> 
     </span>
     <span class='ocr_line' id='line_1_129' title="bbox 2929 1125 4024 1206; baseline 0 -21"><span class='ocrx_word' id='word_1_599' title='bbox 2929 1125 3246 1186; x_wconf 89' lang='lat' dir='ltr'>boniforme</span> <span class='ocrx_word' id='word_1_600' title='bbox 3272 1126 3406 1206; x_wconf 89' lang='lat' dir='ltr'>quid</span> <span class='ocrx_word' id='word_1_601' title='bbox 3712 1127 3831 1188; x_wconf 85' lang='lat' dir='ltr'>Fic.</span> <span class='ocrx_word' id='word_1_602' title='bbox 3859 1146 3921 1206; x_wconf 89' lang='lat' dir='ltr'>p.</span> <span class='ocrx_word' id='word_1_603' title='bbox 3950 1145 4024 1204; x_wconf 92' lang='lat'>19</span> 
     </span>
     <span class='ocr_line' id='line_1_130' title="bbox 2931 1208 4026 1267; baseline 0 0"><span class='ocrx_word' id='word_1_604' title='bbox 2931 1209 3221 1267; x_wconf 90' lang='lat' dir='ltr'>brutorum</span> <span class='ocrx_word' id='word_1_605' title='bbox 3252 1208 3452 1267; x_wconf 80' lang='lat' dir='ltr'>animae</span> <span class='ocrx_word' id='word_1_606' title='bbox 3986 1209 4026 1267; x_wconf 92' lang='lat'>6</span> 
     </span>
    </p>
   </div>
   <div class='ocr_carea' id='block_1_22' title="bbox 2930 1286 4030 1611">
    <p class='ocr_par' dir='ltr' id='par_1_32' title="bbox 2930 1286 4030 1611">
     <span class='ocr_line' id='line_1_131' title="bbox 2932 1286 4022 1369; baseline 0.002 -23"><span class='ocrx_word' id='word_1_607' title='bbox 2932 1291 3096 1347; x_wconf 88' lang='lat' dir='ltr'>bruta</span> <span class='ocrx_word' id='word_1_608' title='bbox 3108 1289 3374 1350; x_wconf 83' lang='lat' dir='ltr'>animalia</span> <span class='ocrx_word' id='word_1_609' title='bbox 3389 1286 3696 1369; x_wconf 83' lang='lat' dir='ltr'>avituperio</span> <span class='ocrx_word' id='word_1_610' title='bbox 3706 1288 3887 1349; x_wconf 89' lang='lat' dir='ltr'>aliena</span> <span class='ocrx_word' id='word_1_611' title='bbox 3908 1290 4022 1348; x_wconf 83' lang='lat'>262</span> 
     </span>
     <span class='ocr_line' id='line_1_132' title="bbox 2932 1369 4024 1446; baseline 0 -17"><span class='ocrx_word' id='word_1_612' title='bbox 2932 1371 3097 1429; x_wconf 88' lang='lat' dir='ltr'>bruta</span> <span class='ocrx_word' id='word_1_613' title='bbox 3122 1389 3261 1429; x_wconf 91' lang='lat' dir='ltr'>num</span> <span class='ocrx_word' id='word_1_614' title='bbox 3287 1369 3474 1428; x_wconf 85' lang='lat' dir='ltr'>felicia</span> <span class='ocrx_word' id='word_1_615' title='bbox 3946 1389 4024 1446; x_wconf 91' lang='grc'>30</span> 
     </span>
     <span class='ocr_line' id='line_1_133' title="bbox 2930 1449 4022 1527; baseline -0.001 -16"><span class='ocrx_word' id='word_1_616' title='bbox 2930 1452 3223 1511; x_wconf 90' lang='lat' dir='ltr'>brutorum</span> <span class='ocrx_word' id='word_1_617' title='bbox 3250 1449 3578 1510; x_wconf 89' lang='lat' dir='ltr'>animalium</span> <span class='ocrx_word' id='word_1_618' title='bbox 3604 1449 3814 1510; x_wconf 89' lang='lat' dir='ltr'>utilitas</span> <span class='ocrx_word' id='word_1_619' title='bbox 3910 1452 4022 1527; x_wconf 84' lang='lat'>263</span> 
     </span>
     <span class='ocr_line' id='line_1_134' title="bbox 2931 1529 4030 1611; baseline 0 -19"><span class='ocrx_word' id='word_1_620' title='bbox 2931 1534 3223 1592; x_wconf 84' lang='lat' dir='ltr'>brutorum</span> <span class='ocrx_word' id='word_1_621' title='bbox 3265 1532 3467 1591; x_wconf 79' lang='lat' dir='ltr'>animae</span> <span class='ocrx_word' id='word_1_622' title='bbox 3505 1529 3923 1611; x_wconf 84' lang='lat' dir='ltr'>imaginationis</span> <span class='ocrx_word' id='word_1_623' title='bbox 3969 1544 4030 1592; x_wconf 90' lang='lat' dir='ltr'>et</span> 
     </span>
    </p>
   </div>
   <div class='ocr_carea' id='block_1_23' title="bbox 3010 1612 4026 1694">
    <p class='ocr_par' dir='ltr' id='par_1_33' title="bbox 3010 1612 4026 1694">
     <span class='ocr_line' id='line_1_135' title="bbox 3010 1612 4026 1694; baseline 0.001 -22"><span class='ocrx_word' id='word_1_624' title='bbox 3010 1612 3375 1694; x_wconf 79' lang='lat' dir='ltr'>vegetationis</span> <span class='ocrx_word' id='word_1_625' title='bbox 3391 1614 3688 1692; x_wconf 85' lang='lat' dir='ltr'>participes</span> <span class='ocrx_word' id='word_1_626' title='bbox 3709 1613 4026 1692; x_wconf 85' lang='lat' dir='ltr'><strong>Fic.p.448</strong></span> 
     </span>
    </p>
   </div>
   <div class='ocr_carea' id='block_1_24' title="bbox 2932 1854 4044 5741">
    <p class='ocr_par' dir='ltr' id='par_1_34' title="bbox 2932 1854 4044 5741">
     <span class='ocr_line' id='line_1_136' title="bbox 2934 1854 4025 1934; baseline -0.001 -19"><span class='ocrx_word' id='word_1_627' title='bbox 2934 1854 3231 1915; x_wconf 78' lang='lat' dir='ltr'>Cabalistae</span> <span class='ocrx_word' id='word_1_628' title='bbox 3262 1856 3633 1915; x_wconf 76' lang='lat' dir='ltr'>Hebraeorum</span> <span class='ocrx_word' id='word_1_629' title='bbox 3689 1854 3804 1914; x_wconf 88' lang='lat' dir='ltr'>Fic.</span> <span class='ocrx_word' id='word_1_630' title='bbox 3835 1876 3890 1934; x_wconf 93' lang='lat' dir='ltr'><strong>p.</strong></span> <span class='ocrx_word' id='word_1_631' title='bbox 3907 1873 4025 1932; x_wconf 89' lang='grc'>437</span> 
     </span>
     <span class='ocr_line' id='line_1_137' title="bbox 2932 1935 4029 1997; baseline -0.002 0"><span class='ocrx_word' id='word_1_632' title='bbox 2932 1936 3278 1997; x_wconf 87' lang='lat' dir='ltr'>calamitates</span> <span class='ocrx_word' id='word_1_633' title='bbox 3310 1950 3368 1996; x_wconf 91' lang='lat' dir='ltr'>et</span> <span class='ocrx_word' id='word_1_634' title='bbox 3395 1935 3632 1996; x_wconf 66' lang='lat' dir='ltr'>miserim</span> <span class='ocrx_word' id='word_1_635' title='bbox 3658 1956 3733 1996; x_wconf 90' lang='lat' dir='ltr'>au</span> <span class='ocrx_word' id='word_1_636' title='bbox 3757 1935 4029 1996; x_wconf 84' lang='lat' dir='ltr'>virtutum</span> 
     </span>
     <span class='ocr_line' id='line_1_138' title="bbox 2933 2019 4030 2176; baseline 0 -18"><span class='ocrx_word' id='word_1_637' title='bbox 2933 2029 3424 2159; x_wconf 52' lang='grc' dir='ltr'>ωῑέῗὲειΐῗιιεῐιιξεξι·</span> <span class='ocrx_word' id='word_1_638' title='bbox 3462 2099 3749 2176; x_wconf 91' lang='lat' dir='ltr'>quomodo</span> <span class='ocrx_word' id='word_1_639' title='bbox 3785 2099 3850 2156; x_wconf 90' lang='lat' dir='ltr'>in</span> <span class='ocrx_word' id='word_1_640' title='bbox 3891 2019 4030 2158; x_wconf 53' lang='lat' dir='ltr'>gl}</span> 
     </span>
     <span class='ocr_line' id='line_1_139' title="bbox 3017 2179 4027 2260; baseline 0.001 -22"><span class='ocrx_word' id='word_1_641' title='bbox 3017 2179 3405 2260; x_wconf 84' lang='lat' dir='ltr'>intelligantur</span> <span class='ocrx_word' id='word_1_642' title='bbox 3681 2180 3802 2238; x_wconf 86' lang='lat' dir='ltr'>Fic.</span> <span class='ocrx_word' id='word_1_643' title='bbox 3829 2200 3887 2258; x_wconf 93' lang='lat' dir='ltr'><strong>p.</strong></span> <span class='ocrx_word' id='word_1_644' title='bbox 3914 2197 4027 2239; x_wconf 90' lang='grc'>212</span> 
     </span>
     <span class='ocr_line' id='line_1_140' title="bbox 2936 2259 4025 2341; baseline -0.002 -22"><span class='ocrx_word' id='word_1_645' title='bbox 2936 2260 3088 2320; x_wconf 83' lang='grc'>02101·</span> <span class='ocrx_word' id='word_1_646' title='bbox 3114 2261 3171 2319; x_wconf 93' lang='lat' dir='ltr'>in</span> <span class='ocrx_word' id='word_1_647' title='bbox 3204 2262 3332 2341; x_wconf 89' lang='lat' dir='ltr'>igne</span> <span class='ocrx_word' id='word_1_648' title='bbox 3357 2259 3491 2338; x_wconf 88' lang='lat' dir='ltr'>quid</span> <span class='ocrx_word' id='word_1_649' title='bbox 3919 2260 4025 2318; x_wconf 88' lang='lat'>181</span> 
     </span>
     <span class='ocr_line' id='line_1_141' title="bbox 2934 2340 4030 2401; baseline -0.003 0"><span class='ocrx_word' id='word_1_650' title='bbox 2934 2343 3089 2401; x_wconf 86' lang='lat' dir='ltr'>calor</span> <span class='ocrx_word' id='word_1_651' title='bbox 3127 2354 3186 2401; x_wconf 90' lang='lat' dir='ltr'>et</span> <span class='ocrx_word' id='word_1_652' title='bbox 3225 2343 3428 2400; x_wconf 85' lang='lat' dir='ltr'>humor</span> <span class='ocrx_word' id='word_1_653' title='bbox 3465 2343 3526 2399; x_wconf 90' lang='lat' dir='ltr'>in</span> <span class='ocrx_word' id='word_1_654' title='bbox 3569 2340 3706 2399; x_wconf 79' lang='lat' dir='ltr'>coelo</span> <span class='ocrx_word' id='word_1_655' title='bbox 3747 2359 3782 2399; x_wconf 90' lang='lat' dir='ltr'>a</span> <span class='ocrx_word' id='word_1_656' title='bbox 3820 2341 4030 2399; x_wconf 86' lang='lat' dir='ltr'>nostris</span> 
     </span>
     <span class='ocr_line' id='line_1_142' title="bbox 3015 2421 4029 2501; baseline -0.002 -19"><span class='ocrx_word' id='word_1_657' title='bbox 3015 2422 3378 2501; x_wconf 86' lang='lat' dir='ltr'>qualitatibus</span> <span class='ocrx_word' id='word_1_658' title='bbox 3406 2422 3670 2481; x_wconf 83' lang='lat' dir='ltr'>differunt</span> <span class='ocrx_word' id='word_1_659' title='bbox 3694 2421 3814 2481; x_wconf 91' lang='lat' dir='ltr'>Fic.</span> <span class='ocrx_word' id='word_1_660' title='bbox 3837 2442 3892 2500; x_wconf 92' lang='lat' dir='ltr'>p.</span> <span class='ocrx_word' id='word_1_661' title='bbox 3914 2440 4029 2499; x_wconf 82' lang='lat'>209</span> 
     </span>
     <span class='ocr_line' id='line_1_143' title="bbox 2935 2501 3804 2564; baseline -0.005 0"><span class='ocrx_word' id='word_1_662' title='bbox 2935 2505 3121 2564; x_wconf 90' lang='lat' dir='ltr'>calore</span> <span class='ocrx_word' id='word_1_663' title='bbox 3145 2504 3367 2564; x_wconf 91' lang='lat' dir='ltr'>occulto</span> <span class='ocrx_word' id='word_1_664' title='bbox 3396 2503 3587 2562; x_wconf 89' lang='lat' dir='ltr'>omnia</span> <span class='ocrx_word' id='word_1_665' title='bbox 3613 2501 3804 2562; x_wconf 83' lang='lat' dir='ltr'>vivunt</span> 
     </span>
     <span class='ocr_line' id='line_1_144' title="bbox 3685 2583 4029 2661; baseline -0.006 -19"><span class='ocrx_word' id='word_1_666' title='bbox 3685 2584 3804 2643; x_wconf 90' lang='lat' dir='ltr'>Fic.</span> <span class='ocrx_word' id='word_1_667' title='bbox 3833 2604 3892 2661; x_wconf 92' lang='lat' dir='ltr'>p.</span> <span class='ocrx_word' id='word_1_668' title='bbox 3919 2583 4029 2641; x_wconf 92' lang='lat'>168</span> 
     </span>
     <span class='ocr_line' id='line_1_145' title="bbox 2935 2664 4028 2744; baseline -0.005 -17"><span class='ocrx_word' id='word_1_669' title='bbox 2935 2666 3174 2728; x_wconf 88' lang='lat' dir='ltr'>calefieri</span> <span class='ocrx_word' id='word_1_670' title='bbox 3201 2686 3324 2744; x_wconf 83' lang='lat' dir='ltr'>quae</span> <span class='ocrx_word' id='word_1_671' title='bbox 3352 2664 3575 2744; x_wconf 87' lang='lat' dir='ltr'>possint</span> <span class='ocrx_word' id='word_1_672' title='bbox 3919 2682 4028 2722; x_wconf 86' lang='lat'>102</span> 
     </span>
     <span class='ocr_line' id='line_1_146' title="bbox 2937 2744 4032 2824; baseline -0.003 -18"><span class='ocrx_word' id='word_1_673' title='bbox 2937 2767 3137 2807; x_wconf 86' lang='lat' dir='ltr'>cancer</span> <span class='ocrx_word' id='word_1_674' title='bbox 3161 2749 3312 2806; x_wconf 90' lang='lat' dir='ltr'>unde</span> <span class='ocrx_word' id='word_1_675' title='bbox 3341 2746 3661 2806; x_wconf 88' lang='lat' dir='ltr'>nominatus</span> <span class='ocrx_word' id='word_1_676' title='bbox 3702 2744 3818 2804; x_wconf 86' lang='lat' dir='ltr'>Fic.</span> <span class='ocrx_word' id='word_1_677' title='bbox 3841 2765 3900 2824; x_wconf 88' lang='lat' dir='ltr'>p.</span> <span class='ocrx_word' id='word_1_678' title='bbox 3917 2764 4032 2804; x_wconf 84' lang='lat'>210</span> 
     </span>
     <span class='ocr_line' id='line_1_147' title="bbox 2938 2826 4031 2907; baseline -0.004 -19"><span class='ocrx_word' id='word_1_679' title='bbox 2938 2848 3143 2888; x_wconf 85' lang='grc'>0211001·</span> <span class='ocrx_word' id='word_1_680' title='bbox 3170 2848 3286 2887; x_wconf 91' lang='lat' dir='ltr'>non</span> <span class='ocrx_word' id='word_1_681' title='bbox 3314 2827 3545 2907; x_wconf 87' lang='lat' dir='ltr'>frigidus</span> <span class='ocrx_word' id='word_1_682' title='bbox 3689 2826 3808 2887; x_wconf 85' lang='lat' dir='ltr'>Fic.</span> <span class='ocrx_word' id='word_1_683' title='bbox 3836 2846 3893 2905; x_wconf 92' lang='lat' dir='ltr'>p.</span> <span class='ocrx_word' id='word_1_684' title='bbox 3918 2845 4031 2885; x_wconf 90' lang='grc'>212</span> 
     </span>
     <span class='ocr_line' id='line_1_148' title="bbox 2939 2907 4034 2989; baseline -0.002 -20"><span class='ocrx_word' id='word_1_685' title='bbox 2939 2908 3265 2989; x_wconf 87' lang='lat' dir='ltr'>Capricorni</span> <span class='ocrx_word' id='word_1_686' title='bbox 3305 2909 3529 2987; x_wconf 86' lang='lat' dir='ltr'>signum</span> <span class='ocrx_word' id='word_1_687' title='bbox 3556 2927 3656 2967; x_wconf 91' lang='lat' dir='ltr'>cur</span> <span class='ocrx_word' id='word_1_688' title='bbox 3680 2908 3764 2967; x_wconf 88' lang='lat' dir='ltr'>sic</span> <span class='ocrx_word' id='word_1_689' title='bbox 3789 2907 4034 2987; x_wconf 86' lang='lat' dir='ltr'>appella-</span> 
     </span>
     <span class='ocr_line' id='line_1_149' title="bbox 3019 2988 4028 3069; baseline -0.003 -19"><span class='ocrx_word' id='word_1_690' title='bbox 3019 3004 3143 3050; x_wconf 89' lang='lat' dir='ltr'>tum</span> <span class='ocrx_word' id='word_1_691' title='bbox 3691 2988 3810 3049; x_wconf 90' lang='lat' dir='ltr'>Fic.</span> <span class='ocrx_word' id='word_1_692' title='bbox 3839 3010 3893 3069; x_wconf 94' lang='lat' dir='ltr'>p.</span> <span class='ocrx_word' id='word_1_693' title='bbox 3921 3007 3984 3048; x_wconf 88' lang='lat'>21</span> <span class='ocrx_word' id='word_1_694' title='bbox 4005 3008 4028 3047; x_wconf 94' lang='lat'>1</span> 
     </span>
     <span class='ocr_line' id='line_1_150' title="bbox 2938 3069 4036 3152; baseline -0.005 -20"><span class='ocrx_word' id='word_1_695' title='bbox 2938 3086 3111 3152; x_wconf 88' lang='lat' dir='ltr'>caput</span> <span class='ocrx_word' id='word_1_696' title='bbox 3126 3083 3186 3131; x_wconf 89' lang='lat' dir='ltr'>et</span> <span class='ocrx_word' id='word_1_697' title='bbox 3205 3071 3386 3131; x_wconf 88' lang='lat' dir='ltr'>cauda</span> <span class='ocrx_word' id='word_1_698' title='bbox 3399 3069 3679 3130; x_wconf 82' lang='lat' dir='ltr'>Draconis</span> <span class='ocrx_word' id='word_1_699' title='bbox 3703 3070 3826 3130; x_wconf 87' lang='lat' dir='ltr'>Fic.</span> <span class='ocrx_word' id='word_1_700' title='bbox 3846 3092 3902 3150; x_wconf 93' lang='lat' dir='ltr'>p.</span> <span class='ocrx_word' id='word_1_701' title='bbox 3920 3089 3951 3129; x_wconf 91' lang='grc'>2</span> <span class='ocrx_word' id='word_1_702' title='bbox 3964 3088 4036 3129; x_wconf 92' lang='grc'>10</span> 
     </span>
     <span class='ocr_line' id='line_1_151' title="bbox 2939 3152 4039 3232; baseline -0.005 -19"><span class='ocrx_word' id='word_1_703' title='bbox 2939 3173 3071 3213; x_wconf 88' lang='lat' dir='ltr'>caro</span> <span class='ocrx_word' id='word_1_704' title='bbox 3096 3152 3322 3232; x_wconf 86' lang='lat' dir='ltr'>sanguis</span> <span class='ocrx_word' id='word_1_705' title='bbox 3349 3166 3644 3212; x_wconf 87' lang='lat' dir='ltr'>concretus</span> <span class='ocrx_word' id='word_1_706' title='bbox 3920 3168 4039 3228; x_wconf 87' lang='lat'>704</span> 
     </span>
     <span class='ocr_line' id='line_1_152' title="bbox 2940 3233 3896 3313; baseline -0.006 -17"><span class='ocrx_word' id='word_1_707' title='bbox 2940 3255 3103 3296; x_wconf 89' lang='lat' dir='ltr'>casus</span> <span class='ocrx_word' id='word_1_708' title='bbox 3127 3235 3186 3294; x_wconf 87' lang='lat' dir='ltr'>in</span> <span class='ocrx_word' id='word_1_709' title='bbox 3216 3233 3417 3313; x_wconf 89' lang='lat' dir='ltr'>quibus</span> <span class='ocrx_word' id='word_1_710' title='bbox 3445 3235 3611 3292; x_wconf 85' lang='lat' dir='ltr'>rebus</span> <span class='ocrx_word' id='word_1_711' title='bbox 3634 3243 3896 3292; x_wconf 83' lang='lat' dir='ltr'>cernatur</span> 
     </span>
     <span class='ocr_line' id='line_1_153' title="bbox 3692 3312 4034 3392; baseline 0.003 -20"><span class='ocrx_word' id='word_1_712' title='bbox 3692 3312 3809 3373; x_wconf 87' lang='lat' dir='ltr'>Fic.</span> <span class='ocrx_word' id='word_1_713' title='bbox 3839 3333 3896 3392; x_wconf 93' lang='lat' dir='ltr'>p.</span> <span class='ocrx_word' id='word_1_714' title='bbox 3913 3332 4034 3390; x_wconf 84' lang='lat'>427</span> 
     </span>
     <span class='ocr_line' id='line_1_154' title="bbox 2940 3394 4040 3475; baseline -0.005 -17"><span class='ocrx_word' id='word_1_715' title='bbox 2940 3416 3101 3458; x_wconf 88' lang='lat' dir='ltr'>casus</span> <span class='ocrx_word' id='word_1_716' title='bbox 3140 3394 3415 3475; x_wconf 89' lang='lat' dir='ltr'>inopinati</span> <span class='ocrx_word' id='word_1_717' title='bbox 3455 3415 3489 3453; x_wconf 90' lang='lat' dir='ltr'>a</span> <span class='ocrx_word' id='word_1_718' title='bbox 3515 3395 3669 3473; x_wconf 89' lang='lat' dir='ltr'>quali</span> <span class='ocrx_word' id='word_1_719' title='bbox 3708 3394 4040 3473; x_wconf 82' lang='lat' dir='ltr'>proveniant</span> 
     </span>
     <span class='ocr_line' id='line_1_155' title="bbox 3021 3476 4032 3554; baseline -0.005 -17"><span class='ocrx_word' id='word_1_720' title='bbox 3021 3496 3188 3537; x_wconf 89' lang='lat' dir='ltr'>causa</span> <span class='ocrx_word' id='word_1_721' title='bbox 3687 3476 3807 3534; x_wconf 86' lang='lat' dir='ltr'>Fic.</span> <span class='ocrx_word' id='word_1_722' title='bbox 3837 3495 3893 3554; x_wconf 90' lang='lat' dir='ltr'>p.</span> <span class='ocrx_word' id='word_1_723' title='bbox 3914 3492 4032 3550; x_wconf 84' lang='lat'>447</span> 
     </span>
     <span class='ocr_line' id='line_1_156' title="bbox 2942 3555 4030 3636; baseline -0.006 -17"><span class='ocrx_word' id='word_1_724' title='bbox 2942 3578 3102 3619; x_wconf 89' lang='lat' dir='ltr'>casus</span> <span class='ocrx_word' id='word_1_725' title='bbox 3133 3559 3285 3616; x_wconf 89' lang='lat' dir='ltr'>unde</span> <span class='ocrx_word' id='word_1_726' title='bbox 3310 3555 3608 3636; x_wconf 85' lang='lat' dir='ltr'>contingat</span> <span class='ocrx_word' id='word_1_727' title='bbox 3918 3571 4030 3632; x_wconf 85' lang='lat'>753</span> 
     </span>
     <span class='ocr_line' id='line_1_157' title="bbox 2940 3635 4032 3717; baseline -0.005 -18"><span class='ocrx_word' id='word_1_728' title='bbox 2940 3660 3072 3699; x_wconf 84' lang='lat' dir='ltr'>casu</span> <span class='ocrx_word' id='word_1_729' title='bbox 3100 3659 3217 3698; x_wconf 88' lang='lat' dir='ltr'>non</span> <span class='ocrx_word' id='word_1_730' title='bbox 3247 3637 3530 3717; x_wconf 88' lang='lat' dir='ltr'>agitantur</span> <span class='ocrx_word' id='word_1_731' title='bbox 3555 3656 3642 3696; x_wconf 88' lang='lat' dir='ltr'>res</span> <span class='ocrx_word' id='word_1_732' title='bbox 3705 3635 3819 3695; x_wconf 86' lang='lat' dir='ltr'>Fic.</span> <span class='ocrx_word' id='word_1_733' title='bbox 3841 3656 3898 3715; x_wconf 89' lang='lat' dir='ltr'>p.</span> <span class='ocrx_word' id='word_1_734' title='bbox 3915 3654 4032 3711; x_wconf 82' lang='lat'>403</span> 
     </span>
     <span class='ocr_line' id='line_1_158' title="bbox 2940 3717 4037 3799; baseline -0.005 -19"><span class='ocrx_word' id='word_1_735' title='bbox 2940 3739 3109 3780; x_wconf 87' lang='lat' dir='ltr'>causa</span> <span class='ocrx_word' id='word_1_736' title='bbox 3135 3738 3262 3799; x_wconf 87' lang='lat' dir='ltr'>pars</span> <span class='ocrx_word' id='word_1_737' title='bbox 3288 3717 3544 3777; x_wconf 76' lang='lat' dir='ltr'>essentiae</span> <span class='ocrx_word' id='word_1_738' title='bbox 3917 3718 4037 3794; x_wconf 92' lang='lat'>696</span> 
     </span>
     <span class='ocr_line' id='line_1_159' title="bbox 2940 3796 4039 3862; baseline -0.002 -1"><span class='ocrx_word' id='word_1_739' title='bbox 2940 3821 3107 3862; x_wconf 88' lang='lat' dir='ltr'>causa</span> <span class='ocrx_word' id='word_1_740' title='bbox 3155 3797 3565 3859; x_wconf 77' lang='lat' dir='ltr'>convenientia</span> <span class='ocrx_word' id='word_1_741' title='bbox 3598 3816 3700 3857; x_wconf 91' lang='lat' dir='ltr'>cur</span> <span class='ocrx_word' id='word_1_742' title='bbox 3743 3796 4039 3859; x_wconf 87' lang='lat' dir='ltr'>effectibus</span> 
     </span>
     <span class='ocr_line' id='line_1_160' title="bbox 3022 3877 4038 3960; baseline -0.003 -19"><span class='ocrx_word' id='word_1_743' title='bbox 3022 3881 3343 3960; x_wconf 87' lang='lat' dir='ltr'>discrepent</span> <span class='ocrx_word' id='word_1_744' title='bbox 3688 3877 3807 3938; x_wconf 87' lang='lat' dir='ltr'>Fic.</span> <span class='ocrx_word' id='word_1_745' title='bbox 3837 3898 3892 3957; x_wconf 94' lang='lat' dir='ltr'>p.</span> <span class='ocrx_word' id='word_1_746' title='bbox 3918 3897 4038 3954; x_wconf 89' lang='grc'>320</span> 
     </span>
     <span class='ocr_line' id='line_1_161' title="bbox 2941 3959 4039 4040; baseline -0.005 -17"><span class='ocrx_word' id='word_1_747' title='bbox 2941 3984 3125 4023; x_wconf 79' lang='lat' dir='ltr'>causae</span> <span class='ocrx_word' id='word_1_748' title='bbox 3155 3983 3339 4023; x_wconf 90' lang='lat' dir='ltr'>rerum</span> <span class='ocrx_word' id='word_1_749' title='bbox 3367 3980 3535 4040; x_wconf 92' lang='lat' dir='ltr'>super</span> <span class='ocrx_word' id='word_1_750' title='bbox 3561 3959 3751 4018; x_wconf 88' lang='lat' dir='ltr'>lunam</span> <span class='ocrx_word' id='word_1_751' title='bbox 3779 3979 4039 4019; x_wconf 83' lang='lat' dir='ltr'>commu-</span> 
     </span>
     <span class='ocr_line' id='line_1_162' title="bbox 3026 4040 4039 4123; baseline -0.006 -19"><span class='ocrx_word' id='word_1_752' title='bbox 3026 4064 3145 4114; x_wconf 70' lang='lat' dir='ltr'>nes,</span> <span class='ocrx_word' id='word_1_753' title='bbox 3173 4043 3318 4103; x_wconf 85' lang='lat' dir='ltr'>infra</span> <span class='ocrx_word' id='word_1_754' title='bbox 3344 4041 3580 4123; x_wconf 67' lang='lat' dir='ltr'>propriae</span> <span class='ocrx_word' id='word_1_755' title='bbox 3688 4040 3811 4101; x_wconf 88' lang='lat' dir='ltr'>Fic.</span> <span class='ocrx_word' id='word_1_756' title='bbox 3840 4062 3898 4120; x_wconf 91' lang='lat' dir='ltr'>p.</span> <span class='ocrx_word' id='word_1_757' title='bbox 3925 4059 4039 4100; x_wconf 89' lang='grc'>220</span> 
     </span>
     <span class='ocr_line' id='line_1_163' title="bbox 2944 4123 4042 4187; baseline -0.006 0"><span class='ocrx_word' id='word_1_758' title='bbox 2944 4146 3124 4187; x_wconf 82' lang='lat' dir='ltr'>causae</span> <span class='ocrx_word' id='word_1_759' title='bbox 3152 4128 3258 4185; x_wconf 87' lang='lat' dir='ltr'>sub</span> <span class='ocrx_word' id='word_1_760' title='bbox 3276 4126 3411 4185; x_wconf 86' lang='lat' dir='ltr'>luna</span> <span class='ocrx_word' id='word_1_761' title='bbox 3438 4124 3588 4183; x_wconf 92' lang='lat' dir='ltr'>unde</span> <span class='ocrx_word' id='word_1_762' title='bbox 3608 4123 3747 4181; x_wconf 81' lang='lat' dir='ltr'>vires</span> <span class='ocrx_word' id='word_1_763' title='bbox 3771 4141 3901 4181; x_wconf 89' lang='lat' dir='ltr'>suas</span> <span class='ocrx_word' id='word_1_764' title='bbox 3923 4142 4042 4181; x_wconf 86' lang='lat' dir='ltr'>sor-</span> 
     </span>
     <span class='ocr_line' id='line_1_164' title="bbox 3024 4202 4036 4283; baseline -0.005 -17"><span class='ocrx_word' id='word_1_765' title='bbox 3024 4208 3237 4267; x_wconf 87' lang='lat' dir='ltr'>tiantur</span> <span class='ocrx_word' id='word_1_766' title='bbox 3690 4202 3811 4263; x_wconf 87' lang='lat' dir='ltr'>Fic.</span> <span class='ocrx_word' id='word_1_767' title='bbox 3841 4224 3897 4283; x_wconf 92' lang='lat' dir='ltr'>p.</span> <span class='ocrx_word' id='word_1_768' title='bbox 3918 4219 4036 4280; x_wconf 84' lang='lat'>405</span> 
     </span>
     <span class='ocr_line' id='line_1_165' title="bbox 2945 4284 4041 4364; baseline -0.007 -14"><span class='ocrx_word' id='word_1_769' title='bbox 2945 4309 3128 4349; x_wconf 81' lang='lat' dir='ltr'>causae</span> <span class='ocrx_word' id='word_1_770' title='bbox 3149 4286 3475 4347; x_wconf 87' lang='lat' dir='ltr'>remotiores</span> <span class='ocrx_word' id='word_1_771' title='bbox 3496 4284 3891 4364; x_wconf 64' lang='lat' dir='ltr'>investiganda</span> <span class='ocrx_word' id='word_1_772' title='bbox 3924 4303 4041 4362; x_wconf 87' lang='grc'>229</span> 
     </span>
     <span class='ocr_line' id='line_1_166' title="bbox 2944 4366 4041 4445; baseline -0.005 -16"><span class='ocrx_word' id='word_1_773' title='bbox 2944 4390 3126 4429; x_wconf 78' lang='lat' dir='ltr'>causae</span> <span class='ocrx_word' id='word_1_774' title='bbox 3151 4388 3331 4429; x_wconf 89' lang='lat' dir='ltr'>rerum</span> <span class='ocrx_word' id='word_1_775' title='bbox 3362 4380 3474 4427; x_wconf 91' lang='lat' dir='ltr'>tres</span> <span class='ocrx_word' id='word_1_776' title='bbox 3694 4366 3813 4427; x_wconf 85' lang='lat' dir='ltr'>Fic.</span> <span class='ocrx_word' id='word_1_777' title='bbox 3841 4387 3897 4445; x_wconf 93' lang='lat' dir='ltr'>p.</span> <span class='ocrx_word' id='word_1_778' title='bbox 3919 4384 4041 4443; x_wconf 82' lang='lat'>349</span> 
     </span>
     <span class='ocr_line' id='line_1_167' title="bbox 2944 4446 4041 4528; baseline -0.007 -16"><span class='ocrx_word' id='word_1_779' title='bbox 2944 4471 3124 4513; x_wconf 80' lang='lat' dir='ltr'>causoe</span> <span class='ocrx_word' id='word_1_780' title='bbox 3152 4469 3339 4509; x_wconf 90' lang='lat' dir='ltr'>rerum</span> <span class='ocrx_word' id='word_1_781' title='bbox 3364 4446 3606 4528; x_wconf 67' lang='lat' dir='ltr'>geminas</span> <span class='ocrx_word' id='word_1_782' title='bbox 3925 4465 4041 4523; x_wconf 84' lang='lat'>234</span> 
     </span>
     <span class='ocr_line' id='line_1_168' title="bbox 2944 4527 3890 4592; baseline -0.005 0"><span class='ocrx_word' id='word_1_783' title='bbox 2944 4551 3125 4592; x_wconf 64' lang='lat' dir='ltr'>causat</span> <span class='ocrx_word' id='word_1_784' title='bbox 3147 4531 3409 4591; x_wconf 85' lang='lat' dir='ltr'>secundae</span> <span class='ocrx_word' id='word_1_785' title='bbox 3431 4527 3741 4588; x_wconf 84' lang='lat' dir='ltr'>inserviunt</span> <span class='ocrx_word' id='word_1_786' title='bbox 3766 4529 3890 4587; x_wconf 94' lang='lat' dir='ltr'>Deo</span> 
     </span>
     <span class='ocr_line' id='line_1_169' title="bbox 3130 4608 4039 4689; baseline -0.003 -19"><span class='ocrx_word' id='word_1_787' title='bbox 3130 4644 3135 4651; x_wconf 92' lang='lat'>·</span> <span class='ocrx_word' id='word_1_788' title='bbox 3694 4608 3816 4668; x_wconf 89' lang='lat' dir='ltr'>Fic.</span> <span class='ocrx_word' id='word_1_789' title='bbox 3845 4629 3901 4689; x_wconf 94' lang='lat' dir='ltr'>p.</span> <span class='ocrx_word' id='word_1_790' title='bbox 3918 4610 4039 4684; x_wconf 85' lang='lat'>428</span> 
     </span>
     <span class='ocr_line' id='line_1_170' title="bbox 2945 4690 4042 4771; baseline -0.005 -17"><span class='ocrx_word' id='word_1_791' title='bbox 2945 4714 3127 4753; x_wconf 64' lang='lat' dir='ltr'>causae</span> <span class='ocrx_word' id='word_1_792' title='bbox 3144 4704 3441 4770; x_wconf 88' lang='lat' dir='ltr'>sequentes</span> <span class='ocrx_word' id='word_1_793' title='bbox 3457 4690 3903 4771; x_wconf 85' lang='lat' dir='ltr'>praecedentibus</span> <span class='ocrx_word' id='word_1_794' title='bbox 3919 4710 4042 4770; x_wconf 87' lang='lat' dir='ltr'>par·</span> 
     </span>
     <span class='ocr_line' id='line_1_171' title="bbox 3026 4769 3941 4850; baseline -0.004 -17"><span class='ocrx_word' id='word_1_795' title='bbox 3026 4774 3127 4833; x_wconf 89' lang='lat' dir='ltr'>tim</span> <span class='ocrx_word' id='word_1_796' title='bbox 3158 4772 3385 4842; x_wconf 86' lang='lat' dir='ltr'>similes,</span> <span class='ocrx_word' id='word_1_797' title='bbox 3415 4769 3619 4850; x_wconf 87' lang='lat' dir='ltr'>partim</span> <span class='ocrx_word' id='word_1_798' title='bbox 3645 4771 3941 4830; x_wconf 70' lang='lat' dir='ltr'>dissimiles</span> 
     </span>
     <span class='ocr_line' id='line_1_172' title="bbox 3701 4852 4042 4932; baseline 0 -22"><span class='ocrx_word' id='word_1_799' title='bbox 3701 4852 3817 4910; x_wconf 88' lang='lat' dir='ltr'>Fic.</span> <span class='ocrx_word' id='word_1_800' title='bbox 3847 4873 3903 4932; x_wconf 89' lang='lat' dir='ltr'>p.</span> <span class='ocrx_word' id='word_1_801' title='bbox 3921 4852 4042 4926; x_wconf 92' lang='lat'>406</span> 
     </span>
     <span class='ocr_line' id='line_1_173' title="bbox 2946 4932 3820 5013; baseline -0.007 -16"><span class='ocrx_word' id='word_1_802' title='bbox 2946 4956 3125 4997; x_wconf 77' lang='lat' dir='ltr'>causae</span> <span class='ocrx_word' id='word_1_803' title='bbox 3155 4932 3483 5013; x_wconf 80' lang='lat' dir='ltr'>propinquae</span> <span class='ocrx_word' id='word_1_804' title='bbox 3507 4945 3566 4993; x_wconf 89' lang='lat' dir='ltr'>et</span> <span class='ocrx_word' id='word_1_805' title='bbox 3590 4944 3820 4992; x_wconf 74' lang='lat' dir='ltr'>remotis</span> 
     </span>
     <span class='ocr_line' id='line_1_174' title="bbox 3561 5013 4041 5107; baseline -0.006 -34"><span class='ocrx_word' id='word_1_806' title='bbox 3561 5094 3573 5107; x_wconf 45' lang='lat'><strong>·</strong></span> <span class='ocrx_word' id='word_1_807' title='bbox 3603 5093 3617 5107; x_wconf 33' lang='lat'><strong><em>⁹</em></strong></span> <span class='ocrx_word' id='word_1_808' title='bbox 3696 5013 3813 5074; x_wconf 81' lang='lat' dir='ltr'>Fic.</span> <span class='ocrx_word' id='word_1_809' title='bbox 3843 5033 3898 5106; x_wconf 91' lang='lat' dir='ltr'>p.</span> <span class='ocrx_word' id='word_1_810' title='bbox 3922 5030 4041 5089; x_wconf 80' lang='lat'>399</span> 
     </span>
     <span class='ocr_line' id='line_1_175' title="bbox 2946 5093 4042 5175; baseline -0.006 -17"><span class='ocrx_word' id='word_1_811' title='bbox 2946 5118 3130 5158; x_wconf 80' lang='lat' dir='ltr'>causae</span> <span class='ocrx_word' id='word_1_812' title='bbox 3154 5108 3422 5175; x_wconf 84' lang='lat' dir='ltr'>separatae</span> <span class='ocrx_word' id='word_1_813' title='bbox 3449 5093 3688 5154; x_wconf 75' lang='lat' dir='ltr'>similior</span> <span class='ocrx_word' id='word_1_814' title='bbox 3715 5113 3787 5153; x_wconf 88' lang='lat' dir='ltr'>ne</span> <span class='ocrx_word' id='word_1_815' title='bbox 3815 5105 3892 5152; x_wconf 91' lang='lat' dir='ltr'>sit</span> <span class='ocrx_word' id='word_1_816' title='bbox 3918 5112 4042 5152; x_wconf 88' lang='lat' dir='ltr'>ma-</span> 
     </span>
     <span class='ocr_line' id='line_1_176' title="bbox 3027 5173 4034 5238; baseline -0.006 0"><span class='ocrx_word' id='word_1_817' title='bbox 3027 5178 3167 5238; x_wconf 88' lang='lat' dir='ltr'>teria</span> <span class='ocrx_word' id='word_1_818' title='bbox 3193 5198 3265 5237; x_wconf 88' lang='lat' dir='ltr'>an</span> <span class='ocrx_word' id='word_1_819' title='bbox 3293 5178 3476 5237; x_wconf 86' lang='lat' dir='ltr'>forma</span> <span class='ocrx_word' id='word_1_820' title='bbox 3922 5173 4034 5233; x_wconf 88' lang='lat'>621</span> 
     </span>
     <span class='ocr_line' id='line_1_177' title="bbox 2946 5256 3991 5338; baseline -0.007 -18"><span class='ocrx_word' id='word_1_821' title='bbox 2946 5281 3191 5329; x_wconf 88' lang='lat' dir='ltr'>causam,</span> <span class='ocrx_word' id='word_1_822' title='bbox 3219 5279 3346 5338; x_wconf 71' lang='lat' dir='ltr'>quae</span> <span class='ocrx_word' id='word_1_823' title='bbox 3371 5259 3531 5325; x_wconf 84' lang='lat' dir='ltr'>fiunt,</span> <span class='ocrx_word' id='word_1_824' title='bbox 3561 5257 3755 5315; x_wconf 90' lang='lat' dir='ltr'>omnia</span> <span class='ocrx_word' id='word_1_825' title='bbox 3780 5256 3991 5315; x_wconf 83' lang='lat' dir='ltr'>habent</span> 
     </span>
     <span class='ocr_line' id='line_1_178' title="bbox 3929 5337 4043 5396; baseline 0 -1"><span class='ocrx_word' id='word_1_826' title='bbox 3929 5337 4043 5396; x_wconf 87' lang='grc'>228</span> 
     </span>
     <span class='ocr_line' id='line_1_179' title="bbox 2947 5417 4043 5499; baseline -0.004 -18"><span class='ocrx_word' id='word_1_827' title='bbox 2947 5441 3195 5488; x_wconf 87' lang='lat' dir='ltr'>causam,</span> <span class='ocrx_word' id='word_1_828' title='bbox 3224 5441 3349 5499; x_wconf 82' lang='lat' dir='ltr'>quae</span> <span class='ocrx_word' id='word_1_829' title='bbox 3386 5418 3655 5487; x_wconf 81' lang='lat' dir='ltr'>existunt,</span> <span class='ocrx_word' id='word_1_830' title='bbox 3694 5417 3900 5498; x_wconf 87' lang='lat' dir='ltr'>partim</span> <span class='ocrx_word' id='word_1_831' title='bbox 3941 5420 4043 5477; x_wconf 87' lang='lat' dir='ltr'>ha·</span> 
     </span>
     <span class='ocr_line' id='line_1_180' title="bbox 3030 5498 4044 5580; baseline -0.005 -18"><span class='ocrx_word' id='word_1_832' title='bbox 3030 5504 3184 5571; x_wconf 75' lang='lat' dir='ltr'>berit,</span> <span class='ocrx_word' id='word_1_833' title='bbox 3217 5503 3419 5580; x_wconf 87' lang='lat' dir='ltr'>partim</span> <span class='ocrx_word' id='word_1_834' title='bbox 3452 5521 3568 5560; x_wconf 91' lang='lat' dir='ltr'>non</span> <span class='ocrx_word' id='word_1_835' title='bbox 3965 5498 4044 5558; x_wconf 91' lang='lat' dir='ltr'>ib.</span> 
     </span>
     <span class='ocr_line' id='line_1_181' title="bbox 2949 5579 4042 5663; baseline -0.006 -18"><span class='ocrx_word' id='word_1_836' title='bbox 2949 5603 3239 5645; x_wconf 85' lang='lat' dir='ltr'>causarum</span> <span class='ocrx_word' id='word_1_837' title='bbox 3280 5602 3455 5641; x_wconf 84' lang='lat' dir='ltr'>nexus</span> <span class='ocrx_word' id='word_1_838' title='bbox 3495 5580 3741 5663; x_wconf 88' lang='lat' dir='ltr'>eleganti</span> <span class='ocrx_word' id='word_1_839' title='bbox 3780 5579 4042 5640; x_wconf 82' lang='lat' dir='ltr'>similitu-</span> 
     </span>
     <span class='ocr_line' id='line_1_182' title="bbox 3030 5663 4044 5741; baseline -0.004 -16"><span class='ocrx_word' id='word_1_840' title='bbox 3030 5664 3160 5725; x_wconf 89' lang='lat' dir='ltr'>dine</span> <span class='ocrx_word' id='word_1_841' title='bbox 3185 5663 3498 5724; x_wconf 88' lang='lat' dir='ltr'>declaratur</span> <span class='ocrx_word' id='word_1_842' title='bbox 3692 5663 3815 5722; x_wconf 86' lang='lat' dir='ltr'>Fic.</span> <span class='ocrx_word' id='word_1_843' title='bbox 3845 5682 3902 5741; x_wconf 90' lang='lat' dir='ltr'>p.</span> <span class='ocrx_word' id='word_1_844' title='bbox 3930 5679 4044 5739; x_wconf 82' lang='lat'>239</span> 
     </span>
    </p>
   </div>
   <div class='ocr_carea' id='block_1_25' title="bbox 5066 5658 5072 6323">
    <p class='ocr_par' dir='ltr' id='par_1_35' title="bbox 5066 5658 5072 6323">
     <span class='ocr_line' id='line_1_183' title="bbox 5066 5658 5072 6323; baseline 0 0"><span class='ocrx_word' id='word_1_845' title='bbox 5066 5658 5072 6323; x_wconf 95' lang='lat' dir='ltr'> </span> 
     </span>
    </p>
   </div>
  </div>
 </body>
</html>
