<?xml version="1.0" encoding="UTF-8"?>
<!DOCTYPE html PUBLIC "-//W3C//DTD XHTML 1.0 Transitional//EN"
    "http://www.w3.org/TR/xhtml1/DTD/xhtml1-transitional.dtd">
<html xmlns="http://www.w3.org/1999/xhtml" xml:lang="en" lang="en">
 <head>
  <title>
</title>
<meta http-equiv="Content-Type" content="text/html;charset=utf-8" />
  <meta name='ocr-system' content='tesseract 3.04.00' />
  <meta name='ocr-capabilities' content='ocr_page ocr_carea ocr_par ocr_line ocrx_word'/>
</head>
<body>
  <div class='ocr_page' id='page_1' title='image "./plotinioperaomn00chumgoog_0036.png"; bbox 0 0 5118 6613; ppageno 0'>
   <div class='ocr_carea' id='block_1_1' title="bbox 1071 582 3555 663">
    <p class='ocr_par' dir='ltr' id='par_1_1' title="bbox 1071 582 3555 663">
     <span class='ocr_line' id='line_1_1' title="bbox 1071 582 3555 663; baseline 0.004 -22"><span class='ocrx_word' id='word_1_1' title='bbox 1071 597 1156 663; x_wconf 82' lang='lat'><strong>30</strong></span> <span class='ocrx_word' id='word_1_2' title='bbox 2038 582 2864 647; x_wconf 88' lang='lat' dir='ltr'><strong>ANNOTATIONES</strong></span> <span class='ocrx_word' id='word_1_3' title='bbox 2934 584 3044 648; x_wconf 90' lang='lat' dir='ltr'><strong>IN</strong></span> <span class='ocrx_word' id='word_1_4' title='bbox 3110 584 3555 650; x_wconf 90' lang='lat' dir='ltr'><strong>PLOTINI</strong></span> 
     </span>
    </p>
   </div>
   <div class='ocr_carea' id='block_1_2' title="bbox 1037 749 2755 4959">
    <p class='ocr_par' dir='ltr' id='par_1_2' title="bbox 1037 749 2755 4959">
     <span class='ocr_line' id='line_1_2' title="bbox 1075 749 2755 841; baseline 0.003 -27"><span class='ocrx_word' id='word_1_5' title='bbox 1075 765 1177 815; x_wconf 90' lang='lat' dir='ltr'><strong>tus</strong></span> <span class='ocrx_word' id='word_1_6' title='bbox 1204 749 1458 838; x_wconf 88' lang='lat' dir='ltr'><strong>insuper</strong></span> <span class='ocrx_word' id='word_1_7' title='bbox 1484 751 1810 817; x_wconf 88' lang='lat' dir='ltr'><strong>admonuit</strong></span> <span class='ocrx_word' id='word_1_8' title='bbox 1827 751 2294 831; x_wconf 86' lang='lat' dir='ltr'><strong>versiculorum,</strong></span> <span class='ocrx_word' id='word_1_9' title='bbox 2318 754 2429 841; x_wconf 92' lang='lat' dir='ltr'><strong>qui</strong></span> <span class='ocrx_word' id='word_1_10' title='bbox 2459 753 2755 840; x_wconf 83' lang='lat' dir='ltr'><strong>leguntur</strong></span> 
     </span>
     <span class='ocr_line' id='line_1_3' title="bbox 1071 853 2751 944; baseline 0.002 -27"><span class='ocrx_word' id='word_1_11' title='bbox 1071 853 1242 941; x_wconf 89' lang='lat' dir='ltr'><strong>apud</strong></span> <span class='ocrx_word' id='word_1_12' title='bbox 1273 854 1646 919; x_wconf 85' lang='lat' dir='ltr'><strong>Athenaeum</strong></span> <span class='ocrx_word' id='word_1_13' title='bbox 1677 856 1878 919; x_wconf 86' lang='lat' dir='ltr'><strong>VIII.</strong></span> <span class='ocrx_word' id='word_1_14' title='bbox 1909 872 2053 942; x_wconf 84' lang='lat'><strong>337.</strong></span> <span class='ocrx_word' id='word_1_15' title='bbox 2086 880 2142 919; x_wconf 94' lang='lat' dir='ltr'><strong>e.</strong></span> <span class='ocrx_word' id='word_1_16' title='bbox 2186 880 2251 944; x_wconf 92' lang='lat' dir='ltr'><strong>p.</strong></span> <span class='ocrx_word' id='word_1_17' title='bbox 2280 875 2425 942; x_wconf 88' lang='lat'><strong>245.</strong></span> <span class='ocrx_word' id='word_1_18' title='bbox 2458 857 2751 944; x_wconf 83' lang='lat' dir='ltr'><strong>Schwgh.</strong></span> 
     </span>
     <span class='ocr_line' id='line_1_4' title="bbox 1136 978 2690 1058; baseline 0.003 -27"><span class='ocrx_word' id='word_1_19' title='bbox 1136 978 1283 1050; x_wconf 82' lang='grc' dir='ltr'>ἀνδρὶ</span> <span class='ocrx_word' id='word_1_20' title='bbox 1306 979 1400 1047; x_wconf 77' lang='grc' dir='ltr'>μέν</span> <span class='ocrx_word' id='word_1_21' title='bbox 1424 978 1670 1049; x_wconf 76' lang='grc' dir='ltr'>αὐλητῆρι</span> <span class='ocrx_word' id='word_1_22' title='bbox 1698 979 1806 1033; x_wconf 78' lang='grc' dir='ltr'>θεοὶ</span> <span class='ocrx_word' id='word_1_23' title='bbox 1832 981 1948 1033; x_wconf 84' lang='grc' dir='ltr'><strong><em>νόον</em></strong></span> <span class='ocrx_word' id='word_1_24' title='bbox 1975 978 2065 1034; x_wconf 74' lang='grc' dir='ltr'>οὖν</span> <span class='ocrx_word' id='word_1_25' title='bbox 2092 980 2351 1052; x_wconf 76' lang='grc' dir='ltr'>ἐνέφυσαν</span> <span class='ocrx_word' id='word_1_26' title='bbox 2385 979 2566 1058; x_wconf 79' lang='lat' dir='ltr'><strong>(vulg.</strong></span> <span class='ocrx_word' id='word_1_27' title='bbox 2598 982 2690 1035; x_wconf 80' lang='grc' dir='ltr'><strong>οὐκ</strong></span> 
     </span>
     <span class='ocr_line' id='line_1_5' title="bbox 1393 1074 2109 1149; baseline 0.006 -20"><span class='ocrx_word' id='word_1_28' title='bbox 1393 1076 1537 1147; x_wconf 83' lang='grc' dir='ltr'>ε’νεφ.</span> <span class='ocrx_word' id='word_1_29' title='bbox 1568 1074 1814 1133; x_wconf 76' lang='lat' dir='ltr'><strong>casaub.</strong></span> <span class='ocrx_word' id='word_1_30' title='bbox 1846 1076 2109 1149; x_wconf 79' lang='grc' dir='ltr'>εἶσενεφ.)</span> 
     </span>
     <span class='ocr_line' id='line_1_6' title="bbox 1228 1172 2332 1255; baseline 0.003 -27"><span class='ocrx_word' id='word_1_31' title='bbox 1228 1172 1347 1228; x_wconf 74' lang='grc' dir='ltr'><strong>ἀλλ’</strong></span> <span class='ocrx_word' id='word_1_32' title='bbox 1374 1172 1477 1243; x_wconf 81' lang='grc' dir='ltr'><strong>ἅμα</strong></span> <span class='ocrx_word' id='word_1_33' title='bbox 1502 1177 1577 1249; x_wconf 74' lang='grc' dir='ltr'><strong>τῷ</strong></span> <span class='ocrx_word' id='word_1_34' title='bbox 1601 1176 1779 1245; x_wconf 85' lang='grc' dir='ltr'>φυσῇν</span> <span class='ocrx_word' id='word_1_35' title='bbox 1803 1175 1883 1246; x_wconf 77' lang='grc' dir='ltr'><strong>χῶ</strong></span> <span class='ocrx_word' id='word_1_36' title='bbox 1909 1177 2022 1232; x_wconf 84' lang='grc' dir='ltr'>νόος</span> <span class='ocrx_word' id='word_1_37' title='bbox 2048 1176 2332 1255; x_wconf 75' lang='grc' dir='ltr'>ἔκπέταται.</span> 
     </span>
     <span class='ocr_line' id='line_1_7' title="bbox 1072 1266 2755 1358; baseline 0.001 -28"><span class='ocrx_word' id='word_1_38' title='bbox 1072 1281 1143 1330; x_wconf 93' lang='lat' dir='ltr'><strong>ut</strong></span> <span class='ocrx_word' id='word_1_39' title='bbox 1185 1266 1446 1354; x_wconf 84' lang='lat' dir='ltr'>proinde</span> <span class='ocrx_word' id='word_1_40' title='bbox 1476 1268 1775 1345; x_wconf 79' lang='lat' dir='ltr'><strong>homineS‚</strong></span> <span class='ocrx_word' id='word_1_41' title='bbox 1807 1268 1917 1355; x_wconf 93' lang='lat' dir='ltr'><strong>qui</strong></span> <span class='ocrx_word' id='word_1_42' title='bbox 1946 1269 2138 1334; x_wconf 90' lang='lat' dir='ltr'><strong>menti</strong></span> <span class='ocrx_word' id='word_1_43' title='bbox 2167 1269 2318 1333; x_wconf 89' lang='lat' dir='ltr'><strong>nihil</strong></span> <span class='ocrx_word' id='word_1_44' title='bbox 2348 1269 2527 1358; x_wconf 89' lang='lat' dir='ltr'><strong>pretii</strong></span> <span class='ocrx_word' id='word_1_45' title='bbox 2559 1269 2755 1334; x_wconf 90' lang='lat' dir='ltr'><strong>tribu-</strong></span> 
     </span>
     <span class='ocr_line' id='line_1_8' title="bbox 1068 1371 2753 1459; baseline 0 -24"><span class='ocrx_word' id='word_1_46' title='bbox 1068 1384 1198 1448; x_wconf 86' lang='lat' dir='ltr'><strong>ant,</strong></span> <span class='ocrx_word' id='word_1_47' title='bbox 1230 1372 1553 1434; x_wconf 73' lang='lat' dir='ltr'><strong>tibicinum</strong></span> <span class='ocrx_word' id='word_1_48' title='bbox 1560 1373 1765 1457; x_wconf 76' lang='lat' dir='ltr'><strong>finem</strong></span> <span class='ocrx_word' id='word_1_49' title='bbox 1798 1371 2011 1436; x_wconf 90' lang='lat' dir='ltr'><strong>sectari</strong></span> <span class='ocrx_word' id='word_1_50' title='bbox 2042 1372 2350 1436; x_wconf 90' lang='lat' dir='ltr'><strong>dicantur.</strong></span> <span class='ocrx_word' id='word_1_51' title='bbox 2404 1371 2572 1436; x_wconf 85' lang='lat' dir='ltr'>Fieri</span> <span class='ocrx_word' id='word_1_52' title='bbox 2597 1395 2753 1459; x_wconf 92' lang='lat' dir='ltr'><strong>quo-</strong></span> 
     </span>
     <span class='ocr_line' id='line_1_9' title="bbox 1067 1473 2754 1561; baseline -0.001 -23"><span class='ocrx_word' id='word_1_53' title='bbox 1067 1498 1192 1561; x_wconf 91' lang='lat' dir='ltr'><strong>que</strong></span> <span class='ocrx_word' id='word_1_54' title='bbox 1219 1487 1446 1560; x_wconf 86' lang='lat' dir='ltr'><strong>potest,</strong></span> <span class='ocrx_word' id='word_1_55' title='bbox 1473 1488 1542 1538; x_wconf 92' lang='lat' dir='ltr'><strong>ut</strong></span> <span class='ocrx_word' id='word_1_56' title='bbox 1572 1473 1859 1538; x_wconf 90' lang='lat' dir='ltr'><strong>Plotinus</strong></span> <span class='ocrx_word' id='word_1_57' title='bbox 1887 1488 2031 1539; x_wconf 90' lang='lat' dir='ltr'><strong>ante</strong></span> <span class='ocrx_word' id='word_1_58' title='bbox 2060 1474 2270 1539; x_wconf 90' lang='lat' dir='ltr'><strong>oculos</strong></span> <span class='ocrx_word' id='word_1_59' title='bbox 2299 1474 2590 1539; x_wconf 89' lang='lat' dir='ltr'><strong>habuerit</strong></span> <span class='ocrx_word' id='word_1_60' title='bbox 2617 1474 2754 1561; x_wconf 90' lang='lat' dir='ltr'><strong>phi-</strong></span> 
     </span>
     <span class='ocr_line' id='line_1_10' title="bbox 1067 1576 2752 1665; baseline 0 -25"><span class='ocrx_word' id='word_1_61' title='bbox 1067 1576 1464 1665; x_wconf 91' lang='lat' dir='ltr'><strong>losophorum</strong></span> <span class='ocrx_word' id='word_1_62' title='bbox 1496 1576 1963 1664; x_wconf 82' lang='lat' dir='ltr'><strong>disputationes,</strong></span> <span class='ocrx_word' id='word_1_63' title='bbox 1993 1577 2208 1664; x_wconf 90' lang='lat' dir='ltr'><strong>quales</strong></span> <span class='ocrx_word' id='word_1_64' title='bbox 2240 1577 2338 1642; x_wconf 85' lang='lat' dir='ltr'><strong>hae</strong></span> <span class='ocrx_word' id='word_1_65' title='bbox 2374 1593 2521 1641; x_wconf 88' lang='lat' dir='ltr'><strong>sunt</strong></span> <span class='ocrx_word' id='word_1_66' title='bbox 2549 1576 2752 1641; x_wconf 85' lang='lat' dir='ltr'><strong>Tauri</strong></span> 
     </span>
     <span class='ocr_line' id='line_1_11' title="bbox 1065 1678 2751 1767; baseline -0.001 -23"><span class='ocrx_word' id='word_1_67' title='bbox 1065 1694 1128 1745; x_wconf 90' lang='lat' dir='ltr'><strong>et</strong></span> <span class='ocrx_word' id='word_1_68' title='bbox 1148 1679 1519 1745; x_wconf 82' lang='lat' dir='ltr'><strong>Aristotelis,</strong></span> <span class='ocrx_word' id='word_1_69' title='bbox 1571 1678 1813 1745; x_wconf 88' lang='lat' dir='ltr'><strong>Gellius</strong></span> <span class='ocrx_word' id='word_1_70' title='bbox 1834 1680 2001 1744; x_wconf 88' lang='lat' dir='ltr'><strong>XX.</strong></span> <span class='ocrx_word' id='word_1_71' title='bbox 2021 1702 2121 1762; x_wconf 93' lang='lat'><strong>4.:</strong></span> <span class='ocrx_word' id='word_1_72' title='bbox 2158 1688 2201 1720; x_wconf 93' lang='lat'>“</span> <span class='ocrx_word' id='word_1_73' title='bbox 2222 1680 2554 1746; x_wconf 88' lang='lat' dir='ltr'><strong>Comoedos</strong></span> <span class='ocrx_word' id='word_1_74' title='bbox 2584 1680 2751 1767; x_wconf 90' lang='lat' dir='ltr'><strong>quis-</strong></span> 
     </span>
     <span class='ocr_line' id='line_1_12' title="bbox 1064 1781 2750 1871; baseline 0.001 -24"><span class='ocrx_word' id='word_1_75' title='bbox 1064 1782 1231 1870; x_wconf 89' lang='lat' dir='ltr'><strong>piam</strong></span> <span class='ocrx_word' id='word_1_76' title='bbox 1277 1798 1340 1847; x_wconf 86' lang='lat' dir='ltr'><strong>et</strong></span> <span class='ocrx_word' id='word_1_77' title='bbox 1387 1783 1697 1871; x_wconf 85' lang='lat' dir='ltr'><strong>tragoedos</strong></span> <span class='ocrx_word' id='word_1_78' title='bbox 1745 1797 1807 1847; x_wconf 90' lang='lat' dir='ltr'><strong>et</strong></span> <span class='ocrx_word' id='word_1_79' title='bbox 1852 1785 2134 1849; x_wconf 74' lang='lat' dir='ltr'><strong>tibicine-5</strong></span> <span class='ocrx_word' id='word_1_80' title='bbox 2176 1783 2350 1848; x_wconf 88' lang='lat' dir='ltr'><strong>dives</strong></span> <span class='ocrx_word' id='word_1_81' title='bbox 2399 1781 2750 1848; x_wconf 82' lang='lat' dir='ltr'><strong>adolescens</strong></span> 
     </span>
     <span class='ocr_line' id='line_1_13' title="bbox 1069 1885 2747 1974; baseline 0 -25"><span class='ocrx_word' id='word_1_82' title='bbox 1069 1885 1268 1950; x_wconf 83' lang='lat' dir='ltr'><strong>Tauri</strong></span> <span class='ocrx_word' id='word_1_83' title='bbox 1310 1886 1661 1974; x_wconf 87' lang='lat' dir='ltr'><strong>philosophi</strong></span> <span class='ocrx_word' id='word_1_84' title='bbox 1707 1885 2048 1974; x_wconf 89' lang='lat' dir='ltr'><strong>discipulus</strong></span> <span class='ocrx_word' id='word_1_85' title='bbox 2091 1885 2315 1952; x_wconf 86' lang='lat' dir='ltr'><strong>liberos</strong></span> <span class='ocrx_word' id='word_1_86' title='bbox 2365 1886 2644 1951; x_wconf 89' lang='lat' dir='ltr'><strong>homines</strong></span> <span class='ocrx_word' id='word_1_87' title='bbox 2684 1885 2747 1950; x_wconf 89' lang='lat' dir='ltr'><strong>in</strong></span> 
     </span>
     <span class='ocr_line' id='line_1_14' title="bbox 1064 1987 2750 2077; baseline 0 -25"><span class='ocrx_word' id='word_1_88' title='bbox 1064 1987 1295 2054; x_wconf 89' lang='lat' dir='ltr'><strong>deliciis</strong></span> <span class='ocrx_word' id='word_1_89' title='bbox 1322 2004 1512 2076; x_wconf 90' lang='lat' dir='ltr'><strong>atque</strong></span> <span class='ocrx_word' id='word_1_90' title='bbox 1539 1989 1599 2053; x_wconf 89' lang='lat' dir='ltr'><strong>in</strong></span> <span class='ocrx_word' id='word_1_91' title='bbox 1624 1989 2083 2054; x_wconf 78' lang='lat' dir='ltr'><strong>delectamentis</strong></span> <span class='ocrx_word' id='word_1_92' title='bbox 2109 1989 2398 2055; x_wconf 86' lang='lat' dir='ltr'><strong>habebat.</strong></span> <span class='ocrx_word' id='word_1_93' title='bbox 2447 1989 2527 2054; x_wconf 91' lang='lat' dir='ltr'><strong>Id</strong></span> <span class='ocrx_word' id='word_1_94' title='bbox 2549 2011 2750 2077; x_wconf 86' lang='lat' dir='ltr'><strong>genus</strong></span> 
     </span>
     <span class='ocr_line' id='line_1_15' title="bbox 1064 2092 2749 2180; baseline -0.001 -24"><span class='ocrx_word' id='word_1_95' title='bbox 1064 2106 1270 2157; x_wconf 90' lang='lat' dir='ltr'><strong>autem</strong></span> <span class='ocrx_word' id='word_1_96' title='bbox 1311 2092 1572 2157; x_wconf 85' lang='lat' dir='ltr'><strong>artifices</strong></span> <span class='ocrx_word' id='word_1_97' title='bbox 1604 2094 1825 2157; x_wconf 89' lang='lat' dir='ltr'><strong>Graece</strong></span> <span class='ocrx_word' id='word_1_98' title='bbox 1866 2092 2259 2180; x_wconf 82' lang='lat' dir='ltr'><strong>appellantur</strong></span> <span class='ocrx_word' id='word_1_99' title='bbox 2288 2096 2346 2157; x_wconf 81' lang='grc' dir='ltr'><strong>οἱ</strong></span> <span class='ocrx_word' id='word_1_100' title='bbox 2373 2093 2506 2175; x_wconf 88' lang='grc' dir='ltr'>περὶ</span> <span class='ocrx_word' id='word_1_101' title='bbox 2537 2094 2749 2156; x_wconf 80' lang='grc' dir='ltr'>Διόνυ-</span> 
     </span>
     <span class='ocr_line' id='line_1_16' title="bbox 1065 2193 2748 2279; baseline -0.001 -21"><span class='ocrx_word' id='word_1_102' title='bbox 1065 2221 1178 2259; x_wconf 90' lang='grc' dir='ltr'><strong>σον</strong></span> <span class='ocrx_word' id='word_1_103' title='bbox 1206 2202 1486 2279; x_wconf 82' lang='grc' dir='ltr'>τεχνῖται.</span> <span class='ocrx_word' id='word_1_104' title='bbox 1549 2198 1720 2259; x_wconf 90' lang='lat' dir='ltr'><strong>Eum</strong></span> <span class='ocrx_word' id='word_1_105' title='bbox 1751 2193 2196 2260; x_wconf 84' lang='lat' dir='ltr'><strong>adolescentem</strong></span> <span class='ocrx_word' id='word_1_106' title='bbox 2227 2197 2478 2260; x_wconf 86' lang='lat' dir='ltr'><strong>Taurus</strong></span> <span class='ocrx_word' id='word_1_107' title='bbox 2506 2218 2544 2259; x_wconf 93' lang='lat' dir='ltr'><strong>a</strong></span> <span class='ocrx_word' id='word_1_108' title='bbox 2573 2194 2748 2259; x_wconf 86' lang='lat' dir='ltr'><strong>soda-</strong></span> 
     </span>
     <span class='ocr_line' id='line_1_17' title="bbox 1062 2297 2742 2385; baseline 0 -24"><span class='ocrx_word' id='word_1_109' title='bbox 1062 2297 1339 2362; x_wconf 90' lang='lat' dir='ltr'><strong>litatibus</strong></span> <span class='ocrx_word' id='word_1_110' title='bbox 1381 2297 1794 2385; x_wconf 85' lang='lat' dir='ltr'><strong>convictuque</strong></span> <span class='ocrx_word' id='word_1_111' title='bbox 1836 2297 2155 2363; x_wconf 88' lang='lat' dir='ltr'><strong>hominum</strong></span> <span class='ocrx_word' id='word_1_112' title='bbox 2208 2299 2586 2364; x_wconf 88' lang='lat' dir='ltr'><strong>scenicorum</strong></span> <span class='ocrx_word' id='word_1_113' title='bbox 2632 2297 2742 2362; x_wconf 89' lang='lat' dir='ltr'><strong>ab·</strong></span> 
     </span>
     <span class='ocr_line' id='line_1_18' title="bbox 1060 2398 2745 2479; baseline -0.002 -13"><span class='ocrx_word' id='word_1_114' title='bbox 1060 2401 1286 2466; x_wconf 89' lang='lat' dir='ltr'><strong>ducere</strong></span> <span class='ocrx_word' id='word_1_115' title='bbox 1314 2401 1545 2479; x_wconf 86' lang='lat' dir='ltr'><strong>volens,</strong></span> <span class='ocrx_word' id='word_1_116' title='bbox 1575 2400 1742 2465; x_wconf 89' lang='lat' dir='ltr'><strong>misit</strong></span> <span class='ocrx_word' id='word_1_117' title='bbox 1781 2402 1837 2465; x_wconf 91' lang='lat' dir='ltr'><strong>ei</strong></span> <span class='ocrx_word' id='word_1_118' title='bbox 1880 2401 2064 2466; x_wconf 88' lang='lat' dir='ltr'><strong>verba</strong></span> <span class='ocrx_word' id='word_1_119' title='bbox 2107 2402 2240 2467; x_wconf 85' lang='lat' dir='ltr'><strong>haec</strong></span> <span class='ocrx_word' id='word_1_120' title='bbox 2281 2426 2359 2467; x_wconf 87' lang='lat' dir='ltr'><strong>ex</strong></span> <span class='ocrx_word' id='word_1_121' title='bbox 2390 2398 2745 2465; x_wconf 89' lang='lat' dir='ltr'><strong>Aristotelis</strong></span> 
     </span>
     <span class='ocr_line' id='line_1_19' title="bbox 1062 2504 2743 2592; baseline -0.001 -24"><span class='ocrx_word' id='word_1_122' title='bbox 1062 2504 1217 2569; x_wconf 91' lang='lat' dir='ltr'><strong>libro</strong></span> <span class='ocrx_word' id='word_1_123' title='bbox 1246 2504 1570 2592; x_wconf 87' lang='lat' dir='ltr'><strong>exscripta,</strong></span> <span class='ocrx_word' id='word_1_124' title='bbox 1602 2504 1711 2590; x_wconf 89' lang='lat' dir='ltr'><strong>qui</strong></span> <span class='ocrx_word' id='word_1_125' title='bbox 1739 2504 2133 2586; x_wconf 81' lang='grc' dir='ltr'>προβλήματα</span> <span class='ocrx_word' id='word_1_126' title='bbox 2162 2507 2442 2587; x_wconf 81' lang='grc' dir='ltr'>ἐγκύκλια</span> <span class='ocrx_word' id='word_1_127' title='bbox 2483 2504 2743 2591; x_wconf 88' lang='lat' dir='ltr'><strong>inscrip-</strong></span> 
     </span>
     <span class='ocr_line' id='line_1_20' title="bbox 1060 2606 2745 2694; baseline 0.001 -23"><span class='ocrx_word' id='word_1_128' title='bbox 1060 2625 1163 2672; x_wconf 91' lang='lat' dir='ltr'><strong>tus</strong></span> <span class='ocrx_word' id='word_1_129' title='bbox 1205 2622 1336 2680; x_wconf 84' lang='lat' dir='ltr'><strong>est:</strong></span> <span class='ocrx_word' id='word_1_130' title='bbox 1376 2606 1710 2694; x_wconf 89' lang='lat' dir='ltr'><strong>jussitque,</strong></span> <span class='ocrx_word' id='word_1_131' title='bbox 1742 2623 1815 2671; x_wconf 89' lang='lat' dir='ltr'><strong>ut</strong></span> <span class='ocrx_word' id='word_1_132' title='bbox 1843 2631 1915 2671; x_wconf 90' lang='lat' dir='ltr'><strong>ea</strong></span> <span class='ocrx_word' id='word_1_133' title='bbox 1943 2607 2220 2694; x_wconf 89' lang='lat' dir='ltr'><strong>quotidie</strong></span> <span class='ocrx_word' id='word_1_134' title='bbox 2263 2607 2600 2673; x_wconf 82' lang='lat' dir='ltr'><strong>lectitaret:</strong></span> <span class='ocrx_word' id='word_1_135' title='bbox 2648 2611 2745 2672; x_wconf 77' lang='grc' dir='ltr'>διὰ</span> 
     </span>
     <span class='ocr_line' id='line_1_21' title="bbox 1060 2710 2750 2794; baseline 0.001 -21"><span class='ocrx_word' id='word_1_136' title='bbox 1060 2712 1123 2774; x_wconf 80' lang='grc' dir='ltr'>τί</span> <span class='ocrx_word' id='word_1_137' title='bbox 1147 2713 1204 2775; x_wconf 80' lang='grc' dir='ltr'><strong>οἱ</strong></span> <span class='ocrx_word' id='word_1_138' title='bbox 1233 2712 1615 2775; x_wconf 86' lang='grc' dir='ltr'>Διονυσιακοὶ</span> <span class='ocrx_word' id='word_1_139' title='bbox 1644 2716 1906 2794; x_wconf 83' lang='grc' dir='ltr'>τεχνῖται</span> <span class='ocrx_word' id='word_1_140' title='bbox 1950 2712 2025 2778; x_wconf 84' lang='grc' dir='ltr'><strong>ὦς</strong></span> <span class='ocrx_word' id='word_1_141' title='bbox 2068 2710 2165 2774; x_wconf 79' lang='grc' dir='ltr'><strong>ἐπὶ</strong></span> <span class='ocrx_word' id='word_1_142' title='bbox 2206 2711 2274 2773; x_wconf 81' lang='grc' dir='ltr'><strong>τὸ</strong></span> <span class='ocrx_word' id='word_1_143' title='bbox 2316 2711 2473 2775; x_wconf 82' lang='grc' dir='ltr'>πολὺ</span> <span class='ocrx_word' id='word_1_144' title='bbox 2499 2712 2750 2792; x_wconf 89' lang='grc' dir='ltr'>πονηροί</span> 
     </span>
     <span class='ocr_line' id='line_1_22' title="bbox 1062 2812 2742 2886; baseline -0.001 -9"><span class='ocrx_word' id='word_1_145' title='bbox 1062 2815 1263 2886; x_wconf 74' lang='grc' dir='ltr'>ἐστινς</span> <span class='ocrx_word' id='word_1_146' title='bbox 1322 2841 1370 2876; x_wconf 90' lang='grc' dir='ltr'><strong>κ.</strong></span> <span class='ocrx_word' id='word_1_147' title='bbox 1409 2839 1463 2875; x_wconf 84' lang='grc' dir='ltr'><strong>τ.</strong></span> <span class='ocrx_word' id='word_1_148' title='bbox 1498 2814 1596 2874; x_wconf 83' lang='grc' dir='ltr'><strong>λ.”“’</strong></span> <span class='ocrx_word' id='word_1_149' title='bbox 1685 2813 1791 2875; x_wconf 93' lang='lat' dir='ltr'><strong>Tu</strong></span> <span class='ocrx_word' id='word_1_150' title='bbox 1846 2812 1971 2875; x_wconf 86' lang='lat' dir='ltr'><strong>vid.</strong></span> <span class='ocrx_word' id='word_1_151' title='bbox 2029 2812 2382 2877; x_wconf 86' lang='lat' dir='ltr'><strong>Aristotelis</strong></span> <span class='ocrx_word' id='word_1_152' title='bbox 2428 2812 2742 2877; x_wconf 90' lang='lat' dir='ltr'><strong>Problem.</strong></span> 
     </span>
     <span class='ocr_line' id='line_1_23' title="bbox 1062 2913 2738 3003; baseline 0.001 -25"><span class='ocrx_word' id='word_1_153' title='bbox 1062 2915 1308 2979; x_wconf 88' lang='lat' dir='ltr'>XXX.</span> <span class='ocrx_word' id='word_1_154' title='bbox 1341 2936 1433 2980; x_wconf 92' lang='lat'><strong>10.</strong></span> <span class='ocrx_word' id='word_1_155' title='bbox 1474 2938 1534 3002; x_wconf 89' lang='lat' dir='ltr'><strong>p.</strong></span> <span class='ocrx_word' id='word_1_156' title='bbox 1574 2932 1713 2980; x_wconf 78' lang='lat'><strong>220.</strong></span> <span class='ocrx_word' id='word_1_157' title='bbox 1749 2913 1920 3002; x_wconf 88' lang='lat' dir='ltr'><strong>Sylb.</strong></span> <span class='ocrx_word' id='word_1_158' title='bbox 2010 2917 2102 2980; x_wconf 90' lang='lat' dir='ltr'><strong>Et</strong></span> <span class='ocrx_word' id='word_1_159' title='bbox 2127 2915 2192 2978; x_wconf 93' lang='lat' dir='ltr'><strong>in</strong></span> <span class='ocrx_word' id='word_1_160' title='bbox 2221 2930 2536 2980; x_wconf 89' lang='lat' dir='ltr'><strong>contemtu</strong></span> <span class='ocrx_word' id='word_1_161' title='bbox 2566 2916 2738 3003; x_wconf 90' lang='lat' dir='ltr'><strong>apud</strong></span> 
     </span>
     <span class='ocr_line' id='line_1_24' title="bbox 1060 3016 2740 3106; baseline 0.001 -25"><span class='ocrx_word' id='word_1_162' title='bbox 1060 3016 1384 3105; x_wconf 88' lang='lat' dir='ltr'><strong>plerosque</strong></span> <span class='ocrx_word' id='word_1_163' title='bbox 1426 3019 1787 3082; x_wconf 67' lang='lat' dir='ltr'><strong>Graecorum</strong></span> <span class='ocrx_word' id='word_1_164' title='bbox 1830 3017 2020 3081; x_wconf 87' lang='lat' dir='ltr'><strong>fuisse</strong></span> <span class='ocrx_word' id='word_1_165' title='bbox 2062 3017 2361 3096; x_wconf 85' lang='lat' dir='ltr'><strong>tibicines,</strong></span> <span class='ocrx_word' id='word_1_166' title='bbox 2395 3036 2463 3083; x_wconf 86' lang='lat' dir='ltr'><strong>ut</strong></span> <span class='ocrx_word' id='word_1_167' title='bbox 2508 3019 2740 3106; x_wconf 92' lang='lat' dir='ltr'><strong>quibus</strong></span> 
     </span>
     <span class='ocr_line' id='line_1_25' title="bbox 1057 3119 2738 3208; baseline 0.001 -24"><span class='ocrx_word' id='word_1_168' title='bbox 1057 3120 1240 3184; x_wconf 87' lang='lat' dir='ltr'><strong>etiam</strong></span> <span class='ocrx_word' id='word_1_169' title='bbox 1294 3120 1574 3208; x_wconf 87' lang='lat' dir='ltr'><strong>Phrygia</strong></span> <span class='ocrx_word' id='word_1_170' title='bbox 1631 3120 1760 3185; x_wconf 87' lang='lat' dir='ltr'><strong>fere</strong></span> <span class='ocrx_word' id='word_1_171' title='bbox 1816 3136 1879 3185; x_wconf 90' lang='lat' dir='ltr'><strong>et</strong></span> <span class='ocrx_word' id='word_1_172' title='bbox 1936 3119 2176 3184; x_wconf 88' lang='lat' dir='ltr'><strong>servilia</strong></span> <span class='ocrx_word' id='word_1_173' title='bbox 2232 3122 2483 3186; x_wconf 90' lang='lat' dir='ltr'><strong>nomina</strong></span> <span class='ocrx_word' id='word_1_174' title='bbox 2536 3138 2738 3187; x_wconf 89' lang='lat' dir='ltr'><strong>essent</strong></span> 
     </span>
     <span class='ocr_line' id='line_1_26' title="bbox 1062 3224 2738 3314; baseline 0 -25"><span class='ocrx_word' id='word_1_175' title='bbox 1062 3224 1317 3305; x_wconf 90' lang='lat' dir='ltr'><strong>(Athen.</strong></span> <span class='ocrx_word' id='word_1_176' title='bbox 1352 3225 1546 3288; x_wconf 92' lang='lat' dir='ltr'>XIV.</span> <span class='ocrx_word' id='word_1_177' title='bbox 1592 3246 1658 3311; x_wconf 90' lang='lat' dir='ltr'><strong>p.</strong></span> <span class='ocrx_word' id='word_1_178' title='bbox 1680 3226 1828 3304; x_wconf 89' lang='lat'><strong>624.</strong></span> <span class='ocrx_word' id='word_1_179' title='bbox 1859 3224 1953 3308; x_wconf 91' lang='lat' dir='ltr'><strong>b.)</strong></span> <span class='ocrx_word' id='word_1_180' title='bbox 1986 3247 2111 3288; x_wconf 90' lang='lat' dir='ltr'><strong>non</strong></span> <span class='ocrx_word' id='word_1_181' title='bbox 2141 3239 2255 3303; x_wconf 86' lang='lat' dir='ltr'><strong>est,</strong></span> <span class='ocrx_word' id='word_1_182' title='bbox 2284 3225 2453 3313; x_wconf 92' lang='lat' dir='ltr'><strong>quod</strong></span> <span class='ocrx_word' id='word_1_183' title='bbox 2482 3248 2738 3314; x_wconf 88' lang='lat' dir='ltr'><strong>operose</strong></span> 
     </span>
     <span class='ocr_line' id='line_1_27' title="bbox 1056 3327 2735 3393; baseline 0.001 -1"><span class='ocrx_word' id='word_1_184' title='bbox 1056 3341 1447 3393; x_wconf 88' lang='lat' dir='ltr'><strong>monstretur.</strong></span> <span class='ocrx_word' id='word_1_185' title='bbox 1539 3330 1630 3392; x_wconf 93' lang='lat' dir='ltr'><strong>Et</strong></span> <span class='ocrx_word' id='word_1_186' title='bbox 1660 3327 1843 3392; x_wconf 94' lang='lat' dir='ltr'><strong>Plato</strong></span> <span class='ocrx_word' id='word_1_187' title='bbox 1871 3327 2083 3392; x_wconf 89' lang='lat' dir='ltr'><strong>tibiam</strong></span> <span class='ocrx_word' id='word_1_188' title='bbox 2127 3329 2208 3393; x_wconf 91' lang='lat' dir='ltr'><strong>ab</strong></span> <span class='ocrx_word' id='word_1_189' title='bbox 2236 3328 2598 3393; x_wconf 87' lang='lat' dir='ltr'><strong>educatione</strong></span> <span class='ocrx_word' id='word_1_190' title='bbox 2642 3353 2735 3393; x_wconf 90' lang='lat' dir='ltr'><strong>se-</strong></span> 
     </span>
     <span class='ocr_line' id='line_1_28' title="bbox 1044 3430 2737 3520; baseline 0 -24"><span class='ocrx_word' id='word_1_191' title='bbox 1044 3433 1327 3519; x_wconf 84' lang='lat' dir='ltr'><strong>junctam</strong></span> <span class='ocrx_word' id='word_1_192' title='bbox 1357 3430 1624 3496; x_wconf 88' lang='lat' dir='ltr'><strong>volebat.</strong></span> <span class='ocrx_word' id='word_1_193' title='bbox 1714 3431 1917 3518; x_wconf 88' lang='lat' dir='ltr'><strong>Cujus</strong></span> <span class='ocrx_word' id='word_1_194' title='bbox 1959 3431 2314 3520; x_wconf 87' lang='lat' dir='ltr'><strong>exemplum</strong></span> <span class='ocrx_word' id='word_1_195' title='bbox 2360 3432 2551 3496; x_wconf 86' lang='lat' dir='ltr'><strong>secuti</strong></span> <span class='ocrx_word' id='word_1_196' title='bbox 2594 3432 2737 3497; x_wconf 63' lang='lat' dir='ltr'><strong>Pla.</strong></span> 
     </span>
     <span class='ocr_line' id='line_1_29' title="bbox 1054 3533 2731 3623; baseline 0 -23"><span class='ocrx_word' id='word_1_197' title='bbox 1054 3534 1236 3600; x_wconf 87' lang='lat' dir='ltr'><strong>tonici</strong></span> <span class='ocrx_word' id='word_1_198' title='bbox 1267 3534 1617 3623; x_wconf 88' lang='lat' dir='ltr'><strong>philosophi</strong></span> <span class='ocrx_word' id='word_1_199' title='bbox 1645 3534 1764 3598; x_wconf 90' lang='lat' dir='ltr'><strong>hoc</strong></span> <span class='ocrx_word' id='word_1_200' title='bbox 1791 3533 2271 3599; x_wconf 89' lang='lat' dir='ltr'><strong>instrumentum</strong></span> <span class='ocrx_word' id='word_1_201' title='bbox 2296 3549 2366 3598; x_wconf 91' lang='lat' dir='ltr'><strong>ut</strong></span> <span class='ocrx_word' id='word_1_202' title='bbox 2393 3533 2731 3622; x_wconf 90' lang='lat' dir='ltr'><strong>plurimum</strong></span> 
     </span>
     <span class='ocr_line' id='line_1_30' title="bbox 1051 3636 2735 3724; baseline 0.001 -22"><span class='ocrx_word' id='word_1_203' title='bbox 1051 3638 1449 3711; x_wconf 78' lang='lat' dir='ltr'><strong>damnabant,</strong></span> <span class='ocrx_word' id='word_1_204' title='bbox 1481 3653 1553 3703; x_wconf 92' lang='lat' dir='ltr'><strong>ut</strong></span> <span class='ocrx_word' id='word_1_205' title='bbox 1590 3637 1764 3724; x_wconf 93' lang='lat' dir='ltr'><strong>quod</strong></span> <span class='ocrx_word' id='word_1_206' title='bbox 1806 3652 2077 3702; x_wconf 89' lang='lat' dir='ltr'><strong>mentem</strong></span> <span class='ocrx_word' id='word_1_207' title='bbox 2115 3636 2401 3724; x_wconf 87' lang='lat' dir='ltr'><strong>eriperet,</strong></span> <span class='ocrx_word' id='word_1_208' title='bbox 2432 3653 2495 3703; x_wconf 92' lang='lat' dir='ltr'><strong>et</strong></span> <span class='ocrx_word' id='word_1_209' title='bbox 2534 3638 2735 3703; x_wconf 87' lang='lat' dir='ltr'><strong>varios</strong></span> 
     </span>
     <span class='ocr_line' id='line_1_31' title="bbox 1049 3739 2732 3827; baseline 0 -22"><span class='ocrx_word' id='word_1_210' title='bbox 1049 3757 1255 3806; x_wconf 91' lang='lat' dir='ltr'><strong>motus</strong></span> <span class='ocrx_word' id='word_1_211' title='bbox 1303 3742 1489 3806; x_wconf 89' lang='lat' dir='ltr'><strong>animi</strong></span> <span class='ocrx_word' id='word_1_212' title='bbox 1538 3741 1746 3807; x_wconf 88' lang='lat' dir='ltr'><strong>cieret.</strong></span> <span class='ocrx_word' id='word_1_213' title='bbox 1837 3741 1981 3806; x_wconf 94' lang='lat' dir='ltr'><strong>Vid.</strong></span> <span class='ocrx_word' id='word_1_214' title='bbox 2024 3740 2273 3805; x_wconf 87' lang='lat' dir='ltr'><strong>Platon.</strong></span> <span class='ocrx_word' id='word_1_215' title='bbox 2323 3740 2403 3804; x_wconf 91' lang='lat' dir='ltr'><strong>de</strong></span> <span class='ocrx_word' id='word_1_216' title='bbox 2454 3739 2732 3827; x_wconf 89' lang='lat' dir='ltr'><strong>Republ.</strong></span> 
     </span>
     <span class='ocr_line' id='line_1_32' title="bbox 1053 3844 2728 3932; baseline -0.001 -24"><span class='ocrx_word' id='word_1_217' title='bbox 1053 3845 1193 3932; x_wconf 72' lang='grc' dir='ltr'><strong>ΙΙΙ.</strong></span> <span class='ocrx_word' id='word_1_218' title='bbox 1238 3869 1303 3932; x_wconf 86' lang='lat' dir='ltr'><strong>p.</strong></span> <span class='ocrx_word' id='word_1_219' title='bbox 1334 3847 1485 3931; x_wconf 84' lang='lat'><strong>398.</strong></span> <span class='ocrx_word' id='word_1_220' title='bbox 1515 3869 1604 3932; x_wconf 90' lang='lat' dir='ltr'><strong>sq.</strong></span> <span class='ocrx_word' id='word_1_221' title='bbox 1635 3844 1715 3909; x_wconf 91' lang='lat' dir='ltr'><strong>de</strong></span> <span class='ocrx_word' id='word_1_222' title='bbox 1747 3846 1949 3932; x_wconf 87' lang='lat' dir='ltr'><strong>Legg.</strong></span> <span class='ocrx_word' id='word_1_223' title='bbox 1983 3844 2084 3908; x_wconf 94' lang='lat' dir='ltr'><strong>II.</strong></span> <span class='ocrx_word' id='word_1_224' title='bbox 2130 3867 2197 3931; x_wconf 95' lang='lat' dir='ltr'><strong>p.</strong></span> <span class='ocrx_word' id='word_1_225' title='bbox 2228 3846 2376 3929; x_wconf 92' lang='lat'><strong>669.</strong></span> <span class='ocrx_word' id='word_1_226' title='bbox 2405 3867 2494 3929; x_wconf 93' lang='lat' dir='ltr'><strong>sq.</strong></span> <span class='ocrx_word' id='word_1_227' title='bbox 2543 3861 2608 3907; x_wconf 91' lang='lat' dir='ltr'><strong>et</strong></span> <span class='ocrx_word' id='word_1_228' title='bbox 2650 3845 2728 3908; x_wconf 86' lang='lat' dir='ltr'><strong>cf.</strong></span> 
     </span>
     <span class='ocr_line' id='line_1_33' title="bbox 1052 3946 2730 4035; baseline -0.001 -26"><span class='ocrx_word' id='word_1_229' title='bbox 1052 3946 1249 4011; x_wconf 88' lang='lat' dir='ltr'><strong>Procli</strong></span> <span class='ocrx_word' id='word_1_230' title='bbox 1292 3947 1610 4035; x_wconf 89' lang='lat' dir='ltr'><strong>disputata</strong></span> <span class='ocrx_word' id='word_1_231' title='bbox 1651 3947 1713 4010; x_wconf 93' lang='lat' dir='ltr'><strong>in</strong></span> <span class='ocrx_word' id='word_1_232' title='bbox 1760 3946 2038 4012; x_wconf 87' lang='lat' dir='ltr'><strong>Platonis</strong></span> <span class='ocrx_word' id='word_1_233' title='bbox 2082 3946 2288 4011; x_wconf 90' lang='lat' dir='ltr'><strong>Alcib.</strong></span> <span class='ocrx_word' id='word_1_234' title='bbox 2337 3946 2439 4009; x_wconf 88' lang='lat'><strong>68.</strong></span> <span class='ocrx_word' id='word_1_235' title='bbox 2485 3969 2549 4033; x_wconf 89' lang='lat' dir='ltr'><strong>p.</strong></span> <span class='ocrx_word' id='word_1_236' title='bbox 2588 3963 2730 4030; x_wconf 91' lang='lat'><strong>197.</strong></span> 
     </span>
     <span class='ocr_line' id='line_1_34' title="bbox 1049 4048 2730 4136; baseline 0.001 -24"><span class='ocrx_word' id='word_1_237' title='bbox 1049 4073 1142 4136; x_wconf 90' lang='lat' dir='ltr'><strong>sq.</strong></span> <span class='ocrx_word' id='word_1_238' title='bbox 1173 4048 1273 4113; x_wconf 91' lang='lat' dir='ltr'><strong>ed.</strong></span> <span class='ocrx_word' id='word_1_239' title='bbox 1305 4049 1597 4113; x_wconf 81' lang='lat' dir='ltr'><strong>Francos.</strong></span> <span class='ocrx_word' id='word_1_240' title='bbox 1657 4048 1862 4114; x_wconf 90' lang='lat' dir='ltr'><strong>Possit</strong></span> <span class='ocrx_word' id='word_1_241' title='bbox 1888 4048 2196 4136; x_wconf 88' lang='lat' dir='ltr'><strong>quispiam</strong></span> <span class='ocrx_word' id='word_1_242' title='bbox 2227 4048 2383 4113; x_wconf 90' lang='lat' dir='ltr'><strong>illud</strong></span> <span class='ocrx_word' id='word_1_243' title='bbox 2416 4049 2730 4129; x_wconf 79' lang='grc' dir='ltr'>αὐλητικὸν</span> 
     </span>
     <span class='ocr_line' id='line_1_35' title="bbox 1049 4149 2728 4239; baseline -0.001 -24"><span class='ocrx_word' id='word_1_244' title='bbox 1049 4151 1221 4219; x_wconf 80' lang='grc' dir='ltr'>τέλος</span> <span class='ocrx_word' id='word_1_245' title='bbox 1260 4151 1350 4216; x_wconf 89' lang='lat' dir='ltr'><strong>ita</strong></span> <span class='ocrx_word' id='word_1_246' title='bbox 1391 4151 1664 4239; x_wconf 89' lang='lat' dir='ltr'><strong>accipere</strong></span> <span class='ocrx_word' id='word_1_247' title='bbox 1701 4149 1880 4230; x_wconf 84' lang='lat' dir='ltr'><strong>velle,</strong></span> <span class='ocrx_word' id='word_1_248' title='bbox 1912 4149 2143 4237; x_wconf 92' lang='lat' dir='ltr'><strong>quibus</strong></span> <span class='ocrx_word' id='word_1_249' title='bbox 2184 4151 2574 4238; x_wconf 88' lang='lat' dir='ltr'><strong>propositum</strong></span> <span class='ocrx_word' id='word_1_250' title='bbox 2614 4165 2728 4229; x_wconf 90' lang='lat' dir='ltr'><strong>est,</strong></span> 
     </span>
     <span class='ocr_line' id='line_1_36' title="bbox 1049 4252 2727 4342; baseline -0.002 -23"><span class='ocrx_word' id='word_1_251' title='bbox 1049 4269 1120 4319; x_wconf 92' lang='lat' dir='ltr'><strong>ut</strong></span> <span class='ocrx_word' id='word_1_252' title='bbox 1170 4253 1303 4319; x_wconf 87' lang='lat' dir='ltr'><strong>aliis</strong></span> <span class='ocrx_word' id='word_1_253' title='bbox 1352 4254 1739 4342; x_wconf 89' lang='lat' dir='ltr'><strong>voluptatem</strong></span> <span class='ocrx_word' id='word_1_254' title='bbox 1790 4252 2172 4327; x_wconf 79' lang='lat' dir='ltr'><strong>exhibeant:</strong></span> <span class='ocrx_word' id='word_1_255' title='bbox 2240 4276 2429 4339; x_wconf 91' lang='lat' dir='ltr'><strong>quam</strong></span> <span class='ocrx_word' id='word_1_256' title='bbox 2480 4253 2546 4318; x_wconf 92' lang='lat' dir='ltr'><strong>in</strong></span> <span class='ocrx_word' id='word_1_257' title='bbox 2597 4276 2727 4318; x_wconf 91' lang='lat' dir='ltr'><strong>rem</strong></span> 
     </span>
     <span class='ocr_line' id='line_1_37' title="bbox 1046 4354 2727 4444; baseline -0.001 -23"><span class='ocrx_word' id='word_1_258' title='bbox 1046 4356 1258 4422; x_wconf 89' lang='lat' dir='ltr'><strong>fecerit</strong></span> <span class='ocrx_word' id='word_1_259' title='bbox 1307 4356 1476 4421; x_wconf 90' lang='lat' dir='ltr'><strong>locus</strong></span> <span class='ocrx_word' id='word_1_260' title='bbox 1525 4354 1849 4421; x_wconf 89' lang='lat' dir='ltr'><strong>Plutarchi</strong></span> <span class='ocrx_word' id='word_1_261' title='bbox 1900 4357 2012 4419; x_wconf 88' lang='lat' dir='ltr'><strong>An</strong></span> <span class='ocrx_word' id='word_1_262' title='bbox 2063 4354 2191 4419; x_wconf 89' lang='lat' dir='ltr'><strong>seni</strong></span> <span class='ocrx_word' id='word_1_263' title='bbox 2250 4356 2327 4421; x_wconf 90' lang='lat' dir='ltr'><strong>sit</strong></span> <span class='ocrx_word' id='word_1_264' title='bbox 2380 4379 2514 4443; x_wconf 88' lang='lat' dir='ltr'><strong>ger.</strong></span> <span class='ocrx_word' id='word_1_265' title='bbox 2561 4380 2727 4444; x_wconf 90' lang='lat' dir='ltr'><strong>resp.</strong></span> 
     </span>
     <span class='ocr_line' id='line_1_38' title="bbox 1044 4457 2726 4547; baseline -0.001 -24"><span class='ocrx_word' id='word_1_266' title='bbox 1044 4483 1110 4547; x_wconf 88' lang='lat' dir='ltr'><strong>p.</strong></span> <span class='ocrx_word' id='word_1_267' title='bbox 1137 4461 1282 4543; x_wconf 91' lang='lat'><strong>786.</strong></span> <span class='ocrx_word' id='word_1_268' title='bbox 1310 4463 1394 4526; x_wconf 92' lang='lat' dir='ltr'><strong>A.</strong></span> <span class='ocrx_word' id='word_1_269' title='bbox 1415 4461 1490 4525; x_wconf 91' lang='lat' dir='ltr'><strong>B.</strong></span> <span class='ocrx_word' id='word_1_270' title='bbox 1583 4457 1709 4523; x_wconf 90' lang='lat' dir='ltr'><strong>Sed</strong></span> <span class='ocrx_word' id='word_1_271' title='bbox 1752 4457 2290 4544; x_wconf 85' lang='lat' dir='ltr'><strong>simplicissimum,</strong></span> <span class='ocrx_word' id='word_1_272' title='bbox 2330 4481 2430 4524; x_wconf 89' lang='lat' dir='ltr'><strong>me</strong></span> <span class='ocrx_word' id='word_1_273' title='bbox 2473 4459 2726 4547; x_wconf 87' lang='lat' dir='ltr'><strong>quidem</strong></span> 
     </span>
     <span class='ocr_line' id='line_1_39' title="bbox 1037 4560 2726 4649; baseline -0.001 -22"><span class='ocrx_word' id='word_1_274' title='bbox 1037 4562 1273 4648; x_wconf 89' lang='lat' dir='ltr'><strong>judice,</strong></span> <span class='ocrx_word' id='word_1_275' title='bbox 1306 4562 1405 4642; x_wconf 84' lang='lat' dir='ltr'><strong>sit,</strong></span> <span class='ocrx_word' id='word_1_276' title='bbox 1436 4561 1485 4626; x_wconf 89' lang='lat' dir='ltr'><strong>si</strong></span> <span class='ocrx_word' id='word_1_277' title='bbox 1525 4561 1611 4627; x_wconf 89' lang='lat' dir='ltr'><strong>ita</strong></span> <span class='ocrx_word' id='word_1_278' title='bbox 1649 4560 2069 4649; x_wconf 85' lang='lat' dir='ltr'><strong>explicemus:</strong></span> <span class='ocrx_word' id='word_1_279' title='bbox 2122 4560 2287 4625; x_wconf 89' lang='lat' dir='ltr'><strong>illam</strong></span> <span class='ocrx_word' id='word_1_280' title='bbox 2329 4576 2726 4627; x_wconf 85' lang='lat' dir='ltr'><strong>externorum</strong></span> 
     </span>
     <span class='ocr_line' id='line_1_40' title="bbox 1042 4664 2727 4751; baseline -0.002 -20"><span class='ocrx_word' id='word_1_281' title='bbox 1042 4666 1345 4731; x_wconf 90' lang='lat' dir='ltr'><strong>bonorum</strong></span> <span class='ocrx_word' id='word_1_282' title='bbox 1391 4664 1767 4730; x_wconf 87' lang='lat' dir='ltr'><strong>affluentiam</strong></span> <span class='ocrx_word' id='word_1_283' title='bbox 1795 4687 1875 4728; x_wconf 89' lang='lat' dir='ltr'><strong>ne</strong></span> <span class='ocrx_word' id='word_1_284' title='bbox 1903 4664 1983 4728; x_wconf 88' lang='lat' dir='ltr'><strong>ad</strong></span> <span class='ocrx_word' id='word_1_285' title='bbox 2012 4687 2225 4728; x_wconf 90' lang='lat' dir='ltr'><strong>eorum</strong></span> <span class='ocrx_word' id='word_1_286' title='bbox 2256 4664 2509 4751; x_wconf 91' lang='lat' dir='ltr'><strong>quidem</strong></span> <span class='ocrx_word' id='word_1_287' title='bbox 2540 4665 2727 4728; x_wconf 85' lang='lat' dir='ltr'><strong>finem</strong></span> 
     </span>
     <span class='ocr_line' id='line_1_41' title="bbox 1043 4766 2726 4855; baseline 0.001 -24"><span class='ocrx_word' id='word_1_288' title='bbox 1043 4768 1364 4833; x_wconf 89' lang='lat' dir='ltr'><strong>hominum</strong></span> <span class='ocrx_word' id='word_1_289' title='bbox 1415 4768 1718 4846; x_wconf 86' lang='lat' dir='ltr'><strong>conferre,</strong></span> <span class='ocrx_word' id='word_1_290' title='bbox 1765 4766 1876 4854; x_wconf 91' lang='lat' dir='ltr'><strong>qui</strong></span> <span class='ocrx_word' id='word_1_291' title='bbox 1925 4790 1963 4831; x_wconf 93' lang='lat' dir='ltr'><strong>a</strong></span> <span class='ocrx_word' id='word_1_292' title='bbox 2018 4766 2367 4855; x_wconf 89' lang='lat' dir='ltr'><strong>sapientum</strong></span> <span class='ocrx_word' id='word_1_293' title='bbox 2420 4767 2726 4853; x_wconf 84' lang='lat' dir='ltr'><strong>gravitate</strong></span> 
     </span>
     <span class='ocr_line' id='line_1_42' title="bbox 1041 4868 2721 4959; baseline -0.001 -24"><span class='ocrx_word' id='word_1_294' title='bbox 1041 4870 1396 4959; x_wconf 84' lang='lat' dir='ltr'><strong>longissimo</strong></span> <span class='ocrx_word' id='word_1_295' title='bbox 1441 4871 1672 4936; x_wconf 86' lang='lat' dir='ltr'><strong>distent</strong></span> <span class='ocrx_word' id='word_1_296' title='bbox 1721 4869 2083 4935; x_wconf 83' lang='lat' dir='ltr'><strong>intervallo:</strong></span> <span class='ocrx_word' id='word_1_297' title='bbox 2146 4868 2267 4948; x_wconf 85' lang='lat' dir='ltr'><strong>vel,</strong></span> <span class='ocrx_word' id='word_1_298' title='bbox 2316 4869 2410 4933; x_wconf 89' lang='lat' dir='ltr'><strong>uti</strong></span> <span class='ocrx_word' id='word_1_299' title='bbox 2450 4869 2721 4956; x_wconf 87' lang='lat' dir='ltr'><strong>Engelh.</strong></span> 
     </span>
    </p>
   </div>
   <div class='ocr_carea' id='block_1_3' title="bbox 903 4971 2719 5062">
    <p class='ocr_par' dir='ltr' id='par_1_3' title="bbox 903 4971 2719 5062">
     <span class='ocr_line' id='line_1_43' title="bbox 903 4971 2719 5062; baseline -0.002 -23"><span class='ocrx_word' id='word_1_300' title='bbox 903 5025 909 5031; x_wconf 88' lang='lat'><strong>.</strong></span> <span class='ocrx_word' id='word_1_301' title='bbox 1041 4973 1360 5062; x_wconf 85' lang='lat' dir='ltr'><strong>expressit,</strong></span> <span class='ocrx_word' id='word_1_302' title='bbox 1415 4998 1492 5040; x_wconf 91' lang='lat' dir='ltr'><strong>ne</strong></span> <span class='ocrx_word' id='word_1_303' title='bbox 1539 4975 1621 5039; x_wconf 90' lang='lat' dir='ltr'><strong>ad</strong></span> <span class='ocrx_word' id='word_1_304' title='bbox 1672 4973 1974 5038; x_wconf 88' lang='lat' dir='ltr'><strong>incuriam</strong></span> <span class='ocrx_word' id='word_1_305' title='bbox 2026 4971 2304 5059; x_wconf 91' lang='lat' dir='ltr'><strong>quidem,</strong></span> <span class='ocrx_word' id='word_1_306' title='bbox 2349 4972 2476 5037; x_wconf 87' lang='lat' dir='ltr'><strong>sive</strong></span> <span class='ocrx_word' id='word_1_307' title='bbox 2528 4971 2719 5036; x_wconf 86' lang='lat' dir='ltr'><strong>vitam</strong></span> 
     </span>
    </p>
   </div>
   <div class='ocr_carea' id='block_1_4' title="bbox 1025 5076 2721 5470">
    <p class='ocr_par' dir='ltr' id='par_1_4' title="bbox 1040 5076 2080 5164">
     <span class='ocr_line' id='line_1_44' title="bbox 1040 5076 2080 5164; baseline -0.003 -22"><span class='ocrx_word' id='word_1_308' title='bbox 1040 5076 1205 5142; x_wconf 91' lang='lat' dir='ltr'><strong>curis</strong></span> <span class='ocrx_word' id='word_1_309' title='bbox 1230 5076 1413 5164; x_wconf 91' lang='lat' dir='ltr'><strong>plane</strong></span> <span class='ocrx_word' id='word_1_310' title='bbox 1441 5100 1697 5142; x_wconf 82' lang='lat' dir='ltr'><strong>vacuam</strong></span> <span class='ocrx_word' id='word_1_311' title='bbox 1731 5076 2080 5140; x_wconf 88' lang='lat' dir='ltr'><strong>conferunt.</strong></span> 
     </span>
    </p>

    <p class='ocr_par' dir='ltr' id='par_1_5' title="bbox 1025 5176 2721 5470">
     <span class='ocr_line' id='line_1_45' title="bbox 1109 5176 2721 5269; baseline -0.001 -26"><span class='ocrx_word' id='word_1_312' title='bbox 1109 5204 1171 5269; x_wconf 90' lang='lat' dir='ltr'><strong>p.</strong></span> <span class='ocrx_word' id='word_1_313' title='bbox 1201 5181 1306 5265; x_wconf 91' lang='lat'><strong>76,</strong></span> <span class='ocrx_word' id='word_1_314' title='bbox 1340 5198 1434 5261; x_wconf 90' lang='lat'><strong>17.</strong></span> <span class='ocrx_word' id='word_1_315' title='bbox 1464 5183 1612 5260; x_wconf 72' lang='grc' dir='ltr'>μετὰ</span> <span class='ocrx_word' id='word_1_316' title='bbox 1640 5184 1739 5260; x_wconf 81' lang='grc' dir='ltr'><strong>τῆς</strong></span> <span class='ocrx_word' id='word_1_317' title='bbox 1767 5178 2050 5260; x_wconf 81' lang='grc' dir='ltr'>ἡμετέρας</span> <span class='ocrx_word' id='word_1_318' title='bbox 2078 5178 2418 5266; x_wconf 79' lang='grc' dir='ltr'>ἀσθενείας]</span> <span class='ocrx_word' id='word_1_319' title='bbox 2450 5178 2567 5241; x_wconf 75' lang='lat' dir='ltr'><strong>Ea*</strong></span> <span class='ocrx_word' id='word_1_320' title='bbox 2595 5176 2721 5241; x_wconf 89' lang='lat' dir='ltr'><strong>sive</strong></span> 
     </span>
     <span class='ocr_line' id='line_1_46' title="bbox 1025 5278 2720 5372; baseline -0.003 -25"><span class='ocrx_word' id='word_1_321' title='bbox 1025 5307 1176 5372; x_wconf 78' lang='lat' dir='ltr'><strong>pre,</strong></span> <span class='ocrx_word' id='word_1_322' title='bbox 1207 5283 1269 5347; x_wconf 93' lang='lat' dir='ltr'><strong>in</strong></span> <span class='ocrx_word' id='word_1_323' title='bbox 1313 5282 1536 5348; x_wconf 84' lang='lat' dir='ltr'><strong>affectu</strong></span> <span class='ocrx_word' id='word_1_324' title='bbox 1568 5280 1950 5370; x_wconf 88' lang='lat' dir='ltr'><strong>designando</strong></span> <span class='ocrx_word' id='word_1_325' title='bbox 1976 5280 2076 5346; x_wconf 87' lang='lat' dir='ltr'><strong>vel</strong></span> <span class='ocrx_word' id='word_1_326' title='bbox 2104 5280 2306 5346; x_wconf 86' lang='lat' dir='ltr'><strong>forma</strong></span> <span class='ocrx_word' id='word_1_327' title='bbox 2330 5303 2458 5367; x_wconf 90' lang='lat' dir='ltr'><strong>qua</strong></span> <span class='ocrx_word' id='word_1_328' title='bbox 2483 5278 2720 5366; x_wconf 88' lang='lat' dir='ltr'><strong>aliquid</strong></span> 
     </span>
     <span class='ocr_line' id='line_1_47' title="bbox 1036 5381 2719 5470; baseline -0.004 -19"><span class='ocrx_word' id='word_1_329' title='bbox 1036 5387 1108 5452; x_wconf 86' lang='lat' dir='ltr'><strong>fit</strong></span> <span class='ocrx_word' id='word_1_330' title='bbox 1157 5386 1255 5451; x_wconf 87' lang='lat' dir='ltr'><strong>vel</strong></span> <span class='ocrx_word' id='word_1_331' title='bbox 1306 5388 1488 5451; x_wconf 87' lang='lat' dir='ltr'><strong>etiam</strong></span> <span class='ocrx_word' id='word_1_332' title='bbox 1540 5385 1734 5464; x_wconf 88' lang='lat' dir='ltr'><strong>fonte,</strong></span> <span class='ocrx_word' id='word_1_333' title='bbox 1786 5383 1954 5448; x_wconf 88' lang='lat' dir='ltr'><strong>unde</strong></span> <span class='ocrx_word' id='word_1_334' title='bbox 2008 5382 2244 5470; x_wconf 88' lang='lat' dir='ltr'><strong>aliquid</strong></span> <span class='ocrx_word' id='word_1_335' title='bbox 2301 5382 2462 5448; x_wconf 88' lang='lat' dir='ltr'><strong>fluit.</strong></span> <span class='ocrx_word' id='word_1_336' title='bbox 2572 5381 2719 5446; x_wconf 92' lang='lat' dir='ltr'><strong>Vid.</strong></span> 
     </span>
    </p>
   </div>
   <div class='ocr_carea' id='block_1_5' title="bbox 1039 5484 2717 5578">
    <p class='ocr_par' dir='ltr' id='par_1_6' title="bbox 1039 5484 2717 5578">
     <span class='ocr_line' id='line_1_48' title="bbox 1039 5484 2717 5578; baseline -0.001 -25"><span class='ocrx_word' id='word_1_337' title='bbox 1039 5489 1386 5578; x_wconf 81' lang='lat' dir='ltr'><strong>Schweigh.</strong></span> <span class='ocrx_word' id='word_1_338' title='bbox 1410 5490 1570 5554; x_wconf 88' lang='lat' dir='ltr'><strong>Lex.</strong></span> <span class='ocrx_word' id='word_1_339' title='bbox 1594 5486 1823 5576; x_wconf 90' lang='lat' dir='ltr'><strong>Polyb.</strong></span> <span class='ocrx_word' id='word_1_340' title='bbox 1853 5509 1916 5575; x_wconf 88' lang='lat' dir='ltr'><strong>p.</strong></span> <span class='ocrx_word' id='word_1_341' title='bbox 1936 5487 2084 5573; x_wconf 86' lang='lat'><strong>382.</strong></span> <span class='ocrx_word' id='word_1_342' title='bbox 2133 5484 2521 5551; x_wconf 88' lang='lat' dir='ltr'><strong>Schleusneri</strong></span> <span class='ocrx_word' id='word_1_343' title='bbox 2552 5485 2717 5551; x_wconf 86' lang='lat' dir='ltr'><strong>Lex.</strong></span> 
     </span>
    </p>
   </div>
   <div class='ocr_carea' id='block_1_6' title="bbox 2805 755 4522 5567">
    <p class='ocr_par' dir='ltr' id='par_1_7' title="bbox 2840 755 4521 945">
     <span class='ocr_line' id='line_1_49' title="bbox 2840 755 4521 845; baseline 0.001 -25"><span class='ocrx_word' id='word_1_344' title='bbox 2840 757 2927 820; x_wconf 94' lang='lat' dir='ltr'><strong>N.</strong></span> <span class='ocrx_word' id='word_1_345' title='bbox 2949 756 3029 821; x_wconf 93' lang='lat' dir='ltr'><strong>T.</strong></span> <span class='ocrx_word' id='word_1_346' title='bbox 3060 755 3123 820; x_wconf 89' lang='lat' dir='ltr'><strong>in</strong></span> <span class='ocrx_word' id='word_1_347' title='bbox 3161 761 3311 837; x_wconf 75' lang='grc' dir='ltr'>μετὰ</span> <span class='ocrx_word' id='word_1_348' title='bbox 3352 772 3416 823; x_wconf 88' lang='lat' dir='ltr'><strong>et</strong></span> <span class='ocrx_word' id='word_1_349' title='bbox 3443 757 3738 823; x_wconf 86' lang='lat' dir='ltr'><strong>Valcken.</strong></span> <span class='ocrx_word' id='word_1_350' title='bbox 3771 756 4001 823; x_wconf 89' lang='lat' dir='ltr'><strong>Scholl.</strong></span> <span class='ocrx_word' id='word_1_351' title='bbox 4031 757 4098 822; x_wconf 90' lang='lat' dir='ltr'><strong>in</strong></span> <span class='ocrx_word' id='word_1_352' title='bbox 4127 759 4214 822; x_wconf 94' lang='lat' dir='ltr'><strong>N.</strong></span> <span class='ocrx_word' id='word_1_353' title='bbox 4236 757 4317 821; x_wconf 93' lang='lat' dir='ltr'><strong>T.</strong></span> <span class='ocrx_word' id='word_1_354' title='bbox 4348 757 4405 821; x_wconf 93' lang='grc' dir='ltr'><strong>Ι.</strong></span> <span class='ocrx_word' id='word_1_355' title='bbox 4452 781 4521 845; x_wconf 89' lang='lat' dir='ltr'><strong>p.</strong></span> 
     </span>
     <span class='ocr_line' id='line_1_50' title="bbox 2842 858 3335 945; baseline 0.006 -23"><span class='ocrx_word' id='word_1_356' title='bbox 2842 877 2987 944; x_wconf 83' lang='lat'><strong>575.</strong></span> <span class='ocrx_word' id='word_1_357' title='bbox 3020 858 3155 923; x_wconf 88' lang='lat' dir='ltr'><strong>coll.</strong></span> <span class='ocrx_word' id='word_1_358' title='bbox 3186 861 3335 945; x_wconf 83' lang='lat'><strong>366.</strong></span> 
     </span>
    </p>

    <p class='ocr_par' dir='ltr' id='par_1_8' title="bbox 2831 963 4522 2158">
     <span class='ocr_line' id='line_1_51' title="bbox 2928 963 4514 1049; baseline 0.001 -24"><span class='ocrx_word' id='word_1_359' title='bbox 2928 985 2995 1049; x_wconf 89' lang='lat' dir='ltr'><strong>p.</strong></span> <span class='ocrx_word' id='word_1_360' title='bbox 3031 979 3230 1048; x_wconf 82' lang='lat'><strong>77‚3.</strong></span> <span class='ocrx_word' id='word_1_361' title='bbox 3277 966 3425 1028; x_wconf 80' lang='grc' dir='ltr'>οὕτω</span> <span class='ocrx_word' id='word_1_362' title='bbox 3481 967 3598 1046; x_wconf 79' lang='grc' dir='ltr'><strong>γὰρ</strong></span> <span class='ocrx_word' id='word_1_363' title='bbox 3650 963 3744 1027; x_wconf 82' lang='grc' dir='ltr'><strong>καὶ</strong></span> <span class='ocrx_word' id='word_1_364' title='bbox 3798 963 3969 1042; x_wconf 76' lang='grc' dir='ltr'>ἀδεὴς</span> <span class='ocrx_word' id='word_1_365' title='bbox 4027 963 4195 1027; x_wconf 79' lang='grc' dir='ltr'>ἔσται</span> <span class='ocrx_word' id='word_1_366' title='bbox 4254 991 4305 1027; x_wconf 88' lang='grc' dir='ltr'><strong>κ.</strong></span> <span class='ocrx_word' id='word_1_367' title='bbox 4340 989 4395 1026; x_wconf 87' lang='grc' dir='ltr'><strong>τ.</strong></span> <span class='ocrx_word' id='word_1_368' title='bbox 4425 965 4514 1048; x_wconf 87' lang='grc' dir='ltr'><strong>λ.]</strong></span> 
     </span>
     <span class='ocr_line' id='line_1_52' title="bbox 2844 1064 4522 1153; baseline 0.002 -25"><span class='ocrx_word' id='word_1_369' title='bbox 2844 1066 3006 1129; x_wconf 87' lang='lat' dir='ltr'><strong>Haec</strong></span> <span class='ocrx_word' id='word_1_370' title='bbox 3049 1080 3112 1129; x_wconf 87' lang='lat' dir='ltr'><strong>et</strong></span> <span class='ocrx_word' id='word_1_371' title='bbox 3155 1066 3476 1152; x_wconf 89' lang='lat' dir='ltr'><strong>sequentia</strong></span> <span class='ocrx_word' id='word_1_372' title='bbox 3517 1065 3853 1129; x_wconf 88' lang='lat' dir='ltr'><strong>admonent</strong></span> <span class='ocrx_word' id='word_1_373' title='bbox 3898 1064 4270 1153; x_wconf 88' lang='lat' dir='ltr'><strong>Chrysippei</strong></span> <span class='ocrx_word' id='word_1_374' title='bbox 4313 1066 4522 1153; x_wconf 86' lang='lat' dir='ltr'><strong>placiti</strong></span> 
     </span>
     <span class='ocr_line' id='line_1_53' title="bbox 2839 1167 4521 1256; baseline 0 -24"><span class='ocrx_word' id='word_1_375' title='bbox 2839 1191 2940 1255; x_wconf 90' lang='lat' dir='ltr'><strong>ap.</strong></span> <span class='ocrx_word' id='word_1_376' title='bbox 2976 1167 3300 1233; x_wconf 87' lang='lat' dir='ltr'><strong>Plutarch.</strong></span> <span class='ocrx_word' id='word_1_377' title='bbox 3334 1168 3414 1233; x_wconf 91' lang='lat' dir='ltr'><strong>de</strong></span> <span class='ocrx_word' id='word_1_378' title='bbox 3447 1171 3741 1256; x_wconf 85' lang='lat' dir='ltr'><strong>Repugn.</strong></span> <span class='ocrx_word' id='word_1_379' title='bbox 3775 1167 3964 1233; x_wconf 90' lang='lat' dir='ltr'><strong>Stoic.</strong></span> <span class='ocrx_word' id='word_1_380' title='bbox 3999 1170 4054 1251; x_wconf 64' lang='grc' dir='ltr'><strong>ξ.</strong></span> <span class='ocrx_word' id='word_1_381' title='bbox 4092 1185 4193 1250; x_wconf 89' lang='lat'><strong>27.</strong></span> <span class='ocrx_word' id='word_1_382' title='bbox 4238 1191 4306 1255; x_wconf 89' lang='lat' dir='ltr'><strong>p.</strong></span> <span class='ocrx_word' id='word_1_383' title='bbox 4335 1169 4521 1249; x_wconf 90' lang='lat'><strong>1446.</strong></span> 
     </span>
     <span class='ocr_line' id='line_1_54' title="bbox 2842 1270 4521 1359; baseline 0 -24"><span class='ocrx_word' id='word_1_384' title='bbox 2842 1273 2923 1335; x_wconf 90' lang='lat' dir='ltr'><strong>F.</strong></span> <span class='ocrx_word' id='word_1_385' title='bbox 2956 1294 3045 1358; x_wconf 87' lang='lat' dir='ltr'><strong>sq.</strong></span> <span class='ocrx_word' id='word_1_386' title='bbox 3080 1274 3163 1334; x_wconf 92' lang='lat' dir='ltr'><strong>A.</strong></span> <span class='ocrx_word' id='word_1_387' title='bbox 3195 1295 3257 1359; x_wconf 90' lang='lat' dir='ltr'><strong>p.</strong></span> <span class='ocrx_word' id='word_1_388' title='bbox 3294 1273 3437 1339; x_wconf 88' lang='lat'><strong>266.</strong></span> <span class='ocrx_word' id='word_1_389' title='bbox 3468 1273 3716 1358; x_wconf 85' lang='lat' dir='ltr'><strong>Wytt.:</strong></span> <span class='ocrx_word' id='word_1_390' title='bbox 3765 1272 3869 1335; x_wconf 80' lang='grc' dir='ltr'><strong>οὐκ</strong></span> <span class='ocrx_word' id='word_1_391' title='bbox 3897 1274 3991 1335; x_wconf 78' lang='grc' dir='ltr'>ἀεὶ</span> <span class='ocrx_word' id='word_1_392' title='bbox 4019 1273 4389 1354; x_wconf 74' lang='grc' dir='ltr'>ἀνδρίζεσθαι</span> <span class='ocrx_word' id='word_1_393' title='bbox 4416 1270 4521 1335; x_wconf 85' lang='grc' dir='ltr'>τὸν</span> 
     </span>
     <span class='ocr_line' id='line_1_55' title="bbox 2839 1372 4520 1456; baseline -0.001 -18"><span class='ocrx_word' id='word_1_394' title='bbox 2839 1376 3101 1454; x_wconf 81' lang='grc' dir='ltr'>ἀστεῖον,</span> <span class='ocrx_word' id='word_1_395' title='bbox 3149 1376 3283 1439; x_wconf 77' lang='grc' dir='ltr'>οὐδὲ</span> <span class='ocrx_word' id='word_1_396' title='bbox 3335 1377 3653 1439; x_wconf 76' lang='grc' dir='ltr'>δειλαίνειν</span> <span class='ocrx_word' id='word_1_397' title='bbox 3696 1374 3800 1438; x_wconf 84' lang='grc' dir='ltr'>τὸν</span> <span class='ocrx_word' id='word_1_398' title='bbox 3843 1378 4100 1456; x_wconf 84' lang='grc' dir='ltr'>φαῦλον,</span> <span class='ocrx_word' id='word_1_399' title='bbox 4147 1375 4222 1440; x_wconf 82' lang='grc' dir='ltr'><strong>ὡς</strong></span> <span class='ocrx_word' id='word_1_400' title='bbox 4272 1372 4408 1437; x_wconf 85' lang='grc' dir='ltr'>δέον</span> <span class='ocrx_word' id='word_1_401' title='bbox 4453 1375 4520 1437; x_wconf 79' lang='grc' dir='ltr'>ἐν</span> 
     </span>
     <span class='ocr_line' id='line_1_56' title="bbox 2838 1476 4520 1559; baseline 0 -18"><span class='ocrx_word' id='word_1_402' title='bbox 2838 1479 3194 1559; x_wconf 77' lang='grc' dir='ltr'>φαντασίαις</span> <span class='ocrx_word' id='word_1_403' title='bbox 3237 1477 3679 1559; x_wconf 80' lang='grc' dir='ltr'>ἐπιφερομένων</span> <span class='ocrx_word' id='word_1_404' title='bbox 3718 1484 3914 1554; x_wconf 80' lang='grc' dir='ltr'>τινῶν,</span> <span class='ocrx_word' id='word_1_405' title='bbox 3954 1476 4059 1540; x_wconf 80' lang='grc' dir='ltr'>τὸν</span> <span class='ocrx_word' id='word_1_406' title='bbox 4094 1478 4205 1555; x_wconf 72' lang='grc' dir='ltr'>μὲν</span> <span class='ocrx_word' id='word_1_407' title='bbox 4245 1476 4520 1556; x_wconf 80' lang='grc' dir='ltr'>ἐμμένειν</span> 
     </span>
     <span class='ocr_line' id='line_1_57' title="bbox 2836 1579 4519 1664; baseline 0.001 -21"><span class='ocrx_word' id='word_1_408' title='bbox 2836 1585 2959 1645; x_wconf 77' lang='grc' dir='ltr'>τοῖς</span> <span class='ocrx_word' id='word_1_409' title='bbox 2993 1582 3266 1660; x_wconf 85' lang='grc' dir='ltr'>κρίμασιν</span> <span class='ocrx_word' id='word_1_410' title='bbox 3297 1581 3616 1664; x_wconf 85' lang='grc' dir='ltr'>(κρίμασι),</span> <span class='ocrx_word' id='word_1_411' title='bbox 3647 1580 3752 1644; x_wconf 87' lang='grc' dir='ltr'>τὸν</span> <span class='ocrx_word' id='word_1_412' title='bbox 3780 1582 3844 1644; x_wconf 80' lang='grc' dir='ltr'><strong>δὲ</strong></span> <span class='ocrx_word' id='word_1_413' title='bbox 3874 1581 4279 1662; x_wconf 73' lang='grc' dir='ltr'>ἀφίστασθαιε</span> <span class='ocrx_word' id='word_1_414' title='bbox 4330 1586 4374 1618; x_wconf 84' lang='grc'><strong>“</strong></span> <span class='ocrx_word' id='word_1_415' title='bbox 4405 1579 4519 1644; x_wconf 90' lang='lat' dir='ltr'><strong>bo-</strong></span> 
     </span>
     <span class='ocr_line' id='line_1_58' title="bbox 2834 1680 4517 1769; baseline 0.001 -24"><span class='ocrx_word' id='word_1_416' title='bbox 2834 1703 2985 1745; x_wconf 90' lang='lat' dir='ltr'><strong>num</strong></span> <span class='ocrx_word' id='word_1_417' title='bbox 3027 1681 3337 1746; x_wconf 90' lang='lat' dir='ltr'><strong>hominem</strong></span> <span class='ocrx_word' id='word_1_418' title='bbox 3380 1705 3503 1745; x_wconf 89' lang='lat' dir='ltr'><strong>non</strong></span> <span class='ocrx_word' id='word_1_419' title='bbox 3542 1704 3784 1769; x_wconf 89' lang='lat' dir='ltr'><strong>semper</strong></span> <span class='ocrx_word' id='word_1_420' title='bbox 3810 1706 3992 1769; x_wconf 85' lang='lat' dir='ltr'><strong>agere</strong></span> <span class='ocrx_word' id='word_1_421' title='bbox 4020 1680 4282 1762; x_wconf 86' lang='lat' dir='ltr'><strong>fortiter,</strong></span> <span class='ocrx_word' id='word_1_422' title='bbox 4313 1704 4517 1769; x_wconf 88' lang='lat' dir='ltr'><strong>neque</strong></span> 
     </span>
     <span class='ocr_line' id='line_1_59' title="bbox 2836 1782 4517 1872; baseline 0.002 -25"><span class='ocrx_word' id='word_1_423' title='bbox 2836 1783 3121 1848; x_wconf 86' lang='lat' dir='ltr'><strong>vitiosum</strong></span> <span class='ocrx_word' id='word_1_424' title='bbox 3175 1806 3416 1872; x_wconf 90' lang='lat' dir='ltr'><strong>semper</strong></span> <span class='ocrx_word' id='word_1_425' title='bbox 3466 1782 3710 1849; x_wconf 88' lang='lat' dir='ltr'><strong>timide:</strong></span> <span class='ocrx_word' id='word_1_426' title='bbox 3778 1808 3895 1849; x_wconf 90' lang='lat' dir='ltr'><strong>usu</strong></span> <span class='ocrx_word' id='word_1_427' title='bbox 3945 1784 4153 1847; x_wconf 82' lang='lat' dir='ltr'><strong>venire</strong></span> <span class='ocrx_word' id='word_1_428' title='bbox 4207 1783 4392 1863; x_wconf 91' lang='lat' dir='ltr'><strong>enim,</strong></span> <span class='ocrx_word' id='word_1_429' title='bbox 4444 1801 4517 1851; x_wconf 90' lang='lat' dir='ltr'><strong>ut</strong></span> 
     </span>
     <span class='ocr_line' id='line_1_60' title="bbox 2832 1886 4512 1975; baseline 0 -24"><span class='ocrx_word' id='word_1_430' title='bbox 2832 1887 3205 1974; x_wconf 88' lang='lat' dir='ltr'><strong>quibusdam</strong></span> <span class='ocrx_word' id='word_1_431' title='bbox 3237 1888 3380 1952; x_wconf 87' lang='lat' dir='ltr'><strong>visis</strong></span> <span class='ocrx_word' id='word_1_432' title='bbox 3407 1886 3629 1952; x_wconf 88' lang='lat' dir='ltr'><strong>oblatis</strong></span> <span class='ocrx_word' id='word_1_433' title='bbox 3657 1888 3812 1952; x_wconf 90' lang='lat' dir='ltr'><strong>alter</strong></span> <span class='ocrx_word' id='word_1_434' title='bbox 3839 1888 4125 1975; x_wconf 89' lang='lat' dir='ltr'><strong>persistat</strong></span> <span class='ocrx_word' id='word_1_435' title='bbox 4153 1887 4217 1950; x_wconf 90' lang='lat' dir='ltr'><strong>in</strong></span> <span class='ocrx_word' id='word_1_436' title='bbox 4252 1887 4512 1974; x_wconf 88' lang='lat' dir='ltr'><strong>judicio,</strong></span> 
     </span>
     <span class='ocr_line' id='line_1_61' title="bbox 2831 1989 4513 2078; baseline 0.001 -24"><span class='ocrx_word' id='word_1_437' title='bbox 2831 1990 2986 2054; x_wconf 89' lang='lat' dir='ltr'><strong>alter</strong></span> <span class='ocrx_word' id='word_1_438' title='bbox 3014 2013 3137 2054; x_wconf 89' lang='lat' dir='ltr'><strong>non</strong></span> <span class='ocrx_word' id='word_1_439' title='bbox 3166 1990 3506 2078; x_wconf 81' lang='lat' dir='ltr'><strong>persistat.”</strong></span> <span class='ocrx_word' id='word_1_440' title='bbox 3552 1992 3694 2069; x_wconf 83' lang='lat' dir='ltr'><strong>Quo</strong></span> <span class='ocrx_word' id='word_1_441' title='bbox 3722 1991 3969 2054; x_wconf 90' lang='lat' dir='ltr'><strong>nomine</strong></span> <span class='ocrx_word' id='word_1_442' title='bbox 3999 1989 4228 2055; x_wconf 89' lang='lat' dir='ltr'><strong>ibidem</strong></span> <span class='ocrx_word' id='word_1_443' title='bbox 4258 1991 4313 2054; x_wconf 90' lang='lat' dir='ltr'><strong>ei</strong></span> <span class='ocrx_word' id='word_1_444' title='bbox 4343 1991 4513 2055; x_wconf 86' lang='lat' dir='ltr'><strong>litem</strong></span> 
     </span>
     <span class='ocr_line' id='line_1_62' title="bbox 2832 2092 3527 2158; baseline 0.001 -2"><span class='ocrx_word' id='word_1_445' title='bbox 2832 2093 3098 2158; x_wconf 89' lang='lat' dir='ltr'><strong>intendit</strong></span> <span class='ocrx_word' id='word_1_446' title='bbox 3128 2092 3527 2158; x_wconf 65' lang='lat' dir='ltr'><strong>Plutarchus</strong></span> 
     </span>
    </p>

    <p class='ocr_par' dir='ltr' id='par_1_9' title="bbox 2820 2194 4512 3623">
     <span class='ocr_line' id='line_1_63' title="bbox 2918 2194 4512 2283; baseline -0.001 -24"><span class='ocrx_word' id='word_1_447' title='bbox 2918 2234 3003 2245; x_wconf 92' lang='lat'>—</span> <span class='ocrx_word' id='word_1_448' title='bbox 3026 2215 3086 2278; x_wconf 95' lang='lat'><strong>7.</strong></span> <span class='ocrx_word' id='word_1_449' title='bbox 3133 2197 3228 2260; x_wconf 81' lang='grc' dir='ltr'><strong>καὶ</strong></span> <span class='ocrx_word' id='word_1_450' title='bbox 3270 2196 3376 2260; x_wconf 80' lang='grc' dir='ltr'>τὸν</span> <span class='ocrx_word' id='word_1_451' title='bbox 3415 2200 3482 2260; x_wconf 77' lang='grc' dir='ltr'>ἐν</span> <span class='ocrx_word' id='word_1_452' title='bbox 3520 2196 3967 2283; x_wconf 78' lang='grc' dir='ltr'>αὐτῷ-παῖδα]</span> <span class='ocrx_word' id='word_1_453' title='bbox 4018 2196 4072 2257; x_wconf 91' lang='grc' dir='ltr'><strong>Α</strong></span> <span class='ocrx_word' id='word_1_454' title='bbox 4105 2194 4367 2259; x_wconf 85' lang='lat' dir='ltr'><strong>Platone</strong></span> <span class='ocrx_word' id='word_1_455' title='bbox 4410 2218 4512 2258; x_wconf 90' lang='lat' dir='ltr'><strong>ac-</strong></span> 
     </span>
     <span class='ocr_line' id='line_1_64' title="bbox 2830 2297 4510 2386; baseline -0.001 -23"><span class='ocrx_word' id='word_1_456' title='bbox 2830 2298 2992 2386; x_wconf 89' lang='lat' dir='ltr'><strong>cepit</strong></span> <span class='ocrx_word' id='word_1_457' title='bbox 3024 2298 3331 2378; x_wconf 78' lang='lat' dir='ltr'><strong>PlotinuS‚</strong></span> <span class='ocrx_word' id='word_1_458' title='bbox 3362 2298 3471 2386; x_wconf 93' lang='lat' dir='ltr'><strong>qui</strong></span> <span class='ocrx_word' id='word_1_459' title='bbox 3499 2299 3562 2362; x_wconf 89' lang='lat' dir='ltr'><strong>in</strong></span> <span class='ocrx_word' id='word_1_460' title='bbox 3596 2298 3912 2363; x_wconf 86' lang='lat' dir='ltr'><strong>Phaedone</strong></span> <span class='ocrx_word' id='word_1_461' title='bbox 3939 2315 4132 2385; x_wconf 90' lang='lat' dir='ltr'><strong>p..77.</strong></span> <span class='ocrx_word' id='word_1_462' title='bbox 4183 2297 4400 2385; x_wconf 91' lang='lat' dir='ltr'><strong>Steph.</strong></span> <span class='ocrx_word' id='word_1_463' title='bbox 4444 2321 4510 2385; x_wconf 91' lang='lat' dir='ltr'><strong>p.</strong></span> 
     </span>
     <span class='ocr_line' id='line_1_65' title="bbox 2830 2401 4512 2488; baseline 0.002 -23"><span class='ocrx_word' id='word_1_464' title='bbox 2830 2416 2934 2488; x_wconf 84' lang='lat'><strong>45.</strong></span> <span class='ocrx_word' id='word_1_465' title='bbox 2966 2401 3234 2467; x_wconf 83' lang='lat' dir='ltr'><strong>Bekker.</strong></span> <span class='ocrx_word' id='word_1_466' title='bbox 3264 2401 3399 2466; x_wconf 78' lang='grc' dir='ltr'>ἀλλ’</span> <span class='ocrx_word' id='word_1_467' title='bbox 3432 2405 3573 2470; x_wconf 79' lang='grc' dir='ltr'>ἴσως</span> <span class='ocrx_word' id='word_1_468' title='bbox 3617 2402 3706 2465; x_wconf 85' lang='grc' dir='ltr'><strong>ἔνι</strong></span> <span class='ocrx_word' id='word_1_469' title='bbox 3748 2426 3834 2467; x_wconf 84' lang='grc' dir='ltr'>τις</span> <span class='ocrx_word' id='word_1_470' title='bbox 3876 2403 3941 2464; x_wconf 82' lang='grc' dir='ltr'>ἐν</span> <span class='ocrx_word' id='word_1_471' title='bbox 3977 2402 4114 2480; x_wconf 83' lang='grc' dir='ltr'>ἡμῖν</span> <span class='ocrx_word' id='word_1_472' title='bbox 4151 2406 4305 2475; x_wconf 82' lang='grc' dir='ltr'>παῖς,</span> <span class='ocrx_word' id='word_1_473' title='bbox 4349 2402 4512 2469; x_wconf 82' lang='grc' dir='ltr'>ὅστις</span> 
     </span>
     <span class='ocr_line' id='line_1_66' title="bbox 2830 2505 4509 2587; baseline -0.001 -18"><span class='ocrx_word' id='word_1_474' title='bbox 2830 2508 2904 2569; x_wconf 68' lang='grc' dir='ltr'><strong>τὸ</strong></span> <span class='ocrx_word' id='word_1_475' title='bbox 2931 2510 3188 2578; x_wconf 81' lang='grc' dir='ltr'>τοιαῦτα,</span> <span class='ocrx_word' id='word_1_476' title='bbox 3221 2511 3520 2587; x_wconf 80' lang='grc' dir='ltr'>φοβεῖται,</span> <span class='ocrx_word' id='word_1_477' title='bbox 3553 2508 3762 2568; x_wconf 80' lang='grc' dir='ltr'>τοῦτον</span> <span class='ocrx_word' id='word_1_478' title='bbox 3791 2505 3895 2567; x_wconf 80' lang='grc' dir='ltr'>οὖν</span> <span class='ocrx_word' id='word_1_479' title='bbox 3923 2505 4256 2585; x_wconf 81' lang='grc' dir='ltr'>πειρώμεθα</span> <span class='ocrx_word' id='word_1_480' title='bbox 4282 2505 4509 2567; x_wconf 83' lang='grc' dir='ltr'>πείθειν</span> 
     </span>
     <span class='ocr_line' id='line_1_67' title="bbox 2827 2605 4509 2691; baseline -0.002 -18"><span class='ocrx_word' id='word_1_481' title='bbox 2827 2609 2907 2688; x_wconf 82' lang='grc' dir='ltr'><strong>μὴ</strong></span> <span class='ocrx_word' id='word_1_482' title='bbox 2932 2608 3183 2673; x_wconf 85' lang='grc' dir='ltr'>δεδιέναι</span> <span class='ocrx_word' id='word_1_483' title='bbox 3211 2608 3316 2672; x_wconf 85' lang='grc' dir='ltr'>τὸν</span> <span class='ocrx_word' id='word_1_484' title='bbox 3344 2607 3601 2672; x_wconf 84' lang='grc' dir='ltr'>θάνατον</span> <span class='ocrx_word' id='word_1_485' title='bbox 3626 2609 3827 2686; x_wconf 83' lang='grc' dir='ltr'>ὥσπερ</span> <span class='ocrx_word' id='word_1_486' title='bbox 3854 2609 3928 2669; x_wconf 79' lang='grc' dir='ltr'><strong>τὰ</strong></span> <span class='ocrx_word' id='word_1_487' title='bbox 3953 2608 4365 2687; x_wconf 84' lang='grc' dir='ltr'>μορμολύκεια·</span> <span class='ocrx_word' id='word_1_488' title='bbox 4399 2605 4509 2691; x_wconf 89' lang='lat' dir='ltr'><strong>qui</strong></span> 
     </span>
     <span class='ocr_line' id='line_1_68' title="bbox 2828 2707 4510 2797; baseline -0.002 -22"><span class='ocrx_word' id='word_1_489' title='bbox 2828 2710 3000 2775; x_wconf 90' lang='lat' dir='ltr'><strong>locus</strong></span> <span class='ocrx_word' id='word_1_490' title='bbox 3029 2725 3184 2797; x_wconf 90' lang='lat' dir='ltr'><strong>quot</strong></span> <span class='ocrx_word' id='word_1_491' title='bbox 3225 2725 3286 2775; x_wconf 92' lang='lat' dir='ltr'><strong>et</strong></span> <span class='ocrx_word' id='word_1_492' title='bbox 3321 2734 3479 2796; x_wconf 90' lang='lat' dir='ltr'><strong>quos</strong></span> <span class='ocrx_word' id='word_1_493' title='bbox 3515 2709 3853 2773; x_wconf 89' lang='lat' dir='ltr'><strong>imitatores</strong></span> <span class='ocrx_word' id='word_1_494' title='bbox 3893 2723 4111 2773; x_wconf 90' lang='lat' dir='ltr'><strong>nactus</strong></span> <span class='ocrx_word' id='word_1_495' title='bbox 4147 2708 4248 2786; x_wconf 90' lang='lat' dir='ltr'><strong>sit,</strong></span> <span class='ocrx_word' id='word_1_496' title='bbox 4280 2707 4510 2772; x_wconf 81' lang='lat' dir='ltr'><strong>indica-</strong></span> 
     </span>
     <span class='ocr_line' id='line_1_69' title="bbox 2828 2809 4508 2897; baseline -0.002 -20"><span class='ocrx_word' id='word_1_497' title='bbox 2828 2828 2978 2877; x_wconf 90' lang='lat' dir='ltr'><strong>runt</strong></span> <span class='ocrx_word' id='word_1_498' title='bbox 3020 2812 3365 2878; x_wconf 87' lang='lat' dir='ltr'><strong>Ruhnken.</strong></span> <span class='ocrx_word' id='word_1_499' title='bbox 3411 2814 3492 2877; x_wconf 90' lang='lat' dir='ltr'><strong>ad</strong></span> <span class='ocrx_word' id='word_1_500' title='bbox 3537 2811 3709 2875; x_wconf 90' lang='lat' dir='ltr'><strong>Tim.</strong></span> <span class='ocrx_word' id='word_1_501' title='bbox 3743 2813 3903 2875; x_wconf 87' lang='lat' dir='ltr'><strong>Lex.</strong></span> <span class='ocrx_word' id='word_1_502' title='bbox 3937 2810 4104 2875; x_wconf 89' lang='lat' dir='ltr'><strong>Plat.</strong></span> <span class='ocrx_word' id='word_1_503' title='bbox 4151 2833 4218 2897; x_wconf 94' lang='lat' dir='ltr'><strong>p.</strong></span> <span class='ocrx_word' id='word_1_504' title='bbox 4259 2809 4399 2874; x_wconf 89' lang='lat'><strong>181.</strong></span> <span class='ocrx_word' id='word_1_505' title='bbox 4445 2825 4508 2875; x_wconf 92' lang='lat' dir='ltr'><strong>et</strong></span> 
     </span>
     <span class='ocr_line' id='line_1_70' title="bbox 2823 2913 4504 3003; baseline -0.002 -24"><span class='ocrx_word' id='word_1_506' title='bbox 2823 2916 3274 3003; x_wconf 83' lang='lat' dir='ltr'><strong>Wyttenbach.</strong></span> <span class='ocrx_word' id='word_1_507' title='bbox 3303 2915 3367 2979; x_wconf 90' lang='lat' dir='ltr'><strong>in</strong></span> <span class='ocrx_word' id='word_1_508' title='bbox 3400 2916 3656 2979; x_wconf 88' lang='lat' dir='ltr'><strong>Annott.</strong></span> <span class='ocrx_word' id='word_1_509' title='bbox 3683 2914 3747 2978; x_wconf 92' lang='lat' dir='ltr'><strong>in</strong></span> <span class='ocrx_word' id='word_1_510' title='bbox 3783 2913 4086 2978; x_wconf 85' lang='lat' dir='ltr'><strong>Phaedon.</strong></span> <span class='ocrx_word' id='word_1_511' title='bbox 4119 2937 4185 3000; x_wconf 90' lang='lat' dir='ltr'><strong>p.</strong></span> <span class='ocrx_word' id='word_1_512' title='bbox 4215 2931 4356 2996; x_wconf 84' lang='lat'><strong>192.</strong></span> <span class='ocrx_word' id='word_1_513' title='bbox 4387 2936 4504 2999; x_wconf 91' lang='lat' dir='ltr'><strong>sq.‚</strong></span> 
     </span>
     <span class='ocr_line' id='line_1_71' title="bbox 2823 3014 4506 3107; baseline -0.003 -23"><span class='ocrx_word' id='word_1_514' title='bbox 2823 3019 2932 3107; x_wconf 89' lang='lat' dir='ltr'><strong>qui</strong></span> <span class='ocrx_word' id='word_1_515' title='bbox 2961 3019 3127 3083; x_wconf 90' lang='lat' dir='ltr'><strong>idem</strong></span> <span class='ocrx_word' id='word_1_516' title='bbox 3155 3018 3220 3082; x_wconf 92' lang='lat' dir='ltr'><strong>in</strong></span> <span class='ocrx_word' id='word_1_517' title='bbox 3251 3017 3667 3083; x_wconf 88' lang='lat' dir='ltr'><strong>Philomathia</strong></span> <span class='ocrx_word' id='word_1_518' title='bbox 3699 3018 3835 3081; x_wconf 89' lang='lat'><strong>111.</strong></span> <span class='ocrx_word' id='word_1_519' title='bbox 3866 3040 3931 3104; x_wconf 89' lang='lat' dir='ltr'><strong>p.</strong></span> <span class='ocrx_word' id='word_1_520' title='bbox 3964 3036 4063 3100; x_wconf 84' lang='lat'><strong>93.</strong></span> <span class='ocrx_word' id='word_1_521' title='bbox 4096 3028 4374 3078; x_wconf 88' lang='lat' dir='ltr'><strong>nostrum</strong></span> <span class='ocrx_word' id='word_1_522' title='bbox 4419 3014 4506 3079; x_wconf 92' lang='lat' dir='ltr'><strong>lo-</strong></span> 
     </span>
     <span class='ocr_line' id='line_1_72' title="bbox 2823 3115 4503 3208; baseline -0.004 -21"><span class='ocrx_word' id='word_1_523' title='bbox 2823 3145 2967 3187; x_wconf 92' lang='lat' dir='ltr'><strong>cum</strong></span> <span class='ocrx_word' id='word_1_524' title='bbox 2991 3121 3227 3186; x_wconf 88' lang='lat' dir='ltr'><strong>addens</strong></span> <span class='ocrx_word' id='word_1_525' title='bbox 3244 3122 3378 3208; x_wconf 86' lang='lat' dir='ltr'><strong>jam</strong></span> <span class='ocrx_word' id='word_1_526' title='bbox 3409 3120 3740 3207; x_wconf 85' lang='lat' dir='ltr'><strong>legendum</strong></span> <span class='ocrx_word' id='word_1_527' title='bbox 3765 3119 3919 3183; x_wconf 90' lang='lat' dir='ltr'><strong>vidit</strong></span> <span class='ocrx_word' id='word_1_528' title='bbox 3940 3122 4136 3190; x_wconf 84' lang='grc' dir='ltr'>παῖδα,</span> <span class='ocrx_word' id='word_1_529' title='bbox 4164 3115 4272 3180; x_wconf 89' lang='lat' dir='ltr'><strong>ubi</strong></span> <span class='ocrx_word' id='word_1_530' title='bbox 4296 3130 4503 3181; x_wconf 89' lang='lat' dir='ltr'><strong>tamen</strong></span> 
     </span>
     <span class='ocr_line' id='line_1_73' title="bbox 2823 3217 4502 3315; baseline -0.005 -24"><span class='ocrx_word' id='word_1_531' title='bbox 2823 3248 3144 3315; x_wconf 86' lang='lat' dir='ltr'><strong>perperam</strong></span> <span class='ocrx_word' id='word_1_532' title='bbox 3176 3224 3473 3312; x_wconf 89' lang='lat' dir='ltr'><strong>scriptum</strong></span> <span class='ocrx_word' id='word_1_533' title='bbox 3503 3238 3595 3288; x_wconf 90' lang='lat' dir='ltr'><strong>est</strong></span> <span class='ocrx_word' id='word_1_534' title='bbox 3625 3224 4033 3288; x_wconf 82' lang='grc' dir='ltr'>καταπαύσεις.</span> <span class='ocrx_word' id='word_1_535' title='bbox 4099 3217 4284 3297; x_wconf 82' lang='lat' dir='ltr'><strong>Quod</strong></span> <span class='ocrx_word' id='word_1_536' title='bbox 4311 3241 4502 3305; x_wconf 86' lang='lat' dir='ltr'><strong>prox·</strong></span> 
     </span>
     <span class='ocr_line' id='line_1_74' title="bbox 2822 3321 4500 3414; baseline -0.004 -21"><span class='ocrx_word' id='word_1_537' title='bbox 2822 3329 2943 3393; x_wconf 90' lang='lat' dir='ltr'><strong>ime</strong></span> <span class='ocrx_word' id='word_1_538' title='bbox 2972 3328 3108 3394; x_wconf 89' lang='lat' dir='ltr'><strong>Fic.</strong></span> <span class='ocrx_word' id='word_1_539' title='bbox 3137 3327 3380 3393; x_wconf 88' lang='lat' dir='ltr'><strong>addidit</strong></span> <span class='ocrx_word' id='word_1_540' title='bbox 3409 3328 3726 3414; x_wconf 89' lang='lat' dir='ltr'><strong>majorem,</strong></span> <span class='ocrx_word' id='word_1_541' title='bbox 3758 3327 3892 3413; x_wconf 89' lang='lat' dir='ltr'><strong>ejus</strong></span> <span class='ocrx_word' id='word_1_542' title='bbox 3934 3323 4173 3388; x_wconf 89' lang='lat' dir='ltr'><strong>nullum</strong></span> <span class='ocrx_word' id='word_1_543' title='bbox 4218 3321 4283 3386; x_wconf 90' lang='lat' dir='ltr'><strong>in</strong></span> <span class='ocrx_word' id='word_1_544' title='bbox 4327 3321 4500 3387; x_wconf 91' lang='lat' dir='ltr'><strong>libris</strong></span> 
     </span>
     <span class='ocr_line' id='line_1_75' title="bbox 2822 3425 4504 3520; baseline -0.004 -25"><span class='ocrx_word' id='word_1_545' title='bbox 2822 3432 3174 3520; x_wconf 86' lang='lat' dir='ltr'><strong>vestigium.</strong></span> <span class='ocrx_word' id='word_1_546' title='bbox 3234 3429 3505 3496; x_wconf 89' lang='lat' dir='ltr'><strong>Proinde</strong></span> <span class='ocrx_word' id='word_1_547' title='bbox 3532 3429 3919 3511; x_wconf 80' lang='grc' dir='ltr'>περιφράζων,</span> <span class='ocrx_word' id='word_1_548' title='bbox 3953 3443 4022 3491; x_wconf 91' lang='lat' dir='ltr'><strong>ut</strong></span> <span class='ocrx_word' id='word_1_549' title='bbox 4053 3426 4298 3514; x_wconf 79' lang='lat' dir='ltr'><strong>saepiuS,</strong></span> <span class='ocrx_word' id='word_1_550' title='bbox 4328 3425 4504 3490; x_wconf 88' lang='lat' dir='ltr'><strong>addi-</strong></span> 
     </span>
     <span class='ocr_line' id='line_1_76' title="bbox 2820 3534 3469 3623; baseline -0.003 -24"><span class='ocrx_word' id='word_1_551' title='bbox 2820 3535 2981 3599; x_wconf 87' lang='lat' dir='ltr'><strong>disse</strong></span> <span class='ocrx_word' id='word_1_552' title='bbox 3008 3534 3328 3623; x_wconf 86' lang='lat' dir='ltr'><strong>putandus</strong></span> <span class='ocrx_word' id='word_1_553' title='bbox 3355 3547 3469 3597; x_wconf 90' lang='lat' dir='ltr'><strong>est.</strong></span> 
     </span>
    </p>

    <p class='ocr_par' dir='ltr' id='par_1_10' title="bbox 2814 3633 4500 4744">
     <span class='ocr_line' id='line_1_77' title="bbox 2903 3633 4500 3725; baseline -0.004 -22"><span class='ocrx_word' id='word_1_554' title='bbox 2903 3676 2990 3688; x_wconf 89' lang='lat'><strong>—</strong></span> <span class='ocrx_word' id='word_1_555' title='bbox 3012 3662 3073 3725; x_wconf 92' lang='lat'><strong>9.</strong></span> <span class='ocrx_word' id='word_1_556' title='bbox 3119 3638 3189 3702; x_wconf 82' lang='grc' dir='ltr'><strong>οὗ</strong></span> <span class='ocrx_word' id='word_1_557' title='bbox 3214 3637 3631 3718; x_wconf 75' lang='grc' dir='ltr'>μὴν-ἄφιλος</span> <span class='ocrx_word' id='word_1_558' title='bbox 3658 3636 3793 3698; x_wconf 79' lang='grc' dir='ltr'>οὐδὲ</span> <span class='ocrx_word' id='word_1_559' title='bbox 3823 3634 4138 3717; x_wconf 78' lang='grc' dir='ltr'>ἀγνώμων]</span> <span class='ocrx_word' id='word_1_560' title='bbox 4188 3633 4330 3697; x_wconf 88' lang='lat' dir='ltr'><strong>Hoc</strong></span> <span class='ocrx_word' id='word_1_561' title='bbox 4360 3654 4500 3719; x_wconf 87' lang='lat' dir='ltr'><strong>pos-</strong></span> 
     </span>
     <span class='ocr_line' id='line_1_78' title="bbox 2820 3737 4494 3825; baseline -0.004 -20"><span class='ocrx_word' id='word_1_562' title='bbox 2820 3741 3012 3805; x_wconf 89' lang='lat' dir='ltr'><strong>terius</strong></span> <span class='ocrx_word' id='word_1_563' title='bbox 3041 3740 3175 3804; x_wconf 89' lang='lat' dir='ltr'><strong>Fic.</strong></span> <span class='ocrx_word' id='word_1_564' title='bbox 3205 3738 3505 3825; x_wconf 88' lang='lat' dir='ltr'><strong>expressit</strong></span> <span class='ocrx_word' id='word_1_565' title='bbox 3532 3761 3574 3800; x_wconf 85' lang='lat' dir='ltr'><strong>a</strong></span> <span class='ocrx_word' id='word_1_566' title='bbox 3594 3737 4000 3825; x_wconf 68' lang='lat' dir='ltr'><strong>gratitudine</strong></span> <span class='ocrx_word' id='word_1_567' title='bbox 4026 3737 4291 3813; x_wconf 76' lang='lat' dir='ltr'><strong>alienus,</strong></span> <span class='ocrx_word' id='word_1_568' title='bbox 4320 3757 4494 3799; x_wconf 88' lang='lat' dir='ltr'><strong>eum-</strong></span> 
     </span>
     <span class='ocr_line' id='line_1_79' title="bbox 2818 3837 4498 3929; baseline -0.003 -22"><span class='ocrx_word' id='word_1_569' title='bbox 2818 3867 2943 3929; x_wconf 92' lang='lat' dir='ltr'><strong>que</strong></span> <span class='ocrx_word' id='word_1_570' title='bbox 2993 3841 3276 3929; x_wconf 84' lang='lat' dir='ltr'><strong>sequitur</strong></span> <span class='ocrx_word' id='word_1_571' title='bbox 3318 3840 3572 3927; x_wconf 85' lang='lat' dir='ltr'><strong>Taylor.</strong></span> <span class='ocrx_word' id='word_1_572' title='bbox 3662 3840 3898 3903; x_wconf 89' lang='lat' dir='ltr'><strong>Contra</strong></span> <span class='ocrx_word' id='word_1_573' title='bbox 3942 3837 4212 3925; x_wconf 86' lang='lat' dir='ltr'><strong>Engelh.</strong></span> <span class='ocrx_word' id='word_1_574' title='bbox 4263 3837 4498 3925; x_wconf 89' lang='lat' dir='ltr'><strong>accepit</strong></span> 
     </span>
     <span class='ocr_line' id='line_1_80' title="bbox 2815 3937 4498 4027; baseline -0.003 -19"><span class='ocrx_word' id='word_1_575' title='bbox 2815 3944 2926 4020; x_wconf 88' lang='lat' dir='ltr'><strong>ita,</strong></span> <span class='ocrx_word' id='word_1_576' title='bbox 2957 3959 3029 4008; x_wconf 91' lang='lat' dir='ltr'><strong>ut</strong></span> <span class='ocrx_word' id='word_1_577' title='bbox 3057 3945 3135 4007; x_wconf 88' lang='lat' dir='ltr'><strong>sit</strong></span> <span class='ocrx_word' id='word_1_578' title='bbox 3160 3944 3442 4018; x_wconf 71' lang='lat' dir='ltr'><strong>immitis,</strong></span> <span class='ocrx_word' id='word_1_579' title='bbox 3472 3962 3680 4027; x_wconf 74' lang='lat' dir='ltr'><strong>asper.</strong></span> <span class='ocrx_word' id='word_1_580' title='bbox 3746 3938 3911 4002; x_wconf 89' lang='lat' dir='ltr'><strong>Mihi</strong></span> <span class='ocrx_word' id='word_1_581' title='bbox 3940 3938 4207 4002; x_wconf 88' lang='lat' dir='ltr'><strong>maxime</strong></span> <span class='ocrx_word' id='word_1_582' title='bbox 4236 3938 4299 4001; x_wconf 90' lang='lat' dir='ltr'><strong>in</strong></span> <span class='ocrx_word' id='word_1_583' title='bbox 4328 3937 4498 4003; x_wconf 89' lang='lat' dir='ltr'><strong>hunc</strong></span> 
     </span>
     <span class='ocr_line' id='line_1_81' title="bbox 2816 4040 4494 4127; baseline -0.002 -17"><span class='ocrx_word' id='word_1_584' title='bbox 2816 4045 3018 4110; x_wconf 88' lang='lat' dir='ltr'><strong>locum</strong></span> <span class='ocrx_word' id='word_1_585' title='bbox 3067 4046 3284 4109; x_wconf 88' lang='lat' dir='ltr'><strong>cadere</strong></span> <span class='ocrx_word' id='word_1_586' title='bbox 3329 4043 3577 4107; x_wconf 89' lang='lat' dir='ltr'><strong>videtur</strong></span> <span class='ocrx_word' id='word_1_587' title='bbox 3621 4041 3755 4105; x_wconf 82' lang='lat' dir='ltr'><strong>haec</strong></span> <span class='ocrx_word' id='word_1_588' title='bbox 3799 4040 3913 4117; x_wconf 86' lang='lat' dir='ltr'><strong>vis,</strong></span> <span class='ocrx_word' id='word_1_589' title='bbox 3967 4054 4040 4104; x_wconf 94' lang='lat' dir='ltr'><strong>ut</strong></span> <span class='ocrx_word' id='word_1_590' title='bbox 4091 4040 4169 4105; x_wconf 87' lang='lat' dir='ltr'><strong>sit</strong></span> <span class='ocrx_word' id='word_1_591' title='bbox 4213 4042 4494 4127; x_wconf 72' lang='lat' dir='ltr'><strong>iniquus.</strong></span> 
     </span>
     <span class='ocr_line' id='line_1_82' title="bbox 2817 4142 4498 4231; baseline -0.007 -20"><span class='ocrx_word' id='word_1_592' title='bbox 2817 4149 3048 4211; x_wconf 83' lang='lat' dir='ltr'><strong>Ternae</strong></span> <span class='ocrx_word' id='word_1_593' title='bbox 3074 4160 3283 4210; x_wconf 89' lang='lat' dir='ltr'><strong>autem</strong></span> <span class='ocrx_word' id='word_1_594' title='bbox 3313 4144 3435 4210; x_wconf 72' lang='lat' dir='ltr'><strong>⁶11]ae</strong></span> <span class='ocrx_word' id='word_1_595' title='bbox 3463 4143 3934 4231; x_wconf 87' lang='lat' dir='ltr'><strong>significationes</strong></span> <span class='ocrx_word' id='word_1_596' title='bbox 3972 4142 4149 4207; x_wconf 88' lang='lat' dir='ltr'><strong>bonis</strong></span> <span class='ocrx_word' id='word_1_597' title='bbox 4189 4142 4498 4229; x_wconf 88' lang='lat' dir='ltr'><strong>scriptori-</strong></span> 
     </span>
     <span class='ocr_line' id='line_1_83' title="bbox 2814 4244 4493 4333; baseline -0.001 -19"><span class='ocrx_word' id='word_1_598' title='bbox 2814 4249 2934 4314; x_wconf 92' lang='lat' dir='ltr'><strong>bus</strong></span> <span class='ocrx_word' id='word_1_599' title='bbox 2964 4248 3206 4313; x_wconf 86' lang='lat' dir='ltr'><strong>usitatae</strong></span> <span class='ocrx_word' id='word_1_600' title='bbox 3236 4262 3402 4311; x_wconf 88' lang='lat' dir='ltr'><strong>sunt.</strong></span> <span class='ocrx_word' id='word_1_601' title='bbox 3448 4246 3590 4311; x_wconf 86' lang='lat' dir='ltr'><strong>vid.</strong></span> <span class='ocrx_word' id='word_1_602' title='bbox 3622 4244 3874 4309; x_wconf 88' lang='lat' dir='ltr'><strong>Pollux.</strong></span> <span class='ocrx_word' id='word_1_603' title='bbox 3907 4246 4028 4309; x_wconf 91' lang='lat' dir='ltr'><strong>Iv.</strong></span> <span class='ocrx_word' id='word_1_604' title='bbox 4062 4265 4162 4309; x_wconf 90' lang='lat'><strong>10.</strong></span> <span class='ocrx_word' id='word_1_605' title='bbox 4211 4247 4493 4333; x_wconf 86' lang='lat' dir='ltr'><strong>Hesych.</strong></span> 
     </span>
     <span class='ocr_line' id='line_1_84' title="bbox 2817 4346 4492 4437; baseline -0.001 -21"><span class='ocrx_word' id='word_1_606' title='bbox 2817 4354 2879 4416; x_wconf 93' lang='lat' dir='ltr'><strong>I.</strong></span> <span class='ocrx_word' id='word_1_607' title='bbox 2908 4367 3013 4436; x_wconf 84' lang='lat'><strong>59.</strong></span> <span class='ocrx_word' id='word_1_608' title='bbox 3074 4349 3217 4414; x_wconf 90' lang='lat' dir='ltr'><strong>Alb.</strong></span> <span class='ocrx_word' id='word_1_609' title='bbox 3261 4372 3407 4413; x_wconf 90' lang='lat' dir='ltr'><strong>eum</strong></span> <span class='ocrx_word' id='word_1_610' title='bbox 3449 4348 3736 4435; x_wconf 88' lang='lat' dir='ltr'><strong>interprr.</strong></span> <span class='ocrx_word' id='word_1_611' title='bbox 3774 4346 4048 4412; x_wconf 86' lang='lat' dir='ltr'><strong>Lexicon</strong></span> <span class='ocrx_word' id='word_1_612' title='bbox 4082 4349 4492 4437; x_wconf 89' lang='lat' dir='ltr'><strong>Xenophont.</strong></span> 
     </span>
     <span class='ocr_line' id='line_1_85' title="bbox 2816 4450 4489 4542; baseline -0.001 -24"><span class='ocrx_word' id='word_1_613' title='bbox 2816 4456 2871 4518; x_wconf 95' lang='lat' dir='ltr'><strong>I.</strong></span> <span class='ocrx_word' id='word_1_614' title='bbox 2898 4454 3005 4539; x_wconf 85' lang='grc'><strong>38.</strong></span> <span class='ocrx_word' id='word_1_615' title='bbox 3054 4450 3375 4517; x_wconf 90' lang='lat' dir='ltr'><strong>Scholiast.</strong></span> <span class='ocrx_word' id='word_1_616' title='bbox 3407 4465 3470 4514; x_wconf 90' lang='lat' dir='ltr'><strong>et</strong></span> <span class='ocrx_word' id='word_1_617' title='bbox 3497 4450 3783 4537; x_wconf 87' lang='lat' dir='ltr'><strong>interprr.</strong></span> <span class='ocrx_word' id='word_1_618' title='bbox 3806 4450 3887 4515; x_wconf 90' lang='lat' dir='ltr'><strong>ad</strong></span> <span class='ocrx_word' id='word_1_619' title='bbox 3921 4451 4242 4538; x_wconf 91' lang='lat' dir='ltr'><strong>Sophoclis</strong></span> <span class='ocrx_word' id='word_1_620' title='bbox 4264 4452 4489 4542; x_wconf 90' lang='lat' dir='ltr'><strong>OEdip.</strong></span> 
     </span>
     <span class='ocr_line' id='line_1_86' title="bbox 2817 4552 4488 4641; baseline -0.001 -19"><span class='ocrx_word' id='word_1_621' title='bbox 2817 4556 3040 4623; x_wconf 90' lang='lat' dir='ltr'><strong>Colon.</strong></span> <span class='ocrx_word' id='word_1_622' title='bbox 3102 4555 3208 4619; x_wconf 91' lang='lat'><strong>86.</strong></span> <span class='ocrx_word' id='word_1_623' title='bbox 3275 4567 3338 4618; x_wconf 89' lang='lat' dir='ltr'><strong>et</strong></span> <span class='ocrx_word' id='word_1_624' title='bbox 3393 4552 3685 4641; x_wconf 87' lang='lat' dir='ltr'><strong>Heynius</strong></span> <span class='ocrx_word' id='word_1_625' title='bbox 3749 4553 3830 4618; x_wconf 88' lang='lat' dir='ltr'><strong>ad</strong></span> <span class='ocrx_word' id='word_1_626' title='bbox 3897 4554 4172 4641; x_wconf 88' lang='lat' dir='ltr'><strong>Epictet.</strong></span> <span class='ocrx_word' id='word_1_627' title='bbox 4230 4556 4488 4622; x_wconf 85' lang='lat' dir='ltr'><strong>Euchir.</strong></span> 
     </span>
     <span class='ocr_line' id='line_1_87' title="bbox 2818 4660 3183 4744; baseline -0.008 -20"><span class='ocrx_word' id='word_1_628' title='bbox 2818 4660 3092 4724; x_wconf 90' lang='lat' dir='ltr'><strong>XXIV.</strong></span> <span class='ocrx_word' id='word_1_629' title='bbox 3121 4679 3183 4744; x_wconf 85' lang='lat'><strong>3.</strong></span> 
     </span>
    </p>

    <p class='ocr_par' dir='ltr' id='par_1_11' title="bbox 2805 4759 4488 5446">
     <span class='ocr_line' id='line_1_88' title="bbox 2898 4759 4484 4848; baseline 0.001 -23"><span class='ocrx_word' id='word_1_630' title='bbox 2898 4800 2982 4813; x_wconf 93' lang='lat'>—</span> <span class='ocrx_word' id='word_1_631' title='bbox 3018 4781 3117 4848; x_wconf 86' lang='lat'><strong>13.</strong></span> <span class='ocrx_word' id='word_1_632' title='bbox 3162 4763 3305 4844; x_wconf 78' lang='grc' dir='ltr'>ἄρας</span> <span class='ocrx_word' id='word_1_633' title='bbox 3356 4759 3581 4844; x_wconf 84' lang='grc' dir='ltr'>θήσειε]</span> <span class='ocrx_word' id='word_1_634' title='bbox 3644 4760 3973 4826; x_wconf 85' lang='lat' dir='ltr'><strong>Contraria</strong></span> <span class='ocrx_word' id='word_1_635' title='bbox 4022 4762 4136 4827; x_wconf 86' lang='lat' dir='ltr'><strong>sibi</strong></span> <span class='ocrx_word' id='word_1_636' title='bbox 4187 4764 4255 4825; x_wconf 91' lang='lat' dir='ltr'><strong>h.</strong></span> <span class='ocrx_word' id='word_1_637' title='bbox 4294 4761 4339 4825; x_wconf 96' lang='lat' dir='ltr'><strong>l.</strong></span> <span class='ocrx_word' id='word_1_638' title='bbox 4386 4784 4484 4826; x_wconf 88' lang='lat' dir='ltr'><strong>re-</strong></span> 
     </span>
     <span class='ocr_line' id='line_1_89' title="bbox 2811 4863 4488 4954; baseline -0.002 -24"><span class='ocrx_word' id='word_1_639' title='bbox 2811 4865 3118 4954; x_wconf 89' lang='lat' dir='ltr'><strong>spondent</strong></span> <span class='ocrx_word' id='word_1_640' title='bbox 3147 4866 3291 4946; x_wconf 78' lang='grc' dir='ltr'>ἄρας</span> <span class='ocrx_word' id='word_1_641' title='bbox 3319 4863 3521 4943; x_wconf 85' lang='grc' dir='ltr'>θήσειε</span> <span class='ocrx_word' id='word_1_642' title='bbox 3547 4877 3611 4927; x_wconf 93' lang='lat' dir='ltr'><strong>et</strong></span> <span class='ocrx_word' id='word_1_643' title='bbox 3640 4864 3902 4946; x_wconf 81' lang='grc' dir='ltr'>κατάγοι.</span> <span class='ocrx_word' id='word_1_644' title='bbox 3963 4872 4007 4904; x_wconf 85' lang='grc'><strong>“</strong></span> <span class='ocrx_word' id='word_1_645' title='bbox 4039 4863 4227 4943; x_wconf 82' lang='lat' dir='ltr'><strong>Quod</strong></span> <span class='ocrx_word' id='word_1_646' title='bbox 4263 4863 4313 4928; x_wconf 91' lang='lat' dir='ltr'><strong>si</strong></span> <span class='ocrx_word' id='word_1_647' title='bbox 4342 4886 4488 4927; x_wconf 90' lang='lat' dir='ltr'><strong>vero</strong></span> 
     </span>
     <span class='ocr_line' id='line_1_90' title="bbox 2809 4965 4485 5058; baseline -0.002 -24"><span class='ocrx_word' id='word_1_648' title='bbox 2809 4969 2951 5058; x_wconf 91' lang='lat' dir='ltr'><strong>quis</strong></span> <span class='ocrx_word' id='word_1_649' title='bbox 2992 4968 3258 5056; x_wconf 89' lang='lat' dir='ltr'><strong>probum</strong></span> <span class='ocrx_word' id='word_1_650' title='bbox 3291 4965 3494 5030; x_wconf 90' lang='lat' dir='ltr'><strong>virum</strong></span> <span class='ocrx_word' id='word_1_651' title='bbox 3524 4988 3648 5029; x_wconf 88' lang='lat' dir='ltr'><strong>non</strong></span> <span class='ocrx_word' id='word_1_652' title='bbox 3677 4968 3936 5032; x_wconf 71' lang='lat' dir='ltr'><strong>sublime</strong></span> <span class='ocrx_word' id='word_1_653' title='bbox 3967 4969 4045 5050; x_wconf 92' lang='lat' dir='ltr'><strong>(s.</strong></span> <span class='ocrx_word' id='word_1_654' title='bbox 4073 4965 4334 5048; x_wconf 87' lang='lat' dir='ltr'><strong>elatum)</strong></span> <span class='ocrx_word' id='word_1_655' title='bbox 4363 4967 4485 5030; x_wconf 69' lang='lat'><em>8238-</em></span> 
     </span>
     <span class='ocr_line' id='line_1_91' title="bbox 2807 5068 4487 5158; baseline -0.004 -21"><span class='ocrx_word' id='word_1_656' title='bbox 2807 5081 2960 5137; x_wconf 80' lang='lat' dir='ltr'><strong>teret</strong></span> <span class='ocrx_word' id='word_1_657' title='bbox 2979 5071 3044 5135; x_wconf 89' lang='lat' dir='ltr'><strong>in</strong></span> <span class='ocrx_word' id='word_1_658' title='bbox 3068 5083 3293 5149; x_wconf 89' lang='lat' dir='ltr'><strong>mente,</strong></span> <span class='ocrx_word' id='word_1_659' title='bbox 3316 5091 3533 5133; x_wconf 87' lang='lat' dir='ltr'><strong>verum</strong></span> <span class='ocrx_word' id='word_1_660' title='bbox 3554 5069 3907 5158; x_wconf 78' lang='lat' dir='ltr'><strong>deportaret</strong></span> <span class='ocrx_word' id='word_1_661' title='bbox 3929 5068 4009 5132; x_wconf 88' lang='lat' dir='ltr'><strong>ad</strong></span> <span class='ocrx_word' id='word_1_662' title='bbox 4031 5068 4311 5132; x_wconf 86' lang='lat' dir='ltr'><strong>fortunas</strong></span> <span class='ocrx_word' id='word_1_663' title='bbox 4330 5070 4487 5132; x_wconf 82' lang='lat' dir='ltr'><strong>cet.”</strong></span> 
     </span>
     <span class='ocr_line' id='line_1_92' title="bbox 2809 5167 4487 5259; baseline -0.004 -19"><span class='ocrx_word' id='word_1_664' title='bbox 2809 5174 2996 5254; x_wconf 85' lang='lat' dir='ltr'><strong>Quod</strong></span> <span class='ocrx_word' id='word_1_665' title='bbox 3022 5195 3165 5239; x_wconf 91' lang='lat' dir='ltr'><strong>cum</strong></span> <span class='ocrx_word' id='word_1_666' title='bbox 3195 5195 3317 5238; x_wconf 92' lang='lat' dir='ltr'><strong>non</strong></span> <span class='ocrx_word' id='word_1_667' title='bbox 3347 5190 3776 5259; x_wconf 87' lang='lat' dir='ltr'><strong>assequeretur</strong></span> <span class='ocrx_word' id='word_1_668' title='bbox 3803 5170 4024 5258; x_wconf 90' lang='lat' dir='ltr'><strong>aliquis</strong></span> <span class='ocrx_word' id='word_1_669' title='bbox 4052 5167 4358 5247; x_wconf 82' lang='lat' dir='ltr'><strong>librariuS,</strong></span> <span class='ocrx_word' id='word_1_670' title='bbox 4388 5169 4487 5234; x_wconf 88' lang='lat' dir='ltr'><strong>in-</strong></span> 
     </span>
     <span class='ocr_line' id='line_1_93' title="bbox 2805 5271 4480 5360; baseline -0.003 -18"><span class='ocrx_word' id='word_1_671' title='bbox 2805 5277 2967 5344; x_wconf 88' lang='lat' dir='ltr'><strong>felici</strong></span> <span class='ocrx_word' id='word_1_672' title='bbox 3021 5299 3211 5341; x_wconf 86' lang='lat' dir='ltr'><strong>manu</strong></span> <span class='ocrx_word' id='word_1_673' title='bbox 3259 5275 3526 5341; x_wconf 87' lang='lat' dir='ltr'><strong>correxit</strong></span> <span class='ocrx_word' id='word_1_674' title='bbox 3577 5275 3934 5358; x_wconf 82' lang='grc' dir='ltr'>ἆριθμήσειε.</span> <span class='ocrx_word' id='word_1_675' title='bbox 4025 5272 4086 5336; x_wconf 91' lang='lat' dir='ltr'>N</span> <span class='ocrx_word' id='word_1_676' title='bbox 4090 5294 4158 5336; x_wconf 90' lang='lat' dir='ltr'><strong>ec</strong></span> <span class='ocrx_word' id='word_1_677' title='bbox 4204 5271 4480 5360; x_wconf 88' lang='lat' dir='ltr'><strong>Engelh.</strong></span> 
     </span>
     <span class='ocr_line' id='line_1_94' title="bbox 2806 5379 3562 5446; baseline -0.003 -1"><span class='ocrx_word' id='word_1_678' title='bbox 2806 5380 2926 5446; x_wconf 90' lang='lat' dir='ltr'><strong>loci</strong></span> <span class='ocrx_word' id='word_1_679' title='bbox 2953 5379 3078 5444; x_wconf 85' lang='lat' dir='ltr'><strong>vim</strong></span> <span class='ocrx_word' id='word_1_680' title='bbox 3107 5394 3200 5445; x_wconf 90' lang='lat' dir='ltr'><strong>est</strong></span> <span class='ocrx_word' id='word_1_681' title='bbox 3226 5393 3562 5444; x_wconf 88' lang='lat' dir='ltr'><strong>assecutus.</strong></span> 
     </span>
    </p>

    <p class='ocr_par' dir='ltr' id='par_1_12' title="bbox 2891 5476 4480 5567">
     <span class='ocr_line' id='line_1_95' title="bbox 2891 5476 4480 5567; baseline -0.004 -21"><span class='ocrx_word' id='word_1_682' title='bbox 2891 5518 2980 5535; x_wconf 89' lang='lat'><strong>—</strong></span> <span class='ocrx_word' id='word_1_683' title='bbox 3014 5503 3114 5567; x_wconf 86' lang='lat'><strong>15.</strong></span> <span class='ocrx_word' id='word_1_684' title='bbox 3147 5484 3282 5548; x_wconf 81' lang='grc' dir='ltr'>οὔτε</span> <span class='ocrx_word' id='word_1_685' title='bbox 3311 5486 3633 5546; x_wconf 76' lang='grc' dir='ltr'>σπουδαῖον</span> <span class='ocrx_word' id='word_1_686' title='bbox 3661 5477 3927 5565; x_wconf 78' lang='grc' dir='ltr'>τηρήσει]</span> <span class='ocrx_word' id='word_1_687' title='bbox 3978 5486 4021 5516; x_wconf 91' lang='lat'>“</span> <span class='ocrx_word' id='word_1_688' title='bbox 4049 5477 4185 5541; x_wconf 91' lang='lat' dir='ltr'><strong>Nec</strong></span> <span class='ocrx_word' id='word_1_689' title='bbox 4213 5476 4480 5564; x_wconf 91' lang='lat' dir='ltr'><strong>probum</strong></span> 
     </span>
    </p>
   </div>
   <div class='ocr_carea' id='block_1_7' title="bbox 5114 5417 5118 6048">
    <p class='ocr_par' dir='ltr' id='par_1_13' title="bbox 5114 5417 5118 6048">
     <span class='ocr_line' id='line_1_96' title="bbox 5114 5417 5118 6048; baseline 0 0"><span class='ocrx_word' id='word_1_690' title='bbox 5114 5417 5118 6048; x_wconf 95' lang='lat' dir='ltr'><strong> </strong></span> 
     </span>
    </p>
   </div>
  </div>
 </body>
</html>
