5118 6613
954 509 1082 595 358

1924 510 2134 574 ANN
2155 510 2756 577 OTATIONES

2825 510 2936 575 IN
3001 511 3447 576 PLOTINI

962 681 1205 769 pressit,
1250 705 1396 768 quae
1440 680 1502 745 in
1551 704 1744 768 marg.
1788 682 2024 748 Medic.
2056 686 2140 747 A.
2189 683 2479 750 addenda
2520 707 2653 749 esse
2736 708 2922 764 μενον
2947 682 3042 749 ὑπ’
3075 684 3272 765 ἀλλην
3301 684 3551 767 ἀνάγειν
3577 687 3948 768 κατηγορίαν.
3993 687 4214 767 ἥνωται
4256 691 4373 771 γὰρ
4398 689 4437 767 ἦ

962 799 1204 850 censet:
1255 787 1350 850 καὶ
1376 786 1413 865 ἡ
1441 784 1724 868 διάκρισις
1753 786 1843 849 αὖ.
1920 785 2101 850 Libri
2134 801 2339 852 tamen
2369 811 2492 854 non
2526 787 2657 852 suf·
2743 789 2918 852 οὐσία
2950 788 3045 851 καὶ
3071 789 3178 867 μία
3208 789 3394 852 ἐστίν.
3444 786 3580 852 ἀλλ’
3618 790 3837 870 εἴρηται
3879 788 3974 854 καὶ
4008 787 4314 871 πρότερον,
4348 791 4441 855 ὅτι

965 888 1334 976 frag-autum
1381 903 1442 952 et
1473 886 1535 950 in
1566 887 1873 975 ejusmodi
1902 889 2339 976 partitionibus
2368 890 2659 956 Plotinus

966 1015 1041 1057 ea
1078 1015 1333 1079 quoque
1373 1012 1819 1078 nonnunquam
1866 991 2117 1071 omittit,
2147 1017 2294 1080 quae
2337 993 2416 1059 ad
2467 1017 2660 1058 mem·

968 1095 1223 1160 brorum
1276 1094 1693 1182 aequalitatem
1748 1095 2085 1160 necessario
2135 1097 2443 1184 pertinere
2490 1095 2663 1160 vide-

970 1215 1178 1264 antur.

1059 1325 1122 1389 p.
1165 1318 1346 1384 1172,
1387 1320 1482 1386 13.
1541 1304 1687 1366 κατὰ
1734 1301 1802 1365 τὸ
1851 1302 2074 1388 ποσὸν]
2149 1304 2253 1368 Ita
2299 1302 2535 1368 correxi
2588 1325 2666 1366 ex

977 1404 1142 1470 Cod.
1167 1403 1300 1469 Ciz.
1348 1403 1602 1468 Ficinus
1630 1404 1893 1491 conjecit
1920 1406 2349 1494 expressitque
2376 1407 2444 1471 rb
2472 1407 2666 1480 ποιὸν,

973 1509 1302 1597 qualitatis
1325 1533 1346 1571 .·
1401 1529 1566 1571 nunc
1614 1529 1775 1595 pone
1822 1511 2215 1595 quantitatis.
2305 1508 2433 1573 Ed.
2481 1508 2671 1572 habet

979 1614 1125 1676 κατὰ
1162 1613 1365 1675 τόπον.

1063 1737 1129 1801 p.
1164 1732 1348 1798 1173,
1379 1734 1439 1793 4.
1470 1713 1663 1793 μανὸν
1692 1716 1756 1778 δὲ
1786 1714 1860 1777 αὖ
1888 1714 2266 1804 ἠλλοίωται·]
2318 1713 2673 1802 Simplicius

978 1817 1042 1881 in
1073 1816 1340 1880 Aristot.
1368 1816 1624 1903 Categg.
1657 1839 1719 1903 p.
1744 1817 1850 1881 68.
1873 1817 1946 1881 b:
1998 1821 2079 1882 Οἱ
2106 1821 2172 1882 δὲ
2198 1819 2332 1901 περὶ
2359 1819 2464 1883 τὸν
2494 1819 2673 1882 Νικό-

981 1945 1256 2002 στρατον,
1286 1920 1378 1982 καὶ
1408 1919 1516 1997 τὴν
1542 1922 1842 1999 μανότητα
1872 1921 1966 1983 καὶ
1993 1923 2345 2000 πυκνότητα,
2372 1923 2675 2001 ποιότητες

981 2026 1390 2105 φιλονεικοῦσι
1434 2023 1746 2096 δεικνύναι,
1780 2022 1845 2085 τὸ
1873 2026 1987 2105 πῦρ
2015 2023 2207 2102 μανὸν
2235 2023 2387 2089 εἶναι
2423 2049 2670 2106 παρατι-

984 2125 1239 2205 θέμενοι,
1274 2125 1368 2188 καὶ
1397 2126 1499 2187 τὸν
1531 2124 1697 2206 ἀέρα.
1745 2124 1852 2203 τὴν
1881 2127 1945 2189 δὲ
1976 2130 2107 2207 γῆν,
2138 2128 2381 2206 πυκνὴν,
2414 2128 2482 2191 οὐ
2527 2129 2675 2190 κατὰ

980 2228 1171 2302 θέσιν,
1203 2230 1368 2292 ἀλλὰ
1396 2231 1542 2292 κατὰ
1567 2226 1867 2308 ποιότητα.
1913 2229 2125 2310 ῥητέον
2155 2231 2220 2292 δὲ
2261 2235 2405 2311 πρὸς
2444 2229 2670 2303 αὐτοὺς,

982 2334 1058 2399 ὣς
1092 2334 1187 2396 καὶ
1219 2335 1285 2394 ἐν
1314 2333 1537 2398 τούτοις
1576 2334 1723 2395 κατὰ
1751 2331 1856 2394 τὸν
1886 2337 2048 2394 θεῖον
2086 2329 2442 2416 Ἰάμβλιχον
2472 2332 2671 2396 ἑκάτε-

980 2460 1090 2517 ρον
1118 2436 1339 2498 τούτων
1369 2436 1471 2497 δύο
1503 2435 1796 2514 σημαίνει,
1832 2434 1927 2497 καὶ
1955 2433 2128 2497 θέσιν
2153 2437 2392 2516 μορίων,
2427 2436 2522 2499 καὶ
2548 2461 2677 2500 ποι-

982 2534 1179 2616 ότητα·
1230 2535 1401 2600 θέσιν
1430 2537 1561 2615 μὲν,
1595 2536 1672 2602 ὥς
1702 2535 1798 2599 ἐπὶ
1828 2541 1945 2598 τῶν
1973 2536 2362 2617 ὑφασμάτων·
2394 2536 2679 2617 ποιότητα

984 2642 1068 2714 δὲ,
1102 2641 1179 2707 ὡς
1222 2641 1320 2702 ἐπὶ
1362 2643 1467 2702 τοῦ
1510 2637 1704 2719 ἀέρος.
1752 2640 2067 2720 διακρίνειν
2097 2642 2161 2702 δὲ
2191 2644 2372 2705 ταῦτα
2413 2643 2481 2705 ἑν
2511 2644 2679 2706 εἷσα-

985 2746 1147 2825 γωγῇ
1179 2742 1284 2805 οὐκ
1312 2742 1386 2819 ἦν
1417 2742 1759 2822 ἀναγκαῖον·
1809 2742 1904 2804 καὶ
1932 2744 2048 2823 γὰρ
2077 2742 2234 2805 ἄλλο
2263 2742 2376 2822 μέν
2406 2745 2535 2807 ἐστι
2561 2770 2674 2824 μα-

987 2845 1117 2922 νὸν,
1147 2845 1216 2907 οὗ
1259 2847 1331 2907 rb
1372 2841 1549 2923 μόρια
1593 2842 1931 2923 ἀφέστηκεν
1972 2842 2071 2906 ἀπ’
2102 2844 2409 2923 ἀλλήλων,
2441 2848 2554 2928 οὐχ
2592 2848 2684 2910 ὅτι

991 2944 1163 3010 κενόν
1193 2948 1321 3009 ἐστι
1348 2946 1584 3025 μεταξὺ,
1619 2944 1754 3008 ἀλλ’
1782 2948 1873 3009 ὅτι
1904 2948 2242 3028 ἑτερογενὲς
2270 2953 2441 3028 σῶμα
2469 2948 2685 3013 λεπτό-

989 3074 1176 3130 τερον.
1229 3051 1262 3111 ὁ
1291 3047 1495 3127 μέντοι
1540 3047 1649 3129 ἀὴρ
1680 3047 1748 3110 οὐ
1778 3051 1857 3133 τῷ
1888 3048 2223 3130 ἀφεστάναι
2267 3049 2363 3114 ἀπ’
2396 3052 2685 3131 ἀλλήλων

990 3155 1065 3216 rb
1091 3148 1266 3233 μόρια
1297 3152 1476 3214 αὐτοῦ
1501 3147 1687 3230 μανός
1726 3152 1912 3224 ἐστιν,
1947 3151 2110 3214 ἀλλὰ
2146 3155 2227 3236 τῷ
2272 3157 2489 3235 κοῦφος
2533 3154 2685 3219 εἶναι

993 3256 1087 3323 καὶ
1131 3255 1503 3337 εὖδιαίρετος.
1552 3250 1753 3336 διόπερ
1800 3258 1918 3317 τῶν
1961 3256 2107 3318 κατά
2149 3251 2428 3336 ποιότητα
2472 3256 2549 3320 ἂν
2596 3260 2683 3337 εἴη

992 3361 1289 3433 τοιούτων,
1337 3356 1475 3421 ἀλλ’
1509 3357 1577 3421 οὗ
1620 3363 1739 3420 τῶν
1783 3360 1929 3420 κατὰ
1973 3354 2161 3420 θέσιν.
2211 3362 2290 3443 τῷ
2335 3362 2400 3422 δὲ
2442 3362 2684 3447 τοιούτῳ

989 3466 1155 3550 μανῷ
1183 3461 1373 3544 φησὶν
1399 3458 1768 3543 Ἰάμβλιχος,
1794 3461 1862 3523 οὗ
1891 3460 1959 3523 τὸ
1990 3460 2230 3535 πυκνὸν,
2260 3463 2424 3527 ἀλλὰ
2452 3464 2518 3527 τὸ
2549 3490 2686 3528 στε-

988 3567 1131 3649 ρεὸν
1177 3562 1578 3643 ἀντιτάξομεν,
1626 3560 1673 3648 ᾧ
1721 3561 1791 3625 τὸ
1839 3563 2243 3645 δυσδιαίρετον
2287 3565 2540 3650 ὑπάρχει
2591 3568 2685 3631 καὶ

989 3669 1164 3750 βαρύ.
1214 3667 1309 3730 καὶ
1337 3665 1405 3729 τὸ
1437 3667 1549 3745 μὲν
1576 3669 1842 3729 τοιοῦτον
1872 3670 2020 3730 κατὰ
2057 3665 2338 3748 ποιότητα
2379 3670 2568 3735 ἔσται·
2616 3670 2684 3735 τὸ

993 3774 1056 3835 δὲ
1089 3773 1235 3835 κατὰ
1264 3767 1436 3833 θέσιν
1464 3768 1578 3832 ὑπὸ
1608 3771 1682 3831 τὰ
1709 3767 1856 3850 πρός
1885 3795 1940 3832 τι
1981 3770 2403 3853 ἀναχθήσεται.
2448 3775 2688 3852 {mm-1⁶2-

995 3900 1100 3937 σαι
1126 3875 1192 3937 δὲ
1220 3873 1404 3951 ἄξιον,
1436 3876 1609 3935 ποῖον
1638 3875 1744 3933 τοῦ
1770 3876 2016 3953 στερεοῦ
2054 3872 2491 3955 σημαινόμενον
2519 3877 2685 3940 ἀντί·

998 4000 1180 4038 κειται
1223 3978 1301 4058 τῷ
1344 3976 1531 4059 μανῷ.
1578 3975 1632 4036 εἰ
1667 3975 1780 4052 μὲν
1811 3978 1926 4056 γάρ
1967 3974 2034 4037 τὸ
2072 3982 2242 4060 τριχῇ
2284 3980 2620 4053 διαστατὸν,
2651 3981 2689 4061 ἡ

1000 4076 1317 4158 ἐπιφάνεια
1344 4077 1529 4160 τούτῳ
1562 4075 1655 4138 καὶ
1684 4076 1721 4153 ἡ
1750 4076 1984 4158 γραμμὴ
2028 4079 2362 4144 ἀντίκειται·
2415 4085 2468 4146 εί
2511 4085 2576 4146 δὲ
2619 4083 2687 4146 τὸ

1000 4176 1287 4262 ἱσχυρόνς
1335 4177 1403 4240 τὸ
1451 4176 1676 4259 σαθρὸν
1706 4177 1781 4241 ἀν
1810 4181 1899 4258 εἴη
1937 4182 2119 4265 τούτῳ
2165 4184 2588 4264 ἀντικείμενον·
2639 4188 2692 4249 εί

1000 4285 1065 4348 δὲ
1104 4279 1171 4344 τὸ
1214 4281 1635 4362 δυσδιαίρετον,
1670 4282 1723 4344 εἰ
1749 4282 1860 4360 μὲν
1891 4284 1986 4345 διὰ
2014 4282 2120 4361 τὴν
2150 4283 2520 4367 σκληρότητα
2565 4288 2693 4371 ἔχει

1000 4388 1190 4458 τοῦτο,
1233 4380 1299 4446 rb
1340 4380 1612 4462 μαλακὸν
1655 4383 1808 4468 αὐτῷ
1853 4385 2189 4448 ἀντίκειται.
2238 4390 2290 4450 εἰ
2332 4389 2396 4450 δὲ
2445 4392 2539 4452 διὰ
2585 4391 2693 4470 τὴν

1000 4486 1347 4565 πυκνότητα,
1379 4482 1447 4548 τὸ
1473 4483 1699 4567 ἀραιόν·
1739 4487 1833 4550 καὶ
1863 4489 1949 4566 εἴη
1980 4487 2054 4550 ἂν
2084 4492 2163 4573 τῷ
2194 4494 2360 4576 μανῷ
2391 4493 2595 4573 κυρίως
2624 4494 2694 4557 οὗ

1002 4590 1068 4656 rb
1099 4586 1366 4671 στερεὸν,
1391 4591 1553 4651 ἀλλὰ
1581 4587 1648 4651 τὸ
1677 4586 1899 4653 πυκνὸν
1929 4592 2351 4670 ἀντικείμενον.
2384 4598 2696 4663 Πλωτῖνος

1003 4692 1204 4775 μέντοι
1233 4692 1337 4754 οὐκ
1366 4692 1524 4770 ἀξιοῖ
1545 4692 1647 4754 δύο
1679 4688 2083 4771 σημαινόμενα
2112 4697 2213 4772 τῆς
2238 4693 2565 4775 μανότητος
2602 4700 2698 4762 καὶ

1006 4793 1361 4873 πυκνότητος
1402 4794 1656 4866 ἀκούειν,
1688 4791 1757 4856 τὸ
1798 4795 1927 4873 μὲν,
1965 4793 2079 4858 ὑπὸ
2124 4794 2191 4859 τὸ
2229 4796 2374 4879 πρός
2417 4824 2493 4873 τι,
2525 4799 2594 4864 τὸ
2633 4803 2697 4865 δὲ

1003 4899 1119 4964 ὑπὸ
1144 4895 1212 4960 τὸ
1237 4893 1410 4960 ποιὸν
1440 4892 1828 4976 ἀναγόμενον,
1855 4897 2016 4960 ἀλλά
2043 4895 2231 4977 μόνην
2253 4898 2535 4979 ποιότητα
2566 4906 2692 4988 ὁρᾷ.

1007 5005 1142 5067 οὔτε
1171 5002 1286 5082 γάρ
1317 5001 1384 5061 ἐν
1413 4997 1800 5060 διαστάσεσιν
1818 4998 1970 5062 εἶναι
1991 5003 2064 5063 rb
2088 5004 2247 5078 μανά
2279 5003 2467 5067 καὶτὰ
2485 5006 2694 5069 πυκνά.

1009 5109 1118 5170 κᾶν
1147 5104 1331 5187 τούτῳ
1362 5099 1427 5164 δέ
1453 5125 1540 5166 τις
1579 5101 1730 5181 φησὶ
1769 5101 2196 5183 συγχωρήσειε,
2229 5102 2509 5184 ποιότητα
2547 5107 2699 5172 εἶναι

1012 5210 1105 5272 καὶ
1134 5206 1241 5284 τὴν
1270 5204 1599 5268 διάστασιν.
1632 5199 1774 5284 πρὸς
1802 5201 1835 5265 ὃ
1863 5200 2096 5284 ῥητέον,
2129 5206 2220 5267 ὅτι
2248 5205 2315 5269 τὸ
2342 5206 2535 5272 διττὸν
2563 5215 2694 5273 τοῦ-

1011 5338 1077 5375 το
1110 5314 1209 5389 τῆς
1231 5308 1469 5390 φύσεως
1496 5306 1600 5369 οὐκ
1622 5305 1741 5369 ἔδει
1771 5311 2042 5388 συγχεῖν.
2077 5306 2423 5390 φιλοσόφου
2453 5313 2569 5392 γὰρ
2600 5314 2700 5376 ἀν-

1016 5411 1149 5496 δρός
1178 5415 1325 5483 ἐστι,
1359 5411 1454 5473 καὶ
1481 5412 1584 5474 τὰς
1614 5409 1681 5471 ἓν
1706 5414 1829 5475 τοῖς
1860 5413 2205 5472 κοινωνοῦσι
2235 5414 2520 5491 διαφορὰς
2549 5416 2696 5477 ἀπο-

1013 5516 1378 5597 λογίζεσθαι.
1425 5510 1563 5576 ἀλλ’
1594 5512 1663 5575 οὐ
1708 5515 1803 5575 δεῖ
1840 5512 1996 5593 φασὶ
2023 5512 2130 5590 τὴν
2161 5512 2475 5577 διάστασιν
2505 5518 2696 5581 αἰτιώ-

2747 888 3171 973 Ἀριστοτέλης
3214 891 3284 954 οὗ
3325 894 3430 960 τάς
3471 892 3703 973 πρώτας
3748 892 3841 955 καὶ
3886 894 4283 976 στοιχειώδεις
4325 898 4444 958 τῶν

2748 996 2969 1076 μορίων
2997 991 3196 1062 θέσεις
3225 996 3495 1068 αίτιᾶται,
3530 995 3695 1058 ἀλλὰ
3734 997 3838 1062 τὰς
3877 995 3944 1058 έν
3971 1001 4094 1061 τοῖς
4136 993 4443 1063 συνθέτοις

2751 1098 2858 1178 ἤδη
2886 1099 3370 1180 περιγραφείσας,
3403 1100 3619 1166 αἵτινες
3645 1095 3983 1180 εἷργόμεναι
4009 1096 4124 1163 ὑπὸ
4152 1096 4436 1163 λεπτοτέ-

2751 1226 2871 1276 ρων
2900 1200 3207 1280 σωμάτων,
3235 1202 3624 1283 διαφεύγουσι
3651 1202 3758 1280 τὴν
3787 1204 4086 1282 αἴσθησιν,
4118 1207 4241 1269 πῶς
4268 1202 4441 1286 ἔχου-

2754 1329 2818 1366 σι
2846 1301 2914 1367 rb
2948 1306 3014 1366 ἐν
3043 1300 3352 1367 διαστάσει
3380 1301 3815 1383 συνηνωμένον.

2839 1443 2926 1456 -
2955 1426 2979 1469 1
2997 1425 3051 1468 1.
3091 1408 3240 1471 οὕτω
3273 1409 3385 1488 γὰρ
3415 1407 3490 1470 ἄν
3518 1397 3606 1473 τις
3636 1408 3731 1471 καὶ
3760 1403 3936 1470 κενόν
3962 1433 4008 1471 π
4234 1433 4356 1472 οιτο
4387 1436 4442 1471 κ.

2756 1536 2810 1574 τ.
2836 1511 2923 1594 λ.]
2979 1508 3332 1597 Simplicius
3359 1508 3396 1572 l.
3424 1532 3475 1574 c.
3509 1508 3646 1574 Fol.
3678 1529 3820 1595 109.
3840 1509 3920 1574 b:
3971 1515 4228 1590 Ζητοΰσι
4256 1512 4320 1575 δὲ
4351 1511 4447 1575 καὶ

2759 1613 2855 1677 ἐπὶ
2884 1616 2984 1692 τῆς
3011 1609 3305 1695 γενέσεως
3350 1614 3444 1676 καὶ
3484 1616 3727 1694 φθορᾶς,
3758 1613 3923 1679 τίνας
3967 1613 4167 1680 αὐταῖς
4207 1613 4448 1695 ἠρεμίας

2759 1713 3118 1791 ἀντιθετέον,
3166 1716 3261 1779 καὶ
3309 1712 3560 1798 λέγουσι
3604 1719 3676 1795 τῇ
3723 1716 3836 1794 μὲν
3879 1713 4122 1797 γενέσει
4165 1715 4274 1795 τὴν
4319 1719 4447 1803 *rep*

2761 1816 2947 1905 [*·r06
2974 1818 3204 1905 marg]
3236 1818 3316 1897 μὴ
3347 1817 3514 1882 εἶναι.
3547 1820 3728 1884 οὕτως
3755 1820 3820 1882 δὲ
3851 1818 3947 1882 καὶ
3972 1822 4042 1898 τῇ
4070 1820 4183 1898 μὲν
4207 1818 4448 1898 αὐξήσει

2756 1923 2794 2002 ἡ
2833 1924 2980 1985 κατὰ
3025 1922 3234 1988 ἀτελὲς
3269 1921 3481 2002 ἠρεμία
3525 1921 3862 1985 ἀντίκειται·
3911 1924 3980 2001 τῇ
4021 1922 4086 1985 δὲ
4123 1923 4383 2002 μειώσει,
4414 1923 4451 2002 ἡ

2761 2027 2909 2088 κατὰ
2936 2020 3005 2087 rb
3033 2020 3286 2087 τέλειον.
3336 2028 3649 2090 Πλωτῖνος
3685 2025 3751 2087 δὲ
3794 2025 4133 2105 ἐφίστησιν,
4166 2026 4258 2088 ὅτι
4301 2026 4446 2090 ἀπο-

2760 2127 3002 2210 φάσεώς
3048 2128 3177 2189 ἐστι
3219 2130 3324 2190 τοῦ
3366 2130 3656 2190 κινεῖσθαι
3682 2127 3719 2205 ἡ
3750 2128 3974 2208 ἐρημία.
4020 2124 4168 2190 διότι
4205 2127 4339 2191 οὐδὲ
4384 2129 4453 2191 ἐν

2760 2228 2922 2311 γένει
2951 2230 3120 2315 ἄλλῳ
3147 2229 3375 2314 ἠρεμίᾳ.
3416 2227 3543 2292 εἶτα
3571 2228 3839 2308 ζητήσας,
3870 2233 3966 2293 διὰ
3994 2232 4056 2294 τί
4076 2230 4211 2315 οὐχὶ
4241 2232 4337 2295 καὶ
4365 2233 4450 2295 κί·

2762 2357 2930 2412 νησις
2957 2330 3259 2414 ἀπόφασις
3286 2335 3387 2411 τῆς
3412 2330 3683 2399 στάσεως
3709 2360 3724 2405 ;
3772 2333 3881 2404 ὅτι,
3915 2333 4085 2414 φησὶ,
4115 2335 4153 2413 ἦ
4184 2337 4311 2399 ἐκεῖ
4334 2332 4451 2417 φέ-

2761 2461 2951 2516 ρουσα
2980 2435 3207 2514 κίνησίς
3237 2436 3386 2512 ἐστι,
3419 2434 3513 2498 καὶ
3541 2435 3632 2498 ὅτι
3657 2436 3695 2514 ἡ
3726 2437 3950 2514 κίνησις
3991 2436 4191 2519 ἔργον,
4220 2438 4316 2502 καὶ
4358 2437 4459 2502 ἔσ-

2762 2564 2856 2602 τιν
2879 2540 3035 2602 ἄλλο
3063 2564 3119 2602 τι
3149 2540 3430 2620 ἐνεργοῦν
3461 2538 3555 2601 καὶ
3577 2538 3706 2602 οῖον
3735 2537 3925 2602 ὠθοῦν
3954 2536 4020 2602 τὸ
4045 2540 4451 2620 ὑποκείμενον,

2766 2641 2860 2705 καὶ
2887 2642 3062 2722 μυρία
3091 2638 3481 2723 ἐργαζόμενον
3511 2638 3653 2704 αὐτὸ
3686 2641 3777 2704 καὶ
3807 2646 4074 2723 φθεῖρον·
4102 2643 4139 2722 ἡ
4163 2645 4227 2706 δὲ
4248 2643 4458 2724 ἠρεμία

2766 2743 3017 2808 ἑκάστου
3060 2740 3235 2807 οὐδέν
3280 2745 3448 2807 ἑστιν
3491 2743 3647 2806 ἄλλο
3690 2742 3826 2826 παρ’
3867 2742 4026 2807 αὐτό.
4075 2747 4350 2824 σημαίνει
4392 2748 4458 2810 δὲ

2766 2844 2975 2926 μόνον,
3021 2847 3112 2910 ὅτι
3160 2848 3389 2925 κίνησιν
3437 2846 3543 2909 οὐκ
3585 2846 3733 2929 ἔχει.
3797 2847 3895 2910 ἐπὶ
3936 2849 4003 2910 δὲ
4047 2852 4166 2910 τῶν
4211 2854 4455 2927 νοητῶν,

2768 2949 2941 3032 φησὶ,
2974 2950 3087 3032 οὐχ
3115 2951 3148 3012 ὁ
3180 2946 3354 3016 αὐτὸς
3382 2946 3594 3030 τρόπος
3620 2953 3698 3034 τῷ
3731 2947 3955 3035 θατέρῳ
3991 2950 4071 3030 μὴ
4100 2952 4365 3033 ἀναιρεῖν
4393 2949 4461 3015 rb

2771 3052 2993 3134 ἕτερον,
3027 3050 3164 3115 ἀλλ’
3196 3053 3371 3133 ἄμφω
3418 3052 3537 3132 ἅμα
3582 3051 3751 3125 εἶναι,
3797 3052 3891 3115 καὶ
3933 3053 4038 3131 τὴν
4084 3054 4315 3131 κίνησιν
4368 3054 4463 3118 καὶ

2769 3154 2877 3234 τὴν
2905 3154 3144 3218 στάσιν.
3222 3155 3549 3218 Hactenus
3577 3152 3657 3218 de
3687 3153 3954 3218 Plotino.
4048 3153 4210 3219 Inde
4241 3156 4463 3220 transit

2768 3255 2850 3321 ad
2872 3256 3132 3321 aliorum
3161 3256 3666 3345 philosophorum
3695 3256 4048 3337 sententiaS,
4075 3280 4278 3346 neque
4300 3258 4463 3324 redit

2769 3359 2850 3422 ad
2888 3359 3115 3423 Plotini
3161 3361 3526 3424 sententiam
3571 3360 3992 3441 refutandam,
4022 3376 4095 3426 ut
4135 3360 4286 3426 alias
4329 3385 4462 3427 mos

2771 3478 2863 3526 est
2896 3461 3232 3550 Simplicio,

2865 3588 2930 3652 p.
2975 3582 3154 3648 1174,
3191 3582 3286 3628 12.
3340 3566 3493 3648 Περὶ
3538 3567 3605 3630 δὲ
3653 3566 3920 3635 στάσεως
3965 3595 4016 3632 κ.
4051 3593 4101 3630 τ.
4133 3567 4227 3655 λ.]
4276 3567 4461 3632 Plato

2776 3667 3013 3755 Cratyl.
3061 3692 3123 3755 p.
3155 3672 3303 3751 426.
3339 3669 3409 3732 C.
3444 3669 3529 3734 D.
3578 3693 3639 3757 p.
3687 3692 3824 3751 142.
3862 3672 4123 3736 Heindf.
4196 3672 4303 3738 Cf.
4339 3675 4465 3737 Pa-

2773 3769 3118 3858 chymereae
3179 3771 3587 3860 Paraphrasis
3649 3772 3712 3836 in
3772 3775 4037 3862 Dionys.
4103 3775 4464 3865 Areopagit.

2775 3873 2915 3938 Vol.
2949 3875 3003 3938 1.
3051 3897 3114 3961 p.
3143 3876 3290 3956 484.
3382 3877 3482 3938 De
3538 3875 3747 3962 quiete
3806 3877 4029 3942 mentis
4087 3901 4277 3966 supra
4333 3879 4465 3967 agit

2777 3975 3059 4041 Plotinus
3090 3979 3165 4042 V.
3198 3998 3264 4063 3.
3301 3994 3360 4061 7.
3406 4000 3468 4065 p.
3499 3998 3649 4064 503.
3687 3980 3760 4042 B.
3792 3980 3904 4044 ubi
3942 3981 4130 4045 nostri
4176 3981 4296 4047 loci
4338 3981 4464 4047 lec·

2776 4092 2940 4144 tores
2968 4079 3431 4145 admonuimus.

2861 4206 2928 4269 p.
2956 4185 3145 4266 1176,
3182 4202 3236 4246 2.
3271 4182 3433 4247 ἀλλὰ
3462 4182 3587 4248 καθ’
3621 4184 3654 4247 b
3684 4184 3895 4253 στάσις
3923 4188 4306 4274 κατεθιηφεν]
4361 4189 4469 4254 Fi-

2776 4285 2985 4350 cinum
3015 4285 3200 4373 plura
3228 4285 3444 4373 legisse
3472 4285 3704 4351 dixeris
3731 4287 3793 4351 h.
3823 4287 3866 4352 l.
3959 4288 4083 4354 Sed
4126 4288 4266 4356 libri
4312 4291 4465 4357 nihil

2778 4387 3045 4476 amplius
3074 4389 3361 4452 offerunt.

2864 4527 2948 4539 —
2978 4492 3074 4553 18.
3105 4493 3251 4555 ὅταν
3281 4490 3495 4575 σχέσις
3523 4494 3727 4561 οὐσίας
3752 4496 3918 4581 ποιῇ]
3972 4496 4028 4559 F
4032 4495 4260 4561 icinum
4291 4498 4472 4587 legis-

2783 4617 2846 4657 se
2874 4593 3046 4657 dicas
3076 4595 3308 4659 οὐσίαν.
3403 4595 3582 4659 Libri
3612 4611 3818 4660 tamen
3851 4597 4001 4661 nihil
4033 4600 4295 4665 variant.

2867 4721 2929 4785 p.
2956 4714 3141 4781 1177,
3173 4718 3226 4761 1.
3275 4699 3412 4763 ἀλλ’
3442 4699 3479 4780 ἢ
3511 4699 3637 4764 καθ’
3669 4701 3702 4764 ὃ
3730 4699 3907 4784 μέρος
3935 4702 4112 4777 τινὸς,
4146 4704 4275 4768 οἷον
4301 4705 4465 4794 χεὶρ]

2788 4804 2890 4866 lta
2918 4802 3097 4888 posui
3126 4825 3242 4889 pro
3272 4801 3410 4867 ἀλλ’
3441 4801 3478 4882 ἢ
3510 4803 3653 4867 καθὸ
3681 4800 3859 4886 μέρος
3884 4805 4013 4869 οἷον
4039 4806 4192 4889 χείρ.

3448 4976 3641 5039 LIB.
3692 4977 3806 5040 lv.

2872 5109 2946 5172 P.
2998 5107 3177 5191 1178,
3221 5126 3281 5187 7.
3344 5112 3537 5171 ΠΕΡΙ
3595 5113 3763 5171 Tor
3816 5113 3929 5173 ΤΟ
3989 5113 4107 5173 ΟΝ
4164 5116 4277 5174 ΕΝ
4330 5117 4472 5177 ΚΑΙ

2782 5215 3117 5275 ΤΑΎἼῸΝ
3172 5215 3288 5275 ΟΝ
3341 5216 3520 5273 ΑΜΑ
3581 5215 4044 5275 ΠΑΝΤΑΧΟΤ
4097 5217 4329 5278 ΕΙΝΑῙ
4381 5220 4468 5281 O·

2786 5313 3013 5401 AON.]
3064 5312 3257 5376 Liber
3285 5312 3618 5399 vigesimus
3647 5327 3710 5376 et
3739 5312 4050 5377 secundus
4083 5337 4344 5380 numero
4371 5340 4470 5382 se-

2784 5415 3060 5481 cundum
3116 5415 3408 5502 temporis
3455 5415 3757 5481 ordinem.
3822 5416 4166 5504 (Porphyr.
4214 5418 4294 5484 de
4341 5422 4472 5488 Vit.

2788 5518 3018 5582 Plotin.
3071 5542 3125 5583 c.
3159 5519 3233 5583 V.
3286 5531 3348 5581 et
3399 5519 3702 5603 XXVI.)
3793 5518 3977 5597 Quod
4032 5519 4195 5585 idem
4246 5522 4467 5591 addit:
