5118 6613
1130 550 1257 631 416

1144 720 1335 783 anima
1359 733 1418 780 et
1442 719 1758 781 substantia
1778 732 1838 780 et
1856 719 2116 780 accidens
2156 717 2235 778 ib.

1143 802 1331 864 anima
1370 821 1555 862 rerum
1595 805 1795 883 figuras
1834 803 1906 861 ab
1944 801 2107 861 initio
2135 801 2236 858 ha-

1227 886 1324 942 bet
2165 898 2237 955 14

1146 966 1336 1025 anima
1363 976 1609 1042 potestas
1637 977 1726 1023 est
2125 978 2231 1037 175

1146 1045 1335 1105 anima
1371 1058 1563 1104 nostra
1601 1065 1731 1126 pars
1766 1043 1965 1104 animae
1995 1041 2238 1102 universi

1893 1123 2012 1183 Fic.
2043 1144 2098 1202 ρ.
2123 1142 2236 1198 230

1146 1210 1336 1267 1111111111
1378 1206 1575 1266 1111111111
1609 1205 1952 1284 ορ111110111111
1981 1217 2237 1263 001110111-

1228 1288 1426 1366 platrix
1892 1285 2011 1344 Fic.
2040 1305 2095 1363 p.
2123 1286 2233 1359 267

1147 1369 1333 1428 anima
1350 1368 1635 1461 quomodo
1652 1366 1923 1427 afficiatur
1936 1366 2239 1446 cogitando

1232 1448 1521 1508 materiam
2127 1448 2241 1520 164

1147 1530 1337 1589 anima
1363 1529 1610 1589 secunda
1635 1526 2025 1609 inseparabilis
2052 1547 2086 1586 a
2111 1547 2239 1586 cor-

1145 1630 1366 1750 1111111111θ
1391 1689 1658 1749 deformis
1720 1709 1820 1749 cur
1873 1610 2236 1750 iffmfoiiinssg

1224 1791 1461 1852 corpore
1503 1770 1784 1831 interdum
1825 1770 2143 1830 inveniatur

1891 1851 2006 1911 F10·
2038 1873 2093 1931 1)·
2119 1865 2233 1927 357

1144 1933 1334 1993 anima
1374 1945 1566 1992 nostra
1610 1952 1727 1992 non
1769 1945 1858 1994 est
1899 1952 2026 2009 pars
2074 1951 2238 1991 mun-

1225 2015 1389 2074 danae
1413 2013 1615 2073 animae
1891 2013 2009 2073 Fic.
2038 2034 2094 2093 p.
2119 2029 2237 2089 350

1148 2094 1337 2155 anima
1365 2093 1542 2173 turpis
2160 2110 2239 2170 54

1148 2175 1337 2236 anima
1363 2196 1480 2234 non
1509 2175 1680 2242 idem,
1709 2175 1863 2254 quod
1888 2193 2012 2235 esse
2035 2177 2238 2234 animae

2206 2274 2230 2314 1

1144 2336 1335 2396 anima
1359 2355 1461 2417 per
1487 2336 1838 2397 intellectum
1868 2336 2019 2396 videt
2048 2337 2237 2395 Deum

1145 2498 1330 2559 anima
1358 2510 1552 2558 nostra
1571 2518 1672 2558 cur
1690 2497 1892 2557 animae
1921 2500 2117 2558 mundi
2145 2518 2236 2556 so·

1224 2600 1317 2638 ror
1343 2579 1562 2639 dicatur
1888 2579 2007 2640 Fic.
2040 2601 2094 2658 ρ.
2118 2594 2235 2656 357

1144 2660 1332 2720 anima
1385 2658 1748 2738 coinquinata
1793 2672 1859 2718 ut
1911 2673 2238 2742 repurgetur

1143 2820 1335 2880 anima
1364 2833 1600 2901 purgata
2157 2759 2235 2898 g}

1145 2901 1332 2961 anima
1377 2922 1476 2962 cur
1523 2900 1814 2962 materiam
1869 2903 2239 2980 amplectatur

1146 3061 1461 3123 animarum
1485 3062 1822 3122 diversitatis
1847 2983 2238 3141 (1111211130ξέεέ

1896 3146 2006 3203 Fic.
2035 3166 2090 3223 p.
2114 3162 2230 3219 442

1145 3222 1335 3283 anima
1360 3244 1476 3283 non
1504 3237 1592 3283 est
1619 3224 1676 3283 in
1704 3244 1940 3303 corpore
2117 3241 2232 3301 357

1146 3303 1336 3365 anima
1355 3306 1642 3385 quomodo
1666 3309 1843 3387 magis
1870 3325 2043 3365 unum
2068 3327 2239 3386 quam

1224 3406 1431 3480 ,(ὌῙῬιιε
1502 3467 1515 3481 ‚
1654 3468 1667 3481 ,
2122 3404 2241 3466 599

1145 3488 1337 3528 anima
1360 3467 1698 3527 irrationalis
1736 3488 1771 3528 a
1812 3467 2069 3528 rationali
2097 3490 2239 3549 quo-

1226 3549 1399 3608 modo
1427 3549 1673 3629 pendeat
1896 3550 2011 3609 Fic.
2040 3571 2096 3629 p.
2119 3569 2238 3627 439

1148 3631 1337 3690 anima
1377 3642 1569 3689 nostra
1596 3631 1881 3708 quomodo
1909 3633 2125 3724 cprpori
2159 3630 2237 3689 vi-

1229 3724 1345 3770 tam
1376 3712 1588 3771 tribuat
1893 3711 2010 3771 Fic.
2040 3733 2096 3806 p.
2120 3731 2234 3789 353

1148 3792 1336 3852 anima
1359 3792 1676 3851 communis
1716 3813 1845 3852 011111
1882 3792 2108 3871 proprio
2136 3793 2240 3851 ali-

1227 3871 1317 3932 cui
1346 3893 1406 3932 se
1433 3874 1712 3952 applicare
1742 3873 1922 3952 possit
2120 3876 2236 3950 652

1148 3953 1337 4012 anima
1362 3953 1514 4012 unde
1537 3956 1636 4012 fiat
1662 3953 2058 4014 intellectualis
2123 3957 2241 4032 556

1149 4033 1338 4092 anima
1372 4054 1443 4092 an
1486 4034 1889 4113 multiplicetur
1924 4038 1982 4093 in
2024 4035 2240 4094 animas

1228 4114 1436 4173 multas
1462 4134 1622 4192 oeque
1642 4116 1871 4192 primas,
1903 4115 2034 4174 dum
2062 4135 2126 4174 se
2154 4129 2239 4175 to-

1229 4206 1348 4252 tam
1373 4196 1567 4253 mundi
1590 4195 1841 4272 partibus
1867 4196 2095 4254 exhibet
2120 4198 2236 4273 652

1151 4276 1340 4333 anima
1366 4275 1706 4355 sempiterna
1903 4275 2021 4335 Fic.
2048 4298 2104 4356 p.
2122 4277 2237 4338 682

1150 4355 1339 4415 anima
1364 4357 1646 4434 quomodo
1685 4356 1748 4415 in
1786 4356 2141 4417 intellectum
2181 4379 2242 4419 se

1232 4436 1533 4495 transferat
2123 4458 2238 4516 332

1151 4516 1342 4576 anima
1366 4516 1566 4595 quibus
1603 4516 1863 4598 gradibus
1898 4519 1968 4578 ad
2006 4541 2241 4580 munera

1233 4598 1528 4657 subeunda
1551 4618 1752 4679 corpus
1781 4598 2036 4679 impellat
2123 4603 2239 4679 652

1155 4680 1466 4738 animarum
1488 4680 1751 4739 differens
1781 4681 2083 4741 descensus
2123 4686 2200 4759 38
2216 4703 2238 4741 1

1155 4761 1345 4820 anima
1369 4774 1430 4820 et
1455 4761 1737 4821 individua
1775 4774 1836 4822 et
1873 4762 2083 4842 ubique
2123 4777 2246 4824 tota

2126 4846 2198 4921 65
2215 4865 2236 4904 1

1154 4922 1346 4985 anima
1375 4942 1477 4982 cur
1501 4942 1617 4981 non
1644 4923 1843 4984 eodem
1886 4926 2057 4986 modo
2099 4946 2248 4985 sem-

1155 5023 1345 5144 anipmela
1362 5016 1688 5143 ι11118111111110111
1716 5085 1903 5144 10011111
1931 5006 2246 5147 11111111111107118

1235 5178 1322 5225 ter
1348 5178 1408 5224 et
1433 5185 1591 5244 seque
1618 5185 1678 5224 se
1705 5167 1874 5224 habet
2125 5169 2236 5245 651

1155 5246 1344 5306 anima
1370 5248 1521 5326 prior
1546 5246 1705 5304 omni
1731 5265 1790 5305 re
1816 5266 2084 5324 corporea
2124 5251 2243 5325 650

1155 5327 1345 5387 anima
1385 5325 1704 5386 communis
1741 5338 1801 5385 et
1841 5328 2064 5407 propria
2104 5351 2245 5407 quo·

1236 5409 1407 5467 modo
1435 5408 1691 5468 differant
2126 5412 2245 5489 649

1157 5487 1346 5546 anima
1375 5488 1513 5547 nulli
1542 5487 1860 5567 mancipata
1891 5489 2113 5550 cunctis
2151 5511 2243 5549 ex-

1235 5568 1432 5663 pedita
1458 5570 1620 5628 adest
2126 5573 2199 5649 65
2214 5592 2236 5631 1

1159 5668 1349 5709 anuna
1372 5648 1661 5709 manimati
1690 5668 1880 5711 curam
1905 5651 2054 5733 gerit
2135 5670 2246 5731 174

2316 716 2504 776 anima
2549 716 2608 776 in
2659 716 2926 776 omnibus
2976 718 3242 777 membris
3290 730 3411 776 tota

2317 878 2508 939 anima
2534 879 2723 938 fractis
2751 882 2952 958 pennis
2980 899 3146 939 ruens
3291 817 3413 956 {36

2317 961 2504 1021 anima
2547 960 2761 1019 mundo
2807 981 2909 1039 par
2947 973 3036 1018 est
3077 959 3412 1038 quantitate,

2398 1042 2496 1100 sed
2535 1040 2742 1100 virtute
2790 1062 2825 1100 a
2872 1042 3083 1100 1111111110
3127 1040 3250 1121 capi
3298 1062 3411 1100 non

2398 1134 2588 1201 Ρθῑθθῑ
3292 1141 3414 1199 409

2317 1202 2510 1264 anima
2553 1216 2746 1263 nostra
2780 1222 2882 1263 cur
2898 1200 3173 1277 judicium
3219 1205 3412 1262 mundi

2399 1283 2601 1343 animae
2647 1305 2761 1343 non
2810 1283 3097 1363 percipiat,
3127 1304 3258 1344 cum
3288 1286 3413 1344 duae

2400 1365 2460 1424 in
2488 1367 2654 1424 nobis
2681 1365 2797 1424 sint
2823 1365 3025 1424 animae
3295 1367 3413 1443 649

2320 1446 2506 1506 anima
2543 1446 2829 1524 quomodo
2868 1446 3098 1503 diversis
3142 1447 3415 1523 potentiis

2399 1529 2672 1587 diversam
2695 1526 3025 1606 dignitatem
3055 1525 3252 1586 induat
3292 1529 3411 1605 658

2319 1607 2508 1669 anima
2547 1609 2684 1667 dum
2726 1607 2929 1676 evadit,
2974 1606 3291 1668 universalis
3339 1629 3411 1666 an

2401 1688 2746 1767 particularis
2773 1708 2894 1748 esse
2920 1688 3142 1748 desinat
3293 1691 3412 1767 658

2317 1770 2508 1830 anima
2568 1770 2854 1850 quomodo
2922 1770 3100 1829 fatum
3171 1770 3415 1830 declinet

2393 1932 2406 1944 ,
3067 1851 3187 1945 Ιῗῑο·
3217 1872 3272 1931 p·
3297 1869 3411 1928 357

2318 1952 2505 1991 amma
2531 1932 2818 2010 quomodo
2847 1951 2945 2010 per
2971 1933 3276 2010 plurimum
3304 1933 3412 1991 dif.

2398 2015 2684 2083 fundatur,
2726 2026 2786 2073 et
2826 2012 2887 2072 in
2929 2032 3164 2093 corpore
3205 2033 3412 2093 propa·

2398 2106 2565 2174 getur
3294 2095 3408 2172 643

2317 2174 2507 2234 anima
2528 2175 2726 2235 idealis
2752 2175 2879 2235 fons
2907 2173 3217 2234 animarum

3068 2257 3187 2314 Fic.
3216 2276 3272 2334 p.
3293 2257 3405 2315 681

2318 2336 2506 2396 anima
2532 2336 2808 2415 partibilis
2834 2348 2891 2395 et
2919 2336 3120 2415 impar.
3293 2338 3403 2412 361

2317 2417 2507 2478 anima
2535 2417 2783 2478 hominis
2809 2416 2870 2476 in
2897 2431 3136 2496 utroque
3164 2430 3413 2477 versatur

2399 2499 2615 2559 mundo
3095 2498 3214 2558 Fic.
3244 2519 3300 2577 p.
3334 2499 3412 2575 36

2318 2579 2505 2639 anima
2532 2580 2589 2638 in
2618 2579 2872 2657 potentia
3303 2598 3409 2656 147

2317 2661 2509 2720 anima
2534 2660 2654 2721 caeli
2682 2680 2904 2741 semper
2922 2661 3183 2720 continet
3209 2661 3408 2720 caelum

2317 2823 2509 2883 anima
2564 2825 2715 2883 bona
2760 2821 3052 2882 incidatne
3094 2825 3156 2881 in
3206 2842 3410 2899 corpus

2400 2905 2611 2964 malum
3297 2905 3407 2981 285

2315 2987 2506 3045 anima
2559 3004 2673 3044 non
2730 2997 2820 3044 est
2882 2983 3012 3043 mali
3074 2983 3408 3063 principium

3068 3066 3189 3125 Fic.
3219 3086 3275 3145 p.
3302 3086 3321 3124 1
3338 3085 3412 3143 29

2315 3146 2503 3206 anima
2521 3147 2637 3206 ulla
2664 3145 2951 3205 materiam
2982 3165 3096 3204 non
3120 3147 3415 3206 illustravit

3295 3247 3413 3305 209

2321 3306 2512 3368 anima
2550 3321 2747 3369 nostra
2785 3328 2819 3367 a
2861 3309 3134 3368 mundani
3159 3310 3412 3388 corporis

2401 3392 2590 3449 anima
2617 3410 2731 3450 non
2762 3402 2849 3448 est
2877 3390 3022 3449 facta
3070 3391 3188 3448 Fic.
3221 3411 3276 3468 p.
3295 3392 3413 3467 678

2320 3471 2522 3532 animae
2559 3470 2895 3549 sapientiam
2938 3490 3038 3549 per
3062 3472 3411 3530 intellectum

2401 3572 2591 3611 verum
2621 3565 2916 3630 suppetere
3296 3568 3407 3630 555

2321 3635 2523 3693 animae
2551 3632 2814 3711 quaelibet
2839 3633 2923 3692 vis
2960 3653 3033 3691 an
3061 3633 3221 3693 alteri
3248 3653 3408 3693 com-

2402 3717 2655 3773 municet
2679 3734 2841 3773 suum
2861 3714 3137 3793 judicium
3291 3716 3408 3789 648

2320 3794 2521 3855 animae
2538 3794 2781 3855 essentia
2790 3796 3076 3873 quomodo
3089 3795 3410 3868 multitudo,

2400 3879 2668 4016 {gipsum
2698 3896 2820 3936 esse
2855 3897 2927 3935 an
2955 3875 3285 3958 simpliciter
3311 3879 3411 3935 ha-

2508 3970 2533 4016 t
3297 3978 3413 4036 599

2320 4036 2522 4096 animae
2552 4037 2944 4097 intellectualis
2970 4038 3284 4098 substantia
3307 4042 3415 4098 sub

2400 4119 2698 4198 generibus
2723 4118 3060 4197 quibusnam
3088 4120 3417 4180 collocanda

2400 4200 2591 4258 veniat
3296 4201 3416 4260 616

2321 4280 2523 4340 animae
2550 4280 2732 4340 forma
2759 4279 3158 4341 indissolubilis

3068 4362 3188 4422 Fic.
3217 4383 3277 4441 p.
3297 4363 3407 4421 681

2320 4440 2526 4501 animae
2541 4442 2839 4500 mundanae
2860 4441 3074 4501 musica
3091 4443 3209 4502 Fic.
3229 4464 3285 4521 p.
3297 4444 3416 4518 684

2322 4522 2524 4581 animae
2549 4524 2813 4583 humanae
2840 4535 2952 4582 tres
2979 4523 3178 4581 formae
3296 4542 3418 4601 374

2323 4603 2523 4663 animae
2552 4617 2755 4663 natura
2780 4603 3247 4684 diligentissime’
3233 4625 3414 4664 inves-

2404 4684 2635 4764 tiganda
3065 4686 3184 4744 Fic.
3214 4707 3271 4765 p.
3295 4686 3408 4763 685

2323 4767 2526 4825 animae
2552 4786 2714 4825 casus
2742 4765 2893 4825 unde
3068 4765 3185 4825 Fic.
3215 4787 3270 4844 p.
3294 4767 3414 4843 684

2324 4846 2524 4907 animae
2553 4846 2785 4906 libertas
2819 4867 2853 4907 a
2890 4846 3045 4905 nulla
3083 4868 3144 4907 re
3182 4848 3411 4926 pendet,

2408 4928 2678 5005 nulloque
2720 4927 2853 4987 loco
2889 4927 3118 5009 indiget,
3159 4948 3266 4988 nec
3314 4929 3415 4987 11111

2406 5007 2632 5068 addicta
3300 5012 3372 5087 65
3390 5029 3411 5068 1

2326 5091 2530 5148 animoe
2556 5091 2637 5147 vis
2665 5109 2789 5167 quoe
2806 5089 3041 5169 judicat,
3068 5089 3266 5149 eadem
3295 5092 3417 5171 ple-

2406 5189 2644 5247 rumque
2672 5190 2785 5229 non
2814 5170 3206 5231 animadvertit
3244 5190 3306 5230 se
3323 5177 3419 5252 ju-

2403 5250 2593 5310 dicare
3299 5254 3417 5332 649

2325 5330 2528 5390 animae
2570 5331 2769 5391 electio
2811 5333 3101 5411 quomodo
3138 5334 3419 5393 conducat

2408 5412 2662 5471 universo
3062 5413 3179 5474 Fic.
3211 5435 3267 5494 p.
3296 5433 3409 5490 431

2326 5491 2529 5552 animae
2566 5493 2780 5553 idolum
2819 5494 2975 5590 quid,
3004 5507 3063 5553 et
3089 5496 3416 5574 quotuplex,

2408 5587 2466 5633 et
2492 5595 2630 5634 num
2658 5577 2728 5635 ab
2756 5575 2946 5635 anima
2971 5575 3213 5654 separari
3242 5576 3420 5715 po6ssi8t

3340 5677 3371 5734 5

2120 543 2434 611 INDEX
2478 542 2828 609 RERUM
2875 544 3003 607 ET
3051 542 3601 608 VERBORUM.

3490 717 3692 778 animae
3746 730 3946 776 natura
3994 716 4281 796 quomodo
4328 736 4584 796 perscru-

3575 798 3746 858 tanda
4468 812 4584 874 557

3494 879 3699 940 animae
3733 879 4050 938 substantia
4084 877 4142 937 in
4182 897 4389 958 genere
4424 898 4588 956 sepa-

3576 973 3708 1020 ratae
3738 959 3998 1019 essentiae
4023 959 4352 1019 collocanda
4466 959 4580 1035 631

3494 1041 3697 1101 animae
3723 1040 3918 1099 mundi
3945 1040 4209 1100 sensitiva
4251 1053 4309 1099 et
4350 1040 4588 1120 opinans

3575 1121 3718 1181 ratio
3746 1122 3803 1180 in
3833 1123 4065 1200 spbaeris
4476 1122 4587 1179 108

3496 1205 3697 1263 animae
3728 1202 3922 1260 mundi
3951 1200 4233 1279 quantitas
4471 1219 4586 1279 377

3496 1284 3696 1343 animas
3726 1286 3937 1342 bonum
3965 1295 4024 1341 et
4049 1284 4343 1362 pulchrum
4509 1300 4540 1359 5
4549 1298 4583 1358 5

3496 1367 3700 1424 animae
3724 1363 3964 1424 essentia
4469 1366 4579 1439 361

3495 1448 3698 1505 animae
3722 1446 3987 1525 contagio
4013 1464 4049 1503 a
4072 1464 4308 1525 corpore

4236 1526 4354 1584 Fic.
4385 1545 4443 1604 ρ.
4476 1544 4587 1602 129

3491 1608 3694 1667 animae
3733 1607 3981 1687 aurigam
4022 1605 4183 1685 equis
4222 1606 4334 1666 suis
4378 1605 4589 1684 imper·

3574 1691 3699 1758 tire,
3742 1689 3893 1767 quod
3931 1687 4101 1746 vidit.
4147 1688 4281 1766 quid
4322 1686 4394 1747 sit
4436 1687 4587 1765 apud

3575 1770 3873 1828 Platonem
4470 1786 4584 1845 347

3495 1850 3699 1910 anima».
3729 1850 3989 1927 delapsus
4025 1848 4098 1908 ad
4134 1849 4420 1908 materiam
4461 1869 4589 1929 gra-

3575 1933 3680 1990 dus
3708 1943 3948 2009 quatuor
4244 1929 4358 1989 Fic.
4390 1951 4447 2009 p.
4476 1948 4581 2007 133

3493 2011 3696 2071 animas
3758 2013 4013 2071 actiones
4074 2012 4276 2089 partim
4332 2011 4585 2071 essentiae

3573 2106 3725 2162 sunt,
3752 2092 3954 2171 partim
3984 2091 4273 2169 passiones
4472 2109 4582 2168 297

3494 2173 3697 2233 animae
3726 2187 3787 2233 et
3815 2172 4062 2232 materiai
4088 2171 4237 2232 idem
4271 2172 4428 2231 locus
4511 2173 4578 2231 81

3493 2253 3695 2313 animae
3724 2255 3890 2313 verba
3915 2267 4155 2332 quatuor
4241 2253 4360 2313 Fic.
4391 2274 4446 2332 p.
4477 2256 4584 2329 167

3493 2335 3695 2396 animoe
3720 2335 3926 2395 malum
3955 2333 4100 2394 sitne
4118 2334 4585 2414 impedimentum

4512 2418 4588 2476 80

3493 2499 3696 2556 animae
3724 2496 4202 2590 pulchritudinem
4234 2515 4335 2577 per
4360 2497 4582 2576 sapien-

3574 2578 3711 2636 tiam
3742 2576 4072 2657 contingere
4469 2581 4584 2655 556

3492 2659 3692 2718 animae
3722 2660 4019 2718 mundanae
4038 2659 4224 2738 operis
4254 2658 4442 2718 nullus
4462 2661 4588 2718 finis

4478 2760 4500 2799 1
4550 2743 4589 2801 6

3491 2823 3695 2880 animae
3726 2821 4023 2880 mundanae
4050 2832 4304 2880 centrum
4333 2822 4485 2900 quod
4509 2762 4550 2816 4

4243 2902 4362 2961 Fic.
4390 2924 4447 2981 p.
4476 2904 4587 2996 196

3493 2981 3697 3040 animae
3718 2980 3776 3039 in
3798 2982 3994 3042 mundi
4015 2984 4297 3043 theatrum
4321 2982 4585 3042 introitus

3574 3062 3753 3141 qualis
4473 3081 4583 3140 272

3493 3142 3695 3202 animae
3737 3143 3796 3203 in
3838 3145 4080 3203 deterius
4121 3145 4409 3204 conversio
4446 3167 4586 3224 qua-

3573 3237 3705 3283 11101
3729 3245 3910 3284 causae
4237 3226 4354 3285 Fic.
4387 3247 4441 3305 p.
4463 3246 4584 3303 449

3493 3304 3693 3365 animae
3743 3308 4034 3367 thesaurus
4077 3327 4246 3387 quam
4296 3306 4584 3368 mirandus

3495 3467 3696 3527 animae
3722 3468 3948 3548 spiritus
3977 3469 4241 3529 membris
4271 3468 4487 3529 infusus

4235 3549 4356 3612 Fic.
4386 3573 4443 3632 p.
4474 3553 4582 3627 167

3495 3629 3700 3690 animae
3756 3630 4151 3691 intellectualis
4205 3645 4264 3691 et
4318 3633 4585 3692 sensualis

3569 3713 3731 3804 origo
4242 3713 4357 3772 Fic.
4390 3736 4443 3793 p.
4467 3716 4586 3791 679

3492 3791 3693 3851 animae
3721 3812 3755 3851 a
3783 3792 4016 3854 materia
4040 3793 4312 3853 distantes

4239 3875 4583 3954 F¹0·1>·549

3495 3953 3699 4013 animae
3724 3954 4019 4014 facultates
4050 3976 4154 4015 cur
4178 3975 4369 4015 amore
4399 3956 4583 4015 nitan-

3575 4047 3667 4094 tur
4239 4036 4361 4097 Fic.
4390 4058 4444 4117 p.
4467 4055 4583 4114 522

3496 4117 3701 4176 animae
3727 4116 3942 4195 passiva
3968 4136 4095 4194 pars
4121 4117 4299 4196 qualis
4467 4137 4581 4196 303

3494 4200 3698 4256 animae
3726 4196 3988 4257 formatio
4277 4197 4397 4259 Fic.
4426 4220 4484 4279 p.
4509 4200 4585 4259 80

3495 4277 3696 4337 animae
3722 4292 3855 4337 ante
3884 4278 4157 4336 mundum
4471 4282 4587 4339 260

3495 4359 3697 4419 animae
3727 4360 3887 4417 malae
3916 4359 4270 4419 conditiones
4511 4362 4586 4420 80

3497 4440 3698 4499 animoe
3726 4439 4094 4499 imbellicatas
4122 4440 4272 4500 unde
4507 4444 4585 4502 ib.

3496 4520 3696 4581 animae
3737 4521 4028 4580 hominum
4056 4541 4157 4581 0111
4181 4541 4419 4601 corpora
4460 4543 4584 4582 mu-

3579 4614 3706 4662 tent
4238 4602 4357 4663 Fic.
4385 4625 4446 4681 p.
4470 4619 4585 4681 524

3495 4683 3696 4743 animoe
3726 4682 3994 4744 universae
4019 4696 4178 4742 actus
4205 4683 4454 4760 duplices

3571 4843 3583 4858 ,
4241 4764 4363 4825 Fic·
4392 4787 4448 4846 Ρ·
4470 4781 4584 4844 525

3493 4864 3696 4903 ammae
3724 4864 3868 4903 vlres

3493 4926 3698 4985 animae
3726 4926 3940 4984 bonum
3969 4923 4106 5002 quid
4506 4847 4584 4989 igbl.

3499 5006 3701 5065 animae
3727 5025 3890 5066 casus
4509 5008 4587 5069 ib.

3498 5086 3702 5146 animae
3734 5085 3928 5146 mundi
3955 5099 4015 5145 et
4040 5099 4356 5146 nostrarum
4393 5088 4587 5148 discri-

3578 5188 3709 5227 men
4244 5169 4361 5228 Rc.
4389 5191 4444 5249 p.
4467 5171 4587 5249 679

3498 5250 3701 5308 animae
3730 5267 3881 5307 mors
3907 5246 4043 5327 quid
4070 5247 4145 5306 sit
4513 5253 4589 5311 80

3498 5329 3700 5388 animae
3727 5341 3860 5416 post
3887 5340 4125 5388 mortem
4156 5329 4449 5390 translatio

4242 5411 4360 5471 Fic.
4391 5433 4448 5492 p.
4482 5416 4590 5475 160

3499 5491 3704 5551 animae
3718 5511 3752 5551 a
3768 5510 4001 5569 corpore
4020 5491 4312 5585 separatio
4315 5494 4455 5570 quid
4476 5515 4590 5573 204

3499 5573 3703 5631 animae
3730 5593 3853 5632 esse
3881 5572 4032 5650 quod
4247 5571 4368 5633 Fic.
4399 5596 4455 5655 p.
4477 5580 4594 5655 398

3500 5654 3701 5713 animae
3732 5653 4018 5732 turpitudo
4517 5674 4596 5736 54
