5118 6613
1322 555 1523 622 LIB.
1560 556 1700 622 111.
1749 556 2216 621 ENNEAD.
2267 555 2665 621 SEXTAE.
2707 578 2769 643 p.
2810 557 3253 641 1156—1162.

531 728 681 813 γένη
713 726 1208 811 διακριθήσονται.
1240 726 1401 792 ἀλλὰ
1429 730 1724 794 κάνταῦθα
1751 729 2133 813 προσεκτέον,
2155 730 2232 796 ὧς

533 835 628 898 καὶ
658 835 719 897 αἱ
747 838 1054 910 ποιότητες
1083 830 1356 911 δυνάμεις
1396 832 1623 915 ἔχουσι,
1657 834 1752 896 καὶ
1781 833 1955 897 οὐδὲν
1984 834 2225 906 ἄτοπον,

532 935 650 1001 ἀπὸ
694 937 808 1016 μὲν
848 939 966 997 τῶν
1014 935 1328 1016 ἐνεργειῶν
1372 932 1473 1001 τὰς
1518 934 1806 1015 δυνάμεις,
1840 935 1957 1000 ἀπὸ
2002 937 2067 999 δὲ
2112 941 2230 999 τῶν

533 1036 837 1118 δυνάμεων
864 1035 966 1103 τὰς
1002 1034 1274 1117 ὑπάρξεις
1309 1038 1865 1119 διαγιγνώσκεσθαι.
1915 1037 2051 1103 ἀλλ’
2082 1040 2229 1102 ὅταν

534 1144 614 1227 τῶ
644 1141 926 1225 ὠφελίμῳ
956 1139 1052 1203 καὶ
1078 1143 1368 1225 βλαβερῷ
1407 1140 1507 1207 τὰς
1538 1138 1796 1223 ψυχικὰς
1836 1142 1932 1205 καὶ
1970 1166 2227 1221 σωματι-

536 1242 637 1311 κάς
665 1247 855 1324 διαιρῇ
885 1244 1199 1321 ποιότητας
1219 1244 1252 1305 6
1277 1247 1605 1316 Πλωτῖνος,
1633 1244 1727 1306 καὶ
1755 1245 1917 1311 αὖθις
1943 1242 2044 1311 τὰς
2072 1243 2228 1327 ὠφέ-

534 1354 701 1412 λειας
732 1347 826 1409 καὶ
844 1344 1091 1425 βλάβας
1120 1349 1330 1427 διαιρεῖ
1356 1346 1433 1412 ὠς
1460 1347 1676 1413 οίκείας
1702 1349 1916 1414 ταύτας
1943 1349 2229 1429 διαφορᾶς

529 1450 839 1527 ποιότητος
867 1448 1134 1527 νομίζων,
1168 1448 1314 1512 διότι
1344 1447 1461 1511 ἀπὸ
1489 1450 1795 1527 ποιότητος
1825 1448 2090 1532 ὠφέλεια
2117 1454 2226 1513 πᾶ-

534 1577 617 1616 σα
646 1553 740 1616 καὶ
765 1550 978 1632 βλάβη
1007 1552 1414 1633 παραγίνεται,
1445 1551 1550 1615 οὐκ
1579 1554 1804 1619 οἰκείως
1846 1554 1980 1617 οὐδὲ
2025 1556 2226 1617 ἐνταῦ-

534 1659 612 1719 θα
639 1660 891 1719 ποιεῖται
932 1654 1040 1732 τὴν
1069 1655 1376 1736 διαίρεσιν,
1412 1654 1506 1717 καὶ
1548 1654 1639 1718 ὅτι
1680 1654 1947 1734 μέτεισιν
1978 1656 2093 1720 ἀπὸ
2123 1660 2229 1719 τοῦ

532 1761 708 1822 ποιοῦ
751 1759 846 1821 ἐπὶ
888 1755 961 1821 τὰ
998 1759 1144 1840 πρός
1181 1783 1253 1820 τι.
1300 1757 1368 1821 τὸ
1404 1759 1519 1839 γὰρ
1546 1756 1685 1836 μέλι
1715 1757 1781 1821 τὸ
1811 1758 1952 1821 αὐτὸ
1984 1756 2055 1821 ἂν
2085 1757 2231 1823 κατὰ

533 1860 640 1939 τὴν
667 1862 949 1939 ποιότητα
990 1859 1137 1942 πρὸς
1176 1861 1289 1940 μὲν
1327 1861 1500 1924 τόνδε
1544 1859 1850 1942 ὠφέλιμόν
1892 1864 2040 1924 ἐστι·
2084 1860 2232 1943 πρὸς

536 1965 600 2026 δὲ
629 1964 819 2036 τόνδε,
850 1963 1187 2044 βλαβερόν.
1235 1962 1329 2025 καὶ
1373 1962 1440 2025 τὸ
1483 1963 1668 2043 μύρον
1706 1969 1827 2030 τοῖς
1867 1965 1980 2044 μὲν
2023 1964 2233 2031 ἄλλοις

532 2066 639 2146 ἡδὺ
667 2065 764 2129 καὶ
791 2063 1119 2147 ὠφέλιμον’
1167 2069 1289 2131 τοῖς
1328 2066 1392 2128 δὲ
1439 2063 1748 2147 κανθάροις
1787 2065 2103 2148 βλαβερὸν
2133 2067 2228 2130 καὶ

534 2167 829 2249 ὀλέθρων,
863 2169 1019 2230 ὥστε
1049 2167 1117 2231 τὸ
1146 2166 1453 2249 ὠφέλιμον
1485 2167 1579 2231 καὶ
1616 2168 1931 2250 βλαβερὸν
1959 2171 2029 2232 οὐ
2053 2171 2228 2233 ποιόν

534 2273 720 2345 ἐστιν,
768 2267 932 2334 ἀλλὰ
975 2271 1122 2352 πρός
1162 2295 1240 2333 τι.
1288 2271 1491 2334 ἔπειτα
1538 2272 1601 2334 τί
1636 2275 1875 2351 μᾶλλον
1918 2268 2229 2352 ποιότητος

534 2378 818 2455 διαφορᾶς
848 2374 909 2437 αἱ
939 2372 1227 2455 ὠφέλειαι
1260 2373 1355 2436 καὶ
1381 2372 1618 2453 βλάβαι
1653 2373 2035 2456 παρέχονται,
2067 2371 2103 2454 ἢ
2133 2376 2226 2439 οὗ-

535 2477 685 2551 σίας,
714 2472 752 2555 ἢ
779 2480 885 2538 τοῦ
922 2481 1153 2548 ποιεῖν;
1204 2476 1297 2539 καὶ
1327 2478 1442 2559 γὰρ
1474 2479 1540 2540 ἐν
1569 2478 1794 2543 τούτοις
1837 2479 1898 2540 αἱ
1941 2477 2227 2559 ὠφέλειαι

536 2580 629 2643 καὶ
654 2577 893 2659 βλάβαι
923 2582 1295 2660 θεωροῦνται.
1344 2579 1435 2642 ὅτι
1478 2581 1539 2643 δὲ
1573 2580 1668 2643 καὶ
1694 2580 1761 2642 τὸ
1792 2579 1986 2644 ποσὸν
2019 2579 2223 2644 εὐστό-

533 2708 653 2766 χως
681 2683 764 2749 εἷς
793 2683 1040 2761 δύναμιν
1069 2683 1507 2763 συναρμοσθὲν,
1542 2684 1636 2745 καὶ
1663 2681 1848 2746 πάλιν
1878 2683 1951 2746 αὖ
1977 2683 2056 2762 μὴ
2085 2709 2226 2747 συν-

532 2787 850 2867 αρμοσθὲν,
882 2783 1180 2866 ὠφελείας
1221 2788 1451 2863 πολλῆς
1497 2786 1590 2848 καὶ
1627 2785 1870 2865 βλάβης
1913 2789 2101 2849 αἴτιον
2129 2786 2222 2867 γί-

532 2913 715 2962 νεται,
748 2892 926 2966 δηλοῖ
962 2893 1080 2950 τῶν
1121 2885 1578 2965 Ἀσκληπιαδῶν
1607 2889 1643 2966 ἡ
1670 2888 1872 2972 τέχνη,
1908 2889 2003 2952 καὶ
2030 2886 2103 2951 τὰ
2125 2886 2221 2952 ὑπ’

532 2993 724 3056 αὐτῶν
750 2992 887 3073 περὶ
914 2995 1015 3070 τῆς
1042 2994 1147 3054 τοῦ
1173 2994 1368 3054 ποσοῦ
1407 2992 1763 3072 συμμετρίας
1800 2988 2220 3072 παραγγελλό-

528 3120 700 3174 μενα.
746 3093 894 3176 πρὸς
922 3095 987 3156 δὲ
1015 3095 1240 3160 τούτοις
1281 3095 1335 3156 εἰ
1370 3094 1483 3172 μὲν
1514 3092 1801 3175 ἐνήργουν
1832 3096 1893 3156 αἱ
1920 3091 2224 3171 ποιότητες

532 3199 627 3262 καὶ
656 3196 778 3262 κατ’
813 3196 1120 3279 ἐνέργειαν
1152 3196 1510 3278 παρείχοντο
1550 3194 1622 3258 τὰ
1657 3193 1812 3269 ποιὰ,
1850 3197 1987 3274 ἐνῆν
2016 3194 2222 3278 λέγειν

531 3301 607 3369 ὥς
634 3300 976 3385 ὠφελοῦσιν
1005 3295 1230 3378 αῦταιῆ
1257 3297 1658 3380 βλάπτουσιν.
1693 3300 1746 3362 εί
1769 3299 1834 3362 δὲ
1863 3301 1942 3384 τῷ
1974 3297 2222 3382 ἔχεσθαι

530 3408 822 3477 ποιοῦσιν,
854 3403 1132 3481 οὐδεμίαν
1172 3402 1422 3482 βλάβην
1449 3399 1486 3482 ἢ
1517 3401 1817 3483 ὠφέλειαν
1862 3400 1964 3484 ἀφ’
2000 3404 2222 3466 ἑαυτῶν

532 3506 839 3585 ἐμποιοῦσι
885 3503 1011 3568 καθ’
1056 3505 1207 3568 ὅσον
1251 3504 1370 3568 εἰσὶ
1417 3502 1739 3584 ποιότητες.
1793 3502 1918 3568 καθ’
1966 3506 2112 3567 ὅλου
2155 3505 2221 3568 δὲ

528 3612 717 3673 πᾶσαι
739 3610 1082 3672 αἱτοιαῦται
1113 3607 1427 3689 διαιρέσεις
1456 3608 1735 3671 ἀνοίκειοι
1766 3610 1939 3684 εἰσιν,
1969 3609 2046 3675 ὠς
2075 3612 2222 3672 κατὰ

528 3710 594 3773 τὸ
621 3707 768 3792 πρός
794 3734 852 3774 τι
876 3714 1132 3789 μᾶλλον,
1166 3708 1303 3773 ἀλλ’
1326 3710 1395 3773 οὗ
1427 3709 1552 3774 καθ’
1579 3709 1612 3773 ὃ
1642 3708 1944 3789 ποιότητες
1973 3712 2222 3793 διαιρού·

525 3837 716 3891 μεναι.
781 3812 956 3875 Μετὰ
982 3813 1047 3875 δὲ
1076 3812 1181 3875 τὸν
1208 3812 1400 3896 μέγαν
1431 3819 1746 3877 Πλωτῖνον
1780 3813 2090 3887 σκεπτέον,
2126 3815 2221 3877 καὶ

525 3913 598 3993 ἣν
617 3913 1039 3997 Ἀριστοτέλης
1069 3917 1135 3978 ἐν
1156 3915 1367 3983 ἄλλοις
1397 3917 1683 3979 ἐκτίθεται
1712 3918 1999 3998 διαίρεσιν
2029 3942 2142 3980 κ.τ.
2154 3924 2212 3978 λ.

611 4039 672 4104 p.
704 4032 889 4102 1157‚
917 4038 1013 4097 14.
1060 4019 1136 4084 ὥς
1178 4020 1450 4098 σώματος
1477 4018 1688 4105 οὔσας]
1739 4026 1782 4057 “
1815 4020 2038 4105 Utpote
2079 4041 2219 4105 quoe

526 4122 806 4207 corporis
842 4121 1053 4184 stent?⁹
1141 4120 1305 4183 Haec
1345 4142 1465 4183 non
1497 4119 1795 4205 expressit
1827 4120 1996 4185 Fic.:
2046 4144 2213 4185 com-

523 4237 742 4308 parent
770 4245 843 4287 ea
874 4237 1077 4287 tamen
1105 4222 1170 4286 in
1198 4222 1486 4287 omnibus
1516 4222 1737 4286 nostris
1766 4220 1958 4287 libris.

609 4348 674 4413 p.
703 4346 891 4410 1159,
925 4345 1019 4411 13.
1067 4324 1229 4390 ἀλλὰ
1263 4328 1378 4409 γὰρ
1418 4328 1508 4390 ὅτι
1553 4327 1726 4408 ἕτερα
1763 4327 1800 4405 ἡ
1840 4329 2115 4406 αἴσθησις
2160 4356 2209 4392 κ.

526 4454 576 4491 τ.
596 4429 688 4513 λ.]
726 4429 829 4493 Cf.
865 4452 1054 4515 supra
1085 4452 1147 4517 p.
1168 4449 1315 4512 491.
1340 4429 1419 4492 Β.
1449 4442 1512 4492 et
1541 4451 1605 4515 p.
1628 4448 1774 4512 499.
1801 4430 1970 4492 Α.Β.
1995 4452 2130 4517 cap.
2151 4449 2210 4515 3.

528 4532 667 4595 Hos
705 4530 871 4596 locos
905 4546 1050 4595 ante
1091 4530 1303 4595 oculos
1341 4529 1563 4595 habuit
1593 4533 1700 4595 J0.
1729 4530 2120 4620 Philoponus
2149 4533 2210 4596 in

523 4633 880 4699 Aristotelis
908 4632 1244 4721 Analytica
1276 4633 1480 4721 priora
1508 4634 1620 4698 fol.
1647 4634 1823 4699 111.:
1871 4633 2008 4699 ἀλλ’
2042 4638 2074 4699 6
2102 4637 2216 4714 μὲν

525 4741 658 4804 νοῦς
687 4737 782 4800 καὶ
809 4738 846 4817 ἡ
877 4740 1153 4817 αἴσθησις
1185 4737 1255 4800 οὗ
1285 4738 1720 4819 συλλογίζεται.
1769 4739 1803 4800 ὁ
1831 4739 1942 4817 μὲν
1975 4743 2108 4805 νοῦς
2137 4739 2213 4805 ὣς

525 4842 798 4921 κρείττων
847 4840 931 4903 ὣν
981 4845 1085 4905 τοῦ
1141 4841 1622 4922 συλλογίζεσθαι.
1686 4840 1774 4904 διὸ
1828 4841 1923 4904 καὶ
1973 4843 2005 4904 6
2058 4845 2214 4908 θεῖος

524 4940 832 5010 Πλωτῖνός
860 4951 1011 5026 φησι
1032 4944 1167 5026 περὶ
1196 4943 1392 5007 αὐτοῦ·
1438 4944 1530 5006 ὅτι
1556 4941 1592 5022 ἢ
1623 4943 1886 5016 ἅπτεται,
1915 4940 1951 5022 ἢ
1981 4944 2067 5007 οὔ.
2118 4944 2213 5008 καὶ

522 5047 710 5127 πάντη
758 5048 925 5110 ἐστὶν
972 5046 1404 5129 ἀναμάρτητος.-
1433 5043 1470 5125 ἢ
1520 5050 1635 5128 γὰρ
1680 5045 1942 5119 ἅπτεται,
1997 5047 2214 5112 ἁπλαῖς

523 5151 837 5229 ἐπιβολαῖς
885 5153 1194 5232 γινώσκων
1238 5146 1311 5211 τὰ
1354 5148 1689 5231 πράγματα.
1757 5144 1794 5227 ἢ
1841 5148 1975 5212 οὐδὲ
2022 5147 2213 5231 ἀρχὴν

522 5252 765 5316 ἅπτεται
796 5253 891 5316 καὶ
920 5252 1132 5332 ὁμοίως
1163 5248 1277 5315 κοτ’
1310 5251 1486 5333 ἄμφω
1518 5253 1686 5314 ἐστιν
1715 5249 2131 5330 ἀναμάρτητος.
2173 5251 2210 5329 ἡ

522 5354 588 5418 δέ
614 5380 687 5436 γε
715 5358 991 5433 αἴσθησις
1020 5355 1097 5421 ὠς
1123 5351 1407 5437 χειρόνως
1445 5354 1670 5437 ἔχουσα
1710 5356 1815 5415 τοῦ
1857 5353 2204 5434 συλλογίζε-

3883 575 4013 644 355

2400 752 2465 817 p.
2497 750 2523 793 1
2544 730 2685 807 161,
2718 747 2814 812 19.
2843 731 2969 795 Τὰς
2995 730 3060 793 δὲ
3090 726 3395 810 περήσεις
3421 732 3579 803 πῶς;
3616 725 3752 814 [τὰς
3779 732 3844 794 δὲ
3873 756 4009 796 στε-

2313 832 2545 921 ρήσεις]
2580 835 2633 896 εΖ
2660 833 2742 895 ὠν
2773 833 2835 894 αἱ
2863 831 3170 913 στερήσεις
3196 833 3518 913 ποιότητες,
3553 834 3648 897 καὶ
3676 834 3845 898 αὐταὶ
3872 860 4001 899 ποι-

2315 937 2541 1020 ότητες]
2594 933 2860 1000 Uncinis
2904 932 3124 997 inclusi
3164 933 3298 999 hoec
3340 957 3457 999 nec
3505 934 3806 1021 expressit
3845 936 4005 1012 Fic„

2313 1037 2541 1102 deinde
2570 1061 2712 1102 cum
2745 1036 2945 1124 plurr.
2976 1036 3148 1101 libris
3175 1036 3321 1101 dedi
3351 1039 3520 1103 αὐταὶ
3547 1061 3665 1126 pro
3694 1039 3844 1103 αὐτὰ
3871 1038 4002 1103 edi-

2313 1139 2530 1205 tionis:
2580 1141 2643 1204 in
2676 1139 2919 1204 Latinis
2945 1154 3153 1204 autem
3186 1142 3431 1205 tametsi
3446 1143 3636 1228 forte
3663 1165 3741 1206 ex
3770 1141 3868 1206 ed.
3901 1165 3999 1231 pr.

2312 1266 2427 1330 pro
2457 1245 2704 1307 tametsi
2735 1245 3012 1329 srjbrte.
3102 1242 3436 1329 Exempla,
3467 1266 3610 1331 quae
3657 1260 4006 1331 sequuntur

2310 1348 2440 1410 οἷον
2470 1346 2655 1414 νωδὸς
2692 1343 2730 1425 ἢ
2770 1345 3014 1428 τυφλὸς,
3050 1360 3122 1410 ut
3164 1345 3284 1410 alia
3327 1345 3547 1427 multa,
3574 1347 3655 1412 ab
3682 1347 3820 1432 ipso
3848 1348 4000 1412 Ari-

2311 1447 2527 1512 stotele
2570 1448 2851 1513 adhibita
2892 1463 3091 1514 erant.
3182 1449 3304 1526 Sic,
3336 1462 3409 1514 ut
3446 1449 3565 1515 hoc
3598 1463 3761 1528 utar,
3797 1449 4002 1539 Stagi-

2310 1550 2459 1615 rites
2500 1550 2563 1614 in
2597 1553 2859 1638 Categg.
2884 1552 3085 1616 VIII.
3121 1575 3199 1638 9:
3249 1554 3438 1617 νωδόν
3479 1578 3547 1617 τε
3590 1556 3704 1636 γὰρ
3746 1552 4008 1636 λέγομεν

2312 1655 2383 1718 οὐ
2421 1655 2488 1719 τὸ
2528 1655 2609 1735 μὴ
2650 1656 2795 1739 ἕχον
2824 1657 3088 1729 ὀδόντας,
3124 1656 3221 1719 καὶ
3259 1655 3491 1738 τυφλὸν
3523 1656 3592 1719 οὗ
3632 1656 3700 1720 τὸ
3743 1655 3822 1737 μὴ
3863 1655 4008 1738 ἔχον

2314 1759 2483 1840 ὄψιν·
2530 1760 2695 1822 ἀλλὰ
2721 1758 2789 1822 τὸ
2819 1757 2898 1837 μὴ
2929 1758 3075 1841 ἔχον
3101 1759 3201 1822 ὅτε
3228 1757 3461 1839 πέφυκε
3505 1758 3688 1842 ἔχειν·
3736 1758 3865 1823 ἔνια
3892 1760 4007 1840 γὰρ

2317 1862 2383 1923 ἐκ
2425 1865 2669 1942 γενετῆς
2711 1862 2847 1925 οὔτε
2888 1862 3037 1943 ὄψιν
3078 1862 3214 1925 οὔτε
3257 1863 3503 1928 ὀδόντας
3545 1862 3689 1945 ἔχει.
3735 1860 3817 1926 cf.
3848 1859 4006 1925 ibid.

2318 1963 2378 2045 ξ.
2405 1982 2499 2037 17.
2531 1976 2595 2026 et
2620 1961 3028 2027 Ammonium
3062 1985 3127 2049 p.
3159 1982 3230 2048 13
3251 1982 3300 2028 ι.
3321 1962 3385 2028 b.
3435 1961 3587 2027 Alio
3615 1985 3794 2027 sensu
3831 1985 4009 2027 usur-

2314 2064 2490 2152 pavit
2512 2064 2832 2153 Archytas
2859 2088 2962 2153 ap.
2988 2064 3264 2152 Simplic.
3298 2065 3361 2129 in
3390 2064 3511 2129 hoc
3532 2067 3794 2153 Categg.
3820 2065 4006 2142 lm

2312 2182 2372 2232 et
2405 2168 2607 2243 νωδὸς,
2636 2191 2675 2231 a
2704 2193 2770 2233 νε
2799 2182 2863 2232 et
2891 2169 3054 2247 αὐδὴ,
3083 2182 3177 2233 est
3220 2192 3385 2256 saepe
3423 2168 3606 2233 etiam
3638 2168 3800 2232 idem
3832 2168 4006 2254 quod

2312 2272 2568 2354 ἄφωνος,
2600 2272 2875 2358 itemque
2905 2270 3395 2359 obstupefactus,
3478 2273 3765 2357 Utroque
3794 2286 4003 2335 autem

2313 2374 2662 2462 significatu
2693 2388 2756 2438 et
2784 2375 3056 2438 edentuli
3085 2388 3147 2438 et
3175 2376 3428 2439 attoniti
3460 2375 3694 2438 mutive
3720 2396 3863 2438 cum
3892 2395 4007 2438 οω-

2310 2500 2420 2542 cus
2453 2477 2739 2560 (τυφλὸς)
2771 2475 2939 2541 haud
2988 2499 3126 2541 raro
3155 2477 3438 2564 jungunt
3469 2475 3815 2563 scriptoreS,
3840 2499 4004 2562 quo-

2311 2604 2449 2646 rum
2494 2580 2663 2646 locos
2705 2603 3064 2667 congessere
3097 2578 3330 2644 Sallier.
3363 2597 3427 2643 et
3458 2578 3608 2643 Tib.
3638 2578 4001 2644 Hemsterh.

2310 2682 2392 2747 ad
2422 2684 2658 2747 Thom.
2694 2685 2876 2770 Mag.
2921 2706 2988 2770 p.
3022 2688 3100 2768 63
3106 2687 3385 2769 5—637.
3432 2698 3497 2747 et
3536 2681 3878 2747 Ruhnken.
3924 2682 4005 2746 ad

2311 2784 2484 2850 Tim.
2514 2786 2678 2850 Lex.
2704 2785 2952 2851 Platon.
2984 2809 3051 2873 p.
3079 2804 3221 2851 102.

2395 2912 2455 2974 p.
2491 2890 2678 2966 1162,
2714 2908 2804 2953 11.
2840 2888 3282 2976 ἐρυθαίνεσθαι]
3333 2888 3435 2952 Sic
3464 2911 3678 2953 omnes
3712 2886 3854 2953 libri
3892 2911 4002 2952 no·

2309 2990 2440 3069 stri,
2470 3006 2534 3055 et
2561 2991 2692 3054 bini
2722 3007 2966 3057 tantum
3015 2990 3228 3077 paullo
3256 2991 3517 3056 inferius
3561 2994 3961 3075 ἐρυθραίνεται
3986 3016 4000 3055 :

2307 3093 2494 3160 ceteri
2539 3097 2926 3177 ἐρυθαίνεται.
3019 3096 3420 3182 Quapropter
3455 3093 3629 3159 nolui
3674 3095 3835 3159 hanc
3875 3095 4001 3159 for-

2309 3221 2496 3276 mam,
2523 3219 2713 3285 quam
2747 3196 3047 3284 po‘e‘ticam
3078 3197 3319 3277 dicunt,
3340 3220 3483 3262 cum
3513 3198 3714 3262 forma
3745 3201 4007 3282 ἐρυθραί-

2309 3305 2518 3365 νεσθαι
2545 3313 2956 3377 commutare;
2990 3316 3051 3366 et
3083 3315 3288 3388 potest
3319 3301 3558 3367 mollior
3579 3301 4006 3389 pronuntiatio

2306 3418 2522 3490 postea
2546 3402 2717 3467 hunc
2745 3403 3051 3468 scribendi
3082 3426 3263 3468 usum
3296 3404 3617 3469 invexisse.
3668 3405 3997 3493 Kiessling.

2306 3506 2368 3569 in
2405 3506 2731 3571 Iamblicbi
2767 3506 3158 3593 Protreptico
3187 3508 3398 3571 XXI.
3448 3530 3511 3594 p.
3542 3514 3688 3592 316.
3733 3531 3810 3572 ex
3852 3531 3996 3572 con-

2296 3609 2544 3695 jectura
2572 3608 2778 3695 posuit
2806 3607 3156 3691 Ἐρυθρῖνον
3183 3631 3300 3695 pro
3326 3606 3665 3691 Ἐρυθίνους
3702 3610 3811 3674 sed
3836 3610 3994 3675 cod.

2308 3713 2471 3798 Reg.
2503 3726 2568 3776 et
2601 3713 2863 3775 Memm.
2899 3711 2959 3775 in
2995 3712 3107 3774 hac
3140 3710 3397 3775 lectione
3428 3711 3783 3797 persistunt.
3833 3715 3998 3778 Con-

2304 3813 2399 3878 fer
2422 3813 2502 3878 de
2525 3814 2717 3900 hujus
2737 3813 2980 3900 generis
3004 3813 3217 3877 formis
3246 3812 3379 3877 aliis
3400 3814 3673 3879 Lobeck.
3696 3817 3993 3904 Parergg.

2303 3918 2383 3980 V.
2413 3916 2492 3981 ad
2529 3916 2958 4004 Phrynichum
2991 3939 3055 4003 p.
3084 3933 3232 3999 727.
3262 3941 3352 4005 sq.
3447 3918 3526 3981 In
3560 3916 3838 3983 Platonis
3867 3920 3998 4007 Ly-

2303 4019 2433 4083 side
2462 4018 2725 4106 legimus
2752 4043 2819 4107 p.
2846 4039 2990 4100 204.
3014 4020 3078 4084 b.
3110 4043 3170 4107 p.
3201 4039 3339 4084 110.
3374 4018 3605 4085 Bekk.:
3641 4022 3735 4085 καὶ
3765 4021 3830 4090 ὃς
3859 4024 3997 4105 ἐρω-

2301 4123 2494 4200 τηθεὶς
2534 4123 2875 4204 ἠρυθρίασε.
2966 4122 3222 4187 Ficinus
3267 4124 3487 4190 vertit:
3533 4126 3809 4203 obticuit,
3843 4126 3995 4191 nihil

2304 4223 2638 4310 respondit.
2730 4227 3045 4290 Caeterum
3079 4226 3197 4291 hoc
3227 4226 3431 4314 ipsum
3462 4228 3733 4314 pertinet
3775 4228 3852 4293 ad
3885 4252 3990 4292 ex-

2301 4327 2506 4414 empla
2538 4327 2918 4394 Aristotelea
2945 4329 3006 4394 in
3043 4332 3307 4417 Categg.
3335 4331 3451 4394 VI.
3485 4349 3560 4396 12
3587 4355 3601 4394 :
3651 4334 3789 4397 οὔτε
3816 4335 3930 4415 γὰρ
3960 4335 3993 4394 6

2303 4432 2583 4513 ἐρυθριῶν
2612 4435 2708 4495 διὰ
2734 4432 2802 4496 τὸ
2833 4431 3225 4516 αἰσχύνεσθαι
3257 4435 3523 4514 ἐρυθρίας
3550 4433 3811 4516 λέγεται·
3856 4435 3993 4498 οὔτε

2301 4537 2334 4596 6
2364 4535 2594 4617 ὠχριῶν
2624 4537 2719 4598 διὰ
2745 4534 2814 4598 τὸ
2843 4540 3172 4619 φοβεῖσθαι
3207 4534 3440 4617 ὠχρίας.
3537 4536 3661 4600 Sed
3692 4550 3862 4600 totus
3890 4534 3992 4599 ille

2300 4635 2474 4700 locus
2500 4659 2642 4699 cum
2676 4654 2886 4700 nostro
2914 4636 3370 4723 comparandus
3398 4652 3509 4702 est.

2383 4776 2469 4787 —
2488 4742 2587 4803 16.
2618 4737 2809 4823 Ὁρᾷν
2840 4742 2905 4804 δὲ
2935 4744 3040 4813 δεῖ,
3076 4742 3129 4804 εί
3154 4740 3234 4820 μὴ
3264 4738 3427 4819 πάσῃ
3454 4742 3726 4814 ποιότητί
3750 4743 3885 4805 ἐστί
3908 4767 3994 4809 τις

2299 4843 2456 4921 ἄλλη
2503 4844 2792 4928 ἐναντίω]
2857 4841 3208 4929 Simplicius
3249 4842 3313 4905 in
3361 4841 3629 4907 Aristot.
3662 4845 3882 4933 Categ.
3926 4866 3989 4930 p.

2300 4959 2401 5027 71.
2432 4944 2510 5009 b:
2561 4948 2722 5009 ἀλλὰ
2758 4948 2852 5009 διὰ
2880 4946 2943 5009 τί
2965 4948 3039 5009 τὰ
3067 4944 3282 5024 μεταξὺ
3321 4946 3458 5010 οὔτε
3496 4945 3784 5023 ἀλλήλοις
3825 4947 3990 5009 ἐστὶν

2299 5049 2559 5122 ἐναντία,
2593 5050 2727 5113 οὔτε
2755 5054 2879 5115 τοῖς
2916 5048 3127 5129 ἄκροις,
3157 5049 3249 5111 ὅτι
3279 5048 3448 5112 ἔσται
3476 5047 3574 5111 ἐπὶ
3601 5048 3853 5111 πλείονα
3883 5051 3985 5111 ἀν-

2296 5152 2611 5229 τικείμενα,
2657 5152 2752 5215 καὶ
2789 5149 2982 5215 οὐκέτι
3021 5151 3190 5216 ἔσται
3233 5153 3301 5215 ἐν
3342 5152 3433 5216 ἑνὶ
3472 5152 3762 5223 ἐναντίον,
3809 5152 3915 5214 ἐὰν
3952 5148 3989 5230 ᾖ

2300 5252 2394 5316 καὶ
2423 5255 2497 5317 τὰ
2523 5251 2742 5332 μεταξὺ
2772 5254 3029 5318 ἐναντία.
3076 5251 3155 5317 Ὁ
3185 5255 3249 5318 δὲ
3281 5259 3591 5320 Πλωτῖνος
3618 5253 3845 5334 ἀπορεῖ,
3876 5253 3983 5333 μή-

2294 5380 2441 5419 ποτε
2468 5354 2633 5434 πάσῃ
2660 5356 2931 5436 ποιότητί
2954 5356 3088 5419 ἐστί
3104 5380 3191 5423 τις
3222 5358 3582 5422 ἐναντίωσις.
3631 5355 3746 5418 Καὶ
3774 5357 3890 5437 γᾶρ
3918 5356 3986 5420 τὸ

522 5461 683 5536 σθαι,
712 5458 781 5521 οὗ
827 5457 1260 5539 συλλογίζεται.
1311 5455 1450 5520 ἀλλ’
1482 5452 1617 5520 οὐδὲ
1643 5456 1680 5535 ἡ
1709 5455 2013 5537 φαντασία
2056 5464 2204 5518 συλ-
2290 5457 2481 5538 μέσον
2510 5464 2633 5525 τοῖς
2661 5458 2859 5539 ἄκροις
2888 5459 3054 5522 ἐστιν
3085 5460 3377 5523 ἐναντίον·
3408 5458 3663 5538 μεσότης
3689 5460 3805 5539 γὰρ
3834 5459 3987 5523 οὖσα

518 5560 813 5641 λογίζεται
845 5586 894 5622 κ.
915 5583 965 5622 τ.
985 5566 1050 5622 λ.

2297 5563 2441 5623 κατὰ
2466 5557 2894 5718 Ἀρέστοτέλην
2920 5560 2958 5641 ἡ
2989 5560 3184 5641 ἀρετὴ,
3218 5563 3458 5626 ἐναντία
3490 5561 3621 5625 ἐστὶ
3648 5566 3775 5629 ταῖς
3807 5564 3983 5645 ὑπερ-

2401 5667 2452 5717 Ζ
2488 5671 2531 5718 Ζ
