5118 6613
1577 501 1777 566 LIB.
1813 452 1877 566 1}
1922 499 2392 567 ENNEAD.
2441 499 2838 566 SEXTAE.
2882 525 2944 590 p.
2984 504 3169 589 1069.

623 676 1006 761 ἐντελέχειαν
1034 677 1330 759 ἀφίκηται.
1365 675 1460 739 καὶ
1487 671 1555 738 τὸ
1583 672 1779 738 ποσὸν
1807 676 1872 739 δὲ
1903 675 2001 738 ἐπὶ
2026 677 2128 753 τῆς
2158 671 2312 751 κινή-

621 805 790 855 σεως,
823 780 894 844 οὗ
923 782 1071 843 κατὰ
1098 777 1165 842 τὸ
1199 782 1426 858 πλῆθος
1453 775 1522 841 τὸ
1553 775 2000 858 διηριθμημένον
2026 773 2308 855 ληπτέον.

621 883 690 947 οὗ
732 886 849 966 γὰρ
893 883 1022 968 ἔχει
1063 880 1383 965 συνέχειαν
1428 878 1497 944 τὸ
1540 884 1826 953 τοιοῦτον,
1867 880 2030 943 ἀλλὰ
2072 882 2310 957 μᾶλλον

621 988 768 1050 κατὰ
808 985 917 1065 τὴν
956 984 1240 1063 διέξοδον,
1269 983 1696 1065 παραπλησίως
1738 986 1808 1061 τῇ
1856 979 2165 1045 διαστάσει
2206 983 2312 1043 τοῦ

621 1089 910 1168 σώματος.
953 1090 1007 1152 εἰ
1033 1087 1140 1151 οὖν
1167 1084 1327 1165 ποσή
1366 1087 1533 1149 ἐστιν
1560 1084 1596 1165 ἦ
1630 1084 1872 1162 κίνησις,
1906 1085 1989 1150 εἰς
2026 1085 2177 1146 ἴδιον
2204 1080 2305 1163 γέ-

622 1216 723 1258 νος
749 1191 820 1254 οὗ
848 1191 1095 1256 δύναται
1128 1187 1463 1253 τάττεσθαι·
1512 1187 1678 1250 ἀλλὰ
1710 1189 1894 1249 ταῦτα
1920 1185 2034 1264 μὲν
2062 1185 2305 1265 ἀρκούν·

618 1317 747 1360 τως.

905 1468 1236 1549 Simplicius
1262 1467 1324 1525 in
1353 1464 1691 1545 categorias
1717 1464 1816 1524 fol.
1843 1467 1936 1526 81.
1962 1465 2020 1524 b.

676 1600 924 1663 ·Τοίνυν
951 1598 987 1660 6
1015 1600 1326 1662 Πλωτῖνος
1353 1594 1444 1657 ὅτι
1473 1595 1663 1657 ἐδόκει
1689 1594 1829 1667 τισὶ,
1859 1594 1939 1674 μὴ
1970 1595 2035 1657 ἐκ
2063 1597 2168 1657 τοῦ
2201 1591 2305 1676 ἀφ’

623 1703 832 1766 ἑαυτοῦ
858 1696 895 1778 ἢ
926 1696 1024 1763 ἀπ’
1056 1699 1249 1762 ἀλλδυ
1290 1698 1731 1781 χαρακτηρίζειν
1762 1695 1831 1760 τὰ
1872 1702 2065 1761 ποιεῖν
2104 1697 2200 1761 καὶ
2237 1694 2307 1760 τὸ

621 1803 897 1887 πάσχειν,
931 1800 1067 1866 ἀλλ’
1101 1801 1167 1864 ἐκ
1195 1804 1300 1864 τοῦ
1330 1801 1477 1863 κατὰ
1504 1801 1691 1882 φύσιν
1716 1796 1753 1878 ἢ
1782 1802 1945 1881 παρὰ
1986 1799 2189 1880 φύσιν.
2233 1801 2309 1861 τὰ

621 1909 733 1987 μὶν
758 1909 874 1989 γὰρ
903 1909 1008 1969 τοῦ
1035 1905 1251 1968 οἰκείου
1280 1901 1490 1970 τέλους
1526 1900 1920 1984 τυγχάνοντα,
1956 1903 2024 1964 ἐν
2050 1903 2130 1986 τῷ
2168 1925 2303 1964 ποι·

623 2013 713 2073 εῖν
743 2007 913 2072 εἶναι·
946 2009 1021 2070 τᾶ
1049 2008 1115 2070 δὲ
1145 2006 1386 2070 ἐναντία
1413 2005 1655 2078 τούτων,
1688 2006 1757 2067 ἐν
1784 2007 1865 2090 τῷ
1892 2003 2172 2087 πάσχειν·
2203 2000 2309 2066 τὸν

619 2114 767 2193 γοῦν
791 2110 940 2190 ὑπὲρ
967 2109 1244 2190 πατρίδος
1281 2106 1734 2187 ἀποθνήσκοντα
1762 2107 1831 2171 οὗ
1857 2106 2137 2190 πάσχειν,
2170 2104 2305 2170 ἀλλ’

622 2214 889 2294 ἐνεργεῖν
919 2222 1090 2295 φησι,
1122 2212 1386 2286 σώζοντα
1414 2207 1485 2273 τὸ
1517 2212 1662 2273 κατὰ
1704 2211 1912 2291 λόγον,
1946 2210 2040 2273 καὶ
2066 2208 2135 2272 τὸ
2166 2211 2312 2273 κατὰ

619 2316 727 2394 τὴν
753 2316 977 2379 οἰκείαν
1004 2314 1365 2393 τελειότητα·
1409 2311 1515 2375 τὸν
1555 2314 1619 2375 δὲ
1663 2314 1992 2386 ἀδικοῦντα,
2026 2311 2135 2376 κᾶν
2158 2310 2308 2375 πάν-

621 2443 724 2486 τας
752 2419 960 2499 ἀναιρῇ
990 2424 1178 2499 φησιν
1204 2416 1563 2497 ἀνθρώπους,
1590 2415 1915 2495 φθείροντα
1941 2414 2009 2477 τὸ
2036 2417 2183 2478 κατὰ
2209 2415 2314 2477 λό-

623 2546 735 2602 γον
765 2520 860 2585 καὶ
902 2522 1006 2585 τὰς
1050 2521 1197 2582 κατὰ
1225 2519 1411 2600 φύσιν
1441 2519 1729 2599 ἀφορμὰς,
1760 2515 2041 2600 πάσχειν,
2074 2514 2211 2580 ἀλλ’
2242 2516 2310 2580 οὗ

623 2627 815 2687 ποιεῖν
859 2630 1030 2703 φησι,
1062 2620 1150 2684 διὸ
1199 2620 1295 2683 καὶ
1339 2619 1448 2699 τὴν
1494 2619 1675 2698 αὐτὴν
1720 2620 1950 2697 κίνησιν
1993 2620 2311 2698 συμβαίνει

624 2727 728 2788 τοῦ
754 2729 948 2788 ποιεῖν
979 2724 1074 2787 καὶ
1116 2726 1221 2787 τοῦ
1260 2722 1522 2805 πάσχειν
1553 2721 1720 2786 εἶναι.
1769 2721 1837 2784 τὸ
1881 2724 1996 2804 γὰρ
2042 2720 2202 2795 αὐτὸ,
2235 2721 2313 2788 ὥς

620 2827 733 2905 μὲν
775 2824 1085 2908 τεχνητὸν,
1134 2827 1282 2888 κατὰ
1326 2826 1512 2906 φύσιν
1556 2829 1731 2889 ποιεῖ·
1797 2826 1875 2891 ὣς
1918 2827 1983 2888 δὲ
2034 2823 2308 2906 φυσικὸν.

623 2930 784 3009 παρὰ
810 2928 1015 3009 φύσιν,
1047 2928 1176 2992 οῖον
1203 2927 1270 2990 τὸ
1301 2929 1369 2992 ἐν
1396 2932 1518 2995 τοῖς
1557 2928 1721 3003 ζώοις
1762 2932 1876 3009 πῦρ
1921 2926 2072 2991 κάτω
2119 2928 2309 2992 κινού-

622 3054 825 3109 μενον,
860 3030 956 3093 καὶ
982 3030 1019 3108 ἡ
1048 3033 1125 3111 γῆ
1154 3030 1294 3093 ἀνω·
1344 3033 1492 3094 κατὰ
1530 3032 1644 3109 μὲν
1670 3030 1778 3109 τὴν
1806 3029 2026 3113 τέχνην
2064 3035 2169 3095 τοῦ
2211 3034 2311 3111 δη-

624 3135 923 3214 μιουργοῦ,
955 3135 1103 3196 κατὰ
1130 3133 1316 3214 φύσιν
1347 3136 1658 3206 κινοῦνται,
1692 3131 1782 3196 διὸ
1812 3133 1920 3196 οὐκ
1960 3133 2088 3197 ἔστι
2123 3136 2311 3212 παθη·

625 3234 771 3315 τικὴ,
804 3236 967 3299 ἀλλᾶ
995 3234 1272 3317 δραστικὴ
1299 3235 1337 3316 ἡ
1366 3236 1601 3315 τοιαύτη
1644 3236 1886 3316 κίνησις.
1931 3235 2077 3318 πρὸς
2115 3237 2180 3299 δὲ
2208 3234 2316 3315 τὴν

629 3339 691 3417 ἐξ
720 3339 904 3421 ἀρχῆς
940 3338 1172 3412 οὐσίαν,
1202 3337 1503 3418 παθητική.
1555 3337 1699 3420 πρὸς
1743 3339 1811 3417 δὴ
1854 3343 2038 3402 ταῦτα
2080 3337 2314 3402 ἀντιλέ-

628 3466 852 3523 γοντες,
884 3442 1039 3505 ἄλλο
1084 3440 1276 3523 φασὶν
1321 3440 1472 3505 εῖναι
1513 3440 1580 3504 τὸ
1624 3441 1929 3522 ποιητικὸν
1973 3443 2179 3515 αἴτιον,
2224 3442 2320 3505 καὶ

629 3544 781 3608 ἄλλο
812 3543 880 3608 τὸ
909 3544 1166 3607 τελικόν·
1200 3543 1309 3608 κᾶν
1333 3544 1400 3607 ἐν
1421 3548 1544 3609 τοῖς
1568 3544 1775 3611 αἰτίοις
1801 3543 1868 3606 τὸ
1890 3543 2126 3608 τελικὸν
2146 3546 2316 3625 ὑπερ-

632 3644 895 3730 έχουσαν
922 3646 1094 3725 ἀξίαν
1125 3646 1253 3729 ἔχῃ,
1282 3643 1419 3709 ἀλλ’
1452 3648 1521 3709 ἐν
1546 3649 1626 3730 τῷ
1670 3652 1866 3710 ποιεῖν
1907 3646 1976 3709 τὸ
2020 3649 2319 3726 ποιητικὸν

631 3750 994 3831 κυριώτερον,
1022 3748 1116 3812 καὶ
1138 3747 1376 3816 οὐδενὸς
1403 3749 1595 3812 ἀλλον
1623 3750 2065 3829 προσδεόμενον
2094 3750 2163 3811 ἐν
2188 3749 2320 3813 τού-

631 3872 730 3937 τῳ·
777 3852 923 3915 ὅταν
951 3851 1059 3915 οῦν
1085 3854 1349 3914 ποιοῦντι
1387 3853 1493 3913 τοῦ
1518 3849 1728 3916 τέλους
1762 3848 2138 3932 διαμαρτάνῃ,
2173 3853 2320 3914 κατὰ

629 3956 740 4034 μὶν
766 3952 836 4017 τὸ
866 3953 1165 4034 ποιητικὸν
1195 3954 1262 4016 ἐν
1292 3955 1476 4038 ἑαυτῷ
1516 3955 1722 4026 αἴτιον,
1754 3958 1948 4015 ποιεῖν
1977 3952 2052 4016 ἂν
2079 3950 2318 4034 λέγοιτο

633 4056 879 4123 δικαίως·
928 4058 1076 4119 κατὰ
1103 4057 1168 4118 δὲ
1197 4054 1305 4134 τὴν
1331 4055 1623 4136 ἁμαρτίαν
1653 4059 1755 4118 τοῦ
1780 4054 2005 4128 τέλους,
2037 4053 2315 4137 πάσχειν,

631 4160 684 4223 εἰ
708 4160 871 4240 παρὰ
899 4159 1086 4240 φύσιν
1113 4158 1447 4221 διατίθοιτο·
1495 4155 1653 4240 τάχα
1698 4158 1763 4220 δὲ
1810 4159 1957 4220 κατὰ
1993 4156 2101 4235 τὴν
2128 4160 2320 4235 τεῦξιν

632 4267 734 4327 τοῦ
761 4261 987 4336 τέλους,
1019 4262 1164 4326 ὅταν
1195 4263 1343 4325 κατὰ
1371 4262 1556 4343 φύσιν
1585 4259 1924 4339 διατίθηται,
1955 4257 2216 4341 πάσχειν
2245 4257 2320 4322 ἂν

631 4364 870 4448 λέγοιτο
904 4365 998 4428 καὶ
1026 4365 1227 4430 οὕτως.
1263 4363 1333 4427 οὗ
1361 4367 1478 4446 γὰρ
1506 4367 1627 4427 πᾶν
1653 4361 1841 4428 πάθος
1868 4365 2040 4441 δηλοῖ
2062 4360 2130 4423 τὸ
2160 4363 2320 4442 παρὰ

635 4469 838 4550 φύσιν,
871 4464 1007 4531 ἀλλ’
1041 4466 1171 4530 ἔστι
1197 4491 1253 4530 τι
1285 4466 1378 4529 καὶ
1409 4467 1557 4529 κατὰ
1586 4465 1791 4547 φύσιν·
1826 4465 1880 4527 εἰ
1907 4464 1973 4527 δὲ
2003 4464 2099 4526 καὶ
2126 4463 2193 4526 τὸ
2222 4462 2316 4528 τέ-

633 4577 740 4638 λος
769 4570 864 4633 καὶ
892 4568 959 4633 τὸ
990 4567 1220 4651 ἀγαθὸν
1241 4569 1310 4631 ἐν
1336 4569 1520 4653 ἑαυτῷ
1553 4567 1698 4649 ἔχει,
1726 4567 1804 4633 ὥς
1832 4575 2005 4649 φασι,
2030 4565 2097 4629 τὸ
2128 4570 2322 4630 ποιεῖν

634 4673 984 4754 λεγόμενον,
1027 4671 1120 4734 καὶ
1167 4671 1336 4736 οὗτος
1378 4672 1411 4733 6
1458 4670 1593 4750 περὶ
1636 4672 1741 4733 τοῦ
1779 4674 1974 4732 ποιεῖν
2017 4669 2325 4734 ἀποδοθεὶς

636 4776 836 4856 λόγος,
876 4774 1103 4856 ἀραρὸς
1145 4771 1333 4846 ἔσται,
1379 4773 1471 4836 ὅτι
1512 4776 1704 4835 ποιεῖν
1746 4772 1876 4834 ἐστι
1918 4770 1985 4833 τὸ
2032 4771 2099 4834 ἐν
2139 4772 2322 4854 ἑαυτῷ

636 4879 741 4958 τὴν
777 4879 972 4942 αἰτίαν
1015 4877 1197 4959 ἔχειν.
1244 4874 1468 4955 μήποτε
1513 4875 1578 4938 δὲ
1630 4873 1726 4937 ἐπὶ
1770 4875 1889 4937 τῶν
1926 4874 2151 4945 ἁπλῶν,
2188 4872 2324 4936 οὔτε

636 4986 939 5062 διαιρεῖται
987 4977 1055 5041 τὸ
1105 4977 1405 5058 ποιητικὸν
1453 4977 1548 5040 καὶ
1593 4974 1661 5039 τὸ
1707 4973 1898 5048 τέλος,
1948 4972 2084 5037 ἀλλ’
2132 4976 2214 5041 εἰς
2256 4973 2323 5037 τὸ

638 5082 779 5148 αὐτὸ
823 5079 1313 5162 συνδεδράμηκεν·
1364 5080 1416 5143 εἰ
1458 5080 1523 5142 δὲ
1567 5076 1848 5160 διήρηται,
1877 5075 2052 5139 οὐδὲν
2078 5076 2321 5151 ἄτοπον,

641 5187 787 5251 κατὰ
825 5184 940 5262 μὲν
980 5181 1047 5245 τὸ
1089 5181 1408 5261 ποιητικὸν,
1454 5186 1666 5254 ποιεῖν,
1718 5182 1867 5243 κατὰ
1911 5180 1977 5242 δὲ
2022 5176 2090 5242 τὸ
2131 5178 2322 5254 τέλος,

639 5284 917 5369 πάσχειν.
963 5284 1108 5347 ὅταν
1137 5284 1202 5348 δὲ
1240 5281 1307 5347 τὸ
1347 5281 1521 5351 τέλος
1556 5286 1714 5364 ποιῇ,
1749 5280 1870 5346 κατ’
1906 5284 2096 5347 ἐκεῖνο
2134 5289 2329 5348 ποιεῖν

639 5387 898 5471 λέγεται·
929 5388 965 5450 6
992 5389 1140 5469 γοῦν
1167 5386 1313 5467 ὑπὲρ
1339 5386 1614 5467 πατρίδος
1641 5383 2052 5465 ἀποθνήσκων,
2083 5384 2191 5464 τὴν
2216 5388 2330 5465 μὲν

643 5495 786 5556 κατὰ
814 5488 882 5554 τὸ
912 5488 1086 5557 τέλος
1113 5489 1378 5569 ποίησιν,
1408 5485 1532 5552 καθ
1564 5485 1639 5567 ἦν
1667 5488 1839 5563 σώζει
1867 5483 1936 5551 τὸ
1967 5489 2115 5551 κατὰ
2142 5489 2330 5570 φύσιν

3968 522 4094 590 333

2397 673 2494 736 καὶ
2532 677 2682 738 κατὰ
2720 675 2928 755 λόγον,
2960 676 3176 756 ταύτην
3206 677 3457 759 ἐνεργεῖ,
3490 676 3587 741 καὶ
3630 675 3759 760 ἔχει
3804 677 3870 740 ἐν
3901 677 4087 762 ἑαυτῷ

2394 775 2502 854 τὴν
2523 777 2719 840 αἰτίαν
2739 779 2839 854 τῆς
2866 778 3133 857 τοιαύτης
3163 779 3481 859 ἐνεργείας,
3505 782 3607 858 τῆς
3634 776 3702 843 τὸ
3728 777 3903 845 τέλος
3928 803 4090 860 περι-

2392 879 2676 958 ποιούσης
2702 875 2770 942 τὸ
2799 880 3038 943 οἰκεῖον.
3066 880 3104 959 ἦ
3133 881 3198 943 δὲ
3220 884 3325 944 τοῦ
3351 881 3559 948 τέλους
3584 879 3835 961 μέθεξις,
3867 882 4087 945 πεπόν-

2394 982 2581 1059 θησις,
2631 979 2768 1043 ἀλλ’
2812 983 2916 1063 ὑφ’
2963 983 3191 1046 ἑαυτοῦ.
3248 982 3357 1062 τὴν
3397 982 3602 1063 μέντοι
3649 983 3946 1063 σωστικὴν
3991 983 4088 1046 καὶ

2394 1082 2706 1163 θηρητικὴν
2751 1085 2962 1147 ἑαυτοῦ
3004 1083 3312 1166 ἐνέργειαν
3349 1084 3542 1149 οὐκέτι
3586 1087 3732 1170 ἔχει,
3762 1088 3908 1150 ὅταν
3935 1087 4084 1150 ἀπο-

2394 1182 2639 1264 θνήσκῃ,
2664 1184 2801 1249 ἀλλ’
2821 1187 3009 1254 ἄλλος
3037 1189 3220 1253 αἴτιος
3246 1191 3351 1250 τοῦ
3378 1188 3788 1269 ἀποθνήσκειν.
3821 1186 3909 1253 διὸ
3938 1187 4083 1252 καθὸ

2394 1287 2499 1351 οὗκ
2545 1287 2675 1372 ἔχει
2722 1291 2790 1353 ἐν
2832 1291 3016 1375 ἑαυτῷ
3059 1289 3168 1368 τὴν
3197 1290 3410 1363 αἰτίαν,
3443 1288 3580 1354 ἀλλ’
3616 1291 3684 1354 ἐν
3712 1292 3904 1377 ἄλλῳ,
3936 1292 4085 1354 κατὰ

2392 1393 2565 1453 τοῦτο
2591 1389 2832 1474 πάσχει,
2866 1390 3003 1455 ἀλλ’
3037 1391 3106 1455 οὗ
3143 1397 3320 1455 ποιεῖ·
3370 1394 3423 1455 εἰ
3448 1391 3528 1472 μὴ
3556 1392 3671 1474 ἀρα
3701 1393 3912 1457 ἑαυτὸν
3939 1393 4085 1474 ὑπὲρ

2392 1495 2493 1570 τῆς
2519 1494 2796 1574 πατρίδος
2825 1493 3133 1569 ἐπιδιδοὺς,
3163 1493 3339 1560 αὐτὸς
3379 1493 3565 1558 πάλιν
3592 1492 3661 1557 τὸ
3688 1498 3896 1559 ποιοῦν
3923 1492 3961 1575 ᾖ
3990 1495 4086 1558 καὶ

2393 1591 2461 1657 τὸ
2502 1593 2765 1678 πάσχον,
2800 1593 2924 1658 κατ’
2955 1597 3110 1659 ἄλλο
3158 1595 3252 1659 καὶ
3295 1597 3470 1660 ἄλλο·
3517 1601 3640 1661 πᾶν
3678 1598 3784 1661 οὖν
3827 1598 4086 1660 καθόσον

2393 1703 2572 1776 ποιεῖ,
2608 1699 2675 1762 ἐν
2716 1701 2902 1785 ἑαυτῷ
2946 1695 3013 1761 τὸ
3058 1700 3246 1762 αἴτιον
3285 1699 3413 1781 ἔχει
3455 1703 3561 1763 τοῦ
3601 1704 3812 1762 ποιεῖν·
3857 1703 3978 1762 πᾶν
4021 1700 4085 1762 δὲ

2390 1800 2637 1885 πάσχον
2682 1801 2825 1866 καθὸ
2867 1801 3111 1885 πάσχει,
3149 1803 3217 1865 ἐν
3254 1803 3445 1887 ἄλλῳ.
3494 1802 3589 1865 καὶ
3630 1800 3737 1865 τὸν
3774 1802 4085 1865 ἀδικοῦντα

2397 1900 2532 1987 [82.
2552 1904 2641 1991 a.]
2667 1905 2774 1968 οὖν
2795 1905 2939 1969 ὅταν
2967 1903 3228 1987 πάσχειν
3249 1930 3333 1971 τις
3361 1903 3533 1987 λέγῃ.
3564 1902 3955 1987 φθειρομένου
3983 1907 4088 1966 τοῦ

2395 2011 2543 2071 κατὰ
2570 2009 2760 2090 λόγον
2790 2009 2857 2071 ἐν
2887 2007 3060 2093 αὐτῷ,
3095 2005 3205 2070 κᾶν
3233 2007 3442 2089 ἀναιρῇ
3471 2006 3697 2073 πάντας
3723 2005 4080 2086 ἀνθρώπους,

2392 2113 2596 2173 πολλὰ
2628 2111 2694 2173 ἐν
2723 2110 2875 2196 αὐτῷ
2905 2113 3133 2190 θεωρεῖ.
3180 2109 3274 2172 καὶ
3301 2112 3417 2191 γὰρ
3453 2114 3615 2172 ποιεῖ
3647 2107 3819 2175 αὐτὸς
3850 2109 3919 2172 ἐν
3949 2109 4083 2171 ἑαυ-

2393 2214 2494 2295 τῷ,
2526 2211 2637 2288 τὴν
2662 2215 2767 2275 τοῦ
2807 2214 2954 2275 κατὰ
2996 2212 3188 2293 λόγον
3218 2215 3470 2294 φθορὰν,
3506 2214 3669 2293 εἴπερ
3715 2209 3926 2275 ἑαυτὸν
3954 2215 4080 2274 δια-

2397 2315 2652 2397 φθείροι.
2685 2314 2779 2377 καὶ
2799 2313 3024 2397 πάσχει
3049 2316 3114 2377 δὲ
3144 2314 3222 2381 ὥς
3249 2311 3346 2377 ὑπ’
3378 2315 3569 2378 ἄλλου
3601 2315 3785 2400 ἑαυτῷ
3806 2309 4080 2399 [ἑαυτὸν]

2398 2418 2897 2497 διαφθειρόμενος.
2931 2416 3026 2479 καὶ
3051 2415 3256 2496 μέντοι
3287 2416 3381 2480 καὶ
3406 2416 3513 2495 τήν
3541 2421 3660 2479 τῶν
3687 2417 3893 2480 ἄλλων
3922 2417 4090 2479 ἀναί-

2393 2543 2566 2600 ρεσιν
2595 2523 2769 2582 ποιεῖ.
2818 2521 2870 2582 εἰ
2911 2517 3115 2598 μέντοι
3158 2517 3248 2582 ἐπ’
3284 2515 3442 2605 [ὑπ’]
3475 2519 3666 2582 ἄλλον
3697 2516 3929 2600 γένοιτο
3959 2519 4082 2582 ἅδι-

2397 2646 2514 2694 κος,
2557 2623 2780 2689 ἐκεῖνος
2823 2623 2906 2688 εἰς
2953 2621 3133 2686 αὐτὸν
3179 2626 3355 2685 ποιεῖ.
3399 2621 3568 2687 οὗτος
3610 2621 3675 2684 δὲ
3712 2619 3935 2703 πάσχει
3975 2621 4088 2699 μὲν

2393 2721 2508 2787 ὑπὸ
2535 2727 2640 2787 τοῦ
2666 2726 2973 2790 ποιοῦντος
3002 2725 3085 2789 εἰς
3113 2722 3313 2799 αὐτὸν,
3342 2729 3506 2787 ποιεῖ
3530 2724 3594 2787 δὲ
3636 2725 3719 2789 εἰς
3744 2722 3878 2789 τοὺς
3913 2723 4083 2785 ἀναι-

2393 2825 2730 2907 ρουμένους.
2780 2825 2875 2889 καὶ
2904 2826 2971 2889 τὸ
3010 2829 3124 2907 πῦρ
3164 2826 3231 2888 δὲ
3269 2824 3337 2888 τὸ
3379 2827 3448 2889 ἐν
3474 2830 3596 2892 τοῖς
3634 2824 3800 2900 ζώοις
3840 2826 3893 2888 εἰ
3932 2823 4085 2888 κάτω

2398 2934 2658 3002 κινεῖται,
2695 2929 2790 2992 καὶ
2817 2930 2854 3008 ἡ
2881 2932 2958 3011 γῆ
2987 2929 3130 3001 ἄνω,
3160 2926 3308 3009 πρὸς
3332 2929 3446 3007 μὲν
3472 2927 3581 3006 τὴν
3608 2925 3827 3010 τέχνην
3854 2929 3959 2990 τοῦ
3987 2929 4084 3005 δη-

2394 3036 2679 3113 μιουργοῦ
2707 3041 2894 3114 φησιν
2920 3033 2952 3093 6
2974 3028 3326 3113 Ἰάμβλιχος
3353 3030 3543 3113 ἀρχὴν
3564 3029 3754 3093 οὖσαν
3783 3030 3877 3093 καὶ
3907 3029 4089 3108 αὐτὴν

2396 3132 2706 3213 ποιήσεως,
2739 3138 2902 3197 ποιεῖ
2920 3137 3114 3197 τοῦτο.
3162 3132 3310 3215 πρὸς
3347 3135 3412 3197 δὲ
3451 3132 3559 3212 τὴν
3587 3137 3688 3212 τῆς
3716 3133 3955 3216 φύσεως
3997 3135 4086 3196 αἰ-

2398 3237 2550 3311 τίαν,
2585 3238 2748 3319 εἵπερ
2775 3238 2934 3319 παρὰ
2963 3237 3150 3319 φύσιν
3180 3241 3440 3310 κινεῖται,
3471 3233 3694 3319 πάσχει
3721 3238 3916 3299 τοῦτο.
3947 3239 4086 3299 θαυ-

2402 3339 2561 3418 μάζω
2606 3342 2669 3403 δὲ
2711 3341 2848 3421 ἐγὼ,
2882 3341 2935 3402 εἰ
2958 3338 3038 3418 μὴ
3069 3342 3174 3402 νῦν
3202 3339 3348 3420 ὅπερ
3379 3339 3668 3418 βούλεται
3695 3339 3728 3400 6
3759 3342 4087 3412 Πλωτῖνος,

2406 3443 2502 3506 καὶ
2542 3443 2708 3521 ἡμεῖς
2750 3440 3030 3523 λέγομεν,
3067 3442 3158 3504 ὅτι
3200 3443 3276 3504 τὰ
3314 3442 3427 3519 μὲν
3476 3442 3623 3503 κατὰ
3668 3439 3856 3520 φύσιν
3900 3440 3967 3503 ἐν
4008 3445 4089 3527 τῷ

2403 3549 2597 3607 ποιεῖν
2627 3544 2775 3617 ἐστι,
2807 3546 2881 3606 τὸ
2909 3544 2973 3606 δὲ
3001 3545 3163 3624 παρὰ
3191 3543 3376 3623 φύσιν
3404 3542 3472 3605 ἐν
3498 3545 3578 3628 τῷ
3620 3539 3901 3625 πάσχειν.
3945 3544 4092 3612 ἴσως

2404 3644 2509 3707 οὖν
2538 3643 2920 3725 σαφέστερόν
2948 3646 3080 3708 ἐστι
3116 3642 3340 3725 λέγειν,
3374 3644 3465 3707 ὅτι
3491 3647 3597 3707 τοῦ
3621 3643 3802 3725 πυρὸς
3827 3645 3865 3725 ἡ
3892 3646 3990 3709 ἐπὶ
4018 3649 4094 3710 τᾶ

2406 3746 2558 3810 κάτω
2604 3747 2846 3825 κίνησις,
2880 3746 2976 3809 καὶ
3002 3748 3104 3824 τῆς
3132 3748 3238 3827 γῆς
3264 3746 3302 3825 ἡ
3332 3746 3430 3809 ἐπὶ
3457 3747 3532 3810 τὰ
3558 3746 3702 3822 ἄνω,
3733 3745 3891 3827 πάθη
3936 3749 4092 3813 εἰσὶν

2405 3848 2521 3913 ἀπὸ
2568 3852 2669 3928 τῆς
2712 3852 3115 3929 δημιουργικῆς
3168 3846 3459 3926 ποιήσεως
3509 3850 3883 3930 ἐγγινόμενα,
3930 3851 4094 3915 ἀλλὰ

2404 3953 2665 4015 τελιτικᾶ
2707 3950 2803 4013 καὶ
2849 3952 3112 4014 εἰδοποιᾶ
3159 3954 3264 4014 τοῦ
3308 3949 3612 4016 συνθέτου.
3659 3953 3982 4033 παθητικὴν
4028 3957 4094 4019 δὲ

2403 4055 2646 4133 ποίησιν
2689 4054 2879 4118 αὐτῶν
2921 4060 3038 4117 τῶν
3083 4054 3416 4137 στοιχείων,
3455 4056 3511 4119 εἴ
3552 4079 3638 4122 τις
3687 4056 3954 4135 ἐπιζητεῖ,
3985 4056 4093 4135 τὴν

2408 4159 2555 4220 κατὰ
2596 4155 2663 4220 τὸ
2706 4156 2859 4224 εἶδος
2899 4157 2993 4220 καὶ
3021 4156 3131 4236 τὴν
3160 4159 3229 4220 ἐν
3260 4156 3456 4224 αὐτοῖς
3483 4157 3678 4221 αἰτίαν
3707 4159 4089 4239 ἐνεργοῦσαν,

2405 4259 2622 4338 ταύτην
2650 4257 3036 4340 ἀφοριζέσθω·
3086 4259 3175 4323 διὸ
3207 4262 3354 4323 κατὰ
3379 4261 3492 4339 μὲν
3515 4262 3619 4327 τὰς
3647 4263 3965 4342 ἐνεργείας,
4000 4261 4093 4324 καὶ

2407 4360 2651 4443 ἔῤῥωται
2679 4361 2773 4424 καὶ
2801 4362 3036 4439 αὔξεται
3065 4364 3212 4424 κατὰ
3238 4364 3314 4425 τὰ
3339 4361 3516 4435 πάθη,
3548 4360 3656 4426 κᾶν
3684 4361 3802 4426 ἀπὸ
3829 4367 4095 4444 δημιουρ-

2406 4469 2588 4545 γικῶν
2615 4462 2655 4543 ᾖ
2695 4465 2897 4545 λόγων
2927 4465 3303 4546 ἐγγινόμενα.
3350 4470 3472 4531 τοῖς
3511 4466 3625 4543 μὲν
3659 4463 3980 4538 συνθέτοις,
4013 4467 4095 4533 εἰς

2406 4567 2515 4645 τὴν
2541 4569 2837 4632 σύστασιν
2862 4571 2969 4630 τοῦ
2997 4568 3183 4633 εἴδους
3210 4570 3506 4644 συντελεῖ,
3539 4568 3622 4634 εἰς
3643 4564 3717 4645 ἣν
3746 4567 3842 4630 καὶ
3869 4568 3902 4629 6
3929 4570 4091 4647 δημι-

2408 4667 2620 4751 ουργὸς
2662 4668 2900 4748 βλέπει·
2953 4667 3101 4731 αὐτὰ
3146 4669 3211 4731 δὲ
3258 4670 3602 4747 βιαζόμενα,
3649 4669 3848 4750 φθίνει
3888 4694 3954 4732 τε
4002 4671 4096 4734 καὶ

2408 4771 2773 4852 ἀμυδροῦται.
2824 4770 2919 4833 καὶ
2949 4769 3045 4834 ἐπὶ
3072 4775 3189 4832 τῶν
3218 4770 3377 4844 ζώων
3407 4771 3472 4833 δὲ
3512 4773 3573 4834 αἱ
3612 4772 3912 4839 ἀνοικείως
3940 4774 4095 4855 φασὶ

2409 4876 2488 4958 τῷ
2520 4875 2661 4937 εἴδει
2688 4874 2994 4954 γινόμεναι
3037 4871 3211 4953 ὁρμαὶ
3255 4872 3350 4935 καὶ
3394 4871 3667 4952 κινήσεις,
3698 4873 4097 4955 ἀφιστάμεναι

2408 4978 2508 5054 τῆς
2548 4978 2843 5055 ποιητικῆς
2886 4974 3074 5038 αὐτῶν
3105 4975 3310 5057 ἀρχῆς,
3340 4977 3503 5056 παρὰ
3528 4977 3714 5057 φύσιν
3754 5000 3818 5039 τε
3864 4977 4090 5059 ἔχουσι,

2411 5078 2505 5141 καὶ
2535 5079 2619 5144 εἰς
2646 5077 2754 5156 τὴν
2782 5077 3060 5141 ἐναντίαν
3088 5080 3157 5156 τῇ
3197 5080 3302 5140 τοῦ
3336 5081 3528 5140 ποιεῖν
3558 5077 3714 5162 αἰτίᾳ
3750 5077 4091 5160 περιΐσταν·

2410 5200 2526 5244 ται·
2585 5179 2675 5244 διὸ
2725 5180 2821 5243 καὶ
2870 5182 2937 5243 ἐν
2979 5182 3059 5264 τῷ
3105 5178 3366 5262 πάσχειν
3415 5177 3593 5246 αὐτὸς
3635 5178 3865 5260 ρητέον,
3911 5181 3986 5245 τά
4030 5209 4097 5249 τε

2411 5284 2595 5360 ἀλλα,
2627 5283 2722 5347 καὶ
2756 5283 2847 5346 ὅτι
2888 5283 2926 5362 ἡ
2960 5283 3072 5361 μὶν
3109 5285 3215 5346 τοῦ
3254 5287 3447 5346 ποιεῖν
3492 5282 3664 5366 ἀρχὴ,
3708 5284 3790 5350 εἰς
3830 5282 3898 5347 τὸ
3945 5284 4098 5354 εἶναι

2414 5384 2592 5451 αὐτὰς
2620 5382 2880 5467 συνέχει,
2910 5387 3094 5449 ταῦτα
3123 5387 3187 5448 δὲ
3218 5386 3301 5451 εἰς
3329 5387 3563 5467 φθορὰν
3591 5385 3918 5450 ἀποκλίνει.
3958 5389 4095 5455 ἀλλ’

2416 5491 2468 5553 εἰ
2494 5491 2687 5562 τοῦτο,
2720 5485 2963 5551 ἔσονται
3005 5487 3102 5551 καὶ
3143 5487 3365 5551 τούτων
3396 5489 3458 5551 αἰ
3500 5488 3678 5571 ἀρχαὶ
3717 5487 3823 5552 οὐκ
3864 5490 3932 5555 ἐν
3960 5493 4096 5559 ἑαυ-
