5118 6613
1381 583 1587 649 LIB.
1634 584 1751 648 VI.
1797 584 2260 651 ENNEAD.
2306 584 2705 652 PRIMAE.
2748 607 2817 674 p.
2851 602 2997 666 101,
3026 602 3169 651 102.

548 754 613 819 h.
644 752 686 819 l.
736 752 1048 832 Plotinus‚
1091 777 1222 842 quo
1264 754 1525 821 nimium
1575 755 2049 845 Participiorum
2089 780 2234 823 oon-

548 879 801 922 cursum
863 856 1143 938 evitaret,
1200 856 1573 923 infinitivum
1635 859 1976 948 adjungere
2017 860 2238 927 maluit

551 960 741 1025 verbo
795 960 1144 1045 ἆνέχεσθαι,
1204 984 1392 1048 quam
1464 961 1751 1028 usitatius
1808 963 2233 1051 Participium.

551 1061 694 1127 Vid.
726 1061 1027 1128 Valcken.
1073 1062 1156 1128 ad
1200 1063 1512 1130 Herodot.
1544 1067 1620 1130 V.
1652 1086 1752 1152 19.
1789 1078 1853 1131 et
1889 1066 1970 1132 cf.
2010 1067 2234 1156 Olym-

552 1165 795 1253 piodor.
835 1165 904 1230 in
933 1165 1144 1231 Alcib.
1174 1189 1245 1255 p.
1274 1186 1412 1231 101.
1446 1191 1541 1257 sq.
1574 1179 1636 1233 et
1665 1192 1730 1258 p.
1766 1171 1913 1236 226.
1941 1168 2089 1258 ibiq.
2120 1193 2232 1236 an-

550 1282 683 1334 not.
713 1280 903 1333 nostr.
975 1270 1096 1334 Est
1124 1283 1334 1334 autem
1361 1269 1463 1335 hic
1489 1269 1662 1337 locus
1693 1271 1923 1337 Plotini
1949 1271 2236 1339 classicus

550 1372 626 1436 de
667 1373 922 1461 orig-ine
966 1381 1025 1437 et
1065 1381 1305 1437 natura
1346 1373 1785 1461 dqfhmitatis.
1875 1377 2019 1455 Qua
2055 1375 2135 1440 de
2168 1399 2236 1441 re

552 1496 700 1562 quae
740 1474 998 1540 uberius
1040 1475 1300 1563 exposui
1339 1476 1403 1540 in
1435 1479 1675 1543 Annot.
1708 1476 1772 1541 in
1807 1476 1976 1543 hunc
2003 1477 2236 1544 librum

552 1576 849 1665 singulari
877 1576 943 1642 in
971 1576 1240 1642 editione
1266 1601 1329 1666 p.
1360 1597 1714 1665 171—177.
1747 1604 1821 1645 ea
1860 1579 1924 1646 h.
1958 1579 2002 1644 l.
2031 1580 2238 1646 brevi-

551 1680 694 1745 tatis
721 1678 930 1745 studio
956 1676 1227 1770 plurima
1253 1682 1510 1757 omitto;
1558 1683 1857 1749 nonnulla
1896 1683 2082 1749 etiam
2119 1684 2233 1749 ad·

549 1805 776 1871 ponam
822 1781 907 1847 ad
953 1784 1120 1847 Enn.
1169 1784 1308 1849 III.
1356 1783 1467 1849 lib.
1502 1803 1563 1850 2.
1604 1809 1745 1876 cap.
1771 1802 1840 1872 5.
1881 1810 1943 1876 p.
1978 1807 2117 1874 259.
2153 1789 2233 1853 C.

554 1887 702 1951 Hoc
726 1883 868 1951 loco
896 1884 1179 1965 sufficiat,
1211 1901 1274 1951 et
1299 1887 1535 1953 fontem
1571 1889 1869 1955 doctrinae
1910 1889 2233 1972 indicasse,

551 2003 615 2055 et
644 1987 878 2054 Plotini
909 1989 1273 2054 sententiam
1303 1989 1656 2057 declarasse.
1705 1992 1850 2058 vid.
1877 1992 2072 2082 igitur
2095 1992 2237 2059 Pla.

554 2090 717 2156 tonis
747 2091 1022 2179 Sophist.
1051 2115 1120 2180 p.
1156 2094 1297 2158 228.
1332 2094 1410 2157 B.
1441 2117 1510 2182 p.
1542 2114 1680 2179 150.
1717 2094 1920 2161 Bekk.
1965 2096 2232 2163 Aristot.

557 2193 846 2282 Metaph.
896 2195 995 2260 II.
1025 2215 1092 2281 3.
1159 2197 1360 2261 Varro
1408 2220 1510 2284 ap.
1564 2197 1698 2263 Cic.
1750 2199 1990 2264 Acadd.
2040 2201 2099 2264 I.
2128 2219 2233 2280 40.

552 2296 702 2384 ibiq.
735 2296 954 2362 Davis.
1004 2297 1327 2364 Plutarch.
1358 2299 1439 2365 de
1468 2300 1762 2389 Repugn.
1794 2301 2140 2368 Stoicorum
2169 2325 2232 2390 p.

557 2416 743 2486 1054.
773 2400 862 2465 A.
894 2423 961 2488 p.
995 2416 1136 2488 295.
1183 2404 1399 2491 wytt.
1429 2403 1527 2471 ed.
1563 2407 1767 2470 Oxon.
1793 2404 1943 2469 min.
1976 2405 2237 2471 Proclus

552 2501 617 2568 in
649 2502 893 2568 Platon.
927 2502 1137 2570 Alcib.
1173 2507 1236 2571 Ι.
1264 2528 1328 2594 p.
1363 2507 1511 2593 326.
1544 2530 1678 2596 sqq.
1714 2506 1812 2572 ed.
1847 2522 2039 2572 nostr.
2072 2509 2238 2574 Her-

553 2604 797 2670 miasin
829 2605 1071 2672 Phaedr.
1103 2630 1165 2694 p.
1195 2609 1298 2672 88.
1353 2608 1641 2675 Plotinus
1681 2609 1817 2676 loco
1859 2610 2048 2676 modo
2096 2611 2234 2677 lau-

553 2707 704 2774 dato
729 2723 885 2797 etp.
919 2710 1063 2775 216.
1101 2712 1179 2776 C.
1223 2735 1286 2799 p.
1323 2713 1469 2777 260.
1498 2712 1574 2777 A.
1596 2714 1672 2778 B.
1717 2736 1781 2801 p.
1814 2715 1965 2800 556.
1999 2714 2232 2781 Β-Ῑ).

550 2834 618 2900 p.
650 2828 797 2898 719.
832 2813 1002 2903 (cap.
1042 2813 1177 2900 28)
1208 2817 1295 2879 Α
1321 2817 1400 2879 B.
1431 2828 1494 2880 et
1521 2839 1585 2904 p.
1619 2830 1765 2901 757.
1799 2819 1872 2882 C.
1939 2817 2238 2905 Syrianus

551 2928 763 2980 autem
789 2914 879 2980 ita
915 2915 1023 2981 fol.
1059 2917 1119 2981 6.
1153 2916 1252 2982 ed.
1283 2918 1501 2983 Venet.
1532 2919 1717 3005 1558.
1744 2919 1810 2983 in
1853 2918 2061 2985 locum
2089 2920 2237 2986 Ari-

554 3016 786 3083 stotelis
830 3016 1196 3084 laudatum.
1267 3020 1622 3086 “Dicimus
1679 3021 1955 3110 quidem,
2005 3023 2233 3111 inquit,

553 3120 832 3209 turpium
873 3135 937 3187 et
962 3121 1467 3211 imperfectorum
1505 3138 1569 3190 et
1595 3125 1898 3190 malorum
1942 3149 2067 3191 non
2107 3149 2238 3192 om-

552 3223 701 3289 nino
726 3247 859 3290 esse
886 3223 1073 3290 ideas.
1164 3228 1331 3291 Nam
1374 3250 1488 3317 per
1527 3251 1833 3297 recessum
1876 3228 2011 3294 hoec
2048 3229 2114 3295 in
2143 3229 2237 3294 ul-

553 3327 718 3396 timis
758 3342 1003 3395 naturae
1045 3330 1413 3410 subsistunt,
1445 3355 1520 3397 eo
1560 3332 1807 3413 scilicet,
1837 3333 2008 3421 quod
2048 3333 2239 3421 parti-

552 3431 776 3496 cularis
799 3431 1005 3497 anima
1031 3432 1351 3499 imbecillis
1378 3435 1478 3516 sit,
1503 3434 1653 3523 quia
1673 3459 1797 3501 non
1819 3450 2072 3524 superat
2094 3435 2238 3501 sub-

542 3534 781 3622 jectum
825 3534 1248 3601 infinitatem.”
1335 3539 1495 3604 Haec
1547 3539 1865 3627 Syrianus.
1944 3538 2235 3604 Indidem

552 3635 753 3703 lucem
795 3636 970 3703 haud
999 3638 1371 3706 mediocrem
1399 3641 1621 3730 accipit
1651 3640 1884 3708 Plotini
1912 3641 2235 3721 sententia,

553 3763 699 3828 quae
727 3739 849 3807 hoc
876 3742 1054 3828 ponit
1082 3756 1155 3807 ut
1182 3741 1539 3809 deformitas
1581 3767 1910 3833 corporum
1945 3767 2071 3810 non
2099 3767 2238 3810 uas-

554 3857 732 3909 catur
756 3866 835 3908 ex
862 3843 1007 3909 idea
1031 3844 1304 3932 quadam
1341 3845 1772 3929 deformitatis,
1802 3847 1910 3913 sed
1940 3870 2018 3912 ex
2045 3847 2238 3913 imbe-

554 3944 805 4012 cillitate
853 3947 1128 4013 materiae
1172 3971 1298 4013 non
1348 3949 1621 4038 recipere
1666 3950 1928 4016 valentis
1972 3950 2236 4016 formam

556 4071 819 4139 superne
847 4051 929 4117 ab
956 4053 1162 4117 anima
1189 4068 1522 4143 menteque
1547 4069 1896 4138 mapantem
1927 4070 1990 4120 et
2015 4077 2233 4145 corpo·

555 4147 729 4216 ribus
752 4150 1250 4238 imprimendam.

642 4288 730 4303 —
752 4273 849 4335 14.
879 4252 1166 4343 Ἷὸρυται]
1229 4258 1330 4321 De
1385 4257 1578 4322 verbo
1649 4258 1892 4339 ἵδρυται,
1949 4258 2238 4339 ἐνίδρυται

554 4369 619 4420 et
661 4353 983 4435 similibus,
1012 4381 1159 4445 quoe
1200 4359 1265 4423 in
1311 4359 1775 4425 Platonicorum
1821 4360 2238 4427 monumentis

552 4455 1065 4547 philosophorum
1094 4461 1363 4526 maxime
1385 4462 1880 4551 frequentantur,
1902 4462 2028 4527 vid.
2055 4464 2239 4528 Wes-

550 4557 771 4649 seling.
797 4559 883 4625 ad
911 4561 1175 4628 Diodor.
1209 4564 1344 4629 XI.
1375 4585 1480 4651 49.
1528 4565 1861 4653 Wyttenb.
1891 4563 1974 4629 ad
1999 4562 2236 4630 Juliani

551 4662 733 4728 Orat.
781 4662 842 4728 1.
886 4686 953 4752 p.
991 4686 1133 4752 193.
1188 4666 1368 4756 Lips.
1410 4666 1572 4732 adde
1622 4667 1823 4732 Procl.
1874 4666 1939 4731 in
1986 4666 2233 4732 Platon.

552 4764 724 4830 Tim.
755 4787 824 4854 p.
856 4783 958 4853 75.
993 4768 1102 4834 11111
1131 4771 1370 4859 corrige
1400 4771 1767 4854 ἐνιδρύσασα.
1814 4769 1993 4834 Idem
2023 4769 2087 4833 in
2116 4768 2238 4834 Al-

546 4868 669 4935 cib.
702 4868 766 4934 I.
796 4893 862 4959 p.
895 4890 1003 4957 43.
1049 4895 1235 4960 saepe,
1279 4889 1344 4939 et
1376 4873 1443 4938 in
1483 4874 1646 4938 Iust.
1678 4896 1730 4937 c.
1767 4890 1870 4957 27.
1897 4895 1960 4961 p.
1990 4888 2101 4958 52.
2130 4871 2234 4938 ed.

545 4985 742 5037 nostr.
773 4988 838 5038 et
863 4996 1004 5061 cap.
1031 4993 1170 5061 170.
1202 4999 1263 5064 p.
1293 4995 1437 5064 252.
1454 4975 1724 5064 denique
1749 4974 2011 5063 Dionys.
2037 4977 2240 5041 Areo-

543 5096 695 5163 pag.
726 5073 809 5140 de
835 5075 1052 5141 Divin.
1082 5077 1380 5144 nominib.
1408 5080 1524 5144 IV.
1549 5098 1648 5145 12.
1694 5076 1927 5144 Plotin.
1957 5079 2074 5144 IV.
2096 5095 2156 5162 7.
2174 5100 2233 5161 4,

544 5176 729 5244 Hinc
755 5177 942 5244 etiam
974 5182 1195 5264 ἵδρυσις
1227 5183 1371 5248 111.
1400 5202 1466 5270 5.
1498 5201 1563 5250 2.
1596 5183 1711 5247 VI.
1740 5203 1803 5264 4.
1837 5182 1893 5245 8.
1927 5181 2042 5246 VI.
2075 5202 2139 5267 9.
2173 5184 2236 5248 6.

542 5293 612 5346 et
642 5282 901 5364 ἱδρύσεις
921 5282 1082 5348 VII.
1101 5301 1177 5370 7.
1194 5287 1302 5371 36.

633 5385 839 5450 -16.
865 5386 926 5454 ἐς
955 5387 1104 5453 ὅλον
1132 5390 1334 5454 δίδωσι
1361 5386 1429 5453 τὸ
1452 5386 1618 5474 αὐτὸ]
1643 5390 1730 5455 Se
1754 5389 1961 5476 ipsam
1986 5395 2048 5451 et
2073 5385 2238 5451 idem

542 5486 756 5553 tradit
781 5488 856 5552 in
882 5495 1099 5555 totum.
1130 5491 1263 5557 Fic.
1328 5490 1588 5581 Legisse
1614 5513 1758 5557 eum
1796 5489 1965 5555 dicas
2005 5488 2070 5553 in
2111 5488 2238 5555 suis

540 5584 732 5652 libris
766 5586 945 5653 ἑαυτὸ
992 5589 1084 5654 καὶ
1116 5590 1185 5655 τὸ
1218 5591 1384 5658 αὐτό.
1474 5592 1701 5680 Neque
1727 5604 1933 5657 tamen
1964 5589 2234 5657 Medicei

3913 603 3997 670 43

2323 757 2530 824 Codd.
2561 781 2673 823 1100
2714 756 2938 845 reliqui
2981 757 3424 845 suffragantur.
3515 755 3637 822 Sed
3669 770 3873 820 tamen
3908 769 4002 820 at-

2320 860 2633 926 tendenda
2660 884 2734 925 ea
2758 859 2940 926 lectio
2967 873 3083 939 est,
3113 874 3176 925 et
3204 859 3290 924 sic
3319 858 3717 947 explicanda:
3755 857 4000 946 Species

2320 986 2386 1030 se
2409 963 2609 1053 ipsam
2636 977 2701 1029 et
2725 986 2925 1028 unum
2958 964 3054 1047 (τὸ
3085 963 3185 1048 ἓν)
3217 960 3410 1028 tradit
3436 961 3501 1027 in
3531 974 3757 1027 totum.

2402 1090 2469 1155 p.
2500 1086 2643 1142 102,
2671 1087 2733 1153 3.
2779 1066 2892 1132 ὑπὸ
2935 1066 3142 1154 θείων]
3175 1072 3222 1105 “
3248 1064 3350 1130 810
3376 1063 3478 1129 ed.
3505 1065 3649 1130 Bas.
3715 1062 3840 1129 Sed
3882 1063 3997 1128 ἀπὸ

2320 1171 2480 1235 θείου
2507 1169 2668 1235 cod.
2700 1171 2876 1235 Voss.
2906 1182 3092 1234 recte.
3162 1167 3483 1256 Significat
3509 1173 3673 1233 θεῖον
3700 1168 3889 1250 λόγον
3917 1190 3998 1232 80.

2317 1273 2423 1338 τὸν
2452 1275 2519 1338 ἑν
2547 1277 2628 1360 τῷ
2658 1274 2780 1360 ὅλῳ
2808 1274 2970 1338 θεόν.
3015 1270 3155 1337 Vid.
3176 1270 3339 1336 Bibl.
3363 1271 3520 1336 Crit.
3546 1271 3623 1336 P.
3644 1271 3779 1334 IX.
3804 1292 3870 1358 p.
3891 1288 3998 1339 20,

2319 1377 2558 1441 Annot.
2613 1374 2697 1440 ad
2739 1375 3045 1441 Phaedon.
3083 1398 3151 1463 p.
3183 1374 3330 1440 228.
3364 1373 3541 1462 (1biq.
3587 1371 3891 1438 Heraclit.
3938 1386 4003 1437 et

2321 1477 2451 1543 Cic.
2482 1478 2563 1544 de
2590 1480 2673 1543 N.
2702 1479 2787 1543 D.
2821 1479 2881 1542 I.
2907 1480 3064 1563 15.).
3133 1479 3363 1543 Sensus
3390 1491 3517 1542 est:
3540 1477 3842 1565 palm-um
3866 1498 4000 1541 cor-

2311 1583 2539 1669 pwfit
2563 1583 2985 1647 communione
3012 1582 3280 1646 rat-ionis
3310 1602 3353 1644 α
3379 1580 3597 1646 div-ino
3616 1581 3874 1644 numine
3901 1600 4002 1644 ve·

2317 1686 2611 1750 aientis?
2640 1685 2726 1750 D.
2754 1687 2847 1749 W.
2919 1684 3021 1749 De
3069 1682 3206 1748 loco
3245 1682 3524 1748 Platonis
3575 1682 3641 1747 in
3682 1681 4000 1747 Phaedone

2318 1784 2504 1875 plura
2529 1787 2743 1852 monui
2770 1787 2835 1852 in
2864 1785 3068 1875 pecul.
3099 1786 3246 1852 edit.
3279 1809 3342 1874 p.
3373 1803 3514 1873 179.
3576 1787 3687 1851 Tu
3730 1785 3812 1851 cf.
3843 1808 4003 1874 11110-

2321 1903 2488 1955 terea
2531 1889 2892 1956 Parmenid.
2937 1913 3001 1978 p.
3046 1909 3188 1976 134.
3229 1891 3307 1955 C.
3341 1891 3626 1954 Juncum
3667 1911 3770 1977 ap.
3820 1887 3995 1953 Stob.

2324 1994 2520 2058 Serm.
2541 1993 2676 2059 Tit.
2709 2008 2848 2080 115.
2877 2016 2943 2082 p.
2973 1992 3124 2078 588.
3152 2016 3220 2081 p.
3239 2011 3392 2075 424.
3424 1990 3739 2059 Gaisford.
3772 2005 3837 2056 et
3865 1990 4003 2056 Plo-

2322 2095 2430 2161 tin.
2476 2096 2683 2185 ipsum
2728 2118 2899 2185 supr.
2930 2119 2993 2184 p.
3023 2112 3132 2181 52.
3163 2098 3250 2161 Α.
3283 2118 3349 2184 Ρ.
3378 2096 3530 2181 566.
3561 2096 3634 2160 C.
3658 2107 3722 2159 et
3749 2112 3814 2183 p.
3849 2112 3995 2179 714.

2404 2321 2571 2383 —4.
2600 2300 2637 2382 ἢ
2668 2301 2756 2367 ἐπ’
2784 2301 2926 2366 αὐτὸ
2956 2302 3081 2366 ὀῦν.
3104 2299 3457 2385 τεταγμένη]
3481 2298 3704 2388 Polyb.
3718 2300 3797 2364 V.
3817 2301 3996 2385 63.4.

2321 2405 2380 2468 οἶ
2408 2405 2701 2469 ἐπὶτοῦτο
2730 2404 2798 2469 τὸ
2825 2402 3002 2487 μέρος
3020 2403 3354 2487 ταχθέντες.
3404 2401 3584 2467 Idem
3614 2423 3758 2466 cum
3787 2400 3999 2467 dativo

2311 2506 2544 2595 jungit.
2593 2506 2736 2572 vid.
2772 2508 2934 2571 Lex.
2965 2504 3192 2594 Polyb.
3222 2528 3284 2594 p.
3316 2506 3462 2590 613.

2405 2608 2494 2674 ib.
2526 2610 2598 2689 ἧς
2646 2610 2817 2674 οὐδὲν
2868 2608 3498 2696 κυριότερον-ῆρνχή]
3544 2615 3588 2647 “
3614 2604 3814 2672 Ficin.
3845 2606 4001 2688 alia,

2320 2723 2495 2776 verte
2522 2713 2789 2800 reliqua.
2860 2711 2961 2778 Sic
2987 2710 3284 2776 differunt
3308 2711 3469 2775 ἄλλα
3494 2710 3627 2774 alia
3654 2724 3718 2775 et
3736 2713 3813 2775 τὸ
3840 2711 4001 2775 ἄλλα

2321 2815 2585 2904 reliqna.
2631 2816 2927 2881 Annotat.
2958 2813 3041 2879 ad
3073 2812 3292 2879 Select.
3327 2811 3657 2878 Historicc.
3690 2811 3993 2901 principp.

2321 2940 2384 3005 p.
2415 2937 2564 3005 342.
2635 2916 3035 2983 Contrarium
3087 2932 3181 2983 est
3220 2916 3285 2980 in
3330 2938 3539 2981 amore
3577 2915 3648 2980 οὗ
3695 2914 3858 2995 πάσῃ
3904 2920 4012 2997 δε·-

2321 3019 2583 3104 ὃογμένα
2611 3025 2680 3101 τῇ
2702 3021 2930 3106 διανοίᾳ
2948 3020 3226 3103 πράττειν
3249 3042 3354 3107 ap.
3373 3017 3623 3084 Platon.
3640 3017 3706 3082 in
3729 3017 4002 3083 Phaedro

2320 3146 2385 3211 p.
2439 3143 2590 3210 349.
2635 3125 2720 3188 A.
2773 3121 2870 3210 [p.
2922 3125 3069 3208 256.
3117 3123 3192 3187 C.
3250 3121 3498 3212 Steph.]
3555 3120 3722 3186 unde
3782 3123 4001 3208 Synes.

2321 3227 2549 3314 Regno
2590 3250 2653 3315 p.
2682 3245 2782 3290 10.
2816 3227 2893 3291 C.
2916 3227 3001 3291 D.
3049 3227 3177 3314 Ep.
3209 3242 3314 3311 57.
3361 3249 3428 3315 p.
3463 3242 3607 3290 200.
3642 3225 3756 3289 C.”
3785 3225 3876 3288 D.
3904 3226 3998 3289 W.

2324 3331 2434 3395 Tu
2473 3329 2556 3395 cf.
2595 3328 2971 3416 Krabingeri
3011 3343 3218 3394 annot.
3264 3327 3344 3392 ad
3394 3327 3634 3415 Synesii
3676 3328 3881 3393 locum
3921 3326 4004 3393 de

2322 3434 2550 3521 Regno
2577 3455 2642 3521 p.
2679 3434 2821 3498 206.
2889 3434 2993 3497 De
3026 3431 3233 3497 anima
3269 3446 3477 3496 autem
3508 3454 3649 3496 vere
3681 3428 4003 3517 judicante

2320 3534 2451 3600 vid.
2500 3535 2746 3600 Platon.
2797 3536 2998 3623 Gorg.
3040 3559 3104 3623 p.
3133 3535 3285 3620 465.
3324 3533 3473 3621 ibiq.
3521 3531 3728 3599 Schol.
3769 3555 3831 3620 p.
3858 3548 4001 3616 107.

2322 3637 2589 3704 Ruhnk.
2617 3654 2681 3704 et
2708 3639 2791 3704 cf.
2820 3636 3117 3704 Valcken.
3150 3637 3354 3702 Diatr.
3386 3635 3611 3724 Eurip.
3643 3658 3708 3722 p.
3735 3653 3875 3717 244.
3909 3658 4000 3723 sq.

2405 3779 2494 3793 —
2516 3744 2579 3807 6.
2608 3741 2764 3826 τάχα
2806 3743 2871 3806 δὲ
2915 3742 3010 3805 καὶ
3052 3742 3194 3821 αὕτη
3232 3739 3484 3826 λέγει]’
3491 3740 3598 3803 F
3592 3747 3827 3804 tnta-986
3855 3759 4001 3802 vero

2320 3854 2382 3910 et
2419 3847 2567 3933 ipsa
2595 3846 3015 3933 pronuntiat.-
3062 3842 3229 3908 Duae
3272 3855 3418 3907 sunt
3444 3841 3563 3907 vioe
3595 3839 4000 3930 cognoscendi

2321 3946 2558 4036 Ρ111011.
2604 3945 2799 4012 altera
2826 3945 3032 4011 subita
3060 3966 3186 4034 per
3208 3947 3420 4033 ipsum
3454 3966 3704 4011 semum
3733 3944 3997 4033 pulcri,-

2319 4052 2359 4132 ἡ
2387 4050 2475 4116 ἐπ’
2507 4050 2663 4137 αὐτῷ
2692 4051 2931 4129 δύναμις
2958 4046 3320 4132 τεταγμένη.
3368 4047 3560 4113 altera
3601 4045 3821 4111 sensim
3859 4069 4003 4134 pro-

2321 4152 2545 4220 cedens
2592 4174 2707 4239 per
2744 4149 3057 4238 judicium
3105 4166 3169 4216 et
3210 4150 3727 4239 comparationem
3768 4148 4003 4237 pulcrae

2320 4255 2586 4343 alicujus
2611 4253 2702 4320 rei
2731 4268 3004 4320 externae
3024 4275 3166 4320 cum
3195 4253 3441 4319 interno
3466 4251 3752 4342 exemplo
3776 4250 4004 4340 pulcri-

2322 4358 2613 4426 tudinis.''
2641 4358 2733 4423 D.
2762 4359 2857 4421 W.

2405 4496 2496 4512 —
2517 4479 2576 4545 7.
2609 4462 2809 4544 ὥσπερ
2854 4461 3057 4525 κανόνι
3096 4464 3202 4524 τοῦ
3244 4458 3469 4546 εὐθέος]
3524 4459 3625 4524 Cf.
3669 4456 3898 4523 Plotin.
3931 4480 3997 4545 p.

2319 4568 2471 4645 416.
2499 4564 2589 4629 D.
2620 4563 2733 4628 ubi
2760 4563 2849 4628 ita
2872 4560 3242 4651 legendum:
3290 4565 3324 4627 ὁ
3363 4565 3478 4646 γὰρ
3522 4562 3714 4627 κανὼν
3753 4561 3821 4625 τὸ
3867 4559 4005 4626 εὐθὺ

2319 4667 2388 4732 τὸ
2418 4669 2486 4733 ἐν
2515 4670 2584 4748 τῇ
2613 4670 2785 4751 ψυχῇ
2816 4668 2912 4731 καὶ
2947 4666 3016 4730 τὸ
3053 4668 3120 4730 έν
3146 4669 3227 4753 τῷ
3274 4668 3429 4752 ξύλῳ
3467 4664 3892 4749 συναψάμενος
3936 4664 4004 4727 ἐν

2320 4773 2400 4857 τῷ
2428 4768 2648 4851 μεταξὺ
2673 4770 2880 4848 τεθεὶς,
2910 4769 2979 4834 τὸ
3008 4770 3226 4851 κρίνειν
3254 4772 3334 4855 τῷ
3355 4770 3593 4853 τεχνίτῃ
3620 4767 3689 4832 τὸ
3716 4764 4004 4851 τεχνητὸν

2322 4872 2561 4938 ἔδωκεν.

2406 5012 2495 5026 -
2514 4976 2573 5040 8.
2604 4975 2713 5055 τὴν
2743 4974 2853 5055 ἔξω
2882 4975 3073 5039 οἰκίαν
3100 4977 3180 5061 τῷ
3212 4973 3384 5039 ἔνδον
3405 4975 3589 5041 οἰκίας
3617 4974 3759 5037 εἴδει
3786 4974 3821 5036 ὅ
3848 4974 4002 5037 οἷκο-

2324 5078 2558 5159 δομικὸς
2586 5078 2985 5163 συναρμόσας]
3021 5077 3296 5165 Egregie
3337 5074 3643 5140 falluntur
3673 5075 4001 5140 Gramma—

2324 5180 2449 5259 tici,
2479 5180 2592 5270 qui
2633 5179 2990 5261 οἶκοὸομικὸς
3019 5177 3240 5244 Atticis
3266 5177 3650 5244 vindicatum
3682 5190 3867 5243 eunt:
3914 5178 3996 5240 ol·

2325 5285 2570 5364 κοδόμος
2617 5281 2832 5347 iisdem
2877 5280 3160 5369 ignotum
3206 5281 3629 5368 pronuntiant.
3720 5280 3831 5344 Tu
3870 5276 3999 5342 vid.

2323 5384 2733 5472 Oudendorp.
2782 5383 2863 5448 ad
2896 5383 3127 5449 Thom.
3167 5383 3457 5471 Magistr.
3499 5406 3565 5472 p.
3598 5384 3743 5467 645.
3776 5394 3841 5446 et
3867 5380 4001 5445 Lo·-

2317 5486 2519 5552 beckii
2548 5489 2826 5575 Parerga
2851 5509 2914 5575 p.
2941 5487 3094 5570 487.
3125 5509 3262 5574 sqq.
3307 5485 3417 5551 Ad
3441 5482 3802 5551 sententiam
3828 5482 4003 5571 quod

2318 5589 2540 5751 attingt
2586 5589 2718 5657 vid.
2773 5588 3036 5655 Aristot.
3098 5589 3456 5677 Metaphys.
3512 5586 3609 5652 II.
3654 5605 3719 5669 4.
3769 5608 3835 5675 Ρ.
3887 5606 3998 5670 41.

2380 5698 2435 5751 G
