5118 6613
995 563 1122 626 402

1071 741 1136 806 p.
1156 716 1342 801 1361,
1362 731 1458 777 11.
1484 712 1733 775 πολλῶν
1758 708 1928 788 μὲνὴ
1956 709 2104 791 τύχη
2135 708 2321 790 κυρία,
2347 712 2453 772 νοῦ
2476 708 2700 773 δέ-οὗ

1003 820 1192 903 κυρία]
1248 818 1412 881 Sunt
1440 812 1666 880 similes
1693 810 2013 875 sententias
2041 810 2105 875 in
2135 825 2414 875 veterum
2446 810 2702 897 scripto-

1003 944 1142 986 rum
1174 915 1587 993 monimentis,
1616 915 1679 979 in
1723 913 1822 979 his
1857 914 2066 993 etiam,
2097 936 2243 1001 quae
2271 913 2542 979 fortunae
2572 912 2699 976 vim

1001 1024 1092 1088 ita
1119 1020 1481 1110 praedicant,
1512 1032 1587 1082 ut
1614 1018 1798 1082 etiam
1828 1017 1891 1081 in
1923 1017 2292 1082 contrariam
2329 1015 2699 1081 sententiam

1000 1125 1428 1190 deflectantur.
1468 1120 1609 1186 Vid.
1633 1119 1942 1186 Herodot.
1967 1121 2023 1185 Ι.
2040 1139 2146 1203 32.
2197 1118 2380 1183 Plato
2397 1117 2477 1183 de
2497 1119 2699 1204 Legg.

1005 1229 1122 1294 IV.
1148 1245 1293 1312 709.
1323 1251 1389 1316 p.
1410 1246 1558 1311 340.
1593 1224 1829 1290 Bekk.:
1864 1225 1932 1289 τὸ
1963 1222 2180 1304 θνητὸν
2205 1223 2318 1302 μὲν
2344 1219 2570 1301 μηδένα
2600 1245 2698 1283 νο-

999 1336 1272 1412 μοθετεῖν
1313 1332 1515 1410 μηδὲν,
1562 1331 1745 1411 τύχας
1789 1326 1837 1391 δ’
1880 1327 2033 1392 εἶναι
2082 1325 2306 1410 σχεδὸν
2352 1325 2585 1389 ἅπαντα
2628 1325 2701 1385 τᾶ

884 1479 890 1485 -
1002 1436 1340 1517 ἀνθρώπινα
1368 1437 1796 1514 διακυβερνῶσι
1822 1429 2157 1513 πράγματα.
2205 1428 2576 1493 Cboeremon
2603 1423 2701 1489 vel

999 1536 1158 1601 alius
1199 1543 1387 1624 poeta
1427 1557 1531 1621 ap.
1565 1533 1884 1598 Plutarch.
1918 1532 1998 1597 de
2027 1533 2314 1596 Fortuna
2356 1555 2421 1619 p.
2454 1550 2557 1615 97.
2595 1532 2648 1595 C
2678 1554 2693 1593 ε

1000 1642 1150 1724 τύχη
1195 1643 1270 1703 τὰ
1316 1644 1543 1718 θνητῶν
1584 1635 1898 1719 πράγματ’,
1929 1636 2034 1699 οὗκ
2081 1635 2387 1714 εὐβουλία.
2481 1633 2696 1698 Theo-

999 1743 1293 1833 phrastus
1321 1740 1493 1828 apud
1518 1740 1801 1804 Ciceron.
1829 1736 2118 1803 Tuscull.
2141 1739 2219 1802 V.
2245 1757 2305 1820 9.
2337 1759 2414 1801 ex
2448 1745 2666 1824 poeta:

1239 1847 1440 1905 Vitam
1467 1845 1618 1923 regit
1643 1844 1896 1911 fortuna,
1925 1864 2046 1903 non
2073 1844 2376 1921 sapientia.

1000 1951 1197 2016 Plura
1222 1949 1286 2012 in
1316 1970 1449 2013 eam
1490 1970 1619 2011 rem
1651 1946 2032 2034 collegerunt
2065 1946 2361 2011 Davisius
2402 1943 2481 2010 ad
2516 1946 2694 2011 Cice·

997 2076 1212 2119 ronem
1257 2051 1299 2116 l.
1330 2051 1374 2116 l.
1434 2052 1718 2138 Lennep.
1749 2051 1829 2114 ad
1864 2049 2177 2116 Phalarid.
2208 2050 2417 2138 Epist.
2449 2051 2584 2115 LV.
2631 2075 2694 2139 p.

1003 2160 1147 2224 182.
1178 2171 1241 2220 et
1271 2153 1726 2241 Wyttenbach.
1760 2153 1840 2217 ad
1875 2152 2192 2219 Plutarch.
2222 2156 2360 2237 περὶ
2385 2157 2587 2238 Τύχης
2627 2179 2695 2243 p.

998 2263 1148 2347 665.
1242 2262 1403 2325 Mox
1441 2258 1626 2322 verba
1658 2255 1923 2321 Plotini:
1974 2260 2028 2321 εῑ
2055 2259 2161 2322 οὖν
2188 2260 2373 2338 μηδὲν
2399 2258 2514 2340 πρὸ
2546 2260 2695 2323 ἐκεί-

998 2391 1102 2430 νου
1134 2393 1185 2430 κ.
1207 2389 1260 2429 τ.
1280 2371 1344 2429 λ.
1383 2362 1445 2426 in
1488 2359 1846 2425 collectione
1887 2359 2276 2425 decretorum
2311 2358 2694 2424 Plotiniano-

996 2491 1137 2533 rum
1166 2465 1452 2532 exhibuit
1486 2462 1789 2529 Brucker.
1822 2462 1884 2527 in
1918 2463 2092 2529 Hist.
2128 2461 2290 2528 Crit.
2324 2461 2558 2528 Philos.
2597 2464 2693 2527 ΙΙ.

1047 2569 1244 2656 .398.

997 2594 1043 2658 p
1081 2695 1143 2759 p.
1177 2672 1360 2757 1363,
1380 2691 1442 2752 4.
1473 2670 1714 2751 ζήτησιν
1742 2671 1985 2734 ἅπασαν
2012 2669 2128 2754 χρὴ
2159 2672 2414 2750 νομίζειν
2444 2696 2496 2732 κ.
2519 2694 2573 2733 τ.
2595 2667 2693 2755 λ.]

997 2772 1224 2838 Paullo
1240 2772 1418 2837 aliter
1436 2771 1804 2838 Aristoteles
1826 2772 2114 2860 Analytt.
2138 2787 2364 2860 poster.
2387 2773 2443 2836 1.
2463 2794 2525 2858 p.
2550 2790 2693 2851 244.

1000 2876 1175 2966 Sylb.
1199 2901 1213 2939 z
1263 2879 1337 2940 τὰ
1358 2875 1680 2957 ζητούμενα
1709 2878 1876 2939 ἐστιν
1902 2875 2011 2939 ἶσα
2038 2876 2145 2939 τὸν
2174 2874 2440 2956 ἀριθμὸν,
2465 2876 2696 2955 ὅσαπερ

997 2977 1380 3058 ἐπιστάμεθα.
1426 2982 1708 3058 ζητοῦμεν
1752 2980 1816 3041 δὲ
1860 2977 2129 3060 τέτταρα,
2163 2978 2231 3041 τὸ
2276 2980 2385 3051 ὅτι,
2416 2976 2482 3040 τὸ
2527 2978 2694 3050 διότι,

997 3085 1051 3146 εἰ
1099 3081 1249 3154 ἔστι,
1289 3082 1351 3144 τί
1391 3082 1574 3144 ἐστιν.
1666 3080 1779 3144 Ad
1823 3103 2011 3167 quem
2056 3078 2257 3144 locum
2309 3078 2538 3142 adhibe
2582 3080 2691 3143 Jo.

997 3185 1350 3249 Grammat.
1397 3184 1821 3247 Commentar.
1865 3182 1977 3247 fol.
2011 3199 2118 3267 75.
2162 3206 2322 3247 vers.
2367 3182 2449 3246 cf.
2499 3180 2691 3248 Alex.

996 3284 1343 3375 Aphrodis.
1387 3284 1453 3350 in
1497 3284 1788 3374 Analytt.
1834 3285 2055 3374 priorr.
2093 3286 2150 3351 Ι.
2196 3309 2251 3351 c.
2287 3302 2391 3370 27.
2423 3300 2487 3351 et
2517 3286 2692 3351 The-

994 3388 1158 3454 mist.
1190 3388 1253 3452 in
1287 3388 1552 3453 Posterr.
1586 3390 1689 3453 11.
1723 3410 1778 3455 1.

1064 3517 1128 3581 p.
1147 3495 1333 3579 1365,
1353 3495 1417 3558 6.
1451 3493 1764 3581 αὐτουσία]
1793 3491 2242 3579 Consignatum
2272 3507 2367 3557 est
2386 3492 2450 3557 in
2477 3492 2692 3580 Steph.

997 3596 1190 3660 Thes.
1225 3594 1494 3660 Londin.
1525 3619 1604 3660 ex
1634 3595 2017 3683 Epiphanio.
2066 3595 2190 3660 Cui
2218 3596 2382 3662 adde
2409 3596 2580 3662 hunc
2609 3596 2696 3661 lo-

994 3723 1163 3779 cum,
1193 3715 1257 3764 et
1284 3699 1539 3765 omnino
1564 3699 1728 3764 adde
1759 3698 1991 3764 Lexioo
2023 3698 2378 3764 Schneider.
2411 3699 2686 3787 aliisque.

1062 3841 1153 3854 —
1175 3822 1270 3889 13.
1301 3802 1389 3867 Τὸ
1412 3805 1477 3867 δὲ
1498 3802 1808 3883 πεποιηκὸς
1833 3804 2696 3886 ἐλεύθερον-ἐλευθεροποιὸν

995 3905 1573 3987 -εἵπερ-θεμιτὸν
1609 3904 1982 3987 φθέγγεσθαι
2002 3906 2051 3990 3]
2104 3909 2170 3970 Η
2176 3930 2264 3971 aec
2307 3908 2693 3995 deprecatio-

994 4008 1090 4072 nis
1145 4005 1416 4072 formula
1469 4005 1781 4093 duplicem
1840 4030 2087 4072 causam
2150 4008 2357 4087 habet,
2416 4011 2692 4098 primum

995 4108 1289 4196 quoniam
1339 4108 1419 4171 de
1472 4108 1676 4196 primo
1730 4110 2034 4198 principio
2078 4111 2206 4177 sive
2260 4136 2504 4177 summo
2549 4116 2693 4179 Nu-

994 4212 1161 4279 mine
1188 4211 1489 4299 loquitur‚
1520 4211 1746 4276 deinde
1773 4213 1943 4299 quod
1975 4214 2291 4280 servitutis
2318 4215 2691 4281 vocabulum

996 4341 1072 4383 ex
1104 4316 1381 4381 moribus
1411 4317 1705 4380 Veterum
1751 4315 1973 4381 auditu
2018 4315 2369 4397 molestum,
2400 4342 2480 4382 ne
2508 4319 2684 4406 igno·

993 4421 1323 4487 miniosum
1370 4420 1615 4493 dicam;
1661 4418 1833 4505 quod
1878 4419 2229 4508 philosophi
2272 4420 2355 4485 ad
2400 4421 2692 4486 Ethicam

996 4524 1356 4591 traducunt.
1447 4522 1777 4611 Epictetea
1823 4524 1921 4588 11.
1964 4544 2016 4588 1.
2066 4543 2189 4611 23:
2247 4527 2555 4607 ἐλευθερία
2599 4526 2696 4589 καὶ

995 4629 1256 4701 δουλεία,
1287 4628 1355 4691 τὸ
1397 4628 1511 4707 μὲν
1540 4627 1745 4708 ἀρετῆς
1787 4629 1978 4708 ὄνομα
2002 4628 2071 4692 τὸ
2100 4631 2165 4692 δὲ
2195 4631 2417 4696 κακίας.
2509 4627 2691 4692 Idem

998 4733 1114 4797 IV.
1147 4754 1199 4797 1.
1236 4732 1390 4815 176:
1440 4731 1633 4813 δόγμα
1670 4729 2169 4812 περιποιήσασθαι
2213 4730 2687 4812 ἑλευθεροποιόν.

993 4837 1087 4901 Et
1126 4836 1583 4916 ἐλευθεροῦσθαι
1626 4845 1818 4920 atque
1863 4835 2274 4916 ἐλευθεριότης,
2308 4835 2692 4912 manumitti,

991 4938 1436 5013 manumissor,
1466 4951 1560 5001 est
1601 4936 1776 5024 apud
1813 4936 2285 5002 Jureconsultos
2318 4937 2689 5024 (Theophil.

995 5043 1303 5110 Institutt.
1336 5040 1706 5129 Paraphras.
1744 5041 1803 5103 Ι.
1832 5062 1895 5120 4.
1930 5055 2030 5122 77.
2063 5038 2173 5104 ubi
2216 5039 2543 5104 additum:
2592 5045 2693 5120 τῆς

992 5147 1412 5213 δουλείας-ει
1457 5143 1512 5207 Ῑ.
1552 5164 1648 5228 19.
1679 5147 1859 5228 294.)
1907 5141 2151 5206 Similes
2196 5141 2532 5207 locutiones
2575 5143 2688 5207 ad-

988 5249 1204 5315 hibitae
1234 5246 1402 5311 Novi
1432 5243 1818 5310 Testamenti
1864 5244 2271 5332 scriptoribus
2298 5260 2362 5310 et
2392 5245 2690 5312 Ecclesioe

993 5351 1286 5418 Patribus
1333 5349 1413 5413 ad
1470 5348 1887 5414 Christianam
1939 5345 2285 5412 libertatem
2339 5347 2686 5434 significan·

990 5455 1158 5520 dam.
1205 5450 1782 5519 Vid.Valckenaerii
1815 5448 2043 5514 Scholl.
2078 5449 2142 5513 in
2168 5451 2231 5514 N
2238 5452 2426 5516 .T.I.
2452 5473 2516 5538 p.
2536 5472 2684 5536 520.

993 5554 1255 5645 Borgeri
1285 5555 1639 5619 Comment.
1668 5554 1733 5619 in
1767 5552 1974 5619 Galat.
2002 5554 2079 5617 V.
2112 5574 2165 5619 1.
2210 5576 2277 5641 p.
2303 5556 2452 5639 326.
2486 5578 2581 5641 sq.
2625 5571 2689 5621 et

1982 531 2826 601 ANNoTATmNEs
2874 533 2984 599 IN
3032 501 3467 598 PLo'T1N1

2788 705 3025 770 Suicer.
3060 704 3370 770 Thesaur.
3418 702 3660 769 Eccles.
3693 703 3752 770 I.
3796 728 3862 793 p.
3902 707 4297 775 1088.—De
4339 712 4483 779 Deo

2783 824 2992 873 autem
3022 807 3300 873 similiter
3319 808 3689 896 deprecatur
3713 807 3899 874 Plato
3923 809 3988 874 in
4017 810 4187 876 Tim.
4212 837 4278 901 p.
4303 833 4401 901 29.
4422 839 4481 882 a.

2784 935 2847 999 p.
2883 930 2985 990 24.
3020 910 3262 976 Belum
3312 914 3366 975 εῑ
3399 913 3483 985 δὲ,
3518 911 3552 974 δ
3589 909 3720 991 μηδ’
3753 914 3941 976 εἰπεῖν
3969 939 4086 978 τινι
4126 915 4308 996 θέμις,
4339 918 4485 1001 πρὸς

2785 1013 2853 1077 τὸ
2882 1013 3134 1096 γεγονὸς
3163 1014 3459 1095 (ἔβλεπεν
3487 1016 3521 1077 6
3550 1018 3947 1102 δημιουργός.)
4038 1018 4142 1083 Cf.
4177 1020 4480 1086 Nostrum

2786 1139 2924 1204 cap.
2955 1139 3082 1202 seq.
3116 1139 3178 1204 p.
3213 1116 3359 1200 748.
3387 1117 3485 1180 B:
3534 1122 3654 1182 Δεΐ
3688 1120 3755 1181 δὲ
3798 1128 4134 1204 συγχωρεῖν
4176 1131 4299 1194 τοῖς
4340 1128 4480 1191 ὀνό-

2784 1220 3060 1301 μασι-δ
3087 1220 3361 1304 ἀκριβείᾳ
3388 1221 3492 1284 οὐκ
3521 1222 3711 1300 ἐῶμεν
3739 1220 4048 1303 λέγεσθαι.

2872 1347 2938 1412 p.
2970 1326 3156 1410 1367,
3189 1340 3283 1405 17.
3318 1325 3455 1389 οὔτε
3482 1323 3591 1402 ἔξω
3621 1327 3723 1403 τῆς
3748 1324 4098 1405 βουλήσεως
4126 1328 4305 1393 αὐτοῦ
4331 1331 4368 1410 ἦ
4390 1331 4486 1395 οὗ-

2785 1429 2891 1492 σία
2922 1456 2975 1492 κ.
3002 1454 3054 1491 τ.
3081 1428 3170 1512 λ.]
3228 1428 3491 1490 Tractat
3530 1426 3664 1489 haec
3701 1440 3765 1489 et
3802 1425 3987 1512 plura
4015 1451 4050 1492 e
4079 1430 4485 1517 sequentibus

2786 1529 3152 1594 Cudworth.
3183 1530 3246 1593 in
3282 1531 3450 1617 Syst.
3485 1527 3698 1593 Intell.
3729 1552 3793 1617 p.
3824 1532 3974 1617 485.
4006 1534 4159 1612 486.
4187 1536 4336 1618 487.
4380 1535 4482 1600 ed.

2786 1633 3000 1698 Mosh.
3027 1655 3297 1719 quocum
3321 1632 3534 1696 confer
3553 1631 3857 1696 Bruckeri
3883 1633 4200 1723 disputata
4221 1638 4283 1702 in
4309 1639 4483 1704 Hist.

2783 1735 2941 1801 Crit.
2970 1734 3205 1799 Philos.
3229 1736 3327 1799 ΙΙ.
3361 1757 3419 1821 p.
3446 1736 3597 1819 398.
3628 1749 3692 1799 et
3713 1736 4127 1804 Tiedemanni
4157 1742 4219 1807 in
4253 1742 4477 1808 Libro:

2785 1839 2960 1903 Geist
2981 1839 3095 1902 der
3110 1838 3411 1926 speculati
3419 1861 3533 1902 ven
3552 1839 3950 1928 Philosophie
3970 1843 4113 1907 111.
4138 1867 4202 1930 p.
4219 1846 4367 1931 384.
4388 1868 4477 1933 sq.

2869 1963 2934 2027 p.
2966 1942 3150 2025 1368,
3185 1961 3281 2026 13.
3320 1940 3501 2004 Ἔστι
3527 1943 3973 2025 γὰρ-θέλησις
4014 1948 4193 2012 αὐτοῦ
4221 1950 4290 2014 οὗ
4318 1954 4479 2015 δεδε-

2786 2044 4022 2137 κασμένου-έπισπωμένου-έλομένου]
4079 2057 4123 2088 “
4156 2051 4275 2115 Est
4315 2050 4478 2115 enim

2784 2169 2852 2211 re
2896 2169 3042 2210 vera
3087 2146 3244 2210 Boni
3294 2162 3519 2211 natura
3564 2146 3888 2234 ipsiusmet
3933 2150 4241 2233 voluntas,
4287 2176 4481 2243 neque

2781 2252 3065 2337 corrupti
3121 2272 3316 2338 neque
3365 2273 3487 2316 sua
3543 2259 3784 2315 natm-a
3833 2258 4113 2333 attracti,
4166 2258 4277 2320 sed
4323 2260 4481 2345 ejus,

2780 2354 2946 2441 quod
2970 2376 3036 2418 se
3066 2356 3273 2442 ipsum
3310 2355 3561 2443 elegit?
3643 2355 3748 2419 Ita
3787 2357 4155 2444 corrigenda
4196 2360 4481 2426 existimo

2783 2457 3126 2536 Ficiniana‚
3159 2458 3252 2524 Οὐ
3296 2458 3684 2538 δεκασμένου.
3729 2458 3872 2523 Vid.
3900 2460 4128 2526 Timaei
4162 2463 4311 2528 Lex.
4339 2465 4481 2529 Pla-

2781 2574 2911 2626 ton.
2946 2585 3012 2650 p.
3035 2578 3139 2648 75.
3177 2565 3266 2649 (p.
3289 2563 3393 2642 64.
3425 2559 3526 2625 ed.
3560 2560 3791 2643 Koch.)
3824 2586 3838 2626 ε
3892 2564 4159 2641 Δεκάζει,
4206 2570 4240 2630 6
4287 2571 4480 2650 κρίσιν

2783 2664 3114 2744 ὠνούμενος
3154 2666 3314 2745 παρὰ
3357 2667 3655 2729 δικαστοῦ.
3706 2665 4046 2743 Δεκάζεται,
4080 2672 4114 2733 6
4146 2673 4339 2753 κρίσιν
4381 2698 4475 2737 πι-

2781 2766 3078 2848 πράσκων.
3126 2765 3261 2829 Ubi
3284 2765 3728 2847 Ruhnkenius,
3759 2769 3809 2832 si
3839 2769 4045 2836 locum
4080 2773 4310 2839 Plotini
4342 2799 4481 2840 nos

2778 2882 2898 2948 set,
2929 2868 3129 2956 magis
3163 2870 3346 2933 etiam
3387 2870 3735 2957 suspicatus
3772 2888 3932 2938 esset
3971 2874 4131 2940 hanc
4162 2898 4374 2941 vocem
4415 2877 4477 2941 in

2783 2970 3046 3036 Platone
3073 2996 3204 3037 esse
3232 2971 3646 3039 obliteratam.
3735 2974 3930 3040 Adde
3964 2978 4116 3042 Lex.
4147 2978 4412 3044 Rhetor.
4442 3003 4483 3045 a

2783 3073 3073 3138 Bekkero
3100 3074 3719 3162 Anecdott.121.36.
3749 3078 3987 3144 editum
4034 3096 4098 3145 et
4143 3081 4336 3147 Bastii
4384 3081 4489 3148 E:

2781 3177 2928 3266 pist.
2964 3178 3120 3242 Crit.
3154 3201 3218 3265 p.
3246 3180 3353 3263 56.
3381 3180 3445 3243 in
3471 3179 3700 3244 Timaei
3730 3180 3771 3245 l.
3798 3180 3837 3245 l.
3871 3183 4272 3271 corrigentis.
4305 3186 4479 3251 ἔνθεν

2782 3281 3122 3352 ἀδέκαστος.
3206 3282 3376 3367 (vid.
3409 3283 3636 3347 Koehii
3681 3283 4010 3350 Additam.
4041 3285 4175 3371 l.l.)
4255 3289 4483 3378 Lysias

2780 3383 2923 3448 adv.
2958 3383 3295 3450 Philocrat.
3328 3410 3389 3474 p.
3424 3387 3566 3452 182.
3597 3410 3661 3475 p.
3695 3390 3839 3474 834.
3872 3390 4128 3456 Reisk.:
4163 3394 4239 3460 ὣς
4265 3419 4479 3458 πεντα-

2783 3491 2973 3553 κόσιοι
3014 3490 3125 3569 μὲν
3156 3491 3350 3557 αὐτοῖς
3393 3492 3602 3570 εἴησαν
3632 3493 4071 3573 δεδεκασμένοι.
4162 3494 4359 3560 Plura
4399 3495 4480 3561 de

2781 3593 2973 3657 verbo
3001 3592 3261 3669 δεκάζειν
3285 3608 3350 3658 et
3375 3592 3523 3657 inde
3553 3593 3759 3659 ductis
3789 3618 4149 3682 congessere
4179 3598 4477 3685 Wytten-

2778 3695 2966 3760 bach.
2995 3694 3075 3759 ad
3109 3695 3425 3760 Plutarch.
3459 3696 3540 3760 de
3567 3719 3701 3784 cap.
3732 3721 3810 3761 ex
3840 3697 4014 3764 inim.
4046 3699 4183 3764 util.
4229 3725 4296 3789 p.
4326 3706 4473 3788 636.

2780 3816 2845 3866 et
2875 3803 3018 3865 Car.
3054 3799 3226 3865 Frid.
3259 3802 3609 3864 Hermann.
3640 3799 3720 3863 ad
3753 3801 4012 3867 Lucian.
4054 3802 4135 3867 de
4172 3806 4470 3870 conscrib.

2782 3904 3029 3969 Histor.
3078 3927 3142 3990 p.
3177 3920 3318 3986 247.
3354 3927 3445 3990 sq.
3451 3905 3879 3968 —Extrema.
3929 3903 4066 3968 ἀλλ’
4097 3906 4309 3971 ἑαυτὸν
4338 3909 4473 3970 ελο-

2778 4005 2980 4086 μένου,
3027 4006 3220 4071 ducta
3262 4018 3412 4071 sunt
3455 4029 3534 4071 ex
3583 4006 3856 4073 Platonis
3901 4007 4173 4096 Republ.
4206 4008 4290 4074 X.
4326 4011 4472 4091 617.

2778 4133 2845 4238 p.
2883 4128 3032 4196 509.
3085 4108 3337 4174 Bekkst
3402 4111 3517 4194 οὐχ
3564 4112 3712 4190 ὑμᾶς
3758 4113 3981 4191 δαίμων
4026 4111 4286 4192 λήξεται,
4337 4113 4474 4177 ἀλλ’

2778 4215 2941 4293 ὑμεῖς
2985 4215 3235 4294 δαίμονα
3279 4212 3618 4295 αἱρήσεσθε.
3713 4212 3869 4277 Vult
3911 4213 4106 4300 igitur
4147 4214 4476 4303 significari

2783 4315 3084 4394 Plotinu8‚
3119 4318 3370 4380 Bonum
3409 4315 3567 4380 illud
3607 4338 4049 4404 summumque
4080 4319 4331 4384 Numen
4374 4344 4477 4385 ne-

2778 4442 2903 4506 que
2961 4418 3398 4484 blandimentis
3451 4419 3629 4506 quasi
3685 4432 3748 4483 et
3801 4419 4221 4506 corruptione,
4272 4445 4476 4509 neque

2777 4522 3049 4609 quadam
3101 4521 3272 4586 velut
3320 4522 3381 4586 vi
3427 4537 3670 4586 naturae
3722 4545 3851 4586 suae
3901 4522 4316 4611 compulsum,
4365 4527 4472 4591 sed

2779 4648 2893 4690 sua
2917 4624 3127 4713 ipsum
3153 4623 3350 4689 libera
3376 4623 3671 4689 electione
3701 4624 3762 4688 id
3796 4649 3947 4705 esse,
3979 4627 4151 4712 quod
4182 4629 4277 4694 sit.

2861 4750 2926 4815 p.
2967 4728 3151 4813 1369,
3186 4748 3283 4791 11.
3329 4729 3488 4792 ὥστε
3536 4729 3718 4792 αὐτὸν
3758 4730 4142 4809 πεποιηκέναι
4193 4734 4393 4809 αὑτὸν,
4440 4739 4472 4799 6

2777 4833 2960 4914 λόγος
2986 4831 3263 4919 ἀνεῦρεν]
3313 4831 3456 4896 Vid.
3490 4830 3813 4895 Platonem
3844 4831 3925 4896 de
3954 4834 4229 4921 Republ.
4266 4838 4361 4901 X.
4407 4863 4469 4927 p.

2776 4938 2922 5022 596.
2954 4959 3019 5024 p.
3042 4936 3189 5015 468.
3225 4932 3424 4998 Bekk.
3516 4933 3724 4998 Verba
3750 4933 3886 5021 ipsa
3912 4934 4351 5023 adscripsimus
4390 4944 4470 5007 ad

2778 5039 2969 5126 hujus
2996 5038 3138 5104 libri
3166 5037 3419 5103 titulum
3452 5060 3641 5125 supra
3670 5059 3735 5124 p.
3759 5055 3902 5122 734.
3994 5039 4269 5105 Consule
4311 5065 4468 5130 prae-

2777 5160 2943 5208 terea
2970 5143 3050 5208 de
3078 5143 3194 5207 hoc
3229 5140 3361 5206 loco
3399 5155 3463 5205 et
3502 5139 3807 5205 similibus
3838 5138 4202 5206 Cudworth.
4235 5159 4298 5210 et
4330 5149 4473 5212 Μο-

2775 5246 2969 5310 shem.
3001 5245 3067 5310 in
3100 5247 3368 5333 System.
3403 5242 3611 5308 Intell.
3647 5245 3761 5308 IV.
3797 5263 3898 5329 23.
3931 5266 3996 5330 p.
4016 5246 4169 5326 486.

2860 5371 2924 5436 p.
2963 5366 3149 5432 1371,
3183 5364 3280 5432 15.
3314 5351 3503 5412 αἴτιον
3535 5348 4055 5432 ἑαυτοῦ-αὐτός.]
4092 5350 4278 5416 Plato
4308 5354 4468 5443 Rep.

2775 5452 2859 5516 X.
2888 5453 3038 5537 596.
3069 5474 3130 5538 p.
3155 5451 3300 5531 468.
3335 5449 3536 5515 Bekk.
3585 5450 3912 5516 Tractavit
3940 5451 4073 5515 haec
4104 5453 4471 5522 Cudworth.

2773 5554 2837 5619 in
2866 5557 3034 5643 Syst.
3062 5553 3273 5621 Intell.
3301 5556 3420 5619 1V.
3449 5574 3550 5641 23.
3584 5577 3650 5642 p.
3673 5555 3827 5634 486.
3876 5554 4231 5619 Bruckerus
4260 5572 4471 5623 autem
