5118 6613
1048 519 1169 587 272

1055 676 1364 765 Theolog.
1414 675 1663 742 Platon.
1698 677 1794 741 11.
1833 697 1934 742 11.
1977 700 2045 765 p.
2086 698 2225 763 109.
2256 702 2349 765 sq.
2394 677 2563 743 unde
2606 693 2742 743 tan-

1053 781 1380 846 tummodo
1406 779 1667 867 potiora,
1689 802 1836 866 quae
1865 779 2201 844 Plotiniani
2230 780 2345 846 loci
2373 781 2744 847 imitatorem

1052 898 1351 971 arguunt,
1391 904 1754 970 excerpam:
1805 882 1957 947 ἔστω
1987 886 2052 947 δὲ
2081 885 2219 965 ἡμῖν
2243 885 2325 965 μὴ
2361 886 2549 965 μόνον
2579 886 2748 965 δόξης

1052 987 1198 1066 μηδὲ
1250 986 1585 1068 φαντασίας
1641 984 1872 1065 ἠρεμία,
1924 987 2070 1065 μηδὲ
2114 987 2336 1070 ἡσυχία
2379 993 2497 1052 τῶν
2540 992 2747 1051 παθῶν

1052 1089 1215 1168 ἡμῶν
1251 1089 1676 1168 ἐμποδιζόντων
1715 1086 1823 1166 τὴν
1860 1086 2006 1169 πρὸς
2046 1087 2115 1151 τὸ
2153 1095 2385 1171 πρῶτον
2431 1089 2748 1172 ἀναγωγὸν

1053 1191 1259 1272 ὁρμὴν,
1283 1188 1419 1254 ἀλλ’
1449 1192 1674 1273 ἥσυχος
1699 1191 1812 1269 μὲν
1834 1190 1966 1271 ἀὴρ,
1988 1191 2218 1275 ἥσυχον
2247 1195 2311 1256 δὲ
2335 1192 2405 1256 τὸ
2432 1197 2553 1257 πᾶν
2574 1197 2746 1258 τοῦτο

1054 1294 1239 1357 -καὶ
1265 1292 1511 1359 στάντες
1542 1295 1668 1356 ἐκεῖ
1694 1293 1789 1357 καὶ
1821 1293 1890 1356 τὸ
1928 1293 2140 1373 νοητὸν
2172 1296 2256 1378 (εἶ
2283 1295 2354 1376 δή
2386 1322 2443 1359 τι
2479 1298 2748 1360 τοιοῦτόν

1057 1398 1222 1459 ἐστιν
1251 1397 1318 1458 ἐν
1353 1396 1519 1478 ἡμῖν)
1569 1397 2055 1477 ὑπερδραμόντες,
2105 1399 2201 1462 καὶ
2238 1400 2367 1463 οῖον
2406 1399 2582 1478 ἥλιον
2618 1401 2744 1463 ἀνί-

1057 1523 1289 1581 σχοντα
1315 1497 1835 1579 προσκυνήσαντες
1869 1501 1973 1580 (ex
2007 1499 2279 1564 Platonis
2319 1500 2648 1589 Symposio
2682 1525 2745 1589 p.

1058 1618 1204 1665 220.
1238 1623 1298 1687 p.
1319 1602 1469 1686 463.
1503 1598 1734 1682 Bekk.)
1757 1603 2044 1681 μεμυκόσι
2071 1610 2194 1672 τοῖς
2222 1604 2749 1687 ὀφθαλμοῖς-τὸν

1055 1704 1254 1767 τοίνυν
1281 1707 1388 1766 τοῦ
1417 1703 1611 1786 φωτὸς
1643 1709 1762 1767 τῶν
1804 1709 2029 1784 νοητῶν
2059 1709 2211 1770 θεῶν
2243 1707 2748 1786 ἥλιον-ἰδόντες.

1057 1834 1111 1869 κ.
1131 1832 1185 1870 τ.
1203 1813 1266 1869 λ.

1127 1932 1191 1996 p.
1218 1908 1367 1993 899,
1408 1928 1431 1971 1
1451 1928 1503 1972 1.
1541 1907 1689 1992 ἔσχε
1715 1934 1781 1972 τε
1809 1910 1980 1988 ἀξίαν
2009 1910 2258 1992 οὐρανὸς
2283 1915 2485 1995 ψυχῆς
2512 1916 2749 1977 εἰσοικι-

1057 2013 1324 2094 σθείσης]
1365 2009 1556 2075 Color
1591 2009 1805 2074 similis
1846 2010 1909 2074 in
1954 2011 2365 2100 antiquissimi
2393 2013 2750 2101 Philosophi

1058 2112 1436 2201 Pherecydis
1456 2112 1658 2177 verbis
1674 2136 1778 2200 ap.
1802 2113 1990 2203 Diog.
2016 2115 2233 2180 Laert.
2256 2117 2310 2181 I.
2333 2138 2401 2202 9:
2437 2118 2665 2198 Χθονίῃ
2686 2121 2753 2183 δὲ

1054 2220 1243 2296 ὄνομα
1289 2216 1530 2299 ἐγένετο
1558 2214 1666 2297 ’Ῑῇ,
1701 2217 1900 2296 ἐπειδὴ
1930 2220 2072 2299 αὐτῇ
2099 2219 2247 2286 Ζεὺς
2283 2220 2458 2302 γέρας
2493 2225 2752 2285 διδοῖ.-

1058 2321 1254 2384 Mox:
1306 2320 1400 2383 καὶ
1445 2318 1479 2382 ὃ
1517 2318 1873 2401 στυγέουσιν
1901 2323 1960 2385 οἱ
1987 2322 2114 2385 θεοὶ
2147 2323 2304 2404 φησί
2325 2347 2447 2391 τιςε
2502 2333 2563 2387 et
2587 2326 2752 2411 quod

1055 2424 1176 2487 Dii
1204 2433 1610 2488 aversantur.
1689 2424 2123 2489 Homericum.
2160 2423 2316 2489 Iliad
2337 2434 2373 2489 ῦ
2400 2449 2461 2490 ν.
2486 2429 2566 2511 65
2594 2451 2609 2492 :
2662 2431 2746 2492 ol-

1057 2528 1153 2591 κία
1201 2529 1266 2591 δὲ
1313 2531 1581 2606 θνητοῖσι
1625 2528 1720 2590 καὶ
1759 2526 2110 2592 ἀθανάτοισι
2159 2529 2378 2611 φανείη
2424 2530 2748 2613 Σμερδαλέ

1057 2630 1366 2711 εὑρῶεντα,
1398 2628 1473 2692 τά
1500 2653 1566 2691 τε
1595 2629 1917 2712 στυγέουσι
1946 2633 2079 2695 θεοί
2100 2656 2233 2714 περ.
2309 2633 2510 2710 Quem
2542 2632 2749 2698 locum

1054 2754 1196 2795 cum
1228 2730 1362 2795 aliis
1390 2741 1596 2818 poetae
1625 2731 1773 2796 locis
1810 2732 2087 2819 expungi
2120 2732 2258 2798 vult
2303 2733 2479 2799 Plato
2506 2736 2572 2800 in
2607 2737 2746 2801 Rei·

1056 2834 1324 2920 publicae
1368 2832 1508 2899 libri
1541 2836 1682 2899 111.
1710 2834 1885 2900 initio
1913 2859 1978 2924 p.
2001 2838 2167 2921 386;
2214 2836 2470 2903 adhibet
2503 2839 2746 2905 Plutar-

1055 2936 1212 2999 chus
1255 2934 1335 2999 de
1362 2935 1522 3000 facie
1563 2937 1629 3000 in
1672 2936 1823 3001 orbe
1868 2938 2074 3002 Lunae
2119 2962 2182 3026 p.
2212 2960 2356 3024 940.
2381 2943 2460 3005 E.
2508 2965 2574 3029 p.
2603 2943 2747 3026 807.

1057 3040 1264 3127 Wytt.
1293 3064 1307 3103 ε
1359 3041 1618 3107 ἐκείνους
1645 3038 1694 3104 δ’
1727 3039 1804 3105 ἂν
1832 3044 2027 3121 οἴομαι
2054 3042 2211 3106 πολὺ
2229 3047 2466 3122 μᾶλλον
2488 3047 2747 3111 ἀποθαυ-

1053 3144 1242 3224 μάσαι
1295 3143 1404 3223 τὴν
1454 3147 1593 3223 Γῆν,
1656 3146 2002 3226 ἀφορῶντας
2047 3146 2176 3208 οῖον
2220 3145 2604 3227 ὑποστάθμην
2656 3150 2752 3214 καὶ

1058 3246 1191 3312 ἰλὺν
1219 3250 1324 3311 τοῦ
1360 3246 1582 3315 παντὸς
1618 3249 1685 3312 ἐν
1712 3249 1913 3331 ὑγροῖς
1953 3247 2046 3312 καὶ
2086 3248 2361 3332 ὁμίχλαις
2405 3250 2501 3314 καὶ
2537 3251 2753 3335 νέφεσι

1058 3349 1523 3433 διαφαινομένην
1569 3352 1838 3430 ἀλαμπὲς
1882 3350 1977 3414 καὶ
2018 3351 2300 3416 ταπεινὸν
2339 3354 2433 3416 καὶ
2477 3355 2754 3435 ἀκίνητον

1057 3452 1476 3537 χωρίον-κᾶν
1508 3456 1561 3517 εί
1587 3456 1773 3517 ποθὲν
1804 3453 1999 3521 αὑτοῖς
2028 3454 2333 3537 ἐγγένοιτο
2362 3461 2480 3520 τῶν
2507 3455 2750 3539 Ὁμηρι-

1060 3562 1176 3621 κῶν
1203 3558 1427 3621 τούτων
1463 3558 1713 3620 ἀκοῦσαι
1757 3554 2071 3643 (sequitur
2113 3554 2277 3619 idem
2308 3558 2649 3623 versiculus
2691 3574 2754 3625 et

1059 3661 1390 3750 subjicitur
1444 3661 1906 3744 alius)-ra1‘›‘ra
1955 3661 2256 3745 φήσουσιν
2313 3665 2575 3747 ἀτεχνῶς
2620 3664 2755 3746 περὶ

1057 3771 1163 3831 τοῦ
1188 3768 1408 3851 χωρίου
1435 3768 1645 3830 τούτου
1681 3765 1971 3848 λέγεσθαι
2017 3793 2067 3830 κ.
2095 3792 2147 3829 τ.
2173 3774 2235 3829 λ.
2327 3765 2514 3843 Quod
2563 3765 2753 3830 Ploti-

1057 3890 1179 3932 nus
1193 3866 1372 3931 addit
1401 3870 1557 3950 φησί
1579 3895 1682 3942 τις,
1705 3867 1849 3932 licet
1878 3871 2229 3934 Homerum
2259 3892 2323 3933 se
2354 3869 2606 3935 laudare
2634 3892 2759 3934 non

1060 3971 1327 4057 ignoret,
1358 3979 1453 4033 est
1495 3969 1631 4034 haec
1668 3970 2165 4057 frequentissima
2206 3971 2435 4036 citandi
2465 3971 2756 4038 formula.

1063 4075 1163 4138 Ne
1186 4072 1369 4160 longe
1390 4072 1628 4150 abeam,
1650 4072 1926 4138 similiter
1944 4073 2362 4139 Aristaenetus
2380 4075 2753 4162 AEschylum

1062 4175 1324 4240 laudans
1353 4188 1613 4262 usurpat
1643 4177 1848 4258 φησὶν,
1881 4198 2003 4239 11011
2031 4175 2248 4241 addito
2276 4186 2478 4264 po'etae
2508 4179 2755 4244 nomine

1065 4278 1225 4361 (vid.
1271 4281 1514 4343 Annot.
1569 4276 1946 4364 superiorem
1992 4276 2075 4341 ad
2121 4277 2281 4342 hanc
2331 4278 2526 4366 ipsam
2575 4281 2748 4367 pagi-

1065 4385 1260 4464 nam).
1351 4382 1514 4444 Nam
1548 4382 1704 4464 φησί
1728 4406 1813 4447 τις
1841 4394 1905 4444 et
1934 4383 2091 4463 φησί
2126 4381 2476 4468 promiscue
2503 4405 2753 4469 ponun-

1064 4501 1187 4550 tur.
1264 4482 1408 4547 Vid.
1469 4482 1751 4547 Conrier.
1800 4482 1881 4548 ad
1941 4483 2209 4548 Lucian.
2262 4484 2445 4550 Asin.
2496 4507 2559 4572 p.
2608 4504 2752 4570 230.

1066 4587 1344 4652 Boisson.
1386 4585 1469 4650 ad
1512 4586 1762 4674 Eunap.
1795 4587 2033 4674 p.418.
2080 4603 2144 4652 et
2189 4590 2339 4653 601.
2369 4586 2630 4652 Weiske
2672 4587 2752 4651 ad

1068 4689 1420 4777 Longinum
1451 4712 1515 4776 p.
1549 4691 1695 4754 228.
1727 4703 1791 4753 et
1817 4712 1963 4776 quae
1991 4688 2123 4776 ipse
2151 4711 2342 4775 supra
2371 4689 2552 4777 posui
2580 4686 2660 4751 ad
2693 4689 2752 4753 1.

1072 4815 1093 4856 1
1113 4841 1128 4857 .
1160 4814 1219 4874 4.
1252 4815 1316 4880 p.
1341 4812 1406 4879 3.
1433 4794 1511 4856 C.

1149 4932 1236 4944 —
1271 4915 1367 4981 13.
1416 4894 1658 4958 Γένοιτο
1694 4892 1742 4958 δ’
1775 4894 1851 4957 ἃν
1882 4921 1932 4956 κ.
1955 4918 2007 4957 τ.
2029 4892 2123 4976 λ.]
2190 4892 2467 4979 Cyrillus
2502 4917 2566 4982 p.
2606 4910 2748 4979 275.

1065 5000 1147 5063 D.
1183 4998 1277 5062 καὶ
1304 5001 1451 5079 γοῦν
1480 4998 1512 5059 ὀ
1545 5001 1856 5062 Πλωτῖνος
1890 4997 2038 5058 οὕτω
2077 4994 2262 5059 πάλιν
2298 4996 2447 5077 φησὶ
2480 4996 2615 5077 περὶ
2656 5001 2756 5075 τῆς

1062 5105 1168 5170 τοῦ
1197 5101 1419 5180 κόσμου
1453 5102 1671 5182 ψυχῆς,
1708 5096 1745 5176 ἣ
1781 5097 1910 5162 ἀντὶ
1944 5101 2051 5160 τοῦ
2087 5098 2260 5179 ἁγίου
2297 5100 2628 5178 πνεύματος
2666 5098 2751 5161 οἶ-

1062 5229 1167 5282 μαι
1194 5201 1403 5283 λέγειν
1432 5200 1629 5263 αὐτόν.

1150 5328 1215 5392 p.
1247 5323 1398 5387 900,
1430 5307 1493 5366 6.
1527 5300 1709 5365 Ἔστι
1737 5303 1802 5365 δὲ
1835 5300 1929 5365 καὶ
1956 5301 2123 5380 ἥλιος
2165 5300 2420 5368 θεὸς--δ
2447 5301 2522 5380 ἦν
2548 5303 2751 5391 ψυχή]

1065 5407 1210 5471 Vid.
1254 5404 1623 5470 Cudworth.
1657 5403 1697 5467 l.
1726 5402 1767 5466 l.
1802 5427 1868 5492 p.
1896 5421 2041 5486 700.
2077 5426 2169 5489 sq.
2199 5403 2282 5467 cf.
2319 5426 2383 5489 p.
2421 5422 2571 5485 702,
2606 5423 2749 5491 703.

1068 5509 1177 5573 ubi
1221 5508 1304 5573 cf.
1354 5507 1564 5572 Mosh.
1597 5521 1726 5572 not.
1764 5524 1866 5590 72.
1900 5506 2001 5571 ΙΙ.
2030 5520 2094 5570 et
2121 5530 2184 5593 p.
2213 5523 2358 5590 714.
2388 5522 2521 5570 not.
2555 5528 2658 5591 90.
2692 5524 2752 5575 et

2026 505 2855 571 ANNOTATIONES

2924 504 3036 568 IN
3103 502 3554 568 PLOTINI

2830 676 2917 741 cf.
2968 675 3192 740 Plotin.
3224 699 3275 739 c.
3307 695 3372 762 3.
3421 697 3488 761 p.
3514 673 3669 756 484.
3710 690 3775 739 et
3808 698 3865 739 c.
3911 676 3971 738 6.
4008 700 4073 764 p.
4114 676 4259 758 487.
4354 675 4517 738 Haec

2830 801 3021 866 supra
3062 777 3400 864 attigimus.
3476 776 3623 842 Vid.
3669 777 3770 841 II.
3804 800 3865 864 9.
3909 778 4009 843 18.
4047 777 4198 865 ibiq.
4244 779 4514 842 Annott.

2829 882 2910 946 ad
2941 906 3004 969 p.
3033 899 3175 963 217.
3213 883 3399 945 D.E.

2916 1021 3003 1033 —
3028 984 3113 1048 ib.
3165 984 3259 1048 καὶ
3284 985 3466 1064 ἡμεῖς,
3500 985 3663 1067 εἴπερ
3697 1009 3772 1058 τι,
3806 986 3902 1048 διὸ
3937 989 4131 1059 τοῦτο,
4165 985 4368 1053 νέκυες
4404 987 4520 1066 γὰρ

2834 1088 3087 1169 κοπρίων
3103 1087 3571 1175 ἐκβλητότεροι.]
3608 1086 3954 1151 Pronomen
3973 1114 4029 1152 τι
4045 1087 4324 1153 similiter
4339 1111 4520 1151 usur-

2833 1202 2942 1277 pat
2977 1188 3180 1269 Plato,
3200 1204 3270 1253 ut
3299 1188 3595 1253 eximium
3615 1189 3767 1277 quid
3798 1189 4098 1277 designet.
4150 1191 4294 1255 vid.
4319 1192 4520 1278 Gorg.

2831 1314 2897 1378 p.
2919 1308 3068 1373 472.
3097 1294 3175 1355 Α.
3226 1290 3529 1355 Phaedon.
3563 1314 3625 1379 p.
3651 1295 3753 1377 63.
3786 1315 3837 1356 c.
3916 1293 4018 1357 Cf.
4052 1292 4399 1359 Gottleber.
4440 1293 4521 1357 ad

2835 1396 3093 1458 Menex.
3124 1416 3187 1481 p.
3214 1412 3322 1478 57.
3356 1396 3705 1458 Hermann.
3736 1395 3819 1459 ad
3842 1395 4053 1482 Viger.
4086 1419 4145 1483 p.
4168 1414 4313 1482 731.
4342 1396 4516 1461 Bois-

2834 1496 3047 1562 sonad.
3096 1496 3179 1561 ad
3226 1496 3524 1562 Philostr.
3578 1497 3833 1564 Heroic.
3886 1522 3948 1586 p.
3980 1518 4125 1578 420.
4172 1515 4236 1564 et
4280 1498 4519 1565 Matth.

2837 1601 2953 1666 Gr.
3004 1603 3123 1666 Gr.
3176 1604 3237 1687 ξ.
3267 1601 3415 1683 487.
3449 1622 3515 1687 5.
3565 1624 3633 1688 p.
3663 1621 3807 1685 912.
3854 1600 3951 1665 ed.
3997 1601 4102 1667 alt.
4179 1602 4520 1679 Sententia,

2836 1727 2980 1790 quae
3029 1704 3333 1791 sequitur,
3363 1719 3457 1768 est
3502 1703 3822 1769 Heracliti.
3868 1703 4182 1770 Plutarch.
4235 1706 4522 1794 Sympos.

2842 1808 2956 1871 1v.
2991 1829 3055 1888 4.
3104 1831 3170 1895 p.
3202 1809 3344 1893 669.
3381 1810 3464 1872 A.
3515 1830 3580 1895 p.
3612 1821 3759 1892 733.
3814 1808 4053 1895 Wytt.:
4126 1809 4353 1877 Νέκυες
4407 1813 4523 1892 γᾶρ

2842 1912 3095 1992 κοπρίων
3134 1912 3551 1993 ἐκβλητότεροι
3589 1908 3714 1973 καθ’
3748 1908 4162 1992 Ἡράκλειτον.
4241 1911 4344 1976 Cf.
4379 1912 4523 1977 Cel-

2839 2036 2974 2077 sum
3024 2037 3124 2101 ap.
3171 2013 3431 2100 Origen.
3472 2036 3527 2077 c.
3564 2012 3729 2077 Cels.
3764 2015 3842 2078 V.
3888 2036 3951 2100 p.
3990 2032 4135 2093 240.
4187 2015 4409 2102 Spenc.
4454 2037 4519 2102 p.

2836 2118 2985 2201 588.
3034 2116 3243 2194 Ruaei,
3266 2113 3438 2194 alios,
3458 2138 3618 2203 quos
3644 2114 3860 2180 laudat
3886 2116 4436 2184 Schleiermacher.
4457 2116 4525 2181 in

2839 2218 3058 2284 Wolfii
3116 2234 3180 2284 et
3240 2219 3610 2284 Buttmanni
3662 2221 3962 2284 Muscam
4014 2221 4129 2284 der
4173 2221 4525 2286 Altertlaum

2848 2323 3217 2401 Wissensch,
3246 2322 3325 2387 T.
3359 2324 3418 2386 Ι.
3457 2344 3520 2409 p.
3544 2341 3696 2408 473.
3732 2346 3823 2409 sq.
3854 2345 4041 2409 quem
4078 2322 4299 2388 Plotini
4331 2325 4522 2389 nostri

2837 2424 3008 2489 locus
3022 2425 3210 2512 fugit,
3244 2424 3411 2490 unde
3440 2438 3646 2489 tamen
3678 2448 3808 2489 suae
3838 2426 4180 2506 sententioe,
4203 2426 4528 2492 Cadavera

2835 2526 2916 2590 ab
2939 2527 3262 2593 Heraclito
3278 2528 3629 2616 significari,
3649 2529 4109 2595 firmamentum
4129 2546 4367 2595 struere
4383 2546 4520 2618 pot·

2837 2646 2987 2694 erat.

2919 2770 3008 2781 —
3044 2752 3139 2817 13.
3190 2735 3244 2796 εἰ
3288 2731 3336 2796 δ’
3389 2734 3480 2796 ὅτι
3539 2733 4240 2817 ἔμψυχον-τί-ἄλλον
4291 2738 4523 2809 διῶκεις

2837 2834 3030 2899 Adde
3058 2835 3124 2899 h.
3156 2835 3357 2900 locum
3402 2835 3738 2901 rarioribus
3780 2837 4101 2925 exempliS,
4146 2862 4292 2925 quae
4329 2838 4526 2904 lexica

2833 2937 3069 3003 habent
3097 2937 3263 3002 vocis
3306 2941 3558 3007 διωκτός.
3649 2941 3769 3005 Est
3812 2957 4019 3005 autem
4060 2940 4125 3005 h.
4147 2940 4188 3005 l.
4229 2957 4522 3028 expeten-

2834 3041 2979 3118 dus,
3010 3040 3378 3129 captanduS‚
3407 3056 3478 3106 ut
3508 3042 3654 3106 item
3688 3045 3935 3117 διώκειν,
3956 3044 4056 3108 cui
4082 3043 4195 3109 hac
4223 3061 4526 3132 potestate

2835 3145 3211 3209 contrarium
3242 3160 3342 3210 est
3384 3148 3649 3228 φεύγειν,
3684 3161 3756 3211 ιιι
3801 3146 3866 3210 in
3900 3147 4179 3212 Platonis
4209 3151 4425 3236 Symp.
4460 3172 4523 3236 p.

2844 3249 2980 3325 184.
3006 3251 3090 3313 A.
3124 3273 3182 3337 p.
3210 3268 3355 3335 391·
3398 3247 3600 3314 Bekk.
3647 3265 3711 3315 et
3747 3250 3995 3337 saepius.
4086 3253 4194 3316 Ex
4241 3252 4528 3317 universo

2837 3366 3046 3416 autem
3078 3374 3218 3428 usu,
3245 3361 3476 3439 petere,
3507 3355 3848 3416 consectari
3883 3354 4147 3441 aliquid,
4178 3353 4318 3419 fluit
4343 3355 4526 3419 etiam

2837 3454 3028 3519 alter:
3076 3455 3322 3542 aliquid
3357 3455 3740 3542 disputando
3763 3459 4077 3544 persequi.
4158 3457 4303 3522 Vid.
4337 3459 4524 3546 Wyt-

2840 3557 3006 3623 tenb.
3044 3557 3124 3622 ad
3174 3557 3493 3622 Plutarch.
3529 3559 3633 3622 De
3674 3558 3936 3622 discern.
3973 3559 4179 3624 Amic.
4211 3560 4295 3624 ab
4323 3560 4522 3626 Adul.

2839 3684 2902 3748 p.
2920 3680 3069 3745 427.
3096 3685 3187 3749 sq.
3207 3675 3273 3726 et
3296 3660 3562 3725 Heindf.
3586 3660 3668 3725 ad
3698 3660 3941 3726 Platon.
3972 3662 4244 3751 Sophist.
4275 3666 4447 3748 (251.
4467 3687 4523 3728 a.

2843 3763 3093 3850 steph.)
3125 3788 3192 3853 p.
3218 3766 3345 3849 396
3371 3789 3385 3828 :
3433 3763 3539 3828 τὸν
3567 3769 3714 3846 γοῦν
3741 3767 3931 3847 λόγον
3960 3767 4187 3847 ὅπηπερ
4216 3766 4292 3831 ἂν
4321 3768 4440 3833 οἶοί
4462 3794 4527 3833 τε

2846 3865 3003 3948 ὦμεν
3041 3867 3488 3948 εὑπρεπέστατα
3531 3868 3855 3948 διωξόμεθα
3897 3870 4079 3936 οὕτως
4121 3871 4346 3952 ἀμφοῖν
4386 3872 4525 3950 ἅμα.

2846 3970 2950 4035 Ita
2979 3969 3389 4034 Heindorfius
3408 3993 3488 4034 ex
3510 3969 3712 4034 Ficini
3734 3970 4029 4035 versione.
4111 3971 4232 4036 Sed
4255 3972 4526 4038 Bekker.

2840 4073 3163 4161 pristinam
3222 4073 3543 4137 lectionem
3600 4072 3853 4137 reduxit
3909 4075 4260 4153 διωσόμεθα,
4320 4089 4383 4139 et
4439 4075 4528 4141 ita

2839 4200 3093 4264 quoque
3119 4177 3280 4241 Cod.
3309 4176 3550 4241 Bodlei.
3618 4174 4010 4254 Clarkianus,
4042 4192 4105 4241 et
4133 4192 4297 4242 recte
4337 4177 4530 4243 habet

2839 4278 3116 4366 vulgata.
3208 4281 3370 4344 Nam
3418 4278 3482 4342 in
3537 4278 3940 4367 sequentibus
3995 4278 4413 4367 profligantur
4467 4297 4531 4346 et

2839 4397 3205 4446 evertuntur
3261 4381 3429 4447 falsae
3487 4382 3937 4469 disputationes
3994 4382 4529 4471 philosophorum.

2840 4484 3084 4548 Eodem
3128 4507 3308 4548 sensu
3352 4484 3805 4550 Demosthenes
3851 4485 3914 4548 in
3964 4484 4251 4549 Midiana
4283 4509 4350 4573 p.
4379 4503 4528 4572 555.

2838 4585 2941 4650 ed.
2971 4586 3180 4651 Reisk.
3206 4612 3220 4651 ε
3272 4589 3388 4669 ἐγὼ
3415 4590 3528 4668 μὲν
3547 4592 3662 4670 γᾶρ
3689 4591 3833 4655 ἴσως
3860 4587 4193 4668 διεωσάμην
4227 4588 4529 4671 (amoliar‚

2838 4688 3191 4776 profligem)
3226 4692 3321 4754 καὶ
3347 4692 3535 4757 ἄλλος
3559 4716 3646 4758 τις
3673 4689 3768 4765 ἂν,
3791 4695 3987 4774 ψευδῆ
4012 4692 4205 4772 λόγον
4228 4692 4323 4756 καὶ
4351 4718 4527 4757 συκο-

2840 4794 3116 4874 φαντίαν,
3151 4794 3245 4857 καὶ
3281 4794 3385 4857 οὑκ
3424 4792 4099 4875 affimativa—Quod
4138 4792 4203 4857 in
4244 4795 4530 4881 proxime

2840 4894 3194 4983 praegressis
3221 4899 3297 4977 γῆ
3325 4898 3441 4978 γὰρ
3469 4895 3664 4960 πάντα
3691 4919 3768 4959 ex
3800 4894 4000 4960 Ficini
4030 4895 4308 4960 versione
4347 4899 4526 4986 Tay-

2837 4996 2933 5060 lor
2960 4997 3107 5061 addi
3142 4996 3329 5083 jubet
3373 4995 3435 5058 in
3480 4995 3719 5061 Graecis
3751 5000 3895 5065 ἴσως
3932 4999 4074 5061 ἄνευ
4101 5003 4337 5082 ψυχῆς-ε
4385 4998 4528 5065 libri

2839 5099 3029 5164 nostri
3078 5101 3275 5163 MSS.
3309 5121 3432 5162 non
3480 5098 3925 5187 suffragantur,
3970 5115 4034 5164 et
4076 5123 4240 5187 saepe
4282 5104 4530 5166 monui·

2840 5225 3000 5278 mus,
3058 5200 3205 5266 talia
3260 5201 3716 5289 perspicuitatis
3771 5225 3959 5267 causa
4011 5201 4278 5290 adjicere
4336 5205 4532 5271 solere

2841 5303 3216 5369 Marsilium.

2922 5446 3011 5457 —
3047 5410 3144 5472 16.
3192 5409 3363 5472 Οὕτω
3408 5407 3479 5487 δὴ
3519 5408 3710 5487 τιμίου
3755 5407 3849 5471 καὶ
3894 5410 4055 5472 θείου
4099 5410 4271 5478 ὄντος
4305 5411 4535 5495 χρήμα-

2838 5535 2939 5577 τος
2993 5514 3094 5589 τῆς
3135 5510 3387 5598 ψυχῆς,]
3467 5508 3761 5575 Similiter
3811 5511 4041 5575 Noster
4097 5533 4163 5598 p.
4195 5533 4344 5598 914.
4387 5513 4430 5581 l.
4465 5520 4536 5582 6.
