5118 6613
1068 529 1195 598 254

1169 706 1236 770 p.
1269 682 1419 761 860,
1456 702 1553 747 10.
1605 686 1729 750 τοῖς
1777 681 2015 769 ἄλλοις]
2093 681 2411 748 Additum
2474 705 2553 748 ex
2612 681 2755 747 eod.

1069 788 1355 851 Moutsc.
1420 787 1560 873 Vig.

1154 926 1240 937 —
1273 908 1370 951 11.
1417 888 1590 952 οὐδὲν
1620 888 1894 972 ἐνεργείᾳ
1924 888 2199 973 εἷσεΐναι]
2255 888 2334 954 In
2369 888 2562 976 priori
2609 888 2756 953 edit.

1063 992 1323 1057 deerant
1339 990 1512 1055 haec:
1561 992 1832 1075 ἐνεργείᾳ
1855 992 2122 1055 εἰσεῖναι.
2202 992 2481 1056 Montac.
2516 990 2761 1078 legebat

1069 1096 1206 1160 οὐδὲ
1257 1094 1529 1177 ἐνέργεια
1573 1097 1839 1158 εἰσεῖναι.
1931 1093 2194 1157 Correxi
2243 1094 2418 1158 οὐδὲν
2469 1097 2758 1180 ἐνεργείᾳ,

1067 1196 1261 1262 dandi
1303 1219 1469 1261 essu.
1561 1195 1842 1260 Verbum
1902 1198 2151 1260 εἶσεῖναι
2199 1197 2449 1264 retineri
2507 1210 2757 1285 potest;

1067 1299 1313 1365 mallem
1345 1315 1553 1366 tamen
1590 1301 1829 1372 ἐνεῖναι,
1863 1314 1935 1363 ut
1973 1298 2187 1386 paullo
2216 1312 2392 1387 post:
2444 1303 2603 1381 ἐνείη
2643 1307 2765 1369 τοῖς

1069 1429 1220 1484 σωμ.
1253 1425 1378 1468 non
1420 1404 1632 1482 εἰσείη.
1687 1404 1829 1490 Vz‘g.

1154 1530 1220 1594 p.
1256 1507 1403 1584 861,
1432 1526 1494 1592 3.
1566 1505 1637 1570 οὐ
1695 1506 1989 1590 σώματος]
2070 1506 2246 1570 Fort.
2300 1510 2405 1569 τοῦ
2450 1505 2549 1570 vel
2593 1507 2759 1571 ὅλου.

1071 1611 1185 1676 Cr.

1154 1750 1243 1763 —
1272 1730 1334 1794 7.
1365 1713 1548 1793 φύσει
1574 1711 1716 1800 μὲν]
1751 1710 2126 1797 Legendum
2150 1709 2401 1775 videtur
2421 1712 2609 1793 φύσιν
2628 1714 2759 1792 μὶν,

1071 1834 1141 1882 ut
1183 1813 1399 1904 paullo
1439 1826 1583 1900 post
1624 1812 1728 1877 lin.
1762 1831 1823 1896 7.
1867 1812 2411 1902 Vigen—Tangit
2456 1814 2759 1904 Chrysip-

1069 1942 1245 2006 pum,
1289 1918 1402 2005 qui
1457 1916 1547 1982 ita
1589 1916 1761 2005 apud
1815 1915 2138 1981 Plutarch.
2190 1915 2271 1980 de
2331 1916 2759 2004 Repugnantt.

1070 2022 1294 2089 Stoioc.
1322 2044 1389 2109 p.
1426 2037 1612 2105 1052.
1648 2021 1726 2084 F.
1763 2042 1823 2107 p.
1860 2038 2006 2102 290.
2040 2021 2290 2107 Wytt.:
2339 2020 2406 2084 τὸ
2433 2020 2666 2103 βρέφος
2694 2024 2763 2087 ἐν

1067 2130 1136 2205 τῇ
1187 2125 1404 2208 γαστρὶ
1453 2126 1637 2207 φύσει
1684 2122 2035 2206 τρέφεσθαι,
2081 2124 2300 2202 νομίζει
2351 2124 2757 2207 (Χρύσιππος)

1068 2229 1331 2311 καθάπερ
1383 2230 1595 2311 φυτόν·
1647 2230 1793 2292 ὅταν
1838 2229 1904 2291 δὲ
1951 2231 2153 2311 τεχθῇ,
2206 2229 2596 2311 ψυχούμενον
2645 2228 2759 2292 ὑπὸ

1064 2337 1170 2397 τοῦ
1198 2332 1371 2415 ἀέρος
1402 2333 1498 2397 καὶ
1527 2332 1936 2410 στομούμενον
1963 2330 2032 2394 τὸ
2067 2334 2299 2411 πνεῦμα
2325 2331 2756 2410 μεταβάλλειν,

1065 2436 1162 2500 καὶ
1190 2438 1464 2518 γίνεσθαι
1491 2440 1659 2510 ζῶον·
1705 2434 1846 2498 ὅθεν
1876 2433 1982 2496 οὐκ
2012 2432 2129 2497 ἀπὸ
2168 2434 2388 2515 τρόπον
2416 2434 2524 2512 τὴν
2551 2434 2759 2518 ψυχὴν

1063 2538 1409 2619 ὦνομάσθαι
1444 2541 1608 2619 παρὰ
1655 2537 1763 2615 τὴν
1804 2538 2006 2619 ψύξιν.
2086 2535 2189 2600 Cf.
2237 2535 2421 2599 etiam
2466 2558 2533 2623 p.
2570 2551 2756 2623 1053.

1062 2646 1153 2709 D.
1184 2658 1249 2708 et
1288 2641 1542 2708 consule
1573 2641 2028 2729 Wyttenbach.
2073 2641 2156 2706 ad
2201 2641 2521 2707 Plutarch.
2561 2642 2642 2707 de
2688 2643 2753 2707 S.

1057 2747 1139 2810 N.
1166 2745 1242 2809 V.
1299 2769 1362 2833 p.
1395 2745 1500 2827 84.
1546 2768 1612 2833 p.
1650 2745 1803 2825 408.
1852 2743 1952 2809 ed.
2002 2745 2209 2809 Oxou.
2262 2760 2327 2809 et
2375 2746 2642 2832 Baguet.
2689 2744 2755 2809 in

1062 2847 1465 2935 Chrysippeis
1491 2871 1559 2935 p.
1595 2847 2298 2935 102.-Etymologiam
2330 2871 2522 2935 supra
2547 2848 2757 2935 attigi-

1063 2971 1204 3013 mus
1229 2949 1313 3013 ad
1341 2972 1409 3037 p.
1440 2967 1591 3034 379.
1621 2950 1709 3013 A.
1761 2951 1874 3013 Cr.

1150 3089 1239 3102 —
1272 3067 1373 3135 17.
1419 3055 1473 3117 εἰ
1514 3051 1582 3114 τὸ
1627 3050 1920 3134 δυνάμει,]
1970 3051 2343 3138 Legendum
2382 3050 2670 3117 existimo
2703 3057 2758 3118 εἰ

1061 3159 1179 3239 γὰρ
1207 3154 1275 3220 τὸ
1304 3153 1565 3235 δυνάμει,
1595 3153 1648 3218 si
1673 3153 1930 3236 γένοιτο,
1960 3153 2133 3241 quod
2173 3154 2477 3241 sequitur,
2505 3154 2755 3220 retineri

1065 3256 1289 3345 placet.
1384 3255 1517 3336 Sin,
1561 3254 1735 3345 quod
1778 3279 1897 3343 ego
1939 3255 2208 3337 mallem,
2239 3257 2476 3341 γένοιτο
2519 3258 2755 3326 delebi-

1064 3376 1191 3443 tur,
1218 3359 1523 3449 particula
1549 3364 1666 3444 γὰρ
1694 3360 1846 3426 nihil
1878 3384 2040 3448 opus
2068 3361 2216 3426 erit:
2265 3385 2380 3426 nec
2417 3362 2753 3451 quicquam

1064 3463 1261 3529 deerit
1287 3462 1370 3528 ad
1399 3462 1518 3528 loci
1546 3462 1655 3550 huj
1666 3486 1738 3527 us
1761 3462 2202 3550 integritatem.
2260 3465 2469 3552 Viger.

1147 3590 1215 3655 p.
1248 3566 1399 3647 862,
1433 3586 1493 3633 2.
1524 3567 1557 3631 δ
1587 3567 1658 3632 οὗ
1687 3566 1959 3654 δυνάμει]
1994 3567 2099 3631 Ita
2126 3580 2293 3632 recte
2325 3570 2607 3632 Montac.
2680 3567 2761 3631 In

1068 3671 1262 3760 priori
1287 3670 1439 3737 edit.
1462 3669 1497 3734 ὃ
1526 3683 1589 3734 et
1618 3670 1689 3734 οὐ
1716 3668 1997 3734 deerant.
2056 3669 2192 3757 νίς.

1146 3813 1233 3827 -
1265 3796 1327 3862 9.
1372 3774 1547 3839 Ἐπεὶ
1589 3774 1683 3858 δὲ]
1750 3773 1957 3838 Ambo
2003 3774 2200 3838 MSS.
2258 3771 2484 3860 Regii:
2544 3772 2643 3837 ἐπὶ
2697 3775 2763 3837 δὲ

1065 3880 1254 3958 ἄλλης
1312 3878 1576 3961 φύσεως.
1621 3889 1809 3940 recte.
1898 3873 2139 3953 Quodsi
2191 3876 2320 3940 ἐπεὶ
2369 3873 2759 3952 retinebitur,

1065 3992 1348 4045 sumetur
1374 4000 1492 4066 pro
1522 3978 1743 4051 ἔπειτα,
1776 3993 1851 4041 ut
1891 3999 2083 4064 supra
2109 3976 2172 4041 in
2207 3976 2471 4041 Platone
2501 3991 2565 4041 et
2613 3976 2759 4042 Plu-

1067 4082 1282 4147 tarcho
1301 4104 1404 4146 me
1431 4081 1760 4146 observare
1787 4078 2080 4143 memini:
2116 4093 2392 4164 tuncque
2422 4077 2758 4166 legendum

1066 4184 1183 4247 erit
1214 4184 1343 4247 ἐπεὶ
1386 4186 1451 4247 δὲ
1491 4184 1681 4262 ἄλλης
1719 4184 1957 4263 φύσεως
1994 4181 2146 4263 πέρι,
2185 4187 2280 4246 δεῖ
2324 4210 2373 4246 κ.
2393 4209 2450 4247 τ.
2470 4190 2534 4246 λ.
2623 4182 2761 4247 Nisi

1069 4301 1273 4350 tamen
1319 4285 1384 4350 in
1426 4284 1534 4350 illo
1578 4284 1878 4371 gignendi
1917 4306 2065 4349 easu
2093 4283 2192 4348 vel
2236 4284 2414 4368 χάριν
2441 4283 2540 4349 vel
2586 4286 2762 4349 ἕνεκα

1069 4389 1389 4457 subaudiri
1433 4390 1657 4478 placet.
1718 4391 2206 4478 {sigen—Hanc
2265 4389 2627 4454 sententiam
2682 4389 2763 4454 de

1068 4494 1295 4572 anima,
1327 4508 1625 4581 tanquam
1669 4495 1937 4578 ἁρμονίᾳ,
1983 4493 2157 4581 quod
2202 4491 2446 4571 attinet,
2477 4507 2630 4558 nota
2670 4508 2765 4558 est

1069 4596 1410 4684 disputatio
1438 4598 1502 4662 in
1538 4596 1896 4671 Phaedone3
1945 4595 2027 4661 ad
2062 4619 2250 4684 quem
2293 4596 2500 4663 locum
2544 4618 2765 4661 consu-

1073 4701 1182 4765 lito
1210 4700 1660 4788 Wyttenbaoh.
1691 4722 1758 4788 p.
1794 4702 2095 4787 248.sqq.
2128 4714 2193 4765 et
2219 4699 2489 4765 eundem
2519 4698 2583 4765 in
2618 4698 2761 4764 Phi·

1072 4804 1370 4869 lomathia
1400 4805 1540 4869 111.
1577 4820 1679 4888 70.
1755 4803 1859 4868 Cf.
1891 4826 2038 4890 quae
2082 4825 2272 4890 supra
2315 4801 2640 4889 posuimus
2681 4802 2765 4866 ad

1073 4931 1137 4994 p.
1185 4924 1334 4992 307.
1382 4908 1464 4971 E.
1513 4920 1577 4970 et
1618 4928 1684 4993 p.
1714 4906 1865 4990 458.
1895 4909 1984 4970 A.
2079 4903 2361 4969 Platonis
2404 4904 2765 4992 Plotinique

1073 5008 1578 5096 disputationem,
1609 5030 1739 5094 qua
1783 5006 1916 5071 haec
1961 5006 2265 5070 sententia
2306 5005 2631 5085 refellitur,
2660 5029 2767 5070 ex-

1072 5111 1295 5199 cerpsit
1329 5110 1675 5197 Gregorius
1703 5111 2027 5197 Nyssenus
2055 5107 2134 5172 de
2157 5108 2394 5173 Anima
2420 5132 2482 5196 p.
2506 5125 2606 5192 95.
2635 5131 2764 5195 seq.

1077 5214 1217 5298 (ubi
1245 5213 1383 5300 lege
1411 5215 1660 5293 Σιμμίας
1687 5235 1805 5301 pro
1835 5213 2068 5292 Σιμίας)
2109 5212 2217 5276 Cr.

1161 5355 1249 5367 ——
1283 5320 1382 5381 16.
1403 5314 1548 5381 Ὅτι
1575 5318 1640 5380 δὲ
1671 5315 1992 5403 αδύνατον]
2032 5313 2319 5379 Eandem
2355 5312 2764 5379 Harmoniam

1077 5419 1372 5485 refellunt
1401 5417 1585 5484 Plato
1622 5418 1687 5482 in
1717 5416 2040 5483 Phaedone
2067 5417 2214 5503 388.
2245 5436 2390 5502 390.
2422 5437 2569 5503 39¹·
2622 5416 2770 5481 Ari-

1080 5521 1327 5588 stoteles
1355 5521 1467 5586 lib.
1504 5523 1560 5587 1.
1595 5521 1675 5587 de
1702 5520 1909 5587 anima
1936 5544 2074 5608 cap.
2104 5542 2166 5602 4.
2216 5520 2447 5587 Plotini
2479 5519 2765 5599 rationeS,

2043 509 2873 575 ANNo'rA'rIONEs
2939 509 3051 573 IN
3116 489 3565 575 PLoTer

2842 680 2894 747 si
2940 699 3313 769 postremam
3359 682 3648 771 excipies,
3691 682 3928 748 eaedem
3957 683 4088 752 fere
4130 708 4274 750 cum
4322 685 4533 752 Plato·

2844 784 3017 865 nicis,
3048 785 3157 851 sed
3186 785 3437 851 brevius
3466 787 3861 875 pressiusque
3888 787 4179 853 collectae.
4237 791 4445 879 Vigor.
4489 827 4495 834 ·

2933 913 2993 977 p.
3027 890 3177 976 863,
3212 909 3269 954 2.
3318 892 3491 972 ὑγεία
3540 889 3616 956 ἂν
3673 891 3787 975 εἴη]
3839 891 4212 958 Aristoteles
4266 891 4402 958 loeo
4456 894 4538 959 ci-

2847 1007 3016 1058 tato:
3065 995 3299 1075 ἁρμόζει
3344 995 3410 1058 δὲ
3454 999 3691 1074 μᾶλλον
3737 993 3861 1058 καθ’
3904 997 4132 1077 ὑγιείας
4172 996 4399 1080 λέγειν,
4443 999 4537 1062 καὶ

2846 1099 3001 1164 ὅλως
3027 1102 3144 1161 τῶν
3174 1103 3518 1176 σωματικῶν
3541 1099 3785 1179 ἀρετῦν,
3809 1093 3846 1176 ἢ
3869 1101 4019 1162 κατὰ
4042 1103 4265 1183 ψυχῆς.
4323 1101 4530 1189 Viger.

2932 1237 3021 1249 —
3047 1215 3111 1284 5.
3157 1200 3265 1279 τὴν
3322 1201 3638 1290 ἁρμονίαν]
3706 1200 4003 1287 Trajecta
4046 1201 4184 1267 haec
4239 1218 4418 1270 emnt
4472 1202 4537 1267 in

2848 1301 3039 1390 priori
3084 1301 3370 1366 editione.
3462 1300 3825 1389 Legebatur
3858 1302 4064 1368 enim:
4115 1310 4243 1373 ταῖς
4298 1310 4539 1389 χορδαῖς

2849 1408 3039 1487 λόγον
3067 1405 3287 1488 ἔχοντα
3313 1406 3422 1485 τὴν
3449 1407 3737 1488 ἁρμονίαν
3767 1406 3902 1489 παρ’
3934 1407 4109 1494 αὐτῷ.
4178 1410 4405 1496 Longe
4431 1431 4539 1497 ap-

2849 1509 2970 1574 tior
3020 1531 3219 1574 nexus
3265 1507 3392 1587 ille,
3436 1531 3629 1596 quem
3672 1532 3752 1573 ex
3800 1511 4080 1576 Montac.
4128 1510 4530 1576 restituimus.

2861 1613 3072 1700 Viger.

2933 1753 3022 1765 —
3052 1733 3109 1798 7.
3154 1713 3289 1798 παρ’
3322 1717 3514 1780 αὐτῶν
3575 1715 3756 1801 [Eus.
3801 1715 4048 1805 αὗτῶνῙ,
4090 1716 4211 1782 οὔτ’
4248 1719 4527 1802 ἐνταῦθα]

2853 1820 3014 1883 Haec
3056 1818 3241 1884 etiam
3285 1831 3430 1884 ante
3462 1817 3701 1884 hiantia
3744 1820 4028 1886 Montac.
4075 1818 4375 1908 implevit.
4432 1823 4531 1883 Vi-

2839 1943 2985 2010 ger.

2931 2063 3020 2076 —
3053 2044 3153 2089 10.
3199 2026 3309 2104 τὴν
3352 2024 3517 2105 τάξιν
3569 2053 3621 2090 κ.
3643 2050 3700 2090 τ.
3719 2026 3814 2114 λ.]
3863 2024 4131 2090 Brevius
4167 2046 4242 2089 ac
4289 2023 4532 2103 melius,

2847 2151 3037 2217 quam
3069 2144 3141 2193 ut
3168 2128 3233 2192 in
3265 2129 3545 2194 Montac.
3580 2126 3741 2193 Cod.
3773 2129 3868 2193 καὶ
3895 2130 4002 2208 τὴν
4029 2127 4195 2208 τάξιν
4222 2128 4328 2192 οὐκ
4346 2129 4413 2192 ἐκ
4436 2132 4536 2208 τῆς

2846 2236 3045 2315 ψυχῆς
3090 2229 3228 2298 ἀλλ’
3282 2231 3464 2309 αὐτὴν
3522 2233 3589 2295 ἐκ
3637 2234 3739 2311 τῆς
3787 2232 4115 2312 αὐτομάτου
4161 2230 4379 2311 τάξεως
4426 2232 4532 2311 τὴν

2844 2338 3054 2400 ὑποστ.
3090 2337 3288 2417 εζληφ.
3348 2334 3559 2421 Viger.

2928 2475 3017 2488 —
3052 2455 3148 2521 17.
3194 2435 3387 2520 Ἀρχὴ
3429 2439 3545 2519 γὰρ
3590 2435 3871 2516 κινήσεως
3908 2437 4014 2516 ἥδε
4040 2440 4387 2520 χορηγοῦσα
4413 2443 4535 2504 τοῖς

2844 2542 3053 2608 ἄλλοις
3071 2542 3326 2624 κίνησιν]
3355 2539 3569 2604 Ducta
3586 2554 3735 2604 sunt
3752 2539 3887 2604 haec
3903 2562 3982 2604 ex
4003 2538 4385 2604 nobilissimo
4399 2538 4533 2604 looo

2844 2642 3125 2707 Platonis
3153 2642 3214 2707 in
3246 2641 3523 2707 Phaedro
3551 2665 3615 2730 p.
3653 2661 3799 2727 245.
3831 2644 3886 2708 C
3915 2667 3931 2705 ε
3975 2647 4146 2707 πᾶσα
4180 2641 4354 2727 ψυχὴ
4387 2642 4528 2708 ἀθά-

2845 2770 3035 2812 νατος.
3080 2746 3148 2809 τὸ
3177 2748 3294 2828 γῖιρ
3323 2746 3653 2825 ἀεικίνητον
3680 2746 4001 2810 ἀθάνατον
4048 2745 4117 2810 τὸ
4147 2743 4195 2810 δ’
4227 2748 4383 2812 ἄλλο
4412 2771 4531 2810 κιν·

2842 2853 2948 2912 οῦν
2991 2849 3086 2913 καὶ
3125 2846 3221 2913 ὑπ’
3254 2850 3445 2913 ἄλλου
3487 2850 3852 2927 κινούμενον,
3894 2852 4132 2912 παῦλαν
4177 2848 4323 2932 ἔχον
4368 2848 4527 2928 xcvii·

2842 2976 3011 3025 σεως,
3040 2955 3278 3015 παῦλαν
3307 2951 3435 3035 ἔχει
3474 2954 3619 3029 ζωῆς
3663 2978 3710 3014 κ.
3732 2976 3783 3013 τ.
3802 2957 3867 3014 λ.
3908 2974 4055 3038 quae
4081 2951 4268 3017 vertit
4310 2951 4528 3017 Cicero

2842 3050 2902 3113 in
2957 3049 3247 3116 Tuscull.
3302 3052 3360 3116 Ι.
3399 3071 3502 3137 23.
3550 3065 3613 3116 et
3668 3050 3732 3116 in
3788 3054 4002 3117 Somn.
4058 3054 4223 3141 Soip.
4275 3076 4415 3141 oep.
4464 3053 4525 3118 8.

2845 3151 3005 3238 [Cio.
3037 3153 3117 3218 de
3153 3155 3317 3241 nep.
3353 3155 3467 3217 VI.
3504 3174 3608 3239 25.
3641 3177 3708 3241 p.
3738 3171 3887 3240 504.
3931 3178 4065 3243 sqq.
4112 3155 4216 3220 ed.
4265 3158 4523 3223 Moseri.

2841 3256 2979 3323 coll.
3012 3255 3096 3321 ib.
3141 3280 3206 3345 p.
3238 3274 3390 3343 537.
3421 3259 3592 3344 sqq.]
3633 3271 3697 3322 et
3740 3257 3923 3323 multi
3966 3276 4425 3347 expresserunt,
4465 3261 4529 3326 in

2840 3360 2938 3423 his
2968 3359 3269 3447 Origenes
3296 3362 3430 3443 περὶ
3459 3364 3624 3445 ἀχῶν
3655 3362 3793 3425 111.
3832 3382 3883 3426 1.
3914 3383 3978 3449 p.
4016 3363 4152 3427 108.
4186 3386 4278 3451 sq.
4323 3365 4529 3431 Ruaei.

2845 3464 3089 3526 —Mox
3118 3462 3419 3527 formula:
3463 3462 3537 3542 ἣν
3565 3465 3907 3546 ἀνώλεθρον
3931 3465 4025 3529 καὶ
4053 3465 4353 3531 ἀθάνατον
4382 3467 4533 3533 εἶναι

2847 3570 2941 3629 δεῖ
2956 3589 3033 3629 ex
3066 3564 3387 3629 Phaedone
3412 3563 3702 3630 desumta
3730 3564 3960 3631 multos
3986 3565 4326 3633 imitatores
4353 3584 4534 3635 nacta

2845 3679 2959 3733 est.
3024 3669 3168 3733 vid.
3228 3668 3532 3735 Phaedon.
3581 3691 3645 3757 p.
3703 3670 3844 3733 106.
3899 3670 3978 3733 B.
4032 3693 4095 3757 p.
4139 3690 4282 3752 104.
4330 3671 4528 3736 Bekk.

2849 3770 3124 3835 Consule
3169 3770 3621 3858 Wyttenbach.
3664 3770 3747 3835 ad
3783 3795 3927 3838 eum
3972 3771 4177 3837 locum
4221 3797 4287 3861 p.
4324 3775 4535 3839 280—

2852 3873 2994 3960 283.
3045 3888 3108 3938 et
3149 3887 3361 3940 annot.
3405 3888 3680 3939 nostram
3714 3875 3779 3938 in
3823 3874 4030 3940 Procli
4077 3877 4284 3942 Instit.
4318 3878 4531 3943 Theo-

2846 3974 2969 4063 log.
2999 3999 3058 4039 c.
3097 3977 3237 4058 187.
3270 3997 3332 4062 p.
3367 3976 3515 4059 278.
3546 3998 3663 4063 sq.‚
3689 3975 3797 4040 ubi
3824 3975 4009 4041 etiam
4040 3976 4119 4041 de
4145 3977 4361 4043 formis
4389 3982 4527 4044 ἀνό-

2845 4083 3065 4160 λεθρον
3107 4092 3172 4141 et
3216 4079 3556 4161 ἀνώλεθρον
3583 4077 3819 4143 dictum
3852 4092 3967 4158 est,
3995 4095 4060 4144 et
4095 4079 4308 4168 plures
4335 4081 4535 4171 philo-

2847 4181 3185 4269 sophorum
3216 4179 3355 4259 loci,
3385 4181 3446 4245 in
3491 4180 3588 4245 his
3624 4180 3727 4246 hic
3759 4181 3893 4269 ipse
3927 4181 4335 4263 Plotinianus,
4363 4184 4535 4250 citati

2848 4300 3014 4349 sunt.

2934 4409 2998 4474 p.
3031 4389 3178 4472 865,
3211 4390 3274 4451 6.
3319 4387 3618 4467 Λάβωμεν
3639 4389 3704 4450 δὲ
3731 4387 3957 4471 ψυχὴν,
3980 4387 4060 4468 μὴ
4080 4389 4188 4467 τὴν
4219 4390 4287 4453 ἐν
4308 4392 4533 4470 σάματι

2857 4488 3214 4573 (articulum
3244 4513 3365 4553 non
3397 4504 3743 4577 agnoscunt
3785 4489 4037 4578 plurimi
4076 4493 4300 4578 nostri)
4333 4496 4529 4559 ἐπιθυ-

2846 4595 2983 4672 μίας
3011 4594 3268 4675 ἀλόγους
3303 4594 3397 4656 καὶ
3440 4593 3652 4673 θυμοὺς
3692 4595 4192 4679 προσλαβοῦσαν]
4246 4595 4392 4661 Post
4420 4620 4529 4661 vo·

2850 4718 2981 4759 cem
3014 4696 3226 4776 θυμοὺς
3254 4696 3314 4758 in
3350 4695 3511 4758 Cod.
3547 4694 3817 4760 Vindob.
3850 4697 3938 4760 A.
3972 4712 4322 4783 sequuntur
4359 4697 4530 4764 haec:

2850 4824 2915 4863 τε
2946 4800 3283 4879 δικαιοσύνη
3314 4800 3521 4880 ἀνδρία
3546 4823 3613 4862 τε
3643 4798 3738 4862 καὶ
3773 4801 3834 4862 αὶ
3867 4800 4052 4863 ἄλλαι
4087 4802 4289 4882 ἀρεταὶ
4319 4830 4369 4866 κ.
4392 4829 4445 4866 τ.
4469 4810 4535 4867 λ.

2851 4899 2912 4964 h.
2943 4925 2997 4965 e.
3031 4924 3124 4979 ea,
3155 4924 3300 4987 quae
3327 4900 3390 4964 in
3420 4898 3556 4963 aliis
3586 4899 3791 4963 Codd.
3824 4900 4025 4987 posita
4054 4917 4202 4967 sunt
4237 4901 4319 4967 ad
4349 4904 4535 4968 finem

2851 5003 3068 5091 capitis
3098 5005 3296 5068 VIII.
3330 5026 3394 5090 p.
3423 5006 3572 5089 463.
3608 5005 3686 5067 C.
3725 5018 3791 5069 et
3832 5027 3976 5091 quae
4016 5003 4248 5071 ibidem
4285 5029 4366 5070 ex
4402 5010 4537 5072 Eu-

2852 5108 3002 5172 sebii
3035 5108 3104 5172 P.
3131 5109 3214 5172 E.
3249 5121 3310 5170 et
3355 5106 3579 5171 nostris
3609 5105 3783 5172 libris
3816 5107 4317 5195 interposuimus.
4411 5110 4538 5175 Sed

2854 5208 3349 5276 vindobonensis
3386 5209 3608 5274 Codex
3650 5209 3877 5275 desinit
3924 5211 3990 5275 in
4034 5212 4276 5277 verbis:
4326 5214 4421 5277 καὶ
4460 5215 4540 5282 ὦς

2852 5316 2927 5379 τᾶ
2952 5315 3064 5393 μὲν
3092 5314 3263 5396 ἄρχει
3283 5339 3349 5377 τε
3381 5314 3474 5377 καὶ
3505 5316 3812 5378 ἐπιστατεῖ
3833 5315 3928 5378 καὶ
3953 5314 4207 5398 μάχεται
4232 5321 4537 5401 πολλαχῇ,

2855 5415 3124 5499 (omissis
3165 5419 3246 5502 τῷ
3292 5418 3548 5501 σώματι)
3594 5437 3739 5503 quae
3780 5415 4080 5503 leguntur
4121 5418 4293 5506 apud
4335 5421 4543 5485 Euse-

2851 5518 3027 5584 bium
3058 5541 3128 5605 p.
3162 5519 3307 5604 835.
3340 5519 3418 5584 Α.
3449 5518 3556 5583 lin.
3589 5536 3651 5603 7.
3681 5533 3745 5584 et
3771 5519 3828 5583 8.
