5118 6613
1098 552 1218 620 172

1094 707 1324 773 amoris
1343 707 1755 797 expultricem
1775 730 1927 787 esse,
1949 707 2157 797 attigit
2178 709 2791 798 nuperrime-Jacobs.

1099 810 1164 875 in
1189 810 1399 875 Lectt.
1426 809 1835 877 Stobensibus
1862 833 1928 898 p.
1969 833 2070 878 10.
2146 813 2340 879 Adde
2368 813 2576 880 locum
2603 814 2798 902 gemi-

1096 936 1252 979 num
1311 914 1529 980 Nostri
1587 914 1749 979 infra
1806 937 1870 1003 p.
1905 932 2053 999 714.
2100 917 2176 981 B.
2230 917 2378 997 (VI.
2422 935 2484 1000 7.
2521 921 2652 995 22.)
2705 917 2799 981 καὶ

1097 1018 1301 1082 τοίνυν
1342 1017 1512 1102 ψυχὴ
1559 1021 1843 1098 λαβοῦσα
1888 1020 1970 1085 εἷς
2020 1020 2203 1098 αὐτὴν
2262 1019 2381 1102 (ita
2428 1019 2796 1106 legendum)

1098 1121 1325 1185 ἐκεῖθεν
1369 1120 1668 1203 ἆποῤῥοὴν
1712 1125 1975 1195 κινεῖται,
2023 1122 2119 1186 καὶ
2159 1123 2655 1206 ἀναβακχεύεται,
2701 1123 2796 1187 καὶ

1096 1225 1352 1306 οἴστρων
1378 1224 1730 1304 πίμπλαται,
1766 1223 1861 1286 καὶ
1892 1223 2035 1305 ἔρως
2064 1225 2310 1307 γίνεται.

1182 1348 1249 1413 p.
1272 1343 1425 1412 539,
1461 1346 1553 1407 14.
1581 1329 1678 1390 διὰ
1697 1325 1766 1389 τὸ
1788 1325 1869 1405 μὴ
1893 1326 2059 1409 ἔχειν
2087 1327 2155 1391 τὸ
2172 1329 2387 1414 μίγμα]
2421 1330 2583 1394 Haec
2607 1329 2797 1394 verba

1096 1426 1386 1517 pluribus
1415 1428 1620 1493 verbis
1658 1428 2138 1516 circumscripsit
2171 1429 2372 1495 Ficin.
2419 1430 2601 1495 Libri
2631 1430 2795 1496 enim

1098 1530 1251 1595 nihil
1283 1531 1604 1609 exhibent,
1635 1528 1752 1595 nisi
1782 1530 1954 1617 quod
1988 1530 2227 1597 Editio.

1181 1671 1269 1683 —
1306 1635 1406 1699 16.
1451 1635 1583 1698 ἐπεὶ
1612 1634 1709 1698 καὶ
1736 1633 1804 1697 τὸ
1839 1633 2180 1718 εὐμήχανον
2211 1636 2385 1722 αὐτῷ,
2429 1639 2527 1700 διὸ,
2558 1637 2668 1716 τὴν
2698 1637 2797 1700 ἓν·

1095 1738 1293 1826 δειαν]
1343 1736 1468 1801 His
1505 1735 1715 1801 verbis
1758 1750 1918 1801 tecte
1953 1737 2169 1801 divino
2213 1736 2465 1802 Platoni
2508 1739 2796 1826 obloqui-

1096 1854 1203 1905 tur
1261 1838 1569 1906 PlotinuS.
1662 1841 1767 1904 En
1815 1838 1966 1904 audi
2012 1838 2190 1904 illum
2242 1839 2303 1904 in
2351 1842 2682 1928 Symposio
2728 1864 2793 1929 p.

1098 1963 1246 2031 203.
1281 1966 1343 2032 p.
1374 1963 1525 2030 430.
1561 1941 1965 2022 Bekk.-rhv
1992 1947 2095 2023 τῆς
2127 1942 2346 2025 μητρὸς
2385 1945 2572 2026 φύσιν
2619 1944 2796 2026 ἔχων,

1100 2047 1195 2111 ἀεὶ
1223 2047 1420 2132 ἐνδείᾳ
1448 2047 1733 2126 ξύνοικος.
1786 2049 1933 2111 κατὰ
1962 2048 2027 2110 δὲ
2057 2047 2131 2112 αὖ
2161 2046 2267 2111 τὸν
2294 2047 2522 2129 πατέρα
2553 2050 2796 2128 ἐπίβου-

1095 2151 1205 2217 λός
1252 2151 1383 2213 ἐστι
1435 2154 1557 2217 τοῖς
1615 2155 1816 2216 καλοῖς
1861 2148 1956 2213 καὶ
2000 2155 2122 2217 τοῖς
2167 2151 2598 2232 ἆγαθοῖς-ἆεί
2636 2176 2800 2217 τινας

1096 2252 1337 2318 πλέκων
1378 2251 2081 2337 μηχανός.-Οωιει·υηι
2127 2251 2189 2317 in
2222 2252 2352 2318 vita
2395 2253 2582 2319 etiam
2627 2276 2795 2317 com·

1095 2356 1272 2420 muni
1309 2355 1631 2420 ferebatur
1675 2354 1857 2434 illud,
1888 2354 2060 2442 quod
2100 2354 2189 2421 ita
2231 2353 2548 2442 eloquitur
2584 2356 2798 2420 Theo-

1091 2460 1286 2525 critus
1342 2458 1406 2523 in
1468 2458 1892 2524 Piscatoribus
1944 2458 2082 2523 init.
2125 2456 2202 2523 ‘A
2247 2460 2427 2523 πενία
2474 2461 2633 2539 μόνα
2694 2458 2797 2526 τάς

1094 2562 1311 2647 τέχνας
1342 2564 1582 2645 ἐγείρει.
1674 2563 1835 2639 Quae
1878 2560 2082 2625 fusius
2123 2560 2395 2649 explicat
2435 2561 2699 2626 Diodor.
2737 2563 2793 2626 I.

1095 2665 1157 2729 8.
1189 2664 1301 2730 ubi
1331 2664 1458 2729 vid.
1491 2663 1866 2752 Wesseling.
1898 2686 1959 2751 p.
2001 2683 2100 2730 12.

1180 2791 1247 2856 p.
1277 2788 1430 2854 541,
1458 2783 1524 2852 5.
1558 2768 1652 2832 καὶ
1683 2769 1751 2832 ἐν
1783 2766 2011 2853 ἑκάστῳ
2040 2769 2203 2849 ἡμῶν
2231 2770 2502 2834 τίθεσθαι
2533 2774 2797 2851 καθαρῶς

1095 2871 1529 2951 νόησιν-ὅθεν
1560 2871 1655 2933 καὶ
1695 2876 1814 2933 τῶν
1844 2873 2053 2935 ἁπλῶν
2080 2871 2220 2951 ἡμῖν
2248 2872 2281 2934 6
2314 2871 2488 2959 ἔρως]
2537 2874 2594 2936 F
2597 2870 2796 2935 icinus

1093 2970 1293 3036 videri
1336 2970 1531 3058 possit
1566 2969 1787 3059 legisse
1826 2973 2097 3036 τίθεσθαι
2141 2976 2235 3036 δεῖ
2258 2972 2357 3036 vel
2393 2974 2549 3042 εἰκὸς
2578 2973 2673 3038 vel
2721 2974 2798 3038 si-

1093 3073 1240 3140 mile
1257 3072 1450 3161 quid:
1484 3089 1626 3161 post
1647 3078 1856 3139 ἁπλῶν
1872 3088 2081 3139 autem
2109 3098 2124 3138 τ
2167 3075 2261 3139 καὶ
2283 3081 2401 3139 τῶν
2429 3078 2647 3140 ὁλικῶν
2669 3076 2797 3141 sive

1097 3205 1152 3242 κ.
1181 3203 1237 3241 τ.
1272 3180 1619 3241 καθολικῶν.
1713 3175 1837 3241 Sed
1868 3175 2010 3241 libri
2042 3178 2243 3242 MSS.
2274 3176 2428 3242 nihil
2457 3177 2720 3243 addunt.

1179 3319 1268 3332 —
1303 3300 1404 3345 10.
1448 3278 1649 3346 Ἀλλὰ
1691 3283 1779 3349 τίς
1818 3282 1851 3345 6
1893 3280 2062 3360 Ζεὺς,
2095 3282 2164 3347 οὗ
2207 3281 2316 3347 τὸν
2361 3285 2546 3362 κῆπον
2592 3282 2794 3372 λέγει]

1096 3383 1228 3449 Fic.
1279 3382 1531 3448 videtur
1572 3383 1828 3471 legisse:
1875 3385 1970 3449 'A.
2023 3410 2078 3450 τ.
2127 3388 2160 3449 6
2209 3387 2357 3454 Ζεὺς
2403 3387 2592 3461 οὗτος,
2642 3387 2711 3450 οὗ
2740 3413 2795 3450 τ.

1095 3517 1149 3554 κ.
1169 3496 1235 3553 λ.
1326 3488 1472 3552 Non
1498 3486 1679 3553 male.
1768 3489 1903 3553 Nos
1933 3500 2141 3553 tamen
2173 3487 2363 3553 libros
2393 3490 2736 3576 sequimur.

1176 3627 1268 3640 -
1301 3611 1398 3656 11-
1429 3592 1466 3672 ἡ
1494 3593 1608 3672 μὲν
1637 3593 1754 3674 γὰρ
1780 3590 2127 3674 Ἀφροδίτη.
2159 3592 2332 3678 ψηὴ
2360 3592 2435 3672 ἣν
2462 3591 2633 3682 ἡμῖν]
2683 3591 2793 3656 Ad

1093 3696 1229 3761 haec
1256 3693 1355 3759 vel
1386 3694 1599 3783 potius
1625 3694 1705 3759 ad
1736 3694 2098 3760 universum
2131 3694 2336 3760 locum
2366 3694 2620 3774 adhibe,
2650 3719 2796 3783 quae

1093 3813 1303 3864 noster
1331 3798 1495 3863 infra
1521 3798 1805 3886 disputat
1834 3822 1897 3886 p.
1935 3801 2082 3882 768.
2114 3801 2192 3864 Β.
2216 3799 2293 3863 C.
2325 3799 2413 3863 D.

1180 3940 1268 3951 —
1294 3902 1378 3966 ib.
1422 3904 1607 3985 λόγος
1635 3904 1703 3966 δὲ
1732 3901 2000 3985 ἐλέγετο,
2031 3909 2151 3968 τῶν
2188 3902 2429 3968 πάντων
2458 3906 2490 3967 6
2536 3900 2794 3988 Πόρος.]

1096 4003 1374 4069 Profecit
1413 4004 1556 4068 hinc
1606 4003 1868 4069 Procius
1895 4004 1957 4068 in
1990 4003 2133 4069 Alc.
2165 4029 2263 4093 pr.
2297 4030 2357 4094 p.
2397 4007 2537 4088 189.
2574 4029 2667 4092 sq.
2698 4003 2795 4069 ed.

1096 4121 1331 4171 nostr.:
1379 4108 1529 4170 οὕτω
1558 4107 1760 4170 τοίνυν
1792 4108 1887 4171 καὶ
1930 4108 1962 4171 6
2010 4107 2348 4189 ἐπιστήμων
2399 4110 2496 4173 καὶ
2536 4111 2569 4171 6
2618 4111 2795 4185 διπλῆ

1097 4211 1442 4290 ἀμαθαίνων
1489 4209 1730 4275 οὐδενός
1777 4212 1896 4273 είσι
1943 4210 2195 4290 ζητηταὶ,
2250 4209 2386 4274 ἀλλ’
2443 4213 2475 4274 6
2532 4212 2647 4290 μὲν
2692 4214 2798 4273 τοῦ

1100 4312 1293 4395 σοφὸς
1316 4311 1468 4376 εἶναι
1499 4312 1594 4375 καὶ
1625 4311 1754 4375 οἷον
1784 4312 1985 4393 Πόρος
2014 4310 2131 4392 (ita
2158 4311 2525 4399 legendum)
2561 4315 2593 4376 6
2623 4315 2689 4376 δὲ
2715 4316 2796 4399 τῷ

1099 4415 1180 4495 μὴ
1223 4417 1411 4499 ἀρχὰς
1453 4419 1559 4479 τοῦ
1611 4420 1803 4493 ζητεῖν
1849 4414 2163 4498 εἰληφέναι
2209 4418 2306 4479 διὸ,
2353 4415 2420 4479 τὸ
2463 4420 2688 4498 ψεῦδος
2730 4415 2797 4478 τὸ

1096 4519 1233 4601 περὶ
1274 4516 1474 4582 αὐτὸν.
1562 4516 1847 4604 Attingit
1888 4517 2053 4582 idem
2099 4520 2333 4583 Πενίαν
2364 4518 2622 4583 Amoris
2663 4541 2795 4582 ma·

1097 4635 1255 4686 trem
1300 4618 1529 4684 dictam
1573 4641 1837 4707 ponem,
1892 4619 2060 4684 hunc
2113 4620 2424 4709 Symposii
2477 4619 2686 4685 locum
2731 4618 2796 4683 in

1102 4722 1384 4787 Platonis
1429 4720 1742 4810 Theolog.
1776 4723 2134 4787 XXVIII.
2168 4745 2232 4810 p.
2268 4724 2372 4788 68.
2405 4738 2568 4787 extr.
2658 4724 2800 4787 Cae-

1101 4842 1304 4892 terum
1353 4826 1674 4914 sequentia
1715 4841 2015 4913 arguunt,
2047 4826 2209 4892 hanc
2237 4826 2515 4891 fabulam
2566 4825 2800 4891 Plotini

1102 4945 1286 4996 aetate
1314 4929 1501 4994 variae
1531 4952 1661 4993 esse
1691 4929 2080 5017 explicatam.
2172 4928 2369 4994 Plane
2411 4929 2673 4993 diversae
2708 4929 2801 4993 in-

1102 5031 1560 5121 terpretationis
1606 5030 1913 5119 specimen
1959 5052 2272 5119 apponam
2318 5055 2395 5095 ex
2443 5030 2719 5117 Origene
2746 5054 2798 5094 c.

1104 5135 1358 5202 Celsum
1394 5133 1513 5199 IV.
1548 5157 1613 5220 p.
1642 5153 1791 5220 533.
1830 5133 2050 5198 Ruaei:
2098 5138 2308 5197 τοῦτον
2339 5135 2404 5197 δὲ
2432 5135 2597 5214 παρὰ
2625 5132 2799 5197 Πλά-

1103 5266 1244 5305 τωνι
1283 5244 1472 5319 μῦθον
1518 5238 1800 5318 ἐξεθέμην
1850 5242 1948 5304 διὰ
1990 5237 2096 5302 τὸν
2133 5235 2268 5319 παρ’
2303 5237 2456 5323 αὐτῷ
2500 5241 2609 5301 τοῦ
2659 5236 2806 5304 Διὸς

1104 5349 1288 5424 κῆπον
1316 5340 1737 5425 παραπλήσιόν
1759 5366 1814 5404 τι
1846 5342 2010 5425 ἔχειν
2041 5345 2326 5404 δοκοῦντα
2354 5344 2434 5427 τῷ
2459 5340 2803 5425 παραδείσῳ

1104 5451 1210 5511 τοῦ
1237 5451 1395 5520 θεοῦ,
1430 5446 1523 5510 καὶ
1553 5444 1660 5523 τὴν
1689 5444 1922 5508 Πενίαν
1949 5447 2030 5530 τῳ
2074 5445 2200 5508 ἐκεῖ
2231 5445 2373 5526 ὄφει
2404 5449 2801 5524 παραβαλλο-

1105 5546 1312 5631 μένην,
1356 5549 1450 5613 καὶ
1499 5547 1609 5612 τὸν
1655 5545 1770 5610 ὑπὸ
1830 5549 1932 5626 τῆς
1988 5546 2214 5612 Πενίας
2260 5546 2806 5625 ἐπιβουλευόμενον

2069 531 2906 603 ANNOTATIONES
2977 539 3091 603 IN
3159 538 3558 603 PLOTIN
3580 536 3614 601 1

2883 713 3106 794 Πόρον,
3131 715 3212 798 τῷ
3243 713 3531 797 ἀνθρώπῳ
3555 707 4073 794 ἐπιβουλευομένῳ
4095 708 4209 772 ὑπὸ
4238 712 4344 773 τοῦ
4364 710 4579 793 ὄφεως.

2883 816 3043 892 Quae
3088 836 3267 901 paene
3312 813 3528 879 eadem
3558 811 3856 900 leguntur
3897 810 4072 899 apud
4117 810 4467 877 Eusebium
4503 814 4576 877 P.

2883 919 2966 982 Ε.
3008 917 3182 981 XII.
3223 936 3323 980 11.
3361 940 3428 1005 p.
3454 916 3607 1000 584.

2967 1043 3030 1107 p.
3062 1037 3218 1106 541,
3248 1036 3345 1105 15.
3390 1019 3497 1083 τὸν
3527 1019 3667 1092 Δία,
3703 1020 3769 1083 ἐκ
3796 1019 3909 1098 μὲν
3938 1019 4351 1099 Φαίδρου-ἐν
4374 1018 4581 1086 ἄλλοις

2882 1126 3039 1188 -ἐν
3069 1127 3148 1210 τῷ
3167 1123 3444 1209 Φιλήβῳ]
3480 1121 3619 1186 Vid.
3654 1119 3936 1185 Platonis
3967 1119 4217 1185 Phaedr.
4247 1143 4315 1207 p.
4349 1123 4494 1201 246.
4516 1144 4575 1208 p.

2882 1245 2989 1307 41.
3007 1224 3207 1290 Bekk.
3232 1225 3459 1289 Timoe.
3483 1247 3547 1311 p.
3568 1242 3672 1305 40.
3699 1246 3763 1312 p.
3785 1242 3889 1304 42.
3920 1222 4119 1288 Bekk.
4151 1223 4260 1306 (cf.
4288 1222 4578 1289 Proclum

2882 1330 2945 1394 in
3003 1328 3332 1416 Cratylum
3369 1330 3426 1412 ξ.
3471 1329 3575 1413 96.
3633 1350 3771 1414 sqq.
3819 1351 3881 1413 p.
3914 1343 4023 1412 52.
4074 1351 4210 1415 sqq.
4264 1326 4577 1411 Boisson.)

2888 1431 3128 1498 Phileb.
3179 1455 3244 1520 p.
3282 1431 3385 1497 28.
3432 1431 3511 1495 C.
3547 1452 3611 1517 p.
3653 1430 3796 1493 168.
3843 1428 4048 1494 Bekk.
4097 1453 4160 1517 p.
4205 1432 4310 1515 36.
4360 1428 4579 1494 Stallb.

2884 1557 3027 1599 cum
3074 1535 3267 1622 hujus
3311 1549 3524 1597 annot.
3556 1531 3638 1597 ad
3670 1534 3732 1616 ξ.
3761 1549 3869 1618 51.
3961 1534 4063 1597 De
4097 1531 4329 1620 placito
4374 1533 4581 1598 Plato-

2886 1639 3193 1716 nicorum,
3226 1639 3318 1701 ὅτι
3362 1641 3497 1705 νοῦς
3531 1640 3662 1701 ἐστι
3699 1637 4012 1716 βασιλεὺς,
4046 1635 4232 1724 plura
4274 1636 4456 1724 posui
4500 1635 4579 1701 ad

2889 1740 3206 1830 Porphyr.
3241 1740 3322 1805 de
3360 1739 3506 1804 Vita
3557 1738 3791 1803 Plotini
3824 1763 3878 1803 c.
3907 1759 3969 1825 3.
4033 1743 4122 1826 (p.
4162 1740 4263 1824 98.
4314 1738 4415 1803 ed.
4463 1741 4582 1805 Fa-

2886 1845 3066 1926 bric.)
3095 1871 3114 1919 ;
3163 1844 3243 1910 cf.
3275 1843 3460 1909 etiam
3492 1865 3685 1930 supra
3710 1841 3794 1907 ad
3821 1866 3888 1931 p.
3925 1860 4030 1924 72.
4054 1843 4140 1906 E.
4241 1843 4460 1929 Atque
4485 1841 4578 1906 di-

2887 1962 3046 2012 serte
3098 1947 3246 2015 Ζεὺς
3291 1952 3426 2013 νοῦς
3474 1944 3704 2011 dicitur
3762 1945 3827 2009 in
3876 1944 4215 2032 Allegoriis
4259 1945 4577 2010 nominum

2887 2052 3170 2115 Deorum
3201 2050 3263 2114 in
3297 2048 3687 2114 Meletemm.
3717 2063 3943 2113 nostrr.
3976 2049 4037 2113 I.
4069 2071 4132 2135 p.
4166 2068 4270 2129 44.

2972 2178 3036 2240 p.
3074 2172 3226 2237 542,
3256 2168 3322 2237 5.
3371 2153 3466 2216 καὶ
3507 2152 3576 2215 τὸ
3622 2155 3724 2231 τῆς
3758 2155 3960 2236 ψυχῆς
3993 2152 4215 2215 ἄκακον
4245 2152 4342 2215 καὶ
4370 2150 4576 2233 ἁβρὸν,

2881 2256 3206 2340 Ἀφροδίτη
3234 2254 3557 2343 λεχθεῖσα]
3606 2256 3751 2319 Non
3776 2270 4094 2318 assecutus
4123 2273 4216 2318 est
4249 2253 4441 2341 hujus
4466 2252 4578 2318 loci

2883 2358 3245 2424 sententiam
3279 2357 3553 2421 FicinuS.
3648 2356 3889 2422 Tribus
3927 2356 4091 2421 enim
4122 2356 4417 2423 extremis
4445 2380 4578 2422 ver·

2881 2463 2977 2527 bis
3023 2462 3281 2527 Veneris
3316 2460 3760 2549 etymologiam
3801 2458 4050 2549 respicit
4092 2458 4396 2541 Plotinus,
4442 2484 4581 2548 quae

2881 2565 2963 2629 ab
2993 2565 3180 2648 ἁβρὸς
3207 2563 3460 2652 proprie
3480 2563 3744 2628 dicenda
3765 2578 3925 2627 esset
3950 2561 4296 2644 Ἀβροδίτη.
4372 2562 4579 2649 Didy-

2882 2692 3023 2732 mus
3070 2691 3174 2755 ap.
3224 2666 3511 2755 Etymol.
3563 2668 3791 2752 Magn.
3848 2689 3912 2753 p.
3979 2684 4119 2749 179.
4164 2665 4462 2731 Heidelb.
4510 2690 4573 2753 p.

2891 2774 3030 2836 162.
3072 2770 3241 2858 Lips.
3275 2783 3337 2834 et
3376 2793 3477 2857 ap.
3514 2771 3735 2857 Etym.
3780 2768 3958 2834 Gud.
3998 2792 4064 2855 p.
4100 2784 4204 2853 97.
4238 2768 4330 2852 (in
4359 2768 4581 2854 Ἀφρο-

2882 2875 3037 2956 δίτη)
3071 2876 3104 2937 6
3135 2876 3199 2938 δὲ
3232 2876 3490 2954 Δίδυμος
3526 2877 3689 2955 παρὰ
3726 2873 3793 2937 τὸ
3833 2872 4027 2953 ἁβρὸν
4071 2877 4173 2951 τῆς
4207 2874 4450 2953 διαίτης.
4495 2879 4575 2939 δι-

2881 2983 3002 3061 χῶς
3031 2979 3095 3041 δὲ
3139 2977 3176 3057 ἡ
3220 2978 3618 3058 ἁβροδίαιτος·
3665 2977 3756 3039 ὅτι
3795 2979 3889 3039 δεῖ
3929 2976 4073 3055 αὐτῇ
4113 2979 4211 3040 διὸ
4251 2976 4320 3040 τὸ
4361 2976 4581 3044 κάλλος

2882 3084 3108 3163 χλιδῆς.
3156 3078 3193 3159 ἢ
3223 3081 3314 3143 ὅτι
3342 3081 3401 3143 οἱ
3439 3081 3825 3162 κατεχόμενοι
3854 3082 3990 3158 τῇδε
4018 3082 4088 3158 τῇ
4119 3082 4234 3165 θεῷ
4275 3082 4456 3162 ἅβροὶ
4488 3080 4580 3145 καὶ

2883 3188 3252 3249 πολυτελεῖς.
3298 3182 3364 3245 τὸ
3392 3188 3440 3261 β
3470 3187 3550 3245 τῶ
3580 3189 3629 3263 φ
3660 3180 3952 3263 συγγενές
3975 3182 4128 3244 ἐστι.
4175 3186 4360 3261 δῆλον
4383 3184 4450 3247 ἐκ
4478 3188 4580 3247 τοῦ

2885 3287 3238 3353 Μακεδόνας
3283 3287 3396 3366 μὲν
3441 3283 3547 3348 τὸν
3595 3284 3901 3349 Φίλιππον
3945 3284 4243 3350 Βίλιππον
4281 3291 4489 3351 καλεῖν
4526 3315 4578 3350 κ.

2884 3414 2938 3452 τ.
2961 3396 3025 3453 λ.

2969 3528 3056 3542 —-
3086 3511 3149 3576 9.
3194 3490 3379 3555 πάλιν
3398 3492 3850 3572 μαρτυρούντων
3870 3492 4057 3577 τούτῳ
4086 3495 4166 3577 τῷ
4189 3492 4355 3578 λόγῳ
4378 3493 4582 3575 ἱερέων

2882 3620 2947 3659 τε
2972 3595 3067 3658 καὶ
3096 3595 3426 3676 θεολόγων,
3458 3593 4223 3683 οῒ-ἄγουσι-λέγουσιν]
4272 3594 4583 3683 Orphioos

2883 3697 3237 3785 horumque
3281 3719 3574 3783 sequaces
3621 3696 4047 3784 Pythagoreos
4098 3697 4333 3784 cogitat
4386 3699 4578 3764 Ploti-

2885 3823 3026 3879 nus,
3077 3822 3190 3864 nec
3240 3799 3448 3864 minus
3504 3799 3877 3887 religionum
3931 3799 4261 3879 antistites,
4306 3824 4574 3887 quorum

2884 3903 3226 3969 doctrinam
3259 3903 3434 3967 novit
3462 3902 3644 3966 etiam
3677 3901 4039 3989 Euripides
4108 3903 4212 3967 Ita
4240 3902 4404 3967 enim
4434 3920 4580 3970 aeta-

2886 4007 2966 4073 tis
2993 4007 3075 4072 ad
3104 4007 3323 4071 coelum
3353 4005 3620 4070 brachiis
3662 4005 3705 4071 J
3712 4027 3979 4069 unonem
4011 4020 4301 4092 precatur
4332 4006 4578 4072 Helena

2880 4111 2945 4176 in
3004 4110 3370 4200 cognomine
3420 4108 3637 4174 fabula
3686 4111 4297 4194 VS.1103.(1096.
4357 4114 4576 4196 1105.)

3383 4343 3411 4374 ν
3447 4342 3497 4373 04
3498 4342 3600 4376 xcix·
3624 4342 3656 4373 fl
3731 4344 3754 4373 ἐ
3831 4341 3859 4374 ν

2888 4415 2989 4481 Cf.
3020 4414 3252 4478 Ezech.
3286 4412 3618 4500 Spanh.1n
3651 4412 4014 4478 Callimach.
4044 4413 4235 4478 Dian.
4266 4416 4406 4498 164.
4437 4435 4575 4498 204.

2888 4518 3171 4583 Timoeus
3217 4517 3461 4580 Locrus
3503 4515 3583 4580 de
3624 4516 3832 4580 anima
3876 4515 4114 4579 Mundi
4153 4540 4219 4604 p.
4250 4534 4402 4603 550.
4435 4518 4578 4583 Gal.

2885 4644 2953 4709 p.
3004 4620 3155 4705 382.
3216 4617 3654 4683 Dema—3250
3703 4621 3768 4683 δὲ
3827 4622 4147 4701 σύνδρομοι
4199 4621 4384 4707 ἀελίῳ
4437 4624 4576 4697 ἐντὶ,

2881 4723 3075 4806 Ἑρμᾶ
3102 4748 3169 4786 τε
3202 4723 3297 4785 καὶ
3315 4720 3532 4803 Ἥρας,
3577 4722 3682 4785 τὸν
3708 4721 4070 4805 Ἀφροδίτας
4109 4723 4206 4786 καὶ
4240 4726 4580 4807 Φωσφόρον

2884 4829 2977 4893 τοὶ
3003 4827 3226 4891 πολλοὶ
3271 4824 3584 4889 καλέοντιε
3634 4831 3678 4863 “
3710 4827 3864 4890 1)υο
3891 4847 4043 4889 vero
4080 4825 4218 4913 pari
4263 4849 4410 4891 cum
4456 4827 4581 4893 sole

2884 4953 3071 4995 cursu
3134 4944 3308 5005 eunt,
3361 4927 3663 4991 Mercurii
3712 4942 3774 4992 et
3830 4928 4103 4992 «Iunonis
4158 4943 4360 5003 astra;
4409 4931 4583 5017 quod

2891 5031 3256 5119 (posterius)
3280 5030 3535 5094 Veneris
3557 5029 3685 5094 sive
3705 5031 4071 5096 Luciferum
4098 5031 4331 5120 vulgus
4347 5036 4583 5099 vocat.”

2891 5136 2996 5200 Cf.
3039 5134 3169 5199 Cic.
3200 5134 3281 5198 de
3319 5135 3402 5198 Ν.
3422 5134 3510 5197 D.
3558 5133 3656 5197 ΙΙ.
3706 5154 3809 5198 20.
3853 5157 3918 5222 p.
3953 5136 4100 5219 287.
4146 5134 4248 5199 ed.
4296 5151 4489 5201 nostr.
4521 5153 4586 5202 et

2892 5237 3153 5315 Mosei-i,
3175 5237 3327 5324 ibiq.
3351 5251 3591 5301 annott.
3622 5236 4194 5324 Mythologumena
4220 5256 4588 5326 persecutus

2891 5363 3027 5405 sum
3076 5340 3140 5404 in
3197 5339 3552 5428 Symbolica
3610 5340 3712 5403 II.
3767 5363 3832 5427 p.
3867 5342 4018 5426 565.
4070 5363 4207 5429 sqq.
4254 5341 4359 5407 ed.
4411 5343 4583 5408 alter.

2888 5441 3074 5508 Adde
3114 5444 3357 5506 Franc.
3408 5441 3779 5530 Inghirami
3824 5441 4226 5507 Monumenti
4276 5445 4587 5511 Etmchi

2889 5546 2971 5612 ad
3001 5545 3128 5611 tab.
3165 5545 3259 5609 X.
3290 5544 3463 5633 degli
3491 5543 3731 5632 ,φασι-1η·
3762 5545 3995 5610 mistio-i
4024 5567 4087 5633 p.
4120 5545 4265 5632 238.
