5118 6613
1337 550 1542 615 LIB.
1576 550 1713 615 IX.
1760 549 2225 615 ENNEAD.
2275 549 2729 627 QUINTAE.
2772 575 2837 641 p.
2874 571 3313 638 1024—1027.

570 719 881 785 dubitatio
928 740 1044 798 est,
1086 737 1149 786 et
1193 721 1253 785 in
1299 721 1531 810 quibus
1569 739 1784 811 ponet,
1829 738 1892 789 et
1930 724 1992 787 in
2034 724 2267 812 quibus

571 847 713 889 non.
741 823 915 910 quod
940 823 1101 887 enim
1132 824 1194 888 in
1219 825 1509 891 omnibus
1538 848 1662 890 non
1695 827 1773 892 sit
1803 826 2111 915 possibile,
2138 849 2268 890 ma-

570 925 862 990 nifestum
909 941 1021 990 est.
1069 949 1193 991 non
1233 926 1395 991 enim
1444 928 1661 1015 utique
1702 928 2094 1016 posuerimus
2135 951 2266 992 esse

570 1030 839 1119 aliquam
885 1028 1144 1095 domum
1190 1046 1418 1117 praeter
1458 1031 1761 1118 quasdam
1802 1031 2041 1108 domoS‚
2086 1031 2255 1119 quod

568 1133 885 1199 consuevit
913 1133 1315 1198 Parmenides
1344 1133 1657 1199 dubitare:
1695 1134 1814 1200 hoc
1837 1149 1897 1199 et
1928 1135 2062 1223 ipse
2090 1157 2262 1221 quae-

568 1238 670 1315 rit,
699 1237 761 1302 in
793 1235 1024 1324 quibus
1052 1250 1145 1301 est
1175 1236 1339 1313 idea,
1369 1252 1431 1301 et
1459 1260 1729 1324 quorum
1762 1260 1909 1302 non.
1954 1241 2259 1302 Accurate

568 1340 761 1428 igitur
810 1339 875 1403 in
919 1337 1395 1404 Commentariis
1439 1337 1504 1402 in
1556 1338 1984 1403 parmenidem
2028 1361 2067 1403 a
2111 1338 2259 1403 divo

572 1442 916 1509 Iamblicho
954 1441 1034 1507 de
1073 1441 1170 1505 his
1206 1440 1444 1506 dictum
1475 1456 1589 1521 est,
1622 1440 2018 1529 positumque
2059 1456 2155 1506 est
2196 1456 2261 1506 et

566 1544 735 1633 apud
767 1546 1090 1610 Plotinum
1133 1544 1197 1608 in
1241 1544 1728 1609 consideratione
1757 1547 1831 1610 de
1858 1546 2169 1611 intellectu
2200 1555 2260 1610 et

566 1649 640 1713 de
665 1650 978 1736 speciebus
1004 1658 1065 1713 et
1090 1648 1166 1711 de
1195 1649 1393 1712 ente.”
1481 1648 1584 1712 Cf.
1616 1646 1769 1712 ibid.
1801 1647 1908 1712 fol.
1937 1666 2039 1713 20.
2062 1671 2116 1712 a.
2153 1647 2260 1713 ubi

568 1752 711 1816 item
748 1750 1035 1816 Plotinus
1060 1749 1123 1814 in
1157 1750 1370 1814 eadem
1404 1773 1592 1815 causa
1634 1750 1947 1829 laudatur,
1981 1774 2092 1815 nec
2136 1750 2252 1815 mi-

566 1877 687 1919 nus
728 1853 839 1918 fol.
871 1858 933 1919 6.
979 1876 1037 1917 a.
1069 1853 1130 1918 b.
1211 1852 1390 1918 Idem
1442 1855 1742 1942 Syrianus
1783 1854 1892 1919 fol.
1925 1874 2030 1940 35.
2074 1876 2131 1919 a.
2170 1854 2250 1919 b:

567 1968 611 1997 ‘⁶
644 1957 877 2045 Incipit
917 1955 1347 2040 (Aristoteles)
1388 1956 1470 2022 ad
1512 1957 1872 2045 oppositum
1916 1980 2252 2044 argumen-

569 2062 706 2140 tari,
750 2075 814 2127 et
861 2061 1012 2126 dicit
1067 2061 1333 2126 maxime
1382 2061 1647 2127 dubium
1705 2085 1837 2127 esse
1885 2064 2096 2150 ipsum
2146 2084 2257 2127 em

568 2164 1064 2253 supponentibus
1107 2187 1447 2229 sermonem
1489 2166 1563 2229 dc
1595 2165 1952 2230 substantia
1993 2167 2251 2231 entium.

567 2267 737 2356 quod
769 2266 1021 2355 quidem
1054 2266 1370 2355 profunda
1396 2267 1805 2332 consideratio
1830 2267 1929 2346 sit,
1959 2292 2089 2355 quo
2117 2291 2258 2355 pac-

565 2390 630 2438 to
658 2395 735 2436 ex
767 2394 916 2448 uno,
947 2369 1179 2435 nullam
1210 2369 1637 2459 duplicitatem
1684 2393 1796 2436 nec
1841 2370 2259 2436 multitudinis

565 2473 985 2564 apparentiam
1033 2473 1302 2538 habente
1329 2473 1391 2537 in
1423 2496 1486 2537 se
1514 2473 1672 2560 ipso,
1702 2495 1905 2560 neque
1933 2473 2253 2539 diversita-

569 2595 716 2655 tem,
745 2576 953 2643 omnia
995 2576 1366 2656 subsistunt,
1405 2576 1720 2642 declarant
1749 2577 2064 2655 Plotina-5,
2096 2579 2251 2642 Por-

565 2680 848 2770 phyriuS,
882 2678 1267 2744 lamblichus
1308 2695 1371 2745 et
1410 2702 1646 2758 omnes,
1675 2679 1784 2767 qui
1814 2680 2260 2745 consideratius

567 2786 727 2852 circa
769 2784 888 2848 hoc
931 2782 1252 2871 problema
1279 2782 1503 2848 versati
1536 2785 1741 2847 sunt.”
1828 2783 2122 2870 Denique
2149 2782 2255 2847 fol.

570 2892 674 2975 65.
706 2911 763 2952 a.
808 2900 1211 2975 posteaquam
1251 2887 1562 2974 exposuit,
1595 2895 1639 2926 “
1662 2909 1927 2975 quorum
1960 2888 2255 2973 (entium)

567 2993 722 3057 ideae
748 2993 902 3070 sint,
930 3013 1202 3078 quorum
1232 2988 1417 3069 non‚'’
1441 2990 1529 3054 ita
1555 2989 1798 3078 pergit:
1851 2998 1896 3030 “
1920 2992 2080 3069 Quae
2109 3013 2258 3055 vero

569 3094 709 3161 solis
750 3093 1118 3181 corporibus
1164 3093 1475 3171 accidunt,
1520 3093 1583 3156 in
1631 3109 1873 3159 naturae
1916 3093 2259 3160 rationibus

568 3197 1005 3263 determinatas
1032 3197 1265 3263 habent
1294 3220 1509 3262 causas
1538 3219 1613 3261 ex
1649 3196 1977 3262 Iamblichi
2013 3213 2254 3262 senten-

568 3301 668 3367 tia.
715 3315 890 3367 notat
934 3323 1205 3389 namque
1233 3301 1548 3380 Plotinam,
1577 3323 1701 3365 non
1732 3323 1862 3366 esse
1904 3300 2254 3389 ponendam

568 3406 769 3472 ideam
815 3404 1116 3470 albedinis
1159 3404 1223 3468 in
1268 3403 1608 3469 intellectu.
1696 3405 1843 3468 Non
1887 3427 2038 3491 ergo
2080 3405 2260 3492 cujus

567 3524 660 3576 est
687 3531 853 3574 unus
877 3508 941 3573 in
971 3506 1184 3573 multis
1209 3523 1570 3594 conceptus,
1601 3506 1794 3593 hujus
1821 3506 1963 3572 idea
1988 3521 2080 3572 est
2111 3509 2260 3572 &c.''

573 3615 680 3678 Tu
727 3611 811 3678 cf.
858 3634 1050 3698 supra
1093 3634 1157 3699 p.
1194 3612 1336 3675 181.
1384 3610 1495 3675 ubi
1539 3609 1841 3673 albedinis
1886 3610 2259 3676 mentionem

568 3715 717 3781 facit
767 3713 1071 3793 Plotinus,
1118 3730 1181 3778 et
1239 3713 1452 3778 confer
1499 3712 1684 3777 etiam
1737 3713 2140 3800 Simplicium
2190 3714 2254 3779 in

571 3816 927 3884 Aristotelis
957 3814 1226 3905 Physica
1267 3815 1375 3879 lib.
1409 3816 1467 3879 Ι.
1507 3829 1834 3879 comment.
1870 3832 1971 3899 25.
2001 3814 2110 3881 fol.
2147 3834 2252 3900 27.

568 3921 628 3986 b.
672 3920 775 3986 ed.
806 3919 1056 3984 Latinae
1100 3917 1461 3983 Parisiensis
1500 3917 2034 4005 1544.—Anglice
2074 3918 2258 3984 vertit

569 4023 735 4089 hunc
762 4022 995 4088 librum
1033 4023 1120 4085 T.
1142 4020 1385 4110 Taylor
1414 4020 1476 4084 in
1512 4020 1714 4085 Select
1743 4018 1977 4085 Works
2004 4021 2079 4085 of
2110 4021 2254 4085 Plo-

566 4127 732 4194 tinus
758 4150 824 4215 p.
850 4126 992 4208 284.
1025 4148 1161 4212 sqq.

652 4254 719 4319 p.
750 4233 939 4308 1026,
968 4249 1026 4313 9.
1059 4226 1295 4295 Πάντες
1323 4224 1982 4309 ἅνθρωποι-αἰσθήσει
2009 4226 2123 4308 πρὸ
2155 4231 2262 4292 νοῦ

568 4331 931 4419 χρησάμενοι
960 4359 1010 4396 κ.
1036 4357 1090 4396 τ.
1108 4331 1204 4419 λ.]
1239 4329 1552 4417 Congruit
1579 4328 1699 4392 hoc
1725 4343 1916 4415 caput
1944 4352 2085 4393 cum
2118 4330 2264 4395 Pla-

574 4449 718 4503 tone
746 4435 810 4500 in
830 4433 1137 4500 Phoedon.
1167 4456 1231 4521 p.
1257 4435 1358 4497 81.
1390 4454 1456 4519 p.
1478 4450 1582 4517 52.
1608 4455 1702 4519 sq.
1729 4430 1932 4497 Bekk.
1963 4432 2041 4497 ad
2074 4456 2260 4519 quem

574 4539 776 4605 locum
808 4537 1039 4602 adhibe
1068 4534 1630 4624 Wyttenbachium
1663 4557 1730 4621 p.
1764 4535 1910 4599 208.
1985 4536 2265 4624 Respicit

574 4641 839 4709 eundem
861 4640 1142 4706 Platonis
1167 4637 1372 4704 locum
1397 4636 1692 4726 Synesius
1714 4660 1780 4724 p.
1807 4656 1947 4718 144.
1970 4638 2049 4702 ad
2074 4662 2260 4726 quem

574 4742 967 4833 Nicephorus
1013 4741 1075 4805 in
1121 4739 1382 4806 Scholiis
1435 4763 1493 4828 p.
1525 4759 1678 4825 394.
1725 4738 1850 4803 itae
1903 4741 2002 4820 (τῇ
2050 4743 2260 4822 φύσει)

573 4854 753 4914 ταῦτα
778 4851 893 4929 μὲν
917 4850 1019 4926 τῆς
1047 4843 1374 4911 Πλάτωνος
1405 4843 1606 4928 ἔχεται
1634 4843 1820 4923 δόξης,
1854 4842 1969 4926 οὐχ
1992 4843 2170 4922 ἦττον
2199 4846 2264 4908 δὲ

576 4952 669 5015 καὶ
710 4954 812 5030 τῆς
858 4952 963 5014 τοῦ
1011 4948 1348 5012 Πλωτίνου.
1393 4948 1546 5029 φησὶ
1590 4948 1706 5029 γὰρ
1746 4949 1780 5010 ὁ
1822 4951 2132 5014 Πλωτῖνος
2173 4949 2263 5012 ὅτι

573 5053 789 5122 πάντες
816 5053 1114 5134 ἄνθρωποι
1143 5079 1196 5115 κ.
1216 5075 1268 5113 τ.
1288 5057 1350 5114 λ.
1432 5048 1748 5113 Nimirum
1781 5063 1979 5113 totum
2011 5047 2131 5113 hoc
2160 5072 2260 5114 ca-

571 5171 690 5247 put
736 5156 1007 5245 primum
1055 5153 1184 5220 suis
1229 5151 1491 5219 Scholiis
1532 5149 1904 5239 interposuit
1949 5151 2262 5239 Nicepho-

574 5283 699 5326 rus,

644 5363 730 5429 ib.
763 5360 1109 5447 γενόμενοι]
1142 5359 1289 5424 Non
1317 5354 1597 5445 agnoscit
1626 5356 1687 5419 N
1692 5353 2038 5442 icephorus.
2087 5357 2267 5424 Idem

576 5489 720 5531 mox
757 5487 878 5553 pro
914 5464 1370 5546 προσβαλόντες
1410 5460 1634 5525 habet:
1681 5465 1916 5542 πρῶτον
1943 5461 2267 5541 ὁμιλήσω-

574 5596 688 5638 τες.
776 5566 1025 5632 Deinde
1073 5564 1280 5631 omisit
1328 5563 1518 5629 verba
1547 5587 1563 5627 ε
1624 5562 2267 5646 πρώτοις-διέωσαν.

679 5677 859 5730 VOL.
898 5675 1024 5728 111.

3933 579 4059 647 313

2438 759 2526 773 -—
2550 743 2649 810 13.
2696 726 2897 808 ἀρκεῖν
2928 726 3242 814 ἐνόμισαν]
3291 727 3352 790 N
3359 726 3559 814 iceph.
3607 729 3737 810 ἀρκ.
3779 729 4056 816 ᾠήθησαν

2354 829 2408 891 εἰ
2449 826 2517 891 τὸ
2561 829 2675 908 μὲν
2718 830 2982 893 διώκοιεν
3028 828 3096 892 τὸ
3144 831 3209 893 δὲ
3260 830 3650 913 ἀποτρέποιεν
3703 834 3797 897 καὶ
3850 836 4050 918 σοφὸν

2351 934 2524 995 τοῦτο
2565 932 2761 999 αὐτοῖς
2800 933 3083 1012 ἐνομίσθη
3125 935 3273 997 κατὰ
3312 934 3446 1002 τοὺς
3484 940 3693 1016 βαρεῖς
3731 941 3849 1000 τῶν
3888 940 4046 1019 ὀρνί-

2353 1033 2799 1099 oon—omissis
2845 1034 3396 1123 reliquis—Quod
3441 1038 3504 1100 in
3557 1036 3796 1125 aliquot
3842 1039 4045 1104 Codd.

2344 1135 2427 1200 ad
2458 1138 3022 1218 ἀποικονομούμενοι
3064 1137 3127 1200 in
3174 1160 3371 1226 marg.
3401 1139 3783 1227 adscriptum
3819 1141 4045 1229 legitur

2346 1239 2904 1318 ἀποσκευαζόμενοι,
2958 1239 3121 1304 idem
3177 1239 3792 1330 interpretamentum
3856 1268 4047 1334 supra

2343 1340 2718 1406 offendimus
2749 1342 2813 1406 in
2847 1341 3018 1407 libris
3050 1345 3245 1408 MSS.
3282 1345 3340 1409 1.
3370 1367 3431 1425 4.
3465 1349 3527 1410 6.
3573 1370 3637 1434 p.
3669 1367 3777 1434 33.
3812 1349 3899 1412 D.
3935 1350 4045 1414 ubi

2343 1443 2596 1509 consule
2623 1460 2902 1510 annotat.
2933 1460 3228 1511 nostram.

2431 1573 2494 1636 p.
2531 1568 2718 1632 1027,
2757 1571 2808 1614 1.
2858 1553 3065 1634 καίπερ
3106 1555 3730 1644 πτερὰ-λαβόντες]
3780 1558 4042 1646 Ignorat

2346 1654 2407 1717 N
2412 1653 2613 1740 iceph.
2706 1653 2886 1718 Idem
2916 1655 3200 1736 ἤρτησαν.
3292 1656 3456 1720 Mox
3491 1655 3698 1723 idem:
3749 1664 4043 1729 κινοῦντες

2341 1757 2548 1824 αὐτοὺς
2578 1756 2695 1821 ἀπὸ
2725 1761 2833 1821 τοῦ
2859 1759 3029 1838 ἡδέος
3062 1757 3208 1840 πρὸς
3235 1758 3304 1822 τὸ
3334 1758 3587 1838 βέλτιον
3615 1766 3721 1826 τοῦ
3747 1767 3847 1842 τῆς
3872 1771 3951 1848 ψ.
3985 1792 4035 1828 κ.

2345 1859 2527 1925 Idem
2577 1882 2759 1924 mox:
2812 1865 3122 1945 κατενῆχθ.
3174 1862 3338 1929 αὖθις
3381 1863 3480 1926 ἐπὶ
3522 1862 3760 1944 πράξεις
3808 1865 3920 1929 σὺν
3961 1869 4042 1953 τῷ

2342 1989 2392 2028 τ.
2424 1990 2483 2028 α.
2515 1966 2608 2028 όν.
2639 1962 2879 2027 omissis
2907 1962 3181 2050 reliquiS.

2412 2102 2500 2115 —
2520 2065 2581 2129 8.
2614 2066 2845 2145 ὀξύτητι
2873 2063 3186 2148 ὀμμάτων]
3214 2063 3481 2152 Niceph.
3518 2065 3656 2145 όμμ.
3680 2067 3770 2146 df.
3802 2068 4040 2133 omissis

2342 2166 2548 2233 verbis
2591 2169 2792 2250 ὥσπερ
2822 2167 2936 2232 ὑπὸ
2965 2168 3320 2250 ὀξυδορκίας,
3352 2179 3417 2231 et
3460 2189 3609 2231 mox
3642 2168 3736 2232 καὶ
3765 2184 3911 2233 ante
3942 2173 4036 2235 ἑν-

2342 2275 2547 2336 ταῦθα.
2643 2269 2820 2335 Idem
2853 2271 3163 2352 ὑπεριδών.
3254 2272 3475 2356 Atque
3501 2293 3757 2357 prorsus
3800 2293 4034 2337 memo-

2342 2375 2493 2439 riter
2519 2372 2867 2438 laudavisse
2910 2372 3079 2438 hunc
3113 2370 3316 2436 locum
3364 2373 3689 2460 suspiceris
3719 2373 4033 2462 Nicepho-

2341 2500 2500 2541 rum.

2428 2618 2513 2630 —
2539 2601 2563 2644 1
2585 2600 2634 2643 1.
2685 2582 2888 2662 ὥσπερ
2932 2576 3314 2658 ἑκ-πλάνης
3361 2580 3444 2645 εἷς
3486 2580 3739 2660 πατρίδα
3786 2581 4039 2661 εὔνομον

2343 2684 2703 2767 ἀφικόμενος
2746 2682 3080 2770 ἄνθρωπος]
3129 2682 3275 2745 Nou
3320 2695 3618 2768 repetam,
3661 2705 3808 2769 quae
3856 2684 4039 2771 posui

2343 2785 2425 2851 ad
2475 2784 2678 2851 locum
2729 2784 3048 2873 geminum
3114 2786 3171 2849 Ι.
3208 2786 3267 2847 6.
3316 2783 3372 2848 8.
3426 2806 3493 2872 p.
3521 2799 3628 2869 57.
3662 2786 3766 2849 A:
3836 2789 4043 2869 πατρὶς

2342 2891 2501 2971 ἡμῖν,
2554 2890 2700 2954 ὅθεν
2749 2887 3129 2970 παρήλθομεν
3179 2885 3495 2974 praecipue
3541 2886 3605 2950 in
3657 2886 3848 2975 hujus
3898 2888 4042 2967 libri

2341 2992 2493 3059 edit.
2532 2991 2830 3057 Heidelb.
2879 3015 2944 3079 p.
2975 3008 3127 3077 352.
3163 3014 3300 3078 sqq.
3345 3003 3410 3055 et
3453 2990 3516 3053 in
3569 2992 3911 3078 Praeparat.
3957 2991 4040 3056 ad

2342 3120 2485 3161 eum
2517 3119 2581 3183 p.
2606 3096 2801 3160 XCI.
2891 3094 3019 3158 Hic
3047 3093 3342 3181 quaedam
3372 3093 3717 3158 adscribam
3749 3095 4043 3182 conjunc-

2345 3200 2501 3265 tiora
2529 3223 2674 3265 cum
2705 3213 2921 3263 nostro
2951 3200 3108 3263 loce.
3167 3200 3271 3263 Ac
3300 3197 3461 3263 sicut
3494 3197 3765 3263 Axiochi
3793 3215 4037 3264 auctor:

2342 3306 2738 3387 παρεπιδημία
2766 3304 2852 3372 τίς
2883 3304 3049 3367 ἐστιν
3075 3304 3108 3366 ὁ
3137 3302 3305 3382 βίος-ε
3354 3302 3443 3367 ita
3476 3301 3611 3389 jam
3659 3300 4042 3391 Pythagorei

2343 3406 2648 3472 dixerant.
2744 3405 2880 3469 Vid.
2916 3404 3191 3469 Fischeri
3222 3406 3375 3469 Not.
3416 3404 3499 3468 ad
3538 3426 3683 3468 eum
3727 3402 3933 3469 locum
3973 3407 4039 3471 in

2345 3510 2625 3576 AEschin.
2662 3508 2953 3594 Dialogg.
2993 3507 3135 3571 ΙΙΙ.
3166 3525 3226 3590 3.
3258 3528 3324 3593 p.
3357 3506 3500 3570 118.
3561 3503 3748 3569 Philo
3774 3505 3931 3572 sud.
3960 3507 4040 3572 de

2347 3615 2607 3678 Consus.
2643 3612 2877 3699 Lingg.
2907 3633 2973 3696 p.
2997 3627 3143 3691 417.
3179 3609 3404 3694 Mang.
3434 3606 3749 3694 explicans
3792 3623 4035 3674 senten-

2347 3716 2495 3782 tiam
2552 3713 2779 3780 Jacobi
2838 3713 3069 3777 Genes.
3104 3710 3373 3774 XLIX.
3407 3731 3465 3793 9.
3525 3709 3613 3773 ita
3644 3710 3912 3793 ;-πρὸς
3968 3714 4037 3777 τὸ

2342 3824 2524 3899 δεῖξαι
2568 3820 2657 3896 ὅτι
2700 3820 2972 3899 παροικεῖ
3002 3816 3114 3894 μὲν
3141 3816 3174 3877 ὁ
3205 3812 3399 3896 σοφὸς
3428 3814 3504 3879 ὣς
3533 3812 3601 3876 ἐν
3628 3811 3767 3892 ξένῃ
3812 3815 4041 3894 σώματι

2343 3925 2622 4008 αἰσθητῷ,
2659 3924 2918 3984 κατοικεῖ
2941 3916 2988 3981 δ’
3025 3918 3102 3984 ὣς
3135 3919 3202 3981 ἐν
3229 3915 3464 3999 πατρίδι
3508 3920 3742 3995 νοηταῖς
3784 3917 4034 3998 ἀρεταῖς.

2348 4026 2555 4112 Supra
2595 4021 2893 4087 admonui
2934 4019 3165 4108 gemini
3208 4017 3327 4083 loci
3369 4017 3434 4082 in
3474 4017 3684 4105 Epist.
3722 4017 3804 4083 ad
3838 4021 4037 4087 Hebr.

2350 4127 2485 4191 XI.
2523 4145 2623 4211 13.
2653 4149 2742 4213 sq.
2816 4123 2914 4188 Ad
2944 4146 3089 4188 eum
3118 4120 3512 4187 adhibendus
3541 4122 3644 4187 Jo.
3666 4121 4037 4210 Chrysosto-

2347 4251 2508 4309 muS,
2552 4228 2664 4316 qui
2706 4226 2927 4292 similia
2968 4224 3158 4291 habet
3209 4227 3387 4290 Orat.
3427 4225 3700 4289 XXIV.
3752 4248 3813 4313 p.
3853 4232 4034 4311 1906.

2347 4332 2449 4397 ed.
2484 4328 2856 4397 Commelin.
2937 4328 3134 4394 Addo
3162 4329 3354 4394 verba
3383 4327 3690 4392 simillima
3718 4329 4041 4395 Theodori

2352 4435 2721 4500 Metochitae
2748 4430 3096 4498 Miscellan.
3128 4432 3383 4496 CXVI.
3432 4454 3497 4519 p.
3530 4448 3673 4516 795.
3721 4432 3822 4497 ed.
3858 4434 4037 4498 Miil-

2349 4539 2458 4604 ler.
2484 4555 2547 4602 et
2574 4534 3125 4622 Kiessling.:—xa2
3151 4534 3260 4613 τὴν
3289 4534 3365 4600 ὥς
3387 4534 3618 4613 ἀληθῶς
3644 4534 3767 4599 ἀνω
3794 4538 4044 4619 πατρίδα

2352 4642 2447 4706 καὶ
2473 4638 2783 4705 πολιτείαν
2816 4638 3089 4700 ἑστῶσαν
3118 4635 3213 4699 καὶ
3243 4636 3669 4699 ἀστασίαστον.
3755 4636 4047 4703 Fortasse

2347 4742 2625 4808 imitatus
2653 4756 2746 4806 est
2770 4737 3003 4805 Plotini
3034 4737 3226 4802 nostri
3259 4739 3509 4817 εὔνομον
3535 4740 3807 4821 πατρίδα.
3856 4743 4044 4806 Certe

2347 4847 2483 4911 haec
2509 4844 2703 4909 verba
2729 4842 2818 4907 ita
2846 4840 3143 4906 vertenda
3171 4857 3340 4918 sunt,
3368 4855 3439 4905 ut
3469 4862 3593 4904 non
3624 4855 3866 4906 tantum
3897 4867 4040 4909 cum

2350 4947 2573 5014 Ficino
2603 4946 3014 5034 “legitimam
3057 4942 3360 5030 patriam”
3385 4941 3576 5023 dicas,
3606 4942 3716 5007 sed
3742 4944 3920 5009 bonis
3957 4947 4041 5010 le-

2339 5053 2541 5141 gibus
2568 5050 2987 5114 constitutam.
3054 5045 3390 5135 Ejusmodi
3417 5045 3633 5111 civitas
3660 5045 3874 5111 eadem
3904 5071 4041 5113 sen-

2352 5154 2547 5220 tentia
2576 5153 2953 5232 εὐνομεῖσθαι
2980 5147 3248 5224 dicitur;
3281 5147 3455 5237 quod
3483 5148 3568 5213 ad
3599 5162 3848 5228 terram,
3879 5150 4044 5216 cives

2354 5258 2739 5342 domumque
2788 5252 3020 5341 pariter
3062 5252 3352 5339 pertinet.
3447 5253 3715 5336 (Thom.
3745 5255 3926 5342 Mag.
3974 5278 4041 5344 p.

2354 5363 2537 5449 391.)
2605 5352 2973 5420 Herodotus
2998 5355 3080 5420 de
3109 5354 3601 5422 Lacedaemoniis
3630 5357 3691 5422 1.
3723 5359 3847 5424 66:
3896 5360 4044 5425 οὕτω

2354 5468 2469 5546 μὲν
2495 5460 2941 5543 μεταβαλόντες
2969 5458 3401 5540 εὐνομήθησαν.
3479 5458 3660 5524 Idem
3691 5461 3747 5525 Ῑ.
3780 5479 3860 5547 97
3885 5488 3900 5527 :
3951 5468 4048 5531 καὶ

2357 5569 2507 5634 οὕτω
2545 5564 2586 5643 ἥ
2614 5587 2680 5627 τε
2721 5562 2884 5646 χώρη
2928 5561 3333 5642 εὐνομήσεται.
3423 5560 3609 5627 Plato
3638 5563 3831 5653 Legg.
3868 5567 4045 5634 XII.

2482 5674 2517 5725 S
2558 5677 2594 5723 S
