5118 6613
1502 584 1701 650 LIB.
1747 584 1843 648 II.
1889 585 2348 650 ENNEAD.
2393 585 2786 650 PRIMAE.
2830 607 2895 671 p.
2929 601 3195 670 29—33.
3983 601 4056 644 11

639 756 842 823 Procli
869 780 932 845 p.
950 772 1058 843 50.
1086 756 1187 821 ed.
1212 754 1461 822 Fabric.
1491 778 1556 842 p.
1584 770 1682 839 17.
1713 755 2031 821 Boisson.:
2081 759 2176 822 καὶ
2202 757 2313 838 τὸνΙ

636 860 817 941 θυμὸν
846 863 932 941 δὲ,
963 859 1086 924 καθ’
1110 861 1258 924 ὅσον
1287 860 1414 923 οἶόν
1441 885 1506 923 τε
1533 858 1625 937 ἣν,
1660 861 1957 939 ἐκόλαζεν,
1983 860 2137 923 ὥστε
2162 856 2200 939 ἢ
2227 859 2305 939 μὴ

637 968 921 1028 κινεῖσθαι
949 962 1016 1026 τὸ
1041 962 1340 1044 παράπαν,
1361 959 1397 1041 ἢ
1425 962 1505 1041 μὴ
1532 962 1640 1041 τὴν
1660 962 1906 1044 λογικὴν
1926 961 2076 1027 εἶναι
2101 962 2306 1045 ψυχὴν

633 1066 740 1144 τὴν
767 1064 1271 1148 συνοργιζομένην.
1361 1064 1570 1152 Igitur
1597 1063 1906 1129 rationalis
1930 1064 2136 1129 anima
2160 1064 2225 1127 h.
2258 1064 2303 1129 l.

635 1164 962 1254 cogitanda
989 1181 1103 1231 est.

720 1273 912 1334 —16.
933 1268 1338 1352 γειτνιάσεως]
1370 1267 1553 1334 Plato
1579 1270 1768 1357 Legg.
1784 1268 1980 1333 VIII.
2005 1292 2065 1357 p.
2090 1269 2231 1351 842.
2251 1293 2304 1333 e.

635 1395 703 1460 p.
731 1391 872 1457 103.
903 1370 1174 1436 Bekker.
1214 1373 1380 1457 ἄλλῳ
1409 1371 1557 1457 ξένῳ
1585 1371 2307 1454 γειτονῶν-γειτονήσει.

497 1482 504 1499 ’
636 1473 894 1538 Lucian.
920 1474 1179 1539 Conviv.
1209 1493 1314 1559 33.
1345 1497 1410 1561 p.
1432 1492 1582 1555 440.
1611 1473 1713 1538 ed.
1746 1472 2101 1538 Hemsterh.
2127 1473 2307 1538 Reiz.

636 1578 956 1658 γειτνίασις
976 1592 1066 1642 est
1088 1601 1191 1665 ap.
1213 1576 1533 1642 Plutarch.
1551 1575 1768 1641 Pericl.
1793 1599 1928 1664 cap.
1958 1597 2053 1661 19.
2078 1598 2141 1663 p.
2158 1596 2307 1661 301.

637 1678 864 1744 Coraii.
955 1681 1057 1743 De
1098 1678 1262 1743 illius
1295 1678 1466 1743 verbi
1510 1678 1722 1743 formis
1763 1678 1885 1743 vid.
1917 1676 2196 1743 Lobeck.
2225 1677 2306 1742 ad

637 1779 972 1868 Phrynich.
1005 1780 1225 1868 Eclog.
1243 1782 1421 1869 p.82.
1468 1782 1570 1844 De
1589 1804 1735 1845 voce
1761 1785 2098 1865 γειτόνημα,
2116 1803 2306 1867 quam

634 1898 698 1949 et
738 1883 936 1971 ipsam
974 1883 1153 1948 Plato
1194 1897 1477 1970 usurpat,
1510 1881 1785 1947 dicemus
1826 1880 1907 1945 ad
1942 1884 2017 1947 V.
2051 1903 2109 1948 1.
2137 1902 2198 1968 3.
2241 1903 2303 1968 p.

634 1988 785 2067 484.
814 1987 902 2051 A.
933 1986 1207 2068 γειτονέω
1244 1985 1468 2073 saepius
1494 1983 1747 2050 obvium
1776 1983 1839 2048 in
1867 1983 1964 2049 his
1990 1983 2306 2048 Enneadi-

635 2088 776 2166 bus,
804 2103 879 2153 ut
910 2089 1006 2152 II.
1038 2108 1095 2152 1.
1118 2088 1179 2152 8.
1229 2090 1367 2153 III.
1397 2108 1454 2173 9.
1490 2106 1545 2154 2.
1596 2087 1713 2152 IV.
1734 2108 1800 2173 3.
1824 2108 1888 2172 9.
1915 2101 2028 2151 etc.
2059 2086 2310 2170 γειτνιά-

638 2216 789 2257 σεως
814 2205 1088 2255 recurret
1113 2190 1275 2255 infra
1302 2212 1363 2277 p.
1381 2205 1532 2276 317.
1556 2192 1645 2255 D.

718 2315 780 2380 p.
811 2312 921 2378 31,
946 2312 1009 2377 7.
1040 2293 1354 2361 θεὸς-καὶ
1392 2294 1642 2381 δαίμων]
1690 2291 2011 2357 Pertinent
2051 2290 2186 2357 hoec
2228 2292 2310 2356 ad

635 2394 987 2460 discrimina
1015 2397 1185 2460 Deos
1227 2394 1388 2460 inter
1414 2408 1603 2481 atque
1644 2395 1903 2482 genios:
1952 2417 2079 2481 qua
2121 2393 2201 2458 de
2244 2417 2310 2459 re

636 2496 779 2562 inde
805 2497 886 2562 ab
904 2496 1284 2586 Empedocle
1308 2496 1463 2581 (vid.
1493 2496 1817 2562 Plutarch.
1837 2496 2308 2562 Defect.0racc.

636 2622 700 2687 p.
730 2600 879 2680 418.
910 2602 992 2664 E.
1023 2615 1087 2665 et
1118 2602 1320 2665 Sturz.
1352 2599 1432 2664 ad
1461 2598 1825 2687 Empedocl.
1870 2622 1935 2687 p.
1969 2603 2114 2685 296.
2142 2604 2307 2687 sqq.)

635 2701 737 2768 alii
772 2702 950 2768 aliter
986 2717 1349 2768 statuerant.
1403 2702 1667 2790 Copiose
1693 2702 1774 2767 de
1800 2702 1917 2766 hoc
1945 2716 2312 2789 argumento

636 2804 955 2893 disputant
1006 2804 1264 2871 Proclus
1318 2820 1381 2870 et
1431 2805 1918 2893 Olympiodorus
1973 2803 2035 2868 in
2095 2803 2306 2869 Alcib.

636 2907 824 2996 prior.
865 2908 1007 2973 vid.
1028 2932 1090 2973 v.
1111 2932 1165 2973 c.
1186 2906 1393 2973 Procl.
1422 2930 1483 2995 p.
1504 2927 1611 2992 31.
1633 2910 1738 2991 67.
1772 2930 1907 2994 sqq.
1951 2929 2012 2994 p.
2039 2927 2145 2992 90.
2170 2927 2308 2992 123.

634 3026 698 3076 et
726 3010 1087 3099 Olympiod.
1129 3033 1194 3098 p.
1232 3027 1327 3097 15.
1362 3011 1746 3096 sqq—Qum
1780 3023 2148 3096 sequuntur,
2178 3010 2313 3078 θεὸς

637 3116 720 3188 δὲ,
751 3120 870 3179 τῶν
899 3112 1200 3195 ἑπομένων
1228 3117 1307 3200 τῷ
1344 3115 1572 3199 πρῶτῳ,
1612 3112 1922 3199 pertinent
1963 3111 2046 3176 ad
2086 3110 2312 3177 doctri-

635 3236 780 3282 nam
806 3216 888 3281 de
904 3217 952 3280 J
953 3215 1086 3281 ovis
1112 3215 1301 3281 choro
1329 3215 1455 3280 sive
1484 3214 1790 3283 famulitio
1812 3213 2096 3294 deorum,
2118 3237 2309 3301 quam

626 3323 714 3385 *ex
741 3318 1118 3385 nobilissimo
1148 3318 1283 3384 1000
1313 3318 1569 3384 Phaedri
1600 3317 1904 3383 Platonici
1951 3321 2044 3406 (p.
2074 3319 2221 3400 246.
2251 3341 2306 3383 c.

638 3426 812 3508 247.)
851 3422 1040 3510 hujus
1082 3436 1407 3488 sectatores
1449 3420 1838 3487 effinxerunt.
1928 3422 2064 3486 Nec
2105 3421 2309 3486 minus

632 3524 820 3590 iidem
851 3525 1153 3590 Platonici
1180 3524 1516 3611 unicuique
1542 3523 1727 3588 etiam
1754 3546 1833 3588 ex
1862 3522 2002 3588 Diis
2044 3523 2309 3587 munda·

632 3627 728 3692 nis
753 3626 1130 3693 addiderunt
1156 3627 1477 3715 geniorum
1507 3625 1767 3692 chorum
1799 3625 2151 3709 (Plutarch.
2179 3628 2307 3691 De-

632 3731 774 3796 fect.
807 3729 1086 3797 Oracull.
1119 3753 1180 3818 p.
1201 3749 1348 3813 421.
1395 3753 1461 3818 p.
1492 3745 1636 3814 724.
1660 3728 1995 3816 Wyttenb.
2046 3727 2309 3794 Proclus

634 3832 701 3898 111
728 3832 936 3898 Α10111.
968 3833 1160 3921 prior.
1191 3856 1257 3921 p.
1281 3832 1427 3898 68.=
1474 3833 1625 3900 ἅπας
1665 3835 1780 3915 γὰρ
1823 3832 1958 3899 θεὸς
2001 3833 2311 3914 ἐγκόσμιος

632 3937 862 4018 ἡγεῖται
901 3934 1116 4015 τάξεως
1155 3936 1312 4003 τινὸς
1353 3936 1668 4016 δαιμονίας,
1700 3932 1737 4014 ᾖ
1763 3939 2071 4018 προσεχῶς
2103 3935 2307 3999 δίδωσι

634 4039 742 4118 τὴν
788 4040 999 4103 ἑαυτοῦ
1046 4039 1289 4119 δύναμιν
1339 4065 1392 4102 κ.
1410 4064 1465 4101 r.
1482 4045 1547 4102 λ.
1635 4036 1800 4100 Nam
1850 4034 2114 4123 legenda
2162 4050 2307 4100 sunt

638 4140 821 4206 etiam
850 4139 1218 4229 sequentia.)

718 4280 806 4296 --
829 4264 923 4310 11.
970 4245 1326 4330 συνῳκίσθη]
1376 4243 1478 4307 De
1505 4241 1696 4330 hujus
1723 4240 1896 4306 verbi
1926 4263 2044 4305 usu
2072 4241 2304 4321 confer,

633 4370 776 4434 quae
817 4346 898 4411 ad
945 4345 1242 4434 Stephani
1272 4346 1464 4410 Thes.
1498 4368 1561 4432 p.
1588 4347 1778 4411 6626.
1807 4359 2096 4431 congesta
2139 4359 2301 4409 sunt.

633 4448 825 4514 Adde
854 4449 1299 4537 Wyttenbach.
1342 4447 1425 4512 ad
1460 4445 1779 4512 Plutarchi
1809 4448 2110 4534 Praecept.
2142 4448 2308 4512 Con-

623 4554 766 4642 jug.
792 4576 858 4639 p.
883 4552 1032 4638 893.
1064 4575 1156 4639 sq.
1209 4549 1463 4615 Locella
1503 4550 1580 4614 ad
1628 4549 1926 4637 Xenoph.
1957 4548 2195 4636 Ephes.
2237 4571 2301 4636 p.

635 4674 781 4741 213.
823 4652 956 4720 0011.
1017 4677 1078 4741 p.
1118 4656 1254 4719 160.
1315 4653 1414 4718 ed.
1466 4650 1854 4739 Peerlkamp.
1902 4650 2304 4717 Valckenaer.

636 4755 860 4823 Scholl.
891 4756 956 4820 in
987 4757 1072 4822 N.
1108 4758 1193 4822 T.
1225 4757 1283 4820 I.
1313 4780 1380 4844 p.
1400 4775 1508 4842 39.
1555 4755 1656 4819 II.
1685 4778 1751 4842 p.
1787 4772 1927 4839 209.
2001 4755 2099 4819 Ut
2139 4752 2304 4818 enim

632 4864 925 4925 συνοικεῖν
952 4857 1304 4923 cohabitare
1344 4875 1508 4922 caste
1535 4856 1616 4921 de
1641 4855 1807 4921 coitu
1838 4855 2176 4943 conjugum
2206 4854 2303 4920 di-

630 4961 813 5041 citur,
841 4960 931 5025 ita
959 4963 1303 5037 συνοικίζειν
1344 4961 1425 5025 de
1466 4973 1664 5047 patre,
1693 4957 1790 5023 vel
1820 4957 1901 5023 de
1927 4981 2022 5036 e0,
2053 4957 2164 5045 qui
2190 4981 2303 5046 pa·

632 5063 743 5129 tris
769 5063 904 5129 loco
931 5076 1044 5142 est,
1072 5062 1261 5127 filiam
1291 5061 1585 5140 elocante,
1616 5061 1842 5126 deinde
1882 5060 1963 5126 ad
2006 5060 2127 5125 alia
2152 5083 2307 5147 quo-

631 5189 756 5254 que
782 5181 936 5232 actae
963 5164 1367 5253 copulationis
1392 5186 1620 5252 genera
1648 5164 2015 5228 transfertur
2042 5186 2155 5251 per
2181 5186 2307 5228 me-

634 5269 954 5356 taphoram
989 5267 1261 5351 (Jacobs.
1303 5267 1384 5332 ad
1415 5265 1644 5332 Achill.
1679 5268 1824 5332 Tat.
1864 5286 1963 5333 12.
2006 5289 2073 5353 p.
2099 5270 2303 5353 433.).

633 5370 1028 5438 Contrarium
1059 5384 1149 5435 est
1179 5373 1485 5447 διοικίζειν.
1542 5369 1582 5435 J
1588 5369 1829 5433 ustinus
1860 5370 2112 5456 Martyr
2141 5368 2308 5455 Apo-

630 5474 796 5562 logia
841 5474 900 5538 I.
953 5496 1015 5561 p.
1044 5492 1193 5559 313.
1255 5471 1489 5537 Mulier
1532 5470 1775 5559 repudii
1818 5469 2026 5536 libello
2076 5470 2307 5536 Caesari

631 5577 862 5643 oblato:
895 5580 1341 5661 συγχωρηθῆναι
1368 5574 1512 5656 ain->1
1537 5574 1686 5664 (leg.
1704 5576 1876 5660 αὐτῇ)
1901 5572 2306 5655 διοικήσασθαι

2394 755 2542 842 (leg.
2575 758 2993 838 διοικίσασθαι)
3022 759 3097 820 τὰ
3127 758 3329 834 ἑαυτῆς
3353 754 3535 833 ἠξίου.
3616 752 3926 841 Adjiciam
3973 752 4060 817 lo-

2389 881 2529 923 cum
2578 857 2871 946 Longini,
2916 858 3049 944 qui,
3093 855 3348 945 aequalis
3392 855 3748 944 amicusque
3789 855 4059 933 Plotino,

2389 961 2469 1025 de
2519 960 2785 1025 Sublim.
2833 961 3094 1025 XLIV.
3147 979 3209 1044 7.
3255 959 3381 1024 ita:
3432 958 3781 1024 Ἀκολουθεῖ
3823 962 3936 1041 γὰρ
3980 961 4060 1044 τῷ

2392 1063 2617 1149 ἀμέτρῳ
2661 1064 2896 1149 πλούτῳ
2941 1063 3034 1127 καὶ
3077 1061 3387 1148 ἀκολάστῳ
3434 1060 3764 1142 συννημένη
3805 1062 3899 1125 καὶ
3933 1061 4058 1134 ἶσα,

2392 1168 2565 1248 φασὶ,
2596 1167 2895 1245 βαίνουσα
2920 1165 3295 1240 πολυτέλεια,
3328 1166 3422 1229 καὶ
3450 1163 3570 1244 ἅμα
3598 1166 3940 1246 ἀνοίγοντος
3967 1165 4060 1227 ἐκ-

2393 1270 2551 1333 είνου
2596 1274 2713 1332 τῶν
2755 1269 2991 1332 πόλεων
3035 1269 3128 1332 καὶ
3178 1269 3353 1332 οἴκων
3394 1270 3498 1334 τὰς
3542 1268 3822 1339 εἰσόδους,
3871 1267 3953 1332 εἰς
3998 1265 4067 1332 ἃς

2393 1371 2662 1451 ἐμβαίνει
2701 1370 2794 1434 καὶ
2831 1372 3232 1446 συνοικίζεται.
3323 1368 3609 1433 Debebat
3635 1367 3829 1456 igitur
3856 1381 4067 1431 nostro

2390 1472 2526 1537 loco
2553 1472 2808 1537 Ficinus
2834 1472 3041 1561 potius
3070 1486 3306 1537 vertere
3332 1493 3464 1536 una
3490 1472 3730 1535 habitat
3760 1469 3843 1552 (s.
3873 1468 4061 1535 coha-

2392 1574 2546 1640 bitat
2577 1598 2625 1639 s·
2654 1575 3034 1640 consociatus
3061 1579 3208 1661 est),
3239 1596 3428 1661 quam
3456 1573 3737 1638 cohoeret.

2476 1714 2561 1727 —
2594 1699 2684 1760 ¹4·
2730 1682 2809 1764 τῷ
2839 1678 3122 1762 δεσπότῃ]
3172 1677 3354 1743 Conf.
3384 1699 3521 1764 cap.
3543 1676 3623 1739 V.
3653 1675 3890 1740 influe.

2474 1804 2536 1869 p.
2568 1800 2675 1866 32,
2706 1801 2757 1844 1.
2803 1781 3304 1866 αὖτοδικαιοσύνη]
3345 1778 3486 1844 Vid.
3517 1793 3724 1843 annot.
3753 1777 3886 1842 crit.
3919 1776 4062 1841 Vox

2391 1886 2891 1968 αὖτοσωφροσύνη
2918 1881 3261 1970 adjicienda
3285 1882 3553 1960 Lexicis,
3582 1905 3694 1946 nec
3724 1881 3928 1945 minus
3958 1880 4057 1943 αὐ-

2392 1989 2800 2067 τοδικαιοσύνη
2827 1986 2945 2050 1100
2974 1985 3258 2073 exemplo
3283 1985 3609 2051 firmanda.
3685 1984 4067 2049 Αὖτοδίκαιον

2391 2088 2582 2153 habet
2611 2088 2869 2153 Proclus
2895 2088 2960 2153 in
2989 2088 3201 2154 Alcib.
3229 2112 3322 2176 pr.
3371 2092 3427 2174 ξ.
3459 2109 3564 2171 40.
3608 2112 3674 2176 p.
3711 2088 3851 2151 118.
3892 2108 4063 2173 supr.

2393 2191 2488 2256 ed.
2520 2205 2707 2257 nostr.
2738 2191 2849 2278 qui
2876 2190 3047 2256 locus
3089 2190 3273 2256 etiam
3316 2190 3665 2278 argumenti
3700 2212 3887 2254 causa
3921 2211 4066 2253 cum

2393 2309 2606 2359 nostro
2633 2293 3095 2382 componendus
3124 2294 3691 2375 est—Oixovrpayla
3715 2291 3779 2355 in
3811 2312 4068 2378 sequen-

2394 2396 2562 2461 tibus
2607 2396 2877 2461 manavit
2920 2420 2955 2461 e
2998 2394 3276 2460 Platonis
3305 2392 3658 2482 Republica
3702 2395 3819 2458 IV.
3861 2413 3953 2457 11.
4000 2416 4062 2480 p.

2393 2519 2538 2585 434.
2572 2521 2665 2585 sq.
2699 2522 2762 2586 p.
2787 2516 2926 2583 192.
2956 2522 3114 2585 sqq„
3143 2497 3252 2562 ubi
3281 2496 3585 2562 contraria
3607 2510 3701 2560 est
3727 2503 4069 2579 πολυπραγ-

2394 2604 2640 2682 μοσύνῃ,
2672 2601 3002 2687 agiturque
3026 2600 3173 2665 item
3202 2599 3282 2664 de
3300 2598 3560 2687 justitia.
3638 2599 3847 2663 Totus
3872 2596 4067 2685 igitur

2394 2704 2566 2769 locus
2592 2718 2802 2768 nostro
2827 2718 2920 2768 est
2948 2701 3354 2767 adhibendus.

2477 2806 2636 2871 —8.
2657 2807 2695 2887 ἡ
2718 2808 2858 2871 εἵσω
2886 2806 3030 2888 πρὸς
3059 2809 3198 2870 νοῦν
3228 2804 3489 2892 στροφὴ]
3524 2802 3814 2868 Marinus
3839 2801 3905 2867 in
3925 2802 4069 2867 Vita

2398 2907 2602 2973 Procli
2634 2928 2736 2975 21.
2765 2930 2826 2996 p.
2849 2928 2953 2993 51.
2986 2931 3046 2996 p.
3075 2926 3168 2989 17.
3195 2904 3326 2971 Ἦν
3368 2909 3483 2989 γὰρ
3526 2907 3667 2987 αὐτῇ
3711 2906 3779 2969 τὸ
3823 2910 4070 2988 φρονεῖν

2394 3011 2605 3086 οὐκέτι,
2647 3012 2775 3076 οἷον
2818 3011 2885 3075 τὸ
2931 3011 3258 3089 πολιτικὸν,
3290 3010 3357 3074 τὸ
3386 3010 3663 3093 πράττειν
3709 3010 3774 3074 εὖ
3816 3009 3951 3089 περὶ
3995 3011 4070 3072 τὰ

2396 3116 2755 3198 ἐνδεχόμενα
2783 3114 2876 3178 καὶ
2905 3115 3103 3181 ἄλλως
3132 3114 3314 3197 ἔχειν,
3346 3113 3486 3177 αὐτὸ
3515 3115 3579 3176 δὲ
3610 3110 3733 3176 καθ’
3757 3112 3897 3176 αὑτὸ
3930 3114 4070 3176 εἰλι-

2396 3219 2583 3298 κρινὲς
2610 3216 2676 3280 τὸ
2707 3222 2885 3290 νοεῖν,
2919 3216 3013 3280 καὶ
3055 3216 3121 3280 τὸ
3165 3216 3310 3298 πρὸς
3349 3215 3558 3293 ἑαυτὴν
3588 3212 3938 3296 ἐστράφθαι,
3966 3240 4072 3294 μη-

2393 3324 2580 3400 δαμοῦ
2614 3318 2986 3398 συνδοξάζειν
3013 3322 3092 3405 τῷ
3136 3320 3378 3398 σώματι,
3405 3317 3520 3382 ubi
3552 3317 3829 3382 Boisson.
3879 3317 4070 3381 nostri

2394 3422 2511 3487 loci
2539 3422 2849 3486 admonet.
2895 3419 3077 3485 Adde
3107 3420 3399 3486 Proclum
3426 3420 3488 3484 in
3523 3419 3717 3484 Alcib.
3751 3442 3844 3507 pr.
3880 3443 3942 3507 p.
3968 3437 4062 3502 17.

2393 3523 2537 3589 infr.
2568 3539 2630 3589 et
2658 3547 2725 3611 p.
2746 3541 2882 3590 21.:
2933 3524 3026 3588 καὶ
3057 3526 3139 3591 εἷς
3166 3524 3272 3602 τὴν
3298 3523 3443 3605 πρὸς
3469 3523 3536 3587 τὸ
3569 3529 3829 3604 κρεῖττον
3860 3521 4069 3586 ἑαυτὸν

2395 3626 2706 3707 ἐπανάξειν
2735 3625 3017 3709 στροφήν.
3109 3627 3188 3689 Ι11
3231 3624 3446 3713 primis
3486 3647 3633 3688 vero
3675 3638 3886 3688 nostro
3921 3646 4065 3688 cum

2391 3729 2527 3795 loco
2541 3728 2828 3793 universo
2848 3742 3049 3793 totum
3071 3742 3260 3815 caput
3280 3725 3860 3814 quinquagesimum
3885 3724 4068 3811 quin-
4117 3717 4123 3722 ⁶

2394 3849 2527 3899 tum
2575 3831 2852 3920 ejusdem
2901 3830 3135 3894 Marini
3186 3828 3527 3916 comparari
3570 3827 3758 3892 debet
3810 3833 3903 3916 (p.
3952 3848 4064 3913 59.

2392 3939 2490 4000 60.
2514 3957 2576 4021 p.
2602 3937 2756 4015 20.),
2777 3933 2946 4021 quod
2968 3956 3047 3998 ex
3077 3946 3287 3997 nostro
3314 3930 3450 3996 loco
3476 3928 3935 4019 quodammodo
3961 3930 4068 3995 de-

2392 4036 2690 4124 scriptum
2717 4048 2833 4116 est,
2861 4035 2942 4100 ad
2970 4034 3143 4122 quod
3170 4058 3314 4122 quae
3344 4032 3781 4099 Boissonadius
3824 4055 3884 4120 p.
3923 4050 4066 4116 117.

2394 4162 2490 4226 sq.
2519 4139 2829 4226 apposuit,
2860 4162 2978 4226 ego
3005 4160 3118 4203 nec
3144 4137 3276 4226 ipse
3301 4136 3660 4202 describam.

2473 4279 2563 4291 —
2589 4261 2686 4323 14.
2715 4243 2752 4322 ἡ
2781 4242 3064 4330 ἆϋλότης]
3110 4239 3490 4306 Addendum
3531 4239 3650 4304 hoc
3693 4237 4065 4304 vocabulum

2394 4343 2650 4409 Lexicis.
2739 4343 3059 4409 Hierocles
3107 4359 3170 4409 et
3215 4342 3475 4409 Proclus
3518 4342 3583 4407 in
3634 4344 3789 4407 Inst.
3841 4340 4064 4406 Theol.

2390 4469 2524 4534 cap.
2545 4460 2683 4532 197.
2712 4461 3012 4534 usurpant
3040 4448 3238 4512 ἀῦλία.
3270 4445 3394 4510 vid.
3419 4444 3572 4510 ibid.
3597 4459 3809 4509 annot.
3833 4467 3899 4531 p.
3920 4464 4062 4528 294.

2391 4547 2616 4614 Paullo
2643 4563 2784 4636 post
2811 4549 3067 4630 δυνάμει,
3096 4550 3404 4636 potentia,
3435 4545 3943 4634 distinguendum
3984 4547 4065 4612 ab

2390 4653 2680 4737 ἐνεργείᾳ,
2708 4660 2893 4723 actm
2940 4649 3019 4714 de
3045 4673 3173 4737 qua
3205 4649 3551 4714 differentia
3578 4648 3876 4737 singulari
3903 4648 4063 4713 libro

2389 4752 2520 4840 agit
2547 4752 2855 4832 Plotinus,
2884 4754 3053 4817 Enn.
3083 4753 3178 4816 II.
3211 4751 3321 4816 lib.
3343 4769 3407 4838 5.

2475 4880 2548 4944 p.
2579 4875 2687 4942 33,
2726 4876 2824 4919 11.
2869 4859 2969 4935 τῆς
3011 4855 3354 4938 φρονήσεως
3397 4854 3749 4937 κινηθείσης]
3800 4853 3944 4919 Vid.
3972 4854 4067 4919 lo-

2388 4982 2531 5024 cum
2563 4957 2799 5023 Marini
2825 4980 2904 5022 ex
2932 4980 3068 5045 cap.
3101 4977 3200 5023 21.
3249 4979 3437 5044 supra
3477 4956 3559 5020 ad
3601 4979 3741 5044 cap.
3768 4975 3833 5042 5.
3869 4957 3973 5021 fin.
4004 4972 4067 5021 et

2389 5060 2644 5149 quidem
2682 5061 2764 5125 ad
2803 5083 3015 5125 vocem
3045 5060 3274 5143 στροφὴ
3314 5059 3689 5148 appositum.
3775 5059 4066 5125 Proxime

2389 5169 2805 5246 περιστατικῶς
2832 5179 2925 5228 est
2953 5185 3081 5252 pro
3121 5185 3192 5228 re
3232 5172 3410 5244 nata,
3439 5172 3512 5227 ut
3553 5184 3655 5228 res
3669 5164 3914 5250 serunt
3951 5183 4065 5226 nos

2390 5267 2878 5345 circumstantes,
2899 5285 3040 5352 quae
3058 5287 3220 5353 saepe
3247 5268 3568 5353 ‘negotium
3590 5266 4062 5350 molestiamque,

2389 5366 2670 5454 adeoque
2718 5366 3060 5455 periculum
3106 5367 3420 5433 exhibent.
3512 5366 3651 5432 Vid.
3701 5367 3944 5452 Upton.
3996 5365 4064 5431 in

2393 5469 2599 5536 Indic.
2651 5468 2864 5556 Epict.
2915 5468 2979 5534 in
3024 5472 3368 5553 περίστασις
3415 5493 3482 5558 p.
3518 5489 3671 5549 421.
3718 5465 4061 5555 Schweigh.

2391 5571 2625 5733 Rhoegr.
2658 5571 2741 5636 ad
2771 5571 3087 5661 Porphyr.
3131 5572 3211 5638 de
3252 5572 3503 5638 Abstin.
3539 5573 3594 5640 I.
3628 5571 3698 5654 ξ..
3714 5585 3825 5656 55.
3866 5594 3930 5659 p.
3960 5591 4064 5658 95.

2458 5680 2504 5732 C
