5118 6613
1339 555 1536 620 LIB.
1588 556 1686 620 11.
1737 553 2207 620 ENNEAD.
2254 551 2725 632 QUARTAE.
2768 575 2832 640 p.
2865 554 3228 639 666—673.

618 755 680 818 p.
709 732 857 813 667,
890 729 1236 793 11.“οὖδὲέν
1265 728 1598 808 ἀσωμάτοις
1618 729 1692 792 αὖ
1714 728 2030 815 ἁρμονίαν]
2069 727 2231 790 Haec

548 857 733 921 supra
764 830 1163 898 tractavimus
1191 831 1271 895 ad
1301 854 1447 918 pag.
1476 846 1623 916 307.
1658 833 1738 895 E.

632 960 692 1024 p.
723 937 873 1015 668,
914 953 973 998 2.
1023 934 1294 1016 Λέγομεν
1341 934 1435 1019 δὴ]
1490 933 1615 997 His
1669 931 1987 997 sententiis
2038 929 2233 994 Ploti-

545 1062 691 1105 num
717 1038 1143 1115 Scholasticis,
1172 1035 1284 1122 qui
1314 1034 1631 1113 dicuntur,
1661 1032 2047 1121 philosophis
2077 1054 2234 1119 prae-

545 1142 756 1208 tulisse
784 1137 1124 1204 arbitratur
1151 1136 1553 1201 Tiedemann.
1583 1136 1647 1200 in
1680 1136 1878 1200 libro:
1932 1137 2109 1199 Geist
2122 1135 2235 1197 der

540 1244 850 1334 spekulat.
896 1241 1293 1328 Philosophia
1329 1240 1468 1303 III.
1500 1262 1564 1326 p.
1598 1239 1745 1323 308.
1801 1240 2231 1302 Tennemann.

541 1365 747 1413 autern
780 1346 842 1410 in
877 1343 1232 1409 Geschichte
1262 1343 1376 1406 der
1403 1342 1801 1429 Philosophie
1832 1342 1949 1405 VI.
1981 1364 2046 1428 p.
2087 1342 2227 1405 182.

543 1475 676 1538 sqq.
755 1448 1067 1515 Plotinum
1124 1445 1275 1510 dicit
1329 1444 1727 1522 luculentius,
1776 1466 1963 1531 quarn
2021 1443 2227 1530 ipsum

541 1552 892 1629 Platonem,
931 1548 1286 1636 explicasse,
1317 1546 1583 1611 animam
1615 1570 1655 1611 a
1683 1545 1941 1611 materia
1973 1568 2228 1633 prorsus

540 1656 902 1730 immunem,
934 1653 1059 1717 sive
1086 1651 1169 1715 ab
1209 1650 1376 1714 omni
1423 1649 1808 1715 concretione
1853 1647 2094 1712 mortali
2128 1671 2224 1710 se-

540 1772 855 1846 gregatam
901 1778 1053 1830 esse,
1082 1753 1482 1841 primumque
1510 1751 1788 1816 omnium
1819 1750 2001 1816 certis
2038 1749 2225 1814 ratio-

542 1860 724 1924 nibus
751 1857 991 1945 liquido
1020 1872 1408 1928 monstrasse,
1447 1854 1764 1942 quomodo
1805 1854 1968 1919 inter
2005 1877 2069 1918 se
2110 1853 2229 1917 dif-

542 1964 752 2028 ferunt
778 1960 967 2025 animi
996 1975 1059 2025 et
1102 1958 1376 2047 corporis
1413 1971 1690 2022 naturae:
1740 1957 1846 2020 sed
1877 1971 2078 2021 tamen
2114 1979 2226 2020 ne-

541 2065 749 2153 gando
792 2064 1010 2151 magis,
1040 2085 1228 2151 quam
1270 2060 1636 2126 affirmando
1681 2059 1814 2123 haec
1848 2058 2070 2124 docere
2113 2082 2225 2147 po-

543 2168 732 2233 tuisse
780 2165 1186 2255 Lycopoliten
1239 2164 1703 2253 philosophum.
1800 2165 1898 2227 Ac
1948 2185 2026 2226 ne
2074 2185 2224 2226 con-

541 2269 724 2335 traria
753 2268 935 2334 etiam
959 2267 1201 2353 judicia
1228 2264 1468 2330 silentio
1498 2287 1776 2353 premere
1805 2263 2018 2329 videar
2046 2262 2225 2344 velle,

548 2372 898 2439 Heerenius
924 2371 1004 2435 ad
1036 2369 1266 2434 Stobaei
1297 2366 1561 2455 Eclogg.
1611 2367 1837 2455 Physs.
1868 2381 1931 2431 et
1973 2366 2128 2431 Eth.
2167 2367 2224 2433 I.

544 2501 603 2565 p.
637 2478 781 2541 866.
860 2473 1178 2538 Plotinum
1207 2472 1270 2536 in
1315 2472 1411 2549 iis,
1441 2495 1586 2558 quae
1624 2470 1705 2535 de
1739 2485 1966 2536 natura
2002 2469 2227 2534 animae

544 2581 843 2668 disputat,
873 2576 1180 2641 fluctuare
1207 2574 1571 2639 arbitratur.

627 2706 693 2770 p.
734 2683 883 2765 669,
914 2700 977 2762 7.
1038 2678 1319 2761 μεριστὸν
1368 2679 1697 2760 γενόμενον
1742 2676 2228 2755 οἶα-ποιότητες

545 2787 755 2871 πᾶσαι]
795 2784 896 2849 Cf.
931 2780 1265 2868 Porphyrii
1296 2779 1628 2844 sententias
1649 2777 1961 2842 XXXIX.
1991 2800 2059 2864 p.
2081 2795 2223 2860 247.

544 2888 639 2953 ed.
665 2886 961 2954 Cantabr.
1012 2884 1188 2949 Idem
1213 2883 1365 2947 ibid.
1383 2905 1487 2969 ap.
1515 2881 1693 2946 Stob.
1713 2878 1977 2966 Eclogg.
2002 2879 2225 2967 Physs.

551 2993 602 3056 I.
634 3010 743 3078 52.
782 3009 881 3076 13.
911 3012 975 3076 p.
1009 2989 1154 3068 814.
1190 2988 1419 3050 Heer.:
1469 2987 1547 3049 At
1582 2987 1646 3049 δὲ
1673 2985 1978 3064 ποιότητες
2022 2985 2118 3049 καὶ
2156 2987 2230 3049 τὰ

548 3096 731 3160 ἔνυλα
770 3096 914 3173 εἴδη,
943 3092 1078 3174 περὶ
1113 3093 1187 3154 τά
1224 3091 1470 3169 σώματα
1505 3086 1771 3170 μεριστά.
1866 3088 1968 3150 De
2010 3085 2228 3151 colori·

546 3199 662 3262 bus
689 3197 862 3261 locus
885 3192 1215 3284 primarius
1241 3207 1332 3256 est
1361 3192 1423 3255 in
1457 3189 1738 3255 Platonis
1761 3188 2008 3254 Timaeo
2038 3213 2099 3277 p.
2125 3192 2230 3273 67.

547 3325 637 3388 sq.
670 3323 733 3387 p.
767 3319 872 3385 93.
905 3322 1038 3385 sqq.
1072 3295 1273 3361 Bekk.

628 3426 690 3490 p.
724 3406 874 3485 670,
905 3421 998 3464 10.
1029 3402 1066 3480 ἡ
1096 3399 1143 3464 δ’
1176 3402 1324 3479 ὁμοῦ
1341 3397 1588 3480 μεριστή
1608 3398 1957 3479 τε-φύσις,
1976 3395 2050 3475 ἣν
2080 3396 2237 3475 δὴ-

551 3507 665 3571 Kal
694 3506 922 3584 ὀ-τὴν
952 3505 1198 3582 δύναμιν
1219 3503 1394 3579 αὐτῆς
1423 3500 1700 3587 κατιδὼν]
1750 3497 2142 3586 Porphyrius
2169 3498 2233 3561 in

550 3612 859 3672 Sententt.
893 3605 1255 3669 XXXIX.
1288 3626 1351 3690 p.
1388 3604 1529 3683 246.
1566 3601 1866 3666 Cantabr.
1898 3614 1961 3665 et
1989 3600 2051 3663 in
2097 3602 2237 3664 Sto-

548 3710 666 3774 haei
700 3708 963 3797 Eclogg.
996 3709 1222 3796 Physs.
1257 3708 1311 3771 1.
1343 3726 1449 3791 52.
1491 3726 1587 3791 19.
1620 3728 1682 3792 p.
1708 3705 1850 3769 822.
1885 3727 1973 3789 sq.
2002 3705 2228 3768 Heer.:

542 3812 1027 3894 Ἀπειροδύναμις
1071 3814 1187 3893 γάρ
1235 3813 1273 3890 ἡ
1330 3814 1431 3889 τῆς
1478 3813 1679 3893 ψυχῆς
1726 3810 1906 3890 φύσις
1956 3807 2049 3870 καὶ
2101 3807 2230 3871 καθ’

548 3917 803 3980 ἕκαστον
858 3915 928 3979 τὸ
976 3913 1161 3997 τυχὸν
1210 3914 1403 3991 αὐτῆς,
1452 3911 1644 3995 ψυχὴ,
1693 3911 1789 3974 καὶ
1841 3912 1903 3974 αἱ
1950 3909 2155 3991 (abest
2201 3934 2241 3975 a

546 4017 758 4097 Stob.)
789 4021 996 4090 πᾶσαι,
1026 4016 1151 4096 μία·
1202 4015 1296 4078 καὶ
1322 4013 1564 4093 πάλινὴ
1593 4015 1706 4092 ὅλη
1734 4014 1891 4091 ἄλλη
1933 4015 2094 4094 παρὰ
2128 4012 2238 4076 πά·

546 4145 671 4186 σας.
759 4117 875 4185 Ὠς
895 4121 1009 4199 γάρ
1037 4120 1113 4180 τὸ.
1141 4117 1386 4196 σώματα
1417 4113 1506 4178 ἐπ’
1540 4116 1784 4196 ἄπειρον
1805 4115 2137 4193 τεμνόμενα
2163 4113 2233 4177 οὐ

549 4221 872 4303 καταλήγει
927 4223 1010 4287 εἷς
1066 4220 1382 4298 ἀσώματον
1440 4217 1650 4292 (Stob.
1711 4217 2013 4295 ἀσώματα,
2061 4214 2233 4300 quod

551 4323 902 4390 Heerenius
931 4344 1054 4385 non
1097 4320 1364 4385 debebat
1411 4320 1709 4406 recipere)
1755 4316 1876 4382 κατ’
1915 4319 2098 4399 ὄγκον
2125 4318 2231 4397 μό·

547 4454 655 4493 νον
675 4426 880 4509 (abest
906 4448 946 4489 a
974 4424 1181 4506 Stob.)
1205 4424 1641 4503 λαμβανόντων
1665 4420 2086 4504 (λαμβάνοντα
2104 4443 2231 4485 me-

546 4529 668 4594 lius
696 4528 877 4612 edit.)
909 4534 1025 4591 τῶν
1053 4525 1365 4607 τμημάτων
1393 4526 1500 4605 τὴν
1531 4526 1841 4606 διαφορὰν.
1865 4524 2014 4586 οὕτω
2043 4523 2231 4606 ψυχὴ,

551 4631 704 4699 εἶδος
749 4629 952 4714 (abest
997 4651 1035 4693 a
1087 4629 1300 4711 Stob.)
1349 4629 1503 4693 οὖσα
1544 4626 1803 4704 ζωτικὸν,
1857 4624 1943 4690 ἐπ’
1993 4626 2237 4707 ἄπειρον

553 4736 797 4816 (ἄπειρα
823 4732 1005 4816 edit.)
1040 4735 1187 4795 κατά
1216 4734 1290 4795 τᾶ.
1318 4734 1441 4811 εἴδη
1481 4732 1889 4809 συνειληπται,
1921 4735 2232 4810 παραλλα-

548 4839 659 4919 γάς
689 4837 835 4918 (γᾶρ
863 4834 1040 4900 addit
1068 4833 1250 4917 edit.)
1274 4834 1500 4917 ἔχουσα
1530 4835 1833 4913 εἰδητικᾶς,
1866 4832 1962 4895 καὶ
1990 4833 2103 4911 ὅλη
2125 4831 2238 4894 σὺν

553 4942 785 5006 ταύταις
841 4940 1013 5012 οῦσα,
1064 4939 1160 5002 καὶ
1210 4938 1352 5002 ἄνευ
1402 4938 1646 5001 τούτων.
1739 4934 1849 4998 Tu
1894 4934 1975 4998 cf.
2029 4932 2234 4998 Procli

559 5040 765 5106 Instit.
812 5039 1036 5106 Theol.
1072 5063 1209 5127 cap.
1252 5057 1390 5124 195.
1430 5039 1567 5123 196.
1613 5061 1678 5125 p.
1717 5057 1863 5119 290.
1908 5059 2046 5123 sqq.
2135 5035 2237 5100 Ad

556 5141 684 5208 haec
712 5158 776 5207 et
804 5143 1123 5229 sequentia
1155 5141 1379 5206 Plotini
1408 5140 1720 5228 pertinent
1743 5139 1878 5204 haec
1909 5138 2238 5204 Iamblichi

556 5266 651 5331 ap.
696 5241 872 5309 Stob.
912 5241 1178 5330 Eclogg.
1228 5242 1455 5330 Physs„
1501 5243 1559 5306 I.
1588 5261 1695 5326 52.
1732 5261 1839 5326 33.
1876 5265 1937 5329 p.
1972 5243 2131 5306 888:
2180 5243 2238 5305 οἳ

555 5349 661 5426 μὲν
687 5351 805 5430 γὰρ
842 5349 986 5426 μίαν
1026 5349 1123 5411 καὶ
1155 5346 1264 5424 τὴν
1301 5345 1484 5424 αὐτὴν
1519 5348 1829 5427 πανταχοῦ
1865 5343 2072 5427 ψυχὴν
2110 5348 2234 5408 δια-

557 5451 864 5525 τείνοντες,
904 5448 1035 5531 ἤτοι
1071 5445 1299 5533 γε’νειῆ
1345 5451 1506 5522 εἴδει,
1538 5448 1615 5514 ὥς
1644 5451 1808 5510 δοκεῖ
1847 5446 2159 5531 Πλωτίνῳ,
2199 5443 2236 5524 ἡ

553 5554 646 5617 καὶ
674 5555 919 5639 ἀριθμῷ,
949 5553 1026 5620 ὣς
1054 5552 1419 5617 νεανιεύεται
1449 5552 1552 5633 (ut
1581 5547 1945 5636 juveniliter
1980 5562 2235 5612 conten·

3889 579 4008 647 203

2316 722 2440 808 dit)
2471 725 2579 789 οὐκ
2604 723 2871 807 ὀλιγάκις
2889 722 3187 803 Ἀμέλιος,
3219 725 3399 804 αὐτὴν
3422 728 3659 809 ἐροῦσιν
3678 728 3829 794 εἶναι
3856 729 4006 813 ἀπερ

2318 829 2570 909 ἐνεργεῖ.
2616 825 2878 890 Proclus
2896 840 3105 891 autem
3131 826 3195 890 in
3218 826 3531 915 Alcib.pr.
3553 849 3704 918 p.21
3724 851 3748 895 1
3763 883 3776 896 .
3800 834 4008 917 ψυχὴν

2318 928 2468 993 dicit
2495 951 2626 992 esse
2653 928 2722 992 τὸ
2751 928 3120 1008 τιμιώτατον.
3164 929 3242 992 cf.
3272 929 3540 994 eundem
3572 953 3634 1019 p.
3672 951 3707 999 2
3709 952 3818 1017 50.
3849 958 3942 1021 sq.

2404 1055 2464 1118 p.
2497 1033 2647 1113 671,
2682 1047 2777 1115 15.
2824 1032 2900 1098 ὧς
2928 1032 3190 1096 διαδόσει
3229 1032 3326 1095 ἐπὶ
3362 1034 3431 1097 τὸ
3475 1035 3807 1117 ἡγεμονοῦν
3840 1041 4006 1102 ἴασιν

2320 1139 2382 1200 αἱ
2409 1136 2737 1221 αἰσθήσεις]
2792 1136 2897 1198 Ita
2947 1134 3139 1199 nostri
3185 1133 3324 1198 libri
3368 1159 3602 1203 omnes.
3675 1140 3823 1204 vid.
3855 1143 4002 1206 Var.

2321 1240 2490 1303 Lect.
2540 1240 2641 1303 Cf.
2675 1238 2994 1303 Ciceronis
3023 1237 3159 1302 haec
3184 1239 3469 1304 Tuscull.
3498 1242 3552 1305 1.
3580 1262 3686 1310 20:
3722 1251 3771 1284 “
3793 1245 4004 1323 Quid?

2312 1339 2483 1427 quod
2513 1340 2730 1405 eadem
2762 1357 2967 1405 mente
2996 1363 3092 1404 res
3136 1339 3572 1407 dissimillimas
3612 1347 4004 1434 comprendi-

2314 1466 2473 1521 muS,
2507 1459 2579 1509 ut
2620 1445 2911 1524 colorem,
2950 1466 3255 1532 saporem,
3285 1443 3574 1525 calorem,
3602 1448 3880 1528 odorem,
3910 1474 4006 1515 so-

2314 1568 2490 1624 num,
2508 1570 2654 1633 quae
2685 1569 3002 1633 nunquam
3022 1547 3304 1634 quinque
3329 1549 3562 1614 nuntiis
3588 1553 3833 1617 animus
3860 1577 4005 1642 cog-

2314 1665 2613 1728 nosceret,
2642 1652 2772 1714 nisi
2814 1651 2901 1714 ad
2941 1672 3081 1715 eum
3123 1653 3337 1714 omnia
3380 1655 3800 1739 ufir-rentur,
3846 1672 3908 1722 et
3951 1658 4005 1722 is

2312 1753 2589 1818 omnium
2626 1753 2826 1841 judex
2859 1753 3025 1819 solus
3052 1756 3270 1819 esset.”
3354 1756 3550 1822 Plura
3585 1759 3647 1823 in
3680 1760 3841 1825 hanc
3870 1785 4005 1825 sen-

2315 1857 2568 1921 tentiam
2596 1856 2974 1922 contulimus
3003 1882 3192 1946 supra
3217 1883 3279 1947 p.
3310 1879 3454 1926 200.
3478 1863 3562 1925 E.
3584 1862 3664 1926 ad
3689 1862 4001 1929 illustran-

2313 1959 2463 2024 dum
2497 1959 2693 2025 illud:
2740 1966 2901 2029 Νοῦς
2951 1965 3079 2044 ὁρῇ,
3128 1967 3263 2030 νοῦς
3308 1965 3508 2029 ἀκούει
3548 1993 3598 2030 κ.
3627 1992 3680 2029 τ.
3701 1975 3760 2030 λ.
3850 1968 4000 2032 Διά-

2315 2068 2478 2131 δοσις
2503 2079 2710 2128 autem
2743 2076 2835 2127 est
2866 2065 3149 2142 traditio,
3179 2088 3320 2129 cum
3355 2089 3591 2145 sensus,
3620 2091 3767 2155 quae
3794 2092 4003 2156 perce-

2312 2181 2565 2252 perunt,
2591 2166 2671 2230 ad
2693 2183 2958 2231 mentem
2984 2169 3348 2244 trandum,
3372 2183 3434 2234 et
3464 2169 3841 2236 Theodorus
3860 2175 4002 2237 Me-

2314 2267 2545 2332 tochita
2574 2267 2711 2333 loco
2736 2267 2987 2355 gemino
3013 2292 3079 2356 p.
3107 2287 3259 2354 577.
3297 2271 3576 2336 meminit
3614 2280 3731 2337 τῶν
3760 2275 3994 2355 δεδομέ-

2317 2396 2435 2434 νων
2455 2393 2494 2435 a
2521 2371 2820 2436 sensibuS.
2901 2371 3023 2436 Sed
3055 2372 3209 2459 quid
3240 2395 3359 2460 ego
3387 2372 3507 2438 alia
3537 2375 3886 2440 testimonia
3905 2400 4000 2441 re-

2313 2473 2545 2559 quiro?
2593 2473 2912 2539 Plotinum
2977 2473 3263 2539 Plotinus
3308 2475 3595 2542 illustrat.
3689 2480 3791 2543 Ita
3836 2479 3997 2545 enim

2311 2574 2476 2640 infra
2502 2576 2640 2641 loco
2666 2577 2915 2664 gemino
2942 2599 3007 2663 p.
3029 2579 3179 2658 462.
3211 2579 3267 2643 B
3292 2604 3306 2643 ε
3356 2581 3452 2644 καὶ
3480 2583 3592 2661 ὅλη
3612 2583 3648 2661 ἡ
3669 2583 3840 2666 ψυχὴ
3858 2583 4001 2647 αὐτὸ

2310 2678 2553 2763 πάσχει.
2645 2686 2784 2748 Πῶς
2819 2681 2926 2745 οῦν
2968 2685 3141 2745 τοῦτο
3186 2683 3544 2762 συμβαίνεις
3593 2687 3855 2749 διαδόσει
3883 2686 3998 2769 φή-

2313 2808 2508 2856 σουσι,
2539 2785 2833 2850 παθόντος
2859 2785 2972 2863 μὲν
2998 2785 3239 2865 πρώτως
3265 2788 3370 2848 τοῦ
3406 2786 3541 2868 περὶ
3577 2786 3684 2850 τὸν
3713 2786 4002 2852 δάκτυλον

2312 2891 2575 2969 ψυχικοῦ
2604 2889 2953 2968 πνεύματος,
2993 2889 3348 2967 μεταδόντος
3389 2891 3454 2953 δὲ
3494 2895 3600 2954 τοῦ
3643 2893 3874 2972 ἐφεξῆς,
3909 2893 4005 2956 καὶ

2318 2990 2526 3052 τούτου
2554 2990 2743 3075 ἄλλῳ,
2777 2990 2885 3056 ἔως
2925 2990 2994 3054 οῦ
3035 2990 3183 3072 πρὸς
3224 2997 3292 3054 τὸ
3334 2993 3667 3073 ἡγεμονοῦν
3710 2996 4006 3076 ἀφίκοιτο.

2317 3089 2544 3171 ἀνάγκη
2572 3091 2792 3163 τοίνυν,
2826 3092 2879 3153 εἰ
2919 3089 2987 3153 τὸ
3026 3096 3259 3172 πρῶτον
3287 3095 3511 3155 πονοῦν
3538 3091 3778 3171 ἥσθετο,
3812 3097 4007 3175 ἄλλην

2316 3191 2423 3270 τὴν
2453 3195 2734 3272 αἴσθησιν
2774 3196 2881 3255 τοῦ
2908 3191 3181 3273 δευτέρου
3211 3193 3388 3272 εἶναι,
3421 3196 3474 3257 εἷ
3504 3198 3651 3259 κατὰ
3678 3195 3944 3262 διάδοσιν
3972 3199 4007 3277 ἡ

2320 3297 2594 3374 αἴσθησις
2622 3323 2675 3359 κ.
2696 3321 2749 3359 τ.
2772 3300 2834 3357 λ.
2923 3295 3013 3359 Et
3057 3294 3220 3359 infra
3263 3295 3377 3361 hac
3420 3296 3555 3385 ipsa
3595 3298 3825 3386 pagina
3868 3324 4004 3365 ver-

2321 3395 2473 3461 bum
2503 3398 2828 3461 διαδιδόναι
2855 3395 3107 3483 legitur.

2403 3534 2492 3546 —
2529 3498 2625 3560 16.
2672 3503 2923 3580 Πρῶτον
2949 3500 3061 3578 μὲν
3099 3502 3214 3581 γάρ
3246 3499 3577 3581 ἡγεμονοῦν
3604 3503 3805 3581 ψυχῆς
3831 3501 4009 3584 μέρος

2320 3598 2544 3681 λέγειν,
2561 3601 2961 3679 ἀνεξετάστως
2977 3599 3271 3686 λέγεται]
3305 3598 3544 3686 Tangit
3566 3599 3829 3666 Stoicos.
3856 3602 4008 3666 Plu-

2323 3701 2513 3766 tarch.
2547 3702 2628 3766 de
2659 3701 2906 3766 Placitt.
2941 3702 3203 3767 Philoss,
3244 3704 3357 3767 IV.
3395 3722 3495 3768 21.
3526 3725 3591 3789 p.
3624 3723 3774 3789 903.
3811 3707 3894 3770 A.
3923 3708 4003 3771 B.

2321 3827 2386 3890 p.
2435 3805 2580 3884 641.
2623 3804 2994 3891 Wyttenb.:
3043 3807 3126 3870 Οἰ
3175 3806 3428 3871 Στωϊκοί
3474 3815 3666 3888 φασιν
3713 3807 3866 3872 εἶναι
3907 3813 4010 3888 τῆς

2324 3911 2525 3990 ψυχῆς
2553 3909 2857 3972 ἀνώτατον
2881 3906 3060 3988 μέρος
3085 3909 3153 3972 τὸ
3192 3908 3546 3990 ἡγεμονικὸν
3574 3909 3641 3972 τὸ
3668 3915 3877 3975 ποιοῦν
3903 3913 4010 3979 τὰς

2321 4011 2675 4092 φαντασίας,
2703 4011 2923 4076 καὶτὰς
2940 4010 3423 4093 συγκαταθέσεις,
3451 4012 3546 4075 καὶ
3564 4012 3886 4088 αἰσθήσεις,
3914 4016 4008 4078 καὶ

2319 4114 2519 4194 ὁρμὰς,
2548 4114 2646 4176 καὶ
2671 4117 2843 4177 τοῦτο
2865 4113 3165 4195 λογισμὸν
3188 4117 3472 4178 καλοῦσιν
3505 4141 3555 4177 κ.
3579 4141 3631 4178 τ.
3660 4122 3722 4177 λ.
3771 4116 3904 4180 Cic.
3928 4116 4008 4181 de

2321 4215 2406 4278 N.
2435 4215 2515 4278 D.
2580 4217 2676 4280 11.
2729 4235 2796 4279 11
2838 4240 2853 4280 ε
2910 4224 2955 4254 “
2990 4215 3430 4302 Principe-tum
3492 4215 3556 4280 id
3615 4215 3776 4294 dico,
3834 4219 4006 4304 quod

2321 4316 2530 4382 Graeci
2559 4317 2914 4401 ἡγεμονικὸν
2935 4334 3157 4383 vocant
3179 4320 3235 4382 :”
3266 4321 3376 4383 διο.
3422 4320 3524 4384 cf.
3553 4321 3725 4384 Sext.
3758 4321 4006 4408 Empir.

2318 4419 2562 4484 advers.
2623 4420 2894 4508 Logicos
2939 4425 2997 4505 ᾗ.
3051 4423 3196 4487 228.
3243 4420 3391 4507 ibiq.
3448 4422 3691 4486 Fabric.
3744 4445 3808 4508 p.
3862 4443 4007 4508 417.

2320 4521 2593 4610 Diogen.
2627 4524 2840 4587 La‘ert.
2870 4525 3031 4588 VII.
3079 4542 3214 4587 110.
3244 4523 3392 4610 ibiq.
3428 4526 3685 4611 Menag.
3718 4524 3917 4589 Wolf.
3948 4541 4012 4591 et

2325 4625 2869 4711 Schweighaeuser.
2896 4626 2976 4690 ad
3003 4625 3251 4690 Arrian.
3286 4627 3576 4691 Dissertt.
3614 4648 3665 4691 1.
3689 4647 3785 4694 20.
3820 4649 3886 4692 11
3903 4681 3916 4694 .
3944 4652 4010 4718 p.

2325 4746 2470 4810 249.
2503 4744 2569 4792 et
2596 4728 2862 4814 Bagueti
2888 4727 3313 4816 Chrysippum
3339 4753 3404 4817 p.
3438 4732 3578 4811 184.
3655 4731 3875 4795 Sedem
3900 4756 4002 4797 au-

2323 4845 2447 4895 tem
2478 4830 2643 4895 illius
2671 4830 3074 4918 principatus,
3100 4832 3227 4896 sive
3249 4832 3607 4920 principalis
3631 4837 3766 4914 (τοῦ
3791 4837 4008 4918 ἡγεμο-

2324 4938 2514 5018 νικοῦ)
2547 4933 2611 4997 in
2642 4934 2828 4998 corde
2856 4932 3145 4999 locabant
3178 4934 3361 4998 Stoici
3388 4960 3402 4999 ε
3437 4934 3540 4998 alii
3563 4935 3917 5026 philosophi
3945 4938 4007 5003 in

2322 5034 2457 5100 aliis
2498 5037 2804 5123 partibus.
2870 5036 3017 5102 Vid.
3066 5037 3145 5101 de
3185 5037 3281 5100 his
3325 5039 3641 5102 sententiis
3687 5039 4007 5105 Plutarch.

2323 5137 2460 5203 libr.
2504 5137 2676 5203 laud.
2723 5161 2786 5227 p.
2821 5140 2969 5225 899.
3026 5139 3105 5202 A.
3130 5140 3205 5203 B.
3249 5162 3315 5225 p.
3348 5143 3498 5218 624.
3551 5164 3641 5226 sq.
3685 5143 3891 5227 Wytt.
3944 5159 4007 5206 et

2325 5240 2550 5307 Galen.
2582 5242 2661 5306 de
2699 5241 3094 5331 Hippocratis
3121 5259 3183 5307 et
3217 5242 3492 5307 Platonis
3523 5242 3802 5307 Decretis
3821 5243 4002 5308 Tom.

2327 5345 2427 5407 II.
2459 5367 2524 5431 p.
2550 5360 2779 5426 257.et
2805 5366 2870 5430 p.
2907 5362 3052 5428 253.
3082 5343 3161 5408 ed
3194 5342 3381 5407 Basil.

2407 5468 2473 5531 p.
2506 5446 2657 5529 673,
2693 5462 2792 5507 10.
2835 5446 3227 5509 τοῦτο-ἐστὶ
3254 5443 3322 5507 τὸ
3364 5446 3532 5511 θείως
3558 5443 3908 5533 ᾐνιγμένον]
3941 5450 4008 5512 Α

2323 5544 2592 5705 Platona
2625 5544 2689 5704 ign
2739 5543 2983 5610 Timaeo
3023 5568 3088 5632 p.
3120 5565 3225 5631 35.
3265 5548 3340 5610 Α.
3374 5567 3436 5633 p.
3466 5563 3574 5630 32.
3626 5542 3828 5610 Bekk.
3875 5548 4009 5616 Th.

2450 5654 2506 5705 D
