5118 6613
1324 554 1512 619 Lm.
1560 556 1680 620 vl.
1730 555 2182 620 ENNEAD.
2239 553 2698 619 TERTIAE.
2746 575 2810 642 p.
2841 554 3214 641 551—556·

546 727 930 815 Pythagorae
985 724 1205 801 visum,
1265 726 1331 790 in
1387 740 1617 791 natura
1671 748 1968 792 maxuma
2023 728 2241 793 esset.”

543 831 673 897 Ubi
691 830 817 895 vid.
832 828 1097 895 Bentlei.
1121 843 1187 896 et
1208 828 1562 895 Davisium.
1595 829 1699 895 Cf.
1720 829 2237 896 Cic.Academm.

540 937 636 1000 11.
669 955 779 1022 39.
818 937 874 1018 ς.
912 953 1057 1014 124.
1104 932 1259 1021 ibiq.
1303 934 1614 999 Goerenz.
1705 933 1930 999 Refert
1975 934 2232 999 eandem

539 1037 932 1117 sententiam,
994 1036 1105 1103 sed
1176 1036 1404 1102 refellit
1475 1037 1663 1102 etiam
1723 1035 2086 1102 Aristoteles
2155 1037 2238 1102 de

538 1141 776 1206 Anima
807 1142 863 1206 Ι.
885 1161 948 1223 4.
979 1153 1043 1205 et
1069 1155 1135 1226 5.
1165 1163 1228 1227 p.
1264 1159 1365 1226 15.
1396 1163 1535 1227 sqq.
1567 1138 1745 1228 Sylb.
1808 1139 1996 1218 Quod
2023 1153 2236 1205 autem

538 1248 652 1311 εἴτε
684 1245 886 1328 λόγος,
918 1245 997 1313 ὥς
1025 1252 1246 1327 φαμεν,
1279 1244 1531 1331 subjicit
1561 1242 1866 1322 Plotinus‚
1898 1243 2236 1309 admonent

537 1347 672 1413 haec
703 1345 938 1411 Stobaei
967 1345 1031 1410 in
1063 1345 1333 1434 Eclogg.
1370 1348 1424 1411 1.
1454 1367 1563 1432 52.
1593 1369 1657 1433 p.
1693 1347 1836 1411 862.
1871 1348 2068 1411 Heer.
2099 1345 2232 1425 ubi,

538 1465 869 1538 postquam
912 1449 1202 1528 aliorum,
1235 1449 1348 1536 qui
1392 1471 1726 1514 num-emam
1764 1450 2064 1514 dioeerant
2096 1451 2238 1513 ani-

538 1574 725 1631 mam,
756 1551 1090 1618 sententias
1127 1551 1413 1639 protulit,
1443 1552 1534 1617 ita
1570 1552 1814 1641 pergit:
1863 1554 1940 1621 ὡς
1967 1555 2033 1617 δὲ
2063 1553 2237 1617 αὖτο-

542 1656 774 1737 κινητὸν
804 1655 1114 1739 (ἀριθμὸν)
1145 1658 1180 1719 ὁ
1211 1654 1602 1738 Ξενοκράτης,
1646 1657 1724 1723 ὣς
1762 1657 1828 1720 δὲ
1872 1657 2092 1735 λόγους
2129 1681 2235 1721 πε-

539 1759 864 1844 ριέχουσαν
900 1758 1024 1841 (vel
1053 1758 1335 1836 fortasse,
1365 1772 1438 1822 ut
1469 1760 1745 1823 Heeren.
1769 1757 2043 1846 conjicit,
2072 1785 2237 1842 περι-

543 1863 762 1947 έχοντα
789 1885 870 1927 sc.
895 1864 1169 1944 ἀριθμὸν)
1207 1861 1558 1944 Μοδέρατος
1576 1864 1611 1925 ὁ
1636 1863 2061 1944 Πυθαγόρειος.
2115 1861 2240 1926 Sed

542 1978 800 2053 propter
842 1963 928 2039 id,
968 1961 1047 2031 ὥς
1090 1971 1310 2046 φαμεν,
1354 1962 1724 2027 crediderim
1768 1963 1979 2050 potius
2021 1962 2241 2050 respici

541 2065 618 2130 ad
663 2088 798 2130 eam
842 2064 1207 2130 sententiam
1253 2063 1334 2128 de
1376 2063 1604 2142 anima,
1647 2086 1838 2150 quam
1887 2061 2056 2127 idem
2103 2066 2243 2129 Sto-

543 2170 720 2234 baeus
743 2163 1016 2235 'Plotina
1049 2167 1273 2233 tribuit
1307 2190 1374 2255 p.
1410 2168 1556 2247 864.
1649 2167 1896 2230 Locum
1944 2165 2243 2254 adscripsi

542 2273 604 2337 in
635 2296 811 2360 seqq,
841 2271 922 2336 ad
954 2295 1020 2359 p.
1053 2290 1203 2356 307.
1234 2272 1316 2335 E.

625 2399 689 2463 p.
719 2396 873 2462 553,
910 2394 1009 2439 11.
1054 2374 1270 2457 ἀρετὴν
1320 2374 1610 2454 ἁρμονίαν
1662 2370 1840 2456 εἶναι]
1904 2371 2241 2459 Wyttenb.

543 2480 624 2545 ad
655 2478 905 2544 Platon.
942 2476 1240 2542 Phaedon.
1278 2478 1364 2563 (p.
1395 2475 1486 2558 8.)
1521 2497 1583 2561 p.
1617 2492 1757 2558 127.
1793 2473 1929 2537 haec
1959 2475 2036 2542 ὥς
2063 2482 2240 2557 φιλο-

545 2585 763 2667 σοφίας
789 2584 902 2663 μὲν
930 2583 1112 2661 οὔσης
1138 2581 1425 2662 μεγίστης
1462 2581 1782 2658 μουσικῆςε
1836 2585 1882 2616 “
1913 2578 2080 2642 Nam
2108 2577 2246 2666 ipsa

545 2687 743 2751 virtus
770 2701 835 2750 et
880 2683 1182 2772 sapientia
1210 2680 1567 2746 continetur
1593 2680 1770 2768 quasi
1805 2679 2058 2745 musicae
2093 2703 2241 2745 con·

546 2805 731 2855 centu
756 2790 812 2853 :”
858 2787 967 2853 ubi
1027 2786 1123 2850 vir
1169 2783 1563 2850 doctissimus
1620 2796 1684 2847 et
1738 2782 1859 2848 alia
1915 2782 2134 2848 laudat
2181 2798 2245 2848 et

546 2893 713 2957 hunc
764 2888 998 2956 Plotini
1046 2887 1255 2952 locum
1301 2901 1366 2951 et
1412 2885 1523 2973 qui
1570 2884 1853 2972 proxime
1900 2883 2133 2972 legitur
2176 2908 2240 2972 p.

544 3011 692 3082 307.
723 2995 810 3059 E.
836 2992 917 3057 ad
949 3013 1136 3079 quem
1168 2989 1295 3054 vid.
1339 3003 1555 3053 annot.
1588 3004 1779 3053 nostr.
1826 3001 1890 3052 et
1918 2988 1998 3053 cf.
2033 2989 2242 3077 Wytt.

433 3145 440 3152 -
547 3098 624 3163 ad
659 3095 962 3161 Phaedon.
993 3117 1060 3181 p.
1092 3093 1238 3172 248.

631 3224 694 3289 p.
726 3221 767 3285 5
768 3217 880 3284 54,
907 3215 1008 3282 15.
1052 3194 1090 3276 ἢ
1119 3197 1269 3259 ὅταν
1294 3194 1682 3274 μὲν-λόγου
1704 3192 2004 3278 φήσομεν]
2045 3194 2244 3281 Lege-

547 3304 701 3370 rim:
748 3301 787 3385 ἦ
825 3304 971 3367 ὅταν
1012 3302 1125 3382 μὲν
1172 3301 1239 3365 έν
1277 3299 1455 3380 ἀρετῇ
1488 3297 1743 3361 ἕκαστον
1783 3293 1845 3377 ᾖ,
1878 3298 2248 3381 ἐνεργοῦν-

551 3413 803 3476 ἕκαστον
832 3404 1041 3472 ἑπαίον
1068 3405 1259 3486 λόγου
1288 3400 1567 3484 φήσομεν
1589 3424 1609 3473 ;

630 3537 694 3599 p.
740 3527 896 3597 555,
948 3510 1007 3573 6.
1076 3507 1146 3573 οὗ
1203 3505 1536 3589 σφραγίδος
1602 3502 1775 3567 ἔνδον
1833 3502 2245 3585 γενομένης-

548 3616 745 3697 &nep
803 3616 871 3678 ἐν
924 3616 1076 3697 κηρῷ
1131 3607 1400 3692 μορφήν]
1450 3605 1554 3671 Ad
1609 3604 1978 3670 sententiam
2040 3621 2104 3671 et
2161 3605 2244 3670 ad

549 3717 736 3782 verba
761 3713 992 3780 adhibe
1018 3735 1083 3799 p.
1101 3713 1251 3792 461.
1286 3711 1366 3773 F.
1399 3707 1505 3773 ubi
1536 3709 1806 3773 Noster:
1859 3709 1954 3772 καὶ
1980 3708 2098 3789 μὴν
2122 3709 2241 3772 σό-

548 3847 730 3901 ματος
756 3821 927 3886 ὄντος
955 3821 1062 3882 τοῦ
1090 3811 1528 3894 αἰσθανομένου
1558 3812 1663 3877 οὐκ
1692 3810 1769 3876 ἂν
1797 3812 1993 3876 ἄλλον
2021 3812 2243 3894 τρόπον

546 3924 779 4005 γένοιτο
824 3926 892 3986 τὸ
936 3918 1334 3985 αἰσθάνεσθαι
1374 3913 1412 3996 ἢ
1460 3918 1589 3980 οἷον
1630 3918 1699 3980 ἐν
1743 3919 1894 4001 κηρῷ
1941 3916 2237 3995 ἐνσημαν-

548 4035 742 4094 θεῖσαι
782 4027 901 4092 ἀπὸ
948 4024 1278 4090 δακτυλίων
1322 4023 1669 4105 σφραγίδες.
1763 4020 1943 4101 (Quo
1984 4019 2065 4084 de
2108 4018 2247 4085 loco

547 4132 823 4220 disputat
855 4127 1218 4196 Cudworth.
1265 4125 1328 4189 in
1373 4128 1642 4213 System.
1687 4123 1884 4188 intell.
1923 4146 1991 4210 p.
2025 4127 2243 4208 1111.)

551 4237 618 4301 P.
649 4236 802 4316 480.
835 4236 926 4298 A.
955 4231 1120 4296 idem
1152 4245 1361 4293 noster
1402 4227 1484 4293 de
1519 4226 1845 4292 animabus
1874 4226 2134 4314 singulis
2162 4226 2245 4291 ad

548 4340 733 4407 unius
774 4338 1000 4404 animae
1049 4335 1244 4399 instar
1282 4332 1622 4420 expressis:
1670 4334 1799 4397 οἷον
1847 4334 1912 4396 ἐκ
1956 4334 2248 4397 δακτύλου

548 4444 699 4531 (leg.
728 4441 1071 4524 δακτυλίου)
1099 4438 1234 4505 ἑνὸς
1258 4437 1481 4501 πολλοὶ
1515 4438 1679 4517 κηροὶ
1707 4436 1814 4501 τὸν
1842 4436 2024 4500 αὐτὸν
2060 4437 2247 4500 τύπον

545 4546 989 4628 ἆπομαξάμενοι
1038 4540 1307 4625 φέροιεν.
1428 4537 1910 4604 Similitudinem
1971 4538 2158 4603 duxit
2207 4561 2246 4602 a

546 4651 830 4725 Platone,
850 4644 963 4733 qui
992 4643 1054 4709 in
1085 4642 1332 4707 Theoet.
1364 4664 1432 4729 p.
1467 4662 1609 4726 191.
1640 4665 1695 4706 c.
1725 4640 1848 4707 ita:
1900 4644 2026 4710 Θὲς
2052 4641 2120 4706 δέ
2144 4666 2246 4721 μοι

543 4757 732 4836 λόγου
764 4752 941 4814 ἓνεκα
970 4749 1038 4812 ἐν
1065 4752 1193 4813 ταῖς
1227 4750 1457 4829 ψυχαῖς
1495 4746 1659 4825 ἡμῶν
1697 4745 1765 4810 ἓν
1796 4744 2034 4827 κήρινον
2065 4746 2240 4826 ἐκμα-

543 4862 732 4939 γεῖον,
763 4851 875 4917 ubi
903 4849 1035 4915 vid.
1067 4848 1419 4934 Heindorf
1453 4870 1519 4935 p.
1542 4866 1693 4932 452.
1762 4846 1934 4912 Alios
1965 4845 2246 4911 Platonis

543 4958 710 5024 locos
752 4954 1030 5041 itemque
1058 4951 1322 5016 aliorum
1350 4949 1649 5015 indicavit
1678 4949 2131 5038 wyttenbach.
2162 4948 2244 5013 ad

549 5057 870 5127 Plutarch.
915 5057 997 5122 de
1040 5055 1290 5120 educat.
1340 5076 1622 5139 puerorr.
1668 5077 1731 5142 p.
1772 5055 1874 5139 83.
1922 5077 2015 5140 sq.
2060 5068 2122 5117 et
2164 5052 2246 5118 de

550 5164 704 5230 Isid.
732 5176 799 5227 et
829 5159 1060 5227 Osirid.
1091 5181 1157 5245 p.
1191 5160 1334 5238 248.
1376 5181 1468 5245 sq.
1506 5169 1570 5221 et
1608 5156 1741 5244 ipse
1781 5156 1934 5221 alios
1979 5155 2243 5221 excitavi

545 5267 885 5333 imitatores
910 5264 974 5329 in
1005 5259 1277 5328 editione
1293 5259 1591 5349 peculiari
1623 5258 1853 5325 Plotini
1880 5258 1961 5324 de
1990 5257 2240 5345 pulerit..

545 5394 607 5458 p.
661 5388 699 5433 2
702 5368 1024 5456 57—260.
1115 5364 1246 5428 Hic
1290 5362 1578 5450 adjiciam
1627 5362 1711 5427 ibi
1772 5385 1896 5426 non
1955 5361 2244 5426 laudatos

546 5473 722 5538 binos
777 5472 946 5537 locos
997 5466 1283 5536 Philonis
1337 5466 1420 5531 de
1480 5465 1716 5531 Mundi
1776 5464 1949 5554 Opif.
2007 5488 2073 5552 p.
2134 5464 2240 5529 86.

548 5576 753 5642 Pseiff.
773 5574 910 5659 'Ap'
941 5576 1049 5641 οὗκ
1079 5576 1358 5658 ἐμφανῶς
1383 5576 1489 5643 τὰς
1518 5572 1866 5655 ἀσωμάτους
1905 5575 2002 5639 καὶ
2029 5574 2241 5653 νοητὸς

3903 573 4023 643 ¹75

2329 726 2489 795 ἰδέας
2529 728 2911 810 παρίστησιν,
2942 724 3014 795 ἀς
3045 731 3165 791 τῶν
3200 727 3497 808 αἰσθητῶν
3526 728 4027 811 ἀποτελεσμάτων

2327 831 2666 914 σφραγίδας
2696 830 2848 896 εἶναι
2881 828 3252 911 συμβέβηκε.
3302 829 3408 896 Cf.
3441 830 3735 896 Eundem
3766 830 3924 898 ibid.
3955 853 4022 920 p.

2332 954 2473 999 100.
2494 932 2605 998 ubi
2630 956 2748 1020 pro
2777 932 3155 1017 συγκέκριται
3183 932 3394 998 malim
3426 933 3836 1017 συγκέκραται.
3884 937 4025 1001 Cae·

2323 1051 2529 1102 terum
2573 1037 2658 1101 cf.
2688 1035 2853 1102 infra
2879 1060 2936 1102 c.
2963 1056 3029 1122 3.
3060 1059 3125 1123 p.
3153 1038 3309 1122 306.
3341 1038 3420 1101 C.

2408 1162 2473 1226 p.
2494 1142 2647 1224 556,
2679 1159 2744 1219 4.
2788 1138 2825 1219 ἢ
2877 1138 3154 1223 ὀργάνων
3205 1140 3508 1223 ἐλλείψει,
3551 1139 3684 1204 οἷον
3731 1141 3950 1228 ἀπορία
3990 1140 4030 1223 ἢ

2322 1245 2640 1325 σαθρότητι
2680 1244 2888 1307 ὅπλων
2920 1241 3296 1326 σωματικὸν]
3347 1240 3757 1329 Adjectivum
3805 1243 4031 1327 σαθρὸς

2323 1345 2572 1411 Platoni
2602 1344 2927 1411 familiare.
2972 1344 3219 1410 Theaet.
3251 1367 3316 1431 p.
3363 1361 3505 1428 179.
3535 1344 3600 1409 d.
3627 1344 3739 1431 (ib.
3761 1345 4030 1413 Heindf.

2322 1472 2389 1536 p.
2422 1459 2605 1535 413.)
2654 1447 2897 1514 Phileb.
2936 1471 3001 1536 p.
3029 1464 3138 1533 55.
3173 1447 3289 1531 (ib.
3324 1446 3542 1513 Stallb.
3576 1471 3643 1535 p.
3680 1452 3846 1533 177.)
3884 1450 4024 1514 Eu-

2324 1553 2667 1641 thyphron.
2708 1576 2778 1641 p.
2810 1575 2874 1637 5.
2906 1577 2960 1618 c.
3006 1555 3102 1639 (p.
3147 1570 3251 1638 35.
3301 1551 3554 1636 Stallb.)
3603 1554 3805 1640 Legg.
3856 1554 3931 1618 V.
3964 1554 4027 1620 8.

2328 1656 2442 1739 (ib.
2490 1659 2634 1721 Ast.
2689 1679 2755 1743 p.
2811 1660 2989 1742 254.)
3081 1656 3229 1720 Non
3291 1671 3594 1743 repetam,
3647 1678 3794 1742 quoe
3843 1654 4027 1722 multi

2324 1758 2523 1824 multa
2551 1759 2633 1824 de
2670 1759 2789 1824 hoc
2816 1757 3125 1824 vocabulo
3166 1771 3574 1823 monuerunt.
3664 1756 3815 1823 Alia
3855 1781 4030 1846 quoe-

2326 1865 2470 1927 dam
2495 1862 2808 1950 proferam
2838 1862 3107 1927 necdum
3147 1875 3467 1949 usurpata.
3557 1861 3763 1927 Aede
3782 1875 4023 1950 etymo·

2325 1963 2513 2053 logia,
2538 1980 2615 2031 ut
2644 1965 2788 2030 hinc
2817 1965 3047 2044 ordiar,
3067 1964 3231 2029 adde
3261 1961 3544 2051 Etymol.
3573 1963 3750 2029 Gud.
3780 1987 3848 2052 p.
3871 1983 4024 2050 495.

2327 2093 2418 2156 sq.
2455 2068 2564 2133 ubi
2609 2081 2702 2133 est
2744 2068 2954 2147 etiam,
2996 2067 3109 2155 qui
3136 2090 3255 2155 pro
3293 2066 3516 2131 eodem
3556 2065 3771 2131 haberi
3801 2066 4028 2154 jubeat

2326 2188 2517 2258 atque
2546 2172 2795 2254 σαπρὸς,
2828 2194 2867 2234 a
2903 2194 3032 2258 quo
3066 2186 3278 2236 tamen
3322 2168 3671 2257 significatu
3717 2183 3790 2234 ut
3832 2169 4027 2257 pluri-

2330 2297 2500 2338 mum
2533 2274 2784 2339 differre
2823 2273 3066 2338 malunt
3094 2271 3220 2350 alii,
3249 2274 3510 2338 docente
3543 2273 3914 2338 Giacomello
3941 2272 4027 2338 ad

2330 2379 2440 2441 Jo.
2502 2377 2826 2466 Chrysost.
2875 2376 2957 2441 de
3009 2375 3369 2441 Sacerdotio
3416 2397 3485 2462 p.
3522 2376 3674 2460 356.
3743 2374 4024 2463 Hesych.

2331 2480 2620 2561 σαβακὸς·
2667 2482 2701 2543 ὁ
2747 2481 2986 2562 σαθρός.
3032 2485 3194 2545 Χῖοι.
3239 2479 3318 2543 cf.
3351 2476 3606 2542 Jacobs.
3646 2477 3728 2542 ad
3758 2477 4028 2544 Anthol.

2331 2585 2449 2648 Gr.
2498 2584 2583 2647 T.
2635 2582 2840 2647 VIII.
2885 2605 2951 2669 p.
2992 2600 3138 2662 242.
3185 2581 3289 2648 cui
3347 2579 3485 2645 loco
3527 2580 3760 2645 adhibe
3813 2581 4025 2647 Photii

2329 2688 2485 2751 Lex.
2517 2710 2579 2774 p.
2604 2686 2754 2766 428.
2784 2685 2887 2749 ed.
2920 2685 3124 2750 Dobr.
3161 2685 3333 2773 Lips.
3377 2685 3605 2768 σαθρὸν
3650 2686 3721 2749 οὗ
3752 2686 4028 2766 σαβακὸν

2327 2791 2444 2874 χρὴ
2486 2788 2695 2872 λέγειν
2739 2787 3111 2854 Aristoteles
3155 2787 3368 2854 Ethic.
3410 2786 3655 2853 Nicom.
3704 2789 3767 2852 1.
3811 2808 3907 2853 10.
3941 2788 4025 2854 8:

2328 2891 2739 2977 χαμαιλέοντά
2780 2917 2915 2956 τινα
2951 2891 3058 2956 τὸν
3089 2892 3410 2972 εὐδαίμονα
3441 2891 3899 2973 ἀποφαίνοντες,
3932 2892 4032 2957 καὶ

2332 3001 2565 3078 σαθρῶς
2595 2994 2903 3078 ἱδρυμένον
2935 2997 3191 3083 (parum
3215 2992 3420 3059 stabili
3442 2992 3587 3058 sede
3605 2991 4031 3080 collocatum).

2336 3097 2632 3164 Similiter
2663 3097 2869 3162 Mich.
2915 3097 3160 3163 Psellus
3196 3096 3277 3162 de
3323 3100 3613 3184 Operatt.
3647 3098 3936 3163 Daemon.
3961 3120 4030 3186 p.

2340 3222 2439 3283 14.
2500 3200 2752 3265 Kilon.:
2800 3202 3018 3281 ταύτην
3075 3203 3143 3265 δὲ
3199 3203 3433 3282 σαθρὰν
3478 3199 3833 3284 ὑποβάθραν
3884 3203 4030 3266 ὑπο-

2334 3305 2536 3373 θέντες
2565 3308 2623 3370 οἱ
2643 3303 2856 3387 σαθροὶ
2888 3302 3006 3386 (ita
3032 3317 3198 3370 recte
3229 3303 3613 3369 Gaulminus
3641 3327 3759 3391 pro
3787 3306 4032 3387 σαυροί)

2332 3412 2438 3476 τὰς
2478 3408 2726 3491 φρένας.
2817 3406 3213 3494 Nicephorus
3260 3407 3584 3494 Gregorus
3617 3406 3837 3494 (vulgo
3865 3408 4036 3473 Ano-

2328 3515 2585 3601 nymus)
2629 3511 2709 3575 de
2752 3510 3066 3575 erroribus
3107 3508 3310 3575 Ulixis
3347 3530 3411 3597 p.
3450 3527 3511 3574 2.
3545 3508 3641 3572 ed.
3689 3508 4025 3576 Columbi:

2328 3614 2396 3677 τὸ
2440 3617 2548 3678 τοῦ
2586 3616 2775 3692 μύθου
2816 3612 3045 3695 σαθρὸν
3091 3610 3293 3698 (quod
3338 3610 3400 3675 in
3430 3610 3649 3675 fabula
3690 3609 4031 3692 lubricum,

2332 3715 2459 3779 sive
2495 3714 2703 3778 minus
2744 3714 2996 3778 firmum
3037 3715 3179 3796 est.)
3274 3712 3538 3777 Procius
3567 3712 3630 3776 in
3664 3711 3803 3777 Alc.
3832 3735 3928 3800 pr.
3960 3735 4027 3802 p.

2332 3818 2450 3882 88:
2497 3816 2744 3895 Ἐπειδὴ
2786 3818 2989 3879 τοίνυν
3029 3817 3092 3879 αἱ
3129 3818 3392 3879 τοιαῦται
3433 3819 3624 3880 πᾶσαι
3668 3815 4031 3897 ἀπαντήσεις

2327 3920 2545 4001 σαθραὶ
2592 3919 2686 3983 καὶ
2733 3917 3063 3982 εὖδιάλυτοι
3102 3920 3424 4001 πεφύκασι.
3474 3918 3556 3983 cf.
3587 3919 3743 3984 ibid.
3775 3943 3837 4008 p.
3878 3940 4024 4007 103.

2333 4022 2632 4086 Nicolaus
2692 4019 3125 4085 Methonensis
3188 4020 3330 4085 adv.
3402 4021 3699 4087 Proclum
3758 4046 3824 4110 p.
3880 4043 4023 4110 133.

2332 4124 2609 4190 Voemel.
2635 4150 2651 4189 :
2698 4127 2773 4189 τὰ
2798 4127 2911 4205 μὲν
2932 4128 3049 4206 γὰρ
3074 4123 3266 4205 πάντη
3294 4129 3490 4208 σαθρὰ
3513 4126 3609 4190 καὶ
3630 4127 4015 4210 ἀντέλεγκτα.

2332 4231 2492 4308 Quae
2520 4227 2865 4315 comparari
2895 4226 3126 4293 debent
3153 4250 3297 4292 cum
3328 4227 3426 4292 his
3457 4228 3782 4294 Plutarchi
3814 4229 4023 4296 Alcib.

2330 4356 2395 4420 p.
2429 4352 2569 4418 193.
2596 4333 2673 4396 C.
2707 4330 2977 4396 Socratis
3008 4331 3434 4415 ἐξελέγχοντος
3461 4336 3537 4397 τὰ
3559 4337 3755 4416 σαθρὰ
3784 4338 3885 4414 τῆς
3906 4342 4027 4418 ψυ-

2329 4441 2441 4520 χῆς
2469 4436 2667 4509 αὐτοῦ,
2700 4434 2780 4499 ad
2811 4457 2996 4521 quem
3030 4433 3235 4500 locum
3267 4434 3558 4501 Baehrius
3586 4449 3794 4501 noster
3819 4458 3882 4525 p.
3919 4437 4025 4502 81.

2331 4552 2395 4603 et
2441 4539 2521 4603 de
2564 4537 2733 4602 vocis
2774 4553 3082 4625 potestate
3136 4538 3285 4626 egit,
3340 4552 3404 4603 et
3444 4538 3527 4603 ad
3587 4539 4023 4627 explicandum

2331 4645 2592 4708 verbum
2655 4642 3001 4725 ἐξελέγχειν
3057 4641 3368 4728 egregiam
3437 4643 3888 4728 Wyttenbachii
3944 4643 4030 4709 ad

2334 4744 2656 4810 Plutarch.
2707 4767 2769 4831 p.
2821 4747 2968 4809 866.
3040 4744 3666 4811 Animadversionem
3717 4747 4022 4813 adhibuit.

2331 4851 2551 4935 Atque
2579 4871 2657 4911 ex
2689 4870 2807 4912 usu
2851 4846 3231 4925 Rhetorum,
3261 4846 3373 4933 qui
3403 4848 3676 4914 invalida
3715 4849 4027 4915 infirmare

2330 4950 2824 5016 adversariorum
2866 4965 3231 5037 argumenta
3278 4953 3505 5031 ἀσθενῆ
3545 4953 3642 5016 καὶ
3685 4956 3879 5036 σαθρᾶ
3905 4975 4022 5041 ap-

2329 5052 2586 5141 pellant,
2620 5052 2730 5135 (de
2772 5077 2901 5140 qno
2936 5051 3062 5116 vid.
3095 5052 3348 5118 Ernesti
3394 5052 3455 5118 in
3504 5055 3659 5120 Lex.
3712 5054 4019 5120 Technol.

2333 5157 2646 5222 Graecorr.
2692 5155 2959 5220 Rhetor.
2997 5153 3060 5218 in
3113 5155 3363 5238 σαθρὸς)
3402 5156 3591 5221 fluxit
3640 5157 3824 5221 etiam
3873 5178 4024 5223 usus

2329 5262 2375 5324 J
2381 5257 2947 5333 ureconsultorum;
2986 5256 3384 5345 Theophilus
3410 5260 3721 5324 Institutt.
3746 5259 3852 5324 lib.
3878 5260 4016 5325 111.

2332 5363 2466 5427 Tit.
2496 5361 2677 5426 XIX.
2711 5362 2769 5443 ξ.
2801 5381 2868 5446 3.
2902 5384 2969 5448 p.
3004 5378 3152 5445 724.
3184 5359 3421 5425 Reizii:
3470 5363 3695 5427 ἄτοπον
3734 5362 3847 5444 γάρ
3891 5365 4023 5429 ἐστι

2327 5466 2553 5549 λέγειν,
2585 5466 2693 5544 τὴν
2737 5463 3129 5548 ἰσχυροτέραν
3158 5462 3397 5546 ἑνοχὴν,
3428 5463 3590 5544 λέγω
3630 5463 3702 5543 δὴ
3738 5464 3847 5544 τὴν
3872 5470 4020 5530 ποῦ-

2326 5595 2458 5653 ραν,
2489 5568 2606 5634 ὑπὸ
2629 5572 2730 5648 τῆς
2758 5571 2984 5650 σαθρᾶς
3022 5569 3414 5649 ἀναιρεῖσθαι·
3448 5570 3680 5648 σαθρὰν
3707 5570 3775 5632 δὲ
3803 5573 4016 5634 καλαθ-
4067 5646 4076 5659 υ
