5118 6613
1304 566 1506 632 LIB.
1555 567 1688 634 IX.
1733 568 2191 636 ENNEAD.
2242 569 2708 637 TERTIAE.
2753 593 2818 659 p.
2853 573 3216 659 644—658.

528 736 832 802 rationem
873 757 1003 802 esse
1040 736 1222 804 aliam
1262 763 1477 805 eorum
1522 741 1635 806 ubi
1683 741 1914 806 Noster
1943 742 2221 807 Verbum

531 842 810 906 ἑνοῦσθαι
847 863 992 905 cum
1033 842 1268 908 Dativo
1300 843 1515 931 jungit
1547 843 1746 910 Clem.
1779 842 1964 910 Alex.
1996 844 2135 910 Vol.
2168 846 2219 910 1.

528 964 590 1031 p.
625 944 772 1029 635.
802 966 935 1009 esse
964 947 1289 1026 ἑνούμενον
1318 949 1386 1011 ἐν
1415 948 1594 1034 αὐτῷ.

609 1069 673 1134 p.
710 1048 861 1130 649,
898 1050 992 1113 16.
1040 1050 1147 1113 τὸν
1191 1050 1463 1115 κάκείνου
1501 1050 1778 1137 ποιητὴν]
1827 1049 2221 1116 Platonicum

529 1148 646 1214 hoc
668 1165 763 1214 est
790 1171 870 1215 ex
898 1152 1059 1238 Rep.
1080 1151 1201 1217 VI.
1235 1174 1302 1240 p.
1331 1153 1484 1237 506.
1538 1154 1632 1220 St.
1655 1174 1721 1240 p.
1753 1172 1900 1239 315.
1934 1154 2140 1219 Bekk.
2164 1169 2226 1219 et

526 1274 592 1340 p.
614 1253 767 1338 508.
800 1275 863 1341 p.
894 1255 1043 1339 318.

608 1379 677 1444 p.
708 1358 857 1443 650,
890 1377 946 1421 1.
995 1359 1892 1448 κόρου-κόρος-κεκορέσθαι]
1916 1358 2221 1427 Consulto

525 1460 588 1525 in
606 1460 706 1525 his
718 1459 1037 1526 vocabulis
1053 1460 1271 1526 ludere
1291 1461 1612 1527 Plotinum
1632 1461 1941 1550 intelligas
1966 1484 2216 1549 compa-

524 1563 676 1629 ratis
701 1563 799 1629 his
842 1563 1117 1651 ejusdem
1151 1562 1300 1629 locis
1341 1565 1484 1630 111.
1508 1566 1568 1628 6.
1609 1584 1705 1646 14.
1754 1564 1835 1630 V.
1865 1565 1908 1630 i.
1945 1585 2009 1648 4.
2065 1567 2141 1630 V.
2172 1565 2213 1631 i.

526 1683 586 1749 7.
623 1668 700 1731 V.
731 1688 793 1752 9.
829 1666 891 1731 8.
981 1666 1174 1732 Adde
1216 1667 1296 1732 de
1341 1690 1511 1733 vocc.
1561 1670 1747 1750 κόρος,
1800 1670 1940 1750 κόρη
1987 1668 2212 1756 Corayi

517 1768 783 1835 Ἀτακτα
807 1771 864 1835 I.
896 1792 963 1857 p.
997 1770 1101 1852 87.
1132 1793 1224 1857 sq.

604 1908 694 1922 —
718 1892 779 1958 3.
843 1876 949 1937 τοῦ
999 1873 1333 1956 ἀνενδεοῦς]
1401 1872 1817 1937 Vetustissimi
1862 1872 2217 1962 philosophi

530 1973 938 2063 (physiologi)
970 1980 1051 2061 τῷ
1081 1975 1259 2039 παντὶ
1287 1990 1351 2040 et
1377 1980 1457 2062 τῷ
1488 1978 1617 2040 ὄντι
1644 1976 2106 2064 adscripserunt
2144 1976 2213 2041 τὸ

526 2079 799 2147 ἆνενδεές
842 2104 902 2142 v.
932 2101 987 2144 c.
1035 2079 1459 2145 Parmenides·
1506 2079 1649 2144 Vid.
1687 2082 1745 2146 T
1749 2079 2049 2145 iilleborn.
2081 2079 2127 2145 l.
2155 2103 2209 2144 e.

530 2182 646 2246 VI.
678 2203 742 2270 p.
775 2202 878 2268 73.
911 2181 1060 2268 ibiq.
1100 2181 1507 2269 Simplicium.

1166 2371 1357 2435 LIB.
1418 2369 1550 2436 IX.

605 2510 666 2576 p.
700 2488 849 2573 655,
881 2507 943 2569 7.
988 2492 1493 2553 ΕΠΙΣΚΕΨΕῙΣ
1545 2490 1976 2578 ΔῙΑΦΟΡΟῙ]
2039 2490 2216 2554 Inter

521 2591 759 2680 priores
795 2590 985 2654 libros
1028 2589 1264 2655 Plotini
1310 2591 1695 2671 referenduS‚
1735 2591 1786 2656 si
1832 2606 2081 2680 tempus
2124 2615 2217 2656 re-

521 2694 724 2783 spicis,
755 2716 887 2781 quo
916 2693 1145 2782 singuli
1182 2695 1473 2782 deinceps
1506 2696 1718 2784 scripti
1748 2711 1916 2761 sunt.
2005 2698 2217 2761 Tenet

519 2798 682 2862 enim
710 2797 919 2863 locum
948 2796 1259 2863 decimum
1290 2799 1565 2863 tertium.
1612 2798 1755 2863 vid.
1794 2799 2102 2886 Porphyr.
2132 2797 2212 2862 de

523 2901 667 2966 Vita
695 2900 931 2965 Plotini
964 2923 1099 2988 cap.
1146 2901 1265 2964 IV.
1296 2914 1359 2965 et
1393 2923 1533 2988 cap.
1567 2902 1839 2966 XXIV.
1869 2925 1935 2989 p.
1971 2920 2114 2966 100.
2147 2914 2210 2966 et

520 3026 581 3092 p.
621 3022 765 3089 143.
811 3003 911 3068 ed.
949 3003 1198 3068 Fabric.
1289 3006 1391 3068 De
1436 3003 1695 3091 singulis
1738 3004 2212 3091 quaestionibus,

520 3129 680 3194 quas
704 3106 810 3170 hic
836 3105 1031 3193 agitat
1059 3119 1268 3170 noster
1296 3105 1729 3194 philosophus,
1763 3104 2010 3171 dicendi
2037 3105 2216 3170 nobis

519 3209 716 3274 otium
746 3208 895 3273 fecit
934 3208 1193 3273 Ficinus
1235 3208 1298 3272 in
1344 3232 1458 3273 suo
1492 3209 1950 3273 commentario.
2045 3210 2209 3272 Lau-

518 3312 628 3377 dat
672 3327 883 3376 autem
936 3312 1105 3377 hunc
1147 3311 1354 3399 ipsum
1399 3312 1630 3377 librum
1685 3312 1983 3386 Proclus;
2031 3314 2215 3401 cujus

515 3416 707 3481 verba
736 3416 802 3480 in
832 3415 1229 3481 annotatione
1255 3414 1337 3480 ad
1365 3415 1552 3503 primi
1580 3415 1800 3503 capitis
1828 3414 2076 3480 initium
2103 3415 2213 3480 ad-

515 3519 881 3586 scribentur.

600 3662 689 3674 —
725 3644 824 3688 10.
874 3627 1053 3698 Νοῦς,
1095 3632 1304 3706 φησιν,
1347 3625 1457 3707 ὁρᾷ
1503 3624 1756 3689 ἐνούσας
1799 3620 1985 3710 ἰδέας]
2035 3618 2212 3686 Plato

514 3728 576 3793 in
628 3728 873 3793 Timaeo
927 3750 995 3815 p.
1022 3747 1132 3812 39.
1186 3749 1252 3815 p.
1280 3747 1386 3807 40.
1432 3724 1877 3808 ΒεΙ<κ.-ᾖπερ
1919 3727 2026 3790 οὖν
2077 3731 2212 3794 νοῦς

517 3835 769 3899 ἐνούσας
811 3830 969 3897 ἰδέας
1017 3834 1097 3916 τῷ
1143 3830 1175 3893 ὃ
1221 3830 1351 3894 ἔστι
1395 3835 1563 3905 ζῶον,
1597 3830 1724 3892 οἶαί
1764 3854 1831 3892 τε
1883 3829 2071 3894 ἔνεισι
2116 3830 2212 3893 καὶ

514 3936 672 4010 ὅσαι,
709 3938 951 4018 καθορᾷ,
990 3935 1263 4001 τοιαύτας
1296 3933 1391 3997 καὶ
1433 3934 1726 3999 τοσαύτας
1769 3931 2042 4012 διενοήθη
2086 3937 2211 3996 δεῖν

515 4038 609 4102 καὶ
637 4039 775 4102 τόδε
810 4041 1007 4120 σχεῖν.
1098 4035 1343 4099 Locum
1390 4057 1583 4121 supra
1623 4035 1720 4099 bis
1761 4033 1972 4121 attigit
2016 4033 2212 4099 Ploti-

513 4162 654 4216 nus,
699 4163 766 4226 p.
800 4157 941 4203 200.
991 4139 1075 4203 Ε.
1123 4137 1230 4202 ubi
1277 4137 1642 4225 Epicharmi
1684 4136 1866 4215 illud,
1911 4137 2055 4203 licet
2096 4137 2208 4202 ali-

515 4254 755 4328 quanto
797 4240 1137 4318 diversum,
1168 4246 1329 4309 Νοῦς
1349 4244 1455 4323 ὁρῇ
1487 4270 1539 4306 κ.
1562 4266 1616 4305 τ.
1639 4250 1703 4305 λ.
1733 4241 2098 4328 attigimus3
2148 4256 2211 4306 et

517 4366 580 4431 p.
627 4362 774 4424 204.
807 4345 893 4408 A.
983 4344 1159 4413 Quas
1211 4358 1422 4409 autem
1473 4345 1536 4408 h.
1569 4344 1613 4408 l.
1666 4344 1816 4410 dicit
1874 4345 2049 4420 ἰδέας,
2108 4368 2212 4410 eas

516 4450 637 4527 εἴδη
680 4445 964 4534 proxime
1006 4445 1302 4534 appellat.
1379 4448 1482 4512 De
1525 4470 1656 4535 quo
1691 4447 1837 4512 vide
1872 4448 2207 4536 Wyttenb.

513 4548 590 4614 ad
625 4548 864 4614 Platon.
901 4549 1206 4614 Phaedon.
1232 4573 1298 4637 p.
1325 4569 1466 4634 270.
1499 4565 1562 4615 et
1592 4573 1784 4639 supra
1811 4574 1876 4638 p.
1912 4552 2016 4637 58.
2049 4553 2141 4616 A.

600 4688 688 4700 —
722 4671 821 4733 14.
866 4651 934 4715 τὸ
976 4653 1177 4716 τοίνυν
1217 4657 1367 4728 ζῶον
1397 4652 1560 4726 αιἠ-ὸ,
1593 4653 1663 4717 οὗ
1693 4657 1845 4727 νοῦς,
1879 4655 2043 4717 ἀλλὰ
2072 4677 2206 4732 νοη-

515 4755 638 4829 τὸν,
667 4754 812 4819 αὐτὸ
841 4754 1147 4841 φήσομεν]
1194 4754 1419 4841 Legito
1460 4754 1613 4819 mihi
1644 4755 1779 4820 haec
1822 4754 1885 4819 in
1926 4755 2088 4820 libro
2129 4755 2211 4820 de

517 4856 811 4920 Numeris
838 4880 894 4920 c.
921 4856 1120 4920 VIII.
1153 4855 1317 4922 infra
1346 4880 1414 4944 p.
1442 4858 1589 4941 678.
1624 4860 1689 4922 A
1713 4883 1727 4922 :
1779 4859 1978 4938 ἐπειδὴ
2006 4860 2208 4923 τοίνυν

517 4959 611 5023 καὶ
638 4965 788 5035 ζῶον
828 4960 1069 5041 πρώτως
1110 4959 1258 5034 ἐστὶ,
1292 4961 1387 5025 καὶ
1434 4963 1531 5024 διὰ
1547 4965 1742 5049 ,τοῦτο
1788 4961 2079 5038 αὖτοζῶον
2110 4962 2207 5026 καὶ

514 5067 644 5129 νοῦς
675 5064 805 5126 ἐστι
835 5064 930 5126 καὶ
958 5062 1134 5127 οὐσία
1160 5061 1199 5142 ἣ
1242 5065 1444 5130 ὄντως.
1536 5066 1741 5142 Quam
1786 5062 2202 5130 diversitatem

513 5164 694 5229 etiam
744 5162 978 5229 indicat
1035 5163 1291 5229 Proclus
1333 5164 1396 5229 in
1453 5165 1733 5232 Platonis
1779 5166 2097 5233 Timaeum
2137 5192 2203 5256 p.

522 5287 678 5353 130:
728 5266 797 5331 τὸ
846 5267 1137 5344 αὗτοζῶον
1189 5274 1501 5337 Πλωτΐνος
1544 5272 1656 5349 μὲν
1705 5275 1880 5355 διχῶς
1937 5273 2206 5336 ὑποτίθε-

515 5396 624 5444 ται,
655 5372 802 5435 ποτὲ
830 5371 942 5449 μὲν
969 5374 1074 5435 τοῦ
1102 5374 1209 5435 νοῦ
1238 5377 1520 5453 κρεῖττον,
1547 5373 1623 5440 ὡς
1653 5374 1720 5437 ἐν
1748 5378 1876 5441 ταῖς
1902 5375 2209 5456 διαφόροις

517 5473 893 5556 ἐπισκέψεσι,
925 5476 1070 5538 ποτὲ
1108 5476 1175 5538 δὲ
1213 5474 1696 5557 καταδεέστερον,
1730 5477 1807 5544 ὦς
1844 5478 1912 5540 ἐν
1950 5479 2032 5563 τῷ
2074 5478 2211 5557 περὶ

520 5575 795 5655 ἀριθμῶν,
828 5577 1053 5640 ὁπόταν
1077 5575 1231 5658 λέγῃ
1252 5583 1484 5659 πρῶτον
1508 5578 1659 5644 εἶναι
1686 5579 1754 5643 τὸ
1784 5578 1875 5653 ὃν,
1910 5579 2039 5645 εἶτα
2070 5583 2212 5645 νοῦν

3890 592 4009 652 199

2313 744 2387 826 (f.
2417 745 2525 811 τὸν
2555 747 2752 830 νοῦν),
2786 744 2913 810 εἶτα
2952 743 3021 808 τὸ
3065 744 3376 821 αὐτοζῶον.
3470 745 3632 809 Haec
3672 744 3777 808 ille
3819 767 3895 809 eo
3937 745 3999 808 in

2305 844 2466 913 loco·
2551 847 2705 913 Alia
2745 868 3058 935 apponam
3098 846 3264 912 infra
3292 847 3372 912 ad
3404 847 3447 911 l.
3473 847 3514 911 l.
3561 846 3703 912 libri
3740 848 3816 911 de
3859 848 4003 911 Nm-

2307 970 2517 1014 mem.

2398 1087 2484 1102 —
2521 1067 2623 1134 17.
2668 1054 2795 1116 ἐκεῖ
2817 1054 2932 1134 γὰρ
2963 1052 3057 1116 καὶ
3085 1051 3194 1130 τὴν
3223 1052 3508 1132 ἀλήθειάν
3536 1063 3725 1138 φησιν
3754 1053 3908 1118 εἶναι
3938 1055 4006 1118 ἐν

2313 1158 2393 1242 τῷ
2423 1155 2582 1243 ὄντι]
2633 1153 2874 1218 Platon.
2923 1152 3096 1218 Tim.
3130 1175 3196 1239 p.
3229 1153 3328 1218 28.
3376 1178 3439 1242 p.
3474 1173 3579 1222 22.
3620 1178 3761 1243 sqq.
3796 1153 4000 1219 Bekk.

2314 1257 2559 1323 Phileb.
2589 1280 2656 1344 p.
2687 1259 2788 1337 64.
2821 1256 2900 1320 de
2931 1255 3209 1344 Republ.
3242 1258 3364 1322 VI.
3394 1280 3460 1345 p.
3488 1259 3639 1340 486.

2389 1384 2451 1449 p.
2484 1362 2635 1445 656,
2670 1379 2726 1426 2.
2759 1358 2849 1426 ⁶0
2881 1364 2997 1443 γὰρ
3028 1363 3407 1444 καθορᾷ-ἐν
3429 1363 3584 1448 αὐτῷ
3613 1389 3664 1426 κ.
3687 1385 3742 1425 τ.
3760 1362 3858 1448 λ.]
3893 1359 3995 1425 Cf.

2303 1460 2465 1527 infra
2495 1485 2561 1550 p.
2586 1465 2737 1546 526.
2769 1463 2871 1526 E:
2922 1463 3071 1548 οὕτῳ
3102 1462 3172 1540 δὴ
3214 1461 3308 1525 καὶ
3350 1462 3853 1529 νοῦς-θεάσεται
3897 1462 4003 1526 οὐκ

2304 1567 2460 1629 ἄλλο
2505 1567 2575 1629 ἐν
2614 1566 2785 1651 ἄλλῳ
2825 1570 2968 1647 φῶς,
3004 1562 3378 1629 ἁλλ’-αὐτὸ
3424 1563 3548 1630 καθ’
3581 1565 3753 1629 ἑαυτὸ
3790 1566 3997 1644 μόνον,

2306 1668 2566 1750 καθαρὸν
2597 1666 2692 1750 ἐφ’
2727 1669 2939 1732 ἑαυτοῦ
2967 1668 3248 1750 ἐξαίφνης
3277 1666 3493 1749 φανέν.
3586 1668 3904 1732 Caeterum
3933 1666 3998 1730 in

2301 1769 2400 1834 his
2427 1793 2682 1857 quoque
2710 1769 2999 1857 quaedam
3032 1770 3211 1856 quasi
3241 1769 3473 1833 semina
3502 1792 3800 1855 agnoscas
3817 1771 3890 1834 K
3884 1791 3997 1833 an-

2302 1874 2497 1937 tianae
2533 1872 2786 1936 rationis
2815 1888 2877 1935 et
2914 1894 3060 1958 quae
3102 1871 3264 1936 hanc
3308 1894 3508 1959 nuper
3551 1872 3613 1935 in
3664 1872 4002 1936 Germania

2301 1989 2530 2040 secutae
2553 1990 2722 2054 sunt,
2747 1975 2910 2052 licet,
2944 1990 3172 2063 praeter
3194 1975 3660 2063 Schellingium
3690 1989 3753 2039 et
3783 1977 3999 2062 Hege-

2301 2079 2479 2157 lium‚
2510 2080 2676 2144 viros
2720 2078 3260 2166 ingeniosissimoe,
3290 2078 3596 2142 neminem
3629 2102 3705 2142 ex
3738 2079 3835 2142 his
3860 2080 3999 2166 phi-

2299 2182 2574 2270 losophis
2603 2183 2848 2248 credam
2879 2184 2991 2246 has
3021 2181 3358 2246 Enneadas
3384 2181 3709 2247 lectitasse.

2384 2309 2446 2372 p.
2479 2287 2633 2372 657,
2690 2306 2791 2372 13.
2837 2285 2928 2349 διὸ
2977 2285 3084 2348 οὐκ
3136 2287 3203 2348 ἐν
3258 2288 3337 2371 τῷ
3397 2286 3875 2365 σώματι-ἀλλὰ
3927 2286 3994 2348 τὸ

2299 2393 2470 2469 σῶμα
2517 2391 2600 2456 εἷς
2643 2389 2851 2471 αὐτὴν]
2905 2386 3213 2451 Alcinous
3254 2386 3334 2450 de
3379 2386 3684 2450 Doctrina
3719 2386 3996 2451 Platonis

2298 2490 2460 2556 hanc
2503 2491 2697 2579 hujus
2739 2490 3097 2579 philosophi
3140 2489 3220 2554 de
3263 2490 3471 2554 anima
3514 2489 3736 2554 mundi
3785 2491 3997 2579 prodit

2302 2595 2668 2659 sententiam
2728 2618 2866 2682 cap.
2913 2594 3102 2658 XIV.
3148 2616 3215 2682 p.
3245 2594 3395 2678 489.
3444 2593 3546 2658 ed.
3592 2594 3804 2681 Lugd.
3848 2595 3993 2663 Bat.

2306 2700 2507 2778 1614:
2557 2702 2658 2776 τῆς
2686 2699 2751 2762 δὲ
2777 2701 2981 2781 ψυχῆς
3013 2698 3148 2779 (τοῦ
3188 2697 3439 2778 κόσμου)
3481 2699 3757 2776 ταθείσης
3797 2699 3862 2761 ἐκ
3890 2703 3996 2762 τοῦ

2295 2799 2485 2879 μέσου
2533 2801 2629 2865 ἐπὶ
2670 2805 2745 2866 τᾶ
2787 2800 3034 2883 πέρατα,
3081 2798 3313 2880 συνέβη
3350 2799 3533 2878 αὐτὴν
3561 2799 3630 2862 τὸ
3676 2806 3847 2881 σῶμα
3888 2806 3995 2865 τοῦ

2298 2906 2521 2983 κόσμου
2552 2907 2745 2990 κύκλῳ
2783 2906 2880 2968 διὰ
2921 2903 3143 2970 παντὸς
3188 2901 3490 2985 περιέχειν
3538 2902 3632 2965 καὶ
3675 2905 3994 2984 περικαλύ-

2300 3015 2437 3091 ψαι·
2485 3010 2644 3073 ὥστε
2700 3010 2824 3094 ὅλῳ
2872 3011 2953 3094 τῷ
3005 3008 3206 3093 κόσμῳ
3254 3005 3437 3084 αὐτὴν
3477 3011 3844 3088 παρατεῖναι,
3902 3008 3998 3072 καὶ

2300 3116 2510 3175 τοῦτον
2538 3137 2644 3175 τον
2691 3111 2913 3194 τρόπον
2952 3110 3133 3174 αὐτὸν
3173 3114 3413 3174 συνδεῖν
3450 3133 3519 3172 τε
3558 3109 3653 3171 καὶ
3693 3109 3996 3193 συνέχειν.

2303 3216 2601 3278 Ceterum
2625 3212 2991 3301 Christoph.
3016 3211 3364 3277 Contoleon
3394 3210 3458 3275 in
3485 3212 3820 3298 Excerptis
3844 3212 3995 3276 Plo-

2300 3318 2546 3382 tinianis
2590 3317 2655 3382 in
2702 3317 2865 3382 Cod.
2912 3319 3051 3382 Vat.
3083 3339 3146 3381 n.
3184 3334 3374 3396 2141.
3403 3314 3538 3379 haec
3583 3314 3671 3379 ita
3712 3316 3991 3403 profert:

2300 3421 2415 3485 Διὸ
2446 3421 2539 3484 καὶ
2583 3420 2847 3485 Πλάτων
2890 3426 3082 3487 καλῶς
3127 3419 3235 3497 τὴν
3271 3419 3481 3501 ψυχὴν
3516 3419 3585 3482 οὗ
3634 3420 3755 3486 θεὶς
3799 3422 3866 3483 ἐν
3912 3427 3992 3506 τῷ

2299 3525 2526 3602 σώματι
2559 3523 2656 3587 ἐπὶ
2678 3527 2784 3587 τοῦ
2811 3521 3054 3596 παντὸς,
3087 3523 3249 3585 ἀλλὰ
3278 3520 3345 3583 τὸ
3376 3526 3547 3599 σῶμα
3576 3523 3643 3584 ἐν
3671 3525 3741 3601 τῇ
3768 3520 3957 3605 ψυχῇ.

2382 3650 2444 3713 p.
2470 3628 2621 3711 658,
2650 3645 2715 3711 3.
2760 3627 2890 3691 οἷον
2938 3627 3407 3704 κενεμβατοῦσα,
3452 3622 3547 3686 καὶ
3606 3623 3991 3704 ἆοριστοτέρα

2294 3729 2643 3813 γιγνομένη]
2698 3730 2799 3792 De
2828 3728 3021 3791 verbo
3066 3730 3457 3806 κενεμβατεῖν
3498 3723 3663 3789 adde
3705 3724 3800 3803 iis,
3846 3749 3992 3812 quae

2293 3854 2498 3919 nuper
2527 3830 2781 3896 laudata
2811 3829 3048 3894 suntin
3085 3827 3303 3916 Steph.
3338 3828 3532 3893 Thes.
3581 3827 3996 3917 Valpyano—

2297 3933 2573 4000 Londin.
2624 3933 2908 4020 Hesych.
2957 3932 3148 3996 Phot.
3200 3930 3376 3996 Suid.
3423 3934 3653 3996 Zonar.
3701 3934 3986 4020 Etymol.

2298 4037 2515 4124 Magn.
2550 4033 2832 4122 Etymol.
2867 4033 3042 4099 Gud.
3071 4034 3136 4098 in
3165 4055 3335 4097 voce.
3367 4032 3548 4097 Alex.
3582 4034 3753 4098 Mori
3798 4037 4015 4123 Com--

2298 4155 2485 4204 ment.
2531 4138 2613 4204 ad
2661 4137 2899 4202 Coloss.
2933 4137 3035 4201 ΙΙ.
3075 4138 3173 4201 18.
3246 4138 3394 4223 Ego
3436 4135 3721 4224 adjiciam
3764 4161 3987 4203 venus-

2297 4257 2430 4307 tum
2476 4239 2680 4305 locum
2723 4239 3049 4305 Plutarchi
3090 4239 3171 4304 de
3219 4241 3485 4304 Fortun.
3526 4239 3717 4306 Alex.
3753 4243 3853 4306 M.
3889 4245 3989 4308 11.

2295 4368 2360 4432 p.
2391 4347 2541 4431 336.
2575 4345 2650 4407 F.
2688 4342 2770 4408 de
2808 4342 3000 4430 hujus
3038 4342 3203 4429 regis
3230 4342 3506 4407 exercitu
3530 4344 3767 4409 ε--εἶτα
3799 4348 3986 4411 ἐκλεί-

2295 4474 2511 4515 ποντος
2540 4447 2727 4520 εὐθὺς,
2760 4448 2793 4510 ὁ
2830 4445 3184 4526 Λεωσθένης
3234 4446 3412 4528 ἔλεγε
3447 4445 3558 4524 τὴν
3597 4449 3843 4527 δύναμιν
3888 4452 3985 4531 ἐμ-

2295 4549 2691 4630 πλανωμένην
2733 4551 2910 4629 ἑαυτῇ
2962 4549 3057 4613 καὶ
3098 4549 3568 4631 περιπίπτουσαν
3610 4550 3863 4616 ἐοικέναι
3907 4559 3987 4640 τῷ

2301 4656 2582 4719 Κύκλωπι
2627 4654 2778 4732 μετὰ
2823 4651 2932 4731 τὴν
2970 4654 3282 4734 τύφλωσιν
3322 4652 3641 4716 ἐκτείνοντι
3680 4663 3996 4738 πανταχοῦ

2298 4759 2402 4825 τὰς
2448 4762 2671 4841 χεῖρας,
2721 4755 2810 4821 ἐπ’
2861 4756 3076 4821 οὐδένα
3123 4756 3353 4820 σκοπὸν
3406 4756 3759 4838 φερομένας.
3810 4762 3989 4828 οὕτως

2295 4858 2584 4941 ἐρέμβετο
2633 4863 3037 4939 κενεμβατοῦν
3072 4859 3168 4924 καὶ
3210 4860 3644 4941 σφαλλόμενον
3682 4859 3777 4923 ὑπ’
3810 4863 3990 4944 ἆναρ-

2289 4965 2426 5047 χίας
2474 4963 2562 5027 τὸ·
2590 4962 2844 5045 μέγεθος
2881 4962 3076 5042 αὐτῆς.
3166 4963 3403 5026 Locum
3457 4960 3744 5026 tractavit
3788 4964 3985 5051 Wyt-

2291 5067 2462 5132 tenb.
2490 5064 2558 5130 in
2587 5064 2967 5130 Animadvv.
2997 5064 3063 5128 in
3094 5063 3419 5130 Plutarchi
3448 5064 3985 5153 Apophthegmm.

2293 5171 2502 5257 Regg.
2536 5191 2602 5257 p.
2642 5184 2846 5251 1074:
2893 5167 2975 5232 de
3013 5167 3120 5231 illo
3148 5166 3341 5231 verbo
3378 5166 3533 5230 nihil
3568 5168 3853 5241 monuit;
3901 5169 3985 5233 ad

2292 5273 2474 5359 cujus
2502 5293 2687 5335 usum
2730 5268 3203 5357 intelligendum
3234 5269 3539 5334 tenendus
3574 5287 3667 5332 est
3710 5269 3809 5332 hic
3852 5270 3984 5358 ipse

2294 5374 2466 5440 locus
2507 5373 2917 5438 Plotinianus.
2984 5373 3161 5437 Stob.
3206 5372 3474 5460 Eclogg.
3508 5369 3732 5458 Physs.
3789 5374 3843 5436 I.
3880 5377 3982 5440 26.

2296 5498 2360 5565 p.
2408 5494 2555 5563 534.
2604 5478 2795 5540 Heer.
2863 5475 3285 5563 Xenophanes
3326 5474 3406 5539 de
3454 5471 3663 5559 eclipsi
3706 5473 3849 5538 solis
3874 5500 3972 5538 :—

2299 5585 2446 5646 κατᾶ
2474 5580 2542 5646 δέ
2591 5605 2725 5646 τινα
2768 5579 2970 5662 καιρὸν
3009 5582 3310 5645 ἐκπίπτειν
3346 5579 3453 5643 τὸν
3485 5580 3690 5642 δίσκον
3730 5582 3813 5646 εἵς
3847 5606 3981 5646 τινα
