5118 6613
1137 565 1259 611 100

1131 715 1447 782 Nimirum
1487 718 1900 784 accommodat
1943 731 2187 784 tantum
2230 718 2311 784 ad
2353 742 2533 785 suum
2573 718 2812 784 consili-

1135 842 1265 898 um,
1293 843 1439 907 quae
1480 819 1840 886 ferebantur
1875 821 2239 909 antiquitus,
2280 836 2352 887 ut
2380 845 2564 887 verus
2593 822 2806 910 philo·

1128 922 1382 1010 sophus.
1470 924 1782 1010 Perquam
1812 937 2021 990 autem
2051 923 2270 989 similia
2296 939 2464 1003 sunt,
2495 948 2640 1012 quae
2670 923 2810 990 Ori-

1130 1047 1320 1113 genes
1352 1023 1417 1088 in
1463 1025 1734 1091 Genesin
1776 1028 1835 1111 ξ.
1867 1048 1930 1113 9.
1957 1050 2020 1115 p.
2048 1043 2145 1113 15.
2194 1028 2381 1093 Ruaei
2423 1028 2512 1093 ita
2563 1026 2806 1114 eloqui-

1131 1141 1269 1191 tur:
1317 1129 1518 1211 ὥσπερ
1559 1132 1675 1212 γὰρ
1716 1132 2239 1211 προαποδείξαμεν,
2288 1132 2379 1195 ὅτι
2419 1131 2593 1195 οὐδὲν
2633 1135 2815 1195 λυπεῖ

1128 1230 1235 1295 τὸν
1262 1232 1397 1314 περὶ
1422 1235 1527 1296 τοῦ
1564 1231 1659 1315 ἐφ’
1689 1232 1828 1312 ἡμῖν
1854 1234 2043 1315 λόγον
2067 1232 2136 1297 τὸ
2173 1232 2278 1298 τὸν
2307 1233 2446 1298 θεὸν
2473 1231 2809 1314 προειδέναι

1126 1336 1202 1398 τᾶ
1227 1335 1690 1419 πραχθησόμενα
1719 1334 1965 1422 ἑκάστῳ,
1995 1337 2176 1404 οὕτως
2216 1337 2353 1400 οὐδὲ
2391 1339 2466 1400 τᾶ
2500 1342 2735 1417 σημεῖα,
2767 1336 2807 1400 ἃ

1130 1437 1336 1516 ἔταξεν
1379 1439 1413 1501 6
1466 1437 1600 1505 θεὸς
1647 1440 1730 1506 εἰς
1772 1437 1840 1501 τὸ
1890 1440 2216 1520 σημαίνειν,
2263 1440 2554 1519 ἐμποδίζει
2594 1438 2663 1502 τὸ
2708 1437 2803 1521 ἐφ’

1123 1539 1280 1619 ἡμῖν·
1327 1542 1490 1604 ἀλλὰ
1516 1541 1936 1623 παραπλησίως
1960 1543 2185 1629 βιβλίῳ
2206 1541 2539 1625 περιέχοντι
2559 1544 2635 1605 τὰ
2661 1541 2804 1621 μέλ-

1123 1648 1311 1706 λοντα
1356 1648 1740 1726 προφητικῶς,
1787 1645 1821 1707 6
1863 1648 1976 1711 πῖις
2021 1644 2267 1726 οὐρανὸς
2317 1646 2575 1717 δύναται,
2621 1645 2803 1708 οἱονεὶ

1150 1745 1377 1825 βίβλος
1400 1744 1668 1820 ὣνΘεοῦ,
1699 1746 1999 1830 περιέχειν
2031 1750 2107 1811 τὰ
2132 1747 2454 1827 μέλλοντα.
2503 1748 2704 1829 διόπερ
2734 1749 2800 1812 ἐν

1121 1851 1191 1926 τῇ
1233 1852 1535 1933 προσευχῇ
1574 1852 1679 1912 τοῦ
1711 1847 1938 1932 Ἰωσὴφ
1979 1852 2217 1916 δύναται
2255 1852 2403 1914 οὕτω
2435 1853 2702 1913 νοεῖσθαι
2728 1849 2797 1913 τὸ

1121 1951 1452 2033 λεγόμενον
1500 1950 1614 2016 ὑπὸ
1659 1956 1765 2015 τοῦ
1805 1950 2043 2032 Ἰακὼβ,
2089 1952 2357 2034 ἀνέγνων
2398 1954 2514 2034 γὰρ
2566 1953 2633 2015 ἑν
2675 1958 2801 2019 ταῖς

1118 2055 1300 2132 πλαξὶ
1347 2058 1454 2118 τοῦ
1505 2054 1776 2137 οὐρανοῦ,
1820 2056 1939 2118 ὅσα
1985 2054 2355 2135 συμβήσεται
2396 2056 2533 2135 ὑμῖν
2573 2055 2641 2117 ἑν
2678 2059 2800 2121 τοῖς

1115 2158 1263 2225 υἱοῖς
1300 2158 1482 2236 ὑμῶν.
1525 2157 1683 2241 τάχα
1724 2160 1789 2222 δὲ
1832 2158 1928 2223 καὶ
1971 2157 2058 2232 τὸ,
2092 2157 2452 2241 εἰλιγήσεται
2484 2158 2518 2220 6
2548 2156 2799 2239 οὐρανὸς

1117 2260 1194 2326 ὣς
1233 2262 1482 2340 βιβλίον
1512 2260 1726 2343 (Iesai.
1757 2281 1865 2347 34.
1893 2264 1993 2345 4.)
2024 2261 2158 2327 τοὺς
2198 2262 2416 2342 λόγους
2456 2259 2591 2326 τοὺς
2631 2284 2793 2342 περι-

1117 2362 1435 2445 εχομένους
1476 2364 1862 2444 σημαντικοὺς
1901 2368 2019 2427 τῶν
2064 2362 2366 2442 ἐσομένων
2393 2367 2569 2442 δηλοῖ
2607 2363 2791 2443 ἀπαρ-

1113 2465 1590 2545 τισθησομένους,
1612 2466 1707 2531 καὶ
1726 2464 1807 2531 ἔν’
1827 2468 2005 2534 οὕτως
2025 2468 2186 2540 εἴπω,
2205 2464 2791 2547 πληρωθησομένους,

1113 2567 1313 2650 ὥσπερ
1340 2567 1621 2651 λέγονται
1652 2570 1713 2633 αἱ
1748 2574 2101 2651 προφητεῖαι
2133 2572 2557 2650 πεπληρῶσθαι
2583 2571 2664 2654 τῷ
2695 2568 2788 2631 ἑκ-

1110 2670 1459 2751 βεβηκέναι.
1507 2672 1602 2734 καὶ
1643 2672 1824 2738 οὕτως
1875 2671 2043 2735 ἔσται
2090 2672 2174 2738 εἰς
2219 2675 2434 2751 σημεῖα
2477 2673 2552 2734 τὸ
2603 2670 2794 2751 ἄστρα

1111 2773 1405 2854 γεγονότα
1455 2775 1602 2836 κατὰ
1645 2773 1752 2852 τὴν
1794 2772 2099 2854 λέγουσαν
2142 2772 2347 2854 φωνὴν
2392 2772 2666 2836 ἔστωσαν
2711 2773 2794 2838 εἰς

1113 2879 1343 2955 σημεῖα.
1417 2876 1592 2938 Ante
1635 2874 1967 2961 Origenem
1998 2897 2146 2938 vero
2177 2872 2622 2959 Plotinumque
2662 2874 2792 2937 Ge-

1110 2973 1315 3039 minus
1359 2974 1671 3055 Rhodius,
1712 2976 1804 3040 uti
1848 2999 2038 3064 supra
2077 2975 2312 3054 monui,
2356 2978 2588 3062 efficere
2628 2990 2793 3039 astra

1107 3100 1207 3142 res
1235 3090 1570 3154 terrestreS,
1598 3093 1839 3155 eventa,
1869 3101 2070 3143 mores
2110 3077 2353 3166 aliaque
2391 3078 2663 3142 humana
2688 3101 2793 3142 ne-

1105 3198 1397 3270 gaverat;
1443 3184 1815 3270 sigmfficaw
1863 3181 2287 3247 affirmaverat.
2377 3183 2540 3268 Ejus
2582 3180 2787 3245 locum

1108 3284 1169 3350 h.
1201 3284 1241 3350 1.
1302 3309 1633 3375 apponam.
1723 3286 1828 3352 Ita
1883 3285 2043 3350 enim
2105 3284 2206 3350 ille
2255 3284 2318 3350 in
2371 3284 2788 3350 Astronomiae

1108 3390 1446 3456 Elementis
1478 3390 1569 3474 (in
1602 3389 1842 3455 Petavii
1881 3388 2293 3475 Uranologio)
2325 3411 2390 3476 p.
2418 3389 2787 3473 56.;-ὅθεν

1106 3499 1232 3561 ταῖς
1271 3500 1387 3558 τῶν
1422 3495 1657 3576 ἄστρων
1691 3495 1991 3560 ἑπιτολαῖς
2033 3495 2180 3557 κατὰ
2220 3491 2353 3559 τοὺς
2396 3491 2626 3572 καιροὺς
2667 3491 2782 3572 ἀφ-

1105 3597 1452 3679 ωρισμέναις
1482 3599 1543 3661 αἱ
1568 3597 1904 3677 μεταβολαὶ
1930 3599 2036 3659 τοῦ
2063 3594 2234 3676 ἀέρος
2259 3594 2527 3677 γίνονται
2556 3594 2669 3676 οὐχ
2711 3594 2787 3661 ὦς

1104 3706 1221 3764 τᾶν
1249 3701 1482 3782 ἄστρων
1512 3702 1756 3780 δύναμιν
1796 3700 2057 3783 ἑχόντων
2099 3696 2245 3780 πρὸς
2289 3697 2396 3775 τὴν
2440 3696 2785 3776 μεταβολὴν

1102 3809 1219 3867 τῶν
1260 3803 1608 3883 πνευμάτων
1654 3803 1747 3867 καὶ
1789 3808 1907 3866 τῶν
1946 3803 2206 3882 ὄμβρων,
2250 3798 2387 3864 ἀλλ’
2425 3800 2501 3865 ὧς
2539 3800 2783 3878 σημείου

1102 3904 1277 3988 χάριν
1315 3904 1799 3986 παρειλημμένων
1840 3903 1984 3987 πρὸς
2024 3903 2091 3967 τὸ
2134 3902 2602 3985 προγιγνώσκειν
2636 3902 2784 3981 ἡμᾶς

1102 4010 1207 4072 τὰς
1231 4007 1366 4087 περὶ
1393 4005 1497 4070 τὸν
1527 4006 1674 4088 ἀέρα
1700 4005 2094 4087 περιστάσεις.
2144 4007 2239 4069 καὶ
2269 4007 2469 4084 ὥσπερ
2499 4004 2533 4066 6
2562 4004 2784 4085 πυρσὸς

1101 4111 1206 4175 οὐκ
1235 4110 1406 4177 αὐτός
1437 4112 1567 4173 ἐστι
1586 4110 1887 4191 παραίτιος
1906 4113 2007 4188 τῆς
2026 4113 2341 4189 πολεμικῆς
2360 4108 2777 4192 περιστάσεως,

1103 4213 1266 4276 ἀλλὰ
1313 4213 1559 4292 σημεῖόν
1610 4213 1739 4275 ἐστι
1789 4215 2112 4290 πολεμικοῦ
2167 4215 2386 4292 καιροῦ·
2446 4210 2552 4274 τὸν
2602 4210 2780 4275 αὐτὸν

1102 4316 1321 4396 τρόπον
1352 4314 1447 4378 καὶ
1489 4316 1550 4378 αἱ
1587 4318 1703 4378 τῶν
1732 4313 1965 4395 ἄστρων
1993 4313 2259 4376 ἐπιτολαὶ
2287 4314 2391 4377 οὐκ
2432 4313 2602 4377 αὐταὶ
2627 4337 2776 4395 παρ·

1103 4417 1283 4481 αίτιοί
1308 4419 1428 4481 εἶσι
1455 4421 1571 4480 τῶν
1598 4416 1731 4498 περὶ
1757 4415 1863 4480 τὸν
1892 4414 2038 4496 ἀέρα
2072 4420 2444 4495 μεταβολῶν,
2477 4416 2641 4479 ἀλλὰ
2669 4440 2775 4494 ση-

1098 4525 1236 4599 μεῖα
1287 4519 1571 4583 ἔκκεινται
1618 4524 1735 4582 τῶν
1779 4519 2057 4583 τοιούτων
2100 4516 2522 4599 περιστάσεων.
2595 4517 2778 4580 Tunc

1099 4619 1344 4708 egregie
1385 4619 1675 4708 explicat,
1717 4618 2032 4707 quomodo
2081 4618 2321 4705 antiqui
2372 4618 2649 4683 homines
2694 4617 2775 4682 ad

1095 4722 1490 4810 prognostica
1517 4721 1896 4810 tempestatis
1921 4721 2305 4785 observanda
2327 4721 2777 4807 consignanda·

1098 4848 1223 4913 que
1250 4825 1502 4890 deducti
1532 4825 1672 4889 sint.
1725 4824 2002 4912 Scriptor
2023 4847 2274 4911 quoque
2294 4822 2391 4887 vel
2418 4822 2775 4887 Platonicus

1101 4926 1196 4993 vel
1229 4927 1616 4993 Christianus
1657 4926 1720 4991 in
1753 4925 2022 4990 Fabricii
2054 4925 2216 4990 Bibl.
2253 4927 2370 4990 Gr.
2402 4923 2541 4989 Vol.
2575 4926 2674 4989 11.
2704 4949 2768 5014 p.

1095 5032 1242 5119 516.
1274 5054 1366 5118 sq.
1395 5028 1459 5093 in
1502 5028 1768 5116 dialogo,
1812 5027 1923 5116 qui
1968 5027 2357 5115 Hermippus
2397 5027 2771 5105 inscribitur,

1095 5134 1255 5200 effici
1296 5133 1377 5198 ab
1412 5131 1589 5197 astris
1628 5154 1836 5196 rerum
1864 5146 2085 5196 eventa
2109 5144 2330 5217 negat:
2377 5131 2771 5212 προσημαίνε-

1096 5245 1238 5304 σθαι
1278 5232 1630 5309 contendit;
1691 5257 1879 5322 quam
1939 5233 2300 5298 sententiam
2349 5231 2771 5297 accommodat

1094 5341 1279 5407 etiam
1329 5339 1410 5405 ad
1457 5352 1692 5404 astrum
1734 5360 1773 5401 a
1817 5336 2028 5423 Magis
2071 5335 2272 5399 visum
2309 5350 2372 5400 et
2398 5334 2482 5399 ad
2518 5332 2770 5420 eclipsin

1095 5445 1213 5510 sub
1242 5457 1503 5508 mortem
1531 5441 1679 5508 Jesu
1713 5438 1963 5504 Christi.
2013 5439 2117 5504 Cf.
2148 5437 2332 5503 etiam
2362 5438 2551 5503 Frid.
2575 5438 2770 5501 Mim-

1095 5548 1215 5611 teri
1260 5545 1526 5610 librum:
1577 5545 1716 5609 Der
1755 5543 1949 5609 δέεται
1993 5542 2106 5605 der
2150 5542 2388 5606 Weisen
2430 5564 2495 5629 p.
2535 5541 2641 5607 28.
2672 5563 2765 5628 sq.

2122 548 2942 614 ANNOTATIONES

3010 548 3121 614 IN
3187 548 3634 614 PLOTINI

2898 722 3211 786 Caeterum
3249 721 3714 785 Tiedemannus
3742 719 3802 784 in
3833 718 4013 799 libro,
4041 720 4152 807 qui
4180 720 4569 787 inscribitur:

2899 824 3076 889 θεία
3117 825 3230 888 der
3265 824 3688 911 speculativen
3730 822 4124 911 Phiheopkie
4154 824 4296 889 111.
4325 848 4392 912 p.
4422 844 4569 911 334.

2894 949 3028 1014 sqq.
3053 926 3320 1015 judicat,
3349 948 3574 1014 parum
3611 925 3728 991 sibi
3755 941 4033 991 constare
4065 925 4407 1007 Plotinum,
4438 927 4571 1014 qui,

2893 1051 3038 1093 cum
3083 1028 3208 1093 vim
3255 1027 3603 1094 universam
3659 1043 3965 1093 astrorum
4015 1045 4329 1116 agnoscat,
4379 1029 4573 1094 nihilo

2892 1146 3098 1198 tamen
3126 1131 3332 1196 minus
3356 1153 3572 1196 eorum
3600 1130 3724 1195 vim
3756 1130 3818 1195 in
3846 1130 4168 1196 hominum
4195 1131 4434 1197 animos
4461 1156 4567 1197 ne·

2888 1248 3107 1323 gatum
3136 1249 3257 1314 eat,
3287 1232 3578 1299 nimirum
3617 1257 3748 1320 quo
3784 1232 4049 1298 liberum
4091 1234 4418 1300 arbitrium
4460 1235 4570 1300 ho-

2891 1337 3161 1403 minibus
3204 1336 3443 1401 salvum
3480 1335 3768 1401 vindicet.
3861 1338 4003 1415 Qua
4050 1335 4131 1401 de
4174 1360 4242 1401 re
4283 1361 4409 1402 non
4453 1354 4566 1417 est,

2890 1439 3062 1527 quod
3089 1439 3155 1503 h.
3174 1438 3215 1504 l.
3247 1438 3653 1528 disputemus

2973 1566 3040 1631 p.
3073 1557 3219 1627 250,
3246 1562 3340 1625 17.
3370 1544 3478 1610 Τίς
3505 1543 3610 1607 οὖν
3637 1543 3674 1622 ἡ
3713 1543 3984 1621 σύνταξις
4009 1541 4047 1621 ἠ
4072 1541 4180 1621 μία
4209 1569 4259 1606 κ.
4279 1568 4333 1606 τ.
4355 1545 4452 1632 λ.]
4488 1545 4567 1609 In

2885 1644 3003 1724 his,
3035 1663 3234 1732 usque
3260 1644 3341 1710 ad
3369 1645 3551 1709 finem
3583 1642 3840 1732 Capitis,
3869 1658 4220 1707 accuratam
4247 1659 4310 1709 et
4338 1644 4563 1711 intelli-

2882 1747 3156 1835 gentiam
3185 1761 3249 1812 et
3275 1746 3746 1836 descriptionem
3775 1746 3971 1810 inesse
3997 1746 4156 1833 ejus,
4178 1747 4351 1834 quod
4380 1747 4564 1813 hodie

2882 1848 3234 1938 Philosophi
3260 1852 3633 1939 organicum
3659 1871 3884 1937 corpus
3922 1862 3985 1913 et
4012 1851 4385 1937 organicam
4414 1854 4562 1915 zmi-
4671 1887 4676 1892 ·

2883 1962 3065 2017 tatem
3093 1951 3428 2040 appellant,
3458 1952 3567 2040 qui
3597 1975 3720 2017 non
3751 1951 3995 2031 sentiat,
4026 1951 4077 2016 is
4120 1951 4272 2016 nihil
4312 1953 4564 2019 omnino

2882 2078 3172 2120 sensurus
3209 2078 3339 2120 esse
3367 2053 3671 2135 videatur,
3702 2068 3774 2119 ut
3804 2053 4116 2119 Ciceronis
4145 2055 4333 2120 verba
4376 2079 4559 2121 usur·

2880 2180 3024 2245 pem
3052 2158 3115 2222 in
3144 2156 3280 2222 loco
3308 2157 3476 2222 haud
3508 2156 3807 2234 dissimili,
3840 2156 3947 2222 ubi
3976 2157 4056 2221 de
4089 2157 4433 2223 constantia
4460 2182 4558 2223 or·

2879 2260 3148 2349 dineque
3200 2282 3528 2348 corporum
3584 2258 3919 2324 caelestium
3976 2258 4276 2346 loquitur,
4335 2260 4415 2326 de
4473 2263 4556 2327 N.

2880 2364 3101 2428 Deorr.
3138 2364 3236 2427 ΙΙ.
3271 2382 3369 2430 20.
3417 2364 3640 2450 Neque
3679 2379 3884 2426 tamen
3927 2376 4071 2426 ante
4112 2361 4432 2428 Plotinum
4471 2363 4561 2429 ul-

2878 2465 3008 2531 lum
3038 2465 3476 2555 philosophum
3508 2481 3634 2529 tam
3662 2463 3784 2528 alte
3804 2479 4153 2551 penetrasse
4180 2465 4245 2529 in
4273 2481 4558 2531 naturam

2877 2583 2939 2633 et
2967 2569 3093 2633 vim
3125 2570 3434 2657 organici
3461 2566 3864 2657 pronuntiare
3892 2566 4172 2631 audeam.

2960 2694 3027 2759 p.
3062 2687 3207 2756 251,
3237 2692 3332 2736 12.
3368 2671 3485 2736 Καὶ
3529 2670 3598 2750 δὴ
3634 2672 3729 2734 καὶ
3769 2671 4130 2754 ψυχὴ-τοῦ
4179 2671 4555 2760 κρατοῦντος]

2879 2774 2959 2837 In
2989 2773 3262 2838 hocloco
3282 2773 3581 2861 impedito
3607 2772 3877 2861 primum
3904 2772 4240 2837 tenendum
4263 2790 4358 2837 est
4379 2771 4557 2851 illud,

2876 2875 3174 2963 distingui
3203 2875 3469 2940 animam
3499 2874 3718 2939 mundi
3752 2898 3792 2940 a
3818 2890 4025 2939 mente
4070 2874 4361 2953 universi,
4395 2875 4556 2954 Diis,

2877 2977 3086 3043 stellis.
3174 2978 3266 3042 Hi
3320 2977 3551 3043 circulo
3601 2993 3949 3056 moventur,
3998 2977 4125 3041 sive
4171 3000 4287 3065 per
4342 2977 4555 3044 orbem

2876 3104 3117 3168 semper
3143 3080 3223 3145 ad
3256 3104 3319 3145 se
3356 3081 3619 3145 redeunt
3652 3080 3759 3163 (cf.
3791 3103 3980 3168 supra
4009 3081 4109 3146 11.
4139 3101 4191 3145 1.
4222 3100 4277 3145 1.
4311 3104 4379 3168 p.
4408 3099 4554 3164 107.

2875 3185 2966 3248 A.
2996 3183 3143 3271 ibiq.
3172 3186 3472 3271 Annot.):
3505 3184 3708 3249 anima
3737 3183 3954 3249 mundi
3974 3184 4108 3271 jam
4137 3197 4307 3247 recta
4333 3184 4555 3263 fertur,

2872 3286 2936 3351 h.
2959 3311 3010 3351 e.
3030 3288 3312 3353 Deorum
3324 3288 3457 3376 jam
3483 3287 3746 3354 orbitam
3769 3286 4083 3375 relinquit,
4108 3300 4170 3352 et
4190 3285 4268 3351 ad
4296 3302 4555 3352 externa

2870 3390 3251 3478 procreanda
3270 3391 3688 3480 progreditur.
3743 3390 3914 3455 Hinc
3933 3405 4136 3478 potest
4156 3389 4340 3454 etiam
4361 3390 4551 3473 παρά-

2868 3498 3102 3575 γεσθαι,
3136 3493 3262 3558 sive
3288 3494 3352 3558 in
3384 3509 3797 3558 transversum
3827 3493 3948 3579 agi,
3969 3508 4032 3557 et
4059 3516 4098 3557 a
4115 3493 4292 3581 justa
4318 3492 4421 3557 via
4448 3492 4555 3558 de-

2866 3594 3052 3660 flecti.
3082 3596 3204 3660 Sed
3225 3613 3428 3662 tamen
3438 3595 3682 3683 justitia
3699 3596 3979 3678 (fortasse
3994 3594 4329 3683 legendum
4347 3596 4553 3661 ἕπεται

2866 3697 3090 3762 omisso
3130 3700 3491 3783 καὶ-Δίκη)
3522 3722 3596 3763 ea
3633 3697 3934 3785 sequitur,
3964 3721 4108 3785 quae
4145 3697 4206 3762 in
4247 3697 4550 3762 Universo

2866 3815 3160 3887 aguntur,
3193 3800 3307 3865 nisi
3332 3801 3773 3886 (Universum)
3804 3799 4095 3865 solvatur.
4155 3802 4378 3865 Manet
4401 3821 4550 3864 vero

2873 3904 3297 3986 (Universum)
3335 3926 3576 3992 semper
3606 3917 3824 3990 utpote
3851 3902 4205 3967 ordinatum
4241 3902 4458 3967 ordine
4486 3916 4551 3967 et

2864 4005 2927 4069 vi
2949 4006 3003 4094 ej
3014 4029 3106 4084 uS,
3130 4006 3241 4093 qui
3263 4007 3317 4070 ei
3339 4020 3583 4094 proeest.
3623 4005 3820 4070 Aliter
3835 4005 3968 4069 haec
3986 4022 4233 4092 postera
4249 4004 4550 4092 interpre-

2865 4122 3033 4174 tatus
3059 4126 3153 4173 est
3175 4108 3449 4188 Ficinus,
3473 4122 3536 4173 et
3565 4121 3768 4195 potest
3795 4106 4046 4195 ambigi,
4080 4120 4222 4172 utra
4247 4106 4550 4194 interpre-

2866 4211 3016 4275 tatio
3033 4234 3179 4274 vera
3199 4210 3311 4275 sit:
3344 4210 3499 4276 illud
3528 4209 3760 4297 ambigi
3788 4233 3913 4274 non
3934 4223 4159 4297 potest,
4178 4209 4351 4297 quod
4367 4208 4550 4274 initio

2862 4312 3064 4399 posui,
3096 4312 3387 4377 nimirum
3419 4313 3626 4377 Menti
3666 4311 3992 4377 universali
4030 4311 4220 4376 tribui
4260 4335 4299 4376 a
4329 4311 4542 4376 Plato·

2860 4413 3011 4478 nicis
3027 4426 3266 4478 motum
3283 4414 3717 4480 orbicularem:
3742 4416 3995 4479 Animae
4016 4413 4284 4478 universi
4302 4430 4547 4479 motum

2861 4516 2922 4580 in
2953 4533 3180 4581 rectam
3208 4516 3454 4596 lineam,
3486 4518 3613 4582 sive
3640 4534 3877 4583 motum
3911 4531 4087 4581 extra
4116 4515 4492 4581 tendentem.

2944 4642 3012 4707 p.
3046 4638 3081 4685 2
3083 4636 3193 4704 52,
3222 4641 3272 4683 Ι.
3305 4626 3466 4685 ποιεῖ
3511 4623 3931 4703 δέ-φανερῶς
3979 4618 4174 4707 ποιεῖ]
4223 4620 4369 4682 Hoc
4423 4632 4542 4697 est,

2858 4739 3025 4786 astra
3068 4745 3190 4786 non
3243 4736 3579 4809 operantur
3626 4722 3942 4787 recondito
3998 4721 4270 4808 quodam
4328 4719 4541 4800 modo,

2862 4848 2917 4886 v.
2940 4849 2994 4889 c.
3029 4840 3102 4889 ut
3128 4825 3253 4889 vim
3282 4825 3549 4889 habeant
3577 4824 3638 4888 in
3670 4848 3870 4888 mores
3898 4823 4240 4899 hominum,
4269 4821 4334 4885 in
4364 4821 4545 4887 vicis-

2859 4926 3158 4992 situdines
3177 4927 3493 4993 civitatum
3527 4941 3665 5005 etc.,
3692 4927 3798 4991 sed
3822 4925 4145 4991 manifesto
4166 4935 4536 5011 operantur;

2857 5029 3029 5094 verbi
3075 5053 3259 5094 causa
3308 5029 3371 5093 in
3414 5028 3569 5093 aeris
3607 5029 3961 5116 temperiem
4001 5027 4129 5091 vim
4171 5026 4424 5106 habent,
4456 5027 4541 5092 ad

2857 5143 3094 5210 ventos,
3123 5131 3367 5221 pluvias
3408 5146 3523 5196 cet.
3555 5131 3803 5196 ciendos
3840 5129 4042 5218 (quod
4083 5131 4284 5218 ipsum
4329 5144 4538 5195 tamen

2856 5234 3123 5320 negabat
3180 5234 3484 5300 Geminus
3539 5233 3849 5299 Rhodius.
3928 5231 4071 5297 vid.
4123 5232 4291 5297 locos
4346 5255 4542 5320 supra

2851 5334 3190 5423 laudatos),
3220 5337 3283 5402 in
3312 5360 3479 5401 mare
3505 5335 4040 5413 commovendum,
4073 5348 4146 5399 ut
4176 5334 4322 5400 luna
4348 5349 4470 5400 etc.

2939 5476 3024 5489 —
3045 5458 3105 5523 7.
3125 5440 3479 5505 Ἀλλὰ-έν
3498 5441 3708 5507 ἄλλοις
3726 5438 3974 5525 εἴρηται]
4001 5435 4316 5502 Nimirum
4343 5438 4444 5501 ΙΙ.
4470 5457 4532 5522 9.

2855 5542 2996 5606 III.
3023 5561 3077 5607 1.
3110 5541 3220 5624 (de
3249 5544 3440 5627 Fato)
3474 5542 3595 5606 VI.
3620 5542 3679 5606 8.
3715 5540 3878 5623 (περὶ
3904 5543 4009 5603 τοῦ
4037 5541 4361 5623 ἑκουσίου.)
