5118 6613
1111 533 1231 618 156

1108 808 1350 874 πάντων
1387 831 1455 871 τε
1493 807 1849 885 βασιλεύειν
1887 805 1993 871 τὸν
2030 806 2277 886 ποιητὴν
2308 807 2499 871 αὗτῦν
2538 806 2681 871 θεὸν
2712 807 2808 871 καὶ

1110 910 1361 994 πατέρα.
1409 908 1504 973 καὶ
1532 910 1750 989 ταύτην
1764 909 1874 990 τὴν
1895 909 2330 992 πατρονομικὴν
2350 909 2681 990 βασιλείαν
2709 909 2812 973 αὖ-

1111 1018 1217 1078 τοῦ
1243 1015 1530 1096 πρόνοιαν
1560 1011 1730 1086 εἶναι,
1757 1012 1866 1092 τὴν
1885 1011 2115 1099 ἑκάστῳ
2144 1011 2310 1095 γένει
2336 1015 2411 1077 ‘rb
2432 1011 2811 1094 προσήκοντα

1113 1119 1573 1197 νομοθετοῦσαν.
1656 1115 1798 1197 (Tu
1835 1113 1964 1179 vid.
2015 1115 2264 1180 Platon.
2311 1114 2520 1203 Legg.
2555 1115 2698 1180 III.
2742 1137 2808 1202 p.

1114 1218 1258 1285 680.
1290 1221 1371 1284 E.
1402 1232 1466 1283 et
1494 1218 1575 1282 cf.
1623 1217 1855 1283 Gatak.
1904 1217 1988 1283 ad
2033 1219 2236 1283 Marc.
2272 1219 2520 1282 Anton.
2556 1219 2616 1283 Ι.
2652 1238 2713 1302 9.
2743 1240 2810 1306 p.

1120 1343 1217 1388 11.
1259 1335 1325 1387 et
1366 1320 1703 1385 Ruhnken.
1749 1319 1833 1384 ad
1879 1319 2052 1385 Tim.
2097 1344 2165 1409 p.
2199 1338 2345 1405 209.
2376 1325 2498 1408 sq.)
2564 1319 2809 1385 Eadem

1114 1448 1229 1490 suo
1273 1447 1444 1489 more
1481 1437 1705 1488 tractat
1744 1422 2115 1490 Gennadius
2142 1424 2205 1488 in
2235 1423 2446 1489 libello
2474 1423 2555 1489 de
2585 1424 2808 1489 Provi-

1110 1528 1322 1595 dentia
1349 1551 1416 1616 p.
1452 1542 1641 1613 7—9.

1199 1656 1265 1721 p.
1288 1650 1440 1715 492,
1471 1651 1571 1711 14.
1617 1630 1734 1694 Καὶ
1760 1632 1877 1712 γᾶρ
1896 1631 1951 1694 εί
1977 1630 2096 1711 ἐγὼ
2128 1631 2319 1711 κύριος
2341 1657 2393 1694 κ.
2419 1655 2472 1694 τ.
2493 1632 2585 1715 λ.]
2627 1631 2810 1695 Sum-

1114 1758 1279 1801 mam
1308 1735 1372 1798 in
1403 1734 1469 1798 h.
1495 1732 1539 1797 l.
1582 1731 1950 1797 brevitatem
1985 1731 2454 1819 interpretando
2492 1732 2666 1798 haud
2708 1734 2807 1797 in-

1114 1837 1436 1904 commode
1463 1834 1749 1901 dilatavit
1779 1834 2057 1913 Ficinus‚
2078 1834 2142 1898 in
2170 1836 2352 1921 cujus
2374 1835 2654 1901 versione
2680 1859 2814 1902 oor-

1115 1942 1282 2007 rexi:
1329 1941 1665 2006 ordinatu-3
1696 1962 1773 2002 ns
1803 1960 1921 2024 pro
1946 1938 2087 2002 ord.
2125 1938 2441 2003 esa—Ad
2474 1941 2813 2005 ἐπεισόδιον

1115 2043 1433 2110 Aristotel.
1466 2044 1647 2107 Poet.
1680 2041 1801 2105 IV.
1836 2057 1935 2105 21.
1965 2039 2116 2128 ibiq.
2162 2042 2513 2106 Hermann.
2556 2065 2624 2129 p.
2666 2062 2807 2107 111.

1116 2148 1392 2237 Longin.
1421 2146 1504 2211 de
1542 2143 1806 2210 Sublim.
1850 2145 1985 2208 IX.
2022 2163 2125 2209 12.
2156 2167 2221 2232 p.
2252 2164 2361 2231 34.
2390 2143 2536 2209 infr.
2569 2144 2811 2210 Weisk.

1113 2253 1224 2342 qui
1252 2253 1427 2318 locus
1452 2246 1850 2315 adhibendus
1878 2261 1973 2312 est
2002 2246 2292 2312 Himerio
2320 2247 2382 2311 in
2409 2246 2679 2336 Eclogg.
2715 2249 2807 2312 X.

1120 2378 1172 2421 1.
1204 2380 1271 2445 p.
1307 2371 1453 2439 172.
1487 2350 1887 2417 Wernsdorf.
1921 2364 1985 2416 et
2018 2349 2097 2415 de
2128 2350 2351 2415 tralata
2377 2350 2545 2415 vocis
2575 2350 2810 2437 signifi-

1112 2476 1284 2539 catu,
1314 2457 1426 2547 qui
1464 2456 1528 2522 h.
1551 2454 1595 2519 l.
1625 2455 1887 2535 obtinet,
1916 2454 2171 2519 Jacobs.
2203 2468 2267 2518 et
2297 2453 2515 2518 Reisk.
2550 2453 2632 2519 ad
2670 2455 2811 2520 Cri-

1110 2585 1364 2651 nagoroe
1391 2559 1619 2648 Epigr.
1652 2559 1773 2622 VI.
1803 2558 1868 2621 in
1900 2555 2157 2621 Anthol.
2187 2557 2309 2621 Gr.
2342 2554 2480 2621 Vol.
2514 2558 2711 2624 VIII.
2745 2580 2808 2645 p.

1110 2670 1263 2755 383.
1326 2663 1590 2730 Proclus
1629 2663 1791 2726 Inst.
1833 2659 2062 2724 Theol.
2108 2660 2317 2724 XIX.
2355 2682 2418 2746 p.
2449 2680 2555 2745 34.
2591 2659 2811 2748 jungit

1109 2772 1177 2836 τὸ
1210 2772 1618 2835 ἐπεισοδιῶδες
1643 2780 1709 2830 et
1734 2764 1803 2827 τὸ
1833 2765 2182 2848 ἀλλαχόθεν
2213 2766 2459 2846 ἐφῆκον.
2536 2763 2641 2827 Ad
2670 2784 2807 2827 sen·

1111 2872 1369 2939 tentiam
1424 2884 1633 2934 autem
1705 2865 1900 2953 hujus
1956 2865 2074 2931 loci
2130 2880 2195 2930 et
2258 2865 2653 2952 sequentium
2711 2865 2811 2930 vel

1112 2974 1383 3040 maxime
1410 2970 1559 3037 facit
1590 2968 1917 3034 Hierocles
1933 2968 2014 3034 de
2037 2967 2443 3033 Providentia
2466 2967 2628 3035 Cod.
2659 2988 2804 3056 251.

1112 3102 1180 3167 p.
1209 3079 1361 3162 463.
1408 3073 1508 3138 ed.
1549 3071 1823 3137 Bekkeri
1873 3073 1968 3159 (p.
2005 3074 2109 3137 62.
2160 3095 2297 3159 sqq.
2346 3071 2449 3136 ed.
2496 3072 2807 3158 Londin.)

1112 3179 1283 3246 unde
1311 3177 1413 3242 hic
1441 3175 1687 3241 initium
1729 3196 2081 3262 apponam:
2118 3172 2263 3239 Ὅτι
2290 3176 2328 3254 ἡ
2369 3175 2562 3259 ψυχὴ,
2599 3176 2806 3256 φησὶν,

1113 3286 1218 3350 οὐκ
1261 3283 1586 3349 ἀνεύθυνον
1616 3279 1844 3363 ἔχουσα
1879 3281 1981 3358 τῆς
2017 3279 2342 3343 ὁποιασοῦν
2382 3276 2667 3362 αἱρέσεως
2703 3278 2811 3358 τὴν

1111 3388 1297 3472 ὁρμὴν
1321 3386 1416 3450 καὶ
1442 3384 1557 3449 ὑπὸ
1586 3387 1692 3448 τοῦ
1719 3385 2054 3465 προσεχοῦς
2082 3383 2412 3465 κρείττονος
2439 3380 2652 3464 γένους
2682 3383 2805 3446 ἐπι·

1114 3493 1367 3558 oran-fae
1393 3490 1673 3568 ἀξιοῦται,
1707 3487 1866 3565 δίκης
1903 3486 2000 3550 καὶ
2040 3483 2380 3566 καθάρσεως
2409 3485 2506 3548 καὶ
2535 3485 2812 3567 τιμωρίας

1112 3593 1497 3679 τυγχάνουσα
1540 3591 1634 3655 ἀεὶ
1669 3588 1817 3672 πρὸς
1855 3588 1964 3667 τὴν
2003 3588 2176 3668 ἀξίαν
2204 3593 2322 3652 τῶν
2367 3591 2575 3667 ἑαυτῆς
2613 3586 2807 3653 διαθέ-

1115 3724 1295 3764 σεων.
1345 3695 1439 3760 καὶ
1489 3692 1558 3757 τὸ
1602 3695 1716 3774 μὲν
1761 3690 2010 3756 ἑλέσθαι
2059 3689 2148 3755 ἐπ’
2195 3691 2338 3772 αὐτῇ
2384 3697 2571 3756 κεῖται
2619 3694 2694 3755 τὰ
2745 3693 2810 3756 δὲ

1113 3799 1623 3879 ἐπισυμβαίνοντα
1639 3799 1767 3861 ταῖς
1789 3793 2061 3877 αἱρέσεσι
2089 3796 2160 3874 τῇ
2189 3798 2291 3874 τῆς
2309 3787 2593 3876 προνοίας
2622 3795 2810 3876 κρίσει

1113 3906 1357 3987 ὥρισται
1390 3898 1537 3980 πρὸς
1565 3898 1738 3977 ἀξίαν
1767 3895 2132 3976 ἀμειβομένη
2171 3899 2276 3964 τὰς
2301 3898 2567 3980 ψυχικὰς
2609 3896 2807 3961 maog-

1113 4030 1261 4071 σεις.
1310 4002 1404 4066 καὶ
1435 4001 1615 4067 οὕτως
1641 4000 1943 4080 αἱρεῖσθαί
1966 4024 2033 4063 τε
2061 3999 2183 4080 ἅμα
2205 3999 2300 4063 καὶ
2322 4003 2683 4081 κληροῦσθαι
2706 4001 2812 4065 τὸν

1113 4107 1295 4173 αὐτὸν
1322 4106 1465 4185 βίον
1493 4104 1817 4184 λεγόμεθα.
1863 4103 1900 4181 ἡ
1943 4104 2061 4184 γὰρ
2099 4103 2196 4167 ἐπὶ
2234 4108 2355 4169 τοῖς
2400 4102 2812 4185 εἰργασμένοις

1113 4212 1252 4291 ἡμῖν
1279 4203 1610 4287 τεταγμένη
1640 4202 1861 4282 ἀμοιβῆ
1891 4204 1986 4267 καὶ
2020 4202 2128 4281 τὴν
2158 4203 2539 4282 αὐτεξούσιον
2580 4207 2812 4284 κίνησιν

1121 4313 1284 4395 (haee
1322 4321 1596 4397 quatuor
1638 4304 1943 4369 vocabula
1983 4304 2332 4369 deficientia
2368 4305 2432 4370 in
2476 4305 2603 4370 Ed.
2639 4307 2812 4371 Lon-

1113 4416 1241 4480 din.
1282 4411 1520 4501 optime
1557 4407 1833 4496 explevit
1871 4407 2034 4473 Cod.
2065 4411 2156 4472 A.
2190 4409 2412 4474 Venet.
2448 4411 2681 4493 Marc.)
2718 4411 2812 4476 καὶ

1115 4520 1224 4599 τὴν
1264 4517 1432 4582 θείαν
1469 4512 1827 4578 ἐπιστασίαν
1866 4513 2158 4595 ἐκφαίνει,
2192 4510 2330 4577 ὥστ’
2371 4510 2469 4577 ἀπ’
2503 4514 2688 4598 ἀρχῆς
2732 4517 2815 4583 εἰς

1115 4621 1291 4688 τέλος
1335 4615 1746 4695 αὐτεξουσίους
1777 4616 1889 4694 μὲν
1930 4614 2095 4699 ἔχειν
2121 4616 2270 4696 ἡμᾶς
2304 4617 2408 4683 τὰς
2452 4615 2727 4696 κινήσεις,
2761 4619 2815 4682 εἰ

1119 4724 1213 4789 καὶ
1254 4725 1436 4788 ἄλλοι
1486 4720 1696 4784 ἄλλων
1737 4723 1974 4799 μᾶλλον
2020 4719 2114 4783 καὶ
2158 4719 2338 4798 ἧττον
2381 4720 2477 4783 καὶ
2535 4720 2704 4784 αὐτοὶ
2748 4722 2814 4785 δέ

1119 4828 1233 4909 οὐχ
1261 4826 1474 4904 ὁμοίως
1502 4823 1596 4886 ἀεὶ
1623 4821 1690 4885 τὸ
1724 4821 1818 4903 ἐφ’
1839 4823 1978 4902 ἡμῖν
2006 4823 2386 4903 διασόζομεν,
2417 4823 2523 4887 οὐκ
2551 4822 2812 4889 ἀδεσπό-

1120 4954 1257 4996 τους
1283 4929 1349 4990 δέ
1380 4928 1484 4992 τὰς
1512 4924 1657 5007 πρὸς
1683 4924 1791 5004 τὴν
1818 4925 1990 5004 ἀξίαν
2021 4923 2371 4992 ἀντιδόσεις.
2442 4926 2522 4989 In
2554 4925 2812 4991 eandem

1121 5044 1394 5097 mentem
1443 5026 1630 5117 plura
1671 5026 1951 5114 disputat
1994 5024 2204 5091 libello
2246 5026 2504 5092 laudato
2556 5029 2812 5093 Genna-

1120 5136 1266 5201 dius
1291 5156 1356 5222 p.
1395 5131 1455 5196 8.
1488 5153 1628 5217 sqq.

1213 5262 1278 5327 p.
1304 5256 1458 5325 493,
1485 5235 1581 5299 16.
1614 5237 1749 5299 νοῦς
1770 5234 1855 5307 δέ,
1887 5233 1957 5297 οὗ
1974 5233 2197 5297 τούτων
2218 5257 2274 5297 τι
2293 5232 2381 5311 ἐν,
2407 5233 2572 5297 ἀλλὰ
2587 5232 2814 5323 πάντα]

1132 5343 1270 5409 Vid.
1300 5362 1491 5428 supra
1522 5337 1578 5401 l.
1610 5336 1668 5400 8.
1703 5353 1762 5402 2.
1794 5351 1857 5399 et
1890 5357 2036 5422 quae
2075 5334 2164 5399 ibi
2202 5333 2661 5401 annotavimus
2711 5337 2814 5401 Cf.

1130 5446 1316 5511 etiam
1346 5444 1467 5508 VI.
1506 5440 1563 5504 8.
1594 5460 1658 5525 5.

2068 529 2910 596 ANNOTATIONES
2974 531 3087 597 IN
3159 529 3617 597 PLOTINI

982 695 991 704 ⁸
1109 710 1228 771 τῶν
1242 707 1356 786 μὲν
1373 702 1843 784 ῦποβεβηκότων
1864 704 1940 767 τᾶ
1958 705 2376 787 προηγούμενα
2396 704 2491 768 ἀεὶ
2505 704 2803 786 ἡγεῖσθαι,
2889 703 3168 792 gendum
3199 706 3284 772 εἷς
3323 705 3618 786 ἐξίτηλον,
3645 716 3721 768 ut
3762 701 3984 792 legisse
4011 703 4264 770 videtur
4307 705 4584 789 Fioinus,

2892 806 2990 872 vel
3037 805 3341 888 ἐξιτήλων.
3431 808 3535 873 De
3577 829 3729 872 voce
3772 805 3899 873 vid.
3945 830 4119 896 supr.
4162 807 4243 874 ad
4293 810 4353 875 Ι.
4416 812 4479 877 6.
4519 832 4579 898 3.

2894 909 3094 976 Addo
3124 910 3408 976 Philonis
3434 912 3482 976 J
3486 909 3654 976 udaei
3681 908 3763 975 de
3794 910 4033 976 Mundi
4064 911 4333 1000 Opificio
4361 913 4497 978 Vol.
4529 914 4582 978 Ι.

2892 1035 2963 1101 p.
2991 1031 3130 1077 100.
3164 1012 3366 1079 Pfeiff.
3388 1013 3523 1079 haec
3551 1036 3567 1075 :
3611 1014 3793 1079 ὁπότε
3823 1015 3919 1079 καὶ
3942 1016 4001 1079 οὶ
4026 1016 4344 1083 τοσαύταις
4358 1022 4587 1098 γενεαῖς

2898 1116 3152 1198 ὕστερον
3180 1117 3418 1198 φύντες,
3446 1116 3555 1196 ἤδη
3582 1119 3689 1180 τοῦ
3714 1114 3929 1198 γένους
3965 1118 4062 1180 διὰ
4091 1119 4318 1199 μακρᾶς
4358 1119 4587 1201 χρόνων

2899 1221 3207 1300 περιόδους
3237 1219 3354 1302 (ἔτι
3380 1218 3529 1284 add.
3559 1217 3763 1284 Editt.
3783 1233 3929 1284 ante
3955 1222 4290 1305 περιόδους)
4325 1221 4589 1301 ἐξιτήλου

2897 1322 3086 1396 ὄντος,
3119 1321 3294 1387 οὐδὲν
3313 1320 3492 1399 ἦττον
3521 1320 3609 1385 ἔτι
3637 1318 3993 1397 δεσπόζωσι
4018 1327 4136 1386 τῶν
4165 1323 4431 1406 ἀλόγων.

2982 1445 3051 1511 p.
3080 1443 3167 1504 49
3171 1440 3235 1509 5,
3263 1444 3331 1504 4.
3378 1423 3472 1488 καὶ
3502 1425 3775 1506 γίγνεται
3817 1424 3881 1504 ἐξ
3925 1425 4152 1507 ἀμφοῖν
4178 1430 4300 1490 πᾶν
4328 1425 4585 1509 πλέγμα,

2899 1527 2995 1591 καὶ
3020 1528 3272 1609 πρόνοια
3298 1526 3335 1606 ἡ
3362 1527 3578 1612 πᾶσα.]
3631 1527 3837 1604 Quam
3866 1525 4036 1591 varie
4061 1526 4306 1610 πλέγμα
4334 1550 4588 1617 usurpe-

2897 1642 3005 1693 tur
3031 1651 3155 1694 non
3187 1643 3302 1706 est,
3334 1628 3509 1715 quod
3538 1628 3753 1693 multis
3780 1651 4190 1718 exponamuS.
4235 1629 4384 1695 Vid.
4406 1631 4590 1697 modo

2898 1731 3279 1820 Wesseling.
3331 1731 3415 1797 ad
3461 1730 3724 1797 Diodor.
3779 1732 3919 1797 111.
3968 1751 4076 1819 37.
4132 1734 4369 1799 Wetst.
4423 1734 4586 1800 Nov.

2900 1834 3080 1899 Test.
3131 1836 3213 1898 T.
3249 1836 3346 1899 ΙΙ.
3393 1857 3457 1922 p.
3489 1853 3638 1921 324.
3716 1835 3977 1902 Jacobs.
4020 1835 4104 1901 ad
4147 1836 4417 1903 Anthol.
4470 1840 4587 1904 Gr.

2902 1936 3035 2002 vol.
3071 1938 3204 2003 XI.
3248 1961 3315 2024 p.
3353 1956 3496 2004 122.
3542 1936 3900 2027 Alciphron.
3940 1939 3998 2004 Ι.
4047 1939 4223 2027 epist.
4276 1960 4394 2022 14:
4447 1944 4593 2023 (δίκ-

2895 2043 3066 2123 τυον)
3097 2039 3311 2122 ὖφάλω
3339 2046 3796 2123 προσομιλῆσαι)
3823 2043 4010 2129 πέτρᾳ
4040 2046 4188 2108 κατὰ
4215 2044 4422 2123 μέσων
4451 2047 4593 2110 ἀπο-

2898 2146 3222 2226 σχισθῆναι
3249 2148 3370 2207 τῶν
3395 2144 3775 2226 πλεγμάτων·
3815 2150 3930 2210 σοῦ
3962 2149 4028 2211 δὲ
4073 2149 4137 2226 ἐξ
4182 2149 4412 2214 ἐκείνου
4448 2148 4591 2229 μήτε

2899 2243 3233 2309 ἀκέσασθαι
3261 2250 3374 2326 (-
3398 2284 3487 2296 -
3513 2252 3740 2313 σασθαι
3766 2247 4058 2314 lacunose
4088 2273 4251 2316 unus
4276 2251 4440 2317 cod.
4475 2253 4589 2317 Pa-

2896 2346 3005 2412 lat.
3036 2346 3365 2433 Heidelb.)
3396 2348 3545 2430 μήτε
3565 2350 3892 2416 ἀνελέσθαι
3918 2353 4341 2434 βουληθέντος,
4373 2360 4590 2435 μεῖναι,

2896 2451 3146 2532 μηδενὸς
3174 2457 3293 2516 τῶν
3321 2456 3778 2534 περιοικούντων
3808 2455 4086 2537 (ἐνοίκων
4112 2455 4289 2522 alter.
4325 2456 4591 2523 Palatin.

2900 2556 3286 2620 ἐνοικούντων
3326 2554 3512 2641 alter)
3547 2557 3624 2624 ὣς
3668 2558 3988 2640 ἀλλοτρίου
4027 2560 4337 2641 θιγγάνειν
4366 2563 4590 2646 ἐπιχει·

2895 2655 3188 2738 ρήσαντος
3219 2657 3698 2741 (ἐπιχειρήματος
3714 2681 3881 2724 unus
3913 2659 4053 2724 Pali
4080 2661 4352 2748 vitiooe).
4401 2664 4596 2751 Syne-

2896 2758 3024 2824 sius
3054 2760 3262 2826 Dione
3289 2783 3352 2848 p.
3389 2762 3494 2843 46.
3533 2763 3785 2826 Petav.:
3831 2759 3869 2843 ἢ
3907 2765 3972 2828 τί
4010 2764 4208 2832 αὐτοῖς
4244 2767 4302 2830 02
4347 2765 4595 2832 κάλαθοι

2896 2864 3225 2942 βούλονται
3273 2865 3370 2928 καὶ
3412 2867 3488 2929 τὰ
3541 2864 3860 2948 πλέγματα
3903 2866 4050 2931 ἅττα
4093 2871 4593 2953 μεταχειρίζονται

2900 2964 3041 3048 (ubi
3071 2987 3194 3030 non
3215 2988 3535 3031 moramur
3561 2967 3887 3033 lectionem
3918 2969 4248 3058 marginis:
4297 2975 4373 3036 τὰ
4401 2998 4589 3055 πραγ·

2895 3067 3075 3148 μάτια
3117 3068 3244 3133 ἅττ.
3288 3072 4022 3160 μεταχειρίσθαι.)-Ηυ]
4033 3095 4105 3136 us
4146 3088 4359 3139 autem
4388 3076 4592 3141 tralati

2898 3191 3070 3249 usuS,
3100 3194 3232 3258 quo
3261 3171 3549 3238 Plotinus
3577 3195 3712 3238 eam
3742 3196 3955 3239 vocem
3994 3176 4257 3263 accepit,
4285 3177 4456 3243 aliud
4487 3202 4592 3244 ex-

2896 3272 3174 3362 emplum
3194 3297 3364 3341 nunc
3382 3275 3635 3364 quidem
3661 3299 3783 3342 non
3807 3276 3872 3342 in
3892 3294 4190 3367 promptu
4214 3294 4310 3346 est
4337 3280 4454 3348 nisi
4474 3281 4591 3348 hoc

2896 3401 2976 3441 ex
3034 3377 3344 3444 Hieroclis
3399 3381 3687 3467 fragmm.
3733 3382 3870 3463 περὶ
3913 3384 4213 3465 Προνοίας
4254 3406 4356 3471 ap.
4404 3384 4591 3452 Phot.

2899 3480 3061 3546 Cod.
3095 3501 3239 3566 25¹·
3275 3505 3339 3569 p.
3366 3486 3518 3568 463.
3563 3482 3831 3548 Bekker.
3876 3487 3966 3572 (p.
3997 3487 4100 3566 64.
4135 3486 4238 3550 ed.
4281 3487 4587 3575 Londin.)

2894 3584 3081 3648 -καὶ
3109 3588 3281 3648 τοῦτο
3318 3584 3471 3650 εἶναι
3510 3587 3619 3665 τὴν
3661 3588 3931 3670 ἄγουσαν
3958 3589 4108 3668 ἡμᾶς
4149 3588 4295 3671 πρὸς
4337 3593 4412 3656 τᾶ
4454 3596 4591 3673 τῇδε

2898 3688 2994 3751 καὶ
3021 3685 3207 3751 πάλιν
3250 3689 3524 3753 ἐντεῦθεν
3554 3688 3910 3773 ἀπάγουσαν
3946 3691 4320 3774 εἶμαρμένην,
4352 3695 4594 3778 πλέγμα

2896 3789 3086 3854 οὖσαν
3134 3789 3228 3854 καὶ
3272 3791 3608 3873 συνδρομὴν
3655 3793 4022 3875 ἀνθρωπίνης
4057 3795 4458 3877 προαιρέσεως
4493 3799 4589 3863 καὶ

2898 3892 3060 3960 θείας
3099 3894 3362 3975 κρίσεως,
3409 3895 3567 3957 ὥστε
3613 3893 3935 3975 ἑλομένους
3975 3896 4124 3976 ἡμᾶς
4165 3898 4207 3961 ἃ
4247 3900 4592 3980 βουλόμεθα

2898 3997 2994 4059 διὰ
3021 3994 3089 4059 τὸ
3132 3999 3233 4075 τῆς
3273 3997 3518 4077 κρίσεως
3560 3995 4003 4063 ἀδιάπταιστον.
4098 3999 4178 4062 In
4208 3999 4334 4064 fine
4375 4002 4593 4089 capitis

2900 4095 3189 4162 Plotinus
3235 4112 3500 4186 usurpat
3557 4100 3889 4180 συμπλοκὴ,
3946 4102 4308 4189 οοηιρῑθωὶθ,
4356 4103 4448 4168 uti
4507 4105 4593 4171 ibi

2898 4201 3083 4267 vertit
3145 4200 3304 4279 Fic.,
3356 4202 3468 4288 qui
3508 4200 3628 4267 hoc
3671 4201 3809 4266 loeo
3850 4213 4197 4284 contextus,
4244 4228 4368 4270 non
4413 4206 4589 4274 male.

2901 4306 3048 4369 Non
3077 4302 3346 4368 multum
3392 4304 3623 4370 distare
3651 4305 3903 4370 videtur
3937 4310 4236 4396 contagto
4261 4308 4325 4373 in
4355 4308 4594 4398 aliquot

2898 4405 3049 4471 locis
3080 4406 3418 4484 Ciceronis,
3449 4422 3524 4472 ut
3561 4407 3643 4472 de
3689 4408 3903 4473 Divin.
3937 4411 3996 4474 Ι.
4026 4429 4130 4495 3ο.
4166 4410 4250 4475 de
4294 4413 4483 4480 Fato.
4524 4435 4589 4501 3.

2900 4508 3010 4573 ubi
3041 4522 3269 4575 tamen.
3306 4511 3513 4574 Henr.
3559 4511 3781 4600 Steph.
3817 4515 4113 4601 cognatio
4146 4513 4325 4580 malit
4352 4531 4417 4581 et
4443 4543 4589 4599 συμ-

2899 4611 3154 4678 πάθειαν
3180 4612 3446 4700 exprimi
3487 4613 3783 4701 opinatur
3813 4614 3970 4699 (vid.
4008 4617 4246 4681 Moseri
4284 4634 4496 4684 annot.
4528 4621 4594 4685 in

2898 4714 3103 4803 ejusd.
3124 4738 3343 4780 eorum
3371 4715 3672 4782 librorum
3705 4716 3836 4783 Ed.
3865 4741 3928 4806 p.
3951 4721 4154 4804 571.)‚
4187 4742 4309 4785 non
4340 4721 4598 4789 feliciter

2899 4818 3274 4906 conjectam.
3364 4821 3685 4885 Caeterum
3740 4820 3849 4885 illa
3888 4820 3984 4886 vis
4026 4822 4194 4887 vocis
4247 4824 4491 4908 πλέγμα
4531 4827 4595 4892 in

2904 4921 3157 4989 Lexicis
3208 4945 3333 4988 non
3383 4923 3745 5011 consignata
3800 4938 3914 4990 est.
4033 4925 4340 4991 Adscribe
4389 4927 4596 4995 locum

2903 5024 3194 5113 Dionysii
3224 5025 3461 5104 Halic.‚
3489 5026 3601 5114 qui
3628 5048 3776 5092 cum
3804 5026 3886 5091 ad
3916 5050 4048 5114 eap.
4081 5030 4426 5096 secundum
4460 5039 4597 5116 (su—

2903 5150 3020 5216 pra
3047 5152 3114 5216 p.
3147 5146 3294 5211 272.
3329 5130 3404 5194 C.
3436 5129 3547 5194 ubi
3588 5132 3989 5218 imperatoris
4033 5130 4375 5200 similitudo
4412 5159 4596 5203 usur-

2904 5233 3123 5318 patur)
3154 5248 3291 5296 tum
3336 5232 3462 5297 huc
3500 5233 3792 5321 pertinet,
3816 5255 3897 5297 ex
3938 5231 4098 5298 libro
4130 5235 4213 5300 de
4253 5238 4601 5327 Composit.

2904 5337 3122 5402 verbb.
3161 5338 3337 5405 XII.
3369 5362 3435 5426 p.
3476 5342 3614 5420 146.
3666 5337 3893 5404 Schaef.
3923 5341 4001 5404 τᾶ
4042 5341 4261 5422 εὐμελῆ
4292 5340 4358 5425 (ἢ
4384 5347 4460 5408 τᾶ
4493 5346 4603 5426 ἐμ·

2905 5444 3060 5521 μελῆ
3090 5440 3252 5506 Cod.
3287 5441 3488 5507 Palat.
3525 5455 3590 5507 et
3629 5440 4026 5526 Darmstad.)
4071 5444 4171 5508 καὶ
4195 5446 4465 5527 ,εὔρυθμα
4508 5449 4603 5514 καὶ

1217 5570 1282 5635 p.
1313 5566 1465 5632 494,
1495 5565 1558 5631 3.
1607 5544 1737 5611 οῖον
1765 5543 2036 5622 ἐξίτηλον
2061 5540 2172 5622 ἤδη
2190 5544 2542 5629 προϊόντων]
2596 5541 2710 5607 vel
2739 5541 2823 5608 le-
2910 5545 3151 5626 εὔφωνα
3189 5545 3470 5624 ὀνόματα,
3501 5543 3603 5627 ὑφ’
3640 5546 3724 5610 ὧν
3750 5545 4140 5627 γλυκαίνεταί
4161 5573 4229 5612 τε
4258 5549 4354 5613 καὶ
4378 5550 4606 5630 μαλάτ-
