5118 6613
1333 545 1538 609 LIB.
1573 545 1710 610 IX.
1757 544 2222 611 ENNEAD.
2272 544 2726 622 QUINTAE.
2769 570 2834 635 p.
2872 565 3310 632 1024—1027.

565 714 876 780 dubitatio
924 731 1041 793 est,
1083 732 1143 781 et
1188 716 1250 780 in
1297 716 1528 805 quibus
1568 734 1780 807 ponet,
1826 734 1887 784 et
1928 719 1988 783 in
2031 719 2263 807 quibus

566 842 709 885 non.
736 818 911 906 quod
936 819 1099 882 enim
1129 820 1191 884 in
1216 820 1507 886 omnibus
1535 844 1659 886 non
1692 822 1770 886 sit
1800 820 2109 910 possibile,
2135 844 2265 885 ma-

566 920 858 986 nifestum
905 936 1017 986 est.
1067 943 1191 986 non
1231 916 1415 987 enim'
1441 923 1659 1010 utique
1701 924 2090 1011 posuerimus
2132 946 2263 987 esse

566 1026 834 1113 aliquam
881 1025 1141 1090 domum
1188 1041 1416 1113 praeter
1455 1026 1758 1113 quasdam
1797 1026 2038 1104 domoS‚
2083 1027 2255 1114 quod

565 1128 881 1195 consuevit
909 1128 1312 1193 Parmenides
1341 1128 1654 1194 dubitare:
1692 1130 1811 1194 hoc
1834 1142 1896 1194 et
1926 1130 2060 1217 ipse
2087 1152 2259 1216 quae-

565 1233 666 1310 rit,
693 1232 758 1297 in
788 1231 1021 1319 quibus
1048 1246 1141 1296 est
1171 1231 1336 1309 idea,
1366 1246 1429 1297 et
1456 1255 1726 1319 quorum
1759 1255 1906 1297 non.
1953 1236 2256 1297 Accurate

565 1335 758 1423 igitur
806 1334 871 1398 in
916 1333 1394 1399 Commentariis
1437 1333 1500 1398 in
1554 1333 1982 1398 Parmenidem
2025 1356 2064 1398 a
2108 1333 2256 1398 divo

568 1437 914 1504 Iamblicho
951 1436 1032 1502 de
1070 1436 1167 1501 his
1203 1436 1441 1502 dictum
1472 1451 1586 1516 est,
1617 1436 2015 1523 positumque
2058 1451 2151 1500 est
2193 1452 2257 1502 et

563 1540 732 1628 apud
764 1542 1088 1606 Plotinum
1132 1540 1195 1604 in
1239 1539 1725 1605 consideratione
1754 1542 1828 1605 de
1856 1540 2167 1605 intellectu
2197 1549 2258 1604 et

562 1645 636 1708 de
662 1646 975 1732 speciebus
1002 1654 1062 1708 et
1088 1644 1164 1707 de
1192 1644 1391 1707 ente.”
1478 1644 1581 1708 Cf.
1612 1642 1766 1707 ibid.
1798 1643 1906 1708 fol.
1934 1661 2036 1708 20.
2059 1665 2114 1706 a.
2150 1641 2257 1706 ubi

565 1748 708 1812 item
743 1746 1033 1811 Plotinus
1060 1745 1123 1810 in
1154 1745 1369 1809 eadem
1402 1769 1589 1810 causa
1632 1745 1944 1824 laudatur,
1980 1769 2090 1810 nec
2134 1745 2249 1810 mi-

565 1873 683 1915 nus
724 1848 836 1914 fol.
870 1853 932 1915 6.
976 1871 1035 1912 a.
1067 1847 1128 1912 b.
1211 1848 1387 1913 Idem
1440 1849 1740 1936 Syr-ianus
1780 1848 1890 1914 fol.
1922 1868 2028 1935 35.
2073 1872 2129 1913 a.
2165 1850 2248 1915 b:

565 1962 607 1993 ‘⁴
641 1952 875 2041 Incipit
915 1951 1345 2035 (Aristoteles)
1386 1951 1466 2016 ad
1510 1952 1869 2039 oppositum
1914 1974 2251 2039 argumen-

566 2058 704 2136 tari,
747 2072 811 2122 et
859 2056 1009 2122 dicit
1065 2056 1331 2121 maxime
1380 2055 1643 2121 dubium
1703 2080 1835 2121 esse
1881 2059 2094 2144 ipsum
2144 2079 2255 2122 em

565 2158 1062 2248 supponentibus
1105 2182 1445 2224 sermonem
1484 2160 1560 2223 de
1593 2159 1950 2224 substantia
1991 2162 2249 2225 evitium.

565 2263 733 2352 quod
766 2261 1019 2351 quidem
1051 2262 1366 2351 profunda
1394 2261 1803 2327 consideratio
1827 2262 1927 2340 sit,
1957 2286 2086 2350 quo
2115 2286 2256 2350 pac-

563 2385 628 2434 to
655 2390 732 2432 ex
764 2389 913 2444 uno,
946 2364 1178 2430 nullam
1207 2364 1634 2453 duplicitatem
1683 2388 1794 2430 nec
1838 2365 2256 2430 multitudinis

561 2469 983 2559 apparentiam
1032 2468 1300 2533 habente
1328 2468 1389 2532 in
1421 2491 1484 2532 se
1511 2468 1670 2555 ipso,
1700 2490 1903 2555 neque
1931 2468 2251 2533 diversita-

566 2590 712 2650 tem,
742 2573 950 2638 omnia
993 2571 1362 2650 subsistunt,
1402 2569 1718 2636 declarant
1746 2572 2061 2649 Plotium,
2094 2573 2249 2636 Por·

562 2676 846 2765 phyriu&
881 2674 1265 2740 lamblichus
1306 2690 1368 2739 et
1407 2697 1643 2753 omnes,
1674 2674 1782 2762 qui
1812 2674 2260 2740 consideratius

563 2781 724 2846 circa
767 2779 886 2843 hoc
927 2777 1250 2866 problema
1277 2778 1502 2842 versati
1534 2779 1739 2842 sunt.”
1826 2778 2120 2865 Denique
2147 2777 2253 2842 fol.

566 2887 672 2970 65.
704 2906 762 2948 a.
806 2898 1208 2970 posteaquam
1247 2882 1560 2969 exposuit,
1593 2890 1637 2921 “
1660 2904 1925 2970 quorum
1958 2884 2253 2967 (entium)

564 2988 720 3051 ideae
746 2987 899 3065 sint,
928 3008 1199 3073 quorum
1229 2983 1415 3064 non‚”
1438 2985 1526 3049 ita
1554 2984 1797 3073 pergit:
1849 2992 1894 3024 “
1918 2986 2078 3064 Quae
2107 3008 2256 3050 vero

565 3089 707 3156 solis
748 3088 1115 3176 corporibus
1161 3088 1473 3166 accidunt,
1517 3088 1581 3152 in
1629 3104 1871 3154 naturae
1914 3088 2256 3154 rationibus

565 3191 1002 3259 determinatas
1030 3192 1262 3258 habent
1290 3215 1507 3257 causas
1536 3214 1611 3255 ex
1647 3191 1976 3258 Iamblichi
2011 3208 2253 3258 senten-

564 3297 666 3363 tia.
713 3310 889 3362 notat
932 3318 1203 3383 namque
1230 3296 1545 3375 Plotinam,
1574 3318 1698 3360 non
1729 3319 1861 3360 esse
1902 3294 2253 3384 ponendam

564 3402 767 3467 ideam
813 3399 1114 3466 albedinis
1158 3399 1220 3463 in
1265 3398 1606 3463 intellectu.
1695 3399 1839 3463 Non
1886 3422 2037 3486 ergo
2079 3399 2258 3488 cujus

564 3519 657 3571 est
686 3526 852 3569 unus
875 3503 938 3566 in
968 3501 1181 3568 multis
1209 3517 1567 3589 conceptus,
1600 3499 1791 3589 hujus
1819 3501 1962 3566 idea
1987 3516 2079 3567 est
2110 3504 2259 3567 &c.”

568 3610 677 3674 Tu
724 3606 809 3672 cf.
857 3629 1047 3693 supra
1089 3629 1154 3693 p.
1193 3606 1334 3670 181.
1382 3604 1493 3669 ubi
1537 3604 1839 3668 albedinis
1886 3605 2257 3671 mentionem

564 3710 715 3776 facit
765 3708 1069 3788 plotinus,
1115 3723 1179 3772 et
1237 3707 1450 3772 confer
1498 3707 1683 3772 etiam
1736 3708 2138 3795 Simplicium
2187 3709 2253 3774 in

567 3811 925 3878 Aristotelis
953 3809 1224 3898 Physica
1265 3809 1373 3874 lib.
1407 3809 1465 3873 I.
1505 3823 1833 3874 comment.
1869 3827 1970 3894 25.
2000 3809 2108 3875 fol.
2146 3829 2251 3894 27.

565 3916 625 3982 b.
671 3916 773 3981 ed.
804 3914 1054 3979 Latinae
1100 3912 1460 3978 Parisiensis
1495 3911 2033 3999 1544.—Anglice
2072 3913 2256 3978 vertit

564 4018 733 4084 hunc
761 4017 992 4083 librum
1030 4018 1118 4081 T.
1140 4015 1383 4104 Taylor
1412 4014 1474 4080 in
1511 4014 1712 4081 Select
1742 4013 1976 4080 Works
2003 4016 2078 4080 of
2109 4016 2253 4079 Plo-

561 4122 731 4189 tinus
756 4145 822 4210 p.
849 4123 990 4203 284.
1023 4143 1158 4208 sqq.

651 4249 718 4314 p.
748 4226 937 4303 1026,
967 4244 1024 4308 9.
1057 4222 1293 4290 Πάντες
1321 4219 1982 4304 ἅνθρωποι-αἰσθήσει
2008 4220 2122 4303 πρὸ
2154 4226 2261 4286 νοῦ

563 4327 930 4414 χρησάμενοι
958 4354 1009 4391 κ.
1035 4352 1089 4391 τ.
1106 4326 1202 4415 λ.]
1238 4324 1550 4413 Congruit
1577 4322 1696 4388 hoc
1722 4338 1915 4409 caput
1943 4347 2084 4388 cum
2119 4324 2263 4389 Pla-

571 4444 716 4498 tone
745 4430 808 4495 in
829 4428 1135 4494 Phoedon.
1165 4451 1230 4515 p.
1256 4430 1356 4492 81.
1389 4450 1454 4515 p.
1476 4445 1580 4512 52.
1607 4449 1701 4513 sq.
1728 4425 1931 4492 Bekk.
1962 4426 2040 4491 ad
2072 4450 2259 4514 quem

571 4534 773 4600 locum
806 4532 1037 4597 adhibe
1067 4529 1628 4619 Wyttenbachium
1661 4552 1727 4617 p.
1763 4530 1908 4593 208.
1983 4530 2266 4618 Respicit

572 4637 838 4704 eundem
861 4634 1141 4701 Platonis
1167 4633 1370 4699 locum
1396 4631 1690 4721 Synesius
1711 4654 1777 4718 p.
1806 4650 1945 4712 144.
1969 4632 2048 4696 ad
2072 4655 2261 4720 quem

572 4737 966 4828 Nicephorus
1010 4736 1073 4801 in
1119 4734 1382 4801 Scholiis
1431 4758 1492 4823 p.
1523 4754 1675 4820 394.
1724 4732 1849 4798 ita:
1900 4734 2000 4816 (τῇ
2048 4737 2258 4817 φύσει)

571 4850 751 4910 ταῦτα
778 4845 891 4924 μὲν
916 4845 1018 4921 τῆς
1045 4839 1372 4906 Πλάτωνος
1403 4839 1604 4921 ἔχεται
1633 4838 1818 4917 δόξης,
1852 4837 1968 4920 οὔχ
1991 4837 2169 4916 ἧττον
2197 4841 2263 4902 δὲ

575 4947 668 5011 καὶ
708 4950 810 5025 τῆς
856 4948 962 5008 τοῦ
1011 4944 1346 5008 Πλωτίνου.
1392 4941 1543 5024 φησὶ
1589 4944 1705 5024 γὰρ
1744 4943 1778 5004 ὁ
1820 4945 2130 5008 Πλωτῖνος
2171 4943 2263 5007 ὅτι

572 5048 788 5116 πάντες
815 5048 1112 5129 ἄνθρωποι
1141 5073 1195 5109 κ.
1215 5071 1267 5108 τ.
1287 5053 1348 5109 λ.
1431 5043 1746 5108 Nimirum
1779 5057 1979 5107 totum
2011 5042 2130 5108 hoc
2159 5067 2259 5109 ca-

570 5166 688 5242 put
734 5150 1006 5240 primum
1054 5149 1183 5214 suis
1228 5146 1490 5214 Scholiis
1532 5144 1903 5234 interposuit
1948 5146 2260 5234 Nicepho-

573 5278 698 5321 rus,

644 5357 729 5423 ib.
763 5354 1108 5443 γενόμενοι]
1142 5354 1287 5417 Non
1316 5350 1596 5439 agnoscit
1625 5351 1686 5414 N
1690 5348 2037 5438 icephorus.
2087 5351 2266 5417 Idem

576 5484 719 5526 mox
759 5482 877 5548 pro
913 5458 1369 5541 προσβαλόντες
1409 5454 1633 5519 habet:
1680 5460 1915 5535 πρῶτον
1943 5455 2266 5536 ὁμιλήσω)-

575 5590 687 5632 τες.
775 5561 1024 5627 Deinde
1073 5558 1279 5625 omisit
1327 5557 1517 5623 verba
1546 5581 1561 5622 ε
1623 5556 2266 5640 πρῶτοις-διέζησαν.

678 5672 858 5725 VOL.
897 5670 1023 5723 111.

2436 756 2522 768 —
2547 738 2646 804 13.
2693 722 2895 802 ἀρκεῖν
2924 720 3239 808 ἐνόμισαν]
3288 721 3349 784 N
3354 720 3554 808 iceph.
3603 723 3734 803 ἀρκ.
3776 724 4052 810 ᾠήθησαν

2351 825 2406 887 εί
2446 822 2515 886 τὸ
2559 824 2673 902 μὲν
2716 825 2979 887 διώκοιεν
3025 823 3092 887 τὸ
3141 826 3206 887 δὲ
3256 824 3647 907 ἀποτρέποιεν
3700 827 3794 890 καὶ
3847 829 4047 911 σοφὸν

2348 929 2520 990 τοῦτο
2563 926 2758 993 αὐτοῖς
2798 929 3080 1006 ἐνομίσθη
3122 930 3270 991 κατὰ
3309 929 3442 996 τοὺς
3481 934 3690 1010 βαρεῖς
3728 936 3846 994 τῶν
3885 933 4042 1014 ‹3va.

2350 1028 2796 1094 Onus—omissis
2842 1028 3393 1116 reliquis.—Quod
3438 1030 3501 1095 in
3553 1030 3793 1119 aliquot
3839 1033 4042 1099 Codd.

2343 1129 2423 1194 ad
2454 1133 3020 1212 ἀποικονομούμενοι
3061 1131 3124 1194 in
3171 1154 3368 1220 marg.
3399 1132 3781 1221 adscriptum
3816 1135 4042 1223 legitur

2343 1234 2901 1313 ἀποσκευαζόμενοι,
2955 1233 3118 1298 idem
3173 1234 3789 1324 interpretamentum
3853 1262 4044 1328 supra

2341 1335 2716 1400 offendimus
2746 1337 2810 1400 in
2843 1335 3015 1402 libris
3046 1338 3243 1402 MSS.
3281 1340 3337 1403 Ι.
3367 1361 3428 1419 4.
3461 1343 3523 1404 6.
3568 1364 3634 1428 p.
3666 1361 3775 1428 33.
3809 1342 3896 1406 D.
3933 1343 4040 1407 ubi

2340 1438 2595 1504 consule
2620 1454 2899 1504 annotat.
2930 1455 3226 1505 nostram.

2429 1567 2491 1632 p.
2528 1562 2715 1626 1027,
2755 1565 2806 1608 1.
2856 1548 3061 1628 καίπερ
3104 1548 3726 1638 πτερὰ-λαβόντες.]
3777 1552 4038 1639 Ignorat

2343 1649 2404 1712 N
2409 1647 2611 1735 iceph.
2704 1647 2884 1712 Idem
2913 1649 3197 1731 ἤρτησαν.
3290 1651 3453 1715 Mox
3488 1649 3695 1717 idem:
3746 1658 4040 1723 κινοῦντες

2338 1752 2545 1819 αὐτοὺς
2575 1750 2692 1816 ἀπὸ
2723 1756 2832 1815 τοῦ
2857 1752 3027 1832 ἡδέος
3060 1752 3205 1834 πρὸς
3233 1752 3302 1817 τὸ
3332 1752 3584 1832 βέλτιον
3613 1761 3718 1820 τοῦ
3742 1760 3844 1836 τῆς
3869 1764 3947 1841 ψ.
3982 1785 4032 1822 κ.

2341 1854 2524 1920 Idem
2574 1877 2756 1918 mox:
2810 1858 3120 1939 κατενῆχθ.
3171 1856 3335 1923 αὖθις
3379 1856 3477 1920 ἐπὶ
3520 1856 3758 1938 πράξεις
3805 1860 3917 1923 σὺν
3958 1864 4039 1946 τῷ

2340 1985 2389 2023 τ.
2422 1985 2480 2022 α.
2512 1960 2605 2022 ὄν.
2636 1956 2877 2021 omissis
2905 1956 3179 2044 reliquiS.

2410 2098 2498 2111 —
2517 2059 2577 2123 8.
2611 2059 2842 2140 ὀξύτητι
2871 2057 3184 2142 ὀμμάτων]
3210 2057 3275 2121 N
3279 2056 3479 2145 iceph.
3515 2060 3654 2140 ὀμμ.
3677 2061 3766 2139 ὀξ.
3799 2061 4037 2127 omissis

2340 2161 2545 2227 verbis
2588 2163 2790 2244 ὥσπερ
2819 2161 2933 2226 ὑπὸ
2963 2162 3318 2242 ὀξυδορκίας,
3350 2173 3414 2225 et
3458 2183 3606 2225 mox
3638 2162 3732 2226 καὶ
3762 2180 3908 2227 ante
3938 2167 4033 2228 ἑν-

2340 2270 2545 2331 ταΰθα.
2641 2263 2817 2329 Idem
2850 2265 3161 2346 ὑπεριδών.
3250 2265 3472 2350 Atque
3499 2286 3754 2351 prorsus
3797 2287 4032 2331 memo-

2340 2369 2490 2433 riter
2515 2366 2865 2433 laudavisse
2907 2366 3076 2431 hunc
3111 2365 3315 2430 locum
3362 2367 3688 2454 suspiceris
3717 2368 4030 2456 Nicepho-

2339 2494 2497 2535 rum.

2425 2613 2511 2625 —
2537 2596 2559 2638 1
2583 2595 2632 2638 1.
2683 2576 2884 2656 ὥσπερ
2929 2570 3312 2653 ἑκ-πλάνης
3358 2575 3442 2640 είς
3484 2574 3736 2654 πατρίδα
3784 2576 4036 2656 εὔνομον

2342 2678 2702 2761 ἀφικόμενος
2744 2676 3078 2764 ἄνθρωπος]
3126 2675 3274 2739 Non
3318 2687 3616 2762 repetam,
3659 2699 3806 2763 quae
3853 2678 4035 2765 posui

2341 2780 2423 2846 ad
2473 2779 2677 2845 locum
2727 2779 3045 2868 geminum
3112 2780 3169 2843 Ι.
3206 2780 3265 2842 6.
3314 2779 3371 2842 8.
3425 2801 3492 2866 p.
3519 2793 3626 2863 57.
3660 2780 3765 2843 A:
3834 2782 4040 2863 πατρὶς

2341 2885 2499 2965 ἡμῖν,
2553 2885 2696 2948 ὅθεν
2747 2881 3126 2966 παρήλθομεν
3177 2881 3493 2968 praecipue
3540 2880 3602 2944 in
3654 2880 3846 2969 hujus
3895 2882 4039 2961 libri

2340 2986 2490 3053 edit.
2530 2986 2828 3052 Heidelb.
2875 3009 2941 3074 p.
2973 3003 3124 3072 352.
3161 3008 3298 3072 sqq.
3344 2997 3407 3049 et
3451 2983 3514 3048 in
3568 2985 3909 3072 Praeparat.
3955 2985 4036 3050 ad

2340 3114 2483 3156 eum
2515 3114 2578 3178 p.
2604 3091 2798 3155 XCI.
2888 3089 3017 3153 Hic
3045 3087 3341 3175 quoedam
3371 3086 3716 3152 adscribam
3746 3088 4040 3177 conjunc-

2343 3195 2500 3260 tiora
2526 3217 2670 3260 cum
2703 3208 2919 3257 nostro
2949 3195 3106 3257 loco.
3165 3194 3269 3257 Ac
3298 3191 3461 3257 sicut
3492 3191 3763 3257 Axiochi
3791 3209 4034 3259 auctor:

2341 3299 2736 3382 παρεπιδημία
2763 3298 2850 3365 τίς
2880 3298 3046 3362 ἐστιν
3073 3297 3107 3360 ὁ
3134 3297 3303 3376 βίοςε
3353 3296 3441 3361 ita
3474 3295 3610 3384 jam
3657 3294 4038 3384 Pythagorei

2341 3401 2646 3466 dixerant.
2742 3400 2878 3464 Vid.
2913 3399 3191 3464 Fischeri
3221 3399 3374 3464 Not.
3415 3398 3497 3464 ad
3536 3419 3681 3462 eum
3727 3396 3928 3462 locum
3971 3400 4034 3464 in

2344 3505 2623 3570 AEschin.
2659 3502 2951 3589 Dialogg.
2990 3502 3134 3565 ΙΙΙ.
3165 3520 3225 3585 3.
3256 3522 3322 3587 p.
3355 3500 3497 3563 118.
3559 3498 3745 3563 Philo
3771 3499 3928 3565 sud.
3958 3500 4038 3566 de

2346 3609 2604 3673 Consus,
2643 3607 2875 3693 Lingg.
2907 3627 2971 3691 p.
2995 3621 3142 3686 417.
3177 3604 3403 3689 Mang.
3432 3599 3747 3688 explicans
3789 3617 4032 3667 senten-

2345 3711 2493 3776 tiam
2550 3708 2777 3774 Jacobi
2836 3708 3067 3772 Genes.
3102 3704 3372 3769 XLIX.
3406 3723 3463 3787 9.
3523 3702 3611 3767 ita
3641 3704 3910 3786 ε-πρὸς
3966 3707 4035 3771 τὸ

2341 3819 2523 3893 δεῖξαι
2565 3813 2657 3890 ὅτι
2698 3814 2970 3893 παροικεῖ
2999 3810 3112 3890 μὲν
3139 3810 3173 3871 ὁ
3203 3806 3397 3890 σοφὸς
3425 3807 3502 3874 ὦς
3532 3808 3600 3869 ἑν
3626 3804 3765 3886 ξένῃ
3810 3810 4038 3889 σώματι

2342 3919 2621 4002 αἰσθητῷ,
2657 3918 2916 3978 κατοικεῖ
2938 3910 2986 3976 δ’
3023 3913 3099 3978 ὥς
3133 3913 3200 3975 ἑν
3227 3909 3462 3992 πατρίδι
3506 3914 3739 3989 νοηταῖς
3782 3911 4033 3992 ἀρεταῖς.

2348 4020 2554 4107 Supra
2594 4014 2890 4081 admonui
2933 4013 3164 4102 gemini
3206 4012 3327 4078 loci
3368 4012 3433 4077 in
3472 4011 3681 4099 Epist.
3720 4011 3804 4077 ad
3834 4014 4035 4080 Hebr.

2349 4122 2484 4186 XI.
2523 4139 2621 4207 13.
2651 4143 2741 4207 sq.
2814 4117 2913 4182 Ad
2943 4140 3087 4182 eum
3116 4115 3510 4181 adhibendus
3539 4116 3642 4181 Jo.
3664 4115 4034 4204 Chrysosto-

2346 4246 2508 4303 mus,
2550 4222 2662 4309 qui
2704 4220 2925 4285 similia
2966 4219 3156 4285 habet
3207 4221 3385 4284 Orat.
3424 4219 3698 4283 XXIV.
3750 4241 3812 4306 p.
3853 4225 4032 4305 1906.

2345 4327 2447 4392 ed.
2484 4323 2855 4392 Commelin.
2934 4322 3132 4387 Addo
3160 4321 3353 4386 verba
3381 4320 3689 4385 simillima
3716 4322 4039 4388 Theodori

2350 4428 2719 4495 Metochitae
2747 4424 3093 4492 Miscellan.
3126 4425 3382 4490 CXVI.
3431 4447 3496 4512 p.
3528 4439 3671 4509 795.
3719 4425 3819 4489 ed.
3855 4425 4036 4491 Mul·

2348 4533 2457 4598 ler.
2483 4549 2546 4596 et
2572 4528 3123 4616 Kiessling.:—xai
3149 4527 3258 4607 τὴν
3287 4528 3364 4594 ὥς
3385 4528 3616 4607 ἀληθῶς
3643 4528 3765 4592 ἅνω
3792 4531 4042 4610 πατρίδα

2351 4636 2446 4700 καὶ
2472 4632 2781 4698 πολιτείαν
2814 4633 3089 4694 ἑστῶσαν
3116 4629 3211 4692 καὶ
3241 4630 3668 4693 ἀστασίαστον.
3754 4631 4046 4696 Fortasse

2346 4736 2623 4802 imitatus
2652 4750 2744 4800 est
2769 4731 2999 4798 Plotini
3033 4731 3225 4796 nostri
3257 4733 3508 4811 εὔνομον
3534 4734 3805 4814 πατρίδα.
3855 4736 4043 4799 Certe

2346 4842 2483 4906 haec
2508 4838 2702 4903 verba
2728 4837 2817 4902 ita
2846 4834 3142 4900 vertenda
3169 4851 3339 4913 sunt,
3367 4850 3439 4898 ut
3467 4856 3592 4898 non
3622 4848 3864 4900 tantum
3895 4860 4037 4902 cum

2349 4942 2571 5009 Ficino
2601 4947 2646 4980 “
2663 4940 3012 5028 legitimam
3056 4935 3359 5024 patriam''
3384 4934 3575 5017 dicas,
3605 4936 3715 5001 sed
3741 4938 3919 5003 bonis
3956 4940 4040 5003 le-

2338 5048 2540 5136 gibus
2567 5044 2985 5109 constitutam.
3052 5039 3388 5128 Ejusmodi
3415 5038 3632 5104 civitas
3659 5039 3875 5105 eadem
3903 5065 4039 5106 sen-

2350 5149 2545 5215 tentia
2575 5147 2951 5226 εὗνομεῖσθαι
2979 5141 3247 5216 dicitur;
3278 5141 3452 5230 quod
3482 5142 3567 5207 ad
3598 5157 3848 5222 terram,
3878 5144 4043 5209 cives

2353 5252 2737 5336 domumque
2786 5245 3019 5335 pariter
3060 5245 3350 5333 pertinet.
3445 5245 3714 5330 (Thom.
3744 5248 3926 5335 Mag.
3973 5272 4041 5337 p.

2352 5357 2536 5442 391·)
2605 5346 2972 5414 Herodotus
2997 5346 3078 5413 de
3108 5347 3600 5415 Lacedaemoniis
3630 5350 3691 5415 Ι.
3723 5353 3808 5417 66
3832 5377 3847 5416 :
3895 5354 4043 5419 οὕτω

2353 5462 2467 5540 μὲν
2494 5453 2940 5537 μεταβαλόντες
2968 5451 3400 5533 εὐνομήθησαν.
3477 5451 3660 5518 Idem
3693 5455 3747 5519 1.
3779 5472 3858 5541 97
3885 5481 3900 5520 :
3951 5462 4047 5525 καὶ

2356 5563 2506 5628 οὕτω
2544 5558 2585 5636 ἤ
2613 5581 2678 5620 τε
2720 5556 2883 5640 χώρη
2926 5555 3333 5636 εὐνομήσεται.
3423 5554 3608 5621 Plato
3638 5557 3831 5647 Legg.
3868 5561 4044 5628 XII.

2481 5668 2516 5719 S
2557 5670 2593 5717 S
