5118 6613
1283 573 1486 639 LIB.
1520 572 1725 638 VIII.
1769 571 2229 638 ENNEAD.
2279 570 2734 649 QUINTAE.
2782 593 2849 659 p.
2884 588 3330 653 1020—1024.

570 746 886 828 συνέλιξις,
917 747 1120 829 ὥσπερ
1150 746 1218 812 ἔν
1243 772 1359 813 τινι
1389 747 1582 834 κύκλῳ
1608 748 1689 834 τῷ
1717 747 1981 815 ἀπλανὲς
2009 747 2107 811 καὶ
2135 745 2260 810 ἀκί-

573 875 749 930 νητον
792 849 938 930 αὗτῇ
987 847 1342 932 δωρουμένη,
1389 849 1485 915 καὶ
1534 849 1653 914 ἀπὸ
1697 855 1815 913 τῶν
1856 854 2105 914 πολλῶν
2147 853 2267 913 τῶν

572 952 790 1033 ἔξωθεν
816 953 1000 1034 αὐτὴν
1028 951 1476 1035 ἐπιστρέφουσα
1519 954 1615 1017 καὶ
1658 951 2007 1036 συνάγουσα
2034 956 2266 1032 πρῶτον

572 1057 655 1123 εἰς
697 1055 913 1135 ἑαυτὴν
959 1054 1087 1121 εἶτα
1132 1056 1209 1123 ὣς
1256 1057 1467 1137 ἑνοηδῆ
1520 1053 1673 1143 (leg.
1718 1058 1968 1135 ἑνοειδῆ.
2060 1053 2268 1119 Possis

571 1157 757 1223 etiam
789 1160 1017 1238 ἑνοειδῆ
1052 1157 1192 1244 ἤδη)
1223 1157 1572 1242 γενομένην,
1607 1160 1828 1224 ἐνοῦσα
1869 1162 1996 1227 ταῖς
2040 1158 2271 1225 ἑνιαίως

569 1260 897 1343 ἦνωμέναις
945 1261 1248 1341 δυνάμεσι,
1306 1262 1403 1326 καὶ
1447 1264 1628 1330 οὕτως
1678 1262 1777 1326 ἐπὶ
1820 1261 1889 1325 τὸ
1939 1260 2126 1325 καλὸν
2173 1260 2268 1325 καὶ

572 1364 802 1448 ἀγαθὸν
828 1368 1287 1448 χειραγωγοῦσα
1328 1363 1397 1428 τὸ
1436 1366 1587 1446 ὑπὲρ
1624 1364 1821 1430 πάντα
1856 1366 1931 1429 τὸ
1969 1365 2138 1442 ὄντα,
2172 1363 2269 1427 καὶ

573 1468 642 1533 ἓν
671 1469 767 1532 καὶ
793 1467 1009 1532 ταύτὸν
1034 1468 1130 1532 καὶ
1157 1468 1424 1552 ἄναρχον
1454 1467 1549 1531 καὶ
1576 1467 1986 1547 ἀτελεύτητον.

658 1593 719 1657 p.
757 1587 943 1649 1021,
976 1572 1035 1635 6.
1068 1575 1187 1635 Δεῖ
1209 1572 1763 1654 δὲ-γνωματεύειν
1792 1569 1995 1654 αὐτὸν]
2050 1567 2267 1633 Habet

570 1695 611 1738 a
640 1672 902 1738 Platone
945 1695 1062 1738 suo
1103 1672 1223 1737 hoc
1265 1672 1528 1737 verbum
1572 1671 1655 1737 de
1681 1670 1958 1760 Republ.
1991 1673 2153 1736 VII.
2198 1693 2265 1758 p.

570 1778 723 1861 516.
767 1776 876 1840 fin.
920 1798 986 1863 p.
1019 1795 1166 1862 330.
1200 1774 1404 1841 Bekk.
1451 1798 1640 1863 quem
1684 1775 1892 1841 locum
1935 1774 2079 1840 licet
2119 1797 2263 1840 cum

568 1877 949 1943 imitatorum
979 1877 1129 1943 locis
1154 1877 1518 1944 indicaverit
1547 1877 1970 1944 Ruhnkenius
1997 1877 2079 1943 ad
2099 1877 2263 1942 Tim.

569 1981 733 2046 Lex.
753 1980 999 2047 Platon.
1026 2005 1092 2070 p.
1114 2000 1220 2067 72.
1252 1997 1328 2046 ut
1353 1981 1484 2047 fere
1509 1980 1680 2061 alibi,
1709 1980 1812 2047 hic
1837 2004 2091 2069 quoque
2122 1979 2270 2045 Plo-

572 2084 685 2150 tini
715 2086 1095 2151 mentionem
1141 2084 1433 2174 neglexit.
1523 2083 1712 2164 Quod
1756 2083 1819 2149 in
1864 2083 2106 2171 aliquot
2148 2106 2263 2148 no-

568 2202 839 2254 strorum
872 2188 1178 2254 Codicum
1209 2187 1490 2276 margine
1524 2186 1756 2275 legitur
1787 2186 2075 2253 Scholion
2114 2185 2267 2271 (vid.

571 2294 718 2358 Var.
745 2293 956 2376 Lect.)
980 2291 1045 2356 id
1069 2315 1147 2357 ex
1170 2291 1610 2380 Etymologico
1629 2292 1896 2379 Magno,
1915 2289 2014 2354 vel
2047 2288 2264 2368 Suida,

570 2395 669 2461 vel
692 2398 946 2461 Zonara
972 2394 1036 2461 in
1060 2418 1194 2460 voc.
1226 2394 1584 2460 desumtum
1608 2411 1723 2460 est.
1769 2392 1963 2459 Adde
1982 2392 2264 2481 Etymol.

571 2496 749 2565 Gud.
781 2522 844 2587 p.
876 2501 1018 2563 128.
1048 2511 1112 2563 et
1138 2498 1220 2564 ad
1250 2497 1400 2563 calc.
1433 2496 1652 2563 Orion.
1682 2501 1913 2586 p.622.
1957 2508 2021 2560 et
2067 2496 2263 2561 Scho-

568 2602 653 2668 lia
680 2603 741 2667 in
776 2602 1024 2668 Platon.
1054 2625 1120 2690 p.
1144 2618 1285 2689 179.
1318 2599 1658 2665 Ruhnken.
1727 2598 2090 2664 Philostrat.
2120 2598 2268 2664 Vita

569 2705 869 2795 Apollon.
895 2706 994 2772 11.
1014 2725 1122 2792 30.
1151 2728 1219 2794 p.
1239 2705 1346 2791 83.
1372 2704 1612 2770 Olear.:
1644 2705 1848 2768 πολλὰ
1876 2700 1924 2767 δ’
1947 2703 2016 2767 ἐν
2044 2703 2266 2785 ὅφρυσι

566 2812 666 2876 καὶ
719 2815 989 2892 παρειαῖς
1045 2814 1228 2874 κεῖται
1276 2809 1678 2893 γνωματεύειν
1727 2832 1793 2873 τε
1850 2806 1948 2870 καὶ
1998 2809 2263 2888 θεωρεῖν.

570 2913 862 2979 Clemens
891 2910 1074 2977 Alex.
1099 2913 1326 2977 Strom.
1349 2911 1506 2975 VII.
1540 2933 1607 2998 p.
1634 2909 1779 2995 869.
1814 2909 2055 2974 Potter.
2082 2906 2261 2973 infr.:

566 3019 648 3103 τῶ
669 3017 872 3103 δικαίῳ
899 3014 968 3079 τὸ
996 3014 1291 3098 πρακτέον
1318 3015 1803 3098 γνωματεύουσα.
1891 3012 2136 3077 Proeter
2161 3034 2261 3077 ce-

568 3133 734 3184 teros
777 3119 897 3184 hoc
942 3118 1198 3203 verbum
1246 3117 1420 3183 trivit
1464 3115 1856 3182 Themistius
1896 3116 2266 3181 observante

566 3221 907 3289 Ruhnken.
936 3224 978 3288 l.
1011 3222 1052 3288 l.
1131 3223 1212 3287 In
1242 3222 1381 3312 ejus
1410 3224 1586 3288 Orat.
1619 3220 1870 3286 XXVI.
1906 3243 1969 3309 p.
2001 3238 2154 3309 312.
2187 3221 2266 3285 B.

568 3349 687 3415 pro
714 3330 1049 3409 ἀριστεύειν
1076 3326 1375 3392 Petavius
1417 3326 1482 3391 in
1527 3325 1690 3392 Cod.
1735 3325 2057 3391 invenerat
2104 3353 2262 3393 κνια·

567 3432 786 3514 ρεύειν,
860 3429 994 3519 ipse
1063 3430 1314 3518 conjicit
1382 3432 1806 3515 γνωματεύειν,
1870 3429 2265 3518 improbante

569 3532 977 3598 Ruhnkenio.
1067 3532 1547 3599 Valckenaerius
1571 3531 1653 3596 ad
1679 3531 2023 3620 marginem
2051 3555 2261 3598 exem·

566 3636 654 3725 pli
684 3636 807 3701 mei
835 3635 1194 3723 adscripsit:
1232 3641 1569 3719 διακρινεῖν.
1646 3636 1785 3700 Leo
1819 3636 2150 3701 Draconus
2177 3636 2259 3700 X.

567 3763 631 3828 p.
663 3740 807 3804 108.
838 3738 918 3804 de
948 3739 1179 3804 Basilio
1217 3739 1625 3827 imperatore:
1674 3741 1960 3822 ὁσημεραὶ
1999 3742 2103 3809 τὰς
2140 3739 2259 3824 φά-

564 3855 799 3930 λαγγας
848 3845 1188 3911 συντάττων
1228 3846 1329 3910 καὶ
1379 3847 1664 3925 ἐξασκῶν,
1721 3848 1817 3911 καὶ
1867 3849 2263 3929 γνωματεύων

564 3951 679 4036 ὅτῳ
710 3951 904 4035 τρόπῳ
932 3952 1012 4036 τῷ
1043 3947 1347 4030 ἀποστάτῃ
1377 3948 1660 4014 ἔπέλθοιε
1708 3950 2065 4037 explorans.
2110 3949 2259 4016 Vid.

566 4052 749 4117 Hasii
778 4068 956 4117 notas
982 4050 1385 4138 philologicas
1411 4074 1478 4139 p.
1505 4070 1652 4138 254.
1681 4074 1757 4117 ex
1789 4052 2072 4140 Agathia
2112 4052 2257 4141 plu-

563 4176 661 4219 res
688 4152 855 4219 locos
882 4152 1162 4241 geminos
1191 4151 1522 4218 laudantis.
1580 4154 1744 4218 Mox
1772 4169 1915 4242 post
1941 4156 2146 4220 πίστιν
2172 4154 2259 4218 vi-

563 4256 697 4321 deri
725 4255 918 4344 possit
944 4256 1209 4321 verbum
1238 4254 1555 4336 excidisse,
1584 4271 1790 4343 potest
1832 4273 2041 4322 tamen
2070 4257 2256 4322 etiam

560 4363 777 4428 referri
820 4361 903 4427 ad
946 4360 1618 4443 modum—Proxime
1663 4385 1699 4426 e
1745 4361 1875 4426 Ciz.
1928 4360 2109 4425 dedi:
2169 4362 2258 4429 οἷς

563 4470 791 4532 ἐκεῖθεν
829 4467 959 4546 ἥκει
1003 4465 1385 4546 ἐκλάμποντα
1427 4472 1551 4536 τοῖς
1595 4465 1850 4547 νοήμασι
1885 4464 1925 4528 i.
1944 4488 2000 4530 e.
2036 4464 2253 4546 ἐκλάμ-

561 4596 753 4636 ποντα
780 4575 903 4637 τοῖς
931 4568 1222 4649 νοήμασιν
1253 4569 1293 4633 ἃ
1321 4570 1549 4634 ἐκεῖθεν
1575 4569 1724 4649 ἥκει.
1775 4567 1996 4633 Editio
2023 4583 2087 4634 et
2113 4567 2257 4634 libri

560 4672 786 4761 reliqui
815 4671 1049 4736 habent
1077 4671 1217 4739 οἷος.

645 4799 709 4864 p.
751 4794 935 4854 1022,
968 4793 1025 4841 2.
1055 4776 1138 4842 ὣς
1166 4780 1284 4839 τῶν
1314 4772 1827 4863 κακῶν-Νόσος]
1862 4773 2135 4839 Morbus
2161 4791 2257 4840 est

556 4878 620 4944 in
664 4877 912 4944 animali
956 4876 1256 4943 vitiositas
1301 4877 1558 4962 (κακία).
1646 4876 1794 4942 vid.
1826 4876 2106 4942 Platonis
2138 4878 2249 4943 So-

556 4981 744 5070 phist.
777 5003 842 5071 p.
865 4981 1009 5048 228.
1035 4979 1102 5045 d.
1129 5003 1196 5068 p.
1222 4999 1366 5066 151.
1397 4978 1600 5045 Bekk.
1648 4982 1854 5060 Quem
1886 4980 2092 5045 locum
2121 4980 2256 5045 lau-

555 5083 666 5150 dat
693 5081 1187 5172 Olympiodorus
1213 5082 1277 5147 in
1307 5081 1520 5149 Alcib.
1551 5105 1650 5170 pr.
1676 5100 1775 5148 22.
1808 5106 1872 5171 p.
1904 5102 2048 5167 191:
2084 5081 2253 5148 unde

556 5186 634 5252 ad
655 5209 890 5273 eaquoe
917 5184 1144 5250 deinde
1173 5200 1544 5274 sequuntur,
1571 5185 1703 5251 haec
1732 5203 2086 5252 teneamus:
2120 5187 2253 5269 τρία

556 5294 671 5375 γᾶρ
716 5289 852 5355 τινά
898 5291 1032 5354 ἐστι
1074 5293 1150 5354 τὰ
1197 5292 1446 5355 εἰωθότα
1488 5289 1938 5373 περιφέρεσθαι·
1998 5291 2136 5374 ἐγὼ,
2182 5290 2251 5354 τὸ

559 5394 722 5475 ἐμὸν,
749 5398 826 5459 τὰ
855 5396 961 5457 τοῦ
989 5395 1151 5474 ἐμοῦ.

643 5520 705 5585 p.
736 5515 923 5583 1023,
952 5516 1017 5579 4.
1048 5494 1504 5579 τὴν-ἀγλαΐαν
1533 5496 1893 5587 ἀσμενίσας]
1929 5496 2033 5562 Cf.
2066 5496 2252 5584 Wyt-

557 5600 842 5667 tenbach.
874 5599 954 5665 ad
990 5597 1310 5665 Plutarch.
1344 5597 1424 5664 de
1453 5598 1667 5665 virtut.
1712 5611 1776 5663 et
1819 5597 1928 5663 vit.
1970 5599 2066 5686 (p.
2105 5618 2246 5667 101.

3920 590 4043 658 311

2351 744 2466 824 D.)
2497 743 2564 807 in
2593 741 2949 808 animadvv.
2980 765 3045 831 p.
3069 745 3220 829 693,
3240 742 3354 831 qui
3379 741 3880 809 Constructionis
3904 765 4050 808 cum

2351 847 2736 914 Accusativo
2764 860 2828 912 et
2855 869 3000 913 cum
3029 847 3264 913 Dativo
3290 848 3577 937 exempla
3602 847 3877 935 collegit.

2438 987 2521 1003 ——
2541 954 2602 1017 6.
2635 951 2783 1020 Ζεὺς
2825 956 2963 1018 παῖς
3006 952 3264 1034 ἐξεφάνη
3304 979 3356 1015 κ.
3381 978 3436 1015 τ.
3460 960 3673 1018 λ.-οῐ
3700 975 3763 1039 p.
3796 972 3926 1038 seq.
3957 950 4048 1014 A.

2356 1056 2474 1120 Καὶ
2500 1058 2617 1139 γὰρ
2644 1055 2796 1136 ζωὴν
2826 1054 2983 1143 ἔχει]
3016 1053 3302 1142 Respicit
3321 1052 3608 1120 Plotinus
3636 1053 3861 1142 partim
3894 1075 4053 1118 eun·

2353 1157 2497 1223 dem
2530 1157 2781 1224 Phoedri
2809 1156 3015 1223 locum
3049 1158 3144 1245 (p.
3173 1159 3319 1239 246.
3348 1180 3403 1223 e.
3441 1162 3595 1244 247)
3626 1180 3816 1245 quem
3861 1178 4054 1244 supra

2352 1261 2681 1349 aliquoties
2723 1260 3141 1338 laudavimus,
3172 1259 3399 1348 partim
3432 1260 3761 1347 Cratylum
3807 1283 3869 1348 p.
3898 1261 4050 1346 396.

2353 1388 2412 1430 a.
2442 1364 2505 1431 b.
2553 1364 2662 1430 ubi
2707 1363 2789 1430 de
2838 1365 3005 1446 Ζηνὶ,
3039 1378 3340 1450 tanquam
3385 1366 3530 1444 ζωῆς
3574 1376 3849 1441 auctore,
3879 1376 3943 1428 et
3971 1361 4052 1427 de

2354 1470 2475 1545 Διὶ,
2526 1483 2826 1557 tanquam
2873 1471 3104 1552 Κρόνου
3155 1469 3338 1542 παιδὶ,
3385 1465 3465 1532 de
3512 1490 3643 1554 quo
3690 1466 3920 1532 ibidem
3965 1465 4056 1531 ita

2354 1572 2569 1638 Plato:
2620 1575 2876 1656 εὔλογον
2905 1575 2989 1647 δὲ,
3020 1571 3287 1655 μεγάλης
3315 1571 3474 1638 τινὸς
3501 1572 3761 1638 διανοίας
3803 1569 4053 1652 ἔκγονον

2355 1675 2506 1742 εἶναι
2535 1675 2642 1741 τὸν
2671 1675 2810 1741 Διά.

2425 1815 2512 1831 —
2535 1797 2634 1864 15.
2658 1779 2772 1845 Διὸ
2801 1779 2906 1844 οὐκ
2934 1779 3119 1859 ὀρθῶς
3144 1775 3299 1860 (scil.
3324 1778 3627 1859 δοκοῦσιν)
3657 1776 3716 1841 οἳ
3739 1776 4051 1859 φθείρουσι

2358 1886 2470 1966 (sc.
2512 1882 2619 1947 τὸν
2659 1883 2883 1962 κόσμον
2919 1880 3026 1945 τὸν
3071 1879 3572 1961 αἰσθητὸν)-καὶ
3612 1883 3909 1961 γεννῶσιν
3952 1879 4050 1942 οὕ-

2351 1985 2489 2070 τως]
2542 1986 2717 2050 Inest
2761 1983 2824 2048 in
2874 1982 2973 2048 his
3017 1982 3224 2048 verbis
3271 1981 3486 2047 eadem
3538 1980 4053 2069 breviloquentiae

2352 2087 2679 2176 elegantia,
2722 2109 2913 2175 quam
2959 2109 3151 2174 supra
3191 2086 3566 2151 offendimus
3609 2085 3726 2152 IV.
3769 2107 3837 2171 5.
3879 2102 3935 2149 2.
3981 2108 4049 2172 p.

2351 2210 2505 2274 442.
2537 2193 2618 2256 Β.
2648 2191 2711 2255 in
2743 2190 2876 2255 his:
2928 2191 3023 2255 καὶ
3052 2192 3111 2254 οἰ
3140 2189 3450 2274 ἐκχέοντες
3479 2191 3545 2253 δὲ
3568 2192 3673 2256 τᾶς
3710 2191 3903 2272 ὄψεις,
3938 2187 4049 2253 ubi

2353 2295 2607 2361 consule
2635 2307 2849 2359 annot.
2911 2294 3041 2359 Est
3067 2306 3278 2358 autem
3305 2291 3480 2358 locus
3506 2292 3569 2356 in
3600 2315 3676 2356 eo
3703 2291 3986 2356 diversus
4014 2313 4053 2354 a

2352 2397 2592 2477 ceteriS‚
2649 2419 2809 2485 quos
2865 2395 3250 2483 collegimus,
3308 2393 3483 2483 quod
3539 2417 3655 2482 pro
3712 2392 4052 2480 Participio

2354 2502 2710 2567 Pronomen
2738 2522 2883 2565 cum
2916 2500 3125 2565 Verbo
3152 2498 3332 2564 finito
3359 2498 3570 2563 habet.

2437 2628 2498 2691 p.
2529 2623 2720 2686 1024,
2750 2623 2811 2689 3.
2838 2602 2918 2669 ‘O
2948 2605 3055 2669 οῦν
3084 2603 3238 2679 θεὸς,
3269 2604 3303 2667 6
3335 2605 3417 2670 είς
3442 2601 3512 2666 τὸ
3539 2601 3743 2683 μένειν
3772 2602 4051 2667 ὡσαύτως

2351 2707 2690 2796 δεδεμένος]
2739 2708 3030 2772 Fortasse
3074 2704 3442 2771 vertendum
3487 2720 3654 2770 erat:
3714 2713 3788 2769 ut
3830 2703 4049 2768 eodem

2350 2833 2595 2898 semper
2623 2824 2790 2875 statu
2817 2826 3111 2876 maneret.
3172 2809 3284 2874 Ad
3315 2809 3451 2874 hoec
3479 2824 3544 2873 et
3572 2808 3895 2896 sequentia
3923 2829 4048 2872 non

2349 2929 2587 3002 repet0‚
2632 2937 2780 3002 quae
2823 2914 2888 2978 in
2936 2912 3357 2978 Meletematis
3386 2915 3444 2978 I.
3489 2936 3554 3000 p.
3582 2931 3693 2994 44.
3722 2935 3817 2999 sq.
3862 2926 3927 2975 et
3968 2910 4050 2975 ad

2353 3018 2670 3086 Ciceronis
2693 3018 2774 3083 de
2797 3018 2886 3083 N.
2907 3019 2995 3084 D.
3015 3019 3117 3082 11.
3144 3034 3245 3104 25.
3271 3041 3337 3106 p.
3355 3038 3506 3104 304.
3538 3016 3698 3081 haec:
3724 3023 3768 3055 “
3792 3015 4051 3079 Vinctus

2354 3136 2448 3189 est
2482 3135 2691 3188 autem
2724 3145 2762 3186 a
2790 3123 2973 3201 Jove,
3003 3143 3085 3186 ne
3112 3120 3552 3186 immoderatos
3593 3142 3815 3184 cursus
3855 3116 4048 3182 habe-

2354 3240 2451 3291 ret
2471 3226 2528 3290 :”
2570 3239 2688 3292 cet.
2721 3224 3025 3315 congessi.
3115 3223 3333 3289 Nostri
3362 3223 3480 3289 loci
3508 3223 3651 3288 fons
3684 3235 3777 3286 est
3807 3220 3869 3285 in
3904 3219 4049 3284 Pla-

2356 3329 2518 3397 tonis
2548 3329 2813 3420 Cratylo
2842 3354 2904 3419 p.
2928 3330 3078 3417 396.
3113 3330 3248 3395 b.c.
3279 3329 3555 3415 itemque
3597 3328 3660 3391 in
3691 3325 3940 3390 Timaeo
3981 3348 4049 3412 p.

2347 3454 2452 3517 42.
2482 3457 2551 3523 Ρ.
2571 3437 2675 3517 46.
2709 3432 2948 3499 Bekk.:
2999 3434 3096 3498 καὶ
3124 3436 3158 3497 6
3188 3434 3301 3510 μὲν
3330 3432 3400 3512 δὴ
3431 3431 3665 3496 ἅπαντα
3690 3434 3875 3495 ταῦτα
3919 3432 4042 3492 δια-

2348 3536 2526 3617 τάξας
2574 3537 2785 3618 ἔμενεν
2822 3537 2891 3601 ἐν
2927 3539 3008 3622 τῷ
3056 3538 3268 3600 ἑαυτοῦ
3312 3536 3460 3598 κατὰ
3497 3534 3719 3615 τρόπον
3745 3532 3895 3611 ἤθει.
3938 3528 4043 3609 μέ-

2350 3664 2558 3707 νοντος
2589 3641 2654 3704 δὲ
2685 3639 3007 3720 νοήσαντες
3034 3640 3093 3702 ot
3116 3641 3320 3705 παῖδες
3348 3636 3457 3715 τὴν
3484 3639 3589 3699 τοῦ
3615 3633 3836 3715 πατρὸς
3877 3632 4045 3713 τάξιν

2348 3743 2656 3807 ἐπείθοντο
2702 3743 2845 3823 αὐτῇ
2892 3769 2943 3805 κ.
2966 3765 3019 3805 τ.
3046 3748 3108 3805 λ.
3197 3737 3309 3804 Ad
3343 3737 3519 3804 illum
3552 3735 3919 3824 Cratyleum
3949 3736 4039 3799 lo·

2346 3867 2489 3910 cum
2521 3843 2721 3909 multa
2749 3843 3030 3931 disputat
3062 3841 3318 3908 Proclus
3347 3864 3411 3929 p.
3436 3860 3542 3927 55.
3574 3863 3707 3928 sqq.
3738 3839 3839 3903 ed.
3865 3838 4043 3904 Bois-

2347 3948 2601 4024 sonad.;
2651 3947 2819 4013 unde
2846 3970 3051 4036 pauca
3075 3945 3212 4011 haec
3240 3968 3592 4034 excerpam,
3623 3968 3769 4032 quae
3798 3943 3880 4008 ad
3907 3942 4042 4008 haec

2348 4049 2704 4116 Plotiniana
2730 4050 3000 4116 maxime
3027 4049 3269 4116 faciunt
3296 4073 3363 4138 p.
3389 4050 3474 4114 66
3497 4073 3512 4113 :
3550 4055 3594 4088 “
3619 4049 3842 4129 Μηδεὶς
3872 4046 3920 4112 δ’
3953 4051 4039 4112 ol-

2346 4154 2503 4220 έσθω
2547 4158 2645 4220 διὰ
2681 4158 2865 4220 ταῦτα
2908 4152 3341 4237 μεμερισμένας
3388 4152 3541 4218 εἶναι
3586 4153 3690 4220 τᾶς
3738 4152 4039 4234 ἐνεργείας

2341 4260 2447 4325 τὰς
2490 4257 2797 4340 εἰρημένας
2841 4260 2909 4323 ἐν
2936 4263 3060 4326 τοῖς
3102 4262 3277 4333 θεοῖς,
3310 4257 3441 4321 οῖον
3484 4256 3552 4320 ἐν
3580 4259 3660 4341 τῷ
3707 4254 3815 4319 Διὶ
3851 4257 4040 4336 μόνην

2341 4362 2450 4443 τὴν
2491 4364 2798 4445 πρόνοιαν,
2847 4364 2915 4427 ἐν
2958 4364 3024 4426 δὲ
3074 4365 3154 4449 τῷ
3205 4362 3415 4445 Κρόνῳ
3473 4359 3581 4438 τὴν
3622 4356 3769 4440 πρὸς
3828 4357 4038 4422 ἑαυτὸν

2343 4466 2615 4549 στροφὴν
2640 4468 2848 4547 μόνην,
2882 4466 2951 4530 ἐν
2980 4467 3045 4529 δὲ
3073 4468 3154 4551 τῷ
3181 4464 3409 4549 οὐρανῷ
3451 4462 3559 4541 τὴν
3586 4461 3733 4543 πρὸς
3760 4461 3868 4526 τὸν
3898 4487 4033 4541 νοη-

2341 4568 2449 4633 τὸν
2475 4570 2666 4649 μόνην
2690 4566 3027 4634 ἀνάστασιν
3058 4567 3246 4654 (Leg.
3277 4566 3386 4646 τὴν
3412 4565 3559 4647 πρὸς
3600 4564 3669 4629 τὸ
3716 4563 3929 4644 νοητὸν
3970 4592 4035 4644 μ.

2340 4669 2653 4736 ἀνάτασιν.
2750 4669 2966 4735 Simile
3000 4669 3223 4734 vitium
3263 4667 3484 4757 optimi
3513 4666 3761 4732 Codicis
3788 4669 4040 4755 Argen-

2341 4772 2667 4837 toratensis
2694 4795 2815 4861 ope
2842 4771 3063 4838 sustuli
3093 4796 3128 4838 e
3159 4771 3364 4837 Procli
3397 4773 3557 4836 Inst.
3580 4770 3808 4836 Theol.
3843 4774 3903 4856 ξ.
3926 4789 4033 4858 35.

2339 4876 2450 4941 ubi
2483 4876 2607 4940 vid.
2640 4889 2769 4941 not.
2801 4899 2865 4964 p.
2892 4878 3067 4962 62.):
3118 4877 3215 4942 καὶ
3255 4880 3372 4960 γὰρ
3414 4876 3448 4939 6
3494 4875 3643 4941 Ζεὺς
3685 4877 3791 4941 οὐκ
3834 4877 4036 4947 ἄλλως

2338 4986 2588 5061 προνοεῖ
2625 4985 2743 5045 τῶν
2786 4980 3120 5063 ἐγκοσμίων
3147 4978 3184 5059 ἦ
3212 4979 3359 5062 πρὸς
3399 4979 3468 5043 τὸ
3513 4980 3727 5061 νοητὸν
3761 4981 4031 5061 βλέπων·

2338 5084 2488 5166 ἥπερ
2516 5085 2625 5149 οῦν
2655 5087 2791 5151 νοῦς
2819 5085 3071 5151 ἐνούσας
3101 5081 3258 5150 ἰδέας
3287 5083 3354 5146 ἐν
3381 5086 3461 5169 τῷ
3492 5084 3527 5146 ὅ
3556 5084 3686 5148 ἐστι
3712 5089 3863 5160 ζῶον
3893 5087 4033 5149 ὅσαι

2336 5187 2405 5252 τέ
2433 5190 2590 5252 εἰσιν
2619 5187 2715 5251 καὶ
2743 5188 2942 5251 ὁποῖαι
2973 5185 3230 5271 καθορᾷ”
3259 5186 3448 5267 φησὶν
3476 5188 3510 5249 6
3538 5188 3784 5266 Τίμαιος
3814 5186 4033 5269 (Plato

2339 5290 2511 5355 Tim.
2550 5293 2608 5375 ξ.
2637 5293 2772 5375 24.)
2798 5292 2832 5353 6
2863 5287 2911 5353 δ’
2933 5287 3195 5372 Ὀρφεὺς
3224 5288 3409 5375 ἐνθέῳ
3439 5290 3688 5369 στόματι
3714 5288 3903 5372 λέγει,
3937 5293 4034 5357 καὶ

2338 5395 2646 5458 καταπίνει
2690 5391 2927 5480 (Orph.
2960 5393 3282 5479 Fragmm.
3327 5414 3393 5479 p.
3424 5393 3574 5477 456.
3624 5392 3880 5479 Herm.)
3926 5396 4035 5459 τὸν

2336 5498 2638 5580 πρόγονον
2659 5495 2839 5561 αὐτοῦ
2861 5494 2967 5558 τὸν
2988 5493 3251 5575 Φάνητα,
3280 5494 3374 5559 καὶ
3404 5495 3811 5577 ἐγκολπίζεται
3834 5497 4033 5568 πάσας

2337 5600 2518 5665 αὐτοῦ
2558 5601 2664 5666 τὰς
2706 5597 2978 5679 δυνάμεις
3003 5599 3037 5662 6
3070 5598 3235 5672 Ζεὺς,
3269 5597 3364 5662 καὶ
3392 5599 3619 5679 γίνεται
3660 5598 3855 5666 πάντα
3900 5627 4029 5667 νοε-
