5118 6613
1306 510 1507 574 LIB.
1555 510 1716 576 VII.
1766 509 2243 576 ENNEAD.
2291 508 2765 587 QUARTAE.
2810 532 2873 597 p.
2909 510 3276 596 837—844.

553 687 657 763 τῆς
683 682 968 763 κινήσεως
997 682 1093 746 καὶ
1127 685 1229 761 τῆς
1265 685 1616 765 σφραγῖδος.
1707 681 2079 746 Admonent
2124 681 2260 745 baec

553 783 868 872 proverbii
916 782 1170 849 Graeci:
1220 784 1352 848 καθ’
1395 785 1607 851 ὕδατος
1647 781 1925 866 γράφειν,
1967 782 2139 870 quod
2194 782 2258 845 in

550 910 658 951 eos
711 885 1062 964 dicebatur,
1110 885 1245 972 qui,
1294 909 1443 973 quae
1484 885 1619 949 fieri
1657 899 1980 971 nequeunt
2040 908 2260 973 aggre-

551 988 871 1068 derentur,
926 1003 998 1052 ut
1043 1001 1138 1052 est
1186 987 1360 1074 apud
1407 986 1671 1051 Lucian.
1730 989 2014 1074 Tyrann.
2063 1011 2119 1052 c.
2154 1006 2253 1054 22.

550 1092 813 1178 ejusque
861 1090 1182 1156 Scholiast.
1235 1092 1425 1155 Tom.
1477 1091 1533 1154 1.
1582 1113 1646 1177 p.
1681 1092 1828 1174 643.
1877 1089 1978 1154 ed.
2019 1092 2253 1154 Wetst.

548 1194 867 1283 Porphyr.
922 1216 1028 1281 ap.
1087 1193 1425 1280 Augustin.
1475 1192 1555 1257 de
1609 1193 1748 1257 Civ.
1796 1193 1919 1258 Dei
1968 1194 2102 1258 IX.
2150 1212 2254 1280 23.

548 1296 728 1360 init.:
778 1305 823 1335 ‘⁶
857 1297 1050 1361 Forte
1093 1295 1291 1382 magis
1342 1294 1577 1382 poteris
1625 1294 1692 1358 in
1735 1317 1902 1382 aqua
1942 1294 2256 1381 impressis

549 1398 741 1464 literis
769 1398 1098 1464 scribere.”

634 1524 699 1589 p.
745 1503 891 1586 843,
924 1521 985 1586 3.
1029 1499 1068 1581 ἢ
1116 1501 1193 1568 ὥς
1240 1498 2248 1583 πρόχειροι-ἑπιβολαὶ-ἀπατῶ-

550 1606 702 1690 σαι.]
755 1603 889 1669 Fic.
924 1602 1178 1667 videtur
1206 1599 1537 1688 amplexus
1572 1598 1900 1665 lectionem
1931 1601 2113 1665 Med.
2152 1602 2250 1665 B:

547 1708 888 1790 πρόχειρον.
979 1704 1138 1769 Loci
1195 1718 1406 1768 autem
1468 1702 1774 1767 sententia
1821 1702 2070 1766 videtur
2121 1725 2252 1767 esse

550 1808 715 1873 haec:
765 1822 829 1872 et
855 1806 1036 1872 aliter
1063 1828 1256 1893 quam
1289 1804 1608 1870 subitarioe
1642 1803 1955 1891 (adeoque
1986 1819 2246 1869 temera-

548 1910 680 1988 riae,
715 1909 811 1974 vel
844 1909 1055 1974 subito
1090 1907 1373 1994 adeoque
1411 1911 1670 1991 temere)
1712 1906 2146 1993 impressiones
2173 1930 2249 1970 ex

548 2011 733 2076 rebus
778 2010 1171 2076 sensibilibus
1213 2010 1277 2074 in
1317 2009 1392 2074 iis
1431 2008 1849 2093 (hominibus)
1880 2009 2253 2096 gignuntur,

548 2135 693 2200 quae
720 2113 1236 2178 similitudinibus
1263 2111 1603 2199 decipiunt.

1152 2351 1252 2415 LI
1274 2351 1347 2413 B.
1399 2350 1558 2414 VII.

631 2544 693 2608 p.
725 2522 877 2600 844,
900 2539 958 2599 7.
994 2524 1189 2583 ΠΕΡΙ
1209 2523 1694 2584 ΑΘΑΝΑΣῙΑΣ
1719 2518 2059 2606 ψὙΧΗΣ]
2095 2521 2249 2584 Post

547 2621 818 2709 primum
864 2645 904 2687 a
939 2620 1192 2686 Plotino
1219 2620 1628 2707 conscriptus,
1659 2620 1978 2706 igiturque
2009 2635 2249 2708 tempo-

543 2726 627 2790 ris
670 2726 910 2790 ratione
948 2723 1185 2801 habita,
1233 2722 1544 2787 secundus
1589 2737 1684 2786 est
1730 2721 1832 2786 hic
1874 2721 2052 2800 liber,
2090 2736 2246 2787 teste

548 2825 905 2914 Porphyrio
933 2825 1014 2889 de
1045 2824 1190 2889 Vita
1219 2823 1458 2889 Plotini
1486 2847 1623 2910 cap.
1656 2825 1777 2887 IV.
1807 2823 1886 2887 cf.
1921 2847 1977 2887 c.
2009 2825 2243 2889 XXV.

545 2935 767 3015 Atque
811 2928 1018 3016 priore
1072 2926 1209 2992 loco
1267 2941 1395 2991 est:
1442 2927 1580 3008 περὶ
1627 2930 1829 3009 ψυχῆς
1886 2927 2239 2995 ἀθανασίας.

545 3031 764 3096 Multo
789 3030 988 3116 magis
1008 3029 1321 3117 discrepat
1348 3027 1669 3115 inscriptio
1686 3028 1879 3114 hujus
1898 3026 2042 3092 libri
2070 3029 2243 3116 apud

544 3131 894 3197 Eusebium
926 3132 990 3196 in
1025 3131 1096 3197 P.
1129 3133 1189 3195 E
1216 3131 1394 3195 .XV.
1420 3149 1519 3195 22.
1545 3151 1608 3214 p.
1635 3129 1783 3210 824.
1810 3128 2034 3193 Colon.
2082 3130 2248 3212 Πρὸς

546 3236 676 3303 τοὺς
691 3234 1002 3309 Στωϊκοὺς,
1034 3234 1128 3297 ὅτι
1144 3235 1214 3298 οὗ
1235 3235 1479 3297 δύναται
1501 3232 1801 3312 σωματικὴ
1824 3231 2029 3312 εἶναιῆ
2049 3233 2241 3318 ψυχὴ.

544 3338 660 3403 ἀπὸ
706 3342 812 3402 τοῦ
852 3339 992 3418 περὶ
1030 3340 1233 3421 ψυχῆς
1277 3336 1614 3401 Πλωτίνου.
1707 3333 1832 3399 Sed
1861 3334 1996 3399 haec
2035 3336 2246 3423 potius

543 3440 824 3506 Eusebio
839 3440 938 3504 vel
969 3439 1236 3504 librariis
1264 3437 1772 3503 Eusebianorum
1802 3436 2104 3502 librorum
2137 3438 2246 3502 de-

544 3543 673 3608 beri
706 3542 982 3621 videtur,
1012 3542 1159 3607 licet
1201 3541 1319 3605 hoc
1354 3541 1614 3605 fortasse
1654 3538 1803 3604 inde
1845 3539 2050 3626 colligi
2098 3563 2239 3626 pos-

540 3646 652 3711 sit:
700 3645 892 3710 fuisse
932 3644 1079 3708 olim
1126 3643 1558 3730 simpliciorem
1589 3641 1845 3706 titulum
1877 3642 2068 3728 hujus
2097 3641 2240 3706 libri

539 3748 742 3814 hunc:
790 3749 928 3831 περὶ
952 3750 1170 3831 ψυχῆς.
1264 3744 1445 3809 Idem
1487 3744 1804 3809 Eusebius
1846 3744 1909 3807 in
1943 3745 2064 3807 fine
2093 3746 2235 3807 Ex-

540 3850 734 3938 cerpti
792 3873 858 3938 p.
911 3851 988 3933 83
995 3865 1055 3933 5.
1087 3847 1222 3912 haec
1278 3846 1494 3911 addit:
1544 3851 1728 3910 ταῦτα
1783 3848 1896 3926 μὲν
1949 3847 2066 3910 ἀπὸ
2122 3852 2240 3910 τῶν

539 3955 857 4018 Πλωτίνου
883 3952 1030 4033 πρὸς
1057 3950 1165 4029 τὴν
1194 3955 1311 4013 τῶν
1340 3955 1616 4013 Στωϊκῶν
1645 3949 1775 4029 περὶ
1807 3953 2008 4032 ψυχῆς
2035 3949 2239 4028 δόξαν,

538 4054 872 4136 σωματικὴν
890 4053 1074 4132 αὐτὴν
1101 4052 1458 4134 φασκόντων
1490 4051 1661 4116 εἶναι.
1754 4049 1877 4114 Sed
1908 4071 2032 4113 non
2067 4049 2230 4114 Stoi-

536 4180 748 4224 corum
779 4155 1007 4234 solum,
1037 4176 1255 4218 verum
1299 4153 1486 4216 etiam
1523 4152 1786 4216 aliorum
1831 4151 2232 4238 philosopho-

535 4283 673 4325 rum
699 4257 1036 4325 sententias
1078 4255 1141 4320 in
1187 4256 1305 4320 hoc
1349 4254 1509 4319 libro
1553 4253 1877 4340 redarguit
1925 4252 2232 4318 Plotinus.

540 4365 756 4449 Atque
782 4360 916 4448 ipse
948 4358 1343 4445 Porphyrius
1364 4356 1505 4421 libri
1537 4355 1710 4421 laud.
1738 4379 1876 4442 cap.
1900 4375 1963 4437 4.
1997 4356 2235 4443 prodit,

536 4463 699 4528 varie
711 4461 1043 4549 inscriptos
1058 4459 1250 4523 fuisse
1279 4458 1493 4539 libros,
1517 4482 1678 4545 quos
1700 4458 1918 4546 viginti
1942 4471 2006 4522 et
2037 4481 2231 4523 unum

533 4566 763 4651 primos
791 4575 1227 4650 composuerat
1254 4559 1667 4649 philosophus
1700 4559 2124 4648 Lycopolites.

645 4668 881 4731 Fontes
923 4676 1138 4728 autem
1211 4663 1405 4749 hujus
1461 4662 1602 4727 libri
1660 4680 2235 4750 argumentumque

537 4768 703 4856 quod
729 4766 974 4845 attinet,
1002 4780 1151 4830 sunt
1191 4763 1473 4830 Platonis
1510 4763 1628 4829 loci
1671 4764 1907 4851 plures,
1937 4788 2097 4850 quos
2135 4787 2230 4828 re-

537 4869 801 4958 spexisse
828 4880 1036 4956 potest
1080 4866 1411 4940 Plotinus;
1463 4881 1536 4932 ut
1577 4866 1683 4930 illa
1726 4865 2045 4931 luculenta
2083 4888 2228 4930 nar-

536 4972 688 5037 ratio
713 4971 780 5035 in
807 4969 971 5035 libro
999 4967 1243 5033 decimo
1288 4968 1686 5057 Reipublicae
1713 4991 1778 5056 p.
1814 4970 1959 5048 614.
1991 4991 2131 5054 sqq.
2160 4990 2223 5055 p.

532 5093 675 5158 502.
704 5095 845 5159 sqq.
882 5069 1087 5137 Bekk.
1113 5070 1195 5134 de
1235 5072 1365 5135 Ere
1395 5070 1692 5136 Armenio
1712 5094 1732 5149 ;
1779 5070 1949 5135 unde
1984 5069 2228 5157 liquido

533 5188 787 5251 constat,
831 5172 1109 5238 extitisse
1150 5172 1500 5259 antiquitus
1544 5174 1891 5239 doctrinam
1952 5172 2225 5261 aliquam

531 5276 917 5344 orientalium
949 5275 1357 5362 populorum,
1388 5299 1517 5362 qua
1559 5299 1673 5363 per
1714 5276 2226 5363 significationem

534 5378 884 5468 (allegorice
911 5376 1109 5465 vulgo
1149 5376 1399 5463 dicunt)
1433 5377 1740 5443 traditum
1767 5378 1961 5443 fuerit
2003 5377 2084 5442 de
2113 5400 2225 5442 na·

532 5497 666 5547 tura
691 5479 966 5547 hominis
989 5494 1055 5545 et
1077 5479 1160 5545 de
1189 5479 1654 5545 immortalitate
1675 5479 1900 5543 animae
1928 5478 2226 5543 humanae

2344 680 2631 766 ejusque,
2676 680 2888 766 prouti
2931 679 2998 743 in
3027 679 3160 744 vita
3205 703 3271 745 se
3310 678 3595 768 gesserit,
3634 682 3870 747 utravis
3912 700 4055 771 post

2346 794 2610 846 mortem
2641 782 2920 847 fortuna.
3010 783 3146 847 Nec
3185 783 3394 848 minus·
3423 784 3551 849 huc
3580 786 3852 872 pertinet
3879 786 4053 853 locus

2344 885 2679 972 primarius
2707 884 2771 948 in
2807 884 3075 949 Phaedro
3104 908 3169 971 p.
3202 900 3348 972 245.
3386 888 3462 952 C.
3493 911 3586 974 sq.
3619 888 3723 953 cui
3752 888 4053 954 adhiben-

2345 986 2467 1051 dus
2508 1003 2603 1052 est
2649 985 2947 1051 Hermiae
2994 987 3059 1051 in
3104 1010 3249 1052 eum
3298 988 3618 1077 dialogum
3666 1014 3727 1078 p.
3770 1012 3910 1073 114.
3959 1015 4050 1078 sq

2346 1089 2469 1153 Sed
2504 1106 2710 1154 tamen
2753 1089 3038 1177 inprimis
3077 1112 3193 1176 pro
3217 1090 3393 1155 fonte
3422 1092 3615 1179 hujus
3641 1092 3785 1157 libri
3822 1094 4053 1160 haben-

2342 1190 2464 1255 dus
2492 1208 2588 1257 est
2621 1192 2956 1280 Phaedop.
2992 1193 3097 1276 78.
3129 1216 3221 1279 sq.
3251 1216 3316 1281 p.
3348 1196 3458 1275 46.
3490 1218 3626 1282 sqq.
3661 1195 3935 1262 Bekker.
3965 1197 4049 1263 ad

2340 1317 2527 1379 quem
2589 1295 2680 1359 ita
2734 1294 3275 1382 Wyttenbachius
3331 1318 3401 1383 p.
3442 1314 3603 1381 197:
3681 1299 3870 1362 “Ab
3927 1300 4048 1365 hoc

2344 1397 2627 1462 Platonis
2647 1414 3020 1485 argumento
3045 1397 3351 1484 (corporis
3378 1398 3702 1486 compositi
3733 1415 3797 1464 et
3823 1401 4049 1467 animae

2340 1498 2673 1588 simplicis)
2714 1501 3038 1589 profectus
3086 1498 3376 1566 Plotinus
3422 1500 3905 1568 immortalitatis
3948 1528 4046 1570 ra·

2340 1601 2540 1666 tiones
2582 1602 2769 1666 latius
2812 1614 2876 1666 et
2924 1601 3215 1666 subtilius
3257 1616 3625 1690 persecutus
3663 1617 3799 1669 cst:
3848 1622 3921 1670 ut
3967 1606 4049 1671 ad

2340 1704 2510 1769 hunc
2539 1705 2745 1769 locum
2779 1704 2994 1769 docuit
3038 1704 3532 1792 olympiodorus
3563 1706 3718 1771 Cod.
3754 1708 3813 1773 1.
3847 1732 3908 1794 p.
3942 1711 4046 1795 63.

2339 1821 2402 1870 et
2441 1808 2585 1892 185.
2618 1805 2780 1871 Cod.
2812 1806 2956 1871 ΙΙΙ.
2990 1828 3058 1892 p.
3086 1806 3194 1891 38.
3225 1820 3291 1870 et
3316 1826 3423 1888 40.
3454 1829 3602 1893 quae
3643 1808 3874 1874 referre
3916 1810 4048 1876 lon-

2336 1931 2489 1995 gum
2521 1924 2632 1973 est.
2724 1908 2917 1972 Sedes
2947 1909 3269 1995 praecipua
3309 1910 3868 1996 argumentationis
3901 1913 4043 1978 Plo-

2339 2010 2593 2076 tinianae
2621 2022 2717 2074 est
2747 2013 2916 2075 Enn.
2950 2011 3069 2075 IV.
3099 2009 3210 2074 lib.
3233 2030 3290 2094 7.
3324 2011 3432 2076 sed
3463 2026 3672 2099 partes
3700 2015 3837 2100 ejus
3868 2038 4040 2102 spar-

2339 2113 2451 2176 sim
2485 2136 2600 2199 per
2627 2111 2781 2176 alios
2818 2111 3012 2176 libros
3051 2116 3451 2178 occurrunt.”
3539 2114 3721 2180 Idem
3752 2116 3818 2180 in
3848 2118 4042 2182 Insti-

2337 2215 2688 2280 tutionibus
2732 2214 3191 2302 Metaphysicis
3231 2239 3295 2302 p.
3328 2235 3444 2282 201
3478 2241 3492 2281 :
3544 2225 3590 2257 “
3622 2220 3726 2283 Ex
3759 2221 4043 2306 posteriS,

2334 2318 2444 2396 ait,
2489 2317 2890 2405 Philosophia
2938 2316 3281 2404 plurimum
3335 2319 3632 2383 Plotium
3678 2319 4039 2387 incrementi

2336 2419 2569 2501 attulit,
2601 2419 2944 2484 rationibus
2972 2442 3050 2483 ex
3080 2419 3517 2484 communione
3543 2420 3893 2486 animorum
3924 2423 4042 2488 hu-

2336 2545 2663 2587 manorum
2694 2544 2767 2586 ac
2794 2520 3027 2585 divinoe
3058 2537 3302 2586 naturae
3330 2522 3725 2609 repetendis:
3776 2536 3912 2588 tum
3942 2526 4038 2589 in-

2334 2625 2552 2712 primis
2595 2622 2947 2688 accuratius
2989 2622 3477 2688 demonstranda
3517 2623 3709 2689 animi
3753 2625 4044 2713 simplici-

2335 2741 2487 2806 tate,
2520 2750 2599 2791 ex
2643 2725 2751 2790 illo
2793 2741 3188 2813 argumento,
3218 2747 3350 2811 quo
3392 2724 3660 2791 efficitur
3700 2727 3827 2792 vim
3853 2729 4042 2793 actio-

2333 2851 2604 2916 nemque
2631 2826 2948 2916 cogitandi
2974 2827 3040 2891 in
3081 2850 3440 2915 corpoream
3487 2845 3777 2894 naturam
3819 2830 4041 2896 cadere

2332 2954 2459 2996 non
2503 2954 2705 3019 posse,
2746 2932 2916 2995 Eun.
2952 2929 3069 2996 lv,
3112 2928 3217 2993 lib.
3254 2949 3327 3014 7:
3375 2954 3506 3018 quo
3548 2931 3715 2996 valet
3758 2933 4039 3020 ejusdem

2331 3032 2795 3120 argumentatio
2864 3032 3166 3097 adversus
3223 3031 3583 3098 Aristotelis
3655 3035 4042 3119 ἐντελέχειαν

2334 3151 2578 3201 servata
2602 3136 2667 3200 in
2699 3134 2964 3200 Eusebii
2994 3134 3463 3222 Proeparatione
3487 3135 3872 3223 Evangelica
3893 3139 4036 3202 XV.

2341 3240 2481 3303 10.”
2548 3241 2691 3322 (Tu
2716 3237 2860 3302 vide
2882 3259 3016 3301 eam
3043 3259 3235 3325 supra
3256 3260 3321 3326 p.
3342 3240 3494 3325 364.
3517 3238 3580 3302 b.
3599 3242 3690 3324 c.)
3731 3238 3830 3303 Cf.
3853 3239 4039 3304 etiam

2333 3340 2676 3406 Alcinoum
2722 3340 2803 3405 de
2835 3339 3118 3405 doctrina
3164 3338 3327 3405 Plat.
3358 3364 3417 3404 c.
3453 3340 3686 3405 XXV.
3765 3341 4040 3406 Omnino

2328 3465 2475 3506 cum
2518 3442 2634 3506 hac
2680 3440 3036 3506 Plotiniana
3077 3439 3500 3527 disputatione
3541 3441 4037 3529 comparandum

2329 3543 2783 3609 Aristoteleum
2828 3566 2990 3629 opus
3031 3541 3113 3606 de
3154 3541 3402 3618 Anima,
3435 3540 3719 3628 inprimis
3748 3540 3856 3606 lib.
3892 3545 4030 3608 ΙΙΙ.

2328 3670 2381 3710 c.
2411 3667 2471 3727 4.
2566 3648 2721 3709 Huc
2749 3646 2895 3708 item
2927 3643 3076 3708 facit
3103 3643 3360 3730 insignis
3390 3642 3563 3707 locus
3585 3643 3847 3709 Joannis
3878 3646 4033 3710 Phi-

2327 3747 2538 3835 loponi
2570 3747 2633 3811 in
2666 3747 2836 3811 libris
2863 3746 3160 3810 adversus
3201 3744 3521 3809 Proclum.
3611 3744 3737 3823 Qui
3775 3746 4032 3832 quidem

2327 3850 2415 3916 ita
2445 3850 2636 3915 tradit
2668 3850 2826 3914 VII.
2858 3869 2918 3929 4.
2946 3872 2961 3912 ε
3009 3848 3328 3930 φαίνονται
3356 3851 3474 3929 γὰρ
3498 3847 3586 3912 ἔτι
3610 3849 3678 3912 ἐν
3701 3852 3782 3934 τῷ
3804 3852 4033 3930 σώματι

2328 3956 2504 4017 οὖσαι
2535 3956 2601 4018 αἱ
2625 3954 2843 4037 ψυχαὶ,
2887 3954 3127 4017 ἐπειδᾶν
3156 3955 3257 4030 τῆς
3292 3950 3438 4033 πρὸς
3478 3950 3897 4035 αὖτοσχέσεως
3938 3955 4034 4019 καὶ

2324 4057 2733 4137 προσπαθείας
2771 4053 3184 4133 ἀπαλλάξωσι,
3237 4054 3527 4137 χωρισταὶ
3585 4054 3681 4118 καὶ
3739 4055 4034 4139 ἀσχέτους

2323 4157 2544 4225 παντὸς
2600 4159 2873 4238 σώματος
2916 4159 3021 4224 τὰς
3061 4159 3271 4237 νοερᾶς
3316 4158 3620 4238 ἐνεργείας
3660 4158 4029 4238 ποιούμεναι.

2324 4265 2519 4324 Ποῖον
2554 4263 2673 4342 γὰρ
2708 4260 2920 4342 μόριόν
2948 4267 3138 4340 φησιν
3163 4256 3589 4339 Ἀριστοτέλης
3612 4256 3652 4337 ἢ
3680 4264 3803 4327 πῶς
3831 4262 3864 4323 ὁ
3896 4265 4030 4327 νοῦς

2323 4363 2558 4442 συνέξει
2586 4361 2863 4445 χαλεπὸν
2904 4362 2999 4425 καὶ
3034 4359 3284 4425 πλάσαι.
3332 4361 3548 4424 οὐκοῦν
3578 4359 3806 4444 ἀνάγκη
3834 4367 4023 4436 πᾶσα,

2323 4466 2419 4529 καὶ
2445 4465 2553 4543 τὴν
2582 4465 2797 4528 οὐσίαν
2823 4467 2924 4542 τῆς
2951 4466 3173 4546 ψυχῆς,
3207 4463 3272 4539 ἐξ
3298 4461 3368 4541 ἧς
3397 4463 3436 4540 ἡ
3474 4464 3714 4542 τοιαύτη
3755 4463 4027 4546 ἐνέργεια

2317 4569 2574 4648 πρόεισι,
2606 4565 2906 4649 χωριστὴν
2937 4565 3033 4628 καὶ
3069 4564 3335 4646 ἄσχετον
3374 4562 3527 4628 εἶναι
3564 4565 3787 4633 παντὸς
3826 4568 4026 4647 σώμα-

2320 4693 2438 4741 τος,
2472 4668 2781 4747 ὧσπεροῦν
2811 4667 2910 4729 καὶ
2948 4664 3234 4729 Πλάτωνι
3265 4664 3360 4728 καὶ
3393 4671 3518 4733 τοῖς
3546 4667 3809 4747 ἀρίστοις
3834 4665 4025 4732 ἅπασι

2319 4775 2437 4833 τῶν
2465 4770 2830 4850 φιλοσόφων
2860 4766 3081 4849 ἔδοξεν,
3130 4766 3407 4829 ἐντεῦθεν
3440 4769 3556 4848 γὰρ
3588 4768 3762 4844 αὐτῆς
3793 4769 3888 4832 καὶ
3915 4770 4022 4847 τὴν

2320 4870 2658 4934 ἀθανασίαν
2688 4871 2722 4932 ὁ
2754 4873 3066 4933 Πλωτῖνος
3093 4868 3555 4948 σννελογίσατο,
3588 4869 3781 4945 δείξας
3811 4870 3876 4932 ἐκ
3905 4876 4023 4933 τῶν

2315 4975 2627 5052 χωριστῶν
2658 4969 2836 5048 αὐτῆς
2873 4969 3189 5050 ἐνεργειῶν
3216 4968 3293 5035 ὡς
3328 4968 3424 5031 καὶ
3459 4968 3569 5047 τὴν
3607 4968 3820 5031 οὐσίαν
3847 4971 4023 5048 αὐτῆς

2314 5072 2615 5156 χωριστὴν
2665 5072 2820 5135 εἶναι
2874 5070 3102 5152 ἀνάγκη
3160 5070 3255 5134 καὶ
3312 5073 3411 5135 διὰ
3466 5075 3641 5134 τοῦτο
3698 5070 4019 5136 ἀθάνατον.

2317 5173 2599 5239 Platonis
2648 5172 3042 5259 aliorumque
3084 5170 3596 5259 philosophorum
3658 5170 3738 5236 de
3786 5172 3904 5237 hac
3950 5195 4019 5237 re

2313 5275 2649 5340 sententias
2675 5288 3000 5339 enumerat
3030 5272 3412 5338 Plutarchus
3433 5273 3514 5338 de
3540 5273 3741 5338 Placc.
3766 5272 4015 5360 philoss.

2315 5377 2431 5442 IV.
2461 5393 2519 5458 7.
2584 5376 3000 5442 Plotinianam
3040 5375 3433 5463 Porphyrius
3475 5374 3557 5440 de
3597 5375 3921 5440 Gradibus
3952 5379 4012 5461 ξ.

2320 5479 2419 5543 18.
2451 5502 2594 5566 sqq.
2666 5479 2854 5558 Quod
2886 5502 3037 5543 vero
3063 5478 3382 5543 Eusebius
3410 5478 3474 5541 in
3507 5479 3584 5542 P.
3612 5480 3696 5542 E.
3733 5480 3883 5543 XV.
3914 5499 4012 5545 22.
