<?xml version="1.0" encoding="UTF-8"?>
<!DOCTYPE html PUBLIC "-//W3C//DTD XHTML 1.0 Transitional//EN"
    "http://www.w3.org/TR/xhtml1/DTD/xhtml1-transitional.dtd">
<html xmlns="http://www.w3.org/1999/xhtml" xml:lang="en" lang="en">
 <head>
  <title>
</title>
<meta http-equiv="Content-Type" content="text/html;charset=utf-8" />
  <meta name='ocr-system' content='tesseract 3.04.00' />
  <meta name='ocr-capabilities' content='ocr_page ocr_carea ocr_par ocr_line ocrx_word'/>
</head>
<body>
  <div class='ocr_page' id='page_1' title='image "./plotinioperaomn00chumgoog_0024.png"; bbox 0 0 5118 6613; ppageno 0'>
   <div class='ocr_carea' id='block_1_1' title="bbox 1051 590 3527 663">
    <p class='ocr_par' dir='ltr' id='par_1_1' title="bbox 1051 590 3527 663">
     <span class='ocr_line' id='line_1_1' title="bbox 1051 590 3527 663; baseline -0.002 0"><span class='ocrx_word' id='word_1_1' title='bbox 1051 600 1125 663; x_wconf 87' lang='lat'>18</span> <span class='ocrx_word' id='word_1_2' title='bbox 1997 590 2835 659; x_wconf 88' lang='lat' dir='ltr'>ANNOTATIONES</span> <span class='ocrx_word' id='word_1_3' title='bbox 2906 593 3014 658; x_wconf 91' lang='lat' dir='ltr'>IN</span> <span class='ocrx_word' id='word_1_4' title='bbox 3082 593 3527 660; x_wconf 88' lang='lat' dir='ltr'>PLOTINI</span> 
     </span>
    </p>
   </div>
   <div class='ocr_carea' id='block_1_2' title="bbox 1039 764 4492 960">
    <p class='ocr_par' dir='ltr' id='par_1_2' title="bbox 1039 764 4492 960">
     <span class='ocr_line' id='line_1_2' title="bbox 1040 764 4492 852; baseline -0 -16"><span class='ocrx_word' id='word_1_5' title='bbox 1040 771 1145 836; x_wconf 83' lang='grc' dir='ltr'>τὸν</span> <span class='ocrx_word' id='word_1_6' title='bbox 1199 774 1431 852; x_wconf 86' lang='grc' dir='ltr'>πρῶτον</span> <span class='ocrx_word' id='word_1_7' title='bbox 1487 768 1677 849; x_wconf 84' lang='grc' dir='ltr'>λόγον</span> <span class='ocrx_word' id='word_1_8' title='bbox 1732 766 2002 832; x_wconf 76' lang='grc' dir='ltr'>ἀνελθὸν</span> <span class='ocrx_word' id='word_1_9' title='bbox 2062 766 2155 830; x_wconf 87' lang='grc' dir='ltr'>καὶ</span> <span class='ocrx_word' id='word_1_10' title='bbox 2214 770 2335 833; x_wconf 88' lang='grc' dir='ltr'>τοῖς</span> <span class='ocrx_word' id='word_1_11' title='bbox 2390 766 2727 848; x_wconf 78' lang='grc' dir='ltr'>ἔμπροσθεν</span> <span class='ocrx_word' id='word_1_12' title='bbox 2808 788 3053 833; x_wconf 83' lang='lat' dir='ltr'>msscrr.</span> <span class='ocrx_word' id='word_1_13' title='bbox 3096 764 3208 832; x_wconf 89' lang='grc' dir='ltr'>Ἐν</span> <span class='ocrx_word' id='word_1_14' title='bbox 3236 768 3324 836; x_wconf 82' lang='grc' dir='ltr'>οῖς</span> <span class='ocrx_word' id='word_1_15' title='bbox 3354 766 3423 850; x_wconf 88' lang='grc'>(1.</span> <span class='ocrx_word' id='word_1_16' title='bbox 3446 790 3502 832; x_wconf 88' lang='grc'>0.</span> <span class='ocrx_word' id='word_1_17' title='bbox 3532 769 3600 831; x_wconf 77' lang='grc' dir='ltr'>ἐν</span> <span class='ocrx_word' id='word_1_18' title='bbox 3626 771 3748 835; x_wconf 88' lang='grc' dir='ltr'>τοῖς</span> <span class='ocrx_word' id='word_1_19' title='bbox 3787 768 3922 848; x_wconf 81' lang='grc' dir='ltr'>περὶ</span> <span class='ocrx_word' id='word_1_20' title='bbox 3964 767 4263 849; x_wconf 78' lang='grc' dir='ltr'>δυνάμεως</span> <span class='ocrx_word' id='word_1_21' title='bbox 4297 778 4492 851; x_wconf 67' lang='lat' dir='ltr'>(mov-</span> 
     </span>
     <span class='ocr_line' id='line_1_3' title="bbox 1039 866 4492 960; baseline 0 -22"><span class='ocrx_word' id='word_1_22' title='bbox 1039 876 1395 955; x_wconf 75' lang='grc' dir='ltr'>ὑπερμαχῶν</span> <span class='ocrx_word' id='word_1_23' title='bbox 1435 867 1472 951; x_wconf 77' lang='grc' dir='ltr'>ἢ</span> <span class='ocrx_word' id='word_1_24' title='bbox 1517 866 1965 948; x_wconf 74' lang='grc' dir='ltr'>ἀνθιστάμενος,</span> <span class='ocrx_word' id='word_1_25' title='bbox 2006 866 2117 931; x_wconf 88' lang='lat' dir='ltr'>ubi</span> <span class='ocrx_word' id='word_1_26' title='bbox 2160 866 2240 932; x_wconf 90' lang='lat' dir='ltr'>de</span> <span class='ocrx_word' id='word_1_27' title='bbox 2281 867 2399 932; x_wconf 85' lang='lat' dir='ltr'>hac</span> <span class='ocrx_word' id='word_1_28' title='bbox 2440 867 2728 933; x_wconf 82' lang='lat' dir='ltr'>vocabuli</span> <span class='ocrx_word' id='word_1_29' title='bbox 2808 867 3006 950; x_wconf 80' lang='grc' dir='ltr'>μένοις</span> <span class='ocrx_word' id='word_1_30' title='bbox 3047 871 3527 959; x_wconf 66' lang='lat' dir='ltr'>Krabingmw)</span> <span class='ocrx_word' id='word_1_31' title='bbox 3560 868 3627 934; x_wconf 82' lang='grc' dir='ltr'>τὸ</span> <span class='ocrx_word' id='word_1_32' title='bbox 3668 871 3940 952; x_wconf 89' lang='grc' dir='ltr'>δεύτερον</span> <span class='ocrx_word' id='word_1_33' title='bbox 3970 871 4317 954; x_wconf 78' lang='grc' dir='ltr'>κεφάλαιον,</span> <span class='ocrx_word' id='word_1_34' title='bbox 4351 876 4418 938; x_wconf 80' lang='grc' dir='ltr'>ἑν</span> <span class='ocrx_word' id='word_1_35' title='bbox 4445 872 4492 960; x_wconf 71' lang='grc' dir='ltr'><strong><em>ᾧ</em></strong></span> 
     </span>
    </p>
   </div>
   <div class='ocr_carea' id='block_1_3' title="bbox 1040 969 2733 5261">
    <p class='ocr_par' dir='ltr' id='par_1_3' title="bbox 1040 969 2729 1469">
     <span class='ocr_line' id='line_1_4' title="bbox 1040 969 2729 1060; baseline -0.002 -21"><span class='ocrx_word' id='word_1_36' title='bbox 1040 974 1103 1039; x_wconf 83' lang='lat' dir='ltr'>vi</span> <span class='ocrx_word' id='word_1_37' title='bbox 1130 996 1255 1039; x_wconf 89' lang='lat' dir='ltr'>non</span> <span class='ocrx_word' id='word_1_38' title='bbox 1286 971 1484 1060; x_wconf 88' lang='lat' dir='ltr'>magis</span> <span class='ocrx_word' id='word_1_39' title='bbox 1513 970 1668 1058; x_wconf 88' lang='lat' dir='ltr'>quid</span> <span class='ocrx_word' id='word_1_40' title='bbox 1697 983 2060 1036; x_wconf 88' lang='lat' dir='ltr'>annotatum</span> <span class='ocrx_word' id='word_1_41' title='bbox 2084 969 2353 1048; x_wconf 82' lang='lat' dir='ltr'>invenio,</span> <span class='ocrx_word' id='word_1_42' title='bbox 2375 992 2566 1057; x_wconf 90' lang='lat' dir='ltr'>quam</span> <span class='ocrx_word' id='word_1_43' title='bbox 2595 969 2729 1035; x_wconf 88' lang='lat' dir='ltr'>aliis</span> 
     </span>
     <span class='ocr_line' id='line_1_5' title="bbox 1040 1072 2726 1162; baseline -0.004 -21"><span class='ocrx_word' id='word_1_44' title='bbox 1040 1077 1104 1142; x_wconf 89' lang='lat' dir='ltr'>in</span> <span class='ocrx_word' id='word_1_45' title='bbox 1134 1075 1406 1153; x_wconf 83' lang='lat' dir='ltr'>Lexicis,</span> <span class='ocrx_word' id='word_1_46' title='bbox 1447 1098 1592 1161; x_wconf 80' lang='lat' dir='ltr'>quae</span> <span class='ocrx_word' id='word_1_47' title='bbox 1633 1072 1896 1162; x_wconf 84' lang='lat' dir='ltr'>proinde</span> <span class='ocrx_word' id='word_1_48' title='bbox 1936 1072 2081 1137; x_wconf 90' lang='lat' dir='ltr'>hinc</span> <span class='ocrx_word' id='word_1_49' title='bbox 2124 1072 2399 1162; x_wconf 90' lang='lat' dir='ltr'>suppleri</span> <span class='ocrx_word' id='word_1_50' title='bbox 2442 1088 2726 1161; x_wconf 78' lang='lat' dir='ltr'><strong>possunt.</strong></span> 
     </span>
     <span class='ocr_line' id='line_1_6' title="bbox 1043 1174 2723 1266; baseline -0.003 -22"><span class='ocrx_word' id='word_1_51' title='bbox 1043 1181 1331 1266; x_wconf 86' lang='lat' dir='ltr'>Usurpat</span> <span class='ocrx_word' id='word_1_52' title='bbox 1357 1198 1570 1242; x_wconf 82' lang='lat' dir='ltr'>vocem</span> <span class='ocrx_word' id='word_1_53' title='bbox 1601 1175 1786 1241; x_wconf 89' lang='lat' dir='ltr'>etiam</span> <span class='ocrx_word' id='word_1_54' title='bbox 1805 1174 2184 1241; x_wconf 87' lang='lat' dir='ltr'>Theodorus</span> <span class='ocrx_word' id='word_1_55' title='bbox 2214 1175 2564 1241; x_wconf 86' lang='lat' dir='ltr'>Metochita</span> <span class='ocrx_word' id='word_1_56' title='bbox 2591 1199 2723 1264; x_wconf 89' lang='lat' dir='ltr'>cap.</span> 
     </span>
     <span class='ocr_line' id='line_1_7' title="bbox 1045 1277 2728 1370; baseline -0.001 -24"><span class='ocrx_word' id='word_1_57' title='bbox 1045 1298 1148 1366; x_wconf 93' lang='lat'>70.</span> <span class='ocrx_word' id='word_1_58' title='bbox 1187 1305 1253 1370; x_wconf 90' lang='lat' dir='ltr'>p.</span> <span class='ocrx_word' id='word_1_59' title='bbox 1283 1296 1433 1366; x_wconf 86' lang='lat'>454.</span> <span class='ocrx_word' id='word_1_60' title='bbox 1466 1293 1529 1344; x_wconf 87' lang='lat' dir='ltr'>et</span> <span class='ocrx_word' id='word_1_61' title='bbox 1557 1301 1692 1366; x_wconf 86' lang='lat' dir='ltr'>cap.</span> <span class='ocrx_word' id='word_1_62' title='bbox 1731 1298 1866 1343; x_wconf 85' lang='lat'>110.</span> <span class='ocrx_word' id='word_1_63' title='bbox 1912 1298 1980 1366; x_wconf 88' lang='lat' dir='ltr'>p.</span> <span class='ocrx_word' id='word_1_64' title='bbox 2015 1293 2160 1365; x_wconf 82' lang='lat'>729.</span> <span class='ocrx_word' id='word_1_65' title='bbox 2191 1277 2582 1343; x_wconf 87' lang='lat' dir='ltr'>Miscellann.</span> <span class='ocrx_word' id='word_1_66' title='bbox 2627 1279 2728 1344; x_wconf 90' lang='lat' dir='ltr'>ed.</span> 
     </span>
     <span class='ocr_line' id='line_1_8' title="bbox 1045 1381 1764 1469; baseline -0.007 -19"><span class='ocrx_word' id='word_1_67' title='bbox 1045 1384 1306 1450; x_wconf 80' lang='lat' dir='ltr'>Miiller.</span> <span class='ocrx_word' id='word_1_68' title='bbox 1336 1399 1399 1449; x_wconf 89' lang='lat' dir='ltr'>et</span> <span class='ocrx_word' id='word_1_69' title='bbox 1430 1381 1764 1469; x_wconf 88' lang='lat' dir='ltr'>Kiessling.</span> 
     </span>
    </p>

    <p class='ocr_par' dir='ltr' id='par_1_4' title="bbox 1040 1483 2733 5060">
     <span class='ocr_line' id='line_1_9' title="bbox 1113 1483 2728 1576; baseline -0.003 -24"><span class='ocrx_word' id='word_1_70' title='bbox 1113 1502 1295 1576; x_wconf 81' lang='lat' dir='ltr'>p.45,</span> <span class='ocrx_word' id='word_1_71' title='bbox 1316 1507 1377 1571; x_wconf 91' lang='lat'>9.</span> <span class='ocrx_word' id='word_1_72' title='bbox 1411 1489 1494 1552; x_wconf 75' lang='grc' dir='ltr'>εἷς</span> <span class='ocrx_word' id='word_1_73' title='bbox 1520 1488 1735 1569; x_wconf 81' lang='grc' dir='ltr'>χρῆσιν</span> <span class='ocrx_word' id='word_1_74' title='bbox 1755 1487 2085 1567; x_wconf 88' lang='grc' dir='ltr'>προσφέρει</span> <span class='ocrx_word' id='word_1_75' title='bbox 2113 1487 2182 1565; x_wconf 78' lang='grc' dir='ltr'>τῇ</span> <span class='ocrx_word' id='word_1_76' title='bbox 2213 1483 2525 1569; x_wconf 83' lang='grc' dir='ltr'>φρονήσει]</span> <span class='ocrx_word' id='word_1_77' title='bbox 2551 1484 2728 1548; x_wconf 87' lang='lat' dir='ltr'>Mar-</span> 
     </span>
     <span class='ocr_line' id='line_1_10' title="bbox 1043 1584 2730 1674; baseline -0.004 -19"><span class='ocrx_word' id='word_1_78' title='bbox 1043 1589 1214 1655; x_wconf 91' lang='lat' dir='ltr'>silius</span> <span class='ocrx_word' id='word_1_79' title='bbox 1240 1612 1385 1655; x_wconf 90' lang='lat' dir='ltr'>cum</span> <span class='ocrx_word' id='word_1_80' title='bbox 1413 1588 1578 1653; x_wconf 88' lang='lat' dir='ltr'>binis</span> <span class='ocrx_word' id='word_1_81' title='bbox 1606 1587 1733 1652; x_wconf 88' lang='lat' dir='ltr'>suis</span> <span class='ocrx_word' id='word_1_82' title='bbox 1757 1585 2063 1651; x_wconf 74' lang='lat' dir='ltr'><strong>Mediceis</strong></span> <span class='ocrx_word' id='word_1_83' title='bbox 2089 1584 2241 1674; x_wconf 84' lang='lat' dir='ltr'>legit</span> <span class='ocrx_word' id='word_1_84' title='bbox 2267 1585 2577 1669; x_wconf 78' lang='grc' dir='ltr'>προφέρει.</span> <span class='ocrx_word' id='word_1_85' title='bbox 2606 1587 2730 1650; x_wconf 86' lang='lat' dir='ltr'>Fa-</span> 
     </span>
     <span class='ocr_line' id='line_1_11' title="bbox 1042 1686 2731 1777; baseline -0.004 -19"><span class='ocrx_word' id='word_1_86' title='bbox 1042 1692 1216 1758; x_wconf 88' lang='lat' dir='ltr'>ciunt</span> <span class='ocrx_word' id='word_1_87' title='bbox 1243 1707 1452 1758; x_wconf 88' lang='lat' dir='ltr'>autem</span> <span class='ocrx_word' id='word_1_88' title='bbox 1484 1691 1564 1756; x_wconf 87' lang='lat' dir='ltr'>ad</span> <span class='ocrx_word' id='word_1_89' title='bbox 1586 1689 1722 1755; x_wconf 85' lang='lat' dir='ltr'>boec</span> <span class='ocrx_word' id='word_1_90' title='bbox 1742 1705 1805 1755; x_wconf 94' lang='lat' dir='ltr'>et</span> <span class='ocrx_word' id='word_1_91' title='bbox 1834 1688 2154 1777; x_wconf 88' lang='lat' dir='ltr'>sequentia</span> <span class='ocrx_word' id='word_1_92' title='bbox 2172 1686 2511 1776; x_wconf 86' lang='lat' dir='ltr'>Porphyrii</span> <span class='ocrx_word' id='word_1_93' title='bbox 2537 1702 2731 1775; x_wconf 90' lang='lat' dir='ltr'>atque</span> 
     </span>
     <span class='ocr_line' id='line_1_12' title="bbox 1041 1790 2729 1878; baseline -0.003 -18"><span class='ocrx_word' id='word_1_94' title='bbox 1041 1794 1293 1860; x_wconf 86' lang='lat' dir='ltr'>Alcinoi</span> <span class='ocrx_word' id='word_1_95' title='bbox 1321 1794 1476 1860; x_wconf 89' lang='lat' dir='ltr'>loca.</span> <span class='ocrx_word' id='word_1_96' title='bbox 1551 1792 1670 1858; x_wconf 91' lang='lat' dir='ltr'>Ille</span> <span class='ocrx_word' id='word_1_97' title='bbox 1699 1791 1860 1857; x_wconf 90' lang='lat' dir='ltr'>enim</span> <span class='ocrx_word' id='word_1_98' title='bbox 1891 1791 1956 1856; x_wconf 89' lang='grc'>111</span> <span class='ocrx_word' id='word_1_99' title='bbox 1990 1790 2320 1857; x_wconf 84' lang='lat' dir='ltr'>Sententiis</span> <span class='ocrx_word' id='word_1_100' title='bbox 2346 1814 2415 1878; x_wconf 89' lang='lat' dir='ltr'>p.</span> <span class='ocrx_word' id='word_1_101' title='bbox 2441 1809 2588 1877; x_wconf 85' lang='lat'>237.</span> <span class='ocrx_word' id='word_1_102' title='bbox 2618 1790 2729 1855; x_wconf 90' lang='lat' dir='ltr'>ubi</span> 
     </span>
     <span class='ocr_line' id='line_1_13' title="bbox 1042 1892 2730 1985; baseline -0.003 -23"><span class='ocrx_word' id='word_1_103' title='bbox 1042 1897 1123 1962; x_wconf 91' lang='lat' dir='ltr'>de</span> <span class='ocrx_word' id='word_1_104' title='bbox 1145 1912 1417 1985; x_wconf 90' lang='lat' dir='ltr'>quatuor</span> <span class='ocrx_word' id='word_1_105' title='bbox 1439 1897 1742 1962; x_wconf 86' lang='lat' dir='ltr'>virtutum</span> <span class='ocrx_word' id='word_1_106' title='bbox 1766 1893 2120 1982; x_wconf 89' lang='lat' dir='ltr'>generibus,</span> <span class='ocrx_word' id='word_1_107' title='bbox 2144 1892 2556 1982; x_wconf 86' lang='lat' dir='ltr'>politicarum,</span> <span class='ocrx_word' id='word_1_108' title='bbox 2581 1915 2730 1981; x_wconf 87' lang='lat' dir='ltr'>pur-</span> 
     </span>
     <span class='ocr_line' id='line_1_14' title="bbox 1040 1995 2726 2088; baseline -0.004 -22"><span class='ocrx_word' id='word_1_109' title='bbox 1040 1999 1414 2088; x_wconf 87' lang='lat' dir='ltr'>gativarum,</span> <span class='ocrx_word' id='word_1_110' title='bbox 1444 1997 1952 2064; x_wconf 79' lang='lat' dir='ltr'>intellectualium</span> <span class='ocrx_word' id='word_1_111' title='bbox 1980 2011 2044 2063; x_wconf 91' lang='lat' dir='ltr'>et</span> <span class='ocrx_word' id='word_1_112' title='bbox 2086 1995 2532 2084; x_wconf 79' lang='lat' dir='ltr'>exemplarium</span> <span class='ocrx_word' id='word_1_113' title='bbox 2576 1995 2726 2083; x_wconf 86' lang='lat' dir='ltr'>agit,</span> 
     </span>
     <span class='ocr_line' id='line_1_15' title="bbox 1042 2101 2731 2185; baseline -0.003 -18"><span class='ocrx_word' id='word_1_114' title='bbox 1042 2103 1166 2167; x_wconf 89' lang='lat' dir='ltr'>ita:</span> <span class='ocrx_word' id='word_1_115' title='bbox 1205 2101 1406 2167; x_wconf 73' lang='grc' dir='ltr'>Ἀλλο</span> <span class='ocrx_word' id='word_1_116' title='bbox 1445 2103 1552 2167; x_wconf 73' lang='grc' dir='ltr'>οὖν</span> <span class='ocrx_word' id='word_1_117' title='bbox 1581 2102 1756 2185; x_wconf 89' lang='grc' dir='ltr'>γένος</span> <span class='ocrx_word' id='word_1_118' title='bbox 1796 2104 1993 2182; x_wconf 88' lang='grc' dir='ltr'>τρίτον</span> <span class='ocrx_word' id='word_1_119' title='bbox 2031 2102 2254 2182; x_wconf 88' lang='grc' dir='ltr'>ἀρετῶν</span> <span class='ocrx_word' id='word_1_120' title='bbox 2291 2103 2441 2180; x_wconf 70' lang='grc' dir='ltr'>μετὰ</span> <span class='ocrx_word' id='word_1_121' title='bbox 2483 2102 2591 2167; x_wconf 71' lang='grc' dir='ltr'>τὰς</span> <span class='ocrx_word' id='word_1_122' title='bbox 2632 2124 2731 2163; x_wconf 91' lang='grc' dir='ltr'>κα-</span> 
     </span>
     <span class='ocr_line' id='line_1_16' title="bbox 1043 2203 2730 2287; baseline -0.003 -17"><span class='ocrx_word' id='word_1_123' title='bbox 1043 2208 1316 2287; x_wconf 78' lang='grc' dir='ltr'>θαρτικάς</span> <span class='ocrx_word' id='word_1_124' title='bbox 1345 2206 1439 2270; x_wconf 84' lang='grc' dir='ltr'>καὶ</span> <span class='ocrx_word' id='word_1_125' title='bbox 1465 2207 1790 2279; x_wconf 72' lang='grc' dir='ltr'>πολιτικὰς,</span> <span class='ocrx_word' id='word_1_126' title='bbox 1822 2209 2036 2286; x_wconf 83' lang='grc' dir='ltr'>νοερῶς</span> <span class='ocrx_word' id='word_1_127' title='bbox 2082 2207 2183 2282; x_wconf 81' lang='grc' dir='ltr'>τῆς</span> <span class='ocrx_word' id='word_1_128' title='bbox 2219 2206 2418 2286; x_wconf 76' lang='grc' dir='ltr'>ψυχῆς</span> <span class='ocrx_word' id='word_1_129' title='bbox 2458 2203 2730 2285; x_wconf 73' lang='grc' dir='ltr'>ἕνεργού·</span> 
     </span>
     <span class='ocr_line' id='line_1_17' title="bbox 1043 2306 2729 2391; baseline -0.002 -15"><span class='ocrx_word' id='word_1_130' title='bbox 1043 2333 1173 2389; x_wconf 81' lang='grc' dir='ltr'>σης.</span> <span class='ocrx_word' id='word_1_131' title='bbox 1221 2309 1412 2390; x_wconf 81' lang='grc' dir='ltr'>σοφία</span> <span class='ocrx_word' id='word_1_132' title='bbox 1454 2308 1566 2387; x_wconf 74' lang='grc' dir='ltr'>μὲν</span> <span class='ocrx_word' id='word_1_133' title='bbox 1615 2308 1711 2372; x_wconf 82' lang='grc' dir='ltr'>καὶ</span> <span class='ocrx_word' id='word_1_134' title='bbox 1756 2308 2043 2389; x_wconf 86' lang='grc' dir='ltr'>φρόνησις</span> <span class='ocrx_word' id='word_1_135' title='bbox 2089 2308 2156 2370; x_wconf 78' lang='grc' dir='ltr'>ἑν</span> <span class='ocrx_word' id='word_1_136' title='bbox 2205 2306 2417 2391; x_wconf 75' lang='grc' dir='ltr'>θεωρία</span> <span class='ocrx_word' id='word_1_137' title='bbox 2465 2307 2548 2369; x_wconf 76' lang='grc' dir='ltr'>ὧν</span> <span class='ocrx_word' id='word_1_138' title='bbox 2595 2310 2729 2373; x_wconf 75' lang='grc' dir='ltr'>νοῦς</span> 
     </span>
     <span class='ocr_line' id='line_1_18' title="bbox 1043 2407 2728 2496; baseline -0.002 -20"><span class='ocrx_word' id='word_1_139' title='bbox 1043 2412 1193 2496; x_wconf 74' lang='grc' dir='ltr'>ἔχει.</span> <span class='ocrx_word' id='word_1_140' title='bbox 1239 2412 1574 2491; x_wconf 82' lang='grc' dir='ltr'>δικαιοσύνη</span> <span class='ocrx_word' id='word_1_141' title='bbox 1607 2412 1672 2474; x_wconf 81' lang='grc' dir='ltr'>δὲ</span> <span class='ocrx_word' id='word_1_142' title='bbox 1702 2410 1795 2474; x_wconf 87' lang='grc' dir='ltr'>καὶ</span> <span class='ocrx_word' id='word_1_143' title='bbox 1825 2409 2229 2492; x_wconf 74' lang='grc' dir='ltr'>οἰκειοπραγία</span> <span class='ocrx_word' id='word_1_144' title='bbox 2258 2411 2325 2473; x_wconf 76' lang='grc' dir='ltr'>έν</span> <span class='ocrx_word' id='word_1_145' title='bbox 2352 2410 2423 2488; x_wconf 78' lang='grc' dir='ltr'>τῇ</span> <span class='ocrx_word' id='word_1_146' title='bbox 2451 2407 2596 2490; x_wconf 83' lang='grc' dir='ltr'>πρὸς</span> <span class='ocrx_word' id='word_1_147' title='bbox 2622 2407 2728 2472; x_wconf 86' lang='grc' dir='ltr'>τὸν</span> 
     </span>
     <span class='ocr_line' id='line_1_19' title="bbox 1044 2512 2722 2597; baseline -0.004 -18"><span class='ocrx_word' id='word_1_148' title='bbox 1044 2518 1185 2579; x_wconf 79' lang='grc' dir='ltr'>νοῦν</span> <span class='ocrx_word' id='word_1_149' title='bbox 1216 2514 1554 2597; x_wconf 73' lang='grc' dir='ltr'>ἀκολουθία,</span> <span class='ocrx_word' id='word_1_150' title='bbox 1587 2513 1681 2577; x_wconf 86' lang='grc' dir='ltr'>καὶ</span> <span class='ocrx_word' id='word_1_151' title='bbox 1710 2513 1777 2576; x_wconf 81' lang='grc' dir='ltr'>τὸ</span> <span class='ocrx_word' id='word_1_152' title='bbox 1807 2512 1953 2594; x_wconf 80' lang='grc' dir='ltr'>πρὸς</span> <span class='ocrx_word' id='word_1_153' title='bbox 1984 2515 2125 2576; x_wconf 79' lang='grc' dir='ltr'>νοῦν</span> <span class='ocrx_word' id='word_1_154' title='bbox 2155 2513 2440 2594; x_wconf 75' lang='grc' dir='ltr'>ἐνεργεῖν.</span> <span class='ocrx_word' id='word_1_155' title='bbox 2486 2518 2722 2593; x_wconf 82' lang='grc' dir='ltr'>σωφρο-</span> 
     </span>
     <span class='ocr_line' id='line_1_20' title="bbox 1042 2612 2729 2697; baseline -0.004 -15"><span class='ocrx_word' id='word_1_156' title='bbox 1042 2618 1192 2697; x_wconf 88' lang='grc' dir='ltr'>σύνη</span> <span class='ocrx_word' id='word_1_157' title='bbox 1221 2617 1286 2680; x_wconf 79' lang='grc' dir='ltr'>δὲ</span> <span class='ocrx_word' id='word_1_158' title='bbox 1317 2618 1458 2681; x_wconf 78' lang='grc' dir='ltr'>εἵσω</span> <span class='ocrx_word' id='word_1_159' title='bbox 1499 2615 1645 2697; x_wconf 83' lang='grc' dir='ltr'>πρὸς</span> <span class='ocrx_word' id='word_1_160' title='bbox 1683 2618 1824 2680; x_wconf 77' lang='grc' dir='ltr'>νοῦν</span> <span class='ocrx_word' id='word_1_161' title='bbox 1854 2612 2105 2697; x_wconf 85' lang='grc' dir='ltr'>στροφή.</span> <span class='ocrx_word' id='word_1_162' title='bbox 2152 2614 2190 2692; x_wconf 82' lang='grc' dir='ltr'>ἦ</span> <span class='ocrx_word' id='word_1_163' title='bbox 2219 2614 2284 2677; x_wconf 70' lang='grc' dir='ltr'>δὲ</span> <span class='ocrx_word' id='word_1_164' title='bbox 2313 2613 2552 2694; x_wconf 86' lang='grc' dir='ltr'>ἀνδρεία</span> <span class='ocrx_word' id='word_1_165' title='bbox 2582 2612 2729 2676; x_wconf 80' lang='grc' dir='ltr'>ἀπά-</span> 
     </span>
     <span class='ocr_line' id='line_1_21' title="bbox 1045 2712 2729 2797; baseline -0.003 -15"><span class='ocrx_word' id='word_1_166' title='bbox 1045 2723 1193 2782; x_wconf 92' lang='grc' dir='ltr'>θεια·</span> <span class='ocrx_word' id='word_1_167' title='bbox 1240 2716 1363 2782; x_wconf 86' lang='grc' dir='ltr'>καθ’</span> <span class='ocrx_word' id='word_1_168' title='bbox 1397 2718 1679 2797; x_wconf 77' lang='grc' dir='ltr'>ὁμοίωσιν</span> <span class='ocrx_word' id='word_1_169' title='bbox 1711 2720 1816 2780; x_wconf 81' lang='grc' dir='ltr'>τοῦ</span> <span class='ocrx_word' id='word_1_170' title='bbox 1853 2716 1999 2796; x_wconf 85' lang='grc' dir='ltr'>πρὸς</span> <span class='ocrx_word' id='word_1_171' title='bbox 2044 2714 2077 2778; x_wconf 79' lang='grc' dir='ltr'>δ</span> <span class='ocrx_word' id='word_1_172' title='bbox 2124 2712 2362 2794; x_wconf 81' lang='grc' dir='ltr'>βλέπει,</span> <span class='ocrx_word' id='word_1_173' title='bbox 2395 2715 2616 2781; x_wconf 77' lang='grc' dir='ltr'>ἀπαθὲς</span> <span class='ocrx_word' id='word_1_174' title='bbox 2658 2712 2729 2778; x_wconf 81' lang='grc' dir='ltr'>ὃν</span> 
     </span>
     <span class='ocr_line' id='line_1_22' title="bbox 1043 2815 2732 2902; baseline 0 -18"><span class='ocrx_word' id='word_1_175' title='bbox 1043 2820 1151 2898; x_wconf 81' lang='grc' dir='ltr'>τὴν</span> <span class='ocrx_word' id='word_1_176' title='bbox 1177 2821 1381 2902; x_wconf 89' lang='grc' dir='ltr'>φύσιν·</span> <span class='ocrx_word' id='word_1_177' title='bbox 1432 2818 1527 2882; x_wconf 82' lang='grc' dir='ltr'>καὶ</span> <span class='ocrx_word' id='word_1_178' title='bbox 1567 2818 2074 2882; x_wconf 79' lang='grc' dir='ltr'>ἀντακολουθοΰσί</span> <span class='ocrx_word' id='word_1_179' title='bbox 2111 2841 2182 2898; x_wconf 89' lang='grc' dir='ltr'>γε</span> <span class='ocrx_word' id='word_1_180' title='bbox 2227 2816 2396 2880; x_wconf 79' lang='grc' dir='ltr'>αὗται</span> <span class='ocrx_word' id='word_1_181' title='bbox 2439 2815 2732 2895; x_wconf 78' lang='grc' dir='ltr'>ἀλλήλαις</span> 
     </span>
     <span class='ocr_line' id='line_1_23' title="bbox 1045 2915 2729 3003; baseline -0.003 -18"><span class='ocrx_word' id='word_1_182' title='bbox 1045 2923 1245 3003; x_wconf 83' lang='grc' dir='ltr'>ὥσπερ</span> <span class='ocrx_word' id='word_1_183' title='bbox 1277 2921 1369 2985; x_wconf 87' lang='grc' dir='ltr'>καὶ</span> <span class='ocrx_word' id='word_1_184' title='bbox 1401 2922 1604 2985; x_wconf 78' lang='grc' dir='ltr'>ἄλλαι.</span> <span class='ocrx_word' id='word_1_185' title='bbox 1679 2918 1984 2983; x_wconf 82' lang='lat' dir='ltr'>Alcinous</span> <span class='ocrx_word' id='word_1_186' title='bbox 2010 2917 2090 2982; x_wconf 87' lang='lat' dir='ltr'>de</span> <span class='ocrx_word' id='word_1_187' title='bbox 2120 2918 2422 2982; x_wconf 82' lang='lat' dir='ltr'>Doctrina</span> <span class='ocrx_word' id='word_1_188' title='bbox 2451 2915 2729 2982; x_wconf 82' lang='lat' dir='ltr'>Platonis</span> 
     </span>
     <span class='ocr_line' id='line_1_24' title="bbox 1044 3021 2729 3110; baseline -0.003 -22"><span class='ocrx_word' id='word_1_189' title='bbox 1044 3045 1179 3110; x_wconf 88' lang='lat' dir='ltr'>cap.</span> <span class='ocrx_word' id='word_1_190' title='bbox 1215 3023 1318 3088; x_wconf 87' lang='lat'>28.</span> <span class='ocrx_word' id='word_1_191' title='bbox 1366 3046 1432 3110; x_wconf 92' lang='lat' dir='ltr'>p.</span> <span class='ocrx_word' id='word_1_192' title='bbox 1461 3021 1615 3107; x_wconf 88' lang='lat'><strong>518.</strong></span> <span class='ocrx_word' id='word_1_193' title='bbox 1659 3044 1793 3108; x_wconf 87' lang='lat' dir='ltr'>cap.</span> <span class='ocrx_word' id='word_1_194' title='bbox 1827 3039 1929 3107; x_wconf 85' lang='lat'>29.</span> <span class='ocrx_word' id='word_1_195' title='bbox 1976 3043 2038 3109; x_wconf 89' lang='lat' dir='ltr'>p.</span> <span class='ocrx_word' id='word_1_196' title='bbox 2067 3036 2258 3105; x_wconf 85' lang='lat'>521.:</span> <span class='ocrx_word' id='word_1_197' title='bbox 2307 3026 2422 3084; x_wconf 79' lang='grc' dir='ltr'>τῶν</span> <span class='ocrx_word' id='word_1_198' title='bbox 2450 3023 2515 3084; x_wconf 75' lang='grc' dir='ltr'>δὲ</span> <span class='ocrx_word' id='word_1_199' title='bbox 2561 3022 2729 3084; x_wconf 78' lang='grc' dir='ltr'>εἰδῶν</span> 
     </span>
     <span class='ocr_line' id='line_1_25' title="bbox 1047 3124 2731 3208; baseline -0.004 -17"><span class='ocrx_word' id='word_1_200' title='bbox 1047 3127 1220 3206; x_wconf 78' lang='grc' dir='ltr'>αὗτῆς</span> <span class='ocrx_word' id='word_1_201' title='bbox 1250 3125 1380 3208; x_wconf 81' lang='grc' dir='ltr'>(τῆς</span> <span class='ocrx_word' id='word_1_202' title='bbox 1409 3127 1642 3207; x_wconf 78' lang='grc' dir='ltr'>ἀρετῆς)</span> <span class='ocrx_word' id='word_1_203' title='bbox 1676 3126 1738 3188; x_wconf 73' lang='grc' dir='ltr'>αἱ</span> <span class='ocrx_word' id='word_1_204' title='bbox 1773 3126 1884 3204; x_wconf 74' lang='grc' dir='ltr'>μὲν</span> <span class='ocrx_word' id='word_1_205' title='bbox 1911 3124 2167 3206; x_wconf 82' lang='grc' dir='ltr'>λογικαὶ,</span> <span class='ocrx_word' id='word_1_206' title='bbox 2201 3125 2262 3187; x_wconf 74' lang='grc' dir='ltr'>αἱ</span> <span class='ocrx_word' id='word_1_207' title='bbox 2307 3124 2373 3187; x_wconf 77' lang='grc' dir='ltr'>δὲ</span> <span class='ocrx_word' id='word_1_208' title='bbox 2411 3124 2731 3205; x_wconf 75' lang='grc' dir='ltr'>ἄλογοι.-</span> 
     </span>
     <span class='ocr_line' id='line_1_26' title="bbox 1046 3223 2730 3310; baseline -0.004 -17"><span class='ocrx_word' id='word_1_209' title='bbox 1046 3231 1187 3293; x_wconf 85' lang='grc' dir='ltr'>ὅθεν</span> <span class='ocrx_word' id='word_1_210' title='bbox 1229 3229 1324 3292; x_wconf 82' lang='grc' dir='ltr'>καὶ</span> <span class='ocrx_word' id='word_1_211' title='bbox 1367 3230 1824 3292; x_wconf 79' lang='grc' dir='ltr'>ἀντακολουθεῖν</span> <span class='ocrx_word' id='word_1_212' title='bbox 1851 3225 2102 3310; x_wconf 81' lang='grc' dir='ltr'>ἡγητέον</span> <span class='ocrx_word' id='word_1_213' title='bbox 2138 3228 2242 3293; x_wconf 76' lang='grc' dir='ltr'>τὸς</span> <span class='ocrx_word' id='word_1_214' title='bbox 2282 3223 2504 3308; x_wconf 80' lang='grc' dir='ltr'>ἀρετάς.</span> <span class='ocrx_word' id='word_1_215' title='bbox 2548 3226 2587 3306; x_wconf 85' lang='grc' dir='ltr'><em>ἡ</em></span> <span class='ocrx_word' id='word_1_216' title='bbox 2616 3229 2730 3309; x_wconf 74' lang='grc' dir='ltr'>γὰρ</span> 
     </span>
     <span class='ocr_line' id='line_1_27' title="bbox 1048 3328 2726 3415; baseline -0.004 -18"><span class='ocrx_word' id='word_1_217' title='bbox 1048 3333 1288 3415; x_wconf 90' lang='grc' dir='ltr'>ἀνδρεία</span> <span class='ocrx_word' id='word_1_218' title='bbox 1329 3333 1618 3413; x_wconf 88' lang='grc' dir='ltr'>δόγματος</span> <span class='ocrx_word' id='word_1_219' title='bbox 1667 3333 1918 3411; x_wconf 84' lang='grc' dir='ltr'>ε’ννόμου</span> <span class='ocrx_word' id='word_1_220' title='bbox 1961 3329 2313 3408; x_wconf 79' lang='grc' dir='ltr'>διασωστικῆ</span> <span class='ocrx_word' id='word_1_221' title='bbox 2357 3328 2726 3412; x_wconf 80' lang='grc' dir='ltr'>ὑπάρχουσα,</span> 
     </span>
     <span class='ocr_line' id='line_1_28' title="bbox 1045 3431 2732 3517; baseline -0.002 -19"><span class='ocrx_word' id='word_1_222' title='bbox 1045 3437 1232 3517; x_wconf 83' lang='grc' dir='ltr'>λόγου</span> <span class='ocrx_word' id='word_1_223' title='bbox 1262 3436 1439 3516; x_wconf 84' lang='grc' dir='ltr'>ὀρθοῦ</span> <span class='ocrx_word' id='word_1_224' title='bbox 1467 3432 1821 3514; x_wconf 85' lang='grc' dir='ltr'>διασωστική</span> <span class='ocrx_word' id='word_1_225' title='bbox 1852 3435 1996 3497; x_wconf 75' lang='grc' dir='ltr'>ἔστι·</span> <span class='ocrx_word' id='word_1_226' title='bbox 2028 3431 2095 3495; x_wconf 85' lang='grc' dir='ltr'>τὸ</span> <span class='ocrx_word' id='word_1_227' title='bbox 2124 3434 2239 3513; x_wconf 72' lang='grc' dir='ltr'>γὰρ</span> <span class='ocrx_word' id='word_1_228' title='bbox 2271 3431 2521 3511; x_wconf 80' lang='grc' dir='ltr'>ἔννομον</span> <span class='ocrx_word' id='word_1_229' title='bbox 2542 3433 2732 3514; x_wconf 83' lang='grc' dir='ltr'>δόγμα</span> 
     </span>
     <span class='ocr_line' id='line_1_29' title="bbox 1047 3533 2728 3619; baseline -0.004 -17"><span class='ocrx_word' id='word_1_230' title='bbox 1047 3539 1219 3619; x_wconf 84' lang='grc' dir='ltr'>ὀρθός</span> <span class='ocrx_word' id='word_1_231' title='bbox 1247 3562 1332 3603; x_wconf 88' lang='grc' dir='ltr'>τις</span> <span class='ocrx_word' id='word_1_232' title='bbox 1360 3537 1490 3600; x_wconf 77' lang='grc' dir='ltr'>ἐστὶ</span> <span class='ocrx_word' id='word_1_233' title='bbox 1516 3538 1719 3618; x_wconf 83' lang='grc' dir='ltr'>λόγος,</span> <span class='ocrx_word' id='word_1_234' title='bbox 1751 3538 1784 3599; x_wconf 85' lang='grc' dir='ltr'>ὁ</span> <span class='ocrx_word' id='word_1_235' title='bbox 1814 3538 1878 3600; x_wconf 74' lang='grc' dir='ltr'>δὲ</span> <span class='ocrx_word' id='word_1_236' title='bbox 1908 3534 2081 3615; x_wconf 82' lang='grc' dir='ltr'>ὀρθὸς</span> <span class='ocrx_word' id='word_1_237' title='bbox 2122 3536 2304 3616; x_wconf 83' lang='grc' dir='ltr'>λόγος</span> <span class='ocrx_word' id='word_1_238' title='bbox 2347 3533 2462 3597; x_wconf 85' lang='grc' dir='ltr'>ἀπὸ</span> <span class='ocrx_word' id='word_1_239' title='bbox 2507 3533 2728 3616; x_wconf 75' lang='grc' dir='ltr'>φρονή·</span> 
     </span>
     <span class='ocr_line' id='line_1_30' title="bbox 1046 3637 2732 3724; baseline -0.002 -21"><span class='ocrx_word' id='word_1_240' title='bbox 1046 3666 1199 3708; x_wconf 89' lang='grc' dir='ltr'>σεως</span> <span class='ocrx_word' id='word_1_241' title='bbox 1224 3641 1471 3724; x_wconf 89' lang='grc' dir='ltr'>γίνεται.</span> <span class='ocrx_word' id='word_1_242' title='bbox 1521 3639 1615 3703; x_wconf 84' lang='grc' dir='ltr'>καὶ</span> <span class='ocrx_word' id='word_1_243' title='bbox 1642 3638 1759 3720; x_wconf 79' lang='grc' dir='ltr'>μὴν</span> <span class='ocrx_word' id='word_1_244' title='bbox 1788 3638 1883 3703; x_wconf 84' lang='grc' dir='ltr'>καὶ</span> <span class='ocrx_word' id='word_1_245' title='bbox 1910 3638 1948 3718; x_wconf 84' lang='grc' dir='ltr'><strong><em>ἦ</em></strong></span> <span class='ocrx_word' id='word_1_246' title='bbox 1976 3639 2263 3719; x_wconf 84' lang='grc' dir='ltr'>φρόνησις</span> <span class='ocrx_word' id='word_1_247' title='bbox 2287 3638 2437 3716; x_wconf 75' lang='grc' dir='ltr'>μετὰ</span> <span class='ocrx_word' id='word_1_248' title='bbox 2464 3637 2732 3718; x_wconf 78' lang='grc' dir='ltr'>ἀνδρείας</span> 
     </span>
     <span class='ocr_line' id='line_1_31' title="bbox 1044 3739 2729 3825; baseline -0.001 -19"><span class='ocrx_word' id='word_1_249' title='bbox 1044 3744 1386 3825; x_wconf 79' lang='grc' dir='ltr'>ὑφίσταται.</span> <span class='ocrx_word' id='word_1_250' title='bbox 1432 3741 1718 3823; x_wconf 73' lang='grc' dir='ltr'>ἐπιστήμη</span> <span class='ocrx_word' id='word_1_251' title='bbox 1746 3741 1860 3824; x_wconf 81' lang='grc' dir='ltr'>γάρ</span> <span class='ocrx_word' id='word_1_252' title='bbox 1891 3743 2057 3804; x_wconf 77' lang='grc' dir='ltr'>ἐστιν</span> <span class='ocrx_word' id='word_1_253' title='bbox 2085 3741 2342 3823; x_wconf 88' lang='grc' dir='ltr'>ἀγαθῶν.</span> <span class='ocrx_word' id='word_1_254' title='bbox 2388 3739 2577 3806; x_wconf 82' lang='grc' dir='ltr'>οὗδεῖς</span> <span class='ocrx_word' id='word_1_255' title='bbox 2616 3742 2729 3821; x_wconf 74' lang='grc' dir='ltr'>γὰρ</span> 
     </span>
     <span class='ocr_line' id='line_1_32' title="bbox 1048 3842 2732 3928; baseline -0.003 -19"><span class='ocrx_word' id='word_1_256' title='bbox 1048 3847 1288 3910; x_wconf 87' lang='grc' dir='ltr'>δύναται</span> <span class='ocrx_word' id='word_1_257' title='bbox 1315 3846 1383 3909; x_wconf 87' lang='grc' dir='ltr'>τὸ</span> <span class='ocrx_word' id='word_1_258' title='bbox 1413 3845 1639 3927; x_wconf 85' lang='grc' dir='ltr'>ἀγαθὸν</span> <span class='ocrx_word' id='word_1_259' title='bbox 1668 3846 1814 3928; x_wconf 75' lang='grc' dir='ltr'>ὁρᾷν</span> <span class='ocrx_word' id='word_1_260' title='bbox 1841 3843 1954 3908; x_wconf 84' lang='grc' dir='ltr'>ὑπὸ</span> <span class='ocrx_word' id='word_1_261' title='bbox 1988 3843 2211 3910; x_wconf 90' lang='grc' dir='ltr'>δειλίας</span> <span class='ocrx_word' id='word_1_262' title='bbox 2239 3842 2732 3921; x_wconf 75' lang='grc' dir='ltr'>ἐπισκοτούμενον</span> 
     </span>
     <span class='ocr_line' id='line_1_33' title="bbox 1049 3942 2733 4030; baseline -0.002 -19"><span class='ocrx_word' id='word_1_263' title='bbox 1049 3949 1146 4010; x_wconf 81' lang='grc' dir='ltr'>καὶ</span> <span class='ocrx_word' id='word_1_264' title='bbox 1182 3953 1299 4011; x_wconf 88' lang='grc' dir='ltr'>τῶν</span> <span class='ocrx_word' id='word_1_265' title='bbox 1327 3948 1921 4011; x_wconf 83' lang='grc' dir='ltr'>συνακολουθούντων</span> <span class='ocrx_word' id='word_1_266' title='bbox 1957 3948 2026 4026; x_wconf 78' lang='grc' dir='ltr'>τῇ</span> <span class='ocrx_word' id='word_1_267' title='bbox 2072 3946 2263 4030; x_wconf 75' lang='grc' dir='ltr'>δειλίᾳ</span> <span class='ocrx_word' id='word_1_268' title='bbox 2303 3949 2528 4009; x_wconf 87' lang='grc' dir='ltr'>παθῶν.</span> <span class='ocrx_word' id='word_1_269' title='bbox 2617 3942 2733 4008; x_wconf 92' lang='lat' dir='ltr'>Di-</span> 
     </span>
     <span class='ocr_line' id='line_1_34' title="bbox 1048 4044 2733 4135; baseline -0.001 -24"><span class='ocrx_word' id='word_1_270' title='bbox 1048 4062 1278 4112; x_wconf 89' lang='lat' dir='ltr'>cuntur</span> <span class='ocrx_word' id='word_1_271' title='bbox 1314 4047 1509 4135; x_wconf 88' lang='lat' dir='ltr'>igitur</span> <span class='ocrx_word' id='word_1_272' title='bbox 1536 4047 1796 4112; x_wconf 89' lang='lat' dir='ltr'>virtutes</span> <span class='ocrx_word' id='word_1_273' title='bbox 1839 4050 2316 4126; x_wconf 76' lang='grc' dir='ltr'>ἀντακολουθεῖν,</span> <span class='ocrx_word' id='word_1_274' title='bbox 2346 4068 2615 4134; x_wconf 90' lang='lat' dir='ltr'>quarum</span> <span class='ocrx_word' id='word_1_275' title='bbox 2642 4044 2733 4109; x_wconf 85' lang='lat' dir='ltr'>vi-</span> 
     </span>
     <span class='ocr_line' id='line_1_35' title="bbox 1049 4148 2732 4236; baseline 0 -21"><span class='ocrx_word' id='word_1_276' title='bbox 1049 4150 1247 4215; x_wconf 89' lang='lat' dir='ltr'>cissim</span> <span class='ocrx_word' id='word_1_277' title='bbox 1279 4173 1407 4215; x_wconf 88' lang='lat' dir='ltr'>una</span> <span class='ocrx_word' id='word_1_278' title='bbox 1431 4173 1509 4215; x_wconf 83' lang='lat' dir='ltr'>ex</span> <span class='ocrx_word' id='word_1_279' title='bbox 1538 4148 1731 4214; x_wconf 88' lang='lat' dir='ltr'>altera</span> <span class='ocrx_word' id='word_1_280' title='bbox 1767 4149 2084 4236; x_wconf 81' lang='lat' dir='ltr'>sequitur;</span> <span class='ocrx_word' id='word_1_281' title='bbox 2133 4161 2196 4214; x_wconf 92' lang='lat' dir='ltr'>et</span> <span class='ocrx_word' id='word_1_282' title='bbox 2235 4150 2732 4228; x_wconf 88' lang='grc' dir='ltr'>ἀντακολούθησις</span> 
     </span>
     <span class='ocr_line' id='line_1_36' title="bbox 1047 4250 2731 4340; baseline -0.002 -22"><span class='ocrx_word' id='word_1_283' title='bbox 1047 4274 1258 4318; x_wconf 88' lang='lat' dir='ltr'>earum</span> <span class='ocrx_word' id='word_1_284' title='bbox 1289 4268 1383 4319; x_wconf 89' lang='lat' dir='ltr'>est</span> <span class='ocrx_word' id='word_1_285' title='bbox 1423 4266 1646 4316; x_wconf 87' lang='lat' dir='ltr'>mutua</span> <span class='ocrx_word' id='word_1_286' title='bbox 1682 4250 1955 4340; x_wconf 89' lang='lat' dir='ltr'>ipsarum</span> <span class='ocrx_word' id='word_1_287' title='bbox 1986 4250 2356 4330; x_wconf 85' lang='lat' dir='ltr'>consecutio,</span> <span class='ocrx_word' id='word_1_288' title='bbox 2387 4266 2462 4316; x_wconf 91' lang='lat' dir='ltr'>ut</span> <span class='ocrx_word' id='word_1_289' title='bbox 2503 4250 2553 4316; x_wconf 88' lang='lat' dir='ltr'>si</span> <span class='ocrx_word' id='word_1_290' title='bbox 2596 4250 2731 4315; x_wconf 85' lang='lat' dir='ltr'>haec</span> 
     </span>
     <span class='ocr_line' id='line_1_37' title="bbox 1051 4351 2728 4437; baseline -0.001 -17"><span class='ocrx_word' id='word_1_291' title='bbox 1051 4356 1150 4437; x_wconf 89' lang='lat' dir='ltr'>sit,</span> <span class='ocrx_word' id='word_1_292' title='bbox 1196 4355 1276 4420; x_wconf 89' lang='lat' dir='ltr'>sit</span> <span class='ocrx_word' id='word_1_293' title='bbox 1316 4354 1500 4420; x_wconf 89' lang='lat' dir='ltr'>etiam</span> <span class='ocrx_word' id='word_1_294' title='bbox 1544 4354 1670 4433; x_wconf 79' lang='lat' dir='ltr'>ills,</span> <span class='ocrx_word' id='word_1_295' title='bbox 1711 4369 1795 4431; x_wconf 86' lang='lat' dir='ltr'>et,</span> <span class='ocrx_word' id='word_1_296' title='bbox 1842 4353 1892 4418; x_wconf 87' lang='lat' dir='ltr'>si</span> <span class='ocrx_word' id='word_1_297' title='bbox 1934 4351 2062 4433; x_wconf 91' lang='lat' dir='ltr'>illa,</span> <span class='ocrx_word' id='word_1_298' title='bbox 2092 4353 2276 4419; x_wconf 88' lang='lat' dir='ltr'>etiam</span> <span class='ocrx_word' id='word_1_299' title='bbox 2322 4353 2474 4419; x_wconf 87' lang='lat' dir='ltr'>haec.</span> <span class='ocrx_word' id='word_1_300' title='bbox 2570 4354 2728 4418; x_wconf 92' lang='lat' dir='ltr'>Sub-</span> 
     </span>
     <span class='ocr_line' id='line_1_38' title="bbox 1051 4454 2726 4545; baseline -0.001 -23"><span class='ocrx_word' id='word_1_301' title='bbox 1051 4457 1387 4522; x_wconf 85' lang='lat' dir='ltr'>stantivum</span> <span class='ocrx_word' id='word_1_302' title='bbox 1430 4470 1692 4545; x_wconf 84' lang='lat' dir='ltr'>usurpat</span> <span class='ocrx_word' id='word_1_303' title='bbox 1739 4456 2034 4545; x_wconf 87' lang='lat' dir='ltr'>Synesius</span> <span class='ocrx_word' id='word_1_304' title='bbox 2078 4455 2140 4520; x_wconf 92' lang='lat' dir='ltr'>in</span> <span class='ocrx_word' id='word_1_305' title='bbox 2182 4456 2387 4521; x_wconf 90' lang='lat' dir='ltr'>Dione</span> <span class='ocrx_word' id='word_1_306' title='bbox 2428 4478 2497 4543; x_wconf 90' lang='lat' dir='ltr'>p.</span> <span class='ocrx_word' id='word_1_307' title='bbox 2526 4476 2635 4543; x_wconf 89' lang='lat'>49.</span> <span class='ocrx_word' id='word_1_308' title='bbox 2665 4454 2726 4520; x_wconf 92' lang='lat' dir='ltr'>d.</span> 
     </span>
     <span class='ocr_line' id='line_1_39' title="bbox 1052 4557 2731 4647; baseline -0.001 -22"><span class='ocrx_word' id='word_1_309' title='bbox 1052 4561 1272 4625; x_wconf 83' lang='lat' dir='ltr'>Petav.</span> <span class='ocrx_word' id='word_1_310' title='bbox 1302 4575 1365 4625; x_wconf 89' lang='lat' dir='ltr'>et</span> <span class='ocrx_word' id='word_1_311' title='bbox 1393 4559 1654 4626; x_wconf 89' lang='lat' dir='ltr'>Proclus</span> <span class='ocrx_word' id='word_1_312' title='bbox 1678 4560 1744 4624; x_wconf 90' lang='lat' dir='ltr'>in</span> <span class='ocrx_word' id='word_1_313' title='bbox 1774 4557 1987 4624; x_wconf 90' lang='lat' dir='ltr'>Alcib.</span> <span class='ocrx_word' id='word_1_314' title='bbox 2021 4582 2158 4647; x_wconf 90' lang='lat' dir='ltr'>cap.</span> <span class='ocrx_word' id='word_1_315' title='bbox 2190 4576 2293 4644; x_wconf 91' lang='lat'>97.</span> <span class='ocrx_word' id='word_1_316' title='bbox 2336 4581 2403 4646; x_wconf 90' lang='lat' dir='ltr'>p.</span> <span class='ocrx_word' id='word_1_317' title='bbox 2428 4578 2575 4645; x_wconf 87' lang='lat'>319.</span> <span class='ocrx_word' id='word_1_318' title='bbox 2621 4558 2731 4624; x_wconf 90' lang='lat' dir='ltr'>ubi</span> 
     </span>
     <span class='ocr_line' id='line_1_40' title="bbox 1049 4660 2732 4743; baseline -0.001 -16"><span class='ocrx_word' id='word_1_319' title='bbox 1049 4664 1113 4727; x_wconf 91' lang='lat' dir='ltr'>in</span> <span class='ocrx_word' id='word_1_320' title='bbox 1164 4675 1373 4729; x_wconf 90' lang='lat' dir='ltr'>annot.</span> <span class='ocrx_word' id='word_1_321' title='bbox 1419 4663 1603 4728; x_wconf 90' lang='lat' dir='ltr'>etiam</span> <span class='ocrx_word' id='word_1_322' title='bbox 1649 4661 1884 4743; x_wconf 89' lang='lat' dir='ltr'>monui,</span> <span class='ocrx_word' id='word_1_323' title='bbox 1932 4661 2281 4727; x_wconf 87' lang='lat' dir='ltr'>Stoicorum</span> <span class='ocrx_word' id='word_1_324' title='bbox 2332 4660 2493 4725; x_wconf 89' lang='lat' dir='ltr'>hanc</span> <span class='ocrx_word' id='word_1_325' title='bbox 2540 4661 2732 4726; x_wconf 86' lang='lat' dir='ltr'>fuisse</span> 
     </span>
     <span class='ocr_line' id='line_1_41' title="bbox 1052 4763 2727 4848; baseline -0.001 -18"><span class='ocrx_word' id='word_1_326' title='bbox 1052 4765 1453 4830; x_wconf 84' lang='lat' dir='ltr'>sententiam:</span> <span class='ocrx_word' id='word_1_327' title='bbox 1515 4769 1618 4834; x_wconf 80' lang='grc' dir='ltr'>τᾶς</span> <span class='ocrx_word' id='word_1_328' title='bbox 1665 4768 1873 4848; x_wconf 83' lang='grc' dir='ltr'>ἀρετάς</span> <span class='ocrx_word' id='word_1_329' title='bbox 1919 4767 2375 4830; x_wconf 75' lang='grc' dir='ltr'>ἀντακολουθεῖν</span> <span class='ocrx_word' id='word_1_330' title='bbox 2420 4763 2727 4845; x_wconf 78' lang='grc' dir='ltr'>ἀλλήλαις,</span> 
     </span>
     <span class='ocr_line' id='line_1_42' title="bbox 1050 4864 2728 4955; baseline 0 -23"><span class='ocrx_word' id='word_1_331' title='bbox 1050 4866 1303 4933; x_wconf 88' lang='lat' dir='ltr'>laudato</span> <span class='ocrx_word' id='word_1_332' title='bbox 1343 4869 1528 4934; x_wconf 84' lang='lat' dir='ltr'>etiam</span> <span class='ocrx_word' id='word_1_333' title='bbox 1574 4867 2137 4955; x_wconf 81' lang='lat' dir='ltr'>Schweighaeusero</span> <span class='ocrx_word' id='word_1_334' title='bbox 2169 4864 2252 4931; x_wconf 82' lang='lat' dir='ltr'>ad</span> <span class='ocrx_word' id='word_1_335' title='bbox 2281 4864 2554 4954; x_wconf 87' lang='lat' dir='ltr'>Epictet.</span> <span class='ocrx_word' id='word_1_336' title='bbox 2584 4867 2728 4932; x_wconf 91' lang='lat'>111.</span> 
     </span>
     <span class='ocr_line' id='line_1_43' title="bbox 1051 4990 1287 5060; baseline -0.025 0"><span class='ocrx_word' id='word_1_337' title='bbox 1051 4995 1117 5060; x_wconf 85' lang='lat' dir='ltr'>P·</span> <span class='ocrx_word' id='word_1_338' title='bbox 1141 4990 1287 5056; x_wconf 85' lang='lat'><strong>243·</strong></span> 
     </span>
    </p>

    <p class='ocr_par' dir='ltr' id='par_1_5' title="bbox 1051 5071 2733 5261">
     <span class='ocr_line' id='line_1_44' title="bbox 1135 5071 2732 5157; baseline -0.002 -19"><span class='ocrx_word' id='word_1_339' title='bbox 1135 5111 1224 5123; x_wconf 91' lang='lat'>—-</span> <span class='ocrx_word' id='word_1_340' title='bbox 1247 5075 1341 5138; x_wconf 91' lang='lat'>16.</span> <span class='ocrx_word' id='word_1_341' title='bbox 1369 5071 1575 5142; x_wconf 84' lang='grc' dir='ltr'>Ὀλως</span> <span class='ocrx_word' id='word_1_342' title='bbox 1601 5077 1716 5157; x_wconf 71' lang='grc' dir='ltr'>γὰρ</span> <span class='ocrx_word' id='word_1_343' title='bbox 1742 5074 1780 5153; x_wconf 81' lang='grc' dir='ltr'>ἦ</span> <span class='ocrx_word' id='word_1_344' title='bbox 1811 5072 2030 5155; x_wconf 78' lang='grc' dir='ltr'>φυσιή</span> <span class='ocrx_word' id='word_1_345' title='bbox 2060 5071 2259 5153; x_wconf 78' lang='grc' dir='ltr'>ἀρετὴ,</span> <span class='ocrx_word' id='word_1_346' title='bbox 2293 5074 2387 5137; x_wconf 84' lang='grc' dir='ltr'>καὶ</span> <span class='ocrx_word' id='word_1_347' title='bbox 2415 5074 2575 5152; x_wconf 82' lang='grc' dir='ltr'>ὄμμα</span> <span class='ocrx_word' id='word_1_348' title='bbox 2603 5072 2732 5136; x_wconf 87' lang='grc' dir='ltr'>ἀτε-</span> 
     </span>
     <span class='ocr_line' id='line_1_45' title="bbox 1051 5172 2733 5261; baseline -0.002 -20"><span class='ocrx_word' id='word_1_349' title='bbox 1051 5179 1156 5245; x_wconf 75' lang='grc' dir='ltr'>λὲς</span> <span class='ocrx_word' id='word_1_350' title='bbox 1199 5176 1293 5241; x_wconf 85' lang='grc' dir='ltr'>καὶ</span> <span class='ocrx_word' id='word_1_351' title='bbox 1333 5176 1474 5255; x_wconf 85' lang='grc' dir='ltr'>ἦθος</span> <span class='ocrx_word' id='word_1_352' title='bbox 1518 5176 1670 5261; x_wconf 80' lang='grc' dir='ltr'>ἔχει]</span> <span class='ocrx_word' id='word_1_353' title='bbox 1718 5175 1830 5240; x_wconf 90' lang='lat' dir='ltr'>Ad</span> <span class='ocrx_word' id='word_1_354' title='bbox 1859 5174 2121 5240; x_wconf 86' lang='lat' dir='ltr'>verbum</span> <span class='ocrx_word' id='word_1_355' title='bbox 2163 5172 2298 5239; x_wconf 82' lang='lat' dir='ltr'>baec</span> <span class='ocrx_word' id='word_1_356' title='bbox 2336 5172 2551 5239; x_wconf 89' lang='lat' dir='ltr'>laudat</span> <span class='ocrx_word' id='word_1_357' title='bbox 2579 5174 2733 5238; x_wconf 90' lang='lat' dir='ltr'>Pro-</span> 
     </span>
    </p>
   </div>
   <div class='ocr_carea' id='block_1_4' title="bbox 1050 5276 2735 5366">
    <p class='ocr_par' dir='ltr' id='par_1_6' title="bbox 1050 5276 2735 5366">
     <span class='ocr_line' id='line_1_46' title="bbox 1050 5276 2735 5366; baseline -0.003 -21"><span class='ocrx_word' id='word_1_358' title='bbox 1050 5279 1183 5345; x_wconf 92' lang='lat' dir='ltr'>clus</span> <span class='ocrx_word' id='word_1_359' title='bbox 1225 5279 1288 5343; x_wconf 91' lang='lat' dir='ltr'>in</span> <span class='ocrx_word' id='word_1_360' title='bbox 1320 5277 1526 5344; x_wconf 90' lang='lat' dir='ltr'>Alcib.</span> <span class='ocrx_word' id='word_1_361' title='bbox 1557 5301 1656 5366; x_wconf 85' lang='lat' dir='ltr'>pr.</span> <span class='ocrx_word' id='word_1_362' title='bbox 1689 5281 1745 5364; x_wconf 64' lang='grc' dir='ltr'>ξ.</span> <span class='ocrx_word' id='word_1_363' title='bbox 1764 5279 1873 5360; x_wconf 83' lang='grc'>46.</span> <span class='ocrx_word' id='word_1_364' title='bbox 1901 5300 1963 5364; x_wconf 91' lang='lat' dir='ltr'>p.</span> <span class='ocrx_word' id='word_1_365' title='bbox 1990 5295 2135 5364; x_wconf 84' lang='lat'>133.</span> <span class='ocrx_word' id='word_1_366' title='bbox 2180 5276 2280 5341; x_wconf 91' lang='lat' dir='ltr'>ed.</span> <span class='ocrx_word' id='word_1_367' title='bbox 2325 5289 2518 5341; x_wconf 87' lang='lat' dir='ltr'>nostr.</span> <span class='ocrx_word' id='word_1_368' title='bbox 2607 5276 2735 5340; x_wconf 86' lang='lat' dir='ltr'>Re-</span> 
     </span>
    </p>
   </div>
   <div class='ocr_carea' id='block_1_5' title="bbox 2811 973 4494 1978">
    <p class='ocr_par' dir='ltr' id='par_1_7' title="bbox 2811 973 4494 1978">
     <span class='ocr_line' id='line_1_47' title="bbox 2812 973 4493 1057; baseline 0.003 -22"><span class='ocrx_word' id='word_1_369' title='bbox 2812 973 3120 1047; x_wconf 90' lang='grc' dir='ltr'>δείκνυται,</span> <span class='ocrx_word' id='word_1_370' title='bbox 3151 974 3243 1036; x_wconf 82' lang='grc' dir='ltr'>ὅτι</span> <span class='ocrx_word' id='word_1_371' title='bbox 3267 974 3363 1037; x_wconf 85' lang='grc' dir='ltr'>καὶ</span> <span class='ocrx_word' id='word_1_372' title='bbox 3391 977 3487 1037; x_wconf 73' lang='grc' dir='ltr'>διὰ</span> <span class='ocrx_word' id='word_1_373' title='bbox 3511 977 3711 1057; x_wconf 76' lang='grc' dir='ltr'>ψυχῆς</span> <span class='ocrx_word' id='word_1_374' title='bbox 3750 974 4042 1057; x_wconf 68' lang='grc' dir='ltr'>κεχώρηκε</span> <span class='ocrx_word' id='word_1_375' title='bbox 4087 974 4181 1038; x_wconf 84' lang='grc' dir='ltr'>καὶ</span> <span class='ocrx_word' id='word_1_376' title='bbox 4225 977 4493 1055; x_wconf 74' lang='grc' dir='ltr'>σώματος</span> 
     </span>
     <span class='ocr_line' id='line_1_48' title="bbox 2814 1075 4492 1158; baseline 0.002 -20"><span class='ocrx_word' id='word_1_377' title='bbox 2814 1075 3051 1155; x_wconf 89' lang='grc' dir='ltr'>δύναμις</span> <span class='ocrx_word' id='word_1_378' title='bbox 3076 1075 3171 1139; x_wconf 82' lang='grc' dir='ltr'>καὶ</span> <span class='ocrx_word' id='word_1_379' title='bbox 3197 1076 3487 1155; x_wconf 89' lang='grc' dir='ltr'>ἀδυναμία</span> <span class='ocrx_word' id='word_1_380' title='bbox 3508 1076 3603 1139; x_wconf 79' lang='grc' dir='ltr'>καὶ</span> <span class='ocrx_word' id='word_1_381' title='bbox 3631 1079 3736 1139; x_wconf 79' lang='grc' dir='ltr'>τοῦ</span> <span class='ocrx_word' id='word_1_382' title='bbox 3762 1075 4227 1158; x_wconf 87' lang='grc' dir='ltr'>συναμφοτέρου.</span> <span class='ocrx_word' id='word_1_383' title='bbox 4259 1080 4356 1141; x_wconf 76' lang='grc' dir='ltr'>διὰ</span> <span class='ocrx_word' id='word_1_384' title='bbox 4380 1079 4492 1157; x_wconf 74' lang='grc' dir='ltr'>μὲν</span> 
     </span>
     <span class='ocr_line' id='line_1_49' title="bbox 2811 1177 4488 1262; baseline 0.002 -20"><span class='ocrx_word' id='word_1_385' title='bbox 2811 1181 3030 1262; x_wconf 76' lang='grc' dir='ltr'>ψυχῆς,</span> <span class='ocrx_word' id='word_1_386' title='bbox 3062 1178 3139 1245; x_wconf 84' lang='grc' dir='ltr'>ὦς</span> <span class='ocrx_word' id='word_1_387' title='bbox 3167 1177 3262 1241; x_wconf 76' lang='grc' dir='ltr'>ἐπὶ</span> <span class='ocrx_word' id='word_1_388' title='bbox 3291 1185 3408 1243; x_wconf 85' lang='grc' dir='ltr'>τῶν</span> <span class='ocrx_word' id='word_1_389' title='bbox 3436 1182 3702 1260; x_wconf 76' lang='grc' dir='ltr'>φυσικῶν</span> <span class='ocrx_word' id='word_1_390' title='bbox 3730 1179 3951 1259; x_wconf 78' lang='grc' dir='ltr'>ἀρετῶν</span> <span class='ocrx_word' id='word_1_391' title='bbox 3980 1179 4076 1242; x_wconf 86' lang='grc' dir='ltr'>καὶ</span> <span class='ocrx_word' id='word_1_392' title='bbox 4103 1180 4337 1258; x_wconf 84' lang='grc' dir='ltr'>ἠθικῶν·</span> <span class='ocrx_word' id='word_1_393' title='bbox 4387 1180 4488 1245; x_wconf 76' lang='grc' dir='ltr'>αὗ-</span> 
     </span>
     <span class='ocr_line' id='line_1_50' title="bbox 2813 1280 4492 1365; baseline 0.002 -22"><span class='ocrx_word' id='word_1_394' title='bbox 2813 1304 2908 1344; x_wconf 88' lang='grc' dir='ltr'>ται</span> <span class='ocrx_word' id='word_1_395' title='bbox 2951 1282 3067 1362; x_wconf 71' lang='grc' dir='ltr'>γὰρ</span> <span class='ocrx_word' id='word_1_396' title='bbox 3111 1280 3386 1344; x_wconf 84' lang='grc' dir='ltr'>ὦδίνουσι</span> <span class='ocrx_word' id='word_1_397' title='bbox 3428 1283 3532 1348; x_wconf 79' lang='grc' dir='ltr'>τᾶς</span> <span class='ocrx_word' id='word_1_398' title='bbox 3574 1283 3896 1358; x_wconf 72' lang='grc' dir='ltr'>πολιτικὰς,</span> <span class='ocrx_word' id='word_1_399' title='bbox 3935 1280 4030 1344; x_wconf 82' lang='grc' dir='ltr'>καὶ</span> <span class='ocrx_word' id='word_1_400' title='bbox 4072 1282 4105 1344; x_wconf 82' lang='grc' dir='ltr'><strong><em>ὁ</em></strong></span> <span class='ocrx_word' id='word_1_401' title='bbox 4153 1281 4309 1365; x_wconf 75' lang='grc' dir='ltr'>ἔχων</span> <span class='ocrx_word' id='word_1_402' title='bbox 4349 1283 4492 1362; x_wconf 88' lang='grc' dir='ltr'>μίαν</span> 
     </span>
     <span class='ocr_line' id='line_1_51' title="bbox 2813 1381 4490 1469; baseline 0.001 -24"><span class='ocrx_word' id='word_1_403' title='bbox 2813 1382 3034 1446; x_wconf 83' lang='grc' dir='ltr'>τούτων</span> <span class='ocrx_word' id='word_1_404' title='bbox 3062 1386 3158 1448; x_wconf 77' lang='grc' dir='ltr'>διᾶ</span> <span class='ocrx_word' id='word_1_405' title='bbox 3186 1387 3285 1463; x_wconf 86' lang='grc' dir='ltr'>τῆς</span> <span class='ocrx_word' id='word_1_406' title='bbox 3311 1387 3415 1446; x_wconf 85' lang='grc' dir='ltr'>τοῦ</span> <span class='ocrx_word' id='word_1_407' title='bbox 3441 1383 3627 1465; x_wconf 85' lang='grc' dir='ltr'>λόγου</span> <span class='ocrx_word' id='word_1_408' title='bbox 3652 1381 3983 1464; x_wconf 83' lang='grc' dir='ltr'>προσθήκης</span> <span class='ocrx_word' id='word_1_409' title='bbox 4013 1382 4330 1466; x_wconf 85' lang='grc' dir='ltr'>(προθήκης</span> <span class='ocrx_word' id='word_1_410' title='bbox 4355 1383 4490 1469; x_wconf 87' lang='lat' dir='ltr'>alii)</span> 
     </span>
     <span class='ocr_line' id='line_1_52' title="bbox 2818 1484 4494 1568; baseline 0.001 -20"><span class='ocrx_word' id='word_1_411' title='bbox 2818 1485 3070 1568; x_wconf 72' lang='grc' dir='ltr'>εὐχερῶς</span> <span class='ocrx_word' id='word_1_412' title='bbox 3099 1489 3300 1549; x_wconf 76' lang='grc' dir='ltr'>κτᾶται</span> <span class='ocrx_word' id='word_1_413' title='bbox 3327 1488 3431 1553; x_wconf 72' lang='grc' dir='ltr'>τὰς</span> <span class='ocrx_word' id='word_1_414' title='bbox 3454 1488 3775 1562; x_wconf 73' lang='grc' dir='ltr'>πολιτικὰς,</span> <span class='ocrx_word' id='word_1_415' title='bbox 3802 1484 3936 1567; x_wconf 87' lang='grc' dir='ltr'>περὶ</span> <span class='ocrx_word' id='word_1_416' title='bbox 3964 1486 4046 1550; x_wconf 81' lang='grc' dir='ltr'>ὧν</span> <span class='ocrx_word' id='word_1_417' title='bbox 4077 1488 4316 1568; x_wconf 80' lang='grc' dir='ltr'>εἴρηται.</span> <span class='ocrx_word' id='word_1_418' title='bbox 4357 1487 4494 1568; x_wconf 84' lang='grc' dir='ltr'>περὶ</span> 
     </span>
     <span class='ocr_line' id='line_1_53' title="bbox 2813 1587 4489 1670; baseline 0.002 -20"><span class='ocrx_word' id='word_1_419' title='bbox 2813 1588 2924 1666; x_wconf 74' lang='grc' dir='ltr'>μὲν</span> <span class='ocrx_word' id='word_1_420' title='bbox 2954 1592 3071 1651; x_wconf 88' lang='grc' dir='ltr'>τῶν</span> <span class='ocrx_word' id='word_1_421' title='bbox 3099 1593 3384 1669; x_wconf 84' lang='grc' dir='ltr'>φυσικῶν,</span> <span class='ocrx_word' id='word_1_422' title='bbox 3417 1587 3483 1651; x_wconf 85' lang='grc' dir='ltr'>τὸ</span> <span class='ocrx_word' id='word_1_423' title='bbox 3529 1589 3644 1670; x_wconf 71' lang='grc' dir='ltr'>γὰρ</span> <span class='ocrx_word' id='word_1_424' title='bbox 3686 1589 3867 1670; x_wconf 85' lang='grc' dir='ltr'>φύσει</span> <span class='ocrx_word' id='word_1_425' title='bbox 3908 1587 4275 1669; x_wconf 83' lang='grc' dir='ltr'>ἀκράτιστον·</span> <span class='ocrx_word' id='word_1_426' title='bbox 4322 1587 4489 1670; x_wconf 81' lang='grc' dir='ltr'>(κρά-</span> 
     </span>
     <span class='ocr_line' id='line_1_54' title="bbox 2814 1688 4492 1775; baseline 0.001 -23"><span class='ocrx_word' id='word_1_427' title='bbox 2814 1713 3016 1753; x_wconf 87' lang='grc' dir='ltr'>τιστον</span> <span class='ocrx_word' id='word_1_428' title='bbox 3044 1688 3156 1775; x_wconf 90' lang='lat' dir='ltr'>al.)</span> <span class='ocrx_word' id='word_1_429' title='bbox 3184 1691 3319 1771; x_wconf 82' lang='grc' dir='ltr'>περὶ</span> <span class='ocrx_word' id='word_1_430' title='bbox 3346 1691 3412 1754; x_wconf 77' lang='grc' dir='ltr'>δὲ</span> <span class='ocrx_word' id='word_1_431' title='bbox 3440 1696 3557 1755; x_wconf 88' lang='grc' dir='ltr'>τῶν</span> <span class='ocrx_word' id='word_1_432' title='bbox 3582 1690 3816 1769; x_wconf 84' lang='grc' dir='ltr'>ἠθικῶν·</span> <span class='ocrx_word' id='word_1_433' title='bbox 3861 1689 3989 1773; x_wconf 74' lang='grc' dir='ltr'>ἔχει</span> <span class='ocrx_word' id='word_1_434' title='bbox 4030 1689 4145 1773; x_wconf 81' lang='grc' dir='ltr'>γάρ</span> <span class='ocrx_word' id='word_1_435' title='bbox 4187 1716 4244 1754; x_wconf 92' lang='grc' dir='ltr'>τι</span> <span class='ocrx_word' id='word_1_436' title='bbox 4288 1691 4381 1755; x_wconf 87' lang='grc' dir='ltr'>καὶ</span> <span class='ocrx_word' id='word_1_437' title='bbox 4424 1690 4492 1754; x_wconf 80' lang='grc' dir='ltr'>τὸ</span> 
     </span>
     <span class='ocr_line' id='line_1_55' title="bbox 2813 1791 4493 1875; baseline 0.002 -20"><span class='ocrx_word' id='word_1_438' title='bbox 2813 1796 3103 1875; x_wconf 81' lang='grc' dir='ltr'>τραφῆναι</span> <span class='ocrx_word' id='word_1_439' title='bbox 3159 1798 3367 1859; x_wconf 73' lang='grc' dir='ltr'>καλῶς’</span> <span class='ocrx_word' id='word_1_440' title='bbox 3433 1793 3527 1857; x_wconf 84' lang='grc' dir='ltr'>καὶ</span> <span class='ocrx_word' id='word_1_441' title='bbox 3583 1794 3675 1856; x_wconf 82' lang='grc' dir='ltr'>ὅτι</span> <span class='ocrx_word' id='word_1_442' title='bbox 3723 1791 3984 1856; x_wconf 77' lang='grc' dir='ltr'>Πλάτων</span> <span class='ocrx_word' id='word_1_443' title='bbox 4034 1793 4493 1874; x_wconf 71' lang='grc' dir='ltr'>ἀνδραποδώδεις</span> 
     </span>
     <span class='ocr_line' id='line_1_56' title="bbox 2815 1894 4093 1978; baseline 0 -19"><span class='ocrx_word' id='word_1_444' title='bbox 2815 1894 2992 1962; x_wconf 70' lang='grc' dir='ltr'>αὐτὸς</span> <span class='ocrx_word' id='word_1_445' title='bbox 3020 1894 3170 1960; x_wconf 73' lang='grc' dir='ltr'>εἶναι</span> <span class='ocrx_word' id='word_1_446' title='bbox 3194 1895 3385 1978; x_wconf 83' lang='grc' dir='ltr'>λέγει,</span> <span class='ocrx_word' id='word_1_447' title='bbox 3417 1900 3726 1962; x_wconf 84' lang='grc' dir='ltr'>Πλωτῖνος</span> <span class='ocrx_word' id='word_1_448' title='bbox 3752 1896 3817 1959; x_wconf 68' lang='grc' dir='ltr'>δὲ</span> <span class='ocrx_word' id='word_1_449' title='bbox 3846 1895 4093 1962; x_wconf 88' lang='grc' dir='ltr'>ἀτελεῖς.</span> 
     </span>
    </p>
   </div>
   <div class='ocr_carea' id='block_1_6' title="bbox 3465 2082 3832 2146">
    <p class='ocr_par' dir='ltr' id='par_1_8' title="bbox 3465 2082 3832 2146">
     <span class='ocr_line' id='line_1_57' title="bbox 3465 2082 3832 2146; baseline -0.003 0"><span class='ocrx_word' id='word_1_450' title='bbox 3465 2082 3669 2146; x_wconf 84' lang='grc' dir='ltr'>Ι.ΙΒ.</span> <span class='ocrx_word' id='word_1_451' title='bbox 3717 2082 3832 2145; x_wconf 91' lang='lat' dir='ltr'>IV.</span> 
     </span>
    </p>
   </div>
   <div class='ocr_carea' id='block_1_7' title="bbox 2811 2199 4496 5366">
    <p class='ocr_par' dir='ltr' id='par_1_9' title="bbox 2811 2199 4496 5366">
     <span class='ocr_line' id='line_1_58' title="bbox 2883 2199 4488 2289; baseline 0.001 -24"><span class='ocrx_word' id='word_1_452' title='bbox 2883 2223 2951 2288; x_wconf 90' lang='lat' dir='ltr'>p.</span> <span class='ocrx_word' id='word_1_453' title='bbox 2970 2216 3079 2287; x_wconf 84' lang='lat'>55,</span> <span class='ocrx_word' id='word_1_454' title='bbox 3102 2218 3161 2285; x_wconf 90' lang='lat'>7.</span> <span class='ocrx_word' id='word_1_455' title='bbox 3185 2208 3375 2266; x_wconf 88' lang='grc' dir='ltr'><strong>ΠΕΡΙ</strong></span> <span class='ocrx_word' id='word_1_456' title='bbox 3408 2200 4015 2289; x_wconf 75' lang='grc' dir='ltr'><strong>ΕΥΔΑΙΜΟΝΙΑΣ]</strong></span> <span class='ocrx_word' id='word_1_457' title='bbox 4043 2201 4238 2265; x_wconf 88' lang='lat' dir='ltr'>Hunc</span> <span class='ocrx_word' id='word_1_458' title='bbox 4260 2199 4488 2266; x_wconf 86' lang='lat' dir='ltr'>librum</span> 
     </span>
     <span class='ocr_line' id='line_1_59' title="bbox 2812 2301 4494 2392; baseline -0.001 -23"><span class='ocrx_word' id='word_1_459' title='bbox 2812 2327 2892 2369; x_wconf 83' lang='lat' dir='ltr'>ex</span> <span class='ocrx_word' id='word_1_460' title='bbox 2919 2303 2992 2369; x_wconf 88' lang='lat' dir='ltr'>iis</span> <span class='ocrx_word' id='word_1_461' title='bbox 3019 2328 3148 2369; x_wconf 88' lang='lat' dir='ltr'>esse</span> <span class='ocrx_word' id='word_1_462' title='bbox 3174 2304 3454 2392; x_wconf 90' lang='lat' dir='ltr'>quinque</span> <span class='ocrx_word' id='word_1_463' title='bbox 3480 2327 3519 2369; x_wconf 91' lang='lat' dir='ltr'>a</span> <span class='ocrx_word' id='word_1_464' title='bbox 3548 2303 3799 2369; x_wconf 89' lang='lat' dir='ltr'>Plotino</span> <span class='ocrx_word' id='word_1_465' title='bbox 3827 2302 3940 2366; x_wconf 89' lang='lat' dir='ltr'>sibi</span> <span class='ocrx_word' id='word_1_466' title='bbox 3968 2301 4162 2366; x_wconf 88' lang='lat' dir='ltr'>missis</span> <span class='ocrx_word' id='word_1_467' title='bbox 4189 2302 4253 2366; x_wconf 92' lang='lat' dir='ltr'>in</span> <span class='ocrx_word' id='word_1_468' title='bbox 4286 2303 4494 2368; x_wconf 88' lang='lat' dir='ltr'>Sicilia</span> 
     </span>
     <span class='ocr_line' id='line_1_60' title="bbox 2811 2404 4493 2495; baseline 0 -25"><span class='ocrx_word' id='word_1_469' title='bbox 2811 2406 3020 2495; x_wconf 88' lang='lat' dir='ltr'>agenti</span> <span class='ocrx_word' id='word_1_470' title='bbox 3067 2406 3231 2473; x_wconf 87' lang='lat' dir='ltr'>circa</span> <span class='ocrx_word' id='word_1_471' title='bbox 3279 2406 3589 2472; x_wconf 89' lang='lat' dir='ltr'>decimum</span> <span class='ocrx_word' id='word_1_472' title='bbox 3632 2404 3924 2493; x_wconf 90' lang='lat' dir='ltr'>quintum</span> <span class='ocrx_word' id='word_1_473' title='bbox 3971 2426 4202 2468; x_wconf 88' lang='lat' dir='ltr'>annum</span> <span class='ocrx_word' id='word_1_474' title='bbox 4252 2405 4493 2493; x_wconf 89' lang='lat' dir='ltr'>imperii</span> 
     </span>
     <span class='ocr_line' id='line_1_61' title="bbox 2817 2507 4491 2598; baseline 0 -24"><span class='ocrx_word' id='word_1_475' title='bbox 2817 2507 3083 2590; x_wconf 87' lang='lat' dir='ltr'>Galieni,</span> <span class='ocrx_word' id='word_1_476' title='bbox 3130 2509 3520 2598; x_wconf 81' lang='lat' dir='ltr'>Porphyrius</span> <span class='ocrx_word' id='word_1_477' title='bbox 3560 2508 3751 2574; x_wconf 87' lang='lat' dir='ltr'>refert</span> <span class='ocrx_word' id='word_1_478' title='bbox 3792 2507 3872 2572; x_wconf 89' lang='lat' dir='ltr'>de</span> <span class='ocrx_word' id='word_1_479' title='bbox 3906 2507 4046 2572; x_wconf 89' lang='lat' dir='ltr'>Vita</span> <span class='ocrx_word' id='word_1_480' title='bbox 4081 2507 4314 2573; x_wconf 91' lang='lat' dir='ltr'>Plotini</span> <span class='ocrx_word' id='word_1_481' title='bbox 4356 2532 4491 2597; x_wconf 90' lang='lat' dir='ltr'>cap.</span> 
     </span>
     <span class='ocr_line' id='line_1_62' title="bbox 2813 2609 4495 2700; baseline 0 -24"><span class='ocrx_word' id='word_1_482' title='bbox 2813 2625 2987 2677; x_wconf 85' lang='lat' dir='ltr'>sexto</span> <span class='ocrx_word' id='word_1_483' title='bbox 3028 2635 3096 2700; x_wconf 89' lang='lat' dir='ltr'>p.</span> <span class='ocrx_word' id='word_1_484' title='bbox 3134 2632 3277 2699; x_wconf 92' lang='grc'>103.</span> <span class='ocrx_word' id='word_1_485' title='bbox 3329 2611 3578 2677; x_wconf 88' lang='lat' dir='ltr'>Fabric.</span> <span class='ocrx_word' id='word_1_486' title='bbox 3668 2609 3989 2690; x_wconf 85' lang='lat' dir='ltr'>Ordinem,</span> <span class='ocrx_word' id='word_1_487' title='bbox 4034 2633 4164 2697; x_wconf 92' lang='lat' dir='ltr'>quo</span> <span class='ocrx_word' id='word_1_488' title='bbox 4205 2610 4495 2700; x_wconf 86' lang='lat' dir='ltr'>deinceps</span> 
     </span>
     <span class='ocr_line' id='line_1_63' title="bbox 2813 2712 4493 2802; baseline -0.001 -23"><span class='ocrx_word' id='word_1_489' title='bbox 2813 2714 3025 2802; x_wconf 88' lang='lat' dir='ltr'>scripti</span> <span class='ocrx_word' id='word_1_490' title='bbox 3068 2729 3214 2779; x_wconf 89' lang='lat' dir='ltr'>sunt</span> <span class='ocrx_word' id='word_1_491' title='bbox 3255 2715 3337 2779; x_wconf 87' lang='lat' dir='ltr'>ad</span> <span class='ocrx_word' id='word_1_492' title='bbox 3383 2737 3576 2779; x_wconf 91' lang='lat' dir='ltr'>unum</span> <span class='ocrx_word' id='word_1_493' title='bbox 3622 2735 3855 2791; x_wconf 73' lang='lat' dir='ltr'>omneS,</span> <span class='ocrx_word' id='word_1_494' title='bbox 3900 2712 4069 2801; x_wconf 92' lang='lat' dir='ltr'>quod</span> <span class='ocrx_word' id='word_1_495' title='bbox 4113 2712 4355 2793; x_wconf 85' lang='lat' dir='ltr'>attinet,</span> <span class='ocrx_word' id='word_1_496' title='bbox 4393 2714 4493 2779; x_wconf 90' lang='grc'>1110</span> 
     </span>
     <span class='ocr_line' id='line_1_64' title="bbox 2814 2815 4493 2904; baseline 0.001 -25"><span class='ocrx_word' id='word_1_497' title='bbox 2814 2816 2945 2904; x_wconf 86' lang='lat' dir='ltr'>ipse</span> <span class='ocrx_word' id='word_1_498' title='bbox 2972 2816 3516 2904; x_wconf 86' lang='lat' dir='ltr'>quadragesimum</span> <span class='ocrx_word' id='word_1_499' title='bbox 3559 2829 3799 2881; x_wconf 83' lang='lat' dir='ltr'>sextum</span> <span class='ocrx_word' id='word_1_500' title='bbox 3841 2815 4046 2880; x_wconf 92' lang='lat' dir='ltr'>locum</span> <span class='ocrx_word' id='word_1_501' title='bbox 4076 2831 4266 2896; x_wconf 90' lang='lat' dir='ltr'>tenet,</span> <span class='ocrx_word' id='word_1_502' title='bbox 4295 2816 4493 2904; x_wconf 89' lang='lat' dir='ltr'>iisque</span> 
     </span>
     <span class='ocr_line' id='line_1_65' title="bbox 2813 2918 4494 3007; baseline 0 -23"><span class='ocrx_word' id='word_1_503' title='bbox 2813 2918 3226 2984; x_wconf 85' lang='lat' dir='ltr'>accensendus</span> <span class='ocrx_word' id='word_1_504' title='bbox 3252 2933 3366 2997; x_wconf 89' lang='lat' dir='ltr'>est,</span> <span class='ocrx_word' id='word_1_505' title='bbox 3389 2919 3500 3006; x_wconf 93' lang='lat' dir='ltr'>qui</span> <span class='ocrx_word' id='word_1_506' title='bbox 3528 2942 3567 2982; x_wconf 90' lang='lat' dir='ltr'>a</span> <span class='ocrx_word' id='word_1_507' title='bbox 3584 2919 3717 3005; x_wconf 85' lang='lat' dir='ltr'>jam</span> <span class='ocrx_word' id='word_1_508' title='bbox 3749 2931 4098 2984; x_wconf 86' lang='lat' dir='ltr'>senescente</span> <span class='ocrx_word' id='word_1_509' title='bbox 4126 2918 4494 3007; x_wconf 86' lang='lat' dir='ltr'>philosopho</span> 
     </span>
     <span class='ocr_line' id='line_1_66' title="bbox 2812 3020 4492 3109; baseline 0.001 -24"><span class='ocrx_word' id='word_1_510' title='bbox 2812 3021 2878 3085; x_wconf 91' lang='lat' dir='ltr'>in</span> <span class='ocrx_word' id='word_1_511' title='bbox 2906 3020 3108 3085; x_wconf 91' lang='lat' dir='ltr'>lucem</span> <span class='ocrx_word' id='word_1_512' title='bbox 3137 3034 3283 3086; x_wconf 89' lang='lat' dir='ltr'>sunt</span> <span class='ocrx_word' id='word_1_513' title='bbox 3309 3020 3483 3085; x_wconf 90' lang='lat' dir='ltr'>editi.</span> <span class='ocrx_word' id='word_1_514' title='bbox 3571 3023 4040 3107; x_wconf 83' lang='lat' dir='ltr'>Argumentum</span> <span class='ocrx_word' id='word_1_515' title='bbox 4081 3036 4289 3085; x_wconf 88' lang='lat' dir='ltr'>autem</span> <span class='ocrx_word' id='word_1_516' title='bbox 4326 3023 4492 3109; x_wconf 88' lang='lat' dir='ltr'>ejus-</span> 
     </span>
     <span class='ocr_line' id='line_1_67' title="bbox 2814 3122 4490 3211; baseline 0.001 -24"><span class='ocrx_word' id='word_1_517' title='bbox 2814 3122 2981 3187; x_wconf 93' lang='lat' dir='ltr'>modi</span> <span class='ocrx_word' id='word_1_518' title='bbox 3013 3137 3126 3203; x_wconf 90' lang='lat' dir='ltr'>est,</span> <span class='ocrx_word' id='word_1_519' title='bbox 3151 3137 3223 3188; x_wconf 92' lang='lat' dir='ltr'>ut</span> <span class='ocrx_word' id='word_1_520' title='bbox 3249 3122 3394 3187; x_wconf 88' lang='lat' dir='ltr'>inde</span> <span class='ocrx_word' id='word_1_521' title='bbox 3422 3146 3460 3187; x_wconf 93' lang='lat' dir='ltr'>a</span> <span class='ocrx_word' id='word_1_522' title='bbox 3490 3137 3772 3187; x_wconf 88' lang='lat' dir='ltr'>nascente</span> <span class='ocrx_word' id='word_1_523' title='bbox 3799 3122 4187 3211; x_wconf 84' lang='lat' dir='ltr'>philosophia</span> <span class='ocrx_word' id='word_1_524' title='bbox 4215 3123 4490 3189; x_wconf 85' lang='lat' dir='ltr'>certatim</span> 
     </span>
     <span class='ocr_line' id='line_1_68' title="bbox 2816 3224 4491 3314; baseline 0.001 -24"><span class='ocrx_word' id='word_1_525' title='bbox 2816 3239 3146 3291; x_wconf 88' lang='lat' dir='ltr'>tractatum</span> <span class='ocrx_word' id='word_1_526' title='bbox 3200 3226 3280 3291; x_wconf 90' lang='lat' dir='ltr'>sit</span> <span class='ocrx_word' id='word_1_527' title='bbox 3328 3249 3366 3290; x_wconf 93' lang='lat' dir='ltr'>a</span> <span class='ocrx_word' id='word_1_528' title='bbox 3414 3224 3754 3314; x_wconf 67' lang='lat' dir='ltr'>permultis</span> <span class='ocrx_word' id='word_1_529' title='bbox 3845 3226 4033 3304; x_wconf 89' lang='lat' dir='ltr'>Nam,</span> <span class='ocrx_word' id='word_1_530' title='bbox 4078 3239 4152 3291; x_wconf 92' lang='lat' dir='ltr'>ut</span> <span class='ocrx_word' id='word_1_531' title='bbox 4194 3226 4491 3291; x_wconf 90' lang='lat' dir='ltr'>barbaros</span> 
     </span>
     <span class='ocr_line' id='line_1_69' title="bbox 2814 3327 4494 3418; baseline 0.001 -25"><span class='ocrx_word' id='word_1_532' title='bbox 2814 3328 3211 3418; x_wconf 90' lang='lat' dir='ltr'>philosophos</span> <span class='ocrx_word' id='word_1_533' title='bbox 3239 3329 3617 3407; x_wconf 87' lang='lat' dir='ltr'>omittamus,</span> <span class='ocrx_word' id='word_1_534' title='bbox 3651 3327 3857 3394; x_wconf 82' lang='lat' dir='ltr'>Graeci</span> <span class='ocrx_word' id='word_1_535' title='bbox 3886 3328 4031 3394; x_wconf 89' lang='grc'>111110</span> <span class='ocrx_word' id='word_1_536' title='bbox 4067 3353 4106 3393; x_wconf 90' lang='lat' dir='ltr'>a</span> <span class='ocrx_word' id='word_1_537' title='bbox 4134 3329 4494 3417; x_wconf 86' lang='lat' dir='ltr'>Pythagora</span> 
     </span>
     <span class='ocr_line' id='line_1_70' title="bbox 2814 3431 4492 3520; baseline 0 -24"><span class='ocrx_word' id='word_1_538' title='bbox 2814 3431 2880 3496; x_wconf 90' lang='lat' dir='ltr'>in</span> <span class='ocrx_word' id='word_1_539' title='bbox 2919 3455 2994 3496; x_wconf 89' lang='lat' dir='ltr'>eo</span> <span class='ocrx_word' id='word_1_540' title='bbox 3032 3431 3400 3520; x_wconf 86' lang='lat' dir='ltr'>explicando</span> <span class='ocrx_word' id='word_1_541' title='bbox 3427 3431 3841 3511; x_wconf 85' lang='lat' dir='ltr'>elaborarunt,</span> <span class='ocrx_word' id='word_1_542' title='bbox 3873 3447 3936 3497; x_wconf 89' lang='lat' dir='ltr'>et</span> <span class='ocrx_word' id='word_1_543' title='bbox 3978 3455 4093 3520; x_wconf 86' lang='lat' dir='ltr'>pro</span> <span class='ocrx_word' id='word_1_544' title='bbox 4120 3431 4492 3497; x_wconf 85' lang='lat' dir='ltr'>familiarum</span> 
     </span>
     <span class='ocr_line' id='line_1_71' title="bbox 2816 3533 4496 3601; baseline 0 -3"><span class='ocrx_word' id='word_1_545' title='bbox 2816 3533 3163 3601; x_wconf 84' lang='lat' dir='ltr'>differentia</span> <span class='ocrx_word' id='word_1_546' title='bbox 3205 3536 3473 3599; x_wconf 65' lang='lat' dir='ltr'>Beatum</span> <span class='ocrx_word' id='word_1_547' title='bbox 3523 3534 3678 3599; x_wconf 90' lang='lat' dir='ltr'>illud</span> <span class='ocrx_word' id='word_1_548' title='bbox 3722 3533 3964 3599; x_wconf 90' lang='lat' dir='ltr'>diverso</span> <span class='ocrx_word' id='word_1_549' title='bbox 4009 3533 4197 3599; x_wconf 90' lang='lat' dir='ltr'>modo</span> <span class='ocrx_word' id='word_1_550' title='bbox 4241 3533 4496 3598; x_wconf 85' lang='lat' dir='ltr'>definie-</span> 
     </span>
     <span class='ocr_line' id='line_1_72' title="bbox 2819 3637 4492 3725; baseline -0.001 -23"><span class='ocrx_word' id='word_1_551' title='bbox 2819 3650 2986 3702; x_wconf 90' lang='lat' dir='ltr'>runt.</span> <span class='ocrx_word' id='word_1_552' title='bbox 3078 3639 3303 3725; x_wconf 90' lang='lat' dir='ltr'>Neque</span> <span class='ocrx_word' id='word_1_553' title='bbox 3330 3637 3666 3703; x_wconf 87' lang='lat' dir='ltr'>defuerunt</span> <span class='ocrx_word' id='word_1_554' title='bbox 3694 3637 4212 3725; x_wconf 87' lang='lat' dir='ltr'>Philosophorum</span> <span class='ocrx_word' id='word_1_555' title='bbox 4255 3637 4492 3724; x_wconf 89' lang='lat' dir='ltr'>peculi-</span> 
     </span>
     <span class='ocr_line' id='line_1_73' title="bbox 2814 3738 4496 3827; baseline -0.002 -22"><span class='ocrx_word' id='word_1_556' title='bbox 2814 3762 2949 3805; x_wconf 87' lang='lat' dir='ltr'>ares</span> <span class='ocrx_word' id='word_1_557' title='bbox 2974 3739 3138 3819; x_wconf 90' lang='lat' dir='ltr'>libri,</span> <span class='ocrx_word' id='word_1_558' title='bbox 3164 3739 3275 3827; x_wconf 89' lang='lat' dir='ltr'>qui</span> <span class='ocrx_word' id='word_1_559' title='bbox 3304 3742 3437 3822; x_wconf 89' lang='grc' dir='ltr'>περὶ</span> <span class='ocrx_word' id='word_1_560' title='bbox 3468 3741 3834 3820; x_wconf 70' lang='grc' dir='ltr'>εὐδαιμονίας</span> <span class='ocrx_word' id='word_1_561' title='bbox 3861 3738 3958 3803; x_wconf 86' lang='lat' dir='ltr'>vel</span> <span class='ocrx_word' id='word_1_562' title='bbox 3986 3738 4260 3803; x_wconf 88' lang='lat' dir='ltr'>similiter</span> <span class='ocrx_word' id='word_1_563' title='bbox 4287 3738 4496 3803; x_wconf 87' lang='lat' dir='ltr'>inscri-</span> 
     </span>
     <span class='ocr_line' id='line_1_74' title="bbox 2814 3840 4495 3929; baseline -0.001 -23"><span class='ocrx_word' id='word_1_564' title='bbox 2814 3840 3129 3921; x_wconf 89' lang='lat' dir='ltr'>berentur,</span> <span class='ocrx_word' id='word_1_565' title='bbox 3160 3842 3223 3906; x_wconf 90' lang='lat' dir='ltr'>in</span> <span class='ocrx_word' id='word_1_566' title='bbox 3252 3842 3506 3929; x_wconf 90' lang='lat' dir='ltr'>quibus,</span> <span class='ocrx_word' id='word_1_567' title='bbox 3538 3858 3610 3907; x_wconf 92' lang='lat' dir='ltr'>ut</span> <span class='ocrx_word' id='word_1_568' title='bbox 3651 3841 3772 3906; x_wconf 92' lang='lat' dir='ltr'>hoc</span> <span class='ocrx_word' id='word_1_569' title='bbox 3814 3855 3978 3920; x_wconf 89' lang='lat' dir='ltr'>utar,</span> <span class='ocrx_word' id='word_1_570' title='bbox 4016 3864 4140 3905; x_wconf 90' lang='lat' dir='ltr'>non</span> <span class='ocrx_word' id='word_1_571' title='bbox 4180 3856 4495 3906; x_wconf 87' lang='lat' dir='ltr'>extremus</span> 
     </span>
     <span class='ocr_line' id='line_1_75' title="bbox 2815 3942 4496 4032; baseline -0.001 -24"><span class='ocrx_word' id='word_1_572' title='bbox 2815 3944 2936 4009; x_wconf 86' lang='lat' dir='ltr'>fuit</span> <span class='ocrx_word' id='word_1_573' title='bbox 2963 3944 3222 4010; x_wconf 88' lang='lat' dir='ltr'>amissus</span> <span class='ocrx_word' id='word_1_574' title='bbox 3249 3944 3351 4010; x_wconf 91' lang='lat' dir='ltr'>ille</span> <span class='ocrx_word' id='word_1_575' title='bbox 3383 3944 3912 4032; x_wconf 88' lang='lat' dir='ltr'>Theophrasteus.</span> <span class='ocrx_word' id='word_1_576' title='bbox 4001 3944 4222 4030; x_wconf 89' lang='lat' dir='ltr'>Atque</span> <span class='ocrx_word' id='word_1_577' title='bbox 4249 3966 4323 4007; x_wconf 85' lang='lat' dir='ltr'>ex</span> <span class='ocrx_word' id='word_1_578' title='bbox 4356 3942 4496 4029; x_wconf 88' lang='lat' dir='ltr'>plu-</span> 
     </span>
     <span class='ocr_line' id='line_1_76' title="bbox 2814 4044 4496 4134; baseline 0 -24"><span class='ocrx_word' id='word_1_579' title='bbox 2814 4046 2984 4110; x_wconf 89' lang='lat' dir='ltr'>rimis</span> <span class='ocrx_word' id='word_1_580' title='bbox 3011 4046 3344 4134; x_wconf 87' lang='lat' dir='ltr'>insigniora</span> <span class='ocrx_word' id='word_1_581' title='bbox 3371 4046 3618 4112; x_wconf 88' lang='lat' dir='ltr'>decreta</span> <span class='ocrx_word' id='word_1_582' title='bbox 3647 4069 3790 4110; x_wconf 86' lang='lat' dir='ltr'>suos</span> <span class='ocrx_word' id='word_1_583' title='bbox 3815 4045 3879 4109; x_wconf 91' lang='lat' dir='ltr'>in</span> <span class='ocrx_word' id='word_1_584' title='bbox 3909 4044 4374 4109; x_wconf 88' lang='lat' dir='ltr'>commentarios</span> <span class='ocrx_word' id='word_1_585' title='bbox 4404 4069 4496 4110; x_wconf 89' lang='lat' dir='ltr'>re-</span> 
     </span>
     <span class='ocr_line' id='line_1_77' title="bbox 2816 4147 4492 4236; baseline -0.002 -22"><span class='ocrx_word' id='word_1_586' title='bbox 2816 4149 3094 4214; x_wconf 88' lang='lat' dir='ltr'>tulerunt</span> <span class='ocrx_word' id='word_1_587' title='bbox 3135 4148 3503 4215; x_wconf 88' lang='lat' dir='ltr'>Aristoteles</span> <span class='ocrx_word' id='word_1_588' title='bbox 3550 4147 3786 4232; x_wconf 86' lang='lat' dir='ltr'>(Ethic.</span> <span class='ocrx_word' id='word_1_589' title='bbox 3822 4147 4065 4212; x_wconf 88' lang='lat' dir='ltr'>Nicom.</span> <span class='ocrx_word' id='word_1_590' title='bbox 4099 4149 4159 4211; x_wconf 95' lang='grc' dir='ltr'>Ι.</span> <span class='ocrx_word' id='word_1_591' title='bbox 4188 4166 4248 4233; x_wconf 93' lang='grc'>3.</span> <span class='ocrx_word' id='word_1_592' title='bbox 4296 4153 4492 4236; x_wconf 89' lang='lat' dir='ltr'>sqq.),</span> 
     </span>
     <span class='ocr_line' id='line_1_78' title="bbox 2817 4248 4496 4330; baseline -0.001 -13"><span class='ocrx_word' id='word_1_593' title='bbox 2817 4250 3055 4330; x_wconf 86' lang='lat' dir='ltr'>Cicero,</span> <span class='ocrx_word' id='word_1_594' title='bbox 3085 4252 3351 4316; x_wconf 89' lang='lat' dir='ltr'>maxime</span> <span class='ocrx_word' id='word_1_595' title='bbox 3393 4252 3457 4315; x_wconf 91' lang='lat' dir='ltr'>in</span> <span class='ocrx_word' id='word_1_596' title='bbox 3501 4251 3689 4315; x_wconf 90' lang='lat' dir='ltr'>libros</span> <span class='ocrx_word' id='word_1_597' title='bbox 3718 4249 3798 4314; x_wconf 90' lang='lat' dir='ltr'>de</span> <span class='ocrx_word' id='word_1_598' title='bbox 3827 4248 4110 4328; x_wconf 88' lang='lat' dir='ltr'>Finibus,</span> <span class='ocrx_word' id='word_1_599' title='bbox 4141 4249 4221 4314; x_wconf 91' lang='lat' dir='ltr'>de</span> <span class='ocrx_word' id='word_1_600' title='bbox 4250 4252 4496 4316; x_wconf 86' lang='lat' dir='ltr'>Natura</span> 
     </span>
     <span class='ocr_line' id='line_1_79' title="bbox 2816 4350 4491 4442; baseline 0.001 -24"><span class='ocrx_word' id='word_1_601' title='bbox 2816 4355 3120 4434; x_wconf 90' lang='lat' dir='ltr'>Deorum,</span> <span class='ocrx_word' id='word_1_602' title='bbox 3150 4354 3339 4442; x_wconf 90' lang='lat' dir='ltr'>inque</span> <span class='ocrx_word' id='word_1_603' title='bbox 3370 4353 3757 4433; x_wconf 83' lang='lat' dir='ltr'>Quaestiones</span> <span class='ocrx_word' id='word_1_604' title='bbox 3789 4350 4199 4431; x_wconf 88' lang='lat' dir='ltr'>Tusculanas,</span> <span class='ocrx_word' id='word_1_605' title='bbox 4241 4356 4491 4432; x_wconf 88' lang='lat' dir='ltr'>Seneca,</span> 
     </span>
     <span class='ocr_line' id='line_1_80' title="bbox 2818 4453 4492 4543; baseline 0.001 -22"><span class='ocrx_word' id='word_1_606' title='bbox 2818 4455 3214 4534; x_wconf 89' lang='lat' dir='ltr'>Plutarchus,</span> <span class='ocrx_word' id='word_1_607' title='bbox 3264 4456 3579 4543; x_wconf 89' lang='lat' dir='ltr'>Diogenes</span> <span class='ocrx_word' id='word_1_608' title='bbox 3626 4454 3939 4532; x_wconf 71' lang='lat' dir='ltr'>Laertius,</span> <span class='ocrx_word' id='word_1_609' title='bbox 3991 4453 4115 4536; x_wconf 89' lang='lat' dir='ltr'>alii,</span> <span class='ocrx_word' id='word_1_610' title='bbox 4166 4479 4365 4543; x_wconf 88' lang='lat' dir='ltr'>usque</span> <span class='ocrx_word' id='word_1_611' title='bbox 4413 4456 4492 4522; x_wconf 89' lang='lat' dir='ltr'>ad</span> 
     </span>
     <span class='ocr_line' id='line_1_81' title="bbox 2816 4556 4494 4647; baseline -0.002 -20"><span class='ocrx_word' id='word_1_612' title='bbox 2816 4561 3118 4627; x_wconf 84' lang='lat' dir='ltr'>Joannem</span> <span class='ocrx_word' id='word_1_613' title='bbox 3145 4559 3487 4624; x_wconf 86' lang='lat' dir='ltr'>Stobaeum.</span> <span class='ocrx_word' id='word_1_614' title='bbox 3533 4556 3657 4637; x_wconf 83' lang='lat' dir='ltr'>Qui</span> <span class='ocrx_word' id='word_1_615' title='bbox 3684 4556 3933 4645; x_wconf 87' lang='lat' dir='ltr'>quidem</span> <span class='ocrx_word' id='word_1_616' title='bbox 3965 4581 4105 4623; x_wconf 89' lang='lat' dir='ltr'>cum</span> <span class='ocrx_word' id='word_1_617' title='bbox 4137 4558 4200 4624; x_wconf 88' lang='lat' dir='ltr'>in</span> <span class='ocrx_word' id='word_1_618' title='bbox 4231 4559 4494 4647; x_wconf 89' lang='lat' dir='ltr'>Ecloga-</span> 
     </span>
     <span class='ocr_line' id='line_1_82' title="bbox 2817 4660 4490 4750; baseline -0.002 -23"><span class='ocrx_word' id='word_1_619' title='bbox 2817 4685 2958 4727; x_wconf 88' lang='lat' dir='ltr'>rum</span> <span class='ocrx_word' id='word_1_620' title='bbox 2982 4660 3153 4727; x_wconf 89' lang='lat' dir='ltr'>libris</span> <span class='ocrx_word' id='word_1_621' title='bbox 3180 4662 3427 4749; x_wconf 88' lang='lat' dir='ltr'>passim,</span> <span class='ocrx_word' id='word_1_622' title='bbox 3458 4660 3724 4725; x_wconf 85' lang='lat' dir='ltr'>maxime</span> <span class='ocrx_word' id='word_1_623' title='bbox 3752 4661 3892 4725; x_wconf 91' lang='lat' dir='ltr'>libr.</span> <span class='ocrx_word' id='word_1_624' title='bbox 3926 4662 4027 4727; x_wconf 91' lang='lat'>11.</span> <span class='ocrx_word' id='word_1_625' title='bbox 4067 4685 4206 4750; x_wconf 88' lang='lat' dir='ltr'>cap.</span> <span class='ocrx_word' id='word_1_626' title='bbox 4226 4663 4381 4726; x_wconf 91' lang='lat' dir='ltr'>VII.</span> <span class='ocrx_word' id='word_1_627' title='bbox 4428 4684 4490 4748; x_wconf 92' lang='lat' dir='ltr'>p.</span> 
     </span>
     <span class='ocr_line' id='line_1_83' title="bbox 2813 4763 4495 4853; baseline 0 -25"><span class='ocrx_word' id='word_1_628' title='bbox 2813 4782 2917 4851; x_wconf 85' lang='lat'>54.</span> <span class='ocrx_word' id='word_1_629' title='bbox 2949 4787 3084 4851; x_wconf 89' lang='lat' dir='ltr'>sqq.</span> <span class='ocrx_word' id='word_1_630' title='bbox 3157 4766 3347 4828; x_wconf 90' lang='lat' dir='ltr'>Heer.</span> <span class='ocrx_word' id='word_1_631' title='bbox 3396 4778 3531 4828; x_wconf 90' lang='lat' dir='ltr'>tum</span> <span class='ocrx_word' id='word_1_632' title='bbox 3577 4764 3642 4828; x_wconf 89' lang='lat' dir='ltr'>in</span> <span class='ocrx_word' id='word_1_633' title='bbox 3687 4763 4005 4853; x_wconf 87' lang='lat' dir='ltr'>Florilegii</span> <span class='ocrx_word' id='word_1_634' title='bbox 4034 4764 4257 4830; x_wconf 87' lang='lat' dir='ltr'>Titulo</span> <span class='ocrx_word' id='word_1_635' title='bbox 4294 4778 4495 4829; x_wconf 88' lang='lat' dir='ltr'>cente-</span> 
     </span>
     <span class='ocr_line' id='line_1_84' title="bbox 2816 4865 4493 4956; baseline -0.003 -23"><span class='ocrx_word' id='word_1_636' title='bbox 2816 4868 2971 4933; x_wconf 89' lang='lat' dir='ltr'>simo</span> <span class='ocrx_word' id='word_1_637' title='bbox 2999 4865 3180 4931; x_wconf 88' lang='lat' dir='ltr'>tertio</span> <span class='ocrx_word' id='word_1_638' title='bbox 3206 4889 3272 4954; x_wconf 96' lang='lat' dir='ltr'>p.</span> <span class='ocrx_word' id='word_1_639' title='bbox 3295 4882 3445 4952; x_wconf 86' lang='lat'>552.</span> <span class='ocrx_word' id='word_1_640' title='bbox 3473 4890 3607 4954; x_wconf 90' lang='lat' dir='ltr'>sqq.</span> <span class='ocrx_word' id='word_1_641' title='bbox 3634 4889 3697 4954; x_wconf 91' lang='lat' dir='ltr'>p.</span> <span class='ocrx_word' id='word_1_642' title='bbox 3723 4887 3870 4954; x_wconf 88' lang='grc'>333.</span> <span class='ocrx_word' id='word_1_643' title='bbox 3892 4892 4026 4956; x_wconf 86' lang='lat' dir='ltr'>sqq.</span> <span class='ocrx_word' id='word_1_644' title='bbox 4047 4865 4493 4942; x_wconf 87' lang='lat' dir='ltr'>ed.Gaisford.,</span> 
     </span>
     <span class='ocr_line' id='line_1_85' title="bbox 2817 4967 4495 5057; baseline -0.002 -23"><span class='ocrx_word' id='word_1_645' title='bbox 2817 4970 2985 5035; x_wconf 90' lang='lat' dir='ltr'>haud</span> <span class='ocrx_word' id='word_1_646' title='bbox 3030 4991 3256 5057; x_wconf 88' lang='lat' dir='ltr'>paucas</span> <span class='ocrx_word' id='word_1_647' title='bbox 3298 4970 3629 5035; x_wconf 87' lang='lat' dir='ltr'>sententias</span> <span class='ocrx_word' id='word_1_648' title='bbox 3660 4988 3939 5035; x_wconf 87' lang='lat' dir='ltr'>veterum</span> <span class='ocrx_word' id='word_1_649' title='bbox 3984 4969 4373 5055; x_wconf 87' lang='lat' dir='ltr'>scriptorum,</span> <span class='ocrx_word' id='word_1_650' title='bbox 4402 4967 4495 5031; x_wconf 90' lang='lat' dir='ltr'>in-</span> 
     </span>
     <span class='ocr_line' id='line_1_86' title="bbox 2815 5068 4494 5161; baseline -0.002 -25"><span class='ocrx_word' id='word_1_651' title='bbox 2815 5071 3030 5161; x_wconf 88' lang='lat' dir='ltr'>primis</span> <span class='ocrx_word' id='word_1_652' title='bbox 3055 5071 3587 5160; x_wconf 87' lang='lat' dir='ltr'>pbilosophorum,</span> <span class='ocrx_word' id='word_1_653' title='bbox 3620 5072 3865 5160; x_wconf 89' lang='lat' dir='ltr'>recepit.</span> <span class='ocrx_word' id='word_1_654' title='bbox 3929 5074 4147 5157; x_wconf 91' lang='lat' dir='ltr'>Atque</span> <span class='ocrx_word' id='word_1_655' title='bbox 4175 5091 4316 5134; x_wconf 89' lang='lat' dir='ltr'>cum</span> <span class='ocrx_word' id='word_1_656' title='bbox 4350 5068 4494 5133; x_wconf 92' lang='lat' dir='ltr'>Plo-</span> 
     </span>
     <span class='ocr_line' id='line_1_87' title="bbox 2819 5170 4493 5262; baseline -0.002 -22"><span class='ocrx_word' id='word_1_657' title='bbox 2819 5174 2984 5241; x_wconf 90' lang='lat' dir='ltr'>tinus</span> <span class='ocrx_word' id='word_1_658' title='bbox 3026 5174 3197 5239; x_wconf 92' lang='lat' dir='ltr'>hunc</span> <span class='ocrx_word' id='word_1_659' title='bbox 3239 5197 3470 5240; x_wconf 88' lang='lat' dir='ltr'>morem</span> <span class='ocrx_word' id='word_1_660' title='bbox 3518 5193 3835 5262; x_wconf 89' lang='lat' dir='ltr'>sequatur,</span> <span class='ocrx_word' id='word_1_661' title='bbox 3866 5188 3938 5238; x_wconf 89' lang='lat' dir='ltr'>ut</span> <span class='ocrx_word' id='word_1_662' title='bbox 3977 5171 4236 5236; x_wconf 87' lang='lat' dir='ltr'>aliorum</span> <span class='ocrx_word' id='word_1_663' title='bbox 4267 5170 4493 5260; x_wconf 87' lang='lat' dir='ltr'>placita</span> 
     </span>
     <span class='ocr_line' id='line_1_88' title="bbox 2818 5272 4489 5366; baseline -0.002 -24"><span class='ocrx_word' id='word_1_664' title='bbox 2818 5277 3353 5366; x_wconf 90' lang='lat' dir='ltr'>philosophorum,</span> <span class='ocrx_word' id='word_1_665' title='bbox 3383 5278 3619 5344; x_wconf 89' lang='lat' dir='ltr'>omissis</span> <span class='ocrx_word' id='word_1_666' title='bbox 3645 5291 3964 5342; x_wconf 88' lang='lat' dir='ltr'>auctorum</span> <span class='ocrx_word' id='word_1_667' title='bbox 3997 5272 4369 5351; x_wconf 89' lang='lat' dir='ltr'>nominibus,</span> <span class='ocrx_word' id='word_1_668' title='bbox 4397 5289 4489 5339; x_wconf 90' lang='lat' dir='ltr'>at-</span> 
     </span>
    </p>
   </div>
   <div class='ocr_carea' id='block_1_8' title="bbox 1052 5375 4488 5471">
    <p class='ocr_par' dir='ltr' id='par_1_10' title="bbox 1052 5375 4488 5471">
     <span class='ocr_line' id='line_1_89' title="bbox 1052 5375 4488 5471; baseline -0.002 -24"><span class='ocrx_word' id='word_1_669' title='bbox 1052 5382 1229 5471; x_wconf 89' lang='lat' dir='ltr'>spicit</span> <span class='ocrx_word' id='word_1_670' title='bbox 1286 5381 1420 5447; x_wconf 81' lang='grc' dir='ltr'>11ωο</span> <span class='ocrx_word' id='word_1_671' title='bbox 1479 5380 1831 5446; x_wconf 86' lang='lat' dir='ltr'>Plotiniaua</span> <span class='ocrx_word' id='word_1_672' title='bbox 1886 5380 2070 5445; x_wconf 88' lang='lat' dir='ltr'>etiam</span> <span class='ocrx_word' id='word_1_673' title='bbox 2128 5378 2339 5444; x_wconf 86' lang='lat' dir='ltr'>David</span> <span class='ocrx_word' id='word_1_674' title='bbox 2393 5377 2736 5445; x_wconf 89' lang='lat' dir='ltr'>Armenius</span> <span class='ocrx_word' id='word_1_675' title='bbox 2821 5380 3040 5468; x_wconf 88' lang='lat' dir='ltr'>tingat,</span> <span class='ocrx_word' id='word_1_676' title='bbox 3069 5378 3149 5445; x_wconf 87' lang='lat' dir='ltr'>de</span> <span class='ocrx_word' id='word_1_677' title='bbox 3175 5380 3542 5469; x_wconf 88' lang='lat' dir='ltr'>potioribus,</span> <span class='ocrx_word' id='word_1_678' title='bbox 3572 5379 3781 5468; x_wconf 86' lang='lat' dir='ltr'>quoad</span> <span class='ocrx_word' id='word_1_679' title='bbox 3809 5378 3943 5465; x_wconf 84' lang='lat' dir='ltr'>ejus</span> <span class='ocrx_word' id='word_1_680' title='bbox 3970 5376 4034 5441; x_wconf 92' lang='lat' dir='ltr'>in</span> <span class='ocrx_word' id='word_1_681' title='bbox 4072 5375 4190 5441; x_wconf 87' lang='lat' dir='ltr'>bac</span> <span class='ocrx_word' id='word_1_682' title='bbox 4226 5391 4488 5440; x_wconf 88' lang='lat' dir='ltr'>annota-</span> 
     </span>
    </p>
   </div>
   <div class='ocr_carea' id='block_1_9' title="bbox 1050 5481 2732 5572">
    <p class='ocr_par' dir='ltr' id='par_1_11' title="bbox 1050 5481 2732 5572">
     <span class='ocr_line' id='line_1_90' title="bbox 1050 5481 2732 5572; baseline -0.002 -23"><span class='ocrx_word' id='word_1_683' title='bbox 1050 5484 1456 5572; x_wconf 88' lang='lat' dir='ltr'>philosophus</span> <span class='ocrx_word' id='word_1_684' title='bbox 1482 5485 1834 5549; x_wconf 90' lang='lat' dir='ltr'>Comment.</span> <span class='ocrx_word' id='word_1_685' title='bbox 1863 5482 1929 5547; x_wconf 90' lang='lat' dir='ltr'>in</span> <span class='ocrx_word' id='word_1_686' title='bbox 1957 5481 2282 5548; x_wconf 90' lang='lat' dir='ltr'>Aristotel.</span> <span class='ocrx_word' id='word_1_687' title='bbox 2304 5483 2565 5570; x_wconf 85' lang='lat' dir='ltr'>Categg.</span> <span class='ocrx_word' id='word_1_688' title='bbox 2597 5504 2732 5570; x_wconf 87' lang='lat' dir='ltr'>cap.</span> 
     </span>
    </p>
   </div>
   <div class='ocr_carea' id='block_1_10' title="bbox 2821 5478 4492 5570">
    <p class='ocr_par' dir='ltr' id='par_1_12' title="bbox 2821 5478 4492 5570">
     <span class='ocr_line' id='line_1_91' title="bbox 2821 5478 4492 5570; baseline -0.004 -22"><span class='ocrx_word' id='word_1_689' title='bbox 2821 5482 3002 5548; x_wconf 90' lang='lat' dir='ltr'>tionis</span> <span class='ocrx_word' id='word_1_690' title='bbox 3026 5481 3329 5548; x_wconf 87' lang='lat' dir='ltr'>brevitate</span> <span class='ocrx_word' id='word_1_691' title='bbox 3357 5483 3489 5548; x_wconf 85' lang='lat' dir='ltr'>fieri</span> <span class='ocrx_word' id='word_1_692' title='bbox 3516 5480 3763 5570; x_wconf 89' lang='lat' dir='ltr'>poterit,</span> <span class='ocrx_word' id='word_1_693' title='bbox 3794 5478 4081 5568; x_wconf 88' lang='lat' dir='ltr'>deinceps</span> <span class='ocrx_word' id='word_1_694' title='bbox 4109 5478 4492 5543; x_wconf 90' lang='lat' dir='ltr'>monebimus</span> 
     </span>
    </p>
   </div>
   <div class='ocr_carea' id='block_1_11' title="bbox 1055 5581 4493 5674">
    <p class='ocr_par' dir='ltr' id='par_1_13' title="bbox 1055 5581 4493 5674">
     <span class='ocr_line' id='line_1_92' title="bbox 1055 5581 4493 5674; baseline -0.002 -22"><span class='ocrx_word' id='word_1_695' title='bbox 1055 5589 1172 5653; x_wconf 90' lang='lat' dir='ltr'>VI.</span> <span class='ocrx_word' id='word_1_696' title='bbox 1223 5591 1279 5674; x_wconf 64' lang='grc' dir='ltr'>ξ.</span> <span class='ocrx_word' id='word_1_697' title='bbox 1311 5604 1372 5671; x_wconf 89' lang='grc'>7.</span> <span class='ocrx_word' id='word_1_698' title='bbox 1423 5587 1486 5651; x_wconf 87' lang='grc'>111</span> <span class='ocrx_word' id='word_1_699' title='bbox 1535 5585 1721 5653; x_wconf 87' lang='lat' dir='ltr'>codd.</span> <span class='ocrx_word' id='word_1_700' title='bbox 1769 5585 2001 5651; x_wconf 89' lang='lat' dir='ltr'>Pariss.</span> <span class='ocrx_word' id='word_1_701' title='bbox 2046 5599 2111 5651; x_wconf 89' lang='lat' dir='ltr'>et</span> <span class='ocrx_word' id='word_1_702' title='bbox 2160 5586 2451 5650; x_wconf 83' lang='lat' dir='ltr'>Monacc.</span> <span class='ocrx_word' id='word_1_703' title='bbox 2497 5583 2736 5672; x_wconf 90' lang='lat' dir='ltr'>aliquot</span> <span class='ocrx_word' id='word_1_704' title='bbox 2819 5585 2900 5651; x_wconf 86' lang='lat' dir='ltr'>ad</span> <span class='ocrx_word' id='word_1_705' title='bbox 2945 5585 3078 5650; x_wconf 88' lang='lat' dir='ltr'>loca</span> <span class='ocrx_word' id='word_1_706' title='bbox 3120 5584 3382 5673; x_wconf 83' lang='lat' dir='ltr'>singula.</span> <span class='ocrx_word' id='word_1_707' title='bbox 3471 5584 3599 5649; x_wconf 90' lang='lat' dir='ltr'>Hic</span> <span class='ocrx_word' id='word_1_708' title='bbox 3635 5597 3841 5648; x_wconf 89' lang='lat' dir='ltr'>autem</span> <span class='ocrx_word' id='word_1_709' title='bbox 3871 5581 3934 5647; x_wconf 89' lang='lat' dir='ltr'>in</span> <span class='ocrx_word' id='word_1_710' title='bbox 3964 5597 4340 5647; x_wconf 85' lang='lat' dir='ltr'>antecessum</span> <span class='ocrx_word' id='word_1_711' title='bbox 4369 5603 4493 5646; x_wconf 86' lang='lat' dir='ltr'>me-</span> 
     </span>
    </p>
   </div>
  </div>
 </body>
</html>
