5118 6613
1032 563 1164 632 504
2106 544 2583 610 ADDENDA
2627 542 2757 607 ΕΤ
2806 541 3461 609 CORRIGENDA.

1039 721 1420 800 Prolegomm.
1449 722 1520 781 ad
1547 718 1887 800 Leptineam
1915 740 1971 798 p.
1994 719 2146 779 CLI.
2173 740 2257 798 sq.
2339 719 2545 796 Neque
2573 736 2702 776 vero
2730 717 3008 776 mansueti
3037 717 3317 797 amicique
3349 717 3526 777 animi
3552 716 3666 777 vim
3696 716 3880 778 inesse
3906 718 3964 777 in
3994 717 4094 778 illo
4121 718 4308 789 titulo,
4336 720 4522 801 arguit

1041 819 1338 899 inscriptio
1366 819 1512 889 libri,
1537 838 1651 897 quo
1682 818 2042 897 Nicephorus
2070 819 2369 875 Cbumnus
2400 817 2581 896 ipsius
2612 814 2818 874 Plotini
2846 815 3160 876 doctrinam
3190 817 3262 875 de
3288 815 3495 875 Anima
3522 815 3854 897 impugnat=
3895 821 4215 886 Ἀντιθετικὸς
4238 819 4348 895 πρὶς
4374 826 4522 876 Πλω-

1044 926 1171 976 τῒνον
1195 931 1255 977 et
1280 916 1611 999 explicatius
1640 916 1808 975 etiam
1838 915 2110 974 librorum
2139 913 2333 994 Cyrilli
2370 915 2633 973 adversus
2659 915 2697 972 J
2701 914 2949 973 ulianum
2977 916 3087 991 πρὸς
3110 918 3184 972 τὰ
3210 923 3294 973 τοῦ
3320 922 3371 974 ἐν
3395 915 3553 982 ἀθέοις
3575 921 3838 973 Ἰουλιανοῢ
3862 915 4013 992 λόγοι.
4085 915 4329 975 Proinde
4355 913 4523 995 hujus

1046 1015 1353 1075 l’lotiniani
1377 1015 1507 1075 libri
1535 1014 1762 1074 titulum
1791 1013 2022 1073 Ficinus
2049 1013 2294 1072 debebat
2319 1025 2567 1071 vertere:
2611 1015 2868 1070 adversus
2895 1011 3220 1082 Gnosticos,
3250 1013 3398 1074 sicut
3424 1012 3767 1093 Longiniani
3802 1011 3954 1071 illius
3991 1012 4116 1072 libri
4143 1013 4372 1073 titulum
4401 1034 4525 1073 om·

1048 1115 1206 1173 nium
1234 1113 1450 1194 optime
1475 1113 1643 1172 vertit
1668 1112 1872 1171 Morus
1902 1114 1988 1187 (in
2017 1114 2235 1170 Annot.
2263 1112 2323 1169 in
2353 1110 2601 1190 Longini
2632 1109 2831 1189 fragm.
2854 1110 2928 1168 V.
2972 1131 3031 1190 p.
3061 1126 3095 1187 5
3114 1129 3200 1186 19.
3228 1112 3321 1171 ed.
3342 1110 3582 1186 Weisk.)
3614 1114 3871 1170 adversus
3898 1110 4202 1171 Plotinum.

1127 1211 1354 1271 Deinde
1377 1231 1507 1270 vero
1533 1210 1844 1269 laudandus
1871 1221 1960 1268 est
1980 1209 2244 1286 Heiglius
2265 1207 2418 1286 quod
2445 1228 2478 1266 e
2503 1206 2793 1268 codicibus
2814 1208 3263 1268 Monacensibus
3289 1228 3420 1268 eum
3449 1210 3518 1269 ad
3540 1228 3700 1268 suam
3726 1208 4031 1268 editionem
4057 1209 4333 1279 adhibuit,
4355 1231 4526 1291 quem

1048 1313 1169 1392 ipse
1218 1310 1521 1389 aliquando
1569 1307 1804 1375 excussi,
1854 1320 1913 1366 et
1958 1306 2118 1383 cujus
2166 1308 2478 1366 bonitatem
2528 1304 2876 1383 experiundo
2923 1309 3160 1386 cognovi
3214 1307 3352 1382 (vid.
3394 1308 3692 1386 Praeparat.
3737 1308 3807 1366 ad
3852 1308 4060 1368 Plotin.
4106 1310 4177 1369 de
4223 1309 4524 1388 pulcritud.

1049 1431 1107 1489 p.
1139 1410 1387 1469 CXXX.
1419 1410 1566 1487 sq.);
1610 1426 1793 1485 neque
1820 1419 2009 1465 tamen
2048 1406 2321 1464 hactenns
2361 1403 2692 1477 laudandus,
2724 1404 2876 1481 quod
2904 1403 3141 1463 alterum
3170 1403 3514 1484 tertiumque
3541 1406 3797 1464 codicem
3826 1406 4089 1487 neglexit,
4119 1408 4215 1488 qui
4243 1408 4301 1467 in
4328 1409 4525 1469 eadem

1048 1508 1397 1569 bibliotheca
1421 1518 1790 1564 asservantur.
1871 1503 2078 1581 Neque
2105 1521 2235 1562 vero
2263 1501 2402 1561 illud
2429 1504 2762 1582 probabitur
2787 1505 3069 1581 cuiquam,
3092 1504 3240 1582 quod
3272 1503 3425 1562 idem
3453 1503 3640 1563 editor
3664 1504 3857 1564 omisit
3882 1506 4305 1586 prolegomena,
4327 1507 4530 1587 quibus

1047 1603 1445 1685 exponendum
1488 1614 1609 1662 erat
1649 1602 1720 1661 de
1756 1621 1822 1660 ea
1857 1599 2189 1679 quaestione,
2221 1613 2407 1659 utrum
2445 1600 2709 1662 Plotinus
2749 1601 2959 1680 scripto
3001 1620 3104 1659 suo
3144 1600 3496 1659 Christianos
3538 1600 3828 1661 universos
3872 1602 4236 1684 impugnarit,
4267 1626 4338 1665 an
4380 1605 4531 1665 solos

1047 1703 1320 1783 quosdam
1362 1699 1676 1769 haereticos,
1705 1713 1765 1759 et
1804 1718 2083 1778 quosnam
2124 1697 2501 1777 potissimum.
2583 1701 2734 1759 Tum
2776 1700 2837 1759 in
2879 1699 3247 1759 annotatione
3288 1700 3360 1758 ad
3401 1699 3612 1759 calcem
3656 1702 3908 1779 subjecta
3944 1702 4231 1782 congessit
4271 1702 4418 1763 idem
4449 1703 4532 1763 vir

1049 1803 1249 1860 doctus
1287 1819 1548 1879 magnam
1578 1799 1912 1877 farraginem
1942 1796 2198 1856 locorum
2228 1816 2262 1856 e
2287 1798 2450 1857 variis
2489 1799 2855 1879 scriptoribus
2897 1796 3292 1857 ecclesiasticis
3332 1796 3523 1866 etiam,
3554 1817 3738 1877 neque
3766 1818 3896 1858 vero
3922 1799 4154 1878 digessit
4180 1820 4286 1861 nec
4310 1803 4527 1862 ratione

1053 1996 1200 2055 haud
1238 1995 1667 2055 accommodata
1693 1992 2019 2061 videantur;
2060 2014 2166 2053 nec
2206 2013 2387 2072 pauca
2425 1993 2649 2063 desunt,
2677 2014 2806 2072 quae
2847 1994 2919 2053 ad
2956 1992 3355 2072 impeditorum
3394 1995 3645 2052 locorum
3688 1994 4120 2072 explicationem
4162 1997 4532 2076 requirantur.

1054 2091 1577 2171 Interpunctionem
1620 2102 1808 2150 autem
1853 2103 1918 2149 ut
1956 2090 2150 2149 multis
2192 2093 2251 2149 in
2290 2091 2430 2149 locis
2470 2092 2791 2151 emendavit
2819 2091 3117 2172 Heiglius:
3164 2091 3246 2150 ita
3284 2091 3446 2170 signa
3484 2091 3835 2152 exclamandi
3862 2093 4198 2153 Plotinianis
4236 2095 4531 2155 sententiis

1053 2190 1362 2250 identidem
1399 2188 1735 2268 interposita
1769 2189 2132 2247 adversantur
2157 2187 2279 2264 ejus
2304 2188 2628 2268 philosophi
2656 2189 2907 2270 ingenio.
2993 2190 3100 2248 Est
3127 2189 3279 2249 enim
3308 2195 3427 2268 ejus
3454 2190 3635 2249 oratio
3662 2190 3936 2270 placidior
3961 2212 4130 2271 quam
4159 2193 4437 2266 fervidior,
4469 2207 4530 2254 ut

1052 2288 1380 2368 plurimum,
1409 2300 1469 2346 et
1507 2286 1641 2346 licet
1666 2285 1970 2365 Longinus
2012 2287 2069 2343 in
2098 2286 2329 2345 Plotino
2366 2285 2557 2345 laudet
2584 2295 2680 2346 τῦν
2713 2294 2889 2346 ἐννοιῢν
2924 2290 3014 2360 τὴν
3047 2288 3345 2360 πυκνότητα,
3375 2288 3781 2347 sententiarum
3813 2289 4004 2367 paucis
4042 2290 4222 2349 verbis
4255 2291 4530 2350 inclusam

1055 2385 1450 2464 frequentiam,
1480 2404 1597 2444 non
1636 2396 1827 2443 tamen
1868 2384 2216 2442 declamator
2253 2383 2344 2444 hic
2385 2397 2490 2454 est,
2519 2385 2620 2444 sed
2664 2385 3043 2466 investigator,
3075 2387 3355 2464 habetque
3381 2387 3533 2465 quod
3572 2388 3724 2445 idem
3761 2386 3986 2446 criticus
4014 2387 4156 2449 dicit
4180 2390 4237 2446 τὸ
4263 2391 4535 2468 φιλόσοφον

1053 2489 1142 2554 τῆς
1166 2492 1262 2542 τῢν
1283 2488 1578 2557 ζητημάτων
1602 2485 1881 2549 διαθέσεως.
1965 2484 2273 2553 Quomodo
2297 2482 2542 2562 denique
2567 2483 2820 2544 criticam
2850 2483 3206 2552 factitaverit,
3240 2486 3294 2542 h.
3318 2502 3367 2542 e.
3395 2485 3531 2563 quid
3560 2483 3616 2543 in
3647 2497 3807 2545 textu
3832 2486 4190 2546 emendando
4217 2485 4537 2567 praestiterit

1057 2581 1338 2662 Heiglius,
1366 2601 1434 2640 ex
1462 2579 1553 2639 his
1576 2579 1845 2659 exemplis
1872 2579 1975 2660 ipsi
2005 2580 2218 2660 optime
2247 2581 2639 2663 dijudicabunt
2664 2583 2900 2642 eruditi:

1138 2702 1198 2759 p.
1229 2698 1362 2757 199.
1395 2680 1434 2739 l.
1464 2698 1553 2737 10.
1585 2696 1674 2737 11.
1718 2685 1837 2737 ἀλλ’
1865 2679 1915 2736 ἕν
1941 2704 2012 2747 τι,
2045 2679 2266 2759 Heigl.:
2309 2685 2454 2737 ἀλλὰ
2481 2682 2530 2738 ἕν
2556 2706 2608 2739 τι
2634 2701 2707 2739 ex
2735 2693 2975 2761 quatuor
3001 2678 3195 2739 libris:
3243 2693 3493 2740 nostram
3523 2681 3827 2740 lectionem
3854 2693 4052 2740 tenent
4078 2683 4267 2742 ceteri.

1139 2811 1219 2822 -
1248 2776 1288 2835 l.
1318 2795 1409 2853 13.
1449 2782 1639 2846 ταύτην
1665 2782 1745 2835 δεῖ
1769 2783 1971 2851 νομιζειν
1995 2778 2085 2847 τὴν
2109 2784 2262 2855 φύσιν
2293 2780 2381 2835 καὶ
2415 2780 2537 2852 μίαν
2574 2780 2752 2855 λέγειν.
2799 2780 2909 2837 H.:
2954 2780 3045 2849 τὴν
3071 2781 3225 2849 αὐτὴν
3251 2782 3295 2837 δ.
3322 2805 3366 2836 ν.
3394 2804 3446 2838 τ.
3473 2791 3538 2858 φ.
3565 2804 3614 2838 κ.
3644 2805 3704 2853 μ.
3733 2790 3786 2838 λ.
3814 2798 3882 2840 ex
3909 2779 4031 2838 sola
4056 2781 4311 2841 versione
4337 2783 4535 2853 Ficini,

1061 2877 1158 2953 qui
1186 2888 1378 2933 tamen
1407 2872 1487 2933 sic
1516 2893 1634 2932 non
1662 2873 1816 2953 legit,
1846 2876 1944 2934 sed
1973 2877 2059 2933 καὶ
2085 2879 2207 2950 μίαν
2229 2874 2398 2934 simul
2425 2875 2736 2955 exprimere
2762 2876 2955 2936 voluit.

1143 3004 1226 3015 —
1259 2973 1342 3050 (p.
1360 2987 1495 3048 359.
1519 2972 1743 3049 Oxou.)
1776 2973 1814 3030 l.
1836 2989 1892 3048 5.
1934 2975 2020 3031 καὶ
2046 2975 2105 3031 τὸ
2131 2981 2254 3032 νοοῦν
2278 2979 2488 3050 πρώτως,
2521 2975 2630 3033 H.:
2674 2978 2760 3033 καὶ
2787 2977 2869 3034 τὸν
2893 2982 2993 3033 νοῦν
3016 2974 3250 3052 πρότερον.
3273 2973 3425 3052 quod
3457 2994 3491 3032 a
3512 2974 3739 3054 vulgata
3764 2974 4006 3034 lectione
4031 2979 4118 3034 καὶ
4144 2979 4202 3035 τὸ
4228 2986 4330 3037 νοῦν
4353 2984 4542 3057 πρότως

1065 3068 1306 3126 nimium
1335 3068 1564 3137 recedit,
1594 3089 1700 3127 nec
1728 3069 1854 3127 libri
1882 3076 2211 3149 cujusquam
2241 3074 2578 3131 auctoritate
2607 3071 2820 3131 nititur.

1145 3199 1225 3212 -—
1255 3165 1292 3224 l.
1321 3183 1375 3240 7.
1417 3165 1520 3223 εἴτε
1551 3170 1650 3242 γὰρ
1686 3171 2119 3226 euna—*aava
2150 3169 2408 3246 φήσουσιν.
2453 3170 2564 3227 H.:
2610 3175 2655 3227 εἰ
2683 3175 2782 3247 γὰρ
2809 3172 3269 3230 ἐλάττω-ταύτὸν
3293 3182 3355 3250 φ.
3436 3170 3546 3229 Sed
3583 3169 3685 3228 εἴτε
3725 3190 3854 3229 cum
3897 3172 3991 3231 ed.
4018 3172 4195 3233 Basil.
4225 3189 4540 3254 agnoscunt

1066 3284 1264 3325 omnes
1302 3262 1448 3335 libri,
1478 3275 1535 3324 et
1572 3263 1712 3324 illud
1747 3265 1804 3323 τὲ
1845 3265 2199 3326 referendum
2235 3280 2323 3326 est
2362 3267 2431 3326 ad
2469 3287 2709 3346 sequens
2744 3270 2904 3328 λοιπον
2939 3269 3011 3338 δὲ,
3043 3268 3142 3345 (cf.
3173 3268 3492 3327 Hermann.
3521 3269 3591 3328 ad
3619 3268 3808 3350 Viger.
3851 3290 3906 3350 p.
3941 3270 4074 3348 836.
4104 3286 4164 3332 et
4201 3272 4446 3334 Scbaefer
4470 3273 4541 3335 ad

1068 3366 1307 3442 Dionys.
1338 3362 1474 3421 Hal.
1502 3363 1573 3422 de
1600 3365 1897 3443 composit.
1927 3385 1985 3443 p.
2017 3370 2174 3442 192.)

1147 3496 1229 3508 —
1256 3461 1293 3519 l.
1321 3462 1375 3520 8.
1417 3461 1672 3540 φήσουσιν.
1754 3462 1993 3522 Rectius
2023 3462 2218 3543 Heigl.
2245 3466 2504 3542 φήσουσιν,
2535 3464 2917 3545 interpunctio
2944 3464 3095 3523 enim
3126 3470 3306 3544 maj0r
3331 3464 3390 3522 in
3421 3463 3696 3525 minorem
3726 3467 3999 3526 mutanda
4022 3481 4130 3527 est.
4213 3470 4462 3528 Contra:

1149 3592 1223 3604 —
1257 3558 1293 3617 l.
1326 3577 1418 3618 ιο.
1461 3560 1621 3617 Inter
1647 3566 1824 3618 τούτων
1850 3573 1908 3619 et
1934 3560 2058 3629 τίνες
2086 3561 2353 3642 virgulam
2383 3583 2488 3641 pro
2514 3577 2731 3642 puncto
2759 3582 3030 3642 reponere
3057 3562 3300 3621 debebat
3328 3561 3519 3643 Heigl.

1150 3691 1233 3702 —
1258 3655 1297 3714 l.
1335 3657 1427 3715 18.
1460 3655 1618 3715 Ἔστι
1643 3662 1742 3736 «γὰρ
1769 3659 1829 3726 ὥς
1853 3666 1985 3729 ἐστι,
2014 3666 2113 3727 νοῦς
2146 3663 2225 3718 ἀεὶ
2256 3664 2487 3728 ὦσαύτως
2511 3667 2729 3739 ἐνεργείᾳ
2752 3661 2960 3737 nequem
2987 3665 3202 3738 ἔστῶσῃ.
3247 3662 3356 3720 H.:
3421 3670 3480 3719 Ε.
3506 3687 3561 3737 γ.
3592 3660 3650 3728 ὅς
3679 3667 3793 3719 ἐστι
3819 3670 3934 3732 νοῦς,
3963 3666 4045 3721 ἀεὶ
4080 3670 4307 3732 &adra
4331 3671 4380 3723 ἐν
4416 3672 4542 3743 ἐνερ-

1071 3758 1191 3831 γείᾳ.
1216 3780 1264 3813 κ.
1293 3761 1409 3812 ἐστ.
1440 3755 1610 3835 plane
1636 3756 1783 3815 sicut
1808 3776 1916 3835 ego
1943 3762 2291 3836 conjeceram
2323 3759 2393 3816 ad
2420 3759 2559 3817 Var.
2587 3760 2749 3818 Lect.

1156 3874 1214 3932 p.
1251 3871 1384 3913 200.
1414 3855 1480 3911 C.
1515 3856 1599 3933 (p.
1630 3856 1768 3930 360.
1797 3856 1838 3913 l.
1866 3859 1952 3931 4.)
1997 3856 2155 3913 Pone
2182 3875 2408 3914 comma
2435 3855 2587 3915 inter
2604 3865 2752 3915 ποιεῖν
2776 3869 2836 3916 et
2861 3864 2923 3928 et,
2955 3855 3036 3916 nti
3062 3855 3198 3915 fecit
3226 3856 3421 3936 Heigl.

1156 3983 1237 3995 —
1265 3950 1304 4008 l.
1333 3967 1389 4028 5.
1429 3955 1516 4009 καὶ
1545 3957 1644 4031 γὰρ
1671 3958 1716 4011 εἰ
1746 3952 1874 4011 ἄλλο
1907 3955 1962 4012 τὸ
1998 3960 2048 4011 δν
2085 3959 2265 4022 τούτοις
2296 3962 2431 4022 νοεῖν,
2464 3956 2577 4014 H.:
2631 3982 2680 4015 κ.
2709 3981 2763 4031 γ.
2792 3962 2837 4014 el
2875 3956 3004 4013 ἄλλο
3043 3958 3100 4013 τὸ
3141 3961 3192 4012 ἐν
3231 3964 3303 4028 τῷ
3343 3963 3405 4029 νῷ
3443 3962 3560 4012 νοεῖν
3594 3954 3717 4014 alne
3756 3955 3913 4014 libris
3954 3977 4020 4016 ac
4062 3970 4287 4019 temere.
4371 3962 4551 4022 Recte

1076 4049 1229 4109 enim
1261 4050 1381 4108 haec
1410 4052 1808 4130 interpretatus
1834 4064 1922 4110 est
1948 4050 2213 4110 Ficinus:
2264 4060 2303 4087 ‘⁴
2320 4052 2551 4111 Etenim
2582 4052 2628 4112 si
2656 4057 2715 4111 in
2744 4054 2827 4111 his
2852 4053 3002 4112 aliud
3030 4066 3118 4112 est
3143 4052 3474 4131 simpliciter
3500 4051 3866 4132 intelligere.”

1159 4179 1241 4192 —-
1267 4146 1305 4204 l.
1334 4149 1389 4208 8.
1431 4152 1576 4207 ἀλλὰ
1600 4154 1794 4217 πάντως
1816 4174 1878 4224 ’γε
1904 4153 1927 4207 ὃ
1952 4151 2097 4216 αὐτὸς
2123 4147 2272 4208 ἔσται
2296 4150 2441 4228 ’ὅσπερ
2469 4152 2608 4219 ἐνόει,
2641 4152 2749 4210 H.:
2796 4177 2851 4211 α.
2879 4178 2933 4210 «ι’.
2962 4178 3019 4228 γ.
3049 4177 3088 4210 ο.
3118 4177 3176 4210 α.
3204 4150 3354 4209 ἔσται
3381 4162 3454 4225 τᾷ
3476 4151 3622 4229 ὅσπερ
3650 4152 3784 4210 ἐνόει.
3854 4152 4029 4211 Male.

1160 4279 1242 4291 —
1269 4246 1308 4305 l.
1336 4266 1393 4323 9.
1435 4246 1591 4304 ἄλλον
1612 4244 1759 4316 ἔντος,
1789 4253 1909 4304 ἀλλ’
1935 4253 2017 4304 οὐκ
2043 4254 2190 4305 αὐτοῦ
2215 4257 2300 4306 τοῦ
2326 4249 2583 4319 νενοηκότος
2613 4250 2673 4307 Η
2680 4274 2716 4308 .:
2762 4277 2819 4308 a.
2843 4247 2974 4318 ’ὄντος
2997 4257 3085 4308 ἀπ’
3115 4256 3264 4308 αὐτοῦ
3290 4275 3341 4307 τ.
3370 4274 3412 4308 ν.
3471 4250 3560 4307 Cf.
3587 4248 3718 4307 Var.
3746 4249 3912 4309 Lect.

1157 4374 1242 4388 —
1266 4342 1337 4403 Ε.
1365 4342 1405 4401 l.
1437 4361 1526 4417 14.
1555 4360 1650 4421 15.
1703 4352 1749 4402 ci
1786 4348 1873 4404 καὶ
1909 4349 2113 4422 μετρίως
2150 4350 2395 4406 σπουδαῖοι
2437 4343 2545 4417 εἷεν,
2575 4351 2744 4407 αἰτίαν
2776 4346 2838 4406 ἄν
2876 4352 3148 4427 ἀφροσύνης
3185 4345 3354 4421 ἔχοιεν.
3399 4347 3506 4405 H.:
3568 4342 3947 4421 εἷμεν-αἷτίαν
3975 4353 4244 4428 ἀφροσύνης
4278 4349 4381 4427 ἔχοι
4414 4352 4495 4424 ἄν,
4525 4374 4558 4413 e

1082 4440 1301 4509 Ficino,
1331 4460 1430 4520 per
1454 4447 1834 4520 conjecturam
1864 4456 1925 4502 et
1949 4443 2072 4502 sine
2097 4442 2273 4503 libris.

1162 4571 1247 4584 —
1272 4539 1336 4596 F.
1373 4539 1455 4615 (p.
1484 4540 1623 4612 361.
1653 4541 1867 4617 Oxou.)
1908 4541 1948 4599 l.
1976 4560 2035 4616 3.
2092 4548 2151 4609 ὥς
2175 4539 2228 4600 ἓν
2251 4540 2318 4601 ὅν.
2361 4543 2469 4601 H.:
2535 4550 2595 4612 ὡς
2630 4544 2729 4603 ἐνόν
2766 4562 2835 4602 ex
2873 4562 3028 4603 mera
3061 4549 3404 4622 conjectura.
3459 4541 3634 4600 Male.
3718 4543 3860 4602 Mox
3903 4543 4056 4603 idem
4093 4565 4197 4626 pro
4233 4553 4341 4606 ἐκεῖ
4372 4552 4562 4609 διπλοῦν

1089 4634 1248 4693 dedit
1272 4633 1377 4710 ἔχει
1406 4639 1450 4695 δ.
1535 4635 1698 4695 Libri
1727 4638 1804 4696 nil
1830 4638 2067 4699 variant.
2151 4639 2312 4699 Idem
2342 4653 2571 4700 tamen:

1164 4764 1248 4777 —
1274 4732 1313 4791 l.
1347 4748 1404 4810 5.
1444 4745 1576 4813 post
1598 4734 1675 4791 ὅτι
1700 4743 1799 4793 νοεῖ
1817 4735 2246 4817 intelligentiam
2276 4738 2487 4814 adjuvit
2514 4740 2775 4819 adposito
2804 4739 2969 4819 signo
2995 4738 3399 4818 interrogandi,
3433 4736 3683 4816 itemque
3709 4737 3749 4797 l.
3784 4739 3838 4796 8.
3868 4750 4000 4817 post
4024 4742 4162 4799 οὕτω.

1167 4863 1250 4875 —
1278 4832 1354 4890 G.
1383 4830 1420 4889 l.
1451 4850 1509 4908 9.
1556 4827 1671 4889 εἶτα
1706 4834 1802 4890 ἀπὸ
1839 4840 2006 4892 τούτου
2041 4837 2301 4912 γίγνεσθαι
2336 4844 2387 4895 ἐν
2412 4843 2556 4914 ψυχῇ
2582 4838 2752 4907 ἄλλον,
2782 4844 2870 4895 ἀπ’
2898 4843 3050 4895 αὐτοῦ
3071 4843 3156 4893 τοῦ
3183 4837 3342 4911 λόγου,
3374 4835 3485 4894 H.:
3543 4831 3659 4893 εἶτα
3684 4839 3909 4911 γίνεσθαι
3938 4842 3987 4895 ἓν
4015 4848 4081 4917 τῇ
4103 4844 4244 4917 ψυχῇ
4271 4838 4450 4916 (ἄλλον
4475 4848 4563 4900 ἀπ’

1090 4934 1238 4985 αὐτοῦ
1263 4936 1347 4985 τοῦ
1373 4928 1563 5004 λόγου).
1606 4928 1739 4988 Vid.
1762 4929 1897 4989 Var.
1926 4931 2091 4993 Lect.

1173 5044 1229 5102 p.
1266 5043 1399 5083 201.
1428 5026 1496 5083 A.
1539 5024 1581 5084 l.
1615 5043 1707 5101 13.
1749 5030 1836 5085 καὶ
1860 5028 1975 5096 ὅλως
2000 5036 2082 5088 οὔκ
2107 5032 2286 5102 ‘loviers
2313 5041 2430 5102 νοῦν,
2459 5034 2573 5091 H.:
2628 5036 2713 5091 καὶ
2739 5034 2856 5102 ὅλως
2881 5036 2967 5091 καὶ
2992 5039 3074 5090 οὐκ
3099 5035 3184 5089 εἴθ.
3213 5037 3338 5089 νοῦν.
3425 5031 3536 5089 Sed
3568 5031 3690 5090 haec
3726 5050 3759 5092 e
3796 5030 3980 5111 primo
4012 5032 4178 5112 hujus
4214 5033 4341 5093 libri
4383 5036 4564 5115 capite

1091 5123 1301 5182 selecta
1339 5124 1619 5185 sufficient
1659 5127 1730 5185 ad
1769 5126 2171 5207 designandam
2209 5130 2480 5202 criticam,
2512 5152 2681 5210 quam
2719 5132 2996 5192 factitavit
3031 5131 3246 5190 editor:
3291 5151 3360 5189 ex
3394 5130 3757 5208 sequentibus
3794 5132 3928 5190 hinc
3962 5130 4097 5189 inde
4132 5143 4354 5190 tantum
4390 5152 4565 5211 pauca

1091 5220 1468 5282 enotabimus.

1173 5349 1256 5364 —
1280 5319 1354 5377 E.
1399 5320 1484 5396 (p.
1516 5322 1657 5398 363.
1686 5323 1875 5382 Oxon.
1924 5323 1960 5382 l.
1991 5342 2048 5400 3.
2076 5327 2165 5400 4.)
2206 5330 2455 5408 corrige:
2504 5335 2547 5388 εἴ
2582 5332 2654 5402 μή
2688 5356 2738 5387 τι
2772 5332 2910 5405 μετὰ
2941 5329 2999 5386 τὸ
3033 5331 3226 5404 πρώτως
3258 5331 3343 5404 ζ’ᾗν
3367 5329 3463 5400 ζῴη
3498 5328 3585 5384 καὶ
3621 5325 3840 5403 δευτέρως
3869 5327 4004 5400 (hoc
4043 5324 4316 5404 posterius
4353 5325 4567 5403 recepit

1095 5414 1266 5474 etiam
1290 5416 1531 5495 Heigl.).
1576 5419 1667 5478 Cf.
1687 5420 1823 5479 Var.
1841 5423 2004 5481 Lect.
2036 5436 2210 5483 nostr.
2240 5438 2299 5483 et
2326 5427 2372 5484 F
2374 5426 2504 5485 icini
2528 5427 2862 5494 versionem,
2886 5428 2944 5483 in
2971 5446 3083 5503 qua
3109 5444 3173 5484 ex
3202 5424 3335 5485 edit.
3367 5423 3621 5503 principe
3645 5425 3783 5482 item
3814 5422 4207 5502 corrigendum
4234 5435 4351 5481 est:
4400 5428 4439 5453 “
4459 5422 4569 5481 nisi

1096 5523 1231 5589 post
1253 5511 1411 5579 illud,
1441 5515 1589 5591 qnod
1620 5517 1802 5595 primo
1828 5519 1981 5589 vivit,
2008 5521 2158 5583 vivat
2182 5534 2242 5580 et
2269 5526 2424 5581 aliud
2454 5527 2585 5603 (pro
2613 5522 2898 5599 aliunde)''
2926 5536 3182 5584 cet.-et
3210 5544 3376 5582 mox:
3422 5530 3464 5559 “
3483 5534 3544 5582 et
3572 5525 3817 5599 quaedam
3842 5520 3900 5580 in
3936 5520 4297 5601 generatione
4324 5519 4568 5579 versari”

1102 5611 1230 5687 (vro
1258 5613 1556 5690 quadam)-
