5118 6613
1016 539 1142 611 350

1104 720 1167 785 p.
1204 715 1230 761 1
1249 713 1394 781 143,
1435 713 1530 779 15.
1574 693 1910 782 ζωγραφία]
1959 691 2145 758 Conf.
2181 691 2417 757 Platon.
2450 691 2709 757 Politice

1021 823 1087 887 p.
1108 815 1259 883 277.
1291 822 1356 886 p.
1381 798 1524 882 289.
1545 820 1638 884 sq.
1666 794 1936 860 Bekker.

1105 924 1173 989 p.
1198 921 1383 984 1144,
1423 919 1478 963 1.
1525 901 1642 964 Καὶ
1682 899 1818 981 περὶ
1858 900 1970 978 μὲν
1997 901 2097 978 τῆς
2137 896 2466 980 λεγομένης
2506 898 2712 965 οὖσίας

1023 1032 1075 1070 κ.
1108 1030 1162 1068 τ.
1193 1005 1280 1090 λ.]
1334 1005 1487 1068 Huc
1532 1003 1734 1068 facere
1781 1000 2072 1065 videntur
2116 999 2252 1065 baec
2302 999 2601 1089 Simplicii
2646 1000 2710 1064 in

1024 1107 1289 1173 Aristot.
1327 1108 1647 1193 Categorr.
1679 1106 1787 1190 69.
1817 1126 1894 1168 a:
1942 1105 2063 1167 ὅσα
2103 1104 2210 1168 οὖν
2250 1105 2471 1168 τούτων
2510 1103 2592 1184 μὴ
2633 1107 2713 1190 τῷ

1023 1214 1192 1297 ποσῷ
1221 1208 1622 1281 συντάττεται,
1656 1208 1821 1272 ἀλλὰ
1847 1210 1926 1293 τῷ
1951 1210 2273 1291 χαρακτῆρι
2303 1207 2399 1270 καὶ
2423 1210 2504 1293 τῷ
2542 1209 2711 1291 ποιῷ,

1025 1315 1278 1395 πότερον
1318 1314 1385 1376 ἐν
1424 1312 1595 1397 ἄλλῳ
1637 1312 1780 1374 εἴδει
1821 1308 2088 1373 τάττεται
2130 1312 2291 1391 παρὰ
2326 1312 2400 1373 τὰ
2439 1307 2716 1391 εἰρημένα

1026 1419 1127 1496 τῆς
1152 1416 1477 1493 ποιότητος,
1508 1414 1707 1494 ὥσπερ
1739 1410 2117 1494 Ἀνδρόνικός
2159 1436 2224 1476 τε
2268 1413 2363 1476 καὶ
2405 1416 2717 1478 Πλωτῖνος

1026 1514 1580 1597 ὑπολαμβάνουσιν,
1613 1512 1650 1594 ἢ
1681 1513 1915 1579 ἔνεστιν
1942 1513 2043 1598 ὑφ’
2076 1514 2144 1579 ἓν
2175 1516 2322 1579 αὐτὰ
2361 1520 2479 1579 τῶν
2506 1511 2711 1578 τεττά-

1026 1644 1149 1702 ρων
1189 1616 1641 1700 προσβιβάζειν·
1688 1621 1857 1680 τοῦτο
1902 1616 1969 1681 δέ
2014 1620 2142 1681 ἐστι
2186 1620 2402 1700 σαφὲς,
2435 1619 2543 1681 ἐὰν
2580 1616 2716 1698 περὶ

1031 1722 1205 1801 αὐτῆς
1241 1725 1341 1800 τῆς
1376 1721 1702 1802 βαρύτητος
1742 1721 1836 1784 καὶ
1876 1721 2230 1803 κουφότητος
2270 1724 2509 1802 γνωσθῇ
2559 1720 2716 1787 τίνες

1029 1825 1169 1889 εἰσί.
1219 1824 1314 1888 καὶ
1341 1826 1457 1906 γὰρ
1488 1825 1541 1887 εἰ
1566 1825 1679 1903 μὲν
1707 1824 1743 1903 ἡ
1774 1824 2054 1904 θερμότης
2082 1824 2436 1887 ἀναπλοῦσα
2476 1825 2552 1887 τᾶ,
2594 1825 2713 1887 σώ-

1029 1952 1187 2007 ματα
1211 1932 1374 1991 ποιεῖ
1395 1925 1609 1990 ταύτὸν
1639 1928 1814 2006 ἑαυτῆ
1847 1925 1915 1989 τὸ
1948 1930 2189 2008 κοῦφον,
2224 1926 2318 1990 καὶ
2347 1927 2385 2005 ἡ
2413 1926 2717 2008 ψυχρότης

1030 2028 1394 2113 συνάγουσα,
1424 2034 1586 2110 ποιεῖ
1607 2028 1821 2092 ταύτὸν
1851 2030 2025 2109 ἑαυτῇ
2054 2028 2123 2092 τὸ
2149 2029 2327 2111 βαρὺ,
2360 2031 2442 2096 εἰς
2467 2031 2573 2095 τᾶς
2598 2053 2712 2092 πα-

1028 2136 1284 2213 θητικὰς,
1313 2132 1409 2195 καὶ
1436 2135 1620 2195 ταῦτα
1645 2132 1957 2209 ποιότητας
1985 2130 2416 2215 ἀπαχθήσεται.
2460 2133 2514 2196 εἰ
2540 2132 2607 2195 δὲ
2635 2133 2715 2217 τῷ

1026 2236 1140 2316 μέν
1169 2239 1360 2321 θερμῷ
1402 2239 1841 2317 παρακολουθεῖ
1862 2235 1900 2313 ἡ
1928 2236 2239 2317 κουφότης,
2271 2238 2349 2321 τῷ
2392 2236 2458 2298 δὲ
2500 2237 2715 2320 ψυχρῷ

1025 2340 1063 2420 ἢ
1089 2340 1366 2421 βαρύτης,
1392 2338 1488 2401 καὶ
1517 2338 1632 2402 είσὶ
1655 2338 1946 2416 ποιητικαὶ
1973 2337 2077 2416 ἥτε
2107 2338 2388 2419 θερμότης
2414 2337 2509 2401 καὶ
2535 2338 2574 2416 ἡ
2601 2343 2719 2419 ψυ-

1027 2444 1260 2527 χρότης·
1305 2441 1373 2506 τὸ
1418 2443 1482 2506 δὲ
1523 2441 1682 2524 βαρὺ
1726 2441 1821 2505 καὶ
1866 2445 2088 2524 κοῦφον
2116 2442 2250 2506 οὔτε
2276 2446 2469 2506 ποιεῖν
2497 2466 2554 2504 τι
2582 2441 2717 2505 οὔτε

1027 2545 1289 2629 πάσχειν
1316 2543 1564 2627 πέφυκε,
1596 2546 1868 2624 δόξουσιν
1900 2546 2119 2608 ἐκεῖναι
2144 2545 2257 2624 μὲν
2288 2546 2368 2611 εἷς
2393 2546 2497 2611 τὰς
2524 2548 2713 2622 παθη-

1026 2651 1188 2715 τικᾶς
1213 2649 1525 2726 ποιότητας
1552 2646 1900 2728 ἀνάγεσθαι.
1935 2647 2105 2711 αὗται
2134 2648 2200 2710 δὲ
2230 2649 2314 2715 εἰς
2341 2648 2499 2711 ἄλλο
2527 2672 2584 2710 τι
2612 2644 2711 2729 γέ-

1030 2775 1130 2817 νος
1177 2753 1346 2815 ἴδιον·
1412 2750 1507 2814 καὶ
1555 2751 1607 2814 εί
1648 2751 1761 2830 μὲν
1806 2748 1926 2813 κατ’
1983 2749 2194 2813 οὗσίαν
2234 2755 2355 2817 τοῖς
2397 2749 2718 2833 στοιχείοις

1026 2851 1377 2936 ὑπάρχωσι,
1409 2854 1647 2932 δόξουσι
1682 2854 1828 2931 μηδὲ
1868 2851 2021 2917 εἶναι
2058 2854 2376 2931 ποιότητες.
2426 2855 2482 2917 εἰ
2518 2856 2583 2917 δὲ
2621 2853 2717 2917 καὶ

1027 2953 1096 3017 τὸ
1123 2952 1477 3036 δεδεγμένον
1506 2955 1681 3021 αὐτὰς
1716 2956 1889 3018 ποιόν
1918 2956 2068 3031 ἐστι,
2101 2955 2197 3019 καὶ
2232 2954 2475 3037 λέγεται
2517 2955 2712 3029 ποιὸν,

1032 3057 1128 3120 καὶ
1174 3055 1290 3120 ἀπὸ
1336 3059 1436 3135 τῆς
1478 3055 1792 3123 οὗσιώδους
1838 3061 2124 3138 διαφορᾶς
2170 3059 2475 3140 ἐγγίνεταί
2515 3083 2604 3125 τις
2650 3060 2718 3122 ἐν

1029 3164 1155 3226 τοῖς
1180 3157 1498 3242 μετέχουσι
1528 3160 1764 3239 σώμασι
1789 3160 2154 3241 μορφωτικὸς
2180 3159 2496 3244 χαρακτὴρ,
2523 3163 2613 3239 εἵη
2643 3158 2719 3224 ἂν

1034 3262 1129 3327 καὶ
1157 3265 1339 3328 ταῦτα
1365 3260 1524 3327 ποιά.

1115 3402 1205 3414 -
1228 3384 1326 3451 13.
1372 3365 1791 3449 στοιχεῖα-τὸ
1821 3367 1886 3429 δὲ
1913 3365 1981 3430 τὸ
2009 3370 2123 3448 πῦρ
2154 3394 2205 3431 κ.
2226 3392 2279 3431 τ.
2301 3367 2392 3450 λ.]
2445 3366 2546 3431 JO.
2571 3363 2716 3430 Phi·

1029 3466 1237 3556 lopon.
1287 3467 1432 3532 adv.
1473 3468 1765 3532 Proclum
1792 3492 1807 3532 ε
1874 3469 1969 3533 καὶ
2017 3470 2200 3534 οἱονεὶ
2243 3473 2356 3552 πῦρ
2402 3472 2498 3534 διὰ
2544 3471 2720 3552 κόρον

1027 3574 1286 3655 ὑβρίζον,
1321 3572 1417 3636 καὶ
1444 3570 1579 3655 οὐχὶ
1609 3571 1675 3635 τὸ
1704 3571 2078 3655 στοιχειῶδές
2105 3598 2170 3636 τε
2199 3574 2294 3637 καὶ
2319 3572 2558 3648 ζωτικὸν
2584 3575 2731 3653 πῦρω

1029 3674 1097 3738 τὸ
1135 3676 1200 3739 δὲ
1242 3676 1368 3740 ἐκεῖ
1404 3682 1558 3757 φησι
1598 3677 1713 3755 πῦρ
1742 3674 1973 3754 ὁμαλὸν
2004 3674 2156 3740 εἶναι
2200 3676 2296 3739 καὶ
2337 3676 2620 3757 ἠρεμαῖον
2645 3678 2716 3756 τῇ

1027 3783 1145 3842 τῶν
1173 3778 1407 3859 ἄστρων
1433 3776 1662 3859 πρέπον
1688 3779 1889 3859 φύσει,
1924 3779 2019 3842 καὶ
2060 3784 2371 3860 προσηνῶς
2413 3778 2719 3860 θερμὸν-

1029 3882 1138 3960 τὴν
1179 3885 1294 3965 γᾶρ
1336 3887 1453 3945 τῶν
1496 3883 1812 3965 στοιχείων
1851 3881 2116 3962 μάλιστα
2167 3881 2581 3965 καθαρωτάτην
2624 3883 2719 3947 καὶ

1032 3982 1532 4065 είλικρινεστάτην
1557 3990 1788 4065 μοῖραν,
1824 3987 1906 4052 εἰς
1934 3985 2038 4064 τὴν
2069 3990 2174 4048 τοῦ
2200 3986 2470 4067 οὐρανίου
2513 3987 2718 4066 σώμα-

1031 4112 1131 4153 τος
1149 4088 1538 4169 ἀποκριθῆναι
1567 4088 1883 4151 σύστασιν.
1928 4089 2004 4155 ὥς
2029 4087 2174 4168 μήτε
2206 4089 2468 4170 ἔκφυλον
2500 4089 2596 4153 καὶ
2623 4088 2716 4168 ξέ-

1035 4212 1145 4266 νην
1172 4193 1289 4251 τῶν
1314 4185 1449 4269 παρ’
1479 4189 1616 4268 ἡμῖν
1644 4189 1957 4272 στοιχείων
1996 4190 2103 4268 τὴν
2138 4194 2243 4253 τοῦ
2283 4191 2554 4272 οὐρανίου
2599 4193 2718 4255 σώ·

1034 4316 1216 4372 ματος
1243 4290 1396 4355 εἶναι
1422 4294 1628 4374 φύσιν,
1658 4291 1804 4372 μήτε
1834 4292 2302 4375 ἀπαραλλάκτως
2343 4299 2607 4358 τοιοῦτον
2636 4293 2717 4358 εἴ·

1037 4419 1135 4459 ναι
1178 4393 1244 4458 τὸ
1288 4396 1427 4469 ἐκεῖ,
1457 4398 1571 4477 πῦρ
1612 4392 1649 4475 ἢ
1690 4395 1797 4475 τὴν
1827 4399 1961 4478 γῆν,
1991 4393 2027 4476 ἢ
2057 4402 2173 4460 τῶν
2201 4398 2407 4460 ἄλλων
2436 4422 2513 4461 τι.
2558 4398 2723 4461 ἀλλὰ

1035 4495 1171 4579 παρ’
1199 4498 1338 4578 ἡμῖν
1366 4498 1478 4577 μὲν
1506 4497 1573 4560 τὸ
1602 4503 1906 4580 τρυγῶδες,
1941 4500 2036 4563 καὶ
2077 4501 2259 4564 οἱονεὶ
2287 4501 2394 4579 τὴν
2422 4499 2718 4564 ὑποστάθ-

1033 4625 1151 4681 μην
1178 4605 1296 4664 τῶν
1324 4601 1635 4683 στοιχείων
1663 4602 2044 4683 ἀποῤῥοῦσαι.
2096 4604 2290 4667 ἐκεῖσε
2329 4600 2393 4667 δὲ
2430 4604 2538 4682 τὴν
2567 4610 2720 4667 λεπ-

1036 4701 1468 4785 τομερεστάτην
1497 4704 1687 4767 αὐτῶν
1716 4705 1811 4767 καὶ
1839 4706 2123 4784 ἀμείνονα
2166 4710 2546 4787 διακριθῆναι.
2594 4706 2724 4770 ἐπεὶ

1040 4806 1135 4870 καὶ
1164 4808 1233 4870 ἐν
1259 4811 1380 4872 τοῖς
1416 4807 1629 4873 ἄλλοις
1668 4808 1831 4882 ζώοις
1867 4808 2054 4889 φησὶν
2083 4809 2117 4870 6
2148 4813 2475 4882 Πλωτῖνος,
2509 4811 2576 4873 ἐν
2603 4814 2725 4875 τοῖς

1039 4907 1405 4990 κυριωτάτοις
1445 4908 1637 4972 αὐτῶν
1663 4908 1946 4988 μάλιστα,
1977 4913 2053 4973 τὰ
2086 4912 2304 4990 ἀμείνω
2350 4910 2658 4994 ἐκλέγεται
2685 4912 2722 4991 ἡ

1037 5007 1235 5088 φύσις.
1281 5010 1513 5074 πολλὰς
1552 5004 1666 5086 μὲν
1706 5008 1813 5071 οῦν
1854 5008 1949 5074 καὶ
1991 5009 2183 5077 ἄλλας
2228 5012 2366 5089 ἐνῆν
2407 5013 2723 5093 μαρτυρίας

1035 5108 1410 5191 παραθέσθαι
1472 5108 1578 5188 τὴν
1640 5109 2028 5191 προκειμένην
2088 5113 2265 5190 δόξαν
2327 5115 2722 5193 πιστούμενον

1038 5211 1380 5280 Πλάτωνος.
1426 5212 1534 5276 τὸν
1562 5215 1676 5295 γᾶρ
1707 5213 1885 5276 αὐτοῦ
1913 5212 2240 5281 Πλάτωνος
2265 5215 2531 5294 μαθητὴν
2558 5214 2721 5298 Ἀρι-

1038 5315 1328 5394 στοτέλην
1386 5316 1462 5383 ὣς
1517 5314 1975 5398 ὡμολογημένον
2029 5313 2164 5398 παρ’
2215 5317 2374 5398 ἡμῖν.
2425 5318 2608 5382 ταῦτά
2658 5344 2725 5384 τε

1040 5421 1612 5501 ποοσμαρτυροῦντα,
1645 5419 1740 5482 καὶ
1769 5421 2137 5500 ἐγκαλοῦντα
2179 5417 2248 5482 δι’
2282 5419 2426 5486 αὐτό
2452 5446 2525 5504 γε
2552 5426 2724 5487 τοῦτο

1041 5520 1348 5589 Πλάτωνι.
1394 5527 1558 5591 δοκεῖ
1585 5525 1701 5606 γᾶρ
1738 5528 1965 5606 πρῶτος
2005 5522 2244 5590 πάντων
2279 5522 2722 5607 Ἀριστοτέλης,

2004 517 2813 585 ANNOTATIONES
2881 517 2993 586 IN
3060 520 3502 586 PLOTINI

2792 693 2900 773 τὴν
2928 694 3063 776 περὶ
3092 698 3196 758 τοῦ
3221 693 3487 775 πέμπτου
3517 694 3788 773 σώματος
3816 694 3995 773 δόξαν
4024 691 4486 775 εἰσηγήσασθαι.

2793 794 2930 860 ἀλλ’
2961 796 3122 877 οἶμαι
3166 801 3288 864 τοῖς
3335 797 3705 879 εὖγνώμοσιν
3754 798 3837 864 εἷς
3882 797 4064 861 πειθὼ
4108 794 4350 859 τέλειαν
4383 796 4486 860 αὗ·

2794 899 2974 982 τάρκη
3004 901 3100 964 καὶ
3128 896 3201 963 τὰ
3231 898 3525 981 εἰρημένα·
3575 900 3672 963 καὶ
3700 900 3799 963 ἵνα
3824 899 3904 979 μὴ
3933 902 4036 979 τῆς
4062 899 4267 982 χρείας
4300 897 4494 962 πλέον

2795 1001 2903 1067 τὸν
2925 1002 3060 1085 περὶ
3087 1005 3293 1067 τούτου
3319 1004 3510 1084 λόγον
3538 1003 3903 1082 ἐκτείνωμεν.

2895 1128 2961 1193 p.
3004 1126 3026 1169 1
3043 1106 3184 1187 146,
3226 1125 3322 1190 19.
3369 1107 3695 1187 ὑλικώτερα
3738 1107 3980 1185 εἴπομεν
4027 1104 4123 1168 καὶ
4172 1101 4490 1192 ὀργανικὰ]

2803 1209 2907 1274 Cf.
2949 1232 3083 1297 cap.
3122 1209 3257 1273 IX.
3291 1213 3394 1272 A:
3440 1211 3766 1290 ὑλικώτερα
3809 1205 3942 1288 μὲν,
3991 1211 4125 1289 πῦρ,
4169 1210 4266 1289 γῆ,
4314 1207 4490 1288 ὕδωρ,

2800 1313 2932 1395 ἀὴρ,
2963 1309 3247 1394 ὀργανικὰ
3282 1309 3363 1385 δὲ,
3394 1309 3469 1375 τὰ
3506 1317 3623 1375 τῶν
3662 1316 3881 1394 φυτῶν,
3926 1310 4023 1374 καὶ
4060 1307 4134 1373 τὰ
4174 1314 4292 1372 τῶν
4327 1309 4490 1384 ζώων

2801 1418 3067 1497 σώματα.
3168 1415 3269 1479 De
3321 1412 3643 1479 Platonica
3691 1429 3755 1478 et
3805 1412 4013 1479 Stoica
4059 1411 4319 1489 ratione,
4365 1432 4493 1497 qua

2799 1518 2968 1603 ψυχὴ
3015 1517 3277 1601 (anima)
3311 1516 3433 1582 Dei
3478 1519 3755 1599 ὄργανον,
3790 1515 4308 1580 instrumentum:
4355 1536 4491 1578 cor-

2799 1646 2921 1710 pus
2963 1621 3442 1687 instrumentum
3487 1619 3711 1684 animae
3753 1617 4005 1696 dicitur,
4033 1616 4158 1681 vid.
4192 1614 4490 1681 Gataker.

2799 1724 2879 1789 ad
2922 1726 3023 1791 M.
3052 1723 3360 1789 Antonin.
3390 1723 3472 1787 X.
3502 1724 3609 1808 38.
3655 1745 3718 1809 p.
3749 1723 3899 1808 316.
3931 1735 3995 1785 et
4025 1719 4364 1808 Wyttenb.
4407 1718 4492 1783 ad

2803 1827 3116 1892 Plutarch.
3148 1830 3399 1914 Septem
3433 1827 3625 1915 Sapp.
3661 1824 3927 1890 Conviv.
3974 1846 4039 1911 p.
4070 1824 4215 1908 988.
4297 1821 4493 1886 Adde

2802 1929 3104 1995 Clement.
3134 1928 3323 1993 Alex.
3355 1927 3692 2015 Paedagog.
3730 1927 3831 1991 11.
3863 1950 3929 2009 4.
3987 1924 4269 1990 Isidorus
4300 1922 4488 1988 Pelu-

2801 2032 2940 2097 siot.
2970 2032 3178 2119 Epist.
3212 2031 3269 2096 I.
3300 2032 3451 2117 364.
3482 2054 3548 2118 p.
3572 2051 3653 2117 95
3684 2054 3698 2094 ε
3750 2030 3845 2094 καὶ
3886 2028 4100 2114 χορδὰς
4127 2025 4228 2097 τὰς
4259 2031 4328 2092 ἐν
4352 2028 4493 2107 ἡμῖν

2803 2136 3108 2217 αἰσθήσεις
3135 2140 3323 2214 δηλοῖ,
3349 2135 3450 2217 ὑφ’
3478 2137 3562 2200 ὧν
3590 2134 3658 2200 τὸ
3688 2139 3788 2216 τῆς
3815 2137 4080 2218 γλώττης
4108 2134 4494 2216 ἀνακρούεται

2800 2243 3114 2320 πλῆκτρον.
3165 2239 3260 2303 καὶ
3287 2241 3547 2321 ὄργανον
3575 2241 3608 2302 6
3638 2244 3754 2306 πᾶς
3792 2240 4123 2320 εὑρίσκεται
4164 2239 4483 2319 ἄνθρωπος.

2806 2341 2910 2406 Cf.
2932 2340 3363 2431 Olympiodor.
3392 2341 3455 2405 in
3479 2340 3690 2406 Alcib.
3712 2365 3810 2429 pr.
3838 2341 4111 2405 XXIV.
4139 2364 4201 2428 p.
4226 2357 4367 2405 202.
4391 2361 4489 2424 sq.

2801 2444 2929 2532 ibiq
2941 2492 2957 2509 .
2980 2460 3193 2510 annot.
3218 2443 3555 2532 Adjectivo
3574 2443 3771 2508 utitur
3789 2442 4159 2508 Aristoteles
4177 2441 4491 2507 Ethicorr.

2803 2547 3114 2614 Nicomm.
3151 2549 3291 2613 III.
3331 2567 3388 2611 1.
3420 2549 3478 2611 6.
3511 2571 3575 2636 p.
3610 2567 3747 2611 110.
3780 2545 4000 2611 Zellii:
4050 2552 4235 2611 κινεῖν
4276 2543 4351 2610 τὰ
4388 2547 4489 2627 ὀρ-

2802 2648 3017 2732 γανικὰ
3051 2649 3223 2732 μέρη.
3314 2649 3631 2737 Proecipue
3663 2649 3785 2713 huc
3815 2647 3964 2713 facit
3992 2646 4148 2712 alter
4178 2646 4493 2735 Stagiritae

2798 2752 2992 2833 locus,
3019 2751 3101 2817 de
3132 2752 3360 2817 Anima
3390 2753 3488 2817 11.
3518 2773 3575 2816 1.
3607 2773 3669 2840 p.
3699 2769 3801 2816 22.
3833 2775 3926 2839 sq.
3962 2751 4171 2839 Sylb.:
4204 2750 4293 2815 διὸ
4323 2750 4497 2834 ψυχή

2801 2860 2967 2921 ἐστιν
3012 2856 3358 2941 ἐντελέχεια
3398 2858 3435 2936 ἡ
3480 2857 3677 2938 πρώτη
3726 2857 3997 2935 σώματος
4047 2856 4304 2936 φυσικοῦ
4341 2852 4493 2932 ζωὴν

2801 2960 3043 3043 ἔχοντος
3071 2959 3331 3039 δυνάμει·
3379 2962 3644 3024 τοιοῦτον
3674 2956 3756 3032 δὲ,
3789 2957 3823 3021 ὃ
3853 2957 3929 3021 ἀν
3957 2954 3995 3037 ᾖ
4023 2957 4363 3038 ὀργανικόν.
4397 2957 4495 3036 ὅρ-

2801 3088 2960 3146 γανα
2997 3060 3061 3127 δὲ
3099 3063 3195 3127 καὶ
3237 3066 3312 3127 τὰ
3352 3068 3468 3127 τῶν
3515 3067 3716 3145 φυτῶν
3760 3059 3927 3142 μέρη,
3979 3060 4144 3124 ἀλλὰ
4184 3062 4498 3125 παντελῶς

2803 3167 2986 3229 ἁπλᾶ·
3034 3166 3163 3230 οῖον
3190 3165 3258 3229 τὸ
3288 3167 3529 3249 φύλλον
3555 3164 3937 3246 περικαρπίου
3968 3161 4303 3242 σκέπασμα·
4332 3160 4401 3224 τὸ
4430 3157 4495 3224 δὲ

2802 3267 3203 3351 περικάρπιον,
3238 3273 3476 3351 καρποῦ.
3521 3270 3583 3333 αἱ
3610 3265 3676 3332 δέ
3700 3268 3851 3350 ῥίζαι
3878 3269 3959 3354 τῷ
3988 3266 4239 3346 στόματι
4268 3263 4491 3329 ἀνάλο-

2804 3396 2935 3455 γον·
2980 3374 3158 3454 ἄμφω
3186 3374 3301 3454 γὰρ
3333 3371 3495 3435 ἕλκει
3523 3372 3630 3450 τὴν
3658 3370 3904 3453 τροφήν.
3997 3370 4195 3433 Hunc
4237 3366 4495 3431 similes-

2805 3498 2930 3562 que
2972 3473 3136 3539 locos
3167 3473 3488 3538 Plotinum
3534 3486 3680 3538 ante
3723 3472 3936 3538 oculos
3979 3470 4269 3535 habuisse
4311 3492 4496 3534 nemo

2803 3600 2926 3642 non
2958 3576 3267 3665 intelligit.

2887 3705 2949 3769 p.
2979 3702 3003 3745 1
3022 3702 3165 3762 147,
3189 3683 3248 3745 6.
3282 3681 3434 3762 Περὶ
3457 3682 3523 3745 δὲ
3543 3683 3739 3745 ποσοῦ
3768 3680 3864 3744 καὶ
3891 3680 4218 3759 ποσότητος
4247 3704 4301 3740 κ.
4319 3703 4374 3740 τ.
4393 3679 4485 3762 λ.]

2803 3782 2905 3848 Ad
2935 3783 3127 3847 verba
3155 3780 3510 3847 Aristotelis
3552 3782 3621 3846 τὸ
3665 3781 3861 3845 ποσὸν
3900 3783 4005 3846 οὐκ
4049 3778 4382 3863 ἐπιδέχεται
4423 3778 4496 3842 τὸ

2800 3891 3037 3967 μᾶλλον
3068 3887 3163 3949 καὶ
3199 3884 3266 3949 τὸ
3313 3885 3491 3964 ἧττον
3522 3885 3810 3971 (quanta,
3843 3906 3954 3949 nec
3999 3882 4196 3970 magis
4237 3894 4496 3967 quanta,

2805 4012 2918 4053 neo
2961 3988 3166 4052 minus
3194 4002 3432 4074 quanta
3474 3986 3595 4051 dici
3639 3991 3931 4074 possunt)
3965 4000 4297 4074 postquam
4330 3984 4492 4048 Sim-

2805 4091 3027 4180 plicius
3068 4090 3161 4173 (in
3192 4093 3453 4176 Categg.
3488 4088 3625 4154 Fol.
3655 4092 3761 4175 38.
3790 4093 3880 4173 a.)
3929 4087 4088 4153 hanc
4129 4086 4497 4152 sententiam

2805 4193 3114 4282 probavit,
3145 4193 3233 4258 ita
3259 4192 3498 4281 pergit:
3546 4196 3735 4257 αἴτιον
3765 4196 3829 4257 δὲ
3868 4192 4032 4273 οἶμαι
4072 4195 4176 4255 τοῦ
4202 4190 4271 4254 τὸ
4300 4189 4499 4255 ποσὸν

2805 4298 2884 4379 μὴ
2923 4297 3303 4381 ἐπιδέχεσθαι
3341 4296 3408 4360 τὸ
3450 4301 3688 4376 μᾶλλον
3726 4297 3821 4360 καὶ
3857 4297 3925 4361 τὸ
3963 4295 4158 4376 ἦττον,
4189 4294 4258 4358 τὸ
4291 4293 4388 4357 καὶ
4423 4295 4503 4357 τῖι

2807 4402 2970 4465 ἄλλα
3016 4404 3162 4464 κατὰ
3202 4399 3270 4463 τὸ
3315 4399 3510 4464 ποσὸν
3556 4401 3853 4481 ὁρίζεσθαι
3899 4400 3996 4463 καὶ
4033 4402 4398 4479 μετρεῖσθαι·
4448 4399 4502 4460 εί

2808 4505 2914 4568 οὖν
2944 4504 3038 4567 καὶ
3067 4508 3184 4566 τῶν
3214 4503 3421 4566 ἄλλων
3453 4503 3590 4583 ὅρος
3632 4503 3861 4585 γίνεται
3901 4501 3970 4565 τὸ
4015 4502 4230 4574 ποσόν,
4260 4505 4383 4567 πῶς
4424 4498 4505 4563 ἂν

2809 4605 2951 4670 αὐτὸ
2980 4609 3080 4685 τῆς
3109 4607 3256 4668 κατὰ
3281 4604 3349 4668 τὸ
3377 4609 3616 4685 μᾶλλον
3645 4606 3741 4669 καὶ
3769 4603 3946 4684 ἦττον
3976 4604 4278 4685 ἀοριστίας
4317 4626 4496 4682 μετα-

2808 4707 3145 4788 λαμβάνει;
3194 4710 3248 4771 εἰ
3275 4709 3339 4771 δὲ
3376 4713 3575 4787 μεῖζον
3601 4706 3853 4789 μέγεθος
3891 4706 4178 4789 μεγέθους
4217 4705 4503 4789 λέγομεν,

2811 4813 2906 4876 καὶ
2932 4813 3187 4876 πλείονα
3216 4810 3462 4891 ἀριθμὸν
3491 4811 3755 4892 ἀριθμοῦ,
3788 4810 3884 4874 καὶ
3915 4812 3982 4874 ἐν
4010 4810 4196 4894 τούτῳ
4238 4807 4393 4872 πολὺ
4428 4805 4499 4870 τὸ

2805 4919 3043 4995 μᾶλλον
3087 4915 3183 4978 καὶ
3223 4913 3401 4993 ἦττον
3448 4917 3799 4994 θεωροῦμεν.
3851 4917 4091 4992 μᾶλλον
4132 4915 4248 4995 γὰρ
4288 4910 4505 4991 μείζων

2808 5020 2913 5080 τοῦ
2954 5013 3246 5096 Ὑμηττοῦ
3285 5018 3317 5079 6
3362 5016 3675 5083 Καύκασος
3709 5013 3747 5095 ἢ
3792 5017 3825 5079 6
3858 5014 4072 5089 Ἀθως,
4121 5016 4217 5079 καὶ
4263 5019 4504 5094 μᾶλλον

2807 5119 2994 5183 πλείω
3024 5125 3140 5182 τῶν
3167 5124 3342 5200 τριῶν
3369 5122 3444 5183 τὰ
3480 5120 3627 5182 ἑπτὰ
3653 5115 3690 5198 ἢ
3719 5122 3794 5182 τὰ
3831 5117 4032 5196 πέντε,
4067 5121 4214 5182 κατὰ
4250 5117 4318 5180 τὸ
4356 5117 4505 5198 πρός

2808 5248 2867 5287 τι
2895 5222 3090 5289 αὐτοῖς
3118 5222 3185 5285 τὸ
3212 5227 3451 5303 μᾶλλον
3480 5223 3577 5286 καὶ
3610 5222 3789 5302 ἦττον
3814 5220 4104 5306 ὑπάρχειν
4132 5225 4397 5304 ἐροῦμεν.
4446 5224 4509 5285 εἰ

2810 5326 2875 5388 δὲ
2920 5325 3016 5388 καὶ
3055 5330 3295 5405 μᾶλλον
3321 5327 3534 5405 μείζων
3562 5327 3596 5389 6
3628 5327 3958 5399 Καύκασος,
3988 5327 4180 5405 ἥττων
4209 5329 4275 5390 δὲ
4317 5329 4350 5390 6
4386 5325 4502 5390 ''A-

2810 5433 2942 5503 θως,
2977 5428 3072 5493 καὶ
3116 5428 3203 5493 ἔτι
3243 5430 3433 5509 ἥττων
3471 5431 3504 5492 6
3537 5427 3849 5509 “rum-roe,
3892 5432 4041 5493 κατὰ
4082 5428 4151 5492 τὸ
4196 5429 4502 5509 ἀόριστον,

2811 5531 3191 5616 συγχωρήσοι
3240 5533 3317 5601 ἄν
3355 5557 3441 5600 τις
3490 5531 3871 5617 ἐπιδέχεσθαι
3922 5531 4018 5597 καὶ
4067 5531 4135 5596 τὸ
4184 5529 4380 5596 ποσὸν
4429 5530 4506 5596 τὸ
