<?xml version="1.0" encoding="UTF-8"?>
<!DOCTYPE html PUBLIC "-//W3C//DTD XHTML 1.0 Transitional//EN"
    "http://www.w3.org/TR/xhtml1/DTD/xhtml1-transitional.dtd">
<html xmlns="http://www.w3.org/1999/xhtml" xml:lang="en" lang="en">
 <head>
  <title>
</title>
<meta http-equiv="Content-Type" content="text/html;charset=utf-8" />
  <meta name='ocr-system' content='tesseract 3.04.00' />
  <meta name='ocr-capabilities' content='ocr_page ocr_carea ocr_par ocr_line ocrx_word'/>
</head>
<body>
  <div class='ocr_page' id='page_1' title='image "./plotinioperaomn00chumgoog_0279.png"; bbox 0 0 5118 6613; ppageno 0'>
   <div class='ocr_carea' id='block_1_1' title="bbox 1375 559 3205 650">
    <p class='ocr_par' dir='ltr' id='par_1_1' title="bbox 1375 559 3205 650">
     <span class='ocr_line' id='line_1_1' title="bbox 1375 559 3205 650; baseline 0.002 -26"><span class='ocrx_word' id='word_1_1' title='bbox 1375 559 1572 624; x_wconf 90' lang='lat' dir='ltr'><strong>LIB.</strong></span> <span class='ocrx_word' id='word_1_2' title='bbox 1625 561 1683 625; x_wconf 94' lang='lat' dir='ltr'>I.</span> <span class='ocrx_word' id='word_1_3' title='bbox 1732 561 2197 626; x_wconf 91' lang='lat' dir='ltr'>ENNEAD.</span> <span class='ocrx_word' id='word_1_4' title='bbox 2249 561 2701 639; x_wconf 86' lang='lat' dir='ltr'><strong>QUINTAE.</strong></span> <span class='ocrx_word' id='word_1_5' title='bbox 2746 584 2812 650; x_wconf 92' lang='lat' dir='ltr'>p.</span> <span class='ocrx_word' id='word_1_6' title='bbox 2846 562 3205 649; x_wconf 81' lang='lat'><strong>898—902.</strong></span> 
     </span>
    </p>
   </div>
   <div class='ocr_carea' id='block_1_2' title="bbox 3929 585 4048 654">
    <p class='ocr_par' dir='ltr' id='par_1_2' title="bbox 3929 585 4048 654">
     <span class='ocr_line' id='line_1_2' title="bbox 3929 585 4048 654; baseline 0.034 -4"><span class='ocrx_word' id='word_1_7' title='bbox 3929 585 4048 654; x_wconf 86' lang='lat'>273</span> 
     </span>
    </p>
   </div>
   <div class='ocr_carea' id='block_1_3' title="bbox 568 727 4046 822">
    <p class='ocr_par' dir='ltr' id='par_1_3' title="bbox 568 727 4046 822">
     <span class='ocr_line' id='line_1_3' title="bbox 568 727 4046 822; baseline 0.003 -28"><span class='ocrx_word' id='word_1_8' title='bbox 568 727 752 796; x_wconf 87' lang='grc' dir='ltr'>Ἔστι</span> <span class='ocrx_word' id='word_1_9' title='bbox 778 734 979 796; x_wconf 81' lang='grc' dir='ltr'>τοίνυν</span> <span class='ocrx_word' id='word_1_10' title='bbox 1010 734 1104 797; x_wconf 86' lang='grc' dir='ltr'>καὶ</span> <span class='ocrx_word' id='word_1_11' title='bbox 1138 733 1392 815; x_wconf 84' lang='grc' dir='ltr'>ἡμετέρα</span> <span class='ocrx_word' id='word_1_12' title='bbox 1424 733 1594 818; x_wconf 76' lang='grc' dir='ltr'>ψυχὴ</span> <span class='ocrx_word' id='word_1_13' title='bbox 1624 735 1786 797; x_wconf 80' lang='grc' dir='ltr'>θεῖόν</span> <span class='ocrx_word' id='word_1_14' title='bbox 1813 759 1869 797; x_wconf 95' lang='grc' dir='ltr'>τι</span> <span class='ocrx_word' id='word_1_15' title='bbox 1906 733 2001 798; x_wconf 86' lang='grc' dir='ltr'>καὶ</span> <span class='ocrx_word' id='word_1_16' title='bbox 2037 736 2273 817; x_wconf 82' lang='grc' dir='ltr'>φύσεως</span> <span class='ocrx_word' id='word_1_17' title='bbox 2360 733 2494 798; x_wconf 85' lang='lat' dir='ltr'>haec</span> <span class='ocrx_word' id='word_1_18' title='bbox 2523 749 2587 798; x_wconf 90' lang='lat' dir='ltr'>et</span> <span class='ocrx_word' id='word_1_19' title='bbox 2615 758 2650 798; x_wconf 92' lang='lat' dir='ltr'>e</span> <span class='ocrx_word' id='word_1_20' title='bbox 2680 734 3083 822; x_wconf 82' lang='lat' dir='ltr'><strong>sequentibus</strong></span> <span class='ocrx_word' id='word_1_21' title='bbox 3122 734 3432 822; x_wconf 83' lang='lat' dir='ltr'><strong>capitibus</strong></span> <span class='ocrx_word' id='word_1_22' title='bbox 3469 736 3783 802; x_wconf 89' lang='lat' dir='ltr'>nonnulla.</span> <span class='ocrx_word' id='word_1_23' title='bbox 3874 742 4046 804; x_wconf 79' lang='lat' dir='ltr'>Prae-</span> 
     </span>
    </p>
   </div>
   <div class='ocr_carea' id='block_1_4' title="bbox 545 835 2270 5434">
    <p class='ocr_par' dir='ltr' id='par_1_4' title="bbox 567 835 2270 2054">
     <span class='ocr_line' id='line_1_4' title="bbox 577 835 2267 921; baseline 0.001 -23"><span class='ocrx_word' id='word_1_24' title='bbox 577 835 785 914; x_wconf 81' lang='grc' dir='ltr'>ἄλλης,</span> <span class='ocrx_word' id='word_1_25' title='bbox 815 837 992 900; x_wconf 81' lang='grc' dir='ltr'>ὁποία</span> <span class='ocrx_word' id='word_1_26' title='bbox 1018 837 1248 916; x_wconf 77' lang='grc' dir='ltr'>πᾶσαή</span> <span class='ocrx_word' id='word_1_27' title='bbox 1277 841 1478 921; x_wconf 81' lang='grc' dir='ltr'>ψυχῆς</span> <span class='ocrx_word' id='word_1_28' title='bbox 1511 837 1959 919; x_wconf 54' lang='lat' dir='ltr'>&amp;fictam—Mox</span> <span class='ocrx_word' id='word_1_29' title='bbox 1986 861 2000 900; x_wconf 92' lang='lat'><strong>:</strong></span> <span class='ocrx_word' id='word_1_30' title='bbox 2048 837 2118 901; x_wconf 85' lang='grc' dir='ltr'>τὸ</span> <span class='ocrx_word' id='word_1_31' title='bbox 2149 845 2267 919; x_wconf 76' lang='grc' dir='ltr'>ψυ-</span> 
     </span>
     <span class='ocr_line' id='line_1_5' title="bbox 576 937 2266 1027; baseline 0 -22"><span class='ocrx_word' id='word_1_32' title='bbox 576 941 687 1021; x_wconf 85' lang='grc' dir='ltr'>χῆς</span> <span class='ocrx_word' id='word_1_33' title='bbox 712 937 860 1014; x_wconf 83' lang='grc' dir='ltr'>πρὸς</span> <span class='ocrx_word' id='word_1_34' title='bbox 886 938 955 1001; x_wconf 82' lang='grc' dir='ltr'>τὸ</span> <span class='ocrx_word' id='word_1_35' title='bbox 997 940 1118 1003; x_wconf 80' lang='grc' dir='ltr'>ἅνω</span> <span class='ocrx_word' id='word_1_36' title='bbox 1160 942 1500 1023; x_wconf 70' lang='grc' dir='ltr'>γειτόνημα.</span> <span class='ocrx_word' id='word_1_37' title='bbox 1563 938 1708 1003; x_wconf 87' lang='lat' dir='ltr'>Vid.</span> <span class='ocrx_word' id='word_1_38' title='bbox 1743 938 1922 1004; x_wconf 81' lang='lat' dir='ltr'>Plato</span> <span class='ocrx_word' id='word_1_39' title='bbox 1949 939 2031 1003; x_wconf 87' lang='lat' dir='ltr'>de</span> <span class='ocrx_word' id='word_1_40' title='bbox 2062 940 2266 1027; x_wconf 87' lang='lat' dir='ltr'>Legg.</span> 
     </span>
     <span class='ocr_line' id='line_1_6' title="bbox 579 1040 2267 1129; baseline 0.001 -25"><span class='ocrx_word' id='word_1_41' title='bbox 579 1041 696 1104; x_wconf 93' lang='lat' dir='ltr'>IV.</span> <span class='ocrx_word' id='word_1_42' title='bbox 731 1064 793 1126; x_wconf 92' lang='lat' dir='ltr'>p.</span> <span class='ocrx_word' id='word_1_43' title='bbox 831 1043 970 1105; x_wconf 88' lang='grc'><strong>162.</strong></span> <span class='ocrx_word' id='word_1_44' title='bbox 1042 1042 1161 1107; x_wconf 68' lang='lat' dir='ltr'>Cf.</span> <span class='ocrx_word' id='word_1_45' title='bbox 1192 1042 1490 1106; x_wconf 83' lang='lat' dir='ltr'>Aristidis</span> <span class='ocrx_word' id='word_1_46' title='bbox 1538 1043 1717 1107; x_wconf 85' lang='lat' dir='ltr'><strong>Orat.</strong></span> <span class='ocrx_word' id='word_1_47' title='bbox 1767 1040 2007 1107; x_wconf 87' lang='lat' dir='ltr'>Platon.</span> <span class='ocrx_word' id='word_1_48' title='bbox 2056 1042 2156 1106; x_wconf 94' lang='lat' dir='ltr'>II.</span> <span class='ocrx_word' id='word_1_49' title='bbox 2207 1065 2267 1129; x_wconf 88' lang='lat' dir='ltr'>p.</span> 
     </span>
     <span class='ocr_line' id='line_1_7' title="bbox 584 1143 2270 1228; baseline 0.003 -23"><span class='ocrx_word' id='word_1_50' title='bbox 584 1146 719 1207; x_wconf 80' lang='lat'>106.</span> <span class='ocrx_word' id='word_1_51' title='bbox 765 1144 813 1206; x_wconf 84' lang='lat' dir='ltr'>J</span> <span class='ocrx_word' id='word_1_52' title='bbox 816 1143 956 1209; x_wconf 87' lang='lat' dir='ltr'>ebb.</span> <span class='ocrx_word' id='word_1_53' title='bbox 991 1144 1143 1209; x_wconf 82' lang='grc' dir='ltr'>ἔστω</span> <span class='ocrx_word' id='word_1_54' title='bbox 1186 1145 1254 1208; x_wconf 85' lang='grc' dir='ltr'>τὸ</span> <span class='ocrx_word' id='word_1_55' title='bbox 1293 1147 1610 1228; x_wconf 82' lang='grc' dir='ltr'>γειτόνημα</span> <span class='ocrx_word' id='word_1_56' title='bbox 1649 1145 1932 1228; x_wconf 80' lang='grc' dir='ltr'>ἁλμυρὸν,</span> <span class='ocrx_word' id='word_1_57' title='bbox 1972 1147 2049 1213; x_wconf 83' lang='grc' dir='ltr'>ὥς</span> <span class='ocrx_word' id='word_1_58' title='bbox 2084 1154 2270 1227; x_wconf 91' lang='grc' dir='ltr'>φησιν</span> 
     </span>
     <span class='ocr_line' id='line_1_8' title="bbox 578 1246 2267 1329; baseline 0.002 -19"><span class='ocrx_word' id='word_1_59' title='bbox 578 1252 689 1327; x_wconf 88' lang='lat' dir='ltr'>(sc.</span> <span class='ocrx_word' id='word_1_60' title='bbox 739 1246 1024 1329; x_wconf 84' lang='grc' dir='ltr'>Πλάτων)</span> <span class='ocrx_word' id='word_1_61' title='bbox 1077 1247 1188 1311; x_wconf 91' lang='lat' dir='ltr'>ubi</span> <span class='ocrx_word' id='word_1_62' title='bbox 1248 1247 1618 1312; x_wconf 88' lang='lat' dir='ltr'>Scholiastes</span> <span class='ocrx_word' id='word_1_63' title='bbox 1663 1248 1861 1313; x_wconf 84' lang='lat' dir='ltr'>alter:</span> <span class='ocrx_word' id='word_1_64' title='bbox 1906 1247 2179 1328; x_wconf 76' lang='grc' dir='ltr'>Ἀλκμὰν</span> <span class='ocrx_word' id='word_1_65' title='bbox 2234 1251 2267 1312; x_wconf 96' lang='lat'><em>6</em></span> 
     </span>
     <span class='ocr_line' id='line_1_9' title="bbox 569 1351 2267 1435; baseline 0.002 -21"><span class='ocrx_word' id='word_1_66' title='bbox 569 1351 809 1433; x_wconf 82' lang='grc' dir='ltr'>λυρικὸς</span> <span class='ocrx_word' id='word_1_67' title='bbox 833 1356 1005 1415; x_wconf 84' lang='grc' dir='ltr'>τοῦτο</span> <span class='ocrx_word' id='word_1_68' title='bbox 1035 1352 1202 1416; x_wconf 83' lang='grc' dir='ltr'>εἶπεν</span> <span class='ocrx_word' id='word_1_69' title='bbox 1229 1352 1495 1434; x_wconf 79' lang='grc' dir='ltr'>ἁλμυρὸν</span> <span class='ocrx_word' id='word_1_70' title='bbox 1521 1352 1590 1416; x_wconf 83' lang='grc' dir='ltr'>τὸ</span> <span class='ocrx_word' id='word_1_71' title='bbox 1630 1355 1970 1435; x_wconf 70' lang='grc' dir='ltr'>γειτόνημα,</span> <span class='ocrx_word' id='word_1_72' title='bbox 2002 1351 2198 1417; x_wconf 82' lang='lat' dir='ltr'>alter:</span> <span class='ocrx_word' id='word_1_73' title='bbox 2229 1351 2267 1433; x_wconf 85' lang='grc' dir='ltr'>ἢ</span> 
     </span>
     <span class='ocr_line' id='line_1_10' title="bbox 573 1454 2262 1535; baseline 0.001 -18"><span class='ocrx_word' id='word_1_74' title='bbox 573 1457 666 1518; x_wconf 83' lang='grc' dir='ltr'>ὅτι</span> <span class='ocrx_word' id='word_1_75' title='bbox 692 1455 730 1534; x_wconf 83' lang='grc' dir='ltr'><em>ἡ</em></span> <span class='ocrx_word' id='word_1_76' title='bbox 758 1455 920 1533; x_wconf 74' lang='grc' dir='ltr'>λέξις</span> <span class='ocrx_word' id='word_1_77' title='bbox 949 1454 1306 1535; x_wconf 87' lang='grc' dir='ltr'>Πλατωνική</span> <span class='ocrx_word' id='word_1_78' title='bbox 1336 1457 1483 1518; x_wconf 83' lang='grc' dir='ltr'>ἐστι.</span> <span class='ocrx_word' id='word_1_79' title='bbox 1554 1455 1660 1519; x_wconf 81' lang='lat' dir='ltr'>Cf.</span> <span class='ocrx_word' id='word_1_80' title='bbox 1691 1455 2021 1520; x_wconf 85' lang='lat' dir='ltr'>Lectiones</span> <span class='ocrx_word' id='word_1_81' title='bbox 2053 1454 2262 1520; x_wconf 89' lang='lat' dir='ltr'>Plato-</span> 
     </span>
     <span class='ocr_line' id='line_1_11' title="bbox 571 1556 2260 1645; baseline 0.001 -25"><span class='ocrx_word' id='word_1_82' title='bbox 571 1557 741 1621; x_wconf 90' lang='lat' dir='ltr'>nicas</span> <span class='ocrx_word' id='word_1_83' title='bbox 782 1557 864 1621; x_wconf 92' lang='lat' dir='ltr'>ad</span> <span class='ocrx_word' id='word_1_84' title='bbox 897 1556 1048 1622; x_wconf 87' lang='lat' dir='ltr'>calc.</span> <span class='ocrx_word' id='word_1_85' title='bbox 1082 1556 1312 1623; x_wconf 81' lang='lat' dir='ltr'>Plotini</span> <span class='ocrx_word' id='word_1_86' title='bbox 1359 1556 1439 1620; x_wconf 90' lang='lat' dir='ltr'>de</span> <span class='ocrx_word' id='word_1_87' title='bbox 1471 1556 1733 1622; x_wconf 88' lang='lat' dir='ltr'>Pulcrit.</span> <span class='ocrx_word' id='word_1_88' title='bbox 1764 1581 1830 1645; x_wconf 92' lang='lat' dir='ltr'>p.</span> <span class='ocrx_word' id='word_1_89' title='bbox 1853 1559 2003 1638; x_wconf 88' lang='lat'><strong>464.</strong></span> <span class='ocrx_word' id='word_1_90' title='bbox 2039 1582 2132 1644; x_wconf 86' lang='lat' dir='ltr'>sq.</span> <span class='ocrx_word' id='word_1_91' title='bbox 2161 1558 2260 1623; x_wconf 92' lang='lat' dir='ltr'>ed.</span> 
     </span>
     <span class='ocr_line' id='line_1_12' title="bbox 570 1659 2262 1747; baseline 0.001 -23"><span class='ocrx_word' id='word_1_92' title='bbox 570 1659 773 1747; x_wconf 89' lang='lat' dir='ltr'>pecul.</span> <span class='ocrx_word' id='word_1_93' title='bbox 820 1674 1012 1725; x_wconf 87' lang='lat' dir='ltr'><strong>nostr.</strong></span> <span class='ocrx_word' id='word_1_94' title='bbox 1062 1675 1126 1725; x_wconf 91' lang='lat' dir='ltr'>et</span> <span class='ocrx_word' id='word_1_95' title='bbox 1159 1659 1569 1725; x_wconf 82' lang='lat' dir='ltr'>Welckerum</span> <span class='ocrx_word' id='word_1_96' title='bbox 1615 1660 1695 1725; x_wconf 90' lang='lat' dir='ltr'>ad</span> <span class='ocrx_word' id='word_1_97' title='bbox 1744 1662 2064 1747; x_wconf 87' lang='lat' dir='ltr'>Fragmm.</span> <span class='ocrx_word' id='word_1_98' title='bbox 2110 1661 2262 1726; x_wconf 89' lang='lat' dir='ltr'>Alc-</span> 
     </span>
     <span class='ocr_line' id='line_1_13' title="bbox 570 1763 2260 1851; baseline 0.002 -25"><span class='ocrx_word' id='word_1_99' title='bbox 570 1763 768 1827; x_wconf 88' lang='lat' dir='ltr'>manis</span> <span class='ocrx_word' id='word_1_100' title='bbox 798 1764 1041 1828; x_wconf 88' lang='lat' dir='ltr'><strong>LXII.</strong></span> <span class='ocrx_word' id='word_1_101' title='bbox 1082 1786 1147 1851; x_wconf 90' lang='lat' dir='ltr'>p.</span> <span class='ocrx_word' id='word_1_102' title='bbox 1173 1765 1279 1828; x_wconf 94' lang='lat'><em>66.</em></span> <span class='ocrx_word' id='word_1_103' title='bbox 1358 1763 1646 1828; x_wconf 82' lang='lat' dir='ltr'>Plotinus</span> <span class='ocrx_word' id='word_1_104' title='bbox 1696 1763 1865 1828; x_wconf 88' lang='lat' dir='ltr'>baud</span> <span class='ocrx_word' id='word_1_105' title='bbox 1915 1763 2108 1829; x_wconf 90' lang='lat' dir='ltr'>dubie</span> <span class='ocrx_word' id='word_1_106' title='bbox 2154 1789 2260 1829; x_wconf 88' lang='lat' dir='ltr'>vo-</span> 
     </span>
     <span class='ocr_line' id='line_1_14' title="bbox 567 1867 2263 1957; baseline 0.001 -27"><span class='ocrx_word' id='word_1_107' title='bbox 567 1890 701 1930; x_wconf 90' lang='lat' dir='ltr'>cem</span> <span class='ocrx_word' id='word_1_108' title='bbox 731 1891 771 1931; x_wconf 87' lang='lat' dir='ltr'>a</span> <span class='ocrx_word' id='word_1_109' title='bbox 801 1867 1065 1932; x_wconf 88' lang='lat' dir='ltr'>Platone</span> <span class='ocrx_word' id='word_1_110' title='bbox 1094 1881 1422 1932; x_wconf 89' lang='lat' dir='ltr'>mutuatus</span> <span class='ocrx_word' id='word_1_111' title='bbox 1450 1882 1564 1931; x_wconf 91' lang='lat' dir='ltr'>est.</span> <span class='ocrx_word' id='word_1_112' title='bbox 1611 1868 1712 1932; x_wconf 86' lang='lat' dir='ltr'>Cf.</span> <span class='ocrx_word' id='word_1_113' title='bbox 1746 1890 1937 1955; x_wconf 87' lang='lat' dir='ltr'>supra</span> <span class='ocrx_word' id='word_1_114' title='bbox 1964 1892 2032 1957; x_wconf 92' lang='lat' dir='ltr'>p.</span> <span class='ocrx_word' id='word_1_115' title='bbox 2061 1887 2156 1953; x_wconf 85' lang='lat'>15.</span> <span class='ocrx_word' id='word_1_116' title='bbox 2183 1871 2263 1932; x_wconf 92' lang='lat' dir='ltr'>A.</span> 
     </span>
     <span class='ocr_line' id='line_1_15' title="bbox 567 1970 1111 2054; baseline -0.002 -19"><span class='ocrx_word' id='word_1_117' title='bbox 567 1970 650 2035; x_wconf 85' lang='lat' dir='ltr'>ad</span> <span class='ocrx_word' id='word_1_118' title='bbox 679 1995 740 2035; x_wconf 84' lang='lat' dir='ltr'>v.</span> <span class='ocrx_word' id='word_1_119' title='bbox 771 1973 1111 2054; x_wconf 78' lang='grc' dir='ltr'>γειτνίασις.</span> 
     </span>
    </p>

    <p class='ocr_par' dir='ltr' id='par_1_5' title="bbox 545 2073 2265 4919">
     <span class='ocr_line' id='line_1_16' title="bbox 653 2073 2265 2162; baseline -0.002 -22"><span class='ocrx_word' id='word_1_120' title='bbox 653 2098 717 2162; x_wconf 86' lang='lat' dir='ltr'>p.</span> <span class='ocrx_word' id='word_1_121' title='bbox 751 2094 902 2158; x_wconf 91' lang='lat'>901,</span> <span class='ocrx_word' id='word_1_122' title='bbox 919 2093 982 2158; x_wconf 84' lang='lat'>5.</span> <span class='ocrx_word' id='word_1_123' title='bbox 1031 2075 1160 2137; x_wconf 82' lang='grc' dir='ltr'>οἶον</span> <span class='ocrx_word' id='word_1_124' title='bbox 1187 2074 1371 2154; x_wconf 80' lang='grc' dir='ltr'>λόγος</span> <span class='ocrx_word' id='word_1_125' title='bbox 1399 2075 1432 2137; x_wconf 97' lang='lat'><em>6</em></span> <span class='ocrx_word' id='word_1_126' title='bbox 1464 2074 1532 2137; x_wconf 92' lang='grc' dir='ltr'>ἐν</span> <span class='ocrx_word' id='word_1_127' title='bbox 1560 2075 1861 2159; x_wconf 75' lang='grc' dir='ltr'>προφορᾷ]</span> <span class='ocrx_word' id='word_1_128' title='bbox 1929 2073 2032 2138; x_wconf 80' lang='lat' dir='ltr'>Cf.</span> <span class='ocrx_word' id='word_1_129' title='bbox 2076 2096 2265 2161; x_wconf 85' lang='lat' dir='ltr'>supra</span> 
     </span>
     <span class='ocr_line' id='line_1_17' title="bbox 567 2175 2261 2260; baseline 0 -18"><span class='ocrx_word' id='word_1_130' title='bbox 567 2192 809 2243; x_wconf 90' lang='lat' dir='ltr'>annott.</span> <span class='ocrx_word' id='word_1_131' title='bbox 853 2176 935 2240; x_wconf 92' lang='lat' dir='ltr'>ad</span> <span class='ocrx_word' id='word_1_132' title='bbox 972 2200 1035 2260; x_wconf 90' lang='lat' dir='ltr'>p.</span> <span class='ocrx_word' id='word_1_133' title='bbox 1073 2195 1170 2260; x_wconf 83' lang='lat'>13.</span> <span class='ocrx_word' id='word_1_134' title='bbox 1200 2176 1281 2239; x_wconf 93' lang='lat' dir='ltr'>F.</span> <span class='ocrx_word' id='word_1_135' title='bbox 1374 2177 1690 2240; x_wconf 84' lang='lat' dir='ltr'>Caeterum</span> <span class='ocrx_word' id='word_1_136' title='bbox 1736 2176 1818 2240; x_wconf 88' lang='lat' dir='ltr'>ad</span> <span class='ocrx_word' id='word_1_137' title='bbox 1873 2175 2009 2241; x_wconf 84' lang='lat' dir='ltr'>baec</span> <span class='ocrx_word' id='word_1_138' title='bbox 2054 2191 2117 2241; x_wconf 89' lang='lat' dir='ltr'>et</span> <span class='ocrx_word' id='word_1_139' title='bbox 2168 2201 2261 2242; x_wconf 90' lang='lat' dir='ltr'>se·</span> 
     </span>
     <span class='ocr_line' id='line_1_18' title="bbox 566 2277 2261 2368; baseline -0.001 -23"><span class='ocrx_word' id='word_1_140' title='bbox 566 2280 827 2367; x_wconf 85' lang='lat' dir='ltr'>quentia</span> <span class='ocrx_word' id='word_1_141' title='bbox 846 2279 1115 2368; x_wconf 88' lang='lat' dir='ltr'>pertinet</span> <span class='ocrx_word' id='word_1_142' title='bbox 1141 2277 1313 2342; x_wconf 90' lang='lat' dir='ltr'>locus</span> <span class='ocrx_word' id='word_1_143' title='bbox 1333 2277 1535 2343; x_wconf 88' lang='lat' dir='ltr'>Procli</span> <span class='ocrx_word' id='word_1_144' title='bbox 1559 2278 1622 2342; x_wconf 89' lang='lat' dir='ltr'>in</span> <span class='ocrx_word' id='word_1_145' title='bbox 1656 2278 2068 2365; x_wconf 86' lang='lat' dir='ltr'>Theologiam</span> <span class='ocrx_word' id='word_1_146' title='bbox 2096 2279 2261 2345; x_wconf 90' lang='lat' dir='ltr'>Plat.</span> 
     </span>
     <span class='ocr_line' id='line_1_19' title="bbox 569 2382 2263 2471; baseline 0.002 -24"><span class='ocrx_word' id='word_1_147' title='bbox 569 2384 716 2448; x_wconf 80' lang='grc' dir='ltr'><strong>ΧΠ.</strong></span> <span class='ocrx_word' id='word_1_148' title='bbox 745 2407 806 2471; x_wconf 90' lang='lat' dir='ltr'>p.</span> <span class='ocrx_word' id='word_1_149' title='bbox 831 2386 938 2469; x_wconf 84' lang='lat'>36.</span> <span class='ocrx_word' id='word_1_150' title='bbox 980 2383 1062 2447; x_wconf 90' lang='lat' dir='ltr'>de</span> <span class='ocrx_word' id='word_1_151' title='bbox 1107 2396 1313 2446; x_wconf 87' lang='lat' dir='ltr'>mente</span> <span class='ocrx_word' id='word_1_152' title='bbox 1364 2384 1540 2468; x_wconf 78' lang='grc' dir='ltr'>(νῷ);</span> <span class='ocrx_word' id='word_1_153' title='bbox 1592 2385 1810 2448; x_wconf 82' lang='grc' dir='ltr'>Διττᾶς</span> <span class='ocrx_word' id='word_1_154' title='bbox 1850 2384 1965 2464; x_wconf 74' lang='grc' dir='ltr'>γὰρ</span> <span class='ocrx_word' id='word_1_155' title='bbox 2002 2382 2130 2466; x_wconf 76' lang='grc' dir='ltr'>ἔχει</span> <span class='ocrx_word' id='word_1_156' title='bbox 2157 2388 2263 2452; x_wconf 73' lang='grc' dir='ltr'>τὰς</span> 
     </span>
     <span class='ocr_line' id='line_1_20' title="bbox 571 2486 2255 2573; baseline 0.001 -22"><span class='ocrx_word' id='word_1_157' title='bbox 571 2488 889 2570; x_wconf 85' lang='grc' dir='ltr'>ἐνεργείας,</span> <span class='ocrx_word' id='word_1_158' title='bbox 920 2489 1024 2553; x_wconf 79' lang='grc' dir='ltr'>τὰς</span> <span class='ocrx_word' id='word_1_159' title='bbox 1051 2487 1162 2565; x_wconf 75' lang='grc' dir='ltr'>μὲν</span> <span class='ocrx_word' id='word_1_160' title='bbox 1192 2486 1270 2553; x_wconf 83' lang='grc' dir='ltr'>ὦς</span> <span class='ocrx_word' id='word_1_161' title='bbox 1309 2489 1463 2559; x_wconf 83' lang='grc' dir='ltr'>νοῦς,</span> <span class='ocrx_word' id='word_1_162' title='bbox 1495 2488 1600 2552; x_wconf 75' lang='grc' dir='ltr'>τὰς</span> <span class='ocrx_word' id='word_1_163' title='bbox 1639 2486 1704 2548; x_wconf 80' lang='grc' dir='ltr'>δὲ</span> <span class='ocrx_word' id='word_1_164' title='bbox 1738 2486 1970 2564; x_wconf 81' lang='grc' dir='ltr'>μεθύων</span> <span class='ocrx_word' id='word_1_165' title='bbox 2004 2491 2085 2573; x_wconf 94' lang='grc' dir='ltr'>τῷ</span> <span class='ocrx_word' id='word_1_166' title='bbox 2125 2486 2255 2552; x_wconf 84' lang='grc' dir='ltr'>νέκ-</span> 
     </span>
     <span class='ocr_line' id='line_1_21' title="bbox 566 2585 2256 2675; baseline 0.001 -22"><span class='ocrx_word' id='word_1_167' title='bbox 566 2616 698 2672; x_wconf 77' lang='grc' dir='ltr'>ταρι</span> <span class='ocrx_word' id='word_1_168' title='bbox 728 2590 903 2672; x_wconf 86' lang='lat' dir='ltr'>(vid.</span> <span class='ocrx_word' id='word_1_169' title='bbox 937 2587 1169 2653; x_wconf 84' lang='lat' dir='ltr'>Plotin.</span> <span class='ocrx_word' id='word_1_170' title='bbox 1203 2611 1269 2675; x_wconf 91' lang='lat' dir='ltr'>p.</span> <span class='ocrx_word' id='word_1_171' title='bbox 1298 2606 1444 2672; x_wconf 85' lang='lat'><strong>299.</strong></span> <span class='ocrx_word' id='word_1_172' title='bbox 1479 2589 1558 2652; x_wconf 90' lang='lat' dir='ltr'>C.</span> <span class='ocrx_word' id='word_1_173' title='bbox 1582 2589 1665 2652; x_wconf 91' lang='lat' dir='ltr'>D.</span> <span class='ocrx_word' id='word_1_174' title='bbox 1698 2585 1852 2673; x_wconf 90' lang='lat' dir='ltr'>ibiq.</span> <span class='ocrx_word' id='word_1_175' title='bbox 1884 2594 2125 2664; x_wconf 90' lang='lat' dir='ltr'>annot.)</span> <span class='ocrx_word' id='word_1_176' title='bbox 2161 2591 2256 2654; x_wconf 86' lang='grc' dir='ltr'>καὶ</span> 
     </span>
     <span class='ocr_line' id='line_1_22' title="bbox 569 2687 2257 2777; baseline 0 -21"><span class='ocrx_word' id='word_1_177' title='bbox 569 2694 636 2756; x_wconf 92' lang='grc' dir='ltr'>ἐν</span> <span class='ocrx_word' id='word_1_178' title='bbox 664 2694 893 2767; x_wconf 74' lang='grc' dir='ltr'>ἄλλοις,</span> <span class='ocrx_word' id='word_1_179' title='bbox 922 2695 1014 2757; x_wconf 77' lang='grc' dir='ltr'>ὅτι</span> <span class='ocrx_word' id='word_1_180' title='bbox 1050 2692 1145 2756; x_wconf 85' lang='grc' dir='ltr'>καὶ</span> <span class='ocrx_word' id='word_1_181' title='bbox 1189 2694 1222 2756; x_wconf 98' lang='lat'><em>6</em></span> <span class='ocrx_word' id='word_1_182' title='bbox 1265 2695 1401 2758; x_wconf 91' lang='grc' dir='ltr'>νοῦς</span> <span class='ocrx_word' id='word_1_183' title='bbox 1438 2692 1608 2758; x_wconf 79' lang='grc' dir='ltr'>οὗτος</span> <span class='ocrx_word' id='word_1_184' title='bbox 1651 2695 1731 2777; x_wconf 90' lang='grc' dir='ltr'>τῷ</span> <span class='ocrx_word' id='word_1_185' title='bbox 1775 2687 1889 2772; x_wconf 79' lang='grc' dir='ltr'>πρὸ</span> <span class='ocrx_word' id='word_1_186' title='bbox 1926 2692 2137 2756; x_wconf 84' lang='grc' dir='ltr'>ἑαυτοῦ</span> <span class='ocrx_word' id='word_1_187' title='bbox 2175 2693 2257 2773; x_wconf 76' lang='grc' dir='ltr'>μὴ</span> 
     </span>
     <span class='ocr_line' id='line_1_23' title="bbox 566 2794 2257 2881; baseline -0.004 0"><span class='ocrx_word' id='word_1_188' title='bbox 566 2798 670 2881; x_wconf 73' lang='lat'>”⁴132</span> <span class='ocrx_word' id='word_1_189' title='bbox 722 2796 875 2862; x_wconf 65' lang='grc' dir='ltr'>θεός·</span> <span class='ocrx_word' id='word_1_190' title='bbox 924 2797 1125 2876; x_wconf 75' lang='grc' dir='ltr'>ὥσπερ</span> <span class='ocrx_word' id='word_1_191' title='bbox 1168 2795 1208 2874; x_wconf 81' lang='grc' dir='ltr'>ἥ</span> <span class='ocrx_word' id='word_1_192' title='bbox 1256 2794 1445 2877; x_wconf 67' lang='grc' dir='ltr'>ψυχὴ,</span> <span class='ocrx_word' id='word_1_193' title='bbox 1491 2798 1561 2873; x_wconf 69' lang='grc' dir='ltr'>τῇ</span> <span class='ocrx_word' id='word_1_194' title='bbox 1610 2796 1815 2874; x_wconf 69' lang='grc' dir='ltr'>ἑαυτῆς</span> <span class='ocrx_word' id='word_1_195' title='bbox 1857 2796 2005 2876; x_wconf 70' lang='grc' dir='ltr'>ὑπὲρ</span> <span class='ocrx_word' id='word_1_196' title='bbox 2047 2796 2257 2879; x_wconf 72' lang='grc' dir='ltr'>ψνχὴν</span> 
     </span>
     <span class='ocr_line' id='line_1_24' title="bbox 565 2894 2251 2980; baseline -0.001 -18"><span class='ocrx_word' id='word_1_197' title='bbox 565 2899 854 2980; x_wconf 76' lang='grc' dir='ltr'>ἆκρότ-ητι,</span> <span class='ocrx_word' id='word_1_198' title='bbox 887 2903 1039 2972; x_wconf 84' lang='grc' dir='ltr'>νοῦς,</span> <span class='ocrx_word' id='word_1_199' title='bbox 1074 2899 1169 2962; x_wconf 88' lang='grc' dir='ltr'>καὶ</span> <span class='ocrx_word' id='word_1_200' title='bbox 1196 2896 1266 2960; x_wconf 86' lang='grc' dir='ltr'>τὸ</span> <span class='ocrx_word' id='word_1_201' title='bbox 1296 2903 1467 2977; x_wconf 81' lang='grc' dir='ltr'>σῶμα</span> <span class='ocrx_word' id='word_1_202' title='bbox 1495 2901 1565 2977; x_wconf 75' lang='grc' dir='ltr'>τῇ</span> <span class='ocrx_word' id='word_1_203' title='bbox 1593 2896 1708 2978; x_wconf 86' lang='grc' dir='ltr'>πρὸ</span> <span class='ocrx_word' id='word_1_204' title='bbox 1738 2900 1844 2960; x_wconf 93' lang='grc' dir='ltr'>τοῦ</span> <span class='ocrx_word' id='word_1_205' title='bbox 1871 2894 2140 2977; x_wconf 71' lang='grc' dir='ltr'>σώματος</span> <span class='ocrx_word' id='word_1_206' title='bbox 2156 2901 2251 2961; x_wconf 83' lang='grc' dir='ltr'>δυ-</span> 
     </span>
     <span class='ocr_line' id='line_1_25' title="bbox 566 2996 2252 3085; baseline -0.002 -21"><span class='ocrx_word' id='word_1_207' title='bbox 566 3000 755 3081; x_wconf 80' lang='grc' dir='ltr'>νάμει,</span> <span class='ocrx_word' id='word_1_208' title='bbox 786 2999 992 3084; x_wconf 72' lang='grc' dir='ltr'>ψυχήι</span> <span class='ocrx_word' id='word_1_209' title='bbox 1043 2997 1345 3085; x_wconf 89' lang='lat' dir='ltr'>Duplices</span> <span class='ocrx_word' id='word_1_210' title='bbox 1373 2997 1534 3061; x_wconf 90' lang='lat' dir='ltr'>enim</span> <span class='ocrx_word' id='word_1_211' title='bbox 1568 2996 1757 3061; x_wconf 89' lang='lat' dir='ltr'>habet</span> <span class='ocrx_word' id='word_1_212' title='bbox 1787 3012 1962 3062; x_wconf 86' lang='lat' dir='ltr'>actus</span> <span class='ocrx_word' id='word_1_213' title='bbox 1993 2998 2252 3080; x_wconf 87' lang='lat' dir='ltr'>(mens),</span> 
     </span>
     <span class='ocr_line' id='line_1_26' title="bbox 564 3098 2257 3187; baseline -0.001 -20"><span class='ocrx_word' id='word_1_214' title='bbox 564 3119 635 3169; x_wconf 87' lang='lat' dir='ltr'>ut</span> <span class='ocrx_word' id='word_1_215' title='bbox 661 3103 750 3168; x_wconf 88' lang='lat' dir='ltr'>ait</span> <span class='ocrx_word' id='word_1_216' title='bbox 781 3103 1091 3179; x_wconf 73' lang='lat' dir='ltr'>Plotinae,</span> <span class='ocrx_word' id='word_1_217' title='bbox 1122 3101 1348 3166; x_wconf 84' lang='lat' dir='ltr'>alteros</span> <span class='ocrx_word' id='word_1_218' title='bbox 1380 3098 1659 3187; x_wconf 88' lang='lat' dir='ltr'>quidem,</span> <span class='ocrx_word' id='word_1_219' title='bbox 1688 3114 1763 3163; x_wconf 92' lang='lat' dir='ltr'>ut</span> <span class='ocrx_word' id='word_1_220' title='bbox 1806 3122 1999 3175; x_wconf 88' lang='lat' dir='ltr'>mens,</span> <span class='ocrx_word' id='word_1_221' title='bbox 2030 3100 2257 3166; x_wconf 87' lang='lat' dir='ltr'>alteros</span> 
     </span>
     <span class='ocr_line' id='line_1_27' title="bbox 566 3200 2252 3286; baseline -0.001 -16"><span class='ocrx_word' id='word_1_222' title='bbox 566 3220 638 3271; x_wconf 90' lang='lat' dir='ltr'>ut</span> <span class='ocrx_word' id='word_1_223' title='bbox 676 3220 926 3272; x_wconf 81' lang='lat' dir='ltr'>nectare</span> <span class='ocrx_word' id='word_1_224' title='bbox 967 3203 1330 3280; x_wconf 76' lang='lat' dir='ltr'>inebriatuS,</span> <span class='ocrx_word' id='word_1_225' title='bbox 1366 3217 1431 3267; x_wconf 92' lang='lat' dir='ltr'>et</span> <span class='ocrx_word' id='word_1_226' title='bbox 1470 3201 1617 3266; x_wconf 89' lang='lat' dir='ltr'>alibi</span> <span class='ocrx_word' id='word_1_227' title='bbox 1671 3200 1829 3286; x_wconf 90' lang='lat' dir='ltr'>(aliis</span> <span class='ocrx_word' id='word_1_228' title='bbox 1870 3201 1934 3266; x_wconf 93' lang='lat' dir='ltr'>in</span> <span class='ocrx_word' id='word_1_229' title='bbox 1980 3202 2128 3267; x_wconf 87' lang='lat' dir='ltr'>locis</span> <span class='ocrx_word' id='word_1_230' title='bbox 2169 3227 2252 3269; x_wconf 87' lang='lat' dir='ltr'>sc.</span> 
     </span>
     <span class='ocr_line' id='line_1_28' title="bbox 562 3305 2251 3396; baseline -0.002 -20"><span class='ocrx_word' id='word_1_231' title='bbox 562 3310 713 3376; x_wconf 84' lang='lat' dir='ltr'>dicit</span> <span class='ocrx_word' id='word_1_232' title='bbox 744 3309 1056 3391; x_wconf 89' lang='lat' dir='ltr'>Plotinus)</span> <span class='ocrx_word' id='word_1_233' title='bbox 1094 3305 1266 3396; x_wconf 92' lang='lat' dir='ltr'>quod</span> <span class='ocrx_word' id='word_1_234' title='bbox 1311 3305 1445 3371; x_wconf 87' lang='lat' dir='ltr'>baec</span> <span class='ocrx_word' id='word_1_235' title='bbox 1488 3305 1673 3370; x_wconf 89' lang='lat' dir='ltr'>etiam</span> <span class='ocrx_word' id='word_1_236' title='bbox 1716 3328 1891 3370; x_wconf 87' lang='lat' dir='ltr'>mens</span> <span class='ocrx_word' id='word_1_237' title='bbox 1933 3330 2046 3393; x_wconf 86' lang='lat' dir='ltr'>per</span> <span class='ocrx_word' id='word_1_238' title='bbox 2085 3305 2251 3373; x_wconf 90' lang='lat' dir='ltr'>illam</span> 
     </span>
     <span class='ocr_line' id='line_1_29' title="bbox 562 3410 2252 3499; baseline -0.001 -23"><span class='ocrx_word' id='word_1_239' title='bbox 562 3427 1065 3490; x_wconf 88' lang='lat' dir='ltr'>non—mentem,</span> <span class='ocrx_word' id='word_1_240' title='bbox 1109 3434 1255 3499; x_wconf 80' lang='lat' dir='ltr'>quae</span> <span class='ocrx_word' id='word_1_241' title='bbox 1310 3424 1456 3475; x_wconf 87' lang='lat' dir='ltr'>ante</span> <span class='ocrx_word' id='word_1_242' title='bbox 1511 3410 1709 3498; x_wconf 80' lang='lat' dir='ltr'>ipsam</span> <span class='ocrx_word' id='word_1_243' title='bbox 1756 3426 1873 3489; x_wconf 89' lang='lat' dir='ltr'>est,</span> <span class='ocrx_word' id='word_1_244' title='bbox 1924 3410 2082 3475; x_wconf 88' lang='lat' dir='ltr'>deus</span> <span class='ocrx_word' id='word_1_245' title='bbox 2137 3426 2252 3490; x_wconf 89' lang='lat' dir='ltr'>est,</span> 
     </span>
     <span class='ocr_line' id='line_1_30' title="bbox 560 3513 2252 3603; baseline -0.001 -22"><span class='ocrx_word' id='word_1_246' title='bbox 560 3514 1086 3603; x_wconf 82' lang='lat' dir='ltr'>quemadmodum</span> <span class='ocrx_word' id='word_1_247' title='bbox 1136 3513 1342 3579; x_wconf 91' lang='lat' dir='ltr'>anima</span> <span class='ocrx_word' id='word_1_248' title='bbox 1388 3536 1499 3578; x_wconf 86' lang='lat' dir='ltr'>sua</span> <span class='ocrx_word' id='word_1_249' title='bbox 1547 3513 1922 3592; x_wconf 81' lang='lat' dir='ltr'>summitate,</span> <span class='ocrx_word' id='word_1_250' title='bbox 1968 3536 2113 3601; x_wconf 85' lang='lat' dir='ltr'>quae</span> <span class='ocrx_word' id='word_1_251' title='bbox 2159 3530 2252 3579; x_wconf 90' lang='lat' dir='ltr'>est</span> 
     </span>
     <span class='ocr_line' id='line_1_31' title="bbox 561 3617 2252 3706; baseline 0 -24"><span class='ocrx_word' id='word_1_252' title='bbox 561 3642 755 3706; x_wconf 86' lang='lat' dir='ltr'>supra</span> <span class='ocrx_word' id='word_1_253' title='bbox 780 3619 1072 3697; x_wconf 86' lang='lat' dir='ltr'>animam,</span> <span class='ocrx_word' id='word_1_254' title='bbox 1103 3639 1281 3682; x_wconf 88' lang='lat' dir='ltr'>mens</span> <span class='ocrx_word' id='word_1_255' title='bbox 1305 3632 1419 3696; x_wconf 91' lang='lat' dir='ltr'>est,</span> <span class='ocrx_word' id='word_1_256' title='bbox 1443 3631 1507 3681; x_wconf 91' lang='lat' dir='ltr'>et</span> <span class='ocrx_word' id='word_1_257' title='bbox 1534 3639 1761 3704; x_wconf 86' lang='lat' dir='ltr'>corpus</span> <span class='ocrx_word' id='word_1_258' title='bbox 1787 3617 2086 3704; x_wconf 87' lang='lat' dir='ltr'>potentia,</span> <span class='ocrx_word' id='word_1_259' title='bbox 2106 3641 2252 3705; x_wconf 84' lang='lat' dir='ltr'>quae</span> 
     </span>
     <span class='ocr_line' id='line_1_32' title="bbox 559 3719 2248 3810; baseline -0.001 -23"><span class='ocrx_word' id='word_1_260' title='bbox 559 3737 704 3787; x_wconf 85' lang='lat' dir='ltr'>ante</span> <span class='ocrx_word' id='word_1_261' title='bbox 732 3744 962 3810; x_wconf 86' lang='lat' dir='ltr'>corpus</span> <span class='ocrx_word' id='word_1_262' title='bbox 998 3736 1115 3800; x_wconf 84' lang='lat' dir='ltr'>est,</span> <span class='ocrx_word' id='word_1_263' title='bbox 1146 3719 1354 3785; x_wconf 89' lang='lat' dir='ltr'>anima</span> <span class='ocrx_word' id='word_1_264' title='bbox 1397 3735 1511 3784; x_wconf 90' lang='lat' dir='ltr'>est.</span> <span class='ocrx_word' id='word_1_265' title='bbox 1603 3721 1707 3784; x_wconf 86' lang='lat' dir='ltr'>Ita</span> <span class='ocrx_word' id='word_1_266' title='bbox 1749 3720 1883 3785; x_wconf 86' lang='lat' dir='ltr'>haec</span> <span class='ocrx_word' id='word_1_267' title='bbox 1923 3720 2248 3808; x_wconf 88' lang='lat' dir='ltr'>interpun-</span> 
     </span>
     <span class='ocr_line' id='line_1_33' title="bbox 558 3821 2247 3912; baseline -0.001 -24"><span class='ocrx_word' id='word_1_268' title='bbox 558 3825 765 3912; x_wconf 85' lang='lat' dir='ltr'>genda</span> <span class='ocrx_word' id='word_1_269' title='bbox 801 3841 867 3890; x_wconf 90' lang='lat' dir='ltr'>et</span> <span class='ocrx_word' id='word_1_270' title='bbox 903 3823 1200 3889; x_wconf 84' lang='lat' dir='ltr'>vertenda</span> <span class='ocrx_word' id='word_1_271' title='bbox 1243 3838 1412 3887; x_wconf 87' lang='lat' dir='ltr'>sunt.</span> <span class='ocrx_word' id='word_1_272' title='bbox 1501 3821 1799 3887; x_wconf 85' lang='lat' dir='ltr'>AEmilius</span> <span class='ocrx_word' id='word_1_273' title='bbox 1842 3824 2095 3901; x_wconf 88' lang='lat' dir='ltr'>Portus,</span> <span class='ocrx_word' id='word_1_274' title='bbox 2125 3823 2247 3886; x_wconf 88' lang='lat' dir='ltr'>vir-</span> 
     </span>
     <span class='ocr_line' id='line_1_34' title="bbox 557 3924 2243 4014; baseline -0.001 -23"><span class='ocrx_word' id='word_1_275' title='bbox 557 3925 708 4014; x_wconf 85' lang='lat' dir='ltr'>gula</span> <span class='ocrx_word' id='word_1_276' title='bbox 735 3926 959 3991; x_wconf 88' lang='lat' dir='ltr'>omissa</span> <span class='ocrx_word' id='word_1_277' title='bbox 983 3941 1127 3991; x_wconf 91' lang='lat' dir='ltr'>ante</span> <span class='ocrx_word' id='word_1_278' title='bbox 1156 3927 1249 3990; x_wconf 85' lang='grc' dir='ltr'>ὅτι</span> <span class='ocrx_word' id='word_1_279' title='bbox 1279 3926 1374 3990; x_wconf 84' lang='grc' dir='ltr'>καὶ</span> <span class='ocrx_word' id='word_1_280' title='bbox 1403 3928 1436 3988; x_wconf 92' lang='lat'><em>6</em></span> <span class='ocrx_word' id='word_1_281' title='bbox 1467 3929 1620 3999; x_wconf 91' lang='grc' dir='ltr'>νοῦς,</span> <span class='ocrx_word' id='word_1_282' title='bbox 1647 3924 1868 3989; x_wconf 85' lang='lat' dir='ltr'>verba:</span> <span class='ocrx_word' id='word_1_283' title='bbox 1920 3925 2015 3989; x_wconf 84' lang='grc' dir='ltr'>καὶ</span> <span class='ocrx_word' id='word_1_284' title='bbox 2046 3927 2113 3989; x_wconf 94' lang='grc' dir='ltr'>ἐν</span> <span class='ocrx_word' id='word_1_285' title='bbox 2134 3926 2243 3989; x_wconf 82' lang='grc' dir='ltr'>ἄλ-</span> 
     </span>
     <span class='ocr_line' id='line_1_35' title="bbox 556 4026 2243 4116; baseline -0.002 -22"><span class='ocrx_word' id='word_1_286' title='bbox 556 4039 685 4098; x_wconf 87' lang='grc' dir='ltr'>λοις</span> <span class='ocrx_word' id='word_1_287' title='bbox 712 4028 1306 4116; x_wconf 78' lang='lat' dir='ltr'>circumscripoerat:</span> <span class='ocrx_word' id='word_1_288' title='bbox 1359 4035 1400 4066; x_wconf 91' lang='lat'><strong>“</strong></span> <span class='ocrx_word' id='word_1_289' title='bbox 1426 4029 1515 4092; x_wconf 89' lang='lat' dir='ltr'>Et</span> <span class='ocrx_word' id='word_1_290' title='bbox 1543 4028 1609 4091; x_wconf 91' lang='lat' dir='ltr'>in</span> <span class='ocrx_word' id='word_1_291' title='bbox 1638 4026 1773 4091; x_wconf 88' lang='lat' dir='ltr'>aliis</span> <span class='ocrx_word' id='word_1_292' title='bbox 1799 4029 2081 4092; x_wconf 75' lang='lat' dir='ltr'>Entibus</span> <span class='ocrx_word' id='word_1_293' title='bbox 2093 4050 2243 4115; x_wconf 79' lang='lat' dir='ltr'>per-</span> 
     </span>
     <span class='ocr_line' id='line_1_36' title="bbox 553 4129 2243 4220; baseline 0 -23"><span class='ocrx_word' id='word_1_294' title='bbox 553 4135 841 4220; x_wconf 68' lang='lat' dir='ltr'>spicuum</span> <span class='ocrx_word' id='word_1_295' title='bbox 870 4133 1021 4198; x_wconf 52' lang='lat' dir='ltr'>est?⁹</span> <span class='ocrx_word' id='word_1_296' title='bbox 1108 4133 1271 4196; x_wconf 87' lang='lat' dir='ltr'>Mox</span> <span class='ocrx_word' id='word_1_297' title='bbox 1313 4130 1377 4194; x_wconf 89' lang='lat' dir='ltr'>in</span> <span class='ocrx_word' id='word_1_298' title='bbox 1417 4145 1628 4195; x_wconf 89' lang='lat' dir='ltr'>nostro</span> <span class='ocrx_word' id='word_1_299' title='bbox 1664 4129 1838 4195; x_wconf 85' lang='lat' dir='ltr'>loco:</span> <span class='ocrx_word' id='word_1_300' title='bbox 1888 4130 2017 4195; x_wconf 74' lang='grc' dir='ltr'>οἷον</span> <span class='ocrx_word' id='word_1_301' title='bbox 2044 4130 2243 4212; x_wconf 84' lang='grc' dir='ltr'>πυρὸς,</span> 
     </span>
     <span class='ocr_line' id='line_1_37' title="bbox 555 4232 2248 4318; baseline -0.001 -19"><span class='ocrx_word' id='word_1_302' title='bbox 555 4236 622 4299; x_wconf 84' lang='grc' dir='ltr'>τὸ</span> <span class='ocrx_word' id='word_1_303' title='bbox 648 4238 761 4317; x_wconf 75' lang='grc' dir='ltr'>μὲν</span> <span class='ocrx_word' id='word_1_304' title='bbox 788 4238 826 4316; x_wconf 82' lang='grc' dir='ltr'>ἥ</span> <span class='ocrx_word' id='word_1_305' title='bbox 854 4240 1121 4299; x_wconf 86' lang='grc' dir='ltr'>συνοῦσα</span> <span class='ocrx_word' id='word_1_306' title='bbox 1144 4236 1443 4318; x_wconf 86' lang='grc' dir='ltr'>θερμότης,</span> <span class='ocrx_word' id='word_1_307' title='bbox 1468 4256 1545 4298; x_wconf 84' lang='lat' dir='ltr'>ex</span> <span class='ocrx_word' id='word_1_308' title='bbox 1568 4233 1846 4298; x_wconf 80' lang='lat' dir='ltr'>versione</span> <span class='ocrx_word' id='word_1_309' title='bbox 1877 4232 2075 4298; x_wconf 88' lang='lat' dir='ltr'>Ficini</span> <span class='ocrx_word' id='word_1_310' title='bbox 2104 4257 2248 4298; x_wconf 88' lang='lat' dir='ltr'>con-</span> 
     </span>
     <span class='ocr_line' id='line_1_38' title="bbox 545 4337 2241 4425; baseline -0.001 -21"><span class='ocrx_word' id='word_1_311' title='bbox 545 4338 762 4425; x_wconf 86' lang='lat' dir='ltr'>jicias:</span> <span class='ocrx_word' id='word_1_312' title='bbox 808 4341 848 4421; x_wconf 82' lang='grc' dir='ltr'>ἡ</span> <span class='ocrx_word' id='word_1_313' title='bbox 887 4339 1020 4420; x_wconf 85' lang='grc' dir='ltr'>μέν,</span> <span class='ocrx_word' id='word_1_314' title='bbox 1052 4339 1159 4404; x_wconf 89' lang='lat' dir='ltr'>sed</span> <span class='ocrx_word' id='word_1_315' title='bbox 1203 4339 1266 4402; x_wconf 90' lang='lat' dir='ltr'>in</span> <span class='ocrx_word' id='word_1_316' title='bbox 1306 4337 1411 4402; x_wconf 89' lang='lat' dir='ltr'>illa</span> <span class='ocrx_word' id='word_1_317' title='bbox 1447 4338 1709 4403; x_wconf 89' lang='lat' dir='ltr'>lectione</span> <span class='ocrx_word' id='word_1_318' title='bbox 1745 4360 1887 4403; x_wconf 89' lang='lat' dir='ltr'>cum</span> <span class='ocrx_word' id='word_1_319' title='bbox 1929 4337 2102 4402; x_wconf 89' lang='lat' dir='ltr'>libris</span> <span class='ocrx_word' id='word_1_320' title='bbox 2131 4360 2241 4402; x_wconf 90' lang='lat' dir='ltr'>no·</span> 
     </span>
     <span class='ocr_line' id='line_1_39' title="bbox 550 4439 2240 4529; baseline -0.001 -21"><span class='ocrx_word' id='word_1_321' title='bbox 550 4443 693 4508; x_wconf 86' lang='lat' dir='ltr'>stris</span> <span class='ocrx_word' id='word_1_322' title='bbox 732 4441 1045 4529; x_wconf 84' lang='lat' dir='ltr'>conspirat</span> <span class='ocrx_word' id='word_1_323' title='bbox 1089 4439 1724 4528; x_wconf 88' lang='lat' dir='ltr'>Cyrillus.—Deinde</span> <span class='ocrx_word' id='word_1_324' title='bbox 1762 4440 2083 4505; x_wconf 87' lang='lat' dir='ltr'>lectionem</span> <span class='ocrx_word' id='word_1_325' title='bbox 2127 4444 2240 4523; x_wconf 80' lang='grc' dir='ltr'>ὑφ-</span> 
     </span>
     <span class='ocr_line' id='line_1_40' title="bbox 552 4543 2240 4626; baseline -0.002 -16"><span class='ocrx_word' id='word_1_326' title='bbox 552 4544 893 4626; x_wconf 82' lang='grc' dir='ltr'>ισταμένην,</span> <span class='ocrx_word' id='word_1_327' title='bbox 918 4543 1353 4609; x_wconf 86' lang='lat' dir='ltr'>subsistentem</span> <span class='ocrx_word' id='word_1_328' title='bbox 1390 4544 1460 4625; x_wconf 85' lang='lat' dir='ltr'>(i.</span> <span class='ocrx_word' id='word_1_329' title='bbox 1480 4567 1538 4609; x_wconf 88' lang='lat' dir='ltr'>e.</span> <span class='ocrx_word' id='word_1_330' title='bbox 1567 4567 1644 4608; x_wconf 86' lang='lat' dir='ltr'>ex</span> <span class='ocrx_word' id='word_1_331' title='bbox 1676 4560 1881 4607; x_wconf 85' lang='lat' dir='ltr'>mente</span> <span class='ocrx_word' id='word_1_332' title='bbox 1908 4566 2082 4607; x_wconf 90' lang='lat' dir='ltr'>suam</span> <span class='ocrx_word' id='word_1_333' title='bbox 2119 4543 2240 4607; x_wconf 89' lang='lat' dir='ltr'>ori-</span> 
     </span>
     <span class='ocr_line' id='line_1_41' title="bbox 548 4646 2240 4736; baseline -0.001 -24"><span class='ocrx_word' id='word_1_334' title='bbox 548 4648 756 4736; x_wconf 84' lang='lat' dir='ltr'>ginem</span> <span class='ocrx_word' id='word_1_335' title='bbox 786 4646 1147 4731; x_wconf 89' lang='lat' dir='ltr'>ducentem)</span> <span class='ocrx_word' id='word_1_336' title='bbox 1173 4663 1233 4711; x_wconf 87' lang='lat' dir='ltr'>et</span> <span class='ocrx_word' id='word_1_337' title='bbox 1260 4647 1583 4734; x_wconf 85' lang='lat' dir='ltr'>sequentia</span> <span class='ocrx_word' id='word_1_338' title='bbox 1613 4661 1890 4724; x_wconf 90' lang='lat' dir='ltr'>tuentur,</span> <span class='ocrx_word' id='word_1_339' title='bbox 1924 4661 1984 4711; x_wconf 92' lang='lat' dir='ltr'>et</span> <span class='ocrx_word' id='word_1_340' title='bbox 2014 4646 2149 4712; x_wconf 86' lang='lat' dir='ltr'>haec</span> <span class='ocrx_word' id='word_1_341' title='bbox 2179 4646 2240 4710; x_wconf 89' lang='lat' dir='ltr'>in</span> 
     </span>
     <span class='ocr_line' id='line_1_42' title="bbox 549 4749 2243 4839; baseline -0.001 -25"><span class='ocrx_word' id='word_1_342' title='bbox 549 4752 588 4815; x_wconf 91' lang='grc' dir='ltr'>Ι.</span> <span class='ocrx_word' id='word_1_343' title='bbox 608 4750 648 4815; x_wconf 91' lang='lat' dir='ltr'>l.</span> <span class='ocrx_word' id='word_1_344' title='bbox 679 4774 748 4839; x_wconf 90' lang='lat' dir='ltr'>p.</span> <span class='ocrx_word' id='word_1_345' title='bbox 772 4768 916 4835; x_wconf 85' lang='grc'><strong>299.</strong></span> <span class='ocrx_word' id='word_1_346' title='bbox 940 4753 1017 4817; x_wconf 90' lang='lat' dir='ltr'>C.</span> <span class='ocrx_word' id='word_1_347' title='bbox 1050 4749 1130 4813; x_wconf 92' lang='lat' dir='ltr'>de</span> <span class='ocrx_word' id='word_1_348' title='bbox 1147 4750 1391 4815; x_wconf 86' lang='lat' dir='ltr'>anima:</span> <span class='ocrx_word' id='word_1_349' title='bbox 1427 4754 1508 4837; x_wconf 93' lang='grc' dir='ltr'>νῷ</span> <span class='ocrx_word' id='word_1_350' title='bbox 1539 4754 1806 4814; x_wconf 83' lang='grc' dir='ltr'>συνοῦσα</span> <span class='ocrx_word' id='word_1_351' title='bbox 1836 4750 1930 4814; x_wconf 85' lang='grc' dir='ltr'>καὶ</span> <span class='ocrx_word' id='word_1_352' title='bbox 1955 4754 2115 4831; x_wconf 75' lang='grc' dir='ltr'>παρὰ</span> <span class='ocrx_word' id='word_1_353' title='bbox 2138 4754 2243 4814; x_wconf 90' lang='grc' dir='ltr'>νοῦ</span> 
     </span>
     <span class='ocr_line' id='line_1_43' title="bbox 546 4857 879 4919; baseline -0.003 0"><span class='ocrx_word' id='word_1_354' title='bbox 546 4857 879 4919; x_wconf 80' lang='grc' dir='ltr'>ὑποοτᾶσα.</span> 
     </span>
    </p>

    <p class='ocr_par' dir='ltr' id='par_1_6' title="bbox 545 4954 2236 5434">
     <span class='ocr_line' id='line_1_44' title="bbox 634 4954 2236 5044; baseline 0 -24"><span class='ocrx_word' id='word_1_355' title='bbox 634 4981 695 5044; x_wconf 82' lang='grc' dir='ltr'>ρ.</span> <span class='ocrx_word' id='word_1_356' title='bbox 727 4974 877 5039; x_wconf 87' lang='lat'>902,</span> <span class='ocrx_word' id='word_1_357' title='bbox 915 4976 973 5020; x_wconf 87' lang='grc'><strong>1.</strong></span> <span class='ocrx_word' id='word_1_358' title='bbox 1022 4956 1312 5044; x_wconf 80' lang='grc' dir='ltr'>νοοειδὴς]</span> <span class='ocrx_word' id='word_1_359' title='bbox 1362 4956 1468 5019; x_wconf 90' lang='lat' dir='ltr'>Ita</span> <span class='ocrx_word' id='word_1_360' title='bbox 1497 4955 1735 5019; x_wconf 83' lang='lat' dir='ltr'>correxi</span> <span class='ocrx_word' id='word_1_361' title='bbox 1766 4978 1843 5019; x_wconf 87' lang='lat' dir='ltr'>ex</span> <span class='ocrx_word' id='word_1_362' title='bbox 1876 4954 2034 5020; x_wconf 90' lang='lat' dir='ltr'>Cod.</span> <span class='ocrx_word' id='word_1_363' title='bbox 2074 4956 2236 5032; x_wconf 87' lang='lat' dir='ltr'>Vat.‚</span> 
     </span>
     <span class='ocr_line' id='line_1_45' title="bbox 546 5056 2235 5148; baseline -0.001 -22"><span class='ocrx_word' id='word_1_364' title='bbox 546 5059 899 5148; x_wconf 82' lang='lat' dir='ltr'>postulante</span> <span class='ocrx_word' id='word_1_365' title='bbox 915 5056 1201 5143; x_wconf 79' lang='lat' dir='ltr'>analogia</span> <span class='ocrx_word' id='word_1_366' title='bbox 1229 5082 1288 5120; x_wconf 84' lang='lat' dir='ltr'>v.</span> <span class='ocrx_word' id='word_1_367' title='bbox 1307 5082 1361 5123; x_wconf 88' lang='lat' dir='ltr'>c.</span> <span class='ocrx_word' id='word_1_368' title='bbox 1395 5058 1457 5121; x_wconf 89' lang='lat' dir='ltr'>in</span> <span class='ocrx_word' id='word_1_369' title='bbox 1491 5059 1856 5139; x_wconf 82' lang='grc' dir='ltr'>νοοβλαβῆς,</span> <span class='ocrx_word' id='word_1_370' title='bbox 1884 5059 2235 5140; x_wconf 81' lang='grc' dir='ltr'>νοοπλανὴς,</span> 
     </span>
     <span class='ocr_line' id='line_1_46' title="bbox 548 5160 2235 5249; baseline -0.001 -21"><span class='ocrx_word' id='word_1_371' title='bbox 548 5163 894 5246; x_wconf 78' lang='grc' dir='ltr'>νοοσφαλὴς</span> <span class='ocrx_word' id='word_1_372' title='bbox 936 5176 1001 5226; x_wconf 91' lang='lat' dir='ltr'>et</span> <span class='ocrx_word' id='word_1_373' title='bbox 1043 5160 1209 5226; x_wconf 85' lang='lat' dir='ltr'>infra</span> <span class='ocrx_word' id='word_1_374' title='bbox 1243 5184 1306 5249; x_wconf 84' lang='lat' dir='ltr'>p.</span> <span class='ocrx_word' id='word_1_375' title='bbox 1345 5181 1496 5246; x_wconf 85' lang='lat'><strong>504.</strong></span> <span class='ocrx_word' id='word_1_376' title='bbox 1546 5177 1702 5226; x_wconf 84' lang='lat' dir='ltr'>extr.</span> <span class='ocrx_word' id='word_1_377' title='bbox 1758 5161 1895 5248; x_wconf 92' lang='lat' dir='ltr'>ipsa</span> <span class='ocrx_word' id='word_1_378' title='bbox 1939 5161 2130 5226; x_wconf 86' lang='lat' dir='ltr'>editio</span> <span class='ocrx_word' id='word_1_379' title='bbox 2174 5175 2235 5226; x_wconf 92' lang='lat' dir='ltr'>et</span> 
     </span>
     <span class='ocr_line' id='line_1_47' title="bbox 547 5264 2232 5354; baseline -0.002 -24"><span class='ocrx_word' id='word_1_380' title='bbox 547 5266 683 5332; x_wconf 87' lang='lat' dir='ltr'>libri</span> <span class='ocrx_word' id='word_1_381' title='bbox 732 5267 927 5331; x_wconf 91' lang='lat' dir='ltr'><strong>MSS.</strong></span> <span class='ocrx_word' id='word_1_382' title='bbox 973 5264 1188 5354; x_wconf 88' lang='lat' dir='ltr'>plures</span> <span class='ocrx_word' id='word_1_383' title='bbox 1235 5264 1535 5329; x_wconf 84' lang='lat' dir='ltr'>exhibent</span> <span class='ocrx_word' id='word_1_384' title='bbox 1575 5268 1824 5344; x_wconf 83' lang='grc' dir='ltr'>νοοειδῆ.</span> <span class='ocrx_word' id='word_1_385' title='bbox 1917 5265 2232 5329; x_wconf 82' lang='lat' dir='ltr'>Caeterum</span> 
     </span>
     <span class='ocr_line' id='line_1_48' title="bbox 545 5365 1825 5434; baseline -0.002 -1"><span class='ocrx_word' id='word_1_386' title='bbox 545 5370 658 5434; x_wconf 87' lang='lat' dir='ltr'>hoc</span> <span class='ocrx_word' id='word_1_387' title='bbox 688 5366 1061 5433; x_wconf 84' lang='lat' dir='ltr'>vocabulum</span> <span class='ocrx_word' id='word_1_388' title='bbox 1086 5366 1444 5432; x_wconf 89' lang='lat' dir='ltr'>addendum</span> <span class='ocrx_word' id='word_1_389' title='bbox 1473 5365 1685 5431; x_wconf 85' lang='lat' dir='ltr'>lexicis</span> <span class='ocrx_word' id='word_1_390' title='bbox 1712 5381 1825 5431; x_wconf 90' lang='lat' dir='ltr'>est.</span> 
     </span>
    </p>
   </div>
   <div class='ocr_carea' id='block_1_5' title="bbox 2350 836 4050 2155">
    <p class='ocr_par' dir='ltr' id='par_1_7' title="bbox 2350 836 4049 1646">
     <span class='ocr_line' id='line_1_49' title="bbox 2356 836 4046 925; baseline 0.001 -23"><span class='ocrx_word' id='word_1_391' title='bbox 2356 837 2663 925; x_wconf 89' lang='lat' dir='ltr'>parationi</span> <span class='ocrx_word' id='word_1_392' title='bbox 2704 836 3107 924; x_wconf 80' lang='lat' dir='ltr'>Evangelicae</span> <span class='ocrx_word' id='word_1_393' title='bbox 3146 837 3405 903; x_wconf 89' lang='lat' dir='ltr'>inseruit</span> <span class='ocrx_word' id='word_1_394' title='bbox 3435 840 3751 905; x_wconf 86' lang='lat' dir='ltr'>Eusebius</span> <span class='ocrx_word' id='word_1_395' title='bbox 3782 843 3914 906; x_wconf 90' lang='lat' dir='ltr'>XI.</span> <span class='ocrx_word' id='word_1_396' title='bbox 3952 862 4046 924; x_wconf 92' lang='lat'>17.</span> 
     </span>
     <span class='ocr_line' id='line_1_50' title="bbox 2358 940 4045 1029; baseline 0.004 -26"><span class='ocrx_word' id='word_1_397' title='bbox 2358 965 2422 1029; x_wconf 92' lang='lat' dir='ltr'>p.</span> <span class='ocrx_word' id='word_1_398' title='bbox 2441 961 2589 1028; x_wconf 84' lang='lat'><strong>535.</strong></span> <span class='ocrx_word' id='word_1_399' title='bbox 2624 940 3164 1028; x_wconf 83' lang='lat' dir='ltr'>sq.—Bruckerus</span> <span class='ocrx_word' id='word_1_400' title='bbox 3192 956 3400 1007; x_wconf 87' lang='lat' dir='ltr'>autem</span> <span class='ocrx_word' id='word_1_401' title='bbox 3429 943 3492 1006; x_wconf 90' lang='lat' dir='ltr'>in</span> <span class='ocrx_word' id='word_1_402' title='bbox 3522 943 3689 1009; x_wconf 88' lang='lat' dir='ltr'>Hist.</span> <span class='ocrx_word' id='word_1_403' title='bbox 3713 944 3870 1011; x_wconf 85' lang='lat' dir='ltr'>Crit.</span> <span class='ocrx_word' id='word_1_404' title='bbox 3896 946 4045 1010; x_wconf 91' lang='lat' dir='ltr'>Phi-</span> 
     </span>
     <span class='ocr_line' id='line_1_51' title="bbox 2356 1044 4049 1136; baseline 0.003 -27"><span class='ocrx_word' id='word_1_405' title='bbox 2356 1045 2469 1109; x_wconf 78' lang='lat' dir='ltr'>los,</span> <span class='ocrx_word' id='word_1_406' title='bbox 2512 1048 2608 1110; x_wconf 93' lang='lat' dir='ltr'>II.</span> <span class='ocrx_word' id='word_1_407' title='bbox 2655 1069 2718 1132; x_wconf 90' lang='lat' dir='ltr'>p.</span> <span class='ocrx_word' id='word_1_408' title='bbox 2740 1066 2892 1130; x_wconf 82' lang='grc'><strong>399.</strong></span> <span class='ocrx_word' id='word_1_409' title='bbox 2942 1045 3109 1109; x_wconf 90' lang='lat' dir='ltr'>hunc</span> <span class='ocrx_word' id='word_1_410' title='bbox 3157 1044 3385 1110; x_wconf 89' lang='lat' dir='ltr'>Plotini</span> <span class='ocrx_word' id='word_1_411' title='bbox 3431 1046 3638 1111; x_wconf 89' lang='lat' dir='ltr'>locum</span> <span class='ocrx_word' id='word_1_412' title='bbox 3684 1070 4049 1136; x_wconf 81' lang='lat' dir='ltr'>comparans</span> 
     </span>
     <span class='ocr_line' id='line_1_52' title="bbox 2353 1148 4045 1235; baseline 0.003 -22"><span class='ocrx_word' id='word_1_413' title='bbox 2353 1172 2495 1213; x_wconf 87' lang='lat' dir='ltr'>cum</span> <span class='ocrx_word' id='word_1_414' title='bbox 2527 1148 2723 1213; x_wconf 87' lang='lat' dir='ltr'>altero</span> <span class='ocrx_word' id='word_1_415' title='bbox 2763 1148 2912 1214; x_wconf 88' lang='lat' dir='ltr'>infr.</span> <span class='ocrx_word' id='word_1_416' title='bbox 2942 1150 3014 1212; x_wconf 93' lang='lat' dir='ltr'>V.</span> <span class='ocrx_word' id='word_1_417' title='bbox 3048 1169 3107 1234; x_wconf 83' lang='lat'>3.</span> <span class='ocrx_word' id='word_1_418' title='bbox 3146 1171 3212 1235; x_wconf 91' lang='lat' dir='ltr'>p.</span> <span class='ocrx_word' id='word_1_419' title='bbox 3245 1167 3392 1235; x_wconf 87' lang='grc'><strong>522.</strong></span> <span class='ocrx_word' id='word_1_420' title='bbox 3422 1150 3761 1216; x_wconf 86' lang='lat' dir='ltr'>arbitratur</span> <span class='ocrx_word' id='word_1_421' title='bbox 3800 1169 4045 1218; x_wconf 87' lang='lat' dir='ltr'>utrum-</span> 
     </span>
     <span class='ocr_line' id='line_1_53' title="bbox 2353 1250 4045 1339; baseline 0.002 -22"><span class='ocrx_word' id='word_1_422' title='bbox 2353 1275 2477 1339; x_wconf 92' lang='lat' dir='ltr'>que</span> <span class='ocrx_word' id='word_1_423' title='bbox 2519 1250 2775 1316; x_wconf 83' lang='lat' dir='ltr'>fluxisse</span> <span class='ocrx_word' id='word_1_424' title='bbox 2819 1276 2896 1316; x_wconf 87' lang='lat' dir='ltr'>ex</span> <span class='ocrx_word' id='word_1_425' title='bbox 2941 1251 3158 1316; x_wconf 87' lang='lat' dir='ltr'>eodem</span> <span class='ocrx_word' id='word_1_426' title='bbox 3205 1252 3378 1315; x_wconf 86' lang='lat' dir='ltr'>fonte</span> <span class='ocrx_word' id='word_1_427' title='bbox 3425 1268 3616 1339; x_wconf 86' lang='lat' dir='ltr'>atque</span> <span class='ocrx_word' id='word_1_428' title='bbox 3668 1256 3713 1318; x_wconf 86' lang='lat' dir='ltr'><strong>J</strong></span> <span class='ocrx_word' id='word_1_429' title='bbox 3722 1254 4045 1321; x_wconf 86' lang='lat' dir='ltr'>udaeorum</span> 
     </span>
     <span class='ocr_line' id='line_1_54' title="bbox 2353 1353 4044 1443; baseline 0.001 -22"><span class='ocrx_word' id='word_1_430' title='bbox 2353 1355 2694 1421; x_wconf 90' lang='lat' dir='ltr'>doctrinam</span> <span class='ocrx_word' id='word_1_431' title='bbox 2728 1354 3176 1443; x_wconf 86' lang='lat' dir='ltr'>Sephiroticam</span> <span class='ocrx_word' id='word_1_432' title='bbox 3207 1370 3270 1419; x_wconf 89' lang='lat' dir='ltr'>et</span> <span class='ocrx_word' id='word_1_433' title='bbox 3299 1353 3379 1418; x_wconf 89' lang='lat' dir='ltr'>de</span> <span class='ocrx_word' id='word_1_434' title='bbox 3409 1354 3666 1420; x_wconf 90' lang='lat' dir='ltr'>Adamo</span> <span class='ocrx_word' id='word_1_435' title='bbox 3691 1356 4044 1424; x_wconf 86' lang='lat' dir='ltr'>Kadmone.</span> 
     </span>
     <span class='ocr_line' id='line_1_55' title="bbox 2354 1455 4049 1547; baseline -0.006 -24"><span class='ocrx_word' id='word_1_436' title='bbox 2354 1457 2590 1545; x_wconf 85' lang='lat' dir='ltr'>Attigit</span> <span class='ocrx_word' id='word_1_437' title='bbox 2627 1457 2760 1521; x_wconf 84' lang='lat' dir='ltr'>haec</span> <span class='ocrx_word' id='word_1_438' title='bbox 2800 1456 2985 1521; x_wconf 88' lang='lat' dir='ltr'>etiam</span> <span class='ocrx_word' id='word_1_439' title='bbox 3034 1455 3425 1519; x_wconf 88' lang='lat' dir='ltr'>Tiedemann</span> <span class='ocrx_word' id='word_1_440' title='bbox 3465 1457 3539 1518; x_wconf 75' lang='lat' dir='ltr'>in</span> <span class='ocrx_word' id='word_1_441' title='bbox 3571 1457 3748 1521; x_wconf 71' lang='lat' dir='ltr'>Geist</span> <span class='ocrx_word' id='word_1_442' title='bbox 3774 1458 3888 1521; x_wconf 82' lang='lat' dir='ltr'>der</span> <span class='ocrx_word' id='word_1_443' title='bbox 3913 1481 4049 1547; x_wconf 73' lang='lat' dir='ltr'>spe.</span> 
     </span>
     <span class='ocr_line' id='line_1_56' title="bbox 2350 1558 3757 1646; baseline -0.003 -21"><span class='ocrx_word' id='word_1_444' title='bbox 2350 1562 2481 1626; x_wconf 67' lang='lat' dir='ltr'>hd.</span> <span class='ocrx_word' id='word_1_445' title='bbox 2515 1560 2911 1646; x_wconf 70' lang='lat' dir='ltr'>Philosopkie</span> <span class='ocrx_word' id='word_1_446' title='bbox 2943 1558 3081 1622; x_wconf 92' lang='lat' dir='ltr'><strong>III.</strong></span> <span class='ocrx_word' id='word_1_447' title='bbox 3114 1580 3178 1644; x_wconf 90' lang='lat' dir='ltr'>p.</span> <span class='ocrx_word' id='word_1_448' title='bbox 3207 1577 3359 1642; x_wconf 90' lang='lat'><strong>394.</strong></span> <span class='ocrx_word' id='word_1_449' title='bbox 3393 1580 3486 1643; x_wconf 87' lang='lat' dir='ltr'>sq.</span> <span class='ocrx_word' id='word_1_450' title='bbox 3518 1572 3584 1621; x_wconf 89' lang='lat' dir='ltr'>et</span> <span class='ocrx_word' id='word_1_451' title='bbox 3610 1578 3757 1643; x_wconf 88' lang='grc'><strong>399.</strong></span> 
     </span>
    </p>

    <p class='ocr_par' dir='ltr' id='par_1_8' title="bbox 2353 1659 4050 2155">
     <span class='ocr_line' id='line_1_57' title="bbox 2435 1659 4049 1742; baseline 0.001 -16"><span class='ocrx_word' id='word_1_452' title='bbox 2435 1700 2524 1711; x_wconf 92' lang='grc'>-</span> <span class='ocrx_word' id='word_1_453' title='bbox 2558 1683 2660 1727; x_wconf 84' lang='grc'><strong>10.</strong></span> <span class='ocrx_word' id='word_1_454' title='bbox 2710 1663 2805 1725; x_wconf 83' lang='grc' dir='ltr'>καὶ</span> <span class='ocrx_word' id='word_1_455' title='bbox 2831 1660 2938 1724; x_wconf 82' lang='grc' dir='ltr'>τὸν</span> <span class='ocrx_word' id='word_1_456' title='bbox 2967 1661 3044 1727; x_wconf 83' lang='grc' dir='ltr'>ὡς</span> <span class='ocrx_word' id='word_1_457' title='bbox 3071 1662 3304 1739; x_wconf 79' lang='grc' dir='ltr'>ἀληθῶς</span> <span class='ocrx_word' id='word_1_458' title='bbox 3333 1659 3430 1723; x_wconf 84' lang='grc' dir='ltr'>ἐπὶ</span> <span class='ocrx_word' id='word_1_459' title='bbox 3461 1661 3693 1742; x_wconf 89' lang='grc' dir='ltr'>Κρόνου</span> <span class='ocrx_word' id='word_1_460' title='bbox 3719 1663 3884 1742; x_wconf 88' lang='grc' dir='ltr'>βίον,</span> <span class='ocrx_word' id='word_1_461' title='bbox 3907 1668 4049 1728; x_wconf 87' lang='grc' dir='ltr'>θεοῦ</span> 
     </span>
     <span class='ocr_line' id='line_1_58' title="bbox 2354 1760 4042 1849; baseline -0.001 -19"><span class='ocrx_word' id='word_1_462' title='bbox 2354 1767 2526 1848; x_wconf 88' lang='grc' dir='ltr'>κόρου</span> <span class='ocrx_word' id='word_1_463' title='bbox 2556 1765 2653 1828; x_wconf 84' lang='grc' dir='ltr'>καὶ</span> <span class='ocrx_word' id='word_1_464' title='bbox 2696 1768 2802 1827; x_wconf 93' lang='grc' dir='ltr'>νοῦ</span> <span class='ocrx_word' id='word_1_465' title='bbox 2845 1761 3045 1849; x_wconf 85' lang='grc' dir='ltr'>ὄντος]</span> <span class='ocrx_word' id='word_1_466' title='bbox 3095 1760 3377 1848; x_wconf 88' lang='lat' dir='ltr'>Respicit</span> <span class='ocrx_word' id='word_1_467' title='bbox 3421 1760 3615 1825; x_wconf 83' lang='lat' dir='ltr'>verba</span> <span class='ocrx_word' id='word_1_468' title='bbox 3658 1761 3940 1828; x_wconf 88' lang='lat' dir='ltr'>Platonis</span> <span class='ocrx_word' id='word_1_469' title='bbox 3981 1766 4042 1829; x_wconf 90' lang='lat' dir='ltr'>in</span> 
     </span>
     <span class='ocr_line' id='line_1_59' title="bbox 2354 1862 4045 1956; baseline -0.001 -22"><span class='ocrx_word' id='word_1_470' title='bbox 2354 1871 2406 1934; x_wconf 83' lang='lat' dir='ltr'>C</span> <span class='ocrx_word' id='word_1_471' title='bbox 2411 1865 2616 1956; x_wconf 86' lang='lat' dir='ltr'>ratylo</span> <span class='ocrx_word' id='word_1_472' title='bbox 2644 1890 2710 1954; x_wconf 92' lang='lat' dir='ltr'>p.</span> <span class='ocrx_word' id='word_1_473' title='bbox 2741 1866 2889 1951; x_wconf 91' lang='grc'><strong>396.</strong></span> <span class='ocrx_word' id='word_1_474' title='bbox 2919 1864 2984 1928; x_wconf 90' lang='lat' dir='ltr'>b.</span> <span class='ocrx_word' id='word_1_475' title='bbox 3015 1888 3077 1951; x_wconf 92' lang='lat' dir='ltr'>p.</span> <span class='ocrx_word' id='word_1_476' title='bbox 3116 1883 3222 1950; x_wconf 85' lang='lat'>30.</span> <span class='ocrx_word' id='word_1_477' title='bbox 3245 1862 3448 1928; x_wconf 84' lang='lat' dir='ltr'>Bekk.</span> <span class='ocrx_word' id='word_1_478' title='bbox 3474 1888 3489 1928; x_wconf 71' lang='grc' dir='ltr'>ε</span> <span class='ocrx_word' id='word_1_479' title='bbox 3536 1869 3766 1930; x_wconf 88' lang='grc' dir='ltr'>Τοῦτον</span> <span class='ocrx_word' id='word_1_480' title='bbox 3794 1869 3860 1931; x_wconf 74' lang='grc' dir='ltr'>δὲ</span> <span class='ocrx_word' id='word_1_481' title='bbox 3891 1871 4045 1950; x_wconf 88' lang='grc' dir='ltr'>Κρό-</span> 
     </span>
     <span class='ocr_line' id='line_1_60' title="bbox 2353 1967 4043 2050; baseline -0.002 -12"><span class='ocrx_word' id='word_1_482' title='bbox 2353 1998 2461 2038; x_wconf 86' lang='grc' dir='ltr'>νον</span> <span class='ocrx_word' id='word_1_483' title='bbox 2501 1971 2633 2036; x_wconf 82' lang='grc' dir='ltr'>υἱὸν</span> <span class='ocrx_word' id='word_1_484' title='bbox 2677 1970 2828 2035; x_wconf 83' lang='grc' dir='ltr'>εἶναι</span> <span class='ocrx_word' id='word_1_485' title='bbox 2867 1967 3214 2050; x_wconf 81' lang='grc' dir='ltr'>ὑβριστικὸν</span> <span class='ocrx_word' id='word_1_486' title='bbox 3254 1969 3366 2047; x_wconf 71' lang='grc' dir='ltr'>μὲν</span> <span class='ocrx_word' id='word_1_487' title='bbox 3409 1969 3484 2032; x_wconf 78' lang='grc' dir='ltr'>ἄν</span> <span class='ocrx_word' id='word_1_488' title='bbox 3529 1994 3644 2032; x_wconf 90' lang='grc' dir='ltr'>τινι</span> <span class='ocrx_word' id='word_1_489' title='bbox 3699 1971 3925 2049; x_wconf 74' lang='grc' dir='ltr'>δόξειεν</span> <span class='ocrx_word' id='word_1_490' title='bbox 3963 1972 4043 2037; x_wconf 79' lang='grc' dir='ltr'>εἶ-</span> 
     </span>
     <span class='ocr_line' id='line_1_61' title="bbox 2354 2072 4050 2155; baseline 0.002 -16"><span class='ocrx_word' id='word_1_491' title='bbox 2354 2101 2450 2139; x_wconf 90' lang='grc' dir='ltr'>ναι</span> <span class='ocrx_word' id='word_1_492' title='bbox 2493 2076 2814 2139; x_wconf 79' lang='grc' dir='ltr'>ἀκούσαντι</span> <span class='ocrx_word' id='word_1_493' title='bbox 2851 2072 3152 2153; x_wconf 74' lang='grc' dir='ltr'>ἐξαίφνης,</span> <span class='ocrx_word' id='word_1_494' title='bbox 3187 2072 3442 2155; x_wconf 79' lang='grc' dir='ltr'>εὔλογον</span> <span class='ocrx_word' id='word_1_495' title='bbox 3480 2075 3546 2135; x_wconf 76' lang='grc' dir='ltr'>δὲ</span> <span class='ocrx_word' id='word_1_496' title='bbox 3586 2073 3852 2155; x_wconf 83' lang='grc' dir='ltr'>μεγάλης</span> <span class='ocrx_word' id='word_1_497' title='bbox 3890 2075 4050 2143; x_wconf 83' lang='grc' dir='ltr'>τινὸς</span> 
     </span>
    </p>
   </div>
   <div class='ocr_carea' id='block_1_6' title="bbox 2350 2175 4039 2367">
    <p class='ocr_par' dir='ltr' id='par_1_9' title="bbox 2350 2175 4039 2367">
     <span class='ocr_line' id='line_1_62' title="bbox 2350 2175 4038 2260; baseline -0.006 -17"><span class='ocrx_word' id='word_1_498' title='bbox 2350 2181 2611 2246; x_wconf 79' lang='grc' dir='ltr'>διανοίας</span> <span class='ocrx_word' id='word_1_499' title='bbox 2640 2180 2889 2260; x_wconf 80' lang='grc' dir='ltr'>ἔκγονον</span> <span class='ocrx_word' id='word_1_500' title='bbox 2919 2175 3070 2240; x_wconf 79' lang='grc' dir='ltr'>εἶναι</span> <span class='ocrx_word' id='word_1_501' title='bbox 3103 2175 3209 2239; x_wconf 82' lang='grc' dir='ltr'>τὸν</span> <span class='ocrx_word' id='word_1_502' title='bbox 3246 2177 3386 2239; x_wconf 90' lang='grc' dir='ltr'>Δία·</span> <span class='ocrx_word' id='word_1_503' title='bbox 3438 2177 3636 2257; x_wconf 85' lang='grc' dir='ltr'>Κόραν</span> <span class='ocrx_word' id='word_1_504' title='bbox 3675 2181 3791 2259; x_wconf 72' lang='grc' dir='ltr'>γὰρ</span> <span class='ocrx_word' id='word_1_505' title='bbox 3828 2181 4038 2259; x_wconf 61' lang='lat' dir='ltr'>mmai.</span> 
     </span>
     <span class='ocr_line' id='line_1_63' title="bbox 2351 2277 4039 2367; baseline 0.001 -22"><span class='ocrx_word' id='word_1_506' title='bbox 2351 2307 2444 2345; x_wconf 91' lang='grc' dir='ltr'>νει</span> <span class='ocrx_word' id='word_1_507' title='bbox 2468 2282 2537 2344; x_wconf 82' lang='grc' dir='ltr'>οὗ</span> <span class='ocrx_word' id='word_1_508' title='bbox 2566 2285 2747 2345; x_wconf 83' lang='grc' dir='ltr'>παῖδα</span> <span class='ocrx_word' id='word_1_509' title='bbox 2798 2279 2912 2363; x_wconf 86' lang='lat' dir='ltr'>(ita</span> <span class='ocrx_word' id='word_1_510' title='bbox 2946 2279 3132 2342; x_wconf 87' lang='lat' dir='ltr'>etiam</span> <span class='ocrx_word' id='word_1_511' title='bbox 3178 2278 3341 2343; x_wconf 89' lang='lat' dir='ltr'>Cod.</span> <span class='ocrx_word' id='word_1_512' title='bbox 3389 2277 3571 2342; x_wconf 90' lang='lat' dir='ltr'>Bodl.</span> <span class='ocrx_word' id='word_1_513' title='bbox 3622 2294 3685 2343; x_wconf 89' lang='lat' dir='ltr'>et</span> <span class='ocrx_word' id='word_1_514' title='bbox 3729 2281 4039 2367; x_wconf 84' lang='lat' dir='ltr'>Darmst.)</span> 
     </span>
    </p>
   </div>
   <div class='ocr_carea' id='block_1_7' title="bbox 2322 2381 4042 5452">
    <p class='ocr_par' dir='ltr' id='par_1_10' title="bbox 2322 2381 4042 5452">
     <span class='ocr_line' id='line_1_64' title="bbox 2347 2381 4038 2465; baseline 0.001 -16"><span class='ocrx_word' id='word_1_515' title='bbox 2347 2388 2510 2449; x_wconf 73' lang='grc' dir='ltr'>ἀλλὰ</span> <span class='ocrx_word' id='word_1_516' title='bbox 2537 2382 2606 2448; x_wconf 81' lang='grc' dir='ltr'>τὸ</span> <span class='ocrx_word' id='word_1_517' title='bbox 2637 2383 2896 2465; x_wconf 84' lang='grc' dir='ltr'>καθαρὸν</span> <span class='ocrx_word' id='word_1_518' title='bbox 2928 2383 3106 2447; x_wconf 80' lang='grc' dir='ltr'>αὐτοῦ</span> <span class='ocrx_word' id='word_1_519' title='bbox 3136 2382 3232 2446; x_wconf 82' lang='grc' dir='ltr'>καὶ</span> <span class='ocrx_word' id='word_1_520' title='bbox 3260 2381 3554 2463; x_wconf 78' lang='grc' dir='ltr'>ἀκήρατον</span> <span class='ocrx_word' id='word_1_521' title='bbox 3581 2388 3688 2446; x_wconf 91' lang='grc' dir='ltr'>τοῦ</span> <span class='ocrx_word' id='word_1_522' title='bbox 3715 2388 3840 2448; x_wconf 91' lang='grc' dir='ltr'>νοῦ.</span> <span class='ocrx_word' id='word_1_523' title='bbox 3929 2386 4038 2450; x_wconf 92' lang='lat' dir='ltr'>Ad</span> 
     </span>
     <span class='ocr_line' id='line_1_65' title="bbox 2343 2483 4042 2575; baseline 0.001 -24"><span class='ocrx_word' id='word_1_524' title='bbox 2343 2510 2529 2575; x_wconf 89' lang='lat' dir='ltr'>quem</span> <span class='ocrx_word' id='word_1_525' title='bbox 2561 2486 2766 2551; x_wconf 92' lang='lat' dir='ltr'>locum</span> <span class='ocrx_word' id='word_1_526' title='bbox 2794 2508 2999 2573; x_wconf 92' lang='lat' dir='ltr'>neque</span> <span class='ocrx_word' id='word_1_527' title='bbox 3028 2508 3101 2549; x_wconf 90' lang='lat' dir='ltr'>ea</span> <span class='ocrx_word' id='word_1_528' title='bbox 3131 2483 3421 2562; x_wconf 86' lang='lat' dir='ltr'>recolam,</span> <span class='ocrx_word' id='word_1_529' title='bbox 3452 2507 3600 2571; x_wconf 83' lang='lat' dir='ltr'>quae</span> <span class='ocrx_word' id='word_1_530' title='bbox 3631 2485 4042 2553; x_wconf 83' lang='lat' dir='ltr'>Heindorfius</span> 
     </span>
     <span class='ocr_line' id='line_1_66' title="bbox 2343 2586 4036 2678; baseline 0.001 -24"><span class='ocrx_word' id='word_1_531' title='bbox 2343 2590 2661 2678; x_wconf 89' lang='lat' dir='ltr'>apposuit,</span> <span class='ocrx_word' id='word_1_532' title='bbox 2694 2611 2898 2676; x_wconf 90' lang='lat' dir='ltr'>neque</span> <span class='ocrx_word' id='word_1_533' title='bbox 2927 2611 3071 2675; x_wconf 81' lang='lat' dir='ltr'>quoe</span> <span class='ocrx_word' id='word_1_534' title='bbox 3100 2588 3231 2674; x_wconf 86' lang='lat' dir='ltr'>ipse</span> <span class='ocrx_word' id='word_1_535' title='bbox 3261 2586 3482 2673; x_wconf 88' lang='lat' dir='ltr'>collegi</span> <span class='ocrx_word' id='word_1_536' title='bbox 3520 2587 3584 2651; x_wconf 89' lang='lat' dir='ltr'>in</span> <span class='ocrx_word' id='word_1_537' title='bbox 3625 2586 4036 2656; x_wconf 85' lang='lat' dir='ltr'>Meletematt.</span> 
     </span>
     <span class='ocr_line' id='line_1_67' title="bbox 2340 2689 4037 2780; baseline 0.001 -23"><span class='ocrx_word' id='word_1_538' title='bbox 2340 2717 2376 2757; x_wconf 91' lang='lat' dir='ltr'>e</span> <span class='ocrx_word' id='word_1_539' title='bbox 2405 2691 2734 2779; x_wconf 88' lang='lat' dir='ltr'>Disciplin.</span> <span class='ocrx_word' id='word_1_540' title='bbox 2766 2691 3088 2779; x_wconf 87' lang='lat' dir='ltr'>Antiquit.</span> <span class='ocrx_word' id='word_1_541' title='bbox 3122 2693 3180 2755; x_wconf 87' lang='lat'>1.</span> <span class='ocrx_word' id='word_1_542' title='bbox 3211 2716 3272 2776; x_wconf 94' lang='lat' dir='ltr'>p.</span> <span class='ocrx_word' id='word_1_543' title='bbox 3297 2710 3407 2772; x_wconf 87' lang='lat'>44.</span> <span class='ocrx_word' id='word_1_544' title='bbox 3431 2713 3523 2777; x_wconf 86' lang='lat' dir='ltr'>sq.</span> <span class='ocrx_word' id='word_1_545' title='bbox 3549 2716 3569 2766; x_wconf 88' lang='lat'>;</span> <span class='ocrx_word' id='word_1_546' title='bbox 3603 2689 3723 2756; x_wconf 88' lang='lat' dir='ltr'>alia</span> <span class='ocrx_word' id='word_1_547' title='bbox 3747 2693 4037 2780; x_wconf 83' lang='lat' dir='ltr'>quaedam</span> 
     </span>
     <span class='ocr_line' id='line_1_68' title="bbox 2339 2793 4034 2883; baseline 0.001 -22"><span class='ocrx_word' id='word_1_548' title='bbox 2339 2795 2707 2861; x_wconf 85' lang='lat' dir='ltr'>adscribam.</span> <span class='ocrx_word' id='word_1_549' title='bbox 2795 2798 3007 2882; x_wconf 91' lang='lat' dir='ltr'>Atque</span> <span class='ocrx_word' id='word_1_550' title='bbox 3035 2793 3228 2882; x_wconf 86' lang='lat' dir='ltr'>priori</span> <span class='ocrx_word' id='word_1_551' title='bbox 3254 2793 3417 2881; x_wconf 88' lang='lat' dir='ltr'>parti</span> <span class='ocrx_word' id='word_1_552' title='bbox 3447 2794 3641 2883; x_wconf 88' lang='lat' dir='ltr'>hujus</span> <span class='ocrx_word' id='word_1_553' title='bbox 3666 2794 3783 2859; x_wconf 88' lang='lat' dir='ltr'>loci</span> <span class='ocrx_word' id='word_1_554' title='bbox 3824 2796 4034 2862; x_wconf 89' lang='lat' dir='ltr'>Plato·</span> 
     </span>
     <span class='ocr_line' id='line_1_69' title="bbox 2342 2895 4035 2985; baseline 0.001 -21"><span class='ocrx_word' id='word_1_555' title='bbox 2342 2899 2461 2964; x_wconf 89' lang='lat' dir='ltr'>nici</span> <span class='ocrx_word' id='word_1_556' title='bbox 2489 2898 2718 2963; x_wconf 88' lang='lat' dir='ltr'>adhibe</span> <span class='ocrx_word' id='word_1_557' title='bbox 2746 2896 3140 2985; x_wconf 89' lang='lat' dir='ltr'>Euthydemi</span> <span class='ocrx_word' id='word_1_558' title='bbox 3168 2895 3372 2962; x_wconf 91' lang='lat' dir='ltr'>locum</span> <span class='ocrx_word' id='word_1_559' title='bbox 3417 2920 3483 2984; x_wconf 90' lang='lat' dir='ltr'>p.</span> <span class='ocrx_word' id='word_1_560' title='bbox 3518 2898 3662 2980; x_wconf 89' lang='grc'><strong>287.</strong></span> <span class='ocrx_word' id='word_1_561' title='bbox 3694 2900 3753 2963; x_wconf 91' lang='lat' dir='ltr'>b.</span> <span class='ocrx_word' id='word_1_562' title='bbox 3786 2914 3849 2964; x_wconf 86' lang='lat' dir='ltr'>et</span> <span class='ocrx_word' id='word_1_563' title='bbox 3881 2902 4035 2966; x_wconf 90' lang='lat' dir='ltr'>Pro·</span> 
     </span>
     <span class='ocr_line' id='line_1_70' title="bbox 2339 3000 4041 3091; baseline 0.002 -26"><span class='ocrx_word' id='word_1_564' title='bbox 2339 3001 2504 3066; x_wconf 90' lang='lat' dir='ltr'>clum</span> <span class='ocrx_word' id='word_1_565' title='bbox 2535 3000 2597 3064; x_wconf 90' lang='lat' dir='ltr'>in</span> <span class='ocrx_word' id='word_1_566' title='bbox 2633 3000 2964 3088; x_wconf 80' lang='lat' dir='ltr'>Cratylum</span> <span class='ocrx_word' id='word_1_567' title='bbox 2993 3023 3054 3088; x_wconf 91' lang='lat' dir='ltr'>p.</span> <span class='ocrx_word' id='word_1_568' title='bbox 3077 3001 3182 3086; x_wconf 90' lang='grc'><strong>58.</strong></span> <span class='ocrx_word' id='word_1_569' title='bbox 3210 3024 3301 3088; x_wconf 90' lang='lat' dir='ltr'>sq.</span> <span class='ocrx_word' id='word_1_570' title='bbox 3330 3000 3695 3065; x_wconf 88' lang='lat' dir='ltr'>Boissonad.</span> <span class='ocrx_word' id='word_1_571' title='bbox 3724 3002 4041 3091; x_wconf 87' lang='lat' dir='ltr'>hujusque</span> 
     </span>
     <span class='ocr_line' id='line_1_71' title="bbox 2339 3101 4040 3172; baseline 0.002 -4"><span class='ocrx_word' id='word_1_572' title='bbox 2339 3118 2551 3168; x_wconf 85' lang='lat' dir='ltr'>annot.</span> <span class='ocrx_word' id='word_1_573' title='bbox 2595 3103 2662 3167; x_wconf 89' lang='lat' dir='ltr'>in</span> <span class='ocrx_word' id='word_1_574' title='bbox 2699 3102 2910 3167; x_wconf 86' lang='lat' dir='ltr'>Basilii</span> <span class='ocrx_word' id='word_1_575' title='bbox 2944 3101 3193 3168; x_wconf 88' lang='lat' dir='ltr'>Scholia</span> <span class='ocrx_word' id='word_1_576' title='bbox 3234 3103 3297 3167; x_wconf 91' lang='lat' dir='ltr'>in</span> <span class='ocrx_word' id='word_1_577' title='bbox 3345 3103 3602 3169; x_wconf 85' lang='lat' dir='ltr'>Notices</span> <span class='ocrx_word' id='word_1_578' title='bbox 3644 3119 3707 3169; x_wconf 90' lang='lat' dir='ltr'>et</span> <span class='ocrx_word' id='word_1_579' title='bbox 3751 3107 4040 3172; x_wconf 85' lang='lat' dir='ltr'>Extraits</span> 
     </span>
     <span class='ocr_line' id='line_1_72' title="bbox 2339 3205 4039 3294; baseline 0.003 -23"><span class='ocrx_word' id='word_1_580' title='bbox 2339 3207 2420 3271; x_wconf 91' lang='lat' dir='ltr'>de</span> <span class='ocrx_word' id='word_1_581' title='bbox 2477 3209 2801 3271; x_wconf 85' lang='lat' dir='ltr'>Manuscr.</span> <span class='ocrx_word' id='word_1_582' title='bbox 2850 3205 2986 3269; x_wconf 89' lang='lat' dir='ltr'>Vol.</span> <span class='ocrx_word' id='word_1_583' title='bbox 3033 3207 3161 3270; x_wconf 85' lang='lat' dir='ltr'>xl.</span> <span class='ocrx_word' id='word_1_584' title='bbox 3198 3225 3257 3271; x_wconf 89' lang='grc'><strong>2.</strong></span> <span class='ocrx_word' id='word_1_585' title='bbox 3306 3229 3372 3294; x_wconf 93' lang='lat' dir='ltr'>p.</span> <span class='ocrx_word' id='word_1_586' title='bbox 3405 3225 3510 3290; x_wconf 92' lang='lat'>74.</span> <span class='ocrx_word' id='word_1_587' title='bbox 3562 3207 3674 3272; x_wconf 89' lang='lat' dir='ltr'>ubi</span> <span class='ocrx_word' id='word_1_588' title='bbox 3716 3211 4039 3275; x_wconf 92' lang='lat' dir='ltr'>commode</span> 
     </span>
     <span class='ocr_line' id='line_1_73' title="bbox 2340 3309 4039 3398; baseline 0.005 -23"><span class='ocrx_word' id='word_1_589' title='bbox 2340 3311 2474 3375; x_wconf 87' lang='lat' dir='ltr'>haec</span> <span class='ocrx_word' id='word_1_590' title='bbox 2501 3310 2881 3375; x_wconf 85' lang='lat' dir='ltr'>adhibentur</span> <span class='ocrx_word' id='word_1_591' title='bbox 2925 3309 3317 3398; x_wconf 87' lang='lat' dir='ltr'>Theognidis</span> <span class='ocrx_word' id='word_1_592' title='bbox 3352 3327 3492 3396; x_wconf 82' lang='lat'><strong>155.</strong></span> <span class='ocrx_word' id='word_1_593' title='bbox 3521 3312 3725 3376; x_wconf 84' lang='grc' dir='ltr'>Τι’κτει</span> <span class='ocrx_word' id='word_1_594' title='bbox 3750 3338 3843 3377; x_wconf 88' lang='grc' dir='ltr'>τοι</span> <span class='ocrx_word' id='word_1_595' title='bbox 3872 3317 4039 3398; x_wconf 84' lang='grc' dir='ltr'>κόρος</span> 
     </span>
     <span class='ocr_line' id='line_1_74' title="bbox 2338 3411 4036 3501; baseline 0.001 -21"><span class='ocrx_word' id='word_1_596' title='bbox 2338 3418 2531 3497; x_wconf 84' lang='grc' dir='ltr'>ὕβριν.</span> <span class='ocrx_word' id='word_1_597' title='bbox 2625 3414 2723 3478; x_wconf 85' lang='lat' dir='ltr'>Ad</span> <span class='ocrx_word' id='word_1_598' title='bbox 2759 3414 3070 3501; x_wconf 86' lang='lat' dir='ltr'>reliquum</span> <span class='ocrx_word' id='word_1_599' title='bbox 3109 3427 3548 3500; x_wconf 89' lang='lat' dir='ltr'>argumentum</span> <span class='ocrx_word' id='word_1_600' title='bbox 3580 3411 3698 3477; x_wconf 91' lang='lat' dir='ltr'>loci</span> <span class='ocrx_word' id='word_1_601' title='bbox 3730 3414 4036 3481; x_wconf 89' lang='lat' dir='ltr'>Platonici</span> 
     </span>
     <span class='ocr_line' id='line_1_75' title="bbox 2339 3514 4030 3602; baseline 0.001 -21"><span class='ocrx_word' id='word_1_602' title='bbox 2339 3533 2403 3582; x_wconf 89' lang='lat' dir='ltr'>et</span> <span class='ocrx_word' id='word_1_603' title='bbox 2446 3516 2782 3581; x_wconf 88' lang='lat' dir='ltr'>Plotiniani</span> <span class='ocrx_word' id='word_1_604' title='bbox 2827 3516 3086 3594; x_wconf 88' lang='lat' dir='ltr'>faciunt,</span> <span class='ocrx_word' id='word_1_605' title='bbox 3127 3539 3273 3602; x_wconf 84' lang='lat' dir='ltr'>quae</span> <span class='ocrx_word' id='word_1_606' title='bbox 3316 3515 3482 3579; x_wconf 89' lang='lat' dir='ltr'>idem</span> <span class='ocrx_word' id='word_1_607' title='bbox 3527 3514 3790 3580; x_wconf 86' lang='lat' dir='ltr'>Proclus</span> <span class='ocrx_word' id='word_1_608' title='bbox 3830 3518 3895 3580; x_wconf 90' lang='lat' dir='ltr'>in</span> <span class='ocrx_word' id='word_1_609' title='bbox 3941 3542 4030 3582; x_wconf 88' lang='lat' dir='ltr'>se-</span> 
     </span>
     <span class='ocr_line' id='line_1_76' title="bbox 2337 3619 4029 3708; baseline 0.001 -24"><span class='ocrx_word' id='word_1_610' title='bbox 2337 3620 2679 3708; x_wconf 89' lang='lat' dir='ltr'>quentibus</span> <span class='ocrx_word' id='word_1_611' title='bbox 2738 3621 2799 3703; x_wconf 66' lang='grc' dir='ltr'><strong>ξ.</strong></span> <span class='ocrx_word' id='word_1_612' title='bbox 2865 3639 3221 3704; x_wconf 83' lang='grc'><strong>103-109.</strong></span> <span class='ocrx_word' id='word_1_613' title='bbox 3284 3641 3346 3705; x_wconf 94' lang='lat' dir='ltr'>p.</span> <span class='ocrx_word' id='word_1_614' title='bbox 3388 3619 3667 3705; x_wconf 84' lang='lat'><em>58—68.</em></span> <span class='ocrx_word' id='word_1_615' title='bbox 3732 3619 4029 3708; x_wconf 87' lang='lat' dir='ltr'>disputat·</span> 
     </span>
     <span class='ocr_line' id='line_1_77' title="bbox 2341 3720 4029 3809; baseline 0 -20"><span class='ocrx_word' id='word_1_616' title='bbox 2341 3723 2574 3789; x_wconf 89' lang='lat' dir='ltr'>Plotini</span> <span class='ocrx_word' id='word_1_617' title='bbox 2604 3738 2815 3788; x_wconf 88' lang='lat' dir='ltr'>autem</span> <span class='ocrx_word' id='word_1_618' title='bbox 2843 3722 3039 3809; x_wconf 89' lang='lat' dir='ltr'>ipsius</span> <span class='ocrx_word' id='word_1_619' title='bbox 3067 3721 3440 3785; x_wconf 91' lang='lat' dir='ltr'>mentionem</span> <span class='ocrx_word' id='word_1_620' title='bbox 3473 3720 3622 3785; x_wconf 87' lang='lat' dir='ltr'>facit</span> <span class='ocrx_word' id='word_1_621' title='bbox 3647 3721 3713 3785; x_wconf 91' lang='lat' dir='ltr'>in</span> <span class='ocrx_word' id='word_1_622' title='bbox 3743 3721 3860 3787; x_wconf 90' lang='lat' dir='ltr'>hac</span> <span class='ocrx_word' id='word_1_623' title='bbox 3888 3723 4029 3789; x_wconf 90' lang='lat' dir='ltr'>doc-</span> 
     </span>
     <span class='ocr_line' id='line_1_78' title="bbox 2339 3822 4028 3902; baseline -0.001 -11"><span class='ocrx_word' id='word_1_624' title='bbox 2339 3825 2502 3892; x_wconf 88' lang='lat' dir='ltr'>trina</span> <span class='ocrx_word' id='word_1_625' title='bbox 2532 3826 2824 3891; x_wconf 84' lang='lat' dir='ltr'>Saturnia</span> <span class='ocrx_word' id='word_1_626' title='bbox 2855 3822 3117 3889; x_wconf 90' lang='lat' dir='ltr'>Proclus</span> <span class='ocrx_word' id='word_1_627' title='bbox 3144 3823 3266 3888; x_wconf 88' lang='lat' dir='ltr'>alio</span> <span class='ocrx_word' id='word_1_628' title='bbox 3303 3822 3462 3902; x_wconf 93' lang='lat' dir='ltr'>loco,</span> <span class='ocrx_word' id='word_1_629' title='bbox 3493 3823 3784 3888; x_wconf 86' lang='lat' dir='ltr'>nimirum</span> <span class='ocrx_word' id='word_1_630' title='bbox 3814 3825 3876 3889; x_wconf 91' lang='lat' dir='ltr'>in</span> <span class='ocrx_word' id='word_1_631' title='bbox 3914 3827 4028 3890; x_wconf 85' lang='lat' dir='ltr'>&#39;ri-</span> 
     </span>
     <span class='ocr_line' id='line_1_79' title="bbox 2333 3928 4031 4017; baseline 0.002 -24"><span class='ocrx_word' id='word_1_632' title='bbox 2333 3952 2561 3993; x_wconf 85' lang='lat' dir='ltr'>maeum</span> <span class='ocrx_word' id='word_1_633' title='bbox 2593 3953 2658 4017; x_wconf 90' lang='lat' dir='ltr'>p.</span> <span class='ocrx_word' id='word_1_634' title='bbox 2682 3948 2799 4014; x_wconf 86' lang='lat'>93:</span> <span class='ocrx_word' id='word_1_635' title='bbox 2852 3933 3162 3995; x_wconf 87' lang='grc' dir='ltr'>Πλωτῖνος</span> <span class='ocrx_word' id='word_1_636' title='bbox 3206 3929 3239 3991; x_wconf 95' lang='lat'><em>6</em></span> <span class='ocrx_word' id='word_1_637' title='bbox 3292 3928 3636 4010; x_wconf 87' lang='grc' dir='ltr'>φιλόσοφος</span> <span class='ocrx_word' id='word_1_638' title='bbox 3681 3928 3878 3993; x_wconf 82' lang='grc' dir='ltr'>διττὸν</span> <span class='ocrx_word' id='word_1_639' title='bbox 3919 3932 4031 4010; x_wconf 73' lang='grc' dir='ltr'>μὲν</span> 
     </span>
     <span class='ocr_line' id='line_1_80' title="bbox 2329 4030 4027 4117; baseline -0.001 -19"><span class='ocrx_word' id='word_1_640' title='bbox 2329 4034 2668 4098; x_wconf 83' lang='grc' dir='ltr'>ὑποτίθεται</span> <span class='ocrx_word' id='word_1_641' title='bbox 2696 4031 3049 4113; x_wconf 81' lang='grc' dir='ltr'>δημιουργὸν</span> <span class='ocrx_word' id='word_1_642' title='bbox 3075 4030 3182 4095; x_wconf 86' lang='grc' dir='ltr'>τὸν</span> <span class='ocrx_word' id='word_1_643' title='bbox 3219 4032 3332 4111; x_wconf 71' lang='grc' dir='ltr'>μὲν</span> <span class='ocrx_word' id='word_1_644' title='bbox 3364 4033 3431 4095; x_wconf 90' lang='grc' dir='ltr'>ἐν</span> <span class='ocrx_word' id='word_1_645' title='bbox 3466 4034 3547 4116; x_wconf 85' lang='grc' dir='ltr'>τῷ</span> <span class='ocrx_word' id='word_1_646' title='bbox 3587 4035 3794 4117; x_wconf 80' lang='grc' dir='ltr'>νοητῷ,</span> <span class='ocrx_word' id='word_1_647' title='bbox 3827 4031 3935 4097; x_wconf 83' lang='grc' dir='ltr'>τὸν</span> <span class='ocrx_word' id='word_1_648' title='bbox 3963 4036 4027 4097; x_wconf 76' lang='grc' dir='ltr'>δὲ</span> 
     </span>
     <span class='ocr_line' id='line_1_81' title="bbox 2329 4133 4027 4219; baseline 0 -19"><span class='ocrx_word' id='word_1_649' title='bbox 2329 4137 2398 4201; x_wconf 80' lang='grc' dir='ltr'>τὸ</span> <span class='ocrx_word' id='word_1_650' title='bbox 2426 4138 2758 4219; x_wconf 85' lang='grc' dir='ltr'>ἡγεμονοῦν</span> <span class='ocrx_word' id='word_1_651' title='bbox 2784 4139 2891 4199; x_wconf 88' lang='grc' dir='ltr'>τοῦ</span> <span class='ocrx_word' id='word_1_652' title='bbox 2916 4136 3159 4202; x_wconf 86' lang='grc' dir='ltr'>παντός.</span> <span class='ocrx_word' id='word_1_653' title='bbox 3187 4133 3360 4217; x_wconf 83' lang='grc' dir='ltr'>λέγει</span> <span class='ocrx_word' id='word_1_654' title='bbox 3388 4135 3454 4198; x_wconf 78' lang='grc' dir='ltr'>δὲ</span> <span class='ocrx_word' id='word_1_655' title='bbox 3487 4135 3692 4215; x_wconf 76' lang='grc' dir='ltr'>ὀρθῶς.</span> <span class='ocrx_word' id='word_1_656' title='bbox 3743 4134 3874 4199; x_wconf 79' lang='grc' dir='ltr'>ἔστι</span> <span class='ocrx_word' id='word_1_657' title='bbox 3912 4136 4027 4218; x_wconf 84' lang='grc' dir='ltr'>γάρ</span> 
     </span>
     <span class='ocr_line' id='line_1_82' title="bbox 2331 4235 4024 4321; baseline 0 -16"><span class='ocrx_word' id='word_1_658' title='bbox 2331 4266 2453 4308; x_wconf 87' lang='grc' dir='ltr'>πως</span> <span class='ocrx_word' id='word_1_659' title='bbox 2482 4240 2578 4305; x_wconf 88' lang='grc' dir='ltr'>καὶ</span> <span class='ocrx_word' id='word_1_660' title='bbox 2607 4242 2640 4303; x_wconf 97' lang='lat'><em>6</em></span> <span class='ocrx_word' id='word_1_661' title='bbox 2677 4244 2812 4306; x_wconf 87' lang='grc' dir='ltr'>νοῦς</span> <span class='ocrx_word' id='word_1_662' title='bbox 2851 4240 2884 4302; x_wconf 89' lang='lat'><em>6</em></span> <span class='ocrx_word' id='word_1_663' title='bbox 2922 4239 3237 4321; x_wconf 69' lang='grc' dir='ltr'>ἐγκόσμιος</span> <span class='ocrx_word' id='word_1_664' title='bbox 3276 4235 3624 4318; x_wconf 81' lang='grc' dir='ltr'>δημιουργὸς</span> <span class='ocrx_word' id='word_1_665' title='bbox 3650 4240 3757 4300; x_wconf 90' lang='grc' dir='ltr'>τοῦ</span> <span class='ocrx_word' id='word_1_666' title='bbox 3784 4238 4024 4318; x_wconf 83' lang='grc' dir='ltr'>παντὸς,</span> 
     </span>
     <span class='ocr_line' id='line_1_83' title="bbox 2334 4336 4023 4425; baseline 0 -16"><span class='ocrx_word' id='word_1_667' title='bbox 2334 4345 2429 4409; x_wconf 84' lang='grc' dir='ltr'>καὶ</span> <span class='ocrx_word' id='word_1_668' title='bbox 2464 4344 2500 4407; x_wconf 85' lang='grc' dir='ltr'>ὅ</span> <span class='ocrx_word' id='word_1_669' title='bbox 2535 4368 2610 4425; x_wconf 93' lang='grc' dir='ltr'>γε</span> <span class='ocrx_word' id='word_1_670' title='bbox 2633 4341 3073 4424; x_wconf 81' lang='grc' dir='ltr'>Ἀριστοτέλης,</span> <span class='ocrx_word' id='word_1_671' title='bbox 3105 4346 3279 4404; x_wconf 84' lang='grc' dir='ltr'>τοῦτο</span> <span class='ocrx_word' id='word_1_672' title='bbox 3314 4343 3430 4422; x_wconf 73' lang='grc' dir='ltr'>γὰρ</span> <span class='ocrx_word' id='word_1_673' title='bbox 3469 4336 3816 4421; x_wconf 80' lang='grc' dir='ltr'>ἀπεφήνατο</span> <span class='ocrx_word' id='word_1_674' title='bbox 3853 4340 4023 4409; x_wconf 79' lang='grc' dir='ltr'>εἶναι,</span> 
     </span>
     <span class='ocr_line' id='line_1_84' title="bbox 2330 4442 4027 4530; baseline -0.002 -19"><span class='ocrx_word' id='word_1_675' title='bbox 2330 4447 2398 4511; x_wconf 82' lang='grc' dir='ltr'>τὸ</span> <span class='ocrx_word' id='word_1_676' title='bbox 2433 4453 2685 4530; x_wconf 85' lang='grc' dir='ltr'>πρῶτον,</span> <span class='ocrx_word' id='word_1_677' title='bbox 2720 4446 2815 4509; x_wconf 89' lang='grc' dir='ltr'>καὶ</span> <span class='ocrx_word' id='word_1_678' title='bbox 2851 4449 3063 4508; x_wconf 85' lang='grc' dir='ltr'>τοῦτον</span> <span class='ocrx_word' id='word_1_679' title='bbox 3104 4442 3460 4525; x_wconf 73' lang='grc' dir='ltr'>εἱμαρμένην</span> <span class='ocrx_word' id='word_1_680' title='bbox 3495 4442 3896 4526; x_wconf 75' lang='grc' dir='ltr'>ἀπεκάλεσεν,</span> <span class='ocrx_word' id='word_1_681' title='bbox 3933 4447 4027 4508; x_wconf 83' lang='grc' dir='ltr'>καὶ</span> 
     </span>
     <span class='ocr_line' id='line_1_85' title="bbox 2329 4545 4024 4638; baseline -0.002 -23"><span class='ocrx_word' id='word_1_682' title='bbox 2329 4555 2411 4638; x_wconf 83' lang='grc' dir='ltr'>τῷ</span> <span class='ocrx_word' id='word_1_683' title='bbox 2448 4555 2554 4614; x_wconf 88' lang='grc' dir='ltr'>τοῦ</span> <span class='ocrx_word' id='word_1_684' title='bbox 2597 4548 2743 4616; x_wconf 83' lang='grc' dir='ltr'>Διὸς</span> <span class='ocrx_word' id='word_1_685' title='bbox 2782 4549 3025 4628; x_wconf 81' lang='grc' dir='ltr'>ὀνόματι</span> <span class='ocrx_word' id='word_1_686' title='bbox 3062 4552 3409 4627; x_wconf 83' lang='grc' dir='ltr'>προσεῖπεν·</span> <span class='ocrx_word' id='word_1_687' title='bbox 3457 4545 3586 4609; x_wconf 82' lang='grc' dir='ltr'>ἔστι</span> <span class='ocrx_word' id='word_1_688' title='bbox 3630 4547 3695 4610; x_wconf 75' lang='grc' dir='ltr'>δὲ</span> <span class='ocrx_word' id='word_1_689' title='bbox 3739 4547 3812 4609; x_wconf 78' lang='grc' dir='ltr'>αὖ</span> <span class='ocrx_word' id='word_1_690' title='bbox 3857 4547 3952 4611; x_wconf 83' lang='grc' dir='ltr'>καὶ</span> <span class='ocrx_word' id='word_1_691' title='bbox 3992 4550 4024 4611; x_wconf 87' lang='lat'><em>6</em></span> 
     </span>
     <span class='ocr_line' id='line_1_86' title="bbox 2330 4649 4021 4736; baseline -0.002 -19"><span class='ocrx_word' id='word_1_692' title='bbox 2330 4652 2680 4736; x_wconf 74' lang='grc' dir='ltr'>ἐξῃρημένος</span> <span class='ocrx_word' id='word_1_693' title='bbox 2705 4650 2896 4733; x_wconf 81' lang='grc' dir='ltr'>πατὴρ</span> <span class='ocrx_word' id='word_1_694' title='bbox 2927 4651 3022 4714; x_wconf 87' lang='grc' dir='ltr'>καὶ</span> <span class='ocrx_word' id='word_1_695' title='bbox 3053 4649 3312 4729; x_wconf 79' lang='grc' dir='ltr'>ποιητὴς,</span> <span class='ocrx_word' id='word_1_696' title='bbox 3345 4649 3416 4713; x_wconf 82' lang='grc' dir='ltr'>ὃν</span> <span class='ocrx_word' id='word_1_697' title='bbox 3447 4651 3514 4713; x_wconf 91' lang='grc' dir='ltr'>ἐν</span> <span class='ocrx_word' id='word_1_698' title='bbox 3542 4652 3622 4734; x_wconf 87' lang='grc' dir='ltr'>τῷ</span> <span class='ocrx_word' id='word_1_699' title='bbox 3652 4653 3838 4735; x_wconf 82' lang='grc' dir='ltr'>νοητῷ</span> <span class='ocrx_word' id='word_1_700' title='bbox 3867 4651 4021 4714; x_wconf 82' lang='grc' dir='ltr'>τίθε-</span> 
     </span>
     <span class='ocr_line' id='line_1_87' title="bbox 2326 4750 4023 4832; baseline -0.001 -14"><span class='ocrx_word' id='word_1_701' title='bbox 2326 4780 2423 4820; x_wconf 88' lang='grc' dir='ltr'>ται</span> <span class='ocrx_word' id='word_1_702' title='bbox 2469 4755 2640 4829; x_wconf 64' lang='lat' dir='ltr'>elnae,</span> <span class='ocrx_word' id='word_1_703' title='bbox 2686 4757 2807 4818; x_wconf 78' lang='grc' dir='ltr'>πᾶν</span> <span class='ocrx_word' id='word_1_704' title='bbox 2844 4753 2913 4816; x_wconf 84' lang='grc' dir='ltr'>τὸ</span> <span class='ocrx_word' id='word_1_705' title='bbox 2955 4752 3174 4832; x_wconf 72' lang='grc' dir='ltr'>μεταξὺ</span> <span class='ocrx_word' id='word_1_706' title='bbox 3214 4755 3321 4816; x_wconf 83' lang='grc' dir='ltr'>τοῦ</span> <span class='ocrx_word' id='word_1_707' title='bbox 3355 4776 3422 4815; x_wconf 85' lang='grc' dir='ltr'>τε</span> <span class='ocrx_word' id='word_1_708' title='bbox 3460 4750 3611 4825; x_wconf 81' lang='grc' dir='ltr'>ἑνὸς,</span> <span class='ocrx_word' id='word_1_709' title='bbox 3661 4753 3757 4815; x_wconf 84' lang='grc' dir='ltr'>καὶ</span> <span class='ocrx_word' id='word_1_710' title='bbox 3801 4753 4023 4831; x_wconf 85' lang='grc' dir='ltr'>κόσμου</span> 
     </span>
     <span class='ocr_line' id='line_1_88' title="bbox 2327 4853 4017 4939; baseline -0.002 -17"><span class='ocrx_word' id='word_1_711' title='bbox 2327 4858 2541 4939; x_wconf 80' lang='grc' dir='ltr'>νοητὸν</span> <span class='ocrx_word' id='word_1_712' title='bbox 2573 4863 2788 4922; x_wconf 79' lang='grc' dir='ltr'>καλῶν.</span> <span class='ocrx_word' id='word_1_713' title='bbox 2838 4858 2966 4920; x_wconf 81' lang='grc' dir='ltr'>ἐκεῖ</span> <span class='ocrx_word' id='word_1_714' title='bbox 2998 4858 3114 4937; x_wconf 72' lang='grc' dir='ltr'>γὰρ</span> <span class='ocrx_word' id='word_1_715' title='bbox 3154 4854 3309 4939; x_wconf 78' lang='grc' dir='ltr'>αὐτῷ</span> <span class='ocrx_word' id='word_1_716' title='bbox 3341 4854 3437 4922; x_wconf 79' lang='grc' dir='ltr'>καὶ</span> <span class='ocrx_word' id='word_1_717' title='bbox 3465 4855 3498 4917; x_wconf 92' lang='lat'><em>6</em></span> <span class='ocrx_word' id='word_1_718' title='bbox 3536 4853 3817 4934; x_wconf 79' lang='grc' dir='ltr'>ἀληθινὸς</span> <span class='ocrx_word' id='word_1_719' title='bbox 3831 4856 4017 4936; x_wconf 78' lang='grc' dir='ltr'>ὀὐρα-</span> 
     </span>
     <span class='ocr_line' id='line_1_89' title="bbox 2327 4957 4018 5039; baseline -0.002 -15"><span class='ocrx_word' id='word_1_720' title='bbox 2327 4961 2428 5028; x_wconf 91' lang='grc' dir='ltr'>νός</span> <span class='ocrx_word' id='word_1_721' title='bbox 2457 4962 2608 5036; x_wconf 90' lang='grc' dir='ltr'>ἐστι,</span> <span class='ocrx_word' id='word_1_722' title='bbox 2635 4960 2730 5024; x_wconf 83' lang='grc' dir='ltr'>καὶ</span> <span class='ocrx_word' id='word_1_723' title='bbox 2755 4958 3100 5039; x_wconf 83' lang='grc' dir='ltr'>ἦβασιλεία</span> <span class='ocrx_word' id='word_1_724' title='bbox 3118 4961 3225 5021; x_wconf 91' lang='grc' dir='ltr'>τοῦ</span> <span class='ocrx_word' id='word_1_725' title='bbox 3253 4958 3486 5038; x_wconf 88' lang='grc' dir='ltr'>Κρόνου</span> <span class='ocrx_word' id='word_1_726' title='bbox 3516 4958 3612 5020; x_wconf 84' lang='grc' dir='ltr'>καὶ</span> <span class='ocrx_word' id='word_1_727' title='bbox 3633 4959 3667 5020; x_wconf 93' lang='lat'><em>6</em></span> <span class='ocrx_word' id='word_1_728' title='bbox 3692 4957 3840 5025; x_wconf 84' lang='grc' dir='ltr'>Διὸς</span> <span class='ocrx_word' id='word_1_729' title='bbox 3864 4962 4018 5024; x_wconf 89' lang='grc' dir='ltr'>νοῦς.</span> 
     </span>
     <span class='ocr_line' id='line_1_90' title="bbox 2323 5060 4018 5146; baseline -0.001 -20"><span class='ocrx_word' id='word_1_730' title='bbox 2323 5064 2453 5127; x_wconf 76' lang='grc' dir='ltr'>οἷον</span> <span class='ocrx_word' id='word_1_731' title='bbox 2504 5065 2561 5128; x_wconf 81' lang='grc' dir='ltr'>εἴ</span> <span class='ocrx_word' id='word_1_732' title='bbox 2614 5087 2701 5130; x_wconf 91' lang='grc' dir='ltr'>τις</span> <span class='ocrx_word' id='word_1_733' title='bbox 2748 5061 2963 5144; x_wconf 82' lang='grc' dir='ltr'>ἔλεγεν</span> <span class='ocrx_word' id='word_1_734' title='bbox 3022 5063 3090 5125; x_wconf 92' lang='grc' dir='ltr'>ἐν</span> <span class='ocrx_word' id='word_1_735' title='bbox 3134 5061 3362 5146; x_wconf 78' lang='grc' dir='ltr'>οὐρανῷ</span> <span class='ocrx_word' id='word_1_736' title='bbox 3409 5061 3505 5123; x_wconf 83' lang='grc' dir='ltr'>καὶ</span> <span class='ocrx_word' id='word_1_737' title='bbox 3547 5060 3585 5139; x_wconf 86' lang='grc' dir='ltr'>ἡ</span> <span class='ocrx_word' id='word_1_738' title='bbox 3632 5064 3739 5124; x_wconf 93' lang='grc' dir='ltr'>τοῦ</span> <span class='ocrx_word' id='word_1_739' title='bbox 3787 5062 4018 5142; x_wconf 85' lang='grc' dir='ltr'>Κρόνου</span> 
     </span>
     <span class='ocr_line' id='line_1_91' title="bbox 2323 5159 4017 5249; baseline -0.002 -20"><span class='ocrx_word' id='word_1_740' title='bbox 2323 5172 2578 5249; x_wconf 81' lang='grc' dir='ltr'>σφαῖρα,</span> <span class='ocrx_word' id='word_1_741' title='bbox 2625 5166 2720 5230; x_wconf 85' lang='grc' dir='ltr'>καὶ</span> <span class='ocrx_word' id='word_1_742' title='bbox 2761 5166 2799 5245; x_wconf 84' lang='grc' dir='ltr'>ἡ</span> <span class='ocrx_word' id='word_1_743' title='bbox 2833 5169 2940 5229; x_wconf 80' lang='grc' dir='ltr'>τοῦ</span> <span class='ocrx_word' id='word_1_744' title='bbox 2979 5163 3127 5231; x_wconf 83' lang='grc' dir='ltr'>Διὸς</span> <span class='ocrx_word' id='word_1_745' title='bbox 3161 5164 3256 5228; x_wconf 80' lang='grc' dir='ltr'>καὶ</span> <span class='ocrx_word' id='word_1_746' title='bbox 3291 5163 3329 5243; x_wconf 80' lang='grc' dir='ltr'>ἦ</span> <span class='ocrx_word' id='word_1_747' title='bbox 3371 5166 3478 5226; x_wconf 81' lang='grc' dir='ltr'>τοῦ</span> <span class='ocrx_word' id='word_1_748' title='bbox 3494 5159 3741 5244; x_wconf 80' lang='grc' dir='ltr'>Ἀρεως.</span> <span class='ocrx_word' id='word_1_749' title='bbox 3790 5162 3858 5226; x_wconf 82' lang='grc' dir='ltr'>τὸ</span> <span class='ocrx_word' id='word_1_750' title='bbox 3901 5167 4017 5245; x_wconf 71' lang='grc' dir='ltr'>γὰρ</span> 
     </span>
     <span class='ocr_line' id='line_1_92' title="bbox 2322 5264 4017 5348; baseline 0 -18"><span class='ocrx_word' id='word_1_751' title='bbox 2322 5269 2471 5332; x_wconf 85' lang='grc' dir='ltr'>ὅλον</span> <span class='ocrx_word' id='word_1_752' title='bbox 2507 5267 2723 5348; x_wconf 83' lang='grc' dir='ltr'>νοητὸν</span> <span class='ocrx_word' id='word_1_753' title='bbox 2771 5267 2838 5331; x_wconf 79' lang='grc' dir='ltr'>ἓν</span> <span class='ocrx_word' id='word_1_754' title='bbox 2872 5265 3078 5330; x_wconf 86' lang='grc' dir='ltr'>πολλά</span> <span class='ocrx_word' id='word_1_755' title='bbox 3121 5268 3269 5339; x_wconf 86' lang='grc' dir='ltr'>ἐστι,</span> <span class='ocrx_word' id='word_1_756' title='bbox 3319 5266 3415 5329; x_wconf 82' lang='grc' dir='ltr'>καὶ</span> <span class='ocrx_word' id='word_1_757' title='bbox 3461 5264 3545 5331; x_wconf 73' lang='grc' dir='ltr'>εἷς</span> <span class='ocrx_word' id='word_1_758' title='bbox 3591 5267 3727 5331; x_wconf 94' lang='grc' dir='ltr'>νοῦς</span> <span class='ocrx_word' id='word_1_759' title='bbox 3769 5271 4017 5330; x_wconf 77' lang='grc' dir='ltr'>πολλῶν</span> 
     </span>
     <span class='ocr_line' id='line_1_93' title="bbox 2322 5367 4015 5452; baseline 0.001 -17"><span class='ocrx_word' id='word_1_760' title='bbox 2322 5376 2547 5450; x_wconf 80' lang='grc' dir='ltr'>νοητῶν</span> <span class='ocrx_word' id='word_1_761' title='bbox 2586 5371 3017 5452; x_wconf 87' lang='grc' dir='ltr'>περιληπτικός.</span> <span class='ocrx_word' id='word_1_762' title='bbox 3107 5372 3313 5433; x_wconf 88' lang='grc' dir='ltr'>Ταῦτα</span> <span class='ocrx_word' id='word_1_763' title='bbox 3349 5369 3461 5447; x_wconf 75' lang='grc' dir='ltr'>μὲν</span> <span class='ocrx_word' id='word_1_764' title='bbox 3489 5367 3596 5431; x_wconf 82' lang='grc' dir='ltr'>οῦν</span> <span class='ocrx_word' id='word_1_765' title='bbox 3634 5368 3668 5429; x_wconf 92' lang='lat'><em>6</em></span> <span class='ocrx_word' id='word_1_766' title='bbox 3704 5372 4015 5436; x_wconf 83' lang='grc' dir='ltr'>Πλωτΐνος</span> 
     </span>
    </p>
   </div>
   <div class='ocr_carea' id='block_1_8' title="bbox 546 5466 4008 5660">
    <p class='ocr_par' dir='ltr' id='par_1_11' title="bbox 546 5466 4008 5660">
     <span class='ocr_line' id='line_1_94' title="bbox 629 5466 4008 5557; baseline -0 -22"><span class='ocrx_word' id='word_1_767' title='bbox 629 5509 713 5523; x_wconf 89' lang='grc'>-</span> <span class='ocrx_word' id='word_1_768' title='bbox 741 5493 806 5551; x_wconf 90' lang='lat'>4.</span> <span class='ocrx_word' id='word_1_769' title='bbox 839 5469 993 5535; x_wconf 82' lang='grc' dir='ltr'>Ἴδοι</span> <span class='ocrx_word' id='word_1_770' title='bbox 1020 5469 1069 5534; x_wconf 86' lang='grc' dir='ltr'>δ’</span> <span class='ocrx_word' id='word_1_771' title='bbox 1101 5472 1177 5535; x_wconf 78' lang='grc' dir='ltr'>ἄν</span> <span class='ocrx_word' id='word_1_772' title='bbox 1197 5495 1283 5538; x_wconf 92' lang='grc' dir='ltr'>τις</span> <span class='ocrx_word' id='word_1_773' title='bbox 1313 5472 1408 5535; x_wconf 83' lang='grc' dir='ltr'>καὶ</span> <span class='ocrx_word' id='word_1_774' title='bbox 1437 5473 1503 5534; x_wconf 84' lang='grc' dir='ltr'>ἐκ</span> <span class='ocrx_word' id='word_1_775' title='bbox 1530 5474 1732 5544; x_wconf 74' lang='grc' dir='ltr'>τῶνδε,</span> <span class='ocrx_word' id='word_1_776' title='bbox 1767 5471 1992 5550; x_wconf 85' lang='grc' dir='ltr'>κόσμον</span> <span class='ocrx_word' id='word_1_777' title='bbox 2022 5473 2225 5551; x_wconf 73' lang='grc' dir='ltr'>αἱσθη-</span> <span class='ocrx_word' id='word_1_778' title='bbox 2316 5477 2695 5554; x_wconf 80' lang='grc' dir='ltr'>φιλοσοφῶν.</span> <span class='ocrx_word' id='word_1_779' title='bbox 2789 5468 3112 5557; x_wconf 84' lang='lat' dir='ltr'>Sphaeram</span> <span class='ocrx_word' id='word_1_780' title='bbox 3162 5468 3415 5534; x_wconf 90' lang='lat' dir='ltr'>Saturni</span> <span class='ocrx_word' id='word_1_781' title='bbox 3458 5466 3746 5531; x_wconf 89' lang='lat' dir='ltr'>dicebant</span> <span class='ocrx_word' id='word_1_782' title='bbox 3791 5467 4008 5534; x_wconf 92' lang='lat' dir='ltr'>Plato-</span> 
     </span>
     <span class='ocr_line' id='line_1_95' title="bbox 546 5569 4007 5660; baseline -0.001 -21"><span class='ocrx_word' id='word_1_783' title='bbox 546 5576 646 5639; x_wconf 83' lang='grc' dir='ltr'>τὸν</span> <span class='ocrx_word' id='word_1_784' title='bbox 672 5576 845 5638; x_wconf 80' lang='grc' dir='ltr'>τόνδε</span> <span class='ocrx_word' id='word_1_785' title='bbox 873 5576 930 5638; x_wconf 79' lang='grc' dir='ltr'>εἴ</span> <span class='ocrx_word' id='word_1_786' title='bbox 952 5599 1040 5641; x_wconf 92' lang='grc' dir='ltr'>τις</span> <span class='ocrx_word' id='word_1_787' title='bbox 1065 5573 1371 5660; x_wconf 75' lang='grc' dir='ltr'>θαυμάζει]</span> <span class='ocrx_word' id='word_1_788' title='bbox 1422 5572 1583 5637; x_wconf 90' lang='lat' dir='ltr'>Inde</span> <span class='ocrx_word' id='word_1_789' title='bbox 1608 5596 1646 5636; x_wconf 90' lang='lat' dir='ltr'>a</span> <span class='ocrx_word' id='word_1_790' title='bbox 1674 5571 1979 5637; x_wconf 86' lang='lat' dir='ltr'>vocabulo</span> <span class='ocrx_word' id='word_1_791' title='bbox 2008 5575 2232 5652; x_wconf 86' lang='grc' dir='ltr'>κόσμον</span> <span class='ocrx_word' id='word_1_792' title='bbox 2316 5571 2436 5637; x_wconf 90' lang='lat' dir='ltr'>nici</span> <span class='ocrx_word' id='word_1_793' title='bbox 2465 5595 2627 5651; x_wconf 88' lang='lat' dir='ltr'>eam,</span> <span class='ocrx_word' id='word_1_794' title='bbox 2657 5595 2803 5659; x_wconf 85' lang='lat' dir='ltr'>quae</span> <span class='ocrx_word' id='word_1_795' title='bbox 2836 5572 2901 5636; x_wconf 88' lang='lat' dir='ltr'>in</span> <span class='ocrx_word' id='word_1_796' title='bbox 2940 5586 3248 5650; x_wconf 89' lang='lat' dir='ltr'>octavam,</span> <span class='ocrx_word' id='word_1_797' title='bbox 3279 5570 3341 5634; x_wconf 92' lang='lat' dir='ltr'>in</span> <span class='ocrx_word' id='word_1_798' title='bbox 3372 5592 3500 5657; x_wconf 90' lang='lat' dir='ltr'>qua</span> <span class='ocrx_word' id='word_1_799' title='bbox 3543 5569 3745 5657; x_wconf 89' lang='lat' dir='ltr'>campi</span> <span class='ocrx_word' id='word_1_800' title='bbox 3783 5570 4007 5659; x_wconf 83' lang='lat' dir='ltr'>Elysii,</span> 
     </span>
    </p>
   </div>
   <div class='ocr_carea' id='block_1_9' title="bbox 636 5681 994 5737">
    <p class='ocr_par' dir='ltr' id='par_1_12' title="bbox 636 5681 994 5737">
     <span class='ocr_line' id='line_1_96' title="bbox 636 5681 994 5737; baseline -0.006 -3"><span class='ocrx_word' id='word_1_801' title='bbox 636 5682 825 5737; x_wconf 78' lang='lat' dir='ltr'><strong>VOL.</strong></span> <span class='ocrx_word' id='word_1_802' title='bbox 864 5681 994 5733; x_wconf 93' lang='lat'>111.</span> 
     </span>
    </p>
   </div>
   <div class='ocr_carea' id='block_1_10' title="bbox 2487 5680 2619 5732">
    <p class='ocr_par' dir='ltr' id='par_1_13' title="bbox 2487 5680 2619 5732">
     <span class='ocr_line' id='line_1_97' title="bbox 2487 5680 2619 5732; baseline 0 0"><span class='ocrx_word' id='word_1_803' title='bbox 2487 5680 2619 5732; x_wconf 81' lang='lat' dir='ltr'>Nn</span> 
     </span>
    </p>
   </div>
  </div>
 </body>
</html>
