5118 6613
1382 518 1672 585 LIB.1.
1722 520 2172 586 ENNEAD.
2226 520 2636 585 SEXTAE.
2690 542 2752 606 p.
2794 523 3207 606 1066,1067.

567 697 714 757 σιῶν
739 691 1079 775 προσέχων·
1129 692 1286 759 ὅπως
1322 693 1388 755 δὲ
1423 689 1717 774 Ἀρχύτας
1757 696 1838 779 τῷ
1881 692 2077 778 χρόνῳ
2108 718 2249 757 συν-

569 795 736 875 έταξε
764 794 833 858 τὸ
861 796 1027 868 ποτὲ,
1058 793 1203 877 πρὸς
1229 794 1338 873 τὴν
1368 797 1516 859 κατὰ
1556 796 1630 858 τὰ
1670 794 1987 876 πράγματα
2030 794 2252 877 συγγέ-

568 923 732 962 νειαν
761 897 1148 977 ἀποβλέπων·
1193 902 1315 964 πῶς
1342 900 1407 962 δὲ
1438 903 1748 965 Πλωτῖνος
1785 900 1987 962 ἀνεῖλε
2016 899 2123 978 τὴν
2151 902 2256 962 τοῦ

566 1001 708 1062 ποτὲ
755 1000 1128 1082 κατηγορίαν,
1171 1000 1269 1063 διὰ
1311 998 1379 1062 τὸ
1426 998 1711 1081 συνάγειν
1754 1002 1838 1066 εἰς
1877 1003 2256 1084 βραχύτατον

567 1102 812 1181 ἀριθμὸν
840 1105 916 1166 τά
942 1107 1144 1184 πρῶτα
1186 1100 1353 1184 γένη,
1388 1102 1484 1165 καὶ
1508 1101 1588 1181 μὴ
1614 1101 1770 1166 πάνυ
1798 1128 1854 1166 τι
1882 1104 2106 1166 διδόναι
2131 1107 2258 1169 ταῖς

566 1210 682 1268 τῶν
712 1204 979 1283 νοήσεων
1025 1204 1121 1267 καὶ
1163 1208 1475 1282 σημασιῶν
1510 1210 1945 1285 παραλλαγαῖς·
1992 1203 2129 1268 ἀλλ’
2161 1204 2257 1268 ἐπὶ

568 1309 669 1374 τὰς
713 1306 960 1388 ἀπορίας
1007 1305 1222 1371 λοιπὸν
1270 1304 1429 1370 ἰτέον
1472 1307 1576 1372 τὰς
1625 1306 1956 1388 φερομένας
1998 1306 2142 1388 πρὸς
2187 1305 2255 1370 τὸ

565 1411 728 1483 ποτὲ,
761 1410 857 1473 καὶ
883 1411 988 1476 τὰς
1013 1410 1219 1475 λύσεις
1248 1408 1448 1474 αὐταῖς
1482 1406 1769 1472 ἐπακτέον
1800 1436 1849 1472 κ.
1869 1434 1923 1472 τ.
1951 1418 2014 1473 λ.

652 1536 716 1601 p.
756 1514 943 1595 1067,
976 1531 1073 1592 14.
1102 1512 1191 1576 Τὸ
1222 1513 1287 1575 δὲ
1313 1515 1446 1585 ποῦ,
1481 1513 1549 1576 ἐν
1577 1513 1805 1597 Λυκείῳ
1844 1512 1939 1576 καὶ
1967 1513 2034 1575 ἐν
2068 1511 2252 1575 Ἀκα-

568 1617 769 1704 δημίᾳ]
819 1614 1143 1679 Pet-tinent
1188 1614 1324 1678 hoec
1367 1613 1448 1677 ad
1498 1612 1846 1678 Aristotelis
1892 1613 2253 1700 Categorias

570 1717 685 1782 IV.
736 1724 798 1782 6.
853 1731 916 1781 et
962 1733 1018 1800 7.
1075 1715 1184 1780 ubi
1235 1715 1316 1781 de
1366 1730 1643 1803 tempore
1697 1718 1950 1802 (χρόνῳ)
2004 1732 2067 1781 et
2117 1715 2255 1780 loco

569 1822 784 1906 (τόπῳ)
837 1819 1065 1906 agitur.
1171 1818 1485 1905 Exempla
1535 1818 1730 1905 Lycei
1782 1833 1846 1882 et
1893 1818 2255 1883 Academioe

568 1920 816 1986 Plotino
844 1946 879 1985 c
909 1921 1361 1984 Socraticorum
1391 1919 1712 2006 ipsiusque
1747 1919 2023 1985 Platonis
2062 1919 2252 2007 scrip-

566 2023 643 2089 tis
692 2023 800 2107 (cf.
852 2022 1037 2087 modo
1083 2022 1534 2110 Euthyphron.
1587 2021 1722 2088 init.
1776 2023 1923 2110 ibiq.
1980 2023 2251 2088 Fischer.

570 2127 966 2216 Symposium
1011 2126 1074 2190 in
1123 2126 1271 2205 fine)
1324 2148 1511 2212 quam
1556 2125 1688 2212 ipse
1734 2128 2035 2205 SocrateS,
2066 2149 2254 2213 quem

568 2251 730 2316 soepe
771 2227 918 2293 alibi
962 2244 1025 2293 et
1066 2228 1349 2314 proximo
1392 2227 1593 2315 capite
1634 2228 1695 2292 in
1737 2227 2035 2314 exemplis
2074 2250 2253 2292 usur·

568 2332 699 2418 pari
730 2331 1034 2396 videmuS.

653 2433 740 2499 ib.
785 2434 873 2498 Τὸ
905 2436 969 2499 δὲ
999 2438 1133 2507 ποῦ,
1168 2436 1235 2498 ἐν
1269 2436 1490 2520 Λυκείῳ
1522 2461 1573 2497 κ.
1591 2459 1642 2497 τ.
1666 2434 1763 2521 λ.]
1793 2431 2044 2515 Ἀπορεῖ
2067 2436 2132 2498 δὲ
2163 2436 2258 2498 καὶ

571 2540 604 2599 6
634 2543 943 2604 Πλωτῖνος
984 2538 1051 2600 ἐν
1089 2541 1211 2603 τοῖς
1247 2537 1381 2619 περὶ
1419 2540 1524 2600 τοῦ
1562 2540 1694 2610 ποῦ,
1725 2540 1896 2599 τοῦτο
1936 2536 2154 2618 λέγων·
2205 2539 2259 2601 εἰ

571 2639 638 2703 τὸ
663 2643 730 2704 ἐν
749 2641 944 2726 χρόνῳ
974 2641 1130 2703 ἄλλο
1163 2639 1257 2703 καὶ
1284 2638 1352 2702 τὸ
1385 2641 1451 2703 ἐν
1472 2639 1632 2724 τόπῳ
1662 2639 1817 2702 ἄλλο
1846 2640 2007 2720 παρὰ
2033 2639 2256 2721 χρόνον

570 2744 664 2807 καὶ
691 2745 895 2816 τόπον,
928 2744 1023 2806 διᾶ
1051 2743 1114 2805 τί
1136 2742 1271 2825 οὐχὶ
1300 2742 1396 2805 καὶ
1423 2740 1492 2804 τὸ
1524 2743 1591 2805 ἐν
1619 2742 1840 2826 ἀγγείῳ
1871 2741 2065 2821 ἄλλην
2092 2738 2257 2819 ποιή-

568 2870 664 2910 σει
692 2845 1066 2927 κατηγορίαν,
1094 2843 1188 2908 καὶ
1215 2843 1283 2906 τὸ
1313 2845 1381 2908 ἐν
1406 2846 1521 2923 ὕλῃ
1550 2845 1764 2924 ἄλλην,
1799 2844 1894 2907 καὶ
1922 2842 1990 2907 τὸ
2023 2845 2090 2907 ἐν
2115 2844 2259 2907 ὑπο-

570 2947 812 3032 κειμένῳ
843 2950 1058 3026 ἄλλην,
1093 2945 1187 3010 καὶ
1215 2944 1283 3008 τὸ
1316 2947 1384 3010 ἐν
1411 2947 1535 3032 ὅλῳ
1562 2945 1758 3028 μέρος,
1793 2945 1887 3009 καὶ
1914 2944 1981 3008 τὸ
2010 2947 2159 3009 ὅλον
2190 2947 2257 3009 ἐν

567 3049 750 3131 μέρει,
795 3050 891 3112 καὶ
929 3047 1104 3130 γένος
1144 3050 1210 3112 ἐν
1251 3051 1455 3123 εἴδεσι,
1501 3049 1594 3112 καὶ
1636 3047 1788 3115 εἶδος
1828 3050 1895 3112 ἐν
1933 3048 2118 3132 γένει·
2163 3050 2259 3113 καὶ

569 3155 748 3217 οὕτως
775 3151 914 3230 ἡμῖν
942 3152 1184 3218 πλείους
1223 3151 1464 3215 ἔσονται
1493 3153 1554 3214 αἱ
1584 3153 1942 3234 κατηγορίαι.
1989 3154 2164 3216 Λύων
2193 3154 2259 3216 δὲ

567 3253 674 3334 τὴν
703 3255 956 3337 ἀπορίαν
983 3254 1200 3335 ταύτην
1229 3255 1262 3317 6
1291 3252 1659 3337 Ἰάμβλιχος,
1692 3253 1759 3318 τὸ
1795 3256 1906 3335 μὲν
1934 3255 2010 3323 ὧς
2050 3256 2117 3319 ἐν
2146 3256 2253 3338 ἀγ-

568 3360 728 3444 γείῳ,
763 3359 858 3421 καὶ
888 3357 964 3423 ὧς
1003 3358 1070 3420 ἐν
1097 3358 1212 3435 ὕλῃ
1253 3356 1348 3420 καὶ
1393 3358 1469 3424 ὡς
1509 3360 1575 3420 ἐν
1602 3357 1985 3443 ὑποκειμένῳ,
2017 3361 2258 3425 τοπικάς

569 3462 879 3543 ἐμφαίνειν
907 3458 1151 3543 σχέσεις
1180 3460 1350 3541 φησί.
1398 3459 1465 3522 τὸ
1511 3461 1575 3523 δὲ
1615 3460 1763 3522 ὅλον
1790 3459 1937 3541 πρὸς
1973 3461 2048 3523 τὰ
2083 3460 2249 3541 μέρη,

572 3564 665 3627 καὶ
702 3566 777 3627 τὰ
812 3561 960 3645 μέρη
1003 3562 1148 3644 πρὸς
1185 3561 1253 3625 τὸ
1294 3563 1461 3636 ὅλον,
1492 3561 1600 3640 τὴν
1626 3565 1732 3625 τοῦ
1758 3563 1903 3643 πρός
1943 3587 1999 3625 τι
2035 3561 2254 3644 σχέσιν

570 3667 716 3749 ἔχει.
764 3666 1041 3731 ὡσαύτως
1068 3666 1134 3728 δὲ
1163 3665 1259 3727 καὶ
1287 3664 1355 3728 τὸ
1384 3662 1560 3746 γένος
1585 3663 1733 3745 πρὸς
1760 3665 1827 3727 τὸ
1859 3664 2028 3738 εἶδος,
2063 3664 2156 3728 καὶ
2186 3662 2252 3726 τὸ

570 3769 719 3835 εἶδος
761 3768 907 3850 πρὸς
950 3766 1017 3830 τὸ
1064 3765 1239 3848 γένος
1278 3767 1451 3830 οὐδὲν
1479 3768 1684 3846 ὅμοιον
1714 3768 1967 3850 ἐχούσης
2008 3770 2110 3845 τῆς
2150 3770 2255 3830 τοῦ

568 3874 711 3954 πρός
737 3897 795 3936 τι
824 3871 1113 3954 σχέσεως,
1145 3873 1216 3948 τῇ
1246 3868 1390 3950 πρὸς
1418 3874 1603 3933 τόπον
1633 3870 1729 3932 καὶ
1756 3872 1825 3948 τῇ
1854 3868 1998 3950 πρὸς
2034 3869 2256 3951 χρόνον

570 4002 622 4037 κ.
649 4001 701 4039 τ.
728 3984 769 4039 λ
882 3975 1044 4037 Haec
1078 3970 1431 4058 Simplicius
1473 3969 1512 4033 l.
1544 3994 1596 4035 c.
1645 3994 1708 4057 p.
1742 3971 1844 4034 88.
1878 3969 1940 4034 b.
2031 3968 2156 4032 Sed
2188 3992 2251 4056 p.

568 4097 670 4159 90.
704 4076 766 4140 b.
800 4074 989 4153 idem,
1020 4074 1129 4139 ubi
1158 4073 1237 4137 de
1266 4072 1575 4159 categoria
1604 4078 1708 4137 τοῦ
1734 4077 1849 4136 ποῦ
1876 4070 2120 4136 disserit
2145 4094 2251 4135 ex·

568 4178 780 4266 positis
821 4178 1082 4242 aliorum
1134 4176 1642 4263 philosophorum
1688 4174 1950 4262 placitiS,
1992 4172 2071 4236 ad
2118 4195 2254 4236 sen-

476 4345 500 4366 ,
569 4282 820 4345 tentiam
858 4279 1088 4345 Plotini
1132 4280 1220 4343 ita
1265 4277 1518 4344 transit:
1568 4279 1769 4359 ὥσπερ
1799 4278 1903 4340 οὖν
1932 4277 2156 4342 ἄτοπον
2185 4275 2253 4338 τὸ

566 4386 772 4467 λέγειν
800 4384 996 4448 ποσὸν
1026 4382 1180 4447 εἶναι
1218 4382 1286 4445 τὸ
1331 4380 1649 4446 διπλάσιον
1691 4381 1785 4443 καὶ
1822 4377 1891 4441 τὸ
1934 4381 2069 4443 ἴσον
2109 4379 2255 4442 διότι

566 4491 760 4551 ποσοῦ
800 4488 863 4550 τί
897 4488 1064 4549 ἐστιν
1102 4486 1251 4549 οὕτω
1296 4485 1392 4548 καὶ
1433 4485 1466 4546 6
1506 4483 1573 4547 τὸ
1615 4486 1761 4547 κατὰ
1798 4483 1983 4545 τόπον
2008 4477 2045 4560 ἢ
2074 4482 2255 4545 τόπου

566 4591 642 4662 τὶ,
687 4591 872 4652 τόπον
916 4587 1138 4669 λέγων,
1177 4588 1395 4652 ἄτοπος
1431 4585 1507 4650 ἂν
1548 4587 1656 4664 εἴη.
1703 4589 2012 4650 Πλωτῖνος
2054 4582 2258 4663 μέντοι

566 4691 783 4758 τελέως
811 4692 1016 4754 ἀνεῖλε
1044 4689 1151 4768 τὴν
1180 4693 1284 4753 τοῦ
1316 4692 1432 4752 ποῦ
1462 4689 1833 4770 κατηγορίαν,
1866 4685 2117 4753 ἀποδοὺς
2143 4687 2255 4765 μὲν

569 4794 662 4857 καὶ
690 4792 865 4860 αὐτὸς
891 4791 959 4855 τὸ
988 4795 1104 4855 ποῦ
1131 4796 1210 4878 τῷ
1241 4793 1420 4877 τόπῳ,
1454 4792 1655 4872 ὥσπερ
1697 4790 1792 4853 καὶ
1828 4788 2120 4872 Ἀρχύτας
2161 4786 2254 4850 καὶ

566 4895 957 4977 Ἀνδρόνικος·
1003 4894 1107 4958 τὸν
1138 4896 1203 4957 δὲ
1230 4895 1416 4957 τόπον
1445 4894 1646 4973 ὥσπερ
1694 4892 1790 4955 καὶ
1826 4890 1931 4953 τὸν
1969 4889 2190 4972 χρόνον
2216 4886 2253 4967 ἢ

566 5001 645 5085 τῳ
686 5001 858 5084 ποσῷ
907 4998 1228 5075 ἀπονείμας
1253 4993 1291 5076 ἢ
1319 4999 1399 5082 τῷ
1429 4997 1575 5076 πρός
1600 5015 1675 5058 τι·
1727 4994 1854 5057 Δύο
1886 4994 1952 5056 δὲ
1981 4999 2255 5072 σημαίνει

566 5102 632 5165 τὸ
660 5106 794 5174 ποῦ,
826 5102 932 5164 τόν
958 5124 1024 5163 τε
1063 5100 1265 5172 τόπον,
1301 5098 1396 5161 καὶ
1423 5097 1490 5161 τὸ
1520 5099 1587 5161 ἐν
1616 5098 1797 5181 τόπῳ,
1828 5095 2030 5176 ὥσπερ
2066 5095 2161 5158 καὶ
2187 5094 2254 5157 τὸ

566 5205 709 5267 ποτὲ
754 5201 1000 5284 ἐλέγετο
1047 5203 1149 5265 δύο
1190 5201 1522 5280 σημαίνειν,
1557 5200 1663 5262 τόν
1701 5223 1768 5262 τε
1805 5198 2257 5280 παρεληλυθότα

564 5308 806 5389 χρόνον,
841 5305 938 5368 καὶ
979 5302 1047 5367 τὸ
1093 5306 1160 5368 ἐν
1197 5304 1413 5388 χρόνῳ·
1459 5303 1496 5381 ἡ
1535 5303 1600 5365 δὲ
1642 5305 1748 5364 τοῦ
1781 5304 1897 5364 ποῦ
1940 5301 2256 5380 κατηγορία

566 5410 712 5472 κατὰ
753 5405 822 5469 τὸ
867 5403 1142 5489 δεύτερον
1183 5402 1623 5484 σημαινόμενον
1651 5404 1998 5486 ἀφώρισται.
2046 5401 2113 5465 τὸ
2140 5404 2253 5482 μὲν

562 5513 676 5592 γὰρ
719 5510 796 5576 ὦς
839 5509 1020 5575 τύπος
1058 5504 1409 5589 λεγόμενον,
1442 5505 1636 5570 ποσὸν
1666 5504 1742 5570 ἂν
1773 5509 1861 5586 εἴη
1901 5508 2048 5569 κατὰ
2083 5503 2243 5586 Ἀρι·

661 5617 845 5668 VOL.
885 5614 1008 5668 III·

3909 544 4037 612 329

2341 692 2655 772 στοτέλην,
2688 693 2755 756 τὸ
2800 695 2865 756 δὲ
2905 695 2972 757 ἐν
3001 691 3182 779 τόπῳ,
3214 697 3316 774 τῆς
3358 698 3465 758 τοῦ
3504 700 3620 760 ποῦ
3664 699 4028 781 κατηγορίας.

2342 794 2451 859 κᾶν
2480 795 2775 862 συνθέτως
2803 794 2870 859 δέ
2898 820 2983 861 τις
3009 793 3048 875 ᾖ
3080 798 3146 859 ἐν
3175 794 3333 882 τόπῳ
3355 799 3473 861 ’καὶ
3515 801 3582 861 ἐν
3610 796 3809 885 χρόνῳ
3839 801 4028 882 φωνὴ,

2346 899 2578 961 ἁπλοῦν
2607 923 2662 961 τι
2690 902 2785 961 δεῖ
2809 897 3158 980 ἐκδέχεσθαι
3197 898 3313 962 ἀπὸ
3354 903 3455 977 τῆς
3491 900 3779 966 συνθέτου
3818 901 4035 980 λέξεως

2342 1001 2419 1068 ὡς
2463 1000 2580 1065 ἀπὸ
2623 1005 2729 1064 τοῦ
2773 997 2995 1083 ἀγαθὸς
3038 1001 3279 1080 δαίμων,
3321 1003 3415 1065 καὶ
3458 1004 3586 1083 ἱερὰ
3626 1000 3822 1082 πόλις,
3870 1004 3937 1067 ἕν
3976 1029 4032 1068 τι

2341 1105 2573 1166 ἁπλοῦν
2619 1103 3422 1183 ὑπολαμβάνομεν-ΜΘΗ]
3472 1129 3531 1190 p.
3575 1125 3677 1189 91.
3715 1129 3793 1171 a:
3838 1104 3917 1172 ‘O
3962 1109 4026 1172 δὲ

2340 1209 2651 1270 Πλωτῖνος
2689 1202 3184 1286 προβαλλόμενος
3220 1202 3288 1268 τὸ
3328 1208 3394 1270 ἐν
3430 1205 3771 1293 Ἀκαδημίᾳ,
3806 1211 3873 1274 ἐν
3902 1215 4026 1274 Λυ-

2343 1309 2498 1392 κείῳ,
2532 1308 2673 1381 ἄνω,
2710 1305 2883 1382 κάτω,
2914 1313 3074 1387 ζητεῖ
3108 1305 3363 1389 πότερον
3392 1307 3604 1376 τόπους
3642 1311 4029 1393 διαφέροντας

2340 1412 2522 1472 ταῦτα
2563 1413 2750 1486 δηλοῖ,
2784 1406 2820 1487 ἢ
2852 1410 3013 1473 ἄλλα
3053 1412 3121 1474 ἐν
3159 1411 3345 1496 ἄλλῳ.
3397 1414 3450 1474 εἰ
3486 1414 3598 1491 μὲν
3637 1417 3751 1495 γᾶρ
3795 1412 4028 1494 τόπους,
4104 1407 4108 1413 ,

2340 1513 2402 1574 τί
2436 1515 2530 1574 δεῖ
2569 1512 2729 1591 παρὰ
2765 1507 2871 1573 τὸν
2908 1509 3093 1575 τόπον
3130 1514 3293 1577 ἄλλα
3333 1520 3525 1592 ζητεῖν
3562 1513 3632 1579 τὸ
3671 1521 3821 1590 ποΰ;
3870 1520 3924 1581 εἰ
3965 1520 4029 1581 δὲ

2340 1614 2496 1676 ἄλλο
2547 1614 2617 1674 ἐν
2676 1612 2842 1697 ἄλλῳ
2890 1614 3002 1697 οὐχ
3049 1614 3116 1678 ἓν
3161 1615 3296 1679 οὐδὲ
3347 1619 3578 1681 ἁπλοῦν
3624 1616 3691 1683 τὸ
3742 1624 4026 1683 τοιοῦτον·

2341 1713 2505 1796 Πρὸς
2538 1713 2572 1777 ὃ
2604 1714 2698 1777 καὶ
2736 1719 2842 1778 νῦν
2880 1716 3110 1797 ῥητέον,
3143 1719 3234 1781 ὅτι
3276 1719 3411 1782 οὔτε
3451 1717 3629 1788 τόπος
3674 1724 3875 1790 ἅπλῶς
3920 1748 4026 1803 ση-

2338 1819 2609 1898 μαίνεται
2647 1814 2760 1882 ὑπὸ
2798 1820 3039 1891 τούτων,
3072 1821 3207 1884 οὔτε
3245 1819 3536 1885 σύνθετόν
3563 1845 3640 1887 τι·
3690 1823 3760 1887 οὐ
3801 1828 3915 1906 γὰρ
3954 1829 4029 1889 τὰ

2339 1920 2656 2003 πράγματα
2686 1923 2753 1984 ἐν
2781 1919 2959 2007 τόπῳ,
2997 1923 3091 1986 καὶ
3128 1921 3300 1990 αὐτὸς
3328 1925 3361 1986 6
3390 1921 3569 1992 τόπος
3606 1925 4025 2005 συμπλέκεται·

2342 2026 2484 2100 αὕτη
2536 2024 2601 2086 δὲ
2650 2019 2800 2102 μόνη
2849 2023 2886 2102 ἡ
2939 2024 3155 2107 σχέσις
3201 2029 3516 2103 μονοειδῶς
3565 2030 4030 2110 συνεμφαίνεται

2342 2123 2479 2190 ἀλλ’
2511 2127 2647 2190 οὐδὲ
2686 2124 2752 2189 τὸ
2785 2127 2851 2188 ἐν
2878 2123 3086 2207 μόριον
3116 2130 3400 2192 σύνθεσιν
3429 2129 3660 2206 ἐμποιεῖ
3697 2130 3764 2193 ἐν
3788 2134 3869 2216 τῳ
3906 2130 4023 2213 φά-

2344 2254 2458 2301 ναι,
2495 2231 2561 2291 ἐν
2590 2228 2839 2313 Λυκείῳ,
2871 2229 3034 2292 ἀλλὰ
3075 2228 3181 2307 τὴν
3221 2229 3439 2313 σχέσιν
3476 2228 3666 2309 μόνην
3706 2234 4028 2313 παρίστησι

2341 2332 2448 2411 τὴν
2485 2329 2631 2413 πρὸς
2674 2329 2779 2394 τὸν
2814 2328 3018 2393 τόπον·
3065 2330 3201 2394 ἀλλ’
3234 2334 3288 2395 εἰ
3335 2336 3505 2395 τοῦτο
3551 2332 3702 2414 φησὶ
3744 2332 4025 2416 λέγομεν,

2343 2434 2562 2517 σχέσιν
2589 2435 2721 2497 τινὰ
2751 2439 3054 2514 γεννῶμεν
3082 2438 3251 2497 τοῦδε
3283 2435 3350 2497 ἐν
3378 2438 3544 2519 τῷδε,
3575 2439 3682 2498 τοῦ
3707 2435 4027 2515 δεξαμένου

2340 2534 2485 2618 πρὸς
2513 2535 2546 2599 δ
2580 2535 2837 2614 ἐδέξατο·
2874 2539 2971 2600 διὸ,
2998 2537 3060 2599 τί
3085 2536 3191 2599 οὖν
3220 2536 3290 2600 οὗ
3316 2533 3461 2618 πρός
3486 2562 3542 2600 τι
3571 2538 3700 2601 ἐστὶ
3726 2542 3926 2612 ταῦτα,
3961 2541 4028 2602 ἐκ

2340 2644 2441 2719 τῆς
2470 2639 2747 2720 ἐκατέρου
2773 2636 2919 2721 πρὸς
2954 2638 3233 2721 ἑκάτερον
3261 2638 3531 2722 σχέσεως
3574 2639 3792 2723 ἔχοντα
3831 2638 3901 2703 τὸ
3942 2638 4023 2704 εἶ-

2343 2768 2440 2807 ναι
2465 2770 2480 2815 ;
2527 2738 2673 2823 πρὸς
2700 2743 2734 2804 6
2762 2739 2992 2822 ῥητέον,
3025 2742 3116 2804 ὅτι
3148 2742 3304 2819 άλλη
3349 2741 3462 2821 μέν
3492 2743 3621 2805 ἐστι
3661 2740 3873 2825 σχέσις
3912 2745 4024 2821 ἐξι-

2342 2844 2623 2921 σάζουσα,
2675 2845 2769 2908 καὶ
2819 2842 3319 2926 ἀντιστρέφουσα,
3372 2844 3466 2906 καὶ
3498 2849 3634 2929 ,τῶν
3683 2844 3831 2909 αὐτὰ
3879 2842 4027 2925 ἅπερ

2344 2947 2508 3010 ἐστὶν
2556 2946 2772 3027 ἑτέρων
2817 2945 2970 3010 εἶναι
3014 2944 3380 3029 λεγομένων,
3427 2943 3465 3024 ἢ
3511 2948 3786 3010 ὁπωσοῦν
3829 2947 4029 3014 ἄλλως

2342 3047 2488 3131 πρὸς
2527 3049 2748 3132 ἑτέρου,
2779 3050 2904 3129 ἥτις
2943 3049 3041 3112 ἐπὶ
3078 3054 3197 3111 τῶν
3224 3045 3369 3130 πρός
3410 3073 3467 3112 τι
3510 3048 3663 3116 ἰδίως
3704 3052 4027 3130 θεωρεῖται.

2344 3153 2502 3230 άλλη
2550 3151 2618 3215 δέ
2664 3154 2829 3216 ἐστιν
2871 3152 2908 3231 ἡ
2955 3151 3037 3231 μὴ
3083 3150 3585 3233 ἀντιστρέφουσα,
3630 3148 3767 3214 ἀλλ’
3815 3153 3912 3215 ἐπὶ
3957 3154 4029 3216 τά

2346 3256 2517 3338 ἔτερα
2555 3251 2711 3335 μόνα
2758 3255 3184 3330 ἀποκλίνουσα,
3219 3255 3314 3318 καὶ
3362 3256 3516 3321 ἰδίως
3558 3250 3703 3337 πρὸς
3743 3250 4028 3338 χρόνονῆ

2341 3356 2525 3423 τόπον
2553 3357 2872 3438 ποιουμένη
2909 3358 3017 3437 τὴν
3054 3356 3292 3440 σχέσιν,
3321 3358 3448 3435 ἥτις
3486 3356 3592 3420 οὐκ
3627 3355 3702 3435 ἦν
3731 3361 3847 3419 τῶν
3876 3356 4029 3423 ἰδίως

2336 3461 2683 3542 λεγομένων
2710 3458 2855 3540 πρός
2881 3485 2957 3534 τι,
2982 3458 3182 3539 διόπερ
3212 3459 3346 3522 οὐδὲ
3377 3458 3803 3540 ἀντέστρεφεν,
3827 3459 4029 3539 ὥσπερ

2339 3565 2413 3626 τὰ
2438 3560 2585 3645 πρός
2611 3586 2684 3626 τι·
2729 3564 2796 3625 ἐν
2826 3564 2939 3643 γᾶρ
2967 3565 3046 3647 τῷ
3074 3565 3190 3624 ποῦ
3219 3559 3312 3624 καὶ
3339 3562 3486 3623 ποτὲ
3513 3560 3626 3644 οὐχ
3651 3561 3690 3641 ἡ
3717 3564 3822 3624 τοῦ
3846 3559 4028 3625 τόπου

2341 3664 2435 3727 καὶ
2462 3669 2570 3727 τοῦ
2594 3662 2814 3748 χρόνον
2844 3663 3072 3746 σχέσις,
3103 3660 3249 3744 πρὸς
3276 3660 3344 3726 τὸ
3382 3664 3449 3726 ἐν
3476 3661 3633 3749 τόπῳ
3664 3663 3759 3727 καὶ
3789 3664 3855 3726 ἐν
3882 3660 4023 3746 χρό-

2341 3791 2422 3851 νῳ
2449 3769 2846 3846 λαμβάνεται,
2881 3766 3044 3829 ἀλλὰ
3071 3769 3176 3827 τοῦ
3216 3766 3282 3828 ἐν
3309 3763 3465 3851 τόπῳ
3507 3762 3652 3846 πρὸς
3687 3762 3793 3829 τὸν
3819 3762 4023 3831 τόπον·

2340 3869 2513 3932 οὐδὲν
2543 3869 2608 3931 δὲ
2638 3865 2978 3946 θαυμαστὸν
3009 3869 3062 3930 εἰ
3087 3865 3545 3949 προσλαμβάνει
3581 3870 3726 3931 ποτὲ
3761 3869 3903 3946 αὕτη
3934 3868 4028 3932 καὶ

2340 3970 2447 4049 τὴν
2476 3974 2583 4033 τοῦ
2608 3966 2753 4050 πρός
2780 3995 2836 4033 τι
2864 3968 3100 4052 σχέσιν,
3127 3970 3203 4035 ὣς
3232 3969 3329 4032 ἐπὶ
3359 3972 3464 4032 τοῦ
3492 3969 3588 4033 ἐπὶ
3609 3969 3766 4044 τάδε,
3801 3969 3896 4032 καὶ
3926 3971 4027 4033 ἐπ-

2344 4073 2558 4146 έκεινα,
2594 4072 2688 4135 καὶ
2731 4076 2836 4136 τοῦ
2878 4072 3094 4145 ἐπάνω,
3130 4071 3224 4135 καὶ
3264 4070 3556 4135 ὑποκάτω.
3601 4072 3782 4138 οὕτως
3823 4072 3887 4135 δὲ
3934 4073 4028 4136 καὶ

2343 4176 2439 4238 ἐπὶ
2481 4180 2599 4238 τῶν
2640 4178 2785 4238 κατὰ
2830 4172 3073 4258 χρόνον,
3105 4176 3138 4237 6
3175 4176 3287 4253 μὲν
3332 4173 3616 4255 πρέσβυς,
3664 4175 3760 4238 καὶ
3799 4176 3832 4237 6
3873 4172 4024 4249 νέος,

2344 4277 2436 4340 καὶ
2482 4279 2515 4340 6
2561 4275 2928 4359 πρόσφατος,
2986 4276 3078 4340 καὶ
3118 4279 3150 4339 6
3194 4273 3463 4349 παλαιὸς,
3521 4276 3685 4342 ἐκτός
3736 4278 3865 4340 ἐστι
3911 4283 4027 4341 τῶν

2339 4381 2483 4462 πρός
2532 4405 2589 4442 τι
2643 4379 3005 4461 κατηγορίας.
3076 4380 3263 4442 καίτοι
3318 4377 3535 4461 σχέσιν
3586 4378 3827 4461 ἔχοντες
3880 4379 4028 4461 πρὸς

2340 4485 2581 4566 χρόνον,
2611 4480 2648 4562 ἢ
2676 4488 2792 4545 τῶν
2821 4482 2956 4563 περὶ
2981 4482 3214 4565 χρόνων
3245 4481 3398 4545 ἰδίως
3427 4482 3633 4543 ὄντων·
3679 4481 3712 4542 6
3743 4483 3807 4544 δὲ
3838 4505 4023 4562 πρεσ-

2340 4586 2589 4666 βύτερος
2634 4585 2728 4647 καὶ
2773 4586 2805 4646 6
2852 4585 3134 4665 νεώτερος
3178 4582 3273 4646 καὶ
3318 4584 3351 4645 6
3395 4583 3887 4663 προσφατῶτερος
3933 4586 4029 4648 καὶ

2338 4688 2746 4767 παλαιότερος,
2781 4686 2875 4749 καὶ
2915 4688 2990 4749 ra
3028 4688 3291 4761 τοιαῦτα,
3322 4684 3430 4763 τὴν
3456 4688 3575 4747 τῶν
3601 4686 3747 4765 πρός
3782 4708 3839 4748 τι
3878 4686 4022 4768 σχέ-

2339 4815 2440 4853 σιν
2491 4790 2646 4854 ἰδίως
2700 4790 3078 4870 ἐμφαίνουσι.
3143 4787 3239 4850 καὶ
3288 4788 3350 4849 αῖ
3398 4791 3516 4848 τῶν
3565 4785 3914 4865 συνδέσμων
3960 4790 4024 4851 δὲ

2337 4895 2667 4973 προσθῆκαι
2695 4891 2764 4953 οὗ
2793 4894 3030 4954 ποιοῦσι
3057 4890 3344 4954 σύνθεσιν
3373 4890 3440 4952 ἐν
3467 4894 3595 4956 ταῖς
3635 4891 4020 4971 κατηγορίαις,

2339 4995 2429 5058 ὅτι
2453 4996 2601 5073 μηδὲ
2631 4992 2952 5074 ἀνάγονται
2991 4992 3086 5055 καὶ
3117 4990 3240 5055 καθ’
3275 4990 3513 5056 ἑαυτοὺς
3553 4992 3635 5056 εἰς
3674 4992 4026 5073 κατηγορίαν

2341 5093 2377 5176 ᾗ
2409 5098 2749 5174 σύνδεσμοι,
2780 5098 2925 5175 μηδὲ
2954 5095 3308 5175 σημαίνουσι
3334 5117 3390 5156 τι
3421 5090 3544 5156 καθ’
3572 5093 3830 5160 ἑαυτούς.
3863 5095 4024 5157 ἀλλὰ

2343 5200 2507 5279 εἴπερ
2535 5198 2651 5279 ἄρα
2680 5199 3037 5276 σημαίνουσι
3067 5224 3122 5260 κ.
3142 5221 3193 5258 τ.
3217 5205 3278 5260 λ.

2422 5337 2511 5348 -
2538 5318 2633 5382 17.
2680 5303 2757 5364 Εἰ
2784 5300 2889 5363 οὖν
2918 5299 2985 5362 τὸ
3013 5301 3134 5363 ἄνω
3175 5296 3363 5362 καὶτὸ
3404 5295 3556 5361 κάτω
3597 5297 3692 5360 καὶ
3729 5297 3796 5360 τὸ
3834 5298 4025 5378 μέσον

2337 5404 2526 5476 τόποι,
2552 5402 2683 5466 οἷον
2706 5402 2944 5484 Δελφοὶ
2971 5400 3040 5464 τὸ
3067 5400 3279 5481 μέσον,
3306 5400 3401 5464 καὶ
3429 5397 3497 5462 τὸ
3525 5401 3686 5482 παρὰ
3715 5398 3783 5462 τὸ
3809 5399 4022 5479 μέσον,

2336 5505 2466 5568 οἷον
2490 5502 2741 5583 Ἀθῆναι
2786 5506 2880 5576 καὶ
2910 5506 3162 5568 Λύκειον
3191 5531 3241 5568 κ.
3263 5528 3316 5569 τ.
3342 5502 3438 5586 λ.]
3491 5502 3596 5567 Ita
3637 5502 3851 5591 scripsi
3878 5528 4021 5571 cum

2450 5610 2506 5661 U
2542 5616 2592 5662 U
