5118 6613
1028 498 1150 583 298
1960 489 2809 560 ANNOTATIONES
2873 489 2985 555 IN
3049 488 3482 556 PLOTINI

1030 667 1292 748 μένοντα
1342 667 1624 752 (corpus,
1669 669 1960 753 corpora)
2008 678 2418 753 opponuntur
2466 668 2539 745 τῇ
2593 668 2732 749 σκιᾷ

1036 769 1359 853 (umbrae).
1451 766 1636 832 Philo
1678 770 1725 832 J
1731 767 1836 832 ud.
1883 768 2080 855 Legis
2122 767 2436 855 Allegorr.
2472 769 2616 834 111.
2661 790 2729 855 p.

1035 891 1183 956 302.
1227 870 1474 936 Pfeiff.:
1538 871 1668 935 ἔστι
1711 871 1779 937 δέ
1824 897 1910 938 τις
1951 874 2309 953 τελεώτερος
2357 872 2452 935 καὶ
2496 877 2734 951 μᾶλλον

1041 973 1470 1056 κεκαθαρμένος
1529 977 1664 1041 νοῦς
1711 978 1787 1039 τᾶ
1843 973 2083 1057 μεγάλα
2138 974 2429 1056 μυστήρια
2480 976 2737 1054 μυηθεὶς,

1038 1080 1203 1145 ὅστις
1247 1077 1352 1140 οὐκ
1399 1075 1516 1141 ἀπὸ
1559 1081 1678 1139 τῶν
1718 1078 2061 1159 γεγονότων
2106 1077 2174 1142 τὸ
2222 1081 2412 1142 αἴτιον
2447 1078 2738 1160 γνωρίζει,

1037 1183 1115 1248 ῶς
1142 1179 1218 1245 ἂν
1240 1178 1359 1245 ἀπὸ
1391 1182 1559 1245 σκιᾶς
1584 1178 1653 1242 τὸ
1680 1178 1885 1258 μένον.
1934 1181 2039 1244 Ex
2062 1203 2191 1267 quo
2214 1178 2350 1244 loco
2376 1181 2736 1267 Mangeyus

1037 1305 1250 1349 ansam
1279 1281 1499 1368 arripit
1528 1266 1809 1346 tentandi
1839 1282 1954 1346 hos
1984 1281 2152 1347 locos
2180 1282 2362 1369 epist.
2397 1281 2573 1347 Pauli
2608 1284 2732 1347 Co-

1039 1385 1181 1450 loss.
1203 1384 1303 1450 11.
1328 1400 1401 1465 17
1427 1409 1441 1447 ε
1491 1387 1667 1448 σκιὰν
1695 1389 1814 1448 τῶν
1840 1386 2208 1464 μελλόντων,
2235 1385 2437 1449 Hebr.
2462 1386 2597 1449 IX.
2628 1405 2652 1448 1
2670 1405 2730 1449 1:

1039 1489 1344 1573 ἀρχιερεὺς
1370 1492 1487 1550 τῶν
1512 1489 1880 1566 μελλόντων,
1912 1502 1975 1551 et
2007 1487 2209 1553 Hebr.
2241 1488 2325 1551 X.
2359 1508 2380 1551 ι
2410 1513 2425 1552 :
2475 1491 2737 1552 σκιὰν-

1039 1598 1157 1657 τῶν
1183 1591 1534 1670 μελλόντων
1562 1591 1818 1672 ἀγαθῶν.
1868 1591 2101 1654 Verum
2135 1589 2277 1655 licet
2304 1591 2369 1654 in
2398 1590 2558 1655 binis
2589 1589 2738 1655 locis

1040 1694 1305 1760 varietas
1363 1691 1639 1757 lectionis
1694 1709 2070 1780 compareat,
2123 1692 2440 1781 vulgatam
2501 1694 2737 1780 optime

1040 1797 1312 1886 explicat
1342 1793 1823 1860 Valckenaerius
1866 1795 1928 1860 in
1980 1795 2221 1861 Scholis
2260 1796 2340 1860 ad
2388 1810 2736 1862 extremum

1041 1899 1245 1965 locum
1289 1897 1425 1963 Vol.
1463 1899 1559 1962 11.
1609 1922 1672 1986 p.
1704 1915 1854 1983 559.
1903 1922 1995 1986 sq.
2086 1898 2405 1964 Formulae
2453 1904 2593 1964 σκιὰ
2633 1904 2740 1964 τοῦ

1044 2001 1197 2067 εἶναι
1234 2014 1297 2065 et
1337 1999 1625 2065 similium
1659 1999 1958 2088 originem
1990 2025 2066 2065 ex
2102 2001 2364 2067 Platone
2393 2001 2631 2089 repetii,
2663 2000 2740 2065 si-

1041 2104 1342 2193 milesque
1384 2102 1551 2170 locos
1592 2104 1811 2191 collegi
1840 2103 1920 2169 ad
1956 2106 2011 2168 1.
2043 2107 2107 2171 6.
2144 2105 2207 2169 in
2247 2104 2399 2171 edit.
2444 2105 2740 2192 peculiari

1039 2232 1106 2298 p.
1143 2228 1284 2294 203.
1316 2230 1453 2294 sqq.

1126 2335 1191 2399 p.
1222 2331 1373 2395 994,
1404 2312 1465 2375 6.
1516 2311 1611 2373 καὶ
1656 2309 1781 2375 καθ’
1815 2312 2038 2376 ἕκαστα
2081 2313 2146 2375 δὲ
2190 2314 2458 2376 ἐπιοῦσιν
2500 2311 2620 2393 (ita
2659 2335 2738 2376 ex

1045 2413 1247 2479 Codd.
1289 2412 1613 2500 posuimus
1657 2436 1774 2499 pro
1817 2414 1915 2477 ἐπὶ
1962 2415 2156 2497 οὖσιν)
2192 2417 2520 2501 ἅνθρωπος]
2575 2417 2740 2480 Ante

1043 2518 1349 2598 ἄνθρωπος
1377 2514 1652 2603 suppleri
1675 2514 1863 2602 jubet
1896 2517 2161 2604 Taylor:
2198 2520 2400 2599 νόησις
2429 2519 2739 2600 ἀνθρώπου

1044 2619 1174 2683 καῖε
1223 2616 1481 2704 cogitari
1526 2631 1693 2681 certe
1736 2615 1946 2697 debet,
1995 2632 2059 2683 et
2106 2619 2410 2706 expressit
2457 2620 2735 2685 FicinuS.

1048 2723 1127 2785 In
1173 2744 1346 2808 seqq.
1390 2743 1505 2807 pro
1547 2722 1675 2784 ὄντι
1714 2743 1912 2808 marg.
1943 2722 2068 2785 Ed.
2101 2723 2291 2788 habet
2321 2725 2392 2787 ὄν
2419 2749 2492 2787 τι.
2586 2721 2743 2785 Vul-

1042 2837 1253 2910 gatam
1287 2821 1551 2894 retinuit.
1600 2823 1877 2910 suspicor
1900 2839 2112 2889 autem
2143 2825 2441 2889 continuo
2469 2824 2742 2890 scriben-

1045 2924 1200 2987 dum
1232 2947 1395 2988 esse:
1448 2925 1543 2988 καὶ
1580 2924 1648 2987 τὸ
1685 2929 1791 2988 τοῦ
1829 2931 1990 2989 νοεῖν
2021 2925 2295 2992 ἐπέκεινα
2335 2927 2506 2992 εἶναι.
2598 2929 2739 2992 Cae-

1046 3044 1250 3092 terum
1279 3026 1550 3090 bominis
1593 3041 1657 3090 et
1692 3029 1835 3114 equi
1874 3027 2160 3116 exempla
2190 3028 2446 3115 vulgata
2488 3045 2635 3094 sunt
2678 3030 2744 3093 in

1045 3128 1559 3217 philosophorum
1632 3125 2181 3215 disputationibus.
2294 3130 2571 3196 Sufficiat
2642 3131 2743 3196 hic

1050 3254 1248 3296 unum
1277 3231 1480 3295 locum
1512 3253 1847 3320 apponere,
1881 3232 1987 3297 ubi
2018 3232 2098 3297 de
2126 3235 2285 3298 ideis
2311 3232 2590 3298 Platonis
2617 3236 2747 3323 agi-

1048 3351 1171 3399 tur.
1265 3333 1584 3399 Scholiast.
1617 3332 1917 3399 Aristidis
1959 3334 2024 3398 in
2071 3338 2273 3401 Oratt.
2308 3336 2600 3402 Platonn.
2650 3343 2745 3424 (p.

1052 3457 1197 3524 203.
1231 3440 1308 3503 C.
1354 3461 1415 3525 p.
1448 3456 1587 3502 122.
1621 3438 1811 3503 Jebb.
1856 3461 1923 3525 p.
1966 3441 2105 3521 167.
2143 3439 2743 3525 Frommel.):—)te‘-

1051 3568 1147 3625 γει
1190 3545 1304 3624 γᾶρ
1337 3544 1370 3605 ὁ
1401 3540 1666 3606 Πλάτων
1696 3544 1816 3605 τῶν
1845 3544 1945 3606 ἐπὶ
1973 3547 2081 3625 γῆς
2111 3545 2178 3607 ἐν
2208 3544 2435 3629 οὐρανῷ
2480 3543 2633 3608 εἶναι
2674 3547 2750 3608 τᾶ

1050 3647 1514 3727 παραδείγματα,
1547 3645 1729 3709 οἱονεὶ
1773 3643 2097 3728 ἀρχέτυπα,
2144 3648 2207 3723 ἐξ
2251 3647 2333 3709 ὧν
2373 3649 2489 3711 εἰσι
2531 3649 2609 3710 τὰ
2652 3647 2750 3710 ἐπὶ

1052 3752 1179 3830 γῆς,
1208 3745 1493 3826 ἀσώματά
1518 3772 1653 3811 τινα
1680 3749 1846 3827 ὄντα,
1875 3748 2076 3828 ὥσπερ
2103 3751 2209 3811 τοῦ
2238 3749 2546 3829 ἀνθρώπου
2574 3750 2611 3828 ἡ
2641 3751 2745 3813 ἀν-

1053 3852 1371 3931 θρωπότης,
1420 3849 1515 3912 καὶ
1558 3853 1663 3912 τοῦ
1704 3851 1883 3914 ἵππου
1910 3851 1947 3929 ἡ
1979 3852 2225 3930 ἱππότης
2269 3851 2364 3914 καὶ
2392 3857 2509 3914 τῶν
2541 3851 2747 3915 ἄλλων

1053 3950 1331 4016 ἁπάντων
1361 3953 1589 4030 ὁμοίως,
1623 3953 1772 4033 ἅπερ
1802 3952 1958 4019 ἰδέας
1987 3959 2177 4018 καλεῖ.
2270 3951 2747 4018 Substantivum

1051 4052 1418 4117 femininum
1450 4054 1486 4131 ἡ
1519 4055 1761 4132 ἱππότης
1788 4053 2148 4120 addendum
2180 4072 2273 4122 est
2302 4057 2575 4122 LexiciS.

1144 4192 1229 4204 —
1259 4174 1353 4233 14.
1394 4154 1469 4233 ἢν
1505 4155 1573 4217 τὸ
1615 4156 1843 4237 ἀγαθὸν
1871 4163 1988 4221 τῶν
2015 4159 2249 4243 ἄλλων]
2301 4161 2750 4226 Parentheseos

1059 4256 1236 4344 signo
1284 4257 1417 4321 haec
1470 4256 1712 4343 sejunxi
1762 4281 1797 4322 a
1848 4259 2122 4347 reliquiS.
2221 4262 2511 4327 Fortasse
2563 4264 2746 4328 etiam

1058 4359 1200 4425 αὐτὸ
1243 4359 1472 4424 excidit
1513 4376 1654 4447 post
1696 4361 1864 4426 αὐτά.
1954 4363 2122 4441 Quid
2155 4368 2347 4429 vero?
2394 4366 2445 4429 si
2475 4366 2744 4431 scribas:

1056 4463 1093 4544 ἢ
1122 4464 1196 4544 ἦν
1223 4489 1278 4526 τ.
1311 4490 1367 4528 α.
1402 4490 1454 4528 τ.
1489 4490 1546 4528 α.
1591 4464 1707 4529 hac
1753 4468 2093 4533 sententia:
2150 4467 2259 4533 Vel
2294 4469 2584 4557 (alioqui)
2620 4472 2746 4536 Bo-

1056 4591 1208 4632 num
1240 4567 1400 4632 foret
1444 4565 1823 4654 reliquorum
1859 4571 1930 4652 (i.
1955 4596 2009 4636 e.
2040 4571 2295 4659 reliquis
2337 4572 2526 4637 rebus
2569 4596 2746 4638 man-

1057 4672 1388 4836 cipptum).
1467 4670 1647 4735 Malo
1675 4671 1835 4736 enim
1869 4697 2171 4760 quaerere,
2202 4697 2390 4762 quam
2421 4675 2750 4742 decernere

1059 4775 1125 4838 b.
1185 4823 1197 4835 .

1688 4949 1747 5012 L
1764 4950 1795 5011 1
1815 4949 1891 5012 B.
1940 4949 2101 5012 VII.

1144 5086 1222 5148 P.
1254 5103 1404 5169 995,
1438 5099 1500 5165 7.
1548 5089 1741 5149 ΠΕΡΙ
1785 5090 1970 5158 Tor,
2020 5091 2099 5149 El
2151 5079 2508 5151 KArTnN
2559 5087 2748 5154 ΚΑΘ

1059 5192 1385 5252 ΕΚΑΣΤΑ
1416 5191 1662 5250 ΕΣΤΙΝ
1698 5189 1958 5276 mam]
1994 5187 2179 5266 Quod
2209 5188 2367 5253 cod.
2396 5190 2532 5254 ciz.
2562 5189 2753 5256 habet

1060 5290 1183 5356 καθ’
1206 5292 1479 5364 ἕκαστον,
1497 5289 1561 5354 id
1582 5289 1918 5370 Miillerus„
1933 5294 1964 5354 ὁ
1982 5291 2315 5372 μακαρίτης,
2337 5290 2513 5356 initio
2533 5292 2753 5382 capitis

2820 662 2961 729 libri
3011 663 3075 727 in
3121 661 3378 749 vulgata
3426 660 3802 750 conspirant.
3893 659 4081 739 Quod
4127 658 4291 724 idem
4343 656 4507 724 Cod.

2820 782 3012 854 atque
3030 767 3173 831 Vat.
3205 764 3502 830 exhibent
3533 766 3687 829 εἰσὶν
3716 764 3885 841 ἰδέαι,
3915 763 4079 828 idem
4109 779 4203 827 est
4230 761 4417 826 etiam
4447 762 4512 826 in

2825 868 3179 957 Porphyrio
3221 867 3302 931 de
3337 867 3477 932 Vita
3522 865 3754 932 Plotini
3798 889 3933 952 cap.
3970 866 4126 939 Iv.;
4174 878 4235 929 et
4282 865 4514 953 saepius

2820 993 2966 1035 cum
2993 969 3119 1049 alii,
3152 984 3286 1033 tum
3318 969 3451 1056 ipse
3482 966 3770 1032 Plotinus
3815 966 3967 1033 εἶδος
4008 981 4071 1030 et
4109 966 4238 1031 ἰδέα
4274 966 4509 1054 promi-

2821 1098 2966 1140 scue
2996 1087 3325 1160 usurpant.
3416 1071 3557 1136 Vid.
3588 1086 3800 1134 annot.
3831 1083 4023 1134 nostr.
4066 1069 4147 1134 ad
4192 1094 4254 1158 p.
4287 1070 4394 1155 58.
4426 1074 4511 1135 A.

2821 1180 2943 1243 Est
2972 1194 3180 1243 autem
3208 1176 3310 1241 hic
3340 1176 3516 1254 liber,
3549 1198 3627 1239 ex
3655 1173 3873 1238 ordine
3903 1173 4199 1259 temporis
4228 1197 4514 1240 numera-

2822 1298 2946 1361 ωε,
2976 1279 3528 1346 duodevicesimus.
3577 1277 3721 1344 Vid.
3761 1277 4067 1364 Porphyr.
4099 1276 4139 1341 l.
4161 1277 4206 1341 l.
4236 1277 4513 1366 itemque

2821 1408 2955 1474 cap.
2990 1385 3221 1449 XXV.
3266 1383 3420 1471 ibiq.
3465 1381 3712 1448 Fabric.
3804 1379 4098 1445 Idearum
4144 1380 4514 1459 doctrinam,

2822 1488 3070 1575 qualem
3103 1487 3287 1552 Plato
3317 1485 3595 1564 tradidit,
3622 1508 3764 1550 cum
3795 1484 3860 1548 in
3889 1482 4399 1548 antecedentibus
4426 1500 4519 1549 at-

2824 1590 3079 1678 tigimus
3110 1594 3212 1673 (ut
3240 1589 3283 1653 l.
3309 1588 3353 1652 l.
3385 1605 3449 1654 et
3475 1588 3558 1654 ad
3583 1588 3814 1653 librum
3844 1585 4128 1674 proxime
4157 1586 4514 1673 proeceden-

2824 1711 2973 1773 tem,
3003 1711 3064 1759 et
3093 1694 3173 1758 ad
3208 1693 3347 1757 111.
3388 1713 3445 1758 2.
3471 1713 3533 1779 5.
3563 1716 3626 1780 p.
3652 1708 3796 1777 259.
3827 1692 3938 1773 C.)
3971 1706 4107 1754 tum
4137 1689 4303 1754 infra
4328 1690 4511 1754 attin·

2823 1820 3065 1884 gemus,
3089 1821 3149 1861 v.
3169 1820 3223 1861 c.
3256 1795 3336 1860 ad
3366 1820 3432 1884 p.
3452 1814 3601 1881 547.
3635 1810 3698 1860 et
3727 1818 3792 1882 p.
3815 1809 3962 1879 559.
4014 1792 4123 1856 Ad
4156 1792 4347 1879 hujus
4373 1793 4515 1859 libri

2824 1899 3228 1987 quaestionem
3284 1899 3418 1963 haec
3466 1897 3846 1986 praemittere
3897 1896 4159 1961 sufficit:
4226 1897 4518 1963 Alcinous

2825 2002 2904 2067 de
2934 2001 3237 2066 Doctrina
3259 2000 3424 2066 Plat.
3454 2024 3509 2066 c.
3533 2022 3591 2085 9.
3620 2023 3683 2087 p.
3707 2015 3855 2082 474.
3885 2000 4057 2063 Dan.
4090 1999 4348 2064 Heius:
4383 2003 4518 2066 οὔτε

2826 2108 2940 2188 γᾶρ
2968 2106 3275 2171 πλείστοις
3298 2109 3416 2167 τῶν
3445 2103 3563 2167 ἀπὸ
3596 2102 3922 2170 Πλάτωνος
3963 2101 4204 2184 ἀρέσκει
4232 2108 4350 2166 τῶν
4376 2129 4517 2187 τεχ-

2828 2212 3002 2272 νικῶν
3043 2206 3196 2270 εἶναι
3242 2205 3416 2279 ἰδέας,
3448 2207 3579 2269 οἷον
3619 2205 3867 2271 ἀσπίδος
3908 2201 3946 2282 ἢ
3991 2205 4193 2285 λύρας,
4226 2206 4362 2269 οὔτε
4401 2207 4520 2285 μὴν

2826 2315 2945 2374 τῶν
2987 2312 3147 2390 παρὰ
3193 2310 3399 2391 φύσιν,
3445 2309 3576 2371 οἶον
3618 2310 3871 2389 πυρετοῦ
3915 2307 4010 2371 καὶ
4057 2306 4336 2391 χολέρας,
4384 2310 4519 2373 οὔτε

2826 2419 2944 2478 τῶν
2995 2416 3143 2477 κατὰ
3195 2412 3392 2493 μέρος,
3444 2413 3573 2475 οἷον
3624 2410 3965 2491 Σωκράτους
4022 2410 4119 2473 καὶ
4168 2410 4515 2485 Πλάτωνος,

2827 2514 2963 2578 ἀλλ’
2995 2516 3130 2579 οὐδὲ
3173 2520 3290 2578 τῶν
3335 2514 3592 2578 εὐτελῶν
3629 2538 3806 2586 τινος,
3839 2513 3969 2576 οἷον
4007 2513 4193 2594 ῥύπου
4238 2515 4336 2577 καὶ
4379 2513 4513 2595 κάρ-

2827 2627 2994 2700 φους,
3033 2619 3167 2681 οὔτε
3197 2623 3315 2681 τῶν
3343 2619 3488 2698 πρός
3514 2641 3591 2694 τι,
3624 2617 3753 2679 οἷον
3779 2615 4044 2695 μείζονος
4074 2615 4169 2679 καὶ
4195 2616 4522 2700 ὑπερέχον-

2826 2746 2944 2795 τος,
2977 2720 3128 2784 εἶναι
3164 2723 3280 2802 γὰρ
3308 2723 3414 2787 τὰς
3455 2718 3612 2786 ἰδέας
3655 2718 3890 2800 νοήσεις
3932 2721 4074 2782 θεοῦ
4114 2720 4383 2788 αἰωνίους
4427 2722 4524 2785 καὶ

2829 2823 3181 2890 αὐτοτελεῖς.
3254 2821 3498 2909 Syriani
3528 2821 3591 2885 in
3622 2820 3890 2886 Aristot.
3925 2821 4321 2910 MetaphysS.
4354 2823 4518 2887 XII.

2828 2950 2884 2991 c.
2919 2946 2980 2991 2.
3025 2949 3089 2990 n.
3123 2927 3181 2990 6.
3223 2926 3540 3012 disputata
3568 2924 3693 2989 huc
3723 2924 4023 2989 redeunt:
4071 2923 4184 3011 qui
4210 2924 4384 2989 ideas
4415 2949 4522 3013 po-

2831 3044 3003 3107 nant,
3031 3051 3133 3093 eas
3163 3051 3284 3093 non
3315 3027 3592 3093 omnium
3624 3051 3755 3091 esse
3782 3027 4007 3107 dicere,
4036 3027 4187 3114 quia
4225 3050 4350 3092 non
4391 3051 4522 3092 ma-

2831 3132 3029 3196 lorum
3065 3154 3176 3196 nec
3207 3131 3508 3218 turpium,
3541 3131 3645 3195 sed
3679 3130 3886 3219 potius
3919 3132 4262 3218 privatione
4304 3149 4368 3197 et
4410 3132 4518 3196 ab·

2832 3235 3029 3299 sentia
3071 3234 3350 3299 idearum
3393 3234 3525 3298 haec
3563 3233 3626 3297 in
3675 3248 3899 3297 natura
3941 3257 4072 3298 esse
4105 3235 4215 3317 (cf.
4252 3234 4519 3299 eundem

2831 3340 2894 3402 in
2929 3338 3324 3425 MetaphysS.
3359 3339 3454 3402 11.
3488 3359 3552 3424 3.
3583 3352 3645 3402 et
3673 3337 3803 3402 vid.
3845 3353 4055 3403 annot.
4085 3337 4149 3401 in
4180 3337 4412 3403 Plotin.
4459 3363 4522 3427 p.

2831 3461 2942 3527 52.
2965 3443 3037 3505 A.
3061 3443 3137 3505 B.
3171 3441 3212 3503 i.
3238 3465 3292 3506 e.
3341 3441 3403 3505 in
3449 3440 3589 3505 libr.
3621 3440 3700 3505 de
3731 3439 4084 3505 Pulcritud.
4132 3464 4193 3528 p.
4235 3459 4379 3525 175.
4426 3443 4523 3506 ed.

2834 3544 3037 3632 pecul.
3069 3561 3131 3609 et
3158 3545 3239 3609 ad
3271 3569 3336 3633 p.
3360 3563 3504 3630 259.
3539 3546 3641 3625 C.)
3736 3544 3873 3608 Nec
3911 3567 4041 3608 esse
4076 3543 4247 3609 ideas
4284 3569 4521 3623 eorum,

2833 3672 2977 3735 quae
3006 3647 3156 3712 alias
3182 3648 3361 3712 aliter
3389 3672 3454 3711 se
3483 3648 3718 3712 habent
3743 3676 3759 3721 ;
3806 3670 3918 3711 nec
3947 3647 4243 3735 partium,
4277 3662 4349 3713 ut
4392 3672 4521 3713 ma-

2834 3773 2953 3815 nus
2997 3766 3059 3814 et
3106 3750 3360 3838 capitis:
3426 3772 3537 3814 nec
3589 3750 4096 3836 compositorum,
4146 3766 4217 3814 ut
4261 3751 4528 3816 hominis

2834 3852 3160 3940 sapientis:
3219 3876 3331 3916 nec
3374 3876 3586 3917 eorum
3632 3876 3778 3939 quae
3820 3876 3858 3916 a
3901 3852 4159 3918 diversis
4199 3855 4528 3919 arboribus

2834 3970 3315 4033 connascuntur‚
3346 3977 3458 4020 nec
3487 3954 3739 4034 artium,
3769 3978 3917 4042 quoe
3945 3973 4231 4022 naturam
4275 3957 4524 4022 imitan-

2834 4075 2960 4136 tur,
2990 4074 3054 4124 et
3074 4059 3156 4124 ad
3186 4057 3374 4123 solius
3399 4072 3642 4123 naturae
3671 4057 3998 4124 utilitatem
4030 4060 4370 4146 pertinent3
4413 4083 4528 4125 nec

2833 4186 3118 4251 operum,
3149 4185 3295 4249 quae
3323 4186 3398 4226 ex
3429 4161 3653 4227 animae
3684 4162 4001 4249 proposito
4030 4162 4320 4249 pendent.
4371 4165 4529 4228 Esse

2835 4264 3224 4330 solummodo
3251 4264 3422 4329 ideas
3449 4263 3810 4330 animalium
3840 4281 3904 4330 et
3932 4266 4349 4354 perfectarum
4380 4269 4528 4333 sub-

2835 4368 3199 4433 stantiarum
3231 4384 3294 4432 et
3323 4390 3561 4446 eorum,
3593 4391 3738 4455 quae
3777 4369 4109 4435 conferunt
4149 4369 4230 4434 ad
4276 4386 4527 4436 natura-

2836 4471 2954 4535 lem
3001 4472 3224 4536 harum
3270 4471 3755 4536 substantiarum
3796 4472 4282 4559 dispositionem,
4317 4491 4387 4540 ut
4420 4475 4522 4539 ho-

2838 4574 3038 4653 miniS,
3070 4591 3133 4639 et
3173 4574 3220 4638 si
3269 4573 3424 4661 quid
3466 4589 3558 4638 est
3597 4575 3849 4639 omnino
3894 4574 4324 4663 perfectivum,
4362 4579 4524 4665 sapi-

2835 4678 3017 4743 entiae
3065 4677 3294 4742 scilicet
3337 4694 3401 4742 et
3437 4678 3708 4742 virtutis.
3816 4678 3991 4761 (Vid.
4041 4701 4177 4766 cap.
4223 4679 4336 4745 ult.
4384 4679 4526 4745 libri

2837 4781 3168 4869 superioris
3213 4781 3405 4868 hujus
3451 4780 3771 4846 Enneadis
3812 4803 3877 4869 p.
3907 4782 4059 4869 538.
4093 4782 4171 4846 A.
4213 4782 4367 4870 ibiq.
4412 4807 4524 4848 an-

2838 4887 2992 4966 not.)

2922 5009 2986 5073 p.
3021 4986 3169 5070 996,
3200 5008 3265 5066 4.
3310 4988 4241 5071 ἑπεὶ-ὄσους-λόγους-καὶ
4268 4993 4524 5077 ἑκάστην

2837 5090 3043 5172 ψυχὴν
3073 5089 3282 5173 ἔχειν.]
3338 5087 3639 5154 Brucker.
3671 5113 3750 5154 ex
3779 5091 3898 5155 hoc
3940 5089 4080 5156 loco
4122 5091 4211 5157 ita
4253 5093 4315 5158 in
4351 5096 4523 5163 Hist.

2840 5189 3000 5255 Crit.
3035 5189 3269 5255 Philos.
3307 5193 3403 5255 ΙΙ.
3435 5212 3637 5279 p.401
3667 5218 3682 5257 ι
3731 5201 3775 5233 “
3808 5196 3979 5272 Quot
4022 5196 4298 5261 mundus
4335 5202 4528 5266 ratio-

2838 5316 2946 5358 nes
2997 5292 3318 5358 seminales
3366 5293 3578 5375 habet,
3624 5298 3875 5361 totidem
3928 5299 4230 5386 singula-5·
4277 5305 4535 5370 animas

1060 5394 1240 5480 primi
1271 5393 1491 5458 melius
1529 5393 1856 5458 convenire
1893 5394 2232 5458 arbitratur
2261 5395 2324 5458 in
2359 5395 2746 5483 Programm.
2823 5397 3127 5484 possidet,
3158 5406 3247 5460 tot
3273 5397 3430 5461 ideae
3455 5408 3607 5462 sunt
3632 5399 3704 5461 in
3730 5400 4042 5464 intellectu
4071 5400 4348 5466 divino?
4421 5406 4532 5471 De

1057 5495 1137 5560 de
1169 5495 1328 5559 Cod.
1361 5496 1498 5560 Ciz.
1536 5496 1772 5562 Plotini
1812 5520 1877 5584 p.
1915 5518 2013 5562 10.
2108 5497 2230 5563 Sed
2272 5497 2492 5586 reliqui
2540 5515 2747 5566 tamen

2836 5506 2964 5586 quo
2991 5499 3124 5586 ipse
3153 5498 3395 5563 viderit.
