5118 6613
1117 552 1201 634 96

1123 720 1354 786 tatione
1394 718 1461 782 in
1504 717 1728 805 Capite
1766 716 1970 806 primo
2011 716 2371 805 Systematis
2400 715 2707 782 Intellect.
2738 739 2803 804 p.

1127 842 1188 889 2.
1219 846 1353 910 sqq.
1384 821 1480 886 ed.
1513 821 1826 884 Moshem.
1864 818 2233 884 Bardesanis
2279 818 2418 907 Syri
2460 821 2803 905 Fragmen-

1125 940 1261 991 tum
1291 922 1674 989 conservavit
1701 922 1877 987 nobis
1905 921 2218 986 Eusebius
2247 921 2309 985 in
2343 923 2415 986 P.
2442 923 2525 985 E.
2557 922 2675 986 VI.
2708 941 2800 986 10.

1128 1030 1474 1115 Impugnat
1527 1025 1631 1090 ille
1686 1047 1797 1089 nec
1847 1024 2053 1089 minus
2096 1023 2485 1110 Astrologos.
2578 1024 2804 1089 Latine

1126 1130 1314 1195 vertit
1347 1131 1547 1216 Hugo
1591 1128 1872 1207 Grotius,
1903 1143 1967 1192 et
2007 1150 2149 1192 cum
2190 1124 2324 1191 aliis
2366 1148 2569 1212 nuper
2610 1126 2805 1191 edidit

1130 1234 1435 1299 Io.Conr.
1457 1230 1746 1307 OrelliuS‚
1768 1231 1947 1318 Lips.
1976 1231 2155 1310 1824.
2202 1232 2304 1293 Ac
2321 1227 2628 1316 copiosam
2661 1228 2806 1293 huic

1127 1335 1285 1401 libro
1304 1334 1651 1400 Plotiniano
1669 1331 1997 1398 diatribam
2020 1331 2316 1420 praemisit
2335 1332 2467 1418 ipse
2486 1329 2807 1396 Marsilius

1125 1440 1445 1526 interpres,
1476 1436 1538 1501 in
1583 1459 1711 1523 qua
1754 1435 1953 1499 multa
1988 1435 2200 1499 insunt
2228 1434 2391 1499 lectu
2421 1432 2803 1522 dignissima,

1125 1541 1265 1606 licet
1294 1540 1413 1605 alia
1454 1562 1707 1627 quoque
1750 1537 2142 1626 adsperserit,
2183 1560 2328 1625 quae
2369 1558 2446 1601 ex
2490 1537 2690 1601 aetatis
2730 1535 2807 1600 il-

1122 1746 1322 1812 canda
1359 1758 1519 1810 sunt.
1610 1742 1884 1808 Profecit
1911 1756 2119 1806 autem
2162 1740 2502 1829 plurimum
2547 1765 2583 1805 e
2628 1740 2805 1805 lucu·

1123 1849 1292 1914 lenta
1318 1848 1423 1912 illa
1448 1846 1745 1911 adversus
1774 1844 2142 1932 Astrologos
2181 1843 2478 1908 Oratione
2515 1842 2808 1908 Favorini

1125 1950 1476 2041 philosophi
1520 1948 1690 2037 apud
1739 1948 2015 2013 Gellium
2057 1947 2197 2011 libr.
2229 1947 2424 2010 XIV.
2453 1970 2505 2011 c.
2539 1966 2595 2010 1.
2648 1947 2808 2024 Quae

1126 2052 1551 2142 componenda
1584 2065 1678 2117 est
1705 2073 1847 2116 cum
1889 2049 2136 2115 Gemini
2170 2047 2404 2113 Rhodii
2443 2048 2805 2113 Elemento-

1125 2181 1262 2223 rum
1298 2154 1712 2222 Astronomiae
1754 2177 1887 2241 cap.
1922 2154 2113 2218 XIV.
2161 2152 2225 2215 in
2271 2151 2511 2216 Petavii
2556 2153 2805 2216 Urano-

1124 2261 1291 2348 logio
1313 2285 1373 2349 p.
1392 2275 1501 2344 55.
1521 2282 1658 2345 sqq.
1687 2260 1902 2343 (quem
1937 2254 2124 2342 Syllae
2147 2253 2445 2341 aequalem
2472 2252 2808 2319 Delambre

1124 2365 1187 2429 in
1220 2361 1592 2450 Biographie
1622 2357 2012 2426 Universelle
2055 2357 2117 2422 in
2153 2359 2456 2423 Geminus
2495 2372 2660 2422 recte
2688 2357 2806 2421 hoc

1124 2468 1370 2533 nomine
1399 2466 1701 2544 dilaudat,
1727 2463 1897 2552 quod
1923 2463 2288 2549 Astrologiae
2317 2462 2501 2526 fidem
2531 2476 2806 2526 evertere

1123 2585 1380 2635 conatus
1434 2570 1541 2655 sit)
1599 2568 1873 2655 itemque
1927 2589 2069 2631 cum
2143 2566 2327 2630 docta
2388 2564 2807 2652 disputatione

1127 2671 1300 2737 Sexti
1371 2670 1673 2758 Empirici
1745 2669 2041 2734 adversus
2100 2668 2578 2732 Mathematicus
2648 2667 2806 2732 libro

1123 2775 1345 2863 quinto
1386 2797 1452 2859 p.
1483 2787 1733 2858 337—3
1739 2792 1776 2858 5
1781 2790 1841 2855 5.
1876 2770 2121 2835 Fabric.
2191 2768 2421 2834 Plotini
2448 2792 2638 2856 porro
2664 2793 2808 2834 con-

1123 2874 1464 2961 discipulus
1511 2873 1799 2962 Origines
1841 2871 2252 2937 Adamantius
2293 2895 2372 2936 ex
2415 2871 2551 2937 loco
2596 2874 2803 2937 Gene-

1125 3000 1260 3043 seos
1302 2977 1358 3040 I.
1397 2996 1496 3059 14.
1558 2978 1640 3043 εἷς
1689 2982 1902 3057 σημεῖα
1951 2974 2265 3058 γεγονέναι
2314 2974 2447 3041 τοὺς
2494 2979 2809 3057 φωστῆρας

1123 3078 1363 3168 prolixe
1409 3077 1744 3143 disserendi
1785 3100 1994 3143 ansam
2042 3076 2343 3164 arripuit;
2396 3078 2577 3191 cujus
2622 3080 2808 3141 Com-

1124 3181 1407 3247 mentarii
1456 3203 1745 3269 magnam
1791 3195 2026 3268 partem
2074 3179 2154 3243 ab
2197 3178 2536 3244 Eusebio
2522 3202 2584 3243 1n
2619 3181 2695 3244 P.
2723 3181 2805 3243 Ε.

1123 3299 1542 3351 conservatam
1574 3306 1738 3349 nunc
1767 3305 1992 3370 magno
2020 3305 2162 3347 cum
2197 3282 2408 3347 fructu
2451 3280 2755 3370 legimus
2741 3305 2803 3347 m

1123 3389 1261 3477 ejus
1289 3388 1599 3476 Operibus
1626 3387 1762 3452 Vol.
1798 3388 1894 3451 II.
1925 3410 1989 3474 p.
2024 3406 2086 3473 3.
2119 3410 2256 3474 sqq.
2284 3386 2385 3450 ed.
2419 3385 2616 3450 Ruaei.
2664 3387 2806 3465 Quo

1123 3492 1186 3557 in
1231 3491 1367 3558 loco
1403 3490 1654 3556 attende
1689 3489 2076 3578 potissimum
2117 3489 2197 3553 ad
2228 3489 2361 3554 haec
2390 3488 2580 3553 verba
2614 3508 2712 3553 10.
2739 3511 2802 3576 p.

1130 3611 1225 3681 15.
1246 3595 1496 3677 Ἴδωμεν
1526 3596 1620 3659 καὶ
1648 3596 1920 3677 δεύτερον
1951 3594 2316 3677 ἐπιχείρημα,
2348 3598 2468 3660 πῶς
2495 3591 2564 3655 οὗ
2595 3594 2803 3656 δύναν-

1122 3725 1219 3765 ται
1255 3702 1312 3764 οἱ
1354 3698 1597 3781 ἀστέρες
1640 3697 1790 3762 εἶναι
1832 3697 2135 3775 ποιητικοὶ,
2167 3694 2304 3760 ἀλλ’
2339 3698 2391 3759 εἰ
2429 3696 2543 3778 ἄρα
2581 3718 2804 3773 σημαν-

1121 3804 1270 3867 τικοὶ
1292 3830 1343 3866 κ.
1364 3828 1418 3865 τ.
1444 3809 1503 3864 λ.
1536 3814 1597 3864 et
1627 3798 1838 3863 confer
1862 3798 2170 3863 Huetium
2202 3821 2265 3884 p.
2293 3818 2389 3883 13.
2415 3796 2669 3875 ibidem,
2695 3793 2805 3881 qui

1122 3905 1243 3968 ita:
1293 3909 1335 3943 “
1362 3902 1598 3980 Sidera,
1630 3924 1916 3966 rerumne
1953 3902 2365 3966 humanarum
2399 3903 2667 3979 ποιητικὰ
2695 3922 2805 3963 seu

1124 4006 1635 4082 ἆποτελεσματικᾶ
1663 4002 1805 4080 sint,
1834 4025 1913 4066 an
1944 4007 2269 4082 σημαντικᾶ
2298 4002 2519 4079 solum,
2551 4000 2805 4066 dubita·

1123 4106 1234 4171 bat
1270 4104 1467 4183 Plato,
1496 4103 1825 4168 dubitabat
1845 4118 1906 4168 et
1933 4106 2180 4169 Seneca.
2227 4105 2638 4169 Posteriorem
2669 4126 2807 4168 sen-

1124 4211 1383 4274 tentiam
1420 4207 1693 4294 amplexi
1735 4215 1885 4270 sunt
1918 4206 2224 4293 Origenes
2263 4208 2513 4293 {jusque
2548 4207 2805 4294 ‹equali-5

1124 4310 1473 4376 Plotinus?
1513 4310 1825 4374 Caeterum
1846 4307 1928 4371 cf.
1949 4307 2130 4372 etiam
2150 4329 2305 4393 quas
2325 4307 2646 4373 Lucianus
2667 4308 2806 4373 atti-

1122 4413 1218 4501 git
1237 4411 1651 4476 dubitationes
1671 4410 1751 4475 de
1770 4408 2235 4496 Astrologorum
2265 4410 2523 4475 decretis
2550 4411 2614 4475 in
2646 4411 2806 4475 libro

1124 4515 1204 4580 de
1221 4512 1571 4601 Astrologia
1589 4516 1649 4598 ξ.
1666 4532 1763 4597 27.
1785 4536 1994 4600 sqq.p.
2004 4530 2082 4599 37
2098 4534 2150 4577 1.
2167 4536 2298 4599 sqq.
2320 4513 2415 4576 ed.
2430 4513 2637 4578 Reitz.
2659 4516 2807 4576 Am-

2092 545 2910 610 ANNOTATIONES

2980 545 3088 610 IN
3156 545 3599 612 PLOTINI

2889 717 2977 782 ita
3020 716 3297 805 loquitur
3339 717 3684 805 aliquoties,
3730 729 3804 782 ut
3845 739 3987 782 eum
4031 717 4202 784 dicas
4247 718 4569 808 Originem

2891 820 2985 884 vel
3020 819 3321 885 lectitasse
3349 819 3441 885 vel
3482 819 3782 907 respicere
3816 834 3996 886 certe.
4088 823 4230 900 Qua
4271 822 4352 888 de
4395 846 4464 888 re
4504 822 4570 887 in

2887 923 3281 988 annotatione
3309 923 3571 988 dicetur.
3657 922 3946 987 Eundem
3978 947 4145 1000 vero,
4175 923 4257 989 de
4299 949 4429 1012 quo
4466 948 4569 990 su-

2888 1048 3001 1113 pra
3051 1026 3287 1091 dictum
3336 1042 3450 1105 est,
3495 1025 3741 1113 Moysis
3783 1025 3984 1090 locum
4035 1025 4098 1089 in
4150 1027 4378 1093 Genesi
4429 1042 4574 1093 ante

2891 1128 3221 1215 Origenem
3271 1128 3716 1215 Plotinumque
3759 1128 4050 1215 attigerat
4080 1128 4266 1195 Philo
4302 1132 4350 1195 J
4354 1131 4574 1196 udaeus

2890 1231 2951 1295 in
2999 1230 3158 1295 libro
3195 1231 3274 1295 de
3308 1230 3541 1296 Mundi
3585 1230 3851 1319 opificio,
3893 1230 3999 1294 ubi
4043 1247 4108 1296 et
4143 1232 4264 1298 alia
4297 1232 4364 1297 in
4413 1232 4574 1299 hanc

2891 1356 3018 1398 rem
3067 1349 3129 1398 et
3175 1333 3332 1399 illud
3376 1332 3517 1398 Vol.
3569 1335 3627 1398 Ι.
3673 1357 3739 1421 p.
3783 1335 3891 1419 36.
3925 1333 4161 1399 Pfeiff.:
4207 1336 4315 1416 ἤδη
4362 1339 4428 1400 δὲ
4477 1338 4574 1400 καὶ

2894 1439 3110 1501 κλόνον
3133 1438 3228 1501 καὶ
3251 1436 3501 1516 σεισμὸν
3518 1440 3625 1519 γῆς
3648 1439 3714 1500 ἐκ
3735 1442 3851 1500 τῶν
3875 1434 3994 1501 κατ’
4015 1436 4270 1519 οὐρανὸν
4287 1437 4574 1518 κινήσεων

2894 1544 3215 1626 στοχασμῷ
3258 1538 3677 1623 προεσήμανάν
3705 1564 3881 1617 τινες,
3915 1539 4009 1602 καὶ
4047 1541 4223 1621 μυρία
4259 1541 4422 1605 ἄλλα
4458 1547 4576 1606 τῦν

2643 1639 2656 1653 ’
2758 1637 2807 1690 '·
2894 1642 3305 1724 ἆληθεστέρων
3354 1644 3431 1709 ὣς
3488 1641 3938 1723 ἀψευδέστατον
3984 1641 4294 1725 λελέχθω,
4354 1645 4446 1707 ὅτι
4494 1646 4576 1711 εἰς

2893 1750 3107 1825 σημεῖα
3134 1747 3424 1828 γεγόνασι
3451 1747 3510 1808 ot
3539 1743 3802 1826 ἀστέρες,
3833 1743 4077 1826 προσέτι
4112 1743 4315 1825 μέντοι
4359 1745 4456 1810 καὶ
4493 1747 4576 1813 εἰς

2894 1848 3122 1929 καιροὺς
3150 1874 3198 1912 κ.
3224 1872 3278 1910 τ.
3299 1854 3358 1911 λ.
3435 1848 3542 1910 Ex
3571 1845 3804 1933 quibus
3821 1846 3954 1933 jam
3985 1847 4121 1934 ejus
4148 1846 4450 1912 sententia
4477 1847 4570 1912 in·

2891 1948 3211 2036 telligitur.
3255 1948 3543 2015 Plotinus
3571 1964 3802 2027 autem,
3833 1962 3906 2012 ut
3930 1947 4054 2013 huc
4081 1963 4376 2027 revertar,
4402 1948 4574 2014 haud

2893 2052 3083 2116 dubie
3112 2052 3379 2140 respexit
3409 2050 3795 2140 potissimum
3828 2050 4029 2115 locum
4061 2049 4127 2115 in
4158 2051 4404 2116 Timoeo
4434 2051 4576 2117 Pla-

2892 2154 3054 2220 tonis
3095 2177 3160 2242 p.
3191 2174 3299 2235 40.
3344 2179 3408 2243 p.
3445 2175 3522 2235 41
3541 2201 3556 2217 .
3611 2152 3808 2218 Bekk.
3863 2154 3972 2218 ubi
4018 2153 4099 2218 de
4148 2153 4455 2219 sideribus
4469 2179 4575 2219 :—

2889 2257 3017 2339 μεθ’
3049 2260 3148 2325 οὖς
3173 2256 3336 2324 τινάς
3361 2281 3428 2321 τε
3456 2259 3816 2339 ἐπίπροσθεν
3843 2256 4132 2337 ἀλλήλοις
4164 2258 4303 2338 ἡμῖν
4331 2282 4400 2322 τε
4429 2260 4575 2322 κατὰ

2890 2362 3138 2445 χρόνους
3165 2362 3264 2427 οὕς
3289 2385 3452 2427 τινας
3480 2360 3719 2423 ἕκαστοι
3749 2360 4311 2436 κατακαλύπτονται,
4343 2362 4441 2425 καὶ
4466 2359 4575 2424 τά·

2889 2471 2989 2527 λιν
3041 2464 3507 2545 ἀναφαινόμενοι
3564 2464 3796 2542 φόβους
3851 2463 3945 2527 καὶ
3994 2468 4208 2543 σημεῖα
4265 2470 4383 2529 τῶν
4426 2465 4576 2544 μετὰ

2892 2569 3072 2630 ταῦτα
3097 2564 3518 2648 γενησομένων
3544 2570 3667 2632 τοῖς
3693 2564 4036 2644 δυναμένοις
4060 2568 4405 2647 λογίζεσθαι
4433 2565 4576 2647 πέμ.-

2890 2692 3242 2732 πουσιν-κ,
3264 2692 3317 2732 τ.
3343 2676 3403 2731 λ.
3481 2666 3663 2731 Alios
3690 2665 3854 2731 locos
3882 2666 4343 2754 designabimus
4369 2668 4432 2733 in
4463 2691 4571 2733 an-

2892 2769 3222 2834 notatione.
3295 2768 3632 2834 Platonicae
3683 2792 3831 2834 vero
3885 2769 4167 2857 adeoque
4210 2770 4577 2837 Plotinianae

2893 2872 3209 2936 sententias
3235 2871 3460 2936 deinde
3482 2896 3545 2937 se
3567 2871 4002 2960 applicuerunt
4023 2872 4340 2960 permulti.
4387 2874 4575 2952 Nam,

2894 2974 3004 3039 etsi
3052 2972 3268 3039 Julius
3313 2973 3620 3039 Firmicus
3668 2974 3774 3039 lib.
3825 2976 3880 3039 I.
3928 2975 4200 3040 Mathes.
4255 2975 4575 3042 Plotinum

2893 3076 3010 3142 hoc
3038 3076 3283 3141 nomine
3313 3076 3728 3164 reprehendit,
3758 3077 3930 3164 quod
3960 3077 4082 3140 vim
4115 3076 4431 3143 stellarum
4459 3102 4572 3167 ag·

2892 3203 3140 3244 noscere
3167 3178 3456 3258 noluerit,
3485 3180 3586 3245 alii
3617 3196 3822 3246 tamen
3850 3179 3916 3244 in
3951 3181 4086 3267 ejus
4114 3194 4321 3268 partes
4348 3180 4571 3246 disces·

2892 3298 3122 3348 serunt.
3186 3283 3263 3347 In
3288 3282 3518 3370 quibus
3549 3283 3912 3349 Macrobius
3936 3282 4168 3349 Plotini
4196 3283 4379 3349 etiam
4409 3306 4577 3350 men-

2891 3385 3118 3450 tionem
3148 3385 3316 3463 facit,
3346 3386 3432 3450 ita
3461 3387 3731 3451 scribens
3758 3386 3865 3451 lib.
3900 3388 3955 3451 1.
3988 3411 4042 3452 c.
4069 3387 4168 3452 18.
4202 3390 4577 3453 Saturn.:—

2894 3489 3233 3575 “ipsarum
3263 3512 3410 3552 vero
3440 3488 3754 3553 stellarum
3794 3512 4013 3554 cursus
4050 3489 4332 3554 ordinem
4365 3513 4574 3556 rerum

2890 3589 3328 3667 humanarum,
3349 3603 3417 3655 ut
3444 3589 3818 3677 quibusdam
3843 3590 4112 3668 videtur,
4135 3614 4253 3679 pro
4272 3606 4576 3680 potestate

2891 3692 3252 3780 disponunt,
3283 3691 3402 3773 vel,
3434 3706 3505 3756 ut
3534 3692 3784 3757 Plotino
3826 3707 4067 3758 constat
4104 3693 4426 3781 placuisse,
4456 3696 4575 3784 sig-

2892 3795 3199 3860 nificant.”
3243 3798 3333 3860 Et
3360 3793 3732 3859 luculentius
3760 3795 3824 3858 in
3858 3798 4070 3861 Somn.
4094 3796 4258 3885 Scip.
4280 3821 4336 3862 c.
4359 3800 4568 3867 XIX.

2889 3898 3026 3961 fin.:
3076 3904 3119 3937 “
3144 3900 3236 3963 Et
3266 3897 3553 3963 Plotinus
3595 3897 3849 3985 quidem
3892 3898 3954 3962 in
3999 3896 4181 3978 libro,
4212 3900 4322 3987 qui
4358 3901 4567 3966 inscri-

2889 4000 3095 4065 bitur:
3145 4004 3224 4068 Si
3239 4003 3516 4088 faciunt
3555 4010 3757 4079 astra,
3800 4001 4162 4087 pronuntiat
4201 4002 4357 4067 nihil
4385 4004 4445 4068 vi
4473 4003 4573 4070 vel

2891 4119 3192 4191 potestate
3212 4127 3428 4167 eorum
3460 4103 3812 4167 hominibus
3838 4104 4120 4178 evenire;
4168 4105 4276 4169 sed
4304 4130 4401 4185 ea,
4431 4130 4574 4195 quae

2890 4205 3117 4270 decreti
3142 4207 3464 4271 necessitas
3485 4206 3546 4270 in
3579 4205 3854 4293 singulos
3875 4207 4088 4285 sancit,
4107 4207 4195 4271 ita
4214 4232 4328 4295 per
4346 4208 4572 4275 horum

2891 4323 3124 4394 septem
3148 4309 3472 4373 transitum
3498 4309 3756 4373 statione
3787 4332 4101 4375 recessuve
4131 4312 4480 4393 monstrari,
4501 4326 4574 4378 ut

2890 4433 3033 4474 aves
3065 4433 3174 4474 seu
3207 4411 3694 4496 praetervolando
3724 4436 3829 4476 seu
3861 4412 4082 4477 stando
4110 4412 4328 4478 futura
4354 4415 4573 4503 pennis

2891 4512 2986 4576 vel
3015 4536 3163 4576 voce
3192 4513 3530 4599 significent
3564 4514 3928 4580 nescientes:
3975 4515 4061 4581 sic
4088 4539 4339 4603 quoque
4366 4530 4572 4582 tamen

1125 4615 1611 4682 stel.necminus
1631 4638 1774 4702 quae
1790 4615 1869 4679 de
1893 4615 2082 4702 hujus
2099 4614 2351 4679 rationis
2370 4615 2721 4703 primordiis
2741 4629 2804 4680 et
2879 4615 3027 4701 jure
3073 4615 3397 4680 vocabitur
3448 4616 3547 4680 hic
3594 4617 3876 4683 salutaris
3924 4617 4027 4683 ille
4074 4618 4382 4698 terribilis,
4426 4643 4569 4685 cum

1124 4717 1646 4785 vicissitudinibus
1668 4741 1869 4805 nuper
1889 4718 2129 4782 monuit
2147 4719 2460 4782 Letronne
2479 4718 2542 4781 in
2565 4717 2797 4782 libello:

1130 4823 1569 4887 Observatiom
1596 4843 1713 4885 sur
1740 4821 1826 4885 les
1857 4822 2168 4908 Represen
2176 4822 2406 4884 taciens
2440 4821 2803 4884 Zodiacales

1127 4924 1321 4991 Paris.
1353 4924 1535 5002 1824.
1566 4946 1631 5011 p.
1664 4940 1763 5007 72.
1795 4946 1933 5010 sqq.
1972 4923 2226 5006 [Exstat
2247 4921 2430 4985 etiam
2454 4919 2611 4985 liber
2628 4923 2686 4985 I.
2699 4923 2800 4986 M.

1123 5027 1565 5114 Maravigliae,
1609 5026 1719 5113 qui
1762 5024 2115 5090 inscribitur
2157 5024 2648 5088 Pseudomantia
2699 5045 2799 5088 ve-

1123 5140 1327 5196 terum
1374 5139 1434 5194 et
1482 5131 1890 5193 recentiorum
1938 5128 2207 5214 eoepksa.
2274 5127 2486 5189 Venet.
2525 5128 2705 5190 1662.
2752 5149 2801 5190 s.

1124 5256 1290 5299 max.
1320 5232 1384 5297 in
1426 5254 1555 5320 quo
1595 5246 1809 5295 contra
1842 5228 2263 5315 Astrologiam
2299 5228 2655 5316 disputatur
2697 5251 2803 5315 pe-

1122 5334 1338 5400 culiari
1379 5332 1795 5422 disputatione
1837 5331 2202 5420 paginarum
2235 5332 2649 5421 80.]—Hanc
2687 5353 2800 5394 au-

1120 5453 1248 5502 tem
1301 5436 1643 5502 doctrinam
1692 5435 2018 5522 impugnat
2065 5434 2464 5521 Augustinus
2521 5433 2601 5497 de
2660 5432 2799 5497 Civ.

1124 5539 1245 5604 Dei
1274 5538 1378 5605 lib.
1409 5540 1488 5604 V.
1517 5563 1571 5605 c.
1600 5559 1654 5603 ῐ.
1686 5540 1777 5604 Et
1805 5560 2017 5626 reapse
2057 5537 2122 5602 in
2166 5537 2282 5602 hoc
2324 5535 2480 5602 libro
2511 5535 2800 5601 Plotinus

2887 4740 3001 4804 per
3051 4717 3216 4782 hunc
3262 4741 3577 4804 prospera,
3623 4743 3736 4806 per
3781 4720 3953 4785 illum
4007 4720 4429 4809 significentur
4470 4722 4568 4786 in-

2888 4821 3267 4884 commoda.”
3353 4822 3474 4885 Est
3503 4845 3755 4908 quoque
3797 4824 4069 4888 Nemesii
4112 4822 4401 4889 Emeseni
4444 4823 4572 4889 dis-

2887 4922 3131 5009 putatio
3157 4925 3291 5006 περὶ
3318 4927 3417 5002 τῆς
3446 4927 3540 4987 διὰ
3577 4931 3693 4988 τῶν
3725 4926 3958 5007 ἄστρων
3987 4926 4346 5008 εἱμαρμένης,
4379 4925 4567 4992 nimi-

2886 5048 3027 5089 rum
3081 5025 3380 5090 tricesima
3424 5041 3598 5090 sexta
3637 5050 3700 5114 p.
3737 5029 4091 5112 294—298.
4121 5028 4217 5092 ed.
4250 5029 4565 5096 Matthaei.

2890 5128 3162 5193 Profecit
3178 5128 3360 5192 etiam
3384 5151 3461 5192 ex
3483 5128 3602 5194 hoc
3626 5129 3782 5193 libro
3803 5128 4131 5195 Sallustius
4150 5129 4569 5219 Philosophus

2891 5230 3245 5296 Platonicus
3281 5231 3356 5295 de
3383 5233 3536 5296 Diis
3562 5242 3622 5296 et
3649 5233 3899 5295 Mundo
3926 5254 4061 5319 cap.
4091 5254 4275 5297 nono.
4336 5232 4570 5299 Plotini

2887 5348 3093 5398 autem
3137 5332 3296 5398 hanc
3338 5333 3668 5397 diatribam
3713 5349 3965 5421 tangere
4000 5332 4252 5398 videtur
4287 5337 4569 5402 Joannes

2884 5435 3068 5500 etiam
3122 5435 3578 5500 Sarisberiensis
3633 5437 3697 5500 in
3744 5434 4112 5500 Policratico
4164 5438 4265 5501 11.
4313 5458 4408 5522 19.
4473 5438 4568 5521 (in

2886 5539 3070 5602 Max.
3119 5536 3284 5602 Bibl.
3333 5540 3595 5603 Patrum
3628 5540 3816 5602 Tom.
3842 5538 4134 5602 XXIII.
4163 5561 4230 5626 p.
4262 5541 4409 5624 267.
4441 5543 4564 5627 D.)
