5118 6613
1363 553 1560 617 ms.
1607 553 1664 617 1.
1713 551 2169 617 ENNEAD.
2216 552 2662 630 QUINTAE.
2709 575 2771 640 p.
2810 552 3171 637 896-899.

554 724 659 811 plo
687 724 1141 810 comprobaret,
1170 746 1358 811 quam
1395 723 1498 812 pie
1537 722 1916 812 solliciteque
1963 726 2246 813 Lycopo-

553 826 690 891 lites
722 825 1144 915 Philosophus
1184 827 1394 891 omnia
1431 850 1544 892 sua
1579 826 1832 892 consilia
1869 850 1943 891 eo
1979 826 2246 914 dirigere

550 929 910 1007 instituerit,
945 946 1016 995 ut
1046 929 1357 994 turbatam
1390 944 1874 1017 corruptamque
1905 929 2093 994 vitam
2129 928 2246 992 hu-

552 1054 798 1097 manam
816 1032 1132 1097 ordinaret
1150 1031 1657 1119 emendaretque.
1688 1034 2002 1097 Caeterum
2023 1033 2092 1096 τὸ
2112 1036 2247 1112 θνη·

551 1138 803 1201 τότατον
826 1134 1104 1200 similiter
1127 1151 1221 1200 est
1242 1134 1476 1200 dictum
1496 1151 1688 1222 atque
1711 1135 1979 1200 Platonis
1999 1134 2156 1200 illud
2180 1136 2243 1198 in

556 1238 885 1327 Symposio
914 1263 974 1327 p.
1002 1258 1145 1322 209.
1179 1263 1240 1327 p.
1265 1259 1412 1320 441.
1443 1236 1635 1302 Beck.
1668 1239 2151 1320 ἀθανατωτέρων.

637 1366 705 1431 p.
738 1344 889 1427 898,
922 1343 981 1407 8.
1027 1340 1433 1421 Ἐνθυμείσθω
1472 1343 1672 1405 τοίνυν
1714 1347 1944 1422 πρῶτον
1985 1370 2035 1407 κ.
2062 1368 2116 1407 τ.
2142 1344 2240 1431 λ.]

553 1444 811 1511 Laudat
842 1445 975 1509 haec
1016 1443 1291 1531 Cyrillus
1322 1444 1564 1508 advers.
1598 1445 1643 1507 J
1652 1443 1925 1508 ulianum
1959 1444 2065 1511 lib.
2102 1446 2243 1512 111.

550 1575 614 1638 p.
655 1568 795 1635 275.
830 1571 922 1635 sq.
963 1546 1063 1611 ed.
1115 1546 1448 1633 Spanhem.
1548 1546 1714 1611 Usus
1754 1564 1847 1610 est
1896 1547 2078 1611 etiam
2127 1548 2245 1614 hoc

546 1654 684 1718 loco
714 1655 857 1716 Ast.
882 1650 964 1714 ad
999 1649 1276 1714 Platonis
1305 1648 1649 1715 Pbaedrum
1680 1672 1742 1737 p.
1775 1670 1921 1736 293.
2002 1651 2105 1715 Cf.
2137 1674 2245 1715 an-

554 1773 684 1821 not.
736 1768 1011 1818 nostram
1044 1776 1236 1841 supra
1276 1754 1356 1817 ad
1403 1776 1470 1841 p.
1499 1771 1647 1835 470.
1681 1754 1759 1817 C.
1812 1753 1896 1816 cf.
1944 1752 2125 1817 etiam
2176 1777 2240 1841 p.

551 1860 702 1945 388.
729 1859 803 1923 C.
897 1857 1322 1943 Conjunctum
1364 1870 1456 1920 est
1500 1872 1708 1920 autem
1757 1854 1948 1919 nostri
1990 1854 2107 1921 loci
2144 1880 2243 1921 ar-

552 1977 924 2050 gumentum
970 1982 1111 2024 cum
1160 1958 1294 2023 loco
1338 1959 1567 2024 Timaei
1604 1958 1900 2024 Platonici
1938 1982 2000 2046 p.
2047 1962 2150 2045 36.
2183 1983 2243 2047 p.

555 2087 661 2153 34.
694 2064 899 2129 Bekk.
942 2063 1021 2127 cf.
1065 2062 1312 2127 Platon.
1352 2085 1457 2150 ap.
1493 2060 1867 2128 Tertullian.
1903 2061 1981 2127 de
2012 2062 2245 2126 Anima

557 2192 613 2233 c.
640 2190 705 2257 3.
758 2165 1057 2231 Proxima
1091 2162 1367 2239 Plotini;
1424 2167 1814 2245 ἐμπνεύσασα
1858 2165 2054 2233 αὐτοῖς
2095 2165 2247 2245 ζωὴν

555 2270 894 2337 admonent
923 2268 1238 2333 Geneseos
1270 2268 1365 2331 11.
1394 2287 1453 2349 7.
1479 2267 1542 2332 in
1576 2268 1827 2333 LXX:
1863 2271 1959 2333 καὶ
1979 2270 2246 2335 ἔπλασεν

556 2378 590 2439 6
623 2374 759 2442 θεὸς
785 2374 893 2437 τὸν
922 2373 1252 2455 ἄνθρωπον,
1283 2376 1434 2455 χοῦν
1463 2371 1580 2437 ἀπὸ
1609 2375 1711 2453 τῆς
1737 2376 1867 2454 γῆς,
1901 2373 1996 2437 καὶ
2030 2375 2243 2456 ἐνεφύ-

557 2502 749 2559 σησεν
784 2479 867 2544 εἰς
899 2475 969 2539 τὸ
1006 2477 1330 2557 πρόσωπον
1376 2474 1556 2539 αὐτοῦ
1595 2475 1785 2554 πνοὴν
1829 2479 1992 2555 ζωῆς.
2086 2476 2247 2553 Quoe

556 2579 745 2645 verba
774 2576 975 2643 fusius
1002 2590 1406 2665 exponuntur
1433 2576 1516 2640 ab
1543 2575 1617 2640 iis
1644 2576 1913 2640 ecclesiae
1941 2576 2245 2664 patribus,

553 2682 665 2772 qui
692 2681 758 2747 id
786 2693 1009 2770 agunt,
1040 2695 1112 2744 ut
1142 2678 1238 2743 vel
1269 2678 1547 2743 ethnicos
1569 2676 1664 2742 vel
1698 2678 2082 2744 Christianos
2109 2680 2247 2768 phi-

555 2785 846 2874 losophos
897 2782 1296 2870 redarguant,
1335 2781 1468 2869 qui,
1511 2781 1779 2846 animam
1831 2781 2005 2870 prius
2054 2806 2244 2870 quam

556 2911 785 2977 corpus
812 2885 1079 2951 hominis
1104 2899 1486 2971 generatam,
1516 2907 1594 2948 ex
1634 2883 2083 2949 Platonicorum
2114 2907 2247 2950 sen-

560 2992 753 3059 tentia
768 2990 1146 3056 statuebant.
1181 2987 1324 3053 Vid.
1350 2987 1585 3052 collect.
1604 2988 1886 3053 Vatican.
1917 2988 2243 3075 Scriptorr.

560 3099 731 3162 Vett.
770 3092 873 3159 ed.
906 3095 1072 3179 Ang.
1118 3090 1277 3156 Maii
1317 3093 1375 3155 Ι.
1405 3111 1471 3178 3.
1515 3113 1576 3178 p.
1610 3107 1711 3176 73.
1741 3090 1891 3178 ibiq.
1943 3091 2100 3156 Maii
2141 3115 2250 3156 an..

559 3216 717 3267 nott.
806 3198 1081 3262 Verbum
1131 3198 1410 3279 ἐμφυσᾷν
1453 3192 1684 3282 legitur
1724 3193 1788 3259 in
1836 3194 2251 3280 Cosmogonia

559 3303 844 3371 fabulosa
892 3325 996 3390 ap.
1050 3297 1327 3387 Etymol.
1378 3298 1602 3386 Magn.
1651 3321 1716 3386 p.
1760 3317 1907 3381 471.
1964 3298 2053 3362 A:
2105 3298 2253 3367 Ζεὺς

560 3410 692 3477 τοὺς
719 3407 971 3488 ἀνέμους
1000 3407 1344 3486 ἐμφυσῆσαι
1372 3401 1679 3467 ἐκέλευσε.

642 3535 710 3600 p.
740 3511 888 3595 899,
920 3528 982 3595 3.
1032 3509 1128 3572 καὶ
1157 3509 1190 3570 6
1219 3510 1326 3570 τοῦ
1355 3507 1626 3586 σώματος
1656 3507 1937 3594 κλύδων,]
1986 3506 2247 3571 Senten-

559 3615 660 3680 tiae
686 3629 749 3679 et
771 3610 1100 3678 locutionis
1115 3610 1255 3674 fons
1275 3625 1368 3672 est
1389 3608 1450 3672 in
1478 3606 1759 3672 Platonis
1778 3607 2023 3673 Timaeo
2045 3632 2108 3696 p.
2138 3629 2246 3694 43.

560 3720 621 3785 b.
651 3742 712 3806 p.
737 3735 845 3799 47.
882 3713 1081 3780 Bekk.
1114 3711 1195 3776 de
1222 3711 1549 3776 animabus
1591 3710 1655 3774 in
1699 3733 1956 3799 corpore
1999 3710 2250 3776 inclusis

558 3826 728 3890 -εῖς
756 3821 1064 3901 ἐπίῤῥυτον
1093 3821 1266 3895 σῶμα
1295 3815 1389 3879 καὶ
1427 3816 1776 3897 ἀπόῤῥυτον·
1823 3817 1884 3879 αἱ
1922 3817 1988 3879 δὲ
2029 3818 2111 3882 εἰς
2138 3841 2245 3880 πο-

558 3925 744 4006 ταμὸν
790 3925 1122 3987 ἐνδεθεῖσαι
1170 3918 1365 3982 πολὺν
1408 3915 1527 3982 οὔτ’
1578 3916 1859 3998 ἐκράτουν
1909 3916 2028 3981 οὔτ’
2077 3920 2245 4000 ἐκρα-

559 4033 875 4093 τοῦντο-.
905 4026 1140 4087 πολλοῦ
1179 4024 1294 4103 γάρ
1336 4022 1508 4088 ὄντος
1534 4024 1640 4084 τοῦ
1667 4022 2125 4096 κατακλύζοντος
2153 4021 2248 4085 καὶ

561 4127 952 4211 ἀποῤῥέοντος
994 4126 1261 4204 κύματος,
1309 4122 1343 4186 δ
1385 4122 1494 4202 τὴν
1537 4122 1765 4206 τροφὴν
1807 4128 2112 4206 παρεῖχεν,
2161 4124 2248 4188 ἔτι

558 4235 730 4313 μείζω
770 4230 1031 4311 θόρυβον
1073 4225 1432 4307 ἀπεργάζετο
1472 4228 1549 4290 τὰ
1589 4231 1706 4290 τῶν
1754 4228 2246 4308 προσπιπτόντων

558 4332 916 4415 παθημάτων
960 4328 1231 4395 ἑκάστοις
1261 4355 1314 4392 κ.
1338 4355 1392 4393 τ.
1414 4342 1474 4392 λ.
1565 4329 1775 4393 Etiam
1820 4343 2037 4392 auctor
2066 4327 2241 4393 Alci-

556 4436 757 4504 biadis
777 4431 1031 4500 secundi
1060 4431 1123 4495 in
1155 4431 1277 4495 fine
1303 4433 1617 4495 Socratem
1641 4429 1798 4495 illud
1829 4430 2246 4517 Euripideum

555 4542 618 4607 in
664 4536 973 4604 Phoeniss.
1003 4537 1170 4600 866:
1220 4535 1288 4598 ἐν
1329 4537 1445 4617 γὰρ
1490 4537 1739 4599 κλύδωνι
1784 4533 2021 4614 κείμεθ’,
2067 4558 2247 4600 usur-

557 4667 705 4733 pare
753 4640 939 4714 facit;
986 4659 1175 4725 quem
1221 4636 1424 4701 locum
1476 4635 1685 4724 attigit
1731 4635 2132 4702 Valckenaer.
2181 4638 2244 4703 in

559 4744 861 4813 Phoeniss.
889 4742 972 4807 ad
1002 4764 1091 4805 vs.
1120 4742 1261 4820 248.
1352 4741 1455 4804 De
1495 4762 1611 4803 usu
1644 4738 1869 4804 tralato
1896 4741 2025 4827 egit
2058 4740 2243 4806 etiam

562 4846 811 4915 Alberti
872 4844 1059 4910 Obss.
1110 4864 1173 4929 p.
1205 4860 1355 4928 370.
1416 4841 1523 4907 ubi
1574 4842 1760 4906 etiam
1805 4841 1963 4907 illud
2020 4844 2245 4909 Jacobi

561 4947 851 5040 Apostoli
891 4946 1099 5034 Epist.
1133 4945 1193 5009 I.
1225 4946 1302 5008 6:
1350 4948 1384 5009 6
1438 4948 1554 5028 γὰρ
1608 4947 2043 5028 διακρινόμενος
2091 4947 2246 5013 ἔοικε

564 5056 811 5120 κλύδωνι
839 5048 1150 5128 θαλάσσης
1175 5046 1570 5134 ἀνεμιζομένῳ
1601 5049 1698 5111 καὶ
1721 5048 2067 5136 ῥιπιζομένῳ
2095 5048 2236 5114 illu-

559 5170 730 5222 strat.
818 5150 1079 5238 Proprie
1107 5148 1564 5213 deminutivum
1600 5167 1863 5237 usurpat
1890 5150 2240 5237 Alciphron

562 5258 766 5349 Epist.
801 5256 860 5320 Ι.
909 5274 1006 5317 10.
1052 5275 1118 5340 p.
1146 5272 1250 5337 55.
1284 5250 1625 5340 Wagner.:
1675 5255 2097 5334 ἀναμείναντες
2138 5255 2244 5320 οὖν

563 5365 849 5442 ἀπολῆξαι
890 5355 958 5420 τὸ
1001 5355 1321 5419 κλυδώνιον
1358 5356 1454 5419 καὶ
1493 5358 1754 5438 καθαράν
1794 5357 2028 5439 αἰθρίαν
2070 5357 2239 5440 γενέ-

564 5470 698 5530 σθαι
723 5459 855 5543 ἀέρι
883 5456 1257 5538 νοστήσομεν
1285 5458 1425 5542 ἄχρι
1454 5459 1550 5523 καὶ
1582 5459 1760 5522 αὐτοῦ
1785 5464 1892 5523 τοῦ
1920 5460 2248 5542 Καφηρέως

563 5573 673 5633 τῦν
715 5567 908 5632 ἀκτῶν
954 5560 1149 5642 (cod.
1195 5559 1791 5626 Palat.—Heidelb.
1824 5584 1916 5627 nr.
1957 5580 2096 5649 155.
2143 5566 2250 5632 τάς

3910 575 4025 639 271

2331 728 2559 808 ἀκτάς).
2638 724 2971 812 Eunapius
2999 724 3060 788 in
3094 723 3497 812 Chrysanthii
3528 724 3655 789 vita
3678 748 3742 813 p.
3783 747 3922 812 193.
3954 751 4019 815 p.

2336 851 2361 894 1
2382 851 2406 894 1
2427 852 2476 895 1.
2509 830 2611 894 ed.
2645 828 3047 893 Boisson.—2
3096 833 3214 891 τῶν
3254 829 3459 892 ἄλλων
3496 827 3775 893 ἀπάντων
3819 831 4020 911 ὥσπερ

2332 934 2400 996 ἐν
2454 935 2702 996 κλύδωνι
2761 929 3137 1009 κινουμένων.
3230 927 3610 994 Plutarchus
3681 929 3747 994 in
3820 929 4016 995 libro:

2333 1033 2617 1098 Maxime
2643 1054 2785 1097 cum
2826 1031 3223 1118 Principibus
3269 1031 3626 1119 Philosoph.
3661 1055 3726 1120 p.
3764 1034 3909 1116 778.
3945 1036 4022 1098 C.

2331 1160 2395 1224 p.
2429 1155 2568 1201 122.
2604 1137 2852 1224 Wytt.:
2912 1136 3099 1200 καίτοι
3137 1136 3484 1216 Ἐπίκουρος
3523 1135 3787 1218 τάγαθὸν
3833 1138 3899 1200 ἐν
3942 1140 4022 1224 τῷ

2328 1240 2642 1326 βαθυτάτῳ
2686 1243 2787 1318 τῆς
2833 1239 3101 1321 ἡσυχίας,
3151 1238 3352 1319 ὥσπερ
3399 1240 3466 1302 ἐν
3510 1239 3783 1324 ἀκλύστῳ
3822 1240 4021 1319 λιμένι

2332 1345 2427 1408 καὶ
2455 1347 2632 1429 κωφῷ
2661 1342 2980 1423 τιθέμενος,
3012 1347 3122 1406 τοῦ
3147 1342 3212 1406 εὖ
3240 1340 3500 1425 πάσχειν
3527 1341 3595 1404 τὸ
3635 1341 3700 1406 εὖ
3729 1349 3921 1408 ποιεῖν
3950 1345 4021 1408 οὗ

2327 1448 2514 1527 μόνον
2575 1445 2822 1510 κάλλιον
2871 1447 3033 1508 ἀλλά
3095 1444 3190 1508 καὶ
3244 1445 3411 1524 ἥδιον
3469 1443 3627 1508 εἶναί
3668 1453 3839 1527 φησι.
3913 1446 4017 1510 Cf.

2332 1549 2626 1614 Eundem
2673 1548 2752 1613 de
2795 1550 2964 1613 Sent.
3009 1547 3284 1612 Profect.
3318 1545 3379 1610 in
3412 1545 3575 1611 Virt.
3607 1569 3675 1633 p.
3703 1547 3804 1610 82.
3839 1548 3915 1611 F.
3939 1563 4024 1629 ‚et

2330 1653 2410 1717 ad
2457 1651 2623 1716 hunc
2664 1650 3061 1738 posteriorem
3107 1649 3311 1714 locum
3359 1648 3833 1736 VVyttenbachii
3867 1651 4021 1714 Ani-

2334 1754 2581 1819 madvv.
2618 1778 2684 1843 p.
2711 1775 2861 1839 594.
2896 1777 2987 1841 sq.
3027 1752 3377 1818 Aristaenet.
3412 1751 3703 1840 Epistoll.
3736 1755 3789 1817 I.
3828 1769 3924 1836 27.
3958 1777 4027 1841 p.

2342 1877 2479 1923 121.
2531 1858 3085 1937 Boisson.—adven
3125 1858 3190 1920 δὲ
3245 1858 3774 1936 κλυδωνιαζόμενος
3814 1859 3880 1921 ἐκ
3922 1862 4029 1923 τοῦ

2331 1962 2538 2035 πόθου,
2588 1961 2753 2041 ἔνθα,
2783 1960 2988 2043 φησὶν,
3020 1960 3236 2039 ἄνεμος
3274 1959 3411 2023 οὔτε
3446 1957 3652 2038 μένειν
3688 1961 3824 2024 οὔτε
3849 1967 4029 2026 πλεῖν

2334 2065 2422 2147 ἐᾷ.
2472 2063 2919 2150 (AEschyleum
2964 2061 3386 2150 proverbium.
3455 2060 3598 2125 Vid.
3634 2061 3915 2128 Boisson.
3958 2087 4026 2151 p,

2332 2167 2479 2230 600.
2534 2168 2665 2252 sq.)
2757 2163 2953 2229 Haud
3000 2161 3279 2228 dissimili
3337 2162 3639 2228 sententia
3692 2165 4024 2248 σ-νγκλυδά-

2329 2273 2534 2344 ζεσθαι
2576 2282 2840 2354 usurpat
2899 2265 3284 2331 lamblichus
3328 2265 3408 2331 de
3451 2266 3595 2330 Vita
3640 2267 3914 2355 Pythag.
3960 2269 4021 2352 ξ.

2330 2373 2435 2456 65.
2468 2394 2531 2459 p.
2563 2391 2704 2457 132.
2741 2369 2965 2435 Kiessl.
3000 2368 3343 2450 ἀπήλλαττε
3373 2371 3485 2449 μὲν
3517 2369 3724 2437 αὐτοὺς
3743 2376 3862 2434 τῶν
3881 2373 4022 2451 ἡμε-

2329 2479 2508 2556 ρινῶν
2536 2480 2813 2557 ταραχῶν
2844 2473 2938 2537 καὶ
2977 2471 3378 2556 ἐνηχημάτων,
3412 2471 3743 2553 διεκάθαιρέ
3780 2499 3848 2537 τε
3882 2500 4028 2556 συγ-

2334 2576 2811 2657 κεκλυδασμένον
2856 2575 2924 2639 τὸ
2960 2574 3249 2654 νοητικὸν,
3298 2576 4026 2658 ἡσύχους--ἀπειργάζετο

2335 2679 2474 2760 (Ita
2501 2679 2622 2743 mei
2654 2678 2794 2743 libri
2824 2679 3021 2742 MSS.
3051 2699 3286 2755 omnes,
3311 2700 3512 2764 neque
3544 2692 3697 2756 erat,
3727 2701 3840 2743 cur
3869 2678 4029 2744 hanc

2331 2781 2658 2847 lectionem
2708 2780 3060 2846 sollicitaret
3114 2779 3440 2859 Arcerius,
3500 2794 3564 2844 et
3609 2798 3774 2846 recte
3829 2782 4026 2847 intac-

2334 2900 2461 2949 tam
2519 2883 2771 2972 reliquit
2828 2883 3190 2971 Wyttenb.‚
3253 2883 3365 2970 qui
3439 2883 3575 2948 haec
3650 2885 4031 2951 Iamblichea

2330 2986 2656 3052 commode
2710 2986 3001 3052 adhibuit
3059 2985 3404 3051 Plutarcho
3463 3009 3578 3050 suo
3623 2987 3705 3052 de
3758 2988 3914 3053 Isid.
3966 3006 4029 3055 et

2335 3091 2496 3156 Osir.
2550 3115 2611 3179 p.
2648 3093 2795 3176 269.
2844 3112 3032 3178 quem
3084 3090 3348 3174 confer.)
3425 3089 3693 3154 Basilius
3747 3092 4029 3178 Magnus

2338 3195 2578 3261 Homil.
2607 3197 2772 3262 XII.
2803 3196 2866 3260 in
2910 3194 3251 3261 Proverbb.
3284 3218 3345 3283 p.
3368 3213 3518 3276 472.
3560 3194 3640 3259 de
3682 3196 4030 3274 inconstan-

2335 3299 2425 3365 tia
2452 3301 2638 3365 maris
2660 3300 2863 3365 ε-καὶ
2903 3299 3108 3382 μέντοι
3153 3299 3249 3364 καὶ
3281 3299 3389 3377 τὴν
3429 3300 3855 3382 ἀγριαίνουσαν
3889 3299 4024 3383 (θά-

2334 3409 2609 3489 λασσαν)
2643 3407 2738 3469 καὶ
2769 3403 3200 3487 βρασσομένην
3240 3406 3320 3488 rep*
3366 3404 3616 3467 κλύδωνι
3657 3408 3879 3482 βαθεῖα
3916 3430 4025 3486 γα-

2335 3506 2488 3588 λήνη
2546 3507 2700 3590 ταχὺ
2765 3507 3181 3588 κατεστόρησε.
3297 3504 3596 3590 Sequitur
3651 3505 4031 3592 comparatio

2337 3610 2481 3675 vitae
2512 3608 2818 3673 humanae.
2897 3607 3078 3672 Idem
3114 3605 3349 3671 Homil.
3374 3607 3609 3671 XXII.
3640 3607 3721 3671 de
3752 3607 4028 3671 Humili-

2337 3725 2464 3776 tate
2490 3734 2556 3799 p.
2577 3729 2725 3797 550.
2757 3734 2852 3796 sq.
2885 3708 2964 3773 de
3006 3710 3197 3773 Petro
3228 3709 3536 3797 Apostolo
3555 3711 3761 3773 ε-καὶ
3804 3714 4027 3791 γνῶναι

2336 3820 2564 3897 σαφῶς,
2595 3815 2685 3877 ὅτι
2716 3812 2977 3893 καθάπερ
3008 3813 3075 3876 ἐν
3111 3815 3192 3897 τῷ
3235 3810 3489 3893 πελάγει
3534 3812 4023 3891 καταποντιζόμε-

2335 3943 2436 3985 νος
2496 3918 2821 4000 ἐκουφίσθη
2881 3919 2951 3996 τῇ
3014 3919 3120 3980 τοῦ
3173 3919 3437 3997 Χριστοῦ
3485 3919 3663 3999 δεξιᾷ,
3726 3917 3905 3981 οὕτως
3960 3916 4028 3978 ἐν

2333 4024 2414 4107 τῳ
2465 4022 2717 4086 κλύδωνι
2753 4025 2860 4084 τοῦ
2897 4023 3343 4100 σκανδαλισμοῦ
3381 4021 3760 4087 κινδυνεύσας
3804 4018 4026 4083 ἀπολέ-

2334 4127 2474 4187 σθαι
2503 4121 2574 4186 δι’
2606 4123 2900 4197 ἀπιστίας,
2934 4122 3246 4206 ἐφυλάχθη
3276 4123 3515 4203 δυνάμει
3550 4123 3721 4205 (fort.
3747 4115 3825 4203 ’τῇ
3855 4121 4027 4186 δυνά-

2329 4229 2451 4309 μει)
2490 4229 2773 4307 Χριστοῦ.
2865 4226 3174 4289 Revertor
3200 4224 3284 4288 ad
3316 4222 3690 4303 Platonicos,
3716 4223 3882 4288 unde
3909 4222 4020 4287 ali-

2331 4345 2491 4417 quot
2528 4328 2695 4394 locos
2743 4329 3086 4417 subjiciam.
3161 4329 3425 4395 Proclus
3461 4329 3525 4394 in
3574 4331 3784 4395 Alcib.
3825 4353 3925 4417 pr.
3962 4353 4021 4417 p.

2331 4433 2682 4515 «με-ἀλλ’
2714 4435 2860 4497 ὅταν
2889 4438 2995 4497 τοῦ
3030 4438 3267 4498 πολλοῦ
3304 4436 3598 4502 κλύδωνος
3637 4439 3744 4499 τοῦ
3784 4460 4020 4517 γενεσι-

2331 4541 2550 4619 ουργοῦ
2587 4536 2830 4618 καθαροὶ
2871 4537 3202 4617 γενώμεθα,
3245 4538 3340 4600 καὶ
3383 4538 3450 4601 ἐν
3494 4537 3723 4620 γαλήνῃ
3761 4540 3876 4602 τινὶ
3915 4538 4022 4616 τὴν

2333 4641 2557 4704 ἑαυτῶν
2598 4641 2931 4720 ὀρμίσωμεν
2966 4638 3223 4717 ζωὴν-,
3257 4638 3366 4703 ubi
3409 4643 3637 4705 κλύδων
3675 4666 4018 4723 γενεσιουρ-

2329 4742 2438 4825 γὸς
2465 4740 2551 4805 nil
2580 4739 2750 4805 aliud
2780 4754 2895 4816 est,
2913 4762 3100 4827 quam
3126 4744 3159 4804 6
3188 4746 3294 4805 τοῦ
3322 4739 3591 4821 σώματος
3620 4745 3847 4808 κλύδων
3870 4743 4017 4807 Plo-

2331 4844 2463 4909 tini.
2542 4844 2722 4909 Idem
2756 4842 3019 4907 Proclus
3047 4842 3196 4907 ibid.
3229 4867 3291 4931 p.
3317 4865 3401 4929 59
3429 4845 3643 4910 ε-τὸν
3666 4848 3895 4926 ἐμπαθῆ
3909 4848 4022 4926 μὲν

2333 4949 2602 5012 κλύδωνα
2627 4952 2745 5011 τῶν
2774 4949 3040 5029 ἐραστῶν
3077 4947 3551 5028 ἀποσεισάμενος
3597 4951 3662 5013 ἐν
3694 4949 3907 5034 ἡλικίᾳ.
3958 4964 4021 5012 et

2327 5050 2510 5115 tertio
2564 5048 2699 5114 loco
2740 5072 2809 5137 p.
2850 5052 3010 5114 162:
3058 5052 3453 5132 προελθόντες
3496 5053 3562 5115 δὲ
3612 5050 3735 5115 καθ’
3782 5052 4019 5131 ἡλικίαν

2326 5154 2770 5239 ὖπερανέχουσί
2806 5180 2930 5224 πως
2967 5155 3075 5236 ἤδη
3118 5159 3224 5219 τοῦ
3267 5160 3692 5238 γενεσιουργοῦ
3731 5158 4023 5222 κλύδωνος

2331 5257 2427 5321 καὶ
2453 5259 2840 5336 μεθίστανται
2881 5259 3028 5340 πρὸς
3063 5261 3139 5322 τά
3179 5259 3526 5339 ἀστειότερα
3568 5264 3685 5323 τῶν
3725 5261 3928 5323 παθῶν
3964 5260 4022 5321 οἱ

2330 5361 2514 5441 φύσιν
2538 5360 2781 5444 ἔχοντες
2800 5360 3138 5443 ἁδροτέραν.
3188 5358 3327 5425 Alio
3354 5360 3489 5426 loco
3521 5365 3732 5448 (quem
3753 5360 4022 5449 Anglice

2332 5460 2622 5527 exhibuit
2669 5462 2911 5550 Taylor
2954 5461 3055 5527 1.Ι.
3093 5486 3158 5551 p.
3192 5466 3339 5548 256.
3382 5468 3506 5551 sq.)
3552 5464 3713 5529 idem
3762 5465 4024 5531 Proclus

2332 5565 2605 5653 pressius
2663 5565 2850 5631 etiam
2910 5565 3142 5631 Plotini
3187 5567 3447 5654 vestigia
3497 5585 3588 5633 est
3639 5584 3909 5650 secutuS‚
3958 5571 4021 5636 in
