5118 6613
1102 535 1223 614 246

1100 703 1198 768 vel
1246 702 1454 790 potius
1496 725 1638 766 cum
1681 700 1924 780 Ficino,
1957 724 2074 789 pro
2116 704 2300 770 οὕτως
2343 703 2668 790 posuimus
2698 702 2797 766 οὕ-

1100 832 1245 874 πως.
1337 804 1460 869 Sed
1507 805 1767 869 fortasse
1822 803 2007 868 etiam
2054 805 2174 870 hoc
2232 804 2369 869 loco
2417 803 2795 892 legendum:

1102 913 1182 994 τῷ
1215 910 1280 972 δὲ
1312 908 1381 986 δὴ
1420 906 1712 987 διάστημα
1752 912 2147 989 προστιθεῖσα
2175 912 2257 994 τῷ
2287 907 2536 989 ὁράματι
2576 930 2695 994 pro
2733 906 2802 970 τὸ

1103 1014 1167 1075 δὲ
1198 1011 1269 1090 δὴ
1298 1037 1348 1074 κ.
1374 1035 1427 1074 τ.
1453 1016 1513 1072 λ.

1190 1135 1250 1200 p.
1273 1113 1420 1196 837,
1452 1132 1473 1175 1
1491 1112 1550 1175 8.
1598 1110 1705 1174 οὔκ
1729 1110 1900 1174 ἔσται
1919 1110 2178 1190 βλέπειν
2207 1112 2356 1176 αὐτὰ
2384 1110 2424 1174 δ
2452 1114 2705 1193 ὁρῶμεν,
2725 1114 2808 1176 lv-

1102 1214 1375 1293 δάλματα
1392 1215 1458 1277 δὲ
1481 1241 1532 1277 κ.
1555 1238 1607 1276 τ.
1632 1213 1730 1300 λ.]
1756 1212 1862 1276 Cf.
1889 1213 2227 1300 Porphyrii
2246 1212 2452 1278 locum
2474 1237 2510 1278 e
2530 1212 2810 1300 disputa-

1103 1316 1269 1381 tione
1299 1338 1489 1402 super
1521 1313 1828 1378 Aristonis
1853 1313 2120 1402 placitis,
2149 1337 2338 1401 quem
2370 1316 2551 1403 posui
2582 1315 2664 1380 ad
2694 1315 2806 1379 ini-

1100 1417 1258 1482 tium
1303 1416 1498 1503 hujus
1540 1416 1762 1504 capitis
1802 1440 1867 1504 p.
1898 1435 2052 1502 452.
2091 1421 2170 1482 A.
2265 1418 2605 1506 Sequentia
2655 1418 2801 1483 Plo-

1101 1521 1318 1585 tiniani
1363 1519 1481 1584 loci
1523 1519 1698 1607 quod
1743 1520 1991 1598 attinet,
2022 1520 2186 1585 idem
2239 1521 2635 1610 Porphyrius
2678 1544 2807 1585 ma-

1096 1624 1276 1712 gistri
1320 1624 1416 1688 sui
1453 1623 1713 1711 vestigia
1756 1624 2152 1711 persequitur
2196 1624 2260 1689 in
2305 1625 2402 1689 his
2444 1624 2614 1712 apud
2666 1627 2806 1689 Sto-

1097 1729 1307 1792 boeum
1354 1725 1623 1812 Eclogg.
1673 1726 1898 1813 Physs.
1948 1728 2007 1790 I.
2041 1745 2149 1812 51.
2192 1750 2255 1814 p.
2292 1730 2437 1811 780.
2487 1729 2798 1791 Heeren.:

1101 1830 1293 1909 πάντη
1324 1831 1387 1894 δὲ
1419 1829 1488 1892 τὸ
1533 1828 1814 1909 αἰσθήσει
1850 1833 2321 1913 προσχρώμενον
2356 1837 2480 1898 τοῖς
2523 1831 2635 1909 ἔξω
2681 1831 2804 1893 ἑπι-

1098 1932 1344 2013 βάλλον
1388 1936 1615 2013 θεωρεῖ,
1664 1932 1780 2015 οὐχ
1831 1935 2156 2013 ἑνούμενον
2200 1934 2447 2000 ἐκείνοις
2486 1931 2526 1995 ἃ
2573 1936 2800 2014 θεωρεῖ,

1103 2039 1266 2100 ἀλλὰ
1293 2037 1482 2116 μόνον
1509 2036 1697 2099 τύπον
1726 2036 1918 2100 αὐτῶν
1950 2038 2016 2100 ἐκ
2048 2040 2150 2115 τῆς
2178 2035 2325 2117 πρὸς
2353 2037 2502 2100 αὐτὰ
2528 2043 2800 2118 προσβο-

1098 2143 1208 2218 λῆς
1235 2138 1575 2218 λαμβάνον.
1643 2136 1843 2203 Ὅταν
1871 2139 1979 2202 οὖν
2006 2142 2120 2203 ἴδοι
2148 2141 2181 2202 ὁ
2212 2138 2525 2221 ὀφθαλμὸς
2553 2138 2622 2201 τὸ
2652 2141 2798 2220 ὀρό-

1096 2266 1300 2318 μενον,
1335 2240 1645 2324 ἆμήχανον
1675 2242 1742 2305 έν
1772 2242 2079 2321 ταυτότητι
2115 2239 2403 2323 γενέσθω
2440 2244 2547 2303 τοῦ
2584 2240 2805 2321 ὁρωμέ-

1098 2363 1224 2407 νου·
1272 2342 1342 2406 οὗ
1385 2346 1503 2424 γὰρ
1547 2342 1624 2406 ἃν
1665 2344 1801 2415 ἴδοι,
1849 2344 1903 2405 el
1950 2342 2030 2422 μὴ
2075 2344 2142 2407 ἐν
2186 2341 2498 2406 διαστάσει
2540 2342 2797 2424 γένοιτο.

1094 2443 1411 2511 Ὡσαύτως
1439 2447 1506 2508 δὲ
1536 2444 1631 2508 καὶ
1668 2444 1736 2507 τὸ
1776 2446 2135 2524 ἁπτόμενον,
2176 2447 2244 2508 ἐν
2274 2445 2584 2524 ταυτότητι
2625 2446 2800 2525 γενό-

1095 2572 1301 2625 μενον,
1334 2548 1606 2629 φθαρείη.
1695 2545 1805 2626 Ἐξ
1836 2544 1920 2610 ὧν
1950 2551 2153 2626 δῆλον,
2187 2548 2278 2610 ὅτι
2317 2547 2413 2610 ἀεὶ
2449 2547 2555 2625 ἥτε
2586 2549 2799 2626 αἴσθη-

1098 2673 1217 2724 σις,
1249 2650 1346 2713 καὶ
1375 2648 1443 2712 τὸ
1481 2648 1760 2727 αἰσθήσει
1803 2650 2295 2731 προσχρώμενον,
2327 2652 2410 2715 εἷς
2446 2649 2515 2711 τὸ
2547 2649 2658 2728 ἔξω
2688 2648 2799 2731 φέ-

1092 2775 1277 2830 ρεται,
1312 2752 1365 2813 εἰ
1390 2749 1606 2828 μέλλει
1634 2750 1703 2814 τὸ
1736 2750 2021 2830 αἰσθητὸν
2053 2749 2540 2832 καταλήψασθαι.

1183 2873 1253 2938 p.
1287 2851 1436 2933 839,
1467 2853 1526 2913 6.
1572 2855 1649 2915 τᾶ
1692 2850 1763 2926 δ’,
1797 2854 1917 2916 ὅσα
1962 2851 2269 2931 αἰσθήσεις
2307 2852 2500 2916 αὐτῶν
2546 2853 2643 2916 καὶ
2679 2854 2801 2933 κρί-

1101 2977 1247 3025 σεις,
1280 2959 1397 3015 τῶν
1426 2958 1633 3017 παθῶν
1664 2956 1798 3035 εἰσιι
1825 2954 2108 3041 γνώσεις]
2159 2953 2480 3017 Similibus
2516 2954 2647 3017 fere
2690 2977 2801 3018 vo·

1097 3050 1337 3117 cabulis
1364 3051 1500 3117 haec
1542 3051 1874 3140 designant
1908 3053 2121 3119 Stoici.
2185 3054 2317 3119 Cic.
2352 3054 2433 3119 de
2462 3057 2546 3119 N.
2578 3058 2666 3121 D.
2702 3057 2803 3122 II.

1098 3156 1183 3238 56
1210 3178 1225 3217 z
1274 3160 1318 3193 ‘⁶
1354 3155 1585 3218 Sensus
1613 3171 1825 3217 autem
1854 3154 2223 3241 interpretes
2251 3179 2322 3218 ac
2359 3156 2564 3221 nuntii
2594 3179 2803 3221 rerum

1098 3257 1355 3320 —Nam
1396 3254 1586 3333 oculi,
1633 3269 1929 3343 tanquam
1978 3255 2393 3344 speculatores
2435 3257 2803 3324 altissimum

1098 3356 1306 3422 locum
1359 3357 1796 3423 obtinent—et
1837 3359 2011 3446 quod
2056 3359 2177 3424 cibi
2222 3375 2285 3425 et
2328 3360 2599 3448 potionis
2633 3363 2805 3449 judi-

1098 3460 1262 3524 cium
1286 3483 1584 3547 magnum
1606 3483 1819 3525 earum
1848 3461 2154 3546 (narium)
2179 3478 2272 3526 est
2296 3464 2447 3527 &c.”
2492 3464 2598 3529 Cf.
2617 3465 2802 3529 etiam

1099 3563 1233 3628 Cic.
1268 3563 1348 3627 de
1380 3564 1587 3650 Legg.
1623 3565 1678 3627 Ι.
1710 3586 1773 3648 9.
1807 3563 1939 3628 init.
1973 3579 2035 3628 et
2078 3563 2159 3627 ad
2208 3581 2553 3653 utrumque
2596 3566 2804 3632 locum

1101 3664 1340 3729 Davisii
1371 3681 1739 3753 nostrasque
1760 3680 1963 3731 notas.
2024 3666 2285 3731 Adhibe
2314 3668 2498 3732 etiam
2533 3671 2805 3756 Bagueti

1098 3766 1326 3832 librum
1370 3765 1450 3830 de
1497 3766 1859 3856 Chrysippo
1888 3770 1948 3851 ᾗ.
1985 3768 2285 3832 XXIII.
2315 3792 2378 3856 p.
2411 3771 2518 3835 62.
2612 3771 2807 3836 Plura

1100 3869 1202 3934 hic
1231 3891 1356 3934 non
1386 3869 1576 3948 addo,
1606 3871 1904 3956 quoniam
1936 3870 2016 3935 de
2045 3871 2144 3936 his
2171 3872 2304 3959 jam
2336 3874 2398 3936 in
2430 3876 2803 3939 anteceden-

1103 3971 1271 4035 tibus
1298 3986 1538 4036 annott.
1561 3972 1644 4037 ad
1675 3972 1788 4035 has
1818 3973 2155 4038 Enneadas
2181 3998 2221 4038 a
2249 3975 2428 4040 nobis
2449 3977 2803 4063 expositum

1103 4086 1213 4135 est.

1189 4197 1253 4259 p.
1291 4174 1439 4253 840,
1473 4193 1535 4252 4.
1578 4173 1694 4237 ὑπὸ
1721 4176 1837 4254 μὲν
1863 4182 1981 4240 τῶν
2010 4178 2075 4241 εὖ
2102 4180 2580 4244 παθοῦσα-ὑπὸ
2605 4183 2671 4245 δὲ
2691 4188 2809 4245 τῶν

1103 4280 1202 4359 (τῇ
1242 4274 1456 4339 addidi
1502 4297 1582 4338 ex
1626 4273 1801 4340 libris
1847 4277 2074 4341 nostris
2116 4278 2461 4365 plerisque)
2511 4284 2811 4363 ὁμοιότητι

1100 4376 1477 4458 ἀπατωμένη,
1531 4378 1627 4442 καὶ
1686 4384 1972 4444 κατιοῦσα
2042 4381 2246 4463 ὥσπερ
2292 4384 2661 4474 θελγομένη]
2709 4388 2811 4450 De

1100 4479 1220 4544 hoc
1249 4477 1442 4541 verbo
1468 4477 1654 4565 plura
1696 4479 1973 4545 diximus
2005 4480 2087 4545 ad
2136 4482 2432 4547 Proclum
2464 4483 2526 4548 in
2558 4485 2808 4551 Platon.

1106 4579 1319 4644 Alcib.
1354 4602 1446 4665 pr.
1483 4603 1548 4666 p.
1579 4601 1688 4660 40.
1717 4581 1796 4645 ad
1829 4582 2064 4647 oraculi
2096 4584 2508 4651 versiculum:

1324 4686 1417 4743 τὰς
1442 4687 1625 4758 ψυχὰς
1652 4688 1928 4760 θέλγοντες
1952 4689 2032 4744 ἀεὶ
2059 4693 2252 4746 τελεῶν
2276 4691 2591 4766 ἀπάγουσιν,

1105 4781 1383 4865 itemque
1409 4779 1492 4843 ad
1520 4803 1589 4867 p.
1624 4796 1767 4866 257.
1835 4784 1942 4848 Cf.
1973 4784 2161 4875 etiam
2195 4808 2388 4873 supra
2435 4810 2501 4874 p.
2533 4808 2616 4873 43
2622 4806 2686 4873 5.
2722 4790 2810 4852 A.

1106 4881 1256 4968 ibiq.
1308 4884 1942 4948 annott.-Ceterum
1991 4886 2184 4971 hujus
2230 4887 2449 4974 capitis
2501 4912 2811 4955 summam

1110 5005 1452 5072 paucorum
1488 4983 1819 5049 verborum
1862 4987 2102 5052 ambitu
2137 4989 2610 5077 comprehendit
2654 4994 2810 5056 Por-

1113 5084 1380 5173 phyrius
1423 5083 1504 5148 de
1549 5085 1874 5151 Gradibus
1919 5090 1984 5172 ξ.
2020 5089 2120 5153 16.
2164 5112 2231 5177 p.
2267 5110 2414 5173 224.
2488 5094 2593 5158 Cf.
2625 5093 2811 5158 etiam

1114 5185 1365 5253 Alcinoi
1411 5184 1692 5251 libellum
1731 5187 1811 5252 de
1854 5189 2137 5255 doctrina
2176 5190 2458 5258 Platonis
2485 5216 2541 5258 c.
2579 5197 2811 5262 XXV.

1112 5314 1176 5378 p.
1209 5307 1359 5375 507.
1391 5311 1482 5375 sq.

1196 5430 1284 5441 —
1322 5394 1424 5456 16.
1474 5389 1589 5456 Διὸ
1627 5392 1728 5456 καὶ
1770 5395 1845 5457 τὰ
1893 5397 2099 5460 παιδία
2135 5399 2527 5476 μνημονεύειν
2570 5400 2817 5483 λέγεται

1113 5493 1383 5581 μᾶλλον]
1431 5494 1671 5559 Contra
1709 5493 2070 5560 Aristoteles
2108 5497 2190 5562 de
2230 5499 2546 5566 Memoria
2582 5524 2718 5589 cap.
2757 5523 2813 5568 1.

2076 531 2937 596 ANNOTATIONES
3008 531 3118 595 IN
3185 531 3638 596 PLOTINI

2887 725 2954 789 p.
3002 703 3153 787 326.
3204 705 3450 766 Erasm.
3508 726 3571 790 p.
3605 722 3708 788 29.
3768 700 3943 788 Sylb.
4006 700 4126 765 ita:
4179 704 4383 783 διόπερ
4429 703 4495 766 οἵ
4529 728 4593 767 τε

2890 807 3128 887 σφόδρα
3158 806 3284 869 νέοι
3315 807 3409 868 καὶ
3438 808 3497 869 οἱ
3524 805 3804 888 γέροντες
3830 803 4165 884 ἆμνήμονές
4204 806 4343 869 εἰσί.
4388 804 4592 888 ῥέουσι

2889 911 3028 991 γὰρ,
3059 910 3118 971 οἱ
3154 909 3267 987 μὲν
3311 911 3408 971 διὸ
3445 909 3553 987 τὴν
3596 910 3860 988 αὔξησιν,
3894 909 3952 970 οῖ
3993 909 4059 970 δὲ
4105 910 4202 971 διὰ
4243 908 4353 987 τὴν
4381 909 4591 990 φθίσιν

2895 1037 2947 1075 κ.
2975 1036 3030 1074 τ.
3051 1019 3114 1075 λ.
3192 1011 3378 1073 Hanc
3408 1010 3772 1075 sententiam
3804 1009 3901 1073 vel
3935 1008 4182 1073 Platoni
4215 1008 4311 1073 vel
4345 1009 4594 1073 Plotino

2892 1112 3012 1199 ipsi
3043 1112 3264 1177 tribuit
3310 1115 3376 1176 S.
3411 1112 3738 1176 Maximus
3779 1111 3845 1175 in
3892 1113 4215 1175 Sermonn.
4264 1113 4594 1200 Excerptt.

2898 1217 3061 1281 LII.
3114 1218 3305 1280 Tom.
3357 1217 3458 1279 11.
3505 1239 3568 1302 p.
3598 1217 3749 1301 654.
3793 1214 3894 1279 ed.
3944 1214 4269 1280 Combesis
4309 1216 4422 1302 qui
4462 1216 4589 1282 ita:

2897 1317 3160 1381 Πλάτων
3179 1319 3357 1399 ἔλεγε
3385 1317 3521 1384 τοὺς
3535 1320 3648 1398 μὲν
3668 1317 3838 1384 νέους
3857 1318 4097 1400 σφόδρα
4119 1317 4215 1381 καὶ
4232 1317 4368 1385 τοὺς
4385 1317 4593 1399 γέρον-

2891 1444 2997 1486 τας
3017 1420 3356 1499 ἆμνήμονας
3376 1418 3552 1483 εἴναιε
3584 1418 3695 1484 ubi
3709 1418 3789 1483 ad
3810 1441 4008 1505 marg.
4028 1417 4258 1505 legitur
4275 1422 4592 1485 Πλωτίνου

2896 1521 3033 1585 Bal.
3065 1521 3135 1603 (i.
3162 1545 3218 1585 e.
3253 1520 3415 1586 Cod.
3452 1520 3862 1605 Ballesdens.)
3893 1521 4243 1587 Πλάτωνος.
4316 1522 4396 1585 In
4427 1545 4588 1586 mar-

2891 1623 3037 1710 gine
3058 1639 3268 1688 autem
3295 1623 3593 1688 versionis
3624 1623 3875 1689 Latinae
3895 1638 3989 1687 est
4011 1624 4591 1689 Plotini.—1tailli.

2893 1727 3054 1803 Quae
3098 1748 3290 1811 supra
3332 1749 3396 1812 p.
3427 1744 3581 1810 392.
3628 1726 3713 1789 D.
3765 1725 4063 1812 leguntur
4108 1723 4482 1805 Plotiniana,
4519 1750 4594 1791 ea

2889 1827 3357 1914 quodammodo
3398 1850 3544 1892 cum
3576 1827 3956 1892 Aristotelea
3999 1827 4303 1891 sententia
4338 1826 4590 1893 laudata

2891 1947 3151 2017 possunt
3181 1930 3549 2016 comparari,
3581 1944 3646 1994 et
3677 1952 3824 1993 vero
3868 1929 4065 2015 magis
4102 1946 4484 2016 congruunt,
4513 1953 4589 1995 ex

2891 2048 3068 2118 parte
3114 2054 3262 2117 quae
3309 2030 3606 2118 leguntur
3648 2054 3716 2118 p.
3750 2055 3881 2118 seq.
3933 2034 4115 2116 (455.
4165 2033 4450 2116 C.)—In
4493 2032 4590 2097 his

2890 2132 3154 2197 decretis
3197 2132 3468 2220 plurima
3512 2132 3763 2197 Plotino
3793 2149 4091 2219 tanquam
4137 2132 4442 2199 inventori
4486 2133 4591 2199 de-

2892 2235 3045 2313 beri,
3083 2258 3289 2320 neque
3332 2250 3478 2300 ante
3520 2258 3664 2299 eum
3705 2258 3744 2298 a
3786 2257 4105 2322 quoquam
4153 2235 4395 2323 prolata
4436 2259 4588 2315 esse,

2888 2338 3231 2403 arbitratur
3276 2337 3748 2402 Tiedemannus
3792 2338 3853 2401 in
3900 2336 4061 2401 libro
4101 2337 4459 2424 germanico
4492 2341 4592 2403 De

2892 2439 3115 2505 Causis
3161 2439 3583 2528 Philosophiae
3626 2439 4127 2526 contemplativas
4166 2440 4306 2506 111.
4340 2464 4407 2528 p.
4437 2461 4586 2527 354.

2890 2566 2983 2628 sq.
3063 2542 3167 2607 Cf.
3201 2558 3412 2607 autem
3444 2566 3587 2606 cum
3632 2542 3748 2607 hoc
3790 2542 3995 2629 capite
4025 2545 4198 2607 Enn.
4232 2543 4348 2608 IV.
4379 2542 4489 2608 lib.
4522 2563 4587 2629 3.

2888 2667 2944 2708 c.
2983 2662 3085 2731 25.
3117 2660 3178 2709 et
3213 2647 3490 2729 26—30.
3522 2645 3586 2709 in
3623 2645 3857 2731 quibus
3895 2644 4046 2709 locis
4077 2643 4252 2709 haud
4282 2668 4484 2732 pauca
4508 2645 4591 2711 ad

2892 2747 3157 2812 Cartesii
3200 2761 3266 2811 et
3310 2747 3650 2812 Leibnitzii
3693 2747 3921 2835 placita
3964 2748 4226 2837 propius
4266 2750 4592 2816 accedunt.

2892 2851 3095 2914 Mox:
3144 2850 3251 2914 οὐκ
3294 2849 3371 2914 ἂν
3417 2852 3664 2931 ἐποίησε
3707 2851 3775 2914 τὸ
3827 2856 4054 2930 πλῆθος
4099 2851 4281 2931 ἧττον
4320 2851 4585 2934 μνήμαςε

2890 2951 3194 3039 conjicere
3239 2952 3383 3037 quis
3425 2952 3620 3039 possit
3668 2953 3991 3033 μνήμονας.
4084 2953 4210 3017 Sed
4257 2976 4382 3019 non
4434 2978 4593 3043 opus

2892 3068 3004 3118 est.

2978 3176 3040 3240 p.
3078 3157 3226 3233 841,
3258 3156 3321 3218 6.
3368 3159 3617 3234 δηλοῦσι
3659 3154 3999 3234 δυνάμωσιν
4034 3160 4237 3240 ψυχῆς
4263 3158 4332 3222 τὸ
4362 3162 4595 3242 γινόμε-

2894 3282 3002 3322 νον
3031 3254 3333 3344 ὑπάρχον]
3384 3255 3726 3321 Haesitasse
3769 3255 3837 3320 in
3877 3255 3995 3320 hoc
4039 3257 4176 3321 loco
4219 3256 4361 3324 libri
4402 3260 4593 3326 nostri

2891 3374 3194 3445 arguunt,
3241 3374 3306 3424 et
3352 3358 3518 3423 vocis
3566 3357 3899 3439 δυνάμωσις
3941 3359 4185 3424 nullum
4234 3362 4591 3450 exemplum

2892 3463 3163 3528 offerunt
3199 3461 3647 3549 lexicographi.
3738 3464 3904 3526 Nam
3954 3461 4402 3530 Schneiderum
4450 3466 4596 3531 mis·

2892 3588 3030 3629 sum
3088 3565 3410 3643 faciamus,
3462 3564 3575 3650 qui
3625 3563 3830 3651 ipsum
3884 3565 4163 3630 Verbum
4210 3570 4483 3647 δυναμόω
4528 3569 4593 3635 in

2848 3667 3102 3731 .dubiis
3149 3667 3394 3731 habuit.
3468 3666 3666 3748 ·(Vid.
3729 3670 3964 3731 Annot.
4017 3682 4212 3732 nostr.
4267 3668 4332 3732 in
4386 3670 4595 3736 Procli

2898 3771 3105 3835 Instit.
3159 3768 3392 3833 Theol.
3439 3772 3500 3853 ξ.
3552 3769 3763 3832 LXX.
3809 3791 3876 3856 p.
3916 3774 4090 3850 110.)
4168 3770 4291 3834 Sed
4341 3772 4595 3838 Ficinus

2892 3871 3078 3936 etiam
3124 3870 3429 3957 expressit
3462 3869 3824 3950 δυνάμωσιν.
3915 3873 4126 3949 Quare
4161 3872 4466 3939 intactum
4496 3899 4590 3941 re·

2892 3972 3213 4059 liquimus.

2980 4098 3042 4162 p.
3078 4076 3227 4155 842,
3265 4096 3361 4159 15.
3409 4076 3727 4156 Γίγνονται
3765 4076 3831 4138 δὲ
3876 4075 3954 4141 ὥς
3984 4075 4084 4138 ἐπὶ
4112 4074 4368 4142 τὸπολὺ
4397 4079 4509 4162 οὐχ
4538 4082 4598 4144 οἱ

2897 4178 3063 4243 αὐτοὶ
3106 4176 3401 4257 μνήμονες
3430 4178 3524 4240 καὶ
3561 4178 3802 4259 ἀγχίνοι
3843 4175 4190 4264 πολλάκις.]
4239 4177 4598 4245 Aristoteles

2897 4280 2976 4344 de
3008 4277 3322 4344 Memoria
3348 4294 3411 4341 et
3444 4277 3931 4343 Reminiscentia
3959 4301 4012 4344 c.
4056 4300 4109 4342 1.
4139 4302 4207 4366 p.
4241 4297 4340 4364 27.
4375 4281 4551 4370 Sylb.
4578 4308 4592 4348 :

2898 4384 2968 4447 οὐ
2999 4379 3113 4465 γάρ
3142 4385 3201 4445 οἱ
3240 4382 3411 4446 αὐτοί
3436 4383 3555 4445 εἰσι
3591 4381 3958 4461 μνημονικοὶ,
4009 4383 4104 4445 καὶ
4148 4383 4594 4465 ἆναμνηστικοὶ,

2899 4483 3036 4548 ἀλλ’
3070 4485 3147 4550 ὥς
3176 4485 3275 4547 ἐπὶ
3303 4483 3370 4547 τὸ
3398 4482 3556 4547 πολὺ
3584 4484 4082 4564 μνημονικῶτεροι
4109 4486 4222 4563 μὲν
4251 4488 4311 4549 οἳ
4334 4492 4597 4568 βραδεῖς·

2898 4587 3472 4667 ἆναμνηστικῶτεροι
3522 4587 3588 4648 δὲ
3632 4587 3691 4649 οἱ
3732 4591 3937 4668 ταχεῖς
3980 4586 4077 4648 καὶ
4117 4587 4408 4665 εὐμαθεῖς.
4498 4592 4595 4653 An

2901 4711 3049 4752 vero
3091 4687 3153 4750 in
3194 4686 3599 4773 sequentibus
3624 4711 3639 4750 z
3691 4690 3880 4751 καίτοι
3908 4687 4014 4750 οὐκ
4043 4688 4267 4753 ἐκῶλυε
4294 4689 4403 4755 τὸν
4429 4694 4596 4757 ἁστι-

2901 4794 3127 4855 νασοῦν
3157 4789 3377 4872 ἔχοντα
3418 4790 3768 4867 πλεονεξίας
3805 4791 4008 4872 ψυχῆς
4050 4790 4487 4870 ἀναγινώσκειν
4526 4797 4603 4859 τὸ.

2902 4896 3161 4974 κείμενα,
3213 4893 3503 4958 Plotinus
3558 4916 3663 4957 eos
3724 4892 4164 4980 designaverit,
4212 4916 4375 4980 quos
4430 4895 4601 4962 ideas

2901 4999 3057 5062 fixas
3086 4997 3313 5062 habere
3342 4995 3528 5060 hodie
3556 4995 3843 5076 dicimus,
3873 5019 4157 5082 quaerere
4193 4996 4379 5075 malo,
4408 5022 4601 5086 quam

2899 5099 3177 5163 definire:
3271 5100 3408 5162 Nec
3457 5099 3688 5174 minus,
3734 5121 3814 5162 an
3877 5099 4198 5185 proxima:
4264 5099 4371 5165 τὸν
4421 5104 4603 5184 ταύτῃ

2899 5200 3117 5284 ῥυέντα
3165 5201 3276 5280 τὴν
3325 5205 3432 5264 τοῦ
3485 5198 3750 5285 πάσχειν
3794 5203 4124 5281 ἀδυναμίαν
4169 5206 4487 5281 κεκτῆσθαι
4523 5228 4602 5269 ex

2902 5304 3262 5369 Aristotelis
3303 5302 3510 5368 verbis
3553 5303 3924 5368 desumserit
3965 5302 4047 5367 de
4092 5305 4407 5370 Memoria
4448 5307 4503 5372 I.
4535 5330 4599 5395 p.

2906 5425 2986 5490 29
3015 5432 3029 5471 ε
3079 5407 3169 5471 διὸ
3201 5408 3297 5470 καὶ
3322 5411 3446 5473 τοῖς
3471 5409 3585 5487 μὲν
3615 5408 3683 5470 ἐν
3714 5404 3941 5485 κινήσει
3968 5410 4169 5486 πολλῇ
4200 5407 4374 5472 οὖσιν
4412 5410 4482 5473 οὗ
4510 5411 4608 5492 γί-

2905 5532 3070 5572 νεται
3096 5508 3311 5588 μνήμη,
3346 5506 3609 5591 καθάπερ
3638 5507 3715 5573 ἂν
3743 5512 3827 5576 εἰς
3853 5511 4007 5589 ὕδωρ
4033 5508 4177 5590 ῥέον
4206 5511 4609 5592 ἐμπιπτούσης
