5118 6613
1395 538 1594 604 LIB.
1646 538 1785 604 111.
1831 536 2287 604 ENNEAD.
2336 536 2725 603 SEXTAE.
2770 558 2832 625 p.
2869 555 3312 624 1129-1142,

3952 562 4081 629 349

613 713 919 798 γέννεσιν.
1009 714 1309 778 Ceterum
1359 710 1441 776 de
1491 711 1743 777 notione
1791 710 2087 794 γενέσεως
2135 708 2308 798 apud
2396 715 2561 775 σθαι.
2620 709 2750 774 Ubi
2781 711 3116 792 ἐξεργασία,
3149 711 3200 776 si
3230 711 3502 777 Platonis
3530 712 3889 802 Plotinique
3914 713 4081 782 locos

615 816 962 883 Platonicos
992 813 1407 902 Philosopbos
1434 814 1536 879 hic
1565 814 1738 880 locus
1775 812 2062 879 classicus
2099 826 2213 891 est,
2243 826 2309 878 et
2391 827 2641 901 reputo,
2671 811 2752 876 ab
2794 811 3028 876 artifice
3070 812 3398 900 imaginem
3442 815 3799 881 absolvente
3838 818 4074 906 expoli-

609 921 675 985 in
703 918 919 1008 primis
946 917 1216 984 tenenda
1241 918 1474 983 suntin
1503 916 2010 983 antecedentibus
2036 914 2165 980 illa:
2198 916 2307 996 τὴν

607 1024 743 1105 περὶ
788 1026 863 1087 τὰ
908 1022 1154 1101 σώματα
1200 1020 1595 1104 φύσιν-οὐδ’
1641 1021 1796 1087 ὅλως
1836 1020 2049 1084 οὐσίαν
2093 1021 2189 1082 διὰ
2234 1018 2303 1082 τὸ

607 1125 1003 1208 ἐφαρμόττειν
1030 1123 1140 1204 τὴν
1170 1123 1408 1188 ἔννοιαν
1434 1125 1714 1205 ῥεόντων,
1746 1124 1910 1188 ἀλλὰ
1941 1121 2187 1206 γένεσιν
2215 1123 2298 1186 οῖ-

607 1230 776 1295 κείως
801 1226 1114 1310 λέγεσθαι.
1187 1227 1405 1313 Atque
1432 1224 1569 1290 haec
1594 1225 1886 1308 γενέσεως
1913 1224 2005 1289 vis
2031 1247 2145 1312 per
2173 1247 2304 1288 om-

606 1353 717 1395 nes
743 1328 1081 1395 Enneadas
1107 1327 1401 1393 latissime
1430 1341 1620 1415 patet.
1670 1327 1774 1393 Cf.
1797 1328 1981 1392 etiam
2007 1326 2301 1392 Proclum

604 1431 670 1497 in
699 1430 913 1497 Alcib.
942 1454 1037 1518 pr.
1073 1431 1132 1496 I.
1164 1432 1322 1495 108:
1371 1430 1609 1513 γένεσις
1639 1430 1734 1494 καὶ
1763 1429 1942 1509 θνητὴ
1972 1432 2170 1513 φύσις.
2215 1429 2297 1496 cf.

602 1557 664 1622 p.
709 1534 851 1617 187.
894 1532 1048 1598 ibid.
1095 1547 1161 1598 et
1202 1556 1265 1621 p.
1304 1548 1447 1618 257.
1482 1556 1581 1619 sq.
1630 1545 1692 1597 et
1737 1532 2041 1620 Ejusdem
2089 1532 2297 1598 Instit.

604 1635 917 1724 Theolog.
950 1660 1018 1725 p.
1040 1654 1140 1720 74.
1171 1659 1234 1723 p.
1262 1636 1405 1721 158.
1434 1651 1498 1700 et
1529 1659 1591 1724 p.
1618 1636 1767 1721 308.
1795 1658 1935 1722 sqq.

690 1763 753 1828 p.
784 1759 973 1825 1133,
1008 1759 1105 1803 11.
1152 1743 1292 1807 Πῶς
1334 1740 1401 1803 δὲ
1442 1739 1748 1829 λέγωμεν]
1798 1739 1903 1803 Ita
1936 1759 2081 1802 cum
2119 1735 2299 1802 bonis

602 1841 777 1907 libris
804 1841 1092 1906 dedimus
1119 1864 1237 1929 pro
1264 1841 1542 1924 λέγομεν.

686 1968 754 2034 p.
779 1965 967 2031 1135,
996 1962 1059 2030 5.
1112 1945 1209 2010 καὶ
1259 1945 1400 2028 ἔδρα
1445 1949 1610 2009 δοκεῖ
1648 1947 1729 2031 τῷ
1778 1947 1918 2009 εἴδει
1964 1942 2299 2008 εἶναι-καὶ

602 2050 746 2132 ἕδρα
770 2049 959 2137 ὥστε]
997 2049 1103 2113 Ita
1138 2047 1309 2112 bunc
1337 2046 1543 2113 locum
1573 2046 2018 2134 integr-avimus
2037 2070 2072 2110 e
2093 2044 2295 2111 Codd.

602 2149 798 2238 plurr.
832 2163 896 2215 et
928 2149 1170 2231 Ficino,
1200 2150 1311 2237 qui
1355 2150 1689 2216 lacunosus
1730 2164 1823 2215 est
1858 2150 1923 2214 in
1954 2149 2083 2215 Ed.
2155 2150 2299 2215 Vox

598 2252 914 2336 ὖποβόθρα
940 2236 1304 2319 occurrebat
1331 2253 1518 2319 etiam
1547 2254 1665 2318 VI.
1705 2272 1763 2319 1.
1795 2253 1895 2319 28.
1945 2276 2009 2340 p.
2037 2272 2186 2338 593.
2221 2254 2294 2318 C.

603 2358 771 2422 Cum
822 2379 976 2422 voce
1025 2356 1297 2438 θεμέλιος
1337 2357 1555 2445 jungit
1607 2380 1742 2422 eam
1790 2355 2183 2445 Porphyrius
2232 2354 2303 2439 in,

601 2461 912 2525 Sententt.
945 2461 1003 2544 ξ.
1028 2479 1135 2546 34.
1158 2483 1225 2547 p.
1250 2478 1393 2547 239.
1441 2460 1545 2526 Cf.
1578 2462 1765 2524 etiam
1786 2458 1988 2525 Procli
2012 2459 2296 2524 Institut.

602 2561 912 2650 Theolog.
937 2562 1216 2627 LXXI.
1245 2586 1306 2650 p.
1335 2583 1362 2627 1
1380 2583 1477 2628 12.
1508 2563 1611 2629 ed.
1643 2577 1836 2628 nostr.
1871 2564 1979 2629 ubi
2011 2563 2293 2651 Hesych.

606 2665 708 2729 II.
747 2667 935 2749 1467.
1009 2664 1190 2730 Suid.
1224 2666 1366 2730 111.
1409 2682 1558 2752 551.
1604 2680 1667 2731 et
1716 2668 1952 2730 Zonar.
2001 2689 2069 2754 p.
2105 2681 2292 2749 1772.

599 2768 897 2834 advocavi
924 2782 988 2834 et
1015 2768 1270 2858 insuper
1290 2769 1555 2858 Dionys
1575 2772 1894 2857 Areopag.
1928 2769 2010 2834 de
2039 2767 2290 2834 Coelest.

602 2871 931 2937 Hierarch.
964 2895 1020 2936 c.
1044 2888 1110 2956 5.

682 2997 744 3063 p.
774 2976 963 3060 1136,
1001 2995 1096 3056 14
1146 2975 1242 3040 καὶ
1281 2974 1384 3059 ἀφ’
1414 2975 1485 3056 ἦς
1528 2977 1593 3040 δὲ
1640 2977 1716 3040 τὰ
1761 2973 1956 3058 ἄλλα]
2001 2976 2293 3039 Fortasse

598 3076 934 3165 legendum
961 3077 1034 3158 δὴ
1064 3101 1180 3166 pro
1207 3078 1290 3143 δέ.

682 3202 749 3267 p.
780 3198 968 3262 1141,
998 3199 1059 3264 9.
1089 3182 1126 3261 ἦ
1156 3179 1205 3245 δ’
1239 3179 1666 3264 ἐναργεστέρα]
1714 3180 1948 3268 Recepi
1975 3181 2138 3245 hanc
2164 3178 2288 3246 lec-

598 3281 828 3348 tionem
857 3306 893 3348 e
923 3280 1052 3348 solo
1090 3281 1370 3371 margine
1407 3280 1691 3348 editionis
1733 3305 1850 3371 pro
1878 3284 1915 3364 ἡ
1945 3285 2010 3348 δὲ
2051 3286 2290 3368 ἐνεργε-

598 3386 797 3468 στέρα.
827 3387 992 3450 Nam
1026 3386 1295 3473 primum
1328 3384 1754 3469 ἐνεργέστερον
1775 3402 1838 3451 et
1861 3386 2293 3471 ἐναργέστερον

599 3488 935 3554 sexcenties
978 3488 1142 3554 inter
1183 3512 1250 3553 se
1295 3487 1558 3553 confusa
1599 3488 2040 3577 reperiuntur;
2111 3488 2289 3573 (Vid.

605 3593 845 3680 Upton.
882 3606 947 3658 et
992 3591 1341 3679 Schweigh.
1370 3589 1453 3655 ad
1483 3589 1739 3655 Arriani
1767 3590 2057 3656 Dissertt.
2092 3591 2288 3679 Epic·

599 3709 737 3760 tett.
773 3696 916 3760 111.
944 3715 1006 3781 3.
1040 3717 1102 3775 4.
1133 3718 1196 3782 p.
1218 3698 1362 3759 620.
1394 3716 1488 3781 sq.
1534 3708 1598 3759 et
1639 3693 1810 3759 hunc
1853 3693 1935 3758 ad
1972 3693 2197 3783 Polyb.
2231 3695 2290 3760 1.

607 3818 663 3861 1.
698 3817 757 3863 2.
805 3821 874 3887 p.
915 3816 1056 3882 117.
1103 3800 1275 3884 sq.):
1341 3795 1569 3861 deinde
1626 3810 1883 3885 propter
1931 3796 2291 3885 oppositum

598 3900 845 3984 ἀμυδρά.
904 3902 1172 3965 Possum
1200 3897 1431 3964 multos
1459 3898 1626 3964 locos
1654 3900 1881 3964 citare:
1932 3922 2097 3964 unus
2125 3899 2293 3965 suffi-

597 4002 742 4068 ciat.
834 4001 1098 4068 Proclus
1124 4002 1190 4066 in
1223 4001 1506 4067 Platonis
1535 4001 1753 4067 Alcib.
1783 4025 1881 4090 pr.
1912 4003 1970 4067 Ι.
2004 4026 2070 4090 p.
2099 4022 2156 4070 2.
2187 4001 2287 4070 ed.

602 4121 830 4171 nostr.:
883 4106 1140 4177 ἕκαστον
1179 4104 1419 4189 μετέχει
1462 4109 1569 4169 τοῦ
1610 4106 1782 4173 ὄντος
1827 4107 2221 4188 ἀμυδρότερον
2253 4103 2292 4185 ἢ

596 4207 1052 4292 ἐναργέστερον.
1097 4206 1315 4296 Pergit
1342 4207 1667 4272 Plotinus:
1717 4208 1812 4272 καὶ
1842 4209 2086 4272 εἰκόνων
2111 4209 2148 4288 ἡ
2178 4207 2292 4288 μέν

596 4336 683 4379 τις
706 4312 1098 4390 ὑποτύπωσις,
1126 4312 1164 4391 ἥ
1187 4312 1253 4374 δὲ
1284 4311 1604 4392 ἐξεργασία
1633 4314 1894 4390 μᾶλλον.
1983 4309 2292 4375 Tenenda

600 4409 735 4478 haec
766 4412 1130 4501 significatio
1161 4412 1326 4478 vocis
1356 4415 1707 4496 ἐξεργασίας
1744 4428 1839 4478 est
1865 4412 1945 4478 de
1983 4415 2290 4503 imagini-

593 4516 711 4581 bus
735 4526 1028 4582 accurate
1053 4517 1370 4604 expressis
1396 4525 1455 4581 et
1481 4516 1804 4595 absolutis,
1834 4515 2014 4603 cujus
2042 4532 2286 4581 contra-

599 4619 763 4683 rium
791 4634 886 4685 est
912 4620 1302 4694 ὑποτύπωσις,
1332 4619 1753 4697 adumbratio,
1784 4618 2118 4684 inchoatio.
2167 4620 2286 4684 Su-

599 4746 714 4812 pra
742 4745 804 4810 p.
827 4739 932 4809 57.
957 4723 1046 4786 D.
1108 4723 1339 4788 Noster
1367 4720 1550 4786 dicit:
1601 4722 1696 4785 καὶ
1720 4721 1802 4803 μὴ
1829 4723 2031 4802 παύσῃ
2060 4723 2290 4786 τεκταί·

601 4851 721 4891 νων
747 4825 817 4889 τὸ
848 4825 965 4890 σὸν
989 4826 1252 4909 ἄγαλμα,
1278 4824 1556 4890 imitatus
1579 4822 1895 4889 Platonem
1929 4822 1993 4887 in
2018 4822 2292 4888 Phaedro

599 4952 666 5016 p.
699 4945 845 5013 252.
874 4926 939 4992 d.
986 4950 1176 5015 quem
1219 4925 1428 4992 locum
1472 4927 1657 4992 etiam
1700 4926 1921 4992 Cicero
1964 4925 2045 4990 de
2087 4926 2289 5013 Legg.

598 5045 745 5097 ante
772 5028 986 5095 oculos
1013 5029 1237 5094 babuit
1271 5031 1328 5095 Ι.
1367 5048 1470 5096 22.
1498 5051 1607 5117 59.
1635 5052 1701 5117 p.
1727 5048 1869 5111 142.
1902 5026 2001 5093 ed.
2031 5029 2288 5094 Moseri.

600 5136 822 5221 Atque
863 5131 943 5196 de
981 5155 1134 5197 cura
1169 5132 1265 5196 sui
1294 5148 1358 5198 et
1385 5132 1562 5197 cultu
1591 5132 1824 5220 ingenii
1867 5130 2073 5219 deque
2107 5155 2293 5197 exco-

599 5234 787 5302 lendo
813 5234 1020 5299 animo
1054 5233 1365 5300 Arrianus
1392 5235 1457 5299 in
1489 5234 1661 5299 Diss.
1694 5232 1987 5322 Epictett.
2021 5234 2158 5298 111.
2190 5254 2287 5321 13.

599 5342 665 5405 8.
694 5364 760 5428 Ρ.
779 5359 857 5420 41
880 5358 934 5404 1.
969 5337 1315 5426 Schweigh.
1339 5363 1353 5403 :
1398 5340 1533 5403 τίνα
1562 5338 1728 5402 ἐστὶν
1759 5337 1845 5401 ἔτι
1873 5339 1948 5400 τᾶ.
1976 5338 2287 5417 θλίβοντα·

596 5450 719 5511 πῶς
747 5443 824 5507 ἂν
851 5444 1178 5524 θεραπευθῇ
1220 5442 1315 5505 καὶ
1342 5445 1543 5515 ταῦτα,
1577 5446 1697 5507 πῶς
1742 5441 2027 5521 ἐξαιρεθῇ.
2081 5442 2135 5503 εἴ
2161 5465 2294 5505 τινα

596 5545 949 5628 ἐξεργασίας
977 5548 1182 5619 δεῖται,
1214 5548 1362 5609 κατὰ
1395 5544 1501 5609 τὸν
1530 5544 1709 5609 αὐτοῦ
1746 5545 1937 5626 λόγον
1967 5542 2288 5626 ἐξεργάσα-

2389 929 2658 1002 enteque
2686 914 3045 979 traductum
3071 915 3457 983 crediderim.

2473 1041 2540 1106 p.
2579 1036 2765 1098 1142,
2803 1020 2901 1082 16.
2953 1019 3118 1082 ποιαὶ
3164 1023 3281 1101 γὰρ
3323 1021 3523 1085 οὐσίαι
3567 1021 3755 1087 αὗται.
3810 1051 3861 1088 κ.
3890 1050 3943 1089 τ.
3975 1026 4075 1114 λ.]

2393 1120 2670 1209 Simplic.
2713 1120 2775 1185 in
2807 1119 3073 1186 Aristot.
3110 1122 3376 1210 Categg.
3422 1123 3559 1188 Fol.
3588 1139 3696 1210 55.
3726 1149 3798 1190 a:
3844 1125 4076 1213 Ἐρωτᾷ

2387 1225 2453 1288 δὲ
2482 1226 2515 1288 6
2545 1229 2876 1298 Πλωτῖνος,
2907 1225 2970 1288 τί
2992 1225 3107 1306 ἀρα
3148 1226 3305 1290 οὖσα
3329 1227 3366 1306 ἡ
3394 1225 3631 1307 ποιότης
3657 1230 3791 1297 τοὺς
3817 1230 4071 1313 λεγομέ-

2389 1352 2525 1395 νους
2549 1327 2753 1395 ποιοὺς
2778 1326 3139 1411 παρέχεται;
3187 1329 3279 1392 ὅτι
3306 1331 3420 1409 μὲν
3447 1333 3562 1412 γὰρ
3592 1334 3741 1397 κατὰ
3770 1332 3877 1412 τὴν
3903 1335 4069 1397 ποιό-

2386 1455 2533 1509 τητα
2559 1432 2619 1495 οἱ
2642 1430 2801 1495 ποιοὶ
2840 1428 3142 1512 λέγονται,
3178 1433 3420 1514 εἴρηται.
3462 1434 3549 1501 τίς
3574 1431 3642 1498 δέ
3671 1435 3836 1498 ἐστιν
3863 1435 4009 1514 αὐτὴ
4035 1437 4074 1515 ἡ

2384 1535 2623 1614 ποιότης
2651 1537 2798 1598 κατὰ
2824 1532 2932 1598 τὸν
2959 1536 3179 1599 οἰκεῖον
3206 1535 3398 1618 λόγον
3424 1535 3494 1599 οὗ
3522 1538 3837 1618 διώρισται.
3866 1537 4010 1620 πρὸς
4038 1539 4075 1601 ὅ

2386 1643 2576 1718 φησιν
2605 1639 2638 1701 6
2668 1638 3025 1719 Πορφύριος,
3057 1637 3149 1701 ὅτι
3177 1639 3210 1700 6
3237 1637 3374 1719 περὶ
3410 1641 3511 1717 τῆς
3547 1641 3854 1720 ποιότητος
3888 1641 4075 1723 λόγος

2384 1740 2800 1819 ἐννοηματικός
2843 1740 3028 1814 ἐστιν,
3065 1737 3203 1804 ἀλλ’
3236 1741 3341 1804 οὐκ
3369 1740 3670 1822 οὗσιῶὃης.
3720 1741 3851 1806 ἔστι
3877 1745 3943 1807 δὲ
3974 1745 4069 1807 ἐν-

2384 1842 2747 1922 νοηματικὸς,
2780 1844 2813 1906 6
2844 1841 2960 1906 ἀπὸ
2999 1847 3117 1906 τῶν
3143 1836 3451 1924 γνωρίμων
3488 1849 3611 1912 τοῖς
3648 1848 3835 1909 πᾶσιν
3867 1846 4070 1926 εἰλημ-

2380 1942 2561 2024 μένος
2606 1944 2700 2008 καὶ
2743 1947 2906 2025 κοινῇ
2946 1947 3108 2028 παρὰ
3151 1949 3339 2010 πᾶσιν
3383 1948 3877 2029 ὁμολογούμενος,
3921 1948 4073 2029 οἷον,

2383 2048 2475 2111 ὅτι
2503 2047 2734 2130 ἀγαθόν
2763 2049 2930 2111 ἐστιν
2958 2046 3061 2130 ἀφ’
3088 2048 3158 2112 οὗ
3186 2049 3504 2128 συμβαίνει
3531 2048 3916 2131 ὠφελεῖσθαι.
3947 2058 4068 2134 xlm-

2381 2148 2463 2234 χή
2494 2150 2662 2214 ἐστιν
2690 2148 2793 2233 ἀφ’
2823 2150 2893 2230 ἧς
2914 2150 3167 2235 ὑπάρχει
3195 2150 3263 2214 τὸ
3292 2154 3416 2231 ζῇν.
3465 2150 3636 2235 φωνή
3665 2154 3796 2217 ἐστι
3822 2153 3890 2217 τὸ
3918 2157 4070 2218 ἴδιον

2384 2253 2669 2333 αἰσθητὸν
2697 2254 2889 2333 ἀκοῆς.
2935 2255 3236 2323 οὗσιῶδεις
3279 2253 3346 2318 δέ
3383 2256 3538 2319 εἰσιν
3564 2256 3710 2338 ὅροι,
3743 2257 3802 2320 οἶ
3837 2255 3932 2319 καὶ
3958 2256 4069 2334 τὴν

2380 2356 2595 2420 οὐσίαν
2623 2356 2813 2421 αὐτῶν
2832 2362 2950 2421 τῶν
2979 2355 3329 2438 ὁριζομένων
3349 2356 3740 2432 διδάσκοντες,
3765 2357 3895 2422 οἷον
3922 2358 4071 2439 ἀγα-

2382 2460 2490 2523 θόν
2520 2461 2688 2523 ἐστιν
2712 2460 2750 2539 ἡ
2776 2459 2972 2542 ἀρετ-ᾖ,
2997 2457 3033 2540 ἢ
3061 2459 3130 2524 τὸ
3157 2458 3415 2543 μετέχον
3442 2461 3666 2542 ἀρετῆς.
3699 2459 3870 2545 ψυχή
3901 2462 4068 2525 ἐστιν

2377 2562 2556 2627 οὐσία
2605 2561 2993 2642 αὗτοκίνητος,
3041 2561 3212 2645 φωνή
3263 2564 3429 2626 ἐστιν
3473 2562 3583 2644 ἀὴρ
3628 2562 4063 2646 πεπληγμένος.

2381 2665 2476 2729 καὶ
2504 2666 2565 2728 οὶ
2587 2666 2701 2744 μὲν
2730 2664 3110 2745 ἀνοηματικοὶ
3151 2666 3298 2747 ὅροι,
3332 2664 3437 2730 ἅτε
3479 2669 3641 2746 κοινῇ
3681 2669 3843 2749 παρὰ
3881 2671 4072 2732 πᾶσιν

2378 2768 2868 2850 ὁμολογούμενοι,
2899 2769 2958 2832 οἱ
2989 2768 3159 2832 asro(
3185 2770 3359 2832 εἰσιν·
3402 2769 3460 2832 οἱ
3488 2769 3554 2832 δὲ
3582 2768 3884 2836 οὐσιῶὃεις
3921 2774 4069 2834 κατὰ

2378 2868 2636 2951 αἱρέσεις
2679 2870 2825 2938 ίδίας
2865 2872 3315 2954 προηγούμενοι,
3348 2870 3762 2954 ἀντιλέγονται
3797 2872 3913 2937 ὑπὸ
3949 2878 4069 2937 τῶν

2380 2974 2751 3055 ἑτεροδόξων.
2785 2978 2908 3043 τοῖς
2936 2979 3083 3055 γοῦν
3110 2973 3398 3056 λέγουσιν
3427 2973 3575 3055 ἀέρα
3600 2974 3709 3054 τὴν
3736 2974 3944 3057 φωνὴν
3973 2975 4071 3039 καὶ

2378 3081 2570 3156 σόμα,
2615 3077 2728 3160 οὐχ
2770 3078 3291 3159 ὁμογνωμονοῦσιν
3334 3078 3392 3141 οἱ
3434 3078 3690 3162 ἀρχαῖοι,
3738 3076 3858 3142 κατ’
3902 3076 4066 3160 ἐνέρ-

2375 3205 2550 3265 γειαν
2598 3179 2782 3259 αὐτὴν
2832 3180 3152 3260 ἀσώματον
3204 3180 3617 3261 ἀφοριζόμενοι
3668 3180 3764 3244 καὶ
3806 3179 4066 3263 πληγήν.

2378 3282 2475 3347 καὶ
2502 3288 2626 3351 τοῖς
2652 3282 2720 3347 τὸ
2750 3281 2979 3366 ἀγαθὸν
3009 3285 3076 3348 ἐν
3106 3283 3280 3365 ἀρετῇ
3323 3284 3420 3348 καὶ
3446 3285 3609 3370 μόνῳ
3648 3287 3728 3371 τῷ
3773 3287 3936 3372 καλῷ
3976 3310 4062 3348 τι-

2376 3385 2646 3467 θεμένοις
2673 3388 3157 3469 ἀμφισβητοῦσιν
3183 3388 3242 3451 οῑ
3280 3389 3376 3450 διὰ
3411 3385 3650 3451 πάντων
3679 3387 3820 3451 αὐτὸ
3849 3388 4063 3451 διατεί-

2378 3514 2602 3556 νοντες.
2646 3488 2915 3553 δέδοκται
2961 3489 3069 3553 οὖν
3112 3489 3180 3552 ἐν
3222 3494 3351 3556 ταῖς
3391 3490 3644 3570 πρῶταις
3687 3491 4060 3571 εἰσαγωγαῖς,

2376 3597 2499 3660 τοῖς
2540 3595 2705 3673 παρὰ
2746 3596 2932 3656 πᾶσιν
2974 3589 3471 3673 ὁμολογουμένοις
3511 3592 3668 3673 ὅροις
3721 3596 4060 3675 κεχρῆσθαι.

2377 3695 2544 3759 αὐτοὶ
2587 3693 2702 3776 γάρ
2746 3695 2865 3758 εἰσι
2909 3694 3361 3775 γνωριμώτεροι,
3393 3693 3488 3758 καὶ
3529 3694 3676 3777 πρὸς
3701 3694 3809 3773 τὴν
3830 3695 4066 3776 πρότην

2376 3795 2665 3879 ἀκρόασιν
2692 3795 3159 3877 ἐπιτηδειότεροι.
3199 3797 3257 3859 οὶ
3284 3798 3350 3859 δὲ
3379 3795 3567 3879 ἕτεροι
3594 3800 3694 3876 τῆς
3719 3796 3946 3878 πρώτης
3974 3794 4068 3860 δέ-

2377 3923 2545 3963 ονται
2572 3899 2960 3982 φιλοσοφίας,
2989 3899 3114 3978 ἥτις
3141 3900 3217 3963 τᾶ
3243 3900 3390 3964 ὄντα
3415 3896 3453 3981 ᾖ
3482 3901 3629 3964 ὄντα
3668 3905 3894 3983 θεωρεῖ.
3940 3897 4064 3965 διό-

2377 4027 2488 4084 περ
2526 4001 2634 4066 τὸν
2669 4003 2783 4081 μὲν
2821 4002 3074 4081 οὗσιῶδη
3118 3998 3310 4085 λόγον
3346 4006 3450 4083 τῆς
3491 4000 3818 4084 ποιότητος,
3853 4004 3921 4068 ἐν
3944 4008 4066 4070 τοῖς

2375 4107 2525 4185 μετὰ
2567 4107 2643 4170 τὰ
2684 4108 2911 4188 φυσικὰ
2939 4107 2972 4169 6
3005 4103 3428 4188 Ἀριστοτέλης
3469 4104 3818 4171 ἀποδέδωκε.
3860 4106 3971 4171 τὸν
3999 4108 4066 4169 δὲ

2380 4209 2799 4289 ἐννοηματικὸν
2844 4211 3117 4275 ἐνταῦθα.
3165 4210 3262 4275 καὶ
3307 4209 3550 4293 λέγεται
3592 4212 3705 4290 μὲν
3748 4212 3842 4275 καὶ
3884 4214 4065 4275 ταῦτα

2376 4318 2586 4380 καλῶς.
2635 4312 2766 4377 ἔστι
2810 4315 2875 4377 δὲ
2924 4314 3190 4377 καλλίων
3218 4312 3622 4395 ἀπολογισμὸς
3665 4316 3698 4377 6
3736 4313 3955 4397 λέγων,
3988 4313 4066 4379 ὣς

2375 4418 2429 4479 εί
2453 4417 2568 4495 μὲν
2597 4415 2722 4481 καθ’
2749 4415 2960 4481 ἑαυτὸν
2979 4415 3056 4496 ἦν
3082 4416 3120 4495 ἦ
3148 4412 3401 4495 ποιότης,
3424 4413 3544 4480 ἔδει
3565 4421 3774 4496 ζητεῖν,
3797 4416 3884 4483 τίς
3911 4415 4066 4479 οὖσα

2371 4517 2721 4602 μετέχεται;
2771 4521 2825 4583 εί
2866 4519 2932 4582 δὲ
2978 4520 3046 4581 ἐν
3090 4519 3229 4599 ἡμῖν
3274 4520 3405 4581 ἐστι
3447 4517 3542 4581 καὶ
3587 4518 3693 4582 οὐκ
3736 4517 3903 4586 ἐκτὸς
3946 4523 4064 4582 τῶν

2372 4626 2557 4685 ποιῶν
2584 4620 2905 4702 ὑφέστηκε,
2935 4624 3121 4700 δῆλον
3149 4621 3228 4688 ὥς
3255 4620 3360 4684 οὐκ
3388 4621 3543 4684 ἄλλο
3570 4622 3684 4700 μὲν
3712 4621 3856 4701 ath-{j
3885 4620 3953 4685 τὸ
3987 4621 4066 4685 εἶ-

2378 4749 2492 4797 ναι,
2525 4724 2681 4787 ἄλλο
2725 4725 2791 4787 δὲ
2836 4721 2905 4786 τὸ
2951 4722 3330 4806 μετέχεσθαι,
3372 4723 3507 4786 οὐδὲ
3553 4721 3678 4787 καθ’
3710 4724 3913 4806 ἕτερον
3953 4726 4066 4804 μὲν

2376 4823 2597 4907 τρόπον
2627 4825 2756 4889 ἐστὶ
2785 4823 2911 4889 καθ’
2944 4825 3176 4905 ἑαυτὴν,
3210 4823 3331 4889 κατ’
3356 4825 3513 4889 ἀλλο
3543 4827 3609 4889 δὲ
3635 4829 3717 4913 τῷ
3743 4831 3891 4914 ποιῷ
3919 4853 4071 4911 παρ-

2380 4928 2506 5013 έχει
2543 4928 2613 4992 τὸ
2654 4927 2806 4993 εἶναι
2844 4929 2941 4993 καὶ
2976 4927 3286 5011 λέγεσθαι,
3320 4926 3458 4992 ἀλλ’
3492 4930 3560 4992 ἐν
3584 4931 3664 5014 τῷ
3695 4929 3866 5015 αὐτῷ,
3897 4928 3985 5004 τό,
3998 4955 4065 4993 τε

2379 5031 2647 5117 ἔχεσθαι,
2680 5032 2775 5096 καὶ
2801 5032 2869 5096 τὸ
2900 5031 3072 5107 εἶναι,
3109 5031 3204 5095 καὶ
3244 5029 3312 5094 τὸ
3346 5029 3521 5094 ποιὸν
3547 5028 3936 5113 παρέχεσθαι,
3971 5032 4068 5095 ἐπὶ

2379 5140 2480 5215 τῆς
2513 5132 2821 5216 ποιότητος
2858 5139 3181 5217 θεωρεῖται.
3226 5132 3379 5202 εἶδος
3421 5132 3535 5217 γάρ
3576 5135 3742 5197 ἐστιν
3768 5134 3804 5214 ἡ
3833 5131 4068 5214 ποιότης

2378 5243 2483 5303 τοῦ
2520 5238 2788 5321 ἔχοντος.
2832 5240 2865 5302 6
2910 5238 3112 5302 τοίνυν
3149 5239 3245 5300 διὰ
3287 5240 3392 5300 τοῦ
3434 5240 3606 5301 ποιοΰ
3640 5236 3748 5316 τὴν
3783 5233 4066 5316 ποιότητα

2379 5341 2705 5416 ἀποδιδοὺς,
2735 5341 2844 5421 τὴν
2873 5339 3227 5422 κυριωτάτην
3258 5337 3512 5421 ἰδιότητα
3552 5339 3727 5419 αὑτῆς
3770 5365 4062 5424 χαρακτη-

2377 5445 2538 5526 ρίζει,
2572 5444 2666 5507 καὶ
2703 5445 2850 5524 ὁμοῦ
2886 5444 2973 5511 τίς
3009 5441 3078 5506 τέ
3114 5445 3263 5518 ἐστι,
3299 5443 3395 5508 καὶ
3426 5443 3560 5507 τίνα
3595 5443 3919 5527 παρέχεται
3960 5445 4067 5524 τὴν

2380 5548 2773 5629 ἀπεργασίαν,
2808 5548 2874 5612 ἐν
2902 5551 3024 5613 τοῖς
3053 5545 3187 5610 οὖσι
3215 5547 3590 5627 παρίστησιν.
