5118 6613
1326 564 1533 629 LIB.
1583 564 1715 628 lx.
1762 564 2227 628 ENNEAD.
2276 564 2806 629 SECUNDAE.
2850 586 2915 652 p.
2937 580 3300 649 393-397.

548 738 612 803 in
642 754 939 817 mentem,
967 736 1079 826 qui
1120 735 1389 801 animam
1434 735 1842 801 universalem
1880 737 2103 801 animae
2133 737 2247 801 hu-

552 864 751 907 manae
777 840 1194 924 πρεσβυτέραν
1221 840 1511 923 ἀδελφὴν,
1540 862 1814 905 sororem
1855 849 2014 905 natu
2058 843 2251 927 majo-

550 966 681 1010 rem
709 943 1002 1033 appellat.
1056 942 1196 1008 vid.
1231 942 1595 1009 Cudworth.
1626 944 1690 1007 in
1734 946 2002 1031 System.
2036 942 2247 1009 Intell.

553 1071 617 1136 p.
646 1067 793 1134 700.
846 1048 949 1112 ed.
1003 1047 1256 1112 Mosh.”
1345 1048 1507 1113 Haec
1569 1046 1887 1112 Tholuck.
1944 1046 2242 1113 Animam

547 1168 758 1218 autem
789 1151 1007 1218 mundi
1050 1175 1090 1217 a
1131 1154 1275 1217 Deo
1306 1151 1611 1217 diversam
1656 1174 1787 1216 esse
1828 1169 2017 1241 negat
2058 1152 2242 1217 etiam

548 1255 735 1321 Philo
805 1258 851 1321 J
856 1256 1076 1321 udaeus
1147 1257 1311 1343 Leg.
1383 1254 1794 1344 Allegoriarr.
1855 1257 1914 1320 I.
1989 1279 2052 1344 p.
2096 1274 2238 1340 172.

547 1358 754 1425 Pseiff.
782 1360 821 1439 ἡ
848 1363 965 1442 γὰρ
987 1365 1103 1424 τῶν
1124 1361 1286 1423 ὅλων
1311 1359 1483 1444 ψυχὴ
1511 1361 1645 1428 θεός
1672 1361 1802 1423 ἐστι
1834 1357 1954 1423 κατ’
1982 1361 2237 1425 ἔννοιαν.

549 1465 863 1529 Caeterum
907 1462 987 1527 cf.
1018 1462 1273 1549 insuper
1317 1460 1689 1527 Cudworth.
1725 1476 1789 1527 et
1833 1462 2147 1527 Moshem.
2177 1462 2241 1526 in

547 1566 949 1654 sequentibus
998 1589 1064 1654 p.
1106 1583 1253 1648 702.
1301 1587 1394 1653 sq.
1438 1578 1502 1630 et
1545 1582 1690 1649 714.
1738 1580 1801 1631 et
1855 1565 2089 1654 inspice
2131 1566 2245 1630 hos

551 1668 713 1735 locos
757 1668 993 1734 Plotini
1037 1668 1181 1733 III.
1211 1688 1275 1749 4.
1295 1668 1356 1732 6.
1405 1669 1481 1731 V.
1514 1688 1568 1732 1.
1600 1687 1657 1732 2.
1697 1690 1762 1756 p.
1784 1669 1934 1755 483.
1981 1670 2058 1733 V.
2097 1689 2150 1733 1.
2177 1689 2242 1756 3.

546 1796 607 1862 p.
627 1773 780 1855 484.
810 1786 875 1837 et
903 1773 980 1836 V.
1017 1791 1073 1836 1.
1105 1773 1163 1836 6.
1194 1793 1256 1859 p.
1280 1771 1429 1856 487.
1518 1770 1619 1836 Ad
1648 1770 1982 1836 formulam
2025 1772 2104 1836 cf.
2146 1796 2247 1837 su-

549 1899 664 1965 pra
711 1898 780 1963 p.
808 1876 953 1942 216.
998 1876 1100 1939 E:
1169 1875 1341 1959 ψυχῆ
1398 1877 1464 1939 δὲ
1517 1879 1687 1939 πᾶσα
1728 1874 1947 1956 πατρὸς
2000 1877 2241 1941 ἐκείνου.

552 1982 785 2045 Vocem
817 1981 1081 2061 ἀδελφῆς
1122 2000 1162 2042 a
1205 1976 1461 2042 Platone
1505 1991 1829 2042 mutuatus
1871 1989 1986 2056 est,
2014 1979 2124 2065 qui
2168 1978 2249 2043 de

552 2084 718 2171 Rep.
774 2081 920 2146 III.
953 2101 1049 2167 13.
1102 2104 1167 2169 p.
1194 2101 1341 2162 404.
1382 2081 1469 2144 A.
1508 2080 1631 2145 ita:
1671 2078 1805 2164 'Ap'
1855 2082 1962 2146 οὖν
2004 2083 2042 2162 ἡ
2089 2089 2242 2163 βελ-

552 2188 723 2266 τίστη
751 2185 1116 2269 γυμναστικὴ
1152 2183 1389 2267 ἀδελφή
1416 2210 1503 2253 τις
1532 2181 1608 2247 ἂν
1638 2186 1727 2264 εἴη
1755 2189 1856 2264 τῆς
1884 2187 2075 2264 ἁπλῆς
2098 2211 2246 2265 μου-

546 2292 731 2370 σικῆς,
776 2288 851 2369 ἣν
895 2288 1108 2370 ὀλίγον
1148 2288 1439 2370 πρότερον
1481 2291 1721 2368 διῇμενς
1771 2286 1953 2351 Alios
1996 2287 2249 2377 insuper

546 2394 714 2459 locos
742 2391 1111 2480 scriptorum
1135 2388 1385 2478 collegit
1413 2389 1758 2455 Ruhnken.
1778 2388 1862 2453 ad
1890 2390 2054 2457 Tim.
2084 2394 2248 2459 Lex.

551 2495 717 2562 Plat.
752 2518 820 2583 p.
841 2515 908 2581 3.
997 2493 1191 2560 Adde
1236 2492 1480 2558 Philon.
1529 2486 1735 2581 Legg.
1781 2492 2093 2582 Allegorr.
2146 2497 2247 2561 II.

551 2623 616 2688 p.
652 2618 793 2685 ¹90·
860 2596 1066 2662 Pfeiff.
1121 2620 1184 2685 p.
1228 2597 1384 2682 198:
1423 2594 1640 2661 Ἔστιν
1687 2597 1845 2678 ἄλλη
1892 2599 2132 2680 δύναμις
2182 2603 2251 2665 ἐν

554 2708 742 2787 ψυχῇ,
768 2703 992 2767 τούτων
1021 2700 1274 2784 ἀδελφὴ,
1304 2701 1342 2780 ἡ
1372 2699 1697 2780 αἰσθητική.
1791 2699 2038 2766 Platon.
2061 2704 2245 2790 Sym-

555 2830 689 2895 pos.
741 2827 806 2893 p.
852 2823 998 2870 210.
1055 2827 1119 2891 p.
1163 2821 1315 2884 442.
1364 2801 1564 2867 Bekk.
1614 2802 1854 2868 AElian.
1903 2805 1980 2868 V.
2014 2806 2106 2871 H.
2152 2806 2242 2870 X.

563 2930 696 2991 14.:
766 2909 803 2989 ἡ
844 2908 1023 2990 ἀργία
1080 2905 1313 2988 ἀδελφὴ
1357 2910 1458 2985 τῆς
1498 2907 1857 2989 ἐλευθερίας.
1902 2908 1979 2972 cf.
2017 2909 2107 2973 X.
2145 2910 2242 2975 18.

555 3014 1023 3098 Nonnunquam
1043 3008 1367 3074 commode
1382 3009 1611 3073 similis
1624 3009 1910 3074 vertitur.
1934 3010 2017 3075 cs.
2041 3012 2241 3078 Koen.

552 3116 632 3182 ad
663 3116 933 3203 Gregor.
970 3112 1253 3179 Corinth.
1284 3135 1347 3200 p.
1378 3114 1524 3197 269.
1613 3113 1715 3177 De
1741 3136 1860 3177 usu
1880 3112 2240 3202 Adjectivi:

553 3222 790 3303 ἀδελφὰ
816 3219 1039 3283 τούτων
1063 3215 1192 3280 sive
1220 3216 1466 3294 τούτοις,
1497 3214 1659 3280 adde
1691 3215 1983 3283 Valcken.
2013 3218 2242 3285 Scholl.

553 3322 614 3388 in
647 3324 842 3389 N.T.
877 3322 977 3385 ΙΙ.
1010 3343 1075 3409 p.
1099 3339 1206 3406 33.

635 3449 698 3515 p.
728 3445 814 3512 39
816 3440 881 3511 5,
912 3426 1010 3489 18.
1041 3421 1397 3505 ἢάδελφοὺς
1415 3423 1528 3503 μὲν
1550 3424 1646 3487 καὶ
1673 3424 1806 3492 τοὺς
1835 3424 2247 3507 φαυλοτάτους

554 3532 782 3610 ἀξιοῦσι
822 3525 1217 3609 προσενέπειν
1268 3552 1321 3589 κ.
1343 3551 1398 3590 τ.
1420 3527 1517 3615 λ.]
1568 3525 1781 3589 videri
1823 3526 1959 3591 haec
2006 3528 2246 3615 possint

553 3632 863 3721 pertinere
891 3629 974 3693 ad
1004 3628 1432 3702 Christianos;
1483 3626 1595 3692 hos
1628 3628 1791 3693 enim
1829 3652 2011 3694 nemo
2054 3632 2248 3697 nescit

552 3734 699 3801 olim
757 3757 824 3799 se
856 3734 1122 3819 fratres
1179 3745 1244 3795 et
1297 3752 1542 3796 sorores
1608 3731 1972 3819 appellasse.
2076 3734 2249 3801 Hinc

551 3838 806 3921 ἀδελφοὶ
843 3858 1006 3921 saepe
1039 3835 1419 3913 Christiani,
1452 3835 1703 3922 Evang.
1740 3836 1981 3901 Matth.
2016 3837 2246 3905 XXV.

545 3961 652 4023 40.
696 3942 910 4005 Actor.
947 3939 1067 4003 VI.
1092 3957 1154 4023 3.
1204 3957 1233 4001 1
1272 3938 1417 4000 Cor.
1449 3960 1517 4001 V.
1552 3957 1648 4001 11.
1680 3953 1743 4003 et
1777 3938 2005 4026 passim
2045 3939 2110 4004 in
2155 3941 2243 4006 N.

547 4047 634 4111 T.
666 4057 732 4110 et
772 4042 836 4107 in
881 4040 1125 4126 scriptis
1167 4054 1417 4128 patrum
1459 4038 1749 4105 ecclesiae.
1824 4041 1966 4106 Vid.
2003 4041 2237 4108 Suicer.

553 4148 866 4213 Thesaur.
912 4142 1274 4210 Ecclesiast.
1303 4144 1381 4208 T.
1409 4144 1468 4208 I.
1500 4166 1566 4231 p.
1595 4144 1696 4209 86.
1736 4158 1801 4209 et
1822 4144 2053 4210 Vorstii
2084 4145 2238 4210 Phi-

546 4250 646 4316 lol.
696 4250 888 4315 Sacra
922 4270 975 4313 c.
1009 4266 1072 4333 3.
1103 4268 1167 4334 p.
1195 4248 1300 4329 67.
1344 4245 1443 4311 ed.
1493 4246 1771 4311 Fischer.
1861 4246 1984 4312 Sed
2030 4260 2240 4314 tamen

539 4377 684 4421 cum
713 4374 837 4418 vox
867 4351 1121 4433 ἀδελφοὶ
1144 4349 1456 4415 veteribus
1472 4348 1657 4414 etiam
1687 4349 2093 4437 scriptoribus
2119 4352 2237 4418 hac

539 4455 846 4523 sententia
885 4467 1248 4540 usurpetur,
1290 4467 1361 4516 ut
1403 4454 1624 4535 φίλων,
1655 4454 2022 4533 amicorum,
2052 4468 2115 4519 et
2160 4455 2237 4520 si-

547 4559 755 4625 milem
784 4557 912 4622 vim
955 4553 1268 4621 includat:
1318 4554 1445 4620 vid.
1482 4554 1791 4620 Pricaeum
1833 4555 1916 4621 ad
1946 4556 2240 4646 Appuleii

549 4664 816 4727 Metam.
866 4660 1054 4741 I.44.
1099 4657 1285 4721 Tom.
1322 4656 1460 4721 ΙΙΙ.
1505 4679 1573 4744 p.
1600 4673 1738 4742 157.
1784 4657 1884 4722 ed.
1920 4659 2233 4739 Bosschae,

550 4764 816 4832 Dorvill.
861 4761 942 4828 ad
989 4760 1312 4827 Chariton.
1363 4762 1482 4825 IV.
1503 4780 1569 4848 3.
1610 4785 1678 4849 p.
1710 4781 1860 4848 433.
1907 4761 2004 4827 ed.
2054 4763 2233 4852 Lips.

545 4868 641 4959 [p.
668 4869 816 4956 384.
846 4865 951 4931 ed.
982 4866 1228 4954 Amst.]
1259 4879 1323 4929 et
1367 4863 1595 4928 Sturzii
1646 4865 1805 4929 Lex.
1855 4866 2154 4955 Xenoph.
2180 4869 2236 4933 Ι.

546 4995 607 5061 p.
635 4976 776 5059 51.)
808 4992 924 5035 nec
964 4965 1373 5054 improbabile
1412 4982 1527 5046 est,
1558 4967 1717 5031 hanc
1760 4968 2237 5056 appellationem

548 5076 706 5141 inter
764 5071 1100 5139 Gnosticos
1155 5069 1340 5135 etiam
1399 5069 1603 5135 mutui
1647 5071 1874 5136 amoris
1931 5071 2234 5160 significa-

549 5179 775 5245 tionem
815 5175 1123 5240 habuisse.
1214 5174 1521 5239 Extrema
1559 5188 1770 5239 autem
1811 5177 2059 5257 στόματι
2099 5203 2232 5258 μαι-

544 5282 771 5369 νομένῳ
812 5278 1043 5345 furoris
1086 5276 1375 5343 Bacchici
1425 5275 1767 5364 epitheton.
1840 5278 1985 5343 vid.
2049 5280 2237 5344 modo

544 5384 852 5450 Clement.
899 5381 1093 5448 Alex.
1138 5380 1459 5446 Cohortat.
1517 5403 1581 5468 p.
1614 5399 1676 5465 3.
1722 5403 1892 5468 supr.
1934 5396 1999 5447 et
2047 5405 2110 5470 p.
2127 5402 2235 5468 30.

545 5487 703 5553 med.
744 5485 843 5552 ed.
885 5487 1128 5553 Potter.
1172 5499 1235 5548 et
1277 5482 1569 5549 admonet
1610 5482 1903 5548 similium
1932 5483 2228 5549 formula-

546 5614 709 5670 tum,
756 5606 831 5657 ut
877 5588 1191 5674 ἀχάλινον,
1237 5587 1500 5669 ἀκρατὲς,
1541 5587 1872 5669 ἀθύρωπον,
1919 5589 2231 5654 ἀπύλωτον

3907 582 4027 651 133

2335 740 2546 818 στόμα,
2578 736 2852 824 itemque
2883 738 3329 818 ἀθυροστομίας.
3391 738 3493 801 De
3520 736 3638 801 hoc
3666 735 3809 801 vide
3834 735 4024 824 Wyt-

2336 841 2499 906 tenb.
2531 842 2614 905 ad
2651 840 2966 905 Plutarch.
3005 839 3084 905 de
3129 839 3399 905 Educat.
3437 863 3612 928 puer.
3645 865 3711 929 p.
3740 860 3885 929 132.
3917 840 4019 907 ed.

2336 947 2543 1009 Oxou.
2634 945 2923 1009 Fortasse
2965 943 3146 1009 etiam
3192 942 3479 1008 Plotinus
3509 942 3788 1009 Platonis
3815 943 4018 1010 locum

2332 1047 2412 1111 de
2457 1050 2618 1135 Rep.
2651 1047 2857 1112 VIII.
2899 1068 2999 1134 13.
3044 1070 3105 1135 p.
3128 1050 3278 1133 562.
3322 1070 3415 1135 sq.
3459 1062 3604 1112 ante
3646 1047 3859 1113 oculos
3908 1049 4019 1114 ha-

2327 1150 2484 1215 buit.

2412 1276 2477 1341 p.
2503 1254 2654 1339 396,
2676 1254 2734 1317 6.
2773 1250 2953 1317 Ἐστι
2983 1254 3049 1317 δὲ
3077 1257 3274 1333 τοῦτο,
3306 1253 3374 1317 τὸ
3406 1254 3487 1334 μὴ
3518 1256 3777 1345 κρούειν]
3824 1257 4023 1321 Rece-

2329 1354 2534 1444 pimus
2561 1355 2881 1420 lectionem
2916 1355 3210 1443 marginis
3238 1370 3303 1420 et
3335 1354 3634 1421 librorum
3666 1361 4020 1424 nostrorum

2327 1458 2625 1525 omnium.
2720 1460 2802 1523 Et
2833 1458 2968 1524 Fic.
2998 1458 3182 1524 etiam
3209 1458 3361 1546 legit
3388 1474 3666 1525 vertens:
3718 1468 3762 1501 “
3793 1462 3875 1527 Id
3904 1486 4017 1527 au-

2330 1577 2453 1626 tem
2473 1576 2566 1627 est
2594 1583 2626 1626 e
2652 1585 2767 1627 suo
2788 1562 3014 1650 gradu
3033 1584 3160 1627 non
3183 1562 3427 1649 dqyiciff'
3472 1563 3751 1652 Taylor:
3789 1571 3829 1604 “
3862 1566 4023 1632 This

2328 1665 2626 1743 however,
2670 1667 2933 1730 consi-sis
2981 1689 3054 1728 nv
3097 1688 3304 1729 asmo
3346 1689 3520 1730 rnna
3568 1691 3744 1732 raon
3776 1692 4020 1733 111va-

2334 1771 2551 1833 ειοΝ.-”
2594 1784 2658 1835 et
2700 1768 3072 1856 respondere
3115 1767 3203 1832 illi
3236 1772 3427 1835 verbo
3469 1768 3719 1836 videtur
3760 1773 4021 1838 verbum

2330 1872 2698 1953 πλήττεσθαι
2739 1871 2804 1935 in
2844 1895 3013 1958 seqq.
3085 1871 3470 1937 Crediderim
3514 1889 3726 1939 autem
3769 1875 3833 1941 h.
3852 1874 3899 1941 l.
3942 1876 4025 1941 ad

2334 1978 2564 2057 κρούειν
2621 1974 3029 2062 cogitandum
3072 1998 3202 2039 esse
3257 1978 3550 2058 πρύμναν,
3594 1976 3637 2041 i.
3656 2000 3709 2042 e.
3755 1979 4022 2067 puppim

2334 2076 2582 2165 pellere,
2631 2078 2692 2141 h.
2724 2101 2779 2142 e.
2840 2076 3136 2166 paulatim
3197 2078 3580 2144 retrocedere
3631 2080 3752 2145 κατ’
3814 2084 4026 2165 ὀλίγον

2335 2183 2686 2266 ἀναχωρεῖν,
2718 2180 2845 2245 sive
2873 2181 3047 2245 navis
3079 2204 3329 2246 cursum
3360 2181 3448 2247 ita
3475 2181 3710 2263 sistere,
3743 2201 3815 2250 ut
3843 2185 4028 2252 remis

2335 2307 2470 2348 eam
2506 2307 2748 2372 premas
2776 2308 2848 2349 ac
2875 2283 3198 2372 paullatim
3228 2300 3394 2350 retro
3421 2309 3589 2374 agas.
3637 2287 3811 2371 (Vid.
3844 2288 4021 2354 'rhu-

2335 2386 2477 2475 cyd.
2528 2388 2711 2472 I.51.
2762 2388 3029 2472 III.78.
3093 2387 3171 2452 V.
3223 2408 3322 2473 17.
3368 2388 3522 2477 ibiq.
3571 2389 3775 2457 Schol.
3823 2406 3888 2457 et
3928 2392 4023 2457 in-

2336 2493 2594 2577 terprr.)
2683 2492 2843 2568 Quae
2871 2488 3234 2579 significatio
3275 2490 3501 2557 deinde
3542 2516 3660 2581 per
3699 2495 4022 2583 metapho-

2334 2616 2468 2657 ram
2498 2592 2786 2658 traducta
2813 2608 2905 2659 est
2933 2593 3015 2659 ad
3045 2617 3169 2672 eos,
3200 2594 3334 2682 qui,
3363 2594 3603 2684 impetu
3632 2596 3697 2660 in
3726 2621 3830 2662 eos
3859 2595 4025 2665 facto

2333 2718 2457 2789 non
2487 2695 2783 2761 resistunt
2824 2696 2930 2760 sed
2976 2695 3260 2784 paullum
3288 2699 3611 2780 recedunt,
3645 2698 3738 2765 vel
3768 2700 4028 2768 fortasse

2332 2799 2515 2865 etiam
2547 2798 2628 2864 de
2655 2798 2750 2877 iis,
2778 2799 2888 2887 qui
2919 2799 2979 2863 in
3011 2801 3378 2866 contrariam
3411 2816 3649 2890 partem
3675 2826 3740 2868 se
3767 2827 4025 2869 conver-

2332 2917 2495 2967 tunt.
2587 2900 2812 2968 Altera
2840 2917 3044 2967 tamen
3075 2902 3305 2969 locutio
3348 2905 3678 2971 consimilis
3720 2907 4027 2995 significat

2333 3010 2515 3071 διπλᾶ
2548 3009 2779 3090 κρούειν
2805 3030 2845 3071 a
2886 3030 2955 3072 re
2997 3007 3235 3073 musica
3276 3008 3608 3097 desumpta
3649 3025 3767 3092 est,
3800 3011 3848 3076 si
3878 3012 4036 3077 fides

2336 3107 2694 3175 Scholiasta-³
2741 3109 3070 3175 Marciano
3111 3111 3194 3175 ad
3237 3111 3500 3177 Aristid.
3543 3114 3629 3177 T.
3663 3114 3762 3179 ΙΙ.
3792 3137 3854 3204 p.
3880 3135 4030 3197 402.

2329 3214 2370 3279 J
2372 3213 2517 3278 ebb.
2549 3214 2617 3279 τὸ
2648 3219 2827 3279 διπλᾶ
2857 3217 3104 3298 κρούειν·
3148 3216 3431 3298 παροιμία
3471 3217 3569 3281 ἐπὶ
3610 3223 3727 3281 τῶν
3758 3221 4028 3304 ἐπαμφο-

2328 3322 2670 3403 τεριζόντων
2704 3318 3044 3400 ταττομένη.
3098 3319 3329 3404 ἐλήφθη
3368 3323 3434 3385 δὲ
3473 3323 3540 3385 ἐκ
3579 3327 3697 3386 τῶν
3733 3332 4033 3403 μουσικῶν

2329 3421 2621 3506 ὀργάνων,
2653 3420 2692 3486 ἃ
2719 3426 2938 3507 χορδὰς
2968 3422 3329 3504 ἑκατέρωθεν
3371 3423 3498 3506 ἔχει
3539 3451 3593 3487 κ.
3608 3450 3662 3489 τ.
3683 3432 3746 3498 λ,
3822 3427 4028 3492 Usur-

2328 3541 2519 3614 patur
2569 3540 2778 3590 autem
2828 3524 2907 3590 de
2957 3525 3227 3603 homine,
3271 3526 3383 3613 qui
3430 3526 3553 3590 sibi
3594 3548 3722 3590 non
3768 3539 4029 3596 constat.

2330 3627 2484 3694 Vid.
2517 3630 2874 3715 Cognatum
2913 3644 2976 3692 et
3017 3628 3326 3692 Jacobum
3373 3627 3732 3693 Morellium
3761 3629 3844 3695 ad
3873 3633 4026 3698 Ari-

2333 3730 2509 3797 stidis
2538 3730 2792 3818 Leptin.
2824 3754 2884 3818 p.
2924 3733 3066 3795 162.
3097 3754 3187 3818 sq.

2447 3872 2536 3884 —
2565 3856 2624 3920 9.
2673 3836 2849 3916 ἀρετῇ
2895 3837 3000 3901 τὰς
3037 3836 3272 3916 πληγὰς
3324 3834 3676 3915 ἀπωθοίμεθ’
3737 3834 3836 3923 ἂν]
3909 3839 4025 3904 Ad

2332 3935 2493 4002 hanc
2519 3936 2852 4001 formulam
2887 3935 3138 4012 adhibe,
3184 3958 3329 4022 quae
3359 3937 3811 4023 Wyttenbach.
3846 3939 4028 4006 colle-

2325 4039 2421 4128 git
2460 4039 2540 4104 ad
2592 4038 2827 4106 Juliaui
2886 4041 3064 4103 Orat.
3121 4040 3182 4103 I.
3230 4061 3294 4126 p.
3337 4040 3433 4103 18.
3479 4062 3546 4126 p.
3585 4061 3725 4123 177.
3775 4066 3869 4130 sq.
3915 4045 4017 4109 ed.

2328 4141 2896 4230 Epa-Proxime
2938 4140 3194 4204 Ficinus
3231 4162 3355 4204 nou
3390 4142 3692 4229 expressit
3725 4143 3761 4224 ἦ
3800 4147 4020 4227 ὁρωμέ-

2327 4271 2465 4314 νοις.
2541 4246 2689 4331 Ego
2717 4243 2779 4307 in
2812 4242 3089 4308 versione
3117 4241 3354 4322 addidi,
3384 4243 3544 4309 sicut
3571 4245 3755 4311 etiam
3782 4248 4028 4338 Taylor

2322 4348 2489 4414 fecit.
2583 4348 2879 4437 Suspicor
2908 4363 3112 4412 tamen
3155 4346 3338 4434 plura
3371 4348 3670 4414 excidisse
3698 4366 3840 4439 post
3871 4355 4019 4435 ὁρω-

2320 4453 2541 4533 μένοις,
2576 4475 2721 4540 quae
2749 4451 2831 4517 ad
2858 4449 3129 4538 reliquos
3146 4473 3359 4515 sensus
3386 4452 3681 4536 corporis,
3708 4454 4020 4535 auditum,

2323 4555 2620 4621 olfactum
2669 4554 3064 4643 pertinerent.
3157 4555 3317 4618 Mox
3358 4577 3502 4619 cum
3549 4555 3693 4621 Vat.
3740 4557 3902 4623 Cod.
3958 4577 4023 4626 et

2325 4658 2633 4737 Marsili0,
2664 4679 2852 4745 quem
2895 4656 3081 4722 etiam
3121 4654 3364 4744 Taylor
3398 4673 3648 4723 secutus
3685 4674 3800 4739 est,
3831 4660 4021 4749 scrip-

2321 4761 2514 4827 simus
2558 4764 2625 4826 ἐν
2669 4761 2777 4846 θέᾳ
2815 4782 2931 4848 pro
2974 4759 3169 4825 ἔνθεα.
3245 4759 3657 4826 Correctionis
3698 4763 4021 4829 necessita-

2326 4880 2449 4931 tem
2479 4887 2779 4952 cognosce
2807 4886 2887 4927 ex
2914 4861 3035 4942 his,
3062 4886 3207 4950 quae
3245 4860 3457 4951 paullo
3499 4877 3643 4950 post
3684 4854 4012 4953 leguntur}

2324 4969 2459 5034 οὐδὲ
2490 4971 2543 5032 εἰ
2569 4969 2740 5047 μόνοι
2765 4965 3007 5048 λέγοιεν
3033 4971 3275 5049 θεωρεῖν
3302 4968 3608 5040 δύνασθαι,
3641 4996 3694 5032 κ.
3718 4994 3771 5034 τ.
3797 4978 3857 5033 λ.
4123 5048 4132 5057 ·

2404 5094 2472 5159 p.
2495 5089 2647 5157 397,
2670 5089 2731 5156 3.
2781 5069 3012 5150 ἔξεο-τιν
3053 5070 3159 5135 οὖν
3211 5069 3304 5133 καὶ
3352 5070 3433 5150 μὴ
3481 5078 4013 5152 φιλοσωματεῖν-

2325 5177 2419 5241 καὶ
2445 5180 2552 5240 τοῦ
2577 5172 2834 5239 θανάτου
2864 5173 3287 5261 καταφρονεῖν]
3322 5173 3484 5238 Haec
3509 5171 3834 5238 Platonem
3862 5196 4008 5239 auc-

2319 5293 2514 5344 torem
2546 5277 2803 5342 habent.
2895 5276 3002 5340 Ita
3037 5275 3200 5340 enim
3244 5273 3347 5339 ille
3379 5274 3443 5339 in
3477 5275 3794 5341 Phaedone
3822 5301 3876 5341 c.
3909 5298 4008 5364 13.

2320 5405 2384 5470 p.
2419 5382 2520 5446 68.
2553 5381 2632 5446 B.
2661 5381 2871 5444 οὐκοῦν
2910 5380 3113 5443 ἱκανόν
3148 5403 3247 5443 σοι
3284 5378 3610 5461 τεκμήριον,
3658 5378 3793 5461 ἔφη,
3836 5385 4009 5446 τοῦτο

2317 5484 2526 5566 ἀνδρὸς
2570 5483 2642 5547 ὃν
2670 5480 2745 5546 ἂν
2786 5485 2910 5561 ἴδης
2952 5482 3396 5563 ἀγανακτοῦντα
3434 5480 3738 5561 μέλλοντα
3781 5483 4003 5548 ἀποθα-

2317 5590 2569 5659 νεῖσθαι,
2609 5585 2700 5649 ὅτι
2735 5585 2840 5648 οὐκ
2881 5582 2969 5665 ἄρ’
3002 5583 3077 5662 ἦν
3109 5586 3467 5667 φιλόσοφος,
3501 5582 3664 5648 ἀλλά
3697 5611 3783 5652 τις
3825 5594 4003 5668 φιλο-
