5118 6613
1055 554 1185 625 452

1060 711 1202 772 visui
1249 711 1489 772 formam
1551 711 1675 771 caeli
1738 730 1854 771 non
1915 708 2167 790 imprimi

1098 792 1372 888 ‘quinque
1395 794 1740 886 argumentis
1761 794 2032 872 probatur
2045 808 2120 868 45
2132 810 2164 850 2

1061 874 1219 943 visui,
1243 895 1371 953 quoe
1394 872 1791 953 subjiciuntur,
1812 874 2006 933 omnia
2025 889 2165 942 0880,

1130 956 1442 1034 eademque
1465 975 1578 1014 non
1600 975 1724 1015 0880
1742 953 2023 1048 simplicia
2049 967 2164 1029 557

1065 1036 1211 1096 visus
1238 1036 1455 1096 lumine
1481 1036 1697 1131 indiget
1817 1035 1936 1095 Fic.
1965 1057 2022 1114 p.
2053 1051 2164 1110 172

1065 1118 1212 1177 inter
1237 1118 1440 1177 Visum
1477 1134 1537 1177 et
1562 1117 1775 1178 visibile
1816 1125 2004 1176 aerem
2049 1135 2166 1174 0011

1145 1220 1268 1259 0880
1305 1201 1621 1259 necessario
1653 1199 2074 1266 intermedium,
2103 1208 2169 1256 ut

1148 1281 1344 1340 formas
1370 1281 1422 1340 ei
1442 1279 1868 1375 imprimantur,
1900 1280 2170 1358 probatur

1146 1361 1326 1421 tribus
1353 1360 1664 1420 ratiombus
2046 1377 2168 1434 444

1064 1443 1268 1502 vitium
1296 1442 1434 1523 quid
2049 1458 2172 1516 304

1068 1524 1266 1584 vitium
1296 1522 1585 1619 qupmodo
1612 1533 1985 1602 cognoscatur
2092 1522 2167 1596 78

1067 1605 1263 1664 vitium
1306 1604 1482 1663 animi
1514 1603 1770 1682 quaedam
1810 1601 2169 1661 imbecillitas

1822 1684 1941 1744 Fic.
1970 1705 2027 1762 p.
2058 1702 2171 1759 134

1068 1766 1270 1826 vitium
1315 1786 1432 1825 non
1473 1779 1561 1826 est
1600 1786 1887 1825 summum
1930 1764 2140 1823 malum

1817 1847 1943 1906 Fic.
1975 1867 2028 1924 p.
2063 1864 2168 1922 133

1070 1929 1206 1988 vitia
1230 1929 1618 1988 additamenta
1657 1940 1793 1987 sunt
1822 1926 1998 2008 ipsius
2041 1926 2175 1986 mali

1070 2090 1207 2150 vitia
1233 2090 1467 2150 moralia
2136 2090 2175 2147 6

1071 2172 1208 2231 vitia
1233 2171 1436 2231 animae
1464 2185 1600 2232 sunt
1626 2171 2012 2231 additamenta
2051 2170 2175 2245 464

1070 2253 1332 2313 vitiorum
1362 2254 1521 2334 origo
2099 2266 2171 2328 75

1069 2334 1252 2394 vivere
1280 2335 1398 2394 fato
1426 2334 1562 2414 quid
2064 2352 2174 2406 142

1071 2415 1260 2476 vivere
1283 2416 1633 2496 aequivocum
1663 2414 2025 2496 distinguitur
2097 2433 2176 2490 30

1072 2496 1255 2557 vivere
1285 2518 1399 2557 non
1430 2510 1518 2557 est
1543 2498 1843 2557 univocum
2098 2514 2129 2571 3
2148 2514 2169 2553 1

1071 2577 1295 2638 vivendi
1344 2598 1544 2638 sensus
1590 2579 1845 2660 gradatio
1889 2591 1950 2637 et
1992 2577 2176 2637 incre-

1140 2672 1400 2719 mentum
1421 2660 1710 2738 quomodo
1732 2660 1804 2720 ad
1832 2660 2019 2739 ipsum
2039 2678 2177 2739 gau-

1139 2740 1217 2799 dii
1247 2743 1460 2801 bonum
1491 2742 1757 2801 ascendat
2061 2756 2172 2816 721

1073 2823 1189 2880 vita
1869 2821 1987 2880 Fic.
2017 2841 2075 2899 p.
2098 2821 2180 2895 46

1074 2903 1189 2963 vita
1214 2902 1350 2979 quid
1740 2901 1858 2961 Fic.
1889 2923 1946 2981 p.
1973 2918 2068 2977 47,
2098 2902 2178 2977 48

1155 2984 1293 3042 item
1699 2982 1819 3043 Fic.
1852 3003 1909 3061 p.
1938 3000 2032 3061 79.
2071 2984 2180 3059 198

1076 3065 1193 3123 vita
1216 3065 1400 3143 prima
1426 3085 1550 3142 quae
1837 3064 1952 3123 Fic.
1982 3085 2039 3143 p.
2061 3065 2182 3140 629

1074 3147 1191 3205 vita
1218 3165 1332 3204 una
1356 3145 1564 3223 ubique
1585 3144 1806 3225 vigente
1832 3158 2041 3218 cuncta
2068 3145 2181 3223 spi-

1158 3246 1282 3286 rare
2059 3225 2178 3300 670

1076 3308 1190 3368 vita
1213 3308 1465 3388 corporis
1494 3328 1629 3367 num
1657 3309 1899 3368 intereat
2057 3324 2178 3384 450

1077 3390 1190 3449 vita
1242 3409 1310 3449 ex
1366 3391 1711 3468 sphaerarum
1759 3388 2179 3468 conspiratione

1154 3471 1379 3549 corpori
1408 3471 1721 3529 infunditur
1834 3471 1949 3529 Fic.
1979 3491 2035 3549 p.
2063 3473 2178 3530 228

1073 3552 1192 3612 vita
1230 3552 1682 3632 extinguam-ne,
1712 3572 1786 3611 an
1814 3572 1945 3611 cum
1987 3551 2179 3610 anima

1153 3634 1408 3693 discedat
2058 3650 2176 3706 422

1076 3714 1194 3774 vita
1219 3716 1475 3794 quaedam
1514 3729 1603 3774 est
1639 3714 1848 3793 ubique
1883 3716 2049 3773 rebus
2089 3713 2177 3771 in-

1155 3797 1282 3855 fusa
1827 3794 1946 3854 Fic.
1977 3816 2033 3874 p.
2055 3796 2180 3871 436

1073 3877 1189 3937 vita
1215 3896 1252 3936 a'
1276 3891 1462 3936 morte
1483 3876 1733 3935 animam
1766 3876 1972 3956 partim
2001 3877 2181 3935 comi-

1157 3970 1325 4027 tatur,
1349 3957 1551 4037 partim
1579 3958 1797 4017 coelitus
1822 3970 2184 4017 conservatur

1076 4119 1191 4179 vita
1217 4139 1334 4177 non
1364 4117 1694 4197 simpliciter
1720 4120 1872 4178 bona
1901 4119 1964 4178 F.
1986 4140 2043 4197 p.
2069 4138 2092 4177 1
2112 4121 2181 4178 18

1076 4199 1194 4260 vita
1218 4199 1644 4278 exoptatissima
2103 4219 2176 4275 33

1076 4280 1193 4341 vita
1217 4282 1311 4340 cui
1338 4283 1490 4340 bona
2100 4283 2178 4339 62

1076 4362 1189 4422 vita
1215 4361 1534 4422 communis
1562 4361 1696 4440 quid
1820 4360 1947 4422 Fic.
1977 4383 2034 4441 p.
2062 4364 2178 4421 218

1077 4444 1191 4503 vita
1215 4442 1408 4502 adulta
1432 4458 1521 4503 est
1545 4443 1868 4502 intellectus
2064 4462 2096 4521 7
2110 4463 2176 4520 13

1076 4524 1193 4584 vita
1231 4526 1482 4583 medium
1529 4524 1796 4603 quiddam
1848 4523 1996 4583 10101·
2042 4527 2177 4584 sub-

1159 4606 1425 4665 stantiam
1455 4618 1517 4664 et
1541 4605 1801 4664 accidens
1826 4604 1950 4665 Fic.
1979 4626 2036 4685 p.
2061 4607 2180 4665 626

1065 4687 1192 4747 ’vita
1219 4707 1357 4745 num
1386 4687 1653 4746 omnibus
1683 4688 1833 4746 bona
1855 4686 1970 4745 Fic.
1989 4707 2048 4766 p.
2068 4707 2091 4746 1
2109 4690 2179 4747 18

1075 4769 1189 4828 vita
1217 4788 1346 4828 vera
1865 4767 1986 4827 Fic.
2018 4789 2075 4847 p.
2098 4789 2176 4846 47

1073 4853 1192 4910 vita
1232 4851 1398 4909 beata
1436 4847 1587 4908 circa
1628 4847 1761 4927 quid
1803 4861 2050 4908 versetur

1874 4929 1938 4988 F
1923 4950 1993 4989 ¹0
2024 4952 2078 5010 p
2100 4948 2178 5007 47

1076 5014 1192 5073 vita
1216 5012 1508 5106 quomodo
1534 5009 1883 5071 instituenda
2068 5030 2179 5087 207

1075 5095 1193 5155 vita
1211 5093 1462 5155 carentia
1486 5112 1687 5152 sensus
1714 5091 1963 5173 expertia
1987 5106 2124 5152 sunt
2152 5114 2173 5153 1

1075 5180 1194 5236 vita
1220 5175 1425 5235 beata
1410 5195 1468 5233 10
1498 5186 1694 5233 100010
1874 5175 1993 5233 Fic.
2025 5196 2082 5254 p.
2106 5176 2177 5233 82

1075 5259 1188 5316 vita
1215 5259 1380 5316 beata
1403 5255 1544 5334 quid
1877 5256 1996 5313 Fic.
2025 5277 2081 5335 p.
2100 5257 2179 5330 48

1079 5339 1192 5398 vita
1218 5337 1312 5396 hic
1337 5336 1567 5418 gemina
2066 5353 2178 5412 207

1077 5418 1192 5477 vita
1217 5437 1318 5477 cur
1343 5418 1639 5477 retinenda
1832 5417 1949 5475 Fic.
1979 5437 2037 5495 p.
2069 5419 2172 5476 161

1076 5503 1197 5558 vita
1225 5497 1322 5557 viri
1352 5499 1632 5577 praecipua
2107 5514 2175 5574 15

1075 5579 1187 5639 vita
1213 5579 1530 5638 infunditur
1557 5580 1767 5659 absque
1803 5576 2008 5638 animae
2050 5598 2177 5657 pro-

1155 5660 1293 5741 priae
1323 5658 1593 5719 beneficio
1835 5660 1953 5719 Fic.
1982 5681 2038 5739 p.
2063 5660 2176 5719 228

2250 709 2363 768 vita
2388 708 2575 768 omnis
2602 721 2763 768 actus
2790 720 2880 769 est
3239 708 3351 786 267

2246 791 2364 850 vita
2390 793 2462 849 ab
2487 789 2734 850 essentia
2758 790 3047 869 quomodo
3075 789 3358 850 derivetur

3235 872 3355 929 600

2249 953 2365 1013 vita
2390 973 2575 1012 1011101
2604 951 2863 1012 omnium
2894 952 3045 1012 unde
3079 951 3355 1034 originem

2328 1035 2498 1093 ducat
3239 1052 3347 1092 201

2248 1117 2363 1174 vita
2389 1115 2748 1174 humiliorum
2778 1114 2984 1193 duplex
3239 1134 3355 1193 209

2248 1197 2362 1256 vita
2387 1196 2721 1276 simpliciter
2747 1196 2881 1274 quid
3006 1197 3129 1255 Fic.
3157 1217 3215 1274 p.
3233 1215 3347 1272 431

2250 1276 2361 1337 vita
2400 1277 2709 1337 immobilis
2750 1290 2811 1336 et
2850 1277 3078 1336 mobilis
3119 1297 3247 1356 quae

3004 1359 3125 1417 Fic.
3153 1379 3209 1437 p.
3231 1377 3351 1435 432

2250 1440 2364 1499 vita
2389 1452 2547 1499 actus
2573 1438 2721 1498 circa
2750 1442 2962 1499 bonum
2991 1460 3118 1518 quoe
3238 1457 3351 1516 713

2250 1521 2364 1581 vita
2416 1520 2475 1580 in
2532 1521 2748 1580 mundo
2806 1521 3033 1600 duplex,
3084 1526 3357 1601 cujusque

2331 1601 2510 1681 qualis
2536 1602 2777 1680 degendi
2810 1602 2951 1661 ratio
3235 1602 3355 1680 669

2250 1683 2371 1743 vita
2396 1683 2454 1742 in
2484 1696 2617 1742 ente
2644 1683 2779 1762 quid
2808 1686 2885 1742 sit
3237 1684 3316 1742 60

2248 1764 2379 1824 vitae
2420 1763 2696 1844 principia
2734 1765 2890 1825 calor
2928 1777 2988 1824 et
3028 1765 3232 1823 humor

3010 1846 3130 1904 Fic.
3158 1867 3215 1925 p.
3243 1863 3360 1920 214

2254 1926 2384 1986 vitae
2411 1927 2667 1987 definitio
3006 1928 3124 1986 Fic.
3156 1949 3213 2005 p.
3245 1945 3355 2002 233

2254 2009 2382 2068 vitae
2406 2007 2707 2089 superioris
2734 2020 2795 2068 et
2819 2007 3098 2067 inferioris
3132 2008 3360 2067 collatio

3012 2090 3134 2149 Fic.
3161 2111 3218 2168 p.
3251 2092 3359 2166 198

2258 2173 2386 2231 vitae
2428 2185 2489 2232 et
2523 2170 2914 2252 intelligentius
2951 2191 3161 2251 genera
3200 2171 3363 2250 plura

2258 2333 3082 2475 fitssffsssssz‘fssmxffl‘
3100 2347 3162 2392 ‘t
3180 2270 3363 2491 1ξὲ

2257 2499 2391 2556 vitae
2416 2495 2693 2567 08800ιί10,
2723 2508 2783 2556 01
2821 2497 3146 2556 1010110οι08
3187 2496 3360 2555 colla-

2339 2579 2421 2636 tio
3056 2577 3174 2636 Fic.
3202 2598 3259 2656 p.
3284 2579 3361 2651 48

2259 2658 2382 2718 vitae
2422 2678 2632 2739 genera
2670 2670 2830 2739 quot,
2871 2677 3179 2738 eorumque
3218 2658 3368 2717 inter

2341 2761 2401 2800 se
2428 2740 2657 2799 collatio
3232 2780 3242 2789 -
3283 2741 3364 2799 ib.

2260 2821 2387 2881 vitae
2411 2820 2757 2901 incorporea
2785 2820 2994 2899 ubique
3020 2820 3232 2881 diffusoe
3266 2822 3365 2879 de·

2339 2904 2574 2981 scriptio
3018 2903 3135 2963 Fic.
3164 2924 3220 2982 p.
3244 2903 3369 2978 436

2261 2983 2387 3043 vitae
2417 2983 2723 3042 multitudo
2743 2984 3030 3063 quomodo
3049 2983 3127 3043 sit
3152 3005 3218 3043 ex
3250 3004 3365 3042 non

2342 3064 2707 3124 multitudine
3247 3083 3280 3140 3
3288 3079 3320 3141 5
3333 3084 3363 3123 2

2263 3145 2389 3206 vitae
2430 3145 2729 3225 participes
2771 3166 2858 3205 res
2899 3158 3178 3224 quatenus

3013 3229 3132 3287 Fic.
3164 3249 3221 3305 p.
3246 3245 3320 3302 43
3337 3247 3356 3285 1

2263 3310 2387 3369 vitae
2428 3308 2627 3368 mundi
2672 3306 3050 3389 intelligentia
3090 3308 3310 3368 stabilis

3014 3391 3132 3450 Fic.
3165 3411 3221 3469 p.
3251 3408 3365 3463 240

2258 3471 2386 3529 vitae
2414 3484 2575 3530 actus
2605 3470 2837 3531 intimus
3019 3472 3134 3531 Fic.
3166 3492 3223 3551 p.
3246 3473 3365 3547 308

2262 3552 2386 3611 vitae
2413 3551 2687 3631 imagines
3286 3571 3319 3628 3
3336 3572 3357 3611 1

2262 3633 2384 3692 vitae
2426 3633 2771 3712 incorporeae
2812 3632 2929 3692 dno
2968 3632 3196 3693 termini

3013 3715 3132 3774 Fic.
3164 3736 3220 3794 p.
3245 3716 3365 3791 436

2260 3797 2388 3855 vitae
2413 3816 2668 3855 summus
2695 3796 2901 3875 gradus
3049 3797 3171 3857 Fic.
3205 3817 3262 3875 p.
3285 3798 3365 3871 48

2261 3878 2435 3935 vitam
2463 3876 2561 3955 qui
2591 3878 2769 3937 verbis
2802 3877 3033 3955 spernit,
3063 3877 3170 3937 sibi
3198 3879 3368 3937 habet

2343 3973 2720 4037 repugnantes
2747 3960 2983 4018 affectus
3249 3977 3365 4034 720

2261 4039 2497 4098 vitarum
2526 4059 2734 4119 genera
2770 4039 2896 4110 tria,
2925 4059 3236 4118 eorumque
3272 4042 3363 4097 in-

2341 4133 2430 4179 ter
2455 4140 2516 4179 se
2542 4121 2774 4180 collatio
3243 4123 3365 4197 438

2259 4204 2409 4261 vitra
2449 4215 2691 4280 quatuor
2729 4201 3000 4281 disposita
3040 4201 3175 4279 quid
3213 4201 3365 4280 apud

2346 4282 2634 4341 Plotinum
3018 4284 3138 4343 Fic.
3168 4304 3225 4363 p.
3245 4284 3361 4358 627

2262 4363 2448 4423 vivens
2476 4384 2592 4422 non
2622 4376 2711 4422 est
2740 4364 3059 4423 intellectus
3084 4365 3146 4423 F.
3171 4385 3224 4443 p.
3251 4380 3360 4457 277

2262 4446 2504 4503 viventia
2529 4464 2631 4503 cur
2658 4458 2963 4504 nascantur
2992 4444 3201 4524 passim
3241 4445 3365 4504 sine

2344 4525 2646 4585 manifesto
2674 4526 2891 4585 8010100
3019 4526 3136 4585 Fic.
3166 4548 3220 4604 p.
3245 4528 3360 4603 625

2261 4607 2565 4666 viventium
2596 4607 2883 4667 distinctio
3020 4608 3135 4667 Fic.
3166 4630 3221 4686 p.
3251 4626 3364 4683 232

2260 4688 2566 4748 viventium
2595 4703 2654 4748 et
2683 4689 2794 4747 vita
2818 4688 3132 4749 carentium
3175 4688 3367 4747 discri-

2344 4789 2473 4828 men
3011 4769 3133 4828 Fic.
3165 4792 3221 4850 p.
3245 4789 3365 4846 440

2263 4854 2449 4911 unitas
2492 4870 2675 4930 neque
2716 4851 2930 4920 omnia,
2964 4870 3068 4911 nec
3107 4850 3364 4911 intellec-

2340 4945 2431 4991 tus
3246 4932 3368 5009 659

2259 5013 2449 5073 unitas
2491 5014 2778 5092 quomodo
2822 5014 2988 5073 rebus
3028 5013 3243 5072 diversa
3282 5016 3368 5071 in·

2340 5115 2461 5154 esse
2489 5095 2710 5155 dicatur
3246 5095 3360 5171 685

2258 5175 2448 5235 unitas
2475 5190 2534 5236 et
2561 5176 2786 5235 bonitas
2813 5176 2960 5235 idem
3021 5176 3135 5235 Fic.
3165 5196 3223 5254 p.
3246 5192 3360 5251 347

2261 5257 2449 5316 unitas
2486 5270 2655 5334 atque
2694 5259 2909 5315 numeri
2942 5261 3000 5314 in
3037 5257 3249 5315 mundo
3276 5256 3365 5314 in-

2341 5337 2621 5417 telligibili
2661 5358 2799 5396 num
2833 5337 3155 5397 distinctam
3196 5337 3365 5396 ratio-

2342 5438 2470 5476 nem
2504 5421 2748 5478 babeant
2773 5440 2808 5477 a
2833 5419 3049 5478 caeteris
3078 5418 3217 5478 ideis
3244 5419 3365 5495 674

2259 5498 2445 5557 unitas
2472 5519 2546 5558 an
2578 5520 2938 5559 numerorum
2969 5520 3151 5578 genus
3243 5502 3366 5575 604

2261 5579 2445 5639 unitas
2486 5592 2641 5640 statu
2684 5594 2955 5661 motuque
2999 5582 3151 5660 prior

2940 5710 2949 5719 .
3018 5662 3135 5723 Fic.
3166 5684 3222 5742 p.
3245 5664 3356 5739 651

2053 535 2369 601 INDEX
2413 535 2763 601 RERUM
2810 533 2940 600 ET
2986 531 3539 601 VERBORUM.

3435 708 3621 768 unitas
3648 728 3773 787 quae
3801 728 3931 768 vera
3955 708 4048 778 sit,
4076 721 4136 769 01
4159 708 4294 788 quid
4335 728 4537 789 sequa-

3460 809 3467 816 ·
3517 804 3628 859 tur,
3658 804 3782 849 tum
3812 789 3908 849 ubi
3936 810 4005 849 ea
4030 790 4345 850 inveniatur
4423 793 4541 869 598

3436 874 3623 932 unitas
3649 885 3711 930 et
3734 874 3955 930 numeri
3984 883 4176 931 utrum
4203 872 4355 932 ideas
4397 892 4540 951 prae·

3517 954 3741 1021 cedant,
3766 973 3836 1011 an
3866 966 4176 1031 sequantur
4418 955 4544 1030 674

3437 1036 3624 1094 unitas
3650 1046 3738 1093 est
3763 1035 3887 1112 ipsa
3912 1033 4244 1112 simplicitas
4423 1052 4455 1111 7
4470 1054 4491 1093 1
4513 1054 4537 1093 1

3439 1115 3626 1175 unitas
3653 1117 3940 1209 quomodo
3963 1115 4263 1175 definiatur
4281 1136 4318 1175 a
4335 1117 4542 1196 Pytha-

3516 1196 3722 1293 goricis
4421 1198 4500 1256 68
4514 1217 4537 1255 1

3437 1280 3625 1337 unitas
3651 1298 3753 1338 cur
3772 1276 4208 1357 uniuscujusque
4236 1291 4437 1337 natura
4456 1279 4544 1337 di-

3517 1372 3678 1419 catur
4425 1378 4456 1435 7
4464 1378 4496 1436 5
4508 1378 4540 1433 7

3439 1441 3624 1500 unitas
3653 1439 3872 1500 numeri
3900 1439 4235 1520 principium
4419 1459 4540 1517 350

3438 1523 3625 1580 unitas
3652 1542 3753 1581 0111·
3781 1523 3993 1581 tributa
4019 1527 4185 1581 rebus
4212 1521 4331 1582 Fic.
4352 1543 4408 1602 p.
4430 1541 4451 1580 1
4468 1543 4489 1579 1
4505 1524 4541 1580 8

3440 1602 3625 1662 unitas
3642 1602 3960 1662 adivisione
3976 1602 4159 1662 aliena
4173 1617 4264 1663 est
4275 1605 4341 1662 F.
4356 1624 4408 1683 p.
4423 1606 4540 1679 348

3320 1704 3356 1741 0
3437 1686 3627 1744 unitas
3670 1684 3787 1743 sive
3813 1683 3999 1763 ipsum
4027 1704 4205 1743 unum
4245 1685 4543 1764 simplicis-

3520 1765 3727 1824 simum
3758 1779 3846 1824 est
4467 1767 4545 1824 ib.

3444 1847 3628 1906 unitas
3664 1846 3970 1906 includitur
4004 1847 4063 1906 in
4102 1847 4321 1906 ratione
4350 1846 4545 1906 unius-

3520 1932 3789 2007 cujusque
3816 1928 4024 2007 speciei
4053 1928 4274 1987 formali
4426 1929 4544 1987 680

3441 2009 3675 2068 unitatis
3702 2011 3843 2067 vires
4192 2011 4313 2088 756
4338 2023 4400 2069 01
4428 2026 4458 2085 7
4469 2027 4542 2088 57

3441 2090 3675 2150 unitatis
3702 2104 3762 2149 et
3789 2090 3983 2149 formoe
4010 2090 4382 2170 proprietates
4402 2110 4543 2169 quo-

3526 2172 3697 2231 modo
3726 2171 3991 2230 differunt
4428 2173 4537 2248 761

3444 2252 3719 2313 unitatem
3739 2252 4032 2312 continere
4058 2252 4315 2312 omnium
4346 2272 4546 2311 nume·

3525 2355 3713 2393 rorum
3743 2336 3988 2393 rationes
4199 2335 4319 2394 Fic.
4348 2356 4405 2414 p
4433 2354 4499 2411 13
4517 2355 4536 2393 1

3443 2436 3592 2475 1111118
3620 2416 3911 2494 quomodo
3936 2414 4207 2475 efficiatur
4467 2419 4546 2493 56

3445 2517 3589 2556 110118
3620 2499 3810 2570 1101110,
3841 2497 3927 2555 hae
3956 2497 4080 2556 duae
4109 2516 4272 2557 voees
4308 2495 4460 2556 aliud
4488 2510 4547 2556 et

3525 2566 3676 2637 aliud
3703 2590 3838 2637 sunt
4426 2580 4539 2654 683

3446 2679 3624 2718 unum
4248 2659 4365 2720 Fic.
4394 2680 4450 2739 p.
4471 2680 4548 2737 79

3448 2761 3624 2799 unum
3651 2738 3981 2818 simpliciter
4007 2739 4141 2819 quid
4430 2744 4548 2818 508

3446 2842 3623 2881 unum
3654 2840 3838 2899 neque
3863 2820 4212 2880 intellectum
4234 2841 4425 2890 omne,
4450 2842 4548 2881 ne-

3527 2922 3637 2981 que
3677 2903 3943 2982 speciem,
3979 2921 4164 2981 neque
4204 2923 4309 2962 008
4349 2906 4548 2983 proba-

3449 2996 3623 3124 uniiirrn
3651 3063 3983 3143 simpliciter
4010 3084 4125 3123 0οο
4162 3001 4548 3144 ρτωάἰοιιιὲᾗὲ

3528 3146 3667 3205 111018
4432 3148 4545 3224 605

3448 3248 3624 3286 unum
3655 3246 3758 3286 008
3784 3226 4071 3286 antecedit
4431 3231 4547 3304 678

3449 3329 3624 3369 unum
3652 3330 3724 3368 an
3754 3311 4028 3368 duntaxat
4052 3310 4442 3369 affirmativum
4477 3312 4551 3369 sit

3448 3491 3624 3610 unulrp
3652 3471 3939 3550 quodnam
3970 3491 4085 3531 non
4112 3393 4547 3611 praedioetut}{

3528 3574 3564 3611 u
3609 3574 3645 3612 o
3674 3567 3942 3630 tanquam
4082 3573 4146 3611 us

3447 3654 3625 3693 unum
3653 3653 3776 3693 esse
3802 3573 4174 3693 entiaffinia
4426 3574 4542 3694 663

3448 3737 3623 3774 unum
3643 3717 3966 3775 varietatem
3984 3736 4099 3774 non
4116 3714 4412 3775 admittere
4427 3717 4549 3791 604

3449 3816 3623 3855 1101110
3668 3797 3845 3856 tribus
3891 3797 4165 3876 accipitur
4206 3797 4392 3855 modis

3780 3960 3793 3973 ·
3941 3958 3952 3970 ⁸
4199 3880 4318 3938 Flc.
4346 3899 4405 3972 p.
4432 3896 4545 3956 547

3449 3979 3624 4018 1101110
3656 3958 3795 4017 011111
3826 3958 4133 4028 111111101010,
4163 3960 4317 4037 quod
4344 3980 4403 4018 10
4432 3962 4550 4019 sin-

3526 4040 3671 4118 gulis
3698 4053 3786 4098 est
4473 4043 4551 4100 ib.

3447 4121 3518 4179 ad
3548 4123 3741 4180 Unum
3769 4119 3973 4199 quibus
3999 4120 4264 4201 gradibus
4292 4123 4550 4202 perveni-

3528 4217 3655 4261 atur
4200 4202 4319 4261 Fic.
4351 4225 4406 4282 p.
4438 4206 4552 4263 128

3445 4303 3623 4342 unum
3665 4281 3802 4361 quid
3842 4280 3917 4340 sit
3959 4282 4115 4341 dictu
4157 4283 4549 4343 difficillimum

3447 4465 3623 4503 unum
3652 4446 3899 4524 speciem
3929 4464 4043 4503 non
4075 4445 4250 4505 habet
4433 4383 4506 4524 ἔα
4512 4464 4544 4523 5

3447 4546 3623 4585 unum
3652 4546 3835 4585 rerum
3865 4526 4048 4585 ordini
4085 4527 4381 4606 praesidere
4420 4548 4550 4606 pro·

3528 4609 3692 4665 batur
4435 4625 4551 4685 509

3446 4709 3626 4748 unum
3666 4709 3737 4747 an
3777 4687 4108 4747 relationem
4142 4689 4422 4769 significet
4457 4711 4550 4749 so-

3527 4769 3822 4828 lummodo
4431 4773 4544 4847 685

3450 4871 3626 4910 unum
3655 4850 3941 4928 quomodo
3977 4864 4037 4909 et
4063 4852 4277 4929 ubique
4316 4865 4376 4911 et
4414 4873 4553 4912 nus-

3529 4953 3701 5011 q²¹³¹¹¹
4432 4951 4545 5011 357

3451 5033 3625 5072 unum
3653 5027 3744 5071 est
3767 5012 4152 5072 substantialis
4182 5017 4353 5074 unius
4391 5015 4551 5074 notio

3526 5113 3654 5153 vera
3681 5093 3859 5153 menti
3884 5096 4056 5152 insita
4431 5097 4548 5155 682

3449 5195 3623 5234 unum
3688 5194 3948 5253 respuere
4009 5174 4430 5235 multitudinem
4487 5193 4553 5237 ut

3528 5259 3847 5336 oppositam
4433 5259 4549 5352 762

3448 5357 3623 5396 unum
3652 5337 3943 5416 quomodo
3976 5340 4318 5416 exprimatur
4343 5337 4401 5396 in
4431 5338 4556 5419 ipsa

3528 5418 3726 5478 mu'ndi
3754 5418 3883 5489 vita,
3916 5432 4037 5477 tum
4066 5418 4236 5478 etiam
4266 5419 4325 5477 in
4359 5438 4553 5482 mente

4475 5525 4513 5561 0

3448 5602 3622 5640 unum
3662 5601 3762 5639 seu
3790 5581 3976 5639 unitas
4015 5601 4226 5640 nomen
4257 5595 4348 5642 081
4383 5519 4554 5664 a⁷Py⁷

3532 5661 3832 5742 thagoricis
3859 5661 4152 5720 inventum
4444 5685 4561 5742 524
