5118 6613
1184 590 1307 657 140

1176 744 1551 810 ditissimum
1599 740 2006 830 philosophiae
2048 741 2283 807 nodum
2313 765 2353 807 a
2382 742 2635 807 Plotino
2678 764 2870 831 expe·

1177 847 1383 913 ditum
1412 868 1566 911 esse.

1264 972 1329 1038 p.
1361 968 1513 1034 425,
1551 963 1647 1031 17.
1693 948 1839 1011 ὅταν
1863 948 2037 1029 μόνοι
2080 944 2263 1033 ὦμεν]
2316 948 2480 1011 Haec
2523 945 2872 1013 solitudinis

1180 1052 1429 1118 moralis
1479 1048 1762 1115 doctrina
1797 1072 1837 1113 a
1881 1048 2295 1137 Pythagoreis
2344 1048 2633 1114 manavit.
2728 1049 2870 1115 vid.

1182 1154 1485 1221 Eustath.
1514 1153 1580 1217 in
1611 1151 1839 1240 Odyss.
1875 1152 2094 1216 XIII.
2127 1170 2234 1237 33.
2264 1174 2330 1239 p.
2354 1153 2502 1237 653.
2543 1151 2644 1216 ed.
2677 1151 2868 1217 Basil.

1180 1259 1387 1337 Quam
1436 1255 1502 1321 in
1558 1278 1689 1320 rem
1746 1254 1931 1342 plura
1978 1253 2358 1342 congessi·in
2408 1253 2763 1343 Symbolica
2809 1268 2873 1319 et

1180 1359 1542 1449 Mytholog.
1575 1358 1719 1423 III.
1763 1379 1831 1446 p.
1853 1375 2005 1443 575.
2036 1381 2126 1445 sq.
2172 1372 2236 1422 et
2277 1355 2445 1422 alibi.
2519 1359 2713 1423 Nunc
2754 1356 2872 1422 loci

1177 1462 1412 1552 gemini
1454 1461 1804 1527 admonebo
1826 1483 1904 1526 ex
1934 1459 2074 1525 his
2060 1459 2209 1547 ipsis
2237 1458 2669 1525 EnneadibuS.
2760 1460 2871 1524 Tu

1179 1566 1393 1654 itaque
1437 1565 1650 1630 confer
1679 1565 1757 1628 V.
1795 1584 1850 1627 1.
1883 1565 1944 1627 6.
1993 1561 2101 1628 ubi
2151 1563 2244 1650 (p.
2275 1563 2430 1644 486.
2478 1566 2602 1649 sq.)
2649 1577 2711 1628 et
2754 1561 2876 1627 alia

1180 1684 1244 1735 et
1290 1668 1461 1733 baec:
1523 1667 1664 1732 θεὸν
1715 1666 1895 1731 αὐτὸν
1942 1664 2653 1745 ἐπικαλεσαμένοις-τῇ
2702 1669 2874 1749 ψυχῇ

1183 1773 1517 1837 ἑκτείνασιν
1547 1769 1785 1837 ἑαυτοὺς
1824 1771 1906 1837 εἰς
1945 1768 2127 1852 εὐχὴν
2154 1767 2300 1849 πρὸς
2329 1770 2559 1832 ἐκεῖνον
2591 1769 2875 1852 εὔχεο-θαι

1182 1874 1290 1939 τὸν
1316 1875 1537 1957 τρόπον
1562 1875 1772 1937 τοῦτον
1801 1870 2156 1951 δυναμένους
2183 1873 2398 1951 μόνους
2423 1869 2571 1952 πρὸς
2598 1873 2803 1951 μόνον.

1271 1998 1333 2063 p.
1361 1976 1515 2057 426,
1550 1991 1609 2037 2.
1659 1970 1785 2037 καθ’
1816 1974 1968 2037 ὅσον
1996 1971 2072 2036 ἂν
2101 1972 2682 2036 ἀναπνεύσωσι--τὰ
2725 1975 2879 2038 καλᾶ

1182 2077 1491 2166 πράττειν]
1557 2075 1923 2141 Admonent
1968 2074 2104 2139 haec
2150 2097 2405 2162 precum
2455 2074 2876 2162 Orphicarum

1179 2203 1280 2268 ap.
1312 2177 1605 2245 Proclum
1637 2178 1699 2242 in
1733 2176 2012 2242 Platonis
2043 2176 2360 2242 Timaeum
2394 2177 2470 2241 V.
2503 2200 2568 2266 p.
2589 2196 2739 2264 330.
2779 2177 2872 2261 (in

1182 2284 1418 2370 Fragg.
1452 2281 1655 2369 Orph.
1687 2280 1905 2345 XLV.
1942 2303 2001 2368 p.
2024 2298 2174 2365 499.
2210 2281 2465 2363 Herm.)
2558 2280 2663 2345 Ita
2706 2280 2872 2345 enim

1180 2383 1283 2448 ille
1312 2382 1394 2448 de
1422 2382 1552 2448 vita
1589 2382 1771 2447 beata
1813 2403 2041 2467 agens:
2079 2380 2205 2449 Ἧς
2248 2384 2343 2447 καὶ
2386 2384 2445 2447 οἱ
2485 2381 2622 2465 παρ’
2651 2381 2877 2466 Ὀρφεῖ

1180 2491 1262 2574 τῷ
1294 2488 1571 2572 Διονύσῳ
1612 2486 1708 2550 καὶ
1748 2488 1820 2564 τῇ
1867 2486 2027 2567 Κόρῃ
2056 2486 2403 2566 τελούμενοι
2431 2491 2635 2570 τυχεῖν
2665 2488 2871 2570 εὔχον-

1179 2610 1294 2655 ται·
1343 2591 1556 2655 κύκλου
1583 2586 1631 2651 τ’
1663 2588 1738 2652 ἂν
1765 2590 1939 2668 λῆξαι
1983 2587 2079 2653 καὶ
2120 2589 2490 2653 ἀναπνεῦσαι
2535 2590 2872 2670 κακότητος.

1181 2690 1483 2757 Clausula
1510 2712 1727 2756 versus
1755 2689 2091 2754 Homerica
2134 2704 2244 2753 est.
2337 2689 2478 2756 Vid.
2516 2690 2703 2756 Iliad.
2737 2691 2873 2756 XI.

1181 2795 1327 2881 382.
1417 2796 1520 2858 De
1568 2793 1719 2857 orbe
1777 2790 2172 2870 necessitatiS,
2225 2794 2415 2879 κύκλῳ
2477 2793 2737 2875 ἀνάγκης
2788 2792 2870 2858 cf.

1184 2895 1465 2961 Platonis
1482 2897 1710 2981 Remp.
1745 2892 1848 2958 lib.
1875 2895 1969 2959 X.
1998 2917 2064 2982 p.
2089 2895 2233 2959 620.
2265 2917 2354 2981 sq.
2382 2911 2445 2961 et
2472 2918 2634 2982 quos
2662 2895 2877 2983 plures

1183 2997 1434 3063 laudavi
1463 2996 1526 3061 in
1558 2999 1999 3062 Commentatt.
2032 2994 2413 3062 Herodoteis
2444 2998 2504 3062 I.
2535 3019 2601 3085 p.
2627 3013 2775 3084 325.

1857 3183 1964 3248 LI
1982 3184 2059 3248 B.
2106 3184 2204 3248 II.

1301 3309 1375 3372 Ρ.
1419 3323 1575 3394 453,
1623 3324 1685 3390 7.
1761 3311 1954 3370 ΠΕΡι
2013 3309 2439 3370 ΠΡοΝοιΑΣ
2482 3306 2869 3392 ΠΡΩΤΟΣ]

1190 3413 1353 3477 Sunt
1378 3410 1441 3475 hi
1473 3409 1613 3475 libri
1643 3408 1723 3474 de
1751 3407 2154 3474 Providentia
2196 3407 2358 3473 inter
2385 3423 2695 3474 extremos
2723 3408 2875 3474 Plo-

1184 3514 1324 3594 tini,
1355 3528 1573 3602 utpote
1601 3510 2115 3600 quadragesimus
2156 3509 2456 3599 septimus
2496 3526 2562 3576 et
2602 3510 2875 3599 quadra-

1183 3616 1457 3705 gesimus
1500 3627 1778 3681 octavus.
1868 3614 2012 3680 Vid.
2060 3614 2374 3703 Porphyr.
2418 3613 2483 3680 d.
2532 3615 2666 3682 Vit.
2703 3614 2874 3681 Plot.

1184 3746 1236 3787 c.
1271 3722 1330 3785 6.
1361 3736 1426 3786 et
1456 3740 1557 3804 24.
1589 3743 1651 3808 p.
1679 3740 1818 3806 103.
1850 3733 1913 3784 et
1940 3741 2007 3806 p.
2040 3738 2176 3799 ¹42·
2211 3716 2460 3783 Fabric.
2546 3718 2596 3781 J
2600 3716 2876 3783 udicium

1185 3824 1266 3890 de
1309 3823 1383 3888 iis
1423 3823 1574 3888 facit
1619 3824 1806 3909 Casp.
1839 3821 2060 3888 Barth.
2091 3821 2468 3887 Adversarr.
2520 3819 2629 3885 lib.
2665 3821 2873 3886 LIII.

1185 3951 1238 3991 c.
1270 3945 1371 4011 13.
1417 3947 1482 4012 p.
1519 3943 1705 4010 2513.
1750 3924 1993 3988 dicens:
2043 3931 2088 3964 “
2112 3924 2427 3990 Aureolos
2454 3923 2696 3989 libellos
2727 3924 2874 3989 Plo-

1187 4027 1301 4093 tini
1330 4049 1530 4114 usque
1556 4026 1714 4092 adeo
1743 4026 1985 4091 veritati
2014 4026 2349 4115 propinqui
2394 4025 2772 4116 philosophi,
2804 4043 2878 4093 ut

1186 4144 1249 4195 et
1278 4129 1627 4194 Haereticos
1656 4128 1988 4194 nonnullos
2017 4128 2403 4210 refutaverit,
2425 4130 2505 4195 de
2536 4130 2879 4195 Providen-

1186 4233 1275 4298 tia
1291 4231 1577 4319 scriptos.
1563 4232 1620 4270 ·”
1634 4230 1992 4318 ibidemque
2008 4231 2159 4296 alios
2186 4231 2516 4319 scriptores
2531 4247 2875 4312 enumerat,

1184 4333 1296 4422 qui
1334 4332 1498 4398 idem
1543 4349 1982 4421 argumentum
2023 4348 2385 4399 tractarunt.
2477 4335 2724 4413 Quibus
2762 4360 2880 4423 ego

1187 4438 1288 4503 bic
1316 4435 1617 4502 nonnulla
1656 4435 1966 4524 adjiciam,
1997 4458 2140 4501 cum
2170 4459 2315 4523 quoe
2343 4437 2406 4500 in
2437 4438 2881 4503 Commentati-

1189 4539 1437 4617 uncula,
1485 4537 1826 4627 inscripta.
1876 4540 2397 4629 Philosophorum
2442 4550 2719 4606 veterum
2760 4541 2878 4605 loci

1186 4643 1263 4707 de
1313 4642 1751 4717 Providentia,
1802 4645 1910 4707 ὅτε.
1971 4641 2321 4729 attigeram,
2374 4656 2509 4709 tum
2561 4666 2707 4730 quae
2754 4642 2875 4708 alia

1186 4745 1312 4810 huc
1357 4744 1729 4833 pertinentia
1773 4744 1836 4809 in
1880 4744 2119 4810 schedis
2162 4744 2364 4834 posui.
2452 4747 2555 4810 Ac
2599 4744 2874 4833 primum

1184 4846 1355 4935 quod
1403 4846 1754 4912 Favorinus
1798 4869 1898 4935 ap.
1934 4847 2125 4935 Diog.
2157 4849 2366 4913 Laert.
2402 4850 2543 4913 ΙΙΙ.
2581 4869 2682 4931 24.
2731 4848 2876 4914 Pla-

1185 4965 1394 5016 tonem
1416 4948 1566 5014 dicit
1595 4949 1872 5015 omnium
1905 4950 2177 5038 primum
2201 4953 2500 5033 Προνοίας
2528 4956 2669 5016 θεοῦ
2696 4975 2875 5017 voca-

1185 5054 1406 5118 bulum
1444 5074 1794 5139 usurpasse,
1826 5053 1957 5140 jam
2001 5054 2083 5118 ab
2126 5053 2436 5141 Euripide
2482 5053 2598 5118 hoc
2639 5053 2875 5120 factum

1183 5180 1316 5222 esse
1345 5154 1525 5220 docet
1555 5155 1850 5220 Davisius
1893 5155 1971 5221 ad
2005 5156 2136 5221 Cic.
2166 5156 2247 5222 de
2277 5158 2358 5222 N.
2381 5157 2470 5221 D.
2498 5158 2601 5221 11.
2629 5177 2736 5242 31.
2768 5158 2874 5235 fin,

1185 5257 1655 5327 Providentiam
1685 5275 1895 5324 autem
1928 5259 1990 5323 in
2010 5258 2275 5324 dubium
2302 5258 2564 5324 vocabat
2587 5257 2686 5323 vel
2707 5281 2882 5347 pror..

1183 5385 1288 5428 sus
1316 5375 1614 5449 negatum
1644 5359 1774 5425 ibat
1803 5382 2057 5425 nascens
2089 5360 2480 5449 philosophia
2510 5360 2878 5425 Graeoorum

1185 5470 1577 5554 Argumento
1614 5478 1782 5540 sunt,
1812 5486 1958 5550 quae
1987 5462 2318 5552 Antiphon
2365 5462 2643 5552 sophista
2685 5462 2879 5528 docu-

1182 5579 1340 5649 erat,
1372 5566 1837 5633 Providentiam
1883 5564 2098 5632 tollere
2141 5589 2266 5632 non
2308 5566 2541 5632 veritus
2578 5565 2783 5649 (Suid.
2816 5566 2878 5632 in

2166 568 2988 636 ANNOTATIONES
3055 568 3168 635 IN
3236 567 3675 634 PLOTINI

2955 741 3213 821 ἀδέητος.
3247 742 3304 805 1.
3334 764 3400 829 p.
3416 761 3526 823 49.
3559 741 3750 806 Kust.
3781 738 4040 827 Origen.
4078 753 4296 806 contra
4325 738 4489 806 Cels.
4520 740 4635 805 IV.

2955 866 3017 932 p.
3045 863 3182 930 179.
3219 846 3443 933 Spenc.
3472 843 3551 909 cf.
3586 841 3900 908 Ruhkenii
3944 843 4110 907 Diss.
4139 843 4220 908 de
4252 842 4642 932 Antiphonte

2955 947 3018 1011 in
3050 950 3317 1035 Opuscc.
3347 970 3414 1035 p.
3441 950 3614 1033 252.)
3676 944 4039 1011 Istiusmodi
4081 945 4309 1034 placita
4353 945 4643 1010 Socratici

2955 1049 3432 1139 impugnabant,
3472 1048 3754 1137 inprimis
3781 1048 3988 1130 Plato,
4015 1050 4198 1137 cujus
4241 1064 4305 1114 et
4349 1047 4455 1112 alii
4500 1065 4644 1114 sunt

2958 1151 3074 1218 loci
3115 1153 3195 1219 de
3242 1152 3642 1218 Providentia
3695 1151 3845 1235 (vid.
3878 1151 4199 1218 Plutarch.
4247 1153 4327 1217 de
4375 1153 4539 1217 Fato
4578 1174 4641 1238 p.

2956 1271 3106 1342 573.
3158 1278 3226 1343 p.
3256 1256 3403 1341 308.
3435 1279 3574 1342 sqq.
3605 1254 4091 1343 Wyttenbach.)
4139 1269 4204 1320 et
4246 1254 4523 1343 primarii
4565 1253 4642 1319 de

2959 1358 3243 1447 Legibus
3279 1360 3363 1423 X.
3394 1381 3456 1446 p.
3479 1358 3623 1443 885.
3655 1357 3720 1422 b.
3752 1371 3818 1423 et
3844 1356 4187 1445 praesertim
4232 1380 4293 1445 p.
4327 1375 4475 1443 900.
4507 1380 4641 1444 sqq.

2962 1465 3053 1550 (p.
3090 1463 3230 1527 208.
3262 1485 3401 1549 sqq.
3431 1458 3756 1546 Bekkeri).
3845 1460 4207 1525 Aristoteles
4232 1458 4312 1525 de
4339 1459 4437 1525 his
4465 1458 4645 1525 dubi-

2959 1579 3163 1630 tanter
3189 1562 3624 1630 tantummodo
3649 1561 4054 1650 pronuntiare
4094 1561 4344 1627 videtur
4373 1561 4641 1627 nonnul·

2958 1666 3052 1745 lis,
3084 1666 3198 1732 etsi
3240 1666 3375 1731 haec
3415 1665 3611 1754 ipsius
3658 1665 3846 1731 verba
3887 1664 4040 1731 Eth.
4072 1665 4317 1730 Nicom.
4348 1666 4430 1730 X.
4462 1686 4526 1750 9.
4571 1668 4645 1731 El

2958 1771 3073 1854 γάρ
3100 1797 3187 1840 τις
3214 1770 3521 1850 ἐπιμέλεια
3545 1774 3662 1834 τῶν
3685 1770 4069 1851 ἀνθρωπίνων
4091 1767 4205 1832 ὑπὸ
4226 1773 4378 1833 θεῶν
4398 1769 4642 1850 γίνεται,

2960 1874 3163 1956 ὥσπερ
3192 1878 3354 1938 δοκεῖ
3380 1900 3427 1936 κ.
3441 1879 3573 1936 τ.λ.
3617 1870 4022 1936 Andronicus
4052 1870 4367 1949 Rhodius,
4401 1869 4499 1935 vel
4525 1870 4648 1935 for-

2960 1988 3121 2039 tasse
3165 1974 3376 2062 potius
3423 1972 3807 2038 Heliodorus
3837 1973 4163 2038 Prusensis
4205 1972 4271 2038 in
4314 1995 4532 2037 eorum
4573 1972 4646 2038 li-

2963 2076 3214 2141 brorum
3268 2075 3629 2165 paraphrasi
3678 2074 3740 2139 in
3795 2075 4107 2140 meliorem
4161 2090 4401 2164 partem
4452 2075 4645 2165 accipi

2959 2178 3096 2245 vult
3155 2178 3304 2263 (vid.
3352 2180 3815 2245 Sainte-Croioe
3858 2180 4154 2244 Examen
4206 2181 4494 2267 Critique
4540 2180 4647 2245 des

2955 2282 3328 2347 Histoi-iens
3354 2281 3777 2347 &Alexandra
3802 2283 3859 2347 le
3879 2283 4108 2347 Grand
4132 2304 4201 2370 p.
4219 2297 4371 2367 524.
4404 2297 4530 2348 not.
4559 2287 4639 2366 1.)

2957 2387 3024 2451 A
3054 2383 3266 2449 multis
3308 2395 3476 2448 certe
3517 2383 3952 2449 labefactatam
3983 2408 4114 2450 esse
4139 2408 4354 2451 curam
4384 2386 4643 2452 deorum

2956 2488 3119 2554 circa
3160 2509 3258 2551 res
3298 2485 3602 2551 humanas
3638 2487 3849 2574 arguit
3876 2487 4059 2552 etiam
4093 2488 4486 2576 Hippodami
4517 2490 4646 2578 Py-

2959 2588 3238 2676 thagorei
3267 2588 3506 2654 dictum
3534 2588 3704 2676 apud
3738 2588 4055 2654 Stobaeum
4097 2589 4161 2653 in
4192 2589 4534 2679 Florilegio
4561 2592 4640 2657 T.

2962 2692 3246 2757 XLIII.
3274 2715 3338 2780 p.
3370 2710 3511 2778 250.
3554 2691 3690 2756 Vol.
3717 2692 3815 2758 ΙΙ.
3846 2714 3908 2779 p.
3942 2708 4086 2775 127.
4118 2692 4438 2758 Gaisford.
4495 2695 4647 2759 Huc

2960 2794 3143 2860 etiam
3171 2794 3481 2882 pertinent
3512 2793 3823 2859 Hieroclis
3850 2793 4170 2882 disputata
4194 2818 4336 2860 cum
4366 2795 4430 2860 in
4461 2819 4651 2863 aurea

2959 2920 3213 2963 carmm.
3269 2895 3752 2984 Pythagoreorr.
3796 2919 3862 2985 p.
3899 2917 4042 2982 105.
4095 2921 4228 2986 sqq.
4284 2897 4387 2963 ed.
4439 2900 4652 2965 Lond.

2962 3014 3096 3065 tum
3145 2999 3210 3063 in
3255 2997 3464 3064 libello
3511 2999 3588 3063 de
3634 3000 4050 3065 Providentia
4097 3011 4158 3066 et
4201 3002 4385 3066 Fata.
4476 3002 4655 3067 Nulli

2966 3124 3112 3167 vero
3137 3101 3340 3166 acrius
3367 3101 3826 3190 impugnabant
3868 3103 4127 3169 deorum
4162 3105 4650 3187 Providentiam,

2963 3226 3153 3291 quam
3182 3204 3500 3292 Epicurus
3541 3205 3803 3293 ejusque
3846 3220 4195 3271 sectatore&
4284 3209 4431 3272 Jam
4465 3232 4656 3298 supra

2962 3306 3284 3396 attigimus
3308 3306 3415 3373 illa
3444 3308 3644 3373 Tauri
3674 3308 4031 3398 philosophi
4068 3334 4172 3399 ap.
4206 3310 4483 3378 Gellium
4514 3315 4648 3379 IX.

2961 3427 3023 3497 5.
3055 3434 3185 3498 quo
3211 3411 3560 3498 Epicurum
3595 3411 3831 3499 tangit:
3881 3414 3985 3477 οὐκ
4033 3415 4163 3479 ἔστι
4206 3418 4475 3498 πρόνοια·
4518 3419 4654 3483 οὐδὲ

2962 3514 3182 3595 πόρνης
3208 3514 3420 3596 δόγμα.
3511 3516 3796 3593 Quorum
3828 3515 4341 3605 philosophorum
4369 3520 4552 3585 etiam
4584 3520 4655 3586 il-

2962 3613 3074 3681 lud
3103 3616 3538 3703 frequentatur
3579 3616 3989 3706 plurimorum
4034 3620 4349 3685 mentione
4392 3622 4648 3711 scripto-

2960 3741 3101 3784 rum
3138 3718 3354 3807 (Diog.
3388 3720 3602 3786 Laert.
3636 3721 3731 3785 X.
3779 3723 3841 3805 ξ.
3880 3741 4018 3807 139.
4072 3722 4151 3787 cf.
4185 3722 4319 3788 Cic.
4368 3723 4449 3789 de
4494 3726 4641 3792 Nat.

2959 3822 3186 3888 Deorr.
3208 3824 3267 3887 I.
3297 3840 3389 3903 17.
3423 3822 3575 3910 ibiq.
3609 3825 3856 3908 Davis.)
3888 3825 3957 3890 τὸ
3984 3826 4270 3910 μακάρων
4301 3828 4396 3892 καὶ
4423 3829 4651 3913 ἄφθαρ-

2959 3950 3065 3989 τον
3093 3928 3230 3991 οὔτε
3267 3925 3409 3990 αὐτὸ
3447 3926 3763 4009 πράγματα
3803 3927 3951 4012 ἔχει,
3985 3929 4124 3992 οὐδὲ
4162 3931 4330 4016 ἄλλῳ
4376 3931 4643 4016 παρέχει.

2963 4027 3168 4105 Quam
3216 4026 3279 4091 in
3335 4028 3695 4093 sententiam
3754 4029 4016 4117 accipias
4068 4030 4225 4096 illud
4283 4056 4538 4121 quoque
4585 4036 4649 4100 in

2963 4129 3435 4216 Epigrammate
3463 4131 3815 4196 Philodemi
3843 4133 4178 4220 Epicurei:
4214 4139 4405 4202 εὕδειν
4433 4138 4652 4204 ἀθανά-

2962 4257 3116 4299 τους.
3150 4231 3441 4313 (Anthol.
3468 4235 3675 4299 Graec.
3704 4236 3787 4299 T.
3813 4236 3910 4299 II.
3937 4257 4034 4299 nr.
4059 4238 4275 4302 XXX
4289 4238 4389 4304 II.
4412 4263 4479 4328 p.
4509 4261 4648 4323 144.

2966 4334 3241 4399 Brunck.
3282 4358 3344 4423 p.
3380 4355 3481 4421 79.
3515 4337 3769 4402 Jacobs.
3811 4353 3876 4402 et
3921 4338 4197 4404 Rosinus
4233 4339 4299 4405 in
4329 4341 4647 4407 Hercula-

2963 4459 3165 4501 nenss.
3212 4437 3524 4503 Volumm.
3558 4442 3644 4504 T.
3673 4441 3732 4504 I.
3766 4442 3822 4524 ξ.
3856 4444 3920 4506 6.
3950 4465 4015 4530 p.
4043 4444 4136 4528 6.)
4225 4443 4490 4531 Epicuri
4533 4468 4647 4510 au-

2965 4552 3085 4603 tem
3118 4539 3276 4604 ratio
3301 4541 3569 4606 maxime
3597 4543 3814 4629 patefit
3842 4543 3938 4608 his
3964 4544 4171 4625 dictis,
4202 4569 4347 4632 quae
4382 4548 4651 4613 servavit

2963 4642 3325 4707 Lactantius
3351 4643 3431 4709 de
3462 4645 3570 4709 Ira
3601 4645 3724 4710 Dei
3752 4669 3808 4710 c.
3836 4647 4053 4712 XIII.
4087 4671 4152 4736 p.
4186 4650 4369 4735 1063.
4402 4671 4494 4736 sq.
4544 4649 4643 4716 ed.

2962 4746 3381 4811 Bunemanni:
3417 4755 3462 4787 ‘⁶
3482 4749 3678 4826 Deus,
3709 4748 3913 4835 inquit
3947 4750 4352 4837 (Epicurus),
4378 4767 4489 4817 aut
4514 4751 4652 4818 vult

2961 4847 3173 4914 tollere
3215 4848 3397 4928 mala,
3438 4864 3503 4914 et
3542 4873 3666 4915 non
3716 4867 3956 4938 potest;
4004 4868 4115 4918 aut
4161 4867 4388 4941 potest,
4419 4868 4485 4918 et
4525 4877 4650 4920 non

2959 4951 3132 5027 vult;
3181 4966 3292 5016 aut
3336 4975 3540 5039 neque
3569 4952 3725 5033 vult,
3755 4976 3958 5041 neque
3999 4970 4239 5043 potest;
4289 4970 4401 5021 aut
4427 4972 4490 5022 et
4514 4957 4654 5023 vult

2962 5070 3025 5119 et
3054 5070 3275 5140 potest.
3368 5054 3433 5119 Si
3464 5054 3621 5133 vult,
3651 5070 3715 5119 et
3755 5078 3877 5120 non
3921 5072 4145 5145 potest,
4176 5057 4495 5124 imbecillis
4533 5072 4649 5141 est,

2962 5156 3135 5243 quod
3166 5156 3228 5220 in
3259 5158 3467 5221 Deum
3501 5179 3623 5221 non
3651 5157 3854 5233 cadit;
3902 5159 3952 5222 si
3980 5174 4207 5247 potest,
4234 5176 4299 5226 et
4333 5183 4458 5226 non
4489 5162 4649 5242 vult,

2964 5259 3233 5334 invidus,
3283 5259 3455 5346 quod
3505 5283 3686 5347 aeque
3725 5260 3993 5325 alienum
4038 5286 4078 5326 a
4123 5264 4302 5338 Deo;
4351 5263 4403 5328 si
4448 5287 4652 5354 neque

2966 5361 3125 5441 vult,
3165 5384 3369 5449 neque
3412 5377 3637 5450 potest,
3667 5379 3730 5429 et
3773 5362 4023 5428 invidus
4067 5378 4128 5429 et
4172 5365 4493 5432 imbecillis
4535 5383 4650 5447 est,

2966 5465 3232 5552 ideoque
3259 5488 3372 5531 nec
3401 5468 3617 5541 Deus;
3667 5466 3714 5530 si
3744 5481 3808 5532 et
3835 5466 3974 5532 vult
4001 5483 4065 5533 et
4092 5485 4318 5557 potest,
4348 5471 4522 5557 quod
4552 5496 4649 5537 so-

2967 5567 3096 5633 lum
3128 5570 3267 5633 Deo
3294 5570 3578 5636 convenit
3598 5569 3879 5645 3—unde
3909 5592 4061 5659 ergo
4097 5587 4245 5638 sunt
4285 5572 4494 5638 mala?
4538 5589 4650 5639 aut
