5118 6613
1008 531 1134 614 408

1011 708 1116 768 τοῦ
1144 705 1316 768 ὄντος
1342 699 1504 784 ἔχειε
1556 695 1798 785 Taylor
1822 697 2045 763 vertit:
2087 706 2129 739 “
2151 698 2290 762 Nor
2315 697 2371 762 is
2395 697 2446 762 it
2472 696 2700 784 being;

1009 805 1109 870 for
1138 805 1328 890 being
1364 802 1497 881 haS,
1526 824 1594 865 as
1634 801 1688 866 it
1720 823 1898 878 were,
1928 800 2034 865 the
2077 801 2237 865 form
2284 802 2358 866 of
2394 801 2494 866 the
2533 801 2707 865 one?⁹

1015 908 1171 973 Vult
1212 907 1373 971 enim
1420 904 1543 992 legi
1586 908 1692 968 τοῦ
1730 904 1863 972 ἑνὸς
1907 925 2020 989 pro
2062 909 2167 968 τοῦ
2209 906 2399 978 ὄντος,
2430 902 2701 967 addens:

1017 1011 1214 1073 “For
1257 1007 1307 1072 it
1353 1007 1407 1072 is
1450 1005 1682 1071 absurd
1734 1020 1802 1070 to
1852 1028 2122 1093 suppose
2167 1004 2454 1071 Plotinus
2499 1002 2709 1068 would

1017 1135 1148 1200 say,
1167 1112 1302 1176 that
1321 1113 1516 1198 being
1532 1110 1671 1186 kas,
1692 1130 1767 1173 as
1786 1110 1840 1172 it
1863 1108 2353 1193 were,theform
2372 1109 2709 1197 ofbeing.”

1019 1214 1198 1279 Libri
1241 1236 1455 1278 omnes
1499 1213 1562 1276 in
1593 1210 1850 1298 vulgata
1892 1211 2271 1299 conspirant,
2302 1226 2366 1276 et
2393 1223 2559 1276 recte
2595 1210 2705 1274 ha-

1015 1316 1143 1391 bet,
1183 1317 1373 1380 modo
1420 1337 1609 1379 sonus
1657 1329 1929 1402 ponatur
1968 1313 2034 1377 in
2081 1314 2353 1397 μορφήνε
2421 1313 2488 1378 Si
2532 1316 2712 1378 Deus

1017 1442 1299 1484 summus
1340 1441 1450 1482 ens
1492 1431 1672 1495 esset,
1699 1416 1877 1504 quasi
1893 1418 2190 1503 fornum:
2234 1416 2488 1481 haberet
2531 1416 2711 1481 entis.

1021 1524 1166 1587 Hoc
1195 1520 1549 1608 negandum
1581 1534 1674 1584 est
1710 1535 1775 1584 et
1813 1533 2213 1607 pernegatur.
2301 1520 2493 1584 Ratio
2535 1518 2714 1584 intel-

1016 1623 1233 1710 ligitur
1262 1647 1338 1687 ex
1372 1622 1652 1688 Platonis
1678 1621 1814 1687 loco
1840 1622 2113 1688 laudato.
2207 1624 2342 1688 Nec
2380 1625 2579 1711 magis
2616 1623 2708 1687 fa-

1023 1742 1167 1792 vent
1195 1726 1336 1792 libri
1364 1727 1737 1814 conjecturae
1768 1724 2008 1804 Orellii,
2041 1725 2149 1813 qui
2178 1726 2260 1790 ad
2293 1725 2568 1792 Sallustii
2599 1725 2641 1791 l.
2663 1725 2708 1789 l.

1018 1854 1087 1918 p.
1122 1851 1228 1915 99.
1260 1829 1341 1894 ad
1371 1828 1561 1894 verba
1598 1828 1950 1915 sequentia:
1998 1830 2272 1912 ἄμορφον
2301 1832 2366 1894 δὲ
2395 1832 2587 1894 ἐκεῖνο
2618 1831 2714 1894 καὶ

1017 1938 1251 2016 μορφῆς
1293 1936 1500 2013 νοητῆς
1541 1931 1819 2019 suppleri
1863 1931 2031 1997 vult:
2093 1933 2340 2015 ἄμοιρον
2382 1930 2480 1996 vel
2525 1958 2710 2015 κεχω-

1018 2035 1319 2117 ρισμένον.
1390 2034 1511 2099 Sed
1537 2034 1802 2099 tenenda
1827 2049 1921 2100 est
1938 2034 2432 2122 breviloquentia
2454 2033 2712 2114 Plotini,

1020 2154 1083 2203 et
1127 2136 1176 2201 81
1216 2160 1340 2202 non
1381 2153 1527 2225 apte
1564 2137 1686 2203 dici
1729 2154 1937 2226 posset
1979 2140 2254 2221 ἄμορφόν
2292 2140 2422 2202 ἐστι
2461 2142 2712 2221 μορφῆς,

1021 2264 1146 2306 11011
1175 2240 1384 2329 inepte
1411 2255 1617 2305 tamen
1648 2240 1879 2306 dicitur
1908 2244 2008 2322 ἂμ.
2041 2243 2089 2305 ἑ.
2119 2245 2352 2323 μορφῆς
2379 2246 2601 2322 νοητῆς.

1106 2367 1171 2431 p.
1203 2363 1391 2430 1392,
1419 2345 1518 2408 16.
1562 2345 1698 2408 οὐδὲ
1723 2347 2092 2424 κινούμενον,
2117 2342 2236 2408 οὐδ’
2263 2344 2337 2408 αὖ
2360 2344 2572 2428 ἑστὸς]
2606 2345 2715 2407 Ex

1022 2446 1304 2512 Platonis
1345 2445 1628 2512 doctrina
1670 2446 1934 2512 Proclus
1970 2446 2034 2510 in
2076 2444 2388 2532 Theolog.
2434 2444 2715 2510 Platonis

1024 2551 1167 2615 III.
1202 2569 1306 2614 20.
1348 2573 1411 2637 p.
1453 2552 1609 2632 164:
1668 2550 1736 2614 τὸ
1781 2552 1846 2614 δὲ
1888 2551 2129 2632 πρώτως
2168 2548 2244 2614 ὃν
2285 2551 2421 2614 οὔτε
2465 2550 2716 2627 ἕστηκεν

1021 2654 1158 2717 οὔτε
1188 2659 1449 2728 κινεῖται,
1481 2654 1559 2721 ὥς
1597 2653 1772 2721 αὐτὸς
1812 2651 2177 2717 διατάττεται
2206 2653 2270 2735 (ὁ
2299 2650 2590 2731 Ἐλεάτης
2618 2650 2711 2729 ξέ-

1022 2759 1175 2835 νος).

1107 2880 1170 2944 p.
1199 2877 1384 2942 1393,
1411 2875 1511 2921 10.
1547 2859 1782 2922 Γίνεται
1811 2860 1876 2921 δὲ
1905 2859 1942 2938 ἡ
1972 2858 2366 2938 ἀπορία-ὅτι
2390 2858 2539 2936 μηδὲ
2570 2859 2718 2920 κατὰ

1023 2959 1350 3038 ἐπιστήμην
1386 2960 1423 3039 ἡ
1459 2960 1702 3026 σύνεσις
1739 2960 1991 3045 ἐκείνου]
2043 2958 2187 3024 Vid.
2222 2958 2407 3023 Plato
2435 2958 2515 3023 de
2544 2960 2713 3046 Rep.

1023 3063 1146 3126 VI.
1192 3080 1343 3146 505.
1396 3084 1531 3148 sqq.
1622 3061 1887 3127 Aristot.
1941 3061 2157 3127 Ethic.
2208 3060 2451 3126 Nicom.
2508 3061 2603 3125 X.
2650 3079 2713 3143 7.

1023 3163 1287 3229 Proclus
1315 3165 1377 3227 in
1410 3162 1634 3228 Theol.
1667 3163 1833 3229 Plat.
1863 3165 1917 3228 I.
1941 3183 2038 3249 25.
2105 3164 2211 3229 Cf.
2241 3163 2451 3229 Andr.
2481 3164 2719 3228 Budel-

1023 3268 1196 3334 back.
1219 3266 1591 3355 Disquisitio
1618 3267 1699 3333 de
1725 3268 1985 3334 Ethices
2007 3269 2359 3356 Principiis
2389 3266 2717 3354 hucusque

1023 3371 1218 3458 vulgo
1247 3370 1511 3435 traditis·
1554 3371 1826 3436 Havniae
1864 3372 2044 3439 1822.
2076 3395 2143 3460 p.
2172 3393 2319 3453 144:
2355 3379 2399 3410 “
2421 3369 2546 3449 Qui
2569 3392 2718 3434 vero

1021 3473 1213 3554 illam,
1242 3497 1431 3562 quam
1474 3475 1554 3538 de
1592 3474 1963 3562 cognitione,
1996 3475 2247 3539 scientia
2284 3473 2454 3538 omni
2484 3473 2718 3560 majore

1023 3577 1388 3643 sententiam
1442 3577 1584 3642 tuiti
1637 3600 1875 3659 sumus,
1917 3577 2171 3643 aliunde
2219 3576 2470 3641 haurire
2526 3592 2718 3664 atque

1021 3681 1385 3746 confirmare
1412 3680 1584 3758 velit,
1618 3680 1938 3746 Plotinum
1967 3680 2152 3745 adeat
2180 3679 2472 3744 Ennead.
2499 3680 2617 3744 VI.
2649 3699 2715 3764 9.

1021 3807 1087 3868 4,
1117 3785 1227 3849 ubi
1269 3784 1349 3848 de
1393 3783 1743 3871 cognitione
1783 3782 1890 3848 illa
1933 3784 2052 3849 sub
2084 3783 2432 3871 praesentiae
2470 3782 2719 3848 nomine

1024 3886 1364 3974 loquitur.''

1109 4013 1172 4077 p.
1220 4007 1399 4073 1394,
1435 4007 1533 4051 11.
1610 3988 2019 4070 ὀπισθοβαρὴς
2075 3987 2387 4076 ὑπάρχων]
2466 3989 2717 4076 Simpli-

1024 4091 1158 4156 cius
1199 4091 1262 4154 in
1307 4089 1584 4177 Epicteti
1629 4089 1957 4154 Euchirid.
1992 4091 2169 4155 XII.
2222 4114 2287 4179 p.
2324 4093 2426 4175 78.
2474 4115 2540 4179 p.
2579 4095 2719 4157 128.

1030 4192 1377 4280 Schweigh.
1404 4193 1484 4258 de
1513 4215 1656 4257 sene
1683 4192 1762 4257 ad
1794 4192 2127 4257 discessum
2159 4217 2237 4258 ex
2268 4193 2384 4258 hac
2406 4194 2535 4258 vita
2563 4217 2720 4282 prae-

1025 4295 1339 4386 parando:
1389 4298 1487 4360 ἵνα
1523 4296 1623 4376 μὴ,
1653 4300 1758 4360 τοῦ
1798 4300 1998 4379 καιροῦ
2025 4301 2127 4376 τῆς
2153 4296 2588 4381 ἀναχωρήσεως
2622 4300 2715 4361 ἑν-

1028 4400 1296 4474 στάντος,
1332 4400 1712 4478 καλούμενος,
1737 4399 2144 4481 ὀπισθοβαρὴς
2173 4402 2429 4482 εὑρεθῇς,
2461 4400 2576 4464 ὑπὸ
2605 4407 2723 4465 τῶν

1027 4508 1260 4583 δεσμῶν
1299 4503 1750 4582 ἀνθελκόμενος.
1827 4503 2108 4567 Verbum
2145 4502 2543 4567 ἀνθέλκεσθαι
2574 4503 2718 4567 Pla-

1029 4606 1327 4670 tonicum.
1419 4602 1558 4667 Vid.
1604 4603 1684 4668 de
1730 4605 1930 4692 Legg.
1982 4606 2038 4671 Ι.
2085 4628 2149 4692 p.
2184 4607 2330 4685 644.
2360 4628 2417 4669 e.
2470 4628 2536 4692 p.
2575 4625 2720 4691 219.

1030 4707 1234 4773 Bekk.
1324 4709 1655 4793 Usurpant
1693 4708 2059 4772 Antoninus
2095 4709 2448 4794 Imperator
2486 4708 2629 4772 III.
2660 4724 2720 4793 5,

1029 4834 1092 4899 p.
1128 4826 1232 4896 73.
1307 4811 1412 4873 Jo.
1457 4808 1786 4897 Chrysost.
1834 4809 2100 4874 Homill.
2148 4808 2400 4874 Selectt.
2436 4810 2580 4874 ΙΙΙ.
2620 4812 2723 4874 28.

1028 4913 1128 4979 ed.
1154 4912 1390 4976 Matth.
1446 4912 1758 4999 Porphyr.
1789 4915 2096 4978 Sententt.
2123 4913 2457 4977 XXXII.
2489 4936 2554 4999 p.
2578 4931 2722 4998 233,

1033 5020 1414 5082 Sozomenus
1458 5016 1632 5079 Hist.
1678 5015 1920 5080 EccleS.
1956 5018 2087 5081 IX.
2125 5035 2221 5080 10.
2271 5017 2533 5095 ἆνθολκὴ
2577 5015 2723 5080 Cle-

1027 5144 1203 5185 mens
1255 5119 1442 5183 Alex.
1494 5120 1633 5183 111.
1711 5117 2038 5184 Iamblich.
2097 5120 2410 5206 Protrept.
2470 5141 2531 5203 p.
2577 5119 2723 5203 386,

1032 5221 1255 5287 Kiessl.
1279 5243 1547 5307 quorum
1572 5220 1847 5284 locorum
1873 5238 2314 5308 argumentum
2335 5219 2562 5306 partim
2581 5242 2724 5284 cum

1031 5339 1243 5389 nostro
1270 5323 1406 5389 loco
1433 5339 1766 5411 cognatum
1799 5338 1909 5388 est.

1118 5427 1205 5491 ib.
1255 5429 1350 5491 καὶ
1379 5428 1449 5491 οὐ
1474 5429 1658 5508 μόνος
1686 5427 2077 5506 ἀναβεβηκὼς
2106 5453 2159 5489 κ.
2178 5451 2233 5490 τ.
2251 5427 2351 5513 λ.]
2403 5426 2507 5490 Ita
2533 5424 2723 5512 scrip·

1035 5529 1226 5594 simus
1253 5529 1618 5594 auctoritate
1647 5528 1944 5617 marginis
1971 5544 2036 5594 et
2056 5528 2330 5617 plurium
2358 5527 2563 5594 Codd.
2623 5531 2727 5595 De

1983 522 2807 591 ANNOTATIONES
2874 521 2988 587 IN
3054 520 3507 585 PLOTINI

2791 693 3094 761 sententia
3131 693 3323 780 hujus
3358 691 3473 757 loci
3505 690 3809 758 Brucker.
3838 692 3907 758 in
3937 694 4111 761 Hist.
4144 698 4306 765 Crit.
4336 698 4487 763 Phi-

2791 797 2900 863 los.
2935 798 3031 862 11.
3078 819 3142 884 p.
3174 814 3325 879 417.
3382 810 3787 883 posteaquam
3832 795 3971 863 haec
4019 798 4254 866 Plotini
4300 801 4490 866 verba

2792 901 3106 990 apposuit,
3137 899 3226 965 ita
3258 898 3544 987 judicat:
3600 907 3646 939 ‘⁶
3672 898 3870 965 Nullo
3910 901 4042 966 fere
4084 901 4221 968 loco
4263 903 4491 970 enthu-

2795 1006 3088 1071 siasmum
3131 1003 3478 1091 systematis
3521 1003 3617 1068 sui
3660 1019 3725 1069 et
3765 1004 4000 1071 fontem
4041 1022 4106 1072 et
4136 1008 4324 1072 finem
4361 1031 4495 1073 esse

2796 1108 3086 1174 Plotinus
3136 1106 3334 1194 magis
3382 1106 3619 1194 prodit,
3663 1130 3856 1194 quam
3905 1106 4084 1173 hoc.''
4172 1110 4493 1198 eqiidem

2793 1235 2917 1277 non
2947 1211 3139 1276 miror
3161 1210 3365 1274 virum
3395 1210 3755 1298 ceteroquin
3786 1210 4127 1289 eruditum,
4151 1213 4260 1278 sed
4291 1213 4496 1279 media

2794 1315 2857 1380 in
2894 1314 3184 1380 omnibus
3222 1312 3453 1401 potius,
3484 1336 3675 1401 quam
3718 1312 4103 1395 sublimiora,
4134 1331 4492 1396 sectantem,

2795 1417 3158 1506 hujusmodi
3202 1417 3413 1504 magni
3455 1415 3810 1505 philosophi
3853 1417 4036 1482 effata
4081 1419 4327 1507 assequi
4369 1441 4493 1484 11011

2796 1520 3096 1610 potuisse.

2883 1646 2949 1711 p.
2990 1639 3174 1709 1395,
3203 1642 3268 1700 4.
3330 1619 3371 1684 ἃ
3415 1622 3481 1685 δὲ
3530 1622 3599 1684 ἐν
3636 1627 3759 1689 τοῖς
3799 1623 4487 1713 λόγοις-διανοείσθω]

2802 1724 3148 1814 Suspiceris
3190 1723 3477 1789 Ficinum
3529 1722 3706 1787 aliter
3750 1723 3971 1812 legisse
4019 1726 4154 1791 haec
4195 1744 4493 1795 extrema.

2802 1828 2928 1894 Sed
2954 1826 3092 1892 libri
3123 1826 3336 1914 scripti
3364 1825 3517 1890 nihil
3548 1826 3974 1914 suppeditant.
4057 1830 4365 1896 Intactam
4398 1855 4494 1897 re-

2798 1930 2953 2018 liqui
2982 1929 3320 1994 versionem
3356 1929 3673 1994 Latinam.
3748 1930 3990 2018 Taylor
4019 1946 4227 1998 tamen
4271 1935 4499 2002 clarius

2799 2033 2885 2098 ita
2928 2032 3147 2098 vertit:
3199 2039 3241 2071 ‘⁶
3268 2033 3401 2097 But
3446 2032 3591 2097 with
3639 2049 3876 2119 respect
3920 2050 3986 2099 to
4029 2054 4390 2123 arguments
4430 2038 4494 2104 in

2802 2135 2908 2201 the
2935 2134 3132 2200 belief
3153 2134 3226 2199 of
3248 2134 3446 2199 which
3478 2135 3558 2200 he
3587 2135 3641 2199 is
3668 2135 3978 2218 deficient,
4000 2138 4079 2203 he
4108 2139 4332 2205 should
4355 2165 4498 2207 con-

2799 2239 2967 2305 ceive
2993 2261 3062 2303 as
3089 2237 3383 2303 follows.”

2885 2379 2971 2391 —
3001 2361 3098 2405 10.
3147 2342 3334 2423 φύσιν
3360 2342 3742 2424 ψυχῆς-καὶ
3787 2344 3865 2411 ὦς
3892 2347 4054 2426 παρὰ
4091 2348 4497 2430 νοῦ-ἀρετὴν

2798 2446 2986 2530 ἴσχει]
3041 2443 3167 2508 His
3209 2444 3508 2530 refragari
3547 2443 3743 2508 videri
3784 2446 3977 2533 possit
4018 2446 4201 2513 Plato
4238 2447 4303 2512 in
4347 2452 4492 2516 Me-

2801 2569 2962 2612 none
3001 2570 3062 2634 p.
3094 2568 3200 2632 99.
3237 2564 3310 2611 2:
3358 2547 3536 2628 ἀρετὴ
3565 2546 3641 2610 ἂν
3672 2550 3759 2626 εἴη
3789 2550 3927 2613 οὔτε
3955 2551 4138 2632 φύσει
4166 2553 4304 2617 οὔτε
4332 2556 4490 2618 διδα-

2802 2651 2959 2726 κτὸν,
2993 2652 3157 2715 ἀλλὰ
3193 2651 3322 2735 θείᾳ
3361 2651 3537 2734 μοίρᾳ
3572 2653 4055 2734 παραγιγνομένη
4092 2655 4236 2719 ἄνευ
4266 2659 4373 2719 νοῦ
4409 2657 4499 2724 οῖς

2801 2754 2878 2819 ἂν
2917 2754 3370 2836 παραγίγνηται.
3443 2754 3604 2831 Quae
3650 2753 3902 2818 uberius
3945 2756 4235 2843 exposuit
4280 2758 4491 2822 Maxi-

2800 2877 2941 2921 mus
2991 2855 3231 2943 Tyrius
3281 2855 3715 2919 XXXVIII.
3773 2880 3836 2944 p.
3871 2876 4162 2944 230—23
4166 2875 4228 2945 5.
4277 2858 4495 2927 Reisk.

2805 2959 2928 3024 Sed
2960 2981 3036 3023 ne
3064 2958 3250 3024 Plato
3279 2981 3486 3022 secum
3516 2958 3649 3045 ipse
3676 2959 3911 3046 pariter
3939 2975 4128 3048 atque
4167 2984 4312 3027 cum
4344 2963 4493 3028 Plo·

2803 3061 2934 3126 tino
2961 3084 3246 3150 pugnare
3267 3073 3549 3148 putetur,
3571 3062 3971 3149 comparandi
4002 3078 4150 3129 sunt
4177 3064 4243 3128 hi
4269 3065 4388 3131 loci
4416 3066 4499 3132 de

2803 3166 2969 3252 Rep.
3005 3165 3124 3229 IV.
3155 3187 3218 3251 p.
3248 3183 3399 3244 444.
3422 3186 3479 3228 e.
3507 3186 3572 3251 p.
3603 3182 3748 3232 212..
3778 3164 3980 3231 Bekk.
4031 3167 4229 3231 Lach.
4262 3190 4326 3255 p.
4353 3172 4494 3235 188.

2801 3290 2858 3334 c.
2935 3266 3241 3333 Phaedon.
3281 3290 3343 3355 p.
3378 3269 3480 3332 61.
3510 3268 3597 3333 A.
3635 3268 3732 3356 (p.
3765 3270 3825 3335 8.
3857 3269 4353 3358 Wyttenbachii,
4383 3295 4493 3339 cu-

2792 3372 2902 3459 jus
2950 3371 3269 3435 annotatio
3309 3369 3494 3458 plura
3546 3371 4022 3459 suppeditabit.)
4115 3373 4219 3441 Cf.
4254 3397 4313 3462 p.
4354 3394 4492 3460 172.

2802 3473 2996 3539 Adde
3039 3472 3377 3537 Alcinoum
3426 3475 3528 3538 De
3573 3475 3792 3539 Doctr.
3827 3475 4071 3540 Platon.
4106 3478 4202 3543 X.
4249 3501 4314 3568 p.
4345 3481 4493 3562 478.

2802 3592 2867 3643 et
2898 3577 3253 3641 XXVIII.
3284 3600 3350 3663 p.
3375 3594 3526 3662 517.
3559 3600 3697 3665 sqq.

2886 3719 2977 3733 —-
3013 3682 3111 3746 16.
3164 3681 3638 3763 νοῦν-πατέρα
3680 3682 3856 3761 αὐτῆς
3902 3680 4034 3764 (τῆς
4074 3690 4302 3771 ψυχῆς)
4351 3689 4497 3753 ὄντα

2804 3786 3029 3866 κόσμον
3059 3783 3295 3869 νοητὸν]
3345 3784 3550 3850 Patris
3584 3783 3920 3872 appellatio
3945 3785 4010 3850 in
4038 3787 4284 3854 Timoeo
4307 3812 4371 3879 p.
4389 3809 4494 3877 37.

2803 3910 2866 3975 p.
2886 3907 2994 3973 30.
3025 3885 3228 3951 Bekk.
3260 3901 3324 3950 et
3351 3909 3414 3973 p.
3437 3908 3542 3966 41.
3571 3909 3638 3974 p.
3664 3907 3769 3973 43.
3803 3888 4008 3953 Bekk.
4053 3889 4172 3955 dici
4203 3914 4330 3956 11011
4360 3908 4497 3981 pot-

2803 4005 2897 4055 est
2926 4012 3116 4077 quam
3139 3987 3353 4053 multis
3378 3989 3828 4054 imitationibus
3846 3991 4498 4083 disputationibusque

2804 4116 3014 4158 ansam
3045 4091 3403 4181 praebuerit.
3468 4095 3560 4157 Et
3587 4094 3778 4176 πατὴρ
3804 4117 3969 4159 nunc
3993 4095 4194 4183 ipsum
4223 4099 4496 4178 Bonum,

2806 4209 3090 4283 respectu
3148 4194 3370 4258 mentis
3430 4194 3668 4273 habito,
3727 4211 3856 4260 est:
3932 4197 4240 4264 Alcinous
4298 4225 4353 4267 c.
4397 4223 4496 4267 10.

2807 4321 2871 4385 p.
2899 4298 3044 4382 478.
3080 4299 3157 4362 de
3195 4299 3455 4361 Summo
3486 4298 3661 4363 Deo:
3709 4299 3899 4381 πατὴρ
3928 4300 3996 4363 δέ
4034 4303 4163 4365 ἐστι
4199 4307 4278 4389 τῷ
4316 4307 4500 4374 αἴτιος

2809 4401 2961 4466 εἶναι
2988 4399 3228 4465 πάντων
3257 4401 3353 4464 καὶ
3391 4407 3636 4481 κοσμεῖν
3664 4401 3771 4465 τὸν
3798 4402 4071 4482 οὐράνιον
4101 4408 4244 4468 νοῦν
4272 4406 4365 4470 καὶ
4392 4409 4502 4487 τὴν

2806 4503 3014 4588 ψνχῆν
3042 4507 3146 4567 τοῦ
3175 4505 3398 4583 κόσμου
3426 4502 3573 4585 πρὸς
3602 4503 3814 4568 ἑαυτὸν
3843 4505 3939 4568 καὶ
3973 4505 4119 4586 πρὸς
4150 4510 4254 4574 τὰς
4291 4509 4503 4574 ἑαυτοῦ

2810 4606 3064 4686 νοήσεις,
3110 4627 3298 4693 quem
3346 4606 3634 4670 affectato
3679 4629 3794 4670 suo
3834 4605 4080 4671 dicendi
4126 4631 4354 4696 genere
4395 4610 4502 4676 τὸν

2810 4707 3153 4793 ἀρχίφωτον
3172 4707 3402 4791 πατέρα
3423 4708 3572 4773 dicit
3600 4708 3938 4796 Dionysius
3959 4709 4366 4799 Areopagita,
4389 4715 4501 4801 qui

2809 4812 3031 4889 fertur,
3049 4810 3129 4875 de
3149 4810 3400 4876 Coelest.
3425 4811 3755 4876 Hierarch.
3773 4813 3824 4875 Ι.
3845 4834 3907 4899 p.
3928 4833 3956 4875 1
3971 4831 4024 4875 1.
4071 4814 4134 4876 N
4142 4837 4261 4879 unc
4278 4816 4497 4881 Mens:

2812 4913 3076 4980 Proclus
3108 4914 3170 4978 in
3204 4912 3453 4978 Platon.
3487 4913 3715 4979 Theol.
3752 4915 3892 4978 ΙΙΙ.
3939 4937 4005 5002 p.
4039 4935 4104 5000 5.
4132 4932 4273 5004 post
4302 4919 4495 4986 med.:

2812 5017 3101 5097 σωμάτων
3126 5019 3240 5097 μὲν
3269 5018 3364 5081 καὶ
3390 5023 3610 5101 ψνχῶν
3628 5017 3857 5099 πατέρα
3883 5016 3992 5081 τὸν
4021 5024 4162 5084 νοῦν
4184 5022 4504 5105 ἀποφαίνει

2815 5118 3165 5203 (Πλάτων);
3198 5134 3260 5183 et
3282 5119 3535 5206 quidem
3560 5119 3900 5208 tripliciter.
3954 5123 4127 5187 Hinc
4148 5130 4304 5205 τρεῖς
4320 5127 4493 5192 πατέ·

2809 5248 2911 5303 ρες
2945 5225 3142 5306 νοεροὶ
3173 5224 3329 5306 (tres
3358 5240 3565 5312 patres
3591 5224 4066 5311 intellectuales)
4099 5228 4358 5295 Proclus
4384 5233 4426 5296 l.
4460 5232 4501 5298 l.

2812 5326 2892 5390 V.
2920 5344 2983 5412 3.
3032 5349 3093 5413 p.
3129 5345 3276 5412 252.
3309 5351 3401 5415 sq.
3449 5326 3863 5414 appellatione
3909 5329 4168 5394 fortasse
4213 5355 4249 5395 e
4291 5333 4507 5420 priscis

2814 5430 3180 5494 Graecorum
3220 5429 3625 5517 religionibus
3651 5430 3864 5510 ducta,
3895 5454 4041 5518 quae
4072 5432 4508 5523 Tritopatores

2812 5530 3227 5599 celebrabant.
3306 5532 3481 5616 (vid.
3519 5533 3740 5599 Cicero
3768 5534 3849 5600 de
3878 5536 3960 5600 N.
3991 5535 4076 5601 D.
4114 5536 4253 5602 ΙΙΙ.
4283 5557 4386 5607 21.
4426 5566 4503 5609 ex
