5118 6613
1313 478 1511 544 LIB.
1547 476 1751 544 VIII.
1799 476 2264 543 ENNEAD.
2315 474 2771 555 QUINTAE.
2816 497 2882 563 p.
2922 494 3361 564 1012—1019.

598 658 673 719 τὰ
700 655 770 719 ἐν
795 654 950 739 αὐτῷ
994 654 1188 735 ἄστρα
1228 650 1938 736 στρέφων-παρέχεται.
2028 650 2130 714 De
2168 672 2297 714 uno

597 757 717 823 deo
745 770 809 822 et
835 755 1051 821 multis
1095 753 1281 819 simul
1324 754 1415 820 ita
1444 754 1818 820 Damascius
1860 754 1940 820 de
1972 752 2298 842 Principiis

599 883 655 926 e.
682 879 829 927 100.
859 881 926 946 p.
948 877 1099 944 314.
1133 856 1372 945 Koppii
1396 882 1412 921 ε
1459 860 1544 923 Τί
1565 864 1661 923 δεῖ
1682 861 1887 923 πολλὰ
1911 856 2148 940 λέγειν;
2197 858 2298 921 ὅτε

601 963 697 1027 καὶ
737 962 871 1029 τοὺς
913 961 1083 1028 θεοὺς
1123 961 1305 1026 οὕτως
1343 960 1719 1024 ὑποτίθενται
1761 959 1896 1027 τοὺς
1935 958 2199 1026 πολλοὺς
2242 960 2300 1022 οἱ

598 1065 712 1147 πρὸ
756 1062 1114 1147 ’Ῑαμβλίχου
1163 1058 1386 1145 σχεδόν
1427 1086 1485 1125 τι
1527 1061 1745 1130 πάντες
1789 1059 2140 1145 φιλόσοφοι,
2191 1060 2299 1125 ἕνα

598 1167 710 1246 μὲν
757 1165 910 1230 εἶναι
947 1166 1055 1230 τὸν
1095 1165 1453 1246 ὑπερούσιον
1495 1163 1636 1228 θεὸν
1677 1163 1978 1247 λέγοντες,
2009 1163 2145 1231 τοὺς
2187 1164 2294 1227 ἆλ-

599 1277 743 1337 λους
769 1269 1073 1335 οὗσιῶδεις
1102 1267 1279 1345 εἶναι,
1306 1271 1436 1334 ταῖς
1463 1266 1581 1330 ἀπὸ
1607 1271 1713 1331 τοῦ
1743 1266 1877 1334 ἑνὸς
1914 1265 2299 1349 ἑλλάμψεσιν

609 1370 1014 1449 ἑκθεομένους.
1722 1424 1731 1434 .

685 1494 749 1560 p.
783 1488 969 1555 1017,
1004 1490 1102 1537 12.
1144 1473 1308 1535 ἀλλὰ
1333 1471 1444 1551 ἤδη
1473 1472 1713 1554 ἀπειρία
1753 1471 2051 1552 δυνάμεως
2092 1472 2296 1552 ἀληθι-

610 1580 712 1657 νῆς
748 1576 1147 1659 φαντάζονται
1191 1578 1482 1651 καίουσαι,
1517 1577 1611 1641 καὶ
1638 1577 2011 1659 φθείρουσαι,
2046 1576 2141 1640 καὶ
2169 1576 2297 1639 θλί-

601 1680 877 1767 βουσαι.]
925 1681 985 1744 Ε
1020 1677 1298 1766 margine
1326 1692 1390 1743 et
1416 1676 1704 1767 plurimis
1739 1678 1911 1744 libris
1948 1677 2151 1764 recepi
2190 1677 2299 1758 ἤδη

602 1804 718 1870 pro
763 1784 923 1862 εἵδηε
970 1806 1007 1846 e
1044 1781 1295 1847 duobus
1343 1781 1682 1846 Marcianis
1726 1784 1997 1847 καίουσαι
2043 1804 2161 1869 pro
2205 1781 2299 1844 καὶ

603 1885 799 1950 οὖσαι.
857 1885 1007 1950 Ηοο
1035 1900 1389 1973 propterea,
1412 1884 1523 1971 qui
1552 1884 1956 1968 φαντάζεσθαι
1983 1881 2120 1948 aliis
2146 1906 2302 1971 quo-

603 2009 726 2073 que
752 1986 816 2051 in
846 1985 997 2051 locis
1023 1985 1400 2052 contrarium
1430 2003 1524 2051 est
1552 1991 1658 2051 τοῦ
1686 1987 1857 2052 εἶναι.
1946 1985 2122 2069 (Vid.
2156 1988 2298 2050 An-

601 2104 734 2154 not.
768 2104 962 2154 nostr.
993 2112 1184 2177 supra
1212 2088 1292 2154 ad
1328 2089 1387 2153 1.
1419 2091 1481 2154 6.
1512 2109 1577 2176 3.
1608 2112 1670 2177 p.
1690 2110 1798 2175 50.
1831 2090 1944 2176 Β.)
1975 2089 2122 2154 item
2153 2087 2303 2175 quia

604 2191 765 2279 ignis
822 2192 1057 2257 mentio
1105 2191 1225 2258 hoc
1275 2190 1592 2280 postulare
1641 2191 1991 2270 videbatur,
2041 2208 2104 2257 et
2154 2190 2305 2279 quia

605 2297 930 2376 θλίβουσαι
959 2296 1117 2362 bene
1142 2295 1434 2384 congruit
1461 2318 1606 2360 cum
1639 2297 1930 2361 καίουσαι.
1987 2295 2304 2359 Nimirum

606 2401 960 2482 φθείρουσαι
1003 2398 1273 2487 pertinet
1313 2399 1396 2464 ad
1433 2400 1595 2465 vires
1636 2400 1917 2465 omnium
1947 2421 2304 2488 corporum,

604 2525 877 2590 quorum
920 2501 1043 2568 alia
1080 2501 1448 2568 interimunt
1490 2503 1766 2568 urendo:
1814 2502 1934 2568 alia
1963 2502 2301 2581 trudendo,

606 2604 969 2693 premendo,
1000 2604 1647 2694 confringenda—In
1682 2605 2034 2671 definienda
2060 2605 2123 2670 vi
2152 2604 2299 2670 sub-

605 2707 857 2773 stantivi
887 2709 1124 2791 ἀπειρία
1149 2708 1460 2776 haesitavit
1480 2708 1740 2774 Ficinus
1766 2723 1851 2788 et,
1874 2708 2047 2796 quod
2077 2708 2305 2796 saepius

604 2812 808 2876 facere
852 2810 1028 2890 solet,
1061 2811 1344 2877 bifariam
1384 2812 1706 2899 expressit.
1795 2813 1964 2900 Ego,
1993 2811 2106 2900 qui
2148 2810 2300 2877 alte-

592 2937 744 2979 rum
777 2913 1192 3001 significatum
1235 2915 1318 2981 ab
1352 2914 1470 2980 hoc
1512 2914 1650 2981 loco
1685 2915 1954 2980 alienum
1986 2913 2298 2981 crederem

606 3016 800 3105 ipdus
828 3018 1056 3083 verba:
1102 3019 1422 3107 infinitate
1449 3028 1736 3084 constant
1764 3020 2153 3106 ejusdemque
2183 3040 2299 3082 un-

605 3120 756 3186 cinis
784 3119 1039 3185 inclusi:
1086 3119 1295 3186 delere
1320 3122 1385 3187 h.
1409 3120 1452 3186 l.
1487 3144 1613 3186 non
1657 3121 1855 3210 magis
1886 3120 2078 3197 volui,
2109 3143 2298 3208 quam

604 3223 752 3289 alibi
781 3222 1028 3303 similia,
1060 3246 1138 3289 ne
1166 3224 1427 3290 eruditis
1466 3223 1800 3290 lectoribus
1826 3224 2094 3314 eligendi
2124 3239 2300 3313 pote·

607 3343 731 3393 stas
761 3328 1124 3416 eriperetur.

688 3467 777 3482 —
802 3432 897 3495 18.
930 3430 1396 3514 ἀπολειφθῆναι]
1431 3429 1619 3509 Quod
1643 3428 1779 3495 Ciz.
1811 3430 2003 3496 habet
2031 3432 2305 3514 ἀποληφ-

593 3539 798 3614 θῆναι,
830 3534 1101 3622 pertinet
1130 3532 1208 3598 ad
1240 3532 1305 3598 id
1337 3532 1715 3599 confusionis
1742 3557 1963 3621 genus,
1986 3533 2156 3620 quod
2189 3554 2303 3621 per

596 3650 886 3702 veterum
919 3650 1321 3701 monumenta
1365 3635 1656 3701 latissime
1696 3653 2034 3725 grassatur,
2065 3637 2145 3702 de
2173 3659 2302 3724 quo

606 3756 747 3827 post
773 3740 926 3805 alios
954 3763 1158 3827 nuper
1182 3739 1366 3804 etiam
1395 3738 1724 3806 admonuit
1750 3739 2142 3805 doctissimus
2164 3740 2302 3802 Ha-

590 3843 734 3908 ‘sius
774 3843 855 3908 ad
903 3844 1100 3907 Leon.
1137 3843 1397 3907 Diacon.
1445 3865 1512 3929 p.
1549 3861 1695 3909 211.
1727 3844 1816 3907 D.
1910 3842 1989 3906 In
2021 3840 2302 3907 Platonis

611 3946 940 4033 Symposio
964 3970 1028 4034 p.
1066 3965 1210 4012 220.
1243 3949 1347 4010 A..
1376 3968 1440 4032 p.
1475 3949 1626 4028 461.
1662 3944 1862 4011 Bekk.
1892 3967 2060 4010 nunc
2087 3967 2294 4010 recen-

592 4048 791 4113 tiores
816 4062 956 4135 post
988 4049 1233 4115 Astium
1263 4048 1341 4112 ad
1376 4051 1606 4135 Remp.
1636 4071 1703 4136 p.
1728 4066 1880 4134 543.
1908 4070 2123 4111 omnes
2151 4050 2296 4112 ἆπο·

606 4150 937 4234 ληφθέντες
970 4164 1373 4238 reoeperunt:
1422 4149 1595 4215 libris
1625 4152 1824 4215 MSS.
1855 4149 2146 4215 omnibus
2188 4173 2296 4214 ex-

606 4252 966 4319 hibentibus
996 4252 1483 4336 ἀπολειφθέντες.
1574 4252 1763 4331 Quod
1807 4252 2116 4340 posterius
2158 4275 2296 4341 spe-

606 4358 766 4422 ciose
794 4371 962 4422 certe
990 4355 1152 4422 tueri
1180 4355 1397 4444 possis,
1429 4356 1478 4420 si
1508 4355 1805 4421 adhibere
1837 4355 1985 4421 velis
2007 4355 2296 4444 Xenoph.

610 4461 878 4526 Memm.
913 4461 973 4524 I.
1003 4482 1064 4540 4.
1099 4461 1160 4523 8.
1232 4457 1469 4547 Agesil.
1503 4460 1602 4524 11.
1637 4479 1738 4545 29.
1828 4461 1875 4523 J
1883 4459 2156 4524 odicium
2202 4483 2297 4524 re-

590 4587 755 4652 apse
781 4562 1013 4651 pendet
1042 4562 1123 4628 ab
1153 4560 1430 4640 historia,
1461 4585 1650 4648 quam
1681 4561 2063 4649 ignoramuS.

691 4689 755 4755 p.
792 4667 975 4743 1018,
1007 4667 1068 4730 6.
1096 4670 1335 4746 μᾶλλον
1361 4668 1478 4747 γὰρ
1508 4666 1697 4730 οίκεία
1723 4666 1761 4745 ἡ
1793 4665 1995 4750 καλή.]
2046 4665 2302 4731 Ficinus

608 4770 861 4858 insuper
904 4767 1227 4857 expressit,
1272 4767 1446 4855 quod
1493 4768 1557 4831 in
1607 4768 1792 4832 unius
1836 4767 1973 4832 libri
2025 4768 2302 4856 margine

608 4872 838 4962 legitur
871 4872 965 4936 καὶ
991 4873 1029 4953 ἡ
1059 4871 1347 4951 καλλονή.
1395 4870 1650 4958 Reliqui
1681 4870 1822 4935 libri
1853 4888 2158 4958 respuunt
2185 4873 2304 4938 hoc

608 4991 1041 5064 augmentum.
1158 4974 1269 5039 Ad
1314 4990 1754 5061 argumentum
1804 4974 2069 5039 universi
2114 4975 2304 5063 hujus

611 5079 722 5144 loci
753 5077 982 5142 adhibe
1012 5077 1242 5142 librum
1271 5075 1352 5140 de
1383 5075 1816 5140 Pulcritudine
1853 5100 2043 5162 supra
2074 5079 2134 5142 Ι.
2155 5082 2213 5143 6.
2236 5100 2298 5166 3.

608 5198 671 5247 et
699 5208 762 5258 4.
799 5204 861 5268 p.
880 5197 985 5265 52.
1017 5203 1108 5267 sq.
1141 5195 1204 5245 et
1232 5178 1314 5244 ad
1345 5202 1490 5243 eum
1520 5196 1835 5246 annotata.

691 5321 780 5334 —
805 5300 867 5365 7.
904 5285 1025 5347 Διὰ
1052 5282 1772 5364 τοῦτο-Ζεὺς-πρῶτος
1797 5284 2131 5369 πορεύεται]
2182 5283 2301 5347 Est

608 5387 773 5452 idem
802 5383 1149 5450 celebratus
1177 5384 1350 5450 locus
1379 5384 1445 5449 in
1476 5383 1755 5450 Platonis
1780 5384 2047 5449 Phaedro
2067 5408 2129 5473 p.
2156 5388 2301 5466 246.

609 5517 668 5558 e.
693 5507 757 5557 et
786 5512 852 5578 p.
878 5505 1020 5572 247.
1051 5510 1117 5575 p.
1140 5508 1251 5570 41.
1283 5512 1416 5576 sqq.
1451 5486 1649 5554 Bekk.
1682 5487 1864 5553 toties
1890 5487 1973 5553 ab
2000 5486 2136 5553 aliis
2163 5487 2297 5575 phi-

3952 499 4080 566 309

2380 647 2657 736 losophis
2683 661 2744 713 et
2775 647 2857 713 ab
2884 647 3022 736 ipso
3051 664 3261 714 nostro
3289 665 3684 715 memoratus
3760 650 3904 718 Vid.
3930 676 3994 719 v.
4022 678 4075 718 c.

2383 774 2573 838 supra
2600 752 2720 816 1v.
2751 768 2813 831 4.
2847 772 2909 838 9.
2937 773 3006 838 p.
3025 771 3177 837 403.
3202 753 3278 817 C.
3316 752 3468 839 ibiq.
3498 752 3717 819 laudd.
3747 770 3810 819 et
3839 777 3905 843 p.
3929 776 4076 841 419.

2386 854 2462 918 C.
2495 867 2559 917 et
2587 875 2654 940 p.
2675 869 2827 938 544.
2863 854 2939 918 C.
2983 869 3056 917 ut
3096 852 3218 919 alia
3259 854 3564 934 omittam,
3594 878 3743 943 quoe
3784 872 3847 921 et
3891 880 4083 944 supra

2384 955 2648 1021 excitavi
2693 970 2755 1020 et
2797 954 2878 1021 ad
2910 956 3166 1021 Phaedri
3207 958 3414 1022 locum
3458 957 3843 1046 collegerunt
3874 960 4078 1025 Hein-

2383 1058 2547 1124 dorf.
2578 1083 2645 1147 p.
2674 1078 2815 1145 251.
2849 1082 2985 1147 sqq.
3020 1076 3083 1124 et
3112 1062 3254 1124 Ast.
3287 1083 3348 1147 p.
3378 1064 3521 1145 296.
3550 1084 3689 1149 sqq.
3724 1076 3788 1127 et
3830 1061 3911 1128 ad
3952 1062 4075 1128 cal-

2384 1185 2517 1227 cem
2549 1161 2736 1250 Reip.
2768 1186 2831 1250 p.
2860 1163 3009 1248 653.
3043 1186 3181 1250 sqq.
3270 1163 3455 1243 Quod
3499 1164 3911 1232 Heindorfius
3954 1171 4078 1232 δαι-

2385 1262 2586 1345 μόνων
2613 1263 2862 1329 nomine
2903 1264 3141 1329 animos
3175 1289 3431 1354 quoque
3473 1269 3912 1355 comprehendi
3954 1293 4080 1359 pu-

2388 1379 2515 1432 tat:
2563 1368 2627 1432 in
2668 1391 2744 1432 eo
2783 1367 3096 1433 Plotinum
3141 1369 3424 1457 quidem,
3456 1370 3567 1458 qui
3611 1370 3839 1437 diserte
3880 1376 4085 1458 ψυχὰς

2384 1470 2589 1547 addit,
2621 1493 2746 1535 non
2776 1471 3219 1559 suffragantem
3252 1472 3461 1539 habet.
3538 1475 3702 1551 Quae
3729 1475 3901 1563 apud
3935 1476 4079 1541 Pla·

2387 1588 2597 1639 tonem
2634 1590 3023 1662 sequuntur:
3071 1576 3258 1658 ἄκραν
3300 1576 3414 1640 ὑπὸ
3461 1577 3589 1659 (ἐπὶ
3634 1576 3931 1665 Heindf.)
3977 1578 4085 1657 τὴν

2385 1677 2744 1760 ὑπουράνιον
2791 1678 3096 1760 (οὐράνιον
3141 1677 3445 1765 Heindf.)
3492 1681 3686 1764 ἁψῖδα
3734 1684 4084 1763 πορεύονται

2383 1780 2530 1862 πρὸς
2565 1782 2814 1849 ἄναντες
2839 1780 3170 1862 ἤδη-ὴωο
3214 1781 3427 1847 multis
3469 1782 3882 1871 interpretum
3911 1799 4083 1849 vete-

2384 1905 2525 1947 rum
2571 1882 3102 1970 disputationibus
3145 1884 3348 1949 locum
3403 1885 3707 1966 fecerunt,
3750 1900 3814 1951 et
3861 1909 4082 1952 secun-

2385 1983 2537 2050 dum
2586 1985 2872 2051 Proclum
2919 1986 2983 2050 in
3035 1987 3314 2052 Platonis
3362 1986 3670 2076 Theolog.
3707 1990 3827 2055 IV.
3867 1991 3966 2056 16.
4015 2013 4084 2077 p.

2391 2106 2535 2172 215.
2598 2086 2783 2153 Plato
2813 2089 2929 2154 sibi
2959 2089 3438 2155 informaverat:
3487 2091 3621 2158 τοὺς
3656 2097 3811 2173 τρεῖς
3846 2094 4087 2159 τούτους

2389 2189 2760 2271 διακόσμους,
2792 2192 2897 2256 τὸν
2937 2192 3363 2274 ὑπερουράνιον
3404 2191 3609 2271 τόπον,
3651 2193 3761 2273 τὴν
3802 2195 4084 2276 οὐρανίαν

2390 2297 2742 2376 περιφορὰν,
2774 2294 2882 2374 τὴν
2909 2294 3265 2377 ὑπουράνιον
3293 2299 3501 2379 ἁψῖδα.
3593 2296 3751 2359 Mox
3798 2295 4086 2361 Plotinus

2390 2395 2523 2484 ipse
2551 2395 2924 2461 mentionem
2954 2396 3106 2461 facit
3133 2397 3293 2465 τινὸς
3321 2398 3575 2481 ἀοράτου
3603 2396 3812 2463 τόπους
3846 2416 3909 2464 et
3940 2398 4085 2464 Plo-

2392 2498 2503 2563 tini
2526 2499 2724 2564 nostri
2748 2499 2811 2563 in
2840 2499 3057 2564 iisdem
3080 2499 3607 2588 disputationibus
3636 2501 3715 2565 de
3743 2501 3881 2567 loco
3903 2503 4087 2569 Phae-

2388 2600 2487 2667 dri
2515 2602 2749 2667 mentio
2776 2602 2870 2667 fit.
2961 2604 3066 2667 Ita
3092 2603 3255 2668 enim
3287 2604 3549 2669 Proclus
3579 2604 3618 2667 l.
3638 2607 3716 2669 l.:
3767 2608 3800 2669 ὁ
3827 2608 3940 2686 μὲν
3967 2609 4084 2688 γὰρ

2391 2707 2455 2769 ἐκ
2507 2710 2609 2786 τῆς
2647 2705 2894 2787 Ἀσίνης
2943 2705 3284 2790 φιλόσοφος
3336 2707 3659 2791 (nimirum
3706 2707 4085 2773 Theodorus

2390 2808 2743 2894 Asinaeus),
2787 2814 2868 2897 τῷ
2914 2812 3206 2897 Πλωτίνῳ
3246 2809 3612 2892 πειθόμενος,
3663 2812 3731 2876 τὸ
3776 2817 4088 2897 προσεχῶς

2388 2911 2506 2978 ἀπὸ
2566 2917 2673 2976 τοῦ
2729 2912 3060 2996 ἆποῤῥήτου
3123 2914 3425 2996 προελθὸν
3479 2915 3840 2997 ὑπουράνιον
3897 2919 4090 2999 ἁψῖδα

2386 3019 2796 3099 προσείρηκεν,
2845 3018 2922 3085 ὡς
2972 3020 3041 3081 ἐν
3086 3021 3166 3104 τῷ·
3218 3019 3354 3100 περὶ
3402 3018 3709 3099 ὀνομάτων
3755 3026 4092 3102 φιλοσοφεῖ

2386 3118 2522 3202 περὶ
2565 3122 2806 3185 τούτων.
2929 3121 3164 3186 Nostro
3211 3120 3464 3207 quidem
3513 3121 3649 3186 loco
3689 3120 3918 3187 diserte
3961 3121 4085 3187 hu-

2379 3222 2489 3311 jus
2532 3226 2751 3308 ἁψῖδος
2793 3223 2966 3288 nulla
3008 3223 3263 3303 mentio,
3300 3246 3413 3289 nec
3454 3223 3624 3301 alibi,
3656 3223 3828 3311 quod
3875 3224 4085 3305 sciam,

2387 3325 2453 3390 in
2503 3326 2616 3391 his‘
2647 3327 3102 3410 Enneadibus3
3165 3345 3236 3394 ut
3279 3329 3540 3393 fortasse
3583 3327 3700 3393 hoc
3744 3328 4086 3394 testimoni-

2388 3451 2500 3492 um
2544 3428 2755 3493 Procli
2802 3445 3177 3517 argumento
3225 3429 3325 3508 sit,
3367 3431 3432 3493 in
3484 3429 3680 3495 altera
3728 3429 3834 3494 illa
3878 3429 4083 3496 Ploti-

2390 3531 2718 3597 nianorum
2773 3533 3073 3600 librorum
3125 3532 3357 3600 ἐκδόσει
3406 3534 3619 3621 (cujus
3664 3532 3786 3597 alia
3828 3554 4083 3619 quoque

2387 3634 2649 3722 vestigia
2701 3635 3102 3721 offendimus)
3163 3635 3300 3699 haec
3358 3635 3612 3699 uberius
3682 3633 3910 3700 alicubi
3966 3658 4080 3700 ex-

2386 3738 2588 3825 posita
2626 3738 3191 3803 fuisse.—Addam
3236 3737 3416 3803 binos
3458 3737 3662 3803 locos:
3713 3736 3898 3803 Philo
3923 3738 4078 3804 Jud.

2385 3840 2465 3904 de
2497 3840 2865 3906 Cherubim.
2896 3839 3035 3906 Vol.
3075 3841 3171 3906 11.
3217 3864 3279 3929 p.
3321 3861 3414 3922 14.
3447 3840 3685 3906 Pfeiff.:
3734 3846 3840 3905 τοῦ
3865 3841 4087 3909 παντὸς

2386 3943 2642 4024 οὐρανοῦ
2686 3944 2944 4029 ἔσχατος
2985 3945 3158 4027 ἁψίς.
3250 3945 3429 4010 Stob.
3460 3943 3728 4031 Eclogg.
3761 3944 3986 4032 Physs.
4023 3946 4083 4008 Ι.

2389 4063 2489 4128 27.
2540 4069 2605 4133 p.
2639 4063 2788 4131 550.
2839 4048 3037 4110 Heer.
3085 4045 3166 4110 de
3216 4045 3411 4112 luna:
3476 4047 3683 4126 κοιλῆν
3725 4048 3928 4131 ἔχοντι
3977 4048 4084 4127 τὴν

2387 4151 2599 4232 ἁψῖδα.
2650 4147 2841 4213 Unde
2870 4151 3115 4233 ἀψίδων
3142 4149 3641 4224 deminutivum;
3691 4149 3771 4214 de
3800 4173 3928 4237 quo
3959 4150 4082 4214 vid.

2388 4253 2624 4317 coraes
2664 4252 2726 4315 in
2767 4250 3076 4320 Ἀτάκτοις
3105 4252 3201 4316 ῙῙ.
3234 4275 3296 4340 p.
3323 4271 3428 4336 77.
3504 4254 3799 4318 Ceterum
3826 4251 3908 4318 cf.
3943 4251 4087 4316 Plo·

2388 4354 2500 4420 tin.
2535 4357 2649 4420 lv.
2690 4376 2742 4420 1.
2778 4379 2841 4443 p.
2869 4357 3026 4441 360.
3055 4357 3142 4419 A.

2473 4482 2539 4546 p.
2579 4478 2765 4543 1019,
2807 4475 2906 4542 17.
2950 4463 3075 4525 τοῖς
3118 4460 3184 4522 δὲ
3229 4460 3326 4522 διὰ
3365 4458 3587 4526 παντὸς
3630 4460 3759 4523 οἶον
3789 4461 4087 4523 οἱνωθεῖσι

2390 4562 2484 4626 καὶ
2512 4566 2877 4643 πληρωθεῖσι
2905 4565 3012 4625 τοῦ
3040 4560 3341 4647 νέκταρος]
3384 4560 3730 4648 Imaginem
3763 4585 3802 4625 a
3823 4562 4088 4627 Platone

2388 4687 2503 4728 suo
2529 4679 2623 4728 est
2654 4678 3003 4742 mutuatuS‚
3035 4685 3175 4728 cum
3210 4662 3288 4727 de
3320 4662 3595 4728 Phaedro
3624 4687 3686 4751 p.
3712 4681 3858 4747 247.
3883 4665 3991 4729 fin.
4024 4690 4085 4754 p.

2388 4786 2493 4851 43.
2517 4764 2717 4829 Bekk.
2750 4780 2885 4831 tum
2911 4765 2991 4830 de
3017 4765 3348 4853 Symposio
3371 4789 3434 4853 p.
3460 4785 3603 4852 203.
3630 4789 3696 4853 p.
3713 4784 3860 4852 429.
3883 4766 4084 4832 Bekk.

2390 4869 2577 4949 Quod
2608 4871 2908 4934 οἰνωθεῖσι
2952 4891 3092 4933 cum
3134 4868 3421 4933 Nectaris
3465 4867 3778 4932 mentione
3820 4869 4082 4957 conjun-

2385 4972 2558 5059 gitur
2587 4972 2653 5036 h.
2675 4970 2746 5050 1.,
2778 4971 3075 5036 admonet
3104 4970 3411 5059 Appuleii
3443 4970 3941 5058 Metamorphos.
3971 4974 4087 5037 VI.

2397 5094 2536 5161 125.
2568 5098 2632 5163 p.
2659 5076 2810 5156 426.
2835 5098 2929 5162 sq.
2961 5074 3295 5140 Oudend.:
3334 5085 3377 5115 ‘⁶
3404 5077 3596 5138 Tunc
3625 5073 3918 5161 poculum
3952 5097 4090 5139 nec-

2389 5178 2558 5257 tariS‚
2589 5178 2754 5266 quod
2786 5180 3008 5242 vinum
3036 5179 3292 5242 deorum
3322 5188 3433 5256 est,
3465 5180 3512 5242 J
3514 5177 3616 5242 ovi
3645 5176 3899 5264 quidem
3938 5200 4090 5242 suus

2387 5280 2711 5370 pocillator
2752 5281 2855 5347 ille
2899 5281 3168 5346 rusticus
3210 5304 3391 5369 puer,
3433 5281 3671 5359 ceteriS‚
3703 5303 3851 5344 vero
3891 5281 4089 5347 Liber

2388 5384 2780 5449 ministrabat
2811 5385 2867 5448 :''
2942 5384 3051 5448 ubi
3108 5383 3561 5472 Oudendorpio
3616 5384 4087 5471 suffragandum

2388 5502 2571 5576 pum,
2601 5487 2710 5574 qui
2757 5487 2946 5553 verba
2987 5487 3327 5575 quod—est
3371 5510 3409 5551 a
3459 5485 3845 5575 glossematis
3887 5491 4088 5578 suspi-
