5118 6613
1024 524 1157 591 310

1026 678 1206 745 cione
1262 672 1583 741 liberanda
1633 671 1895 738 censuit.
2011 671 2226 738 Etiam
2285 670 2604 736 Lucianus
2660 668 2722 734 in

1026 780 1394 870 Lexiphane
1426 779 1480 842 1.
1513 800 1579 864 p.
1606 796 1758 863 319.
1790 777 2096 841 Wetsten.
2122 800 2138 839 :
2187 773 2465 856 νέκταρος
2492 771 2608 856 γάρ
2637 797 2720 836 τι-

1029 912 1130 953 νος
1172 885 1365 950 ἔοικας
1407 878 1786 964 οἰνοχοήσειν
1827 880 1966 959 ἡμῖν
2005 876 2102 944 ἀπ’
2135 878 2333 943 αὐτοῦ.
2426 878 2722 942 Ceterum

1026 985 1200 1074 quod
1235 984 1520 1049 Plotinus
1562 981 1741 1046 addit
1786 983 1880 1046 καὶ
1922 985 2303 1063 πληρωθεῖσι,
2336 1000 2460 1043 non
2504 1001 2721 1066 super-

1024 1089 1249 1169 fluum,
1282 1086 1590 1174 siquidem
1628 1098 1699 1149 ut
1743 1084 2085 1173 plurimum
2115 1084 2438 1163 οῖνῶμενον
2465 1079 2722 1145 distinc-

1025 1209 1162 1258 tum
1194 1190 1415 1256 volunt
1446 1188 1656 1254 Graeci
1684 1210 1724 1251 a
1747 1189 2027 1267 μεθύοντι
2057 1184 2467 1272 (wesseling.
2497 1183 2580 1249 ad
2611 1182 2725 1249 Di-

1023 1295 1196 1361 odor.
1232 1295 1288 1359 1.
1321 1309 1426 1379 57.
1473 1316 1540 1379 p.
1573 1292 1677 1375 67.
1752 1288 2091 1378 Mangeius
2132 1287 2214 1352 ad
2261 1286 2513 1353 Philon.
2545 1287 2609 1352 Ι.
2658 1309 2722 1374 p.

1021 1403 1205 1485 350.)
1298 1397 1462 1461 Nam
1508 1417 1699 1483 supra
1729 1392 2088 1478 (Platonem
2132 1406 2382 1456 secutus
2424 1390 2486 1454 in
2536 1391 2722 1478 Sym·

1025 1500 1180 1590 posii
1211 1499 1253 1565 l.
1278 1498 1348 1579 l.)
1383 1523 1444 1588 p.
1472 1518 1619 1583 299.
1650 1501 1725 1562 Α.
1762 1510 2026 1585 usurpat
2066 1496 2306 1577 μεθύειν
2340 1497 2421 1581 τῷ
2466 1493 2721 1575 νέκταρι,

1022 1619 1087 1670 et
1115 1602 1268 1669 ibid.
1303 1603 1405 1667 D:
1451 1603 1548 1667 καὶ
1576 1603 1766 1666 εὕδειν
1797 1602 1924 1665 ἐκεῖ
1961 1601 1995 1664 ὁ
2040 1596 2238 1681 Πόρος
2281 1598 2368 1666 οἶς
2412 1598 2723 1679 ἐπληρώθη

1022 1705 1460 1789 βεβαρημένος.
1560 1703 1745 1769 Philo
1794 1705 1840 1768 J
1848 1703 1952 1768 ud.
2007 1701 2088 1766 de
2139 1700 2410 1766 Plantat.
2464 1699 2607 1764 Noe
2654 1723 2721 1788 p.

1026 1830 1171 1898 234.
1202 1833 1255 1874 a.
1302 1833 1366 1897 p.
1398 1808 1541 1889 148.
1572 1805 1828 1872 Pseiff.:
1885 1806 2069 1871 Ἔστι
2118 1804 2319 1869 τοίνυν
2364 1803 2432 1867 τὸ
2482 1805 2724 1883 μεθύειν

1023 1915 1235 1986 διττὸν,
1268 1912 1335 1976 ἐν
1361 1912 1474 1991 μὲν
1503 1912 1641 1975 ἴσον
1668 1935 1725 1974 τι
1752 1913 1833 1996 τῷ
1863 1911 2188 1973 οἰνοῦσθαι.
2238 1907 2443 1988 ἕτερον
2475 1908 2540 1970 δὲ
2583 1908 2725 1970 ἴσον

1021 2017 1102 2101 τῷ
1145 2019 1352 2095 ληρεῖν
1397 2015 1466 2078 ἐν
1503 2016 1664 2099 οἴνῳ.
1757 2014 1923 2077 Cum
1972 2010 2070 2075 his
2111 2033 2257 2074 vero
2299 2009 2447 2074 locis
2488 2008 2720 2074 Plotini

1022 2115 1367 2204 comparari
1394 2114 1625 2180 debent
1655 2114 1789 2180 haec
1826 2112 2032 2179 Procli
2060 2113 2123 2178 in
2156 2111 2318 2178 Plat.
2345 2111 2573 2178 Theol.
2604 2113 2720 2177 IV.

1030 2240 1131 2306 15.
1162 2241 1226 2306 p.
1256 2236 1419 2283 202:
1467 2219 1504 2299 ἡ
1548 2220 1614 2282 δὲ
1658 2216 1941 2301 τρόφιμος
1982 2222 2100 2281 τῶν
2144 2222 2297 2282 θεῶν
2340 2217 2500 2282 αἰτία
2545 2214 2723 2297 νοητή

1022 2348 1107 2390 τις
1152 2323 1319 2387 ἐστὶν
1348 2321 1557 2389 ἕνωσις
1599 2320 1708 2400 τὴν
1749 2322 1900 2401 ὅλην
1939 2324 2339 2400 συλλαβοῦσα
2380 2317 2722 2400 τελειότητα

1022 2431 1138 2490 τῶν
1168 2430 1321 2490 θεῶν
1352 2427 1419 2488 ἐν
1450 2426 1647 2505 ἑαυτῇ,
1681 2424 1777 2488 καὶ
1807 2427 2116 2506 πληροῦσα
2154 2422 2288 2490 τοὺς
2328 2422 2499 2490 θεοὺς
2540 2423 2724 2503 ἀκμῆς

1023 2529 1119 2593 καὶ
1148 2527 1463 2608 δυνάμεως,
1499 2529 1582 2594 εἵς
1609 2553 1676 2592 τε
1715 2526 1823 2606 τὴν
1850 2524 2136 2609 πρόνοιαν
2163 2531 2281 2590 τῶν
2311 2524 2599 2607 δευτέρων
2628 2524 2723 2589 καὶ

1020 2631 1129 2710 τὴν
1159 2628 1369 2711 νόησιν
1392 2629 1500 2709 τὴν
1530 2630 1821 2711 ἄτρεπτον
1847 2635 1966 2694 τῶν
1991 2630 2258 2712 πρότων.
2289 2627 2426 2693 ἀλλ’
2458 2629 2581 2694 ἄνω
2608 2631 2723 2709 μὲν

1022 2736 1292 2801 ἑνοειδῶς
1320 2733 1542 2797 τούτων
1570 2734 1630 2796 ol
1657 2733 1783 2797 θεοὶ
1809 2731 2152 2817 μετέχουσι,
2186 2734 2254 2798 ἐν
2282 2735 2349 2798 δὲ
2376 2738 2504 2800 ταῖς
2538 2729 2718 2814 προό-

1020 2840 1142 2903 δοις
1169 2839 1392 2900 ἑαυτῶν
1421 2833 1795 2917 διῃρημένως.
1829 2832 2033 2900 Ὅπου
2073 2835 2143 2914 δὴ
2185 2836 2281 2899 καὶ
2308 2838 2409 2914 τῆς
2434 2839 2659 2918 τροφῆς
2682 2834 2720 2914 ἦ

1018 2938 1132 3016 μὲν
1175 2937 1480 3018 ἀμβροσία
1524 2941 1790 3001 καλεῖται
1831 2939 1995 3018 παρὸ
2036 2941 2142 3001 τοῦ
2187 2935 2532 3010 Πλάτωνος,
2574 2937 2612 3016 ἦ
2655 2938 2721 3001 δὲ

1023 3038 1255 3120 νέκταρ.
1303 3037 1466 3119 Πρὸς
1493 3040 1558 3102 δὲ
1585 3037 1694 3116 τὴν
1722 3037 1974 3120 φάτνην,
2006 3039 2157 3121 φησὶ
2188 3038 2407 3120 (Plato
2433 3037 2498 3103 in
2530 3039 2717 3104 Phae-

1021 3140 1121 3206 dri
1148 3140 1191 3206 l.
1208 3139 1288 3226 l.)
1318 3140 1453 3207 τοὺς
1481 3142 1693 3209 ἵππους
1721 3141 1945 3221 στήσας
1965 3141 2317 3224 παρέλαβεν
2348 3141 2416 3226 (l.
2447 3143 2718 3225 παρέβα-

1020 3248 1160 3329 λεν)
1187 3245 1548 3327 άμβροσίαν,
1585 3244 1680 3310 καὶ
1710 3241 1800 3309 ἐπ’
1825 3244 1969 3327 αὐτῇ
1994 3244 2203 3328 νέκταρ
2230 3243 2508 3311 ἐπότισεν
2529 3273 2581 3311 κ.
2596 3271 2646 3310 τ.
2657 3254 2718 3311 λ.

1022 3347 1261 3414 Julian.
1293 3345 1500 3435 Epist.
1537 3347 1872 3412 XXVII:
1920 3348 1988 3413 τὸ
2038 3352 2155 3432 γὰρ
2202 3350 2297 3414 ἀεὶ
2341 3350 2477 3432 περὶ
2527 3350 2723 3416 αὐτῶν

1020 3453 1256 3518 ἀκούειν
1286 3450 1381 3514 καὶ
1410 3448 1617 3532 λέγειν
1648 3451 1779 3515 ἔστι
1805 3477 1907 3532 μοι
1937 3450 2172 3534 νέκταρ.
2260 3453 2422 3531 Quae
2449 3452 2722 3518 formula

1020 3552 1335 3641 proverbii
1377 3552 1504 3617 vim
1549 3552 1779 3642 adepta
1821 3568 1935 3621 est.
2026 3553 2173 3621 Vid.
2212 3557 2291 3621 L.
2322 3558 2415 3621 H.
2450 3556 2719 3645 Heyler.

1019 3655 1100 3722 ad
1130 3679 1274 3722 eum
1306 3654 1530 3721 locum.
1563 3680 1624 3745 p.
1653 3676 1799 3742 291.

1106 3783 1172 3846 p.
1203 3778 1390 3837 1020,
1421 3779 1487 3845 3.
1517 3759 1652 3825 ἀλλ’
1688 3759 1816 3845 ἔχει
1850 3760 1918 3825 τὸ
1959 3759 2138 3840 ὀξέως
2181 3762 2336 3843 ὀρῶν
2364 3764 2432 3828 ἐν
2460 3765 2615 3850 αὐτῷ
2651 3763 2721 3827 τὸ

1021 3863 1351 3950 ὁρώμενον]
1401 3860 1739 3927 Vaticanus
1767 3885 1892 3927 non
1921 3861 2200 3949 agnoscit
2228 3863 2317 3939 τὸ,
2348 3881 2539 3952 atque
2574 3888 2718 3930 cum

1025 3964 1281 4029 Ficinus
1309 3964 1651 4029 masculino
1680 3981 1918 4044 utatur,
1948 3964 2262 4053 equidem,
2293 3966 2343 4031 si
2374 3990 2539 4032 unus
2565 3968 2723 4033 liber

1020 4067 1380 4145 addixisset,
1413 4068 1821 4155 reposuissem
1860 4069 1894 4131 ὁ
1940 4068 2120 4148 ὀξέως
2162 4071 2335 4152 ὀρῶν,
2378 4070 2721 4158 praesertim

1023 4193 1164 4234 cum
1195 4169 1479 4257 proxime
1505 4169 1571 4233 in
1604 4171 1761 4255 ἔχων
1789 4171 2174 4237 consentiant
2200 4195 2434 4238 omneS.

1113 4309 1194 4320 —
1220 4290 1278 4355 7.
1322 4274 1524 4355 ὥσπερ
1572 4276 1630 4338 εἴ
1663 4299 1749 4341 τις
1792 4273 1908 4338 ὑπὸ
1957 4278 2097 4339 θεοῦ
2142 4277 2548 4359 κατασχεθεὶς,
2581 4282 2722 4342 Φοι-

1026 4373 1329 4456 βόληπτος
1367 4372 1404 4455 ἢ
1441 4374 1556 4440 ὑπό
1598 4401 1756 4443 τινος
1800 4377 2071 4463 Μούσης]
2126 4378 2205 4441 In
2238 4378 2570 4444 Herodoto
2602 4381 2721 4444 IV.

1033 4499 1132 4564 13.
1176 4476 1416 4564 aliquot
1461 4477 1599 4543 libri
1646 4480 1843 4544 MSS.
1889 4478 2007 4544 hoc
2050 4479 2254 4568 ipsum
2291 4481 2565 4548 offerunt
2604 4506 2725 4573 pro

1029 4579 1247 4646 lonico
1277 4579 1751 4663 φοιβόλαμπτος,
1783 4583 1989 4648 minus
2020 4599 2205 4649 recte.
2282 4585 2615 4674 Longinus
2641 4587 2723 4653 de

1030 4682 1295 4749 Sublim.
1328 4685 1520 4748 XVI.
1559 4703 1615 4751 2.
1646 4708 1711 4772 p.
1742 4687 1843 4751 68.
1879 4686 2187 4754 Weiskii:
2234 4688 2314 4753 de
2345 4692 2719 4758 Demosthe-

1028 4810 1140 4851 ne:
1176 4786 1313 4851 ἀλλ’
1347 4787 1566 4866 ἐπειδὴ,
1600 4786 1860 4871 καθάπερ
1888 4792 2272 4870 ἐμπνευσθεὶς
2300 4795 2582 4877 ἐξαίφνης
2607 4798 2723 4862 ὑπὸ

1029 4894 1169 4956 θεοῦ
1220 4891 1317 4954 καὶ
1362 4890 1544 4954 οἱονεὶ
1595 4889 2005 4972 φοιβόληπτος
2054 4892 2375 4975 γενόμενος
2422 4896 2530 4962 τὸν
2580 4903 2727 4965 κατὰ

1027 4999 1143 5058 τῶν
1173 4993 1430 5075 ἀρίστων
1458 4997 1559 5072 τῆς
1584 4991 1881 5063 Ἑλλάδος
1909 4997 2086 5077 ὅρκον
2116 4997 2513 5081 ἐξεφώνησεν,
2584 5001 2723 5089 Ly-

1028 5096 1307 5185 cophron
1337 5096 1399 5159 in
1432 5095 1783 5161 Cassandra
1822 5120 1883 5160 v.
1925 5099 2105 5177 1460.
2152 5098 2311 5164 hanc
2353 5099 2551 5187 ipsam
2596 5105 2722 5169 vir-

1025 5200 1234 5288 ginem
1279 5200 1387 5279 τὴν
1429 5197 1844 5282 φοιβόληπτον
1884 5198 2172 5285 χελιδόνα
2213 5202 2508 5290 appellat,
2549 5208 2723 5294 quod

1032 5304 1254 5367 Tzetz.
1288 5302 1351 5366 in
1386 5300 1646 5367 Scholiis
1673 5325 1737 5389 p.
1770 5307 1953 5384 1046.
1985 5303 2335 5390 explicant:
2384 5306 2492 5386 τὴν
2516 5335 2722 5388 μανι-ι-

1032 5405 1155 5484 κήν,
1187 5419 1251 5470 et
1279 5403 1680 5488 φοιβόληπτοι
1707 5404 1836 5470 sive
1865 5404 2217 5490 θεοφόρητοι
2246 5407 2418 5487 dicti,
2449 5411 2563 5498 qui
2592 5412 2722 5479 dae-

1031 5507 1251 5587 moniS,
1281 5508 1409 5574 sive
1437 5506 1585 5574 boni
1615 5507 1741 5573 sive
1769 5506 1936 5588 mali,
1960 5508 2252 5576 instinctu
2285 5509 2589 5595 divinant,
2612 5531 2725 5583 aut

2017 496 2860 565 ANNOTATIONES
2908 498 3019 562 IN
3066 498 3510 564 PLOTINI

2809 668 3061 757 quidvis
3101 669 3271 735 aliud
3313 670 3539 741 mentis
3581 693 3711 737 suae
3754 694 3880 737 non
3919 687 4238 761 compotes
4279 692 4503 763 agunt.

2813 770 2985 837 Hinc
3028 772 3212 837 etiam
3256 772 3338 838 ad
3382 788 3618 860 poetas,
3648 791 3922 841 oratores
3965 776 4358 857 transfertur,
4387 777 4502 843 ob·

2811 890 3091 941 servante
3123 877 3289 941 Mer.
3322 877 3697 943 Casaubono
3738 878 3819 943 ad
3864 880 4179 945 Antonin.
4215 881 4390 946 XII.
4438 880 4504 945 in

2809 977 2908 1043 ed.
2942 978 3243 1044 Gatakeri
3289 1003 3352 1068 p.
3385 998 3537 1061 420.
3628 980 3818 1060 Quod
3859 981 4039 1047 addit
4082 982 4411 1048 Plotinus:
4466 982 4504 1064 ἢ

2808 1079 2923 1146 ὑπό
2950 1108 3111 1152 τινος
3138 1086 3390 1165 Μούσης
3419 1086 3893 1168 (κατασχεθεὶς),
3924 1085 4098 1151 haud
4124 1086 4317 1153 dubie
4360 1103 4510 1153 ante

2809 1183 3022 1251 oculos
3066 1186 3288 1253 habuit
3332 1186 3522 1253 alium
3573 1186 3778 1253 locum
3822 1188 4102 1254 Phaedri.
4191 1190 4298 1254 Ita
4339 1188 4506 1254 enim

2809 1311 2874 1376 p.
2906 1307 3050 1374 245.
3077 1311 3133 1354 a.
3179 1313 3247 1378 p.
3275 1306 3385 1376 37.
3433 1289 3632 1355 Bekk.
3742 1289 3976 1356 Plato:
4042 1293 4206 1374 τρίτη
4262 1294 4330 1358 δὲ
4386 1292 4504 1357 ἀπὸ

2810 1395 3078 1456 Μουσῶν
3117 1391 3427 1477 κατακωχή
3468 1418 3537 1457 τε
3581 1393 3676 1457 καὶ
3715 1394 3900 1474 μανία
3940 1399 4224 1475 λαβοῦσα
4267 1394 4506 1475 ἁπαλὴν

2811 1494 2908 1558 καὶ
2956 1495 3188 1575 ἄβατον
3240 1495 3467 1580 ψυχὴν,
3528 1496 3845 1579 ἐγείρουσα
3902 1498 3997 1561 καὶ
4052 1499 4506 1583 ἐκβακχεύουσα

2809 1595 2958 1661 κατά
2993 1622 3061 1662 τε
3098 1595 3251 1684 ᾠδὸς
3293 1598 3388 1662 καὶ
3432 1602 3582 1663 κατὰ
3629 1598 3737 1679 τὴν
3776 1600 3971 1680 ἄλλην
4007 1603 4249 1681 ποίησιν
4288 1629 4338 1665 κ.
4358 1626 4413 1664 τ.
4434 1608 4497 1665 λ.

2811 1697 2993 1763 Idem
3023 1699 3103 1764 de
3133 1700 3337 1788 Legg.
3367 1701 3523 1765 VII.
3558 1719 3705 1786 790.
3733 1700 3799 1767 d.
3820 1725 3873 1767 e.
3921 1725 3984 1790 p.
4009 1705 4067 1766 6.
4101 1701 4305 1768 Bekk.
4330 1729 4346 1769 ι
4395 1728 4498 1768 κα-

2809 1801 2996 1884 θάπερ
3035 1804 3098 1867 αἰ
3138 1808 3256 1867 τῶν
3297 1800 3605 1885 ἐκφρόνων
3630 1809 3936 1887 βακχειῶν
3964 1804 4169 1873 τάσεις
4209 1807 4388 1887 ταύτῃ
4430 1808 4502 1887 τῇ

2807 1909 2909 1985 τῆς
2936 1904 3218 1985 κινήσεως
3245 1905 3368 1986 ἅμα
3386 1907 3596 1991 χορεία
3616 1907 3714 1970 καὶ
3731 1908 3927 1988 μούσῃ
3948 1909 4263 1993 χρώμεναι.
4296 1910 4502 1988 Quem

2806 2007 3011 2072 locum
3053 2023 3200 2073 ante
3241 2008 3454 2073 oculos
3495 2008 3785 2074 habuisse
3826 2009 4075 2075 videtur
4119 2011 4301 2077 Philo
4337 2013 4383 2076 J
4388 2011 4502 2079 ud.

2807 2109 2966 2190 Quis
3019 2134 3173 2179 rerr.
3222 2111 3458 2177 divinn.
3519 2110 3719 2177 haeres
3766 2136 3832 2201 p.
3858 2114 4010 2194 482.
4069 2114 4173 2179 ed.
4218 2114 4502 2203 Mangeii

2813 2213 2986 2299 (Vid.
3017 2230 3226 2280 annot.
3259 2230 3454 2280 nostr.
3484 2215 3566 2280 ad
3597 2214 3733 2280 Cic.
3764 2213 3845 2280 de
3874 2215 4159 2282 Divinat.
4188 2218 4247 2282 1.
4277 2238 4325 2282 1.
4353 2241 4419 2306 p.
4435 2235 4498 2304 5.

2805 2317 2957 2385 edit.
2987 2318 3279 2403 Moseri.)
3345 2318 3668 2383 Himerius
3697 2320 3875 2385 Orat.
3913 2320 4129 2385 XIII.
4164 2339 4226 2404 7.
4262 2345 4325 2410 p.
4350 2324 4498 2409 596.

2807 2420 3170 2495 Wernsdf.:
3207 2419 3245 2502 ἢ
3274 2421 3404 2486 οἷον
3433 2421 3542 2486 τὸν
3567 2422 3963 2506 βακχειῶτην,
3993 2425 4144 2488 οὕτω
4173 2428 4291 2508 γὰρ
4320 2425 4500 2492 αὐτὸν

2806 2526 2843 2606 ἡ
2870 2526 3025 2607 λύρα
3069 2529 3259 2598 καλεῖ,
3289 2523 3398 2588 τὸν
3427 2521 3731 2589 Διόνυσον
3757 2524 4045 2609 λέγουσα,
4075 2527 4215 2610 ἦρος
4255 2529 4390 2611 ἄρτι
4429 2530 4497 2594 τὸ

2805 2633 3038 2711 πρῶτον
3069 2625 3509 2709 ἐκλάμψαντος,
3540 2627 3758 2692 ἄνθεσί
3780 2652 3847 2692 τε
3875 2627 4131 2710 ἠρινοῖσι
4167 2632 4263 2695 καὶ
4301 2638 4507 2698 κισσοΐ

2808 2731 3129 2813 κορύμβαις
3171 2731 3444 2796 Μούσαις
3490 2728 3733 2815 κάτοχοι
3771 2731 4008 2811 ποιηταὶ
4049 2732 4387 2816 στέψαντες
4429 2736 4495 2800 ἆ-

2804 2858 2982 2915 γουσι
3010 2860 3060 2897 κ.
3081 2858 3135 2896 τ.
3153 2840 3213 2896 λ.
3263 2830 3557 2896 Proxima
3584 2830 3891 2898 Platonici
3920 2832 4170 2899 Phaedri
4199 2837 4501 2924 expressit

2808 2933 2995 3001 Philo
3034 2936 3080 2999 J
3087 2934 3309 3000 udaeus
3353 2933 3434 2999 de
3479 2933 3883 3003 Providentia
3926 2935 3991 3001 in
4032 2938 4203 3002 Vers.
4235 2941 4501 3007 Arinen.

2806 3052 2871 3104 et
2900 3037 3104 3103 Latin.
3152 3062 3218 3126 p.
3254 3055 3358 3122 77.
3401 3037 3679 3103 ed.Ven.
3731 3037 3864 3123 (ubi
3907 3038 3973 3103 in
4021 3040 4261 3107 Graecis
4303 3043 4503 3109 scribe

2807 3143 3115 3225 ἀφίκηται)
3146 3140 3423 3228 itemque
3451 3139 3833 3206 Plutarchus
3874 3140 3954 3207 de
3984 3142 4232 3209 Virtute
4267 3145 4501 3211 Morali

2807 3267 2870 3333 p.
2900 3262 3051 3330 452.
3084 3245 3161 3309 B.
3206 3264 3271 3331 p.
3305 3245 3448 3330 845.
3480 3244 3731 3332 Wytt.:
3779 3244 3850 3309 οὗ
3876 3247 3991 3329 γὰρ
4016 3244 4206 3329 μόνον
4236 3249 4304 3314 ἐν
4330 3248 4495 3331 ποιή-

2805 3373 3011 3429 μασιν,
3041 3344 3080 3428 ᾗ
3111 3356 3299 3430 φησιν
3326 3350 3360 3411 ὅ
3390 3346 3672 3423 Πλάτων,
3703 3348 3809 3413 τὸν
3835 3351 4112 3433 τεχνίτην
4151 3352 4248 3415 καὶ
4285 3356 4496 3435 διηκρι.

2805 3449 3085 3532 βωμένον
3106 3452 3140 3515 ὁ
3163 3447 3576 3530 μουσόληπτος
3606 3449 3702 3514 καὶ
3731 3449 4095 3535 κατάσχετος
4121 3455 4500 3523 ἀποδείκνυσι

2807 3558 3054 3637 γελοῖον
3083 3580 3135 3617 κ.
3160 3578 3215 3616 τ.
3230 3560 3293 3617 λ.
3364 3550 3858 3639 olympiodorus
3883 3552 3949 3617 in
3979 3552 4261 3621 Platonis
4288 3557 4498 3625 Alcib.

2808 3678 2906 3744 pr.
2939 3678 3002 3743 p.
3037 3674 3110 3722 2:
3160 3656 3453 3737 Δεύτερος
3497 3653 3929 3736 ἐνθουσιασμός
3970 3658 4137 3723 ἐστιν
4166 3661 4236 3726 ἐν
4262 3664 4332 3742 τῇ
4369 3667 4496 3727 110-

2806 3761 3021 3844 λιτείᾳ,
3081 3758 3226 3822 ἔνθα
3278 3755 3692 3838 μουσόληπτος
3745 3761 4009 3841 γεγονὸς
4062 3763 4342 3846 ὑπεκρίθη
4398 3769 4504 3833 τὰς

2808 3863 3061 3929 Μούσας
3103 3884 3188 3925 sc.
3222 3860 3423 3939 Plato,
3465 3859 3577 3947 qui
3619 3859 3854 3926 ibidem
3896 3860 3960 3927 in
3988 3862 4230 3929 Timaeo
4272 3865 4500 3933 dicitur

2807 3990 2938 4032 esse
2980 3963 3337 4046 θεόληπτοςι
3384 3964 3449 4028 in
3480 3963 3789 4029 Phaedro:
3837 3964 4276 4050 νυμφόληπτος.
4365 3974 4497 4039 Ac-

2805 4085 3021 4136 curate
3066 4068 3269 4134 varias
3310 4066 3675 4134 obsessionis
3724 4072 3826 4152 (ut
3867 4068 3956 4134 ita
3998 4069 4230 4156 dicam)
4270 4097 4504 4162 genera

2807 4172 3137 4261 distinguit
3196 4169 3583 4237 lamblichus
3641 4171 3912 4261 Myster.
3970 4173 4111 4238 111.
4160 4193 4227 4261 5.
4286 4199 4352 4265 p.
4394 4180 4499 4266 65.

2810 4276 2954 4343 Gal.
2985 4300 3021 4341 e
3048 4298 3179 4364 quo
3205 4274 3343 4339 loco
3370 4274 3810 4339 tantummodo
3837 4274 4083 4341 initium
4128 4300 4454 4367 excerpam
4480 4308 4496 4347 :

2811 4381 2941 4446 ἔστι
2968 4380 3037 4460 δὴ
3066 4380 3173 4444 οῦν
3199 4381 3403 4443 πολλὰ
3429 4381 3530 4458 τῆς
3559 4379 3721 4446 θείας
3749 4383 4090 4463 κατακωχῆς
4116 4382 4241 4461 εἴδη
4270 4386 4494 4465 (extre-

2809 4506 2972 4548 mam
3005 4504 3216 4546 vocem
3247 4503 3371 4545 non
3400 4494 3749 4569 agnoscunt
3785 4478 3928 4546 libri
3958 4482 4109 4568 mei)
4144 4485 4239 4548 καὶ
4265 4494 4496 4552 πολλα-

2807 4593 2946 4673 χῶς,
2969 4587 3007 4667 ἡ
3029 4586 3161 4650 θεία
3189 4585 3466 4649 ἐπίπνοια
3492 4586 3873 4649 άνακινεῖταν
3905 4585 4048 4650 ὅθεν
4076 4585 4147 4665 δὴ
4177 4588 4272 4651 καὶ
4297 4594 4501 4657 πολλὰ

2807 4694 2882 4756 τὰ
2907 4693 3125 4770 σημεῖα
3152 4688 3328 4767 αὐτῆς
3357 4688 3488 4752 ἐστι
3515 4686 3892 4770 διαφέροντα.
3984 4688 4200 4754 Scribe
4240 4692 4334 4756 καὶ
4371 4698 4498 4759 δια-

2811 4791 3096 4875 φέροντα.
3185 4792 3291 4856 Ita
3317 4788 3481 4854 enim
3510 4812 3725 4855 omnes
3760 4789 4023 4870 codices,
4051 4815 4320 4879 quorum
4350 4796 4498 4883 qui·

2812 4896 2953 4960 dem
2982 4892 3272 4959 lectiones
3300 4892 3522 4957 haben.
3614 4891 3737 4958 Sed
3767 4905 3940 4959 totus
3977 4893 4150 4960 locus
4176 4918 4317 4960 cum
4349 4898 4495 4965 Plo-

2810 4997 3045 5063 tiniano
3070 4995 3415 5083 comparari
3436 4994 3645 5061 debet.

2878 5137 2966 5150 —
2986 5119 3081 5164 ιο.
3102 5101 3179 5163 ΕΖ
3207 5097 3273 5164 δέ
3300 5124 3388 5167 τις
3412 5099 3575 5179 ἡμῶν
3603 5100 3907 5166 ἀδυνατῶν
3934 5100 4149 5167 ἑαυτὸν
4176 5104 4347 5190 ὁρᾷν]
4387 5106 4498 5171 Se-

2810 5203 3068 5292 quentia
3106 5217 3250 5267 ante
3292 5199 3506 5266 oculos
3547 5200 3839 5268 habuisse
3879 5201 4134 5268 videtur
4161 5204 4504 5295 Dionysius

2810 5309 3043 5394 Areop.
3074 5304 3155 5370 de
3181 5302 3348 5369 divv.
3379 5326 3609 5369 nomm.
3645 5304 3767 5370 IV.
3796 5325 3859 5391 9.
3905 5328 3973 5393 p.
4004 5308 4164 5392 561:
4209 5314 4411 5394 ψυχῆς
4436 5315 4502 5379 δὲ

2812 5413 3036 5494 κίνησίς
3065 5410 3215 5485 ἐστι,
3250 5408 3488 5488 κυκλικη
3512 5410 3644 5488 μὲν,
3675 5409 3713 5488 ἡ
3741 5411 3827 5478 είς
3868 5409 4082 5489 ἑαυτὴν
4109 5413 4343 5480 εἴσοδος
4380 5415 4501 5481 άπὸ

2809 5520 2928 5581 τῦν
2956 5515 3067 5595 ἔξω
3110 5514 3205 5577 καὶ
3231 5518 3350 5577 τῶν
3378 5516 3601 5594 νοερῶν
3627 5510 3804 5592 αὐτῆς
3845 5512 4149 5594 δυνάμεων
4174 5513 4213 5595 ἦ
4244 5515 4505 5599 ἑνοειδῆς
