5118 6613
1077 496 1161 561 86

1080 690 1148 755 p.
1171 681 1320 752 524.
1339 689 1474 754 sqq.
1498 669 1693 733 Heer.
1720 668 1829 734 ubi
1858 668 2107 756 gemina
2135 671 2436 737 sententia
2464 673 2766 736 Hecatoeo

1082 768 1401 846 tribuitur,
1431 792 1618 857 quem
1649 771 1954 837 Heracliti
1996 771 2341 838 auditorem
2376 773 2566 839 fuisse
2603 774 2766 839 dice-

1080 870 1252 936 bant.
1338 873 1442 936 De
1468 872 1699 958 quibus
1725 873 1965 961 placitis
1995 875 2364 942 Heracliteis
2390 876 2635 965 copiose
2660 900 2767 943 ex-

1080 973 1293 1061 posuit
1336 973 1872 1041 Schleiermacher.
1918 975 1984 1041 in
2023 978 2244 1043 Wolfii
2289 994 2353 1045 et
2395 979 2766 1045 Buttmanni

1085 1077 1387 1140 Museum
1409 1075 1522 1141 der
1542 1076 2283 1147 Alterthumswissensch.
2317 1105 2379 1170 p.
2397 1102 2760 1168 392—399.

1087 1178 1190 1244 Cf.
1221 1178 1406 1244 etiam
1438 1179 1704 1267 Baguet.
1737 1181 1817 1246 de
1848 1182 2205 1272 Chrysippo
2232 1208 2297 1271 p.
2330 1187 2470 1267 176.
2504 1209 2596 1271 sq.

1177 1283 1389 1368 181,7.
1418 1284 2014 1366 Ἀριστοτέλει-τὰς
2033 1288 2346 1356 ὑποθέσεις
2371 1294 2477 1353 τοῦ
2503 1290 2768 1369 πέμπτου

1085 1387 1463 1471 -σῶματος]
1521 1386 1835 1451 Nimirum
1884 1389 2252 1454 Aristoteles
2306 1405 2523 1456 contra
2577 1407 2767 1478 atque

1083 1487 1188 1553 alii
1230 1488 1579 1576 philosophi
1621 1489 1899 1577 ipseque,
1938 1490 2189 1558 Plotino
2230 1493 2553 1571 referente,
2585 1493 2770 1559 Plato

1084 1591 1379 1672 fecerant,
1407 1591 1541 1656 caeli
1583 1615 1808 1679 corpus
1851 1616 1973 1657 non
2017 1617 2095 1658 ex
2139 1608 2411 1681 quatuor
2451 1594 2770 1661 elementis

1085 1693 1340 1781 reliquis
1366 1695 1775 1782 compositum
1807 1694 2075 1776 volebat,
2106 1696 2213 1761 sed
2243 1696 2532 1783 quintum
2564 1698 2766 1786 quod-

1084 1796 1227 1862 dam
1275 1796 1724 1885 propriumque
1764 1811 1952 1885 atque
1996 1797 2395 1864 excellentius
2434 1800 2651 1866 ceteris
2687 1801 2772 1866 ei-

1085 1898 1229 1964 dem
1260 1899 1577 1965 tribuerat.
1670 1903 1980 1966 Praeterea
2021 1900 2186 1966 idem
2224 1917 2598 1990 perpetuum
2635 1926 2768 1968 mo-

1088 2018 1223 2068 tum
1252 2003 1632 2067 attribuebat
1655 2002 1846 2068 Caelo.
1917 2006 2019 2069 Ita
2038 2004 2202 2068 enim
2232 2004 2334 2069 ille
2363 2004 2443 2070 de
2467 2005 2642 2071 Caelo
2665 2007 2767 2072 11.

1085 2125 1153 2192 3.
1183 2129 1245 2192 p.
1280 2126 1388 2189 40.
1426 2105 1640 2194 Sylb.:
1690 2107 1943 2171 ἕκαστόν
1990 2109 2175 2182 ἐστιν,
2224 2109 2307 2171 ὧν
2353 2109 2531 2192 ἔργον
2582 2112 2766 2185 ἐστὶν,

1088 2209 1263 2273 ἕνεκα
1288 2213 1393 2272 τοῦ
1420 2210 1613 2292 ἔργου.
1660 2213 1799 2273 θεοῦ
1840 2211 1905 2274 δὲ
1945 2208 2214 2293 ἐνέργεια
2240 2213 2553 2276 ἀθανασία·
2599 2217 2770 2277 τοῦτο

1078 2310 1153 2374 δέ
1203 2313 1332 2376 ἐστι
1377 2312 1491 2390 ζωὴ
1535 2311 1738 2378 ἀΐδιος.
1786 2313 1940 2376 ὥστε
1980 2311 2204 2394 ἀνάγκη
2240 2317 2319 2400 τῷ
2364 2316 2500 2400 θείῳ
2541 2315 2771 2395 κίνησιν

1087 2412 1275 2478 ἀΐδιον
1301 2413 1608 2497 ὑπάρχειν.
1654 2413 1783 2478 ἐπεὶ
1820 2416 1885 2478 δὲ
1927 2417 1961 2478 ὁ
1997 2414 2242 2496 οὐρανὸς
2278 2421 2554 2484 τοιοῦτος·
2600 2424 2771 2499 σῶμα

1087 2516 1202 2600 γάρ
1244 2543 1301 2580 τι
1343 2521 1522 2581 θεῖον.
1569 2520 1664 2581 διὰ
1688 2522 1860 2581 τοῦτο
1901 2518 2027 2600 ἔχει
2064 2515 2132 2580 τὸ
2179 2519 2488 2599 ἐγκύκλιον
2515 2526 2704 2600 σῶμα,
2735 2520 2769 2585 ὃ

1086 2622 1269 2703 φύσει
1299 2625 1539 2683 κινεῖται
1577 2620 1768 2704 κύκλῳ
1808 2619 1920 2682 ἀεὶ.
2009 2621 2230 2705 Atque
2262 2633 2333 2683 ut
2361 2618 2478 2684 hoc
2506 2620 2642 2685 loco
2669 2622 2767 2687 di-

1086 2720 1300 2785 vinum
1345 2720 1497 2784 dicit
1523 2743 1748 2807 corpus
1782 2719 1915 2785 caeli
1951 2719 2039 2784 ita
2069 2720 2190 2784 alio
2226 2721 2290 2784 in
2328 2720 2463 2785 loco
2499 2722 2580 2786 de
2617 2723 2769 2788 caelo

1090 2824 1147 2887 1.
1181 2843 1245 2908 3.
1275 2822 1440 2887 idem
1468 2845 1694 2909 corpus
1732 2822 2006 2910 appellat
2034 2823 2329 2904 ἀγήρατον
2359 2825 2454 2890 καὶ
2482 2826 2766 2890 ἀναλλοί-

1089 2951 1242 2989 ωτον
1271 2926 1365 2989 καὶ
1395 2926 1614 2991 ἀπαθὲς
1642 2939 1706 2989 et
1733 2925 1800 2988 τὸ
1829 2930 2061 3006 πρῶτον
2086 2930 2204 2988 τὸν
2232 2924 2539 3005 σωμάτων.
2629 2929 2772 2992 Hos

1086 3041 1297 3093 autem
1325 3026 1490 3091 locos
1517 3025 1787 3113 tetigisse
1817 3026 2137 3091 Plotinum
2166 3026 2282 3112 ipsi
2312 3041 2597 3092 statuunt
2625 3029 2773 3094 Ari-

1089 3129 1323 3195 stotelis
1375 3130 1739 3216 interpretes
1795 3142 2052 3208 vetereS,
2105 3151 2372 3216 quorum
2426 3131 2774 3196 testimonia

1088 3254 1280 3321 supra
1307 3231 1727 3297 excitavimus.

1172 3372 1261 3389 —
1283 3340 1382 3401 16.
1431 3335 1577 3417 πρὸς
1610 3337 1757 3412 (dcv
1798 3337 2118 3421 σύστασιν]
2163 3335 2293 3401 Ed.
2337 3360 2482 3401 cum
2519 3337 2771 3402 duobus

1086 3438 1259 3503 libris
1287 3437 1528 3526 scriptis
1557 3438 1792 3503 στάσιν.
1883 3440 1975 3503 Et
2001 3461 2214 3527 reapse
2245 3438 2453 3507 στάσις
2481 3463 2770 3504 nonnun-

1082 3563 1276 3629 quam
1323 3541 1640 3606 transitive
1684 3554 2045 3628 usurpatur,
2093 3556 2167 3606 ut
2216 3541 2283 3605 h.
2335 3541 2378 3605 l.
2430 3542 2772 3628 significare

1085 3644 1281 3733 possit
1321 3646 1698 3709 constitutio.
1787 3643 1932 3708 Vid.
1976 3644 2164 3708 modo
2208 3645 2424 3730 Steph.
2466 3644 2664 3710 Thes.
2703 3669 2769 3734 p.

1087 3768 1281 3834 4543.
1309 3771 1445 3835 sqq.
1475 3747 1574 3812 ed.
1610 3746 1883 3812 Londin.
1916 3770 2059 3811 nov.
2124 3749 2226 3812 De
2281 3746 2415 3813 aliis
2472 3747 2774 3834 significa-

1087 3849 1380 3930 tionibus,
1407 3873 1552 3937 quae
1575 3849 1663 3913 ibi
1697 3863 2006 3938 congestas
2040 3863 2209 3930 sunt,
2237 3849 2311 3914 iis
2338 3850 2500 3915 adde
2528 3853 2772 3938 Upton.

1080 3968 1155 4017 et
1184 3951 1532 4038 Schweigh.
1563 3951 1642 4015 ad
1673 3953 1945 4039 Epictet.
1984 3952 2123 4017 ΙΙΙ.
2152 3975 2218 4040 p.
2249 3973 2396 4038 443.
2432 3954 2766 4041 Wyttenb.

1091 4055 1173 4119 ad
1200 4055 1455 4139 Eunap.
1485 4071 1629 4137 302.
1677 4051 1878 4117 Procl.
1923 4052 1990 4116 in
2017 4050 2162 4117 Alc.
2196 4076 2290 4141 pr.
2324 4078 2383 4140 p.
2420 4073 2566 4139 273.
2598 4077 2768 4141 supr.

1092 4156 1191 4221 ed.
1226 4168 1414 4220 nostr.
1491 4153 1777 4218 Eandem
1813 4153 2138 4241 utriusque
2166 4155 2330 4219 vocis
2372 4157 2775 4242 permutatio-

1090 4280 1234 4324 nem
1262 4255 1634 4321 offendimus
1660 4279 1851 4342 supra
1878 4257 1933 4320 1.
1968 4257 2025 4320 8.
2058 4257 2119 4319 8.
2149 4279 2214 4341 p.
2245 4276 2351 4341 77.
2384 4259 2464 4322 F.
2524 4259 2648 4323 Sed
2680 4274 2772 4324 ta-

1091 4352 1234 4426 men
1277 4359 1436 4424 sicut
1477 4357 1565 4422 ibi
1605 4358 1672 4422 in
1706 4370 2000 4423 contextu
2041 4358 2407 4424 retinuimus
2449 4362 2768 4429 σύστασιςε

1088 4463 1180 4529 ita
1205 4462 1273 4527 h.
1300 4460 1342 4527 l.
1364 4461 1737 4549 jubentibus
1766 4461 2047 4549 plurimis
2075 4461 2246 4527 libris
2275 4463 2519 4541 nostriS,
2550 4465 2772 4528 σύστα-

1088 4592 1194 4630 σιν
1219 4565 1420 4630 eidem
1462 4564 1854 4629 inferendum
1891 4563 2256 4629 censuimus,
2348 4566 2517 4629 Bene
2548 4566 2777 4630 Marsi-

1091 4668 1246 4732 lius:
1310 4665 1459 4731 “ad
1502 4665 1727 4731 animal
1770 4666 2272 4732 constituendum
2291 4669 2348 4731 :⁹⁹
2390 4670 2601 4755 ipsum
2648 4690 2776 4732 non

1086 4785 1223 4836 erat
1252 4767 1423 4856 quod
1450 4766 1724 4832 adderet.

1177 4895 1244 4960 p.
1277 4872 1418 4950 182,
1450 4889 1508 4938 2.
1563 4872 1724 4935 ἀλλὰ
1775 4869 2520 4959 πρόσφορον-προσήκει]
2566 4871 2770 4959 Wytt.

1090 4974 1172 5040 ad
1204 4972 1367 5039 Plat.
1401 4972 1699 5037 Phaedon.
1733 4995 1796 5060 p.
1832 4990 1977 5058 232.
2010 4979 2057 5011 “
2081 4972 2118 5034 i.
2150 4995 2205 5035 e.
2235 4971 2553 5036 materiam
2588 4973 2773 5037 etiam

1091 5074 1612 5143 accommodatam
1667 5075 1749 5139 ad
1806 5073 2187 5141 voluntatem
2251 5073 2587 5138 effectionis
2644 5098 2774 5143 esse

1091 5193 1360 5269 oportet,
1387 5178 1514 5242 imo
1544 5176 1845 5242 sententia
1872 5190 1984 5256 est,
2013 5177 2100 5240 ad
2137 5177 2478 5240 voluntati-5
2509 5178 2773 5263 effectio-

1090 5305 1231 5348 nem
1246 5309 1268 5347 .·
1312 5282 1459 5363 πρὸς
1484 5278 1551 5343 τὸ
1581 5283 1684 5343 τοῦ
1709 5279 2084 5359 βουλήματος
2111 5278 2490 5358 ἀποτέλεσμα
2507 5280 2564 5343 :”
2595 5277 2776 5343 Simi-

1090 5384 1339 5454 literiin
1377 5381 1641 5449 Platone
1682 5381 1790 5460 τὴν
1824 5383 2009 5464 φύσιν
2035 5386 2135 5461 τῆς
2178 5382 2490 5448 ἀσθενείας
2528 5380 2772 5469 accipit,

1090 5510 1207 5575 pro
1232 5488 1340 5568 τὴν
1369 5486 1684 5553 ἀσθένειαν
1712 5488 1812 5563 τῆς
1840 5485 2076 5566 φύσεως
2107 5483 2215 5566 (cf.
2240 5482 2506 5548 eundem
2536 5484 2604 5547 in
2627 5483 2776 5548 Phi-

1090 5588 1346 5658 lomath.
1379 5590 1518 5654 111.
1559 5611 1622 5676 p.
1654 5587 1792 5674 98.)
1825 5601 1889 5651 et
1915 5585 2099 5675 plura
2134 5584 2413 5675 ejusdem
2455 5601 2773 5675 permuta·-

2040 499 2862 565 ANNOTATIONES
2926 499 3037 563 IN
3102 498 3546 565 PLOTINI

2849 670 3033 737 tionis
3052 671 3328 737 Genitivi
3357 694 3500 736 cum
3529 694 3672 737 casu
3691 686 3942 758 regente
3963 669 4248 757 exempla
4272 669 4533 758 profert,

2849 773 3111 838 laudans
3164 774 3349 839 etiam
3401 773 3766 839 Markland.
3813 774 3894 838 ad
3943 773 4210 839 Maxim.
4259 773 4533 861 Tyrium

2852 878 3129 942 XVIII.
3159 897 3215 941 1.
3258 899 3320 964 p.
3357 879 3507 962 566.
3550 877 3662 964 qui
3705 891 3768 941 et
3816 876 3938 942 alia
3981 875 4257 956 exhibet,
4307 890 4373 941 et
4414 875 4534 941 hoc

2851 978 3175 1044 Plutarchi
3203 995 3354 1043 tom.
3384 980 3483 1045 11.
3516 1002 3581 1067 p.
3610 998 3761 1065 500.
3784 978 3876 1043 B:
3922 981 3998 1043 τὰ
4024 981 4207 1059 θνητὰ
4231 985 4348 1043 τῶν
4374 980 4536 1055 ζώων

2849 1082 2996 1165 γένη
3025 1105 3141 1169 pro
3176 1086 3250 1146 τὰ
3276 1088 3393 1146 τῶν
3421 1087 3646 1163 θνητῶν
3672 1083 3834 1158 ζώων
3859 1081 4024 1165 γένη.
4118 1080 4285 1145 Novi
4322 1096 4533 1146 autem

2854 1183 3242 1249 Testamenti
3271 1184 3598 1272 scriptores
3625 1182 3923 1249 consimili
3963 1182 4240 1270 enallage
4268 1205 4436 1248 nunc
4465 1185 4534 1248 ἐν

2852 1288 2990 1368 π-υρὶ
3018 1288 3265 1369 φλογὸς,
3296 1308 3464 1351 nunc
3493 1289 3560 1351 ἐν
3589 1288 3777 1370 φλογὶ
3804 1286 3984 1369 πυρὸς
4011 1284 4250 1364 dicunt,
4274 1286 4534 1351 docente

2854 1387 3147 1454 Valcken.
3178 1389 3242 1452 in
3275 1388 3512 1454 Scholis
3538 1388 3619 1453 ad
3649 1390 3791 1454 Act.
3822 1386 4102 1474 Apostol.
4135 1389 4296 1454 VII.
4326 1408 4435 1475 30.
4463 1411 4528 1476 p.

2851 1496 2996 1576 426.

2935 1633 3025 1646 —
3052 1616 3112 1680 9.
3146 1598 3353 1663 ὕδατος
3380 1597 3587 1684 φύσις]
3621 1597 3720 1660 De
3748 1595 3864 1660 hac
3891 1591 4161 1660 formula
4187 1592 4317 1656 vid.
4344 1594 4536 1680 Wyt·

2853 1698 3021 1764 tenb.
3045 1697 3126 1762 ad
3151 1696 3450 1762 Phaedon.
3471 1719 3536 1784 p.
3552 1715 3695 1783 233.
3715 1711 3779 1761 et
3799 1719 3912 1760 nos
3931 1696 4013 1760 ad
4031 1693 4258 1759 Plotin.
4282 1693 4363 1759 de
4384 1692 4530 1759 Pul-

2852 1801 2986 1867 crit.
3019 1824 3207 1890 supra
3233 1824 3295 1889 p.
3325 1816 3432 1887 50.
3459 1801 3533 1864 C.
3564 1799 3630 1863 in
3651 1798 3800 1863 edit.
3829 1795 4124 1886 peculiari
4143 1819 4207 1884 p.
4230 1816 4372 1884 139.
4398 1819 4531 1883 sqq.

2939 1942 3026 1954 —
3063 1924 3158 1986 14.
3205 1908 3320 1985 πΰρ
3368 1905 3452 1977 δὲ,
3499 1903 3603 1982 ὀξὺ
3650 1904 3762 1981 μὲν
3810 1901 3902 1965 καὶ
3947 1899 4399 1984 ταχὺ-στάσιν
4441 1897 4531 1963 ἐπ’

2854 2008 3031 2090 ἄμφω
3080 2007 3299 2094 ζητεῖν]
3355 2004 3481 2083 Qui
3528 2003 3716 2068 libros
3771 2025 3895 2068 non
3953 2001 4309 2089 inspexerit,
4357 1999 4536 2066 facile

2854 2109 2970 2173 sibi
3000 2108 3387 2194 persuadeat,
3413 2106 3768 2171 Marsilium
3791 2105 4126 2192 pleniorem
4154 2117 4298 2168 ante
4324 2102 4558 2169 oculos

2852 2212 3142 2277 habuisse
3190 2209 3357 2275 hunc
3408 2208 3636 2274 locum.
3728 2207 3853 2273 Sed
3902 2230 4046 2294 quae
4091 2204 4275 2293 plura
4322 2204 4533 2284 habet,

2852 2312 2986 2380 haec
3031 2312 3384 2401 Periphrasi
3424 2311 3820 2377 attribuenda
3861 2322 4027 2388 sunt,
4066 2332 4212 2397 quae
4251 2307 4356 2373 ille
4401 2330 4535 2372 sex-

2852 2417 3082 2482 centies
3108 2414 3528 2505 perspicuitati
3559 2413 3877 2478 consulere
3905 2411 4136 2478 studet.
4224 2409 4415 2475 Dicas
4442 2425 4536 2476 ta·

2855 2544 2993 2585 men
3038 2542 3182 2585 cum
3224 2517 3442 2605 legisse
3478 2517 3571 2581 καὶ
3609 2520 3686 2599 γῆ
3714 2519 3794 2603 τῷ
3822 2515 3901 2595 μὴ
3929 2517 3996 2578 ἐν
4026 2517 4192 2600 ἄλλῳ
4221 2529 4285 2578 et
4311 2512 4536 2578 deinde

2856 2624 3095 2687 ἔκτασιν
3151 2621 3240 2687 ἐπ’
3300 2623 3475 2703 ἄμφω
3524 2624 3735 2700 ζητεῖν.
3826 2617 3952 2682 Sed
4008 2616 4231 2682 harum
4283 2639 4535 2703 quoque

2852 2724 3186 2789 lectionum
3240 2723 3304 2788 in
3365 2721 3703 2788 Codicibus
3758 2719 4082 2797 MediceiS,
4140 2718 4372 2806 quibus
4433 2717 4536 2782 ille

2855 2849 3007 2892 usus
3035 2841 3148 2904 est,
3177 2849 3291 2890 nec
3317 2824 3457 2889 vola
3485 2846 3598 2889 nec
3626 2822 3953 2909 vestigium
3993 2835 4326 2909 comparet.
4407 2819 4534 2886 Soli

2854 2929 3048 3017 igitur
3091 2928 3462 3015 conjecturae
3504 2925 3904 3014 probabiliter
3944 2924 4078 2990 haec
4121 2923 4536 2989 attribuendae

2855 3046 3024 3112 sunt,
3042 3031 3121 3096 de
3150 3055 3278 3119 qua
3303 3029 3434 3117 ipse
3462 3028 3704 3093 viderit.

2941 3157 3003 3222 p.
3035 3135 3176 3219 183,
3206 3153 3269 3218 5.
3310 3136 3405 3196 Τὰ
3451 3134 3564 3212 μὲν
3607 3133 3713 3196 οὖν
3754 3130 4007 3213 ἡμέτερα
4056 3129 4357 3212 μέρη-οὗ
4401 3128 4536 3194 στέ-

2856 3259 3044 3318 γοντα
3100 3234 3291 3297 αὗτῶν
3341 3230 3469 3316 (vel
3524 3230 3735 3319 potius
3783 3233 4003 3316 αὐτῶν)
4056 3229 4163 3310 τὴν
4209 3229 4530 3318 σύστασιν]

2857 3336 3055 3401 Haud
3084 3335 3244 3403 male
3272 3334 3548 3400 Ficinus.
3624 3332 3838 3398 Prima
3864 3332 3958 3396 vis
3987 3331 4159 3397 verbi
4185 3331 4418 3419 optime
4443 3331 4537 3397 in-

2855 3439 3155 3526 telligitur
3191 3461 3270 3503 ex
3310 3437 3407 3501 his
3435 3435 3713 3502 Platonis
3739 3435 3819 3500 de
3849 3434 4124 3523 Republ.
4157 3436 4250 3499 X.
4284 3457 4351 3522 p.
4383 3437 4534 3501 621.

2857 3544 2946 3605 A.
2976 3543 3045 3606 οῦ
3074 3542 3141 3605 τὸ
3168 3543 3319 3623 ὕδωρ
3360 3542 3604 3623 ἀγγεῖον
3633 3540 3805 3603 οὐδὲν
3831 3538 4054 3622 στέγει.
4145 3537 4386 3625 Soepius
4428 3560 4538 3601 au-

2857 3659 2981 3709 tem
3011 3657 3075 3707 et
3101 3643 3268 3707 varie
3299 3656 3558 3729 usurpat
3584 3640 3765 3706 Plato
3794 3642 3897 3705 Cf.
3921 3638 4200 3728 Republ.
4221 3640 4357 3704 IX.
4383 3640 4530 3724 586.

2856 3772 2919 3835 p.
2953 3764 3098 3832 454.
3133 3744 3333 3809 Bekk.
3381 3744 3462 3809 ad
3507 3767 3775 3831 eumque
3815 3742 4019 3808 locum
4064 3745 4207 3806 Ast.
4242 3741 4307 3825 in
4352 3743 4538 3806 Com-

2858 3866 3114 3916 mentar.
3162 3871 3224 3934 p.
3276 3849 3422 3929 604.
3470 3846 3579 3934 qui
3632 3869 3743 3911 nec
3799 3845 3991 3933 hujus
4038 3838 4372 3910 Plotiniani
4418 3843 4538 3909 loci

2856 3952 3179 4016 immemor
3203 3949 3346 4015 fuit.
3408 3951 3509 4015 Cf.
3540 3949 3807 4013 eundem
3835 3948 3915 4012 ad
3947 3948 4193 4012 Platon.
4221 3946 4303 4011 de
4332 3944 4536 4034 Legg.

2860 4056 2980 4119 IV.
3011 4056 3073 4118 6.
3104 4076 3164 4141 p.
3200 4072 3343 4139 213.
3438 4055 3618 4138 Saepe
3651 4051 3833 4117 etiam
3878 4050 3993 4116 hac
4025 4064 4329 4138 potestate
4357 4073 4543 4114 usur·-

2857 4171 2968 4244 pat
2999 4155 3395 4234 PlutarchuS,
3428 4168 3498 4219 ut
3527 4156 3606 4234 μὴ
3645 4153 3883 4237 στέγειν
3915 4153 3992 4217 sit
4031 4176 4158 4218 non
4198 4155 4534 4232 continere,

2858 4280 2984 4323 non
3012 4261 3340 4335 sustinere,
3370 4258 3617 4343 effluere
3658 4279 3732 4320 ac
3770 4259 3982 4343 perire
4020 4259 4248 4333 sinere,
4279 4254 4538 4320 docente

2860 4360 3311 4447 Wyttenbach.
3343 4360 3421 4424 ad
3466 4359 3602 4423 libr.
3635 4359 3714 4422 de
3743 4359 3975 4423 Virtut.
4006 4372 4069 4423 et
4100 4357 4266 4422 Vitio
4293 4381 4357 4446 p.
4389 4359 4533 4444 689.

2859 4462 3012 4527 Alia
3039 4461 3400 4549 significatio
3429 4475 3543 4539 est,
3574 4484 3760 4548 quam
3793 4461 4001 4549 attigit
4022 4463 4253 4525 Zonar.
4283 4460 4346 4526 in
4374 4461 4534 4526 Lex.

2859 4589 2926 4652 p.
2957 4566 3136 4649 1679.
3169 4564 3379 4646 Στέγει
3406 4565 3706 4645 ὑπομένει,
3739 4563 3848 4628 ubi
3866 4564 3993 4628 vid.
4026 4563 4372 4629 Tittmann.
4399 4562 4540 4628 Alia

2857 4680 3242 4752 occuparunt
3272 4666 3384 4730 viri
3413 4666 3579 4731 docti
3607 4666 3688 4730 ad
3722 4666 3934 4754 Steph.
3967 4667 4161 4732 Thes.
4193 4666 4292 4731 ed.
4325 4665 4536 4731 Lond.

2830 4786 3090 4835 -recent.
3161 4771 3477 4834 Caeterum
3521 4769 3623 4833 hic
3671 4783 3735 4833 et
3784 4769 3845 4833 in
3897 4768 4295 4857 sequentibus
4337 4768 4538 4855 tangit

2862 4873 3150 4938 Plotinus
3206 4871 3340 4935 illas
3396 4894 3602 4936 rerum
3656 4870 4033 4936 naturalium
4093 4870 4538 4936 vicissitudines

2863 4975 3173 5060 (ἀμοιβάς)
3208 4988 3526 5061 tantopere
3568 4975 3990 5062 frequentatas
4016 4973 4098 5040 ab
4127 4973 4448 5038 Heraclito
4473 4988 4537 5038 et

2859 5100 2898 5141 a
2929 5077 3170 5142 Stoicis.
3234 5077 3372 5141 Vid.
3404 5092 3686 5142 nostrum
3716 5076 3854 5142 infr.
3893 5079 4064 5142 Enn.
4096 5078 4215 5141 IV.
4245 5075 4355 5141 lib.
4383 5076 4444 5140 8.
4472 5098 4534 5163 p.

2857 5180 3009 5261 468.
3040 5179 3150 5244 ubi
3181 5179 3362 5267 plura
3387 5179 3690 5246 dicentur.

2943 5304 3008 5369 p.
3038 5283 3181 5364 184,
3204 5301 3264 5348 2.
3293 5283 3511 5366 πάγων
3539 5283 3614 5348 ἂν
3642 5283 3748 5363 τὴν
3775 5281 4248 5366 δόξαν-λάβοι]
4288 5282 4540 5347 Certam

2858 5384 3225 5471 firmamque
3282 5385 3644 5450 sententiam
3692 5398 4051 5450 assumeret.
4139 5383 4539 5449 Contrarium

2858 5500 2952 5549 est
2993 5488 3072 5571 τῷ
3118 5486 3657 5567 ἐπαμφοτερίζον-τι.
3706 5483 3851 5548 Vid.
3883 5482 4222 5549 Ruhnken.
4256 5483 4338 5550 ad
4367 5484 4536 5549 Tim.

2860 5588 3023 5655 Lex.
3054 5585 3303 5652 Platon.
3329 5609 3390 5674 p.
3420 5587 3561 5651 108.
3610 5584 3955 5673 Phrynich.
3996 5611 4247 5669 προπαρ.
4292 5595 4436 5670 σοφ.
4475 5584 4541 5649 in
