5118 6613
1366 515 1567 580 LIB.
1603 516 1763 581 VII.
1809 514 2268 583 ENNEAD.
2319 518 2713 585 SEXTAE.
2759 543 2828 609 p.
2863 522 3307 604 1271—1280.

585 688 993 755 addixissent.
1085 687 1442 754 Similitudo
1481 688 1760 777 pictoris,
1790 713 1936 778 quae
1976 690 2281 778 sequitur,

585 795 879 860 admonet
904 814 1019 857 nos
1047 792 1366 857 sententiae
1389 790 1624 856 Plotini
1652 791 1825 879 apud
1853 793 2280 882 Porphyrium

585 897 647 962 in
679 895 845 961 illius
873 894 1003 959 vita
1029 918 1081 959 c.
1116 895 1172 958 1.
1201 918 1268 983 p.
1300 913 1400 979 92.
1434 895 1656 961 Fabr.:
1709 898 1802 960 Οὔ
1829 900 1945 980 γὰρ
1975 897 2147 979 ἀρκεῖ
2168 898 2278 980 φέ-

581 1026 709 1083 ρειν
737 999 771 1064 ὃ
809 999 847 1079 ἡ
881 1000 1062 1082 φύσις
1091 1001 1338 1062 εἴδωλον
1363 999 1505 1078 ἡμῖν
1530 998 1949 1082 περιτέθεικεν,
1981 1000 2146 1065 ἀλλὰ
2187 1001 2282 1065 καὶ

585 1105 830 1169 εἰδώλου
873 1104 1121 1166 εἴδωλον
1161 1107 1497 1185 συγχωρεῖν
1537 1102 1718 1166 αὐτὸν
1748 1103 1949 1181 ἀξιοῦν
1977 1109 2277 1186 πολυχρο-

586 1209 863 1287 νιῶτερον
909 1209 1274 1279 καταλιπεῖν,
1308 1205 1387 1272 ὧς
1429 1203 1499 1285 δή
1538 1230 1595 1268 τι
1636 1211 1755 1269 τῶν
1793 1204 2151 1284 ἀξιοθεάτων
2183 1204 2276 1289 ἔρ-

583 1335 742 1392 γων;
793 1309 1090 1372 Ceterum
1119 1306 1375 1395 pictoris
1415 1323 1480 1371 et
1508 1306 1771 1395 picturae
1809 1306 2277 1372 similitudinem

583 1412 809 1500 saepius
853 1425 1116 1498 usurpat
1167 1425 1375 1475 noster
1423 1408 1849 1499 philosophus
1927 1409 2089 1476 Vide
2126 1434 2189 1475 v.
2221 1435 2277 1475 c.

585 1516 702 1580 VI.
733 1536 795 1601 3.
831 1515 889 1580 8.
922 1528 1084 1579 extr.
1115 1529 1179 1578 et
1208 1513 1329 1578 VI.
1359 1534 1419 1594 4.
1454 1533 1549 1577 10.

660 1657 748 1668 —
782 1639 806 1681 1
825 1639 881 1683 1.
935 1620 1039 1685 τὰς
1085 1616 1357 1697 δυνάμεις
1398 1617 1656 1698 ἀμυδρὰς
1694 1615 1918 1705 πάντα]
1990 1616 2127 1681 Fic.
2168 1640 2275 1681 ex—

581 1722 802 1813 pressit
861 1725 1088 1805 ἆμυδρᾶ
1150 1719 1367 1798 πάντα,
1424 1743 1610 1807 quam
1679 1717 2003 1784 lectionem
2069 1720 2280 1786 nullus

581 1828 738 1894 liber
775 1825 1052 1902 exhibet,
1083 1839 1147 1888 et
1188 1822 1336 1887 ferri
1381 1838 1586 1910 potest
1616 1820 1891 1909 vulgata,
1923 1823 1974 1887 si
2015 1823 2279 1910 accipias

582 1931 776 1996 πάντα
823 1952 940 2016 pro
989 1927 1242 1995 πάντως.
1332 1925 1516 1991 Idem
1568 1948 1714 1989 mox
1764 1925 1927 1989 inter
1970 1928 2175 1991 ἄλλων
2218 1941 2281 1991 et

582 2033 890 2113 αἰσθήσεις
916 2030 1212 2118 cogitavit
1241 2027 1338 2094 vel
1366 2027 1518 2115 legit
1556 2030 1672 2093 καί.
1750 2027 1922 2092 Illud
1966 2029 2141 2116 quod
2185 2053 2277 2094 se-

583 2137 796 2224 quitur
827 2136 922 2199 καὶ
953 2136 1181 2200 εἰκόνας
1209 2131 1623 2219 explicuimus
1651 2154 1844 2218 supra
1870 2130 1932 2195 in
1963 2147 2176 2197 annot.
2199 2134 2281 2197 ad

582 2263 650 2328 p.
682 2258 791 2324 53.
822 2239 896 2302 B.
939 2236 1046 2300 ubi
1077 2236 1258 2300 etiam
1294 2233 1552 2300 tractavi
1591 2234 1792 2298 locum
1836 2257 1901 2321 p.
1932 2237 2037 2318 56.
2069 2236 2160 2299 F:
2209 2233 2283 2299 τὰ

585 2346 652 2409 ἐν
674 2345 911 2423 σώμασι
942 2341 1260 2408 καλὰ-ὡς
1282 2340 1435 2405 εἰσὶν
1461 2340 1682 2407 εἰκόνες
1705 2339 1800 2403 καὶ
1827 2342 1967 2424 ἴχνη
1998 2339 2091 2403 καὶ
2121 2341 2287 2403 σκιαί

588 2477 635 2511 κ.
653 2473 707 2512 τ.
726 2454 789 2510 λ.

665 2588 756 2601 -
783 2550 881 2613 16.
932 2547 1026 2611 καὶ
1058 2549 1146 2625 εἴη
1178 2545 1252 2610 ἂν
1274 2546 1307 2608 ὀ
1330 2542 2000 2627 Πλάτων-χρωμένην
2023 2546 2279 2634 σώματι]

585 2653 726 2718 Vid.
770 2650 978 2716 Alcib.
1021 2673 1119 2736 pr.
1163 2672 1229 2735 p.
1261 2666 1401 2733 123.
1434 2647 1497 2711 b.
1540 2660 1603 2709 et
1647 2646 1861 2710 confer
1901 2668 2047 2733 quae
2091 2670 2282 2734 supra

584 2756 663 2821 ad
719 2755 886 2819 hunc
936 2751 1217 2817 Platonis
1259 2749 1463 2814 locum
1512 2748 1719 2836 posui,
1764 2748 1847 2812 ad
1889 2771 2027 2836 cap.
2072 2750 2281 2835 proxi-

553 2881 754 2923 =mum
802 2879 866 2944 p.
898 2856 1046 2940 697.
1078 2856 1155 2919 B.
1249 2855 1544 2918 Ceterum
1586 2876 1663 2916 ex
1704 2851 1988 2916 hocloco
2022 2851 2281 2940 aliisque

586 2959 1048 3027 Platonicorum
1092 2955 1604 3044 philosophorum
1648 2967 1931 3042 apparet,
1959 2954 2074 3019 hos
2103 2955 2277 3020 Alci-

583 3064 829 3130 biadem
875 3061 1144 3150 priorem
1189 3083 1305 3147 pro
1346 3082 1644 3147 germano
1676 3057 1955 3122 Platonis
1994 3058 2126 3123 fetu
2167 3058 2278 3124 ha·

581 3167 809 3232 buisse.

668 3294 734 3360 p.
772 3268 961 3353 1278,
990 3283 1055 3354 5.
1099 3265 1136 3348 ἢ
1177 3265 1247 3331 τὸ
1292 3262 1635 3344 αἰσθητικὸν
1675 3268 1791 3328 τῶν
1830 3264 1958 3328 ἐκεῖ
1994 3262 2278 3344 ἀναισθή-

582 3400 699 3439 των
731 3402 779 3438 κ.
799 3399 853 3437 τ.
875 3373 974 3460 λ.]
1026 3372 1103 3435 In
1135 3369 1256 3433 hoc
1293 3367 1430 3431 loco
1472 3366 1714 3431 codices
1754 3389 1866 3431 nos
1905 3390 2128 3454 parum
2173 3366 2284 3431 ad-

574 3478 821 3564 juvant.
907 3473 1182 3560 Vulgata
1230 3484 1435 3535 tamen
1487 3469 1707 3534 vitiosa
1752 3469 2018 3535 videtur.
2109 3470 2281 3549 Quid

583 3581 745 3646 enim
790 3579 910 3644 hoc
952 3593 1081 3643 est:
1141 3577 1372 3639 Sensus
1416 3573 1684 3661 pertinet
1723 3573 1806 3637 ad
1847 3597 1942 3652 ea,
1972 3597 2118 3660 quae
2155 3572 2280 3638 illic

583 3706 708 3749 non
751 3680 1078 3748 sensibilia
1122 3679 1500 3742 exstant—P
1578 3675 1714 3739 Fic.
1759 3675 2060 3762 expressit
2107 3690 2170 3740 et
2211 3675 2277 3739 in

587 3784 765 3850 Med.
799 3787 875 3848 A.
916 3782 1177 3847 fortasse
1219 3779 1402 3844 etiam
1449 3777 1717 3843 correxit
1751 3783 1869 3841 τῶν
1910 3779 2036 3842 ἐκεῖ
2070 3781 2275 3857 αἰσθη-

583 3896 718 3955 τῶν.
792 3883 1043 3951 Deinde
1083 3906 1228 3947 mox
1261 3882 1420 3946 male
1456 3879 1643 3945 etiam
1675 3903 1774 3943 me
1807 3879 1996 3944 habet
2026 3878 2182 3944 illud
2213 3883 2279 3945 δὲ

583 3992 743 4057 inter
773 3994 844 4071 τῇ
884 4004 946 4052 et
987 3987 1278 4067 αἰσθήσει.
1369 3987 1478 4049 An
1525 3985 1685 4048 forte
1728 3982 1844 4063 δῆΡ
1923 3982 2067 4047 Sine
2106 3981 2281 4048 libris

583 4112 786 4161 tamen
824 4092 1146 4157 lectionem
1190 4089 1482 4154 intactam
1528 4085 1787 4173 reliqui:
1833 4085 2280 4172 interpungen-

584 4199 686 4277 do,
717 4197 925 4286 quoad
970 4195 1106 4283 ejus
1147 4194 1282 4256 fieri
1323 4206 1590 4279 poterat,
1623 4188 1911 4254 universo
1954 4188 2100 4253 huic
2142 4187 2279 4253 loco

582 4301 899 4368 consulere
928 4296 1163 4362 studui.

663 4443 753 4455 —
785 4422 880 4467 10.
929 4404 982 4467 εἰ
1023 4404 1140 4484 γὰρ
1178 4399 1253 4479 ἦν
1292 4399 1419 4461 ἐκεῖ
1457 4397 1702 4476 σώματα
1743 4398 1943 4467 ταῦτα,
1974 4393 2133 4473 ἦσαν
2178 4395 2279 4460 αὗ-

583 4514 699 4571 τῶν
733 4511 802 4587 τῇ
834 4508 1003 4588 ψυχῇ
1045 4500 1353 4582 αἰσθήσεις
1397 4527 1451 4563 κ.
1485 4500 1707 4584 ἆντιλ.]
1771 4499 1875 4561 Ita
1917 4520 2059 4561 cum
2108 4497 2279 4563 libris

581 4608 867 4697 plurimis
893 4621 954 4671 et
983 4603 1233 4693 optimis
1261 4601 1436 4666 libris
1477 4616 1666 4689 atque
1701 4599 1921 4665 Ficino
1958 4599 2174 4688 scripsi
2214 4615 2277 4665 et

579 4711 836 4778 distinxi
866 4733 981 4798 pro
1008 4710 1045 4790 ἠ
1074 4706 1548 4792 γὰρ-σώματα,
1580 4709 1848 4769 ταῦτα-

665 4839 732 4904 p.
769 4833 957 4898 1279,
997 4833 1097 4892 14.
1170 4812 1269 4877 οὕς
1318 4817 1508 4891 φησιν
1555 4810 1588 4871 ὁ
1641 4806 1903 4870 Πλάτων
1960 4805 2271 4893 δαίμονας]

585 4922 750 4985 Cum
780 4917 846 4981 in
874 4915 1009 4980 aliis
1042 4912 1235 4992 libris,
1265 4909 1666 4999 Epinomide,
1702 4907 2031 4973 Alcibiade
2059 4906 2271 4995 priori,

584 5020 896 5087 Phaedone
938 5040 1003 5105 p.
1040 5032 1180 5098 107,
1210 5013 1275 5092 d,
1306 5038 1362 5078 e.
1408 5037 1473 5102 p.
1516 5030 1630 5097 107
1667 5011 1898 5090 Bekk„
1930 5026 2066 5076 tum
2112 5034 2271 5098 prae·

581 5122 789 5188 sertim
831 5120 896 5184 in
942 5118 1294 5207 Republica
1339 5119 1435 5181 X.
1485 5141 1547 5206 p.
1580 5122 1702 5201 617
1737 5140 1832 5203 sq.
1877 5138 1945 5203 p.
1977 5134 2103 5201 509
2136 5139 2268 5202 sqq.

580 5224 783 5292 Bekk.
860 5223 967 5288 Cf.
1001 5221 1232 5286 Plotin.
1264 5244 1454 5308 supra
1495 5244 1563 5309 p.
1593 5238 1714 5305 377
1752 5242 1888 5306 sqq.
1921 5233 1984 5282 et
2011 5240 2271 5305 praeser-

581 5328 691 5395 tim
722 5327 950 5392 librum
976 5323 1211 5389 Plotini
1239 5323 1549 5411 integrum
1583 5322 1663 5387 de
1689 5321 1894 5387 Genio
1915 5344 2029 5384 nos
2057 5320 2274 5385 sortito

583 5433 721 5499 111.
751 5453 816 5512 4.
905 5431 1067 5493 Mox
1099 5426 1357 5491 Ficinus
1395 5425 1699 5514 expressit
1729 5426 1984 5506 ἑλομένῃ
2012 5427 2203 5507 ψυχῇ,
2233 5425 2272 5504 ἡ

577 5531 982 5617 οννηρτημένη
1034 5532 1320 5612 κρείττονι
1370 5529 1683 5595 ὅτε-τὸν
1736 5530 1803 5593 ἐν
1863 5530 2006 5608 αὐτῇ
2057 5528 2267 5609 λόγον.

3943 521 4062 607 38¹

2371 692 2517 780 Ego
2549 693 2681 757 sine
2717 692 2890 757 libris
2931 693 3263 759 immutare
3301 691 3491 758 nolui.
3581 693 3877 757 Ceterum
3917 718 4058 758 ‹tvv-

2370 795 2621 861 έπεσθαι
2649 795 3042 861 Platonicum
3073 811 3164 861 est
3194 794 3568 862 vocabulum
3602 794 3775 876 (Vid.
3807 818 3868 857 v.
3893 819 3949 859 c.
3983 794 4061 859 de

2370 899 2576 986 Legg.
2611 901 2732 963 IV.
2764 902 2911 982 706.
2943 902 3010 964 A
3031 902 3251 986 ε-ὅτῳ
3296 900 3371 965 ἂν
3413 905 3680 983 συνεχῶς
3723 900 3816 964 ἀεὶ
3863 905 4061 964 καλῶν

2368 1027 2424 1065 τι
2455 1000 2832 1088 ξυικέσπηται,
2866 1003 2977 1067 ubi
3017 1002 3122 1067 alii
3162 1003 3503 1089 ξυνέπηται)
3535 1018 3598 1068 et
3625 1003 3706 1068 ab
3736 1002 3871 1067 aliis
3899 1026 4056 1089 quo·

2364 1127 2491 1191 que
2534 1104 2939 1191 scriptoribus
2981 1129 3124 1171 cum
3156 1105 3389 1171 Dativo
3425 1105 3823 1171 construitur.
3902 1104 4063 1171 Vide

2365 1230 2524 1294 quos
2575 1206 2790 1272 laudat
2846 1208 3218 1274 Schleusner
3266 1208 3331 1273 in
3384 1210 3537 1273 Lex.
3587 1210 3669 1273 Ν.
3692 1210 3772 1273 Τ.
3816 1209 3880 1273 in
3925 1232 4057 1274 voc.

2365 1309 2750 1376 συνέπεσθαι.

2450 1436 2516 1501 p.
2554 1414 2741 1492 1280,
2774 1417 2837 1478 6.
2881 1417 2945 1479 τί
2983 1419 3099 1499 γὰρ
3135 1417 3346 1480 κωλύει
3380 1414 3489 1494 τὴν
3525 1416 3638 1495 μὲν
3674 1417 3921 1496 δύναμιν
3963 1419 4063 1495 τῆς

2364 1521 2652 1600 -ψυχῆς
2679 1517 3350 1601 προῦπογράφειν-καὶ
3378 1517 3485 1596 τὴν
3506 1518 4062 1600 προϋπογραφὴν-

2368 1618 2543 1705 εἶναι]
2617 1619 2957 1684 Clearchus
3004 1620 3067 1684 in
3118 1619 3389 1685 Eroticis
3439 1642 3542 1707 ap.
3591 1620 3835 1684 Athen.
3880 1620 4059 1684 XII.

2366 1745 2428 1809 p.
2458 1739 2609 1809 553.
2645 1722 2693 1786 f.
2738 1747 2803 1811 p.
2832 1727 2977 1810 558.
3026 1747 3121 1810 sq.
3169 1722 3794 1808 Schweigh.:—dvai
3838 1748 3903 1787 τε
3946 1725 4061 1805 γὰρ

2368 1826 2641 1910 εὐτυχίας
2671 1827 3019 1911 (συντυχίας
3046 1827 3208 1912 conj.
3238 1826 3544 1910 casaub.)
3578 1826 3673 1890 καὶ
3693 1825 4065 1908 παράδειγμα

2366 1933 2467 2008 τῆς
2501 1928 2852 2010 βουλήσεως
2892 1930 3088 1998 αὐτοῖς
3114 1930 3343 2011 γίνεται
3381 1932 3476 1993 διὰ
3514 1931 3738 1993 τούτων
3774 1931 4064 2008 αἰτηθεῖσι

2365 2033 2497 2111 μὲν,
2529 2036 2610 2118 τῷ
2639 2036 3207 2114 προσαγορευθῆναι.
3256 2035 3422 2096 δοῦσι
3450 2032 3516 2095 δὲ
3549 2029 4061 2113 προῦπογράφειν,

2368 2135 2459 2198 ὅτι
2488 2138 2583 2198 δεῖ
2607 2135 2700 2197 καὶ
2740 2135 2948 2202 αὐτοὺς
2973 2137 3347 2216 μεταδιδόναι
3374 2138 3476 2213 τῆς
3503 2134 3674 2216 ὥρας.
3751 2132 4062 2219 Loquitur

2367 2234 2447 2299 de
2489 2235 2749 2300 floribus
2794 2251 2858 2300 et
2896 2236 3120 2324 pomiS,
3160 2260 3306 2324 quae
3348 2252 3624 2301 amantes
3664 2236 3730 2300 in
3773 2236 4062 2301 manibus

2365 2353 2608 2425 gestare
2652 2338 2903 2403 soleant.
2986 2339 3124 2403 vid.
3174 2340 3444 2405 Casaub.
3490 2354 3552 2404 et
3601 2340 3945 2427 Schweigh.
3995 2341 4058 2404 in

2371 2441 2756 2506 Animadvv.
2785 2464 2848 2529 p.
2871 2461 3017 2527 539.
3087 2443 3296 2528 Atque
3326 2442 3459 2506 hic:
3512 2439 3634 2520 Sic,
3661 2441 3771 2520 ait,
3803 2444 4060 2526 ὑπογρά-

2369 2551 2510 2626 φειν
2554 2545 2816 2619 ἐλπίδας,
2857 2566 3028 2632 spem
3069 2546 3410 2623 ostendere,
3441 2568 3605 2632 saepe
3647 2544 3817 2632 apud
3866 2544 4057 2634 Poly-

2366 2645 2561 2711 bium.
2638 2647 2784 2712 Vid.
2816 2647 3028 2712 Lexic.
3064 2647 3290 2735 Polyb.
3338 2672 3398 2735 p.
3433 2649 3579 2734 634.
3628 2647 3872 2712 “Alias
3913 2670 4056 2733 par-

2367 2762 2461 2814 tes
2502 2749 2695 2838 hujus
2738 2749 2857 2815 loci
2900 2765 3247 2815 tractarunt
3288 2750 3543 2815 Jacobs.
3574 2751 3636 2815 in
3668 2751 4057 2816 Additamm.

2367 2851 2751 2918 Animadvv.
2784 2852 2847 2917 in
2881 2852 3120 2917 Athen.
3166 2875 3229 2939 p.
3266 2872 3406 2936 294.
3454 2869 3515 2917 et
3555 2854 3612 2918 I.
3646 2855 3731 2917 B.
3772 2856 4063 2919 Verraert

2368 2954 2432 3019 in
2475 2954 2721 3020 erudita
2749 2955 3039 3020 Diatriba
3071 2955 3451 3021 Academica
3491 2955 3572 3020 de
3602 2956 3906 3022 Clearcho
3952 2959 4064 3021 So-

2367 3056 2521 3121 lensi
2559 3081 2622 3145 p.
2653 3077 2758 3143 54.
2791 3081 2884 3145 sq.
2971 3059 3243 3146 Propius
3271 3059 3354 3123 ad
3384 3058 3721 3124 Plotiniani
3749 3059 3864 3125 loci
3895 3060 4060 3125 sirni-

2370 3158 2695 3226 litudinem
2757 3160 2994 3226 accedit
3054 3163 3151 3226 10.
3208 3162 3533 3250 Chrysost.
3589 3163 3653 3227 in
3714 3163 3920 3250 Epist.
3983 3163 4066 3228 ad

2371 3264 2562 3328 Rom.
2624 3264 2818 3330 XVI.
2880 3288 2945 3354 p.
3001 3283 3144 3352 137.
3217 3265 3500 3348 (laudata
3555 3290 3595 3331 a
3655 3269 3923 3354 Seagero
3982 3266 4061 3332 ad

2372 3366 2673 3454 Stephani
2704 3368 3013 3433 Thesaur.
3039 3369 3248 3434 Lond.
3281 3392 3342 3454 p.
3362 3372 3601 3454 3060):
3648 3368 3855 3454 Ὁρᾷς,
3886 3372 4064 3434 ὅτι-

2370 3473 2437 3535 ἑν
2481 3472 2627 3550 αὐτῇ
2671 3474 2742 3549 τῆ
2787 3473 2969 3554 φύσει
3013 3473 3050 3551 ἡ
3098 3475 3193 3536 διὰ
3235 3477 3339 3536 τοῦ
3378 3473 3790 3553 βαπτίσματος
3833 3474 4063 3537 ἄνωθεν

2366 3571 2896 3655 προῦπογράφηται
2936 3571 3234 3656 γέννησις.
3326 3575 3796 3639 Substantivum
3851 3592 4057 3639 autem

2365 3674 2819 3757 προῦπογραφῆ,
2850 3673 3022 3760 quod
3054 3698 3180 3739 uno
3209 3676 3369 3740 libro
3413 3693 3673 3764 excepto
3714 3696 4063 3764 agnoscunt

2364 3775 2606 3841 codices
2633 3798 2866 3857 omneS,
2895 3800 2972 3840 ex
3002 3776 3120 3842 hoc
3152 3778 3385 3843 Plotini
3414 3778 3550 3844 loco
3576 3780 3939 3846 addendum
3968 3797 4062 3846 est

2367 3878 2638 3944 LexiciS.

2449 4022 2536 4032 —
2571 4004 2669 4051 12.
2716 3983 3149 4066 ὥσπερ-πρὸς
3176 3983 3243 4047 τὸ
3280 3988 3455 4050 δοθὲν
3484 3985 3638 4074 αὐτῷ
3670 3988 3888 4076 δρᾶμα]
3942 3990 4060 4052 Su-

2365 4109 2481 4174 pra
2516 4109 2578 4174 p.
2615 4089 2761 4166 264.
2795 4087 2872 4151 A.
2918 4089 2976 4152 εἴ
2998 4112 3085 4154 τις
3123 4092 3313 4170 δρᾶμα
3340 4088 3653 4172 μέμφοιτο,
3686 4091 3776 4154 ὅτι
3801 4090 3881 4171 μὴ
3906 4091 4056 4157 πάν-

2364 4215 2461 4257 τες
2510 4190 2696 4271 ἥρωες
2746 4190 2814 4253 ἐν
2866 4190 3043 4275 αὐτῷ,
3098 4189 3206 4254 ubi
3263 4191 3476 4256 confer
3527 4195 3768 4258 Annot.
3865 4194 4057 4259 Adde

2364 4315 2532 4357 nunc
2555 4291 3026 4356 Boissonadium
3054 4292 3115 4356 in
3141 4293 3396 4358 Notitiis
3415 4310 3479 4359 et
3501 4296 3834 4383 Excerptis
3853 4297 4058 4361 Codd.

2364 4420 2399 4461 e
2446 4396 2744 4462 Biblioth.
2799 4398 2965 4483 Reg.
3008 4397 3145 4460 XI.
3180 4414 3234 4460 2.
3281 4420 3346 4485 p.
3389 4399 3527 4483 136.
3566 4422 3659 4485 sq.
3703 4415 3766 4463 et
3808 4423 3871 4487 p.
3913 4404 4057 4484 156.

2365 4500 2716 4565 Posteriore
2753 4498 2889 4564 loco
2918 4498 3013 4563 vir
3046 4498 3148 4563 ille
3185 4499 3575 4564 doctissimus
3607 4500 3810 4566 Procli
3849 4501 4057 4568 locum

2363 4602 2425 4666 in
2461 4601 2734 4667 Platonis
2763 4601 3107 4687 Rempubl.
3154 4625 3215 4690 p.
3245 4621 3393 4688 352.
3487 4602 3855 4668 Plotinianis
3894 4606 4057 4670 simi-

2361 4704 2481 4769 lem
2529 4704 2755 4792 partim
2800 4728 2835 4768 e
2878 4704 3050 4768 libris
3080 4707 3279 4769 MSS.
3311 4706 3536 4793 partim
3572 4708 3928 4794 conjectura
3970 4710 4056 4774 ita

2359 4808 2667 4873 restituit:
2716 4808 2919 4890 ὥσπερ
2965 4809 3059 4871 καὶ
3103 4810 3169 4871 ἐν
3207 4814 3331 4876 τοῖς
3373 4809 3664 4890 δράμασιν
3707 4812 3910 4880 ἄλλως
3944 4815 4056 4893 μὲν

2359 4915 2435 4975 τὰ
2477 4913 2733 4975 οἰκετικὰ
2770 4912 3061 4992 πρόσωπα
3099 4913 3485 4992 φθεγγόμενα
3521 4913 3822 4992 μιμητέον,
3855 4916 4055 4981 ἄλλως

2361 5016 2424 5078 δὲ
2454 5017 2529 5079 τὰ
2568 5019 2685 5077 τῶν
2727 5011 3075 5095 ἐλευθέρων,
3110 5013 3205 5077 καὶ
3243 5014 3442 5081 ἄλλως
3467 5016 3580 5092 μὲν
3608 5021 3908 5096 γυναῖκας,
3941 5018 4049 5080 ἄλ-

2357 5124 2481 5185 λως
2524 5118 2590 5180 δὲ
2634 5117 2850 5197 ἄνδρας
2884 5141 2941 5178 τι
2976 5114 3286 5198 λέγοντας.
3332 5120 3426 5180 δεῖ
3457 5120 3571 5198 γὰρ
3602 5119 3941 5182 ἀποδιδόναι
3980 5123 4055 5184 τὰ

2358 5223 2548 5284 οἰκεῖα
2598 5224 2727 5286 ταῖς
2782 5220 3007 5300 φύσεσι
3052 5223 3179 5286 ταῖς
3220 5218 3474 5297 ἡλικίαις
3518 5224 3644 5286 ταῖς
3684 5220 3890 5303 τύχαις
3932 5227 4054 5290 τοῖς

2360 5323 2779 5402 ἐπιτηδεύμασι
2821 5326 2948 5387 ταῖς
2992 5321 3181 5399 ἇξίαις
3221 5320 3452 5403 ῥήματα
3489 5321 3595 5385 τὸν
3626 5327 3744 5385 τῶν
3787 5322 4054 5388 ἑκάστων

2355 5425 2628 5507 μιμητήν.
2708 5426 2869 5488 Mox
2905 5422 3106 5488 Codd.
3144 5425 3348 5488 Marc.
3374 5426 3450 5489 A.
3484 5439 3547 5488 et
3578 5425 3762 5487 Mon.
3791 5425 3864 5488 C.
3897 5424 4051 5491 dant

2358 5530 2784 5608 ἐπισπόμενοιε
2852 5525 3074 5614 reliqui
3130 5550 3345 5592 omnes
3401 5530 3817 5609 ἐπισπώμενοι,
3876 5529 4051 5617 quod
