5118 6613
1321 460 1522 525 LIB.
1573 461 1716 526 ΙΙΙ.
1764 462 2219 526 ΕΝΝΕΑΙ).
2267 461 2705 541 QUINTAE.
2751 486 2813 551 p.
2847 483 3214 549 914—922.

679 661 744 726 p.
772 657 922 722 919,
953 656 1018 716 4.
1069 634 1164 698 καὶ
1193 633 1261 698 τὸ
1290 637 1659 716 ὑπερπλῆρες
1686 635 1892 722 αὐτοῦ]
1928 635 2029 699 Ita
2050 633 2290 698 correxi

592 764 671 805 ex
704 738 866 805 Cod.
895 740 1035 803 Vat.
1060 735 1387 824 vulgatum
1404 738 1553 818 ὑπὲρ
1574 741 1813 818 πλῆρες.
1879 739 2024 802 Hoc
2040 760 2288 824 compo-

591 843 781 909 situm
825 839 1107 907 nondum
1152 838 1583 927 consignatum
1630 852 1763 903 erat
1812 840 1875 903 in
1925 838 2285 904 Schneideri

591 947 754 1010 Lex.
784 944 885 1010 ed.
919 956 1056 1009 tert.
1091 941 1420 1030 Exemplis
1455 963 1495 1006 a
1538 941 1750 1007 Kallio
1777 956 1841 1007 et
1870 942 2287 1010 Wakefieldio

588 1048 653 1112 in
691 1047 907 1135 Steph.
943 1047 1136 1111 Thes.
1172 1044 1557 1110 Londinensi
1599 1044 1869 1111 collectis
1910 1046 2074 1111 adde
2116 1046 2285 1111 hunc

590 1151 795 1217 locum
821 1164 885 1216 et
914 1148 1120 1215 Procli
1153 1150 1310 1213 Inst.
1334 1147 1561 1213 Theol.
1586 1173 1640 1213 c.
1670 1150 2019 1214 CXXXI.
2051 1173 2113 1237 p.
2143 1152 2283 1234 196.

592 1254 688 1320 ed.
712 1268 904 1319 nostr.
925 1252 1034 1318 ubi
1050 1251 1192 1318 libri
1216 1251 1309 1317 bis
1329 1251 1602 1316 offerunt
1627 1252 2013 1335 ὑπέρπληρες.
2081 1254 2278 1317 Mox:

591 1356 659 1420 τὸ
702 1359 770 1421 δὲ
811 1357 1141 1438 γενόμενον
1200 1357 1282 1422 εἷς
1338 1354 1479 1418 αὐτὸ
1527 1355 2108 1437 ἐπεστράφη-ὁμοῦ
2150 1361 2288 1424 νοῦς

592 1462 861 1542 γίγνεται
906 1459 1001 1522 καὶ
1038 1459 1133 1522 ὅν.
1225 1458 1305 1521 In
1351 1456 1469 1521 hoc
1513 1455 1649 1521 loco
1690 1480 1808 1545 pro
1836 1457 2095 1546 vulgato
2138 1485 2282 1541 προ-

593 1567 783 1627 εκεῖνο
811 1559 959 1625 dedi
988 1560 1133 1643 πρὸς
1162 1562 1373 1634 ἐκεῖνο,
1405 1558 1634 1623 deinde
1677 1583 1793 1647 pro
1834 1564 1945 1626 θεὰ
1978 1561 2126 1626 dedi
2155 1562 2283 1637 θέα,

592 1676 655 1729 et
686 1665 829 1744 ἔστη
858 1686 973 1751 pro
1004 1663 1134 1727 ἔστι
1161 1684 1306 1727 cum
1337 1661 1510 1726 libris
1540 1664 1741 1728 MSS.
1772 1678 1836 1729 et
1864 1687 2060 1752 marg.
2139 1664 2288 1730 Sine

590 1765 764 1831 libris
792 1764 944 1829 nihil
975 1765 1351 1830 mutandum
1381 1765 1561 1846 duxi,
1602 1765 1745 1832 licet
1787 1767 2048 1833 suadere
2075 1768 2286 1834 videa-

594 1884 699 1933 tur
729 1870 928 1933 versio
959 1868 1197 1942 Ficini;
1232 1868 1343 1955 qui
1364 1868 1680 1955 quomodo
1701 1869 1835 1934 haec
1860 1870 2167 1958 acceperit
2194 1870 2287 1935 iu-

594 1970 803 2036 didem
834 1985 1027 2060 patet.
1112 1970 1348 2059 Taylor
1384 1986 1602 2037 contra
1630 1971 1713 2037 ita
1745 1972 1967 2038 vertit:
2019 1980 2063 2013 “
2094 1974 2287 2052 That,

596 2076 901 2153 however,
933 2074 1130 2139 which
1160 2073 1213 2139 is
1240 2074 1575 2163 generated
1605 2075 1765 2140 from
1796 2075 1847 2141 it
1875 2076 1927 2141 is
1954 2077 2290 2142 converted

594 2193 659 2242 to
701 2177 772 2257 it,
804 2178 929 2243 and
958 2177 1011 2243 is
1039 2177 1232 2257 filled,
1263 2179 1387 2243 and
1420 2200 1543 2242 was
1577 2179 1911 2267 generated
1940 2178 2197 2269 looking
2226 2194 2292 2246 to

593 2281 661 2347 it.
754 2283 888 2347 But
916 2281 1040 2347 this
1068 2281 1121 2346 is
1158 2280 1450 2346 intellect.
1539 2281 1695 2346 And
1725 2282 1831 2347 the
1874 2305 2291 2370 permanency

596 2384 818 2449 indeed
848 2385 923 2449 of
944 2385 994 2449 it
1022 2385 1217 2450 about
1246 2386 1347 2450 the
1381 2407 1516 2462 one,
1545 2385 1864 2472 produced
1899 2385 2125 2474 being;
2176 2386 2294 2451 but

595 2487 675 2553 its
702 2486 897 2553 vision
928 2488 1004 2551 of
1022 2489 1123 2553 the
1141 2510 1278 2568 one,
1306 2487 1600 2553 intellect.
1689 2489 1929 2566 When,
1960 2489 2290 2567 therefore,

596 2592 646 2656 it
689 2591 741 2656 is
782 2590 1158 2657 established
1187 2591 1385 2656 about
1423 2593 1522 2657 the
1564 2613 1701 2671 one,
1740 2593 1803 2655 in
1847 2591 2032 2656 order
2066 2592 2199 2657 that
2242 2591 2293 2656 it

597 2716 740 2781 may
771 2716 871 2758 see
901 2693 973 2772 it,
1004 2692 1154 2758 then
1182 2692 1235 2758 it
1262 2692 1546 2758 becomes
1573 2708 1641 2758 at
1667 2716 1821 2758 once
1849 2692 2121 2757 intellect
2164 2692 2292 2758 and

597 2797 848 2884 being.”
935 2795 1049 2861 Ad
1090 2811 1531 2883 argumentum
1575 2796 1806 2861 adhibe
1847 2794 1991 2860 infr.
2040 2819 2106 2884 p.
2137 2817 2287 2882 511.

596 2914 657 2964 et
685 2922 751 2987 p.
777 2918 926 2986 534.
955 2913 1020 2963 et
1047 2898 1179 2964 vid.
1213 2898 1516 2964 Brucker.
1545 2899 1717 2963 Hist.
1754 2899 1913 2965 Crit.
1950 2899 2179 2964 Philos.
2206 2900 2289 2964 ΙΙ.

599 3025 663 3088 p.
687 3022 837 3084 400.
880 3014 944 3067 et
981 3002 1417 3066 Tennemanni
1463 3001 1633 3067 Hist.
1667 3001 1903 3068 Philos.
1936 3005 2058 3068 VI.
2091 3026 2153 3090 p.
2179 3023 2285 3089 93.

601 3127 692 3190 sq.
727 3103 838 3192 qui
865 3104 1209 3193 comparari
1231 3105 1417 3193 jubet
1452 3107 1527 3170 V.
1549 3108 1612 3169 6.
1637 3125 1692 3171 2.
1726 3107 1848 3180 VI.
1873 3126 1934 3191 7.
1957 3128 2062 3191 39.
2090 3122 2155 3171 et
2179 3127 2288 3188 40.

600 3207 718 3271 VI.
754 3207 816 3273 8.
852 3209 948 3272 16.
1038 3208 1149 3272 Tu
1179 3207 1343 3273 adde
1375 3207 1575 3274 Procli
1606 3209 1814 3274 Instit.
1846 3233 1903 3274 c.
1926 3210 2059 3276 IX.
2091 3233 2154 3296 p.
2192 3210 2286 3274 16.

603 3334 773 3398 seqq.
824 3334 880 3377 c.
930 3312 1130 3377 CIX.
1174 3335 1239 3400 p.
1276 3314 1421 3377 160.
1467 3336 1604 3400 sqq.
1652 3337 1704 3378 c.
1740 3315 1997 3380 CXIV.
2051 3337 2113 3401 p.
2157 3316 2293 3379 166.

601 3437 770 3501 seqq.
798 3428 861 3478 et
888 3437 940 3479 c.
975 3414 1190 3479 CLX.
1223 3438 1287 3503 p.
1312 3417 1459 3501 236.
1495 3438 1635 3502 sqq.

688 3539 752 3603 p.
784 3534 934 3601 920,
964 3517 1028 3581 8.
1073 3514 1120 3605 ᾧ
1148 3515 1224 3582 ἂν
1254 3520 1607 3608 ἐπίστηται]
1657 3519 1759 3583 Ita
1786 3519 1999 3607 scripsi
2019 3518 2300 3606 jubenti-

605 3619 724 3685 bus
755 3617 927 3684 libris
956 3621 1156 3685 MSS.
1188 3643 1306 3707 pro
1335 3620 1594 3708 vulgato
1634 3623 1841 3702 ἕπηται
1869 3646 2015 3709 quae
2054 3621 2236 3687 lectio
2264 3646 2300 3686 e

606 3721 889 3810 neglecto
930 3724 1301 3811 compendio
1344 3723 1650 3788 scribendi
1695 3739 1843 3790 nata
1884 3724 2155 3803 videtur,
2206 3723 2299 3789 uti

604 3849 750 3892 mox
782 3825 914 3891 Ed.
944 3825 1129 3891 Basil.
1164 3826 1295 3892 sine
1332 3825 1702 3913 compendio
1728 3826 1982 3891 exhibet
2011 3828 2158 3891 ἄνον
2184 3848 2301 3914 pro

607 3931 957 4012 ἄνθρωπονς
1009 3932 1168 4018 (quo
1221 3929 1358 4017 ipso
1403 3930 1540 3994 loco
1587 3952 1705 4017 pro
1760 3928 2049 4016 exemplo
2105 3929 2302 3994 utitur

609 4030 904 4096 Villoison
948 4030 1015 4095 in
1061 4031 1400 4096 Anecdott.
1465 4032 1615 4096 Grr.
1671 4030 1809 4096 Vol.
1861 4032 1963 4095 11.
2021 4054 2086 4119 p.
2126 4033 2299 4114 177.)

607 4134 888 4200 Ionicam
931 4133 1212 4222 adeoque
1256 4134 1538 4199 Atticam
1580 4134 1843 4198 formam
1890 4132 2177 4197 sumsisse
2208 4133 2298 4197 vi-

607 4238 737 4303 deri
781 4238 978 4328 possit
1020 4262 1098 4303 ex
1147 4237 1402 4303 Platone
1446 4260 1582 4315 su0,
1630 4236 1878 4302 Theaet.
1918 4259 1980 4323 p.
2016 4237 2157 4321 169.
2191 4238 2294 4300 A:

608 4342 744 4407 ἄλλ’
763 4346 866 4418 ἴθι,
891 4344 937 4407 ὦ
964 4344 1191 4425 ἄριστε,
1212 4344 1424 4424 ὀλίγον
1450 4342 1726 4405 ἐπίσπου.
1801 4339 1905 4404 Cf.
1928 4338 2112 4403 etiam
2138 4339 2296 4402 Lex.

611 4445 913 4536 Xenoph.
938 4446 1040 4510 II.
1059 4468 1127 4532 p.
1147 4464 1186 4531 3
1203 4463 1303 4529 15.
1350 4442 1529 4507 Infra
1544 4441 1717 4529 apud
1741 4442 2044 4506 Nostrum
2063 4464 2130 4529 p.
2151 4443 2297 4526 699.

611 4552 692 4616 C.
724 4564 886 4614 extr.
914 4548 1216 4637 legimus:
1267 4550 1430 4612 ἀλλὰ
1460 4550 1577 4629 γὰρ
1620 4547 2019 4626 ἐπισπόμενοι
2045 4550 2124 4633 τῷ
2156 4548 2297 4628 ἐφε·

608 4657 709 4735 ξῆς
737 4655 821 4721 εἷς
842 4657 1015 4718 τοῦτο
1034 4653 1275 4732 ἥκομεν,
1298 4649 1410 4715 ubi
1436 4648 1582 4713 licet
1609 4671 1774 4713 uuus
1805 4647 2026 4713 Codex
2050 4650 2295 4714 ἐπισπό-

605 4781 775 4835 μενοι
802 4754 1116 4834 exhibeat,
1139 4753 1293 4818 nihil
1322 4751 1712 4831 mutaverim,
1738 4768 1802 4816 et
1831 4750 2087 4817 Ficinus
2114 4751 2300 4816 etiam

607 4856 795 4924 vertit
837 4858 1034 4935 ducti,
1080 4856 1224 4922 licet
1276 4856 1473 4944 probe
1518 4854 1727 4933 sciam,
1771 4854 1933 4919 hanc
1978 4854 2301 4919 lectionem

607 4956 834 5045 saepius
868 4956 932 5020 in
984 4955 1240 5022 alterius
1280 4956 1488 5021 locum
1533 4954 1908 5021 successisse.
1987 4953 2302 5021 Herodot.

614 5061 758 5125 III.
790 5081 908 5141 14:
943 5062 1251 5145 ἐτετεύχεε
1273 5064 1388 5143 γὰρ
1413 5060 1508 5124 καὶ
1536 5060 1705 5127 οὗτος
1725 5060 2118 5139 ἐπισπόμενος
2147 5064 2310 5139 Καμ-

608 5166 771 5245 βύσῃ
801 5162 892 5228 ἐπ’
919 5166 1242 5248 Αἴγυπτον,
1275 5162 1385 5228 ubi
1414 5161 1567 5227 Ald.
1608 5176 1672 5226 et
1710 5161 1814 5225 alii
1857 5158 2000 5225 libri
2050 5161 2307 5226 ἐπισπό-

609 5292 788 5347 μενος
829 5265 1080 5331 habent.
1168 5267 1273 5331 Tu
1316 5266 1397 5331 cf.
1452 5266 1818 5352 Popponem
1862 5262 1944 5329 ad
2003 5262 2303 5350 Thucyd.

616 5371 728 5434 IV.
759 5388 868 5455 35.
900 5391 961 5456 p.
995 5386 1097 5451 74.

698 5509 780 5523 -
813 5493 876 5557 9.
921 5470 1341 5552 ἄλλο-μέρος
1367 5470 1435 5534 τὸ
1467 5472 1533 5535 ἐν
1557 5473 1741 5557 φυτῷ,
1775 5467 1843 5533 τὸ
1867 5472 2305 5551 τολμηρότατον

712 5580 900 5634 voL.
939 5579 1064 5632 111.

3949 470 4070 535 281

2378 636 2476 698 καὶ
2505 635 3009 724 ἅφρονέστατον,]
3044 638 3206 701 Haec
3234 637 3602 725 explicanda
3624 662 3659 702 e
3678 638 3901 727 prioris
3928 639 4070 704 libri

2373 735 2549 802 initio
2579 760 2645 824 p.
2666 738 2818 819 481.
2853 740 2927 803 B.
2960 738 3112 805 inst:
3162 743 3315 825 ἀρχὴ
3340 744 3453 824 μὲν
3485 745 3592 808 οὖν
3614 744 3815 812 αὐταῖς
3834 750 3939 809 τοῦ
3964 772 4065 809 κα-

2374 844 2479 904 κοῦ
2502 841 2541 920 ἡ
2570 838 2761 920 τόλμα
2784 843 2936 921 καὶὴ
2965 841 3203 924 γένεσις
3224 845 3319 908 καὶ
3345 847 3382 925 ἡ
3409 847 3607 927 πρώτη
3639 846 3924 928 ἑτερότης,
3958 847 4068 911 ubi

2372 940 2553 1028 plura
2586 940 2896 1007 dedimus.
2982 945 3096 1009 Ad
3140 946 3277 1011 haec
3316 947 3557 1034 Taylor
3602 948 3879 1014 Sallustii
3912 949 4068 1014 Phi·

2369 1042 2613 1133 losophi
2661 1069 2711 1110 c.
2748 1047 2915 1110 XX.
2963 1045 3099 1110 init.
3142 1046 3391 1113 laudat:
3441 1053 3519 1115 At
3562 1053 3628 1116 δὲ
3669 1055 4062 1136 μετεμψυχῶ-

2371 1174 2516 1223 σεις,
2552 1152 2607 1213 εἰ
2631 1151 2744 1225 μὲν
2776 1152 2858 1216 εἰς
2894 1153 3112 1232 λογικὰ
3151 1151 3445 1233 γένοιντο,
3478 1154 3619 1219 αὐτὸ
3662 1160 3834 1219 τοῦτο
3868 1158 4066 1241 ψυχαὶ

2370 1252 2639 1332 γίνονται
2694 1257 2813 1316 τῶν
2866 1252 3174 1332 σωμάτων·
3223 1256 3278 1318 εἷ
3324 1256 3390 1319 δὲ
3440 1258 3523 1323 εἷς
3579 1258 3793 1340 ἄλογα,
3848 1259 4067 1338 ἔξωθεν

2372 1354 2634 1429 ἕπονται,
2660 1355 2862 1435 ὥσπερ
2892 1357 2987 1419 καὶ
3015 1358 3154 1437 ἡμῖν
3177 1359 3235 1421 οἱ
3265 1356 3570 1441 εἰληχότες
3595 1362 3746 1441 ἡμᾶς
3773 1362 4065 1441 δαίμονες.

2374 1455 2498 1519 Sed
2529 1455 2610 1520 de
2639 1455 2734 1520 his
2764 1455 3005 1544 placitis
3031 1457 3218 1545 plura
3244 1459 3521 1526 diximus
3549 1462 3629 1526 ad
3664 1462 3763 1526 11.
3793 1483 3855 1547 9.
3889 1465 3951 1527 6.
3981 1464 4064 1528 cf.

2375 1559 2513 1623 III.
2543 1578 2609 1641 4.
2645 1578 2707 1624 2.
2757 1560 2875 1624 IV.
2908 1580 2969 1645 3.
3004 1583 3063 1647 9.
3139 1561 3244 1627 Cf.
3290 1563 3476 1629 etiam
3529 1563 3694 1629 infra
3735 1565 3847 1629 VI.
3904 1584 3960 1649 7.
4003 1566 4065 1631 8.

2371 1683 2435 1748 p.
2472 1680 2619 1745 700.
2651 1678 2813 1726 extr.
2844 1676 2908 1728 et
2935 1686 3001 1751 p.
3036 1681 3181 1747 701.
3212 1665 3349 1730 init.

2459 1802 2545 1814 —
2581 1767 2676 1830 16.
2728 1766 2796 1831 ἓν
2825 1767 2932 1831 οὖν
2969 1771 3040 1846 τῇ
3083 1768 3264 1851 ἀρχῇ]
3316 1768 3479 1833 Cod.
3510 1771 3654 1835 Vat.
3688 1771 3755 1835 ἐν
3784 1785 3847 1835 et
3885 1771 4066 1858 Tay-

2371 1867 2504 1932 lor:
2556 1876 2601 1908 “
2636 1870 2701 1933 It
2739 1869 2814 1948 is,
2847 1868 3178 1948 therefore,
3222 1872 3294 1933 in
3341 1871 3420 1935 its
3462 1871 3822 1959 principle.”
3908 1875 4067 1951 Quae

2371 1971 2531 2036 ratio
2574 1973 2778 2058 potior
2803 1972 3073 2038 videtur.
3170 1974 3331 2039 Mox
3379 1974 3510 2039 Fic.
3557 1974 3776 2062 legisse
3819 1976 4067 2043 videtur

2376 2076 2655 2155 ἐλθούσῃ,
2688 2075 2860 2162 quod
2891 2075 3114 2163 placet.
3182 2077 3345 2141 Nam
3381 2079 3644 2143 ἐλθοῦσα
3673 2077 3823 2142 nihil
3854 2079 4064 2157 habet,

2374 2200 2504 2263 quo
2530 2178 2859 2244 referatur.

2461 2304 2523 2368 p.
2557 2299 2707 2365 921,
2746 2301 2802 2347 1.
2847 2283 2918 2347 οὗ
2941 2284 3057 2364 γὰρ
3086 2285 3594 2371 στενοχωρεΐται.]
3644 2283 3748 2349 Cf.
3771 2283 3915 2348 infr.
3942 2286 4064 2350 Vl.

2375 2403 2443 2468 5.
2484 2402 2581 2447 10.
2616 2406 2677 2471 p.
2703 2384 2848 2470 669.
2883 2386 2972 2447 A.

3021 2469 3222 2533 LIB.
3283 2469 3426 2533 III.

2462 2613 2526 2676 p.
2562 2607 2711 2674 922,
2737 2608 2796 2670 7.
2824 2595 3017 2653 ΠΕΡΙ
3039 2593 3218 2653 ΤΩΝ
3241 2593 3808 2654 ΓΝΩΡῙΣΤΙΚΩΝ
3835 2588 4064 2656 “rno-

2377 2696 2481 2755 ΣΤ
2482 2696 2787 2765 ΑΣΕΩΝ,
2822 2696 2960 2754 ΚΑΙ
2988 2695 3156 2756 ΤΟΎ
3185 2692 3670 2780 EHEKEINA]
3721 2691 3917 2756 Liber
3958 2716 4072 2758 un-

2371 2793 3029 2881 dequinquagesimuS,
3063 2794 3383 2881 igiturque
3421 2817 3499 2859 ex
3536 2794 3631 2873 iis,
3673 2818 3834 2882 quos
3864 2811 4069 2861 matu·

2375 2897 2535 2962 riore
2564 2911 2748 2962 aetate
2786 2897 3147 2985 conscripsit
3188 2897 3500 2962 PlotinuS.
3575 2897 3717 2964 Vid.
3751 2899 4069 2986 Porphyr.

2376 2999 2456 3063 de
2485 2999 2612 3063 Vit.
2643 2997 2803 3065 Plot.
2831 3022 2968 3087 cap.
3003 3001 3122 3066 VI.
3156 3014 3221 3065 et
3247 3023 3385 3088 cap.
3422 2999 3626 3063 XXV.
3714 3001 3903 3079 Quod
3926 3026 4074 3069 vero

2379 3126 2544 3167 unus
2572 3101 2730 3167 liber
2767 3103 3002 3169 omittit
3046 3105 3142 3169 καὶ
3184 3108 3288 3168 τοῦ
3331 3102 3625 3179 ἐπέκεινα,
3656 3103 3762 3169 alii
3791 3106 4074 3172 nonnulli

2377 3205 2612 3270 habent
2642 3207 2738 3270 καὶ
2765 3212 2883 3271 τῶν
2913 3208 3031 3281 zm,
3074 3220 3368 3270 neutrum
3408 3206 3567 3271 bene
3610 3221 3741 3287 est3
3788 3210 4072 3295 quando-

2378 3309 2635 3397 quidem
2664 3333 2864 3374 unum
2915 3310 3008 3392 (τὸ
3055 3310 3146 3391 ἓν)
3196 3309 3598 3396 cogitandum
3643 3325 3737 3377 est
3777 3326 4076 3400 tanquam

2380 3413 2561 3493 illud,
2588 3413 2761 3501 quod
2806 3431 2899 3479 est
2942 3413 3227 3501 superius
3266 3411 3385 3477 illis
3415 3413 3793 3481 substantiis
3888 3419 4073 3481 Cete-

2382 3540 2524 3582 rum
2554 3517 2725 3582 hunc
2754 3516 2981 3582 librum
3003 3532 3147 3581 ante
3167 3515 3382 3581 oculos
3403 3516 3632 3582 habere
3650 3517 3899 3583 videtur
3921 3522 4078 3585 Pro-

2382 3619 2517 3685 clus
2542 3620 2606 3684 in
2643 3619 2921 3685 Platonis
2962 3619 3373 3706 Theologiam
3404 3643 3541 3708 cap.
3573 3620 3755 3686 XIX.
3785 3644 3851 3709 p.
3871 3643 3979 3708 52.
4013 3623 4081 3688 in

2382 3722 2515 3786 his:
2565 3724 2767 3804 ὥσπερ
2814 3723 2909 3785 καὶ
2945 3723 2979 3784 ὅ
3020 3725 3332 3787 Πλωτῖνος
3376 3722 3562 3803 ὀρθῶς
3598 3723 3715 3787 πού
3749 3730 3901 3804 φησι
3942 3726 4080 3807 περὶ

2384 3832 2502 3890 τῶν
2531 3830 2758 3905 νοητῶν
2776 3823 3138 3904 ὑποβάσεων
3160 3824 3360 3888 εἶπόν.
3433 3821 3891 3911 Corrigendum
3914 3827 4082 3892 enim

2385 3928 2671 3992 videtur:
2719 3928 2853 4009 περὶ
2895 3932 3013 3990 τῶν
3064 3932 3347 4006 νοητικῶν
3397 3927 3809 4004 ὑποστάσεων,
3855 3943 3989 4010 aut,
4029 3929 4081 3995 si

2387 4030 2588 4096 solum
2616 4030 2980 4112 ὑποβάσεων
3008 4029 3299 4094 vitiosum
3329 4053 3460 4095 esse
3487 4029 3738 4095 credere
3767 4031 4079 4112 malueris,

2388 4131 2814 4211 statuendum,
2876 4131 3172 4197 Proclum
3229 4132 3460 4198 librum
3520 4133 3713 4220 hujus
3762 4135 4084 4200 Enneadis

2385 4235 2661 4324 primum
2706 4234 3069 4323 respexisse,
3100 4236 3235 4317 περὶ
3275 4241 3393 4300 τῶν
3428 4241 3603 4317 τριῶν
3638 4237 3898 4321 ἆρχικῶν
3940 4241 4084 4303 ὑπο-

2388 4339 2682 4403 στάσεων.
2777 4337 2904 4402 Sed
2934 4337 3076 4401 vide
3105 4352 3335 4416 tamen,
3357 4361 3502 4425 quae
3530 4339 3965 4405 annotavimus
3991 4341 4085 4405 in-
4111 4367 4143 4384 τ

2386 4442 2484 4506 fra
2510 4441 2592 4506 ad
2634 4464 2698 4528 p.
2730 4461 2882 4527 501.
2913 4443 3003 4505 A.
3034 4464 3086 4504 c.
3118 4441 3236 4504 VI.
3331 4441 3412 4504 In
3454 4441 3894 4528 compendium
3934 4443 4081 4509 red-

2387 4544 2517 4631 egit
2545 4544 2715 4609 hunc
2759 4543 2989 4608 librum
3032 4541 3264 4607 Plotini
3306 4543 3692 4631 Porphyrius
3720 4544 3782 4608 in
3818 4546 4081 4611 Senten-

2391 4647 2489 4713 tiis
2532 4672 2640 4736 ap.
2692 4648 2864 4712 Stob.
2912 4646 2976 4711 in
3031 4644 3295 4733 Eclogg.
3359 4647 3415 4710 I.
3463 4667 3572 4731 51.
3619 4669 3685 4733 p.
3719 4648 4082 4732 778—784.

2388 4751 2586 4813 Heer.
2617 4762 2680 4813 et
2709 4748 2774 4813 in
2805 4748 2934 4813 Ed.
2967 4746 3330 4834 Cantabrig.
3361 4770 3416 4812 c.
3451 4747 3597 4811 XV.
3631 4770 3696 4835 p.
3718 4767 4083 4834 222-224,

2389 4852 2650 4940 Anglice
2693 4852 2879 4917 vertit
2924 4852 3092 4916 hunc
3138 4850 3388 4916 tertium
3449 4849 3682 4914 librum
3729 4852 3970 4939 Taylor
4019 4855 4084 4919 in

2391 4956 2598 5022 Select
2624 4954 2865 5021 Works
2907 4955 2983 5020 of
3020 4953 3308 5019 Plotinus
3349 4976 3414 5041 p.
3441 4971 3589 5033 402.
3621 4976 3796 5040 sqq.:
3847 4957 3948 5021 On
3979 4957 4086 5022 the

2395 5057 2660 5124 Gnostic
2693 5061 2803 5144 (?)
2854 5059 3265 5146 Hypostases,
3296 5054 3423 5120 and
3461 5056 3598 5121 that
3643 5055 3841 5121 which
3880 5057 3932 5123 is
3974 5058 4086 5124 be-

2390 5160 2565 5250 yond
2594 5161 2789 5227 them.

2477 5288 2544 5353 p.
2576 5285 2725 5352 923,
2765 5283 2861 5331 12.
2908 5262 2987 5331 ‘O
3042 5268 3106 5330 δὲ
3154 5267 3290 5332 νοῦς
3330 5266 3553 5329 τούτων
3598 5267 3821 5346 γνῶσιν
3870 5263 4086 5349 ἔχει-

2392 5367 2743 5451 σκέψασθαι
2771 5366 3083 5452 προσήκει]
3133 5365 3525 5431 Addendum
3557 5364 3806 5430 videtur
3849 5369 3904 5432 εἰ
3943 5385 4086 5456 post

2392 5474 2548 5538 νοῦς.

2462 5580 2512 5630 Ο
2551 5584 2594 5631 Ο
