5118 6613
1149 601 1267 645 112

1146 752 1284 818 loco
1312 774 1371 840 p.
1405 767 1545 835 151.
1581 747 1753 835 Sylb.
1785 747 1918 811 haec
1948 745 2245 833 leguntur
2262 747 2509 809 ι-ὅθεν
2538 747 2572 808 ὁ
2611 752 2831 827 σοφισ-

1147 855 1305 922 τικὸς
1334 855 1585 937 ἔλεγχος
1613 853 1862 934 ἐγίνετο,
1895 850 1986 913 ὅτι
2014 849 2120 912 οὐκ
2151 849 2308 931 ἔχων
2335 873 2421 915 τις
2453 847 2563 928 τὴν
2594 847 2830 927 ἐπιστή-

1145 983 1281 1039 μην,
1310 955 1544 1035 ποιήσει
1588 955 1656 1019 οὗ
1698 955 1735 1033 ἡ
1781 952 2084 1032 ἐπιστήμη·
2141 949 2462 1031 (nimirum
2500 949 2564 1013 in
2609 972 2835 1036 praece-

1147 1059 1440 1124 dentibus
1468 1056 1744 1121 dixerat:
1793 1057 1825 1119 ὀ
1854 1053 2169 1133 μανθάνων
2199 1055 2507 1136 κιθαρίζειν
2530 1054 2834 1135 κιθαρίζων

1147 1161 1433 1242 μανθάνει
1479 1158 2002 1240 κιθαρίζειν)-καὶ
2042 1155 2149 1220 τὸν
2189 1154 2568 1236 μανθάνοντα
2607 1154 2833 1237 ἀνάγκη

1149 1266 1313 1348 ἔχειν
1341 1290 1397 1327 τι
1424 1267 1525 1342 τῆς
1553 1260 1870 1340 ἐπιστήμης
1896 1262 2055 1325 ἴσως.
2149 1259 2272 1322 Sed
2311 1271 2478 1323 totus
2519 1256 2624 1321 ille
2660 1256 2833 1321 locus

1147 1365 1559 1432 Aristoteleus
1606 1386 1751 1428 cum
1801 1362 1917 1426 hoc
1964 1360 2122 1425 libro
2168 1360 2520 1425 Plotiniano
2569 1358 2831 1424 conferri

1145 1470 1350 1535 debet.
1440 1469 1543 1532 De
1573 1465 1741 1531 varia
1770 1479 1980 1529 autem
2008 1478 2312 1550 potestate
2341 1485 2565 1527 vocum
2596 1464 2832 1542 δύναμις

1143 1587 1207 1638 81
1250 1572 1489 1653 δυνάμει
1522 1567 1771 1635 consule
1814 1566 2170 1632 Fabricium
2223 1581 2287 1630 et
2326 1567 2414 1629 H.
2439 1563 2827 1653 Stephanum

1144 1677 1225 1741 ad
1258 1678 1429 1741 Sext.
1464 1672 1708 1760 Empir.
1741 1695 1808 1759 p.
1838 1691 1904 1752 4.
1935 1683 1998 1734 et
2026 1693 2092 1757 p.
2127 1688 2272 1756 203.
2306 1692 2399 1755 sq.

1227 1802 1294 1868 p.
1322 1797 1474 1865 314,
1501 1793 1598 1861 15.
1628 1773 2076 1862 Ἀριστοτέλης]
2110 1774 2211 1837 Ι)8
2240 1770 2416 1837 Caelo
2447 1771 2503 1835 Ι.
2535 1790 2603 1857 3.
2637 1772 2737 1836 II.
2761 1791 2823 1858 3.

1140 1882 1224 1947 cf.
1258 1903 1448 1968 supra
1474 1901 1542 1966 p.
1574 1894 1679 1963 97.
1710 1878 1799 1941 D.
1831 1875 1982 1963 ibiq.
2014 1876 2246 1939 Annot.
2278 1890 2466 1938 nostr.

1225 2008 1291 2072 p.
1320 1999 1470 2069 315,
1495 2001 1594 2067 15.
1624 1981 1872 2061 ἑκείνηὴ
1901 1981 2079 2062 φύσις
2106 1980 2399 2061 ἄγρυπνος
2428 1976 2610 2064 εἶναι]
2641 1976 2824 2041 Plato

1143 2088 1388 2154 Timaeo
1419 2110 1479 2174 p.
1511 2104 1617 2171 52.
1648 2107 1712 2171 p.
1747 2084 1851 2162 64.
1883 2081 2111 2146 Bekk.:
2159 2086 2341 2145 ταῦτα
2383 2081 2453 2159 δὴ
2495 2079 2689 2144 πάντα
2730 2081 2824 2144 καὶ

1136 2194 1359 2255 τούτων
1387 2187 1523 2254 ἀλλ’
1556 2190 1792 2270 ἀδελφὰ
1821 2187 1916 2249 καὶ
1940 2185 2075 2267 περὶ
2100 2184 2208 2265 τὴν
2231 2185 2455 2248 ἆῦπνον
2476 2184 2572 2247 καὶ
2593 2185 2824 2264 ἀληθῶς

1136 2296 1321 2376 φύσιν
1370 2292 1758 2374 ὑπάρχουσαν
1796 2287 1909 2353 ὑπὸ
1956 2290 2166 2368 ταύτης
2209 2291 2310 2366 τῆς
2356 2287 2707 2368 όνειρῶξεως
2751 2287 2820 2351 οὐ

1135 2396 1372 2461 δυνατοὶ
1413 2395 1739 2477 γιγνόμεθα
1778 2390 2117 2473 ἐγερθέντες
2153 2391 2530 2471 διοριζόμενοι
2568 2390 2820 2469 τάληθὲς

1131 2498 1356 2581 λέγειν.
1448 2498 1653 2575 Quam
1692 2493 2020 2579 imaginem
2061 2491 2166 2556 alii
2200 2515 2454 2579 quoque
2496 2490 2816 2569 adhibent,

1137 2615 1206 2665 ut
1277 2599 1542 2665 Lucian.
1606 2598 1669 2661 in
1747 2595 2143 2661 Hermotimo
2214 2619 2266 2659 c.
2328 2615 2381 2658 1.
2441 2593 2814 2682 Alciphron.

1133 2702 1399 2791 Epistol.
1444 2702 1580 2765 III.
1622 2702 1725 2785 38.
1772 2699 1880 2764 ubi
1919 2698 2048 2763 vid.
2091 2699 2392 2784 Interprr.
2454 2697 2558 2761 Cf.
2600 2698 2815 2762 Nostr.

1131 2806 1337 2894 ipsum
1385 2805 1525 2868 111.
1575 2806 1637 2867 6.
1682 2805 1742 2867 6.
1790 2825 1857 2889 p.
1898 2822 2052 2887 310.
2095 2804 2183 2866 A.
2235 2815 2295 2864 et
2347 2800 2481 2864 III.
2530 2800 2589 2863 8.
2635 2820 2695 2884 3.
2743 2823 2808 2887 p.

1130 2923 1279 2994 345.
1334 2905 1416 2971 F.
1508 2905 1688 2970 Prior
1732 2920 1938 2970 autem
1994 2903 2169 2967 locus
2222 2902 2461 2989 integer
2511 2925 2655 2966 cum
2700 2924 2810 2966 no-

1129 3025 1259 3076 stro
1296 3008 1583 3097 componi
1625 3006 1831 3072 debet.
1919 3006 2117 3071 Plura
2172 3005 2336 3070 dabo
2392 3004 2553 3069 infra
2609 3003 2685 3069 ad
2742 3028 2808 3093 p.

1173 3131 1277 3195 07.
1313 3114 1397 3177 G.

1127 3134 1167 3201 3
1213 3238 1278 3304 p.
1311 3215 1460 3300 316,
1489 3228 1552 3298 5.
1582 3216 1677 3277 Τὰ
1720 3214 1831 3292 μὲν
1876 3213 1981 3276 οὖν
2016 3213 2178 3276 ἄλλα
2219 3210 2441 3295 πάντα]
2479 3210 2580 3274 Cf.
2616 3211 2715 3274 II.
2746 3232 2810 3292 4.

1136 3341 1234 3386 10.
1271 3319 1414 3383 111.
1443 3319 1504 3393 6,
1538 3334 1598 3400 7.
1641 3339 1774 3403 sqq.
1826 3316 1945 3380 VI.
1977 3336 2032 3379 1.
2076 3334 2178 3398 27.
2256 3315 2418 3378 Haec
2462 3313 2813 3379 Plotiniana

1126 3422 1353 3512 partim
1394 3436 1468 3486 ut
1511 3418 1822 3507 ingeniose
1861 3417 2210 3505 excogitata
2245 3416 2548 3494 dilaudat,
2583 3416 2810 3505 partim

1125 3539 1199 3592 ut
1243 3527 1422 3590 firmo
1464 3524 1873 3588 fundamento
1909 3543 2033 3585 non
2082 3519 2242 3585 fulta
2286 3519 2559 3583 refutare
2603 3519 2811 3585 studet

1132 3630 1540 3695 Tiedemwnn.
1563 3625 1625 3691 in
1649 3626 1824 3690 Geiat
1843 3625 1956 3689 der
1974 3625 2395 3712 spemdativeu
2417 3623 2814 3709 Philosopkie

1126 3734 1263 3799 III.
1298 3755 1360 3820 p.
1396 3732 1539 3816 296.
1589 3753 1721 3817 sqq.
1770 3727 1949 3793 Idem
1994 3726 2265 3815 plurima
2304 3725 2368 3790 in
2409 3725 2508 3790 his
2549 3725 2812 3791 decretis

1125 3834 1405 3902 Cabbala
1425 3844 1774 3920 'congruere
1801 3831 1971 3897 dicit.

1207 3961 1270 4025 p.
1300 3938 1453 4022 318,
1486 3936 1547 3999 8.
1574 3936 1643 3998 τὸ
1688 3936 1903 4015 ἀληθὲς
1946 3934 2147 4017 ἔχοντι
2186 3935 2252 3997 ἐν
2281 3935 2360 4019 τῷ
2402 3933 2482 4012 μὴ
2517 3931 2672 4016 ὄντι]
2710 3930 2805 3995 Si·

1123 4040 1291 4106 milia
1318 4038 1558 4128 profert
1580 4035 1954 4101 Theodorus
1984 4034 2335 4100 Metochita
2362 4057 2496 4121 cap.
2527 4034 2645 4107 υιά,
2675 4034 2809 4117 περὶ

1123 4149 1224 4224 τῆς
1253 4145 1400 4207 κατὰ
1426 4141 1533 4220 τὴν
1560 4142 1710 4218 ὕλην
1738 4142 1806 4218 τῇ
1846 4142 2152 4220 γεννητικῇ
2196 4139 2378 4220 φύσει
2422 4139 2803 4219 ἐναντιοπρα-

1121 4250 1272 4331 γίας,
1305 4243 1416 4309 ubi
1453 4241 1534 4307 ad
1575 4239 1937 4307 sententiam
1982 4262 2154 4304 suam
2199 4239 2632 4304 declarandam
2663 4241 2804 4303 Eu·

1120 4349 1239 4438 ripi
1271 4345 1539 4412 Euboici
1577 4358 1864 4409 naturam
1906 4357 2221 4430 comparat
2251 4365 2318 4429 p.
2346 4345 2494 4427 584.
2528 4365 2653 4428 sq.:
2702 4342 2808 4406 τὸν

1122 4451 1303 4519 αὐτὸν
1345 4449 1555 4530 ἀμέλει
1590 4449 1809 4530 τρόπον
1846 4447 1940 4511 καὶ
1986 4450 2060 4510 τὰ
2100 4449 2201 4525 τῆς
2239 4449 2565 4524 σωματικῆς
2599 4445 2804 4511 οὐσίας

1121 4560 1222 4636 τῆς
1262 4557 1404 4633 ζωῆς
1444 4554 1719 4634 ῥεύματα»
1754 4552 1817 4629 ²2²
1852 4548 2071 4629 ἀδήλου
2110 4549 2217 4627 Τὴν
2246 4548 2436 4631 ἀρχὴν
2464 4548 2559 4612 καὶ
2592 4552 2697 4612 τοῦ
2723 4548 2802 4626 μὴ

1122 4660 1293 4724 ὄντος
1319 4657 1610 4735 λαβόντα,
1641 4658 1827 4736 χωρεῖ
1858 4650 1977 4716 κατ’
2010 4653 2239 4733 ὀλίγον,
2273 4652 2369 4714 καὶ
2404 4652 2638 4732 πρόεισι
2679 4655 2806 4717 ταῖς

1120 4761 1369 4841 ἡλικίαις
1397 4758 1666 4836 αὔξοντα,
1700 4756 2098 4833 τελειούμενα,
2131 4752 2527 4831 καθιστάμενα
2564 4752 2709 4835 πρὸς
2735 4752 2803 4816 τὸ

1120 4862 1304 4945 πέρας
1344 4867 1462 4924 τῶν
1489 4861 1718 4940 δρόμων
1745 4862 1845 4937 τῆς
1886 4859 2140 4939 φύσεως,
2188 4859 2270 4923 εἰς
2312 4857 2462 4919 ὅσον
2506 4854 2583 4919 ἂν
2627 4857 2799 4919 ἱκνεῖ-

1124 4970 1265 5030 σθαι
1292 4961 1900 5045 ὅρισται-κατιοῦσα
1931 4958 2147 5021 λοιπὸν
2177 4960 2258 5024 εἷς
2301 4955 2482 5034 αὐτὴν
2509 4956 2618 5035 τὴν
2643 4957 2802 5037 πρῶ-

1120 5093 1228 5148 την
1271 5065 1460 5149 ἀρχὴν
1501 5062 1682 5144 πέρας
1723 5059 2081 5145 γιγνομένην
2124 5064 2195 5138 τῇ
2244 5060 2512 5145 περιόδῳ,
2562 5059 2657 5123 καὶ
2697 5059 2805 5138 τὴν

1122 5169 1586 5247 ἀποτελεύτησιν
1614 5169 1696 5232 εἰς
1721 5165 1789 5229 τὸ
1821 5164 1901 5243 μὴ
1939 5161 2029 5238 ὃν,
2062 5163 2158 5225 καὶ
2194 5164 2406 5228 ταύτας
2447 5160 2517 5240 δὴ
2554 5165 2659 5228 τὰς
2700 5166 2804 5225 τοῦ

1123 5275 1391 5352 σώματος
1417 5268 1760 5349 παλιῤῥοίας
1789 5270 1935 5330 κατὰ
1967 5265 2036 5329 τὸ
2073 5268 2174 5344 τῆς
2213 5263 2504 5344 θαλάττης
2548 5265 2647 5327 ἐπὶ
2686 5271 2802 5329 τῶν

1122 5379 1223 5456 τῆς
1245 5374 1507 5455 Εὐβοίας
1534 5376 1761 5435 στενῶν
1787 5372 2105 5452 τερατῶδες
2134 5368 2227 5432 καὶ
2266 5366 2489 5446 ξενίζον
2520 5368 2616 5432 καὶ
2645 5367 2797 5432 σπά-

1124 5503 1252 5543 νιον
1289 5476 1479 5557 θέαμα
1530 5476 1677 5539 κατὰ
1717 5471 1910 5554 πάσης
1950 5471 2156 5538 οὐσίας
2194 5471 2356 5547 ζώων
2399 5470 2494 5535 καὶ
2533 5471 2805 5551 βιώσεως

1123 5581 1397 5647 ὥσαιῆυς
1423 5579 1554 5643 ἐστὶ
1581 5579 1837 5660 καθσρᾷν
1869 5602 1923 5639 κ.
1946 5600 2003 5638 τ.
2025 5580 2088 5637 λ.

2102 570 2938 638 ANNOTATIONES
3005 573 3121 636 IN
3185 572 3644 637 PLOTINI

3003 870 3067 934 p.
3084 866 3234 932 323,
3256 867 3314 930 7.
3350 851 3540 910 ΠΕΡΙ
3571 852 3870 912 ΟΤΣΙΑΣ
3903 852 4041 912 ΚΑΙ
4074 854 4597 943 ΠΟΙΟΤΗΤΟΣ]

2919 950 3113 1014 Liber
3168 949 3445 1013 decimus
3499 949 3816 1036 septimuS,
3865 949 3970 1013 sed
4021 967 4394 1036 argumento
4452 979 4602 1021 con-

2907 1052 3168 1139 junctus
3193 1075 3335 1117 cum
3366 1051 3460 1140 iis,
3489 1052 3601 1139 qui
3628 1051 3691 1117 111
3732 1052 3848 1117 hac
3878 1053 4181 1117 Enneade
4213 1057 4596 1143 praecedunt.

2921 1156 3289 1221 Inscribitur
3330 1171 3541 1219 autem
3570 1153 3756 1219 varie.
3828 1156 3907 1219 In
3951 1156 4307 1244 Porphyrio
4346 1157 4427 1224 de
4456 1159 4602 1226 Vita

2917 1258 3083 1323 Plot.
3113 1283 3168 1322 c.
3197 1281 3261 1340 4.
3305 1257 3496 1322 editio
3534 1272 3774 1322 tantum
3827 1259 4138 1345 agnoscit:
4185 1263 4321 1343 περὶ
4369 1264 4602 1343 ποιότη-

2915 1387 3044 1429 τσςε
3092 1362 3292 1449 capite
3319 1377 3526 1426 autem
3562 1382 3659 1442 24.
3690 1361 3906 1425 eadem
3935 1360 4156 1427 habet:
4204 1365 4338 1445 περὶ
4365 1368 4599 1448 ποιότη-

2914 1490 3014 1531 τος
3059 1466 3154 1530 καὶ
3203 1468 3408 1532 εἴδους.
3497 1464 3713 1528 Nostri
3762 1463 3904 1528 libri
3950 1464 4171 1530 titulus
4207 1465 4273 1530 111
4312 1466 4463 1531 edit.
4493 1491 4599 1533 ex-

2914 1567 3119 1631 hibet:
3167 1569 3301 1649 περὶ
3350 1568 3555 1634 οὐσίας
3606 1568 3701 1630 καὶ
3741 1569 4080 1647 ποιότητοςτ
4130 1567 4271 1632 libri
4317 1569 4592 1658 aliquot:

2911 1671 3046 1753 περὶ
3075 1671 3277 1737 οὐσίας
3302 1668 3339 1749 ἢ
3366 1671 3500 1751 περὶ
3539 1671 3861 1750 ποιότητος.
3958 1671 4339 1735 Vocabulum
4385 1690 4594 1739 autem

2912 1773 3117 1840 οὐσίας
3148 1773 3279 1859 jam
3315 1771 3548 1837 Italicis
3574 1772 3788 1860 priscis
3824 1771 4208 1860 philosophis
4249 1791 4490 1855 notum,
4521 1792 4593 1842 ut

2910 1875 3214 1964 Archytae
3241 1899 3345 1963 ap.
3378 1875 3549 1940 Stob.
3583 1874 3844 1961 Eclogg.
3881 1876 3931 1939 l.
3960 1896 4067 1961 43.
4092 1900 4156 1964 p.
4190 1891 4332 1959 712.
4367 1881 4586 1946 Heer.:

2910 1979 3003 2043 καὶ
3047 1979 3114 2041 τὸ
3160 1977 3284 2042 καθ’
3325 1980 3447 2064 ὅλῳ
3490 1979 3672 2045 ὦσίας
3708 2004 3775 2043 τε
3819 1978 3914 2042 καὶ
3958 1982 4143 2046 εἴδεος
4184 1983 4591 2063 μεταδίδομεν.

2909 2080 3161 2146 Ocellus
3191 2080 3342 2146 ibid.
3373 2104 3435 2168 p.
3462 2100 3640 2161 424.:
3689 2081 3728 2146 ά
3755 2107 3821 2145 τε
3846 2084 3966 2161 μὰν
3993 2082 4146 2146 ὦσία
4174 2089 4292 2147 τῶν
4317 2086 4585 2170 πραγμά-

2906 2210 3023 2249 των
3075 2184 3403 2264 ἀνέκβατσς
3452 2185 3548 2249 καὶ
3603 2184 4035 2264 ἀμετάβλατος.
4125 2187 4328 2264 Quem
4385 2186 4590 2252 locum

2905 2301 3049 2351 ante
3089 2286 3301 2351 oculos
3343 2286 3563 2351 habuit
3603 2287 3786 2351 Plato
3826 2286 3887 2350 in
3934 2287 4194 2375 Cratylo
4231 2312 4291 2374 p.
4322 2309 4473 2371 401.
4508 2293 4588 2357 C.

2907 2389 3016 2455 ubi
3063 2389 3243 2453 simul
3297 2389 3577 2454 bifariam
3628 2391 3832 2457 οὐσίας
3873 2403 4124 2477 etymon
4173 2393 4584 2480 persequitur.

2904 2494 3227 2573 Ποιότητος
3251 2516 3463 2557 vocem
3494 2491 3745 2556 novavit
3771 2492 4012 2579 primus
4034 2492 4237 2559 Plato.
4291 2496 4397 2561 Ita
4422 2496 4587 2561 enim

2906 2595 3155 2660 Theaet.
3186 2619 3249 2683 p.
3284 2597 3426 2660 182.
3455 2619 3512 2659 a.
3535 2594 3715 2663 Ἴσως
3750 2597 3855 2659 οὖν
3883 2598 3919 2676 ἡ
3956 2599 4194 2677 ποιότης
4235 2599 4357 2678 ἅμα
4399 2601 4584 2664 ἀλλό-

2904 2700 3075 2762 κοτόν
3103 2724 3167 2763 τε
3208 2699 3483 2781 φαίνεται
3523 2700 3729 2777 ὄνομα,
3764 2700 3859 2762 καὶ
3901 2700 3971 2763 οὐ
4011 2700 4328 2780 μανθάνεις
4368 2704 4586 2784 ἀθρόον

2899 2804 3246 2883 λεγόμενον.
3290 2800 3485 2865 Unde
3509 2800 3728 2866 Cicero
3751 2801 3988 2866 Acadd.
4017 2803 4073 2866 1.
4098 2823 4160 2885 7.
4187 2806 4317 2870 26.:
4353 2812 4399 2845 “
4417 2807 4585 2880 Qua-

2896 2905 3104 2967 litates·
3130 2903 3322 2990 igitur
3346 2902 3675 2992 appellavi,
3705 2927 3862 2992 quas
3888 2908 4198 2986 ποιότητας
4237 2907 4446 2972 Graeci
4473 2932 4581 2973 vo-

2898 3019 3074 3070 cant:
3122 3007 3293 3093 quod
3339 3006 3542 3094 ipsum
3594 3006 3767 3094 apud
3820 3009 4073 3073 Graecos
4113 3032 4234 3073 non
4282 3024 4377 3076 est
4410 3010 4584 3099 vulgi

2896 3109 3181 3185 verbum,
3240 3109 3348 3173 sed
3402 3109 3976 3199 philosophorum.”
4065 3111 4165 3176 Cf.
4233 3113 4439 3179 Schol.
4501 3114 4581 3179 ad

2898 3210 3140 3276 Platon.
3171 3211 3215 3275 l.
3240 3212 3282 3277 1.
3319 3212 3659 3277 Ruhnken.
3699 3213 3779 3278 ad
3813 3214 3985 3278 Tim.
4018 3216 4178 3280 Lex.
4229 3215 4473 3282 Platon.
4513 3241 4577 3306 p.

2900 3334 3003 3394 24.
3048 3331 3111 3380 81
3152 3316 3487 3381 Heindorf.
3531 3316 3610 3381 ad
3647 3317 3887 3382 Theaet.
3919 3317 4026 3382 1.1.
4057 3342 4119 3406 p.
4149 3339 4300 3406 423.
4347 3320 4583 3406 Dispu-

2897 3419 3068 3482 tandi
3096 3435 3304 3484 autem
3334 3442 3543 3484 ansam
3588 3420 3992 3508 praebuerunt
4022 3421 4275 3486 Plotino
4305 3422 4582 3488 Platonis

2896 3519 3012 3585 loci
3040 3538 3103 3585 et
3123 3521 3357 3587 laudati
3380 3534 3443 3587 et
3465 3521 3590 3600 alii,
3611 3522 3675 3587 in
3697 3522 3793 3586 his
3820 3523 3921 3587 hic
3948 3523 4013 3587 in
4035 3524 4337 3612 Epistolis
4355 3527 4576 3613 (VII.)

2899 3646 2958 3708 p.
2988 3644 3140 3709 343.
3171 3649 3232 3711 p.
3263 3628 3413 3711 463.
3454 3624 3685 3690 Bekk.:
3734 3626 3802 3690 τὸ
3847 3628 3913 3690 δὲ
3954 3626 4259 3709 μέγιστον,
4304 3631 4452 3711 ὅπερ
4496 3633 4577 3695 εἴ·

2895 3752 3085 3807 πσμεν
3126 3729 3337 3810 ὀλίγον
3377 3728 3730 3810 ἔμπροσθεν,
3779 3731 3869 3793 ὅτι
3911 3734 4073 3795 δυοῖν
4107 3732 4324 3805 ὄντοιν,
4370 3737 4477 3797 τοῦ
4510 3758 4577 3798 τε

2895 3831 3066 3897 ὄντος
3109 3832 3203 3894 καὶ
3243 3836 3349 3895 τοῦ
3387 3835 3561 3897 ποιοῦ
3600 3857 3776 3906 τινος,
3806 3833 3876 3896 οὐ
3904 3832 3972 3896 τὸ
4010 3834 4182 3897 ποιόν
4211 3859 4286 3907 τι,
4316 3833 4386 3897 τὸ
4426 3837 4492 3900 δὲ
4519 3836 4581 3899 τί

2892 3935 3171 4014 ζητούσης
3214 3934 3432 3999 εἰδέναι
3467 3937 3569 4013 τῆς
3604 3938 3822 4018 ψυχῆς,
3852 3934 3920 3998 τὸ
3949 3935 4027 4015 μὴ
4055 3938 4407 4016 ζητούμενον
4436 3938 4572 4003 ἔκα-

2893 4060 3039 4100 στσν
3067 4042 3185 4100 τῶν
3209 4036 3501 4118 τεττάρων
3525 4042 3836 4119 προτεῖνον
3862 4041 3934 4116 τῇ
3961 4042 4129 4121 ψυχῇ
4167 4040 4334 4124 λόγῳ
4374 4065 4442 4104 τε
4480 4042 4577 4106 καὶ

2894 4137 3015 4202 κατ’
3047 4139 3212 4222 ἔργα,
3250 4138 3603 4219 αἰσθήσεσιν
3648 4138 3997 4220 εὐέλεγκτον
4025 4142 4095 4204 τό
4135 4166 4202 4205 τε
4243 4144 4574 4223 λεγόμενον

2893 4242 2989 4305 καὶ
3029 4243 3404 4321 δεικνύμενον
3440 4242 3534 4307 ἀεὶ
3574 4243 3984 4325 παρεχόμενον
4014 4242 4290 4320 ἕκαστον,
4330 4245 4576 4327 ἀπορίας

2890 4368 2957 4406 τε
2996 4344 3090 4407 καὶ
3127 4344 3424 4425 ἀσαφείας
3465 4345 3791 4424 ἐμπίπλησι
3834 4344 4028 4427 πάσης
4069 4347 4146 4413 ὥς
4198 4347 4338 4414 ἔπος
4383 4349 4571 4414 εἰπεῖν

2889 4443 3057 4509 πάντ’
3089 4446 3272 4526 ἄνδρα
3302 4473 3355 4509 κ.
3378 4472 3431 4510 τ.
3453 4454 3516 4511 λ.
3605 4446 3771 4511 Nam
3802 4461 3972 4513 totus
3999 4448 4103 4513 ille
4129 4449 4302 4513 locus
4327 4472 4576 4539 compa-

2887 4544 3120 4608 randus
3160 4559 3270 4609 est.
3359 4546 3703 4625 Qualitates
3743 4563 3954 4613 autem
3988 4548 4378 4637 incorporeas
4418 4574 4567 4629 esse,

2889 4661 3184 4734 tanquam
3244 4647 3521 4713 Platonis
3576 4650 3917 4730 decretum,
3972 4652 4150 4739 ponit
4192 4667 4257 4716 81
4304 4651 4570 4741 explicat

2889 4749 3073 4814 etiam
3124 4749 3428 4815 Alcinous
3475 4751 3556 4816 de
3599 4753 3903 4818 Doctrina
3946 4754 4225 4820 Platonis
4265 4778 4318 4819 c.
4357 4775 4452 4821 11.
4497 4779 4564 4844 p.

2887 4855 3037 4934 481.
3069 4877 3158 4940 sq.
3190 4853 3361 4941 quod
3389 4853 3477 4919 ita
3505 4846 3754 4943 incipit:
3803 4858 3920 4922 Καὶ
3946 4858 4063 4937 μὴν
4094 4858 4189 4922 καὶ
4231 4860 4295 4922 αἱ
4329 4860 4567 4939 ποιότη-

2888 4981 2985 5023 τες
3039 4961 3247 5021 τοῦτσν
3302 4956 3408 5021 τὸν
3454 4960 3676 5040 τρόπον
3730 4958 4065 5025 δεικνύοιντ’
4118 4960 4194 5025 ἂν
4243 4962 4564 5040 ἀσώματοι.

2889 5058 3244 5124 Aristotelis
3285 5058 3366 5123 de
3395 5061 3683 5126 Essentia
3713 5062 3945 5148 (οὐσίᾳ)
3990 5062 4157 5128 haud
4194 5062 4380 5151 pauci
4421 5079 4568 5131 sunt

2888 5160 3004 5226 loci
3045 5185 3184 5227 cum
3230 5161 3296 5226 in
3341 5185 3507 5228 mere
3548 5162 3821 5252 physicis
3859 5164 4052 5245 libris,
4084 5180 4155 5230 ut
4182 5164 4262 5230 de
4294 5167 4570 5232 Genera·-

2887 5262 3053 5328 tione
3080 5278 3143 5329 et
3174 5265 3591 5352 Corruptione
3625 5266 3683 5331 Ι.
3715 5284 3776 5330 2.
3808 5266 3888 5331 de
3938 5268 4138 5331 Sensu
4179 5281 4243 5331 et
4283 5268 4568 5334 Sensibili

2885 5389 2937 5431 c.
2984 5387 3073 5448 4.,
3119 5381 3252 5431 111111
3303 5367 3365 5431 111
3415 5368 3872 5456 metaphysicis,
3917 5382 3989 5433 ut
4035 5370 4154 5435 IV.
4193 5386 4259 5454 5.
4302 5372 4465 5436 VII.
4499 5373 4564 5437 8.

2887 5470 3079 5534 XIV.
3114 5488 3168 5535 2.
3199 5485 3263 5535 et
3286 5490 3375 5556 3.,
3405 5471 3486 5535 de
3520 5470 3936 5550 Qualitatibus
3972 5486 4179 5537 autem
4225 5489 4318 5539 est
4359 5473 4562 5539 classi·

2884 5594 2995 5638 cus
3037 5569 3210 5637 locus
3252 5571 3316 5636 in
3364 5572 3709 5661 Categoriis
3748 5597 3804 5640 c.
3837 5575 3901 5638 6.
3945 5596 4010 5660 p.
4038 5595 4143 5656 40.
4174 5597 4308 5663 sqq.
4359 5575 4563 5664 Sylb.,
