<?xml version="1.0" encoding="UTF-8"?>
<!DOCTYPE html PUBLIC "-//W3C//DTD XHTML 1.0 Transitional//EN"
    "http://www.w3.org/TR/xhtml1/DTD/xhtml1-transitional.dtd">
<html xmlns="http://www.w3.org/1999/xhtml" xml:lang="en" lang="en">
 <head>
  <title>
</title>
<meta http-equiv="Content-Type" content="text/html;charset=utf-8" />
  <meta name='ocr-system' content='tesseract 3.04.00' />
  <meta name='ocr-capabilities' content='ocr_page ocr_carea ocr_par ocr_line ocrx_word'/>
</head>
<body>
  <div class='ocr_page' id='page_1' title='image "./plotinioperaomn00chumgoog_0183.png"; bbox 0 0 5118 6613; ppageno 0'>
   <div class='ocr_carea' id='block_1_1' title="bbox 1344 562 3238 650">
    <p class='ocr_par' dir='ltr' id='par_1_1' title="bbox 1344 562 3238 650">
     <span class='ocr_line' id='line_1_1' title="bbox 1344 562 3238 650; baseline 0.002 -25"><span class='ocrx_word' id='word_1_1' title='bbox 1344 562 1547 627; x_wconf 62' lang='grc' dir='ltr'>[ΑΒ.</span> <span class='ocrx_word' id='word_1_2' title='bbox 1592 562 1709 627; x_wconf 79' lang='lat' dir='ltr'><strong>vl.</strong></span> <span class='ocrx_word' id='word_1_3' title='bbox 1758 562 2214 627; x_wconf 84' lang='lat' dir='ltr'><strong>ENNEAD.</strong></span> <span class='ocrx_word' id='word_1_4' title='bbox 2264 562 2731 627; x_wconf 84' lang='lat' dir='ltr'><strong>TERTIAE.</strong></span> <span class='ocrx_word' id='word_1_5' title='bbox 2773 585 2840 650; x_wconf 88' lang='lat' dir='ltr'>p.</span> <span class='ocrx_word' id='word_1_6' title='bbox 2872 565 3238 650; x_wconf 81' lang='lat'><strong><em>557—560·</em></strong></span> 
     </span>
    </p>
   </div>
   <div class='ocr_carea' id='block_1_2' title="bbox 541 732 2259 5553">
    <p class='ocr_par' dir='ltr' id='par_1_2' title="bbox 564 732 2259 1026">
     <span class='ocr_line' id='line_1_2' title="bbox 565 732 2259 822; baseline -0.002 -21"><span class='ocrx_word' id='word_1_7' title='bbox 565 736 839 801; x_wconf 91' lang='lat' dir='ltr'>locorum</span> <span class='ocrx_word' id='word_1_8' title='bbox 865 749 1103 822; x_wconf 88' lang='lat' dir='ltr'>partem</span> <span class='ocrx_word' id='word_1_9' title='bbox 1136 750 1501 821; x_wconf 83' lang='lat' dir='ltr'>occupatam</span> <span class='ocrx_word' id='word_1_10' title='bbox 1534 758 1670 799; x_wconf 88' lang='lat' dir='ltr'>sero</span> <span class='ocrx_word' id='word_1_11' title='bbox 1700 733 1883 797; x_wconf 85' lang='lat' dir='ltr'>video</span> <span class='ocrx_word' id='word_1_12' title='bbox 1910 734 1992 798; x_wconf 91' lang='lat' dir='ltr'>ab</span> <span class='ocrx_word' id='word_1_13' title='bbox 2020 732 2259 798; x_wconf 89' lang='lat' dir='ltr'>amicis-</span> 
     </span>
     <span class='ocr_line' id='line_1_3' title="bbox 564 837 2253 924; baseline -0.004 -19"><span class='ocrx_word' id='word_1_14' title='bbox 564 838 720 905; x_wconf 86' lang='lat' dir='ltr'>simo</span> <span class='ocrx_word' id='word_1_15' title='bbox 761 837 1019 903; x_wconf 76' lang='lat' dir='ltr'>Jacobs.</span> <span class='ocrx_word' id='word_1_16' title='bbox 1050 837 1129 901; x_wconf 91' lang='lat' dir='ltr'>ad</span> <span class='ocrx_word' id='word_1_17' title='bbox 1161 837 1383 901; x_wconf 89' lang='lat' dir='ltr'>Achill.</span> <span class='ocrx_word' id='word_1_18' title='bbox 1428 839 1575 902; x_wconf 88' lang='lat' dir='ltr'>Tat.</span> <span class='ocrx_word' id='word_1_19' title='bbox 1613 860 1679 924; x_wconf 90' lang='lat' dir='ltr'>p.</span> <span class='ocrx_word' id='word_1_20' title='bbox 1714 838 1860 920; x_wconf 89' lang='lat'><strong><em>787.</em></strong></span> <span class='ocrx_word' id='word_1_21' title='bbox 1895 838 2004 919; x_wconf 93' lang='lat' dir='ltr'>(V.</span> <span class='ocrx_word' id='word_1_22' title='bbox 2045 855 2144 921; x_wconf 86' lang='lat'>13.</span> <span class='ocrx_word' id='word_1_23' title='bbox 2193 859 2253 924; x_wconf 91' lang='lat' dir='ltr'>p.</span> 
     </span>
     <span class='ocr_line' id='line_1_4' title="bbox 573 948 773 1026; baseline -0.015 -18"><span class='ocrx_word' id='word_1_24' title='bbox 573 965 598 1008; x_wconf 83' lang='grc' dir='ltr'>ι</span> <span class='ocrx_word' id='word_1_25' title='bbox 616 948 773 1026; x_wconf 90' lang='lat'><strong>14.).</strong></span> 
     </span>
    </p>

    <p class='ocr_par' dir='ltr' id='par_1_3' title="bbox 541 1044 2258 4405">
     <span class='ocr_line' id='line_1_5' title="bbox 651 1044 2257 1134; baseline -0.002 -25"><span class='ocrx_word' id='word_1_26' title='bbox 651 1070 713 1134; x_wconf 89' lang='lat' dir='ltr'>p.</span> <span class='ocrx_word' id='word_1_27' title='bbox 743 1065 784 1131; x_wconf 80' lang='lat'><em>5</em></span> <span class='ocrx_word' id='word_1_28' title='bbox 788 1066 896 1131; x_wconf 84' lang='lat'>59,</span> <span class='ocrx_word' id='word_1_29' title='bbox 925 1065 987 1122; x_wconf 83' lang='lat'>4.</span> <span class='ocrx_word' id='word_1_30' title='bbox 1034 1045 1163 1108; x_wconf 81' lang='grc' dir='ltr'>οἶον</span> <span class='ocrx_word' id='word_1_31' title='bbox 1209 1044 1351 1122; x_wconf 74' lang='grc' dir='ltr'>δόξα</span> <span class='ocrx_word' id='word_1_32' title='bbox 1403 1044 1497 1107; x_wconf 87' lang='grc' dir='ltr'>καὶ</span> <span class='ocrx_word' id='word_1_33' title='bbox 1541 1045 1906 1124; x_wconf 81' lang='grc' dir='ltr'>ἆνεπίκριτος</span> <span class='ocrx_word' id='word_1_34' title='bbox 1949 1044 2257 1125; x_wconf 77' lang='grc' dir='ltr'>φαντασία</span> 
     </span>
     <span class='ocr_line' id='line_1_6' title="bbox 568 1144 2254 1237; baseline -0.005 -22"><span class='ocrx_word' id='word_1_35' title='bbox 568 1180 616 1217; x_wconf 85' lang='grc' dir='ltr'>κ.</span> <span class='ocrx_word' id='word_1_36' title='bbox 639 1175 691 1215; x_wconf 88' lang='grc' dir='ltr'>τ.</span> <span class='ocrx_word' id='word_1_37' title='bbox 718 1150 817 1237; x_wconf 92' lang='grc' dir='ltr'>λ.]</span> <span class='ocrx_word' id='word_1_38' title='bbox 866 1146 1001 1211; x_wconf 88' lang='lat' dir='ltr'>Fic.</span> <span class='ocrx_word' id='word_1_39' title='bbox 1033 1144 1274 1233; x_wconf 80' lang='lat' dir='ltr'>passive</span> <span class='ocrx_word' id='word_1_40' title='bbox 1301 1146 1557 1232; x_wconf 89' lang='lat' dir='ltr'>accepit,</span> <span class='ocrx_word' id='word_1_41' title='bbox 1592 1153 1635 1184; x_wconf 78' lang='lat'>‘⁶</span> <span class='ocrx_word' id='word_1_42' title='bbox 1665 1146 2010 1209; x_wconf 71' lang='lat' dir='ltr'>indiscreta</span> <span class='ocrx_word' id='word_1_43' title='bbox 2038 1144 2254 1232; x_wconf 85' lang='lat' dir='ltr'>imagi-</span> 
     </span>
     <span class='ocr_line' id='line_1_7' title="bbox 567 1247 2253 1338; baseline -0.004 -20"><span class='ocrx_word' id='word_1_44' title='bbox 567 1253 791 1332; x_wconf 79' lang='lat' dir='ltr'>natio,”</span> <span class='ocrx_word' id='word_1_45' title='bbox 819 1264 882 1315; x_wconf 92' lang='lat' dir='ltr'>et</span> <span class='ocrx_word' id='word_1_46' title='bbox 909 1249 1151 1338; x_wconf 75' lang='lat' dir='ltr'><strong>passive</strong></span> <span class='ocrx_word' id='word_1_47' title='bbox 1180 1264 1520 1334; x_wconf 88' lang='lat' dir='ltr'>usurpatur</span> <span class='ocrx_word' id='word_1_48' title='bbox 1549 1248 1682 1313; x_wconf 86' lang='lat' dir='ltr'>haec</span> <span class='ocrx_word' id='word_1_49' title='bbox 1712 1271 1836 1312; x_wconf 89' lang='lat' dir='ltr'>vox</span> <span class='ocrx_word' id='word_1_50' title='bbox 1866 1247 2253 1335; x_wconf 85' lang='lat' dir='ltr'>saepiuscule.</span> 
     </span>
     <span class='ocr_line' id='line_1_8' title="bbox 567 1351 2257 1440; baseline -0.001 -19"><span class='ocrx_word' id='word_1_51' title='bbox 567 1359 738 1422; x_wconf 88' lang='lat' dir='ltr'>Sext.</span> <span class='ocrx_word' id='word_1_52' title='bbox 790 1353 1032 1440; x_wconf 86' lang='lat' dir='ltr'>Empir.</span> <span class='ocrx_word' id='word_1_53' title='bbox 1089 1351 1314 1440; x_wconf 83' lang='lat' dir='ltr'><strong>Pyrrh.</strong></span> <span class='ocrx_word' id='word_1_54' title='bbox 1365 1353 1609 1438; x_wconf 89' lang='lat' dir='ltr'>Hypot.</span> <span class='ocrx_word' id='word_1_55' title='bbox 1660 1352 1720 1415; x_wconf 92' lang='lat'>1.</span> <span class='ocrx_word' id='word_1_56' title='bbox 1761 1351 1841 1435; x_wconf 89' lang='lat'>98</span> <span class='ocrx_word' id='word_1_57' title='bbox 1869 1375 1883 1414; x_wconf 71' lang='grc' dir='ltr'>ε</span> <span class='ocrx_word' id='word_1_58' title='bbox 1934 1353 2257 1433; x_wconf 78' lang='grc' dir='ltr'>διαφωνίας</span> 
     </span>
     <span class='ocr_line' id='line_1_9' title="bbox 562 1455 2252 1539; baseline -0.002 -15"><span class='ocrx_word' id='word_1_59' title='bbox 562 1461 853 1539; x_wconf 78' lang='grc' dir='ltr'>τοσαύτης</span> <span class='ocrx_word' id='word_1_60' title='bbox 880 1457 1251 1537; x_wconf 83' lang='grc' dir='ltr'>ἆνεπικρίτου</span> <span class='ocrx_word' id='word_1_61' title='bbox 1278 1458 1441 1536; x_wconf 76' lang='grc' dir='ltr'>παρὰ</span> <span class='ocrx_word' id='word_1_62' title='bbox 1483 1461 1604 1521; x_wconf 85' lang='grc' dir='ltr'>τοῖς</span> <span class='ocrx_word' id='word_1_63' title='bbox 1649 1459 2019 1536; x_wconf 77' lang='grc' dir='ltr'>δογματικαῖς</span> <span class='ocrx_word' id='word_1_64' title='bbox 2054 1455 2252 1534; x_wconf 82' lang='grc' dir='ltr'>οὔσης,</span> 
     </span>
     <span class='ocr_line' id='line_1_10' title="bbox 566 1557 2254 1648; baseline -0.002 -23"><span class='ocrx_word' id='word_1_65' title='bbox 566 1560 677 1648; x_wconf 92' lang='lat' dir='ltr'>qui</span> <span class='ocrx_word' id='word_1_66' title='bbox 699 1559 870 1624; x_wconf 84' lang='lat' dir='ltr'>locus</span> <span class='ocrx_word' id='word_1_67' title='bbox 897 1560 1138 1645; x_wconf 83' lang='lat' dir='ltr'>integer</span> <span class='ocrx_word' id='word_1_68' title='bbox 1166 1557 1559 1622; x_wconf 89' lang='lat' dir='ltr'>adhibendus</span> <span class='ocrx_word' id='word_1_69' title='bbox 1587 1572 1697 1621; x_wconf 91' lang='lat' dir='ltr'>est.</span> <span class='ocrx_word' id='word_1_70' title='bbox 1776 1557 1944 1622; x_wconf 92' lang='lat' dir='ltr'>Ibid.</span> <span class='ocrx_word' id='word_1_71' title='bbox 1983 1559 2081 1622; x_wconf 93' lang='lat'><strong>11.</strong></span> <span class='ocrx_word' id='word_1_72' title='bbox 2108 1576 2254 1623; x_wconf 87' lang='lat'><em>210.</em></span> 
     </span>
     <span class='ocr_line' id='line_1_11' title="bbox 565 1659 2256 1748; baseline -0.003 -20"><span class='ocrx_word' id='word_1_73' title='bbox 565 1666 924 1746; x_wconf 80' lang='grc' dir='ltr'>ἁνεπίκριτοι</span> <span class='ocrx_word' id='word_1_74' title='bbox 958 1665 1106 1744; x_wconf 80' lang='grc' dir='ltr'>ὅροι,</span> <span class='ocrx_word' id='word_1_75' title='bbox 1151 1660 1561 1737; x_wconf 77' lang='lat' dir='ltr'>definitioneS,</span> <span class='ocrx_word' id='word_1_76' title='bbox 1590 1684 1735 1747; x_wconf 89' lang='lat' dir='ltr'>quae</span> <span class='ocrx_word' id='word_1_77' title='bbox 1778 1659 2105 1748; x_wconf 89' lang='lat' dir='ltr'>dijudicari</span> <span class='ocrx_word' id='word_1_78' title='bbox 2150 1682 2256 1724; x_wconf 88' lang='lat' dir='ltr'>ne-</span> 
     </span>
     <span class='ocr_line' id='line_1_12' title="bbox 565 1763 2256 1854; baseline -0.001 -23"><span class='ocrx_word' id='word_1_79' title='bbox 565 1783 824 1854; x_wconf 87' lang='lat' dir='ltr'>queunt.</span> <span class='ocrx_word' id='word_1_80' title='bbox 901 1763 1170 1829; x_wconf 88' lang='lat' dir='ltr'>Advers.</span> <span class='ocrx_word' id='word_1_81' title='bbox 1246 1764 1456 1829; x_wconf 90' lang='lat' dir='ltr'>Math.</span> <span class='ocrx_word' id='word_1_82' title='bbox 1520 1765 1618 1829; x_wconf 92' lang='lat'><strong>11.</strong></span> <span class='ocrx_word' id='word_1_83' title='bbox 1689 1784 1828 1828; x_wconf 86' lang='lat'><strong>110.</strong></span> <span class='ocrx_word' id='word_1_84' title='bbox 1890 1767 2256 1846; x_wconf 82' lang='grc' dir='ltr'>ἆνεπίκριτος</span> 
     </span>
     <span class='ocr_line' id='line_1_13' title="bbox 563 1866 2253 1954; baseline -0.002 -20"><span class='ocrx_word' id='word_1_85' title='bbox 563 1871 747 1954; x_wconf 79' lang='grc' dir='ltr'>μάχη.</span> <span class='ocrx_word' id='word_1_86' title='bbox 825 1867 1149 1934; x_wconf 89' lang='lat' dir='ltr'>Scholiast.</span> <span class='ocrx_word' id='word_1_87' title='bbox 1198 1866 1465 1931; x_wconf 90' lang='lat' dir='ltr'>Luciani</span> <span class='ocrx_word' id='word_1_88' title='bbox 1520 1866 1583 1931; x_wconf 93' lang='lat' dir='ltr'>in</span> <span class='ocrx_word' id='word_1_89' title='bbox 1631 1866 2007 1931; x_wconf 89' lang='lat' dir='ltr'>Hermotim.</span> <span class='ocrx_word' id='word_1_90' title='bbox 2056 1869 2112 1950; x_wconf 63' lang='grc' dir='ltr'>ξ.</span> <span class='ocrx_word' id='word_1_91' title='bbox 2141 1883 2253 1952; x_wconf 82' lang='lat'>53.</span> 
     </span>
     <span class='ocr_line' id='line_1_14' title="bbox 543 1970 2253 2059; baseline -0.003 -20"><span class='ocrx_word' id='word_1_92' title='bbox 543 1975 641 2038; x_wconf 87' lang='lat' dir='ltr'>-T.</span> <span class='ocrx_word' id='word_1_93' title='bbox 691 1975 746 2037; x_wconf 92' lang='lat'>1.</span> <span class='ocrx_word' id='word_1_94' title='bbox 791 1996 854 2059; x_wconf 89' lang='lat' dir='ltr'>p.</span> <span class='ocrx_word' id='word_1_95' title='bbox 895 1990 1039 2056; x_wconf 87' lang='lat'><strong>794.</strong></span> <span class='ocrx_word' id='word_1_96' title='bbox 1085 1970 1165 2034; x_wconf 92' lang='lat' dir='ltr'>de</span> <span class='ocrx_word' id='word_1_97' title='bbox 1206 1970 1544 2057; x_wconf 84' lang='lat' dir='ltr'>Scepticis:</span> <span class='ocrx_word' id='word_1_98' title='bbox 1592 1972 2013 2052; x_wconf 79' lang='grc' dir='ltr'>ἀκαταληψίαν</span> <span class='ocrx_word' id='word_1_99' title='bbox 2050 1972 2253 2034; x_wconf 79' lang='grc' dir='ltr'>ἀνεπί-</span> 
     </span>
     <span class='ocr_line' id='line_1_15' title="bbox 566 2072 2253 2160; baseline -0.001 -20"><span class='ocrx_word' id='word_1_100' title='bbox 566 2101 778 2158; x_wconf 87' lang='grc' dir='ltr'>κριτον.</span> <span class='ocrx_word' id='word_1_101' title='bbox 873 2074 993 2137; x_wconf 90' lang='lat' dir='ltr'>Sed</span> <span class='ocrx_word' id='word_1_102' title='bbox 1027 2073 1246 2137; x_wconf 87' lang='lat' dir='ltr'>melius</span> <span class='ocrx_word' id='word_1_103' title='bbox 1289 2072 1479 2160; x_wconf 87' lang='lat' dir='ltr'>hujus</span> <span class='ocrx_word' id='word_1_104' title='bbox 1523 2072 1639 2137; x_wconf 90' lang='lat' dir='ltr'>loci</span> <span class='ocrx_word' id='word_1_105' title='bbox 1683 2073 2046 2138; x_wconf 90' lang='lat' dir='ltr'>sententiam</span> <span class='ocrx_word' id='word_1_106' title='bbox 2087 2097 2253 2138; x_wconf 90' lang='lat' dir='ltr'>asse-</span> 
     </span>
     <span class='ocr_line' id='line_1_16' title="bbox 563 2176 2256 2263; baseline -0.002 -20"><span class='ocrx_word' id='word_1_107' title='bbox 563 2193 747 2243; x_wconf 89' lang='lat' dir='ltr'>cutus</span> <span class='ocrx_word' id='word_1_108' title='bbox 791 2177 1041 2241; x_wconf 82' lang='lat' dir='ltr'>videtur</span> <span class='ocrx_word' id='word_1_109' title='bbox 1088 2176 1215 2240; x_wconf 90' lang='lat' dir='ltr'>Th.</span> <span class='ocrx_word' id='word_1_110' title='bbox 1260 2177 1540 2263; x_wconf 70' lang='lat' dir='ltr'>Taylor:</span> <span class='ocrx_word' id='word_1_111' title='bbox 1585 2178 1652 2240; x_wconf 80' lang='lat' dir='ltr'>It</span> <span class='ocrx_word' id='word_1_112' title='bbox 1694 2179 1753 2240; x_wconf 74' lang='lat' dir='ltr'>is</span> <span class='ocrx_word' id='word_1_113' title='bbox 1799 2177 2047 2240; x_wconf 73' lang='lat' dir='ltr'>evident</span> <span class='ocrx_word' id='word_1_114' title='bbox 2095 2178 2256 2240; x_wconf 75' lang='lat' dir='ltr'>how-</span> 
     </span>
     <span class='ocr_line' id='line_1_17' title="bbox 563 2279 2255 2368; baseline -0.002 -22"><span class='ocrx_word' id='word_1_115' title='bbox 563 2303 731 2360; x_wconf 79' lang='lat' dir='ltr'>ever,</span> <span class='ocrx_word' id='word_1_116' title='bbox 764 2281 901 2345; x_wconf 76' lang='lat' dir='ltr'>that</span> <span class='ocrx_word' id='word_1_117' title='bbox 947 2280 1046 2344; x_wconf 81' lang='lat' dir='ltr'>tlze</span> <span class='ocrx_word' id='word_1_118' title='bbox 1071 2280 1398 2368; x_wconf 72' lang='lat' dir='ltr'>phantasy</span> <span class='ocrx_word' id='word_1_119' title='bbox 1426 2281 1484 2343; x_wconf 77' lang='lat' dir='ltr'>is</span> <span class='ocrx_word' id='word_1_120' title='bbox 1527 2281 1598 2342; x_wconf 75' lang='lat' dir='ltr'>in</span> <span class='ocrx_word' id='word_1_121' title='bbox 1640 2279 1738 2343; x_wconf 72' lang='lat' dir='ltr'>the</span> <span class='ocrx_word' id='word_1_122' title='bbox 1784 2280 1943 2356; x_wconf 72' lang='lat' dir='ltr'>soal,</span> <span class='ocrx_word' id='word_1_123' title='bbox 1975 2279 2115 2343; x_wconf 74' lang='lat' dir='ltr'>both</span> <span class='ocrx_word' id='word_1_124' title='bbox 2156 2279 2255 2343; x_wconf 72' lang='lat' dir='ltr'>the</span> 
     </span>
     <span class='ocr_line' id='line_1_18' title="bbox 541 2381 2256 2470; baseline -0.002 -22"><span class='ocrx_word' id='word_1_125' title='bbox 541 2387 725 2470; x_wconf 77' lang='lat' dir='ltr'>first,</span> <span class='ocrx_word' id='word_1_126' title='bbox 743 2383 938 2446; x_wconf 74' lang='lat' dir='ltr'>which</span> <span class='ocrx_word' id='word_1_127' title='bbox 962 2404 1048 2446; x_wconf 81' lang='lat' dir='ltr'>we</span> <span class='ocrx_word' id='word_1_128' title='bbox 1076 2382 1199 2445; x_wconf 84' lang='lat' dir='ltr'>call</span> <span class='ocrx_word' id='word_1_129' title='bbox 1222 2383 1503 2470; x_wconf 73' lang='lat' dir='ltr'>opinion,</span> <span class='ocrx_word' id='word_1_130' title='bbox 1522 2382 1654 2445; x_wconf 84' lang='lat' dir='ltr'>and</span> <span class='ocrx_word' id='word_1_131' title='bbox 1675 2382 1773 2445; x_wconf 73' lang='lat' dir='ltr'>the</span> <span class='ocrx_word' id='word_1_132' title='bbox 1792 2382 2034 2458; x_wconf 72' lang='lat' dir='ltr'>second,</span> <span class='ocrx_word' id='word_1_133' title='bbox 2061 2381 2256 2445; x_wconf 72' lang='lat' dir='ltr'>which</span> 
     </span>
     <span class='ocr_line' id='line_1_19' title="bbox 563 2486 2254 2572; baseline -0.002 -20"><span class='ocrx_word' id='word_1_134' title='bbox 563 2488 621 2551; x_wconf 69' lang='lat' dir='ltr'>is</span> <span class='ocrx_word' id='word_1_135' title='bbox 650 2487 907 2551; x_wconf 74' lang='lat' dir='ltr'>derived</span> <span class='ocrx_word' id='word_1_136' title='bbox 906 2486 1099 2572; x_wconf 84' lang='lat' dir='ltr'>from</span> <span class='ocrx_word' id='word_1_137' title='bbox 1129 2486 1419 2572; x_wconf 54' lang='lat' dir='ltr'>thesian,</span> <span class='ocrx_word' id='word_1_138' title='bbox 1450 2486 1582 2549; x_wconf 79' lang='lat' dir='ltr'>and</span> <span class='ocrx_word' id='word_1_139' title='bbox 1611 2487 1670 2549; x_wconf 69' lang='lat' dir='ltr'>‘is</span> <span class='ocrx_word' id='word_1_140' title='bbox 1711 2508 1795 2549; x_wconf 84' lang='lat' dir='ltr'>no</span> <span class='ocrx_word' id='word_1_141' title='bbox 1823 2487 2048 2571; x_wconf 77' lang='lat' dir='ltr'>longer</span> <span class='ocrx_word' id='word_1_142' title='bbox 2075 2487 2254 2572; x_wconf 79' lang='lat' dir='ltr'>opin-</span> 
     </span>
     <span class='ocr_line' id='line_1_20' title="bbox 565 2588 2255 2677; baseline -0.001 -23"><span class='ocrx_word' id='word_1_143' title='bbox 565 2591 670 2654; x_wconf 70' lang='lat' dir='ltr'>ion</span> <span class='ocrx_word' id='word_1_144' title='bbox 709 2591 909 2675; x_wconf 75' lang='lat' dir='ltr'>[truly</span> <span class='ocrx_word' id='word_1_145' title='bbox 945 2612 1014 2653; x_wconf 75' lang='lat' dir='ltr'>so</span> <span class='ocrx_word' id='word_1_146' title='bbox 1040 2589 1267 2677; x_wconf 82' lang='lat' dir='ltr'>called]</span> <span class='ocrx_word' id='word_1_147' title='bbox 1300 2590 1409 2653; x_wconf 79' lang='lat' dir='ltr'>but</span> <span class='ocrx_word' id='word_1_148' title='bbox 1436 2592 1495 2652; x_wconf 72' lang='lat' dir='ltr'>is</span> <span class='ocrx_word' id='word_1_149' title='bbox 1533 2598 1911 2652; x_wconf 73' lang='lat' dir='ltr'>con-versant</span> <span class='ocrx_word' id='word_1_150' title='bbox 1942 2588 2091 2651; x_wconf 72' lang='lat' dir='ltr'>with</span> <span class='ocrx_word' id='word_1_151' title='bbox 2120 2589 2255 2652; x_wconf 75' lang='lat' dir='ltr'>that</span> 
     </span>
     <span class='ocr_line' id='line_1_21' title="bbox 565 2691 2252 2779; baseline -0.001 -23"><span class='ocrx_word' id='word_1_152' title='bbox 565 2692 757 2756; x_wconf 76' lang='lat' dir='ltr'>which</span> <span class='ocrx_word' id='word_1_153' title='bbox 774 2696 834 2758; x_wconf 77' lang='lat' dir='ltr'>is</span> <span class='ocrx_word' id='word_1_154' title='bbox 849 2691 1126 2769; x_wconf 77' lang='lat' dir='ltr'>beneath,</span> <span class='ocrx_word' id='word_1_155' title='bbox 1146 2693 1340 2779; x_wconf 73' lang='lat' dir='ltr'>being</span> <span class='ocrx_word' id='word_1_156' title='bbox 1353 2713 1428 2755; x_wconf 75' lang='grc' dir='ltr'>ας</span> <span class='ocrx_word' id='word_1_157' title='bbox 1447 2692 1502 2754; x_wconf 74' lang='lat' dir='ltr'>it</span> <span class='ocrx_word' id='word_1_158' title='bbox 1525 2712 1682 2754; x_wconf 79' lang='lat' dir='ltr'>were</span> <span class='ocrx_word' id='word_1_159' title='bbox 1697 2692 1952 2755; x_wconf 70' lang='lat' dir='ltr'>obscure</span> <span class='ocrx_word' id='word_1_160' title='bbox 1972 2692 2252 2778; x_wconf 73' lang='lat' dir='ltr'>opinion,</span> 
     </span>
     <span class='ocr_line' id='line_1_22' title="bbox 565 2794 2256 2871; baseline -0.002 -11"><span class='ocrx_word' id='word_1_161' title='bbox 565 2819 696 2860; x_wconf 68' lang='grc' dir='ltr'>ΑΜ)</span> <span class='ocrx_word' id='word_1_162' title='bbox 721 2820 811 2860; x_wconf 67' lang='grc' dir='ltr'>ΔΝ</span> <span class='ocrx_word' id='word_1_163' title='bbox 845 2817 1214 2859; x_wconf 69' lang='lat' dir='ltr'>umnnsan</span> <span class='ocrx_word' id='word_1_164' title='bbox 1246 2817 1376 2857; x_wconf 67' lang='lat' dir='ltr'>am&gt;</span> <span class='ocrx_word' id='word_1_165' title='bbox 1410 2817 1579 2857; x_wconf 68' lang='lat' dir='ltr'>nasu</span> <span class='ocrx_word' id='word_1_166' title='bbox 1612 2816 2078 2871; x_wconf 63' lang='lat' dir='ltr'>masma-ron,</span> <span class='ocrx_word' id='word_1_167' title='bbox 2103 2794 2256 2858; x_wconf 74' lang='lat' dir='ltr'>such</span> 
     </span>
     <span class='ocr_line' id='line_1_23' title="bbox 563 2897 2249 2986; baseline -0.003 -22"><span class='ocrx_word' id='word_1_168' title='bbox 563 2922 637 2964; x_wconf 71' lang='lat' dir='ltr'>as</span> <span class='ocrx_word' id='word_1_169' title='bbox 667 2900 766 2964; x_wconf 66' lang='lat' dir='ltr'>tlte</span> <span class='ocrx_word' id='word_1_170' title='bbox 793 2921 1037 2986; x_wconf 69' lang='lat' dir='ltr'>energy</span> <span class='ocrx_word' id='word_1_171' title='bbox 1067 2897 1262 2961; x_wconf 73' lang='lat' dir='ltr'>which</span> <span class='ocrx_word' id='word_1_172' title='bbox 1290 2898 1347 2961; x_wconf 74' lang='lat' dir='ltr'>is</span> <span class='ocrx_word' id='word_1_173' title='bbox 1374 2897 1519 2961; x_wconf 75' lang='lat' dir='ltr'>said</span> <span class='ocrx_word' id='word_1_174' title='bbox 1540 2906 1602 2961; x_wconf 79' lang='lat' dir='ltr'>to</span> <span class='ocrx_word' id='word_1_175' title='bbox 1630 2898 1700 2960; x_wconf 81' lang='lat' dir='ltr'>be</span> <span class='ocrx_word' id='word_1_176' title='bbox 1725 2897 2013 2960; x_wconf 76' lang='lat' dir='ltr'>inherent</span> <span class='ocrx_word' id='word_1_177' title='bbox 2042 2898 2111 2959; x_wconf 73' lang='lat' dir='ltr'>in</span> <span class='ocrx_word' id='word_1_178' title='bbox 2133 2919 2249 2960; x_wconf 84' lang='grc' dir='ltr'>πα-</span> 
     </span>
     <span class='ocr_line' id='line_1_24' title="bbox 563 2999 2258 3088; baseline -0.002 -22"><span class='ocrx_word' id='word_1_179' title='bbox 563 3012 728 3080; x_wconf 78' lang='lat' dir='ltr'>ture,</span> <span class='ocrx_word' id='word_1_180' title='bbox 757 3002 1105 3088; x_wconf 76' lang='lat' dir='ltr'>according</span> <span class='ocrx_word' id='word_1_181' title='bbox 1131 3009 1191 3065; x_wconf 80' lang='lat' dir='ltr'>to</span> <span class='ocrx_word' id='word_1_182' title='bbox 1220 3000 1415 3063; x_wconf 72' lang='lat' dir='ltr'>which</span> <span class='ocrx_word' id='word_1_183' title='bbox 1441 3002 1495 3064; x_wconf 78' lang='lat' dir='ltr'>it</span> <span class='ocrx_word' id='word_1_184' title='bbox 1512 2999 1821 3086; x_wconf 75' lang='lat' dir='ltr'>produces</span> <span class='ocrx_word' id='word_1_185' title='bbox 1848 3020 2038 3086; x_wconf 68' lang='lat' dir='ltr'>every</span> <span class='ocrx_word' id='word_1_186' title='bbox 2068 3000 2258 3088; x_wconf 76' lang='lat' dir='ltr'>thing</span> 
     </span>
     <span class='ocr_line' id='line_1_25' title="bbox 565 3101 2252 3192; baseline -0.002 -22"><span class='ocrx_word' id='word_1_187' title='bbox 565 3105 820 3170; x_wconf 70' lang='lat' dir='ltr'>without</span> <span class='ocrx_word' id='word_1_188' title='bbox 857 3103 1231 3192; x_wconf 49' lang='lat' dir='ltr'>phantasgy?</span> <span class='ocrx_word' id='word_1_189' title='bbox 1320 3103 1399 3166; x_wconf 93' lang='lat' dir='ltr'>In</span> <span class='ocrx_word' id='word_1_190' title='bbox 1451 3101 1743 3166; x_wconf 81' lang='lat' dir='ltr'>extremis</span> <span class='ocrx_word' id='word_1_191' title='bbox 1783 3102 1973 3188; x_wconf 84' lang='lat' dir='ltr'>hujus</span> <span class='ocrx_word' id='word_1_192' title='bbox 2015 3101 2252 3189; x_wconf 88' lang='lat' dir='ltr'>periodi</span> 
     </span>
     <span class='ocr_line' id='line_1_26' title="bbox 564 3204 2251 3295; baseline -0.002 -23"><span class='ocrx_word' id='word_1_193' title='bbox 564 3207 842 3295; x_wconf 85' lang='lat' dir='ltr'>suspicor</span> <span class='ocrx_word' id='word_1_194' title='bbox 870 3232 885 3271; x_wconf 75' lang='grc' dir='ltr'>ε</span> <span class='ocrx_word' id='word_1_195' title='bbox 929 3210 1111 3285; x_wconf 78' lang='grc' dir='ltr'>δῆλον</span> <span class='ocrx_word' id='word_1_196' title='bbox 1135 3207 1211 3270; x_wconf 79' lang='grc' dir='ltr'>ἄν</span> <span class='ocrx_word' id='word_1_197' title='bbox 1227 3232 1307 3291; x_wconf 78' lang='grc' dir='ltr'>τῳ</span> <span class='ocrx_word' id='word_1_198' title='bbox 1329 3208 1554 3288; x_wconf 84' lang='grc' dir='ltr'>γίνοιτο</span> <span class='ocrx_word' id='word_1_199' title='bbox 1577 3204 1615 3268; x_wconf 88' lang='lat' dir='ltr'>i.</span> <span class='ocrx_word' id='word_1_200' title='bbox 1636 3228 1687 3268; x_wconf 92' lang='lat' dir='ltr'>e.</span> <span class='ocrx_word' id='word_1_201' title='bbox 1706 3205 1840 3278; x_wconf 84' lang='grc' dir='ltr'>τινὶ,</span> <span class='ocrx_word' id='word_1_202' title='bbox 1866 3228 1941 3269; x_wconf 85' lang='lat' dir='ltr'>ex</span> <span class='ocrx_word' id='word_1_203' title='bbox 1965 3228 2080 3269; x_wconf 87' lang='lat' dir='ltr'>usu</span> <span class='ocrx_word' id='word_1_204' title='bbox 2103 3204 2251 3269; x_wconf 91' lang='lat' dir='ltr'>Plo-</span> 
     </span>
     <span class='ocr_line' id='line_1_27' title="bbox 565 3305 2252 3396; baseline -0.002 -20"><span class='ocrx_word' id='word_1_205' title='bbox 565 3312 697 3376; x_wconf 83' lang='lat' dir='ltr'>tini.</span> <span class='ocrx_word' id='word_1_206' title='bbox 784 3310 894 3375; x_wconf 91' lang='lat' dir='ltr'>Ad</span> <span class='ocrx_word' id='word_1_207' title='bbox 927 3310 1033 3375; x_wconf 89' lang='lat' dir='ltr'>illa</span> <span class='ocrx_word' id='word_1_208' title='bbox 1054 3310 1246 3374; x_wconf 88' lang='lat' dir='ltr'>verba</span> <span class='ocrx_word' id='word_1_209' title='bbox 1276 3309 1434 3373; x_wconf 92' lang='lat' dir='ltr'>hanc</span> <span class='ocrx_word' id='word_1_210' title='bbox 1462 3305 1920 3372; x_wconf 80' lang='lat' dir='ltr'>annotationem</span> <span class='ocrx_word' id='word_1_211' title='bbox 1962 3309 2252 3396; x_wconf 90' lang='lat' dir='ltr'>apposuit</span> 
     </span>
     <span class='ocr_line' id='line_1_28' title="bbox 565 3413 2253 3503; baseline -0.001 -24"><span class='ocrx_word' id='word_1_212' title='bbox 565 3417 625 3479; x_wconf 86' lang='lat' dir='ltr'>T</span> <span class='ocrx_word' id='word_1_213' title='bbox 628 3414 836 3503; x_wconf 81' lang='lat' dir='ltr'>aylor:</span> <span class='ocrx_word' id='word_1_214' title='bbox 896 3415 1031 3478; x_wconf 74' lang='lat' dir='ltr'>The</span> <span class='ocrx_word' id='word_1_215' title='bbox 1075 3414 1400 3501; x_wconf 71' lang='lat' dir='ltr'>phantasy</span> <span class='ocrx_word' id='word_1_216' title='bbox 1444 3434 1519 3476; x_wconf 88' lang='lat' dir='ltr'>or</span> <span class='ocrx_word' id='word_1_217' title='bbox 1572 3413 2000 3498; x_wconf 70' lang='lat' dir='ltr'>imagination</span> <span class='ocrx_word' id='word_1_218' title='bbox 2045 3414 2102 3476; x_wconf 77' lang='lat' dir='ltr'>is</span> <span class='ocrx_word' id='word_1_219' title='bbox 2152 3413 2253 3477; x_wconf 74' lang='lat' dir='ltr'>the</span> 
     </span>
     <span class='ocr_line' id='line_1_29' title="bbox 562 3515 2252 3606; baseline -0.002 -23"><span class='ocrx_word' id='word_1_220' title='bbox 562 3518 808 3606; x_wconf 69' lang='lat' dir='ltr'>highest</span> <span class='ocrx_word' id='word_1_221' title='bbox 848 3518 936 3602; x_wconf 76' lang='lat' dir='ltr'>qs</span> <span class='ocrx_word' id='word_1_222' title='bbox 958 3518 1058 3580; x_wconf 77' lang='lat' dir='ltr'>the</span> <span class='ocrx_word' id='word_1_223' title='bbox 1085 3518 1344 3603; x_wconf 71' lang='lat' dir='ltr'>gmostic</span> <span class='ocrx_word' id='word_1_224' title='bbox 1389 3515 1735 3578; x_wconf 77' lang='lat' dir='ltr'>irrational</span> <span class='ocrx_word' id='word_1_225' title='bbox 1755 3536 2005 3601; x_wconf 76' lang='lat' dir='ltr'>powers</span> <span class='ocrx_word' id='word_1_226' title='bbox 2048 3516 2137 3600; x_wconf 74' lang='lat' dir='ltr'>of</span> <span class='ocrx_word' id='word_1_227' title='bbox 2152 3516 2252 3579; x_wconf 70' lang='lat' dir='ltr'>tle-e</span> 
     </span>
     <span class='ocr_line' id='line_1_30' title="bbox 561 3618 2250 3686; baseline -0.002 -1"><span class='ocrx_word' id='word_1_228' title='bbox 561 3622 713 3685; x_wconf 74' lang='lat' dir='ltr'>soul.</span> <span class='ocrx_word' id='word_1_229' title='bbox 808 3622 944 3686; x_wconf 74' lang='lat' dir='ltr'>But</span> <span class='ocrx_word' id='word_1_230' title='bbox 983 3620 1107 3683; x_wconf 74' lang='lat' dir='ltr'>tlzis</span> <span class='ocrx_word' id='word_1_231' title='bbox 1135 3621 1207 3681; x_wconf 80' lang='lat' dir='ltr'>in</span> <span class='ocrx_word' id='word_1_232' title='bbox 1236 3621 1319 3683; x_wconf 79' lang='lat' dir='ltr'>its</span> <span class='ocrx_word' id='word_1_233' title='bbox 1347 3620 1604 3682; x_wconf 73' lang='lat' dir='ltr'>summit</span> <span class='ocrx_word' id='word_1_234' title='bbox 1630 3620 1690 3681; x_wconf 72' lang='lat' dir='ltr'>is</span> <span class='ocrx_word' id='word_1_235' title='bbox 1714 3618 1935 3681; x_wconf 79' lang='lat' dir='ltr'>united</span> <span class='ocrx_word' id='word_1_236' title='bbox 1963 3626 2023 3682; x_wconf 80' lang='lat' dir='ltr'>to</span> <span class='ocrx_word' id='word_1_237' title='bbox 2062 3641 2250 3682; x_wconf 72' lang='lat' dir='ltr'>opnv·</span> 
     </span>
     <span class='ocr_line' id='line_1_31' title="bbox 567 3720 2250 3810; baseline -0.001 -24"><span class='ocrx_word' id='word_1_238' title='bbox 567 3747 695 3802; x_wconf 66' lang='lat' dir='ltr'>ron,</span> <span class='ocrx_word' id='word_1_239' title='bbox 725 3748 802 3788; x_wconf 85' lang='lat' dir='ltr'>or</span> <span class='ocrx_word' id='word_1_240' title='bbox 831 3724 966 3788; x_wconf 70' lang='lat' dir='ltr'>that</span> <span class='ocrx_word' id='word_1_241' title='bbox 981 3724 1235 3810; x_wconf 73' lang='lat' dir='ltr'>gnostic</span> <span class='ocrx_word' id='word_1_242' title='bbox 1264 3722 1544 3785; x_wconf 76' lang='lat' dir='ltr'>rational</span> <span class='ocrx_word' id='word_1_243' title='bbox 1558 3742 1777 3807; x_wconf 82' lang='lat' dir='ltr'><em>power</em></span> <span class='ocrx_word' id='word_1_244' title='bbox 1806 3720 2002 3784; x_wconf 74' lang='lat' dir='ltr'>which</span> <span class='ocrx_word' id='word_1_245' title='bbox 2036 3722 2250 3785; x_wconf 75' lang='lat' dir='ltr'>knows</span> 
     </span>
     <span class='ocr_line' id='line_1_32' title="bbox 566 3823 2243 3912; baseline -0.002 -22"><span class='ocrx_word' id='word_1_246' title='bbox 566 3849 746 3890; x_wconf 67' lang='lat' dir='ltr'>rna-r</span> <span class='ocrx_word' id='word_1_247' title='bbox 775 3849 818 3888; x_wconf 87' lang='lat' dir='ltr'>a</span> <span class='ocrx_word' id='word_1_248' title='bbox 862 3825 1052 3912; x_wconf 74' lang='lat' dir='ltr'>thing</span> <span class='ocrx_word' id='word_1_249' title='bbox 1076 3826 1157 3903; x_wconf 76' lang='lat' dir='ltr'>is,</span> <span class='ocrx_word' id='word_1_250' title='bbox 1186 3824 1294 3887; x_wconf 77' lang='lat' dir='ltr'>but</span> <span class='ocrx_word' id='word_1_251' title='bbox 1330 3823 1471 3887; x_wconf 75' lang='lat' dir='ltr'>doe-5</span> <span class='ocrx_word' id='word_1_252' title='bbox 1511 3833 1620 3887; x_wconf 77' lang='lat' dir='ltr'>not</span> <span class='ocrx_word' id='word_1_253' title='bbox 1657 3824 1842 3886; x_wconf 76' lang='lat' dir='ltr'>know</span> <span class='ocrx_word' id='word_1_254' title='bbox 1875 3847 2028 3886; x_wconf 67' lang='grc' dir='ltr'>ινιη·</span> <span class='ocrx_word' id='word_1_255' title='bbox 2055 3824 2107 3887; x_wconf 71' lang='lat' dir='ltr'>it</span> <span class='ocrx_word' id='word_1_256' title='bbox 2145 3824 2243 3894; x_wconf 76' lang='lat' dir='ltr'>is,·</span> 
     </span>
     <span class='ocr_line' id='line_1_33' title="bbox 559 3925 2250 4012; baseline -0.004 -19"><span class='ocrx_word' id='word_1_257' title='bbox 559 3930 690 3993; x_wconf 80' lang='lat' dir='ltr'>and</span> <span class='ocrx_word' id='word_1_258' title='bbox 730 3931 802 3992; x_wconf 73' lang='lat' dir='ltr'>in</span> <span class='ocrx_word' id='word_1_259' title='bbox 839 3930 925 3992; x_wconf 73' lang='lat' dir='ltr'>its</span> <span class='ocrx_word' id='word_1_260' title='bbox 966 3928 1142 3992; x_wconf 75' lang='lat' dir='ltr'>otker</span> <span class='ocrx_word' id='word_1_261' title='bbox 1179 3926 1510 4012; x_wconf 74' lang='lat' dir='ltr'>extremity</span> <span class='ocrx_word' id='word_1_262' title='bbox 1539 3927 1592 3989; x_wconf 73' lang='lat' dir='ltr'>it</span> <span class='ocrx_word' id='word_1_263' title='bbox 1632 3927 1693 3990; x_wconf 71' lang='lat' dir='ltr'>is</span> <span class='ocrx_word' id='word_1_264' title='bbox 1738 3926 2063 4011; x_wconf 65' lang='lat' dir='ltr'>combined</span> <span class='ocrx_word' id='word_1_265' title='bbox 2102 3925 2250 3989; x_wconf 71' lang='lat' dir='ltr'>with</span> 
     </span>
     <span class='ocr_line' id='line_1_34' title="bbox 557 4028 2248 4116; baseline -0.003 -20"><span class='ocrx_word' id='word_1_266' title='bbox 557 4054 754 4097; x_wconf 70' lang='lat' dir='ltr'>sense.</span> <span class='ocrx_word' id='word_1_267' title='bbox 844 4033 935 4097; x_wconf 88' lang='lat' dir='ltr'>So</span> <span class='ocrx_word' id='word_1_268' title='bbox 940 4032 1079 4116; x_wconf 82' lang='lat' dir='ltr'>far</span> <span class='ocrx_word' id='word_1_269' title='bbox 1102 4029 1428 4114; x_wconf 66' lang='lat' dir='ltr'>therqftire,</span> <span class='ocrx_word' id='word_1_270' title='bbox 1459 4050 1533 4092; x_wconf 68' lang='lat' dir='ltr'>as</span> <span class='ocrx_word' id='word_1_271' title='bbox 1562 4033 1614 4092; x_wconf 73' lang='lat' dir='ltr'>it</span> <span class='ocrx_word' id='word_1_272' title='bbox 1643 4030 1701 4092; x_wconf 76' lang='lat' dir='ltr'>is</span> <span class='ocrx_word' id='word_1_273' title='bbox 1729 4028 1949 4092; x_wconf 73' lang='lat' dir='ltr'>united</span> <span class='ocrx_word' id='word_1_274' title='bbox 1978 4037 2040 4092; x_wconf 80' lang='lat' dir='ltr'>to</span> <span class='ocrx_word' id='word_1_275' title='bbox 2065 4029 2248 4114; x_wconf 80' lang='lat' dir='ltr'>opin-</span> 
     </span>
     <span class='ocr_line' id='line_1_35' title="bbox 560 4126 2249 4221; baseline -0.004 -20"><span class='ocrx_word' id='word_1_276' title='bbox 560 4138 689 4213; x_wconf 73' lang='lat' dir='ltr'>ion,</span> <span class='ocrx_word' id='word_1_277' title='bbox 721 4138 776 4200; x_wconf 75' lang='lat' dir='ltr'>it</span> <span class='ocrx_word' id='word_1_278' title='bbox 812 4157 962 4221; x_wconf 74' lang='lat' dir='ltr'>may</span> <span class='ocrx_word' id='word_1_279' title='bbox 990 4135 1063 4197; x_wconf 80' lang='lat' dir='ltr'>be</span> <span class='ocrx_word' id='word_1_280' title='bbox 1090 4132 1236 4196; x_wconf 70' lang='lat' dir='ltr'>said</span> <span class='ocrx_word' id='word_1_281' title='bbox 1264 4142 1325 4196; x_wconf 77' lang='lat' dir='ltr'>to</span> <span class='ocrx_word' id='word_1_282' title='bbox 1353 4133 1423 4195; x_wconf 80' lang='lat' dir='ltr'>be</span> <span class='ocrx_word' id='word_1_283' title='bbox 1454 4131 1553 4195; x_wconf 77' lang='lat' dir='ltr'>the</span> <span class='ocrx_word' id='word_1_284' title='bbox 1585 4126 1762 4195; x_wconf 53' lang='lat' dir='ltr'>‘same</span> <span class='ocrx_word' id='word_1_285' title='bbox 1792 4131 1940 4194; x_wconf 74' lang='lat' dir='ltr'>with</span> <span class='ocrx_word' id='word_1_286' title='bbox 1967 4131 2249 4194; x_wconf 75' lang='lat' dir='ltr'>it.—See</span> 
     </span>
     <span class='ocr_line' id='line_1_36' title="bbox 561 4233 2246 4326; baseline -0.004 -22"><span class='ocrx_word' id='word_1_287' title='bbox 561 4262 664 4326; x_wconf 88' lang='lat' dir='ltr'>my</span> <span class='ocrx_word' id='word_1_288' title='bbox 705 4238 1144 4303; x_wconf 74' lang='lat' dir='ltr'>Introduction</span> <span class='ocrx_word' id='word_1_289' title='bbox 1189 4250 1253 4299; x_wconf 91' lang='lat' dir='ltr'>to</span> <span class='ocrx_word' id='word_1_290' title='bbox 1302 4257 1341 4298; x_wconf 90' lang='lat' dir='ltr'>a</span> <span class='ocrx_word' id='word_1_291' title='bbox 1385 4233 1743 4299; x_wconf 81' lang='lat' dir='ltr'>translation</span> <span class='ocrx_word' id='word_1_292' title='bbox 1790 4235 1863 4298; x_wconf 87' lang='lat' dir='ltr'>of</span> <span class='ocrx_word' id='word_1_293' title='bbox 1899 4233 2246 4297; x_wconf 73' lang='lat' dir='ltr'>Aristotle&#39;s</span> 
     </span>
     <span class='ocr_line' id='line_1_37' title="bbox 559 4338 1264 4405; baseline -0.009 1"><span class='ocrx_word' id='word_1_294' title='bbox 559 4340 803 4405; x_wconf 87' lang='lat' dir='ltr'>treatise</span> <span class='ocrx_word' id='word_1_295' title='bbox 835 4341 933 4404; x_wconf 82' lang='lat' dir='ltr'>On</span> <span class='ocrx_word' id='word_1_296' title='bbox 963 4340 1063 4404; x_wconf 75' lang='lat' dir='ltr'>the</span> <span class='ocrx_word' id='word_1_297' title='bbox 1085 4338 1264 4403; x_wconf 75' lang='lat' dir='ltr'>Soul.</span> 
     </span>
    </p>

    <p class='ocr_par' dir='ltr' id='par_1_4' title="bbox 553 4435 2247 4929">
     <span class='ocr_line' id='line_1_38' title="bbox 640 4435 2246 4531; baseline -0.003 -24"><span class='ocrx_word' id='word_1_298' title='bbox 640 4466 706 4531; x_wconf 88' lang='lat' dir='ltr'>p.</span> <span class='ocrx_word' id='word_1_299' title='bbox 732 4446 881 4527; x_wconf 85' lang='lat'>560,</span> <span class='ocrx_word' id='word_1_300' title='bbox 898 4463 960 4522; x_wconf 88' lang='grc'>4.</span> <span class='ocrx_word' id='word_1_301' title='bbox 1010 4440 1179 4505; x_wconf 85' lang='grc' dir='ltr'>ἔσται</span> <span class='ocrx_word' id='word_1_302' title='bbox 1197 4441 1399 4504; x_wconf 85' lang='grc' dir='ltr'>τοίνυν</span> <span class='ocrx_word' id='word_1_303' title='bbox 1427 4438 1496 4502; x_wconf 86' lang='grc' dir='ltr'>τὸ</span> <span class='ocrx_word' id='word_1_304' title='bbox 1526 4435 1967 4518; x_wconf 81' lang='grc' dir='ltr'>παθητικὸν-ἦ</span> <span class='ocrx_word' id='word_1_305' title='bbox 1987 4437 2081 4501; x_wconf 85' lang='grc' dir='ltr'>καὶ</span> <span class='ocrx_word' id='word_1_306' title='bbox 2104 4438 2246 4502; x_wconf 78' lang='grc' dir='ltr'>ἄνευ</span> 
     </span>
     <span class='ocr_line' id='line_1_39' title="bbox 555 4539 2242 4629; baseline -0.004 -19"><span class='ocrx_word' id='word_1_307' title='bbox 555 4546 918 4629; x_wconf 85' lang='grc' dir='ltr'>φαντασίας]</span> <span class='ocrx_word' id='word_1_308' title='bbox 1000 4542 1262 4607; x_wconf 90' lang='lat' dir='ltr'>Proclus</span> <span class='ocrx_word' id='word_1_309' title='bbox 1302 4541 1382 4605; x_wconf 90' lang='lat' dir='ltr'>de</span> <span class='ocrx_word' id='word_1_310' title='bbox 1429 4539 1830 4606; x_wconf 86' lang='lat' dir='ltr'>Providentia</span> <span class='ocrx_word' id='word_1_311' title='bbox 1874 4553 1938 4603; x_wconf 91' lang='lat' dir='ltr'>et</span> <span class='ocrx_word' id='word_1_312' title='bbox 1985 4541 2148 4604; x_wconf 88' lang='lat' dir='ltr'>Fato</span> <span class='ocrx_word' id='word_1_313' title='bbox 2191 4564 2242 4604; x_wconf 91' lang='lat' dir='ltr'>c.</span> 
     </span>
     <span class='ocr_line' id='line_1_40' title="bbox 560 4642 2240 4735; baseline -0.004 -22"><span class='ocrx_word' id='word_1_314' title='bbox 560 4649 652 4713; x_wconf 88' lang='lat' dir='ltr'>X.</span> <span class='ocrx_word' id='word_1_315' title='bbox 686 4671 749 4735; x_wconf 90' lang='lat' dir='ltr'>p.</span> <span class='ocrx_word' id='word_1_316' title='bbox 785 4665 885 4732; x_wconf 85' lang='lat'>25.</span> <span class='ocrx_word' id='word_1_317' title='bbox 923 4670 1082 4710; x_wconf 84' lang='lat' dir='ltr'>vers.</span> <span class='ocrx_word' id='word_1_318' title='bbox 1127 4644 1303 4710; x_wconf 89' lang='lat' dir='ltr'>Guil.</span> <span class='ocrx_word' id='word_1_319' title='bbox 1343 4644 1423 4708; x_wconf 81' lang='lat' dir='ltr'>tle</span> <span class='ocrx_word' id='word_1_320' title='bbox 1463 4642 1778 4707; x_wconf 89' lang='lat' dir='ltr'>Morbeka</span> <span class='ocrx_word' id='word_1_321' title='bbox 1818 4642 1915 4706; x_wconf 90' lang='lat' dir='ltr'>ed.</span> <span class='ocrx_word' id='word_1_322' title='bbox 1966 4643 2240 4717; x_wconf 89' lang='lat' dir='ltr'>Cousin;</span> 
     </span>
     <span class='ocr_line' id='line_1_41' title="bbox 557 4745 2247 4833; baseline -0.004 -17"><span class='ocrx_word' id='word_1_323' title='bbox 557 4760 600 4790; x_wconf 81' lang='lat'>‘⁶</span> <span class='ocrx_word' id='word_1_324' title='bbox 632 4753 833 4815; x_wconf 87' lang='lat' dir='ltr'>Recte</span> <span class='ocrx_word' id='word_1_325' title='bbox 862 4766 924 4814; x_wconf 89' lang='lat' dir='ltr'>et</span> <span class='ocrx_word' id='word_1_326' title='bbox 955 4748 1207 4814; x_wconf 89' lang='lat' dir='ltr'>Plotino</span> <span class='ocrx_word' id='word_1_327' title='bbox 1233 4748 1475 4812; x_wconf 88' lang='lat' dir='ltr'>dicente</span> <span class='ocrx_word' id='word_1_328' title='bbox 1496 4747 1669 4833; x_wconf 87' lang='lat' dir='ltr'>quod</span> <span class='ocrx_word' id='word_1_329' title='bbox 1699 4745 2011 4833; x_wconf 79' lang='lat' dir='ltr'>passiones</span> <span class='ocrx_word' id='word_1_330' title='bbox 2034 4768 2247 4810; x_wconf 85' lang='lat' dir='ltr'>omnes</span> 
     </span>
     <span class='ocr_line' id='line_1_42' title="bbox 553 4848 1830 4929; baseline -0.005 -12"><span class='ocrx_word' id='word_1_331' title='bbox 553 4869 663 4918; x_wconf 91' lang='lat' dir='ltr'>aut</span> <span class='ocrx_word' id='word_1_332' title='bbox 694 4876 911 4917; x_wconf 85' lang='lat' dir='ltr'>sensus</span> <span class='ocrx_word' id='word_1_333' title='bbox 937 4869 1106 4929; x_wconf 91' lang='lat' dir='ltr'>sunt,</span> <span class='ocrx_word' id='word_1_334' title='bbox 1137 4867 1248 4915; x_wconf 90' lang='lat' dir='ltr'>aut</span> <span class='ocrx_word' id='word_1_335' title='bbox 1276 4873 1398 4914; x_wconf 90' lang='lat' dir='ltr'>non</span> <span class='ocrx_word' id='word_1_336' title='bbox 1431 4849 1560 4914; x_wconf 89' lang='lat' dir='ltr'>sine</span> <span class='ocrx_word' id='word_1_337' title='bbox 1589 4848 1830 4912; x_wconf 85' lang='lat' dir='ltr'>sensu.&#39;&#39;</span> 
     </span>
    </p>

    <p class='ocr_par' dir='ltr' id='par_1_5' title="bbox 549 4951 2246 5553">
     <span class='ocr_line' id='line_1_43' title="bbox 637 4951 2246 5039; baseline -0.002 -19"><span class='ocrx_word' id='word_1_338' title='bbox 637 4994 727 5005; x_wconf 91' lang='lat'>—-</span> <span class='ocrx_word' id='word_1_339' title='bbox 772 4976 830 5039; x_wconf 89' lang='lat'><strong>7.</strong></span> <span class='ocrx_word' id='word_1_340' title='bbox 880 4955 1020 5020; x_wconf 81' lang='grc' dir='ltr'>αὐτὸ</span> <span class='ocrx_word' id='word_1_341' title='bbox 1052 4956 1116 5018; x_wconf 77' lang='grc' dir='ltr'>δὲ</span> <span class='ocrx_word' id='word_1_342' title='bbox 1150 4953 1334 5035; x_wconf 81' lang='grc' dir='ltr'>μένον</span> <span class='ocrx_word' id='word_1_343' title='bbox 1366 4956 1434 5018; x_wconf 80' lang='grc' dir='ltr'>ἐν</span> <span class='ocrx_word' id='word_1_344' title='bbox 1474 4953 1756 5034; x_wconf 72' lang='grc' dir='ltr'>ἁρμονίας</span> <span class='ocrx_word' id='word_1_345' title='bbox 1798 4951 2101 5030; x_wconf 75' lang='grc' dir='ltr'>εἴδει-μὴ</span> <span class='ocrx_word' id='word_1_346' title='bbox 2144 4954 2246 5030; x_wconf 80' lang='grc' dir='ltr'>τῆς</span> 
     </span>
     <span class='ocr_line' id='line_1_44' title="bbox 552 5053 2244 5145; baseline -0.004 -22"><span class='ocrx_word' id='word_1_347' title='bbox 552 5060 834 5140; x_wconf 73' lang='grc' dir='ltr'>ἁρμονίας</span> <span class='ocrx_word' id='word_1_348' title='bbox 863 5063 1034 5122; x_wconf 83' lang='grc' dir='ltr'>τοῦτο</span> <span class='ocrx_word' id='word_1_349' title='bbox 1063 5058 1386 5145; x_wconf 80' lang='grc' dir='ltr'>λεγούσης]</span> <span class='ocrx_word' id='word_1_350' title='bbox 1437 5057 1911 5143; x_wconf 88' lang='lat' dir='ltr'>Conjungamus</span> <span class='ocrx_word' id='word_1_351' title='bbox 1952 5077 2093 5119; x_wconf 91' lang='lat' dir='ltr'>cum</span> <span class='ocrx_word' id='word_1_352' title='bbox 2127 5053 2244 5118; x_wconf 86' lang='lat' dir='ltr'>hoc</span> 
     </span>
     <span class='ocr_line' id='line_1_45' title="bbox 552 5157 2235 5245; baseline -0.003 -20"><span class='ocrx_word' id='word_1_353' title='bbox 552 5160 688 5225; x_wconf 92' lang='lat' dir='ltr'>loco</span> <span class='ocrx_word' id='word_1_354' title='bbox 733 5160 994 5225; x_wconf 86' lang='lat' dir='ltr'>alterum</span> <span class='ocrx_word' id='word_1_355' title='bbox 1051 5162 1220 5224; x_wconf 88' lang='lat' dir='ltr'>Enn.</span> <span class='ocrx_word' id='word_1_356' title='bbox 1269 5161 1385 5223; x_wconf 92' lang='lat' dir='ltr'>IV.</span> <span class='ocrx_word' id='word_1_357' title='bbox 1434 5157 1541 5223; x_wconf 90' lang='lat' dir='ltr'>lib.</span> <span class='ocrx_word' id='word_1_358' title='bbox 1568 5175 1630 5223; x_wconf 84' lang='lat'>2.</span> <span class='ocrx_word' id='word_1_359' title='bbox 1673 5181 1811 5245; x_wconf 89' lang='lat' dir='ltr'>cap.</span> <span class='ocrx_word' id='word_1_360' title='bbox 1868 5178 1918 5222; x_wconf 90' lang='lat'>1.</span> <span class='ocrx_word' id='word_1_361' title='bbox 1969 5180 2033 5243; x_wconf 91' lang='lat' dir='ltr'><strong>p.</strong></span> <span class='ocrx_word' id='word_1_362' title='bbox 2079 5158 2235 5242; x_wconf 85' lang='lat'>361:</span> 
     </span>
     <span class='ocr_line' id='line_1_46' title="bbox 549 5260 2242 5344; baseline -0.004 -17"><span class='ocrx_word' id='word_1_363' title='bbox 549 5270 727 5344; x_wconf 77' lang='grc' dir='ltr'>σῶμα</span> <span class='ocrx_word' id='word_1_364' title='bbox 759 5264 932 5327; x_wconf 69' lang='grc' dir='ltr'>οὐδὲν</span> <span class='ocrx_word' id='word_1_365' title='bbox 972 5261 1153 5342; x_wconf 74' lang='grc' dir='ltr'>αὐτὴν</span> <span class='ocrx_word' id='word_1_366' title='bbox 1183 5264 1478 5340; x_wconf 74' lang='grc' dir='ltr'>δείξαντες</span> <span class='ocrx_word' id='word_1_367' title='bbox 1517 5260 1668 5324; x_wconf 82' lang='grc' dir='ltr'>εἶναι</span> <span class='ocrx_word' id='word_1_368' title='bbox 1716 5262 1830 5342; x_wconf 87' lang='lat' dir='ltr'>(sc.</span> <span class='ocrx_word' id='word_1_369' title='bbox 1861 5261 1970 5338; x_wconf 78' lang='grc' dir='ltr'>τὴν</span> <span class='ocrx_word' id='word_1_370' title='bbox 1998 5262 2099 5339; x_wconf 81' lang='grc' dir='ltr'>τῆς</span> <span class='ocrx_word' id='word_1_371' title='bbox 2124 5266 2242 5341; x_wconf 80' lang='grc' dir='ltr'>ψυ-</span> 
     </span>
     <span class='ocr_line' id='line_1_47' title="bbox 554 5363 2243 5450; baseline -0.003 -18"><span class='ocrx_word' id='word_1_372' title='bbox 554 5370 663 5450; x_wconf 83' lang='grc' dir='ltr'>χῆς</span> <span class='ocrx_word' id='word_1_373' title='bbox 689 5366 934 5449; x_wconf 78' lang='grc' dir='ltr'>οὐσίαν)</span> <span class='ocrx_word' id='word_1_374' title='bbox 967 5365 1104 5429; x_wconf 74' lang='grc' dir='ltr'>οὐδὲ</span> <span class='ocrx_word' id='word_1_375' title='bbox 1146 5366 1212 5428; x_wconf 76' lang='grc' dir='ltr'>ἑν</span> <span class='ocrx_word' id='word_1_376' title='bbox 1241 5364 1573 5444; x_wconf 77' lang='grc' dir='ltr'>ἀσωμάτοις</span> <span class='ocrx_word' id='word_1_377' title='bbox 1600 5364 1674 5427; x_wconf 80' lang='grc' dir='ltr'>αὖ</span> <span class='ocrx_word' id='word_1_378' title='bbox 1704 5363 2009 5444; x_wconf 88' lang='grc' dir='ltr'>ἁρμονίαν.</span> <span class='ocrx_word' id='word_1_379' title='bbox 2100 5364 2243 5441; x_wconf 82' lang='lat' dir='ltr'>Qua</span> 
     </span>
     <span class='ocr_line' id='line_1_48' title="bbox 555 5465 2240 5553; baseline -0.001 -23"><span class='ocrx_word' id='word_1_380' title='bbox 555 5490 616 5531; x_wconf 85' lang='lat' dir='ltr'>in</span> <span class='ocrx_word' id='word_1_381' title='bbox 660 5491 727 5532; x_wconf 90' lang='lat' dir='ltr'>re</span> <span class='ocrx_word' id='word_1_382' title='bbox 775 5466 1062 5553; x_wconf 85' lang='lat' dir='ltr'>sequitur</span> <span class='ocrx_word' id='word_1_383' title='bbox 1104 5466 1336 5530; x_wconf 84' lang='lat' dir='ltr'>Noster</span> <span class='ocrx_word' id='word_1_384' title='bbox 1380 5465 1705 5530; x_wconf 87' lang='lat' dir='ltr'>Platonem</span> <span class='ocrx_word' id='word_1_385' title='bbox 1752 5487 1958 5543; x_wconf 89' lang='lat' dir='ltr'>suum,</span> <span class='ocrx_word' id='word_1_386' title='bbox 2010 5465 2120 5551; x_wconf 88' lang='lat' dir='ltr'>qui</span> <span class='ocrx_word' id='word_1_387' title='bbox 2176 5465 2240 5529; x_wconf 90' lang='lat' dir='ltr'>in</span> 
     </span>
    </p>
   </div>
   <div class='ocr_carea' id='block_1_3' title="bbox 556 5568 2239 5731">
    <p class='ocr_par' dir='ltr' id='par_1_6' title="bbox 556 5568 2239 5731">
     <span class='ocr_line' id='line_1_49' title="bbox 556 5568 2239 5656; baseline -0.002 -22"><span class='ocrx_word' id='word_1_388' title='bbox 556 5568 875 5634; x_wconf 62' lang='lat' dir='ltr'>Phaedone</span> <span class='ocrx_word' id='word_1_389' title='bbox 903 5591 1079 5633; x_wconf 86' lang='lat' dir='ltr'>suam</span> <span class='ocrx_word' id='word_1_390' title='bbox 1127 5568 1612 5656; x_wconf 79' lang='lat' dir='ltr'>disputationem</span> <span class='ocrx_word' id='word_1_391' title='bbox 1655 5584 1871 5634; x_wconf 89' lang='lat' dir='ltr'>contra</span> <span class='ocrx_word' id='word_1_392' title='bbox 1907 5568 2239 5656; x_wconf 87' lang='lat' dir='ltr'>pervulga-</span> 
     </span>
     <span class='ocr_line' id='line_1_50' title="bbox 653 5677 984 5731; baseline 0.003 -4"><span class='ocrx_word' id='word_1_393' title='bbox 653 5678 819 5731; x_wconf 84' lang='lat' dir='ltr'>VOL</span> <span class='ocrx_word' id='word_1_394' title='bbox 858 5677 984 5729; x_wconf 93' lang='lat'><strong>111.</strong></span> 
     </span>
    </p>
   </div>
   <div class='ocr_carea' id='block_1_4' title="bbox 3922 578 4040 645">
    <p class='ocr_par' dir='ltr' id='par_1_7' title="bbox 3922 578 4040 645">
     <span class='ocr_line' id='line_1_51' title="bbox 3922 578 4040 645; baseline 0 0"><span class='ocrx_word' id='word_1_395' title='bbox 3922 578 4040 645; x_wconf 92' lang='lat'>177</span> 
     </span>
    </p>
   </div>
   <div class='ocr_carea' id='block_1_5' title="bbox 2326 731 4039 5728">
    <p class='ocr_par' dir='ltr' id='par_1_8' title="bbox 2326 731 4039 5728">
     <span class='ocr_line' id='line_1_52' title="bbox 2344 731 4039 820; baseline 0 -21"><span class='ocrx_word' id='word_1_396' title='bbox 2344 750 2471 799; x_wconf 90' lang='lat' dir='ltr'>tam</span> <span class='ocrx_word' id='word_1_397' title='bbox 2517 733 2859 799; x_wconf 89' lang='lat' dir='ltr'>multorum</span> <span class='ocrx_word' id='word_1_398' title='bbox 2905 731 3278 820; x_wconf 77' lang='lat' dir='ltr'>antiquituS,</span> <span class='ocrx_word' id='word_1_399' title='bbox 3312 734 3666 799; x_wconf 84' lang='lat' dir='ltr'>Aristoxeni</span> <span class='ocrx_word' id='word_1_400' title='bbox 3707 734 3932 799; x_wconf 89' lang='lat' dir='ltr'>deinde</span> <span class='ocrx_word' id='word_1_401' title='bbox 3975 748 4039 799; x_wconf 91' lang='lat' dir='ltr'>et</span> 
     </span>
     <span class='ocr_line' id='line_1_53' title="bbox 2345 836 4034 925; baseline -0.001 -23"><span class='ocrx_word' id='word_1_402' title='bbox 2345 838 2694 903; x_wconf 86' lang='lat' dir='ltr'>Dicaearchi</span> <span class='ocrx_word' id='word_1_403' title='bbox 2736 837 2946 915; x_wconf 90' lang='lat' dir='ltr'>etiam,</span> <span class='ocrx_word' id='word_1_404' title='bbox 2977 836 3332 925; x_wconf 89' lang='lat' dir='ltr'>opinionem</span> <span class='ocrx_word' id='word_1_405' title='bbox 3363 837 3453 902; x_wconf 88' lang='lat' dir='ltr'>ita</span> <span class='ocrx_word' id='word_1_406' title='bbox 3479 836 3796 903; x_wconf 76' lang='lat' dir='ltr'>concludit</span> <span class='ocrx_word' id='word_1_407' title='bbox 3837 861 3898 925; x_wconf 90' lang='lat' dir='ltr'><strong>p.</strong></span> <span class='ocrx_word' id='word_1_408' title='bbox 3932 858 4034 922; x_wconf 90' lang='lat'>94.</span> 
     </span>
     <span class='ocr_line' id='line_1_54' title="bbox 2341 938 4032 1028; baseline -0.001 -22"><span class='ocrx_word' id='word_1_409' title='bbox 2341 942 2450 1006; x_wconf 87' lang='lat' dir='ltr'>fin.</span> <span class='ocrx_word' id='word_1_410' title='bbox 2483 966 2544 1028; x_wconf 90' lang='lat' dir='ltr'>p.</span> <span class='ocrx_word' id='word_1_411' title='bbox 2583 943 2686 1005; x_wconf 89' lang='lat'>80.</span> <span class='ocrx_word' id='word_1_412' title='bbox 2719 938 2958 1006; x_wconf 85' lang='lat' dir='ltr'><strong>Bekk.:</strong></span> <span class='ocrx_word' id='word_1_413' title='bbox 3009 940 3114 1004; x_wconf 80' lang='grc' dir='ltr'>οὐκ</span> <span class='ocrx_word' id='word_1_414' title='bbox 3141 941 3275 1021; x_wconf 80' lang='grc' dir='ltr'>ἄρα,</span> <span class='ocrx_word' id='word_1_415' title='bbox 3308 938 3355 1004; x_wconf 77' lang='grc' dir='ltr'><em>ὦ</em></span> <span class='ocrx_word' id='word_1_416' title='bbox 3385 942 3611 1023; x_wconf 79' lang='grc' dir='ltr'>ἄριστε,</span> <span class='ocrx_word' id='word_1_417' title='bbox 3641 942 3781 1021; x_wconf 83' lang='grc' dir='ltr'>ἡμῖν</span> <span class='ocrx_word' id='word_1_418' title='bbox 3810 942 4032 1021; x_wconf 78' lang='grc' dir='ltr'>οὐδαμῇ</span> 
     </span>
     <span class='ocr_line' id='line_1_55' title="bbox 2343 1042 4032 1128; baseline 0 -20"><span class='ocrx_word' id='word_1_419' title='bbox 2343 1051 2533 1112; x_wconf 79' lang='grc' dir='ltr'>καλῶς</span> <span class='ocrx_word' id='word_1_420' title='bbox 2555 1045 2684 1128; x_wconf 80' lang='grc' dir='ltr'>ἔχει</span> <span class='ocrx_word' id='word_1_421' title='bbox 2709 1044 2918 1127; x_wconf 78' lang='grc' dir='ltr'>ψυχὴν</span> <span class='ocrx_word' id='word_1_422' title='bbox 2947 1045 3235 1125; x_wconf 85' lang='grc' dir='ltr'>ἁρμονίαν</span> <span class='ocrx_word' id='word_1_423' title='bbox 3264 1046 3399 1108; x_wconf 83' lang='grc' dir='ltr'>τινὰ</span> <span class='ocrx_word' id='word_1_424' title='bbox 3428 1042 3617 1125; x_wconf 83' lang='grc' dir='ltr'>φάναι</span> <span class='ocrx_word' id='word_1_425' title='bbox 3654 1043 3825 1108; x_wconf 82' lang='grc' dir='ltr'>εἶναι.</span> <span class='ocrx_word' id='word_1_426' title='bbox 3919 1042 4032 1108; x_wconf 90' lang='lat' dir='ltr'>Ad</span> 
     </span>
     <span class='ocr_line' id='line_1_56' title="bbox 2341 1142 4038 1232; baseline -0.001 -22"><span class='ocrx_word' id='word_1_427' title='bbox 2341 1168 2531 1232; x_wconf 91' lang='lat' dir='ltr'>quem</span> <span class='ocrx_word' id='word_1_428' title='bbox 2575 1146 2781 1210; x_wconf 92' lang='lat' dir='ltr'>locum</span> <span class='ocrx_word' id='word_1_429' title='bbox 2826 1169 2921 1222; x_wconf 88' lang='lat' dir='ltr'>ea,</span> <span class='ocrx_word' id='word_1_430' title='bbox 2950 1168 3096 1231; x_wconf 87' lang='lat' dir='ltr'>quae</span> <span class='ocrx_word' id='word_1_431' title='bbox 3139 1143 3220 1208; x_wconf 86' lang='lat' dir='ltr'>ad</span> <span class='ocrx_word' id='word_1_432' title='bbox 3268 1142 3500 1208; x_wconf 91' lang='lat' dir='ltr'>Plotini</span> <span class='ocrx_word' id='word_1_433' title='bbox 3542 1143 3713 1208; x_wconf 91' lang='lat' dir='ltr'>locos</span> <span class='ocrx_word' id='word_1_434' title='bbox 3746 1143 4038 1209; x_wconf 81' lang='lat' dir='ltr'>facientia</span> 
     </span>
     <span class='ocr_line' id='line_1_57' title="bbox 2339 1246 4034 1337; baseline 0 -24"><span class='ocrx_word' id='word_1_435' title='bbox 2339 1249 2633 1337; x_wconf 89' lang='lat' dir='ltr'>apposuit</span> <span class='ocrx_word' id='word_1_436' title='bbox 2688 1248 3188 1336; x_wconf 74' lang='lat' dir='ltr'>Wyttenbaclzius</span> <span class='ocrx_word' id='word_1_437' title='bbox 3234 1246 3296 1311; x_wconf 91' lang='lat' dir='ltr'>in</span> <span class='ocrx_word' id='word_1_438' title='bbox 3344 1251 3587 1313; x_wconf 89' lang='lat' dir='ltr'>Annot.</span> <span class='ocrx_word' id='word_1_439' title='bbox 3641 1271 3705 1336; x_wconf 90' lang='lat' dir='ltr'>p.</span> <span class='ocrx_word' id='word_1_440' title='bbox 3740 1248 3886 1329; x_wconf 86' lang='lat'>248,</span> <span class='ocrx_word' id='word_1_441' title='bbox 3932 1248 4034 1313; x_wconf 91' lang='lat' dir='ltr'>hic</span> 
     </span>
     <span class='ocr_line' id='line_1_58' title="bbox 2341 1349 4029 1440; baseline -0.001 -23"><span class='ocrx_word' id='word_1_442' title='bbox 2341 1352 2664 1440; x_wconf 91' lang='lat' dir='ltr'>subjiciam</span> <span class='ocrx_word' id='word_1_443' title='bbox 2721 1369 2785 1417; x_wconf 88' lang='lat' dir='ltr'>et</span> <span class='ocrx_word' id='word_1_444' title='bbox 2842 1375 3043 1439; x_wconf 89' lang='lat' dir='ltr'>pauca</span> <span class='ocrx_word' id='word_1_445' title='bbox 3099 1350 3178 1415; x_wconf 93' lang='lat' dir='ltr'>de</span> <span class='ocrx_word' id='word_1_446' title='bbox 3230 1350 3382 1414; x_wconf 89' lang='lat' dir='ltr'>meis</span> <span class='ocrx_word' id='word_1_447' title='bbox 3439 1349 3702 1415; x_wconf 87' lang='lat' dir='ltr'>addam:</span> <span class='ocrx_word' id='word_1_448' title='bbox 3754 1360 3799 1390; x_wconf 90' lang='lat'><strong>“</strong></span> <span class='ocrx_word' id='word_1_449' title='bbox 3825 1353 4029 1432; x_wconf 84' lang='lat' dir='ltr'>Quam</span> 
     </span>
     <span class='ocr_line' id='line_1_59' title="bbox 2342 1455 4035 1544; baseline -0.001 -22"><span class='ocrx_word' id='word_1_450' title='bbox 2342 1457 2528 1522; x_wconf 88' lang='lat' dir='ltr'>Plato</span> <span class='ocrx_word' id='word_1_451' title='bbox 2568 1456 2877 1544; x_wconf 88' lang='lat' dir='ltr'>intelligat</span> <span class='ocrx_word' id='word_1_452' title='bbox 2918 1455 3326 1534; x_wconf 87' lang='lat' dir='ltr'>harmoniam,</span> <span class='ocrx_word' id='word_1_453' title='bbox 3356 1471 3651 1543; x_wconf 87' lang='lat' dir='ltr'>apparet:</span> <span class='ocrx_word' id='word_1_454' title='bbox 3699 1479 3858 1535; x_wconf 90' lang='lat' dir='ltr'>eam,</span> <span class='ocrx_word' id='word_1_455' title='bbox 3890 1479 4035 1542; x_wconf 83' lang='lat' dir='ltr'>quoe</span> 
     </span>
     <span class='ocr_line' id='line_1_60' title="bbox 2340 1558 4031 1647; baseline 0.001 -23"><span class='ocrx_word' id='word_1_456' title='bbox 2340 1560 2721 1625; x_wconf 87' lang='lat' dir='ltr'>extrinsecus</span> <span class='ocrx_word' id='word_1_457' title='bbox 2763 1559 3178 1647; x_wconf 84' lang='lat' dir='ltr'>componitur,</span> <span class='ocrx_word' id='word_1_458' title='bbox 3225 1581 3338 1623; x_wconf 89' lang='lat' dir='ltr'>nec</span> <span class='ocrx_word' id='word_1_459' title='bbox 3382 1558 3554 1623; x_wconf 90' lang='lat' dir='ltr'>aliud</span> <span class='ocrx_word' id='word_1_460' title='bbox 3597 1575 3795 1637; x_wconf 86' lang='lat' dir='ltr'>sonat,</span> <span class='ocrx_word' id='word_1_461' title='bbox 3841 1583 4031 1646; x_wconf 90' lang='lat' dir='ltr'>quam</span> 
     </span>
     <span class='ocr_line' id='line_1_61' title="bbox 2340 1661 4030 1751; baseline 0 -24"><span class='ocrx_word' id='word_1_462' title='bbox 2340 1663 2511 1750; x_wconf 92' lang='lat' dir='ltr'>quod</span> <span class='ocrx_word' id='word_1_463' title='bbox 2543 1687 2658 1751; x_wconf 88' lang='lat' dir='ltr'>per</span> <span class='ocrx_word' id='word_1_464' title='bbox 2685 1663 3105 1728; x_wconf 86' lang='lat' dir='ltr'>necessitatem</span> <span class='ocrx_word' id='word_1_465' title='bbox 3137 1661 3599 1749; x_wconf 87' lang='lat' dir='ltr'>compositionis</span> <span class='ocrx_word' id='word_1_466' title='bbox 3626 1675 3690 1726; x_wconf 91' lang='lat' dir='ltr'>et</span> <span class='ocrx_word' id='word_1_467' title='bbox 3734 1661 4030 1750; x_wconf 86' lang='lat' dir='ltr'>pulsatio-</span> 
     </span>
     <span class='ocr_line' id='line_1_62' title="bbox 2342 1764 4035 1855; baseline 0 -25"><span class='ocrx_word' id='word_1_468' title='bbox 2342 1768 2437 1831; x_wconf 90' lang='lat' dir='ltr'>nis</span> <span class='ocrx_word' id='word_1_469' title='bbox 2466 1789 2683 1831; x_wconf 91' lang='lat' dir='ltr'>sonare</span> <span class='ocrx_word' id='word_1_470' title='bbox 2722 1779 2963 1855; x_wconf 85' lang='lat' dir='ltr'>potest:</span> <span class='ocrx_word' id='word_1_471' title='bbox 3013 1780 3250 1844; x_wconf 90' lang='lat' dir='ltr'>contra,</span> <span class='ocrx_word' id='word_1_472' title='bbox 3283 1765 3520 1829; x_wconf 89' lang='lat' dir='ltr'>Anima</span> <span class='ocrx_word' id='word_1_473' title='bbox 3561 1764 3928 1830; x_wconf 90' lang='lat' dir='ltr'>intrinsecus</span> <span class='ocrx_word' id='word_1_474' title='bbox 3970 1790 4035 1830; x_wconf 88' lang='lat' dir='ltr'>se</span> 
     </span>
     <span class='ocr_line' id='line_1_63' title="bbox 2341 1867 4034 1958; baseline -0.001 -25"><span class='ocrx_word' id='word_1_475' title='bbox 2341 1870 2476 1958; x_wconf 90' lang='lat' dir='ltr'>ipsa</span> <span class='ocrx_word' id='word_1_476' title='bbox 2503 1868 2843 1958; x_wconf 89' lang='lat' dir='ltr'>componit,</span> <span class='ocrx_word' id='word_1_477' title='bbox 2871 1868 3300 1933; x_wconf 88' lang='lat' dir='ltr'>dissentientes</span> <span class='ocrx_word' id='word_1_478' title='bbox 3328 1867 3424 1931; x_wconf 87' lang='lat' dir='ltr'>sui</span> <span class='ocrx_word' id='word_1_479' title='bbox 3453 1883 3662 1955; x_wconf 87' lang='lat' dir='ltr'>partes</span> <span class='ocrx_word' id='word_1_480' title='bbox 3690 1868 3752 1932; x_wconf 93' lang='lat' dir='ltr'>in</span> <span class='ocrx_word' id='word_1_481' title='bbox 3781 1891 4034 1933; x_wconf 90' lang='lat' dir='ltr'>consen-</span> 
     </span>
     <span class='ocr_line' id='line_1_64' title="bbox 2343 1969 4037 2060; baseline -0.001 -23"><span class='ocrx_word' id='word_1_482' title='bbox 2343 1996 2481 2037; x_wconf 88' lang='lat' dir='ltr'>sum</span> <span class='ocrx_word' id='word_1_483' title='bbox 2510 1972 2738 2060; x_wconf 85' lang='lat' dir='ltr'>redigit</span> <span class='ocrx_word' id='word_1_484' title='bbox 2766 1972 2964 2059; x_wconf 89' lang='lat' dir='ltr'>iisque</span> <span class='ocrx_word' id='word_1_485' title='bbox 2986 1970 3482 2059; x_wconf 85' lang='lat' dir='ltr'>repugnantibus</span> <span class='ocrx_word' id='word_1_486' title='bbox 3504 1969 3620 2056; x_wconf 91' lang='lat' dir='ltr'>ipsi</span> <span class='ocrx_word' id='word_1_487' title='bbox 3649 1971 3784 2058; x_wconf 88' lang='lat' dir='ltr'>ipsa</span> <span class='ocrx_word' id='word_1_488' title='bbox 3810 1971 4037 2037; x_wconf 85' lang='lat' dir='ltr'>resistit</span> 
     </span>
     <span class='ocr_line' id='line_1_65' title="bbox 2341 2072 4033 2160; baseline 0.001 -22"><span class='ocrx_word' id='word_1_489' title='bbox 2341 2089 2405 2139; x_wconf 93' lang='lat' dir='ltr'>et</span> <span class='ocrx_word' id='word_1_490' title='bbox 2448 2076 2822 2139; x_wconf 87' lang='lat' dir='ltr'>moderatur.</span> <span class='ocrx_word' id='word_1_491' title='bbox 2915 2075 3141 2159; x_wconf 87' lang='lat' dir='ltr'>Neque</span> <span class='ocrx_word' id='word_1_492' title='bbox 3184 2072 3320 2137; x_wconf 88' lang='lat' dir='ltr'>haec</span> <span class='ocrx_word' id='word_1_493' title='bbox 3380 2072 3683 2136; x_wconf 89' lang='lat' dir='ltr'>sententia</span> <span class='ocrx_word' id='word_1_494' title='bbox 3723 2091 4033 2160; x_wconf 80' lang='lat' dir='ltr'>repugnat</span> 
     </span>
     <span class='ocr_line' id='line_1_66' title="bbox 2341 2175 4033 2264; baseline 0.001 -24"><span class='ocrx_word' id='word_1_495' title='bbox 2341 2176 2450 2255; x_wconf 91' lang='lat' dir='ltr'>illi,</span> <span class='ocrx_word' id='word_1_496' title='bbox 2478 2199 2667 2264; x_wconf 89' lang='lat' dir='ltr'>quam</span> <span class='ocrx_word' id='word_1_497' title='bbox 2712 2175 2773 2240; x_wconf 91' lang='lat' dir='ltr'>in</span> <span class='ocrx_word' id='word_1_498' title='bbox 2817 2176 3059 2241; x_wconf 85' lang='lat' dir='ltr'>Timaeo</span> <span class='ocrx_word' id='word_1_499' title='bbox 3087 2175 3299 2252; x_wconf 85' lang='lat' dir='ltr'>tradit,</span> <span class='ocrx_word' id='word_1_500' title='bbox 3328 2175 3625 2239; x_wconf 86' lang='lat' dir='ltr'>Animam</span> <span class='ocrx_word' id='word_1_501' title='bbox 3666 2198 3744 2239; x_wconf 87' lang='lat' dir='ltr'>ex</span> <span class='ocrx_word' id='word_1_502' title='bbox 3776 2175 4033 2241; x_wconf 87' lang='lat' dir='ltr'>diversis</span> 
     </span>
     <span class='ocr_line' id='line_1_67' title="bbox 2342 2276 4036 2365; baseline 0 -23"><span class='ocrx_word' id='word_1_503' title='bbox 2342 2279 2613 2343; x_wconf 90' lang='lat' dir='ltr'>materiis</span> <span class='ocrx_word' id='word_1_504' title='bbox 2652 2302 2692 2343; x_wconf 90' lang='lat' dir='ltr'>a</span> <span class='ocrx_word' id='word_1_505' title='bbox 2736 2279 2896 2357; x_wconf 91' lang='lat' dir='ltr'>De0,</span> <span class='ocrx_word' id='word_1_506' title='bbox 2937 2277 3020 2342; x_wconf 91' lang='lat' dir='ltr'>ad</span> <span class='ocrx_word' id='word_1_507' title='bbox 3054 2291 3285 2342; x_wconf 87' lang='lat' dir='ltr'>certam</span> <span class='ocrx_word' id='word_1_508' title='bbox 3328 2276 3626 2340; x_wconf 89' lang='lat' dir='ltr'>rationem</span> <span class='ocrx_word' id='word_1_509' title='bbox 3672 2292 3732 2341; x_wconf 92' lang='lat' dir='ltr'>et</span> <span class='ocrx_word' id='word_1_510' title='bbox 3777 2300 4036 2365; x_wconf 88' lang='lat' dir='ltr'>propor-</span> 
     </span>
     <span class='ocr_line' id='line_1_68' title="bbox 2341 2377 4033 2465; baseline -0.001 -20"><span class='ocrx_word' id='word_1_511' title='bbox 2341 2381 2571 2445; x_wconf 89' lang='lat' dir='ltr'>tionem</span> <span class='ocrx_word' id='word_1_512' title='bbox 2615 2379 2838 2444; x_wconf 85' lang='lat' dir='ltr'>factam</span> <span class='ocrx_word' id='word_1_513' title='bbox 2900 2402 3030 2443; x_wconf 91' lang='lat' dir='ltr'>esse</span> <span class='ocrx_word' id='word_1_514' title='bbox 3087 2401 3152 2465; x_wconf 91' lang='lat' dir='ltr'>p.</span> <span class='ocrx_word' id='word_1_515' title='bbox 3180 2379 3335 2463; x_wconf 85' lang='lat'>528,</span> <span class='ocrx_word' id='word_1_516' title='bbox 3382 2377 3555 2464; x_wconf 92' lang='lat' dir='ltr'>quod</span> <span class='ocrx_word' id='word_1_517' title='bbox 3614 2395 3779 2443; x_wconf 88' lang='lat' dir='ltr'>recte</span> <span class='ocrx_word' id='word_1_518' title='bbox 3822 2395 4033 2445; x_wconf 88' lang='lat' dir='ltr'>monet</span> 
     </span>
     <span class='ocr_line' id='line_1_69' title="bbox 2342 2479 4026 2568; baseline 0.001 -21"><span class='ocrx_word' id='word_1_519' title='bbox 2342 2481 2605 2547; x_wconf 90' lang='lat' dir='ltr'>Proclus</span> <span class='ocrx_word' id='word_1_520' title='bbox 2645 2482 2707 2545; x_wconf 93' lang='lat' dir='ltr'>in</span> <span class='ocrx_word' id='word_1_521' title='bbox 2747 2481 2916 2545; x_wconf 85' lang='lat' dir='ltr'>Tim.</span> <span class='ocrx_word' id='word_1_522' title='bbox 2963 2482 3102 2546; x_wconf 91' lang='lat'><strong>111.</strong></span> <span class='ocrx_word' id='word_1_523' title='bbox 3136 2503 3203 2567; x_wconf 91' lang='lat' dir='ltr'>p.</span> <span class='ocrx_word' id='word_1_524' title='bbox 3246 2482 3383 2563; x_wconf 90' lang='lat'><strong>178.</strong></span> <span class='ocrx_word' id='word_1_525' title='bbox 3415 2479 3568 2543; x_wconf 92' lang='lat' dir='ltr'>etin</span> <span class='ocrx_word' id='word_1_526' title='bbox 3605 2481 3759 2567; x_wconf 87' lang='lat' dir='ltr'><strong>Rep.</strong></span> <span class='ocrx_word' id='word_1_527' title='bbox 3791 2502 4026 2568; x_wconf 83' lang='lat' dir='ltr'><strong>p.392.</strong></span> 
     </span>
     <span class='ocr_line' id='line_1_70' title="bbox 2338 2581 4033 2670; baseline -0.001 -20"><span class='ocrx_word' id='word_1_528' title='bbox 2338 2587 2447 2650; x_wconf 89' lang='lat' dir='ltr'>fin.</span> <span class='ocrx_word' id='word_1_529' title='bbox 2523 2587 2692 2650; x_wconf 91' lang='lat' dir='ltr'>Nam</span> <span class='ocrx_word' id='word_1_530' title='bbox 2721 2584 2909 2649; x_wconf 88' lang='lat' dir='ltr'>animi</span> <span class='ocrx_word' id='word_1_531' title='bbox 2939 2606 3083 2648; x_wconf 90' lang='lat' dir='ltr'>cum</span> <span class='ocrx_word' id='word_1_532' title='bbox 3111 2606 3370 2670; x_wconf 89' lang='lat' dir='ltr'>corpore</span> <span class='ocrx_word' id='word_1_533' title='bbox 3397 2581 3584 2646; x_wconf 91' lang='lat' dir='ltr'>debet</span> <span class='ocrx_word' id='word_1_534' title='bbox 3615 2582 3858 2669; x_wconf 87' lang='lat' dir='ltr'>sapiens</span> <span class='ocrx_word' id='word_1_535' title='bbox 3883 2607 4033 2648; x_wconf 89' lang='lat' dir='ltr'>con·</span> 
     </span>
     <span class='ocr_line' id='line_1_71' title="bbox 2341 2684 4034 2773; baseline -0.001 -21"><span class='ocrx_word' id='word_1_536' title='bbox 2341 2690 2597 2753; x_wconf 85' lang='lat' dir='ltr'>stituere</span> <span class='ocrx_word' id='word_1_537' title='bbox 2641 2687 3048 2764; x_wconf 90' lang='lat' dir='ltr'>harmoniam,</span> <span class='ocrx_word' id='word_1_538' title='bbox 3080 2708 3343 2773; x_wconf 90' lang='lat' dir='ltr'>eamque</span> <span class='ocrx_word' id='word_1_539' title='bbox 3372 2685 3451 2750; x_wconf 90' lang='lat' dir='ltr'>ad</span> <span class='ocrx_word' id='word_1_540' title='bbox 3484 2684 3752 2749; x_wconf 82' lang='lat' dir='ltr'>universi</span> <span class='ocrx_word' id='word_1_541' title='bbox 3796 2710 4034 2751; x_wconf 91' lang='lat' dir='ltr'>accom-</span> 
     </span>
     <span class='ocr_line' id='line_1_72' title="bbox 2339 2788 4028 2879; baseline -0.001 -24"><span class='ocrx_word' id='word_1_542' title='bbox 2339 2792 2594 2856; x_wconf 84' lang='lat' dir='ltr'>modare</span> <span class='ocrx_word' id='word_1_543' title='bbox 2624 2790 3033 2867; x_wconf 87' lang='lat' dir='ltr'>harmoniam,</span> <span class='ocrx_word' id='word_1_544' title='bbox 3068 2805 3137 2854; x_wconf 92' lang='lat' dir='ltr'>ut</span> <span class='ocrx_word' id='word_1_545' title='bbox 3166 2789 3349 2853; x_wconf 92' lang='lat' dir='ltr'>docet</span> <span class='ocrx_word' id='word_1_546' title='bbox 3386 2788 3570 2853; x_wconf 91' lang='lat' dir='ltr'>Plato</span> <span class='ocrx_word' id='word_1_547' title='bbox 3602 2791 3766 2877; x_wconf 89' lang='lat' dir='ltr'><strong>Rep.</strong></span> <span class='ocrx_word' id='word_1_548' title='bbox 3801 2791 3935 2854; x_wconf 85' lang='lat' dir='ltr'>IX.</span> <span class='ocrx_word' id='word_1_549' title='bbox 3964 2815 4028 2879; x_wconf 93' lang='lat' dir='ltr'>p.</span> 
     </span>
     <span class='ocr_line' id='line_1_73' title="bbox 2338 2891 4036 2982; baseline 0 -24"><span class='ocrx_word' id='word_1_550' title='bbox 2338 2915 2488 2980; x_wconf 84' lang='lat'><strong>510.</strong></span> <span class='ocrx_word' id='word_1_551' title='bbox 2522 2895 2586 2960; x_wconf 91' lang='lat' dir='ltr'>d.</span> <span class='ocrx_word' id='word_1_552' title='bbox 2680 2896 2771 2960; x_wconf 90' lang='lat' dir='ltr'>Et</span> <span class='ocrx_word' id='word_1_553' title='bbox 2800 2894 2933 2982; x_wconf 90' lang='lat' dir='ltr'>ipsa</span> <span class='ocrx_word' id='word_1_554' title='bbox 2961 2892 3160 2957; x_wconf 85' lang='lat' dir='ltr'>virtus</span> <span class='ocrx_word' id='word_1_555' title='bbox 3188 2892 3539 2956; x_wconf 88' lang='lat' dir='ltr'>continetur</span> <span class='ocrx_word' id='word_1_556' title='bbox 3566 2891 3888 2956; x_wconf 90' lang='lat' dir='ltr'>harmonia</span> <span class='ocrx_word' id='word_1_557' title='bbox 3918 2892 4036 2975; x_wconf 92' lang='lat' dir='ltr'>(lo-</span> 
     </span>
     <span class='ocr_line' id='line_1_74' title="bbox 2339 2995 4031 3087; baseline -0.001 -23"><span class='ocrx_word' id='word_1_558' title='bbox 2339 3023 2481 3064; x_wconf 90' lang='lat' dir='ltr'>cum</span> <span class='ocrx_word' id='word_1_559' title='bbox 2542 3022 2733 3087; x_wconf 87' lang='lat' dir='ltr'>supra</span> <span class='ocrx_word' id='word_1_560' title='bbox 2773 2998 3038 3086; x_wconf 89' lang='lat' dir='ltr'>apposui</span> <span class='ocrx_word' id='word_1_561' title='bbox 3089 2996 3170 3061; x_wconf 89' lang='lat' dir='ltr'>ad</span> <span class='ocrx_word' id='word_1_562' title='bbox 3228 3019 3364 3084; x_wconf 90' lang='lat' dir='ltr'>cap.</span> <span class='ocrx_word' id='word_1_563' title='bbox 3417 2997 3519 3060; x_wconf 92' lang='lat'>11.</span> <span class='ocrx_word' id='word_1_564' title='bbox 3568 2995 3706 3060; x_wconf 88' lang='lat' dir='ltr'>init.</span> <span class='ocrx_word' id='word_1_565' title='bbox 3754 3020 3819 3084; x_wconf 91' lang='lat' dir='ltr'>p.</span> <span class='ocrx_word' id='word_1_566' title='bbox 3852 3001 4031 3082; x_wconf 87' lang='lat'><strong>304.)</strong></span> 
     </span>
     <span class='ocr_line' id='line_1_75' title="bbox 2341 3098 4031 3186; baseline -0.001 -19"><span class='ocrx_word' id='word_1_567' title='bbox 2341 3104 2505 3167; x_wconf 79' lang='lat' dir='ltr'>Haec</span> <span class='ocrx_word' id='word_1_568' title='bbox 2533 3102 2695 3166; x_wconf 91' lang='lat' dir='ltr'>enim</span> <span class='ocrx_word' id='word_1_569' title='bbox 2728 3116 2843 3178; x_wconf 87' lang='lat' dir='ltr'>est,</span> <span class='ocrx_word' id='word_1_570' title='bbox 2874 3116 2947 3166; x_wconf 91' lang='lat' dir='ltr'>ut</span> <span class='ocrx_word' id='word_1_571' title='bbox 2974 3101 3062 3165; x_wconf 91' lang='lat' dir='ltr'>ait</span> <span class='ocrx_word' id='word_1_572' title='bbox 3092 3099 3476 3165; x_wconf 85' lang='lat' dir='ltr'>lamblichus</span> <span class='ocrx_word' id='word_1_573' title='bbox 3505 3098 3677 3186; x_wconf 89' lang='lat' dir='ltr'>apud</span> <span class='ocrx_word' id='word_1_574' title='bbox 3712 3099 4031 3165; x_wconf 87' lang='lat' dir='ltr'>Stobaeum</span> 
     </span>
     <span class='ocr_line' id='line_1_76' title="bbox 2340 3203 4031 3293; baseline -0.002 -22"><span class='ocrx_word' id='word_1_575' title='bbox 2340 3206 2609 3293; x_wconf 88' lang='lat' dir='ltr'>Eclogg.</span> <span class='ocrx_word' id='word_1_576' title='bbox 2651 3205 2873 3292; x_wconf 81' lang='lat' dir='ltr'>Physs.</span> <span class='ocrx_word' id='word_1_577' title='bbox 2921 3228 2984 3291; x_wconf 92' lang='lat' dir='ltr'>p.</span> <span class='ocrx_word' id='word_1_578' title='bbox 3018 3205 3166 3286; x_wconf 90' lang='lat'><strong>864.</strong></span> <span class='ocrx_word' id='word_1_579' title='bbox 3215 3205 3552 3285; x_wconf 87' lang='lat' dir='ltr'>(Heeren.)</span> <span class='ocrx_word' id='word_1_580' title='bbox 3599 3203 4031 3268; x_wconf 75' lang='lat' dir='ltr'>mathematica</span> 
     </span>
     <span class='ocr_line' id='line_1_77' title="bbox 2338 3305 4035 3395; baseline -0.001 -22"><span class='ocrx_word' id='word_1_581' title='bbox 2338 3310 2692 3388; x_wconf 75' lang='lat' dir='ltr'>harmonia,</span> <span class='ocrx_word' id='word_1_582' title='bbox 2721 3331 2908 3395; x_wconf 93' lang='lat' dir='ltr'>quam</span> <span class='ocrx_word' id='word_1_583' title='bbox 2953 3305 3356 3395; x_wconf 85' lang='lat' dir='ltr'>Pythagorici</span> <span class='ocrx_word' id='word_1_584' title='bbox 3399 3321 3463 3370; x_wconf 89' lang='lat' dir='ltr'>et</span> <span class='ocrx_word' id='word_1_585' title='bbox 3508 3305 3811 3370; x_wconf 88' lang='lat' dir='ltr'>Platonici</span> <span class='ocrx_word' id='word_1_586' title='bbox 3855 3305 4035 3372; x_wconf 87' lang='lat' dir='ltr'>multi</span> 
     </span>
     <span class='ocr_line' id='line_1_78' title="bbox 2338 3408 4028 3488; baseline 0 -14"><span class='ocrx_word' id='word_1_587' title='bbox 2338 3412 2506 3476; x_wconf 86' lang='lat' dir='ltr'>varie</span> <span class='ocrx_word' id='word_1_588' title='bbox 2563 3410 2976 3488; x_wconf 82' lang='lat' dir='ltr'>tradiderunt,</span> <span class='ocrx_word' id='word_1_589' title='bbox 3032 3411 3339 3488; x_wconf 75' lang='lat' dir='ltr'>Timaeu8‚</span> <span class='ocrx_word' id='word_1_590' title='bbox 3384 3408 3780 3487; x_wconf 87' lang='lat' dir='ltr'>Moderatus,</span> <span class='ocrx_word' id='word_1_591' title='bbox 3830 3409 4028 3474; x_wconf 91' lang='lat' dir='ltr'>Ploti-</span> 
     </span>
     <span class='ocr_line' id='line_1_79' title="bbox 2338 3511 4031 3601; baseline -0.001 -22"><span class='ocrx_word' id='word_1_592' title='bbox 2338 3538 2478 3593; x_wconf 90' lang='lat' dir='ltr'>nus‚</span> <span class='ocrx_word' id='word_1_593' title='bbox 2534 3513 2948 3601; x_wconf 88' lang='lat' dir='ltr'>Porphyrius,</span> <span class='ocrx_word' id='word_1_594' title='bbox 3008 3511 3308 3577; x_wconf 89' lang='lat' dir='ltr'>Amelius.</span> <span class='ocrx_word' id='word_1_595' title='bbox 3398 3513 3565 3575; x_wconf 90' lang='lat' dir='ltr'>Nam</span> <span class='ocrx_word' id='word_1_596' title='bbox 3624 3511 4031 3577; x_wconf 84' lang='lat' dir='ltr'>Aristoxenus</span> 
     </span>
     <span class='ocr_line' id='line_1_80' title="bbox 2334 3613 4030 3705; baseline -0.004 -23"><span class='ocrx_word' id='word_1_597' title='bbox 2334 3639 2691 3705; x_wconf 88' lang='lat' dir='ltr'>corpoream</span> <span class='ocrx_word' id='word_1_598' title='bbox 2738 3616 3119 3680; x_wconf 89' lang='lat' dir='ltr'>harmoniam</span> <span class='ocrx_word' id='word_1_599' title='bbox 3154 3614 3329 3678; x_wconf 85' lang='lat' dir='ltr'>velut</span> <span class='ocrx_word' id='word_1_600' title='bbox 3372 3613 3767 3677; x_wconf 90' lang='lat' dir='ltr'>instrumenti</span> <span class='ocrx_word' id='word_1_601' title='bbox 3813 3614 4030 3678; x_wconf 90' lang='lat' dir='ltr'>musici</span> 
     </span>
     <span class='ocr_line' id='line_1_81' title="bbox 2336 3714 4029 3807; baseline -0.003 -23"><span class='ocrx_word' id='word_1_602' title='bbox 2336 3720 2637 3807; x_wconf 88' lang='lat' dir='ltr'>cogitasse</span> <span class='ocrx_word' id='word_1_603' title='bbox 2680 3718 2952 3795; x_wconf 86' lang='lat' dir='ltr'>videtur,</span> <span class='ocrx_word' id='word_1_604' title='bbox 2999 3734 3062 3782; x_wconf 92' lang='lat' dir='ltr'>et</span> <span class='ocrx_word' id='word_1_605' title='bbox 3104 3716 3207 3780; x_wconf 90' lang='lat' dir='ltr'>alii</span> <span class='ocrx_word' id='word_1_606' title='bbox 3250 3730 3395 3780; x_wconf 90' lang='lat' dir='ltr'>ante</span> <span class='ocrx_word' id='word_1_607' title='bbox 3437 3738 3580 3780; x_wconf 88' lang='lat' dir='ltr'>eum</span> <span class='ocrx_word' id='word_1_608' title='bbox 3639 3714 3832 3780; x_wconf 89' lang='lat' dir='ltr'>multi.</span> <span class='ocrx_word' id='word_1_609' title='bbox 3926 3716 4029 3781; x_wconf 85' lang='lat' dir='ltr'>Sic</span> 
     </span>
     <span class='ocr_line' id='line_1_82' title="bbox 2335 3818 4027 3909; baseline -0.002 -22"><span class='ocrx_word' id='word_1_610' title='bbox 2335 3823 2499 3887; x_wconf 91' lang='lat' dir='ltr'>enim</span> <span class='ocrx_word' id='word_1_611' title='bbox 2521 3821 2917 3909; x_wconf 88' lang='lat' dir='ltr'>accipiendus</span> <span class='ocrx_word' id='word_1_612' title='bbox 2937 3839 3030 3884; x_wconf 91' lang='lat' dir='ltr'>est</span> <span class='ocrx_word' id='word_1_613' title='bbox 3059 3819 3234 3884; x_wconf 84' lang='lat' dir='ltr'>locus</span> <span class='ocrx_word' id='word_1_614' title='bbox 3265 3820 3468 3885; x_wconf 91' lang='lat' dir='ltr'>Cicer.</span> <span class='ocrx_word' id='word_1_615' title='bbox 3501 3818 3764 3883; x_wconf 89' lang='lat' dir='ltr'>Tuscul.</span> <span class='ocrx_word' id='word_1_616' title='bbox 3791 3820 3849 3882; x_wconf 93' lang='grc' dir='ltr'>Ι.</span> <span class='ocrx_word' id='word_1_617' title='bbox 3881 3820 4027 3884; x_wconf 81' lang='lat'><strong>10:”</strong></span> 
     </span>
     <span class='ocr_line' id='line_1_83' title="bbox 2338 3920 4027 4009; baseline -0.002 -19"><span class='ocrx_word' id='word_1_618' title='bbox 2338 3928 2667 3990; x_wconf 89' lang='lat' dir='ltr'>Hactenus</span> <span class='ocrx_word' id='word_1_619' title='bbox 2697 3922 3151 4009; x_wconf 85' lang='lat' dir='ltr'>Wytteubach.</span> <span class='ocrx_word' id='word_1_620' title='bbox 3223 3924 3331 3987; x_wconf 90' lang='lat' dir='ltr'>Tu</span> <span class='ocrx_word' id='word_1_621' title='bbox 3376 3921 3459 3987; x_wconf 88' lang='lat' dir='ltr'>cf.</span> <span class='ocrx_word' id='word_1_622' title='bbox 3495 3921 3741 3986; x_wconf 88' lang='lat' dir='ltr'>Mahnii</span> <span class='ocrx_word' id='word_1_623' title='bbox 3787 3920 4027 3987; x_wconf 89' lang='lat' dir='ltr'>Diatri-</span> 
     </span>
     <span class='ocr_line' id='line_1_84' title="bbox 2335 4023 4023 4113; baseline -0.004 -20"><span class='ocrx_word' id='word_1_624' title='bbox 2335 4029 2451 4093; x_wconf 88' lang='lat' dir='ltr'>ben</span> <span class='ocrx_word' id='word_1_625' title='bbox 2511 4028 2591 4092; x_wconf 91' lang='lat' dir='ltr'>de</span> <span class='ocrx_word' id='word_1_626' title='bbox 2638 4026 3021 4091; x_wconf 85' lang='lat' dir='ltr'>Aristoxeno</span> <span class='ocrx_word' id='word_1_627' title='bbox 3072 4024 3456 4113; x_wconf 86' lang='lat' dir='ltr'>Philosopho</span> <span class='ocrx_word' id='word_1_628' title='bbox 3501 4023 3916 4112; x_wconf 88' lang='lat' dir='ltr'>Peripatetico</span> <span class='ocrx_word' id='word_1_629' title='bbox 3958 4047 4023 4111; x_wconf 94' lang='lat' dir='ltr'>p.</span> 
     </span>
     <span class='ocr_line' id='line_1_85' title="bbox 2337 4126 4027 4217; baseline -0.004 -19"><span class='ocrx_word' id='word_1_630' title='bbox 2337 4151 2481 4198; x_wconf 87' lang='lat'><strong>200.</strong></span> <span class='ocrx_word' id='word_1_631' title='bbox 2515 4153 2654 4217; x_wconf 91' lang='lat' dir='ltr'><strong>sqq.</strong></span> <span class='ocrx_word' id='word_1_632' title='bbox 2727 4132 2874 4217; x_wconf 83' lang='lat' dir='ltr'>Ego</span> <span class='ocrx_word' id='word_1_633' title='bbox 2917 4128 3150 4194; x_wconf 88' lang='lat' dir='ltr'>Plotini</span> <span class='ocrx_word' id='word_1_634' title='bbox 3193 4152 3410 4193; x_wconf 88' lang='lat' dir='ltr'>caussa</span> <span class='ocrx_word' id='word_1_635' title='bbox 3451 4126 3797 4192; x_wconf 87' lang='lat' dir='ltr'>adscribam</span> <span class='ocrx_word' id='word_1_636' title='bbox 3837 4128 4027 4192; x_wconf 88' lang='lat' dir='ltr'>verba</span> 
     </span>
     <span class='ocr_line' id='line_1_86' title="bbox 2336 4230 4021 4313; baseline -0.003 -14"><span class='ocrx_word' id='word_1_637' title='bbox 2336 4232 2666 4299; x_wconf 82' lang='lat' dir='ltr'>Iamblichi</span> <span class='ocrx_word' id='word_1_638' title='bbox 2697 4233 2737 4297; x_wconf 95' lang='lat' dir='ltr'><strong>l.</strong></span> <span class='ocrx_word' id='word_1_639' title='bbox 2766 4232 2847 4297; x_wconf 89' lang='lat' dir='ltr'><strong>l.:</strong></span> <span class='ocrx_word' id='word_1_640' title='bbox 2888 4230 3025 4296; x_wconf 87' lang='grc' dir='ltr'>Ἔτι</span> <span class='ocrx_word' id='word_1_641' title='bbox 3062 4234 3264 4297; x_wconf 89' lang='grc' dir='ltr'>τοίνυν</span> <span class='ocrx_word' id='word_1_642' title='bbox 3305 4231 3412 4311; x_wconf 82' lang='grc' dir='ltr'>τὴν</span> <span class='ocrx_word' id='word_1_643' title='bbox 3455 4233 3743 4313; x_wconf 88' lang='grc' dir='ltr'>ἁρμονίαν</span> <span class='ocrx_word' id='word_1_644' title='bbox 3786 4234 4021 4312; x_wconf 77' lang='grc' dir='ltr'>ἴδωμεν,</span> 
     </span>
     <span class='ocr_line' id='line_1_87' title="bbox 2332 4333 4018 4417; baseline -0.002 -15"><span class='ocrx_word' id='word_1_645' title='bbox 2332 4338 2402 4402; x_wconf 80' lang='grc' dir='ltr'>οὗ</span> <span class='ocrx_word' id='word_1_646' title='bbox 2431 4339 2539 4416; x_wconf 75' lang='grc' dir='ltr'>τὴν</span> <span class='ocrx_word' id='word_1_647' title='bbox 2570 4339 2637 4402; x_wconf 79' lang='grc' dir='ltr'>ἐν</span> <span class='ocrx_word' id='word_1_648' title='bbox 2665 4338 2939 4415; x_wconf 77' lang='grc' dir='ltr'>σώμασιν</span> <span class='ocrx_word' id='word_1_649' title='bbox 2985 4333 3363 4417; x_wconf 76' lang='grc' dir='ltr'>ἑνιδρυμένην</span> <span class='ocrx_word' id='word_1_650' title='bbox 3392 4333 3530 4397; x_wconf 82' lang='grc' dir='ltr'>ἀλλ’</span> <span class='ocrx_word' id='word_1_651' title='bbox 3560 4335 3599 4412; x_wconf 88' lang='grc' dir='ltr'><em>ἥ</em></span> <span class='ocrx_word' id='word_1_652' title='bbox 3625 4359 3712 4401; x_wconf 88' lang='grc' dir='ltr'>τις</span> <span class='ocrx_word' id='word_1_653' title='bbox 3740 4334 3871 4398; x_wconf 79' lang='grc' dir='ltr'>ἐστὶ</span> <span class='ocrx_word' id='word_1_654' title='bbox 3910 4361 4018 4414; x_wconf 88' lang='grc' dir='ltr'>μα-</span> 
     </span>
     <span class='ocr_line' id='line_1_88' title="bbox 2334 4437 4026 4520; baseline -0.002 -16"><span class='ocrx_word' id='word_1_655' title='bbox 2334 4438 2636 4520; x_wconf 85' lang='grc' dir='ltr'>θηματική.</span> <span class='ocrx_word' id='word_1_656' title='bbox 2681 4442 2898 4518; x_wconf 79' lang='grc' dir='ltr'>ταύτην</span> <span class='ocrx_word' id='word_1_657' title='bbox 2928 4440 3130 4503; x_wconf 85' lang='grc' dir='ltr'>τοίνυν</span> <span class='ocrx_word' id='word_1_658' title='bbox 3165 4439 3243 4504; x_wconf 81' lang='grc' dir='ltr'>ὡς</span> <span class='ocrx_word' id='word_1_659' title='bbox 3282 4438 3395 4517; x_wconf 76' lang='grc' dir='ltr'>μὲν</span> <span class='ocrx_word' id='word_1_660' title='bbox 3434 4439 3638 4504; x_wconf 78' lang='grc' dir='ltr'>ἁπλῶς</span> <span class='ocrx_word' id='word_1_661' title='bbox 3679 4439 3885 4510; x_wconf 78' lang='grc' dir='ltr'>εἰπεῖν,</span> <span class='ocrx_word' id='word_1_662' title='bbox 3917 4437 4026 4517; x_wconf 78' lang='grc' dir='ltr'>τὴν</span> 
     </span>
     <span class='ocr_line' id='line_1_89' title="bbox 2330 4538 4025 4625; baseline -0.003 -18"><span class='ocrx_word' id='word_1_663' title='bbox 2330 4547 2406 4607; x_wconf 77' lang='grc' dir='ltr'>τὰ</span> <span class='ocrx_word' id='word_1_664' title='bbox 2451 4542 2811 4625; x_wconf 84' lang='grc' dir='ltr'>διαφέροντα</span> <span class='ocrx_word' id='word_1_665' title='bbox 2857 4543 3134 4605; x_wconf 85' lang='grc' dir='ltr'>ὁπωσοῦν</span> <span class='ocrx_word' id='word_1_666' title='bbox 3184 4542 3489 4620; x_wconf 79' lang='grc' dir='ltr'>σύμμετρα</span> <span class='ocrx_word' id='word_1_667' title='bbox 3533 4540 3629 4603; x_wconf 86' lang='grc' dir='ltr'>καὶ</span> <span class='ocrx_word' id='word_1_668' title='bbox 3679 4538 4025 4621; x_wconf 87' lang='grc' dir='ltr'>προσήγορα</span> 
     </span>
     <span class='ocr_line' id='line_1_90' title="bbox 2330 4641 4025 4727; baseline 0 -17"><span class='ocrx_word' id='word_1_669' title='bbox 2330 4644 2831 4727; x_wconf 72' lang='grc' dir='ltr'>ἀπεργαζομένην,</span> <span class='ocrx_word' id='word_1_670' title='bbox 2863 4642 3152 4725; x_wconf 76' lang='grc' dir='ltr'>ἀναφέρει</span> <span class='ocrx_word' id='word_1_671' title='bbox 3183 4645 3265 4710; x_wconf 76' lang='grc' dir='ltr'>εἰς</span> <span class='ocrx_word' id='word_1_672' title='bbox 3297 4642 3406 4721; x_wconf 79' lang='grc' dir='ltr'>τὴν</span> <span class='ocrx_word' id='word_1_673' title='bbox 3441 4642 3652 4725; x_wconf 76' lang='grc' dir='ltr'>ψυχὴν</span> <span class='ocrx_word' id='word_1_674' title='bbox 3679 4641 4025 4723; x_wconf 82' lang='grc' dir='ltr'>Μοὸέρατος</span> 
     </span>
     <span class='ocr_line' id='line_1_91' title="bbox 2330 4743 4019 4829; baseline -0.003 -17"><span class='ocrx_word' id='word_1_675' title='bbox 2330 4748 2524 4827; x_wconf 80' lang='grc' dir='ltr'>-τῆν</span> <span class='ocrx_word' id='word_1_676' title='bbox 2569 4750 2635 4811; x_wconf 74' lang='grc' dir='ltr'>δὲ</span> <span class='ocrx_word' id='word_1_677' title='bbox 2671 4749 2748 4814; x_wconf 80' lang='grc' dir='ltr'>ὡς</span> <span class='ocrx_word' id='word_1_678' title='bbox 2788 4749 2855 4811; x_wconf 77' lang='grc' dir='ltr'>ἐν</span> <span class='ocrx_word' id='word_1_679' title='bbox 2893 4747 3099 4829; x_wconf 81' lang='grc' dir='ltr'>λόγοις</span> <span class='ocrx_word' id='word_1_680' title='bbox 3135 4751 3256 4812; x_wconf 77' lang='grc' dir='ltr'>τοῖς</span> <span class='ocrx_word' id='word_1_681' title='bbox 3299 4743 3422 4808; x_wconf 81' lang='grc' dir='ltr'>κατ’</span> <span class='ocrx_word' id='word_1_682' title='bbox 3468 4745 3681 4808; x_wconf 81' lang='grc' dir='ltr'>οὐσίαν</span> <span class='ocrx_word' id='word_1_683' title='bbox 3720 4749 4019 4827; x_wconf 84' lang='grc' dir='ltr'>προϋπάρ-</span> 
     </span>
     <span class='ocr_line' id='line_1_92' title="bbox 2330 4846 4024 4934; baseline -0.003 -19"><span class='ocrx_word' id='word_1_684' title='bbox 2330 4877 2545 4934; x_wconf 87' lang='grc' dir='ltr'>χουσιν</span> <span class='ocrx_word' id='word_1_685' title='bbox 2577 4856 2887 4917; x_wconf 83' lang='grc' dir='ltr'>Πλωτῖνος</span> <span class='ocrx_word' id='word_1_686' title='bbox 2916 4849 3010 4913; x_wconf 85' lang='grc' dir='ltr'>καὶ</span> <span class='ocrx_word' id='word_1_687' title='bbox 3039 4850 3381 4930; x_wconf 82' lang='grc' dir='ltr'>Πορφύριος</span> <span class='ocrx_word' id='word_1_688' title='bbox 3409 4848 3506 4910; x_wconf 84' lang='grc' dir='ltr'>καὶ</span> <span class='ocrx_word' id='word_1_689' title='bbox 3531 4846 3812 4926; x_wconf 85' lang='grc' dir='ltr'>Ἀμέλιος</span> <span class='ocrx_word' id='word_1_690' title='bbox 3837 4873 4024 4929; x_wconf 90' lang='grc' dir='ltr'>παρα-</span> 
     </span>
     <span class='ocr_line' id='line_1_93' title="bbox 2330 4950 4016 5037; baseline -0.002 -18"><span class='ocrx_word' id='word_1_691' title='bbox 2330 4957 2689 5019; x_wconf 73' lang='grc' dir='ltr'>δεδόκασινε</span> <span class='ocrx_word' id='word_1_692' title='bbox 2740 4954 2782 5018; x_wconf 91' lang='lat' dir='ltr'>i.</span> <span class='ocrx_word' id='word_1_693' title='bbox 2805 4978 2862 5018; x_wconf 90' lang='lat' dir='ltr'>e.</span> <span class='ocrx_word' id='word_1_694' title='bbox 2895 4968 2967 5018; x_wconf 91' lang='lat' dir='ltr'>ut</span> <span class='ocrx_word' id='word_1_695' title='bbox 3010 4952 3072 5016; x_wconf 92' lang='lat' dir='ltr'>in</span> <span class='ocrx_word' id='word_1_696' title='bbox 3111 4950 3454 5016; x_wconf 87' lang='lat' dir='ltr'>rationibus</span> <span class='ocrx_word' id='word_1_697' title='bbox 3481 4950 3743 5015; x_wconf 88' lang='lat' dir='ltr'>essentia</span> <span class='ocrx_word' id='word_1_698' title='bbox 3772 4974 4016 5037; x_wconf 87' lang='lat' dir='ltr'>praeex-</span> 
     </span>
     <span class='ocr_line' id='line_1_94' title="bbox 2328 5052 4017 5122; baseline -0.001 -2"><span class='ocrx_word' id='word_1_699' title='bbox 2328 5057 2656 5122; x_wconf 88' lang='lat' dir='ltr'>istentibus</span> <span class='ocrx_word' id='word_1_700' title='bbox 2681 5056 3044 5121; x_wconf 88' lang='lat' dir='ltr'>existentem</span> <span class='ocrx_word' id='word_1_701' title='bbox 3079 5052 3481 5119; x_wconf 89' lang='lat' dir='ltr'>harmoniam.</span> <span class='ocrx_word' id='word_1_702' title='bbox 3573 5053 3876 5117; x_wconf 90' lang='lat' dir='ltr'>Nostrum</span> <span class='ocrx_word' id='word_1_703' title='bbox 3908 5076 4017 5118; x_wconf 89' lang='lat' dir='ltr'>au-</span> 
     </span>
     <span class='ocr_line' id='line_1_95' title="bbox 2330 5154 4016 5242; baseline -0.003 -18"><span class='ocrx_word' id='word_1_704' title='bbox 2330 5176 2452 5224; x_wconf 91' lang='lat' dir='ltr'>tem</span> <span class='ocrx_word' id='word_1_705' title='bbox 2486 5158 2689 5224; x_wconf 88' lang='lat' dir='ltr'>locum</span> <span class='ocrx_word' id='word_1_706' title='bbox 2721 5173 2866 5222; x_wconf 90' lang='lat' dir='ltr'>ante</span> <span class='ocrx_word' id='word_1_707' title='bbox 2893 5156 3104 5221; x_wconf 91' lang='lat' dir='ltr'>oculos</span> <span class='ocrx_word' id='word_1_708' title='bbox 3133 5154 3353 5219; x_wconf 87' lang='lat' dir='ltr'>habuit</span> <span class='ocrx_word' id='word_1_709' title='bbox 3381 5170 3444 5219; x_wconf 91' lang='lat' dir='ltr'>et</span> <span class='ocrx_word' id='word_1_710' title='bbox 3478 5154 3707 5242; x_wconf 91' lang='lat' dir='ltr'>partim</span> <span class='ocrx_word' id='word_1_711' title='bbox 3740 5155 4016 5219; x_wconf 87' lang='lat' dir='ltr'>verbote-</span> 
     </span>
     <span class='ocr_line' id='line_1_96' title="bbox 2327 5258 4011 5347; baseline -0.002 -20"><span class='ocrx_word' id='word_1_712' title='bbox 2327 5286 2447 5327; x_wconf 91' lang='lat' dir='ltr'>nus</span> <span class='ocrx_word' id='word_1_713' title='bbox 2489 5262 2742 5326; x_wconf 87' lang='lat' dir='ltr'>exhibet</span> <span class='ocrx_word' id='word_1_714' title='bbox 2785 5258 3198 5347; x_wconf 78' lang='lat' dir='ltr'>PorphyriuS,</span> <span class='ocrx_word' id='word_1_715' title='bbox 3243 5258 3306 5322; x_wconf 88' lang='lat' dir='ltr'>in</span> <span class='ocrx_word' id='word_1_716' title='bbox 3354 5260 3660 5322; x_wconf 84' lang='lat' dir='ltr'>Sententt.</span> <span class='ocrx_word' id='word_1_717' title='bbox 3701 5258 3914 5322; x_wconf 87' lang='lat' dir='ltr'><strong>XIX.</strong></span> <span class='ocrx_word' id='word_1_718' title='bbox 3945 5280 4011 5345; x_wconf 92' lang='lat' dir='ltr'>p.</span> 
     </span>
     <span class='ocr_line' id='line_1_97' title="bbox 2330 5359 4013 5451; baseline -0.002 -23"><span class='ocrx_word' id='word_1_719' title='bbox 2330 5383 2471 5450; x_wconf 85' lang='lat'><strong>225.</strong></span> <span class='ocrx_word' id='word_1_720' title='bbox 2505 5388 2640 5451; x_wconf 74' lang='lat' dir='ltr'>sq.=</span> <span class='ocrx_word' id='word_1_721' title='bbox 2702 5365 2847 5427; x_wconf 85' lang='grc' dir='ltr'>ὅταν</span> <span class='ocrx_word' id='word_1_722' title='bbox 2881 5367 2997 5445; x_wconf 74' lang='grc' dir='ltr'>γὰρ</span> <span class='ocrx_word' id='word_1_723' title='bbox 3035 5361 3103 5425; x_wconf 77' lang='grc' dir='ltr'>τὸ</span> <span class='ocrx_word' id='word_1_724' title='bbox 3146 5368 3295 5439; x_wconf 75' lang='grc' dir='ltr'>ζῶον</span> <span class='ocrx_word' id='word_1_725' title='bbox 3340 5359 3708 5439; x_wconf 78' lang='grc' dir='ltr'>αἰσθάνηται,</span> <span class='ocrx_word' id='word_1_726' title='bbox 3757 5359 3950 5424; x_wconf 82' lang='grc' dir='ltr'>ἔοικεν</span> <span class='ocrx_word' id='word_1_727' title='bbox 3976 5363 4013 5440; x_wconf 87' lang='grc' dir='ltr'>ἡ</span> 
     </span>
     <span class='ocr_line' id='line_1_98' title="bbox 2326 5463 4009 5552; baseline -0.005 -4"><span class='ocrx_word' id='word_1_728' title='bbox 2326 5470 2438 5548; x_wconf 68' lang='grc' dir='ltr'>μὲν</span> <span class='ocrx_word' id='word_1_729' title='bbox 2463 5468 2637 5552; x_wconf 72' lang='grc' dir='ltr'>ψυχὴ</span> <span class='ocrx_word' id='word_1_730' title='bbox 2675 5468 2931 5551; x_wconf 51' lang='grc' dir='ltr'>ἁρμονίη»</span> <span class='ocrx_word' id='word_1_731' title='bbox 2978 5465 3121 5552; x_wconf 78' lang='lat' dir='ltr'>(1eg.</span> <span class='ocrx_word' id='word_1_732' title='bbox 3152 5466 3430 5549; x_wconf 66' lang='grc' dir='ltr'>ἁρμονίᾳ)</span> <span class='ocrx_word' id='word_1_733' title='bbox 3468 5465 3750 5545; x_wconf 66' lang='grc' dir='ltr'>χωριστῇ,</span> <span class='ocrx_word' id='word_1_734' title='bbox 3783 5463 3846 5541; x_wconf 74' lang='grc' dir='ltr'>ἐξ</span> <span class='ocrx_word' id='word_1_735' title='bbox 3876 5466 4009 5529; x_wconf 81' lang='grc' dir='ltr'>ἑαυ-</span> 
     </span>
     <span class='ocr_line' id='line_1_99' title="bbox 2328 5564 4011 5653; baseline -0.002 -16"><span class='ocrx_word' id='word_1_736' title='bbox 2328 5572 2430 5648; x_wconf 85' lang='grc' dir='ltr'>τῆς</span> <span class='ocrx_word' id='word_1_737' title='bbox 2465 5572 2572 5636; x_wconf 76' lang='grc' dir='ltr'>τὰς</span> <span class='ocrx_word' id='word_1_738' title='bbox 2607 5572 2827 5653; x_wconf 76' lang='grc' dir='ltr'>χορδὰς</span> <span class='ocrx_word' id='word_1_739' title='bbox 2865 5569 3106 5648; x_wconf 81' lang='grc' dir='ltr'>κινούση</span> <span class='ocrx_word' id='word_1_740' title='bbox 3145 5564 3535 5649; x_wconf 83' lang='grc' dir='ltr'>ἦρμοσμένας·</span> <span class='ocrx_word' id='word_1_741' title='bbox 3583 5566 3655 5642; x_wconf 79' lang='grc' dir='ltr'>τῇ</span> <span class='ocrx_word' id='word_1_742' title='bbox 3693 5566 3759 5627; x_wconf 70' lang='grc' dir='ltr'>δὲ</span> <span class='ocrx_word' id='word_1_743' title='bbox 3789 5566 3858 5628; x_wconf 80' lang='grc' dir='ltr'>ἐν</span> <span class='ocrx_word' id='word_1_744' title='bbox 3884 5572 4011 5634; x_wconf 84' lang='grc' dir='ltr'>ταῖς</span> 
     </span>
     <span class='ocr_line' id='line_1_100' title="bbox 2379 5679 2520 5728; baseline 0 0"><span class='ocrx_word' id='word_1_745' title='bbox 2379 5679 2437 5728; x_wconf 87' lang='grc' dir='ltr'><strong>Α</strong></span> <span class='ocrx_word' id='word_1_746' title='bbox 2475 5682 2520 5728; x_wconf 74' lang='lat' dir='ltr'><strong>a</strong></span> 
     </span>
    </p>
   </div>
  </div>
 </body>
</html>
