5118 6613
1458 529 1657 593 LIB.
1703 528 1805 594 11.
1852 527 2302 593 ENNEAD.
2351 526 2803 593 TERTIAE.
2847 548 2913 614 p.
2942 527 3307 612 453—461.

626 702 892 770 Platoni.
985 703 1049 767 N
1051 700 1366 789 egandum
1408 701 1595 766 etiam
1621 701 1689 766 id
1716 701 1877 766 forte
1915 723 2039 766 non
2083 716 2198 780 est,
2227 700 2310 765 ad

621 807 932 873 eludenda
968 806 1422 893 Epicureorum
1461 804 1584 869 tela
1625 819 1840 869 contra
1881 804 2101 868 mundi
2126 804 2312 892 origi-

622 933 763 976 nem
804 910 868 976 in
913 924 1193 997 tempore
1236 908 1644 988 Platonicam,
1690 909 1851 973 hanc
1893 932 2146 997 quoque
2188 907 2311 972 dis-

622 1012 977 1078 tinctionem
1025 1011 1381 1077 adhibuisse
1411 1010 1864 1076 Alexandrinos
1906 1011 2311 1099 philosophos

623 1115 1033 1182 PlatonicoS.”
1120 1117 1283 1181 I-Iaec
1342 1114 1646 1180 Brucker.
1733 1117 1836 1180 Tu
1882 1115 2094 1180 confer
2153 1117 2311 1180 Pro-

622 1220 790 1285 clum
831 1219 896 1283 in
942 1219 1262 1283 Timaeum
1299 1241 1367 1305 p.
1402 1219 1506 1304 85.
1538 1234 1602 1283 et
1641 1217 1848 1282 Procli
1889 1218 2048 1283 Inst.
2080 1217 2307 1282 Theol.

621 1346 683 1389 c.
710 1324 817 1404 48.
849 1346 913 1411 p.
953 1324 1057 1405 78.
1080 1344 1219 1409 sqq,
1250 1336 1314 1386 et
1350 1344 1510 1408 quos
1548 1320 1636 1386 ibi
1666 1320 2080 1399 laudavimus,
2113 1320 2310 1385 Ploti-

623 1450 777 1492 num
822 1450 887 1514 p.
920 1428 1025 1512 96.
1060 1449 1198 1513 sqq.
1223 1448 1292 1513 p.
1324 1446 1472 1511 553.
1505 1448 1594 1512 sq.
1640 1423 1933 1488 Proclum
1972 1423 2038 1486 in
2084 1421 2310 1486 Theol.

625 1530 871 1596 Platon.
916 1530 1017 1594 II.
1057 1548 1155 1594 11.
1184 1553 1253 1617 p.
1291 1547 1434 1601 107.
1482 1529 1624 1592 III.
1662 1549 1715 1592 1.
1747 1550 1813 1615 p.
1851 1529 1992 1592 126.
2027 1550 2118 1613 sq.
2169 1526 2308 1590 ΙΙΙ.

632 1635 731 1697 16·
767 1657 830 1721 p.
866 1650 1008 1716 147.
1065 1631 1332 1719 Dionys,
1364 1633 1606 1719 Areop.
1649 1630 1761 1717 qui
1803 1631 2026 1708 fertur,
2073 1630 2152 1694 de
2196 1627 2313 1692 Di-

623 1735 792 1800 vinu.
822 1734 1162 1800 nominibb.
1196 1736 1274 1799 V.
1293 1754 1357 1815 4.
1388 1756 1452 1821 p.
1480 1736 1630 1819 690.
1657 1757 1800 1798 cum
1836 1732 2096 1798 Scholiis
2122 1733 2312 1796 Max-

622 1838 727 1902 imi
771 1861 834 1926 p.
867 1853 1013 1924 705.
1046 1861 1139 1925 sq.
1170 1851 1235 1902 et
1275 1837 1597 1902 Stobaeum
1625 1836 1689 1900 in
1722 1836 1989 1923 Eclogg.
2023 1837 2080 1899 Ι.
2115 1854 2217 1901 22.
2246 1858 2313 1923 p.

625 1943 772 2027 438.
821 1965 956 2029 sqq.
1008 1944 1200 2006 Heer.
1266 1940 1379 2005 Ad
1418 1940 1740 2027 sequentia
1765 1939 1848 2004 cf.
1880 1938 2313 2004 Tennemanni

627 2044 866 2109 Histor.
923 2042 1289 2131 Philosoph.
1318 2043 1439 2109 VI.
1483 2067 1548 2130 p.
1586 2064 1727 2108 100.
1765 2066 1859 2129 sq.
1905 2042 2016 2128 qui
2058 2042 2314 2130 insuper

626 2147 893 2212 contulit
931 2148 1104 2211 Enn.
1136 2147 1215 2211 V.
1258 2145 1395 2210 libr.
1431 2147 1482 2210 Ι.
1514 2170 1568 2212 c.
1596 2167 1663 2227 4.
1731 2147 2072 2233 Comparat
2098 2159 2309 2209 autem

623 2273 768 2315 eum
796 2249 914 2314 hoc
958 2249 1039 2314 de
1075 2249 1468 2337 providentia
1508 2248 1736 2337 placito
1779 2248 1975 2314 simile
2012 2247 2309 2337 placitum

627 2351 916 2418 Basilidis
958 2352 1244 2418 Gnostici
1290 2356 1413 2439 (ap.
1449 2352 1648 2419 Clem.
1693 2352 1884 2417 Alex.
1934 2354 2163 2417 Strom.
2197 2352 2309 2415 IV.

624 2478 688 2544 p.
719 2459 897 2541 509.)
931 2456 1236 2520 Neander
1264 2455 1326 2519 in
1357 2456 1624 2544 Allgem.
1667 2455 1886 2520 Gesch.
1929 2455 2042 2519 der
2074 2455 2313 2521 Christ.

628 2560 926 2648 Religion
954 2558 1090 2622 und
1117 2558 1377 2639 Kirclze,
1409 2559 1461 2622 Ι.
1495 2577 1555 2625 2.
1587 2581 1648 2645 p.
1683 2559 1829 2622 688.

710 2684 775 2749 p.
804 2683 887 2747 45
891 2683 957 2748 5,
987 2682 1085 2749 13.
1129 2661 1218 2725 Τὸ
1249 2664 1313 2726 δὲ
1341 2665 1864 2744 πολυπραγμονεῖν
1882 2660 1985 2724 οὐκ
2009 2659 2311 2747 ἀσφαλὲς]

628 2764 934 2830 Placitum
981 2764 1285 2840 PlatoniS,
1321 2764 1671 2828 Stoicorum
1708 2762 2098 2849 aliorumque
2144 2761 2310 2850 sapi-

625 2882 866 2947 entum,
888 2889 1159 2954 quorum
1190 2866 1359 2932 dicta
1388 2866 1658 2932 breviter
1678 2865 1929 2952 attingit
1952 2867 2075 2929 Ez.
2099 2866 2312 2952 Span-

626 2969 779 3035 ltem.
823 2969 887 3034 in
919 2972 1201 3035 Preuves
1240 2970 1348 3035 des
1390 2972 1778 3057 Remarques
1806 2991 1923 3034 sur
1959 2969 2047 3032 les
2085 2969 2314 3034 Cesar-s·

624 3074 701 3138 de
727 3075 970 3151 Julian,
1000 3096 1065 3160 p.
1097 3092 1202 3154 40.
1305 3075 1412 3136 Tu
1457 3072 1559 3137 Cf.
1596 3074 1844 3138 Platon.
1880 3071 2207 3158 Gorgiam,
2242 3093 2311 3158 p.

625 3179 774 3263 566.
807 3200 866 3241 c.
897 3191 962 3241 et
990 3175 1328 3242 Heindorf.
1363 3175 1616 3240 adeum
1648 3175 1852 3240 locum
1877 3199 1940 3263 p.
1978 3193 2122 3260 273.

708 3302 772 3368 p.
823 3298 975 3364 457,
1020 3298 1079 3344 1.
1126 3282 1297 3345 Οὕτω
1338 3279 1408 3359 δὴ
1466 3281 1561 3344 καὶ
1611 3281 1674 3359 ἐξ
1727 3278 1861 3348 ἑνὸς
1911 3282 2019 3343 νοῦ
2070 3278 2166 3343 καὶ
2210 3280 2315 3341 τοῦ

628 3410 678 3448 κ.
703 3410 758 3448 r.
783 3384 883 3472 λ.]
930 3383 1186 3448 Laudat
1210 3381 1651 3447 Theodoretus
1674 3382 2063 3468 Therapeut.
2084 3381 2163 3445 L.
2190 3380 2308 3443 VI.

625 3509 685 3575 p.
717 3487 866 3551 868.
917 3484 1189 3551 Schulzii
1240 3486 1373 3550 haec
1411 3487 1560 3551 οὕτω
1605 3484 1985 3564 δὴ-διέστη,
2032 3482 2306 3547 addens:

625 3594 807 3654 ταῦτα
835 3591 931 3654 καὶ
951 3591 1120 3657 οὗτος
1150 3592 1216 3653 ἐκ
1243 3595 1360 3652 τῶν
1392 3590 1562 3670 ἱερῶν
1588 3588 1814 3669 λογίων
1844 3588 2196 3667 σεσύληκεν.

709 3717 775 3782 p.
802 3695 953 3778 458,
983 3697 1049 3759 6.
1095 3694 1243 3757 ὅλον
1272 3691 1386 3774 γάρ
1415 3718 1471 3755 τι
1499 3691 1772 3779 ἐποίησε]
1815 3690 1988 3753 Citat
2018 3685 2314 3752 Theodo-

625 3813 795 3862 retus
826 3798 864 3860 Ι.
896 3795 939 3859 l.
970 3819 1032 3884 p.
1069 3797 1220 3881 869.
1252 3817 1452 3880 usque
1480 3792 1559 3858 ad
1583 3816 1644 3880 p.
1678 3815 1768 3878 sq.
1794 3792 1870 3855 Β.
1896 3794 2094 3875 φύσις.
2148 3791 2313 3853 Lau-

628 3899 738 3964 dat
753 3900 937 3964 etiam
962 3911 1024 3962 et
1046 3910 1268 3964 tractat
1294 3895 1356 3960 in
1382 3898 1647 3983 System.
1684 3894 1989 3959 Intellect.
2014 3893 2311 3958 Cudzoor-

630 4002 773 4067 tlms
802 4024 866 4089 p.
908 4002 1089 4083 1178.
1133 4024 1230 4086 sq.
1263 4020 1449 4086 quem
1482 3998 1627 4062 vide
1677 3999 2164 4061 Tennemannus
2205 4017 2315 4058 au-

628 4119 748 4171 tem
779 4106 845 4169 in
876 4104 1049 4169 Hist.
1095 4102 1331 4168 Philos.
1361 4103 1480 4166 VI.
1508 4124 1571 4189 p.
1610 4122 1752 4187 149.
1782 4100 1844 4163 in
1876 4099 1993 4177 his,
2024 4122 2169 4185 quae
2194 4097 2313 4163 hoc

625 4223 687 4274 et
723 4208 1040 4297 superiore
1068 4205 1269 4294 capite
1298 4204 1473 4293 ponit
1502 4203 1810 4282 Plotinus,
1839 4201 2154 4266 luculenta
2183 4224 2314 4264 ves-

625 4311 775 4399 tigia
804 4310 999 4375 inesse
1026 4309 1175 4374 dicit
1209 4307 1584 4373 Theodiceae
1616 4305 2088 4381 Leibnitzianae,
2111 4305 2169 4368 T
2172 4304 2314 4367 heo-

626 4413 878 4479 doretus
906 4428 1140 4491 autem,
1171 4427 1242 4476 ut
1277 4410 1427 4476 illuc
1455 4410 1786 4487 revertar,''
1816 4408 1949 4472 baec
1993 4406 2315 4472 Plotinum

626 4540 664 4581 a
691 4516 937 4582 Davide
971 4513 1234 4601 (Psalm.
1274 4514 1553 4579 XVIII.
1592 4517 1683 4597 2.)
1730 4511 2100 4599 surripuisse
2145 4509 2313 4574 dicit.

711 4643 772 4707 p.
814 4640 965 4705 459,
996 4623 1055 4685 6.
1121 4619 1414 4699 δαιμόνων
1471 4617 1664 4701 δῆμοι]
1748 4614 2043 4679 Similiter
2102 4616 2314 4676 Arno-

625 4722 807 4797 bius:
853 4723 1028 4810 plebs
1057 4723 1392 4785 numinum
1415 4745 1436 4783 :
1485 4718 1848 4784 Marcianus
1878 4715 2172 4804 Capella:
2208 4717 2314 4779 ke-

626 4848 805 4889 roum
831 4826 1142 4912 populus:
1195 4822 1426 4910 quibus
1458 4845 1598 4887 cum
1648 4822 1794 4887 locis
1836 4836 2116 4885 nostrum
2146 4842 2312 4884 com-

628 4944 805 5014 parat
836 4929 958 4992 Ez.
990 4927 1330 5014 Spanhem.
1361 4927 1644 4991 Preuves
1661 4926 1768 4990 des
1784 4926 2173 5011 Remarques
2199 4945 2316 4988 sur

626 5032 711 5096 les
739 5034 972 5098 cesare
1000 5031 1076 5093 de
1103 5031 1347 5108 Julian,
1379 5051 1444 5116 p.
1475 5050 1514 5116 3
1519 5048 1585 5113 5.

706 5171 793 5185 —
829 5135 931 5197 16.
977 5134 1073 5197 καὶ
1100 5136 1175 5197 τᾶ
1200 5135 1312 5213 μὲν
1341 5136 1445 5196 τοῦ
1476 5131 1881 5195 εἶναι-δοκεῖ
1902 5125 2117 5213 μόνον]
2149 5127 2315 5192 Haec

627 5236 769 5301 item
800 5250 994 5301 sextae
1021 5259 1152 5299 suae
1179 5233 1606 5323 Disputationi
1649 5232 2032 5318 Therapeut.
2066 5253 2129 5318 p.
2166 5231 2310 5313 870.

628 5363 719 5428 sq.
763 5338 1025 5404 inseruit
1064 5338 1497 5403 Theodoretus
1540 5359 1740 5423 usque
1781 5333 1862 5398 ad
1897 5334 2004 5397 fin.
2040 5331 2318 5420 capit.—

631 5445 721 5507 καὶ
754 5443 822 5507 τὸ
869 5442 1049 5506 αὐτοῦ
1087 5441 1269 5525 ἔχειν.
1363 5441 1527 5504 Haec
1569 5453 1848 5503 extrema
1888 5436 1976 5500 ita
2015 5433 2316 5522 expressit

628 5542 930 5633 interpres
953 5542 1333 5608 Theodoreti
1352 5550 1506 5607 :—“
1531 5555 1596 5607 et
1630 5539 1837 5628 digiti,
1867 5538 2112 5628 opinor,
2140 5536 2313 5603 aliud

3967 547 4084 614 143

2393 715 2509 778 est,
2555 698 2756 787 digito
2796 721 2947 778 esse,
2979 711 3044 763 et
3079 722 3154 763 ea
3196 699 3447 778 habere,
3484 723 3630 785 quae
3673 698 3841 765 illius
3884 703 4089 766 sunt.”

2393 801 2508 866 Ad
2546 826 2694 891 quae
2746 801 2939 866 verba
2982 802 3337 867 Acciaiolus
3378 817 3626 867 monet:
3673 805 3838 869 Esse
3880 806 4089 893 digito

2394 905 2701 993 significat
2733 912 2773 945 “
2795 904 2974 994 digiti
2994 905 3462 970 substantiam.”
3535 904 3919 994 Sylburgius
3940 906 4090 971 alias

2394 1007 2686 1074 lectiones
2728 1024 2973 1073 secutus
3006 1008 3162 1092 (vid.
3198 1009 3341 1072 Var.
3377 1010 3589 1093 Lect.)
3625 1007 3802 1073 addit
3829 1032 3893 1096 p.
3927 1011 4084 1093 196:

2398 1119 2442 1152 “
2474 1113 2703 1176 Graeca
2734 1111 2824 1175 ita
2870 1110 3067 1198 magis
3112 1111 3194 1175 ad
3237 1112 3497 1176 verbum
3547 1124 3803 1176 sonant:
3850 1113 4089 1200 Digito

2394 1224 2605 1279 autem
2628 1216 2810 1280 aliud
2822 1225 2992 1303 puta
3022 1238 3107 1279 sc.
3128 1214 3570 1301 requirendum
3597 1239 3615 1294 ;
3663 1215 3945 1279 videlicet
3962 1236 4091 1280 esse

2396 1317 2696 1406 digitum,
2727 1327 2787 1382 et
2813 1319 2977 1406 quod
3000 1341 3188 1382 suum
3210 1327 3322 1396 est,
3354 1341 3402 1382 s.
3429 1317 3597 1404 quod
3629 1317 3743 1382 sibi
3776 1318 4088 1396 convenit,

2394 1419 2677 1485 habere?
2766 1421 2958 1508 Legit
3016 1420 3212 1508 igitur
3269 1424 3448 1485 αὑτοῦ
3506 1444 3619 1508 pro
3664 1422 3865 1485 αὐτοῦ.
3954 1422 4091 1485 Nec

2395 1522 2574 1587 aliter
2597 1523 2866 1588 FicinuS.
2955 1525 3129 1602 Quos
3156 1522 3348 1587 secuti
3380 1546 3614 1588 sumuS.
3692 1523 3937 1610 Taylor
3965 1523 4086 1587 ita:

2397 1625 2577 1690 while
2602 1626 2864 1690 another
2897 1649 3181 1714 purpose
3213 1629 3273 1691 is
3314 1626 3561 1690 desired
3596 1626 3669 1689 in
3709 1626 3808 1690 the
3829 1628 4088 1714 finger,

2398 1729 2595 1793 which
2637 1750 2777 1808 can,
2807 1731 2854 1793 I
2877 1730 3080 1810 think,
3106 1730 3177 1794 be
3213 1751 3296 1794 no
3330 1729 3504 1793 other
3547 1728 3700 1792 than
3735 1728 3872 1792 that
3907 1732 3964 1792 it
3990 1749 4091 1792 re-

2399 1833 2608 1897 maim
2636 1854 2680 1895 a
2683 1835 2940 1921 finger,
2965 1833 3095 1896 and
3111 1835 3432 1919 perform-5
3448 1833 3534 1896 its
3549 1831 3844 1919 peculiar
3869 1832 4094 1918 Qffi⁶⁶·”

2484 1959 2548 2021 p.
2579 1938 2728 2018 460,
2760 1956 2822 2021 3.
2873 1941 3004 2018 Πῦρ
3035 1936 3264 2017 δέ-μὴ
3283 1935 3610 2020 θαυμάσης]
3660 1936 3911 1999 Rursus
3957 1933 4092 1999 haec

2397 2037 2586 2102 habet
2642 2037 3083 2103 Theodoretus
3127 2062 3190 2126 p.
3238 2040 3389 2119 871.
3481 2039 3561 2102 In
3607 2036 3942 2125 proximis:
3993 2038 4090 2102 καὶ

2396 2140 2547 2220 ἦλθε
2580 2141 2676 2225 (τὸ
2716 2144 2859 2227 πῦρ)
2894 2145 2977 2209 εἰς
3013 2142 3081 2205 τὸ
3122 2140 3275 2205 εἶναι
3299 2139 3394 2205 ὑπ’
3427 2142 3618 2205 ἄλλου
3657 2146 3902 2224 φθορᾶς,
3948 2141 4087 2204 He·-

2395 2243 2719 2310 racliteum
2768 2246 2986 2310 sectari
3033 2244 3284 2309 videtur
3334 2244 3657 2332 placitum,
3699 2268 3829 2331 quo
3884 2244 4090 2309 omnia

2398 2348 2701 2414 elementa
2740 2373 2815 2412 ex
2856 2348 3000 2435 igne
3042 2348 3352 2413 orirentur
3380 2371 3451 2412 ac
3479 2348 3798 2435 perpetuis
3826 2370 4086 2413 conver-

2402 2451 2678 2517 sionibus
2719 2451 2781 2516 in
2822 2452 3028 2538 ignem
3072 2451 3283 2515 denuo
3317 2451 3606 2537 perirent.
3684 2450 3826 2516 Vid.
3859 2452 4090 2539 prima-

2400 2555 2566 2620 rium
2618 2554 2922 2620 Heracliti
2976 2555 3397 2642 fragmentum
3467 2575 3571 2640 ap.
3632 2556 3828 2618 Clem.
3894 2553 4085 2620 Alex.

2405 2660 2635 2723 Strom.
2669 2658 2747 2722 V.
2778 2682 2840 2746 p.
2877 2675 3022 2741 712.
3052 2656 3233 2738 πυρὸς
3260 2658 3489 2739 τροπαὶ,
3521 2662 3754 2739 πρῶτον
3783 2656 4087 2721 θάλασσα·

2403 2761 2714 2842 θαλάσσης
2741 2762 2807 2825 δὲ
2832 2760 2900 2824 τὸ
2928 2762 3039 2840 μὲν
3065 2760 3244 2839 ἥμισυ
3274 2762 3374 2841 γῇ,
3404 2758 3473 2822 τὸ
3503 2760 3568 2822 δὲ
3597 2759 3775 2839 ἥμισυ
3802 2758 4089 2843 πρηστήρ.

2394 2863 2663 2945 Δυνάμει
2704 2866 2821 2946 γὰρ
2854 2862 3025 2945 λέγει
3077 2859 3516 2946 (Ἡράκλειτος)
3562 2862 3653 2924 ὅτι
3695 2864 3810 2942 πῦρ
3838 2860 3951 2925 ὑπὸ
3980 2866 4087 2925 τοῦ

2391 2971 2756 3038 διοικοῦντος,
2772 2964 2961 3049 λόγου
2988 2965 3082 3029 καὶ
3106 2970 3245 3029 θεοῦ
3267 2968 3340 3029 τὰ
3362 2967 3675 3044 σύμπαντα
3697 2965 3905 3050 (Lege
3931 2989 3945 3027 :
3978 2965 4091 3030 ὑπὸ

2400 3074 2507 3133 τοῦ
2551 3073 2904 3136 διοικοῦντος
2947 3072 3024 3133 τὰ
3072 3069 3384 3149 σύμπαντα
3427 3065 3615 3149 λόγου
3656 3068 3752 3131 καὶ
3802 3071 3968 3154 θεοῦ)
4019 3069 4086 3133 δι’

2402 3170 2575 3252 ἀέρος
2601 3171 2875 3253 τρέπεται
2906 3174 2988 3239 εἰς
3017 3170 3220 3253 ὑγρὸν,
3253 3171 3321 3234 τὸ
3352 3172 3428 3239 ὧς
3464 3170 3653 3257 (Leg.
3694 3169 3898 3235 deleto
3926 3194 4091 3235 com-

2402 3289 2605 3339 mate:
2656 3276 2738 3343 εἰς
2775 3273 2960 3357 ὑγρὸν
2990 3275 3067 3342 ὥς
3105 3273 3201 3351 τὸ)
3238 3272 3473 3357 σπέρμα
3510 3277 3609 3353 τῆς
3649 3274 4090 3357 διακοσμήσεως

2397 3376 2431 3441 ὃ
2460 3383 2636 3441 καλεῖ
2659 3377 2997 3441 θάλασσαν·
3047 3379 3111 3440 ἐκ
3151 3379 3217 3440 δὲ
3253 3379 3462 3441 τούτου
3516 3377 3679 3444 αὖθις
3712 3379 3984 3459 γίγνεται
4013 3383 4092 3461 γῆ

2399 3480 2494 3544 καὶ
2523 3480 2788 3562 οὐρανὸς,
2812 3480 3002 3544 καὶτὰ
3029 3481 3514 3562 ἐμπεριεχόμενα.
3575 3476 3786 3546 Ὅπως
3811 3481 3876 3543 δὲ
3904 3479 4089 3543 πάλιν

2398 3581 2887 3662 ἀναλαμβάνει-αι
2928 3583 3023 3645 καὶ
3069 3584 3432 3663 ἐκπυροῦται,
3479 3587 3686 3663 σαφῶς
3725 3584 3821 3645 διὰ
3861 3583 4085 3645 τούτων

2397 3688 2583 3766 δηλοῖ·
2653 3684 2961 3750 Θάλασσα
3010 3683 3308 3767 διαχέεται
3359 3684 3453 3747 καὶ
3495 3682 3801 3765 μετρέεται
3849 3684 3932 3749 εἷς
3980 3681 4086 3747 τὸν

2397 3786 2578 3851 αὐτὸν
2626 3784 2816 3869 λόγον
2874 3789 3068 3853 ὁκοῖος
3116 3792 3347 3868 πρῶτον
3403 3785 3497 3865 ἦν,
3557 3783 3593 3864 ἢ
3649 3783 3934 3866 γενέσθαι
3992 3789 4086 3867 γῆ.

2395 3887 2654 3970 Ὁμοίως
2704 3890 2798 3953 καὶ
2842 3889 2977 3970 περὶ
3020 3894 3137 3951 τῶν
3180 3888 3386 3951 ἄλλων
3430 3888 3745 3970 στοιχείων
3792 3890 3868 3950 τὰ
3918 3887 4087 3952 αὐτά.

2401 3993 2541 4056 Has
2588 3990 2806 4056 mundi
2851 3988 3302 4054 vicissitudines
3345 4003 3407 4053 et
3453 3988 3611 4053 banc
3659 3988 4087 4077 conflagratio-

2397 4115 2566 4172 nem,
2591 4094 2937 4175 ἐκπύρωσιν,
2957 4092 3039 4156 ab
3063 4090 3385 4155 Heraclito
3403 4090 3673 4155 mutuati
3699 4104 3848 4155 sunt
3879 4091 4084 4157 Stoici.

2398 4196 2502 4261 Cf.
2540 4198 2957 4261 Commentat.
2986 4216 3180 4259 meam
3206 4193 3285 4258 de
3303 4194 3720 4258 Providentia
3741 4204 3801 4259 et
3832 4194 3907 4258 de
3927 4195 4093 4259 Fato

2394 4321 2460 4386 p.
2513 4301 2612 4364 26.
2658 4297 2809 4385 ibiq.
2860 4297 3077 4363 laudd.
3132 4298 3422 4361 Marcum
3474 4295 3780 4361 Antonin.
3833 4298 3974 4361 III.
4023 4317 4086 4383 3.

2398 4425 2542 4467 cum
2578 4403 2883 4467 Gatakeri
2912 4415 3149 4466 annott.
3185 4400 3377 4486 Diog.
3411 4400 3621 4463 Lae’rt.
3656 4399 3791 4465 IX.
3829 4401 3889 4464 8.
3931 4401 4090 4465 Mu-

2400 4507 2522 4569 reti
2574 4505 2819 4570 Scholia
2868 4504 2931 4569 in
2987 4507 3235 4568 Senecae
3280 4502 3489 4588 Epist.
3527 4522 3587 4586 9.
3637 4515 3702 4566 et
3748 4504 3967 4568 Sturz.
4009 4501 4092 4565 ad

2401 4607 2847 4695 Empedoclem
2895 4631 2963 4695 p.
2998 4624 3142 4688 274.
3197 4604 3391 4690 [Add.
3423 4605 3559 4668 Iac.
3600 4604 3929 4669 Thomasii
3959 4606 4094 4669 Ex-

2401 4711 2822 4776 ercitationem
2870 4710 2950 4774 de
2992 4708 3345 4774 Exustione
3383 4705 3618 4771 Mundi
3667 4706 3893 4785 Stoica,
3934 4731 4094 4795 prae-

2400 4813 2648 4878 missam
2698 4813 2898 4900 ejusd.
2945 4809 3500 4877 Dissertationibus
3542 4808 3625 4873 ad
3670 4808 4092 4898 Philosophia:

2404 4917 2630 4982 Stoicae
2659 4917 3028 4981 Historiam.
3061 4914 3235 5002 Lips.
3273 4913 3458 4978 1682.
3489 4911 3651 5000 4to.]

2485 5045 2550 5109 p.
2583 5021 2733 5102 461,
2767 5041 2825 5085 2.
2871 5018 3405 5101 Ἀνθρῶπων-εῑς
3445 5014 3752 5094 ἀλλήλους
3793 5015 4093 5079 ἀδικίαι-

2401 5125 2617 5208 ἔφεσιν
2652 5128 2757 5187 τοῦ
2795 5125 3023 5205 ἀγαθοῦ
3052 5148 3103 5184 κ.
3120 5146 3172 5184 τ.
3194 5120 3287 5208 λ.]
3353 5116 3752 5181 Democritea
3792 5114 4093 5203 quodam-

2398 5226 2588 5291 modo
2610 5223 2929 5289 sententia.
3021 5223 3125 5286 Ita
3167 5221 3328 5284 enim
3369 5218 3473 5283 ille
3516 5243 3619 5307 ap.
3652 5216 3828 5282 Stob.
3859 5216 3924 5279 in
3968 5217 4094 5280 Ec-

2400 5328 2568 5416 logg.
2605 5329 2704 5394 II.
2738 5350 2813 5413 9:
2857 5326 3236 5407 Ἀνθρῶπινα
3275 5327 3424 5387 κακὰ
3468 5325 3532 5402 ἐξ
3574 5323 3813 5403 ἀγαθῶν
3857 5320 4089 5401 φύεται,

2403 5432 2551 5513 ἐπήν
2592 5457 2677 5499 τις
2725 5431 2957 5512 τάγαθὰ
2997 5426 3076 5508 μὴ
3122 5429 3428 5506 ἐπίστηται
3467 5422 3904 5504 ποδηγετεύειν,
3946 5421 4092 5501 μηδὲ

2401 5534 2604 5620 ὀχέειν
2661 5534 2934 5613 εὐπόρως.
3013 5528 3345 5595 Sallustius
3398 5526 3480 5591 de
3537 5523 3680 5589 Diis
3723 5538 3789 5588 et
3839 5522 4095 5590 Mundo
