5118 6613
1093 548 1220 636 438
2092 545 2408 610 INDEX
2453 545 2803 611 RERUM
2850 546 2981 609 ET
3029 546 3583 611 VERBORUM.

1098 720 1492 800 metaphysica!
1533 724 1971 781 instrumentum
2021 717 2205 799 logica
2287 731 2475 778 motus
2491 718 2956 815 localis-teminis
2973 719 3271 814 oppositis,
3289 732 3389 779 aut

1099 883 1600 963 metempsychosis
1631 881 1884 942 Platonis
1895 800 2201 961 130·ρὲἔέ
2287 821 2737 942 1110111ιῖιὲεἰῗίεὲἒιὲιέι8
2766 801 3390 942 ἓῆἓῖῗοὲἑᾶὲξῗοῑίξζῖ

1097 965 1298 1024 Μ1008
1328 965 1617 1045 legislator
2083 965 2195 1041 765
2364 964 2548 1043 passio
2576 963 2685 1022 dici
2717 977 2907 1043 potest
3269 965 3390 1040 586

1098 1046 1334 1105 minima
1360 1065 1595 1125 queque
1635 1064 1704 1104 ex
1736 1044 1876 1104 colo
1916 1064 2031 1102 non
2075 1064 2204 1123 per-
2285 1057 2473 1103 motus
2499 1045 2690 1104 omnis
2718 1046 2779 1104 in
2806 1058 3063 1125 tempore
3091 1047 3156 1104 fit
3269 1064 3379 1122 331

1179 1126 1496 1207 spiciuntur
1851 1125 1968 1184 Fic.
1995 1145 2055 1205 p.
2084 1144 2154 1183 22
2174 1146 2194 1185 1
2284 1139 2474 1185 motus
2502 1127 2795 1204 quomodo
2819 1147 2920 1186 eus
3275 1145 3389 1204 179

1098 1208 1320 1267 minora
1359 1228 1462 1268 cur
1500 1220 1826 1287 appareant,
1864 1226 1990 1284 quae
2032 1207 2200 1287 longe
2284 1220 2473 1266 motus
2503 1207 2887 1266 velocissimus
2914 1208 3039 1287 quis
3270 1227 3379 1285 331

1178 1291 1402 1359 absunt,
1418 1289 1628 1348 Plotini
1643 1288 1925 1348 sententia
1937 1289 1999 1347 F.
2013 1309 2067 1367 p.
2080 1308 2200 1365 340
2284 1301 2473 1347 motus
2491 1287 2548 1347 in
2569 1288 2796 1347 animali
2816 1289 3253 1350 curdiffereutes
3268 1309 3387 1366 459

1097 1373 1318 1431 minora
1344 1392 1444 1431 cur
1469 1383 1793 1450 appareant,
1824 1390 1951 1448 quae
1983 1382 2202 1429 remota
2283 1383 2474 1428 motus
2503 1370 2715 1429 tardior
2739 1372 2867 1448 quis
3268 1389 3380 1447 331

1177 1465 1331 1520 sunt,
1360 1451 1664 1532 opiniones
1693 1466 1805 1511 tres
2089 1452 2199 1529 189
2284 1464 2474 1509 1001118
2501 1451 2558 1509 10
2591 1450 2753 1510 uobis
2780 1451 2987 1531 duplex
3083 1451 3201 1511 Fic.
3232 1472 3289 1527 p.
3317 1454 3386 1511 18

1097 1531 1323 1593 miseria
1349 1553 1450 1593 cur
1476 1546 1745 1612 augeatur
2119 1552 2200 1608 44
2283 1546 2472 1590 motus
2499 1532 2742 1592 essentia
3274 1549 3387 1612 179

1099 1613 1394 1674 mistorum
1437 1615 1510 1673 ad
1551 1613 1833 1695 simplicia
1874 1614 2130 1673 reductio
2282 1626 2472 1672 motus
2494 1612 2912 1693 metaphoricus
2932 1613 3065 1692 quid
3096 1614 3159 1673 F.
3189 1635 3246 1694 p.
3266 1615 3382 1692 653

1850 1695 1968 1755 Fic.
1999 1716 2053 1774 p.
2085 1711 2195 1771 127
2282 1707 2471 1753 motus
2513 1715 2651 1754 num
2693 1696 2766 1755 sit
2807 1695 3070 1775 privatio,
3101 1710 3221 1755 tum
3251 1696 3386 1774 quid

1097 1774 1326 1835 mistum
1356 1797 1455 1836 cur
1482 1775 1750 1856 prodierit
2079 1779 2199 1853 356
2364 1775 2440 1834 sit
3264 1779 3382 1852 642

1093 1855 1249 1916 misti
1279 1858 1426 1918 varia
1454 1857 1687 1917 nomina
2159 1877 2199 1934 4
2281 1870 2470 1916 motus
2497 1857 2790 1953 vestigium
2820 1857 2946 1917 vitae
3081 1857 3200 1917 Fic.
3228 1877 3287 1937 p.
3305 1859 3383 1934 48

1094 1938 1267 2009 misti,
1289 1939 1562 2010 animalis,
1582 1952 1643 1999 et
1670 1936 1913 1998 hominis
1941 1938 2199 1999 111110100-
2280 1951 2471 1996 motus
2498 1938 2665 2016 primi
2694 1952 2755 1998 et
2780 1938 3013 1999 secundi
3032 1938 3129 2017 qui
3151 1940 3216 1998 F.
3238 1960 3294 2018 p.
3315 1941 3383 1998 18

1175 2020 1255 2078 tia
2115 2022 2194 2081 ib.
2280 2033 2469 2079 motus
2499 2019 2680 2078 vitalis
2705 2020 2838 2099 quid
3042 2020 3158 2079 Fic.
3189 2041 3244 2099 p.
3265 2040 3384 2099 319

1094 2101 1247 2160 misti
1282 2123 1350 2161 ex
1386 2101 1577 2161 animo
1618 2114 1678 2161 et
1715 2121 1952 2181 corpore
1987 2101 2197 2182 duplex
2279 2113 2474 2160 motus
2500 2101 2699 2161 mundi
2727 2101 2907 2180 qualis
3077 2101 3196 2160 Fic.
3225 2123 3280 2182 p.
3302 2105 3383 2177 48

1171 2183 1551 2243 consideratio
2165 2202 2188 2242 1
2280 2196 2470 2241 motus
2510 2183 2651 2261 quid
2692 2183 2918 2263 proprie
2957 2182 3247 2262 loquendo

1093 2264 1261 2324 mista
1307 2284 1376 2324 ex
1424 2279 1669 2344 quatuor
1714 2262 2010 2324 elementis
2056 2283 2197 2322 con-
3035 2264 3082 2322 F
3085 2263 3156 2323 ic.
3186 2286 3242 2344 p.
3269 2283 3379 2343 197

1169 2348 1379 2405 flantnr
1846 2345 1963 2404 Fic.
1993 2366 2051 2425 p.
2075 2361 2197 2421 524
2278 2358 2468 2404 motus
2509 2366 2627 2405 non
2672 2346 2730 2406 in
2773 2347 2979 2416 anima,
3014 2346 3112 2405 sed
3154 2346 3212 2405 in
3254 2366 3380 2406 cor-

1090 2428 1303 2487 mobile
1333 2446 1434 2506 per
1460 2447 1522 2487 80
1845 2426 1964 2485 Fic.
1994 2446 2050 2506 p.
2074 2429 2193 2503 398
2357 2446 2494 2505 pore
3033 2426 3152 2486 Fic.
3183 2448 3238 2507 p.
3262 2444 3377 2504 547

1089 2507 1362 2568 molestiis
1397 2508 1513 2568 suis
1550 2521 1609 2568 et
1643 2507 2022 2567 incommodis
2051 2528 2192 2586 quo·
2278 2520 2467 2567 motus
2488 2507 2592 2567 etsi
2614 2507 2945 2587 quantitatis
2973 2511 3270 2587 particeps,
3293 2522 3378 2568 ta-

1173 2592 1346 2649 modo
1372 2602 1679 2661 succurrat,
1708 2601 1769 2648 et
1808 2588 2059 2648 remedia
2101 2588 2191 2647 in·
2361 2609 2491 2649 men
2517 2591 2579 2647 in
2609 2590 2829 2649 formali
2872 2590 3089 2649 ratione
3130 2610 3248 2649 non
3290 2592 3381 2649 in-

1171 2671 1361 2731 veniat
1386 2671 1704 2731 intellectus
2074 2672 2191 2747 738
2355 2670 2530 2729 cludit
2558 2670 2929 2749 quantitatem
3029 2672 3150 2730 Fic.
3182 2694 3240 2751 p.
3259 2674 3380 2748 684

1088 2753 1456 2812 molestorum
1486 2755 1648 2832 origo
2080 2770 2189 2827 142
2274 2763 2462 2810 motus
2472 2753 2758 2830 quomodo
2769 2754 2986 2846 species
3003 2751 3095 2819 sit,
3105 2764 3227 2811 tum
3238 2773 3380 2830 quo·

1087 2846 1345 2892 monstra
1373 2833 1523 2892 unde
1863 2833 1982 2891 Hc.
2000 2852 2056 2911 p.
2076 2851 2186 2909 233
2358 2832 2529 2892 modo
2557 2853 2721 2892 casus
2747 2833 2981 2913 alicujus
3010 2833 3215 2912 speciei
3258 2835 3377 2911 638

1089 2915 1268 2973 morbi
1290 2913 1545 2973 definitio
2114 2930 2186 2991 75
2274 2927 2465 2973 motus
2506 2927 2760 2992 tempore
2798 2916 3087 2994 quomodo
3126 2915 3380 2993 indigeat

1085 2996 1269 3054 morbi
1286 3015 1423 3053 num
1438 2992 2092 3072 felicitatemimpediant
2112 3012 2184 3071 35
3258 2999 3374 3074 582

1086 3076 1270 3136 morbi
1294 3076 1581 3134 daemones
1609 3086 1760 3143 sunt,
1780 3074 2188 3134 Gnosticorum
2274 3088 2462 3134 motus
2488 3095 2594 3155 pro
2613 3095 2817 3154 genere
2844 3076 3063 3155 positus
3082 3075 3139 3136 in
3160 3078 3377 3157 species

1165 3158 1450 3217 sententia
2074 3175 2144 3232 23
2162 3175 2184 3214 1
2354 3176 2493 3235 quas
2520 3158 2799 3225 dividatur
3256 3161 3334 3235 58
3348 3179 3369 3218 1

1087 3240 1414 3298 morborum
1443 3237 1761 3299 curationes
1787 3235 1953 3296 variae
2073 3255 2185 3314 232
2274 3250 2461 3296 1110108
2489 3257 2561 3296 80
2591 3239 2985 3297 transmutatio
3004 3237 3133 3298 loco
3153 3240 3376 3321 generis

1085 3323 1413 3381 morborum
1444 3341 1628 3381 causoe
2072 3337 2143 3394 23
2160 3339 2181 3378 1
2354 3319 2563 3378 rectius
2587 3332 2832 3399 ponatur
3256 3323 3375 3398 636

1085 3404 1228 3463 mori
1255 3402 1392 3482 quid
1834 3398 1953 3459 11ἳο.
1985 3420 2041 3479 p.
2074 3415 2184 3475 117
2274 3413 2462 3459 motus
2505 3421 2573 3461 ex
2625 3413 2889 3460 movente
2934 3401 3163 3480 pendet,
3209 3417 3268 3461 01
3313 3403 3373 3461 10

1083 3505 1236 3544 mors
1264 3485 1401 3564 quid
1834 3480 1953 3540 Fic.
1985 3502 2043 3561 p.
2071 3500 2187 3557 214
2352 3481 2567 3542 mobile
2608 3482 2835 3552 desinit,
2879 3496 2939 3541 ut
2989 3484 3208 3542 afflatus
3250 3505 3373 3543 mo-

1082 3586 1236 3626 mors
1262 3567 1357 3625 cui
1385 3564 1597 3624 10810111
2106 3564 2184 3622 62
2351 3563 2532 3622 ventis
3255 3566 3374 3643 639

1083 3668 1235 3707 mors
1260 3668 1360 3707 cur
1384 3667 1501 3706 non
1532 3645 1697 3715 mala,
1727 3643 1861 3704 licet
1886 3643 2000 3703 vita
2035 3645 2188 3703 bona
2268 3656 2460 3703 motus
2485 3644 2792 3723 quomodo,
2821 3658 2881 3705 et
2905 3656 3183 3723 quatenus
3219 3647 3372 3706 dica-

2105 3727 2181 3785 62
2350 3737 2443 3785 tur
2469 3725 2836 3820 imperfectus
3253 3730 3368 3804 582

1081 3830 1234 3870 111018
1262 3809 1408 3869 sitne
1437 3808 1649 3867 malum
1838 3806 1958 3865 Fic.
1986 3827 2041 3886 p.
2073 3825 2093 3865 1
2112 3810 2184 3867 18
2268 3819 2457 3867 1001118
2494 3809 2721 3867 01180181
2759 3807 3071 3876 invisibilis,
3100 3828 3168 3868 ex
3194 3809 3371 3869 varie·

1078 3911 1234 3952 mors
1260 3889 1589 3950 animalium
1618 3887 1773 3948 utilis
2068 3888 2184 3947 266
2350 3900 2466 3948 tate
2486 3889 2929 3968 deprehenditur
3251 3892 3372 3969 639

1078 3971 1277 4033 mortis
1302 3971 1560 4030 definitio
2105 3985 2137 4044 5
2146 3985 2179 4047 5
2268 3983 2459 4029 motus
2480 3970 2749 4029 naturalis
2766 3970 2893 4029 vitae
2914 3969 3233 4030 simillimus
3250 3971 3368 4048 638

1082 4053 1278 4112 mortis
1305 4051 1574 4111 circuitus
1837 4050 1954 4108 Fic.
1985 4069 2042 4128 p.
2072 4066 2177 4126 175
2268 4064 2457 4110 motus
2501 4064 2687 4110 utrum
2735 4051 2902 4111 latius
2948 4064 3142 4130 pateat
3189 4065 3371 4111 trans-

1080 4133 1281 4193 mortis
1309 4132 1575 4212 periodus
2101 4130 2179 4191 ib.
2346 4135 2667 4191 mutatione
3249 4134 3370 4210 634

1079 4228 1320 4274 10011010
1370 4213 1477 4273 sibi
1532 4211 1741 4272 inferre
1796 4210 2013 4270 licitum
2062 4230 2183 4271 0880
2264 4227 2424 4273 motu
2455 4227 2609 4273 10010
2636 4211 2828 4272 omnia
2854 4214 3108 4273 feruntur
3132 4234 3372 4294 corpora

1158 4298 1429 4376 probatur
1836 4294 1955 4352 Fic.
1983 4312 2040 4372 p.
2068 4293 2180 4351 160
3256 4298 3367 4355 108

1079 4390 1321 4437 mortem
1352 4397 1452 4436 cur
1482 4395 1650 4435 nemo
1690 4375 1885 4435 afferre
1925 4373 2033 4434 sibi
2072 4373 2180 4452 ipsi
2265 4389 2426 4435 motu
2489 4387 2644 4434 recto
2699 4376 2957 4434 seruntur
3009 4395 3246 4454 corpora
3308 4377 3365 4436 in

1157 4460 1364 4519 debeat
2102 4456 2174 4532 85
2343 4477 2510 4515 suum
2542 4457 2734 4516 locum
3288 4457 3364 4517 ib.

1077 4553 1320 4600 mortem
1371 4537 1478 4598 sibi
1520 4536 1626 4617 ipsi
1673 4536 2022 4597 consciscere
2066 4536 2174 4594 im·
2261 4540 2441 4597 motui
2468 4537 2711 4596 maxime
2734 4537 2956 4617 propria
2976 4537 3224 4597 alteritas
3245 4540 3364 4615 638

1157 4621 1312 4699 pium
1341 4633 1430 4679 est
1851 4618 1968 4678 Fic.
1988 4639 2041 4698 p.
2065 4619 2177 4677 160
2261 4632 2482 4679 motum
2522 4618 2885 4697 consequitur
2921 4617 3210 4678 diversitas

1075 4716 1317 4763 mortem
1340 4700 1446 4760 sibi
1466 4700 1880 4760 consciscentes
1902 4699 2083 4760 redire
2105 4699 2175 4757 ad
3014 4701 3137 4760 Fic.
3166 4721 3221 4779 p.
3244 4720 3277 4777 3
3294 4720 3365 4779 19

1151 4785 1370 4864 frugem
1401 4794 1695 4861 nequeunt
1832 4781 1950 4841 Fic.
1982 4802 2036 4858 p.
2061 4782 2169 4840 161
2261 4794 2480 4842 10011110
2508 4782 2713 4840 babere
2738 4781 2881 4839 duos
2910 4781 3183 4840 terminos
3243 4784 3360 4858 642

1073 4879 1314 4925 mortem
1361 4863 1469 4924 sibi
1516 4864 1809 4923 afferentes
1850 4863 1908 4921 in
1951 4863 2170 4942 Diony·
2258 4878 2517 4923 motuum
2538 4862 2756 4940 species
2776 4863 3106 4922 differentiis
3127 4862 3363 4923 internis

1148 4969 1273 5007 sum
1304 4961 1365 5007 et
1389 4949 1590 5005 Jovem
1619 4957 1858 5025 peccant
1885 4945 1950 5003 F.
1982 4966 2035 5021 p.
2062 4947 2174 5004 160
2338 4944 2683 5024 probabilius
2711 4943 3135 5023 distinguuntur
3242 4946 3357 5022 645

1068 5029 1391 5089 mortalium
1435 5028 1548 5087 vita
1590 5028 1808 5086 theatro
1849 5025 2148 5105 persimilis
2259 5040 2516 5085 motuum
2574 5024 2900 5084 differentiae
2948 5024 3189 5084 internae
3234 5047 3363 5104 quae

2059 5110 2173 5167 266
2335 5107 2469 5175 8101,
2500 5120 2561 5166 01
2589 5108 2647 5165 10
2681 5119 2899 5165 motum
2928 5107 3217 5184 quomodo
3244 5109 3361 5166 affi-

1068 5204 1345 5250 motorem
1418 5190 1663 5268 primum
1726 5199 1987 5265 oportere
2053 5209 2173 5248 esse
2334 5187 2556 5247 ciantur
3239 5189 3356 5263 642

1149 5273 1598 5332 efficacissimum
1640 5281 1701 5328 01
1740 5267 2089 5327 liberrimum
2140 5290 2175 5328 a
2253 5268 2499 5328 motibus
2561 5269 2829 5328 omnibus
2889 5269 3213 5328 communis
3271 5284 3360 5329 est

1150 5353 1527 5413 materialibus
1555 5348 1978 5431 impedimentis
2054 5354 2171 5427 358
2335 5350 2616 5427 processio
2665 5351 2923 5428 quaedam
2975 5369 3049 5409 ex
3102 5350 3360 5429 potentia

1067 5450 1258 5494 motus
1849 5430 1968 5491 Fic.
1999 5450 2056 5509 p.
2084 5450 2164 5507 47
2331 5433 2388 5489 in
2440 5444 2628 5491 actum
2678 5431 2922 5509 primum
2979 5431 3098 5491 sive
3152 5451 3357 5491 secun-

1068 5528 1256 5575 motus
1296 5512 1572 5581 definitio,
1604 5512 1702 5582 vis,
1731 5512 1967 5572 facultas
1994 5526 2055 5571 et
2081 5513 2164 5571 ef·
2330 5512 2467 5571 dum
3235 5514 3355 5589 638

1150 5597 1346 5665 fectus,
1377 5607 1497 5653 tum
1528 5594 1897 5673 proprietates
2045 5596 2166 5670 639
2249 5593 2429 5652 motio
2458 5593 2867 5672 perfectissima
2892 5613 3019 5670 qum
3046 5592 3164 5653 Fic.
3195 5615 3255 5673 p.
3273 5613 3355 5672 49

1068 5690 1255 5739 motus
1281 5695 1408 5755 quoe
1436 5676 1847 5756 complectatur
2046 5676 2164 5734 618
2249 5675 2518 5734 motionis
2537 5675 2761 5734 duratio
2780 5686 2869 5734 081
2889 5674 3011 5754 ipsa
3034 5676 3213 5734 motio
3234 5694 3266 5752 3
3275 5693 3351 5751 32

3470 721 3791 779 motionum
3820 720 4149 779 differentia
4176 720 4326 780 unde
4365 721 4575 801 accipi·

3551 815 3721 860 antur
4450 804 4572 882 639

3470 882 3679 941 motrix
3705 884 3881 941 virtus
3908 881 4222 951 invisibilis,
4250 893 4316 941 ut
4339 882 4459 943 vita
4496 886 4572 945 ib.

3472 963 3777 1023 multitudo
3817 984 3887 1023 ex
3928 984 4044 1023 1100
4085 963 4441 1045 progreditur

4224 1044 4342 1105 Fic.
4370 1067 4426 1125 p.
4454 1064 4570 1125 279

3470 1125 3777 1186 multitudo
3824 1125 3875 1185 81
3921 1126 4144 1185 infinita
4189 1128 4452 1207 fingatur,
4497 1148 4570 1187 an

3551 1227 3817 1267 numerus
3842 1206 3921 1266 sit
4452 1211 4563 1287 671

3469 1289 3776 1348 multitudo
3796 1288 4087 1368 quomodo
4105 1288 4351 1349 deterior
4373 1291 4575 1350 evadat

4493 1371 4567 1431 ib.

3470 1450 3774 1510 multitudo
3822 1449 4045 1509 infinita
4087 1465 4147 1510 et
4190 1452 4426 1511 unitatis
4476 1472 4574 1512 ex-

3549 1552 3677 1611 pers
3701 1535 3887 1612 ipsum
3919 1533 4131 1592 malum
4490 1536 4568 1593 ib.

3469 1613 3762 1691 multiplex
3792 1613 4000 1692 patitur
4025 1614 4445 1694 quadruplicem
4481 1617 4572 1674 in-

3546 1694 3853 1789 digentiam
4455 1698 4567 1773 762

3469 1776 3762 1855 multiplex
3782 1797 3816 1836 a
3842 1776 4080 1856 simplici
4105 1777 4396 1855 quomodo
4422 1781 4569 1837 oria·

3549 1871 3641 1916 tur
4451 1875 4484 1936 5
4501 1879 4566 1919 12

3466 1938 3607 1997 111011
3632 1938 3848 1998 steriles
4227 1939 4347 1998 Fic.
4375 1959 4431 2020 p.
4448 1958 4567 2018 437

3467 2020 3713 2079 mundus
3740 2021 3900 2079 Deus
4456 2041 4564 2096 142

3467 2103 3715 2161 mundus
3742 2100 3952 2160 animal
4221 2100 4340 2160 Fic.
4370 2123 4425 2180 p.
4456 2120 4569 2178 174

3467 2183 3714 2242 mundus
3741 2181 4021 2242 sensibilis
4047 2182 4185 2261 quid
4258 2182 4378 2242 Fic.
4409 2203 4465 2264 p.
4488 2203 4561 2262 35

3465 2265 3712 2323 mundus
3738 2281 3838 2323 cur
3860 2284 3928 2323 ex
3956 2263 4087 2344 igne
4113 2277 4174 2323 et
4199 2276 4347 2324 10118
4456 2285 4566 2326 100

3465 2345 3710 2404 mundus
3751 2365 3929 2404 novus
3969 2345 4117 2404 ultra
4150 2345 4562 2427 intelligibilem

3545 2447 3660 2485 non
3688 2426 4069 2506 expectandus
4451 2447 4562 2505 203

3464 2508 3709 2568 mundus
3755 2528 3981 2587 semper
4022 2509 4104 2577 fit,
4147 2528 4436 2585 nunquam
4477 2523 4566 2568 est

4221 2590 4341 2649 Fic.
4368 2610 4425 2669 p.
4456 2593 4566 2650 166

3463 2669 3713 2728 mundus
3753 2690 3855 2730 cur
3897 2690 4014 2729 non
4060 2668 4314 2730 videatur
4356 2671 4565 2750 sempi-

3542 2763 3734 2810 ternus
4489 2754 4560 2830 85

3462 2832 3706 2891 mundus
3766 2852 3867 2892 cur
3920 2831 4068 2892 01108
4128 2832 4380 2893 medium
4443 2853 4563 2893 sese

3540 2926 3722 2972 vertat
4219 2914 4339 2974 Fic.
4368 2935 4426 2992 p.
4452 2932 4557 2993 195

3460 2994 3705 3053 mundus
3746 2996 4001 3073 possitne
4027 2994 4198 3054 videri
4223 3015 4427 3075 corpus
4465 3016 4561 3055 ex-

3539 3088 3626 3134 tra
3653 3096 3715 3135 80
3742 3075 4082 3135 collocatum
4442 3098 4562 3155 450

3460 3157 3709 3216 mundus
3735 3157 4070 3217 seminarius
4096 3155 4225 3236 quis
4268 3158 4333 3217 F.
4365 3179 4419 3236 p.
4447 3178 4551 3233 241

3460 3238 3703 3297 mundus
3730 3251 3799 3297 ut
3834 3239 4040 3299 referat
4078 3258 4179 3318 per
4204 3238 4402 3298 omnia
4439 3240 4559 3298 ani-

3540 3341 3689 3379 mam
4213 3321 4262 3379 F
4264 3319 4330 3380 10.
4361 3343 4421 3400 p.
4448 3340 4554 3399 193

3458 3404 3703 3460 mundus
3737 3402 3892 3461 Deus
3918 3413 4006 3461 081
4035 3401 4230 3462 10111118
4442 3403 4558 3480 296

3458 3484 3703 3542 mundus
3730 3483 3821 3542 bic
3846 3504 3961 3561 quo
3987 3495 4319 3563 argumento
4344 3485 4555 3562 probe-

3538 3575 3630 3623 tur
3655 3564 4029 3642 sempiternus
4434 3580 4558 3641 554

3456 3645 3705 3705 mundus
3733 3645 3827 3705 1110
3855 3645 4148 3723 multiplex
4440 3649 4557 3723 256

3456 3730 3702 3784 mundus
3728 3726 3821 3786 hic
3847 3746 3948 3785 cur
3973 3728 4156 3786 factus
4476 3727 4553 3786 ib.

3454 3808 3701 3867 mundus
3740 3808 4017 3868 sensibilis
4045 3808 4102 3865 in
4137 3809 4348 3867 mundo
4388 3828 4557 3887 supe-

3533 3889 3680 3949 riore
3709 3909 3823 3966 qua
3846 3889 4062 3948 ratione
4088 3889 4161 3948 sit
4437 3892 4551 3967 645

3456 3970 3699 4029 mundus
3726 3970 3855 4029 vitae
3882 3971 4172 4050 quomodo
4214 3971 4285 4030 ad
4320 3990 4557 4049 corpora

3531 4052 3778 4119 accedat,
3810 4064 3871 4110 et
3895 4071 3968 4110 an
4000 4064 4159 4110 motu
4191 4052 4351 4111 locali
4434 4052 4551 4129 657

3451 4132 3698 4191 mundus
3736 4131 3968 4211 ejusque
4002 4153 4173 4192 causa
4206 4136 4362 4193 omni
4391 4135 4556 4212 culpa

3531 4227 3689 4273 vacat
4202 4214 4323 4274 Fic.
4354 4236 4408 4293 p.
4436 4234 4548 4292 505

3448 4295 3697 4353 mundus
3730 4314 3838 4354 nec
3872 4306 4163 4373 separatus
4189 4297 4261 4355 ab
4289 4298 4552 4357 effectore

3529 4397 3650 4444 suc,
3677 4396 3782 4435 nec
3809 4377 3859 4435 ei
3889 4376 4190 4453 permistus
4433 4395 4552 4453 379

3449 4458 3693 4516 mundus
3755 4457 4120 4538 intelligibilis
4178 4457 4437 4516 omnium
4491 4471 4552 4517 et

3527 4538 3953 4617 capacissimum
3982 4553 4042 4597 01
4078 4538 4548 4618 perfectissimum

3525 4638 3628 4678 ens
4430 4622 4507 4693 64

3447 4701 3693 4760 mundus
3714 4720 4018 4781 corporeus
4039 4699 4163 4759 vitae
4186 4701 4402 4760 mundo
4423 4636 4547 4760 ubi}

3527 4802 3637 4860 que
3667 4784 3977 4842 necessario
4003 4781 4226 4861 indiget
4428 4781 4538 4842 661

3444 4863 3688 4922 mundus
3735 4864 3860 4922 vitae
3907 4862 4215 4942 unicuique
4259 4864 4544 4942 quomodo

3524 4943 3671 5004 adsit
4468 4944 4542 5003 ib.

3445 5026 3686 5084 mundus
3716 5025 3841 5085 vitae
3881 5039 3940 5083 et
3980 5024 4346 5104 intelligibilis
4389 5037 4543 5084 totus

3521 5126 3747 5186 semper
3773 5107 3979 5185 ubique
4463 5109 4541 5165 ib.

3441 5189 3685 5247 mundus
3713 5203 3898 5247 totum
3929 5185 4165 5247 formale
4193 5186 4311 5246 Fic.
4340 5208 4395 5265 p.
4416 5188 4532 5263 677

3440 5269 3685 5328 mundus
3702 5267 4066 5349 intelligibilis
4083 5288 4157 5327 an
4173 5269 4375 5346 cuique
4390 5268 4540 5345 parti

3519 5364 3675 5410 totus
3717 5351 3878 5419 adsit,
3906 5364 3965 5409 et
3994 5362 4187 5409 tamen
4225 5349 4537 5429 superemi-

3519 5452 3662 5491 nens
4416 5430 4539 5503 646

3438 5514 3681 5573 mundus
3709 5511 3801 5571 hic
3828 5514 4022 5570 omnia
4048 5510 4300 5590 possidet
4420 5514 4538 5587 380

3436 5595 3682 5654 mundus
3707 5593 3929 5652 divinus
3952 5612 4123 5672 quare
4159 5592 4372 5652 animal
4409 5613 4538 5673 per·

3514 5674 3727 5736 fectum
4419 5675 4538 5733 686
