5118 6613
1099 533 1220 602 188

1096 728 1276 772 cerus
1303 704 1365 770 in
1395 704 1721 771 Thesauro
1747 702 1995 771 Eccles.
2027 703 2086 770 1.
2119 726 2183 791 p.
2223 722 2358 784 ¹40·
2390 725 2525 790 sqq.
2595 701 2793 767 Adde

1110 810 1504 874 Valckenarii
1548 806 1802 873 Scholas
1840 806 1905 872 in
1951 807 2034 873 N.
2063 806 2148 872 T.
2182 805 2278 870 11.
2315 826 2382 893 p.
2407 809 2561 893 369.
2604 806 2789 870 etiam

1099 935 1181 978 ex
1210 910 1459 977 Boethii
1492 908 1704 976 libello
1743 909 1825 975 de
1870 907 2120 975 Consol.
2153 906 2389 974 Philos.
2419 906 2662 996 aliquot
2698 907 2793 973 lo·

1108 1038 1213 1081 cos
1239 1013 1402 1079 infra
1427 1011 1712 1103 apposui,
1745 1012 1858 1101 qui
1884 1025 2159 1101 arguunt
2195 1034 2338 1076 eum
2368 1010 2433 1075 in
2463 1011 2581 1078 hac
2607 1034 2794 1077 causa

1100 1112 1346 1202 agenda
1387 1134 1427 1176 a
1472 1111 1726 1177 Platone
1769 1125 1834 1178 et
1875 1108 2215 1177 Aristotele
2252 1110 2539 1198 pendere.
2633 1112 2795 1178 Sub-

1092 1213 1244 1303 jicio
1271 1215 1402 1279 duo
1431 1213 1780 1279 testimonia
1806 1212 1887 1277 de
1915 1212 2034 1278 hoc
2061 1212 2223 1278 libro
2255 1212 2501 1293 Plotini,
2524 1213 2788 1279 alterum

1101 1316 1333 1398 Procli,
1364 1315 1662 1406 Simplicii
1691 1316 1977 1382 alterum.
2044 1320 2266 1404 Atque
2294 1315 2396 1381 ille
2423 1317 2489 1381 in
2518 1316 2794 1384 Platonis

1096 1420 1314 1488 Theol.
1360 1421 1504 1485 111.
1556 1420 1650 1485 18.
1694 1443 1762 1508 p.
1799 1440 1961 1504 149:
2012 1420 2108 1485 καὶ
2152 1421 2189 1483 ὅ
2226 1446 2300 1503 γε
2340 1426 2652 1490 mua-tvos
2687 1424 2788 1487 ἐν·

1101 1526 1543 1591 θεαστικῶτατα
1586 1523 1694 1604 τὴν
1737 1525 1947 1592 αἰῶνος
1995 1524 2297 1605 ἆῖδιότητα
2350 1527 2497 1589 κατὰ
2538 1523 2647 1604 τὴν
2689 1528 2796 1589 τοῦ

1099 1626 1427 1694 Πλάτωνος
1454 1626 1775 1708 θεολογίαν
1805 1627 2159 1709 ἐμφανίζων,
2183 1626 2334 1707 ζωὴν
2363 1627 2608 1709 ἄπειρον
2636 1627 2788 1709 ἆφο-

1097 1729 1317 1811 ρίζεται
1354 1727 1461 1792 τὸν
1512 1728 1718 1801 αἰῶνα,
1765 1728 1862 1791 καὶ
1901 1729 2049 1808 ὁμοῦ
2084 1732 2289 1793 πᾶσαν
2335 1753 2381 1793 π
2716 1753 2792 1792 αν

1102 1831 1317 1910 ἑαυτὴν
1348 1829 1443 1894 καὶ
1486 1830 1892 1911 ἐκφαίνουσαν
1920 1829 2018 1895 καὶ
2050 1829 2119 1894 τὸ
2154 1827 2228 1895 ὃν
2254 1830 2324 1895 τὸ
2356 1833 2583 1911 ἑαυτῆς.
2661 1830 2788 1897 Η10

1098 1932 1166 1997 111
1195 1929 1557 1997 Aristotelis
1601 1929 1864 2018 Physica
1890 1951 1954 2018 p.
1996 1929 2139 2016 187.
2171 1930 2233 1996 b.
2264 1930 2387 1997 ita:
2432 1931 2544 1998 Ἐν
2574 1936 2642 1998 δὲ
2668 1938 2791 2001 τοῖς

1101 2034 1408 2118 νεωτέροις
1465 2040 1775 2102 Πλωτῖνος
1816 2035 2094 2118 φαίνεται
2136 2040 2364 2118 πρότος
2408 2034 2515 2100 τὸν
2556 2041 2789 2119 πρὸτον

1101 2137 1446 2220 ἐπιζητήσας
1472 2140 1694 2223 χρόνον
1725 2165 1780 2202 κ.
1799 2162 1854 2200 τ.
1872 2143 1934 2202 λ.
2013 2136 2388 2225 Attigerunt
2413 2151 2625 2204 autem
2653 2136 2790 2203 Pla.

1101 2241 1263 2307 tonis
1290 2240 1776 2328 Aristotelisque
1802 2238 2077 2328 itemque
2099 2238 2553 2306 Platonicorum
2578 2253 2641 2305 et
2670 2242 2786 2305 Pe-

1095 2343 1557 2434 ripateticorum
1610 2343 1930 2432 disputata
1969 2342 2051 2408 de
2091 2342 2213 2409 hoc
2256 2342 2391 2409 loco
2422 2342 2786 2409 Cudzoortk.

1097 2447 1162 2513 in
1207 2451 1374 2538 Syst.
1419 2446 1629 2513 Intell.
1665 2470 1732 2535 p.
1772 2450 1918 2534 756.
1956 2449 2106 2534 763.
2151 2470 2245 2534 sq.
2278 2463 2425 2531 771.
2470 2468 2606 2533 sqq.
2642 2461 2784 2529 779.

1097 2550 1246 2639 ibiq.
1272 2550 1585 2616 Moshem.
1606 2572 1718 2613 nec
1737 2550 1943 2614 minus
1962 2550 2451 2628 Tiedemanmoe,
2473 2548 2656 2636 cujus
2674 2546 2787 2613 ali-

1096 2670 1254 2744 quot
1280 2655 1450 2719 locos
1475 2652 1641 2717 infra
1666 2650 2086 2732 laudabimus,
2126 2653 2572 2717 Tenemannus
2598 2649 2783 2715 etiam

1097 2759 1163 2823 in
1187 2759 1361 2823 Hist.
1394 2755 1627 2822 Philos.
1663 2756 1782 2821 VI.
1813 2779 1877 2844 p.
1908 2757 2049 2842 138.
2077 2779 2217 2844 sqq.
2245 2756 2438 2843 hujus
2466 2754 2608 2819 libri
2647 2753 2786 2819 Plo-

1100 2860 1315 2926 tiniani
1352 2857 1689 2946 insigniora
1735 2857 2060 2947 excerpsit.
2150 2861 2480 2946 Integrum
2526 2857 2786 2946 Anglice

1099 2962 1285 3027 vertit
1331 2962 1608 3027 Thomas
1645 2962 1890 3049 Taylor
1917 2961 1981 3025 in
2023 2962 2225 3028 Select
2264 2963 2484 3027 Works
2525 2962 2615 3048 of
2641 2961 2786 3026 Plo-

1100 3074 1277 3140 tinus
1301 3095 1370 3160 p.
1407 3086 1550 3156 177.
1581 3093 1716 3157 sqq.

1186 3196 1252 3263 p.
1283 3176 1436 3260 596,
1468 3192 1527 3240 2.
1578 3174 1780 3241 ἄλλως
1808 3173 2020 3248 ἄλλας,
2052 3171 2210 3256 τάχα
2238 3175 2304 3238 δὲ
2333 3174 2431 3240 καὶ
2460 3175 2661 3242 ἄλλως
2686 3177 2791 3241 τὰς

1104 3278 1281 3347 αὐτὸς
1333 3277 1658 3364 λαβόντες]
1737 3277 1884 3342 Νο11
1931 3275 2208 3343 haesitavi
2252 3276 2315 3343 in
2360 3277 2792 3367 amplectenda

1100 3381 1362 3449 lectione
1392 3379 1758 3446 Monacensi
1785 3403 1904 3469 pro
1928 3381 2116 3448 ἄλλος
2141 3381 2313 3468 quod
2346 3380 2483 3446 Fic.
2515 3403 2660 3446 cum
2697 3403 2792 3444 re-

1098 3484 1285 3574 liquis
1313 3485 1523 3551 habet.
1611 3485 1773 3550 Mox
1795 3482 2180 3549 observanda
2209 3498 2303 3548 est
2330 3481 2782 3548 redundantia:

1102 3590 1197 3654 ἐπὶ
1225 3591 1447 3655 τούτων
1468 3586 1972 3669 ἀναπαυσάμενοι,
2006 3586 2101 3651 καὶ
2124 3587 2406 3669 αὐταρκὲς
2436 3588 2790 3667 νομίσαντες

1098 3691 1623 3777 -ἆγαπήσαντες.
1712 3693 1815 3757 De
1870 3689 2062 3755 verbo
2120 3692 2362 3775 ἀγαπᾷν
2423 3688 2591 3753 varie
2646 3711 2791 3754 oon-

1100 3808 1333 3861 structo
1374 3793 1536 3860 adde
1578 3793 1676 3875 iis,
1706 3817 1852 3882 quae
1884 3793 1947 3858 in
1993 3816 2157 3858 novo
2198 3792 2524 3858 Thesauro
2570 3792 2786 3881 Steph.

1098 3898 1377 3964 londin.
1408 3912 1701 3985 congesta
1742 3912 1911 3976 sunt,
1943 3895 2254 3983 Leopoldi
2287 3896 2489 3962 Indic.
2519 3895 2603 3960 ad
2630 3894 2791 3960 vitas

1102 3999 1421 4066 Plutarchi
1450 4015 1513 4066 et
1539 4001 1790 4066 Jacobs.
1821 4001 1904 4066 ad
1943 3999 2230 4067 Philostr.
2266 4002 2512 4090 Imagg.
2542 4024 2607 4089 p.
2637 4020 2790 4086 393.

1104 4104 1338 4168 Nostro
1365 4101 1502 4168 loco
1529 4101 1812 4168 absolute
1849 4102 2278 4192 accipiendum
2320 4120 2449 4171 est:
2496 4104 2788 4171 contenti.

1103 4207 1207 4270 De
1259 4207 1570 4288 ἀγαπητῶς
1610 4228 1800 4293 supra
1840 4219 1935 4270 est
1976 4205 2279 4271 monitum
2325 4207 2408 4272 ad
2454 4208 2556 4273 ΙΙ.
2586 4228 2649 4293 9.
2688 4226 2786 4273 12.

1106 4310 1268 4373 Mox
1299 4312 1462 4376 τινας
1489 4314 1607 4373 τῶν
1635 4309 1901 4392 ἀρχαίων
1929 4308 2026 4374 καὶ
2063 4311 2369 4392 μακαρίων
2405 4312 2788 4393 φιλοσόφων,

1102 4433 1371 4499 quorum
1400 4409 1648 4476 decreta
1676 4409 1869 4499 paulo
1889 4425 2034 4477 ante
2060 4411 2337 4478 dixerat:
2386 4416 2490 4480 τὰς
2517 4418 2637 4477 τῶν
2673 4438 2788 4477 πα-

1103 4520 1291 4579 λαιῶν
1348 4513 1703 4597 ἀποφάσεις,
1748 4526 1914 4579 recte
1966 4513 2230 4603 accipias
2285 4515 2365 4579 de
2406 4514 2481 4580 iis
2521 4514 2796 4603 phssosoff

1104 4616 1266 4704 phis,
1297 4616 1409 4704 qui
1437 4616 1786 4704 antiquitus
1811 4616 1958 4682 inde
1995 4641 2033 4682 a
2075 4617 2431 4706 Pherecyde
2476 4617 2795 4706 Pythago-

1101 4741 1299 4806 raque
1341 4716 1504 4784 banc
1556 4719 1976 4798 Quaestionem
2032 4720 2370 4809 agitaruut.
2458 4723 2562 4786 De
2616 4720 2791 4787 locu·

1107 4822 1273 4887 tione
1309 4824 1612 4905 μακαρίων
1642 4846 1831 4911 supra
1874 4823 2145 4889 vidimus
2183 4823 2267 4888 ad
2295 4828 2376 4912 Ῥ.
2410 4843 2555 4906 204.
2588 4825 2667 4888 B.
2709 4823 2792 4889 ad

1103 4924 1296 4989 verba
1324 4926 1551 4989 ἐκείνου
1584 4924 1960 5010 (Πλάτωνος)
1995 4929 2063 4991 δὲ
2093 4927 2187 4990 καὶ
2230 4932 2347 4991 τῶν
2376 4927 2583 4992 ἄλλων
2609 4953 2794 5007 μακα-

1103 5029 1250 5111 ρίων
1276 5029 1524 5110 ἆνδρόν.

1186 5167 1277 5182 -
1309 5150 1407 5195 10.
1458 5131 1553 5194 καὶ
1580 5130 1649 5195 τὸ
1676 5135 1778 5211 τῆς
1805 5133 2031 5200 εἰκόνος
2058 5131 2236 5196 αὐτοῦ
2270 5131 2405 5214 (τοῦ
2429 5133 2694 5219 αἰῶνος),
2719 5131 2793 5197 ὃν

1110 5234 1180 5314 δὴ
1216 5236 1445 5318 χρόνον
1471 5232 1763 5316 λέγουσιν
1790 5233 1973 5323 εἶναι]
2020 5235 2124 5298 De
2165 5234 2624 5299 constructione
2666 5257 2791 5299 uon

1106 5349 1221 5417 est,
1250 5335 1426 5425 quod
1454 5333 1652 5400 multa
1678 5333 1978 5401 dicamne.
2023 5335 2169 5401 Vid.
2201 5335 2387 5401 modo
2418 5335 2789 5402 Stallbaum.

1104 5439 1186 5504 ad
1214 5438 1466 5504 Platon.
1515 5437 1756 5503 Phileb.
1785 5462 1846 5528 p.
1886 5440 2026 5505 118.
2060 5453 2124 5505 et
2164 5463 2311 5528 quoe
2344 5439 2668 5530 posuimus
2710 5440 2791 5505 ad

1102 5543 1241 5608 11ωο
1275 5541 1597 5609 Ciceronis
1637 5541 1719 5608 de
1764 5543 1967 5633 Legg.
2004 5544 2064 5609 I.
2101 5561 2158 5629 7.
2192 5562 2295 5612 22.
2327 5551 2371 5584 ‘⁶
2402 5542 2631 5608 animal
2674 5543 2792 5610 1100

2063 529 2897 597 ΑΝΝΟΤΑΤῙΟΝΕ8
2965 529 3079 595 IN
3146 529 3585 598 PLOTINI

2877 701 3231 791 providum,
3242 725 4000 793 sagax-qtoemvocamus
4016 702 4392 770 hominem.”
4425 706 4563 771 Ex-

2876 804 3098 893 pressit
3139 821 3350 872 autem
3395 807 3457 871 h.
3482 805 3525 871 1.
3571 805 3850 873 Plotinus
3880 805 4069 871 verba
4115 805 4412 873 Platonici
4452 809 4563 872 'ri-

2877 909 3019 974 maei
3047 931 3113 997 p.
3141 928 3250 996 37.
3280 911 3399 976 sub
3428 911 3535 975 fin.
3566 933 3628 997 p.
3660 913 3765 997 36.
3802 908 4043 975 Bekk.:
4090 910 4226 975 εἰκὼ
4256 908 4304 975 δ’
4337 911 4567 976 ἐπινοεῖ

2882 1015 3114 1094 κινητόν
3140 1039 3275 1079 τινα
3303 1017 3512 1083 αῑόνος
3533 1019 3795 1095 ποιῆσαι,
3827 1014 3924 1079 καὶ
3953 1018 4287 1094 διακοσμεῖν
4313 1013 4435 1093 ἅμα
4461 1013 4558 1079 οὗ·

2876 1116 3064 1198 ρανὸν
3107 1123 3270 1182 ποιεῖ
3309 1116 3593 1199 μένοντος
3629 1119 3838 1185 αἰῶνος
3884 1120 3954 1183 ἐν
4001 1117 4090 1181 ἑνὶ
4136 1115 4258 1182 κατ’
4313 1114 4559 1199 ἀριθμὸν

2880 1220 3090 1284 ἰοῦσαν
3118 1221 3358 1285 ἆιόνιον
3387 1222 3606 1294 εἰκόνα,
3640 1225 3850 1285 τοῦτον
3881 1219 3954 1284 ὃν
3982 1220 4052 1300 δὴ
4079 1222 4304 1305 χρόνον
4332 1217 4558 1300 ὠνομά-

2879 1346 3082 1402 καμεν,
3128 1322 3354 1388 Βοὲῑ11.
3397 1321 3479 1388 de
3522 1321 3770 1388 Consol.
3821 1322 3983 1390 Phil.
4029 1322 4105 1388 V.
4138 1326 4211 1388 6:
4287 1328 4330 1362 “
4364 1324 4560 1387 Hunc

2876 1422 3041 1488 0111111
3072 1422 3216 1489 vitae
3254 1423 3587 1491 immobilis
3628 1424 4122 1514 praesentim-ium
4161 1440 4393 1492 statum
4420 1426 4557 1490 infi-

2876 1525 3046 1591 nitus
3101 1525 3204 1591 ille
3254 1527 3686 1616 temporalium
3737 1552 3947 1595 rerum
4006 1545 4214 1595 motus
4258 1529 4560 1610 imitatur,

2874 1652 3146 1716 cumque
3170 1653 3314 1695 eum
3345 1630 3637 1719 effingere
3664 1647 3854 1720 atque
3879 1656 4212 1721 exaequare
4253 1655 4379 1698 non
4420 1656 4560 1721 pos-

2875 1731 2975 1813 sit,
3002 1756 3083 1797 ex
3111 1731 3542 1800 immobilitate
3562 1734 3772 1800 deficit
3793 1735 4120 1800 immotum
4150 1735 4303 1825 (leg.
4330 1735 4396 1801 in
4424 1758 4555 1801 mo·

2874 1842 3276 1924 tum)—quae
3311 1837 3695 1926 (temporalis
3721 1838 4075 1926 praesentia)
4110 1838 4407 1926 quoniam
4435 1860 4562 1903 ma-

2874 1938 3074 2003 nentis
3122 1938 3290 2005 illius
3331 1941 3678 2029 praesentiae
3724 1941 4042 2029 quandam
4095 1957 4298 2030 gestet
4346 1941 4561 2029 imagi-

2871 2062 3037 2120 nem,
3061 2041 3541 2131 quibuscunque
3567 2044 3917 2132 contigerit,
3941 2043 4006 2109 id
4029 2059 4310 2133 proestat,
4328 2059 4403 2111 ut
4428 2068 4557 2111 esse

2874 2143 3223 2212 videatur.”

2957 2284 3046 2299 —
3078 2267 3178 2332 17.
3223 2250 3424 2332 ὥσπερ
3469 2248 3546 2314 ἂν
3593 2251 3651 2314 εἴ
3689 2275 3777 2318 τις
3822 2250 3995 2334 λέγοι
4036 2250 4145 2316 τὸν
4184 2252 4410 2337 χρόνον
4450 2250 4557 2315 τὸν

2873 2353 3188 2432 σύμπαντα
3213 2351 3467 2435 οὐρανὸν
3496 2353 3593 2417 καὶ
3617 2354 3841 2433 κόσμον
3867 2352 4052 2443 εἶναι]
4102 2354 4476 2442 Pythagora·
4496 2369 4558 2419 et

2874 2454 3308 2543 Pythagoricis
3336 2454 3470 2521 11ωο
3500 2455 3803 2521 sententia
3834 2455 4223 2522 attribuitur.
4313 2455 4560 2544 Simpli-

2871 2556 3005 2623 cius
3044 2557 3110 2623 in
3161 2558 3482 2624 Aristotel.
3533 2557 3795 2646 Physica
3836 2583 3899 2648 p.
3964 2563 4119 2646 165:
4169 2561 4252 2625 Οἱ
4296 2562 4410 2641 μὲν
4452 2560 4558 2639 τὴν

2872 2665 2979 2726 τοῦ
3023 2663 3168 2726 ὅλου
3199 2664 3430 2742 κίνησιν
3461 2662 3613 2728 εἶναι
3651 2663 3757 2727 τὸν
3792 2665 4016 2747 χρόνον
4057 2665 4249 2746 φασὶν
4267 2701 4358 2714 -
4385 2700 4472 2712 -
4503 2665 4560 2728 οἱ

2871 2765 2936 2827 δὲ
2965 2763 3073 2844 τὴν
3102 2771 3368 2847 σφαῖραν
3398 2765 3580 2844 αὐτὴν
3599 2769 3706 2829 τοῦ
3734 2766 4005 2848 οὐρανοῦ,
4030 2767 4109 2833 ὥς
4126 2765 4260 2833 τοὺς
4276 2770 4554 2848 Πυθαγο-

2868 2867 3061 2949 ρικοὺς
3090 2869 3393 2950 ἱστοροῦσι
3419 2868 3647 2951 λέγειν,
3678 2869 3738 2932 οἱ
3763 2869 4247 2950 παρακούσαντες
4274 2871 4417 2936 ἴσως
4452 2873 4555 2933 τοῦ

2871 2967 3167 3054 Ἀρχύτου
3211 2970 3499 3054 λέγοντος
3543 2972 3804 3035 καθόλου
3861 2971 3969 3034 τὸν
4004 2972 4229 3054 χρόνον
4267 2971 4555 3052 διάστημα

2871 3076 2973 3152 τῆς
3013 3077 3118 3137 τοῦ
3158 3073 3378 3140 παντὸς
3417 3075 3672 3155 φύσεως.
3762 3075 3974 3160 Atque
4002 3097 4079 3138 ex
4120 3073 4217 3138 his
4257 3073 4554 3162 Simplicii

2872 3175 3077 3240 verbis
3122 3175 3510 3264 intelligitur,
3551 3198 3667 3241 cur
3711 3175 3992 3242 Plotinus
4032 3176 4331 3242 continuo
4376 3177 4555 3242 dubi-

2876 3293 3079 3345 tanter
3097 3279 3531 3345 tantummodo
3545 3279 3626 3344 de
3653 3279 3769 3346 hac
3791 3279 4093 3346 sententia
4118 3279 4366 3347 referat.
4426 3280 4556 3346 Mi-

2875 3405 2994 3447 nus
3034 3397 3320 3448 accurate
3362 3382 3497 3448 haec
3545 3382 3938 3471 Pythagorea
3983 3382 4243 3448 tradunt
4283 3383 4553 3449 Pseudo-

2877 3483 3248 3550 Plutarchus
3289 3484 3370 3550 de
3416 3485 3666 3551 Placitt.
3711 3485 4066 3574 Philosoph.
4100 3488 4155 3551 1.
4190 3505 4294 3552 21.
4324 3499 4386 3552 et
4420 3489 4557 3553 Sto-

2872 3587 3048 3653 baeus
3081 3587 3147 3651 in
3192 3587 3460 3676 Eclogg.
3495 3590 3557 3653 Ῑ.
3587 3611 3655 3676 p.
3690 3589 3835 3672 248,
3871 3604 4016 3675 250.
4060 3589 4169 3654 11111
4198 3590 4284 3656 cf.
4316 3591 4552 3656 Heere·

2874 3688 2961 3754 nii
2988 3689 3327 3757 annotatio.

2957 3816 3028 3881 p.
3058 3808 3211 3879 597,
3243 3795 3304 3858 6.
3350 3795 3388 3875 ἡ
3417 3796 3529 3873 μὲν
3559 3794 3674 3877 γάρ
3703 3796 4202 3885 φησι-αἷόνιος]
4237 3795 4379 3861 Vid.
4404 3795 4554 3859 Plat.

2877 3895 3046 3961 Tim.
3077 3919 3144 3984 p.
3173 3912 3277 3983 37.
3307 3919 3401 3984 sq.
3430 3919 3496 3984 p.
3527 3899 3631 3983 36.
3664 3920 3759 3983 sq.
3786 3896 3989 3965 Bekk.

2958 4037 3047 4050 —
3080 4002 3178 4065 16.
3213 4006 3445 4082 πρῶτον
3470 3999 4118 4090 μὲν-ἔπειτα-εἲτα]
4171 3998 4346 4066 Plato
4376 4002 4439 4066 iu
4464 4001 4557 4066 his

2877 4101 3279 4167 enumerandi
3317 4100 3601 4166 formulis
3651 4100 3831 4166 tertio
3881 4124 4137 4189 quoque
4179 4101 4315 4168 loco
4359 4104 4560 4168 ἔπειτα

2878 4226 3179 4292 usurpare
3208 4202 3383 4284 solet,
3414 4203 3514 4269 vel
3551 4227 3667 4291 pro
3695 4228 3769 4268 eo
3799 4204 3886 4269 ἔτι
3914 4207 3981 4269 δὲ
4011 4207 4123 4270 καί.
4170 4204 4317 4269 Vid.
4363 4204 4559 4271 Hein-

2875 4306 3039 4371 dorf.
3067 4306 3148 4371 ad
3180 4305 3420 4373 Platon.
3457 4305 3754 4372 Phaedon.
3787 4310 3844 4392 §-
3871 4307 3971 4371 86.
4003 4329 4067 4394 p.
4089 4307 4194 4393 89.
4222 4329 4282 4374 a.
4310 4329 4377 4396 p.
4417 4330 4554 4390 144.

2876 4408 3143 4473 Heindf.
3172 4422 3237 4473 et
3278 4408 3358 4473 cf.
3399 4408 3694 4475 Matthiae
3725 4410 3841 4475 Gr.
3871 4410 3983 4475 Gr.
4017 4414 4077 4496 ξ.
4102 4411 4250 4496 603.
4275 4431 4338 4498 p.
4371 4429 4556 4477 1211.

2877 4510 2978 4576 ed.
3005 4509 3115 4575 alt.

2962 4636 3027 4703 p.
3079 4615 3232 4700 598,
3292 4634 3388 4681 11.
3431 4616 3670 4680 αἰώνιον
3711 4616 3806 4680 καὶ
3851 4615 4073 4704 ἀΐδιον]
4123 4615 4225 4681 Cf.
4276 4615 4440 4683 infra
4490 4640 4557 4704 Ρ.

2876 4719 3025 4804 328.
3085 4719 3167 4783 G.
3219 4732 3284 4783 et
3341 4716 3571 4784 adhibe
3620 4717 4142 4807 olympiodorum
4201 4717 4264 4782 iu
4302 4719 4559 4785 Aristot.

2880 4823 3146 4887 Meteor.
3174 4842 3237 4902 4.
3260 4845 3327 4909 p.
3361 4839 3483 4908 323
3528 4844 3716 4908 quem
3746 4819 3950 4886 locum
3982 4819 4236 4886 exhibet
4257 4822 4560 4910 Wytten-

2876 4923 3133 4989 bachius
3148 4925 3213 4989 in
3243 4922 3617 4990 Animadvv.
3645 4924 3710 4988 in
3742 4923 4057 4990 Plutarch.
4075 4924 4158 4989 de
4185 4926 4252 4989 S.
4276 4926 4362 4990 N.
4384 4927 4460 4992 V.
4493 4950 4555 5015 p.

2875 5028 3030 5113 438.
3061 5052 3156 5116 sq.
3185 5027 3284 5093 ed.
3317 5051 3496 5093 novae
3530 5029 3655 5092 Ox.
3685 5027 3797 5116 qui
3837 5027 3953 5093 hos
3990 5027 4169 5093 binos
4209 5027 4379 5094 locos
4417 5028 4557 5095 Plo·

2878 5130 2990 5196 tini
3019 5131 3102 5196 ad
3129 5147 3337 5220 partes
3364 5130 3626 5197 vocavit.

2940 5257 3007 5324 p.
3026 5255 3179 5321 599,
3200 5235 3260 5301 8.
3287 5234 3708 5315 αἰῶνα-ζωὴν
3727 5234 4053 5321 μένουσαν]
4088 5232 4375 5321 Respicit
4404 5233 4560 5315 haec,

2877 5351 2941 5402 et
2977 5361 3122 5425 quae
3162 5336 3328 5402 infra
3368 5361 3433 5426 p.
3461 5340 3614 5424 336.
3660 5336 3979 5425 leguntur,
4015 5338 4267 5403 Proclus
4300 5336 4365 5402 in
4399 5337 4560 5403 Plat.

2876 5440 3040 5507 Tim.
3091 5463 3155 5529 p.
3194 5457 3337 5524 127.
3382 5440 3490 5505 inf.
3536 5440 3701 5505 conf.
3747 5439 3930 5505 etiam
3986 5439 4271 5505 Proclum
4313 5439 4380 5504 iu
4421 5439 4562 5504 Pla-

2877 5544 3039 5610 tonis
3064 5543 3287 5610 Tbeol.
3319 5544 3397 5608 V.
3430 5561 3528 5626 27.
3563 5565 3628 5631 p.
3657 5562 3807 5630 305.
3839 5560 3901 5608 et
3936 5566 3995 5631 p.
4026 5563 4179 5628 311,
4209 5541 4319 5609 ubi
4347 5541 4437 5607 διὸ
4470 5543 4565 5607 καὶ
