5118 6613
1354 558 1558 623 ΜΒ.
1604 558 1684 623 v,
1732 557 2203 623 ENNEAD.
2251 555 2713 627 TERTIAE.
2760 585 2824 650 p.
2856 576 3223 650 532-535·

552 733 647 798 καὶ
690 733 758 797 ἐκ
801 730 931 797 sive
976 733 1084 796 κᾶκ
1127 733 1227 809 τῆς
1254 754 1308 794 τ.
1343 756 1401 795 ο.
1433 731 1568 796 οὗσ.
1598 742 1662 796 et
1698 753 1780 796 ea·
1821 731 2057 797 entium
2098 731 2247 797 sub-

550 835 794 901 stantia.
883 834 1095 900 Aliter
1137 847 1345 898 tamen
1381 834 1516 899 Fic.
1550 833 1756 899 locum
1788 834 1959 900 hunc
1988 837 2250 925 accepit,

549 940 662 1026 qui
700 937 929 1012 vertit;
1009 945 1054 977 “
1085 953 1149 1002 et
1191 937 1272 1001 ab
1314 936 1453 1024 ipsa
1494 937 1732 1001 entium
1778 938 2042 1004 essentia
2087 960 2247 1027 pen-

630 1168 695 1234 p.
728 1164 881 1231 533,
918 1145 982 1208 6.
1029 1145 1126 1208 καὶ
1161 1146 1228 1208 ἐκ
1255 1149 1363 1208 τοῦ
1400 1145 1530 1209 οἷον
1569 1144 1965 1228 ἆποῤῥέοντος
1993 1145 2110 1211 άπὸ
2140 1151 2247 1211 τοῦ

545 1245 1119 1330 ὁρωμένου-Ἔρως
1166 1245 1437 1330 ἐγένετο]
1489 1248 1721 1312 Noster
1772 1246 1933 1312 infra
1986 1272 2050 1337 p.
2094 1268 2239 1333 714.

550 1352 627 1416 B.
660 1352 756 1416 καὶ
794 1353 997 1416 τοίνυν
1037 1350 1211 1434 ψυχὴ
1252 1355 1537 1431 λαβοῦσα
1574 1353 1658 1417 εἰς
1702 1351 1882 1430 αὐτὴν
1928 1352 2067 1434 (τὴν
2092 1353 2238 1418 fort.

544 1455 939 1538 addendum)
984 1458 1212 1519 ἐκεῖθεν
1241 1455 1541 1538 ἆποῤῥοὴν
1572 1461 1815 1520 κινεῖται
1846 1457 1942 1520 καὶ
1972 1458 2238 1538 ἀναβακ-

543 1561 784 1645 χεύεται
822 1558 917 1622 καὶ
958 1561 1212 1640 οἴστρων
1255 1558 1605 1637 πίμπλαται,
1656 1559 1752 1622 καὶ
1796 1558 1940 1640 ἔρως
1987 1561 2236 1642 γίνεται.

546 1662 730 1729 Plato
773 1660 1050 1725 Phoedro
1089 1684 1154 1748 p.
1190 1680 1334 1746 251.
1369 1660 1433 1725 b.
1465 1684 1530 1748 p.
1561 1682 1665 1748 49.
1699 1659 1943 1725 Bekk.:
1992 1660 2237 1743 δεξάμε-

545 1793 645 1835 νος
671 1770 787 1849 γὰρ
816 1770 922 1828 τοῦ
950 1764 1207 1831 κάλλους
1234 1764 1343 1843 τὴν
1371 1764 1671 1846 ἆποῤῥοῆν
1698 1768 1795 1829 διὰ
1823 1771 1941 1828 τῶν
1964 1764 2241 1845 ὀμμάτων

545 1868 894 1952 ἐθερμάνθη.
984 1867 1189 1953 Cujus
1230 1866 1351 1931 loci
1396 1866 1625 1931 multas
1663 1866 2037 1932 imitationes
2079 1867 2242 1931 indi-

541 1985 763 2038 carunt
793 1970 1201 2059 Wyttenb.in
1229 1970 1396 2035 Bibl.
1418 1971 1580 2035 Crit.
1604 1972 1661 2035 Ι.
1689 1990 1744 2036 2.
1767 1995 1826 2059 p.
1859 1973 1964 2036 60.
2000 1972 2135 2037 Ast.
2157 1974 2239 2037 ad

542 2075 798 2141 Phoedr.
829 2073 873 2139 l.
900 2073 939 2141 l.
971 2098 1038 2161 p.
1056 2093 1202 2160 320.
1229 2073 1485 2137 Jacobs.
1516 2073 1596 2137 ad
1629 2072 1864 2140 Achill.
1900 2075 2050 2140 Tat.
2085 2076 2143 2139 1.
2174 2095 2236 2159 9.

540 2203 605 2268 p.
618 2197 875 2267 445.sq.
892 2178 1258 2243 Boissonad.
1281 2176 1363 2241 ad
1380 2177 1980 2265 Aristaeuet.p.710.
2018 2179 2237 2244 Notio-

539 2304 680 2347 nem
726 2295 936 2346 autem
968 2302 1311 2367 vocemque
1342 2281 1662 2361 ἆπορῤοίας
1690 2278 1917 2345 deinde
1944 2282 2024 2345 ad
2056 2304 2235 2345 sanc-

540 2384 697 2449 tiora
725 2383 911 2448 etiam
942 2382 1291 2447 traductam
1325 2404 1455 2446 esse
1483 2403 1667 2446 nemo
1695 2381 1910 2460 nescit,
1941 2381 2235 2448 nimirum

542 2503 614 2553 ut
641 2487 722 2552 sit
745 2487 1031 2551 Christus
1062 2487 1268 2551 Patris
1288 2485 1456 2549 filius
1479 2484 1600 2548 κατ’
1623 2487 1962 2569 ἆπόῤῥοιαν.
2029 2488 2235 2565 Quam

539 2590 903 2656 sententiam
946 2590 1245 2655 Ecclesiae
1273 2604 1483 2677 patres
1513 2603 1585 2652 ut
1613 2588 1956 2676 plurimum
1986 2590 2235 2679 impug-

540 2709 792 2761 narunt.
867 2695 1009 2759 vid.
1063 2694 1453 2761 Theodoret.
1504 2693 1645 2758 Vol.
1691 2694 1834 2758 III.
1879 2717 1945 2782 p.
1990 2713 2135 2780 743.
2175 2710 2238 2760 et

538 2821 681 2887 993.
714 2799 817 2864 ed.
851 2798 1100 2864 Schulz.

620 2943 713 2956 —
735 2904 794 2968 8.
820 2903 976 2988 τάχα
1002 2929 1119 2967 που
1139 2902 1233 2966 καὶ
1256 2906 1357 2982 τῆς
1371 2904 1773 2985 προσηγορίας
1791 2904 2066 2967 ἐντεῦθεν
2081 2907 2232 2983 μᾶλ-

536 3017 650 3074 λον
695 3007 851 3093 αὐτῷ
901 3005 1300 3089 γεγενημένης
1333 3033 1384 3068 κ.
1405 3032 1460 3069 τ.
1483 3007 1576 3090 λ.]
1629 3004 1815 3069 Plato
1861 3004 2123 3093 Cratylo
2166 3030 2230 3093 p.

534 3129 685 3193 420.
716 3132 775 3173 a.
810 3107 1006 3191 Ἔρως
1038 3110 1104 3172 δὲ
1148 3110 1319 3190 ἐσρεῖ
1344 3107 1563 3187 ἔξωθεν
1594 3108 1687 3171 καὶ
1718 3108 1824 3172 οὐκ
1853 3110 2041 3172 οἰκεία
2070 3110 2236 3173 ἐστὶν

535 3216 572 3294 ἡ
597 3214 708 3296 ῥοὴ
739 3215 882 3293 αὕτη
911 3216 991 3298 τῷ
1028 3212 1229 3295 ἔχοντι
1270 3210 1409 3274 ἀλλ’
1444 3213 1793 3277 ἐπείσακτος
1826 3216 1923 3276 διὰ
1965 3217 2083 3276 τῶν
2128 3215 2234 3292 ὀμ-

533 3317 736 3398 μάτων
764 3320 861 3380 διᾶ
890 3319 1072 3379 ταῦτα
1101 3314 1218 3378 ἀπὸ
1248 3319 1353 3377 τοῦ
1384 3317 1586 3396 ἐσρεῖν
1609 3315 1784 3397 ἔσρος
1812 3318 1955 3398 τόγε
1975 3316 2237 3381 παλαιὸν

536 3422 973 3504 ἐκαλεῖτο-τῷ
1014 3421 1130 3500 γὰρ
1158 3419 1227 3481 οὗ
1257 3418 1390 3480 ἀντὶ
1419 3422 1524 3481 τοῦ
1561 3415 1608 3481 ὦ
1652 3420 2153 3501 ἐχρώμεθα-νῦν
2183 3419 2231 3484 δ’

534 3523 677 3605 ἔρως
708 3519 986 3601 κέκληται
1015 3522 1113 3584 διὰ
1150 3520 1259 3599 τὴν
1293 3524 1400 3583 τοῦ
1443 3517 1490 3582 ὦ
1531 3520 1662 3583 ἀντὶ
1704 3525 1810 3583 τοῦ
1837 3522 1906 3584 οὗ
1934 3529 2236 3601 μεταλλα-

533 3626 663 3709 γήν.
756 3624 977 3688 Visum
1017 3621 1282 3709 proinde
1325 3637 1388 3685 et
1427 3621 1558 3708 ipse
1607 3620 1790 3686 Plato
1835 3622 2125 3687 adhibuit
2169 3624 2234 3688 in

531 3726 789 3792 Amoris
815 3740 1029 3813 etymo
1058 3724 1370 3789 sectando.
1440 3723 1648 3788 Aliter
1677 3738 1882 3789 tamen
1914 3725 2226 3805 Plotium,

532 3833 716 3920 cujus
758 3828 1152 3918 etymologiae
1197 3827 1528 3915 vestigium
1574 3844 1780 3892 exstat
1822 3829 1885 3892 in
1944 3830 2229 3918 Etymol.

534 3938 763 4024 Magn.
807 3957 871 4021 p.
904 3949 1055 4020 379.
1098 3956 1163 4020 p.
1192 3954 1342 4018 344.
1380 3931 1560 4019 Lips.
1598 3930 1915 4014 Ἔρως-ἢ
1957 3938 2119 4016 παρὰ
2160 3934 2229 3998 τὸ

531 4043 646 4123 ὁρῶ
664 4040 735 4104 τὸ
762 4038 998 4120 βλέπω,
1023 4039 1057 4101 ὁ
1085 4039 1182 4100 διὰ
1209 4039 1309 4115 τῆς
1339 4038 1675 4115 αἰσθητικῆς
1696 4035 1961 4117 ὁράσεως
1992 4038 2225 4119 ἐγγινό-

529 4170 709 4225 μενος
735 4148 858 4209 τοῖς
886 4142 1215 4223 ἀνθρώποις
1242 4140 1443 4212 πόθος,
1477 4137 1586 4201 ubi
1617 4137 1737 4202 alia
1766 4161 2020 4224 quoque
2049 4138 2230 4226 plura

529 4244 824 4323 inveniet,
855 4243 966 4331 qui
996 4240 1341 4306 istiusmodi
1375 4240 1609 4305 deliciis
1636 4255 1944 4306 teneatur.
2036 4241 2229 4306 Ploti-

529 4372 649 4414 nus
677 4363 887 4413 autem
920 4346 1282 4413 dubitanter
1312 4347 1749 4412 tantummodo
1775 4348 1956 4411 istam
1988 4362 2227 4436 etymo-

529 4452 759 4541 logiam
811 4450 1213 4537 periclitatur.
1305 4451 1622 4514 Caeterum
1671 4449 1822 4514 edit.
1866 4450 2064 4538 princ.
2121 4452 2228 4517 Fi-

529 4557 649 4623 cini
708 4556 775 4622 h.
798 4556 838 4620 l.
900 4555 1047 4621 dat:
1107 4563 1152 4594 ‘⁶
1184 4554 1295 4643 qui
1347 4554 1509 4619 forte
1554 4554 1636 4618 ab
1694 4554 1812 4620 hoc
1870 4554 2077 4621 dictus
2133 4572 2228 4622 est

528 4662 731 4738 heros,
777 4659 1072 4747 quoniam
1116 4658 1198 4723 ab
1250 4658 1560 4739 horaseOS,
1606 4659 1649 4722 i.
1674 4682 1730 4723 e.
1776 4659 2034 4738 visione,
2074 4661 2222 4725 sub-

529 4764 815 4830 stantiam
848 4763 1093 4829 habet.”

610 4905 701 4917 —
730 4887 790 4951 9.
841 4867 971 4930 ἐπεὶ
1015 4867 1086 4929 τό
1115 4891 1186 4948 γε
1222 4866 1411 4934 πάθος
1445 4865 1561 4930 ἀπὸ
1606 4866 1814 4929 τούτου
1853 4865 1985 4948 ἔχοι
2014 4863 2090 4929 ἂν
2119 4866 2227 4946 τὴν

526 4969 865 5052 ἐπιθυμίαν]
947 4969 1113 5033 Cum
1158 4968 1441 5056 proxime
1491 4966 1909 5056 praecedentia
1961 4983 2022 5032 et
2078 4993 2226 5034 con-

528 5072 706 5137 tinuo
756 5070 1077 5157 sequentia
1121 5086 1353 5157 spect0‚
1396 5070 1676 5158 suspicor
1712 5069 2046 5157 legendum
2091 5095 2222 5136 esse

527 5178 633 5256 τὴν
663 5177 1034 5255 ἐπωνυμίανε
1085 5183 1128 5214 “
1159 5175 1671 5262 quandoquidem
1704 5175 1963 5240 affectus
1993 5174 2073 5240 ab
2103 5175 2221 5242 hoc

526 5303 697 5345 suam
751 5278 1225 5367 appellationem
1289 5280 1504 5361 (suum
1557 5282 1813 5364 nomen)
1864 5279 2052 5344 habet
2074 5281 2217 5343 :”—

528 5384 660 5450 Nisi
692 5385 855 5449 forte
886 5383 1059 5448 locus
1094 5407 1172 5447 ex
1205 5383 1411 5449 codd.
1446 5385 1580 5449 Ciz.
1613 5385 1797 5449 Mon.
1833 5388 1921 5449 A.
1954 5384 2097 5448 Vat.
2127 5385 2217 5450 ita

528 5485 997 5552 constituendus
1048 5500 1175 5551 est:
1250 5488 1380 5552 ἐπεὶ
1427 5490 1572 5570 τόγε
1614 5486 1803 5554 πάθος
1844 5486 1962 5551 ἀπὸ
2006 5489 2217 5552 τούτου

534 5590 672 5674 ἐρᾷν
697 5589 961 5672 λέγεται,
996 5592 1162 5673 εἴπερ
1198 5592 1487 5673 πρότερον
1526 5592 1704 5656 οὐσία
1743 5591 1823 5671 μὴ
1860 5590 2089 5670 οὐσίας,
2123 5594 2217 5656 καὶ

629 5698 816 5751 VOL.
855 5697 982 5749 111.

3914 567 4036 652 169

2339 738 2504 817 εἴπερ
2535 734 2680 818 ἔρως
2709 735 2890 801 αὐτὸν
2920 735 3048 820 ἔχει
3074 738 3266 799 τοῦδε.
3354 737 3505 800 Hoc
3545 734 3683 801 loco
3709 760 3827 825 pro
3856 739 4041 805 αὐτὸν

2340 837 2475 901 Fic.
2507 836 2659 924 legit
2692 838 2893 917 αὐτὴν,
2922 839 3183 903 fortasse
3211 837 3492 925 cogitans
3518 841 3818 905 animam.
3890 844 4039 929 Ego

2337 938 2399 1003 in
2431 937 2605 1004 libris
2629 940 2976 1028 acquiesco.
3067 941 3265 1005 Αὐτὸν
3294 940 3561 1005 scribere
3596 941 3806 1029 potuit
3835 943 4034 1008 Ploti-

2333 1064 2453 1106 nus
2501 1064 2618 1129 pro
2673 1041 2825 1107 τινά.
2938 1043 3108 1107 Utut
3153 1057 3281 1106 est:
3346 1043 3465 1108 hoc
3515 1058 3780 1124 certum,
3832 1045 4033 1133 philo-

2331 1143 2530 1231 sopho
2548 1160 2761 1208 nostro
2782 1143 3111 1208 obversata
3137 1167 3268 1208 esse
3286 1144 3420 1209 haec
3454 1145 3765 1232 Symposii
3794 1169 3859 1235 p.
3885 1165 4030 1233 299.

2330 1269 2396 1333 p.
2427 1266 2574 1328 421.
2628 1247 2874 1310 Bekk.:
2923 1244 3179 1329 πότερόν
3223 1248 3354 1310 ἐστι
3398 1252 3678 1321 τοιοῦτος,
3718 1250 3842 1317 οἶος
3880 1249 4040 1315 εἶναί

2328 1374 2487 1416 τινος
2509 1347 2773 1431 ὁ”Ερως,
2802 1347 2840 1428 ἢ
2863 1351 3102 1417 οὐδενός
3112 1351 3478 1425 ς-τοσόνδε
3500 1351 3566 1413 δὲ
3597 1353 3745 1426 είπέ,
3776 1355 4034 1436 πότερον

2328 1454 2362 1516 ὁ
2394 1453 2538 1535 ἔρως
2583 1455 2813 1519 ἐκείνου
2844 1455 2913 1518 οὗ
2944 1455 3111 1518 ἔστιν
3141 1454 3304 1537 ἔρως,
3349 1457 3624 1535 ἐπιθυμεῖ
3660 1457 3840 1520 αὐτοῦ
3869 1454 3908 1538 ἢ
3937 1460 4029 1524 οὔ.

2329 1555 2504 1619 Πάνυ
2559 1581 2653 1639 γε,
2703 1556 2911 1635 φάναι.
3044 1554 3166 1620 Illa
3203 1579 3352 1620 vero
3408 1556 3748 1622 admonent
3804 1559 4031 1626 Dionis

2330 1659 2780 1747 Chrysostomi.
2901 1660 3026 1740 Qui
3099 1660 3389 1748 egregius
3460 1661 3724 1749 scriptor
3778 1662 3864 1728 ita
3925 1666 4030 1729 De

2328 1771 2581 1857 Regno,
2604 1770 2731 1834 sive
2767 1773 2945 1836 Orat.
2980 1770 3122 1834 III.
3153 1793 3218 1858 p.
3243 1785 3347 1856 52.
3380 1793 3446 1858 p.
3478 1791 3617 1858 132.
3650 1795 3741 1860 sq.
3769 1773 3978 1841 Reisk.
4007 1800 4024 1840 t

2328 1873 2396 1935 οὗ
2424 1876 2540 1955 γὰρ
2574 1874 2667 1937 καὶ
2701 1875 2775 1937 τὰ
2815 1874 3138 1954 ἀφροδίσια
3166 1877 3351 1936 ταῦτα
3387 1874 3601 1953 ἥδιστα
3646 1876 3740 1940 καὶ
3780 1878 4026 1960 ἀνυβρι-

2326 1972 2605 2051 στότατα,
2638 1978 2757 2040 ὅσα
2799 1978 3029 2058 γίνεται
3067 1979 3217 2055 μετὰ
3259 1977 3468 2052 φιλίας
3511 1983 3630 2042 τῶν
3674 1981 4021 2056 συνόντων;

2326 2079 2423 2142 καὶ
2471 2081 2607 2143 ὅσοι
2663 2081 3067 2160 μαστεύουσιν
3114 2080 3351 2144 εὔνοιαν
3399 2082 3746 2162 ἀνθρώποις,
3803 2085 4028 2164 ἐπῆλθε

2324 2185 2485 2265 παρὰ
2512 2187 2818 2260 παιδικῶν,
2855 2179 2893 2261 ἢ
2922 2185 3083 2263 παρὰ
3126 2188 3439 2264 γυναικῶν.
3487 2186 3715 2249 πολλαὶ
3756 2188 3870 2265 μὲν
3907 2190 4023 2270 γδρ

2326 2287 2649 2366 ἐπωνυμίαι
2678 2289 2778 2365 τῆς
2817 2286 3041 2367 φιλίας,
3093 2287 3295 2367 ὥσπερ
3335 2285 3545 2365 ἀμέλει
3585 2288 3682 2351 καὶ
3722 2294 3940 2372 χρεῖαι.
3984 2289 4023 2370 ἢ

2325 2390 2388 2451 δὲ
2416 2392 2567 2468 μετὰ
2598 2388 2854 2455 κάλλους
2883 2388 2978 2452 καὶ
3017 2388 3170 2469 ὥρας
3208 2388 3531 2471 γιγνομένη
3572 2391 3749 2472 φιλία
3790 2393 4023 2460 δικαίως

2325 2492 2470 2574 ἔρως
2526 2493 2887 2572 ὠνόμασται,
2934 2492 3030 2555 καὶ
3085 2496 3252 2555 δοκεῖ
3306 2490 3626 2559 κάλλιστος
3671 2499 3789 2557 τῶν
3847 2499 4018 2560 θεῶν.

2325 2593 2728 2659 Lacunosum
2776 2617 2906 2659 esse
2945 2592 3148 2658 locum
3187 2592 3479 2658 viderunt
3529 2595 3615 2659 Is.
3661 2597 4016 2664 Casaubon.

2323 2713 2385 2761 et
2416 2697 2750 2770 Reiskius;
2799 2696 2908 2784 qui
2952 2720 3098 2784 quae
3142 2698 3541 2777 tentaverint,
3577 2697 3822 2765 silentio
3861 2723 4023 2788 prae-

2321 2801 2616 2865 termitto.
2709 2801 2927 2887 Lego:
2980 2801 3074 2863 καὶ
3121 2801 3241 2864 ὅσα
3293 2799 3410 2883 (ita
3448 2822 3668 2887 margo
3714 2802 4019 2890 Morellii)

2319 2906 2721 2985 μαστεύουσιν
2768 2905 3004 2968 εὔνοιαν
3054 2904 3371 2985 ἄνθρωποι,
3426 2905 3756 2987 ἀνθρώποις
3799 2908 4023 2987 ἐπῆλθε

2319 3008 2491 3093 χάρις
2517 3010 2680 3089 παρὰ
2725 3011 3006 3070 παιδικῶν
3038 3002 3076 3085 ἢ
3114 3009 3275 3087 παρὰ
3311 3014 3637 3089 γυναικῶντ
3688 3015 3734 3047 “
3762 3023 3824 3073 et
3874 3032 4022 3096 quae

2324 3111 2599 3176 studiose
2653 3123 2968 3173 sectantur
3014 3121 3313 3196 tanquam
3365 3109 3856 3176 benevolentiam
3906 3112 4022 3178 ho-

2323 3215 2540 3293 mines,
2571 3212 2930 3277 hominibus
2956 3221 3176 3299 sponte
3205 3215 3469 3279 veniunt
3500 3214 3583 3297 (S.
3615 3230 3835 3303 sponte
3863 3216 4020 3282 dan-

2324 3322 2458 3403 tur)
2492 3331 2791 3405 tanquam
2814 3318 3048 3404 gratia
3084 3339 3122 3380 a
3149 3315 3363 3403 pueris
3398 3317 3620 3383 amatis
3649 3318 3744 3384 vel
3775 3343 3816 3383 a
3843 3319 4023 3385 femi-

2320 3422 2480 3485 nis.''
2523 3422 2845 3501 μαστεύειν
2873 3434 2935 3483 et
2969 3422 3249 3484 ἐπελθεῖν
3277 3419 3440 3483 inter
3482 3442 3547 3484 se
3590 3437 4018 3509 opponuntur.

2320 3524 2491 3609 χάρις
2518 3537 2730 3587 autem
2762 3534 2825 3586 et
2848 3523 3048 3586 εὔνοια
3067 3522 3431 3608 junguntur
3459 3521 3646 3586 etiam
3675 3522 4023 3590 Plutarcho

2320 3628 2386 3691 in
2416 3627 2749 3692 Amatorio
2792 3648 2858 3712 p.
2891 3643 3039 3709 751.
3073 3626 3150 3690 C.
3193 3648 3256 3712 p.
3299 3644 3395 3710 13.
3428 3622 3674 3712 Wytt.:
3725 3629 3780 3689 εἶ
3821 3631 3940 3709 γὰρ
3981 3629 4020 3709 ἡ

2320 3734 2483 3813 παρὰ
2525 3732 2713 3814 φύσιν
2751 3730 2957 3809 ὁμιλία
3005 3727 3152 3811 πρὸς
3197 3730 3446 3811 ἄῤῥενας
3495 3728 3601 3792 οὗκ
3639 3730 3875 3811 ἀναιρεῖ
3910 3732 4021 3811 τήν

2318 3834 2598 3916 ἐρωτικὴν
2630 3835 2865 3898 εὔνοιαν
2904 3832 3041 3895 οὐδὲ
3073 3830 3355 3911 βλάπτει,
3395 3830 3554 3895 πολὺ
3593 3834 3833 3911 μᾶλλον
3863 3836 4019 3902 εἰκός

2318 3939 2448 4000 ἐστι
2500 3943 2619 4001 τῶν
2669 3941 2962 4019 γυναικῶν
3011 3931 3048 4014 ἢ
3105 3936 3332 4016 ἀνδρῶν
3386 3932 3504 4017 (ita
3555 3948 3722 3999 recte
3773 3936 4015 4023 Wytt.)

2306 4039 2548 4122 Ἔρωτα
2581 4044 2651 4121 τῇ
2691 4041 2872 4123 φύσει
2917 4040 3227 4122 χρώμενον
3267 4041 3351 4105 εἰς
3391 4038 3604 4120 φιλίαν
3644 4041 3741 4103 διὰ
3777 4038 4020 4122 χάριτος

2320 4146 2696 4223 ἐξικνεῖσθαι.
2808 4140 3360 4228 Morigerationem
3422 4156 3633 4206 autem
3688 4165 4013 4208 veneream

2317 4245 2534 4330 χάριτα
2583 4261 2646 4310 et
2694 4245 2939 4328 χάριτας
2977 4244 3098 4310 dici
3143 4245 3499 4324 VeteribuS,
3532 4267 3655 4309 non
3705 4257 3797 4310 est
3844 4247 4020 4333 quod

2318 4365 2458 4437 post
2488 4348 2828 4413 Ruhnken.
2859 4347 2941 4413 ad
2974 4347 3145 4413 Tim.
3180 4350 3339 4412 Lex.
3375 4346 3540 4412 Plat.
3570 4370 3828 4436 operose
3849 4371 4016 4414 oom-

2312 4468 2746 4517 monstremus.
2818 4451 3051 4516 Vocem
3084 4450 3256 4535 χάρις
3282 4451 3344 4516 in
3379 4450 3604 4516 Dionis
3633 4451 3772 4516 loco
3802 4451 4013 4517 hausit

2313 4578 2578 4643 sequens
2605 4553 2780 4638 παρά.

2396 4682 2465 4746 p.
2496 4673 2651 4744 534,
2687 4677 2746 4722 2.
2795 4660 2859 4737 ἐξ
2908 4656 3156 4739 ὀρέξεως
3201 4659 3298 4721 καὶ
3345 4657 3519 4737 αὐτῆς
3575 4657 4006 4749 γεγενημένος]

2313 4762 2447 4827 Fic.
2482 4759 2783 4848 expressit
2811 4760 2935 4840 μετ’
2970 4761 3160 4840 αὐτῆς.
3229 4759 3610 4825 Cod.'Mon.
3636 4761 3713 4825 A.
3742 4761 4012 4828 voluisse

2312 4863 2565 4929 videtur
2593 4863 3013 4947 γεγενημένης.
3092 4864 3384 4928 Fortasse
3411 4862 3749 4951 legendum
3784 4867 3880 4931 καὶ
3911 4868 4013 4932 αὗ-

2312 4970 2413 5036 τὸς
2441 4967 2859 5051 γεγενημέμος.
2937 4965 3097 5031 Vide
3126 4966 3428 5054 proxima.

2396 5095 2460 5159 p.
2494 5087 2577 5156 53
2582 5091 2648 5156 5,
2681 5072 2739 5134 6.
2788 5072 3044 5135 Οἴεσθαι
3091 5072 3156 5134 δὲ
3213 5070 3330 5153 χρὴ
3389 5070 3483 5134 καὶ
3529 5068 3891 5152 Ἀφροδίτας
3940 5072 4010 5135 ἐν

2308 5179 2387 5262 τῷ
2419 5176 2542 5260 ὅλῳ
2581 5177 3049 5253 πολλὰς-μετὰ
3091 5176 3253 5237 Ζδίων
3278 5171 3586 5262 Ἐρώτων]
3636 5171 4006 5237 Damascius

2306 5277 2385 5342 de
2451 5275 2783 5364 Principiis
2838 5300 2893 5340 c.
2946 5295 3050 5360 97.
3096 5298 3165 5363 p.
3210 5294 3359 5364 302.
3410 5275 3686 5364 Koppii:
3734 5276 3840 5339 οὐκ
3890 5276 4006 5357 ἄρα

2307 5386 2487 5462 ταύτῃ
2517 5381 2787 5462 ὁμοειδὴς
2811 5378 3039 5460 Ἀθηνᾶ
3068 5379 3164 5444 καὶ
3210 5380 3359 5447 Ζεὺς
3399 5376 3438 5460 ᾗ
3480 5380 3625 5452 θεοὶ,
3659 5379 3756 5442 καὶ
3781 5375 3821 5458 ᾗ
3847 5380 3999 5468 νόες,

2306 5483 2464 5566 καὶῇ
2495 5483 2859 5566 δημιουργοί.
2907 5487 3090 5547 ταῦτα
3132 5485 3250 5566 γὰρ
3290 5484 3459 5546 κοινὰ
3494 5481 3588 5545 καὶ
3635 5484 3761 5547 τοῖς
3805 5482 3999 5561 ὁμοει-

2303 5591 2436 5656 δέσι
2482 5589 2786 5667 σύνεστιν,
2825 5586 2954 5650 οἷον
2990 5591 3118 5653 ταῖς
3159 5590 3416 5652 πολλαῖς
3460 5582 3859 5666 Ἀφροδίταις·
3906 5589 4004 5665 δη-

2380 5699 2433 5749 Ζ
