5118 6613
1053 549 1182 620 502
2118 529 2594 595 ADDENDA
2639 529 2769 594 ET
2815 529 3468 597 CORRIGENDA.

1146 710 1283 785 Cap.
1315 725 1409 766 20.
1444 709 1525 785 (p.
1551 724 1574 764 1
1591 705 1713 778 28.)
1763 712 1800 739 ‘⁴
1819 706 1917 763 Kal
1943 705 2140 776 Μήδιος.
2197 704 2380 764 Medii
2406 703 2699 781 cujusdam
2728 705 2881 785 apud
2908 704 3173 765 Proclum
3204 705 3305 782 (ad
3331 703 3585 765 Platonis
3612 702 3970 785 Rempublic.
3997 703 4096 764 lib.
4121 704 4257 781 IV.)
4281 702 4543 765 meminit

1065 801 1458 886 Porphyrius.’'
1503 806 1778 882 Leoperd.

1144 904 1292 965 Ibid.
1324 906 1407 982 (p.
1440 921 1567 980 129.
1599 901 1641 962 l.
1674 920 1697 960 1
1718 903 1792 978 ι.)
1835 902 1923 959 καὶ
1953 907 2276 975 Πτολεμαῖος.
2362 899 2554 960 Addit.
2592 902 2949 980 Leopardius.
3021 909 3060 936 “
3083 902 3160 961 At
3185 899 3468 962 sententia
3487 912 3691 980 postea
3717 899 4019 959 immutata
4045 899 4332 960 Fabricius
4364 900 4544 975 (Bibl.

1064 1005 1167 1061 Gr.
1196 1002 1296 1061 lib.
1321 1003 1426 1061 IV.
1456 1020 1580 1081 cap.
1606 1018 1701 1076 33.
1731 1004 1779 1074 ξ.
1808 1005 1912 1077 5.),
1943 998 2098 1078 quod
2140 1018 2256 1057 non
2294 999 2520 1058 monuit
2558 1000 2868 1058 Schardam
2899 1000 3012 1076 [vel
3044 998 3235 1080 potius
3272 1000 3675 1076 Ruhnkenius]
3709 998 4075 1058 Ptolemaeum
4106 996 4543 1079 Peripateticum

1063 1100 1332 1180 Longino
1359 1099 1452 1159 hic
1481 1111 1858 1158 memoratum
1887 1097 2112 1156 ὀίσατο
2147 1095 2288 1156 dixit
2328 1118 2362 1156 a
2391 1097 2701 1157 Ptolemaeo
2729 1097 3055 1157 Ascalonita
3079 1109 3140 1158 et
3164 1098 3239 1157 ab
3267 1095 3386 1166 illo,
3415 1095 3577 1173 cujus
3605 1095 3823 1155 mentio
3851 1096 4005 1176 apud
4032 1098 4264 1156 Sextum
4290 1097 4542 1176 Empiri-

1060 1218 1191 1256 cum
1222 1211 1282 1257 et
1306 1196 1574 1277 Dionysii
1598 1195 1834 1256 Thracis
1863 1193 2293 1254 Scholiastem.”

1146 1298 1279 1373 Cap.
1315 1314 1407 1356 21.
1442 1302 1527 1374 (p.
1558 1313 1689 1371 132.
1721 1294 1760 1352 l.
1786 1310 1842 1370 7.
1867 1296 2019 1371 sqq.)
2068 1302 2106 1326 “
2125 1297 2207 1351 Τὰ
2234 1297 2501 1368 Νουμηνίου
2527 1294 2578 1352 δὲ
2606 1299 2696 1368 οὐχ
2719 1296 3096 1366 wanda
3136 1295 3222 1351 καὶ
3263 1296 3337 1350 τὰ
3380 1297 3555 1352 ἐκείνου
3595 1296 3879 1370 πρεσβεύσειν
3903 1292 4141 1369 δόγματα
4174 1297 4319 1351 ἀλλὰ
4351 1296 4424 1350 τὰ
4447 1299 4546 1351 ‘riis

1063 1397 1397 1471 Πυθαγορείων
1421 1399 1572 1450 αὐτοῦ
1598 1392 1825 1466 ἐχομένου
1849 1392 1936 1448 καὶ
1965 1395 2228 1459 Πλάτωνος
2250 1392 2474 1465 pardum
2500 1392 2755 1468 δόγματα.
2836 1393 2930 1451 Ita
2955 1390 3101 1450 forte
3139 1390 3517 1450 restituendus
3543 1391 3649 1451 iste
3671 1390 3830 1450 locus
3856 1403 3961 1450 est.
4048 1391 4197 1450 Quo
4223 1409 4297 1449 ex
4322 1389 4543 1450 duobus

1059 1489 1567 1559 emendationibus,
1595 1487 1769 1548 Tollii
1797 1487 2010 1547 scilicet
2038 1500 2097 1547 et
2125 1507 2271 1559 mea,
2299 1489 2457 1549 alteri
2485 1490 2855 1551 anteferenda
2879 1488 2973 1557 sit,
2993 1487 3210 1568 judicet
3237 1488 3432 1548 lector.
3515 1489 3684 1551 Quod
3714 1500 3935 1567 spectat
3961 1487 4033 1546 ad
4061 1488 4230 1547 verba
4254 1495 4405 1546 αὐτοῦ
4429 1489 4545 1563 220⁴-

1058 1590 1218 1659 μένου,
1247 1589 1327 1646 ait
1352 1588 1611 1646 similiter
1639 1587 1939 1667 Longinus
1966 1587 2112 1665 apud
2143 1600 2399 1647 nostrum
2428 1588 2617 1669 capite
2643 1589 2929 1669 superiore
2954 1590 3041 1646 καὶ
3067 1592 3139 1645 τὰ
3162 1590 3329 1645 πολλὰ
3353 1594 3449 1645 τόν
3482 1594 3646 1647 αὐτῶ
3670 1591 3929 1663 δημότου
3952 1585 4227 1661 ἑχόμκς.”
4267 1587 4540 1663 Leopard.

1059 1687 1150 1743 Tu
1179 1684 1438 1744 consulas
1465 1685 1628 1745 velim
1659 1684 2239 1765 Wyttenbocbianam
2269 1699 2330 1747 et
2358 1701 2610 1746 nostram
2640 1698 2837 1745 annot.
2870 1686 2929 1744 in
2958 1687 3013 1743 h.
3038 1684 3075 1743 l.

2414 1863 2521 1928 Ad
2548 1864 2792 1929 Plotini
2822 1805 3185 1928 Enneacles.

1139 1977 1203 2034 P.
1231 1993 1280 2033 1.
1302 1977 1369 2034 C.
1396 1973 1491 2035 ed.
1514 1974 1689 2034 Basil.
1719 1973 1779 2033 in
1810 1974 1940 2034 Var.
1969 1975 2133 2035 Lect.
2164 1987 2287 2034 not.
2310 1994 2370 2053 9.
2400 1977 2498 2036 fin.
2528 1976 2673 2057 lege,
2693 1978 3033 2054 praetulerim
3058 1996 3162 2055 pro
3182 1976 3425 2052 pretuli.
3509 1976 3714 2054 Neque
3755 1973 3908 2033 enim
3950 1976 4012 2036 in
4052 1973 4306 2034 ordinem
4346 1973 4535 2053 recepi

1060 2073 1116 2129 N
1121 2072 1510 2132 ominativum.

1139 2169 1288 2229 Ibid.
1319 2169 1377 2228 in
1404 2169 1656 2230 versione
1679 2170 1920 2240 Latina‚·
1934 2169 2202 2229 columna
2227 2170 2491 2242 secunda,
2521 2172 2625 2232 lin.
2651 2190 2706 2248 3.
2735 2171 2877 2253 lege,
2907 2170 3192 2252 suscipere
3230 2177 3404 2249 ipsam
3446 2189 3549 2250 pro
3577 2191 3624 2229 s.
3654 2175 3849 2248 ipsum.
3933 2168 4163 2229 Ficinus
4202 2168 4302 2240 εἴδη
4342 2169 4537 2250 legens

1060 2270 1258 2327 vertit:
1305 2274 1343 2301 ‘⁴
1368 2268 1547 2348 ipsam
1576 2269 1794 2348 species
1811 2274 1932 2349 jam
1960 2268 2179 2347 aliaque
2205 2268 2542 2350 suscipere.”

1138 2386 1195 2444 p.
1216 2384 1274 2440 4.
1296 2366 1375 2425 D.
1416 2368 1605 2429 Quam
1633 2366 1940 2426 lectionem
1965 2379 2086 2425 not.
2111 2381 2200 2444 15.
2230 2369 2596 2446 probaveram
2623 2375 2712 2443 dm
2738 2371 2892 2439 αὐτὴν
2919 2370 3308 2440 δούσης-ἀλλὰ
3334 2369 3570 2436 ποιούσης,
3601 2384 3727 2424 eam
3756 2365 4031 2424 debebam
4060 2365 4119 2423 in
4148 2363 4409 2425 ordinem
4451 2386 4535 2425 re-

1061 2465 1262 2543 cipere,
1294 2483 1328 2523 a
1352 2464 1550 2524 Ficino
1577 2464 1752 2525 etiam
1777 2484 2134 2544 expressam5
2177 2466 2277 2525 sed
2317 2466 2925 2546 soepiuscule—quidni
2952 2465 3106 2525 enim
3132 2465 3310 2524 fatear
3331 2463 3676 2522 ?—nimium
3706 2462 3999 2544 religiosus
4022 2460 4104 2521 fui
4130 2461 4190 2520 in
4216 2464 4542 2544 refingendo

1059 2576 1238 2622 textu.

1140 2684 1198 2742 p.
1224 2681 1315 2722 12.
1333 2663 1413 2722 D.
1441 2661 1540 2721 lin.
1559 2681 1619 2737 4.
1648 2681 1682 2719 a
1702 2662 1799 2719 fin.
1829 2661 1943 2741 leg.
1972 2663 2030 2719 τὸ
2056 2667 2149 2740 ἀφ’
2180 2661 2232 2719 οὔ
2261 2680 2365 2740 pro
2389 2686 2444 2720 τ.
2473 2687 2527 2719 α.
2551 2668 2624 2722 οὒ.

1140 2781 1196 2839 p.
1229 2779 1318 2836 14.
1343 2762 1408 2819 B.
1439 2759 1539 2818 lin.
1561 2777 1621 2834 4.
1651 2778 1687 2817 a
1714 2760 1813 2818 fin.
1841 2758 1951 2838 leg.
1983 2758 2041 2817 in
2072 2770 2230 2818 textu
2268 2758 2299 2830 ἤ
2339 2765 2430 2834 οὐχ
2465 2762 2632 2832 ἱκανὴν
2672 2779 2775 2840 pro
2813 2747 2861 2833 η.
2891 2785 2931 2818 ο.
2963 2761 3145 2831 locat-lyr.
3189 2770 3249 2819 et
3276 2757 3334 2816 in
3366 2770 3487 2817 not.
3517 2775 3606 2832 14.
3636 2756 3735 2817 lin.
3762 2776 3811 2817 1.
3840 2761 3931 2831 οὐχ
3958 2760 4124 2828 ἱκανὴν
4150 2777 4255 2838 pro
4282 2782 4322 2815 ο.
4352 2760 4540 2829 hanff».

1060 2869 1119 2917 et
1146 2858 1243 2915 lin.
1270 2877 1321 2916 2.
1351 2861 1456 2930 οὐχ)
1483 2858 1638 2928 κακὴν
1666 2875 1768 2934 pro
1795 2858 1900 2930 οὐχὶ
1926 2857 2092 2926 καινήν.

1144 2978 1199 3034 p.
1227 2975 1321 3014 22.
1343 2956 1421 3015 D.
1453 2954 1555 3013 lin.
1580 2953 1795 3033 penult.
1842 2952 1965 3013 dele
1992 2952 2262 3033 virgulam
2299 2952 2449 3013 inter
2474 2957 2624 3032 ἀρετὴ
2660 2968 2721 3015 et
2755 2958 2843 3014 καὶ
2877 2954 3034 3032 ἔμω.
3120 2955 3233 3015 Sed
3274 2955 3554 3014 sexcentis
3592 2951 3753 3022 locis,
3781 2952 3879 3011 ubi
3918 2952 4219 3012 hodiernus
4262 2953 4543 3013 scribendi

1062 3072 1198 3110 usus
1225 3053 1283 3111 in
1313 3053 1517 3110 Graeea
1542 3069 1767 3130 quoque
1793 3049 2367 3140 oratione-commata
2390 3053 2479 3112 vel
2506 3053 2780 3114 semicola
2808 3056 3043 3126 omittit,
3071 3074 3177 3135 ego
3205 3055 3325 3113 haec
3363 3051 3576 3110 intacta
3616 3050 3835 3130 reliqui,
3868 3050 4141 3110 librorum
4173 3071 4308 3112 mss.
4339 3065 4399 3110 et
4422 3051 4542 3111 edi·

1066 3149 1238 3208 tionis
1283 3149 1558 3208 rationem
1595 3160 1840 3220 secutus,
1873 3161 2050 3218 metu,
2080 3167 2171 3216 ne,
2202 3148 2250 3208 si
2292 3150 2396 3208 hos
2436 3151 2718 3211 cancellos
2759 3173 3125 3221 removerem,
3155 3153 3457 3232 abruptum
3502 3169 3569 3208 ae
3609 3148 3900 3209 concisum
3930 3148 4231 3209 Plotiniani
4264 3149 4540 3209 sermonis

1064 3266 1245 3329 genus
1272 3247 1664 3309 adulterarem.

1149 3369 1205 3426 p.
1230 3366 1325 3423 34.
1345 3347 1422 3405 D.
1453 3346 1554 3405 lin.
1581 3365 1671 3405 10.
1703 3365 1825 3424 sqq.
1868 3345 1960 3404 Ad
1989 3346 2155 3404 verba
2182 3344 2428 3405 Plotini:
2472 3350 2620 3415 αὺτὸς
2660 3349 2730 3420 δὲ,
2760 3356 2806 3408 ri
2844 3353 3026 3421 τυθείη,
3067 3350 3215 3407 κακὸν
3253 3350 3473 3418 sirio-rrae
3514 3353 3650 3421 αὐτῷ
3683 3347 3767 3405 τὶν
3805 3349 4183 3417 θάνατον-τῆς
4221 3352 4543 3423 μικρολογίας.

1065 3447 1200 3505 Νοη
1245 3464 1466 3506 memor
1499 3458 1623 3503 erat
1664 3445 1829 3525 hujus
1870 3443 1983 3502 loci
2011 3443 2211 3503 Victor
2238 3443 2473 3517 Cousin,
2501 3465 2634 3505 cum
2664 3449 2786 3506 haec
2813 3459 3052 3527 poneret
3078 3446 3138 3505 iu
3168 3464 3401 3504 recensu
3429 3442 3857 3524 Olympiodorei
3885 3445 4293 3504 commentarii
4321 3445 4378 3503 in
4410 3446 4540 3504 Pla·

1067 3543 1218 3602 tonis
1246 3541 1517 3622 Gorgiam
1552 3543 1636 3617 (in
1664 3542 1902 3601 Journal
1930 3543 2031 3601 des
2061 3545 2293 3602 Savans.
2332 3545 2439 3621 183
2452 3564 2503 3604 2.
2533 3567 2594 3625 p.
2622 3548 2825 3627 746.):
2876 3555 2915 3580 “
2938 3544 3107 3604 Voici
3150 3564 3247 3603 sur
3273 3542 3465 3602 Plotin
3509 3562 3621 3601 une
3661 3542 3958 3609 anecdote,
3988 3543 4086 3621 qui
4131 3564 4201 3603 ne
4240 3564 4300 3603 se
4340 3557 4542 3604 trouve

1067 3662 1166 3720 pas
1194 3641 1253 3700 ni
1280 3642 1422 3701 dans
1453 3641 1740 3721 Porphyre
1769 3640 1826 3700 ni
1856 3642 1997 3700 dans
2026 3641 2286 3721 Eunape,
2316 3654 2376 3701 et
2403 3642 2498 3722 qui
2526 3656 2616 3703 est
2642 3644 2757 3702 tres
2782 3643 3075 3704 conforme
3103 3643 3138 3701 a
3164 3661 3230 3701 ee
3257 3660 3368 3720 que
3409 3661 3554 3699 nous
3595 3659 3797 3699 savona
3823 3641 3902 3699 du
3928 3641 4134 3720 mepris
4162 3642 4234 3700 de
4257 3661 4322 3700 oe
4350 3642 4535 3720 philo-

1066 3741 1245 3818 sophe
1269 3758 1414 3818 pour
1439 3739 1494 3798 la
1516 3739 1624 3799 vie.
1666 3737 1811 3817 ηαξ.
1831 3740 2058 3799 XVIII.
2101 3739 2187 3798 Le
2214 3739 2550 3820 philosophe
2578 3741 2789 3812 Plotin,
2817 3761 3043 3801 comme
3082 3760 3159 3800 on
3202 3739 3281 3798 lui
3316 3738 3492 3797 disoit
3517 3757 3627 3817 que
3653 3738 3961 3817 quelqu’un
4005 3738 4147 3799 etoit
4188 3753 4335 3807 mort
4372 3739 4542 3800 d’une

1069 3850 1219 3897 mort
1247 3834 1492 3896 violente
1526 3849 1586 3896 et
1626 3857 1741 3896 non
1772 3836 1943 3897 d'une
1983 3849 2136 3896 mort
2175 3839 2468 3908 naturelle,
2496 3840 2729 3900 s’ecria:
2774 3842 2831 3899 Ο
2860 3839 3126 3898 foiblesse
3167 3838 3239 3897 de
3280 3836 3552 3895 l'homme
3594 3836 3689 3914 qui
3732 3834 4028 3915 s’imagine
4067 3837 4278 3916 qu'une
4316 3839 4544 3919 pareille

1071 3947 1223 3993 mort
1249 3934 1361 3993 solt
1387 3935 1703 3993 mauvalse!
1748 3940 1813 3993 ‘O
1832 3935 2101 4013 φιλόσοφος
2122 3942 2382 4004 nam-2305,
2410 3939 2643 4013 εἰρηκότος
2666 3940 2790 4006 *reric
2813 3937 2888 3995 ὅτι
2908 3942 2931 3995 ὅ
2954 3942 3087 3995 δεῖνα
3112 3940 3320 4015 ἐσφάγη
3345 3937 3433 3992 καὶ
3459 3941 3510 3993 οὔ
3534 3942 3729 4013 «punenii
3755 3939 3954 4009 θανάτῳ
3979 3937 4220 4008 τέθνηκεν,
4240 3937 4541 4016 ἐφθέγξω·

1074 4027 1109 4087 ὖ
1135 4036 1222 4100 τῆς
1244 4036 1572 4108 μικρολογίας,
1600 4032 1675 4090 ὅτι
1702 4031 1878 4090 οἴονται
1905 4038 1948 4090 οἵ
1972 4032 2203 4109 ἅνθρωποι
2230 4035 2314 4091 τὶν
2339 4042 2545 4092 τοιοῦτον
2573 4040 2783 4094 θάνατον
2808 4043 3045 4095 κάκιστον
3071 4030 3252 4093 εἷναι.”
3340 4033 3483 4091 Haec
3511 4031 3815 4092 Cousinim
3843 4033 3913 4091 V.
3938 4035 4025 4093 Cl.
4109 4034 4400 4095 Desumsit
4441 4057 4541 4095 au-

1075 4141 1193 4185 tem
1223 4128 1343 4187 haec
1368 4141 1434 4186 ut
1459 4128 1701 4206 plurima
1728 4130 1854 4198 alia,
1886 4129 2325 4208 Olympiodorus
2352 4150 2421 4189 ex
2448 4133 2632 4192 Procli
2661 4134 3104 4193 Commentariis
3136 4143 3197 4190 et
3231 4131 3351 4190 haec
3378 4129 3609 4209 quidem
3639 4149 3707 4188 ex
3733 4135 4133 4191 commentariis
4159 4136 4216 4190 in
4245 4136 4544 4200 Plotinum.

1076 4221 1174 4302 qui
1215 4225 1337 4283 haec
1380 4225 1502 4304 ipsa
1543 4227 1616 4285 ad
1654 4227 1818 4305 huJus
1858 4226 2165 4286 Plotiniani
2205 4227 2316 4287 loci
2359 4229 2789 4309 explicationem
2833 4232 3162 4311 adposuisse
3191 4227 3422 4287 videtur.
3505 4227 3693 4286 David
3718 4230 3951 4288 Armen.
3978 4228 4039 4287 in
4066 4230 4337 4310 Quinque
4364 4233 4547 4290 Voces

1074 4320 1370 4401 Porphyrii
1414 4323 1500 4396 (in
1529 4323 1654 4382 cod.
1683 4323 1859 4383 Paris.
1888 4324 2036 4404 Reg.
2080 4324 2177 4383 fol.
2210 4344 2242 4402 3
2255 4326 2671 4404 2.)-Τε’ταρτον
2711 4334 3002 4406 ἐπιχείρημα
3045 4330 3262 4407 Πρόκλου
3302 4335 3388 4385 τοῦ
3427 4329 3915 4401 humperto-mo<
3954 4332 4406 4388 nmrm.—Ka>
4446 4335 4545 4406 γὰρ

1075 4428 1321 4487 Ilm-river
1344 4424 1367 4477 ὅ
1391 4421 1660 4499 φιλόσοφος
1696 4424 1960 4498 ἐρωτηθεὶς,
1989 4428 2036 4480 εἷ
2074 4422 2176 4499 ἄρα
2213 4425 2451 4499 εὐδαίμων
2476 4428 2616 4483 ἐστὶν
2639 4430 2664 4483 ὃ
2688 4429 2804 4505 ἀνὴρ
2830 4433 2853 4486 ὃ
2880 4433 2973 4500 §Er
2999 4428 3228 4503 ἐναρέτυς
3262 4424 3373 4499 μὲν,
3406 4432 3706 4501 Πριαμικαῒς
3743 4426 3793 4483 δὲ
3835 4433 4012 4499 τυχαῒς
4048 4426 4378 4504 «epasmo-alu
4406 4428 4544 4503 (vid.

1078 4539 1247 4598 supra
1273 4521 1322 4578 I.
1354 4534 1414 4591 4.
1446 4535 1502 4594 5.
1547 4538 1605 4597 p.
1637 4537 1734 4594 32.
1762 4520 1829 4578 F.
1861 4520 1996 4598 ibiq.
2029 4533 2226 4579 annot.
2258 4523 2460 4597 nostr.)
2488 4525 2576 4581 καὶ
2602 4529 2831 4582 Ἰλιακῢυ
2856 4525 3260 4601 περιβεβλημένος
3298 4529 3473 4590 κακῶν,
3507 4524 3595 4579 καὶ
3633 4527 3770 4594 μετὰ
3810 4527 4021 4581 θάνατον
4044 4525 4315 4602 ἒρριμμένος
4354 4526 4553 4605 ἄταφος

1078 4619 1157 4675 ἐπὶ
1184 4621 1270 4686 τῆς
1292 4621 1397 4692 γ’ἧς,
1426 4616 1554 4674 οὐδὲν
1579 4617 1735 4694 ἕτερον
1759 4621 2053 4696 ἀπεκρίνατο
2086 4624 2132 4676 εἴ
2166 4620 2236 4692 μὴ
2262 4618 2336 4676 ὅτι
2375 4618 2549 4696 ἄπαγε
2588 4627 2689 4688 τοῖς
2724 4623 3018 4698 μικρολόγως
3050 4622 3118 4698 (f.
3145 4625 3232 4692 τῆς
3256 4622 3609 4698 μικρολογίας),
3638 4621 3893 4678 rod-rien»
3919 4621 3994 4678 ὅτι
4019 4629 4191 4680 ταῦτα
4214 4627 4386 4681 πάντα
4413 4625 4473 4682 τί
4497 4648 4554 4682 τε

1080 4721 1230 4788 ‹rim-a
1255 4715 1342 4771 καὶ
1369 4716 1441 4770 τὰ
1464 4715 1569 4790 περὶ
1588 4714 1646 4771 τὸ
1673 4721 1824 4787 capa
1848 4720 2059 4794 περιττὰ
2084 4714 2206 4775 ὅντα
2231 4718 2334 4776 οὐδὲ
2355 4721 2740 4793 συμβάλλονται
2765 4726 2830 4796 τῇ
2856 4726 3007 4797 ἀρετῇ
3035 4723 3120 4790 τῆς
3145 4723 3325 4793 ψυχῆς.

1159 4833 1218 4892 p.
1240 4813 1337 4888 36.
1363 4813 1430 4871 C.
1465 4814 1547 4890 (p.
1577 4828 1669 4888 71.
1701 4811 1800 4871 lin.
1818 4828 1874 4890 5.
1902 4833 1938 4872 a
1962 4815 2059 4873 fin.
2087 4815 2255 4895 hujus
2281 4813 2418 4874 edit.
2442 4816 2663 4891 Oxon.)
2709 4815 2867 4896 Lege
2888 4818 2949 4874 in
2977 4817 3199 4876 Latinis
3205 4819 3286 4894 fit
3313 4815 3715 4875 simulachrum
3744 4836 3847 4895 pro
3868 4819 3940 4874 sit
3966 4816 4091 4876 sim.

1159 4932 1216 4989 p.
1241 4926 1335 4987 37.
1358 4910 1431 4970 E.
1465 4913 1548 4989 (p.
1576 4924 1669 4985 74.
1701 4909 1802 4967 lin.
1828 4912 1885 4970 6.
1912 4932 1946 4969 a
1973 4914 2069 4970 fin.
2110 4914 2199 4971 ed.
2229 4914 2447 4988 Oxon.)
2493 4915 2653 4993 Lege
2694 4913 2753 4973 in
2793 4914 3017 4974 Latinis
3051 4916 3396 4992 pronuntiat,
3426 4926 3492 4973 ut
3531 4927 3619 4973 est
3659 4912 3717 4972 in
3762 4915 3848 4973 ed.
3878 4913 4155 4993 principe,
4185 4935 4289 4994 pro
4317 4937 4555 4996 pronum

1078 5008 1323 5069 nuntiat.

1162 5128 1216 5185 p.
1238 5125 1337 5182 43.
1359 5109 1425 5165 C.
1464 5107 1547 5184 (p.
1574 5107 1668 5182 85.
1698 5104 1798 5163 lin.
1827 5124 1879 5180 3.
1910 5107 1999 5166 ed.
2020 5109 2238 5184 Oxou.)
2284 5109 2443 5189 Lege
2470 5108 2527 5167 in
2556 5108 2799 5178 Latinis,
2830 5124 2961 5170 voto
2985 5114 3196 5186 potitus
3220 5130 3323 5189 pro
3352 5130 3401 5168 v.
3424 5113 3627 5186 potius.

1159 5203 1306 5263 Ibid.
1332 5204 1408 5261 D.
1444 5204 1568 5277 (lin.
1598 5223 1652 5280 5.
1682 5225 1716 5261 a
1745 5203 1869 5275 fin.)
1916 5204 2073 5283 Lege
2099 5205 2157 5263 in
2187 5206 2435 5278 Latinis,
2463 5211 2798 5283 voluptatem
2827 5229 2930 5287 pro
2957 5211 3255 5284 voluptate.

1160 5322 1219 5380 p.
1246 5318 1343 5378 57.
1367 5304 1434 5360 A.
1467 5304 1547 5381 (p.
1579 5320 1601 5359 1
1620 5321 1709 5377 13.
1742 5300 1842 5359 lin.
1870 5319 1924 5360 α.
1953 5302 2043 5360 ed.
2063 5303 2277 5378 Oxon.)
2322 5310 2372 5362 οὗ
2400 5310 2529 5364 ποσί.
2574 5306 2743 5368 Quod
2774 5326 2842 5364 ex
2872 5308 3111 5365 Scholiis
3139 5307 3197 5365 in
3228 5305 3479 5366 Platonis
3508 5303 3775 5386 Gorgiam
3806 5305 4039 5384 adposui
4068 5307 4127 5363 in
4157 5308 4369 5367 Annot.
4400 5309 4549 5369 idem

1081 5420 1147 5458 ex
1177 5401 1283 5458 hoc
1310 5399 1521 5458 Plotini
1552 5400 1680 5458 loco
1709 5400 1899 5459 hausit
1927 5399 2366 5479 Olympiodorus
2409 5402 2467 5459 in
2510 5403 2752 5461 eundem
2798 5404 3082 5484 dialogum
3109 5428 3121 5463 ε
3159 5405 3280 5463 Ὅτι
3314 5406 3567 5480 ardema!
3585 5429 3647 5479 γε
3676 5405 3704 5474 ἦ
3732 5405 3891 5476 ψυχὴ,
3921 5410 3971 5461 οὐ
3997 5407 4121 5474 ποδὶ,
4149 5410 4293 5462 ἀλλὰ
4319 5411 4430 5483 ζωῇ,
4463 5428 4553 5467 re·

1081 5496 1297 5554 ferente
1326 5496 1597 5555 Cousinio
1626 5498 1684 5555 in
1710 5497 1947 5556 Journal
1976 5497 2076 5556 des
2106 5500 2321 5558 Savans
2361 5501 2529 5576 1832.
2559 5520 2617 5579 p.
2643 5517 2780 5577 747.

1164 5592 1311 5651 Ibid.
1334 5594 1397 5651 F.
1428 5596 1510 5671 (p.
1542 5612 1564 5651 1
1583 5612 1674 5667 14.
1704 5595 1803 5655 lin.
1831 5615 1921 5655 10.
1950 5595 2040 5656 ed.
2067 5595 2283 5669 Oxon.)
2317 5595 2499 5657 insere
2527 5619 2755 5658 comma
2784 5599 2934 5658 inter
2959 5602 3045 5657 καὶ
3072 5613 3133 5660 et
3159 5604 3392 5670 ἐνταῦθα,
3421 5615 3480 5659 et
3506 5601 3580 5660 cf.
3604 5602 3735 5659 Var.
3764 5601 3923 5660 Lect.
3952 5600 4020 5658 ad
4050 5601 4104 5658 h.
4126 5601 4164 5660 l.
