5118 6613
988 434 1119 520 366

1969 422 2803 490 ANNOTATIONES
2869 426 2983 490 IN
3047 426 3501 491 PLOTINI

994 627 1061 694 p.
1079 606 1253 688 270.)
1286 617 1419 666 tum
1450 598 1515 664 in
1538 595 1819 686 Republ.
1842 597 1943 661 II.
1965 618 2028 684 p.
2049 596 2200 681 381.
2232 618 2297 684 p.
2319 616 2460 662 102.
2488 595 2690 662 Bekk.
2781 600 3153 682 κατόψεσθαι
3182 601 3611 682 (κατοψεΐσθαι
3641 596 3903 681 Iambl.)
3937 599 4033 663 καὶ
4060 595 4257 663 πάντα
4296 625 4363 664 τε
4402 604 4480 666 τὸ.

992 708 1103 774 ubi
1146 714 1395 795 poe'tam
1439 702 1771 790 vituperat.
1875 699 2163 764 Adhibet
2211 700 2550 765 Homerica
2592 700 2699 764 illa

997 811 1181 877 etiam
1215 805 1595 873 Plutarchus
1638 805 1704 869 in
1751 801 2085 891 Apophth.
2119 804 2327 891 Regg.
2370 802 2452 867 ad
2488 806 2696 868 Duce.

999 939 1061 1001 p.
1091 932 1233 977 200.
1258 913 1341 975 E.
1371 908 1452 974 ad
1483 929 1670 995 quem
1716 906 1923 970 locum
1965 905 2216 971 consule
2249 907 2699 994 Wyttenbach.

1000 1041 1062 1105 p.
1093 1037 1118 1079 1
1138 1015 1271 1078 128.
1304 1012 1581 1100 itemque
1623 1010 1701 1074 ad
1738 1007 1995 1074 Panaetii
2027 1010 2348 1095 Fraginm.
2378 1033 2442 1097 p.
2466 1029 2575 1092 42.
2606 1034 2699 1096 sq.

1000 1118 1108 1184 Ad
1141 1119 1326 1181 finem
1354 1115 1575 1203 capitis
1601 1128 1665 1178 et
1693 1112 1836 1177 libri
1880 1111 2016 1176 haec
2062 1111 2384 1178 adnotavit
2415 1111 2698 1201 Taylor:

1004 1232 1047 1263 “
1079 1220 1283 1287 Much
1312 1220 1387 1285 of
1412 1218 1579 1283 what
1603 1217 1657 1281 is
1684 1215 1816 1281 said
1847 1215 1931 1303 by
1963 1214 2252 1280 Plotinus
2276 1217 2340 1280 in
2372 1216 2495 1280 this
2519 1239 2700 1303 para-

1001 1324 1229 1415 graph,
1253 1324 1306 1388 is
1335 1340 1402 1388 to
1429 1322 1510 1387 be
1537 1319 1736 1386 found
1766 1319 1829 1383 in
1863 1322 2027 1384 Sect.
2051 1320 2188 1384 111.
2220 1320 2293 1384 of
2318 1318 2705 1407 Porphyry's

1000 1429 1301 1512 Ἀφορμαὶ
1328 1425 1473 1508 πρὸς
1500 1428 1574 1489 τὰ
1604 1426 1804 1504 νοητὰ,
1832 1446 1904 1486 οι·
1922 1423 2318 1487 Auoeiliaries
2347 1432 2409 1487 to
2436 1423 2536 1486 tlae
2553 1445 2704 1510 per-

1003 1533 1246 1619 ception
1274 1531 1362 1616 of
1372 1527 1744 1615 intellig-able
1771 1534 2052 1589 naturas.
2101 1527 2306 1611 Many
2328 1524 2509 1590 other
2533 1540 2705 1611 parts

1006 1633 1136 1699 also
1163 1633 1237 1698 of
1259 1632 1381 1697 this
1410 1630 1655 1696 treatise
1685 1628 1760 1693 of
1776 1628 2110 1716 Porphyry
2137 1651 2241 1691 are
2264 1628 2518 1692 derived
2542 1627 2702 1692 from

1011 1736 1116 1802 the
1142 1749 1392 1824 present
1417 1751 1544 1800 two
1569 1731 1768 1797 books
1794 1731 1869 1795 of
1893 1730 2241 1796 Plotinus.”

1666 1905 1870 1970 LIB.
1927 1903 2049 1967 VI.

1118 2046 1192 2108 Ρ.
1233 2061 1419 2129 1230,
1466 2056 1525 2125 7.
1588 2045 1783 2105 ΠΕΡΙ
1844 2037 2291 2125 ΑΡῙΘΜΩΝ]
2343 2035 2705 2102 secundum

1006 2147 1304 2234 temporis
1358 2144 1658 2209 rationem
1716 2157 1810 2206 est
1869 2139 1969 2205 hic
2027 2139 2183 2203 liber
2241 2139 2587 2204 tricesimus
2642 2152 2705 2202 et

1006 2264 1271 2338 quartus
1332 2247 1674 2335 (Porphyr.
1735 2244 1814 2309 de
1874 2243 2019 2307 Vita
2084 2241 2316 2307 Plotini
2387 2265 2444 2306 c.
2493 2243 2568 2306 V.
2642 2255 2707 2307 et

1012 2353 1362 2436 XXVII.)
1448 2352 1684 2415 Fontes
1710 2361 1919 2412 autem
1951 2344 2166 2410 insunt
2193 2368 2335 2410 cum
2366 2344 2431 2409 in
2462 2343 2707 2431 scriptis

1014 2456 1556 2545 Pythagoreorum
1593 2468 1728 2517 tum
1774 2451 1839 2514 in
1882 2448 2056 2513 libris
2084 2447 2364 2513 Platonis
2404 2463 2468 2512 et
2498 2447 2710 2512 Plato-

1011 2560 1290 2624 nicorum
1336 2572 1641 2621 veterum.
1731 2550 1900 2618 Nolo
1940 2573 2108 2616 nunc
2151 2574 2452 2637 quaerere,
2496 2566 2707 2615 utrum

1014 2663 1408 2752 Pythagoras
1435 2659 1597 2724 hanc
1626 2656 1969 2721 doctrinam
1994 2678 2030 2719 e
2055 2656 2303 2718 Zaratoe
2335 2657 2554 2741 (quem
2587 2656 2709 2718 Zo-

1011 2777 1308 2830 roastrem
1344 2776 1566 2850 putant
1602 2758 1715 2844 [cf.
1752 2757 2022 2822 Ursinus
2063 2756 2145 2820 de
2174 2758 2507 2822 Zoroastre
2542 2759 2707 2821 Sect.

1012 2889 1076 2949 4.
1108 2890 1174 2954 p.
1204 2885 1304 2932 22.
1339 2865 1542 2952 sqq.])
1589 2860 1911 2947 disciplina
1954 2859 2254 2938 hauserit,
2287 2874 2359 2923 ut
2399 2874 2494 2924 est
2536 2858 2709 2948 apud

1015 2968 1426 3034 Plutarchum
1463 2968 1566 3030 De
1610 2965 1985 3028 Animarum
2018 2964 2317 3027 Generat.
2362 2962 2424 3028 in
2460 2964 2709 3027 Timaeo

1012 3097 1077 3161 p.
1118 3092 1302 3136 1012.
1333 3073 1415 3135 E.
1470 3092 1538 3156 p.
1579 3084 1719 3148 124.
1755 3066 2117 3152 Wyttenb.,
2164 3088 2243 3130 an
2291 3066 2373 3130 ab
2417 3066 2710 3154 Orphicis

1015 3172 1378 3258 (Iamblich.
1424 3172 1505 3236 de
1554 3170 1677 3236 vit.
1725 3168 1997 3258 Pythag.
2047 3170 2399 3233 XXVIII.
2458 3173 2595 3251 146.
2641 3192 2704 3257 p.

1014 3278 1167 3366 308.
1202 3275 1499 3362 Kiessl.):
1545 3273 1705 3339 illud
1748 3287 1892 3338 ante
1932 3271 2140 3338 omnia
2180 3272 2541 3353 tenendum,
2578 3276 2705 3363 Py·

1015 3382 1348 3469 thagoreos
1376 3378 1781 3468 philowphos
1807 3375 2255 3441 vetustissimos
2285 3378 2346 3440 N
2353 3399 2709 3441 umerorum

1016 3484 1360 3550 doctrinam
1386 3481 1743 3570 primariam
1766 3479 1971 3544 dicere
1991 3480 2255 3566 ejusque
2282 3478 2361 3543 ad
2393 3480 2713 3567 sapientiae

1016 3603 1080 3653 et
1131 3586 1448 3652 sanctioris
1489 3585 1638 3649 vitoe
1677 3583 1804 3647 vim
1859 3582 2217 3670 predicare.
2306 3583 2484 3670 Lege
2526 3583 2715 3648 modo

1019 3690 1286 3756 Philolai
1335 3688 1526 3753 verba
1581 3687 1643 3750 in
1710 3684 1944 3751 Stobaei
1992 3684 2262 3772 Eclogg.
2308 3686 2367 3749 I.
2411 3705 2473 3769 3.
2535 3709 2597 3773 p.
2649 3687 2709 3750 8.

1022 3797 1294 3858 Heeren.
1344 3815 1490 3879 quae
1539 3788 1895 3855 Boeckhius
1941 3789 2230 3853 tractavit
2274 3787 2337 3851 in
2380 3786 2562 3865 libro,
2603 3788 2710 3875 qui

1023 3895 1344 3961 Philolaus
1372 3893 1729 3958 inscribitur
1756 3915 1818 3979 p.
1849 3911 1989 3977 139.
2023 3914 2157 3977 sqq.
2219 3891 2585 3979 Perictyone
2611 3914 2710 3978 ap.

1026 3997 1198 4062 Stob.
1226 3994 1441 4060 Floril.
1469 3995 1603 4059 Tit.
1638 3996 1696 4059 I.
1727 4017 1792 4081 p.
1818 4012 1878 4078 7.
1913 4016 1975 4080 p.
2001 4012 2099 4078 25.
2129 3994 2475 4059 Gaisford.:
2499 3994 2716 4062 Ὅστις

1024 4103 1108 4165 ὧν
1136 4102 1434 4164 ἀναλῦσαι
1476 4098 1598 4165 οἶός
1625 4096 1673 4161 τ’
1707 4097 1832 4160 ἐντὶ
1858 4096 2054 4160 πάντα
2080 4096 2227 4180 γένη
2259 4097 2483 4180 (πάντα
2508 4101 2584 4161 τὰ
2610 4097 2708 4180 γέ·

1025 4229 1134 4268 νεα
1159 4200 1487 4266 Iamblich.
1514 4200 1577 4265 in
1610 4202 1922 4287 Protrept.
1962 4201 2082 4264 IV.
2127 4223 2187 4287 p.
2223 4219 2327 4265 20.
2381 4204 2601 4265 Arcer.
2651 4224 2713 4288 p.

1021 4308 1128 4394 58.
1165 4303 1535 4391 Kiessling.)
1565 4306 1680 4368 ὑπὸ
1719 4305 1861 4383 μίαν
1893 4305 1989 4367 καὶ
2025 4308 2135 4368 τᾶν
2165 4305 2349 4368 αὐτὸν
2376 4305 2589 4387 ἀρχὰν,
2623 4305 2719 4367 καὶ

1024 4409 1209 4474 πάλιν
1239 4410 1306 4472 ἑκ
1333 4410 1547 4475 ταύτας
1577 4406 1770 4489 (binae
1798 4429 1979 4471 voces
2020 4406 2248 4471 absunt
2285 4429 2324 4469 a
2352 4406 2715 4491 Iamblich.)

1026 4517 1334 4576 συνθεῖναι
1361 4511 1456 4574 καὶ
1487 4508 1945 4591 ἀριθμάσασθαι,
1982 4509 2144 4592 (Viri
2166 4508 2355 4589 docti,
2384 4508 2495 4596 qui
2527 4510 2719 4574 nesci-

1024 4631 1186 4692 rent,
1219 4612 1635 4678 Iamblichum
1665 4613 1800 4678 haec
1829 4613 2043 4677 eadem
2089 4613 2338 4692 habere,
2369 4613 2718 4678 infelicibus

1024 4717 1395 4807 conjecturis
1424 4717 1541 4781 hoc
1564 4715 1825 4781 verbum
1855 4731 2275 4781 tentaverunt.
2322 4716 2551 4781 Iambl.
2578 4743 2717 4782 συν-

1027 4820 1486 4905 αριθμήσασθαι.
1575 4818 1959 4907 Kiessling.:
2025 4827 2069 4858 ‘⁶
2099 4818 2309 4883 malim
2356 4818 2713 4901 συναριθμά-

1026 4930 1439 4989 ‹taceae-aes
1465 4923 1552 4986 ad
1568 4923 2057 5010 pythagoricam
2079 4922 2155 4985 de
2183 4923 2464 4987 numeris
2491 4924 2720 4986 doctri-

1024 5050 1176 5091 nam
1223 5027 1650 5113 rationemque
1699 5046 2069 5111 componere
2088 5025 2144 5087 :”
2210 5024 2492 5110 Optime)
2549 5026 2718 5093 οὗτος

1025 5136 1190 5194 δοκεῖ
1209 5130 1336 5212 (μοι
1362 5127 1541 5194 addit
1572 5126 1833 5212 Iambl.)
1860 5128 1956 5190 καὶ
1987 5127 2334 5209 σοφώτατος
2364 5126 2516 5191 εἶναι
2539 5127 2718 5208 (ἦμεν

1028 5232 1252 5297 Iambl.
1283 5237 1478 5316 recte)
1524 5231 1620 5295 καὶ
1657 5230 2064 5310 ἀληθέστατος
2094 5232 2416 5311 (παναληθ.
2451 5230 2714 5315 Iambl.)

1025 5336 1114 5399 ἔτι
1159 5338 1225 5399 δὲ
1270 5335 1364 5399 καὶ
1416 5337 1607 5398 καλὸν
1655 5336 1910 5398 σκοπιᾶν
1952 5331 2335 5414 ἀνευρηκέναι
2380 5332 2719 5415 (εὑρηκέναι

1031 5436 1260 5501 Iambl.
1288 5439 1482 5521 recte)
1514 5438 1624 5520 ἀφ’
1649 5436 1721 5503 ἇς
1762 5434 2006 5503 δυνατὸς
2048 5437 2318 5500 ἐσσεῖται
2344 5437 2451 5500 τόν
2479 5461 2546 5500 τε
2576 5436 2719 5502 θεὸν

2786 707 2881 784 (τε
2910 724 3034 765 non
3064 718 3157 766 est
3186 702 3249 766 in
3276 701 3536 783 Iambl.)
3562 704 3630 766 ἐν
3651 705 3726 786 τᾷ
3751 703 4069 787 συστοιχίᾳ
4097 728 4163 766 τε
4194 703 4289 766 καὶ
4317 703 4483 783 τάξει

2790 803 3046 886 (Iambl.
3081 807 3409 891 σνστοχείᾳ
3438 831 3488 868 κ.
3507 830 3561 868 τ.
3638 806 3741 869 De
3785 804 3900 868 hac
3944 803 4302 870 diversitate
4343 829 4477 873 mo-

2788 906 2923 972 nuit
2947 907 3200 972 Jacobs.
3226 907 3289 971 in
3314 909 3512 973 Lectt.
3541 908 3854 972 Stobenss
3885 931 3952 996 p.
3973 911 4116 993 37.)
4148 912 4224 973 τὸ
4252 911 4482 976 ἐκείνου

2792 1009 2985 1093 (Cod.
3020 1010 3157 1076 Ciz.
3186 1016 3265 1098 τῷ
3297 1014 3379 1075 ἐκ.
3430 1010 3656 1075 Kiessl.
3679 1015 3751 1095 τᾷ
3783 1013 4017 1094 ἐκείνω)
4051 1036 4483 1096 κατακεχωρισ-

2786 1115 2957 1194 μένα.
3056 1114 3238 1177 Unde
3267 1113 3635 1201 intelligitur
3663 1132 3827 1178 recte
3854 1112 4013 1177 illud
4042 1114 4485 1196 ἀριθμάσασθαι

2789 1217 3088 1281 intactum
3138 1217 3457 1304 reliquisse
3501 1216 3950 1282 Gaisfordium.
4039 1219 4178 1282 Nec
4220 1218 4485 1284 tentavit

2793 1319 3207 1397 Rudelbach.,
3231 1321 3340 1408 qui
3370 1320 3505 1384 haec
3534 1320 3724 1384 verba
3755 1318 4145 1408 Perictyonae
4175 1321 4336 1403 (sive
4356 1324 4485 1385 Ar-

2788 1424 2864 1487 ch
2868 1438 3012 1510 ytae.
3060 1425 3222 1487 Nam
3249 1423 3395 1488 huic
3416 1447 3490 1488 ea
3510 1422 3951 1487 adscribuntur
3971 1424 4082 1487 abs
4105 1424 4483 1510 Iamblicho)

2796 1527 3013 1591 Latine
3055 1526 3341 1590 exhibuit
3382 1526 3444 1590 in
3495 1529 3847 1590 Comment.
3879 1527 3982 1590 De
4011 1526 4266 1591 Ethices
4297 1527 4478 1592 Prin-

2789 1628 2964 1716 cipiis
2991 1652 3057 1716 p.
3086 1649 3224 1712 109.
3297 1630 3398 1693 De
3427 1629 3564 1717 ipso
3594 1628 3958 1717 Pythagora
3986 1628 4075 1694 ita
4100 1629 4312 1717 prodit
4341 1633 4483 1696 Sto-

2792 1731 2967 1796 baeus
2994 1732 3262 1819 Eclogg.
3297 1733 3353 1796 1.
3388 1754 3409 1797 1
3429 1752 3484 1796 1.
3520 1750 3614 1795 12.
3645 1755 3707 1818 p.
3736 1751 3891 1816 299:
3925 1735 4284 1816 Πυθαγόρας
4313 1739 4482 1815 Μνη-

2792 1835 3040 1918 σάρχου,
3072 1835 3309 1916 Σάμιος,
3339 1841 3565 1919 πρότος
3607 1837 3984 1917 φιλοσοφίαν
4025 1837 4211 1921 τούτῳ
4255 1841 4334 1923 τῷ
4376 1837 4479 1919 ῥή-

2789 1964 2928 2018 ματι
2969 1942 3478 2021 προσαγορεύσας,
3519 1940 3706 2021 ἀρχὰς
3748 1938 3882 2005 τοὺς
3926 1938 4200 2020 ἀριθμοὺς
4244 1940 4340 2004 καὶ
4381 1944 4487 2009 τὰς

2792 2043 3146 2123 συμμετρίας
3188 2045 3292 2109 τὰς
3335 2043 3404 2105 ἐν
3434 2044 3662 2108 τούτοις
3704 2041 3948 2107 ἅστινας
3989 2043 4271 2122 ἁρμονίας
4314 2048 4491 2107 καλεῖ

2792 2171 2841 2206 κ.
2871 2169 2922 2208 τ.
2944 2152 3003 2207 λ.
3094 2144 3282 2222 Quod
3313 2144 3363 2208 si
3393 2167 3541 2208 vero
3568 2166 3835 2230 quoeras,
3864 2165 3994 2229 quo
4023 2166 4206 2207 sensu
4241 2146 4302 2208 N
4309 2167 4482 2210 ume-

2790 2268 2891 2309 ros
2940 2245 3244 2334 principia
3270 2246 3543 2311 dixerint
3574 2246 3968 2334 Pythagoras
4000 2246 4264 2333 ejusque
4302 2246 4485 2313 disci-

2794 2348 2927 2434 puli
2973 2349 3320 2437 reliquique
3363 2349 3653 2437 deinceps
3699 2348 4102 2437 Pythagorici
4143 2353 4235 2434 (et
4275 2351 4486 2439 attigit

2798 2452 2929 2517 haec
2967 2452 3098 2541 ipse
3130 2453 3386 2517 Ficinus
3427 2453 3591 2518 infra
3632 2476 3694 2540 p.
3724 2452 3904 2537 681.)
3937 2467 4165 2540 praeter
4189 2476 4487 2540 germana

2795 2555 3017 2619 horum
3051 2556 3561 2644 philosophorum
3582 2555 3954 2643 fragmenta,
3977 2554 4040 2619 in
4072 2555 4288 2643 primis
4315 2580 4489 2622 max-

2795 2658 2919 2723 ima
2946 2659 3133 2725 debet
3162 2658 3393 2724 censeri
3421 2658 3778 2724 Aristotelis
3819 2658 4175 2723 auctoritas.
4262 2662 4486 2748 Atque

2795 2761 2913 2825 hoc
2963 2762 3335 2851 philosopho
3386 2775 3542 2827 teste
3595 2761 4022 2849 (Metaphyss.
4063 2762 4123 2825 I.
4161 2782 4226 2847 5.
4276 2785 4340 2850 p.
4382 2781 4481 2850 15.

2794 2864 2933 2929 coll.
2970 2866 3024 2929 1.
3057 2867 3115 2930 6.
3150 2889 3215 2953 p.
3247 2885 3343 2931 20.
3375 2865 3475 2931 ed.
3512 2863 3826 2948 Brandis.)
3892 2863 4296 2952 Pythagorici
4338 2888 4483 2953 par·

2795 2968 2906 3031 tim
2948 2955 3239 3033 numeros
3267 2991 3388 3033 non
3419 2967 3618 3032 solum
3660 2966 3964 3056 principia
4007 2990 4238 3048 rerum,
4266 2991 4488 3034 verum

2794 3071 2975 3134 etiam
3024 3070 3398 3136 substantias
3440 3086 3630 3162 atque
3673 3070 3989 3135 materiam
4022 3073 4229 3157 (ὕλην)
4276 3094 4487 3137 rerum

2798 3175 2972 3259 (quae
3020 3173 3448 3260 antiquissima
3494 3173 3653 3239 ratio
3703 3172 3892 3238 fuisse
3934 3172 4213 3258 videtur)
4257 3175 4487 3262 partim

2795 3276 3041 3341 eofflem
3078 3276 3381 3365 (Hippasi
3411 3275 3813 3364 probabiliter
3840 3275 4226 3342 auctoritate.
4319 3278 4485 3344 Sim-

2796 3379 2940 3468 plic.
2983 3380 3048 3444 in
3093 3381 3360 3445 Aristot.
3418 3381 3643 3468 Physs.
3691 3379 3796 3445 fol.
3834 3399 3974 3462 104.
4003 3381 4102 3467 b.)
4148 3382 4488 3471 amhetypa

2797 3484 3031 3548 entium
3076 3483 3410 3571 ponebant,
3442 3482 3571 3547 sive
3607 3483 3917 3548 docebant
3958 3483 4039 3548 ad
4083 3507 4487 3550 numerorum

2798 3587 3127 3675 imaginem
3158 3587 3365 3652 omnia
3397 3587 3564 3654 entia
3598 3587 3936 3668 exstitisse3
3981 3588 4210 3675 partim
4252 3603 4487 3654 statue-

2800 3691 2954 3756 bant
2994 3690 3203 3755 omnia
3248 3691 3415 3755 entia
3455 3689 3759 3755 exstitisse
3801 3691 4143 3755 imitatione
4189 3691 4487 3777 (μιμήσει)

2800 3817 3224 3859 numerorum.
3315 3793 3544 3876 (Plura
3572 3793 3653 3857 de
3682 3792 3778 3857 his
3819 3793 3932 3859 dat
3960 3794 4184 3859 Ritter.
4212 3794 4279 3859 in
4310 3794 4483 3860 Hist.

2803 3895 3222 3985 Philosophiae
3246 3897 3522 3986 Pythag.
3547 3921 3612 3985 p.
3635 3915 3738 3981 92.
3767 3920 3899 3984 sqq.
3948 3896 4341 3962 Rudelbach.
4375 3898 4421 3963 l.
4440 3898 4488 3963 l.

2801 4015 2863 4063 et
2892 3999 3232 4086 praesertim
3266 4000 3552 4064 BrandiS.
3588 3999 3650 4063 in
3683 4002 4035 4065 Comment.
4067 4001 4170 4064 De
4198 4022 4488 4065 numero-

2802 4124 2944 4165 rum
2986 4101 3270 4167 doctrina
3296 4117 3359 4166 et
3391 4102 3931 4191 Pythagoreorum
3974 4101 4487 4191 philosophorum

2800 4222 2865 4270 et
2914 4204 3417 4285 Platonicorum3
3462 4205 3527 4269 in
3574 4204 3992 4269 Rheinischen
4040 4206 4339 4270 Museum
4384 4207 4494 4272 fiir

2806 4307 3023 4372 Philol.
3094 4307 3496 4395 Philosophie
3529 4309 3624 4373 II.
3659 4327 3719 4373 2.
3750 4331 3813 4395 p.
3844 4312 4237 4394 209—241.)
4292 4309 4491 4376 Addo

2806 4411 3012 4488 verba,
3058 4435 3203 4498 quae
3245 4411 3543 4498 leguntur
3585 4434 3685 4498 ap.
3720 4410 4046 4475 Iamblich.
4089 4410 4170 4476 de
4200 4411 4326 4477 Vit.
4357 4412 4488 4502 Py-

2804 4512 2972 4599 thag.
3004 4511 3045 4577 l.
3071 4512 3111 4576 l.
3143 4536 3202 4600 p.
3223 4516 3368 4599 308.
3404 4512 3630 4579 Kiessl.
3655 4515 3883 4597 ι-ἔφα
3911 4513 4152 4597 (codd.
4180 4515 4302 4579 mei
4344 4514 4488 4603 plu-

2802 4615 2941 4680 rimi
2970 4616 3158 4701 ἔφαν)
3188 4621 3298 4680 τᾶν
3328 4619 3550 4704 ἀριθμῷ
3592 4618 3805 4681 οὐσίαν
3835 4617 4074 4700 (Miror
4100 4617 4344 4681 nullum
4380 4641 4486 4684 co-

2801 4718 2998 4783 dicem
3045 4716 3195 4781 dare
3238 4719 3445 4784 ὠσίαν.
3541 4719 3663 4783 Sed
3699 4717 3883 4807 plura
3912 4718 3975 4782 in
4007 4718 4103 4783 his
4130 4743 4169 4783 a
4192 4720 4491 4787 Dorismo

2800 4820 3101 4885 recedunt
3120 4826 3169 4905 t)
3216 4821 3405 4888 ἀΐδιον
3434 4823 3586 4888 εἶναι
3628 4822 3782 4888 εἶναι
3821 4825 3936 4903 μὲν
3972 4826 4167 4907 ἀρχὴν
4192 4829 4486 4907 προμαθε-

2803 4924 3028 4989 στάταν
3061 4927 3273 5006 (Mon.
3303 4939 3367 4990 et
3398 4925 3669 4990 Vindob.
3713 4926 4271 5008 προμαθεστάντων.
4356 4928 4487 4994 Le-

2802 5026 2960 5090 derl.
2984 5028 3513 5113 προμαθεστάτων)
3546 5035 3626 5092 τῶ
3652 5029 3872 5096 παντὸς
3899 5029 4104 5111 ὦρανῦ
4134 5030 4230 5094 καὶ
4256 5034 4367 5113 yfir
4394 5034 4491 5097 καὶ

2803 5134 2905 5197 τᾶς
2944 5131 3162 5210 μεταξὺ
3190 5133 3422 5213 φύσιος·
3471 5131 3557 5195 ἔτι
3600 5134 3665 5196 δὲ
3711 5132 3805 5196 καὶ
3848 5133 4023 5197 θείων
4068 5133 4166 5197 καὶ
4207 5138 4359 5198 θεόν
4394 5137 4493 5203 καὶ

2804 5235 3095 5313 δαιμόνων
3139 5238 3418 5314 διαμονᾶς
3457 5236 3623 5317 ῥίζαν
3667 5233 3964 5316 (Plurimi
4011 5234 4219 5300 codd.
4262 5237 4310 5300 ἑ.
4346 5241 4398 5303 δ.
4433 5266 4486 5303 κ.

2805 5337 2979 5400 θείων
3007 5340 3159 5400 θεῶν
3190 5337 3287 5400 καὶ
3313 5341 3370 5402 θ.
3402 5365 3453 5401 κ.
3488 5341 3538 5400 ὃ.
3571 5337 3870 5417 διαμονάς.
3902 5343 4281 5424 ρετρατειω.)
4340 5339 4496 5406 Alia

2802 5438 3011 5503 omnia
3039 5437 3335 5526 leguntur
3362 5439 3424 5503 in
3452 5441 3834 5526 Fragmenta
3858 5440 4163 5506 Theanus
4185 5463 4285 5529 ap.
4312 5443 4489 5509 Stob.
