5118 6613
1344 551 1546 619 LIB.
1580 551 1743 622 v11.
1790 551 2264 621 ENNEAD.
2313 551 2712 620 SEXTAE.
2756 573 2818 641 p.
2857 551 3305 622 1281—1288.

575 733 711 797 δους
744 726 812 792 in
856 726 1248 794 Bachmanni
1277 728 1610 795 Anecdott.
1644 730 1884 794 Graecc.
1918 728 1977 794 1.
2025 751 2091 816 p.
2127 727 2273 793 268.

573 833 930 899 ἀνακύπτειν
975 829 1368 897 Platonicum
1412 831 1815 897 vocabulum.
1899 831 2045 896 Vid.
2080 832 2276 917 Wyt-

573 934 744 1001 tenb.
771 934 856 1000 ad
888 934 1193 1001 Phaedon.
1223 959 1290 1023 p.
1312 955 1459 1022 302.
1486 959 1577 1024 sq.
1640 935 2001 1000 Hemsterh.
2032 933 2116 999 ad
2151 935 2275 997 Lu-

570 1036 725 1101 cian.
759 1037 818 1102 1.
867 1060 935 1125 p.
973 1039 1122 1123 196.
1207 1039 1349 1125 Bip.
1403 1039 1486 1104 cf.
1537 1041 1886 1127 Praeparat.
1936 1038 2017 1104 ad
2069 1036 2275 1126 pecul.

572 1138 723 1205 edit.
770 1138 1000 1205 Plotini
1045 1141 1126 1206 de
1172 1140 1432 1207 Pulcrit.
1484 1166 1543 1231 p.
1578 1143 1961 1208 LXXVII.
2008 1152 2139 1206 not.
2173 1141 2278 1208 28.

576 1241 772 1309 Adde
801 1242 1058 1332 Olymp.
1089 1243 1155 1308 in
1187 1242 1390 1310 Alcib.
1419 1268 1517 1333 pr.
1558 1268 1621 1333 p.
1652 1266 1759 1326 44.
1792 1261 1954 1310 extr.

658 1379 747 1395 --
781 1364 883 1409 10.
933 1349 996 1412 τί
1017 1350 1135 1431 γὰρ
1167 1347 1384 1430 κέρατα
1414 1351 1539 1414 ἐκεῖ
1571 1350 1719 1433 πρὸς
1752 1352 1984 1430 ἄμυναν
2005 1348 2058 1438 ς]
2106 1349 2284 1411 Ante

572 1446 788 1513 oculos
834 1445 1027 1514 habet
1069 1449 1316 1515 Platon.
1362 1450 1531 1516 Tim.
1577 1475 1644 1539 p.
1678 1456 1779 1536 76.
1826 1467 1988 1518 extr.
2036 1476 2100 1539 p.
2136 1470 2279 1516 111.

575 1549 774 1615 Bekk.
851 1551 1063 1616 Verba
1090 1551 1261 1638 quod
1293 1555 1516 1619 attinet
1543 1554 1626 1619 cf.
1658 1578 1849 1643 supra
1893 1578 1960 1643 p.
1993 1574 2145 1636 410.
2175 1555 2278 1618 A:

578 1654 672 1718 καὶ
698 1654 733 1717 ὁ
763 1653 944 1734 θυμὸς
970 1655 1037 1718 δὲ
1069 1657 1153 1722 εἰς
1182 1655 1413 1735 ἄμυναν
1433 1664 1813 1739 παρακαλῶν,
1837 1658 1987 1745 ibiq.
2009 1660 2282 1723 Aunott.

575 1756 875 1820 Ceterum
921 1754 1001 1820 de
1047 1779 1355 1822 cornuum
1402 1759 1640 1825 ratione
1689 1784 1937 1850 usuque
1984 1762 2048 1828 in
2096 1760 2280 1827 variis

573 1858 946 1924 animalibus
990 1859 1244 1925 consule
1294 1877 1706 1949 exponentem
1753 1863 2158 1930 Aristotelem
2200 1863 2281 1929 de

573 1962 803 2051 partib.
835 1963 1106 2028 animall.
1139 1964 1248 2029 lib.
1274 1965 1417 2029 111.
1448 1989 1499 2030 c.
1533 1975 1589 2031 2.
1682 1968 1843 2031 Mox
1873 1988 2019 2032 cum
2053 1967 2187 2031 Fic.
2217 1981 2281 2032 et

576 2065 778 2131 tribus
808 2065 1017 2131 Codd.
1052 2066 1269 2154 scripsi
1312 2072 1393 2154 τῷ
1437 2069 1594 2133 ἄλλο
1637 2092 1756 2157 pro
1795 2074 1876 2157 τῷ
1917 2072 2087 2157 ἄλλῳ
2116 2085 2179 2135 et
2211 2071 2280 2135 τὸ

573 2169 750 2244 ἄλλο,
775 2191 1049 2255 quorum
1078 2167 1235 2233 illud
1267 2168 1459 2234 editio
1490 2171 1556 2235 in
1585 2171 1805 2237 ordine
1833 2173 2045 2252 habet,
2068 2173 2186 2238 boc
2215 2173 2279 2242 in

576 2272 871 2361 margine.

658 2398 721 2463 p.
764 2375 950 2458 1287,
984 2392 1043 2440 2.
1092 2375 1223 2439 ἐπεὶ
1269 2375 1363 2439 καὶ
1406 2375 1476 2440 τὸ
1513 2379 1653 2457 τῇδε
1681 2377 1872 2460 φυτὸν
1898 2377 2085 2462 λόγος
2115 2381 2282 2445 ἐστὶν

575 2483 645 2545 ἑν
671 2484 785 2560 ζωῇ
817 2479 1104 2562 κείμενος]
1166 2477 1555 2542 Obversatur
1586 2478 1838 2544 Plotino
1866 2480 2283 2552 nobilissimus

576 2581 856 2648 Platonis
884 2581 1058 2646 locus
1091 2579 1171 2643 de
1200 2578 1453 2667 plantiS,
1482 2580 1546 2644 in
1584 2580 1832 2647 Timaeo
1860 2606 1924 2670 p.
1955 2600 2055 2667 77.
2089 2586 2175 2648 A.
2198 2585 2276 2649 B.

572 2709 634 2774 p.
673 2706 818 2752 111.
847 2709 943 2772 sq.
976 2682 1310 2749 Bekk.—z
1366 2689 1487 2747 πᾶν
1529 2686 1647 2766 γᾶρ
1687 2685 1813 2759 οὖν,
1855 2686 1912 2764 ὅ,
1949 2688 2012 2751 τί
2048 2711 2161 2770 περ
2205 2687 2282 2752 ἃν

571 2786 842 2872 μετάσχῃ
870 2792 977 2852 τοῦ
1001 2790 1128 2867 ζῇν,
1158 2791 1308 2863 ζῶον
1336 2788 1448 2865 μὲν
1478 2786 1554 2850 ἂν
1585 2788 1653 2851 ἐν
1682 2790 1812 2868 δίκῃ
1841 2789 2081 2873 λέγοιτο
2112 2790 2281 2875 ὀρθό-

572 2915 742 2958 τατα·
794 2920 848 2957 κ.
866 2918 919 2956 τ.
941 2899 1005 2955 λ.
1096 2891 1257 2967 Quae
1308 2888 1556 2975 respicit
1602 2888 1885 2956 Galenus
1923 2892 1999 2956 V.
2046 2892 2095 2957 f.
2131 2915 2273 2975 144.

572 2993 871 3061 delibavit
916 2993 1092 3059 Stob.
1127 2990 1270 3056 Ecl.
1314 2990 1542 3079 Physs.
1588 3015 1649 3079 p.
1684 3009 1829 3075 752.
1867 2994 2063 3059 Heer.
2151 2998 2279 3063 Re-

572 3098 781 3164 futare
804 3095 1018 3163 studet
1047 3093 1429 3160 Ammonius
1459 3094 1742 3160 Hermiae
1769 3095 1835 3159 in
1864 3097 2039 3164 Tim.
2068 3123 2137 3188 p.
2166 3116 2275 3186 45.

575 3202 655 3265 A.
747 3201 922 3279 Quos
963 3198 1292 3285 scriptores
1331 3196 1620 3262 adhibuit
1649 3197 2001 3265 Lindavius
2035 3201 2103 3266 in
2130 3205 2273 3267 An-

572 3318 728 3370 nott.
773 3303 840 3369 in
882 3301 1056 3368 Tim.
1099 3325 1167 3390 p.
1204 3301 1343 3366 118.
1376 3325 1499 3389 sq.:
1572 3325 1697 3367 non
1746 3301 1896 3368 item
1950 3304 2276 3373 Plotinum

572 3429 777 3495 neque
804 3405 1100 3472 Proclum
1130 3404 1197 3469 in
1229 3404 1539 3492 Theolog.
1573 3405 1737 3471 Plat.
1771 3407 1916 3472 111.
1954 3429 2008 3473 1.
2039 3433 2104 3497 p.
2136 3413 2278 3477 128.

573 3525 731 3575 extr.
762 3525 828 3574 et
853 3532 970 3597 sq.:
1018 3512 1094 3574 τὰ
1122 3510 1189 3573 δὲ
1219 3509 1294 3572 αὖ
1324 3514 1513 3585 ζῶντα
1536 3506 1733 3574 πάντα
1768 3515 1870 3591 τῆς
1905 3518 2114 3595 νοερᾶς
2142 3514 2274 3580 οὐκ-

577 3612 662 3679 έτι
702 3612 944 3697 μετέχει
988 3612 1304 3693 δυνάμεως·
1374 3612 1505 3677 ἐπεὶ
1551 3613 1647 3677 καὶ
1690 3617 1764 3678 τὲ
1807 3620 1966 3698 φντὰ
2007 3622 2126 3694 ζῶα
2165 3618 2279 3698 μέν

576 3717 760 3791 ἐστιν,
793 3717 875 3784 ὥς
912 3723 1103 3798 φησιν
1144 3716 1179 3779 ὀ
1220 3715 1491 3796 Τίμαιος,
1525 3715 1858 3796 αἰσθήσεως
1900 3720 1966 3782 δὲ
2010 3720 2207 3788 αὐτοῖς
2239 3717 2278 3799 ἢ

574 3820 912 3902 φαντασίας
938 3819 1009 3883 οὗ
1034 3818 1301 3899 μέτεστι,
1332 3818 1494 3898 πλὴν
1525 3821 1581 3885 εἴ
1616 3845 1704 3887 τις
1742 3821 1852 3899 τὴν
1880 3824 2278 3903 συναίσθησιν

572 3921 742 4005 λέγει
772 3921 851 4006 (f.
879 3921 1084 4006 λέγοι)
1120 3928 1238 3986 τῶν
1267 3948 1332 3987 τε
1361 3921 1552 4002 ἡδέων
1581 3923 1777 3991 αὐτοῖς
1806 3925 1903 3988 καὶ
1939 3930 2057 3989 τῶν
2085 3931 2276 4007 λυπη-

573 4030 709 4105 ρόν.
760 4025 856 4089 καὶ
894 4026 1051 4093 ὅλως
1081 4027 1143 4089 αἱ
1180 4026 1473 4108 ὀρεκτικαὶ
1501 4031 1812 4110 πανταχοῦ
1839 4027 2111 4108 δυνάμεις
2136 4030 2283 4106 ζωαί

575 4151 640 4191 τε
682 4128 802 4192 εἶσὶ
841 4128 939 4193 καὶ
981 4132 1082 4207 τῆς
1125 4129 1270 4210 ὅλης
1311 4132 1455 4209 ζωῆς
1495 4128 1843 4209 ἰνδάλματα,
1877 4131 1973 4194 καὶ
2009 4129 2278 4210 ποιήσεις

578 4229 849 4314 ἔσχαται.
914 4236 1022 4296 νοῦ
1065 4232 1132 4296 δὲ
1183 4232 1280 4295 καὶ
1328 4232 1538 4313 ἄμοροι
1589 4230 1713 4296 καθ’
1758 4234 1985 4306 ἑαυτὰς,
2035 4234 2131 4297 καὶ
2176 4237 2278 4313 τῆς

574 4337 901 4414 γνωστικῆς
939 4332 1224 4417 ἆμέτοχοι
1265 4333 1580 4413 δυνάμεως·
1628 4333 1718 4398 διὸ
1757 4335 1828 4414 δὴ
1858 4335 1955 4399 καὶ
1993 4335 2277 4419 ἀμέτοχοι

576 4433 699 4500 καθ’
727 4434 939 4504 ἑαυτάς
967 4439 1087 4501 εἶσι
1115 4437 1211 4501 καὶ
1239 4438 1527 4519 ἀόριστοι,
1557 4439 1838 4520 γνώσεως
1864 4435 2098 4519 ἀπάσης
2123 4464 2272 4521 παρ-

572 4537 867 4620 ῃρημένοι.
971 4541 1136 4604 Sunt
1190 4553 1402 4604 autem
1459 4539 1916 4627 conjungendae
1974 4562 2119 4605 cum
2180 4539 2276 4604 his

572 4639 910 4706 Plotiniani
953 4639 1073 4706 loci
1116 4641 1198 4706 de
1240 4641 1629 4720 differentiis,
1676 4667 1726 4708 s.
1769 4643 2097 4731 gradibus,
2127 4643 2273 4709 vitae

575 4741 674 4808 11.
716 4745 814 4808 16.
852 4764 907 4809 1.
956 4767 1148 4832 supra
1174 4767 1242 4832 p.
1277 4748 1424 4827 267.
1468 4745 1745 4834 itemque
1774 4746 1854 4811 de
1889 4746 2269 4834 contempla-

571 4843 738 4911 tione
784 4847 1056 4933 (θεωρία)
1093 4870 1287 4935 quam
1328 4847 1513 4912 etiam
1559 4848 1793 4936 plantae
1835 4863 2131 4937 appetere
2175 4849 2269 4914 di·

570 4964 801 5014 cuntur
834 4948 975 5014 111.
1007 4951 1068 5015 8.
1102 4971 1155 5015 1.
1187 4974 1255 5038 p.
1277 4970 1426 5038 343.
1459 4964 1523 5016 et
1562 4974 1707 5039 quae
1751 4953 1818 5015 in
1857 4951 2017 5016 hanc
2045 4974 2180 5016 rem
2208 4951 2271 5017 in

571 5049 677 5117 illo
703 5050 867 5117 libro
893 5051 1081 5141 plura
1123 5053 1529 5141 disputantur
1571 5078 1637 5144 p.
1661 5070 1914 5140 345—3
1920 5072 2024 5140 50.
2058 5070 2178 5120 cet.
2207 5055 2271 5120 in

569 5176 728 5241 quas
755 5155 1130 5242 quaestiones
1170 5156 1356 5221 etiam
1398 5157 1720 5223 descendit
1750 5157 2091 5223 Platonicae
2130 5158 2268 5246 phi-

567 5255 868 5346 losophiae
908 5258 1503 5347 intelligentissimus
1533 5260 1960 5326 Cudworthus
2004 5260 2067 5324 in
2102 5262 2272 5349 Syst.

572 5360 878 5427 Intellect.
917 5376 981 5428 et
1019 5362 1278 5450 quidem
1318 5364 1384 5428 in
1423 5364 1874 5430 Dissertatione
1916 5365 1992 5429 de
2033 5373 2274 5429 natura

560 5467 898 5552 genitrice,
926 5465 1268 5554 praesertim
1304 5469 1366 5550 ξ.
1395 5470 1489 5532 16.
1521 5480 1585 5532 et
1621 5484 1718 5552 17.
1752 5490 1817 5555 p.
1848 5484 1960 5552 171
1997 5489 2090 5554 sq.
2127 5468 2274 5531 Mo-

570 5566 764 5633 shem.
857 5569 1024 5634 Cum
1082 5568 1350 5635 Platone
1409 5569 1792 5658 Plotinoque
1849 5571 1999 5636 facit
2060 5569 2267 5637 Gottk.

3944 553 4071 641 383

2364 728 2579 792 Henr.
2615 726 2923 793 Schubert
2948 724 3012 789 in
3043 725 3296 815 egregio
3333 724 3528 790 libro:
3570 725 3912 791 Ansichten
3943 749 4066 792 von

2364 830 2479 893 der
2535 829 2901 894 Nachtseite
2956 830 3070 894 der
3120 829 3783 916 Naturwissenschaft
3832 830 4065 894 Dresd.

2372 934 2558 1013 1818,
2593 933 2703 1020 qui
2743 956 2807 1020 p.
2838 950 2989 1019 305.
3019 932 3143 997 ita:
3192 941 3236 973 “
3261 934 3422 998 Fast
3449 934 3567 998 das
3598 955 3813 1022 ganze
3841 935 4064 1021 Issan-

2364 1037 2653 1100 zenreick
2693 1039 2869 1124 zeigt
2904 1038 2976 1100 ι’τι
3013 1036 3151 1099 dem
3189 1035 3508 1100 hoec-haten
3537 1038 3824 1101 Moment
3864 1039 4067 1103 seinse

2365 1140 2669 1226 Daseym
2711 1142 2849 1203 eine
2902 1139 3338 1227 Vorahndung
3377 1140 3484 1204 des
3527 1140 3899 1205 thieriscken
3942 1142 4061 1205 Le-

2368 1241 2576 1306 bem.”
2607 1244 2714 1307 ὅτε.
2809 1242 2935 1307 Sed
2974 1242 3234 1330 longum
3279 1256 3394 1322 est,
3424 1242 3538 1307 etsi
3581 1244 3661 1308 ab
3695 1243 4065 1332 interpreta-

2369 1345 2554 1410 tionis
2595 1368 2855 1411 munere
2897 1345 3391 1433 haudquaquam
3437 1346 3730 1425 alienum,
3769 1360 3835 1413 et
3877 1347 4068 1435 hujus

2367 1448 2486 1513 viri
2529 1463 2593 1514 et
2636 1440 2925 1526 aliorum,
2956 1472 3071 1537 per
3116 1448 3518 1514 Germaniam
3565 1449 3852 1526 maxime,
3886 1464 4067 1516 acute

2367 1566 2431 1617 et
2458 1552 2775 1639 ingeniose
2820 1552 3170 1639 excogitata
3214 1575 3354 1617 cum
3389 1552 3623 1617 Plotini
3653 1553 3897 1641 placitis
3926 1554 4065 1619 ubi-

2367 1678 2493 1743 que
2536 1678 2926 1743 componere.
3017 1655 3324 1733 Quocirca
3353 1678 3450 1719 me
3494 1655 3627 1743 ipse
3664 1656 3973 1733 contineo,
4004 1669 4068 1721 et

2367 1781 2587 1823 eorum
2644 1758 2874 1848 scripta
2925 1757 3300 1824 Lectoribus
3356 1758 3582 1824 nostris
3638 1762 4071 1826 commendata

2366 1884 2575 1949 cupio.

2452 2001 2540 2014 -
2570 1986 2628 2051 9.
2687 1970 2764 2048 γῆ
2807 1968 2874 2030 δὲ
2917 1971 3079 2039 πῶς;
3139 1992 3190 2029 κ.
3225 1990 3278 2028 τ.
3312 1965 3404 2048 λ.]
3485 1964 3627 2030 Vid.
3678 1964 3845 2030 Plat.
3893 1966 4064 2033 Tim.

2365 2091 2431 2155 p.
2464 2089 2571 2148 40.
2612 2090 2676 2155 p.
2709 2089 2788 2149 41
2827 2092 2920 2154 sq.
2952 2066 3157 2132 Bekk.
3191 2067 3466 2154 itemque
3509 2091 3575 2155 p.
3606 2088 3691 2154 55
3725 2093 3817 2157 sq.
3860 2093 3928 2158 p.
3963 2087 4067 2154 71.

2367 2170 2574 2235 Bekk.
2621 2187 2684 2236 et
2726 2171 2807 2237 cf.
2843 2170 3077 2236 Plotin.
3107 2171 3209 2234 ΙΙ.
3247 2191 3303 2235 1.
3338 2172 3396 2234 6.
3453 2171 3594 2236 ΙΙΙ.
3636 2177 3700 2237 6.
3738 2175 3796 2237 6.
3855 2174 3973 2238 lv.
4001 2194 4066 2260 3.

2372 2293 2471 2361 15.
2505 2298 2644 2362 sqq.
2704 2275 2823 2340 IV.
2857 2296 2920 2355 4.
2959 2293 3059 2340 22.
3124 2275 3243 2338 IV.
3274 2293 3337 2359 5.
3382 2294 3434 2339 1.

2453 2401 2518 2466 p.
2559 2379 2746 2456 1288,
2781 2397 2842 2460 7.
2908 2381 2961 2443 el
3003 2380 3069 2442 δὲ
3112 2378 3208 2470 (cai
3251 2378 3319 2442 τὸ
3363 2382 3476 2460 πῦρ
3505 2380 3689 2461 λόγος
3729 2404 3818 2447 τις
3850 2382 3917 2444 ἐν
3950 2383 4065 2460 ὕλῃ

2369 2481 2499 2545 ἐστὶ
2527 2509 2583 2546 κ.
2603 2507 2655 2546 τ.
2679 2481 2775 2569 λ.]
2826 2481 2930 2545 De
2957 2480 3102 2567 igne
3133 2479 3317 2545 Plato
3345 2480 3409 2544 in
3442 2479 3612 2544 Tim.
3642 2504 3707 2569 p.
3729 2485 3836 2567 56.
3870 2504 3933 2569 p.
3962 2500 4063 2567 71.

2368 2607 2505 2671 sqq.
2534 2582 2734 2648 Bekk.
2825 2583 2929 2648 Cf.
2956 2582 3276 2648 Plotin.1.
3299 2586 3360 2648 6.
3384 2603 3453 2669 3.
3514 2585 3616 2648 ΙΙ.
3652 2603 3795 2651 2.1.
3856 2585 3976 2651 IV.
4000 2606 4063 2668 4.

2368 2706 2473 2774 23.
2534 2687 2740 2771 IV.5.
2769 2704 2832 2752 2.
2893 2687 3008 2750 IV.
3041 2703 3096 2768 7.
3127 2706 3185 2752 2.
3212 2710 3349 2774 sqq.
3406 2687 3482 2751 V.
3506 2707 3572 2773 3.
3598 2703 3657 2771 7.
3718 2687 3837 2753 VI.
3871 2691 3929 2753 6.
3964 2708 4059 2771 17.

2449 2827 2537 2839 —
2569 2810 2632 2873 9.
2675 2789 2784 2870 ἤδη
2814 2793 2929 2873 γὰρ
2958 2791 3129 2858 ὄντος
3164 2792 3231 2855 ἑν
3265 2795 3345 2877 τῷ
3372 2792 3552 2855 παντὶ
3587 2791 3770 2874 πυρὸς
3803 2793 3842 2873 ἡ
3876 2791 4064 2876 παρά-

2365 2896 2593 2978 τριψις]
2661 2895 2808 2957 Hoc
2868 2892 3190 2957 inventum
3254 2892 3575 2958 Mercurio
3631 2892 3934 2961 tribuitur
3987 2895 4067 2960 ab

2367 2997 2676 3075 Homero,
2709 2996 2977 3084 Hymno
3006 2995 3071 3059 in
3099 2994 3274 3060 illum
3309 3021 3368 3060 v.
3400 2997 3640 3061 108-1
3660 3016 3772 3062 10:

2526 3136 2727 3209 δάφνης
2752 3136 2949 3209 ἀγλαὸν
2974 3135 3093 3204 ὄζον
3119 3139 3254 3192 ἑλὼν
3280 3138 3517 3210 ε’πέλεψε
3545 3137 3744 3213 σιδήρῳ

2526 3233 2746 3310 ἄρμενον
2773 3234 2828 3289 ἐν
2853 3235 3086 3306 παλάμῃ·
3127 3235 3361 3306 ἄμπνυτο
3388 3236 3446 3291 δὲ
3472 3237 3660 3310 θερμὸς
3684 3235 3868 3309 ἀϋτμή.

2366 3362 2554 3441 Quod
2598 3362 2850 3428 Plotino
2891 3361 3268 3447 παράτριψις,
3300 3362 3365 3427 id
3405 3361 3850 3450 Theophrasto
3894 3364 3962 3427 H
3970 3363 4065 3428 ist.

2365 3465 2578 3531 Plant.
2604 3466 2681 3531 V.
2724 3487 2819 3531 10.
2854 3465 3211 3553 simpliciter
3240 3466 3459 3549 τρῖψις.
3542 3463 3928 3531 Luculenter
3955 3465 4062 3530 de-

2363 3568 2576 3634 scribit
2606 3568 2943 3634 Lucretius
2972 3569 3052 3633 V.
3093 3585 3277 3654 1095.
3309 3592 3478 3656 sqq.:

2404 3709 2482 3766 Et
2507 3727 2740 3766 ramosa
2765 3720 2964 3767 tamen
2993 3726 3125 3766 cum
3156 3708 3345 3766 ventis
3370 3707 3538 3785 pulsa
3562 3707 3843 3766 vacillans

2403 3808 2644 3864 AEstuat
2670 3806 2732 3864 in
2761 3825 2955 3864 ramos
2981 3806 3327 3864 incumbens
3355 3805 3577 3862 arboris
3605 3805 3797 3872 arbor.

2403 3904 2763 3981 Exprimitur
2788 3903 2995 3962 validis
3024 3904 3265 3962 extritus
3292 3904 3509 3961 viribus
3536 3903 3721 3982 ignis;

2401 4004 2481 4061 Et
2507 4003 2688 4060 micat
2712 4001 3007 4061 interdum
3035 4003 3292 4060 flammai·
3318 4001 3573 4060 fervidus
3601 4001 3791 4069 ardor,

2403 4101 2621 4159 Mutua
2647 4100 2786 4159 dum
2815 4100 2972 4159 inter
2998 4120 3061 4159 se
3088 4101 3235 4159 rami
3262 4101 3585 4177 stirpesque
3614 4112 3916 4167 teruntur;

2403 4200 2670 4270 Quorum
2691 4214 3005 4275 utrumque
3021 4199 3245 4258 dedisse
3266 4210 3463 4276 potest
3482 4198 3824 4256 mortalibus
3846 4198 4060 4277 ignem.

2361 4337 2676 4401 Attritum
2723 4349 2903 4400 vocat
2957 4338 3190 4401 Seneca
3238 4336 3477 4414 Quaest.
3518 4336 3777 4400 Naturr.
3816 4336 3914 4400 11.
3954 4355 4057 4400 22.

2360 4461 2552 4527 quem
2595 4438 2762 4517 vide,
2809 4453 2873 4503 et
2914 4439 3126 4503 confer
3172 4436 3532 4502 Schneideri
3578 4438 3952 4504 Animadvv.
3995 4439 4059 4503 in

2360 4542 2635 4630 Eclogas
2665 4542 2889 4631 Physs.
2922 4542 3134 4606 XIII.
3165 4559 3271 4626 47.
3300 4542 3409 4621 48.
3448 4564 3515 4629 p.
3553 4542 3692 4627 136.
3725 4564 3819 4628 sq.

2443 4680 2531 4694 —
2570 4665 2670 4732 13.
2716 4646 2806 4710 διὸ
2837 4646 2932 4709 καὶ
2954 4643 3509 4727 Πλάτων-ψυχήν
3536 4651 3724 4726 φησιν
3754 4644 4059 4709 εἶναι-τὸ

2361 4748 2648 4827 αἰσθητὸν
2673 4748 2816 4832 πῦρ]
2870 4749 3080 4833 Negat
3105 4749 3597 4811 Tennemannus
3622 4747 3687 4810 in
3716 4747 3883 4812 Hist.
3908 4747 4060 4813 Phi-

2358 4850 2471 4915 loS.
2503 4852 2625 4915 VI.
2665 4875 2729 4939 p.
2761 4869 2904 4936 132.
2948 4849 3067 4914 hoc
3113 4848 3437 4914 Platonem
3488 4871 3761 4936 unquam
3807 4849 4056 4927 dixisse,

2358 4953 2663 5041 adeoque,
2693 4952 2744 5016 si
2785 4968 3065 5018 constare
3111 4951 3227 5016 sibi
3273 4951 3479 5031 vellet,
3513 4951 3716 5017 dicere
3759 4953 4056 5039 potuisse.

2360 5056 2695 5121 Potuerint
2724 5072 2929 5121 tamen
2960 5055 3022 5120 in
3054 5055 3215 5120 hanc
3259 5054 3623 5120 sententiam
3668 5055 3863 5144 accipi
3903 5079 4058 5121 non-

2359 5157 2553 5237 nulla,
2584 5183 2730 5247 quae
2770 5183 2848 5223 ex
2881 5158 3161 5224 Platonis
3187 5157 3472 5223 doctrina
3504 5156 3585 5222 de
3621 5157 3939 5223 elementis
3967 5183 4061 5224 re-

2358 5261 2482 5327 fert
2513 5262 2831 5350 Diogenes
2863 5261 3162 5328 Laertius
3188 5261 3329 5327 libr.
3357 5262 3497 5326 111.
3534 5264 3589 5345 §.
3618 5278 3737 5344 743
3785 5275 3848 5325 et
3877 5280 4062 5350 potu-

2358 5381 2545 5430 erunt
2599 5365 2905 5430 Platonici
2955 5364 3323 5430 recentiores
3372 5362 3571 5429 multa
3627 5361 3906 5428 Platonis
3954 5365 4061 5430 de-

2357 5483 2546 5546 creta,
2579 5490 2725 5555 quae
2767 5466 2870 5532 ille
2914 5468 3042 5533 suis
3087 5466 3349 5556 dialogis
3393 5490 3518 5532 non
3563 5467 3916 5548 incluserat,
3948 5470 4054 5535 sed

2357 5568 2423 5634 in
2467 5569 2691 5636 scholis
2732 5569 3115 5660 prodiderat,
3161 5586 3223 5636 et
3266 5571 3615 5637 accuratius
3663 5589 4058 5659 exposuerat,
