5118 6613
1060 513 1182 576 218

1058 686 1288 762 nimus,
1335 706 1450 748 nos
1503 681 1984 770 elephantorum
2041 684 2411 751 acutissimis
2459 686 2764 766 sensibus,

949 779 956 786 ⁵
1059 809 1173 852 nos
1202 789 1554 875 sagacitate
1581 809 1811 851 canum
1830 785 1911 851 ad
1945 787 2274 853 utilitatem
2305 802 2578 853 nostram
2611 788 2766 854 abu-

1062 889 1315 955 timur.''

1146 1015 1212 1079 p.
1244 1007 1394 1078 723,
1430 994 1491 1057 6.
1537 993 1718 1071 ταύτῃ
1777 991 1948 1071 ἐτέθη
2007 998 2132 1059 τοῖς
2188 999 2467 1061 παλαιοῖς
2517 995 2589 1058 ἐν
2643 1000 2766 1060 τοῖς

1059 1096 1257 1176 ἄκροις
1283 1099 1388 1158 τοῦ
1414 1096 1561 1170 (aion
1582 1094 1825 1169 παντὸς,
1858 1096 1955 1158 ἐπὶ
1983 1098 2086 1173 τῆς
2115 1097 2438 1180 κεφαλῆς.]
2487 1096 2764 1184 Respicit

1059 1196 1343 1262 Platonis
1390 1195 1707 1260 Timaeum
1754 1219 1820 1283 p.
1874 1215 1977 1277 70.
2020 1197 2096 1261 A.
2145 1220 2209 1284 p.
2247 1199 2352 1282 98.
2403 1197 2643 1263 Bekk.:
2692 1198 2760 1262 τὸ

1054 1300 1314 1383 μετέχον
1351 1300 1458 1363 οὖν
1486 1303 1588 1378 τῆς
1619 1303 1821 1381 ψυχῆς
1857 1300 2097 1381 ἀνδρίας
2127 1301 2224 1365 καὶ
2251 1305 2454 1380 θυμοῦ,
2487 1303 2758 1384 φιλόνει-

1062 1429 1166 1466 κον
1216 1400 1288 1465 ὃν
1333 1399 1667 1486 κατῴκισαν
1712 1400 2009 1483 ἐγγυτέρω
2053 1406 2155 1480 τῆς
2200 1407 2482 1485 κεφαλῆς.
2542 1404 2763 1483 μεταξὺ

1058 1510 1175 1568 τῶν
1204 1508 1442 1585 φρενῶν
1469 1528 1535 1566 τε
1567 1503 1662 1565 καὶ
1690 1502 1960 1586 αὐχένος,
1993 1506 2094 1567 ἵνα
2120 1509 2226 1568 τοῦ
2252 1507 2441 1587 λόγου
2473 1506 2762 1586 κατήκοον

1058 1605 1130 1669 ὃν
1161 1609 1325 1685 κοινῆ
1351 1602 1476 1685 μετ’
1510 1606 1738 1668 ἐκείνου
1766 1607 1878 1685 βία
1913 1605 1980 1668 τὸ
2020 1612 2138 1670 τῶν
2170 1609 2486 1687 ἐπιθυμιῶν
2518 1608 2760 1692 κατέχοι

1060 1707 1253 1790 γένος,
1286 1706 1449 1771 ὁπότ’
1483 1709 1548 1771 ἐκ
1591 1711 1693 1787 τῆς
1732 1709 2109 1789 ἀκροπόλεως
2145 1713 2228 1793 τῷ
2273 1709 2627 1792 ἐπιτάγματι
2664 1712 2758 1775 καὶ

1056 1812 1222 1896 λόγῳ
1266 1813 1500 1890 μηδαμῆ
1542 1812 1858 1874 πείθεσθαι
1902 1809 2042 1874 ἑκὸν
2083 1810 2283 1890 ἐθέλῃ.
2375 1811 2756 1877 Universum

1057 1913 1226 1978 hunc
1255 1912 1457 1977 locum
1490 1912 1553 1977 in
1584 1911 1780 1976 divini
1799 1912 2097 2000 loquendi
2120 1913 2386 2000 generis,
2413 1937 2543 2000 quo
2576 1915 2761 1980 Plato

1053 2014 1322 2092 excellit,
1371 2014 1673 2101 exemplis
1718 2015 1929 2102 posuit
1980 2015 2314 2102 Longinus
2364 2017 2445 2081 de
2493 2016 2756 2081 Sublim.

1059 2119 1389 2182 XXXII.
1413 2133 1477 2203 5.
1513 2116 1812 2182 Alcinous
1835 2117 1916 2181 de
1947 2118 2164 2182 Doctr.
2187 2116 2354 2182 Plat.
2376 2142 2430 2183 c.
2461 2120 2761 2183 XXIII.

1055 2245 1117 2309 p.
1147 2236 1302 2307 503.
1335 2220 1438 2284 ed.
1475 2220 1896 2284 Heins.:—-ro
1937 2224 2101 2285 θεῖον
2146 2220 2322 2300 αὐτῆς
2366 2222 2496 2303 (τῆς
2528 2226 2759 2305 ψυχῆς)

1058 2325 1154 2388 καὶ
1195 2323 1495 2388 ἀθάνατον
1540 2320 1873 2408 κατ-ᾤκισαν
1914 2323 2011 2387 ἐπὶ
2051 2326 2156 2385 τοῦ
2199 2323 2488 2403 σώματος,
2525 2326 2621 2388 ἐπὶ
2663 2329 2765 2402 τῆς

1055 2427 1185 2491 οῖον
1213 2427 1591 2508 ἀκροπόλεως
1629 2425 1804 2507 (fort.
1839 2421 2172 2512 κατῴκισαν
2214 2426 2311 2488 ἐπὶ
2349 2430 2450 2505 τῆς
2483 2430 2590 2489 τοῦ
2633 2427 2755 2490 ‹mi-

1050 2555 1235 2608 ματος
1268 2530 1398 2592 οἶον
1442 2529 1850 2612 ἀκροπόλεως)
1889 2529 2080 2611 ἄρχον
2110 2527 2206 2591 καὶ
2243 2532 2578 2608 βασιλεῦον
2606 2530 2756 2592 ἀπο-

1052 2631 1368 2712 φήναντες,
1400 2632 1634 2711 οἴκησίν
1667 2655 1734 2694 τε
1774 2632 2203 2711 ἆπονείμαντες
2241 2633 2395 2718 αὐτῷ
2426 2631 2535 2710 τὴν
2570 2640 2753 2713 κεφα-

1054 2735 1190 2812 λὴν,
1250 2738 1455 2818 σχῆμα
1514 2733 1780 2817 ἔχουσαν
1825 2736 2189 2814 μιμούμενον
2242 2733 2311 2796 τὸ
2364 2737 2469 2797 τοῦ
2512 2735 2752 2802 παντός.

1054 2835 1418 2900 Chalcidius
1460 2836 1525 2899 in
1572 2833 1854 2899 Platonis
1899 2833 2218 2897 Timaeum
2265 2856 2331 2920 p.
2360 2852 2507 2917 327.
2543 2841 2587 2872 ‘⁶
2620 2835 2751 2897 Ra-

1050 2937 1409 3002 tionabilem
1452 2937 1709 3024 quidem
1747 2951 1990 3023 partem
2048 2935 2272 2998 animae
2317 2949 2390 2999 ut
2433 2934 2753 3021 sapientis-

1056 3039 1296 3117 simam,
1343 3040 1689 3127 principem
1731 3053 1977 3125 partem
2006 3036 2415 3116 obtinentem,
2449 3046 2748 3124 tanquam

1048 3144 1241 3206 totius
1268 3144 1552 3230 corporis
1589 3141 2026 3228 Capitolium?
2072 3138 2294 3204 Cicero
2311 3139 2392 3204 de
2423 3141 2506 3204 N.
2531 3141 2616 3204 D.
2651 3142 2747 3204 11.

1044 3247 1165 3331 56:
1218 3254 1261 3284 “
1297 3247 1528 3311 Sensus
1555 3257 1765 3309 autem
1796 3243 2168 3329 interpretes
2193 3265 2265 3306 ac
2283 3242 2485 3309 nuntii
2516 3265 2750 3323 rerum,

1049 3352 1122 3412 in
1164 3351 1391 3436 capite,
1421 3358 1725 3436 tanquam
1758 3349 1827 3410 in
1857 3367 2022 3424 arce,
2051 3344 2307 3411 mirifice
2340 3346 2423 3411 ad
2455 3369 2607 3411 usus
2649 3368 2756 3411 ne-

1045 3452 1339 3517 cessarios
1368 3467 1432 3515 et
1458 3451 1605 3515 facti
1637 3462 1700 3513 et
1743 3447 2024 3513 collocati
2055 3462 2199 3512 sunt
2221 3450 2276 3512 :”
2328 3447 2408 3513 ad
2441 3471 2628 3535 quem
2658 3447 2749 3512 lo-

1049 3578 1194 3619 cum
1224 3553 1347 3619 alia
1373 3552 1551 3617 dabit
1581 3550 1895 3615 Davisius.
1973 3549 2098 3615 Cui
2132 3551 2336 3638 junge
2371 3551 2753 3639 praestantis-

1046 3658 1272 3722 simum
1304 3655 1557 3720 Jacobs.
1587 3653 1671 3717 ad
1699 3652 2065 3719 Philostrati
2099 3654 2344 3741 Imagg.
2375 3677 2441 3741 p.
2464 3669 2617 3739 525.
2649 3676 2743 3741 sq.

1045 3756 1477 3845 —Sequentia
1521 3755 1778 3835 Plotini,
1810 3756 1890 3820 de
1934 3755 2454 3844 concupiscentia,
2498 3755 2748 3821 iracun-

1042 3862 1170 3939 dia,
1205 3859 1484 3948 jecinore
1525 3872 1591 3923 et
1636 3858 1824 3923 corde
1866 3858 2151 3946 apprime
2192 3872 2552 3945 congruunt
2603 3881 2748 3923 cum

1050 3962 1334 4028 Platonis
1371 3960 1788 4048 descriptione
1828 3960 1893 4025 in
1940 3960 2170 4026 Timaei
2214 3963 2351 4025 loco
2395 3960 2652 4025 laudato
2680 3984 2745 4049 p.

1052 4085 1157 4148 70.
1190 4066 1267 4129 B.
1295 4066 1368 4129 C.
1399 4065 1482 4129 cf.
1515 4063 1837 4130 Plutarch.
1872 4063 1953 4128 de
1995 4063 2185 4128 animi
2220 4078 2495 4150 generat.
2528 4064 2595 4128 in
2626 4064 2747 4128 Ti-

1050 4192 1211 4233 maeo
1240 4192 1304 4256 p.
1344 4183 1530 4253 1025.
1565 4190 1658 4253 sq.
1689 4190 1752 4254 p.
1791 4181 1934 4249 174.
1963 4188 2101 4253 sqq.
2134 4165 2498 4253 Wyttenb„
2531 4166 2645 4254 qui
2689 4182 2752 4232 et

1050 4273 1171 4337 alia
1218 4271 1409 4336 habet
1451 4284 1517 4336 et
1560 4269 1713 4344 haec,
1775 4268 1856 4332 ad
1910 4268 2098 4333 verba
2142 4268 2375 4333 Plotini
2417 4268 2485 4332 in
2530 4292 2745 4356 seqq.:

1049 4374 1392 4456 αἰσθητικὸν
1420 4376 1555 4455 γὰρ,
1592 4373 1845 4454 κριτικόν
1873 4397 1996 4439 πως
2038 4372 2135 4435 καὶ
2167 4371 2594 4454 φανταστικὸν,
2623 4372 2753 4435 οῖον

1052 4478 1266 4560 νοερὸν
1306 4504 1356 4540 κ.
1384 4502 1439 4539 τ.
1458 4483 1521 4538 λ.
1556 4473 1965 4559 pertinentia:
2015 4475 2086 4539 οὗ
2125 4475 2245 4555 μὴν
2285 4475 2496 4559 ῥᾳδίως
2539 4475 2618 4537 ἄν
2667 4499 2753 4540 τις

1049 4582 1188 4646 οὔτε
1241 4577 1430 4644 πάθος
1486 4579 1798 4657 ἀνθρώπου
1845 4576 2228 4641 παντάπασιν
2281 4575 2752 4658 ἀπηλλαγμένον

1049 4684 1349 4764 λογισμοῦ
1370 4677 1815 4757 κατανοήσειεν,
1838 4680 1975 4743 οὔτε
2004 4681 2266 4747 διανοίας
2297 4680 2547 4759 κίνησιν,
2581 4676 2618 4758 ᾖ
2647 4705 2749 4758 μη-

1053 4785 1155 4848 δὲν
1186 4782 1491 4860 ἐπιθυμίας
1510 4777 1547 4859 ἢ
1566 4782 1922 4861 φιλοτιμίας,
1945 4778 2106 4859 ἢτοῦ
2133 4784 2449 4864 χαίροντος
2474 4778 2750 4860 ἦλυπου-

1048 4886 1235 4968 μένου
1285 4885 1593 4965 πρόσεστι.
1684 4883 1799 4947 Διὸ
1850 4890 1968 4947 τῶν
2017 4886 2380 4966 φιλοσόφων
2420 4886 2478 4947 οἱ
2524 4887 2639 4963 μὲν
2676 4889 2751 4948 τὰ

1051 4989 1210 5069 πάθη
1237 4989 1458 5069 λόγους
1494 4989 1787 5059 ποιοῦσιν,
1819 4987 1895 5052 ὤς
1931 4990 2136 5049 πᾶσαν
2167 4987 2477 5064 ἐπιθυμίαν
2509 4987 2604 5050 καὶ
2642 4988 2747 5050 λύ-

1050 5117 1171 5173 πην
1202 5091 1296 5155 καὶ
1328 5090 1515 5172 ὀργὴν
1545 5091 1762 5170 κρίσεις
1792 5087 1965 5168 εἶναι,

1137 5219 1205 5283 p.
1245 5211 1394 5276 724,
1437 5209 1534 5276 15.
1579 5190 2066 5272 Ἀναπόδραστος
2110 5192 2226 5271 γὰρ
2274 5191 2308 5253 ὁ
2359 5194 2516 5256 θεῖος
2577 5192 2754 5269 νόμος

1054 5326 1109 5360 κ.
1127 5323 1177 5359 τ.
1206 5296 1299 5384 λ.]
1350 5295 1523 5357 Fons
1565 5292 1629 5356 in
1681 5291 1964 5356 Platonis
2009 5292 2207 5378 Gorg.
2263 5314 2325 5379 p.
2355 5310 2509 5377 523.
2548 5295 2638 5356 A.
2684 5315 2752 5380 p.

1058 5401 1197 5482 163.
1232 5421 1325 5483 sq.
1367 5395 1569 5459 Bekk.
1613 5395 1690 5474 ἣν
1729 5396 1836 5459 οὖν
1882 5395 2059 5474 νόμος
2102 5395 2204 5458 ὅδε
2245 5395 2382 5475 περὶ
2426 5397 2750 5476 ἀνθρώπων

1054 5499 1153 5562 ἐπὶ
1195 5500 1427 5579 Κρόνου
1458 5498 1553 5561 καὶ
1582 5497 1677 5561 ἀεὶ
1708 5495 1802 5560 καὶ
1842 5500 1948 5559 νῦν
1989 5496 2075 5560 ἔτι
2119 5496 2285 5560 ἔστιν
2316 5498 2383 5559 ἐν
2423 5501 2598 5572 θεοῖς,
2632 5502 2750 5560 τῶν

2053 513 2881 579 ANNOTATIONES

2952 514 3064 578 IN
3133 514 3580 579 PLOTINI

2853 688 3180 767 ἀνθρώπων
3216 686 3325 751 τὸν
3363 689 3478 766 μὲν
3509 687 3742 753 δικαίως
3783 684 3889 749 τὸν
3931 686 4075 765 βίον
4113 684 4432 748 διελθόντα
4461 684 4558 747 καὶ

2852 790 3050 863 ὁσίως,
3086 788 3326 853 ἐπειδάν
3355 814 3423 853 τε
3449 788 3731 867 λευτήσῃ,
3767 789 3827 853 ἐς
3859 786 4139 868 μακάρων
4169 784 4387 865 νήσους
4416 787 4554 849 ἀπι-

2853 892 2999 955 όντα
3026 895 3212 955 οἰκεῖν
3242 894 3310 955 ἐν
3337 891 3501 971 πάσῃ
3533 892 3872 974 εὐδαιμονία
3902 890 4068 956 ἐκτὸς
4098 895 4310 953 κακῶν·
4355 888 4462 952 τὸν
4490 890 4556 952 δὲ

2851 994 3060 1061 ἀδίκως
3106 994 3203 1058 καὶ
3248 993 3437 1060 ἀθέως
3491 996 3575 1060 εἰς
3622 992 3691 1056 τὸ
3737 997 3839 1071 τῆς
3881 993 4095 1059 τίσεός
4139 1017 4205 1055 τε
4254 992 4352 1055 καὶ
4396 990 4555 1070 δίκης

2850 1095 3269 1178 δεσμωτήριον,
3303 1096 3336 1158 ὃ
3366 1097 3439 1175 δὴ
3471 1095 3648 1179 (fort.
3670 1094 3741 1159 ὃν
3773 1095 3872 1176 δὴ)
3897 1094 4212 1177 Τάρταρον
4241 1096 4551 1166 καλοῦσιν,

2850 1197 3020 1262 ἰέναι.
3111 1199 3221 1264 Ad
3253 1222 3439 1286 quem
3488 1199 3695 1263 locum
3725 1197 3792 1261 in
3824 1197 3986 1262 Cod.
4020 1196 4367 1261 Bodleiano
4393 1217 4548 1282 qua·-

2849 1315 2993 1363 tuor
3046 1301 3291 1366 Scholia
3349 1301 3732 1389 adjiciuntur
3788 1323 3856 1387 p.
3903 1320 4011 1385 93.
4055 1299 4158 1363 ed.
4206 1297 4552 1375 Gaisford.,

2846 1402 3022 1467 haud
3095 1404 3288 1470 dubie
3343 1429 3379 1468 e
3446 1403 3653 1468 Procli
3711 1400 4171 1467 commentariis
4241 1400 4551 1465 desumta.

2850 1508 3262 1593 Persequitur
3331 1507 3571 1585 eadem,
3635 1505 3962 1570 Platonem
4030 1503 4217 1569 etiam
4275 1516 4552 1580 secutus,

2847 1607 3229 1674 Plutarchus
3266 1609 3346 1674 de
3393 1611 3459 1674 S.
3484 1608 3671 1673 N.V.
3715 1631 3778 1695 p.
3809 1610 3962 1693 564.
3996 1630 4086 1693 sq.
4129 1628 4193 1693 p.
4227 1624 4376 1692 273.
4406 1628 4545 1691 sqq.

2847 1712 3187 1798 Wyttenb.
3235 1712 3315 1776 cf.
3363 1712 3557 1799 hujus
3617 1710 4063 1775 animadverss.
4110 1732 4178 1795 p.
4211 1727 4363 1794 435.
4411 1731 4550 1794 sqq.

2848 1813 3031 1878 Idem
3064 1813 3446 1879 Plutarchus
3474 1837 3574 1901 ap.
3606 1815 3786 1878 Stob.
3812 1812 4079 1899 Eclogg.
4114 1811 4331 1898 Physs.
4366 1811 4425 1874 I.
4451 1830 4549 1895 19.

2848 1939 2909 2003 p.
2946 1917 3081 1981 188.
3109 1919 3303 1982 Heer.
3335 1943 3349 1981 :
3385 1921 3481 1982 διὰ
3508 1921 3680 1980 τοῦτο
3712 1916 3821 1994 τὴν
3839 1915 4194 1996 εἱμαρμένην
4217 1914 4312 1978 καὶ
4336 1912 4550 1995 Ἀδρα-

2849 2020 3057 2083 στείαν
3081 2025 3385 2093 καλοῦσιν,
3418 2022 3510 2083 ὅτι
3552 2020 3738 2100 πέρας
3775 2024 3902 2086 ταῖς
3932 2019 4142 2084 αἰτίαις
4170 2014 4547 2097 ἠναγκασμέ-

2850 2146 2957 2184 νον
2981 2123 3329 2201 ἐπιτίθησιν,
3351 2121 3749 2203 ἆνέκφευκτος
3777 2121 3931 2184 οὖσα
3954 2121 4051 2184 καὶ
4080 2119 4547 2200 ἆναπόδραστος.

2851 2223 3093 2287 Eodem
3139 2223 3448 2287 vocabulo
3490 2223 3693 2288 utitur
3734 2221 4130 2300 Aristoteles,
4172 2220 4287 2307 qui
4328 2219 4550 2297 fertur,

2849 2326 2929 2389 de
2975 2325 3231 2390 Mundo
3261 2327 3416 2390 VII.
3461 2346 3521 2410 3.
3568 2344 3807 2412 p.324.
3857 2323 4133 2412 Kappii;
4179 2323 4331 2386 item
4376 2323 4544 2386 Her-

2844 2427 2999 2492 mias
3039 2429 3102 2492 in
3151 2428 3426 2492 Platonis
3456 2427 3804 2492 Phaedrum
3834 2450 3899 2513 p.
3944 2447 4084 2510 149.
4118 2424 4325 2497 Asti33
4375 2422 4542 2488 unde

2843 2530 2907 2594 in
2955 2530 3202 2595 Scholia
3239 2531 3479 2595 transiit
3524 2553 3586 2617 p.
3620 2532 3731 2614 63.
3775 2528 3875 2593 ed.
3929 2526 4321 2592 Siebenkees.
4411 2527 4544 2590 Nec

2844 2632 3051 2697 minus
3079 2632 3374 2696 Eustath.
3406 2632 3469 2695 in
3502 2632 3728 2719 Odyss.
3770 2651 3870 2717 13.
3903 2654 3964 2694 v.
3991 2632 4136 2715 839.
4172 2653 4233 2717 p.
4269 2631 4412 2713 269.
4442 2628 4542 2693 ed.

2845 2735 3032 2800 Basil.
3065 2750 3127 2799 et
3168 2735 3303 2822 ipse
3346 2738 3578 2799 Noster
3606 2757 3799 2820 supra
3828 2757 3893 2821 p.
3922 2734 4077 2819 382.
4112 2734 4190 2797 Β.
4283 2729 4394 2796 Ad
4439 2753 4538 2795 ar·

2841 2852 3214 2925 gumentum
3233 2852 3296 2902 et
3318 2836 3760 2902 sententiarum
3787 2857 4096 2900 summam
4118 2832 4377 2914 adhibe,
4398 2855 4541 2920 quae

2839 2963 3032 3028 supra
3072 2940 3508 3004 annotavimus
3550 2939 3634 3003 ad
3673 2962 3739 3027 p.
3773 2939 3918 3019 264.
3950 2939 4039 3002 Ε.
4077 2954 4142 3002 et
4183 2959 4250 3024 p.
4284 2937 4427 3015 284.
4460 2936 4535 3000 F.

2840 3043 2919 3106 G.
2967 3042 3355 3107 Plotinianos
3380 3040 3497 3106 hos
3532 3041 3700 3105 locos
3737 3054 3882 3105 ante
3916 3037 4130 3104 oculos
4157 3038 4350 3103 habet
4383 3040 4536 3102 Pro-

2837 3144 2972 3209 clus
3012 3144 3076 3208 in
3124 3143 3406 3209 Platonis
3451 3144 3773 3210 Timaeum
3816 3165 3883 3231 p.
3912 3161 4066 3229 323,
4108 3141 4219 3206 ubi
4269 3140 4541 3206 Platonis

2838 3245 3087 3311 decreta
3109 3245 3187 3311 de
3215 3246 3436 3311 ordine
3458 3245 3670 3311 divino
3697 3245 3762 3310 in
3793 3245 3980 3311 rebus
4010 3243 4347 3309 mundanis
4372 3257 4435 3308 et
4461 3242 4542 3306 de

2839 3349 3109 3414 vitarum
3158 3349 3563 3414 electionibus
3602 3349 3848 3437 copiose
3876 3348 4185 3412 illustrat:
4234 3348 4402 3420 διότι,
4431 3344 4543 3410 ad-

2838 3452 3013 3527 dem,
3045 3451 3271 3533 πλήρης
3299 3453 3465 3516 ἐστὶν
3495 3452 3746 3534 ἑκατέρα
3776 3453 4053 3534 (αἵρεσις,
4085 3449 4357 3514 vitarum
4389 3447 4538 3512 eleo-

2839 3554 2948 3632 tio,
2979 3552 3075 3618 vel
3106 3554 3272 3619 bona
3299 3554 3394 3619 vel
3426 3554 3620 3640 mala)
3651 3561 3770 3618 τῶν
3800 3551 4169 3635 εἱμαρμένων
4200 3552 4417 3630 νόμων,
4441 3551 4533 3615 καὶ

2839 3659 3093 3739 ἄγουσιν
3124 3659 3333 3723 ἑαυτὰς
3361 3658 3511 3721 ὅπου
3542 3659 3574 3719 ὁ
3613 3659 3681 3721 ἐν
3722 3657 3924 3722 αὐταῖς
3969 3652 4303 3737 φθέγγεται
4340 3654 4530 3733 νόμος.

2838 3762 2915 3827 ὥς
2944 3768 3133 3841 φησιν
3163 3760 3257 3823 καὶ
3287 3761 3320 3823 ὁ
3352 3764 3682 3825 Πλωτῖνος.

2920 3897 3007 3911 --
3042 3876 3140 3943 17.
3190 3861 3620 3944 φέρεται-καὶ
3660 3859 3836 3926 αὐτὸς
3881 3861 3914 3922 ὁ
3957 3856 4533 3943 πάσχων-ἀπάτᾳ

2836 3964 2950 4042 μὲν
2977 3967 3047 4043 τῇ
3077 3968 3237 4047 φορᾷ
3266 3968 3578 4047 πανταχοῦ
3612 3963 4007 4045 αἰωρούμενος
4041 3966 4171 4027 ταῖς
4197 3959 4533 4026 πλάναις-

2839 4065 2907 4128 τὸ
2937 4067 3221 4131 ἀκούσιον
3250 4068 3332 4131 εἰς
3362 4065 3431 4128 τὸ
3471 4069 3687 4129 παθεῖν
3718 4063 3933 4151 ἔχων]
3984 4061 4411 4127 Gravissimus
4450 4060 4535 4126 lo-

2837 4190 2950 4231 cus
2976 4180 3041 4231 et
3081 4166 3194 4253 qui
3229 4188 3588 4254 germanam
3636 4164 3940 4230 Platonici
3969 4162 4326 4252 philosophi
4353 4163 4528 4229 indn-

2837 4268 2959 4333 lem
2990 4270 3235 4333 referat.
3313 4269 3557 4356 Taylor
3586 4292 3664 4333 ex
3693 4292 3791 4347 eo,
3815 4266 3989 4354 quod
4023 4265 4159 4331 Fic.
4190 4266 4411 4331 vertit:
4443 4288 4541 4330 er-

2838 4373 3085 4438 roribus
3120 4376 3558 4452 circumactu-5,
3587 4372 3925 4461 legendum
3971 4394 4103 4436 esse
4136 4370 4290 4436 dicit
4331 4397 4531 4454 περια·

2837 4479 3091 4558 γόμενος
3116 4498 3234 4563 pro
3270 4478 3682 4558 αἰωρούμενος.
3777 4474 3967 4555 Quod
3988 4473 4126 4538 viro
4153 4473 4395 4561 optimo
4420 4496 4533 4537 ex-

2836 4578 3054 4643 cidisse
3081 4576 3297 4642 nolim.
3389 4580 3559 4643 Nam
3588 4578 3861 4664 primum
3893 4576 4063 4653 libri,
4093 4590 4355 4664 excepto
4386 4599 4532 4654 uno,

2836 4681 2949 4767 qui
2992 4680 3305 4745 solennem
3344 4680 3769 4746 confusionem
3815 4680 4031 4759 habet,
4062 4678 4219 4743 nihil
4250 4678 4528 4752 vatiaum

2839 4783 3065 4848 deinde
3119 4784 3382 4848 verbum
3435 4786 3778 4866 αἰωρεῖσθαι
3833 4782 4071 4869 optime
4126 4779 4421 4868 congruit.
4472 4794 4537 4845 et

2836 4909 2982 4951 cum
3012 4887 3248 4972 ἆστάτῳ
3278 4891 3347 4967 τῇ
3376 4891 3536 4969 φορᾷ
3567 4900 3631 4950 et
3658 4908 3801 4950 cum
3833 4891 3962 4953 ταῖς
3996 4884 4269 4952 πλάναις.
4363 4884 4532 4964 Quid

2836 4988 3112 5076 quaeris?
3178 4989 3467 5053 Colorem
3522 4989 3713 5053 traxit
3774 4986 4067 5052 Plotinus
4121 5009 4201 5050 ex
4255 4985 4535 5051 Platonis

2842 5093 3200 5155 Menexeno
3226 5113 3289 5178 p.
3325 5091 3468 5171 248.
3504 5094 3608 5155 A:
3644 5088 3817 5176 Ὅτῳ
3843 5092 3959 5171 γὰρ
3999 5089 4170 5170 ἀνδρὶ
4208 5092 4292 5156 εἰς
4322 5090 4535 5153 ἑαυτὸν

2839 5194 3155 5276 ἀνήρτηται
3203 5194 3400 5258 πάντα
3440 5197 3515 5257 τὰ
3563 5192 3740 5274 πρὸς.
3764 5192 4140 5270 εὐδαιμονίαν
4191 5188 4463 5272 φέροντα
4500 5188 4537 5268 ἢ

2841 5298 3018 5378 ἐγγὺς
3045 5299 3274 5369 τούτου,
3310 5297 3404 5359 καὶ
3427 5296 3511 5376 μὴ
3538 5297 3606 5358 ἐν
3635 5295 3846 5359 ἄλλοις
3867 5294 4196 5373 ἀνθρώποις
4218 5293 4533 5372 αἰωρεῖται,

2841 5402 2903 5477 ἐξ
2933 5400 3017 5463 ὧν
3042 5395 3079 5476 ἢ
3110 5399 3175 5463 εὖ
3202 5395 3239 5477 ἢ
3278 5404 3462 5464 κακῶς
3498 5395 3847 5476 πραξάντων
3884 5398 4232 5458 πλανᾶσθαι
4272 5392 4533 5474 ἠνάγκα-

2837 5526 2974 5564 σται
3021 5500 3117 5564 καὶ
3157 5503 3232 5564 τὰ
3276 5501 3524 5573 ἐκείνου,
3566 5499 3753 5582 τούτῳ
3798 5498 4012 5579 ἄριστα
4057 5496 4539 5577 παρεσκεύασται
