5118 6613
1112 558 1238 606 200

1110 712 1414 791 ἆποτομὴν
1443 715 1543 791 τῆς
1579 714 1687 793 γῆς
1713 710 1820 775 οὐκ
1858 711 2207 793 οἰκουμένην
2233 711 2336 795 ὑφ’
2366 714 2548 794 ἡμῶν,
2583 714 2678 777 καὶ
2708 713 2803 776 οὕ-

1108 842 1222 883 τως
1269 814 1525 897 ὡσπερεὶ
1575 819 2051 895 κενεμβατοῦντα
2100 815 2377 898 ἔκλειψιν
2425 818 2800 900 ὑποφαίνειν.

1113 916 1382 982 Basilius
1442 919 1678 982 Caesar.
1743 916 1985 982 Homil.
2046 919 2239 983 XVI.
2292 943 2359 1007 p.
2400 938 2567 1006 504:
2607 918 2804 1003 Ἀφες

1112 1026 1365 1086 σεαυτοῦ
1391 1021 1497 1085 τὸν
1525 1026 1666 1086 νοῦν
1694 1025 1938 1104 δραμεῖν
1966 1024 2116 1086 ὅσον
2142 1025 2451 1103 βούλεται,
2478 1022 2574 1087 καὶ
2601 1028 2799 1088 διατα-

1109 1129 1282 1203 θῆναι
1310 1125 1406 1189 ἐπὶ
1434 1127 1511 1189 τὸ.
1545 1126 1687 1189 ἅνω·
1740 1125 1868 1189 εἶτα
1906 1125 2171 1208 εὑρήσεις
2211 1125 2392 1190 αὐτὸν
2423 1127 2604 1209 μυρία
2645 1135 2798 1190 πλα-

1110 1228 1379 1309 νηθέντα,
1443 1229 1538 1293 καὶ
1593 1232 1798 1292 πολλὰ
1857 1228 2403 1309 κενεμβατήσαντα,
2466 1230 2562 1294 καὶ
2618 1229 2803 1294 πάλιν

1110 1333 1429 1395 ἐπανιόντα
1473 1330 1619 1412 πρὸς
1669 1330 1880 1394 ἑαυτὸν
1932 1358 1983 1394 κ.
2009 1355 2063 1393 τ.
2081 1337 2140 1394 λ.
2187 1330 2265 1395 cf.
2316 1330 2548 1396 Suicer.
2610 1331 2799 1396 Thes.

1109 1433 1349 1498 Eccles.
1385 1433 1481 1496 II.
1513 1455 1577 1519 p.
1616 1433 1718 1517 85.

1190 1559 1258 1624 p.
1289 1537 1438 1620 659,
1468 1554 1533 1619 5.
1581 1538 1763 1598 ταῦτα
1792 1535 1907 1616 ἄρα
1937 1534 2112 1610 εἶδεν,
2144 1538 2264 1601 ὅσα
2294 1537 2614 1623 ἐνέργειαι]
2652 1538 2707 1601 F
2709 1536 2799 1601 al-

1107 1639 1221 1716 lor,
1251 1654 1365 1703 aut
1392 1637 1560 1702 hunc
1588 1636 1793 1701 locum
1824 1651 1969 1701 ante
1997 1637 2211 1703 oculos
2237 1638 2462 1704 habuit
2499 1639 2797 1729 Philopo-

1108 1765 1247 1819 nuS,
1278 1762 1419 1806 cum
1461 1739 1596 1803 haec
1641 1738 1948 1803 scribebat
1989 1739 2055 1803 in
2089 1741 2413 1807 Aristotel.
2457 1742 2537 1807 de
2568 1743 2802 1808 Anima

2041 538 2896 605 ANNOTATIONES
2962 539 3077 604 IN
3141 538 3590 604 PLOTINI

2886 711 2994 777 fol.
3035 733 3090 777 1.
3124 735 3186 799 p.
3217 735 3288 776 a:
3328 710 3510 780 Ἔστι
3540 714 3656 793 γὰρ
3696 714 3728 775 ὁ
3773 714 3910 778 νοῦς
3952 712 4084 775 οἷον
4114 712 4231 790 ἕξις
4257 716 4359 791 τῆς
4385 717 4584 796 ψυχῆς

2887 816 3247 896 τελεωτάτη·
3290 817 3433 881 ὅθεν
3489 815 3624 896 περὶ
3673 815 3882 879 τούτου
3935 813 4135 895 λέγων
4194 817 4227 878 ὁ
4275 818 4584 882 Πλωτῖνός

2888 928 3095 1002 φησιν,
3127 920 3218 982 ὅτι
3246 920 3410 984 ὅστις
3453 918 3523 996 δὴ
3563 917 3911 1000 ἐνήργησεν,
3945 917 4114 984 οὗτος
4141 917 4302 981 οἶδεν
4332 918 4367 981 ὃ
4395 918 4575 1000 λέγω.

2888 1018 2995 1086 ἅτε
3022 1022 3092 1101 δὴ
3121 1025 3222 1100 τῆς
3264 1023 3531 1101 τοιαύτης
3570 1019 3989 1087 καταπόσεως
4024 1022 4172 1100 μηδὲ
4210 1022 4377 1106 λόγῳ
4407 1023 4576 1103 ἑρμη-

2889 1128 3167 1203 νευθῆναι
3208 1123 3549 1204 δυναμένης.
3649 1124 3813 1186 Utut
3857 1136 3973 1202 est,
4018 1122 4170 1186 mihi
4219 1146 4361 1187 cum
4401 1123 4578 1188 Vati-

2888 1249 3043 1292 cano
3085 1226 3245 1291 libro
3287 1242 3351 1291 et
3395 1225 3615 1291 Ficino
3658 1224 3988 1312 legendum
4035 1225 4287 1290 videtur
4330 1226 4454 1290 οἶδε
4482 1225 4576 1290 vel

2888 1330 3100 1417 potius
3127 1330 3305 1394 οἶδεν.
3378 1329 3670 1395 Proxime
3700 1351 3735 1392 e
3763 1351 3964 1415 marg.
3998 1328 4175 1393 Edit.
4205 1328 4270 1394 in
4299 1328 4575 1393 ordinem

2887 1432 3309 1520 recipiendum
3340 1431 3615 1511 videtur,
3646 1434 3705 1496 οἰ
3742 1434 3911 1500 ὄντες
3952 1454 4071 1519 pro
4113 1434 4171 1496 οἱ
4213 1433 4417 1506 ὅντως,
4466 1431 4576 1495 hac

2888 1536 3227 1601 sententia:
3263 1535 3449 1614 Quod
3470 1534 3520 1599 si
3540 1558 3689 1599 vero
3708 1551 3884 1600 actus
3901 1552 4047 1599 sunt
4076 1532 4444 1612 intellectus,
4468 1534 4578 1621 qui

2891 1639 3007 1704 hoc
3035 1656 3219 1727 pacto
3248 1662 3311 1702 se
3341 1638 3506 1726 ipsos
3525 1637 3916 1726 intelligunt:
3951 1635 4335 1724 intelligibile
4365 1660 4577 1702 sumus

2893 1766 3023 1822 nos,
3053 1742 3163 1829 qui
3192 1765 3425 1807 sumus·

2558 2056 3090 2100 .-.-...,-.-.-

1916 2308 2194 2393 LIB.
2257 2310 2327 2392 Ι.
2405 2311 3010 2396 ΕΝΝΕΑΙ).
3097 2311 3767 2404 QUARTAE.

1190 2473 1267 2535 P.
1299 2472 1447 2548 667,
1479 2484 1540 2551 7·
1587 2474 1780 2533 ΠΕΡΙ
1813 2474 2114 2534 ΟΎΣΙΑΣ
2143 2474 2454 2559 ΨΎΧΗΣ]
2510 2476 2799 2560 Sequun-

1100 2591 1206 2639 tur
1247 2572 1390 2638 libri
1432 2574 1508 2637 de
1545 2573 1805 2651 Anima,
1848 2596 2008 2659 quos
2052 2596 2268 2639 omnes
2302 2574 2365 2638 in
2413 2575 2528 2640 hac
2572 2592 2799 2663 quarta

1102 2676 1404 2741 Enneade
1459 2673 1823 2763 complexus
1868 2689 1963 2739 est
2021 2676 2434 2765 Porphyrius,
2515 2679 2658 2744 Vid.
2715 2679 2796 2744 de

1102 2780 1248 2845 Vita
1275 2777 1508 2844 Plotini
1535 2801 1587 2841 c.
1623 2794 1724 2862 25.
1759 2801 1821 2864 p.
1864 2798 2004 2865 143.
2032 2802 2126 2865 sq.
2162 2780 2410 2844 Fabric.
2500 2783 2621 2846 Est
2662 2782 2791 2869 pri-

1101 2905 1241 2946 mus
1297 2881 1400 2945 hic
1455 2878 1701 2944 libellus
1757 2903 1834 2943 ex
1893 2882 2187 2969 temporis
2243 2882 2462 2947 ordine
2506 2902 2794 2970 quartuS.

1099 2983 1247 3049 Vid.
1279 2981 1429 3046 ibid.
1462 2991 1526 3045 et
1569 3003 1706 3068 cap.
1735 3005 1801 3061 4.
1847 3006 1913 3070 p.
1954 3003 2088 3047 100.
2179 2985 2542 3050 Turbatum
2589 3002 2796 3052 autem

1098 3110 1230 3151 esse
1279 3085 1341 3148 in
1386 3082 1484 3148 his
1533 3083 1706 3147 libris
1748 3101 2027 3171 arguunt
2088 3085 2367 3150 Codices.
2460 3089 2601 3152 Vid.
2647 3091 2793 3154 Var.

1101 3191 1281 3254 Lect.
1325 3187 1406 3252 ad
1445 3187 1631 3250 finem
1678 3185 1818 3250 libri
1852 3189 1985 3251 IX.
2033 3189 2205 3255 Enn.
2242 3190 2386 3254 ΙΙΙ.
2431 3214 2495 3278 p.
2527 3212 2676 3277 359.
2714 3193 2790 3256 B.

1099 3292 1298 3358 Plura
1352 3290 1538 3357 etiam
1596 3290 1942 3378 antiquitus
1987 3289 2050 3355 in
2092 3291 2167 3356 iis
2210 3292 2369 3357 lecta
2411 3318 2563 3373 esse,
2603 3319 2795 3381 quam

1098 3396 1285 3462 hodie
1322 3395 1384 3459 in
1430 3394 1603 3458 libris
1643 3396 1838 3460 MSS.
1869 3409 1929 3459 et
1975 3395 2038 3459 in
2086 3395 2384 3461 Editione
2412 3416 2793 3485 comparent,

1096 3525 1174 3566 ex
1205 3500 1418 3577 altera,
1458 3497 1789 3564 Eustochii
1833 3498 2150 3576 nimirum,
2183 3499 2453 3564 editione
2494 3500 2795 3566 Plotinia÷

1096 3627 1319 3670 norum
1350 3625 1609 3691 operum
1637 3617 1710 3667 ut
1732 3601 1984 3666 videtur
2012 3601 2366 3690 desumpta,
2389 3604 2673 3691 proxime
2703 3605 2794 3669 in-

1095 3708 1442 3773 dicabimus
1470 3705 1548 3769 ad
1581 3704 2043 3792 inscriptionem
2076 3704 2217 3770 libri
2241 3706 2496 3771 alterius
2524 3731 2590 3795 p.
2619 3711 2771 3794 361.

1185 3814 1650 3897 Argumentum
1715 3809 1938 3872 horum
1995 3831 2215 3873 novem
2266 3808 2569 3874 librorum
2618 3812 2791 3898 quod

1095 3914 1317 3979 attinet
1344 3913 1747 4000 conjunctum
1778 3930 1870 3976 est
1912 3912 2068 3977 illud
2113 3936 2256 3978 cum
2301 3913 2610 4001 primariis
2644 3914 2792 3980 locis

1101 4015 1382 4080 Platonis
1409 4035 1550 4078 cum
1582 4014 1647 4077 in
1676 4014 1812 4078 aliis
1838 4013 2101 4101 dialogis
2140 4030 2272 4079 tum
2317 4015 2381 4079 in
2423 4016 2699 4081 Phaedro
2727 4041 2790 4105 p.

1103 4133 1248 4198 247.
1279 4132 1468 4201 atque
1496 4113 1559 4176 in
1590 4113 1831 4177 Timaeo
1866 4137 1929 4200 p.
1960 4133 2063 4200 34.
2096 4137 2229 4201 sqq.
2269 4118 2369 4197 (ex
2410 4139 2539 4202 quo
2584 4132 2790 4203 poste·

1097 4218 1258 4281 riore
1329 4217 1512 4282 etiam
1575 4215 1956 4279 Plutarchus
2013 4216 2437 4281 conscribendi
2510 4216 2651 4282 libri
2716 4218 2792 4282 de

1097 4323 1349 4386 Animae
1377 4319 1818 4408 procreatione
1864 4341 2074 4382 ansam
2128 4319 2442 4406 arripuit,)
2496 4342 2642 4384 cum
2683 4319 2790 4384 de-

1099 4423 1281 4489 cretis
1309 4421 1668 4488 Aristotelis
1705 4422 1781 4485 de
1807 4423 2064 4500 Anima,
2099 4423 2437 4508 praesertim
2477 4423 2639 4488 libro
2685 4424 2786 4488 ΙΙ.

1100 4543 1162 4592 et
1194 4527 1337 4591 111.
1415 4527 1641 4611 Neque
1685 4547 1834 4589 vero
1869 4523 2248 4612 reliquorum
2293 4549 2546 4613 quoque
2589 4525 2789 4615 philo-

1100 4628 1435 4716 sophorum
1470 4627 1820 4703 sententiaS‚
1853 4650 1976 4691 non
2005 4629 2276 4716 respexit
2306 4628 2613 4695 Plotinus.
2670 4632 2793 4694 At-

1101 4756 1225 4820 que
1257 4747 1329 4796 ut
1358 4729 1613 4795 strictim
1641 4730 2076 4797 tantummodo
2097 4732 2422 4819 attingam,
2448 4757 2595 4820 quae
2625 4734 2794 4821 prin-

1099 4836 1267 4923 cipes
1306 4833 1816 4921 philosophorum
1863 4833 1928 4897 in
1971 4834 2084 4899 hac
2113 4835 2394 4900 doctrina
2422 4850 2791 4923 posuerunt,

1103 4936 1549 5025 AEgyptiorum
1570 4936 1931 5001 sententiam
1956 4936 2166 5023 prodit
2196 4938 2327 5024 ipse
2350 4939 2650 5003 Historiae
2680 4963 2791 5026 pa-

1101 5064 1243 5106 rens
1270 5040 1365 5104 11.
1399 5057 1541 5124 123.
1584 5038 1686 5103 cui
1723 5062 1844 5103 non
1876 5039 2296 5104 contradicere
2324 5064 2417 5118 ea,
2449 5064 2597 5127 quae
2630 5044 2796 5105 Pau-

1102 5145 1302 5211 sanias
1346 5143 1409 5206 in
1456 5144 1728 5206 Messen.
1774 5166 1829 5206 c.
1871 5162 1974 5230 32.
2021 5142 2102 5207 de
2148 5141 2451 5207 Indorum
2497 5158 2561 5208 et
2608 5143 2795 5207 Chal-

1104 5249 1386 5314 daeorum
1444 5245 1825 5333 sapientibus
1884 5260 2204 5319 memorat,
2265 5243 2413 5308 alibi
2470 5243 2678 5322 docui,
2728 5245 2792 5310 in

1107 5354 1488 5416 Commentt.
1541 5347 1878 5412 Herodott.
1931 5350 1984 5412 I.
2033 5371 2096 5435 p.
2140 5364 2292 5433 315.
2340 5370 2477 5434 sqq.
2569 5347 2797 5437 Dupli-

1105 5475 1235 5515 cem
1281 5475 1411 5515 esse
1453 5449 1719 5518 animam
1776 5449 2121 5537 AEgyptios
2166 5448 2490 5515 tradidisse
2534 5466 2797 5516 testatur

1110 5553 1491 5619 lamblichus
1534 5553 1614 5618 de
1662 5553 1963 5640 Mysterr.
2008 5552 2207 5617 VIII.
2243 5552 2305 5618 6.
2349 5575 2415 5641 p.
2452 5556 2597 5621 162.
2647 5554 2793 5620 Gal.

2887 2479 2986 2540 Ac
3031 2475 3191 2539 sicut
3240 2472 3381 2551 alia,
3426 2473 3515 2536 ita
3557 2472 3717 2536 hanc
3768 2494 4023 2558 quoque
4067 2470 4410 2536 doctrinam
4455 2471 4573 2535 illis

2883 2600 3279 2642 communem
3311 2574 3482 2639 dicas
3507 2597 3650 2639 cum
3695 2573 3980 2638 doctrina
4028 2574 4568 2661 Pythagoreorum

2885 2680 3063 2746 Crito
3088 2679 3250 2743 enim
3284 2678 3411 2741 sive
3455 2676 3810 2764 Damippus
3836 2699 3936 2763 ap.
3972 2677 4146 2741 Stob.
4180 2676 4242 2739 in
4279 2676 4565 2764 Florileg.

2885 2783 3017 2847 Tit.
3054 2783 3196 2846 111.
3241 2805 3305 2869 p.
3341 2796 3439 2864 75.
3470 2804 3535 2867 p.
3577 2782 3713 2843 106.
3747 2780 3947 2845 Gaisf.
3980 2780 4105 2844 ita:
4156 2782 4224 2843 ἐν
4259 2782 4323 2843 δὲ
4361 2785 4442 2866 τῷ
4473 2783 4572 2845 ἆν-

2883 2888 3092 2972 θρῶπῳ
3138 2888 3177 2949 ἃ
3220 2887 3567 2966 συναρμογᾶ
3610 2888 3690 2969 τῷ
3733 2885 3938 2969 ἀλόγῳ
3977 2883 4187 2964 μέρεος
4230 2888 4332 2950 τᾶς
4374 2889 4573 2967 ψυχᾶς

2880 2990 3018 3053 ποτὶ
3053 2988 3119 3051 τὸ
3153 2989 3344 3070 λόγον
3375 2987 3540 3070 ἔχον,
3582 2985 3783 3068 ἀρετά.
3874 2985 4071 3049 Plura
4114 2985 4196 3050 de
4246 2986 4568 3073 Pythago·

2884 3112 3129 3154 reorum
3164 3089 3228 3153 in
3262 3089 3375 3152 hac
3405 3110 3471 3151 re
3506 3085 3767 3151 decretis
3798 3085 3925 3150 vid.
3960 3109 4062 3174 ap.
4099 3086 4233 3150 Cic.
4265 3085 4345 3150 de
4374 3089 4458 3151 N.
4485 3090 4564 3151 D.

2885 3193 2941 3257 1.
2984 3213 3085 3257 11.
3132 3192 3211 3255 cf.
3270 3191 3461 3277 Diog.
3509 3191 3715 3254 Laert.
3771 3190 3967 3254 VIII.
4005 3209 4107 3273 27.
4155 3204 4219 3254 et
4258 3190 4568 3278 praecipue

2882 3294 3208 3360 Alcinoum
3238 3294 3317 3360 de
3348 3292 3654 3359 Doctrina
3684 3291 3975 3369 Platoni3‚
4006 3292 4114 3380 qui
4149 3291 4347 3357 tribus
4374 3293 4568 3381 potis-

2882 3397 3106 3462 simum
3144 3396 3452 3485 capitibus
3505 3397 4099 3461 XXIII—XXV.
4174 3395 4451 3462 Platonis
4493 3397 4572 3462 de

2879 3501 3089 3565 animo
3131 3499 3358 3587 placita
3416 3498 3477 3562 in
3533 3498 3969 3584 compendium
4027 3498 4285 3586 redegit.
4391 3501 4568 3565 Idem

2882 3601 3138 3667 Tullius
3167 3602 3227 3665 in
3261 3601 3641 3667 Tusculanis
3661 3602 3719 3665 Ι.
3747 3623 3843 3667 10.
3877 3602 4154 3689 itemque
4184 3603 4262 3666 de
4291 3603 4567 3668 Divinat.

2881 3708 2941 3771 1.
2977 3727 3081 3791 29.
3147 3704 3449 3785 PlatoniS,
3482 3705 3543 3769 in
3589 3727 3775 3791 quem
3816 3704 4187 3769 Aristoteles
4229 3705 4308 3771 de
4338 3707 4572 3772 Anima

2878 3811 2942 3874 in
2974 3809 3357 3875 recensendis
3386 3808 3788 3895 antiquorum
3817 3807 4132 3872 sententiis
4159 3807 4428 3894 iniquior
4456 3826 4568 3886 est,

2879 3913 3334 3978 distinctionem
3364 3914 3635 3999 triplici-5
3663 3913 3886 3989 animi,
3914 3913 4205 3989 ναέὶοηὶς,
4228 3914 4367 3990 irae,
4388 3916 4564 3999 cupi-

2878 4018 3121 4097 ditatis,
3151 4032 3221 4080 ut
3254 4015 3463 4091 vertit,
3494 4014 3721 4101 attigit.
3815 4016 3919 4077 De
3949 4013 4305 4077 Aristotelis
4334 4017 4565 4079 ἐντελε-

2877 4122 3015 4205 χείᾳ
3076 4120 3357 4208 proxime
3413 4117 3765 4182 videbimus
3822 4115 3902 4180 ad
3956 4115 4199 4179 initium
4260 4117 4570 4203 sequentis

2880 4220 3036 4285 libri.
3128 4220 3238 4285 Ad
3283 4242 3427 4284 eum
3470 4219 3532 4282 in
3574 4218 3887 4305 plerisque
3930 4242 3995 4281 se
4037 4218 4342 4306 applicuit
4368 4221 4566 4285 Alex·

2876 4324 3069 4388 ander
3099 4322 3608 4411 Aphrodisiensis
3635 4321 3699 4384 in
3730 4321 3980 4385 duobus
4001 4320 4175 4385 libris
4201 4324 4278 4386 de
4297 4324 4565 4399 Anima,-

2876 4426 2955 4491 de
2983 4426 3218 4512 quibus
3245 4424 3497 4490 consule
3533 4422 3806 4488 Fabricii
3837 4422 4138 4488 Biblioth.
4167 4425 4285 4490 Gr.
4317 4426 4459 4491 Vol.
4494 4429 4567 4491 V.

2880 4552 2940 4616 p.
2983 4530 3131 4592 660.
3186 4550 3318 4615 sqq.
3367 4528 3463 4591 ed.
3514 4526 4055 4591 Harles.—Stoici
4103 4529 4304 4592 varias
4349 4531 4571 4595 animae

2877 4630 3168 4695 humanae
3198 4647 3406 4717 partes
3435 4628 3924 4716 distinguebant,
3955 4629 4160 4716 eique,
4190 4654 4382 4716 quam
4412 4655 4569 4719 prae·

2879 4733 3311 4798 stantissimam
3369 4732 3723 4812 censebant,
3772 4730 4021 4796 nomine
4064 4737 4169 4796 τοῦ
4224 4734 4575 4816 ἡγεμονικοῦ

2878 4835 3292 4924 principatum
3326 4835 3707 4899 deferebant.
3765 4838 3984 4922 Atque
4015 4836 4412 4924 Chrysippus
4432 4854 4573 4904 octo

2880 4938 3105 5003 animae
3160 4953 3368 5026 partes
3426 4938 3847 5001 dinumerasse
3897 4937 4127 5002 dicitur
4178 4938 4436 5022 (Galen.
4492 4941 4572 5007 de

2881 5040 3256 5129 Hippocrat.
3286 5057 3346 5105 et
3377 5039 3628 5104 Platon.
3664 5039 3946 5105 Decretis
3973 5064 4038 5128 p.
4072 5056 4218 5126 275.
4249 5042 4344 5106 ed.
4381 5045 4571 5110 Basil.

2883 5145 3144 5208 Marcus
3189 5143 3494 5207 Antonin.
3544 5144 3640 5208 11.
3676 5161 3736 5207 2.
3784 5142 3971 5230 Diog.
4017 5144 4239 5209 Laert.
4271 5145 4431 5210 VII.
4462 5168 4565 5234 50.

2881 5259 2943 5310 et
2980 5265 3005 5309 1
3024 5265 3121 5309 10.
3169 5245 3547 5311 Tertullian.
3579 5247 3658 5310 de
3682 5246 3909 5310 Anima
3936 5269 3987 5310 c.
4012 5248 4207 5311 XVI.
4255 5248 4361 5313 Cf.
4385 5250 4571 5315 etiam

2879 5347 3213 5413 doctissimi
3245 5350 3532 5437 Bag-aeti
3562 5351 3981 5414 Commentat.
4007 5349 4086 5414 de
4118 5350 4480 5440 Chrysippo
4508 5378 4574 5442 p.

2883 5452 2982 5536 89.
3017 5476 3106 5541 sq.
3138 5474 3199 5538 p.
3241 5453 3381 5516 181.
3413 5456 3586 5539 sqq.)
3680 5452 3804 5516 Sed
3849 5469 4128 5516 veterum
4173 5453 4576 5542 philosopho-

2881 5577 3022 5621 rum
3053 5554 3133 5619 de
3162 5554 3390 5619 Anima
3420 5554 3519 5618 vel
3551 5555 3787 5619 somnia
3824 5569 3886 5620 et
3928 5554 4270 5643 opinioneS‚
4300 5557 4400 5621 vel
4434 5581 4575 5625 sen-
