5118 6613
1376 554 1582 620 LIB.
1626 554 1833 619 VIII.
1877 554 2345 620 ENNEAD.
2391 555 2780 621 PRIMAE.
2816 578 2880 644 p.
2916 557 3268 642 143—146.

586 728 717 792 dies
745 728 990 817 richtig
1010 727 1415 815 ausgesagt.''
1504 724 1743 814 Taylor
1770 739 1835 791 et
1859 725 2135 815 Engelh.
2170 724 2277 790 Fi..

591 829 798 894 cinum
830 830 1026 894 secuti
1054 841 1221 893 sunt.

665 969 753 983 --
786 952 890 1018 13.
938 932 1006 997 τὸ
1033 934 1145 1012 μὲν
1176 932 1282 995 οῦν
1319 930 1399 1010 μὴ
1447 930 1815 995 εἶναι-ἐστὶ
1852 932 2093 1015 πιστόν]
2140 931 2183 995 i.
2213 955 2267 997 e.

585 1057 823 1114 verum,
857 1049 1121 1114 certum,
1150 1031 1573 1097 indubitatum
1603 1046 1716 1098 est.
1805 1033 1948 1099 Vid.
1983 1034 2266 1122 Hesych.

584 1139 648 1202 in
690 1161 753 1203 v.
798 1138 1000 1202 πιστά.
1079 1138 1197 1202 Ez.
1236 1134 1572 1223 Spanhem.
1601 1135 1684 1200 ad
1713 1135 1954 1201 Julian.
1987 1138 2155 1225 Opp.
2200 1160 2264 1223 p.

592 1257 731 1324 174.
761 1252 825 1305 et
853 1238 1188 1303 Wetstenii
1215 1240 1299 1303 N.
1335 1240 1419 1303 T.
1456 1239 1553 1303 II.
1599 1261 1667 1324 p.
1698 1239 1849 1325 538.
1896 1239 2047 1327 quia
2085 1239 2265 1304 nimi-

584 1364 723 1407 rum
751 1341 1108 1407 inductione
1136 1352 1229 1406 est
1258 1340 1769 1406 demonstratum.

665 1482 754 1494 —
775 1465 875 1526 14.
906 1446 1061 1512 ὅλως
1088 1446 1155 1510 δὲ
1183 1445 1358 1509 οὐσία
1386 1445 1489 1509 οὐκ
1518 1445 1647 1509 ἔστι
1675 1444 2074 1530 δεδειγμένου]
2105 1447 2268 1510 Haec

582 1549 666 1613 sic
693 1546 991 1635 expedire
1019 1546 1325 1624 instituaS,
1356 1559 1429 1610 ut
1458 1546 1745 1634 conjicias
1770 1548 1924 1615 ὅλως
1951 1549 2017 1613 δὲ
2046 1547 2133 1613 ἐπ’
2165 1549 2263 1613 οὗ·

584 1651 732 1724 σίας,
752 1649 1040 1714 universe
1059 1663 1269 1713 autem
1293 1649 1373 1713 de
1397 1650 1658 1714 essentia
1684 1649 1841 1733 (sive
1862 1653 1933 1715 im
1954 1650 2262 1735 essentia).

584 1751 705 1818 Sed
734 1751 857 1817 alio
884 1775 999 1817 nos
1025 1751 1199 1817 ducit
1230 1751 1584 1839 Simplicius
1611 1752 1676 1816 in
1706 1752 2060 1818 Aristotelis
2083 1756 2265 1819 Cate-

579 1854 782 1942 gorias
808 1854 922 1919 fol.
957 1870 1060 1938 27.
1093 1877 1153 1918 a.
1179 1879 1194 1919 :
1243 1856 1280 1935 ἡ
1305 1856 1417 1935 μὲν
1446 1856 1552 1919 οῦν
1583 1857 1743 1935 δόξα,
1775 1853 1878 1938 ἀφ’
1905 1856 1974 1936 ἧς
2001 1858 2260 1938 ὁρμώμε-

583 1983 674 2022 νοι
701 1959 881 2023 ἄλλοι
909 1959 1064 2025 τινὲς
1095 1958 1190 2021 καὶ
1214 1960 1246 2020 ὁ
1275 1956 1461 2039 μέγας
1490 1963 1799 2025 Πλωτῖνος
1827 1958 2259 2041 ἀντιλέγουσιν,

582 2061 711 2124 ἔστι
753 2062 1006 2140 τοιαύτη.
1057 2066 1314 2143 χρῶνται
1361 2062 1427 2124 δὲ
1476 2063 1682 2143 λόγοις
1726 2061 2026 2128 τοιούτοις·
2072 2061 2139 2126 τὸ
2182 2062 2291 2148 μὴ,

581 2161 731 2227 εἶναι
756 2163 944 2243 μηθὲν
973 2163 1146 2248 οὐσίᾳ
1175 2163 1445 2227 ἐναντίον
1475 2164 1573 2227 ἐπὶ
1598 2168 1715 2228 τῶν
1746 2161 1870 2228 καθ’
1903 2164 2125 2229 ἕκαστα
2160 2166 2258 2229 οὗ·

582 2270 726 2329 σιῶν
755 2265 884 2328 ἐστὶ
907 2264 1139 2339 πιστὸν,
1171 2268 1272 2344 τῆς
1298 2291 1364 2330 τε
1394 2266 1612 2345 ἀτόμου
1653 2266 1748 2330 καὶ
1784 2270 1885 2346 τῆς
1922 2269 2132 2346 εἰδικῆς
2168 2267 2262 2331 καὶ

578 2371 827 2449 γενικῆς,
859 2370 929 2446 τῇ
961 2368 1237 2450 ἐπαγωγῇ
1266 2367 1662 2450 δεδειγμένον,
1696 2369 1849 2437 ὅλως
1882 2370 1947 2433 δ“ε
1987 2370 2091 2433 οὐκ
2133 2369 2261 2434 ἔστι

579 2468 972 2551 δεδειγμένου.
1047 2468 1237 2533 Vides
1275 2493 1422 2534 eum
1460 2493 1584 2535 non
1612 2470 1832 2559 legisse
1858 2470 2017 2535 illud
2045 2471 2262 2536 moles-

578 2586 713 2635 tum
759 2572 933 2636 οὖσία
976 2595 1091 2637 suo
1130 2571 1198 2635 in
1241 2571 1474 2651 codice,
1512 2587 1577 2638 et
1619 2572 1749 2637 veri
1790 2587 1883 2638 est
1926 2572 2144 2652 simile,
2183 2597 2263 2638 ex

579 2689 873 2760 sequente
916 2673 1077 2738 linea
1116 2673 1272 2739 illud
1318 2674 1443 2740 huc
1477 2698 1607 2741 esse
1647 2698 1971 2764 perperam
2002 2675 2258 2742 transla-

578 2790 731 2840 tum.
816 2779 1160 2864 Propterea
1187 2777 1361 2842 uncis
1390 2777 1769 2844 inclusimus,
1845 2780 2085 2843 Utrum
2115 2802 2263 2844 vero

574 2878 681 2945 illa
713 2883 814 2959 τῆς
854 2906 922 2945 τε
959 2882 1501 2963 ἀτόμου-γενικῆς
1542 2880 1622 2945 de
1665 2905 1779 2946 suo
1815 2881 2147 2960 addiderit,
2180 2905 2261 2947 an

574 2982 725 3047 item
763 2981 830 3047 in
866 2982 1027 3048 libro
1055 3007 1168 3049 suo
1192 2983 1412 3070 legerit
1442 2983 1817 3071 SimpliciuS,
1846 3006 1971 3048 non
1999 3000 2260 3073 exputa-

570 3084 792 3150 verim.
854 3087 935 3150 In
962 3085 1185 3151 nostris
1217 3085 1423 3151 Codd.
1453 3100 1617 3151 certe
1645 3085 1800 3150 nihil
1828 3087 2103 3174 vestigii:
2151 3087 2261 3153 sed

574 3188 1064 3276 interpretationi
1096 3202 1302 3254 tamen
1330 3189 1577 3277 egregie
1604 3188 1965 3255 inserviunt.
2042 3191 2261 3279 Pergit

579 3290 967 3379 Simplicius:
1015 3291 1179 3375 Πρὸς
1219 3295 1286 3357 δὲ
1322 3297 1493 3358 τοῦτο
1542 3293 1625 3361 εἷς
1667 3319 1880 3375 τροπος
1922 3295 2261 3377 ἀντιλογίας

572 3394 806 3477 γένοιτο
836 3394 911 3460 ἂν
938 3397 1272 3477 ὑπομνῆσαι
1310 3396 1419 3476 τὴν
1445 3397 1581 3478 περὶ
1616 3396 1725 3476 τὴν
1756 3398 2012 3461 καθόλου
2056 3402 2253 3461 διδασ-

575 3500 805 3563 καλίαν.
863 3500 1035 3562 Tum
1065 3497 1352 3585 pluribus
1377 3497 1732 3585 intenjectiS,
1761 3498 1994 3586 quibus
2024 3499 2257 3565 Plotini

572 3599 708 3665 haec
751 3599 999 3665 decreta
1041 3599 1494 3682 examinantur,
1529 3601 1616 3666 ita
1659 3601 1899 3689 pergit:
1944 3601 2145 3667 Ἀλλὰ
2185 3603 2257 3684 δὴ

576 3705 850 3778 καθόλου,
881 3704 1069 3786 φησὶν
1111 3706 1145 3768 ὀ
1185 3710 1512 3783 Πλωτΐνος,
1553 3707 1622 3785 τῇ
1666 3704 1841 3790 οὐσίᾳ
1875 3703 1913 3785 ἢ
1955 3705 2037 3786 μὴ
2082 3705 2256 3792 οὐσίᾳ

574 3806 910 3886 ἀντίκειται,
938 3810 1008 3886 τῇ
1053 3808 1119 3871 δὲ
1162 3808 1389 3889 ἀγαθοῦ
1421 3809 1623 3889 φύσει,
1654 3807 1691 3888 ἦ
1722 3812 1900 3873 κακοῦ
1927 3810 2127 3891 φύσις,
2158 3810 2257 3872 καὶ

573 3912 641 3987 τῇ
689 3910 841 3991 ἀρχῇ
880 3913 997 3972 τῶν
1021 3911 1353 3989 βελτιόνων
1380 3911 1417 3990 ἡ
1447 3910 1600 3993 ἀρχὴ
1628 3916 1744 3975 τῶν
1771 3913 2058 3995 χειρόνων
2089 3913 2255 3976 ἐστιν

573 4011 832 4074 ἐναντία.
921 4011 986 4074 N
989 4033 1057 4075 ec
1084 4010 1310 4075 horum
1337 4028 1756 4077 extremorum
1784 4013 2114 4079 verborum
2145 4036 2254 4078 no-

573 4111 713 4176 stris
751 4111 817 4176 in
858 4111 1032 4178 libris
1061 4112 1261 4178 ullum
1289 4114 1619 4202 vestigium
1648 4129 1986 4204 comparet.
2077 4119 2253 4181 Tum

575 4213 948 4302 Simplicius-3,
981 4229 1383 4304 posteaquam
1411 4218 1654 4305 copiose
1698 4234 2005 4306 acuteque
2043 4218 2122 4284 de
2159 4218 2256 4284 his

573 4317 886 4382 sententiis
909 4317 1272 4406 disputavit,
1297 4319 1385 4384 ita
1402 4320 1630 4408 pergit:
1655 4326 1803 4386 πᾶσι
1818 4323 1930 4402 μὲν
1949 4323 2055 4387 οὖν
2076 4327 2257 4387 ταῦτα

571 4423 646 4485 τὰ
673 4423 1074 4501 ἐναντιώματα
1103 4424 1498 4489 ἐπακολουθεῖ
1534 4430 1656 4492 τοῖς
1700 4426 1767 4489 ἐν
1800 4427 1953 4509 ἀρχῇ
1982 4424 2049 4489 τὸ
2079 4426 2257 4490 κακὸν

572 4524 667 4587 καὶ
708 4522 777 4587 τὸ
817 4525 898 4604 μὴ
943 4522 1015 4588 ὃν
1057 4526 1518 4608 ἀφοριζομένοις,
1555 4527 1820 4608 μάλιστα
1861 4529 1926 4592 δὲ
1965 4531 2256 4614 Πλωτίνῳ

572 4626 666 4690 καὶ
693 4631 817 4694 τοῖς
853 4627 1065 4694 ἄλλοις
1105 4633 1227 4696 τοῖς
1268 4629 1385 4694 ἀπὸ
1425 4634 1526 4709 τῆς
1570 4631 1837 4700 ἑνῶσεως
1880 4630 2250 4714 ἀρχομένοις.

570 4728 730 4793 οὗτοι
769 4731 886 4811 γὰρ
929 4729 996 4793 τὸ
1036 4730 1103 4794 ἓν
1140 4731 1234 4795 καὶ
1277 4731 1539 4814 τάγαθὸν
1569 4734 1635 4797 ἐν
1662 4734 1817 4816 ἀρχῇ
1858 4732 2250 4815 προτιθέντες,

571 4832 975 4899 ἐπεισοδιῶδες
1025 4834 1341 4914 ὀφείλουσι
1383 4839 1576 4899 ποιεῖν
1627 4835 1695 4899 τὸ
1736 4835 1852 4900 ἀπὸ
1892 4839 1993 4915 τῆς
2035 4836 2247 4919 διαιρέ-

569 4957 721 5000 σεως
756 4937 999 5013 πλῆθος,
1034 4936 1128 4999 καὶ
1154 4936 1222 4999 τὸ
1253 4937 1431 5001 κακὸν
1460 4941 1607 5002 κατὰ
1641 4938 2019 5019 συμβεβηκὸς
2061 4940 2247 5021 ἐπιγι-

570 5036 822 5113 νόμενον
864 5036 961 5100 καὶ
1001 5042 1272 5118 μηδαμῶς
1313 5041 1756 5123 προηγούμενον
1788 5043 2248 5123 ἀποφαίνεσθαι.

568 5138 645 5205 ὦς
672 5138 737 5201 δὲ
766 5138 896 5203 νυνὶ
921 5138 1164 5221 λέγεται
1194 5142 1289 5206 καὶ
1316 5142 1459 5224 πρὸς
1497 5143 1668 5209 ἑαυτὸ
1712 5145 1989 5211 ἐναντίως
2026 5145 2245 5227 ἀφώρι-

569 5264 723 5304 σται.
818 5241 1176 5328 Sequentia,
1212 5244 1507 5331 quoniam
1550 5245 1829 5333 longiora
1872 5260 2039 5328 sunt,
2076 5247 2250 5334 apud

568 5340 773 5428 ipsum
807 5342 1192 5431 Simplicium
1220 5346 1432 5434 legant
1470 5371 1714 5413 necesse
1740 5363 1852 5427 est,
1883 5349 1993 5436 qui
2023 5349 2086 5413 in
2116 5349 2249 5415 haec

568 5442 818 5509 decreta
842 5448 1189 5514 accuratius
1214 5449 1526 5537 inquirere
1553 5451 1832 5539 cupiant.

664 5567 692 5612 1
705 5550 815 5628 46,
840 5569 905 5629 4.
937 5552 1055 5615 ὅσα
1084 5553 1667 5637 δὲ-ουμπληρῶσει
1696 5557 1836 5620 τοῦὸ
1864 5557 2236 5643 ἐστι-ἐστί]

3962 577 4036 643 71

2363 726 2786 792 Verbotenus:
2836 729 3287 817 Complemento
3315 731 3451 815 ejus
3477 729 3641 818 quod
3664 741 3839 798 sunt.
3904 731 4046 796 Uti-

2359 841 2464 895 tur
2505 844 2717 895 autem
2761 830 2987 918 saepius
3027 830 3147 895 hoc
3185 830 3509 895 vocabulo.
3584 831 3690 896 Cf.
3718 855 3780 895 v.
3810 857 3865 898 c.
3901 834 4039 899 111.

2359 950 2416 999 2.
2445 948 2511 1018 5.
2556 934 2679 997 VI.
2710 953 2774 1019 3.
2797 949 2896 1018 15.
2930 933 3241 1021 Engelh.:
3293 935 3505 999 “Was
3530 934 3681 998 aber
3700 956 3879 1023 ganz
3906 938 4044 1007 und

2345 1057 2484 1124 gar
2512 1057 2635 1100 von
2677 1037 2980 1101 einander
3014 1036 3357 1125 gerondert
3397 1037 3505 1114 ist,
3542 1057 3613 1101 so
3653 1058 3848 1117 zwar,
3893 1038 4042 1105 dass

2351 1138 2454 1201 die
2496 1136 2924 1204 verschiedene
2952 1139 3178 1203 Nalm·
3217 1139 3324 1203 des
3361 1139 3579 1202 Einen
3620 1137 3821 1203 dwrch
3860 1139 4043 1204 ihren

2361 1242 2702 1306 Uebertritt
2727 1244 2800 1305 in
2827 1243 2944 1307 das
2971 1242 3221 1307 Andere
3253 1241 3498 1330 gerade
3524 1241 3623 1306 αις
3649 1241 3767 1307 das
3792 1243 4040 1332 Entge-

2341 1353 2743 1432 gengesetzte
2769 1344 2966 1410 dieses
2993 1345 3257 1410 Anderva
3285 1345 3712 1410 erechem—”

2434 1483 2522 1494 —
2543 1464 2606 1529 7.
2651 1446 2859 1529 πέρατι
2888 1448 2958 1527 δὴ
2990 1446 3118 1531 (vel
3147 1450 3240 1533 δὲ)
3277 1448 3371 1513 καὶ
3411 1446 3757 1534 μέτρω-ἐν
3794 1450 3864 1529 τῇ
3910 1450 4039 1534 θείᾳ

2350 1549 2553 1630 φύσει,
2585 1550 2819 1632 ἀπειρία
2863 1552 2958 1615 καὶ
3001 1552 3269 1637 ἀμετρία]
3322 1553 3510 1615 Hanc
3553 1550 3919 1615 sententiam
3958 1551 4037 1615 de

2350 1651 2613 1716 termino
2654 1675 2728 1716 ac
2768 1674 3060 1718 mensura
3085 1653 3153 1717 in
3182 1654 3469 1719 Deorum
3509 1667 3757 1732 natura,
3791 1653 4035 1718 infinito

2349 1767 2413 1818 et
2454 1754 2860 1819 immoderato
2901 1755 2968 1819 in
3010 1756 3330 1821 contrariis
3371 1756 3632 1836 naturiS,
3671 1756 3961 1821 haustam
4000 1781 4034 1822 e

2349 1856 2890 1944 Pythagoreorum
2919 1857 3202 1938 decretis,
3233 1881 3376 1923 cum
3420 1858 3588 1939 alibi,
3620 1874 3755 1924 tum
3782 1859 3848 1924 in
3878 1859 4035 1925 Phi-

2346 1957 2488 2024 lebo
2516 1960 2858 2046 praesertim
2889 1960 3190 2049 explicuit
3219 1961 3427 2040 Plato,
3457 1978 3521 2027 et
3549 1962 3801 2051 reliquis
3831 1962 4032 2049 philo-

2347 2061 2555 2149 sophis
2600 2062 2909 2150 copiosam
2956 2063 3319 2152 disputandi
3361 2065 3679 2131 materiam
3726 2065 4030 2131 exhibuit.

2348 2163 2491 2229 Vid.
2535 2164 2775 2230 Phileb.
2835 2189 2894 2251 p.
2931 2185 3030 2251 23.
3076 2190 3131 2231 c.
3193 2192 3256 2254 p.
3298 2188 3406 2254 59.
3453 2191 3593 2255 sqq.
3660 2166 4026 2233 Stallbaum.

2349 2267 2478 2350 (cui
2505 2266 2827 2356 interpreti
2854 2267 3216 2355 obloquitur
3245 2269 3641 2335 Rudelbach.
3660 2270 3725 2334 in
3748 2270 4026 2358 Disquis.

2345 2368 2425 2435 de
2454 2369 2709 2435 Ethices
2737 2370 3071 2459 principiis».
3092 2371 3383 2452 Havniae‚
3414 2374 3599 2440 1822.
3628 2396 3690 2459 p.
3725 2394 3866 2460 109.
3898 2378 4027 2461 sq.)

2343 2472 2426 2537 cf.
2459 2472 2768 2537 Aristotel.
2800 2473 3161 2562 Metaphys.
3190 2475 3250 2540 1.
3277 2495 3339 2561 5.
3388 2476 3564 2540 XII.
3598 2496 3665 2556 4.
3710 2476 3928 2541 XIII.
3959 2498 4026 2558 4.

2346 2577 2591 2662 Magna
2618 2575 2888 2641 Moralia
2920 2578 2978 2641 1.
3015 2597 3069 2640 1.
3117 2576 3379 2642 Proclus
3421 2577 3485 2641 in
3517 2577 3745 2643 Theol.
3775 2577 4026 2644 Platon.

2347 2678 2489 2743 III.
2521 2695 2583 2762 7.
2615 2677 2780 2742 idem
2806 2678 2870 2742 in
2903 2679 3059 2744 Inst.
3088 2678 3306 2745 Theol.
3338 2703 3395 2744 c.
3420 2680 3524 2746 86.
3554 2683 3883 2767 sqq.—89.
3917 2682 4027 2748 ubi

2346 2780 2584 2862 definit,
2614 2796 2922 2868 quatenus
2963 2804 3146 2847 omne
3185 2806 3327 2847 vere
3370 2806 3478 2847 ens
3519 2806 3598 2847 ex
3634 2784 3759 2848 fine
3800 2785 3897 2866 (ἐκ
3924 2791 4029 2851 τοῦ

2345 2885 2622 2970 πέρατος)
2655 2898 2719 2949 et
2742 2884 2984 2950 infinito
3014 2887 3111 2969 (ἐκ
3151 2892 3257 2952 τοῦ
3296 2889 3566 2972 ἀπείρου)
3597 2899 3723 2952 est:
3772 2886 3914 2953 Vid.
3965 2912 4023 2976 p.

2351 3006 2490 3072 134.
2522 2986 2622 3052 ed.
2653 3002 2844 3054 nostr.

2428 3126 2517 3139 —
2550 3109 2650 3155 10.
2703 3092 3412 3180 ψευδόμενον-ψεῦδος]
3459 3090 3571 3156 Ad
3621 3091 3757 3157 haec
3804 3093 4023 3173 recole,

2342 3215 2488 3279 quae
2517 3215 2708 3280 supra
2734 3192 2815 3257 ad
2844 3213 3058 3282 cap.5.
3090 3216 3152 3280 p.
3178 3209 3285 3279 75.
3319 3196 3394 3258 C.
3440 3193 3521 3258 de
3561 3198 3829 3260 materia
3854 3218 4026 3262 men-

2342 3296 2485 3361 daci
2512 3319 2592 3361 ex
2622 3294 2980 3384 Porphyrio
3007 3310 3071 3361 et
3092 3295 3317 3363 Proclo
3344 3296 3764 3364 excitavimus.

2426 3436 2514 3449 —
2544 3418 2639 3484 13.
2684 3399 2753 3463 τὸ
2796 3400 2877 3479 μὴ
2918 3404 3225 3484 πανταχοῦ
3266 3401 3500 3487 οὐσίαν]
3554 3401 3810 3467 Ficinus
3850 3403 4025 3468 haud

2340 3500 2531 3567 dubie
2572 3500 2907 3589 legendum
2951 3502 3191 3567 censuit
3233 3505 3406 3588 οὐσίᾳ
3445 3506 3628 3584 μηδὲν
3657 3504 3809 3570 εἶναι
3853 3507 4023 3571 ἐναν-

2338 3607 2485 3680 τίον,
2545 3605 2729 3692 eique
2783 3604 3344 3692 obtemperavimus
3397 3605 3516 3670 hoc
3571 3607 3790 3693 magis,
3846 3608 4021 3694 quod

2336 3708 2479 3774 libri
2521 3707 2715 3773 nostri
2757 3709 2893 3795 ejus
2931 3706 3209 3772 lectionis
3248 3707 3510 3794 vestigia
3550 3706 3801 3775 habent.
3848 3711 4014 3774 Con-

2339 3823 2548 3877 strue:
2602 3810 3013 3893 ἀναπέφανται
3053 3809 3120 3874 τὸ
3164 3811 3245 3890 μὴ
3291 3814 3598 3895 πανταχοῦ
3638 3813 3822 3892 μηδὲν
3868 3813 4019 3878 εἶναι

2340 3916 2611 3980 ἐναντίον
2639 3914 2832 3999 οὐσίᾳ.
2906 3911 3259 3977 Mat-silium
3288 3913 3481 3977 secuti
3511 3928 3658 3979 sunt
3688 3914 3931 4003 Taylor
3956 3929 4020 3980 et

2338 4015 2826 4105 Engelhardtus.
2844 4053 2932 4065 —
2950 4014 3164 4080 David
3218 4016 3559 4081 Armenius
3612 4015 4021 4106 philosophus

2337 4142 2449 4185 ms.
2480 4120 2546 4184 in
2577 4117 2912 4207 Porphyrii
2937 4119 3188 4206 Isagog.
3216 4117 3309 4202 (in
3346 4118 3529 4184 codd.
3560 4119 3789 4185 ParisS.
3809 4122 4014 4210 Regg.

2343 4237 2529 4310 1937.
2558 4237 2622 4288 et
2642 4223 2828 4308 1938.
2860 4221 3135 4309 itemque
3161 4221 3227 4286 in
3258 4223 3547 4287 Monacc.
3580 4244 3683 4309 99.
3709 4237 3773 4287 et
3798 4228 4011 4310 399.):

2329 4323 2575 4408 Ὠσπερ
2631 4326 2908 4406 ἀληθείας
2977 4324 3398 4407 προιστάμενοι
3451 4328 3511 4390 οἰ
3565 4328 3639 4389 τὰ
3693 4326 4020 4395 Πλάτωνος

2337 4430 2773 4512 πρεσβεύοντες
2820 4429 3083 4510 δόγματα
3129 4432 3230 4508 τῆς
3274 4426 3749 4510 Ἀριστοτελικῆς
3802 4429 4014 4512 διαιρέ-

2340 4558 2491 4600 σεως
2539 4529 3055 4611 ἐπιλαμβάνεσθαι
3102 4529 3511 4606 σπουδάζουσι.
3562 4532 3718 4612 φασὶ
3763 4534 3880 4614 γὰρ
3927 4534 4019 4598 ὅτι

2339 4636 2579 4699 ἐναντία
2624 4634 2776 4719 αὐτῷ
2824 4634 2919 4697 καὶ
2960 4638 3081 4700 τοῖς
3128 4633 3337 4699 ἄλλοις
3378 4631 3706 4716 φθέγγεται
3747 4636 3780 4696 ὁ
3813 4635 4019 4716 (Arti-

2335 4736 2515 4801 culus
2557 4736 2733 4801 abest
2775 4736 2841 4799 in
2882 4734 3016 4798 aliis
3059 4734 3260 4819 libris)
3306 4732 3724 4817 Ἀριστοτέλης
3765 4737 4018 4818 φάσκων

2335 4837 2443 4918 τὴν
2470 4839 2681 4903 οὐσίαν
2709 4842 3057 4918 διαιρεῖσθαι
3087 4837 3168 4903 είς
3198 4837 3594 4917 ἐναντιότητα,
3628 4840 3754 4919 εἴγε
3782 4840 3850 4903 ἐν
3880 4865 4013 4904 κατ-

2333 4942 2596 5024 ηγορίαις
2621 4940 2772 5022 φησὶ
2815 4939 2896 5019 μὴ
2942 4939 3105 5022 ἔχειν
3133 4938 3314 5019 αὐτὴν
3342 4939 3736 5021 ἐναντιότητα.
3785 4941 4018 5006 Πλωτῖ-

2336 5068 2436 5111 νος
2463 5045 2529 5108 δὲ
2559 5043 2654 5107 καὶ
2689 5042 2796 5121 τὴν
2825 5043 3017 5106 αἰτίαν
3047 5041 3244 5124 ἔλεγε.
3290 5042 3440 5124 φησὶ
3480 5044 3597 5124 γὰρ
3641 5046 3870 5112 δικαίως
3911 5046 4015 5110 οὐκ

2335 5145 2463 5230 ἔχει
2489 5146 2526 5226 ἦ
2556 5146 2731 5209 οὐσία
2773 5145 3012 5210 ἐναντία
3053 5147 3128 5208 τὰ
3171 5145 3426 5209 καθόλου
3460 5143 3571 5227 (ita
3598 5146 3793 5211 Paris.
3830 5161 4010 5233 1937.

2333 5261 2397 5312 et
2441 5249 2623 5312 Mon.
2654 5266 2804 5333 399.
2878 5248 2959 5310 In
3005 5245 3205 5310 Paris·
3242 5247 3426 5333 1938.
3473 5246 3695 5313 lacuna
3734 5248 3798 5315 h.
3830 5247 3874 5312 l.
3921 5265 4015 5315 est

2335 5349 2583 5438 expleta
2609 5373 2649 5413 a
2676 5348 3008 5413 recentiore
3050 5370 3280 5428 manu3
3330 5349 3720 5414 Monacensis
3750 5371 3851 5436 99.
3899 5351 4011 5418 ha-

2336 5453 2439 5518 bet
2462 5453 2798 5518 ε-δικαίως
2840 5452 2944 5515 οὐκ
2987 5450 3115 5535 ἔχει
3152 5453 3189 5532 ἡ
3218 5453 3395 5516 οὐσία
3436 5453 3862 5538 ἐναντιότητα)·
3909 5457 4013 5521 οὐκ

2334 5557 2499 5621 ἔστιν
2537 5556 2606 5620 ἐν
2643 5552 3023 5639 ὑποκειμένῳ,
3061 5554 3203 5635 αὐτὴ
3248 5556 3362 5636 γὰρ
3406 5554 3791 5632 ὑποκείμενον
3826 5558 4010 5643 ὖπάρ-
