5118 6613
1073 556 1195 620 242

1069 709 1299 799 tetigit,
1362 730 1554 796 quam
1618 706 1994 793 Hieronymi
2056 705 2184 790 (vel
2239 705 2668 794 Empedoclis,
2728 706 2779 771 si

1071 811 1553 902 Wyttenbachii
1610 812 1973 897 conjectura
2016 833 2165 874 vera
2219 810 2322 887 sit,
2372 832 2518 896 quae
2570 827 2777 875 tamen

2069 535 2207 599 AN
2225 533 2889 601 NOTATIONES

2958 535 3070 598 IN
3140 535 3584 598 PLOTINI

2863 706 3183 770 firmatum
3230 728 3310 770 ex
3358 704 3664 792 Josepho.
3754 705 3864 769 Tu
3899 704 4028 771 vid.
4066 705 4148 771 de
4184 705 4364 771 Bello
4407 708 4566 772 Jud.

2867 810 3009 876 III.
3039 825 3106 895 5.
3142 827 3202 893 7.
3234 831 3300 896 p.
3335 809 3481 875 228.
3518 809 3943 895 Havercamp.
3971 808 4052 872 de
4081 808 4210 873 acie
4240 810 4562 873 Romana:

1072 919 1457 985 Schneidero
1484 916 1564 982 ad
1596 917 1864 1003 Eclogg.
1902 915 2197 1003 Physicas
2218 935 2440 1001 parum
2471 914 2779 1001 probatur
2864 913 3047 979 οὕτως
3082 912 3276 976 αὐτῶν
3320 916 3612 993 συναφεῖς
3647 912 3762 990 μὲν
3804 913 3868 974 αἱ
3913 910 4124 990 τάξεις,
4156 910 4267 975 ubi
4312 910 4568 999 insuper

1068 1048 1130 1112 p.
1168 1025 1345 1108 189.)
1385 1020 1559 1109 apud
1605 1019 2018 1085 Plutarchum
2057 1018 2122 1082 in
2166 1018 2554 1096 Quaestionn.
2592 1020 2774 1106 Sym-

1066 1149 1229 1215 poss.
1265 1128 1323 1191 I.
1359 1126 1420 1190 8.
1451 1144 1512 1210 3.
1560 1146 1625 1211 p.
1659 1143 1808 1210 530.
1853 1121 2325 1210 Wyttenbachii
2374 1121 2587 1208 (cujus
2627 1123 2769 1185 An-

1065 1245 1193 1295 not.
1225 1228 1308 1293 cf.
1336 1227 1401 1291 in
1429 1228 1611 1291 Varr.
1645 1227 1853 1290 Lectt.
1884 1224 1968 1289 ad
1996 1224 2061 1289 h.
2083 1222 2159 1308 l.)
2183 1248 2198 1287 t
2248 1224 2343 1288 ὅτι
2370 1230 2493 1291 τοῖς
2518 1225 2773 1306 προσπί-

1064 1356 1318 1395 πτουσιν
1348 1328 1466 1394 ἀπὸ
1506 1334 1625 1392 τῶν
1652 1330 1883 1409 ὁρατῶν
1913 1330 2100 1391 εἴδεσι
2126 1325 2275 1407 πρὸς
2305 1324 2414 1404 τὴν
2443 1327 2595 1407 ὄψιν
2628 1328 2772 1408 ὀρῶ-

1064 1458 1194 1512 μεν.
1290 1433 1480 1495 Certe
1509 1431 1742 1493 Noster
1769 1428 1832 1492 h.
1858 1430 1898 1492 l.
1931 1430 2007 1492 τὸ.
2035 1431 2159 1508 εἴδη
2190 1426 2539 1514 usurpavit.

1153 1556 1218 1621 p.
1255 1533 1405 1617 823,
1437 1534 1500 1596 6.
1549 1533 1615 1594 ἐκ
1643 1536 1761 1594 τῶν
1790 1528 2356 1611 φρυκτωρίων-καὶ
2386 1529 2452 1591 ἔκ
2479 1532 2598 1592 τῶν
2627 1530 2770 1609 πύρ-

1065 1661 1190 1718 γων
1234 1641 1353 1699 τῶν
1408 1638 1535 1700 ταῖς
1579 1632 1757 1697 ναυσὶ
1802 1632 2238 1715 σημαινόντων]
2295 1628 2471 1696 Edit.
2514 1641 2580 1694 et
2625 1628 2766 1694 libri

1067 1738 1269 1803 MSS.
1301 1740 1699 1819 φρυκτωριῶν.
1792 1731 2153 1797 Articulum
2186 1738 2305 1796 τῶν
2331 1731 2529 1819 adjeci
2572 1730 2772 1818 pluri-

1065 1862 1312 1905 morum
1338 1836 1764 1925 Codd.jussu.
1813 1833 2218 1898 Herodianus
2249 1834 2371 1898 IV.
2404 1853 2502 1919 15.
2527 1856 2594 1921 p.
2621 1834 2766 1915 814.

1064 1965 1156 2028 sq.
1194 1939 1478 2005 Irmisch.
1511 1938 1591 2003 de
1619 1937 1788 2024 rogis
1815 1937 2261 2023 imperatorum
2297 1937 2762 2001 Romanorum:

1065 2042 1385 2108 ἀπεικάσαι
1427 2068 1514 2109 τις
1562 2039 1639 2105 ἂν
1682 2041 1750 2104 τὸ
1808 2045 2014 2123 σχῆμα
2061 2043 2168 2103 τοῦ
2210 2038 2770 2119 κατασκευάσματος

1064 2146 1467 2228 φρυκτωρίοις,
1498 2142 1556 2218 ἃ,
1601 2149 1724 2210 τοῖς
1755 2141 1998 2223 λιμέσιν
2027 2143 2386 2220 ἐπικείμενα,
2421 2142 2646 2222 νύκτωρ
2671 2144 2769 2206 διὰ

1063 2253 1169 2312 τοῦ
1208 2245 1393 2328 πυρὸς
1442 2248 1504 2314 ἐς
1545 2247 1846 2328 ἀσφαλεῖς
1891 2247 2188 2327 διαγωγὰς
2230 2247 2338 2311 τὰς
2380 2247 2521 2311 ναῦς
2555 2268 2763 2326 χειρα-

1063 2355 1264 2432 γωγεῖ.
1300 2348 1526 2432 φάρους
1554 2350 1619 2412 δὲ
1642 2348 1791 2411 αὐτὰ
1811 2349 1869 2410 02
1888 2346 2109 2410 πολλοὶ
2132 2350 2439 2410 καλοῦσιν.
2492 2345 2603 2410 ubi
2635 2344 2761 2409 vid.

1061 2450 1344 2516 Editoris
1362 2464 1557 2514 notas.
1608 2447 1999 2527 Aristotelea,
2019 2447 2131 2534 qui
2157 2446 2377 2526 fertur,
2401 2447 2483 2512 de
2507 2445 2765 2511 Mundo

1061 2554 1183 2617 VI.
1216 2573 1313 2618 10.
1347 2575 1412 2639 p.
1446 2571 1594 2632 224.
1621 2549 1859 2638 Kappii
1890 2575 1904 2614 ε
1954 2555 2236 2618 τοσοῦτος
2263 2552 2331 2614 δὲ
2357 2550 2432 2630 ἦν
2455 2552 2489 2613 ὁ
2521 2550 2760 2629 κόσμος,

1060 2656 1156 2719 καὶ
1181 2655 1449 2735 μάλιστα
1486 2660 1605 2717 τῶν
1633 2659 2017 2735 φρυκτωριῶν
2047 2656 2196 2716 κατὰ
2231 2655 2511 2735 διαδοχὰς
2537 2675 2757 2733 πυρσε-

1059 2763 1295 2821 νουσῶν
1323 2756 1621 2836 ἀλλήλαις
1659 2757 1725 2818 ἐκ
1752 2754 2025 2835 περάτων
2052 2758 2154 2832 τῆς
2183 2755 2366 2836 ἀρχῆς
2401 2752 2580 2836 μέχρι
2609 2754 2761 2817 Σού-

1059 2881 1188 2921 σων
1228 2858 1323 2921 καὶ
1351 2855 1764 2936 Ἐκβατάνων,
1797 2856 1955 2919 ὥστε
1995 2854 2101 2919 τὸν
2135 2852 2405 2933 βασιλέα
2446 2854 2765 2935 γινώσκειν

1058 2958 1389 3039 αὐθημερὸν
1432 2957 1633 3021 πάντα
1682 2960 1757 3020 τὰ
1808 2958 1876 3020 ἐν
1930 2960 1999 3036 τῇ
2042 2954 2224 3040 Ἀσία
2268 2954 2759 3037 καινουργημένα.

1057 3081 1246 3145 quem
1291 3058 1495 3123 locum
1543 3073 1873 3146 propterea
1915 3056 2236 3145 adscripsi,
2264 3056 2417 3144 quia
2457 3056 2664 3135 docet,
2695 3056 2757 3120 in

1056 3161 1412 3225 continente
1432 3182 1688 3247 quoque
1712 3174 1879 3224 terra
1908 3160 2028 3224 hoc
2045 3181 2248 3247 genus
2268 3158 2593 3247 signorum
2617 3181 2760 3223 noc-

1057 3274 1391 3327 turnorum
1429 3261 1621 3327 fuisse
1665 3261 2008 3327 usitatum:
2063 3261 2195 3346 (Cf.
2232 3261 2447 3349 Kapp.
2484 3258 2568 3325 ad
2611 3282 2754 3326 eum

1055 3364 1261 3430 locum
1282 3369 1332 3450 2)
1382 3364 1550 3429 unde
1592 3364 1983 3452 intelligitur,
2027 3387 2142 3428 cur
2186 3363 2475 3428 Plotinus
2525 3362 2752 3428 addat:

1056 3468 1152 3532 καὶ
1182 3470 1249 3533 ἐκ
1274 3474 1394 3533 τῶν
1419 3471 1662 3551 πύργων
1682 3474 1811 3536 ταῖς
1833 3470 2011 3533 ναυσὶ
2040 3469 2475 3548 σημαινόντων,
2497 3489 2647 3554 quoe
2673 3464 2755 3530 ad

1051 3570 1281 3657 pharos
1307 3570 1640 3659 pertinent.
1719 3570 1821 3635 Cf.
1852 3569 2039 3636 etiam
2075 3572 2298 3634 Tzetz.
2319 3568 2401 3634 ad
2426 3568 2751 3657 Lycophr.

1057 3675 1243 3758 1096.
1298 3671 1380 3737 ad
1440 3673 1664 3738 verba:
1736 3673 2037 3756 ναυφάγοι
2093 3674 2470 3755 φρυκτωρίαι.
2566 3669 2757 3737 Adde

1052 3776 1368 3842 Huschkii
1415 3777 1714 3842 Analecta
1762 3778 1947 3842 Critt.
1992 3800 2054 3864 p.
2089 3795 2236 3859 240,
2277 3775 2640 3841 Boissonad.
2671 3776 2756 3841 ad

1049 3878 1413 3944 Philostrati
1474 3879 1750 3943 Heroica
1805 3901 1868 3966 p.
1923 3896 2077 3965 553.
2136 3894 2199 3943 et
2257 3876 2612 3942 Blomfield.
2672 3877 2753 3943 ad

1053 3980 1342 4067 AEschyli
1372 3982 1762 4066 Agamemm.
1793 4000 1918 4065 32:
1964 3982 2088 4063 τρὶς
2130 3981 2194 4060 ἐξ
2230 3983 2542 4060 βαλούσης
2570 3980 2754 4061 τῆσδέ

1046 4106 1149 4160 μοι
1172 4083 1540 4164 φρυκτωρίας
1561 4081 1624 4145 in
1657 4080 1979 4147 Glossario
2004 4105 2071 4168 p.
2112 4083 2249 4145 160.

1134 4219 1222 4233 --
1256 4183 1357 4247 18.
1405 4184 1504 4246 ἐπὶ
1530 4189 1654 4250 τοῖς
1682 4185 1888 4250 νώτοις
1915 4187 2021 4247 τοῦ
2048 4184 2332 4272 οὐρανοῦ]
2380 4182 2637 4248 Ροὲῑίοα
2662 4181 2755 4246 lo-

1046 4284 1238 4362 cutio,
1269 4306 1459 4371 quam
1493 4297 1698 4348 tamen
1738 4283 2042 4372 pedestris
2083 4285 2378 4350 orationis
2416 4286 2751 4372 scriptores

1047 4385 1423 4474 posteriores
1456 4402 1786 4474 usurpant.
1864 4386 2007 4451 Vid.
2051 4386 2306 4452 Jacobs.
2349 4386 2431 4451 ad
2477 4386 2745 4452 Anthol.

1049 4491 1166 4553 Gr.
1205 4489 1341 4553 IX.
1366 4511 1432 4576 p.
1460 4491 1603 4571 248.
1635 4505 1697 4553 et
1726 4489 1808 4554 ad
1833 4488 2194 4554 Philostrati
2222 4491 2471 4577 Imagg.
2503 4512 2572 4574 p.
2591 4491 2741 4576 326.

1049 4590 1340 4655 Clemens
1371 4590 1548 4656 Alex.
1587 4594 1905 4678 Protrept.
1942 4593 2000 4655 6.
2033 4614 2101 4679 p.
2133 4610 2259 4677 59:
2309 4595 2432 4657 ἅνω
2469 4618 2586 4657 που
2611 4593 2749 4675 περὶ

1043 4696 1118 4757 τὰ
1141 4699 1298 4757 νῶτα
1315 4698 1420 4756 τοῦ
1447 4694 1717 4774 οὐρανοῦ.
1768 4695 1989 4781 Synes.
2014 4694 2094 4758 de
2126 4694 2385 4759 Provid.
2409 4717 2474 4781 p.
2503 4695 2608 4779 89.
2630 4697 2738 4760 C.:

1039 4797 1077 4875 ἡ
1107 4797 1172 4859 δὲ
1203 4795 1421 4877 (πηγὴ)
1453 4800 1571 4857 τῶν
1598 4795 1854 4876 οὐρανοῦ
1884 4797 2086 4859 νώτων
2110 4797 2372 4875 ἐξῆπται.
2419 4795 2525 4859 Cf.
2553 4796 2741 4861 etiam

1043 4894 1230 4960 Philo
1255 4894 1417 4960 Jud.
1452 4896 1539 4959 Τ.
1569 4895 1626 4958 Ι.
1661 4917 1726 4982 p.
1747 4914 1858 4976 44.
1894 4895 2098 4960 Pfeiff.
2130 4912 2192 4959 et
2219 4897 2351 4960 Ast.
2376 4895 2458 4960 ad
2489 4896 2738 4961 Platon.

1046 4996 1296 5062 Phaedr.
1342 5020 1409 5084 p.
1445 5016 1595 5083 301.
1642 5010 1705 5060 et
1745 4995 1827 5061 ad
1870 4997 2021 5062 calc.
2072 4997 2371 5085 Reipubl.
2419 4997 2483 5060 in
2531 4997 2742 5061 Addi-

1040 5116 1255 5164 tamm.
1287 5121 1353 5185 p.
1385 5101 1531 5184 657.

1124 5225 1189 5289 p.
1223 5201 1372 5282 824,
1400 5217 1463 5285 5.
1510 5201 1578 5265 τὸ
1625 5201 1896 5283 συναφὲς
1950 5203 2020 5280 τῇ
2066 5202 2214 5282 ὄψει
2258 5201 2515 5285 μόριον.]
2590 5202 2736 5265 Non

2863 1010 3006 1076 libri
3063 1014 3270 1077 MSS.
3329 1010 3586 1076 mirifice
3633 1010 3894 1075 variant.
3987 1011 4113 1075 Sed
4173 1011 4567 1077 Plotinianus

2862 1135 3012 1177 usus
3040 1113 3188 1179 satis
3226 1128 3444 1179 tuetur
3485 1112 3655 1177 illam
3695 1111 4021 1178 lectionem
4065 1125 4130 1178 et
4171 1114 4461 1180 editionis
4501 1130 4564 1180 et

2857 1217 3142 1283 codicum
3173 1217 3608 1305 plurimorum.
3660 1215 3805 1283 Vid.
3833 1241 4026 1304 supra
4057 1220 4155 1284 11.
4190 1240 4251 1304 9.
4288 1222 4388 1285 16.
4443 1221 4557 1285 IV.

2857 1343 2922 1400 4.
2952 1337 3060 1406 45.
3112 1321 3232 1386 IV.
3264 1339 3329 1406 5.
3368 1342 3423 1385 1.
3476 1322 3594 1385 Iv.
3624 1340 3689 1405 5.
3719 1340 3781 1405 3.
3859 1321 3952 1385 Ηὶ
3981 1321 4244 1408 proinde
4272 1322 4391 1387 loci
4419 1345 4564 1388 con-

2858 1423 3147 1511 signandi
3172 1438 3319 1489 sunt
3348 1423 3411 1487 in
3445 1422 3714 1487 Lexicis.

2941 1563 3032 1579 —
3059 1527 3121 1590 6.
3168 1528 3320 1591 ὅσον
3360 1527 3456 1591 καὶ
3503 1526 3542 1605 ἡ
3584 1528 3724 1608 κόρη
3761 1526 3831 1589 τὸ
3875 1525 4001 1590 καθ’
4034 1527 4177 1591 αὐτὸ
4219 1530 4430 1609 μόριον
4457 1534 4562 1593 τοῦ

2855 1630 3072 1710 ὁρατοῦ
3098 1628 3333 1712 δέχοιτο
3363 1629 3488 1714 dm]
3542 1627 3978 1715 Olympiodor.
4021 1629 4086 1693 in
4119 1628 4331 1694 Alcib.
4363 1652 4463 1717 pr.
4492 1653 4559 1717 p.

2862 1750 2982 1816 223
3011 1756 3026 1796 :
3077 1730 3281 1795 ἰστέον
3310 1732 3374 1795 δὲ
3405 1733 3497 1795 ὅτι
3539 1732 3680 1814 κόρη
3722 1730 3970 1814 λέγεται
3996 1730 4033 1811 ἦ
4064 1736 4161 1796 διὰ
4201 1732 4271 1795 τὸ
4299 1733 4557 1812 πλησιά-

2852 1843 2975 1910 ζειν
3018 1838 3098 1920 τῶ
3144 1838 3650 1916 κρυσταλλοειδεῖ,
3698 1838 3933 1919 καθαρῷ
3973 1836 4122 1899 ὄντι.
4196 1833 4312 1898 ·Ad
4365 1858 4553 1921 quem

2852 1935 3060 2000 locum
3117 1958 3264 2021 quae
3322 1934 3598 2014 laudavi,
3656 1935 3759 2000 hic
3816 1957 3941 1999 non
4001 1950 4236 2023 repeto.
4332 1936 4554 2002 Isidor.

2854 2039 3075 2127 Origg.
3114 2039 3248 2104 XI.
3290 2059 3349 2106 1.
3393 2048 3439 2078 “
3472 2038 3727 2126 Pupilla
3752 2039 4140 2103 :—Vocatur
4177 2055 4389 2105 autem
4437 2063 4550 2127 pu-

2851 2141 3023 2229 pula,
3052 2141 3224 2229 quod
3257 2141 3336 2207 sit
3364 2164 3526 2228 pura
3564 2155 3628 2207 et
3670 2140 4003 2229 impolluta
4033 2140 4305 2228 puella.”
4394 2144 4554 2207 Haec

2852 2243 3136 2309 Philonis
3159 2267 3345 2309 causa
3372 2243 3649 2324 laudavi,
3679 2244 3791 2331 qui
3824 2245 3984 2330 Leg.
4026 2244 4340 2332 Allegorr.
4368 2247 4464 2309 II.
4489 2268 4552 2332 p.

2854 2349 2957 2429 78.
3030 2345 3315 2433 Mangeii
3366 2349 3459 2434 (p.
3501 2347 3644 2412 118.
3692 2346 3937 2430 Pfeiff.)
3973 2346 4305 2434 ‘explicans
4349 2347 4575 2413 locum.

2852 2450 3146 2514 Numerr.
3180 2450 3361 2513 XII.
3400 2469 3450 2512 ι.
3480 2471 3620 2535 sqq.
3649 2448 3738 2513 ita
3758 2448 3839 2513 de
3868 2451 4093 2513 Mose:
4141 2447 4188 2534 ᾤ
4219 2450 4329 2529 τὴν
4353 2446 4576 2515 Aloe&

2849 2575 3081 2615 πισσαν
3108 2551 3215 2630 τὴν
3240 2551 3662 2631 ἀμετάβλητον
3692 2552 3788 2616 καὶ
3834 2555 4125 2632 κατακορῆ
4152 2554 4413 2634 γνώμην,
4446 2555 4549 2618 αὖ·

2849 2652 2951 2721 τὸς
2999 2655 3033 2716 ὁ
3078 2654 3214 2721 θεὸς
3254 2654 3846 2734 ἣρμόσατο.-τοῦτο
3888 2653 4005 2736 γάρ
4047 2655 4215 2717 ἐστιν
4262 2657 4552 2737 ἐγκώμιον

2850 2755 3032 2819 αὐτοῦ
3075 2755 3384 2838 μέγιστον,
3430 2756 3524 2820 ὅτι
3572 2755 3681 2834 τὴν
3730 2758 4136 2820 Αἰθιόπισσαν
4180 2757 4391 2836 ἔλαβε,
4443 2758 4550 2835 τὴν

2850 2857 3146 2939 ἄτρεπτον
3178 2858 3275 2922 καὶ
3301 2856 3730 2939 πεπυρωμένην
3761 2858 3858 2922 καὶ
3886 2858 4129 2937 δόκιμον
4156 2859 4364 2940 φύσιν.
4438 2857 4551 2926 Ὠς

2846 2960 2964 3040 γὰρ
3001 2960 3070 3023 ἐν
3097 2960 3391 3044 ὀφθαλμῷ
3420 2959 3489 3022 τὸ
3529 2958 3768 3039 βλέπον
3807 2958 4003 3040 μέλαν
4041 2961 4230 3038 ἐστιν,
4258 2962 4440 3029 οὕτως
4480 2962 4547 3024 τὸ

2846 3060 3121 3141 ὁρατικὸν
3149 3064 3250 3140 τῆς
3285 3064 3488 3143 ψυχῆς
3524 3063 3892 3126 Αἶθιόπισσα
3921 3060 4216 3142 κέκληται.
4311 3062 4456 3139 Quo
4480 3062 4545 3127 in

2845 3160 2983 3225 loco
3008 3177 3366 3249 postquam,
3383 3185 3530 3250 quae
3559 3162 3817 3226 meridie
3844 3162 4104 3227 clariora
4133 3178 4305 3241 sunt,
4327 3187 4393 3228 se
4422 3187 4543 3229 non

2845 3262 3192 3351 perspicere
3233 3264 3436 3329 fassus
3483 3279 3579 3330 est
3632 3264 3993 3351 Mangeiu8‚
4040 3278 4246 3330 tamen
4305 3266 4543 3353 conjec-

2846 3364 3020 3429 tandi
3058 3366 3405 3452 periculum
3433 3367 3606 3445 facit,
3634 3389 3754 3454 pro
3784 3371 4074 3449 κατακορῆ
4102 3367 4281 3432 nobis
4322 3368 4539 3433 obtru-

2843 3467 2993 3532 dere
3021 3467 3236 3533 volens
3277 3469 3638 3551 κατάπυρον.
3729 3470 3827 3533 At
3856 3492 4003 3533 vero
4029 3469 4140 3556 qui
4173 3468 4453 3535 Philonis
4478 3471 4539 3534 in

2844 3569 3050 3635 verbis
3087 3569 3346 3634 ludendi
3389 3570 3699 3635 licentiam
3745 3571 3941 3651 novit,
3978 3571 4030 3635 is
4073 3594 4198 3636 11011
4241 3572 4538 3661 ambiget,

2841 3695 2985 3736 eum
3046 3671 3155 3737 illo
3214 3677 3506 3756 κατακορῆ
3564 3672 3845 3737 alludere
3894 3671 4158 3738 voluisse
4212 3673 4293 3738 ad
4345 3677 4539 3756 κόρην,

2840 3797 3032 3860 quam
3062 3774 3290 3840 deinde
3335 3774 3432 3838 his
3458 3775 3665 3839 verbis
3702 3774 4035 3840 describit:
4084 3777 4162 3842 ὥς
4187 3779 4305 3859 γὰρ
4335 3778 4403 3842 ἑν
4428 3780 4540 3859 ὀφ-

2842 3879 3048 3960 θαλμῷ
3069 3875 3139 3939 τὸ
3166 3874 3406 3955 βλέπον
3431 3874 3628 3956 μέλαν
3644 3878 3829 3950 ἐστιν,
3854 3875 3916 3939 in
3947 3875 4181 3963 quibus
4210 3877 4417 3941 verbis
4446 3900 4536 3942 ra-

2838 3975 2927 4041 tio
2966 3998 3226 4064 quoque
3271 3976 3432 4042 inest
3473 4000 3587 4041 cur
3632 3976 4081 4065 AEthiopissam
4133 3977 4259 4042 huc
4309 3979 4535 4056 trahat,

2836 4078 2876 4143 i.
2898 4102 2957 4142 e.
2987 4081 3271 4168 nigram.
3361 4079 3613 4144 Deinde
3653 4101 3767 4144 nec
3799 4079 3957 4145 illud
3997 4103 4217 4144 verum
4259 4096 4374 4158 est,
4408 4080 4471 4146 h.
4489 4081 4530 4145 l.

2838 4184 3078 4264 γνώμην
3106 4197 3170 4246 et
3198 4184 3387 4264 φύσιν
3413 4204 3545 4246 esse
3575 4204 3945 4269 synonyma.
4035 4182 4261 4247 Potius
4287 4183 4535 4248 credam

2837 4283 3165 4349 Philonem
3204 4281 3515 4371 scripsisse
3558 4289 3818 4366 φαΰσινε
3867 4283 3948 4347 de
3991 4306 4121 4370 qua
4147 4307 4299 4349 voce
4342 4286 4534 4352 Alex-

2833 4385 3096 4450 andrina
3123 4385 3269 4450 vide
3295 4409 3441 4473 quoe
3464 4386 3645 4474 posui
3674 4387 3754 4451 ad
3788 4388 3850 4450 N
3854 4386 4195 4451 athanaelis
4226 4389 4535 4461 Antithet.

2830 4490 3073 4555 advers.
3133 4488 3368 4554 Plotin.
3429 4511 3565 4576 cap.
3618 4490 3681 4553 6.
3738 4490 3832 4576 (p.
3875 4508 4028 4570 441.
4074 4490 4176 4555 ed.
4233 4492 4529 4558 Heidelb.

2832 4614 3019 4677 quem
3065 4590 3271 4656 locum
3330 4591 3585 4656 omnino
3630 4615 3777 4656 cum
3843 4591 4212 4657 Philoniano
4266 4595 4533 4661 conferri

2835 4692 3070 4774 velim.)
3167 4695 3272 4758 Ita
3297 4694 3533 4781 optime
3560 4692 3677 4758 sibi
3705 4694 4175 4782 respondebunt
4205 4694 4371 4760 haec:
4425 4698 4533 4777 τὴν

2828 4794 3248 4875 ἀμετάβλητον
3284 4797 3380 4860 καὶ
3427 4801 3719 4878 κατακορῆ
3762 4798 4003 4878 γνώμην
4048 4797 4527 4879 (immutabilem

2828 4912 2894 4962 et
2921 4899 3366 4984 impollutam.)
3461 4898 3667 4964 Verbo
3708 4898 4133 4981 πεπυρωμένην
4170 4923 4385 4966 rursus
4428 4924 4526 4966 re-

2828 4998 3011 5083 spicit
3041 4999 3227 5063 Philo
3257 4998 3339 5063 ad
3373 5002 3773 5065 Αἰθιόπισσαν
3794 5001 3832 5064 i.
3853 5024 3910 5065 e.
3939 5001 4228 5067 adustam
4259 5004 4437 5090 quasi
4464 5021 4529 5071 et

2827 5100 3236 5187 nigricantem
3262 5101 3947 5167 facia—Revertor‘ad
3980 5103 4327 5169 Plotinum.
4416 5107 4526 5171 Ad

2827 5204 2964 5289 ejus
3006 5202 3372 5267 sententiam
3418 5203 3632 5268 confer
3674 5228 3741 5292 p.
3767 5222 3917 5289 452.
3956 5221 4113 5269 extr.
4158 5220 4224 5270 et
4266 5229 4333 5293 p.
4374 5227 4527 5292 453.

1034 5302 1459 5391 obtemperavi
1491 5301 1786 5367 Mediceo
1812 5301 2012 5382 alteri,
2033 5301 2145 5388 qui
2177 5300 2288 5366 dat
2317 5306 2590 5386 συνεχὲς,
2623 5304 2736 5368 etsi
2823 5303 2957 5370 init.
3010 5319 3073 5370 et
3147 5305 3432 5370 universe
3487 5305 3719 5370 adhibe
3779 5306 4106 5371 Heliodori
4170 5307 4329 5389 (sive
4388 5310 4527 5374 Da-

1032 5404 1190 5469 illud
1231 5404 1610 5492 adjectivum
1657 5426 1867 5467 rarum
1904 5404 1982 5468 sit
2011 5416 2076 5469 et
2119 5403 2184 5467 in
2228 5403 2561 5468 novissima
2603 5404 2735 5468 edi-

2824 5404 3037 5483 miani,
3068 5427 3210 5470 nam
3260 5405 3325 5469 in
3373 5406 3623 5471 nomine
3664 5406 4024 5493 ambigitur.
4094 5407 4223 5473 vid.
4268 5410 4523 5475 Schnei-

1035 5507 1203 5570 tione
1235 5505 1639 5594 Stephaniani
1667 5506 1976 5571 Thesauri
2006 5528 2137 5571 uno
2166 5520 2411 5572 tantum
2447 5506 2737 5594 exemplo
2821 5506 2956 5571 der.
2999 5507 3080 5571 ad
3140 5506 3410 5594 Eclogg.
3466 5508 3693 5594 Physs.
3741 5530 3801 5594 p.
3854 5512 4001 5573 206.
4039 5522 4105 5573 et
4154 5511 4520 5579 Boissonad.
