5118 6613
1096 553 1182 632 64

1181 747 1246 812 p.
1276 741 1417 801 122,
1448 741 1539 784 11.
1572 723 1785 802 ὄμματι
1805 720 1886 801 μὴ
1913 724 2172 801 καθαρῶς
2189 719 2420 803 ὁρῶντι]
2462 718 2624 782 Haec
2646 737 2768 780 non

1095 850 1255 915 opus
1280 841 1375 890 est
1400 824 1467 888 h.
1487 822 1530 888 l.
1560 847 1598 888 a
1628 822 1803 889 nobis
1829 821 2122 910 explicari
2164 836 2307 909 post
2347 845 2444 901 ea,
2474 844 2619 907 quae
2661 842 2771 907 po-

1097 929 1333 994 suimus
1358 926 1438 992 ad
1469 950 1529 1014 p.
1551 943 1658 1012 57.
1691 926 1770 990 F.
1798 931 1999 1006 λημῶν
2022 927 2241 999 κακίας,
2275 926 2371 990 καὶ
2399 926 2469 990 οὗ
2493 928 2771 1004 κεκαθαρ-

1095 1032 1290 1112 μένος.
1383 1030 1482 1095 Cf.
1515 1027 1718 1093 Procli
1758 1028 1890 1093 haec
1918 1029 1982 1093 in
2012 1027 2220 1093 Alcib.
2249 1050 2344 1116 pr.
2384 1051 2446 1115 p.
2480 1027 2627 1092 281.
2661 1032 2767 1106 λη·

1096 1142 1320 1214 μῶντος
1356 1134 1550 1201 αὐτοῖς
1587 1137 1690 1196 τοῦ
1732 1134 1988 1211 ὄμματος
2034 1131 2146 1194 ὑπὸ
2189 1136 2289 1211 τῆς
2330 1131 2769 1214 γενεσιονργοῧ·

1096 1237 1279 1317 λήθης
1320 1238 1415 1301 καὶ
1454 1242 1570 1299 τῶν
1612 1238 1677 1298 ἐκ
1713 1239 1813 1313 τῆς
1856 1233 2039 1314 λήθης
2085 1233 2654 1315 ἐπεισκωμασάντων
2685 1230 2773 1296 ἐπ’

1098 1342 1275 1407 αὐτὸς
1300 1344 1521 1404 παθῶν.
1612 1336 1863 1402 Etenim
1908 1341 2089 1416 λῆμαι
2128 1350 2274 1402 sunt
2322 1335 2629 1418 ἓκρέουσαι
2657 1340 2774 1399 τῶν

1096 1445 1421 1525 ὀφθαλμῶν
1474 1442 1845 1523 ἆκαθαρσίαι,
1898 1439 2243 1527 explicante
2302 1438 2623 1527 Hesychio
2674 1439 2770 1502 II.

1093 1568 1160 1632 p.
1185 1547 1334 1626 464.
1367 1544 1618 1610 Albert.

1180 1685 1267 1696 —
1292 1666 1385 1712 12.
1418 1649 1453 1727 ἡ
1482 1647 1861 1726 ζωὴ-κακὸν
1890 1647 2140 1731 ἀγαθόν]
2179 1642 2479 1732 Oxymori
2511 1643 2772 1731 speciem

1095 1750 1304 1815 habet.
1394 1749 1560 1814 Alibi
1603 1748 1764 1814 enim
1803 1749 2121 1814 Plotinus:
2169 1749 2236 1813 τὸ
2285 1748 2463 1812 κακὸν
2502 1748 2777 1830 ἔλλειψις

1098 1856 1325 1935 ἀγαθοῦ
1361 1853 1502 1917 III.
1536 1872 1596 1917 2.
1624 1871 1684 1938 5.
1731 1867 1794 1917 et
1842 1853 2020 1917 κακὸν
2062 1853 2233 1917 οὐδὲν
2270 1856 2348 1937 τῷ
2395 1852 2620 1936 ἀγαθῷ.
2673 1850 2770 1914 II.

1101 1974 1159 2020 2.
1181 1958 1244 2019 6.

1168 2077 1354 2139 -14.
1388 2056 1505 2122 οὐδ’
1538 2060 1685 2122 οὕτω
1717 2058 1893 2122 κακὸν
1921 2061 2000 2144 τῷ
2028 2057 2204 2143 λίθῳ]
2250 2054 2485 2144 Adagii
2515 2054 2779 2143 speeiem

1097 2159 1557 2247 quodammodo
1598 2183 1730 2247 prae
1775 2184 1839 2224 se
1880 2160 2026 2239 fert,
2055 2175 2126 2224 ut
2155 2158 2310 2223 illud
2343 2159 2409 2223 in
2437 2157 2779 2248 proverbiis

1095 2279 1188 2330 est
1236 2265 1300 2329 in
1351 2264 1653 2352 Append.
1704 2264 1902 2328 Vatic.
1962 2287 2066 2352 ap.
2118 2261 2326 2327 Andr.
2383 2261 2623 2327 Schott.
2678 2262 2775 2326 11.

1098 2372 1154 2453 ξ.
1185 2372 1289 2453 56.
1322 2371 1495 2433 λίθον
1526 2368 1717 2451 ἕψεις.
1764 2366 2007 2431 Eodem
2037 2365 2300 2452 pertinet
2328 2364 2485 2429 illud
2514 2363 2774 2452 Aristip-

1094 2494 1280 2558 peum
1312 2495 1408 2559 ap.
1441 2471 1628 2557 Diog.
1662 2471 1872 2535 Lae'rt.
1908 2471 2007 2535 ΙΙ.
2044 2486 2149 2551 72.
2182 2473 2248 2534 ἐν
2275 2474 2422 2552 γοῦν
2451 2468 2675 2554 θεάτρῳ
2704 2468 2774 2532 οὗ

1097 2574 1479 2654 καθεδήσεται
1520 2577 1686 2640 λίθος
1730 2575 1827 2638 ἐπὶ
1868 2575 2037 2659 λίθῳ,
2066 2572 2131 2637 in
2159 2572 2389 2660 quibus
2430 2569 2774 2636 communis

1095 2677 1396 2741 sententia
1435 2677 1592 2740 inest
1634 2697 1821 2739 sensu
1863 2677 2138 2753 carendi,
2168 2674 2265 2738 vel
2296 2676 2430 2761 ejus
2471 2674 2644 2761 quod
2675 2688 2770 2739 te-

1093 2800 1260 2842 mere
1289 2778 1359 2842 fit
1386 2777 1482 2841 vel
1513 2777 1644 2842 fieri
1675 2778 1911 2864 nequit.
1999 2777 2100 2842 Cf.
2134 2777 2376 2841 Erasmi
2405 2791 2468 2841 et
2509 2776 2773 2841 aliorum

1096 2879 1349 2966 Adagia
1390 2904 1452 2968 p.
1485 2898 1631 2965 322.
1679 2880 1797 2944 sub
1825 2880 1933 2944 fin.
2021 2881 2361 2944 Decretum
2392 2893 2600 2944 autem
2631 2900 2775 2943 con-

1087 2983 1378 3069 junctum
1425 2997 1517 3046 est
1567 3005 1708 3046 cum
1755 2981 2030 3047 Platonis
2075 2982 2462 3069 aliorumque
2506 2980 2776 3069 philoso-

1095 3084 1365 3172 phorum
1421 3083 1965 3172 disputationibus,
2023 3106 2291 3171 quorum
2349 3106 2652 3148 summam
2708 3083 2773 3147 in

1096 3185 1325 3273 dialogi
1375 3187 1636 3252 formam
1696 3186 1907 3251 retulit
1958 3186 2022 3251 in
2076 3186 2578 3251 Tusculanarum
2636 3185 2774 3251 libri

1096 3289 1281 3378 primi
1316 3314 1448 3378 cap.
1481 3308 1542 3377 5.
1590 3306 1652 3355 et
1696 3315 1829 3379 sqq.
1879 3289 2152 3368 Tullius,
2185 3303 2246 3356 et
2288 3289 2351 3355 in
2395 3289 2627 3378 quibus
2656 3290 2775 3355 fre-

1095 3394 1514 3481 quentabatur
1534 3395 2019 3482 Epicharmeum
2048 3393 2205 3458 illud
2231 3393 2401 3483 apud
2428 3397 2595 3459 Sext.
2622 3396 2775 3458 Em-

1094 3496 1212 3583 pir.
1231 3496 1374 3561 adv.
1400 3496 1606 3561 Math.
1624 3498 1682 3561 I.
1706 3500 1766 3582 ξ.
1788 3515 1934 3583 273.
1958 3494 2366 3576 Ἀποθανεῖνῆ
2388 3497 2684 3571 τεθνάναι,
2705 3498 2774 3562 οὗ

1093 3627 1194 3680 μοι
1223 3601 1507 3684 διαφέρει·
1543 3603 1825 3665 “Emori
1849 3603 2018 3666 nolo.-
2048 3602 2156 3666 sed
2183 3622 2277 3665 me
2300 3622 2429 3665 esse
2458 3610 2772 3664 mortuum

1093 3704 1259 3767 nihil
1300 3706 1611 3769 (saturnos
1701 3707 1780 3769 In
1825 3704 2054 3792 quibus
2091 3703 2320 3768 Latina
2360 3725 2500 3767 cum
2536 3702 2774 3768 Graecis

1094 3828 1219 3870 non
1247 3830 1586 3894 congruere
1616 3807 1807 3872 vides,
1897 3809 2037 3884 Qua
2066 3806 2144 3871 de
2173 3830 2240 3870 re
2268 3805 2345 3870 cf.
2383 3804 2773 3891 [Fabricium

1095 3908 1176 3971 ad
1226 3910 1395 3972 Sext.
1430 3911 1620 3996 Emp.
1669 3908 1707 3972 l.
1738 3911 1829 3997 c.]
1866 3909 2081 3974 Davis.
2126 3909 2207 3974 ad
2248 3910 2478 3973 Tuscc.
2514 3909 2572 3972 I.
2604 3908 2665 3972 8.
2713 3922 2775 3972 et

1100 4009 1432 4097 Wyttenb.
1462 4010 1542 4073 ad
1575 4010 1739 4074 Plat.
1770 4010 2070 4075 Phaedon.
2101 4036 2161 4100 p.
2195 4031 2330 4097 143.
2363 4034 2451 4098 sq.

1178 4150 1259 4161 —
1306 4128 1400 4195 15.
1449 4114 1502 4175 εΖ
1544 4111 1591 4175 δ’
1639 4112 1768 4176 ἔστι
1812 4115 1925 4191 ζωὴ
1973 4115 2065 4178 καὶ
2111 4115 2275 4197 ψυχὴ
2316 4143 2369 4178 κ.
2392 4141 2448 4179 τ.
2473 4113 2568 4196 λ.]
2614 4115 2775 4177 Haec

1095 4236 1277 4278 nemo
1308 4213 1500 4277 nescit
1542 4228 1603 4277 et
1640 4213 1774 4300 ipsa
1800 4237 1878 4277 ex
1905 4214 2182 4279 Platonis
2226 4215 2485 4281 decretis
2513 4216 2577 4278 in
2609 4216 2775 4303 Apo-

1095 4315 1280 4403 logia,
1314 4315 1632 4380 Phaedone
1675 4316 1932 4402 aliisque
1969 4317 2141 4381 libris
2169 4317 2359 4383 ducta
2385 4342 2554 4392 esse;
2606 4317 2775 4382 unde

1096 4418 1281 4483 etiam
1310 4417 1499 4482 ducta
1539 4434 1705 4496 sunt,
1735 4443 1878 4506 quae
1919 4419 2088 4508 apud
2122 4420 2476 4485 Ciceronem
2506 4422 2574 4485 in
2603 4423 2774 4486 Tus·

1100 4520 1248 4584 cull.
1284 4522 1343 4585 Ι.
1376 4522 1432 4584 8.
1467 4545 1603 4608 sqq.
1632 4522 1945 4609 leguntur.

1187 4647 1248 4708 p.
1287 4644 1427 4709 123,
1467 4644 1522 4688 1.
1567 4628 1644 4688 Εἰ
1671 4628 1735 4689 δὲ
1764 4630 1863 4705 τῆς
1902 4627 2044 4705 ὅλης
2071 4625 2326 4712 γίνεται]
2375 4626 2539 4690 Haec
2580 4626 2781 4691 nescio

1100 4750 1181 4790 an
1210 4749 1331 4790 non
1362 4726 1507 4790 satis
1534 4743 1818 4791 accurate
1846 4727 2094 4791 verterit
2128 4727 2469 4791 Marsilius:
2520 4737 2564 4767 ‘⁶
2589 4729 2775 4806 Quod

1099 4829 1148 4892 si
1182 4828 1371 4893 totius
1398 4829 1619 4893 animoe
1647 4852 1840 4895 comes
1869 4829 2130 4894 evadit.”
2206 4829 2461 4893 Malim:
2513 4838 2555 4869 “
2590 4832 2775 4908 Quod

1103 4930 1151 4995 si
1179 4930 1367 4995 totius
1396 4932 1615 4996 animae
1644 4933 1771 4997 fit.”
1833 4935 2092 4997 Constat
2121 4931 2281 4995 enim
2314 4930 2776 4996 Platonicorum

1100 5032 1338 5120 aliquos
1379 5033 1680 5114 docuisse,
1710 5035 1975 5099 animam
2019 5049 2289 5098 nostram
2334 5047 2475 5121 post
2517 5050 2775 5099 mortem

1103 5159 1364 5223 eamque
1414 5150 1682 5200 secutam
1733 5138 2163 5224 purgationem
2214 5159 2432 5199 rursus
2482 5137 2778 5224 conjungi

1104 5263 1246 5304 cum
1289 5239 1494 5303 anima
1535 5238 1752 5302 mundi
1797 5239 2104 5315 universa,
2137 5256 2326 5326 atque
2368 5238 2524 5302 adeo
2550 5238 2617 5302 in
2646 5262 2780 5304 eam

1105 5342 1370 5407 refundi.

1190 5483 1277 5493 —
1302 5461 1368 5530 5.
1413 5447 1503 5509 ὅτι
1528 5445 1608 5525 μὴ
1635 5444 1777 5533 ζωή]
1828 5453 1871 5484 “
1904 5444 2067 5523 Quia
2094 5466 2216 5508 non
2246 5459 2339 5509 est
2367 5444 2553 5509 vita.”
2622 5448 2784 5511 Haec

1113 5546 1322 5612 addita
1361 5572 1490 5613 esse
1533 5548 1851 5635 suspiceris
1893 5548 1972 5613 ab
2012 5547 2258 5613 homine
2287 5548 2658 5628 Christiano,
2688 5549 2783 5614 vel

2056 543 2816 613 ANNOTATIONE
2837 542 2881 608 S
2950 544 3052 609 IN
3120 545 3566 613 PLOTINI

2859 732 3023 782 certe
3062 718 3143 783 ab
3180 742 3277 799 eo,
3306 720 3417 807 qui
3448 719 3616 785 Novi
3642 720 4023 787 Testamenti
4065 721 4255 788 libros
4295 723 4534 813 legerit.

2859 821 3064 886 Nemo
3090 821 3254 886 enim
3282 823 3475 888 nescit
3512 824 3661 902 ζωὴν
3696 822 3780 888 ibi
3826 824 4050 912 saepius
4090 825 4178 890 ita
4218 827 4434 915 accipi,
4464 842 4536 893 ut

2861 922 2938 988 sit
2967 923 3094 988 vita
3120 923 3484 990 intemerata
3526 948 3637 989 nec
3676 925 3964 991 vitiorum
3995 928 4358 1015 contagione
4398 953 4534 995 cor-

2858 1041 3080 1114 rupta;
3114 1028 3290 1114 quod
3317 1027 3543 1093 clarius
3570 1028 3838 1115 explicat
3867 1030 4208 1117 Apostolus
4229 1031 4432 1119 Epist.
4454 1033 4538 1098 ad

2860 1131 3048 1194 Rom.
3081 1130 3282 1195 VIII.
3320 1150 3420 1194 10.
3471 1153 3790 1219 opponens
3837 1132 3904 1195 τὸ
3953 1137 4201 1212 πνεῦμα,
4247 1135 4397 1215 ζωὴν
4442 1139 4537 1201 διὸ

2859 1234 3234 1314 δικαιοσύνην
3261 1238 3341 1320 τῷ
3373 1236 3598 1313 σώματι
3628 1239 3809 1321 νεκρῷ
3840 1234 3911 1299 δι’
3941 1238 4249 1317 ἁμαρτίαν.

2942 1335 3030 1401 ib.
3078 1339 3154 1400 El
3196 1339 3259 1400 δὲ
3303 1337 3398 1400 καὶ
3446 1339 3512 1401 ἑν
3544 1335 3687 1421 ᾅδου
3735 1339 3913 1423 δίκαι]
3966 1337 4094 1402 Hic
4137 1337 4307 1404 locus
4351 1339 4534 1405 etiam

2857 1438 2920 1503 in
2965 1438 3476 1527 philosophorum
3507 1439 3586 1503 de
3615 1455 3813 1504 morte
3856 1440 4378 1529 disputationibus
4417 1445 4540 1509 fre-

2857 1556 3214 1630 quentatur.
3304 1542 3431 1607 Cic.
3482 1542 3766 1607 Tuscull.
3816 1546 3869 1608 I.
3915 1560 3981 1630 5.
4033 1553 4075 1584 “
4108 1546 4254 1625 Dic,
4298 1570 4534 1633 quaeso,

2858 1668 3010 1709 num
3053 1661 3114 1711 te
3159 1645 3264 1709 illa
3301 1649 3582 1710 terrent?
3630 1646 3853 1735 triceps
3897 1647 4067 1734 apud
4114 1648 4341 1714 inferos
4381 1652 4533 1715 Cer-

2858 1748 3094 1814 berus?
3164 1749 3387 1836 Cocyti
3431 1748 3765 1813 fremitus?
3811 1751 4179 1816 transvectio
4223 1751 4538 1817 Acherun-

2860 1850 2986 1915 tis?
3030 1866 3240 1916 mento
3290 1874 3592 1916 summam
3645 1876 3874 1939 aquam
3926 1853 4235 1942 attingens
4288 1870 4537 1921 enectus

2866 1953 2962 2017 siti
2994 1954 3301 2019 Tantalus
3316 1953 3739 2043 P—-Sisyphus
3757 1957 3906 2019 ?—”
3939 1960 4048 2021 διο.

2950 2093 3038 2105 —
3064 2076 3159 2121 10.
3206 2060 3237 2120 ὀ
3271 2059 3334 2120 δὲ
3365 2057 3631 2131 θάνατος,
3661 2062 3897 2138 μᾶλλον
3926 2059 4183 2146 ἀγαθόν]
4234 2060 4312 2123 In
4341 2060 4534 2125 histo·

2867 2160 2972 2224 riis
3016 2183 3137 2224 non
3182 2160 3406 2237 minus,
3436 2183 3626 2247 quam
3671 2160 3737 2223 in
3780 2160 3999 2225 scholis
4043 2161 4362 2249 proditum
4406 2179 4538 2228 tan-

2864 2287 3053 2352 quam
3082 2263 3577 2351 antiquissimum
3602 2265 3882 2327 Deorum
3906 2263 4005 2328 vel
4033 2280 4198 2329 certe
4230 2264 4538 2330 Semideo-

2862 2390 3003 2432 rum
3035 2368 3312 2432 effatum.
3389 2367 3533 2431 Vid.
3567 2367 3870 2432 Herodot.
3899 2368 3954 2432 1.
3988 2387 4092 2453 31.
4141 2368 4405 2434 Aristot.
4435 2392 4535 2456 ap.

2860 2470 3181 2537 Plutarch.
3214 2470 3276 2534 in
3309 2469 3623 2535 Consolat.
3654 2469 3732 2534 ad
3766 2470 4065 2557 Apollon.
4097 2494 4161 2558 p.
4187 2488 4327 2558 115.
4350 2474 4429 2537 C.
4450 2472 4536 2536 D.

2857 2598 2918 2661 p.
2947 2588 3098 2660 454.
3130 2576 3343 2660 Wytt.
3372 2598 3385 2636 ε
3433 2572 3546 2640 Ὡς
3575 2575 3689 2656 ἄρα
3716 2574 3795 2653 μὴ
3825 2575 4098 2656 γίνεσθαι
4134 2577 4264 2654 μὲν,
4297 2577 4538 2657 ἄριστον

2856 2674 3112 2749 πάντων,
3144 2676 3211 2739 τὸ
3242 2678 3305 2739 δὲ
3334 2676 3610 2739 τεθνάναι
3637 2680 3743 2739 τοῦ
3770 2680 3873 2755 ζῇν
3903 2678 4031 2741 ἔστι
4062 2683 4342 2759 κρεῖττον.
4403 2676 4535 2741 Cic.

2862 2776 3143 2842 Tuscull.
3193 2779 3251 2843 Ι.
3295 2794 3398 2862 47.
3458 2785 3503 2817 “
3533 2778 3678 2841 Non
3721 2778 3887 2843 nasci
3931 2777 4162 2842 homini
4205 2777 4390 2868 longe
4427 2802 4540 2867 op·

2860 2880 3081 2945 timum
3135 2903 3289 2960 esse,
3334 2883 3700 2968 proximum
3756 2891 3963 2946 autem
4017 2905 4204 2970 quam
4250 2885 4537 2970 primum

2857 2984 3079 3046 mori.''
3166 2982 3269 3047 Cf.
3301 2983 3517 3048 Davis.
3563 2984 3643 3047 ad
3686 3006 3828 3048 eum
3873 2984 4077 3049 locum
4108 3000 4172 3050 et
4199 2985 4535 3074 Wyttenb.

2858 3084 2941 3150 ad
2981 3085 3300 3150 Plutarch.
3342 3084 3427 3149 l.l.
3461 3086 3896 3153 Animadvers.
3926 3109 3991 3175 p.
4020 3090 4160 3173 765.
4192 3110 4283 3175 sq.
4332 3090 4536 3166 Quam

2860 3188 3221 3254 sententiam
3251 3188 3566 3276 quomodo
3607 3189 3688 3252 ad
3733 3213 3905 3254 suam
3951 3190 4246 3254 rationem
4291 3189 4539 3255 moralis

2858 3291 3263 3381 philosophiae
3290 3292 3808 3358 accommodarint
3828 3292 4128 3359 Platonici
4152 3308 4214 3358 et
4235 3316 4383 3359 vero
4408 3293 4539 3382 ipse

2861 3396 3168 3475 PlotinuS,
3197 3412 3259 3460 et
3286 3395 3709 3460 antecedentia
3735 3407 3797 3460 et
3829 3397 4149 3483 sequentia
4176 3411 4473 3484 arguunt.

2944 3536 3030 3548 —
3060 3519 3158 3563 12.
3203 3500 3272 3562 οὗ
3303 3501 3606 3574 σώζουσαν
3634 3497 3701 3561 τὸ
3732 3500 4037 3572 σύνθετον,
4071 3497 4207 3562 ἀλλ’
4231 3500 4339 3580 ἤδη
4367 3502 4540 3583 χωρί-

2858 3612 3076 3679 ζουσαν
3123 3601 3357 3685 ἑαυτήν]
3422 3603 3584 3664 Haec
3635 3614 3697 3664 et
3742 3600 3876 3687 ipsa
3925 3599 4006 3664 ad
4055 3623 4359 3665 summam
4409 3623 4539 3665 rem

2860 3704 3159 3770 doctrinae
3211 3703 3646 3790 Pythagoricae
3701 3702 4160 3789 Platonicaeque
4212 3702 4536 3790 pertinent.

2860 3806 3024 3871 Nolo
3053 3805 3113 3868 h.
3139 3804 3182 3869 l.
3216 3828 3542 3892 occupare,
3574 3829 3718 3892 quae
3747 3820 4070 3892 sequentes
4113 3804 4253 3870 libri
4283 3804 4542 3870 Plotini-

2858 3909 2959 3974 ani
2990 3908 3389 3973 exhibebunt.
3463 3907 3634 3972 Illud
3666 3907 3834 3971 haud
3865 3907 4130 3971 alienum
4159 3907 4276 3971 erit
4303 3907 4403 3971 hic
4431 3906 4540 3971 ad-

2859 4035 3107 4101 ponere,
3138 4012 3464 4099 antiquum
3498 4010 3845 4075 Sinensium
3875 4009 4310 4098 philosophum
4344 4010 4539 4074 [Δοι-

2859 4137 2968 4179 seu
3005 4115 3189 4203 plane
3219 4114 3635 4202 Pythagoram
3667 4112 4117 4200 Platonemque
4143 4134 4288 4177 cum
4317 4111 4381 4175 in
4409 4111 4542 4177 aliis

2860 4216 3118 4282 decretis
3161 4241 3289 4280 esse
3334 4230 3634 4293 secutum,
3669 4230 3803 4280 tum
3832 4214 3896 4279 in
3926 4215 4043 4280 hoc
4072 4214 4229 4302 ipso,
4257 4230 4332 4279 ut
4358 4214 4539 4279 doce·

2859 4333 2987 4383 ret:
3036 4319 3300 4383 animam
3331 4319 3668 4383 humanam
3696 4341 3973 4382 manasse
4001 4341 4077 4382 ex
4109 4316 4324 4381 divina
4351 4317 4538 4382 aethe-

2861 4445 3091 4508 reaque
3121 4435 3364 4500 natura,
3395 4420 3459 4484 in
3490 4443 3749 4508 eamque
3787 4419 4035 4485 refundi
4076 4433 4217 4507 post
4257 4434 4541 4496 mortem,

2864 4524 3051 4589 modo
3077 4523 3292 4587 virtuti
3337 4523 3526 4586 vitam
3569 4523 3977 4612 impenderit;
4025 4522 4339 4609 improbos
4380 4522 4542 4587 enim

2865 4643 2925 4692 et
2957 4627 3247 4692 vitiorum
3288 4626 3571 4690 sordibus
3615 4626 3885 4715 pollutos
3921 4625 4112 4690 arceri
4141 4625 4222 4690 ab
4251 4649 4325 4690 ea
4351 4624 4541 4689 felici-

2866 4745 3013 4810 tate,
3039 4745 3110 4794 ut
3138 4728 3494 4816 postliminii
3522 4730 3698 4815 quasi
3719 4730 3866 4816 jure
3892 4730 3955 4794 in
3985 4728 4301 4816 pristinam
4335 4727 4540 4790 sedem

2861 4833 3289 4898 restituantur.
3357 4830 3656 4895 Videatur
3698 4833 4237 4897 Abel-—Remusat
4277 4829 4340 4891 in
4392 4830 4538 4892 Μέ-

2862 4936 3073 5022 langes
3120 4933 3478 5019 Asiatiques
3524 4936 3710 4998 Tom.
3746 4936 3805 4998 I.
3857 4959 3920 5022 p.
3952 4953 4054 5019 95.
4107 4954 4198 5017 sq.
4246 4930 4358 5017 qui
4409 4929 4543 4994 haec

2864 5037 3133 5102 Sinensis
3180 5035 3529 5124 philosophi
3575 5036 3801 5125 placita
3846 5036 4159 5124 eleganter
4184 5032 4452 5120 explicat
4481 5048 4543 5097 et

2863 5164 2898 5204 e
2928 5153 3466 5204 monumentorum
3513 5139 3782 5226 vestigiis
3824 5139 4155 5226 probatum
4185 5135 4276 5215 iit,
4310 5134 4545 5223 Pytha-

2864 5266 3068 5330 goreae
3112 5241 3574 5329 Platonicaeque
3619 5240 4025 5330 philosophiae
4070 5239 4301 5304 semina
4343 5239 4425 5304 ab
4471 5262 4546 5303 eo

2866 5344 3234 5433 philosopho
3261 5344 3539 5409 orientali
3568 5344 3838 5408 studiose
3876 5356 4134 5430 excepta
4179 5357 4547 5430 propagata-

2867 5473 2992 5536 que
3021 5471 3170 5512 esse.
3261 5449 3574 5512 Caeterum
3603 5469 3719 5533 pro
3745 5456 3818 5510 ut
3842 5454 4056 5509 servat
4085 5444 4341 5509 Ficinus
4383 5467 4546 5509 oom-

2871 5551 3116 5616 modius
3170 5548 3427 5613 fortasse
3482 5547 3813 5634 scripsisset
3869 5555 4173 5633 quatenus
4228 5556 4547 5611 servat.—
