5118 6613
1058 536 1181 600 226

1057 705 1206 769 thaei
1227 703 1406 770 2—61.'
1439 703 1512 768 ὃν
1541 703 1791 787 οὐρανὸς
1821 702 2019 783 ἐτάθη,
2055 705 2150 768 καὶ
2176 705 2345 783 ἥλιος
2373 704 2632 786 ἀνήφθη,
2667 706 2761 769 καὶ

1057 807 1281 887 σελένη
1308 807 1509 891 τρέχει
1544 809 1639 871 καὶ
1676 808 1945 874 ποικίλος
1989 806 2360 886 καταλάμπει
2401 809 2601 891 χορός.
2653 806 2761 871 ubi

1055 911 1139 978 cf.
1173 908 1469 976 Matthaei
1498 924 1708 974 annot.
1736 929 1845 992 50.

1143 1036 1207 1102 p.
1241 1030 1276 1095 7
1282 1031 1391 1098 50,
1431 1032 1529 1097 13.
1573 1008 1652 1076 Ὁ
1682 1013 1747 1075 δὲ
1777 1010 1849 1090 δὴ
1886 1010 2084 1076 πάντα
2124 1017 2361 1090 κοσμῶν
2405 1012 2760 1094 Ζεὺς-ψυ-

1055 1117 1173 1201 χὴν
1213 1115 1540 1195 βασιλικὴν
1572 1113 1666 1177 καὶ
1705 1112 2033 1192 βασιλικὸν
2072 1117 2216 1177 νοῦν
2257 1114 2463 1200 ἔχων.]
2516 1113 2765 1179 Obver-

1057 1234 1229 1286 satur
1269 1231 1334 1283 et
1365 1218 1484 1283 hoc
1529 1216 1668 1281 loco
1713 1228 1777 1280 et
1823 1214 1959 1279 aliis
2003 1214 2156 1294 (vid.
2205 1239 2262 1279 v.
2284 1240 2341 1280 c.
2381 1239 2442 1303 p.
2486 1230 2635 1301 551.
2683 1218 2759 1279 A.

1057 1322 1222 1392 med.
1270 1321 1525 1387 Plotiuo
1579 1317 1858 1384 Platonis
1892 1317 2069 1382 locus
2111 1317 2175 1381 in
2223 1317 2498 1383 Phaedro
2528 1317 2756 1382 multo-

1055 1449 1200 1491 rum
1247 1424 1591 1490 imitatione
1629 1422 2065 1508 frequentatus
2104 1443 2168 1508 p.
2204 1422 2345 1502 246.
2385 1421 2466 1484 E.
2507 1443 2574 1507 p.
2608 1439 2758 1505 251.

1057 1528 1328 1594 Heindf.
1374 1550 1438 1615 p.
1487 1546 1595 1608 41.
1639 1522 1888 1588 Bekk.:
1936 1526 1970 1587 6
2012 1527 2126 1603 μὲν
2172 1524 2244 1604 δὴ
2291 1524 2481 1606 μέγας
2522 1524 2760 1605 ἡγεμὼν

1057 1634 1429 1716 (extremam
1460 1651 1675 1694 vocem
1704 1625 1911 1692 omisit
1940 1625 2318 1691 Eustathius
2352 1625 2411 1689 in
2439 1625 2668 1711 Odyss.
2691 1652 2754 1705 μ.

1056 1737 1159 1822 63.
1208 1757 1275 1821 p.
1304 1735 1452 1814 446.
1495 1729 1685 1796 Basil.
1734 1752 1800 1817 p.
1832 1750 1925 1793 ιι.
1972 1729 2178 1816 Lips.)
2230 1731 2298 1792 ἐν
2336 1729 2565 1814 οὐρανῷ
2611 1728 2760 1794 Ζεὺς

1060 1837 1264 1923 (addit
1291 1835 1458 1899 idem
1503 1836 1539 1897 ὅ
1574 1835 1740 1898 ἐστιν
1759 1831 2007 1913 Ἥλιος)
2046 1833 2317 1896 ἐλαύνων
2343 1830 2571 1910 πτηνὸν
2600 1828 2758 1911 ἅρμα

1056 1941 1184 2025 (πτ.
1240 1967 1302 2005 α.
1359 1964 1407 2004 ε.
1473 1937 1651 2002 Euat.
1712 1952 1774 2000 et
1827 1934 2080 2022 reliqui)
2141 1941 2369 2015 πρῶτος
2417 1935 2752 2015 πορεύεται,

1054 2046 1390 2120 διακοσμῶν
1437 2039 1634 2103 πάντα
1695 2038 1789 2101 καὶ
1842 2037 2326 2117 ἐπιμελούμενος.
2418 2034 2760 2121 Sequentia

1054 2145 1286 2208 Noster
1312 2166 1348 2207 e
1377 2140 1646 2207 Philebo
1673 2139 1861 2204 duxit
1894 2162 1962 2226 p.
1992 2158 2097 2225 30.
2128 2161 2196 2226 p.
2219 2143 2324 2217 84.
2366 2138 2586 2204 Stallb.
2629 2140 2760 2203 οὐκ·

1051 2251 1159 2311 οῦν
1199 2249 1267 2310 ἐν
1306 2248 1422 2326 μὲν
1459 2249 1530 2326 τῇ
1566 2247 1673 2308 τοῦ
1702 2242 1850 2311 Διὸς
1889 2244 2041 2324 ἐρεῖς
2078 2244 2262 2325 φύσει
2294 2243 2622 2323 βασιλικὴν
2647 2245 2762 2323 μὲν

1047 2349 1275 2433 ψυχὴν,
1329 2347 1655 2428 βασιλικὸν
1705 2349 1771 2411 δὲ
1823 2350 1966 2410 νοῦν
2015 2348 2427 2428 ἐγγίγνεσθαι.
2519 2345 2753 2409 Plotini

1047 2474 1236 2517 causa
1261 2450 1432 2516 addo
1457 2448 1652 2514 verba
1681 2452 1905 2514 Onatae
1937 2447 2096 2531 (sive
2118 2447 2341 2533 Onati)
2376 2448 2753 2536 Pythagorei

1047 2577 1148 2643 ap.
1186 2554 1364 2619 Stob.
1390 2551 1658 2639 Eclogg.
1689 2552 1741 2615 Ι.
1773 2574 1836 2639 p.
1853 2573 1920 2631 4.
1949 2573 2012 2637 p.
2042 2571 2144 2635 94.
2171 2551 2483 2615 Heeren.:
2536 2554 2756 2632 Δοκείη

1048 2657 1117 2723 δέ
1142 2683 1245 2737 μοι
1276 2657 1373 2721 καὶ
1415 2656 1496 2737 μὴ
1527 2656 1611 2723 εἲς
1641 2653 1804 2735 εἶμεν
1834 2655 1868 2716 6
1909 2653 2062 2728 θεὸς,
2096 2651 2233 2717 ἀλλ’
2268 2655 2350 2720 εἲς
2376 2656 2490 2734 μὲν
2519 2656 2552 2716 6
2592 2654 2759 2736 μέγι-

1049 2786 1193 2829 στος
1226 2761 1323 2824 καὶ
1367 2756 1796 2838 καθυπέρτερος
1845 2755 2020 2838 (fort.
2068 2755 2551 2837 καθυπέρτατος),
2587 2758 2683 2820 καὶ
2723 2759 2756 2819 6

1049 2861 1311 2944 κρατέων
1341 2864 1448 2923 τοῦ
1468 2858 1710 2932 παντὸς,
1742 2860 1802 2923 ot
1830 2857 1879 2922 δ’
1910 2859 2091 2922 ἄλλοι
2120 2859 2342 2921 πολλοὶ
2371 2858 2758 2940 διαφέροντες

1050 2967 1199 3029 κατὰ
1244 2964 1514 3041 δύναμιν.
1556 2961 1877 3040 βασιλεύει
1914 2962 1979 3024 δὲ
2030 2958 2270 3023 πάντων
2311 2960 2523 3034 αὐτῶν,
2580 2962 2612 3024 6
2661 2962 2756 3025 καὶ

1050 3065 1248 3149 κράτει
1293 3066 1390 3129 καὶ
1425 3062 1670 3145 μεγέθει
1709 3062 1806 3127 καὶ
1850 3064 2033 3143 &pa-a
2067 3064 2279 3141 μείζων
2320 3090 2376 3126 κ.
2398 3088 2455 3126 τ.
2475 3070 2535 3126 λ.
2629 3063 2756 3142 Qui

1047 3169 1223 3235 locus
1275 3165 1596 3231 Heerenio
1642 3163 1684 3228 l.
1706 3163 1750 3228 l.
1818 3164 1929 3248 (ef.
1987 3163 2256 3228 eundem
2309 3163 2390 3228 de
2441 3166 2756 3230 Fontibus

1051 3269 1284 3339 Stoboei
1318 3271 1380 3355 ξ.
1407 3288 1512 3354 49.
1544 3291 1612 3357 p.
1648 3270 1829 3353 207.)
1860 3290 1938 3332 ex
1984 3265 2292 3332 Platonici
2339 3267 2589 3333 Phaedri
2620 3267 2756 3333 loco

1048 3376 1280 3441 ductus
1308 3372 1597 3437 videtur:
1649 3370 2143 3459 Wyttenbachio
2182 3383 2401 3436 contra
2444 3372 2549 3456 (ad
2588 3372 2753 3437 Plut.

1047 3478 1129 3544 de
1163 3480 1226 3544 S.
1253 3479 1339 3543 N.
1364 3478 1443 3541 V.
1472 3499 1537 3564 p.
1567 3490 1671 3558 27.
1700 3474 1802 3540 ed.
1835 3497 1932 3562 pr.
1965 3497 2029 3562 p.
2056 3476 2201 3559 336.
2233 3473 2337 3538 ed.
2367 3474 2506 3551 alt.)
2544 3474 2759 3540 Plato-

1048 3581 1226 3646 nicus
1267 3603 1346 3644 ex
1389 3580 1655 3645 Onate0.
1726 3579 1902 3643 Utut
1943 3588 2072 3641 est:
2122 3579 2362 3641 Onatas
2393 3579 2437 3642 l.
2463 3577 2506 3641 l.
2553 3578 2756 3642 sidera

1046 3707 1165 3772 pro
1186 3683 1308 3749 diis
1332 3681 1546 3761 habet,
1578 3705 1692 3747 nec
1721 3681 1932 3746 minus
1959 3683 2034 3760 is,
2066 3679 2179 3767 qui
2219 3679 2563 3746 Eustathio
2597 3681 2757 3745 illud

1046 3790 1546 3855 additamentum
1574 3786 2038 3875 suppeditavit:
2078 3788 2114 3849 ‘o'
2144 3789 2311 3851 ἐστιν
2328 3785 2568 3855 Ἥλιος.
2635 3790 2756 3852 Za-

1048 3891 1290 3956 charias
1305 3907 1520 3955 autem
1548 3889 1981 3977 Mytilenaeus,
2004 3889 2262 3975 quando
2290 3889 2478 3954 solem
2503 3889 2656 3956 dicit
2685 3914 2749 3979 p.

1056 3994 1196 4075 178.
1289 3995 1438 4057 Deo
1473 3991 1659 4056 unico
1700 4007 1764 4056 et
1807 3991 2186 4079 sempiterno
2228 3992 2576 4078 subjectum
2623 4016 2755 4058 esse

1048 4095 1404 4180 servireque
1435 4107 1738 4180 tanquam
1784 4093 2165 4181 mancipium
2214 4096 2491 4179 (δοῦλον)
2533 4110 2598 4159 et
2640 4096 2752 4183 qui

1047 4196 1258 4261 anima
1283 4207 1490 4259 careat
1521 4196 1827 4279 (ἄψυχον)
1861 4194 2112 4259 videtur
2138 4196 2446 4280 ejusmodi
2479 4197 2752 4284 philoso-

1049 4298 1210 4386 phos
1240 4311 1498 4383 tangere
1524 4295 1814 4375 voluisse,
1845 4296 1979 4385 qui,
2014 4313 2088 4363 ut
2122 4299 2361 4363 Onatas
2397 4303 2755 4379 βασιλεύειν

1048 4400 1269 4465 dicunt
1296 4401 1343 4463 J
1345 4399 1850 4481 ovem—Solem,
1879 4416 1992 4465 aut
2022 4400 2154 4487 qui,
2185 4415 2257 4466 ut
2285 4400 2472 4465 Plato
2500 4417 2564 4466 et
2609 4402 2757 4468 Plo-

1049 4502 1238 4579 tinus,
1268 4503 1519 4589 regiam
1561 4503 1845 4567 animam
1887 4504 2259 4592 regiamque
2301 4513 2566 4569 mentem
2597 4507 2753 4571 Jovi

1047 4606 1429 4671 attribuunt.

1134 4730 1199 4794 p.
1231 4724 1310 4791 75
1329 4725 1379 4785 ι,
1422 4725 1519 4771 11.
1568 4708 1666 4771 καὶ
1703 4706 1810 4771 τὸν
1850 4709 1974 4771 Δία
2000 4707 2287 4791 λέγοντες
2315 4712 2416 4774 ὁτὲ
2447 4713 2752 4791 μὲν-ὁτὲ

1046 4812 1113 4874 δὲ
1142 4809 1241 4874 ἐπὶ
1271 4808 1339 4872 τὸ
1367 4807 1704 4890 ἡγεμονοῦν
1719 4813 1826 4873 τοῦ
1846 4810 2094 4895 παντός]
2148 4812 2251 4876 De
2281 4811 2535 4898 duplice
2565 4813 2756 4892 Jove,

1044 4911 1146 4977 vel
1173 4910 1359 4975 Jovis
1384 4925 1552 4975 certe
1595 4910 1846 4976 nomine
1892 4911 2175 4976 Platonis
2218 4928 2423 4979 exstat
2467 4916 2749 4981 testimo-

1047 5014 1226 5079 nium
1265 5013 1329 5076 in
1376 5011 1639 5099 Cratylo
1679 5036 1743 5099 p.
1773 5017 1921 5100 396.
1955 5017 2045 5079 A.
2080 5038 2145 5101 p.
2175 5035 2279 5099 29.
2315 5016 2515 5080 Bekk.
2606 5020 2744 5083 Ex-

1044 5132 1243 5182 trema
1284 5114 1655 5195 adscribam,
1699 5115 1845 5181 licet
1893 5116 2067 5182 locus
2113 5140 2236 5182 non
2293 5141 2747 5206 usquequaque

1042 5217 1332 5307 congruit
1363 5216 1722 5282 Plotiniano
1744 5243 1833 5282 :—
1853 5219 1923 5284 οὗ
1959 5223 2076 5302 γὰρ
2116 5219 2283 5284 ἔστιν
2321 5221 2462 5300 ἡμῖν
2489 5223 2589 5286 καὶ
2627 5228 2749 5291 τοῖς

1042 5324 1253 5391 ἄλλοις
1277 5325 1488 5394 πᾶσιν,
1517 5320 1583 5387 ὅς
1616 5323 1705 5387 τίς
1740 5323 1907 5385 ἐστιν
1946 5324 2131 5389 αἵτιος
2166 5325 2407 5402 μᾶλλον
2445 5329 2551 5388 τοῦ
2577 5323 2748 5405 ξῇνῆ

1041 5427 1075 5488 6
1125 5426 1338 5509 ἅρχωνἰ
1370 5450 1438 5489 τε
1477 5425 1575 5489 καὶ
1614 5424 1909 5503 βασιλεὺς
1951 5431 2071 5489 τῶν
2112 5425 2373 5490 πάντων.
2423 5430 2748 5508 συμβαίνει

1041 5528 1149 5592 οὖν
1177 5529 1363 5607 ὀρθῶς
1391 5526 1785 5607 ὀνομάζεσθαι
1812 5526 1983 5595 οὗτος
2011 5529 2046 5590 6
2075 5527 2213 5595 θεὸς
2235 5527 2405 5603 εἶναι,
2438 5528 2509 5594 δι’
2541 5529 2615 5594 ὃν
2641 5535 2748 5611 ζῇν

2033 533 2870 598 ANNOTATIONES

2938 534 3049 597 IN
3116 534 3570 599 PLOTINI

2848 705 2943 770 ἀεὶ
2979 710 3129 770 πᾶσι
3171 711 3296 773 τοῖς
3344 711 3524 782 ζῶσιν
3568 704 3842 790 ὑπάρχει.
3891 707 4225 788 διείληπται
4274 709 4340 771 δὲ
4385 709 4546 792 δίχα,

2848 810 3051 890 ὥσπερ
3079 808 3264 890 λέγω,
3297 809 3365 873 ἓν
3394 808 3462 872 τὸ
3491 811 3701 889 ὄνομα,
3721 812 3803 895 τᾷ
3825 809 3933 873 Διὶ
3957 812 4055 874 καὶ
4082 814 4165 897 τᾷ
4196 812 4374 891 Ζηνί.
4438 810 4552 874 Ad

2849 934 3037 998 quem
3068 909 3273 975 locum
3305 910 3505 975 multa
3544 911 3829 998 disputat
3871 912 4138 976 Proclus
4174 912 4238 976 in
4289 912 4553 978 Scholiis

2853 1015 2914 1097 ξ.
2951 1033 3276 1098 94—102.
3321 1037 3383 1101 p.
3415 1034 3525 1099 5¹·
3576 1037 3716 1100 sqq.
3752 1013 4033 1078 Boisson.
4111 1014 4298 1078 Varie
4339 1030 4553 1079 autem

2852 1116 2900 1181 J
2904 1139 3051 1181 oves
3078 1116 3503 1182 distinxerunt
3534 1115 3779 1202 antiqui
3816 1115 4192 1204 philosophi.
4268 1116 4412 1181 vid.
4443 1140 4554 1182 an-

2852 1233 2982 1285 not.
3002 1218 3245 1284 Davisii
3272 1231 3336 1282 et
3366 1233 3638 1284 nostram
3670 1218 3735 1283 in
3766 1218 4051 1284 Ciceron.
4070 1219 4152 1284 de
4181 1220 4264 1284 N.
4292 1220 4377 1286 D.
4411 1221 4550 1285 111.

2852 1342 2956 1388 21.
2988 1346 3053 1410 p.
3084 1322 3236 1407 584.
3268 1321 3370 1386 ed.
3402 1336 3596 1386 nostr.
3630 1334 3695 1386 et
3725 1321 3987 1387 Moneri.

2934 1447 3000 1512 p.
3033 1444 3181 1510 753,
3205 1426 3262 1489 8.
3311 1427 3374 1489 ai
3406 1427 3472 1489 δὲ
3523 1424 3933 1492 ἔπονται--ὦς
3970 1427 4035 1490 αἱ
4068 1427 4136 1489 ἐν
4181 1424 4439 1499 κλάδοις,
4479 1429 4551 1505 τῆ

2848 1532 2955 1593 τοῦ
2982 1531 3129 1593 ὅλου
3160 1532 3351 1611 φυτοῦ
3399 1533 3514 1610 (sc.
3547 1529 3789 1613 φύσει)]
3872 1529 4009 1593 Nos
4050 1526 4552 1615 interpunctione

2847 1630 2995 1695 huic
3028 1629 3167 1696 loco
3202 1629 3653 1695 consuluimus.
3745 1630 3911 1694 Nam
3943 1627 4061 1694 nisi
4087 1627 4339 1717 virgula
4361 1629 4551 1694 inter-

2845 1746 3187 1823 poneretur
3236 1746 3379 1820 post
3426 1732 3686 1811 κλάδοις,
3737 1731 4070 1796 Genitivus
4126 1731 4549 1819 requireretur

2843 1850 3102 1925 propter
3146 1835 3528 1918 ἑξηρτημέναι
3569 1849 3633 1899 et
3675 1836 3957 1918 έιιφῦσαι.
4048 1833 4155 1898 Ad
4210 1854 4543 1921 argumen-

2846 1955 2983 2004 tum
3013 1938 3134 2004 loci
3175 1953 3240 2003 et
3282 1938 3363 2002 ad
3408 1936 3765 2025 exemplum
3814 1936 4069 2025 plantae,
4101 1936 4276 2024 quod
4320 1936 4385 2000 in
4427 1935 4546 2001 bac

2844 2042 3269 2130 disputatione
3315 2039 3687 2129 saepiuscule
3733 2055 3998 2127 usurpat
4050 2038 4365 2118 Plotium,
4417 2038 4540 2104 vid.

2847 2169 3038 2234 supra
3070 2146 3188 2211 1v.
3220 2146 3282 2209 8.
3314 2163 3376 2228 9.
3408 2143 3561 2230 ibiq.
3593 2147 3839 2209 Annot.
3870 2142 3952 2206 ad
3982 2165 4050 2231 p.
4080 2159 4231 2230 351.
4257 2143 4341 2207 F.

2933 2273 2997 2337 p.
3028 2266 3060 2325 ¹7
3066 2269 3177 2334 54,
3205 2270 3259 2313 1.
3293 2249 3783 2329 οἷον-γενείων,
3812 2252 4010 2327 μαζῶν
4024 2245 4325 2331 αὐξήσεις]
4363 2245 4547 2310 Plato

2840 2356 2921 2420 de
2953 2355 3161 2440 Legg.
3197 2350 3402 2415 VIII.
3426 2372 3490 2436 p.
3528 2351 3675 2435 833.
3709 2351 3787 2415 C.
3818 2350 3887 2414 ἓν
3913 2352 4028 2430 μὲν
4046 2353 4350 2423 παιδικόν,
4385 2350 4451 2414 ἓν
4480 2352 4546 2412 δὲ

2842 2459 3152 2540 ἀγενείων,
3201 2455 3269 2519 ἓν
3312 2456 3378 2517 δὲ
3423 2455 3670 2534 ἀνδρῶν.
3770 2452 3957 2517 Unde
3999 2451 4372 2540 intelligitur
4413 2477 4546 2518 τους

2845 2561 3151 2642 ἀγενείους
3201 2555 3440 2620 medios
3487 2553 3651 2618 inter
3707 2553 4001 2641 pusiones
4062 2569 4126 2619 et
4183 2553 4349 2618 viros
4394 2577 4544 2618 esse.

2844 2663 2992 2732 Qua
3035 2660 3096 2723 in
3145 2682 3211 2723 re
3251 2657 3367 2722 sibi
3405 2672 3647 2722 constat
3678 2657 3881 2722 Plato.
3928 2657 4036 2723 Cf.
4073 2660 4363 2745 Sympos.
4394 2680 4449 2721 c.
4484 2674 4540 2738 7.

2843 2788 2910 2852 p.
2948 2780 3049 2846 17.
3095 2761 3263 2826 Astii
3300 2759 3382 2825 de
3412 2759 3699 2825 Achille:
3750 2762 3847 2824 καὶ
3891 2762 3979 2825 ἔτι
4022 2760 4294 2842 ἀγένειος
4329 2763 4542 2847 (quem

2846 2867 3047 2931 locum
3080 2864 3197 2928 viri
3226 2862 3465 2949 aliquot
3494 2862 3665 2926 docti
3693 2861 4007 2926 immerito
4032 2861 4094 2925 in
4131 2861 4541 2949 suspicionem

2840 2967 3311 3047 adduxeruntz)
3360 2964 3443 3028 cf.
3467 2963 3620 3028 ibid.
3650 2987 3707 3028 c.
3738 2984 3803 3049 9.
3834 2986 3898 3051 p.
3934 2982 4034 3029 20.
4071 2962 4208 3027 ἀλλ’
4231 2961 4271 3042 ἢ
4304 2967 4542 3029 ἐπειδᾶν

2841 3070 2949 3150 ἤδη
2990 3071 3290 3153 ἄρχωνται
3333 3072 3475 3131 νοῦν
3508 3069 3731 3150 ἴσχειν.
3779 3070 3954 3130 τοῦτο
3998 3068 4064 3130 δὲ
4107 3065 4423 3146 πλησιάζει.
4464 3070 4545 3151 τᾷ

2842 3172 3237 3254 γενειάσκειν.
3306 3168 3628 3234 Plutarch.
3663 3168 3743 3232 de
3771 3168 3914 3233 frat.
3946 3191 4158 3233 amore
4187 3190 4253 3254 p.
4273 3169 4426 3250 484.
4454 3170 4540 3231 A.

2843 3297 2903 3362 p.
2938 3291 3087 3359 970.
3121 3275 3335 3361 Wytt.
3385 3275 3418 3336 6
3464 3275 3528 3337 δὲ
3568 3271 3977 3354 Ἀθηνόδωρος
4024 3271 4100 3351 ἦν
4132 3273 4246 3352 μὲν
4283 3270 4372 3336 ἔτι
4415 3295 4539 3351 μει-

2839 3377 3047 3461 ράκιον
3076 3378 3304 3442 οὐδέπω
3334 3382 3604 3459 γενειῶν.
3693 3376 3772 3440 In
3804 3382 4001 3455 μαζῶν
4029 3373 4217 3439 etiam
4248 3372 4414 3438 viros
4447 3396 4547 3436 co-

2841 3480 3067 3568 gitavit
3114 3479 3418 3557 Plotinus,
3455 3478 3504 3542 si
3541 3477 3696 3542 fides
3745 3476 4185 3544 Grammaticis
4228 3475 4329 3541 sit.
4421 3475 4545 3541 Sed

2841 3583 3071 3648 horum
3114 3581 3432 3647 distinctio
3467 3579 3631 3644 inter
3664 3581 3837 3661 μαζοὶ
3877 3593 3942 3645 et
3981 3581 4203 3660 μαστοὶ
4230 3578 4415 3644 valde
4444 3578 4540 3644 lu-

2842 3686 3015 3751 brica
3040 3700 3149 3750 est.
3227 3684 3372 3748 vid.
3411 3696 3626 3748 annot.
3673 3696 3948 3747 nostram
3991 3681 4054 3746 in
4100 3681 4419 3770 Porphyr.
4462 3681 4542 3745 de

2845 3789 2989 3854 Vita
3023 3788 3254 3854 Plotini
3285 3811 3338 3851 c.
3362 3806 3427 3872 3.
3457 3810 3522 3873 p.
3551 3789 3654 3873 96.
3687 3784 3788 3850 ed.
3824 3785 4074 3849 Fabric.

2927 3929 3015 3941 —-
3051 3912 3075 3955 1
3093 3911 3150 3956 2.
3186 3890 3368 3954 Ἔστι
3398 3892 3462 3953 δὲ
3490 3893 3664 3952 τοῦτο
3694 3885 4142 3971 ἆνθρῶπων-ῗ]
4163 3887 4232 3951 τὸ
4264 3889 4542 3970 ἐφίεσθαι

2842 3997 3034 4077 εὑρεῖν
3079 3994 3426 4077 φρόνησιν.]
3479 3992 3645 4055 Haec
3688 3990 4024 4078 conjuncta
4065 4005 4212 4055 sunt
4253 4012 4398 4055 cum
4446 3989 4542 4053 his

2839 4094 3191 4160 sententiis:
3252 4099 3405 4157 θεῶν
3464 4093 3655 4159 οὐδεὶς
3711 4097 4066 4175 φιλοσοφεῖ,
4128 4107 4203 4156 ut
4261 4091 4541 4156 Diotima

2841 4198 3025 4263 docet
3078 4197 3144 4261 in
3193 4195 3524 4285 Symposio
3575 4195 3744 4259 Plat.
3792 4218 3841 4259 c.
3881 4214 3983 4279 29.
4027 4218 4094 4279 p.
4126 4197 4230 4276 64.
4263 4198 4410 4259 Ast.
4454 4210 4537 4271 et,

2841 4303 2977 4366 οὔτε
3007 4304 3124 4382 γᾶρ
3153 4304 3353 4383 σοφοῦ
3380 4299 3448 4363 τὸ
3488 4304 3877 4382 φιλοσοφεῖν,
3916 4313 3985 4362 ut
4024 4313 4119 4363 est
4160 4297 4335 4385 apud
4381 4300 4538 4362 Pro·

2840 4401 3007 4468 clum
3037 4403 3100 4466 in
3134 4401 3337 4467 Alcib.
3363 4424 3459 4488 pr.
3492 4424 3556 4487 p.
3590 4402 3731 4485 189.
3761 4399 3863 4465 ed.
3894 4416 4084 4465 nostr.
4134 4400 4239 4465 Cf.
4263 4400 4545 4465 Musonii

2843 4506 2994 4570 Rufi
3030 4508 3394 4591 Fragment.
3425 4504 3487 4568 in
3522 4502 4001 4590 Wyttenbachii
4041 4501 4464 4569 Philomatbia
4493 4504 4539 4567 1.

2838 4631 2904 4696 p.
2946 4609 3084 4672 161.
3117 4630 3256 4694 sqq.
3277 4622 3341 4672 et
3365 4606 3685 4672 Plotinum
3719 4605 3928 4693 ipsum
3955 4606 4077 4669 VI.
4100 4621 4162 4687 7.
4192 4608 4300 4691 38.
4330 4621 4393 4670 et
4422 4607 4536 4672 VI.

2846 4732 2905 4797 9.
2944 4732 3038 4776 10.
3068 4733 3206 4797 sqq.

2931 4835 2996 4900 p.
3033 4828 3067 4895 7
3071 4832 3110 4897 5
3114 4832 3180 4897 5,
3218 4832 3317 4897 15.
3365 4812 3539 4876 οὐδὲν
3568 4811 3920 4893 ἀμφίβολον
3940 4810 4077 4875 οὐδὲ
4106 4811 4544 4892 ἀμφιγνοούμε-

2846 4919 2979 5002 νον]
3032 4916 3139 4980 Cf.
3176 4914 3384 4979 Lexic.
3416 4913 3711 5000 Xenopb.
3745 4913 3807 4976 in
3837 4915 4215 4996 ἀμφιγνοεῖν.
4262 4912 4443 4975 Tom.
4482 4912 4540 4975 1.

2837 5041 2905 5105 p.
2942 5021 3087 5083 168.
3134 5034 3200 5083 et
3233 5020 3501 5083 Zonaroe
3544 5019 3699 5082 Lex.
3750 5017 3957 5082 Graec.
4002 5036 4151 5080 cum
4181 5012 4537 5079 Tittmanni

2836 5124 3067 5187 Annot.
3101 5145 3164 5209 p.
3195 5124 3337 5187 162.

2919 5260 3008 5273 —
3047 5245 3143 5309 19.
3190 5227 3325 5290 οὐδὲ
3354 5226 3501 5307 πρός
3528 5250 3585 5287 τι
3620 5221 3874 5303 βλέπων
3910 5219 4272 5301 ποιήσει-ἢ
4301 5223 4383 5289 ὥς.
4407 5223 4538 5286 οἷον

2843 5326 3047 5411 (Fort.
3092 5325 3488 5391 inserendum
3520 5351 3606 5400 τε,
3641 5339 3713 5388 ut
3759 5323 3838 5387 sit
3878 5320 4024 5402 ἢὼς
4066 5324 4198 5388 οἶόν
4232 5327 4328 5407 τε)
4369 5325 4438 5387 τὸ
4471 5327 4540 5388 ἐν

2836 5429 2989 5516 αὐτῷ
3019 5430 3393 5511 παράδειγμα
3422 5429 3602 5512 ἔχει.]
3652 5428 3866 5490 Ducta
3905 5424 4040 5489 haec
4070 5440 4220 5490 sunt
4249 5450 4286 5489 e
4316 5427 4533 5491 Plato-

2833 5532 2933 5596 nis
2962 5530 3212 5597 Titnaeo
3241 5555 3303 5618 p.
3340 5531 3442 5597 28.
3478 5553 3542 5617 p.
3578 5548 3677 5615 23.
3709 5551 3804 5614 sq.
3846 5526 4046 5591 Bekk.
4070 5529 4313 5593 ε-τόδε
4345 5529 4394 5593 δ’
4428 5531 4536 5595 οὖν
