5118 6613
1437 534 1643 600 LIB.
1676 536 1738 601 1.
1782 533 2247 599 ENNEAD.
2295 529 2689 598 SEXTAE.
2732 554 2795 619 p.
2832 531 3278 617 1058—1066.

610 706 842 772 morbis
870 720 934 772 et
963 705 1152 772 animi
1181 721 1245 771 et
1267 708 1542 794 corporis
1570 707 1850 796 disputat
1876 706 2088 780 Plato;
2121 705 2304 794 cujus

606 807 724 874 loci
755 832 1061 875 summam
1106 832 1448 897 paucorum
1480 811 1813 875 verborum
1858 809 2098 876 ambitu
2132 833 2299 875 com-

606 912 939 1001 prehendit
967 912 1458 1003 Olympiodorus
1484 913 1549 978 in
1580 913 1894 981 Alcibiad.
1925 937 2019 1002 pr.
2048 914 2299 979 XXII.

607 1037 670 1101 P·
705 1035 846 1101 Ι97·

698 1143 761 1207 p.
791 1121 981 1198 1061,
1014 1138 1110 1183 12.
1135 1117 1311 1184 Ἀλλ’
1337 1122 1390 1184 εἰ
1420 1124 1567 1185 κατὰ
1594 1120 1702 1199 τὴν
1726 1117 2040 1203 μόρφωσιν
2070 1151 2123 1187 κ.
2138 1148 2188 1184 τ.
2201 1125 2293 1209 λ.]

614 1220 968 1310 Simplicius
997 1219 1041 1285 l.
1060 1244 1119 1286 e.
1152 1220 1259 1286 fol.
1287 1224 1389 1287 60.
1415 1222 1475 1286 b.
1511 1220 1667 1303 (Ed.
1696 1221 1886 1286 Basil.
1917 1227 2170 1309 1551.):
2220 1229 2303 1293 εἷς

609 1325 955 1389 τούναντίον
975 1326 1042 1388 δὲ
1069 1326 1295 1392 τούτοις
1317 1327 1350 1389 ὁ
1373 1331 1683 1392 Πλωτῖνος
1713 1327 1969 1408 ἀπορῶν,
1998 1330 2050 1392 εἰ
2079 1330 2297 1403 κοινόν,

609 1429 819 1509 φησίν,
869 1429 1000 1491 ἐστι
1048 1425 1243 1507 πάσης
1287 1429 1593 1508 ποιότητος
1641 1427 1710 1491 τὸ
1759 1427 1912 1492 εῖναι
1960 1435 2302 1513 χαρακτῆρα

608 1530 827 1609 ἔξωθεν
855 1529 1079 1603 οὐσίας,
1114 1530 1209 1594 καὶ
1235 1529 1305 1593 τὸ
1338 1532 1750 1613 ἐπιγινόμενον
1776 1535 1928 1611 μετὰ
1954 1533 2063 1612 τὴν
2089 1534 2303 1598 οὐσίαν

611 1635 694 1700 εἶς
717 1632 786 1695 τὸ
815 1637 937 1700 πῶς
979 1636 1309 1697 διακεῖσθαι
1351 1632 1419 1697 τὸ
1460 1635 1868 1713 ὑποκείμενον,
1900 1638 1996 1699 διᾶ
2029 1637 2091 1700 τί
2113 1638 2302 1702 πλείω

609 1736 750 1813 εἴδη.
799 1739 1234 1818 καταριθμεῖται
1261 1738 1568 1817 ποιότητος
1597 1737 1713 1817 ἕξις
1742 1739 1838 1802 καὶ
1867 1737 2162 1814 διάθεσις;
2197 1743 2304 1806 ἄλ-

608 1843 722 1900 λου
749 1839 864 1919 γὰρ
894 1841 1170 1921 διαφορὰ,
1205 1840 1300 1903 καὶ
1344 1839 1413 1903 οὔ
1446 1842 1753 1921 ποιότητος
1794 1841 1862 1905 τὸ
1904 1843 2175 1922 μόνιμον,
2208 1846 2304 1908 καὶ

609 1940 709 2020 μὴ,
741 1939 880 2005 ἀλλ’
914 1942 1142 2022 ἀρκεῖὴ
1172 1941 1432 2009 διάθεσις
1477 1945 1753 2008 ὁπωσοῦν
1781 1945 2009 2028 ἔχουσα
2049 1946 2196 2028 πρὸς
2232 1947 2301 2011 τὸ

610 2040 1032 2126 παρασχέσθω
1075 2046 1270 2109 ποιόν.
1315 2044 1619 2127 προσθήκη
1664 2048 1730 2110 δὲ
1778 2049 1875 2112 καὶ
1923 2048 2142 2128 ἔξωθέν
2174 2051 2304 2115 ἐστι

610 2144 677 2208 τὸ
704 2146 957 2225 μόνιμον
981 2144 1206 2227 μένειν.
1253 2147 1390 2212 ἀλλ’
1423 2151 1586 2230 εἴπερ
1608 2148 1675 2213 τὸ
1702 2151 1955 2230 μόνιμον
1978 2153 2075 2216 καὶ
2104 2155 2300 2217 δυσκί-

613 2273 809 2327 νητον,
844 2249 939 2313 καὶ
966 2248 1034 2312 τὸ
1065 2249 1429 2333 συνέχεσθαι
1459 2253 1527 2315 ἐν
1556 2255 1635 2337 τῷ
1666 2253 1819 2338 αὐτῷ
1857 2256 1998 2318 εἴδει
2027 2256 2157 2319 ἐστὶ
2185 2262 2303 2320 τῶν

611 2349 848 2424 οὐσιῶν,
880 2347 918 2428 ἢ
946 2355 1053 2415 τοῦ
1091 2354 1281 2434 λόγου
1321 2356 1424 2432 τῆς
1463 2354 1688 2427 οὐσίας,
1722 2354 1794 2435 νὴ
1825 2357 1965 2430 Δία,
2006 2363 2129 2425 πῶς
2169 2359 2304 2443 οὐχὶ

613 2453 709 2516 καὶ
737 2453 805 2516 ἐν
832 2458 960 2520 ταῖς
983 2455 1294 2534 ποιότησιν
1320 2455 1357 2535 ἡ
1388 2458 1537 2520 κατὰ
1564 2461 1748 2520 ταῦτα
1782 2461 2039 2541 διαφορᾶ
2064 2462 2300 2542 ποιότη·

611 2579 709 2622 τος
749 2561 913 2620 ποιεῖ
954 2556 1125 2631 εἶδος,
1160 2558 1227 2620 ἐν
1272 2559 1360 2622 ἑνὶ
1408 2561 1552 2623 εἴδει
1595 2559 1739 2642 ἔχον
1766 2563 1900 2625 τινὰ
1942 2561 2088 2643 πρὸς
2132 2563 2304 2627 ἑαυτὸ

612 2660 926 2741 διαφορὰν,
961 2659 1057 2724 καὶ
1084 2658 1221 2744 οὐχὶ
1256 2660 1532 2742 περιττήν
1569 2685 1703 2725 τινα
1744 2663 2122 2744 προσθήκην;
2170 2667 2307 2730 οὐδὲ

610 2762 725 2841 γὰρ
753 2764 834 2846 τῷ
862 2761 1102 2844 τυχόντι
1144 2766 1531 2846 διενεγκοῦσα
1556 2764 1594 2843 ἦ
1625 2764 1741 2843 ἕξις
1780 2769 1943 2848 παρᾶ
1969 2767 2077 2847 τὴν
2106 2768 2300 2833 διάθε-

608 2887 712 2926 σιν
737 2862 1108 2945 μονιμωτέρα
1135 2864 1409 2948 γέγονεν,
1443 2867 1607 2931 ἀλλὰ
1634 2866 1703 2930 τὸ
1731 2875 2102 2949 μεταλαβεῖν
2130 2870 2299 2954 ἀτρέ-

611 2987 760 3028 πτου
801 2963 963 3033 τινὸς
1005 2966 1101 3030 καὶ
1145 2968 1461 3033 ἀδιαλύτου
1491 2968 1806 3049 δυνάμεως.
1856 2973 1985 3037 ἔστι
2014 2976 2079 3037 δὲ
2108 2980 2298 3052 τοῦτο,

608 3067 684 3131 οὗ
703 3068 1009 3149 προσθήκη
1030 3069 1188 3137 τινὸς
1216 3073 1497 3152 εἷδητικῆς
1523 3078 1931 3157 παραλλαγῆς,
1957 3075 2094 3141 ἀλλ’
2118 3080 2307 3144 οἰκεία

613 3174 871 3253 διαφορᾶ
907 3175 1008 3251 τῆς
1051 3177 1158 3237 τοῦ
1202 3174 1381 3238 αὐτοῦ
1428 3176 1614 3242 εἴδους
1658 3179 2043 3258 τελειότητος,
2076 3180 2189 3264 οὐχ
2216 3182 2307 3246 ὅτι

613 3273 847 3342 ἀτελεῖς
874 3276 1033 3341 εἰσιν
1062 3278 1126 3341 αἶ
1151 3275 1464 3352 διαθέσεις,
1496 3275 1634 3342 ἀλλ’
1665 3279 1757 3344 ὅτι
1798 3280 1894 3344 καὶ
1931 3281 2102 3348 αὐταὶ
2131 3282 2303 3368 ἔχου-

612 3402 715 3441 σιν
744 3380 969 3442 οἰκείαν
995 3378 1339 3461 τελειότητα
1365 3380 1620 3456 τοιάνδε,
1648 3388 2049 3450 κοινωνοῦσαν
2075 3391 2176 3466 τῆς
2203 3392 2310 3452 τοῦ

614 3481 792 3545 αὐτοῦ
835 3483 1023 3549 εἴδους
1062 3480 1449 3564 τελειότητος.
1494 3489 1678 3550 ταῦτα
1719 3488 1836 3568 γὰρ
1877 3490 1953 3551 τὰ
1991 3490 2123 3567 μὲν,
2158 3494 2306 3555 κατὰ

612 3583 719 3662 τὴν
747 3583 1032 3660 διάθεσιν,
1062 3589 1138 3650 τὰ
1181 3588 1246 3651 δὲ
1292 3589 1440 3651 κατὰ
1476 3586 1584 3666 τὴν
1613 3588 1754 3666 ἕξιν.
1804 3588 1899 3652 καὶ
1928 3592 2042 3672 γὰρ
2071 3590 2207 3655 οὐδὲ
2238 3594 2306 3656 ἐν

615 3691 692 3774 τῷ
721 3688 875 3775 αὐτῷ
904 3688 1123 3757 τελέως
1147 3691 1185 3771 ἡ
1216 3690 1331 3769 ἕξις
1356 3690 1523 3770 μένει
1550 3694 1621 3771 τῇ
1662 3692 1925 3757 διαθέσει
1956 3694 2056 3774 (οὐ
2084 3698 2200 3777 γὰρ
2230 3695 2306 3760 ἂν

613 3789 689 3869 ἦν
716 3792 874 3870 ἄλλη
903 3790 1038 3874 παρ’
1065 3792 1271 3875 αὐτὴν)
1306 3794 1442 3857 οὔτε
1473 3795 1773 3873 ἐξίσταται
1801 3798 2057 3863 τελείως·
2089 3798 2159 3860 οὗ
2189 3801 2305 3881 γὰρ

612 3893 688 3958 ἂν
728 3895 767 3974 ἡ
812 3893 928 3973 ἕξις
971 3898 1122 3974 μετὰ
1165 3896 1501 3977 προσθήκης
1545 3896 1805 3964 διάθεσις
1849 3897 1942 3978 ἦν,
1976 3900 2142 3963 ἀλλὰ
2185 3907 2308 3968 πῶς

610 3996 779 4076 μὲνὴ
810 3996 954 4075 αὕτη
980 3997 1126 4079 πρὸς
1153 3998 1263 4077 τὴν
1289 3998 1574 4073 διάθεσιν,
1605 4005 1727 4066 πῶς
1752 4001 1817 4064 δὲ
1847 4001 1950 4064 οὐκ
1981 4001 2165 4076 ἔστιν,
2201 4003 2306 4067 ἅτε

613 4100 684 4179 δὴ
713 4103 1024 4182 διαφοραῖς
1061 4103 1129 4165 ἐν
1156 4104 1236 4187 τῷ
1282 4102 1436 4187 αὐτῷ
1482 4105 1624 4166 εἴδει
1665 4102 1954 4182 μένουσαι
1997 4106 2302 4187 διωρισμέ·

696 4328 759 4393 p.
792 4307 979 4385 1062‚
1011 4323 1068 4368 2.
1098 4305 1168 4370 οὐ
1196 4308 1312 4388 γᾶρ
1340 4310 1599 4389 διαφορᾶ
1624 4305 1932 4385 ποιότητος
1959 4308 2027 4372 τὸ
2055 4307 2307 4390 μόνιμον

614 4408 711 4473 καὶ
735 4408 803 4472 τὸ
829 4407 941 4496 μὴ]
976 4405 1360 4495 Obloquitur
1378 4409 1703 4474 Aristoteli
1723 4409 1787 4474 in
1810 4413 2072 4499 Categg.
2093 4414 2210 4477 VI.
2230 4437 2300 4496 4:

616 4510 910 4593 Διαφέρει
953 4513 1019 4575 δὲ
1066 4512 1182 4591 ἕξις
1230 4511 1550 4580 διαθέσεως
1595 4518 1675 4601 τῷ
1717 4515 2111 4597 χρονιώτερον
2156 4515 2307 4581 εἶναι

613 4614 707 4679 καὶ
734 4616 1135 4698 μονιμώτερον
1164 4643 1214 4680 κ.
1238 4642 1289 4680 τ.
1314 4625 1377 4681 λ.
1454 4618 1615 4682 Mox
1644 4640 1791 4682 cum
1817 4617 1989 4683 libris
2016 4619 2146 4684 fere
2175 4644 2307 4685 om-

610 4715 795 4781 nibus
825 4731 967 4804 post
993 4716 1415 4801 παρασχέσθαι
1441 4718 1643 4784 delevi
1672 4720 1761 4795 τὸ,
1791 4736 1854 4784 et
1893 4720 2106 4808 scripsi
2143 4724 2303 4788 οὔπω

611 4841 755 4884 cum
782 4817 1003 4883 iisdem
1042 4843 1158 4907 pro
1186 4823 1336 4886 οὕτω
1378 4836 1521 4909 post
1556 4824 1810 4903 ἀτελεῖς,
1839 4823 2116 4910 itemque
2149 4827 2223 4890 B.
2258 4825 2302 4892 l.

613 4939 672 5005 7.
695 4924 937 5002 δύναμις
965 4939 1107 5010 post
1136 4924 1297 5002 ἕξεσι
1325 4947 1441 5012 pro
1470 4924 1759 5005 δυνάμεις,
1782 4926 2051 5014 denique
2076 4929 2150 4992 C.
2175 4928 2219 4992 l.
2237 4949 2301 5010 4.

613 5023 751 5106 (lin.
784 5026 901 5089 ult.
931 5036 995 5090 et
1037 5049 1100 5114 p.
1131 5045 1278 5111 577.
1326 5027 1437 5092 lin.
1474 5032 1560 5109 1.)
1595 5026 1817 5095 ὁπόθεν
1851 5045 1993 5117 post
2036 5032 2303 5114 διαφέρει

609 5150 725 5215 pro
753 5126 822 5191 τὸ
852 5125 1056 5193 πόθεν.

691 5267 780 5280 -
802 5232 864 5295 6.
899 5232 978 5295 At
1004 5232 1069 5294 δὲ
1096 5233 1345 5314 φυσικαὶ
1373 5232 1645 5313 δυνάμεις
1678 5239 1800 5302 πῶς
1845 5235 2049 5317 ἕτερον
2079 5235 2297 5325 εἶδοςς]

607 5331 963 5420 Simplicius
1004 5330 1048 5396 l.
1077 5357 1130 5397 c.
1171 5336 1276 5400 62.
1309 5335 1390 5400 b:
1439 5342 1751 5405 Πλωτῖνος
1795 5340 1861 5402 δὲ
1907 5340 2133 5421 ἀπορεῖ,
2179 5343 2302 5407 πῶς

606 5436 812 5517 ἕτερον
838 5434 993 5503 εἶδος
1035 5438 1098 5500 αἱ
1126 5440 1372 5519 φυσικαὶ
1414 5439 1703 5520 δυνάμεις.
1751 5443 1805 5504 εἰ
1846 5443 1961 5522 γὰρ
2007 5444 2154 5506 κατὰ
2196 5445 2300 5509 τὰς

605 5539 877 5619 δυνάμεις
922 5542 985 5604 αἱ
1029 5539 1354 5622 ποιότητες,
1399 5543 1506 5607 οὐκ
1557 5542 1914 5626 ἐφαρμόττει
1960 5546 2180 5614 πάσαις
2229 5546 2297 5610 τὸ

3962 543 4087 613 327

2389 708 2491 785 τῆς
2519 704 2833 785 δυνάμεως,
2864 706 3010 787 ὅπερ
3041 706 3108 769 ἐν
3138 705 3228 769 ἑνὶ
3257 707 3397 769 εἴδει
3423 701 3760 785 περιέχεται
3787 704 3887 780 τῆς
3913 697 4080 764 ποιό-

2390 834 2581 889 τητος.
2626 809 2789 891 Πρὸς
2818 807 2852 871 δ
2879 807 3109 890 ῥητέον,
3141 808 3233 871 ὅτι
3267 810 3418 871 πῖισι
3453 808 3568 887 μὲν
3594 810 3716 872 τοῖς
3757 806 3943 868 εἴδεσι
3979 805 4078 881 τῆς

2388 908 2697 992 ποιότητος
2737 911 2775 992 ἡ
2815 913 3054 990 δύναμις
3094 908 3477 992 προσήκουσα
3523 908 3945 979 ἀποδέδεικται,
3985 904 4078 968 καὶ

2390 1017 2469 1100 τῷ
2497 1016 2620 1101 ὅλῳ
2650 1012 2814 1097 γένει
2845 1013 3418 1095 σνμπαρατείνουσα.
3464 1014 3833 1095 Πλεοναχῶς
3869 1011 3934 1073 δὲ
3970 1014 4076 1070 λε-

2388 1117 2645 1201 γομένης
2670 1122 2772 1197 τῆς
2798 1115 3112 1195 δυνάμεως,
3145 1119 3321 1198 διχῶς
3362 1117 3427 1179 δὲ
3471 1113 3867 1198 τούλάχιστον
3898 1111 3965 1175 ἓν
3994 1110 4075 1174 εἴ·

2387 1225 2487 1288 δος
2531 1220 2840 1288 ἀποδιδοὺς
2889 1220 3064 1299 αὐτῆς
3111 1218 3180 1283 τὸ
3231 1216 3352 1283 κατ’
3400 1216 3797 1300 ἐντελέχειαν,
3846 1211 4079 1280 εἰκότως

2389 1325 2595 1407 ἕτερον
2623 1325 2967 1404 ἀντιδιαιρεῖ
3006 1323 3075 1386 τὸ
3123 1324 3271 1386 κατὰ
3312 1321 3420 1401 τὴν
3452 1322 3635 1398 ἀτελῆ
3673 1319 4078 1400 θεωρούμενον

2388 1424 2842 1507 ἐπιτηδειότητα,
2872 1426 2996 1505 ἥτις
3041 1428 3189 1490 κατὰ
3230 1424 3298 1488 τὸ
3345 1422 3587 1503 δυνάμει
3630 1427 3868 1494 νοεῖται,
3902 1423 4077 1497 διπλῆ

2389 1530 2485 1592 καὶ
2514 1530 2659 1609 αὐτὴ
2685 1526 3072 1610 θεωρουμένη·
3103 1529 3141 1609 ἡ
3169 1530 3281 1608 μὲν
3311 1529 3460 1591 κατὰ
3487 1527 3594 1606 τὴν
3620 1528 3922 1607 τυχοῦσαν
3951 1524 4074 1586 ἑπι-

2386 1629 2745 1712 τηδειότητα,
2779 1632 2873 1695 καὶ
2904 1633 2972 1694 ἐν
2997 1635 3201 1706 πᾶσιν,
3233 1632 3310 1697 ὧς
3338 1630 3479 1698 ἔπος
3513 1632 3720 1703 εἰπεῖν,
3753 1624 4076 1709 θεωρουμέ-

2389 1757 2518 1813 νην·
2565 1735 2714 1815 ἡδὲ,
2750 1738 2898 1798 κατὰ
2937 1734 3044 1813 τὴν
3085 1734 3193 1814 ἤδη
3232 1732 3537 1815 προκοπήν
3563 1758 3698 1798 τινα
3738 1734 3805 1796 ἐκ
3844 1732 4081 1814 φύσεως

2387 1841 2727 1917 λαβοῦσαν,
2760 1839 2906 1919 ὅπερ
2936 1836 3336 1919 εὖαριθμήτοις
3359 1835 3632 1920 ὑπάρχει.

2476 1963 2542 2028 p.
2584 1942 2768 2028 1063,
2800 1960 2863 2025 3.
2917 1941 3012 2005 καὶ
3053 1940 3121 2004 τὸ
3166 1940 3408 2015 πυκνὸν,
3461 1942 3556 2005 καὶ
3595 1940 3911 2027 τραχύτης]
3977 1939 4081 2002 Ita

2389 2067 2532 2108 cum
2567 2043 2777 2108 Ficino
2806 2067 2882 2107 ex
2912 2043 3090 2108 bonis
3120 2042 3325 2109 Codd.
3357 2042 3502 2108 dedi
3530 2065 3648 2130 pro
3676 2040 3862 2125 τραχύ
3890 2066 3992 2108 τις.

2462 2172 2527 2236 p.
2556 2150 2743 2227 1064,
2768 2148 2863 2210 18.
2888 2150 2993 2210 τοῦ
3019 2149 3319 2226 ποιητικοῦ
3345 2146 3450 2210 οὐκ
3471 2146 3663 2209 ἄλλου
3692 2144 3850 2211 τινὸς
3877 2140 4078 2223 ὄντος]

2393 2252 2496 2316 Ita
2525 2249 2772 2338 reposui
2800 2273 2877 2313 ex
2911 2272 3110 2335 marg.
3144 2247 3452 2314 editionis.
3543 2248 3623 2311 In
3656 2245 3876 2311 ordine
3912 2260 3977 2310 et
4011 2245 4075 2308 in

2392 2354 2595 2419 Codd.
2629 2353 2858 2441 legitur
2895 2357 3000 2417 τοῦ
3040 2349 3364 2432 ποιητικόν.
3454 2351 3613 2415 Mox
3644 2353 3721 2415 C.
3764 2348 3870 2413 liu.
3906 2367 3962 2412 2.
3995 2368 4075 2433 3:

2389 2462 2469 2543 τῷ
2500 2455 2838 2522 νενευκέναι
2863 2455 3009 2537 πρὸς
3031 2455 3100 2519 τὸ
3130 2452 3324 2519 ποιόν.
3412 2454 3669 2518 Ficinus
3700 2452 3887 2539 legit:
3935 2451 4079 2533 πρὸς

2392 2560 2460 2625 τὸ
2488 2565 2715 2625 ποιοῦν.
2808 2557 2953 2624 Sine
2989 2557 3161 2622 libris
3198 2556 3470 2644 recipere
3512 2555 3705 2634 nolui,
3736 2553 3879 2619 licet
3920 2553 4080 2618 male

2391 2678 2622 2728 memet
2647 2662 2852 2751 ipsum
2883 2662 3107 2726 habeat
3139 2659 3341 2725 istud:
3376 2669 3420 2700 “
3447 2659 3632 2739 Quod
3663 2657 3971 2723 declinent
3999 2656 4079 2722 ad

2389 2768 2629 2856 quale?
2715 2767 2876 2830 Mox
2905 2768 2980 2829 C.
3014 2762 3121 2829 lin.
3149 2765 3208 2828 6.
3237 2787 3379 2828 cum
3413 2762 3634 2828 Ficino
3661 2777 3724 2827 et
3754 2761 3912 2827 Cod.
3938 2763 4079 2827 Vat.

2389 2870 2704 2951 ἀπήλαυσε
2734 2870 2828 2934 καὶ
2854 2867 3158 2948 μετέλαβε
3186 2889 3303 2954 pro
3331 2869 3387 2932 ἀ.
3415 2895 3466 2931 κ.
3495 2866 3822 2947 μετέβαλε.
3882 2866 4083 2930 Porro

2392 2973 2480 3036 D.
2509 2970 2617 3037 lin.
2648 2991 2709 3055 9.
2742 2973 2797 3035 εΖ
2826 2971 2948 3050 ἕξιν
2974 2968 3148 3053 λέγοι
3184 2991 3263 3033 ex
3292 2968 3464 3034 libris
3508 2966 3792 3054 plurimis
3833 2967 4082 3055 reposui

2393 3098 2508 3162 pro
2561 3077 2643 3143 εἰς
2686 3075 2772 3154 ἕξ.
2813 3082 2875 3138 λ.
2968 3071 3260 3160 Denique
3291 3073 3371 3136 E.
3416 3070 3457 3135 l.
3501 3070 3766 3158 poenult.
3814 3069 3959 3134 dedi
4004 3093 4083 3134 ex

2394 3175 2640 3242 Codd.:
2697 3177 2791 3241 καὶ
2833 3174 2979 3257 πρὸς
3023 3178 3128 3242 τὰς
3172 3175 3366 3242 ἄλλας
3410 3175 3775 3256 κατηγορίας.
3865 3172 4084 3239 Editio

2391 3279 2609 3346 vitiose
2638 3281 2734 3346 καὶ
2760 3280 2874 3363 πρὸ
2904 3280 3098 3347 ἄλλας
3142 3304 3347 3361 κατηγ.
3438 3279 3756 3343 Caeterum
3801 3300 3923 3342 non
3968 3297 4083 3358 est,

2392 3384 2567 3472 quod
2598 3383 2810 3448 multis
2837 3381 3043 3447 verbis
3071 3403 3400 3468 exponam,
3429 3379 3526 3444 his
3552 3380 3860 3468 capitibus
3889 3381 4084 3446 Ploti-

2390 3510 2570 3567 num,
2600 3500 2793 3573 prout
2819 3484 3258 3572 disputationis
3285 3482 3443 3548 ratio
3472 3482 3730 3555 ferebat,
3762 3481 3943 3569 plura
3980 3507 4082 3548 ca·

2390 3589 2524 3676 pita
2562 3587 3032 3675 categoriarum
3077 3585 3433 3651 Aristotelis
3474 3584 3815 3673 praesertim
3859 3586 4003 3652 inde
4045 3610 4083 3650 a

2390 3691 2595 3780 quinti
2624 3692 2802 3757 initio
2830 3714 3029 3778 usque
3055 3689 3138 3754 ad
3165 3689 3310 3753 noni
3341 3689 3526 3753 finem
3556 3689 3848 3775 attigisse.

2475 3819 2545 3883 p.
2577 3797 2766 3871 1066,
2799 3815 2853 3858 1.
2885 3795 3038 3877 Περὶ
3066 3796 3131 3858 δὲ
3159 3798 3266 3857 τοῦ
3300 3795 3446 3857 ποτὲ
3483 3795 3596 3858 ὧδε
3636 3792 4080 3882 ἐπισκεπτέον]

2391 3898 2621 3986 Adjeci
2651 3900 2717 3963 δὲ
2745 3920 2823 3962 ex
2854 3896 3174 3961 Cod.Vat.
3218 3908 3281 3960 et
3312 3898 3518 3960 Marc.
3552 3898 3639 3959 A.
3685 3909 3748 3960 et
3791 3894 3878 3959 ita
3920 3918 4079 3982 quo-

2391 4024 2516 4089 que
2546 3998 2819 4065 Ficinus.
2910 3999 3096 4064 Venit
3123 4014 3332 4064 autem
3366 3996 3653 4063 Plotinus
3669 3998 3801 4086 jam
3832 3997 3914 4062 ad
3946 3997 4085 4061 Ari-

2392 4105 2627 4169 stotelis
2656 4103 3128 4192 categoriarum
3159 4126 3292 4190 cap.
3321 4103 3499 4168 XII.
3530 4104 3666 4185 περὶ
3692 4102 3978 4185 προτέρου
4020 4116 4085 4166 et

2390 4230 2528 4295 cap.
2557 4209 2775 4274 XIII.
2805 4209 2940 4290 περὶ
2967 4212 3073 4272 τοῦ
3087 4206 3277 4288 Ἀμα.
3354 4207 3517 4271 Mox
3546 4229 3581 4270 e
3610 4205 3885 4293 probatis
3912 4204 4085 4269 libris

2391 4310 2689 4376 exhibui:
2740 4314 2836 4376 διὰ
2862 4313 2926 4376 τί
2946 4311 3051 4374 οὐκ
3081 4312 3148 4374 ἐν
3176 4313 3256 4397 τῷ
3288 4309 3441 4397 αὐτῷ
3472 4310 3641 4373 ἔσται
3671 4310 3767 4373 καὶ
3794 4312 3977 4372 ταῦτα
4016 4310 4083 4373 ἐν

2390 4411 2551 4501 ᾧπερ
2578 4417 2674 4480 καὶ
2701 4417 2735 4479 ὁ
2764 4411 2979 4498 χρόνος
3021 4436 3137 4500 pro
3177 4415 3273 4476 διᾶ
3300 4415 3363 4477 τί
3386 4412 3456 4477 οὗ
3486 4412 3581 4476 καὶ
3610 4413 3677 4476 ἐν
3704 4437 3757 4475 τ.
3793 4413 3920 4476 αὐτ.
3953 4413 4077 4475 ἐστ.

2390 4532 2455 4582 et
2483 4517 2767 4606 proxime
2810 4521 2933 4596 εἴδη
2963 4519 3109 4580 ὄντα
3149 4513 3370 4599 χρόνου
3397 4537 3515 4603 pro
3545 4516 3598 4578 εἰ
3627 4517 3691 4578 δὲ
3721 4517 3775 4579 ὀ.
3806 4540 3869 4597 χ.
3899 4512 4077 4577 item-

2389 4643 2515 4708 que
2545 4621 2624 4685 B.
2655 4619 2760 4686 lin.
2793 4638 2851 4685 2.
2880 4621 3343 4700 ὑποβεβλῆσθαι
3369 4622 3484 4702 γὰρ
3529 4622 3622 4682 δεῖ
3658 4620 3841 4681 ταῦτα
3882 4621 3962 4702 τῷ
4006 4616 4082 4697 ἦν

2391 4746 2507 4811 pro
2533 4726 2995 4803 ὑποβεβλῆσθαι
3023 4725 3140 4805 γὰρ
3168 4722 3238 4800 δὴ
3265 4747 3320 4785 τ.
3348 4724 3406 4785 ὑ.
3434 4747 3489 4785 τ.
3520 4720 3965 4807 ἠ.1)εῐιί(]υε
3991 4721 4075 4784 Ε.

2390 4824 2494 4889 lin.
2544 4823 2951 4912 antepoenult.
3006 4825 3124 4889 sub
3175 4825 3362 4888 finem
3408 4825 3626 4911 capitis
3677 4822 4081 4906 ἀνευρήσομεν

2388 4952 2506 5017 pro
2533 4928 2610 4993 ἂν
2640 4927 2986 5011 εὑρήσομεν.

2472 5032 2559 5097 ib.
2609 5032 2762 5114 Περὶ
2798 5034 2863 5096 δὲ
2906 5036 3010 5096 τοῦ
3051 5034 3197 5096 ποτὲ
3246 5060 3298 5096 κ.
3320 5057 3373 5095 τ.
3394 5032 3489 5116 λ.]
3543 5029 3895 5118 Simplicius
3942 5028 3982 5091 l.
4014 5052 4069 5093 c.

2387 5159 2454 5224 p.
2487 5136 2593 5220 87.
2623 5158 2695 5200 a:
2741 5133 2821 5200 Ὁ
2864 5133 3067 5214 μέντοι
3113 5141 3423 5203 Πλωτῖνος
3469 5134 3808 5200 συντάττων
3851 5135 3962 5212 μὲν
4006 5132 4074 5195 τὸ

2386 5242 2532 5305 ποτὲ
2556 5242 2640 5325 τῷ
2665 5239 2882 5323 χρόνῳ,
2914 5236 3094 5302 πέντε
3120 5238 3321 5320 λέγων
3352 5241 3456 5304 τᾶς
3481 5237 3678 5303 πάσας
3708 5236 4074 5318 κατηγορίας,

2386 5343 2619 5416 οὐσίαν,
2661 5340 2875 5415 ποσὸν,
2915 5339 3107 5414 ποιὸν,
3148 5341 3294 5422 πρός
3339 5365 3413 5414 τι,
3458 5340 3708 5417 κίνησιν,
3751 5336 4077 5420 ὤφειλενῆ

2384 5450 2490 5510 τοῦ
2522 5448 2716 5509 ποσοῦ
2744 5449 2926 5522 δεῖξαι
2954 5442 3062 5507 τὸν
3089 5444 3313 5527 χρόνον
3331 5442 3370 5522 ἥ
3391 5467 3548 5508 τινος
3576 5441 3766 5519 ἄλλης
3793 5446 3912 5505 τῶν
3939 5441 4080 5506 πέν-

2383 5572 2448 5612 τε
2477 5548 2701 5612 τούτων
2724 5551 3100 5628 κατηγοριῶν,
3128 5548 3180 5610 εἰ
3205 5545 3285 5624 μὴ
3310 5544 3528 5625 μέλλοι
3555 5544 3775 5612 τελέως
3802 5547 3835 5608 ὁ
3863 5547 4078 5630 χρόνος
