5118 6613
1558 517 1758 584 LIB.
1794 518 1856 583 1.
1904 517 2371 584 ENNEAD.
2421 518 2816 584 SEXTAE.
2859 541 2928 607 p.
2964 534 3147 604 1071.

613 696 815 757 πεῖσιν
844 688 1016 756 εἶναι·
1061 694 1232 756 τοῦτο
1272 692 1338 755 δὲ
1372 692 1509 756 οὔτε
1552 690 1815 757 διδάσκει
1845 691 1953 771 τὴν
1982 692 2176 757 αἰτίαν
2203 695 2308 757 τοῦ

611 793 852 868 πάθους,
883 793 979 858 καὶ
1006 794 1372 858 τούναντίου·
1416 791 1454 873 ἢ
1481 795 1770 873 βούλεται
1797 793 2064 877 συνάγει·
2111 796 2165 858 εἰ
2191 797 2307 876 γὰρ

607 898 791 978 μηδὲν
819 895 963 961 αὐτὸ
993 895 1410 977 συμβάλλεται
1455 899 1538 963 εἰς
1565 896 1633 961 τὸ
1658 894 2002 981 πάσχειν,ἢ
2033 897 2307 961 ἐναντίον

609 1000 780 1066 ἔσται
820 998 889 1064 τὸ
927 998 1135 1073 πάθος,
1164 996 1202 1079 ἢ
1232 1000 1425 1064 ἄλλου
1465 999 1624 1067 τινὸς
1668 999 1906 1079 ἔξωθεν.
1954 999 2063 1064 κᾶν
2095 1004 2209 1063 τῶν
2238 1002 2307 1064 ἐν

608 1103 762 1189 αὐτῷ
803 1104 869 1166 δὲ
913 1103 1122 1176 ὄντων,
1157 1105 1232 1166 τὰ
1257 1103 1370 1181 μὲν
1398 1105 1555 1182 ποιῇ,
1588 1104 1664 1166 τὸ,
1701 1104 1767 1166 δὲ
1804 1101 2030 1186 πάσχῃ.
2065 1103 2160 1166 καὶ
2202 1105 2303 1166 οὕ-

604 1231 715 1273 τως
743 1205 914 1270 ἔσται
941 1205 1019 1272 ὥς
1046 1202 1143 1269 ἀπ’
1175 1205 1367 1268 ἄλλου
1395 1203 1463 1267 τὸ
1493 1203 1703 1272 πάθος.
1748 1210 1888 1272 Πῶς
1930 1207 1995 1268 δὲ
2035 1208 2131 1268 δεῖ
2150 1213 2303 1288 φησι

604 1307 955 1391 ’Ῐάμβλιχος
995 1307 1076 1387 μὴ
1110 1307 1282 1389 ἄγειν
1312 1309 1394 1374 είς
1421 1307 1635 1371 οὐσίαν
1662 1309 1738 1372 τὸ,
1764 1304 1941 1386 πάθη,
1977 1308 2140 1389 εἴπερ
2171 1310 2300 1372 ἔνια

606 1415 723 1474 τῶν
748 1415 955 1475 παθῶν
984 1411 1079 1475 καὶ
1111 1412 1192 1477 εἰς
1219 1409 1433 1474 οὐσίαν
1460 1409 1730 1491 προάγει,
1759 1410 1879 1474 ὅσα
1908 1410 2039 1473 ἐστὶ
2066 1436 2299 1491 γενεσι-

604 1511 809 1595 ουργά.
856 1513 1108 1593 Μήποτε
1136 1514 1203 1576 δὲ
1233 1516 1406 1576 τοῦτο
1446 1514 1666 1576 οἰκεῖόν
1695 1513 1826 1577 ἐστι
1863 1516 1943 1599 τῷ
1987 1512 2200 1587 πείθεις
2247 1516 2300 1578 εί

601 1619 717 1698 γὰρ
769 1619 864 1679 δεῖ
902 1613 1308 1699 προυπάρχειν
1346 1614 1454 1694 τὴν
1491 1615 1705 1679 οὐσίαν
1736 1615 1845 1695 τὴν
1885 1614 2204 1695 δεξομένην
2229 1616 2299 1680 τὸ

602 1716 806 1793 πάθος,
838 1718 944 1783 οὐκ
973 1717 1139 1782 ἐστιν
1166 1717 1509 1783 οὗσιοποιὸν
1536 1716 1606 1780 τὸ
1645 1716 1850 1791 πάθος,
1884 1714 2086 1800 ὥσπερ
2125 1719 2299 1783 οὐδὲν

603 1820 640 1900 ἦ
669 1820 995 1889 ἀλλοίωσις
1018 1823 1189 1885 ἴδιον·
1238 1820 1567 1887 ἀλλοίωσιν
1597 1822 1663 1885 δὲ
1693 1819 1858 1885 εἶπεν
1884 1820 2202 1901 ὑπομένειν
2229 1823 2297 1888 τὸ

602 1921 864 2007 πάσχον,
895 1923 1004 2003 τὴν
1029 1922 1110 2003 μὴ
1141 1926 1223 1990 είς
1251 1923 1464 1986 οὐσίαν
1492 1923 1782 2004 ἄγουσαν·
1817 1925 1980 1987 ἀλλᾶ
2005 1929 2127 1992 πῶς
2152 1924 2299 2006 πρὸς

602 2025 671 2089 τὸ
713 2031 941 2109 χεῖρον,
985 2022 1023 2104 ἢ
1063 2025 1147 2105 μὴ
1190 2025 1338 2107 πρὸς
1382 2024 1450 2089 τὸ
1492 2024 1760 2106 βέλτιον,
1803 2025 2185 2107 δοκιμάζομεν
2220 2031 2298 2093 τὰ

601 2127 758 2209 πάθη
786 2133 1122 2205 συντελεῖν,
1145 2129 1292 2192 ὅταν
1316 2128 1444 2193 ἔνια
1474 2128 1664 2192 αὐτῶν
1692 2128 1760 2191 τὸ
1792 2128 2043 2194 κάλλιον
2065 2132 2133 2194 ἐν
2155 2131 2294 2210 ἡμῖν

601 2229 1030 2313 ἀπεργάζηταις
1076 2228 1114 2310 ἢ
1144 2229 1344 2310 ἐπειδὴ
1389 2231 1484 2295 καὶ
1528 2230 1701 2297 αὐτὸς
1729 2233 1762 2294 6
1793 2235 2104 2299 Πλωτῖνος
2144 2233 2290 2311 ἠπό-

598 2358 746 2415 ρησε
771 2332 919 2414 πρὸς
945 2337 1138 2407 τοῦτο,
1161 2331 1379 2413 ἴδωμέν
1407 2358 1464 2396 τι
1492 2332 1639 2415 πρὸς
1670 2333 1880 2398 ἑαυτὸν
1909 2336 2288 2415 ἀντιτίθησιν.

596 2433 770 2500 Ἀλλ’
804 2439 859 2500 εἰ
888 2435 1138 2500 κάλλιον
1166 2438 1199 2499 6
1227 2436 1454 2520 χαλκὸς
1489 2435 1606 2499 ἀπὸ
1636 2439 1742 2499 τοῦ
1784 2436 2224 2518 θερμαίνεσθαι,
2254 2436 2292 2518 ἦ

603 2542 750 2604 κατὰ
777 2538 886 2618 τὴν
916 2537 1261 2621 θέρμανσιν,
1291 2539 1464 2602 οὐδὲν
1494 2539 1705 2602 κωλύει
1742 2537 1812 2601 τὸ
1841 2537 2120 2621 πάσχειν·
2173 2545 2289 2604 διτ-

601 2641 709 2705 τὸν
737 2644 854 2724 γὰρ
885 2640 1038 2706 εἶναι
1065 2640 1134 2704 τὸ
1163 2639 1443 2724 πάσχειν,
1473 2640 1542 2704 τὸ
1583 2642 1714 2720 μὶν,
1748 2642 1816 2706 ἐν
1841 2644 1923 2727 τῷ
1966 2647 2172 2725 χεῖρον
2198 2646 2289 2725 γί-

601 2749 832 2825 νεσθαι,
861 2744 930 2809 τὸ
960 2746 1027 2808 δὲ
1057 2745 1125 2808 ἐν
1152 2747 1232 2830 τῷ
1259 2742 1529 2823 βέλτιον,
1555 2741 1593 2823 ἢ
1622 2742 1951 2825 οὐδέτερον.
1987 2745 2083 2809 καὶ
2109 2749 2294 2824 δῆλον

599 2848 690 2911 ὅτι
716 2849 1005 2929 πρότερον
1031 2848 1144 2926 μὲν
1173 2848 1241 2910 ἐν
1267 2850 1348 2932 τῷ
1377 2851 1583 2929 χεῖρον
1610 2848 1885 2928 γίνεσθαι
1920 2846 1990 2910 τὸ
2031 2846 2292 2931 πάσχειν

600 2952 844 3015 ἐτίθετο·
893 2952 1146 3014 ἐνταῦθα
1174 2950 1258 3023 δὲ,
1293 2950 1601 3013 ἐνδίδωσιν
1631 2947 1788 3013 εἶναί
1819 2974 1952 3013 τινα
1993 2948 2152 3030 πάθη
2197 2951 2292 3014 καὶ

598 3052 744 3134 πρὸς
770 3051 839 3115 τὸ
868 3050 1120 3131 βέλτιον
1146 3052 1392 3133 ἄγοντα.
1439 3053 1707 3131 τεθείσης
1745 3051 1812 3115 δέ
1840 3060 1991 3134 φησι
2017 3050 2288 3132 Ἰάμβλι-

599 3180 708 3239 χος
736 3159 839 3234 τῆς
874 3152 962 3218 ἐπ’
995 3156 1172 3237 ἄμφω
1209 3156 1391 3236 ῥοπῆς
1432 3157 1499 3217 ἐν
1526 3157 1607 3239 τῷ
1644 3153 1925 3237 πάσχειν,
1960 3154 2066 3219 οὐκ
2107 3158 2292 3238 ὀρθῶς

601 3257 828 3343 ἐπήχθη
874 3256 965 3332 τὸ,
1008 3254 1046 3337 ἦ
1092 3256 1419 3340 οὐδέτερον.
1479 3256 1830 3341 μαχομένως
1879 3258 1996 3340 γὰρ
2044 3257 2290 3342 λέγεται

596 3361 739 3444 πρὸς
765 3360 874 3440 τὴν
891 3362 1179 3424 ὑπόθεσιν
1200 3360 1308 3439 τὴν
1334 3364 1441 3424 τοῦ
1466 3365 1660 3425 ποιεῖν
1690 3361 1786 3424 καὶ
1813 3360 2092 3444 πάσχειν,
2124 3365 2287 3445 εἴπερ

596 3464 665 3528 τὸ
691 3465 823 3543 μὲν,
855 3465 923 3527 ἐν
949 3466 1030 3550 τῷ
1077 3465 1223 3527 κατὰ
1262 3464 1467 3545 φύσιν,
1502 3464 1598 3527 καὶ
1634 3461 1884 3543 βέλτιον
1924 3465 2169 3529 ἐτίθετο·
2217 3465 2286 3528 τὸ

598 3568 680 3642 δὲ,
713 3568 782 3631 ἐν
809 3568 891 3652 τῷ
919 3567 1080 3647 παρὰ
1105 3566 1313 3647 φύσιν,
1350 3566 1444 3629 καὶ
1477 3571 1703 3649 χεῖρον·
1755 3566 1941 3630 καίτοι
1986 3568 2040 3629 εί
2081 3567 2288 3645 ὅμοιον

597 3671 820 3752 γίνοιτο
847 3668 915 3733 τὸ
942 3667 1208 3752 πάσχον,
1238 3668 1375 3732 οὐδὲ
1411 3673 1617 3751 χεῖρον
1646 3669 1943 3748 δηλονότι,
1971 3668 2107 3732 οὐδὲ
2133 3669 2284 3748 βέλ-

596 3797 722 3836 τιον
740 3770 1077 3854 γενήσεται,
1103 3771 1259 3834 ὥστε
1281 3770 1610 3851 οὐδέτερον·
1644 3769 1773 3834 ἐστι
1795 3772 1861 3834 δὲ
1884 3772 1979 3834 καὶ
2001 3770 2288 3852 διάφορον

598 3876 892 3957 γίνεσθαι,
923 3874 1030 3953 τὴν
1061 3876 1209 3937 κατὰ
1252 3872 1321 3936 τὸ
1364 3879 1571 3956 χεῖρον
1606 3869 1644 3951 ἦ
1684 3871 1934 3952 βέλτιον
1975 3876 2286 3956 σύγκρισιν

596 3976 674 4056 μὴ
711 3976 879 4061 ἕχον,
911 3976 987 4043 ὥς
1027 3976 1173 4039 ὅταν
1203 3976 1453 4057 ἐρυθρὰν
1495 3977 1561 4039 ἐκ
1601 3980 1783 4058 φαιοῦ
1826 3977 2076 4058 γίνηται.
2123 3977 2286 4040 ἀλλά

601 4080 694 4144 καὶ
723 4079 870 4162 πρὸς
906 4077 974 4141 τὸ
1015 4079 1095 4158 μὴ
1136 4081 1219 4146 είς
1261 4078 1475 4142 οὐσίαν
1503 4079 1673 4160 ἄγειν
1701 4080 1777 4142 τὸ,
1803 4077 1979 4158 πάθη,
2012 4080 2227 4159 ἀπορεῖ
2251 4080 2284 4141 6

595 4185 924 4248 Πλωτῖνος.
969 4183 1045 4244 Et
1072 4184 1188 4263 γὰρ
1216 4179 1284 4244 τὸ
1316 4182 1741 4262 θερμαίνεσθαί
1767 4189 1917 4263 φησι
1959 4179 2286 4263 θερμότητά

598 4283 763 4348 ἐστιν
797 4285 1016 4366 ἴσχειν,
1056 4285 1144 4363 εἴη
1191 4285 1256 4347 δὲ
1299 4282 1366 4346 τὸ
1410 4284 1830 4365 θερμαίνεσθαι
1876 4283 1984 4347 τὸν
2025 4283 2281 4366 χαλκὸν,

595 4391 699 4450 τοῦ
722 4388 836 4467 μὲν
863 4385 1203 4468 ἀνδριάντος
1233 4388 1314 4453 εἰς
1341 4385 1449 4465 τὴν
1478 4387 1690 4450 οὐσίαν
1711 4389 2062 4463 συντελοῦν,
2086 4390 2191 4449 τοῦ
2218 4388 2284 4450 δὲ

595 4492 825 4573 χαλκοῦ
863 4487 1075 4562 οὐκέτι,
1110 4490 1198 4569 εἴη
1241 4487 1318 4552 ἂν
1360 4486 1428 4553 τὸ
1474 4485 1613 4552 αὐτὸ
1658 4487 1920 4571 πάσχειν
1957 4513 2023 4551 τε
2071 4489 2167 4552 καὶ
2204 4489 2284 4568 μὴ

595 4591 875 4676 πάσχειν,
900 4593 1064 4673 εἴπερ
1090 4589 1159 4655 τὸ
1185 4590 1447 4675 πάσχειν
1469 4590 1565 4670 ἣν,
1593 4587 1659 4654 τὸ
1684 4591 1765 4670 μὴ
1795 4592 1878 4657 εἰς
1904 4591 2116 4654 οὐσίαν
2146 4615 2285 4654 συν-

594 4700 812 4758 τελεῖν.
844 4693 989 4775 πρὸς
1015 4696 1081 4758 δὲ
1107 4695 1281 4757 τοῦτό
1304 4702 1491 4776 φησιν
1520 4696 1553 4756 ὁ
1580 4691 1948 4775 Ἰάμβλιχος,
1981 4694 2285 4759 ὅτιικακῶς

599 4800 871 4876 εἴληπται
895 4798 929 4858 6
958 4801 1064 4860 τοῦ
1089 4795 1351 4880 πάσχειν
1378 4794 1640 4878 ὁρισμὸς,
1675 4797 1822 4859 κατὰ
1848 4792 1916 4858 τὸ
1941 4794 2022 4874 μὴ
2063 4797 2145 4862 εἰς
2182 4795 2282 4858 οὗ-

597 4901 737 4963 σίαν
763 4904 1098 4963 συντελεῖν.
1143 4901 1263 4963 εἴτε
1304 4902 1421 4981 γὰρ
1466 4901 1548 4966 εἷς
1588 4899 1801 4963 οὐσίαν
1837 4903 2131 4971 συντελεῖ,
2167 4900 2285 4961 εἴτε

599 5004 680 5068 εἷς
707 5002 1057 5078 ἀλλοίωσιν,
1083 5003 1203 5067 εἴτε
1231 5004 1314 5069 είς
1342 5002 1497 5065 ἄλλο
1526 5003 1725 5066 ὁτιοῦν
1748 4996 1817 5063 τὸ
1841 5001 2280 5082 θερμαίνεσθαι,

597 5105 664 5168 ἐν
693 5104 784 5168 ἑνὶ
821 5106 901 5190 τῷ
938 5102 1198 5187 πάσχειν
1228 5105 1377 5168 ἐστι·
1420 5103 1645 5184 μήποτε
1691 5105 1757 5168 δὲ
1799 5103 1868 5168 τὸ
1911 5105 2045 5183 μὲν,
2077 5104 2158 5182 μὴ
2203 5106 2285 5171 είς

597 5206 809 5270 οὐσίαν
838 5211 1150 5270 συντελεῖν
1177 5206 1245 5271 τὸ
1272 5206 1460 5275 πάθος
1489 5212 1681 5274 καλῶς
1709 5208 1950 5288 εἴρηται,
1983 5203 2054 5270 δι’
2083 5204 2158 5285 ἣν
2188 5206 2284 5270 καὶ

594 5311 882 5391 πρότερον
925 5307 1093 5373 εἶπον
1140 5311 1350 5374 αἰτίαν·
1399 5311 1653 5374 ἐνταῦθα
1698 5311 1787 5387 δὲ,
1828 5311 1861 5372 6
1903 5310 2017 5389 μὲν
2059 5309 2285 5391 χαλκὸς

596 5412 984 5493 θερμαίνεται,
1018 5412 1113 5475 καὶ
1138 5411 1363 5495 πάσχει
1391 5412 1869 5494 θερμαινόμενος,
1896 5413 1929 5474 6
1953 5412 2019 5475 δὲ
2048 5412 2284 5493 ἀνδριὰς

598 5518 743 5578 κατὰ
770 5513 1152 5594 συμβεβηκὸς
1180 5515 1571 5595 θερμαίνεται,
1602 5514 1749 5578 διότι
1790 5516 2051 5597 χαλκοῦς
2093 5515 2276 5579 ἐστιν.

3960 540 4089 611 335

2393 691 2529 756 οὐδὲ
2566 696 2737 756 τοῦτο
2774 689 3124 777 Ἰάμβλιχος
3165 692 3541 777 ἀποδέχεται,
3573 695 3652 761 ὣς
3691 696 3964 776 γίνεσθαι
4009 698 4078 762 τὸ

2391 794 2653 878 πάσχειν
2680 798 2761 880 τῷ
2791 794 2954 878 ἔχειν
2983 796 3050 859 ἐν
3081 797 3263 882 ἑαυτιιῖ
3309 796 3559 877 κίνησιν,
3591 797 3700 877 τὴν
3730 800 4075 874 ἀλλοίωσιν,

2390 896 2498 976 τὴν
2528 899 2678 961 κατὰ
2703 896 2773 960 τὸ
2803 898 3196 962 ἀλλοιοῦσθαι
3224 899 3516 964 ὁπωσοῦν.
3552 900 3623 964 οὗ
3651 905 3767 983 γὰρ
3795 901 3903 981 τὴν
3931 905 4078 967 κατὰ

2389 1000 2720 1063 ἀλλοίωσιν
2746 1001 2936 1080 μόνην
2967 1000 3198 1080 κίνησίν
3227 1009 3414 1081 φησιν
3452 1003 3520 1066 ἐν
3561 1006 3642 1089 τῷ
3685 1003 3947 1087 πάσχειν
3976 1009 4072 1069 θε·

2387 1102 2545 1176 τέον,
2579 1104 2741 1166 ἀλλά
2770 1102 2866 1166 καὶ
2893 1104 3087 1170 ἄλλας
3112 1103 3416 1172 πλείονας.
3451 1106 3548 1169 καὶ
3572 1107 3687 1188 γὰρ
3719 1107 3814 1171 καὶ
3841 1107 3909 1170 τὸ
3939 1106 4074 1187 αὔξ-

2388 1207 2701 1285 ανόμενον,
2732 1204 2993 1288 πάσχειν
3036 1204 3111 1269 ἂν
3150 1204 3414 1287 λέγοιτο,
3458 1208 3553 1271 καὶ
3596 1208 3663 1271 τὸ
3704 1212 3851 1272 κατὰ
3888 1212 4074 1275 τόπον

2387 1308 2753 1387 κινούμενον.
2785 1308 2861 1374 ὣς
2890 1309 2955 1370 δὲ
2976 1304 3326 1391 Ἰάμβλιχός
3346 1317 3517 1390 φησι,
3545 1311 3639 1375 καὶ
3660 1312 3727 1375 τὸ
3753 1315 3835 1380 εἷς
3862 1313 4073 1378 οὐσίαν

2385 1411 2701 1491 ἀγόμενον.
2736 1409 2822 1474 ἔτι
2849 1409 2915 1473 δέ
2942 1418 3130 1491 φησιν
3151 1412 3184 1473 6
3213 1416 3523 1479 Πλωτῖνος
3551 1416 3869 1480 κινδυνεύει
3896 1415 4071 1498 ἄμφω

2382 1514 2530 1594 πρός
2565 1538 2622 1575 τι
2661 1511 2831 1585 εἶναι,
2864 1512 2982 1575 ὅσα
3023 1516 3128 1576 τοῦ
3163 1518 3359 1578 ποιεῖν
3385 1513 3531 1595 πρὸς
3574 1515 3643 1579 τὸ
3680 1516 3960 1601 πάσχειν.
4003 1518 4072 1581 τὸ

2385 1615 2527 1680 αὐτὸ
2557 1615 2673 1698 γάρ
2701 1641 2757 1679 τι
2788 1618 2934 1679 κατὰ
2959 1617 3071 1694 μὲν
3099 1619 3289 1690 τοῦτο,
3321 1614 3389 1679 τὸ
3417 1622 3631 1691 ποιεῖν,
3664 1622 3811 1683 κατὰ
3838 1621 3903 1683 δὲ
3933 1624 4067 1684 τοῦ·

2383 1745 2470 1792 το,
2503 1719 2571 1782 τὸ
2598 1717 2878 1801 πάσχειν.
2925 1718 3021 1781 καὶ
3065 1717 3343 1799 ἑκάτερον
3370 1719 3440 1797 δὴ
3483 1722 3786 1801 θεωρεῖται
3828 1722 3898 1786 οὗ
3943 1722 4068 1789 καθ’

2383 1820 2545 1895 αὐτὸ,
2580 1823 2742 1885 ἀλλὰ
2767 1821 2916 1900 μετὰ
2941 1824 3048 1883 τοῦ
3074 1823 3381 1887 ποιοῦντος
3408 1822 3505 1884 καὶ
3530 1822 3890 1906 πάσχοντος,
3922 1826 4070 1891 ὅπου

2381 1925 2551 1991 οὗτος
2596 1929 2761 1997 κινεῖ,
2795 1922 2889 1987 καὶ
2932 1924 3101 1990 οὗτος
3143 1928 3404 1997 κινεῖται,
3439 1923 3547 1989 κᾶν
3586 1927 3689 1989 δύο
3730 1929 4070 2010 κατηγορίαι

2383 2027 2681 2109 ἑκάτερον,
2713 2027 2869 2099 τό,τε
2899 2027 3045 2107 πρός
3070 2050 3144 2099 τι,
3182 2025 3277 2088 καὶ
3304 2026 3372 2089 τὸ
3400 2032 3592 2090 ποιεῖν
3619 2024 3657 2106 ἢ
3685 2029 3753 2092 τὸ
3782 2029 4065 2114 πάσχειν·

2382 2131 2478 2195 καὶ
2505 2132 2685 2196 οὕτως
2713 2130 2916 2193 δίδωσι
2950 2132 3101 2213 τῷδε
3135 2128 3383 2208 κίνησιν,
3416 2130 3573 2193 ὥστε
3615 2130 3784 2198 οὗτος
3825 2135 4062 2213 λαμβά-

2381 2258 2488 2307 νει,
2522 2233 2679 2295 ὥστε
2724 2233 2887 2297 δόσις
2928 2231 3023 2294 καὶ
3063 2234 3269 2314 λῆψις,
3309 2231 3404 2294 καὶ
3447 2234 3593 2313 πρός
3634 2258 3711 2296 τι.
3754 2231 3792 2313 ἢ
3840 2238 3895 2299 εί
3940 2237 4067 2320 ἔχει

2344 2339 2412 2400 ’ὁ
2454 2335 2686 2414 λαβὼν,
2719 2335 2919 2415 ὥσπερ
2964 2333 3208 2415 λέγεται
3257 2334 3422 2417 ἔχειν
3460 2340 3685 2418 χρῶμα,
3724 2340 3821 2401 διὰ
3862 2340 3924 2402 τί
3961 2340 4068 2404 οὐκ

2380 2439 2507 2522 ἔχει
2539 2438 2796 2517 κίνησιν;
2827 2437 2923 2500 καὶ
2946 2434 3173 2515 μήποτε
3202 2437 3298 2499 καὶ
3325 2440 3395 2515 τῇ
3425 2440 3530 2501 τοῦ
3557 2438 3722 2521 ἔχειν
3750 2443 4067 2527 κατηγορίᾳ

2377 2539 2801 2618 ὑποτάσσεται,
2833 2539 2904 2602 οὐ
2944 2541 3021 2602 τὰ
3060 2537 3206 2619 πρὸς
3248 2540 3487 2618 ἀλλῆλα
3526 2541 3734 2620 μόνον,
3768 2542 3932 2608 ἀλλὰ
3969 2547 4065 2610 καὶ

2376 2645 2452 2707 τὸ
2480 2643 2767 2707 ἀπόλυτα·
2817 2642 2913 2705 καὶ
2950 2643 3064 2722 γὰρ
3106 2641 3203 2704 καὶ
3242 2642 3279 2720 ἡ
3319 2642 3611 2709 ἀπόλυτος
3650 2645 3873 2724 κίνησις
3899 2647 3936 2726 ἦ
3964 2653 4068 2712 τοῦ

2376 2746 2659 2827 βαδίζειν,
2686 2744 2813 2827 ἔχει
2839 2742 3103 2822 βάδισιν.
3131 2743 3277 2825 πρὸς
3305 2746 3370 2807 δὲ
3397 2748 3579 2809 ταῦτα
3604 2744 3809 2829 ῥᾴδιον
3837 2748 4064 2831 λέγειν,

2377 2850 2469 2912 ὅτι
2500 2849 2682 2914 οὕτως
2708 2844 2904 2910 πάντα
2934 2846 3102 2909 ἔσται
3128 2849 3234 2909 τοῦ
3264 2846 3450 2929 ἔχειν,
3483 2848 3683 2927 ἐπειδὴ
3713 2851 3781 2913 ἐν
3809 2855 3889 2938 τῷ
3923 2878 4061 2932 μετ-

2379 2950 2628 3035 έχεσθαι
2657 2953 2977 3030 θεωρεῖται·
3025 2949 3149 3022 ὅ,τε
3177 2951 3293 3030 γὰρ
3319 2948 3529 3016 λευκὸς
3558 2950 3686 3034 ἔχει
3721 2956 4064 3035 λευκότητα·

2378 3054 2472 3118 καὶ
2501 3052 2571 3117 τὸ
2601 3054 2816 3135 δίπηχυ
2853 3052 3106 3114 τοσόνδε
3138 3049 3405 3133 μέγεθος.
3454 3053 3550 3116 καὶ
3589 3054 3685 3117 ἐπὶ
3714 3060 3832 3119 τῶν
3862 3057 4069 3123 ἄλλων

2376 3157 2672 3224 ὡσαύτως·
2706 3153 2841 3219 ἀλλ’
2867 3154 3123 3218 ἕκαστον
3146 3153 3262 3237 χρὴ
3293 3153 3437 3218 καθὸ
3465 3154 3728 3238 λέγεται,
3761 3162 3910 3224 κατὰ
3935 3165 4066 3224 τοῦ-

2374 3284 2442 3323 το
2487 3257 2733 3340 ἀνάγειν
2777 3257 2873 3321 ἐπὶ
2917 3254 2985 3320 τὸ
3028 3254 3221 3338 γένος·
3268 3257 3427 3331 τό,τε
3469 3259 3614 3340 πρός
3656 3284 3729 3334 τι,
3777 3261 4065 3332 πολλάκις

2374 3365 2614 3443 εἴρηται,
2647 3364 2738 3425 ὅτι
2768 3359 2909 3424 αὐτὸ
2941 3358 3066 3423 καθ’
3098 3358 3241 3423 αὐτὸ
3272 3363 3420 3424 κατὰ
3443 3361 3632 3441 μόνην
3661 3367 4066 3444 θεωρούμενον

2371 3465 2481 3545 τὴν
2509 3464 2750 3548 σχέσιν,
2774 3465 2842 3527 ἐν
2868 3467 2995 3528 ταῖς
3019 3462 3233 3528 ἄλλαις
3262 3464 3631 3544 κατηγορίαις
3660 3464 3788 3547 ἔχει
3820 3464 3883 3529 τὸ
3913 3466 4065 3532 εἶναι

2375 3596 2425 3632 κ.
2442 3594 2497 3631 τ.
2520 3577 2583 3630 λ.

2456 3692 2523 3757 p.
2554 3687 2739 3748 1071,
2778 3687 2833 3730 1.
2876 3663 3277 3745 ἢὸποσονοῦν
3304 3667 3581 3755 χρόνον]
3629 3665 3732 3731 Sic
3772 3668 4062 3736 dedimus

2373 3796 2451 3838 ex
2483 3769 2693 3836 Codd.
2727 3770 3006 3833 Darmst.
3050 3765 3188 3831 aliis
3222 3789 3338 3854 pro
3365 3770 3680 3833 ὁποσαοῦν.
3773 3772 3952 3836 Infra
3983 3775 4062 3838 F.

2371 3873 2479 3940 lin.
2510 3894 2561 3937 1.
2592 3895 2670 3938 ex
2699 3870 2872 3936 libris
2897 3868 3183 3957 plurimis
3208 3869 3551 3957 adjecimus
3578 3873 3890 3955 γινομένης
3915 3893 4061 3941 ante

2369 3979 2728 4058 μεταβολῆς.

2454 4116 2541 4129 —
2564 4078 2624 4143 8.
2655 4075 2802 4157 μήτε
2830 4075 2938 4155 τὴν
2968 4076 3199 4155 κίνησιν
3225 4075 3437 4158 γένους
3463 4081 3693 4143 δεῖσθαι
3723 4078 3848 4144 καθ’
3880 4083 4052 4168 αὐτὰ]

2371 4179 2617 4245 Addidi
2646 4183 2877 4244 δεῖσθαι
2904 4201 2981 4242 ex
3009 4177 3299 4265 plurimis
3326 4178 3526 4245 Codd.
3589 4182 3775 4260 Quod
3804 4182 3866 4246 in
3899 4184 4059 4250 Cod.

2372 4282 2553 4348 Med.
2585 4285 2673 4347 A.
2707 4280 2955 4364 ἀνάγειν
2981 4303 3343 4346 conversum
3386 4296 3478 4347 est
3520 4282 3582 4347 in
3629 4285 3842 4368 ἆνάγοι
3882 4310 3921 4351 a
3964 4311 4056 4354 se-

2368 4384 2577 4451 cunda
2613 4407 2802 4447 manu
2836 4383 3037 4448 Ficini
3066 4397 3139 4448 ut
3168 4371 3437 4461 videtur,
3470 4407 3592 4449 non
3638 4387 4060 4477 suffragantur

2370 4486 2654 4552 Codices.
2722 4487 2881 4549 Mox
2916 4488 3002 4549 A.
3030 4483 3137 4548 lin.
3169 4485 3229 4549 8.
3262 4485 3474 4573 scripsi
3507 4486 3615 4551 κᾶν
3646 4488 3848 4571 ἑτέρου
3877 4489 3915 4571 ᾖ
3941 4514 4059 4579 pro

2370 4590 2479 4654 κᾶν
2510 4593 2597 4653 ἑτ.
2625 4589 2718 4668 ἦν,
2750 4611 2892 4652 cum
2924 4587 3211 4675 plurimis
3238 4588 3447 4653 Codd.
3536 4590 3784 4656 Deinde
3813 4595 3893 4658 B.
3927 4594 3967 4662 Ι.
3992 4617 4052 4682 5.

2370 4692 2590 4776 σχέσιν
2617 4690 2795 4777 posui
2826 4713 2941 4777 pro
2970 4690 3190 4754 vitioso
3216 4690 3446 4774 χρέσιν.
3514 4694 3805 4781 Denique
3835 4700 3910 4763 C.
3945 4697 4052 4766 lin.

2377 4816 2427 4859 1.
2452 4793 2697 4881 explevi
2725 4793 2930 4858 locum
2962 4793 3286 4858 scribendo
3308 4794 3415 4873 τὴν
3441 4798 3554 4874 μὲν
3584 4799 3819 4877 κίνησιν
3845 4818 4056 4867 aucto-

2368 4896 2551 4961 ritate
2588 4894 2888 4960 librorum
2929 4896 3185 4983 aliquot.
3278 4896 3388 4960 Ad
3423 4921 3481 4959 v·
3516 4899 3729 4982 σχέσις
3755 4902 3833 4966 cf.
3866 4928 4054 4993 supra

2368 4999 2448 5064 ad
2481 5021 2545 5086 p·
2569 5015 2715 5084 573·

2453 5139 2542 5153 —
2569 5123 2666 5166 10.
2700 5105 2804 5166 τοῦ
2830 5102 3071 5182 δυνάμει
3101 5103 3418 5190 κινητικοῦ]
3468 5103 3631 5167 Sunt
3673 5106 3844 5191 apud
3893 5109 4053 5173 Sim-

2367 5205 2625 5294 plinium
2673 5204 2734 5268 in
2778 5203 3134 5269 Aristotelis
3178 5204 3539 5290 Categorias
3583 5228 3647 5292 p.
3684 5225 3788 5289 79.
3818 5231 3878 5274 a.
3923 5210 4056 5277 haec

2368 5308 2496 5373 huc
2536 5307 2857 5373 facientia:
2903 5314 3099 5373 Τινῶν
3143 5310 3208 5372 δὲ
3249 5309 3570 5389 λεγόντων,
3613 5310 3703 5372 ὅτι
3747 5312 3842 5374 διὰ
3883 5317 4054 5379 τοῦτο

2369 5411 2474 5476 οὐκ
2521 5411 2688 5475 ἔθετο
2732 5404 2908 5493 γένος
2949 5411 3055 5490 τὴν
3107 5412 3336 5490 κίνησιν
3374 5411 3469 5474 καὶ
3504 5410 3612 5490 τὴν
3652 5411 3958 5494 ἐνέργειαν
3989 5420 4057 5482 ἐν

2369 5522 2496 5583 ταῖς
2541 5517 2910 5598 κατηγορίαις
2939 5517 2972 5578 6
3001 5513 3441 5596 Ἀριστοτέλης,
3471 5516 3561 5579 ὅτι
3602 5520 3784 5580 ταῦτα
3823 5519 3939 5584 ὑπὸ
3983 5526 4057 5587 τὰ
