5118 6613
1076 478 1199 561 296

1166 752 1232 816 P.
1264 752 1413 837 986,
1448 766 1503 831 7.
1554 754 1746 814 ΠΕΡΙ
1780 754 1966 823 TOT,
1996 754 2109 815 TO
2140 753 2572 813 EHEKEINA
2598 752 2767 813 TOT

1077 859 1358 920 ΟΝΤΟΣ
1399 858 1531 916 ΜΗ
1576 853 2415 938 ΝΟΕῙΝ-ΔΕΥΓΕΡΩΣ,]
2454 851 2650 916 Liber
2678 849 2768 914 vi-

1072 959 1346 1046 gesimus
1371 968 1436 1022 et
1463 970 1751 1044 quartus„
1769 956 2053 1023 videlicet
2073 981 2149 1022 eo
2169 972 2447 1044 tempore
2476 955 2764 1043 scriptuS,

1073 1086 1203 1150 quo
1241 1060 1636 1149 Porphyrius
1671 1060 1895 1125 Romae
1940 1060 2168 1148 agebat
2209 1082 2352 1125 cum
2398 1058 2665 1139 Plotino,
2696 1074 2767 1123 ut

1068 1165 1173 1230 ille
1216 1164 1428 1253 prodit
1470 1163 1549 1227 de
1579 1162 1725 1228 Vita
1770 1162 1995 1228 Plotini
2037 1187 2091 1228 c.
2118 1164 2197 1229 V.
2242 1162 2352 1227 ubi
2394 1162 2477 1228 cf.
2512 1161 2762 1227 Fabric.

1069 1291 1135 1355 p.
1168 1288 1309 1333 101.
1339 1283 1402 1332 et
1431 1266 1562 1332 vid.
1591 1266 1747 1331 ibid.
1791 1290 1849 1331 c.
1883 1268 2115 1332 XXV.
2159 1291 2227 1356 p.
2264 1272 2435 1353 145.)
2466 1290 2502 1332 e
2530 1266 2765 1354 quibus

1070 1370 1240 1449 lociS,
1271 1370 1432 1436 sicut
1458 1394 1540 1436 ex
1567 1370 1792 1436 nostris
1833 1369 2007 1436 libris
2047 1369 2309 1458 aliquot,
2341 1370 2405 1436 h.
2430 1370 2474 1435 l.
2514 1369 2612 1435 bis
2653 1392 2764 1457 po-

1074 1473 1312 1538 suimus
1339 1475 1403 1537 τί
1424 1495 1541 1561 pro
1567 1474 1646 1548 τὶ,
1675 1496 1821 1538 cum
1851 1472 2116 1561 quaestio
2144 1473 2549 1562 significetur.
2626 1471 2764 1536 Pla-

1068 1576 1232 1641 tonis
1274 1575 1543 1655 decreta,
1588 1599 1735 1664 quae
1776 1599 1920 1641 cum
1966 1591 2337 1664 argumento
2382 1576 2577 1662 hujus
2620 1573 2765 1639 libri

1067 1678 1403 1766 conjuncta
1444 1692 1613 1759 sunt,
1651 1702 1765 1766 per
1805 1677 2245 1766 compendium
2290 1677 2543 1743 exhibet
2584 1675 2762 1741 Alci-

1068 1804 1228 1846 nous
1257 1780 1337 1846 de
1366 1782 1584 1847 Doctr.
1619 1781 1778 1847 Plat.
1808 1804 1941 1870 cap.
1965 1781 2102 1847 IX.
2129 1796 2195 1847 et
2224 1782 2320 1846 X.
2392 1782 2529 1846 Nec
2556 1780 2763 1845 minus

1068 1883 1193 1949 huc
1232 1884 1493 1964 faciunt,
1524 1908 1671 1972 quoe
1717 1884 1894 1950 Philo
1924 1885 2111 1973 Legis
2154 1884 2470 1972 Allegorr.
2505 1885 2649 1949 111.
2693 1906 2760 1971 p.

1070 1989 1218 2053 260.
1266 2011 1399 2075 sqq.
1446 1988 1526 2053 de
1571 1986 1807 2076 duplici
1847 1987 2164 2053 intellectu
2209 1987 2441 2076 attigit,
2486 1987 2762 2074 itemque

1068 2089 1268 2155 Procli
1311 2091 1763 2179 propositiones
1790 2090 1853 2156 in
1886 2092 2042 2157 Inst.
2076 2090 2303 2157 Theol.
2336 2114 2395 2156 c.
2417 2091 2666 2156 1-v1.
2698 2105 2761 2154 et

1064 2219 1115 2259 c.
1142 2194 1357 2258 XXI.
1418 2193 1687 2282 Anglice
1716 2193 1885 2260 hunc
1912 2194 2144 2260 librum
2176 2194 2595 2260 Plotinianum
2625 2217 2759 2258 ver-

1062 2298 1139 2362 tit
1168 2296 1299 2362 Th.
1334 2297 1576 2386 Taylor
1615 2298 1680 2362 in
1730 2297 1929 2363 Select
1956 2296 2197 2362 Works
2239 2299 2314 2362 of
2354 2297 2645 2363 Plotinus
2687 2320 2755 2386 p.

1062 2418 1213 2486 455·
1242 2424 1383 2488 sqq·

1138 2528 1202 2593 p.
1228 2505 1378 2591 987,
1404 2523 1461 2588 9.
1497 2507 1573 2568 El
1599 2504 1705 2568 οῦν
1733 2530 1820 2572 τις
1847 2509 2095 2570 διπλοῦν
2120 2511 2248 2588 φῶς
2272 2505 2759 2587 ποιήσειε-εἶτα

1060 2607 1329 2688 ποιήσειε
1360 2607 1454 2671 καὶ
1480 2606 1550 2670 τὸ
1581 2609 1735 2688 ὁρῶν
1762 2610 1900 2672 ἴσον
1930 2607 2082 2673 εἶναι
2112 2610 2393 2691 φῶς-ἓν
2419 2614 2493 2675 τὰ
2520 2611 2623 2675 δύο
2653 2608 2753 2688 θή-

1062 2712 1284 2794 σεται.]
1337 2710 1403 2775 Si
1432 2709 1574 2796 quis
1599 2709 1796 2796 igitur
1823 2709 2064 2798 duplex
2106 2710 2318 2776 lumen
2351 2714 2758 2799 pomerii,—

1060 2829 1123 2877 et
1145 2810 1941 2897 deindefinoeerit—unum
1964 2811 2095 2876 duo
2122 2811 2229 2876 illa
2248 2815 2552 2899 posuerit.
2590 2815 2757 2878 Con-

1060 2913 1234 3000 gruit
1283 2912 1456 2977 locus
1507 2913 1949 2978 Demosthenis
1995 2913 2060 2978 in
2116 2914 2425 3003 Leptinea
2474 2938 2542 3003 p.
2578 2934 2750 3000 279:

1062 3017 1181 3080 εἰσὶ
1222 3019 1341 3080 τῶν
1378 3014 1566 3094 ξένων
1603 3017 1852 3091 ἀτελεῖς,
1882 3016 2024 3081 δέκα
2067 3016 2527 3097 θήσω-οὐκοῦν
2556 3021 2752 3103 ἆμφο·

1059 3120 1247 3200 τέρων
1278 3120 1598 3183 ἑκκαίδεκα.
1644 3117 1985 3200 ποιήσωμεν
2011 3121 2218 3189 αὐτοὺς
2248 3123 2490 3187 εἴκοσιν.
2569 3131 2613 3161 “
2631 3124 2755 3187 Ρο-

1060 3244 1290 3288 namus
1329 3220 1467 3285 illos
1509 3245 1641 3286 esse
1682 3221 1961 3311 viginti.”
2048 3222 2194 3288 Vid.
2224 3222 2623 3290 Valckenaer.
2671 3226 2751 3291 ad

1062 3326 1376 3392 Herodot.
1412 3327 1574 3391 VII.
1613 3328 1758 3409 184.
1803 3349 1870 3414 p.
1898 3343 2047 3413 591.
2080 3328 2191 3415 qui
2219 3329 2405 3394 etiam
2438 3330 2755 3397 Ciceronis

1056 3430 1194 3496 hoec
1235 3429 1454 3495 laudat
1482 3429 1562 3495 de
1592 3431 1679 3495 N.
1704 3431 1791 3494 D.
1825 3431 1886 3496 1.
1917 3451 2060 3517 30.:
2109 3437 2153 3471 “
2175 3434 2312 3519 Age
2338 3456 2417 3497 ex
2446 3432 2543 3498 his
2574 3458 2755 3500 voca-

1056 3534 1224 3600 bulis
1261 3557 1393 3599 esse
1421 3533 1570 3599 deos
1583 3533 1949 3619 faciamus,
1979 3534 2211 3622 quibus
2253 3558 2292 3601 a
2333 3536 2513 3601 nobis
2556 3539 2755 3603 nomi-

1058 3654 1290 3703 uantur
1310 3639 1371 3713 ;”
1419 3637 1459 3701 i.
1492 3662 1545 3701 e.
1568 3639 1940 3725 fingamus.
2033 3637 2135 3703 Cf.
2187 3655 2395 3704 annot.
2445 3656 2639 3706 nostr.
2685 3665 2752 3729 p.

1064 3758 1205 3828 135.
1263 3756 1327 3805 et
1383 3740 1548 3805 adde
1608 3740 1843 3805 Sturzii
1901 3740 2180 3807 Lexicon
2241 3743 2541 3831 Xenoph.
2607 3746 2749 3810 111.

1058 3867 1120 3929 p.
1151 3843 1302 3928 581.

1145 3983 1233 3994 -—
1264 3946 1365 4010 16.
1413 3947 1509 4010 καὶ
1551 3948 1642 4010 ὅτι
1685 3947 1826 4011 αὐτὸ
1873 3947 1971 4035 ἓν]
2029 3947 2311 4036 Taylor:
2361 3957 2411 3991 “
2442 3950 2601 4016 And
2643 3951 2753 4016 be-

1059 4070 1242 4112 cause
1269 4047 1319 4113 it
1346 4047 1399 4111 is
1426 4070 1545 4112 one
1573 4047 1756 4136 thing
1787 4047 2007 4137 [being
2032 4050 2496 4142 intellective].”

1147 4174 1211 4239 p.
1245 4150 1395 4234 988,
1430 4170 1526 4214 10.
1562 4149 1733 4216 ’Βδει
1776 4152 2155 4218 δέ-τέλεον
2202 4154 2354 4220 εἶναι
2393 4158 2534 4239 παρ’
2575 4160 2756 4222 αὑτοῦ

1061 4257 1163 4333 τῆς
1205 4253 1440 4341 οὗσίας]
1491 4254 1594 4317 Ita
1620 4253 1855 4318 correxi
1888 4276 1967 4319 ex
1999 4253 2303 4321 Mediceis
2330 4280 2448 4344 pro
2476 4258 2612 4341 παρ’
2646 4260 2748 4324 αὗ-

1063 4361 1213 4421 τοῦε
1278 4355 1512 4444 alioqui
1578 4371 1902 4443 praestaret
1952 4357 2215 4424 scribere
2259 4360 2328 4425 τὸ
2378 4366 2479 4441 τῆς
2524 4362 2749 4430 οὐσίας.

1065 4458 1253 4536 Quod
1298 4458 1594 4523 continuo
1639 4459 1844 4525 verbis
1886 4458 1933 4548 ᾧ
1983 4461 2099 4544 ἄρα
2139 4462 2209 4526 τὸ
2255 4463 2469 4529 τέλεον
2510 4464 2756 4545 ὑπάρξει

1062 4560 1211 4626 addi
1233 4560 1419 4648 jubet
1449 4560 1569 4625 κατ’
1602 4563 1813 4628 οὐσίαν
1841 4563 2098 4651 Taylor,
2130 4581 2449 4653 permotus
2477 4568 2756 4633 versione

1064 4664 1341 4729 Latina:
1405 4663 1536 4728 sine
1578 4663 1752 4730 libris
1801 4665 2031 4731 addere
2077 4690 2201 4733 non
2249 4692 2387 4734 sum
2437 4694 2650 4750 ausuS,
2693 4686 2756 4735 et

1062 4780 1269 4854 potest
1294 4789 1373 4830 ex
1404 4767 1900 4854 praecedentibus
1926 4768 2210 4857 intelligi.

1149 4908 1237 4919 -—
1265 4887 1366 4956 15.
1412 4873 1578 4936 ἀλλὰ
1601 4875 1805 4936 πολλὰ
1829 4872 1966 4956 ἤδη]
2018 4874 2122 4937 Ita
2165 4873 2378 4961 scripsi
2406 4898 2552 4939 cum
2581 4874 2757 4940 libris

1065 4974 1289 5039 nostris
1317 4972 1662 5062 Ficinoque
1690 4989 1749 5039 et
1784 4974 2064 5062 Tayloro
2091 4998 2210 5063 pro
2238 4979 2401 5041 ἀλλὰ
2430 4979 2526 5042 καὶ
2552 4981 2757 5044 πολλὰ

1067 5080 1210 5159 εἴδη,
1240 5075 1467 5142 deinde
1493 5100 1529 5140 e
1555 5099 1754 5164 marg.
1778 5075 1906 5141 Ed.
1937 5078 2139 5165 recepi
2172 5078 2345 5143 ἑαυτὸ
2373 5102 2492 5166 pro
2522 5079 2750 5145 ἑαυτόν.

1150 5204 1217 5268 p.
1249 5181 1399 5267 989,
1436 5200 1492 5246 1.
1538 5181 1606 5245 ἓν
1650 5182 1876 5249 τούτοις
1921 5182 2310 5261 ὑποκείμενον
2361 5182 2585 5271 ἔσται’]
2651 5186 2756 5249 Ita

1063 5283 1352 5349 dedimus
1378 5305 1523 5348 cum
1554 5281 1774 5349 Ficino
1802 5295 1866 5347 et
1894 5282 2067 5347 libris
2093 5283 2331 5370 aliquot
2363 5285 2564 5350 MSS.
2627 5289 2753 5351 Ar-

1063 5400 1434 5471 gumentum
1468 5385 1660 5475 hujus
1697 5385 1814 5450 loci
1845 5385 2114 5451 universi
2141 5385 2632 5474 comparandum
2660 5407 2754 5456 est

1067 5511 1211 5554 cum
1263 5489 1469 5556 Procli
1523 5491 1687 5556 Inst.
1720 5488 2030 5578 Theolog.
2078 5512 2212 5577 cap.
2270 5490 2332 5556 1.
2385 5514 2523 5579 sqq.
2571 5495 2755 5583 cujus

2062 470 2902 538 ANNOTATIONES
2949 471 3062 537 IN
3107 471 3544 540 PLOTINI

2847 644 3053 733 prima
3100 646 3441 734 propositio
3480 645 3569 710 ita
3613 644 3832 711 finitur
3877 647 3971 734 (p.
4002 668 4068 727 4.
4113 646 4216 712 ed.
4266 650 4488 732 nostr.)
4523 672 4539 711 z

2850 752 2972 813 πᾶν
3000 750 3115 831 ἄρα
3140 753 3367 829 πλῆθος
3392 749 3633 833 μετέχει
3659 774 3740 828 πῃ
3767 754 3873 813 τοῦ
3900 747 4054 818 ἑνός.
4139 750 4328 816 Conf.
4358 749 4546 815 etiam

2852 849 2965 916 has
2992 851 3328 916 Enneadas
3352 875 3419 939 p.
3448 853 3588 917 168.
3617 875 3756 939 sqq.
3785 872 3938 938 394.
3965 853 4116 934 486.
4163 869 4227 917 et
4268 853 4434 918 infra
4474 876 4546 941 p.

2853 955 3001 1034 671.
3033 977 3168 1041 sqq.
3203 954 3313 1019 ubi
3340 955 3534 1042 hujus
3571 954 3870 1020 doctrina?
3899 955 4103 1020 fontes
4129 970 4194 1021 et
4222 956 4547 1022 varietates

2851 1055 3247 1145 attingemus.

2938 1196 3024 1209 —
3041 1176 3099 1243 7.
3132 1160 3220 1224 Τὸ
3248 1164 3365 1243 γὰρ
3395 1163 3464 1225 ἐν
3491 1166 3612 1229 τοῖς
3635 1164 3845 1228 ἄλλοις
3873 1161 4322 1247 αὐτὸ-τοῦτα]
4370 1163 4546 1247 Tay-

2851 1262 2978 1328 lor:
3030 1271 3074 1302 “
3109 1263 3232 1328 For
3261 1263 3367 1328 the
3398 1263 3890 1351 imparticipable
3931 1287 4004 1328 or
4046 1279 4304 1352 exempt
4339 1286 4454 1328 one
4492 1263 4546 1327 is

2851 1382 2960 1432 not
2985 1366 3443 1432 consubsistent
3471 1367 3617 1432 with
3659 1390 3784 1455 any
3815 1366 4020 1455 thing,
4049 1366 4172 1432 but
4199 1367 4307 1431 the
4345 1366 4537 1454 parti·

2846 1470 3089 1558 cipable
3116 1493 3234 1536 one
3263 1470 3316 1534 is
3343 1470 3796 1535 consubsistent
3826 1470 4024 1536 either
4052 1470 4198 1535 with
4230 1470 4442 1558 being,
4471 1494 4544 1535 or

2846 1573 2975 1653 life,
3006 1596 3079 1639 or
3104 1572 3398 1652 intellect‚
3429 1596 3501 1637 or
3528 1573 3687 1652 soul,
3710 1596 3782 1638 or
3809 1573 4002 1661 body.
4064 1575 4180 1638 See
4208 1595 4315 1661 my
4344 1589 4544 1638 trans-

2845 1676 3037 1742 lation
3066 1676 3141 1742 of
3163 1676 3440 1742 Proclus‘
3473 1676 3798 1741 Elements
3817 1676 3892 1741 of
3916 1676 4310 1765 Theology.”
4326 1676 4365 1740 i.
4391 1700 4448 1741 e.
4474 1677 4538 1742 in

2848 1780 3091 1845 Graecis
3115 1794 3177 1845 et
3211 1780 3455 1845 Latinis
3486 1781 3648 1845 Inst.
3675 1778 3892 1844 Theol.
3929 1803 3984 1845 c.
4021 1780 4275 1844 I—VI.
4312 1801 4379 1866 p.
4415 1799 4541 1845 2-

2852 1905 2952 1950 11.
2984 1882 3086 1948 ed.
3116 1897 3304 1948 nostr.

2930 2024 3019 2037 —
3041 2007 3136 2050 11.
3184 1988 3320 2051 οὐδὲ
3362 1986 3431 2051 τὸ
3476 1988 3868 2069 συγκείμενον
3899 1988 3965 2050 ἐκ
4007 1990 4254 2050 πολλῶν
4282 1986 4540 2050 ἕσται-

2848 2092 2913 2155 ἑκ
2940 2092 3218 2179 πολλῶν]
3267 2091 3614 2169 Lacunam,
3646 2112 3837 2177 quam
3876 2088 3942 2152 in
3982 2087 4230 2153 Latinis
4266 2111 4302 2152 e
4327 2087 4538 2153 Medi-

2846 2193 2970 2259 ceis
3013 2193 3186 2259 libris
3230 2193 3591 2282 expleverat
3626 2192 3907 2270 Ficinus‚
3938 2214 4053 2255 nos
4089 2214 4168 2255 ex
4210 2189 4430 2254 iisdem
4475 2205 4538 2254 et

2843 2296 2978 2362 aliis
3004 2297 3184 2362 bonis
3209 2295 3384 2362 libris
3411 2295 3474 2360 in
3509 2295 3750 2360 Graecis
3778 2293 4183 2383 explevimus.
4240 2293 4537 2358 Proxime

2843 2400 3205 2489 suspiceris:
3260 2400 3379 2465 οὐδ’
3425 2396 4024 2482 ὖφεστηκότος-ἑφ’
4073 2399 4302 2462 ἑαυτοῦ.
4392 2399 4537 2461 Ηοο

2842 2504 3150 2593 posterius
3175 2517 3271 2568 est
3295 2503 3360 2567 in
3391 2501 3708 2568 Vaticano.

2927 2632 2990 2697 p.
3018 2629 3165 2694 990,
3195 2625 3258 2692 7.
3304 2606 3441 2672 ἀλλ’
3474 2608 3630 2673 ὅλως
3655 2607 3736 2685 μὴ
3765 2605 3986 2693 ὄντων]
4037 2606 4140 2669 lta
4170 2603 4446 2668 Medicei
4473 2622 4538 2668 et

2843 2712 2983 2777 Vat.
3013 2734 3130 2799 pro
3158 2713 3333 2791 ὅμως.
3421 2709 3622 2774 Linea
3657 2708 3851 2794 hujus
3887 2707 4109 2796 capitis
4145 2707 4532 2795 antepoenul-

2842 2814 2996 2879 tima
3036 2813 3376 2879 necessario
3415 2811 3777 2877 addendum
3816 2810 3940 2876 fuit
3980 2811 4060 2891 μὴ
4098 2825 4244 2875 ante
4273 2811 4532 2876 verbum

2839 2917 3075 2998 πλήθει.
3166 2915 3495 3005 Expressit
3551 2915 3809 2980 Ficinus
3856 2931 3920 2980 et
3974 2913 4218 2979 monuit
4271 2914 4531 3003 Taylor.

2844 3019 3300 3086 Cudworthum
3331 3017 3594 3106 proinde
3622 3017 3827 3082 minor
3854 3017 4015 3081 hanc
4048 3016 4440 3104 negationem
4470 3017 4532 3082 in

2842 3122 3083 3187 Graecis
3111 3144 3234 3187 non
3264 3121 3578 3210 adjecisse.
3650 3118 3907 3184 Laudat
3935 3119 4102 3184 enim
4129 3119 4299 3183 hunc
4326 3117 4534 3184 locum

2839 3226 2902 3290 in
2935 3250 3009 3292 eo
3037 3227 3259 3314 capite,
3284 3224 3458 3314 quod
3487 3224 3874 3289 inscribitur:
3909 3225 4247 3312 Sapientia
4267 3232 4326 3288 et
4342 3225 4535 3288 Men-9

2840 3331 3098 3395 Platoni
3125 3353 3251 3395 non
3281 3340 3374 3394 est
3404 3330 3798 3417 principium
3835 3329 4141 3417 primum,
4169 3327 4281 3392 sed
4320 3349 4535 3392 secun-

2838 3434 3007 3498 dum.
3101 3433 3302 3521 (Syst.
3348 3431 3544 3497 intell.
3587 3432 3707 3496 IV.
3758 3433 3821 3515 ξ.
3850 3434 3959 3516 36.
4002 3453 4068 3518 p.
4103 3432 4253 3516 690.
4285 3430 4530 3517 Mosh.)

2839 3535 3113 3601 addens:
3163 3543 3209 3575 ‘⁶
3241 3535 3415 3600 Hinc
3455 3534 3683 3623 saepius
3723 3533 3814 3599 ita
3853 3534 4158 3599 rationem
4185 3556 4363 3598 suam
4389 3556 4534 3599 con-

2838 3638 3037 3704 cludit
3078 3638 3489 3728 philosophus
3532 3638 3633 3703 hic
3665 3637 4050 3722 (Plotinus):
4101 3639 4169 3701 ἐν
4195 3641 4266 3718 τῇ
4295 3637 4535 3723 δευτέρᾳ

2840 3745 3023 3825 φύσει
3066 3742 3219 3808 εἶναι
3255 3744 3324 3808 τὸ
3368 3745 3702 3827 γινώσκειν,
3733 3743 4155 3830 cognitionem
4187 3741 4363 3826 (quae
4393 3764 4536 3805 vere

2839 3869 2912 3910 ac
2955 3846 3204 3934 proprie
3231 3846 3317 3911 sic
3346 3850 3632 3928 vocatur)
3661 3845 3750 3908 ad
3775 3845 4041 3908 alteram
4071 3845 4398 3931 pertinere
4439 3844 4536 3907 di-

2840 3951 3058 4013 vinam
3086 3958 3412 4026 naturam,
3441 3971 3568 4012 non
3598 3968 3747 4012 vero
3769 3947 3856 4011 ad
3873 3947 4288 4034 principem?⁹
4342 3948 4533 4011 Tunc

2838 4050 3055 4115 laudat
3081 4051 3144 4115 in
3174 4049 3435 4116 eandem
3478 4049 3846 4114 sententiam
3885 4046 4103 4113 Nostri
4143 4046 4314 4114 locos
4355 4048 4535 4114 binos

2838 4176 3029 4242 supra
3067 4178 3133 4242 p.
3164 4171 3311 4239 512.
3361 4168 3424 4217 et
3468 4172 3618 4237 514.
3667 4151 3816 4216 item
3865 4149 4192 4216 Philonem
4223 4153 4270 4215 J
4277 4150 4530 4217 udaeum

2834 4281 2937 4345 ap.
2980 4257 3211 4323 Euseb.
3246 4257 3316 4322 P.
3349 4258 3433 4321 E.
3468 4256 3629 4320 VII.
3672 4274 3769 4340 13.
3823 4278 3888 4342 p.
3933 4273 4082 4342 323.
4146 4255 4312 4319 Haec
4360 4254 4534 4320 Cud-

2841 4360 3138 4425 worthuS.
3187 4359 3540 4425 Audiamus
3570 4357 3859 4422 Proclum
3902 4357 3966 4421 in
4010 4358 4173 4422 Inst.
4204 4357 4433 4424 Theol.
4479 4383 4531 4423 c.

2843 4465 3114 4530 CXXI.
3144 4486 3205 4550 p.
3235 4464 3374 4548 178.
3406 4479 3626 4527 nostr.:
3663 4464 3784 4526 Διᾶ
3812 4464 3926 4544 γὰρ
3954 4460 4063 4539 τὴν
4092 4462 4261 4526 θείαν
4288 4468 4531 4544 γνῶσιν,

2840 4568 2948 4647 τὴν
2978 4566 3337 4649 ἐξῃρημένην
3363 4572 3481 4630 τῶν
3509 4567 3690 4639 ὅλων,
3725 4565 3820 4629 καὶ
3848 4566 3911 4628 αἱ
3937 4564 4122 4628 ἄλλαι
4162 4569 4352 4629 πᾶσαι
4378 4568 4531 4647 γνό-

2842 4696 2969 4738 σεις
2992 4670 3357 4751 ὑπέστησαν,
3378 4671 3513 4735 οὔτε
3544 4672 3760 4751 νοερᾶν
3788 4668 3996 4742 οὖσαν,
4021 4668 4157 4731 οὔτε
4185 4668 4272 4731 ἔτι
4296 4673 4538 4747 μᾶλλον

2840 4780 2959 4839 τῶν
2997 4777 3148 4853 μετὰ
3190 4777 3334 4839 νοῦν
3376 4798 3527 4846 τινα,
3578 4774 3742 4837 ἀλλὰ
3785 4774 3934 4835 κατὰ
3978 4770 4087 4849 τὴν
4133 4771 4388 4849 ἰδιότητα
4425 4772 4535 4851 τὴν

2841 4879 3011 4942 θείαν
3035 4877 3184 4957 ὑπὲρ
3216 4881 3356 4940 νοῦν
3384 4874 3711 4958 ἱδρυμένην.

2926 5017 3013 5029 -
3030 4999 3126 5065 13.
3156 4980 3263 5043 οὐκ
3289 4979 3405 5060 ἄρα
3431 4976 3720 5058 πάρεστιν
3749 4977 3936 5065 αὐτῷ]
3970 4977 4136 5040 Haec
4166 4975 4357 5040 verba
4385 4999 4533 5044 cum

2840 5081 3060 5146 Ficino
3102 5104 3181 5145 ex
3224 5079 3398 5145 libris
3437 5081 3636 5144 MSS.
3684 5078 4045 5166 adjecimuS.
4137 5079 4303 5143 Mox
4331 5078 4538 5144 forma

2840 5186 3012 5251 δυσὶν
3039 5200 3253 5249 utrum
3286 5182 3520 5248 Atticis
3548 5180 3942 5259 vindicanda,
3966 5204 4047 5246 an
4074 5180 4537 5247 Macedonibus

2839 5286 3411 5375 Alexandrinisque
3450 5284 3861 5351 condonanda
3902 5283 4003 5363 sit,
4045 5282 4357 5372 hodieque
4399 5309 4534 5350 cer-

2841 5404 3029 5456 tatur.
3108 5389 3421 5472 (Fischer.
3451 5388 3536 5453 ad
3566 5387 3829 5452 Weller.
3856 5388 3956 5451 11.
3984 5409 4053 5474 p.
4082 5387 4225 5450 160.
4255 5386 4535 5456 Lobeck.

2837 5493 2921 5559 ad
2951 5492 3293 5581 Phrynich.
3325 5515 3388 5580 p.
3416 5510 3562 5560 211.
3620 5492 3988 5557 Buttmann.
4019 5488 4302 5554 Gramm.
4335 5493 4531 5581 ampl.
