5118 6613
1363 539 1559 606 LIB.
1598 541 1717 605 IV.
1765 540 2232 606 ENNEAD.
2284 541 2678 606 SEXTAE.
2723 563 2789 630 p.
2828 543 3269 629 1172—1185.

578 722 831 799 πρῶτον,
863 728 955 780 est
985 712 1168 779 etiam
1200 711 1263 776 in
1294 712 1543 778 duobus
1581 712 1755 778 libris
1786 714 1986 779 MSS.
2026 712 2272 779 nostris.

579 817 766 888 Quod
798 816 1089 882 librarius
1115 813 1215 879 vel
1254 813 1413 879 alius
1446 814 1732 880 eruditus
1769 814 1962 880 lector
1990 814 2274 880 admoni-

579 920 807 987 tionem
851 918 1182 1006 adscripsit
1223 918 1287 982 in
1333 917 1495 983 Cod.
1529 920 1735 983 Marc.
1765 920 1869 983 E:
1935 927 1980 957 ‘⁶
2010 919 2275 992 Fabam

577 1024 784 1088 videri
811 1023 974 1088 hanc
1001 1023 1496 1108 inscriptvbnem,
1524 1022 1689 1110 quod
1714 1021 1824 1086 hoc
1848 1023 2009 1087 libro
2042 1044 2170 1086 non
2197 1022 2275 1086 de

574 1136 712 1192 ente
737 1136 1003 1217 agatur,
1025 1126 1136 1191 sed
1162 1125 1237 1188 de
1264 1126 1542 1203 anima,”
1562 1147 1684 1189 non
1715 1147 2051 1189 moramur.
2099 1123 2274 1190 Cud-

581 1230 800 1294 worth.
828 1229 892 1294 in
927 1232 1195 1316 System.
1227 1227 1519 1293 intellect.
1545 1229 1622 1292 V.
1654 1248 1717 1315 3.
1746 1230 1806 1293 8.
1839 1252 1900 1316 p.
1934 1247 2119 1308 1014.
2151 1228 2268 1294 ait:

578 1342 620 1373 ‘⁶
651 1334 882 1397 Verum
935 1331 1123 1397 etiam
1171 1331 1336 1395 binis
1385 1330 1608 1396 libellis
1659 1332 1778 1396 hoc
1827 1346 2268 1420 argumentum

576 1436 724 1501 data
764 1458 954 1521 opera
994 1449 1359 1523 persecutus
1400 1450 1494 1500 est
1529 1434 1923 1521 (Plotinus):
1971 1435 2039 1500 τὸ
2087 1434 2158 1500 ὃν
2204 1436 2272 1501 ἓν

579 1541 674 1604 καὶ
700 1539 918 1604 ταύτὸν
949 1540 1171 1625 ἀριθμῷ
1203 1538 1323 1619 ἅμα
1350 1543 1661 1622 πανταχοῦ
1689 1537 1843 1603 εἶναι
1871 1541 2041 1603 ὅλον.
2082 1540 2173 1622 [N
2180 1537 2271 1604 ul-

577 1640 677 1706 lus
707 1640 927 1707 Codex
958 1664 1170 1705 vocem
1211 1643 1434 1727 ἇριθμῷ
1476 1640 1778 1727 agnoscit,
1809 1655 1874 1705 et
1918 1640 2124 1705 minus
2167 1664 2269 1706 ac-

576 1761 790 1810 curate
834 1743 1133 1808 librorum
1187 1743 1409 1807 horum
1457 1742 1713 1808 titulum
1764 1741 2049 1808 laudasse
2093 1744 2269 1809 Cud-

579 1847 888 1912 worthum
930 1847 1062 1933 jam
1117 1846 1508 1911 Moshemius
1558 1845 1794 1911 notavit
1841 1861 1970 1911 not.
2015 1849 2109 1932 3.]
2189 1849 2276 1912 Id

575 1951 740 2039 quod
782 1973 982 2015 unum
1032 1949 1311 2037 idemque
1352 1958 1446 2013 est
1492 1973 1771 2014 Numano
1815 1951 2040 2038 ubique
2082 1951 2276 2015 simul

577 2063 771 2119 totum
799 2075 945 2118 esse.
1036 2053 1330 2139 Utroque
1377 2051 1533 2116 libro
1558 2051 1622 2116 id
1656 2051 1771 2116 sibi
1800 2051 2017 2117 datum
2047 2052 2269 2132 credit,

580 2171 648 2222 ut
677 2156 868 2221 deum
899 2178 1022 2220 non
1052 2178 1128 2219 ex
1161 2169 1339 2242 parte
1367 2154 1470 2219 hic
1498 2178 1575 2220 ex
1606 2171 1781 2242 parte
1811 2154 1934 2220 illic
1961 2179 2115 2232 esse,
2146 2177 2271 2221 non

578 2282 752 2325 secus
778 2282 852 2324 ac
881 2258 928 2322 si
961 2273 1245 2322 naturam
1280 2258 1417 2344 ejus
1446 2257 1622 2323 radio
1649 2273 1714 2322 et
1741 2258 2045 2323 arundine
2073 2258 2270 2323 dime-

579 2362 679 2427 tiri
709 2361 940 2439 liceret,
972 2360 1079 2425 sed
1112 2375 1311 2425 totum
1346 2361 1581 2447 ubique
1611 2360 2009 2426 individuum
2041 2362 2268 2427 versari

578 2465 962 2531 convincat.”
1059 2464 1328 2552 Anglice
1379 2463 1567 2528 vertit
1625 2462 1793 2528 hunc
1850 2463 2082 2528 librum
2136 2465 2268 2529 Th.

582 2567 842 2656 Taylor,
873 2590 1059 2656 quem
1108 2590 1298 2631 manu
1337 2566 1635 2655 scriptum
1682 2565 1763 2631 ad
1806 2590 1905 2631 me
1936 2567 2273 2632 transmisit

577 2695 718 2737 cum
750 2670 1255 2736 annotationibus
1284 2669 1378 2733 vir
1409 2668 1911 2733 humanissimus.

663 2798 731 2863 p.
762 2794 789 2837 1
807 2795 949 2859 179,
980 2794 1003 2838 1
1023 2794 1075 2838 1.
1110 2774 1205 2837 καὶ
1233 2775 1416 2854 μηδὲν
1445 2772 1596 2836 εἶναι
1626 2770 1728 2854 ἀφ’
1764 2773 2002 2860 ἑαυτοῦ]
2037 2772 2272 2861 Taylor

577 2878 656 2944 ad
687 2879 751 2945 h.
772 2879 816 2945 l.
841 2905 857 2944 2
906 2887 952 2918 “
976 2877 1231 2964 Quality
1260 2877 1314 2941 is
1342 2876 1478 2941 that
1508 2876 1705 2940 which
1737 2876 1997 2963 imparts
2029 2877 2191 2941 what
2221 2876 2272 2940 is

576 2997 880 3071 apparent
930 2983 994 3046 in
1037 2994 1283 3058 matter,
1328 2979 1452 3044 and
1497 2978 1664 3044 what
1709 2979 1760 3044 is
1806 2980 1914 3044 the
1957 2980 2164 3066 object
2205 2980 2282 3044 of

577 3110 773 3152 sense.
864 3088 1107 3162 Hence,
1137 3107 1206 3148 as
1243 3083 1291 3148 it
1333 3083 1384 3147 is
1414 3082 1548 3147 well
1579 3082 1880 3147 observed
1921 3083 2006 3171 by
2040 3085 2272 3147 Dama-

577 3190 739 3256 scius
764 3191 901 3272 περὶ
929 3190 1160 3273 ἂρχῶνε
1211 3198 1230 3226 ‘
1257 3185 1435 3250 That
1466 3185 1661 3249 which
1709 3185 1760 3250 is
1805 3185 1911 3250 the
1954 3185 2161 3272 object
2202 3184 2277 3249 of

576 3293 765 3382 sight,
805 3294 856 3359 is
897 3291 1139 3358 neither
1180 3289 1351 3378 body
1392 3313 1509 3355 nor
1546 3288 1784 3369 colom,
1816 3288 1935 3353 but
1976 3287 2270 3354 coloured

575 3397 770 3486 body,
814 3420 886 3462 or
928 3395 1143 3461 colour
1184 3391 1630 3482 corporalized,
1679 3392 1732 3456 is
1781 3391 1938 3469 that,
1975 3391 2173 3456 which
2217 3392 2270 3457 is

576 3500 808 3565 motive
834 3499 909 3566 of
931 3498 1037 3563 the
1066 3496 1256 3585 sight.
1302 3495 1458 3560 And
1491 3494 1867 3582 universally
1898 3495 2037 3560 that
2067 3495 2264 3561 which

575 3604 628 3669 is
670 3602 955 3680 sensible,
987 3601 1183 3665 which
1215 3599 1268 3663 is
1299 3598 1468 3686 body
1499 3598 1643 3663 with
1678 3621 1717 3662 a
1744 3597 2082 3686 particular
2109 3620 2266 3685 qua-

575 3705 713 3795 lity,
740 3706 793 3771 is
823 3705 1052 3770 motive
1078 3703 1152 3767 of
1174 3704 1385 3767 sense.'
1406 3702 1443 3730 '⁹

659 3846 749 3858 —
774 3827 870 3875 12.
918 3806 1034 3872 Διὸ
1066 3807 1162 3870 καὶ
1192 3808 1255 3886 ἐξ
1284 3806 1542 3888 ἀνάγκης
1583 3804 1924 3888 τοσοῦτον]
1976 3812 2021 3843 “
2054 3804 2135 3868 In
2161 3803 2269 3869 the

575 3909 837 3999 original
876 3909 1052 3974 there
1092 3908 1145 3972 is
1183 3908 1448 3996 nothing
1488 3930 1659 3972 more
1699 3908 1848 3972 than
1892 3907 2048 3972 that.
2137 3908 2269 3973 But

575 4014 735 4078 from
762 4012 869 4077 the
888 4010 1128 4076 version
1157 4011 1232 4076 of
1248 4010 1504 4076 Ficinus
1531 4011 1581 4075 it
1608 4011 1661 4076 is
1690 4010 1984 4098 requisite
2015 4025 2079 4075 to
2108 4010 2262 4075 add:

576 4118 726 4181 ὅσον
756 4116 885 4180 ἐστὶ
916 4115 1012 4179 καὶ
1040 4114 1108 4178 τὸ
1140 4121 1327 4195 σῶμα.
1397 4113 1552 4179 And
1581 4113 1804 4178 indeed
1834 4113 1958 4177 this
1986 4113 2263 4178 addition

573 4218 627 4283 is
667 4240 1009 4304 necessary.
1101 4216 1247 4281 The
1277 4216 1518 4282 version
1550 4216 1625 4281 of
1658 4216 1911 4281 Ficinus
1953 4215 2038 4280 is:
2092 4219 2263 4291 Qua·

562 4329 832 4410 propter
858 4320 1135 4408 qualitas
1175 4322 1525 4385 necessario
1568 4329 1746 4385 tanta
1790 4328 1903 4397 est,
1942 4344 2265 4394 omnum

577 4448 700 4489 881·
735 4447 826 4488 Μ·
861 4424 1157 4487 conaus?⁹
1199 4423 1463 4511 Taylor.
1533 4422 1712 4488 Libri
1745 4423 1936 4487 nostri
1968 4422 2120 4488 nihil
2153 4422 2264 4487 ad-

565 4527 795 4616 jiciunt
822 4525 1100 4591 editioni.

658 4652 725 4719 p.
753 4651 781 4695 1
799 4630 940 4708 181,
974 4646 1029 4692 2.
1064 4629 1160 4693 καὶ
1188 4630 1256 4692 οὗ
1285 4628 1354 4692 τὸ
1383 4634 1525 4708 πᾶν,
1559 4632 1684 4694 ἐκεῖ
1707 4629 1879 4717 αὐτὸ]
1930 4629 2034 4693 Ita
2060 4651 2267 4692 emen-

573 4732 717 4798 davi
747 4754 825 4796 ex
854 4730 1034 4797 bonis
1064 4729 1253 4795 libris.
1304 4732 1535 4796 Nostra
1564 4732 1914 4796 emendatio
1940 4732 2100 4796 hanc
2135 4755 2264 4796 ver-

573 4835 805 4901 sionem
864 4833 1125 4922 requirit
1158 4849 1385 4908 z—et‚
1409 4836 1517 4899 ubi
1564 4837 1946 4900 Universum
2005 4850 2122 4912 est,
2173 4836 2264 4900 iln·

572 4939 756 5004 etiam
786 4950 880 5002 est
910 4936 1134 5025 ipsum.

656 5079 746 5091 —
770 5059 870 5104 10.
916 5040 1033 5103 Καὶ
1072 5040 1245 5104 οὐδὲν
1274 5041 1615 5121 θαυμαστὸν
1654 5043 1708 5105 εἰ
1750 5040 1817 5104 τὸ
1861 5045 2169 5124 πανταχοῦ
2211 5068 2261 5105 κ.

572 5172 623 5209 r.
655 5145 749 5234 λ.]
805 5141 950 5207 Vid.
999 5141 1367 5207 Cudworth.
1421 5145 1584 5231 Syst.
1633 5141 1924 5207 intellect.
1971 5165 2037 5230 p.
2077 5143 2259 5207 1018.

574 5246 787 5312 Mosh.
820 5261 884 5309 et
912 5244 991 5309 cf.
1026 5247 1461 5311 Tennemann.
1496 5245 1740 5311 Histor.
1772 5244 2008 5311 Philos.
2047 5245 2164 5310 VI.
2199 5268 2263 5332 p.

579 5369 720 5437 123.
743 5371 848 5435 sq.
881 5346 1034 5435 ibiq.
1064 5347 1280 5412 laudd.
1310 5350 1478 5412 Eun.
1505 5350 1581 5414 V.
1624 5370 1680 5413 1.
1709 5368 1771 5429 4.
1823 5349 1943 5412 VI.
1976 5364 2041 5432 5.
2077 5366 2136 5412 2.

655 5476 719 5540 p.
754 5452 941 5531 1182,
966 5471 1059 5515 11.
1094 5451 1320 5533 ἀνάγκη
1349 5453 1499 5515 ὅλον
1518 5456 1792 5534 παρεῖναι
1822 5455 1985 5532 εἴπερ
2013 5449 2267 5533 πάρεστι

575 5587 630 5624 κ.
660 5584 710 5622 r.
742 5555 836 5643 λ.]
892 5553 1264 5619 Damascius
1305 5552 1387 5617 de
1432 5551 1762 5641 Principiis
1811 5576 1872 5641 p.
1905 5572 2010 5639 34.
2055 5576 2119 5640 p.
2155 5572 2263 5638 94.

3927 564 4055 632 359

2358 712 2458 779 ed.
2498 715 2748 802 Kopp.:
2797 717 2947 780 οὕτω
2984 713 3100 799 γὰρ
3140 716 3235 780 καὶ
3272 715 3340 780 τὸ
3380 714 3453 780 ὃν
3481 719 3514 780 ὁ
3549 722 3860 785 Πλωτῖνος
3902 719 4060 797 ἀξιοῖ

2360 822 2540 891 νοεῖν,
2576 817 2645 881 τὸ
2677 817 2818 882 αὐτὸ
2846 823 3156 902 πανταχοῦ
3188 820 3337 883 ὅλον
3375 819 3569 901 παρὸν
3610 823 3773 900 κοινῇ
3801 846 3865 884 τε
3904 826 4055 885 πᾶσι

2362 920 2459 984 καὶ
2489 920 2718 1007 ἑκάστῳ
2747 926 2865 985 τῶν
2891 926 3157 985 πολλῶν.
3244 921 3349 986 Cf.
3382 922 3568 986 etiam
3599 921 3804 987 Procli
3842 922 4050 988 Instit.

2361 1022 2589 1087 Theol.
2637 1047 2692 1088 c.
2729 1023 2940 1087 XIX.
2989 1046 3055 1110 p.
3084 1042 3193 1108 32.
3229 1047 3365 1111 sqq.
3455 1024 3636 1090 Idem
3687 1024 4054 1090 Damascius

2356 1125 2508 1191 ibid.
2540 1149 2595 1192 c,
2618 1128 2725 1212 58.
2757 1150 2823 1214 p.
2857 1128 2999 1191 160.
3033 1128 3285 1214 Kopp.:
3337 1128 3540 1210 ἕτερον
3567 1131 3631 1193 δὲ
3662 1129 3911 1212 λέγεται
3927 1127 4053 1194 ⁴“Ov

2357 1227 2427 1293 τὸ
2469 1232 2731 1312 ὁλοφυὲς
2772 1228 3061 1311 πλήρωμα
3103 1235 3221 1293 τῶν
3249 1236 3444 1312 γενῶν
3472 1230 3505 1294 ὃ
3533 1233 3866 1314 παρουσίαν
3897 1232 4054 1300 ἰδίως

2361 1336 2657 1412 καλοῦμεν
2685 1334 2763 1399 ὡς
2791 1335 2824 1395 ὀ
2856 1338 3187 1400 Πλωτῖνος.

2441 1472 2530 1484 -
2558 1438 2653 1499 16.
2701 1435 2830 1499 οἷον
2855 1432 3052 1515 βολὰς
3081 1434 3234 1499 εἶναι
3262 1433 3580 1524 λέγουσιν]
3628 1436 3814 1514 Quod
3848 1439 4049 1502 Marc.

2358 1540 2449 1600 A.
2476 1535 2709 1617 βουλὰς
2734 1536 2945 1615 habet,
2977 1536 3110 1601 haec
3140 1537 3424 1603 confusio
3455 1537 3603 1604 alibi
3632 1539 3815 1604 etiam
3846 1540 4051 1605 obvia.

2361 1638 2505 1705 Vid.
2537 1639 2910 1726 Wesseling.
2956 1640 3037 1704 ad
3085 1640 3347 1706 Diodor.
3384 1642 3447 1706 1.
3484 1653 3553 1729 'p.
3590 1661 3732 1728 259.
3779 1655 3841 1707 et
3874 1644 4051 1709 Bois·

2360 1742 2575 1806 sonad.
2611 1742 2691 1806 ad
2725 1742 3019 1808 Philostr.
3059 1743 3437 1830 Heroicc.·p.
3457 1763 3610 1829 547.
3701 1748 3897 1811 Recte
3939 1770 4053 1811 au-

2360 1862 2482 1910 tem
2492 1848 2719 1932 jactus
2750 1845 2935 1910 vertit
2956 1846 3092 1910 Fic.
3122 1845 3459 1911 indefinite.
3509 1848 3672 1912 Nam
3705 1871 3848 1913 cum
3882 1872 4054 1914 mens

2362 1951 2558 2032 (νοῦς)
2592 1963 2654 2013 et
2682 1946 2888 2029 νοητὸς
2918 1951 3136 2029 κόσμος
3175 1972 3343 2014 nunc
3378 1973 3519 2015 cum
3564 1950 3691 2015 sole
3728 1975 4049 2039 compare-

2359 2065 2486 2130 tur,
2517 2052 2753 2140 possint
2796 2052 2970 2116 radii
3015 2051 3274 2138 cogitari
3314 2052 3442 2117 sive
3468 2054 3641 2134 ἡλίου
3667 2055 3856 2134 βολαὶ
3889 2055 4052 2138 (Lo-

2356 2154 2534 2220 beck.
2589 2154 2668 2219 ad
2723 2154 3015 2243 Sophocl.
3052 2156 3232 2241 Ajac.
3282 2179 3345 2243 p.
3379 2158 3584 2241 366.),
3639 2179 3802 2221 nunc
3852 2157 4051 2221 eidem

2356 2260 2503 2341 ὄψις
2546 2257 2883 2337 tribuatur,
2912 2258 3149 2346 possint
3175 2257 3436 2346 intelligi
3466 2261 3797 2341 ὀφθαλμῶν
3822 2263 4017 2340 βολαί
4035 2286 4048 2324 :

2361 2360 2471 2441 (de
2512 2384 2641 2448 qua
2684 2360 2991 2425 locutione
3035 2360 3162 2425 vid.
3198 2362 3502 2448 Wagner.
3550 2361 3631 2425 ad
3676 2361 4045 2450 Alciphron.

2361 2464 2504 2528 111.
2547 2484 2596 2527 1.
2645 2486 2704 2550 p.
2738 2482 2800 2548 5.
2869 2462 3219 2528 Blomfield.
3251 2462 3331 2528 ad
3362 2463 3648 2551 AEscbyli
3682 2466 4050 2551 Agamemn.

2359 2589 2419 2653 p.
2457 2585 2603 2651 232.
2682 2565 2965 2630 Boisson.
3012 2565 3091 2630 ad
3142 2565 3497 2631 Philostrat.
3529 2565 3634 2630 l.l.
3681 2583 3743 2633 et
3786 2568 3866 2632 ad
3897 2569 4046 2633 Ari-

2359 2683 2600 2733 staenet.
2635 2669 2692 2732 1.
2734 2690 2780 2732 1.
2826 2692 2891 2756 p.
2930 2671 3074 2735 208.
3109 2673 3232 2756 sq.)
3266 2668 3380 2733 nisi
3411 2669 3700 2734 malueris
3737 2694 3854 2759 pro
3882 2675 4048 2737 scin-

2357 2773 2512 2837 tillis
2538 2772 2839 2858 accipere,
2870 2796 3016 2860 quae
3044 2773 3229 2838 etiam
3256 2773 3554 2837 dicuntur
3584 2777 3794 2855 βολαί.

2446 2899 2508 2961 p.
2547 2876 2733 2962 1183,
2767 2877 2826 2940 8.
2875 2875 3125 2957 μηδενὸς
3168 2880 3233 2940 δὲ
3281 2875 3378 2961 ὃν]
3432 2877 3644 2964 Marg.
3685 2877 3814 2942 Ed.
3861 2881 4051 2948 ὄντος.

2360 2977 2678 3065 Equidem
2729 2990 3061 3065 utramque
3109 2979 3433 3044 lectionem
3481 2980 3869 3067 jungendam
3924 3005 4053 3047 esse

2357 3104 2594 3146 censeo.
2686 3084 2815 3146 Pro
2844 3079 2890 3168 ᾧ
2920 3082 2995 3146 ἂν
3026 3083 3180 3169 αὐτῷ
3212 3082 3357 3147 fort.
3391 3082 3724 3170 legendum
3758 3084 3923 3150 αὐτό.

2441 3223 2530 3235 -
2558 3206 2655 3250 10.
2706 3187 2931 3250 ἐκείνου
2962 3184 3309 3274 ἐφιεμένου]
3360 3185 3596 3266 Fallor,
3627 3200 3739 3250 aut
3768 3186 3903 3251 Fic.
3948 3210 4055 3252 ex-

2356 3289 2578 3377 pressit
2607 3287 2926 3373 ἐφιέμενον
2956 3312 3078 3354 11011
3112 3287 3449 3372 ἐφιεμένου.

2439 3430 2528 3442 -
2574 3413 2670 3478 13.
2720 3398 3129 3475 συμπαραθεῖν
3180 3396 3258 3478 τῷ
3312 3393 3569 3480 σώματι]
3616 3392 3658 3457 i.
3692 3416 3748 3456 e.
3799 3402 3872 3457 ut
3921 3417 4052 3458 una

2352 3517 2493 3560 cum
2531 3517 2788 3583 corpore
2830 3504 2889 3559 et
2908 3497 3120 3581 juxta
3160 3516 3388 3580 corpus
3430 3505 3691 3560 currat:
3740 3494 4051 3583 (adeoque

2351 3597 2507 3663 illud
2536 3598 2715 3685 quasi
2743 3601 3179 3681 consectetur).
3228 3596 3362 3661 Fic.
3394 3597 3694 3683 expressit
3724 3595 4045 3663 lectionem

2352 3700 2649 3788 marginis
2678 3700 2803 3764 Ed.
2834 3714 2899 3764 et
2925 3698 3164 3786 aliquot
3191 3699 3528 3763 librorum:
3579 3706 3932 3781 συμπαθεῖν.

2439 3827 2506 3891 p.
2541 3805 2727 3882 1184,
2760 3823 2852 3889 13.
2885 3808 3026 3870 Πῶς
3065 3803 3172 3866 οὖν
3197 3800 3267 3866 τὸ
3297 3800 3369 3866 ὃν
3402 3803 3498 3866 καὶ
3526 3799 3598 3865 τὰ
3625 3805 3771 3867 ὄντα
3799 3831 3849 3868 κ.
3874 3830 3929 3868 τ.
3953 3805 4048 3895 λ.]

2357 3905 2726 3972 Cudworth.
2760 3908 2925 3993 Syst.
2959 3903 3154 3969 intell.
3203 3928 3268 3992 p.
3300 3905 3448 3968 668.
3497 3928 3590 3992 sq.
3639 3904 3788 3992 ibiq.
3836 3908 4047 3972 Mosh.

2356 4009 2459 4074 Cf.
2493 4008 2809 4074 Plotinum
2853 4031 3043 4095 supra
3072 4008 3149 4072 V.
3183 4026 3245 4073 2.
3286 4028 3382 4071 11.
3428 4023 3490 4072 et
3542 4026 3641 4073 12.
3688 4031 3751 4095 p.
3783 4028 3934 4092 492.
3968 4014 4044 4075 A.

2354 4112 2594 4200 Attigit
2638 4126 2918 4176 nostrum
2964 4110 3167 4177 locum
3214 4110 3397 4175 etiam
3441 4110 3746 4176 Brucker.
3779 4112 3842 4176 in
3873 4113 4044 4179 Hist.

2356 4215 2510 4280 Crit.
2542 4214 2766 4302 philos.
2799 4238 2861 4302 p.
2884 4233 3038 4298 407.
3088 4214 3194 4280 Cf.
3226 4238 3417 4302 supra
3444 4238 3506 4302 p.
3527 4234 3673 4297 471.
3706 4237 3843 4302 c.3.
3875 4220 4046 4282 A.B.

2354 4319 2432 4383 C.
2461 4317 2616 4405 ibiq.
2649 4320 2879 4381 Annot.

2438 4444 2499 4508 p.
2533 4423 2720 4505 1185,
2750 4441 2847 4484 10.
2895 4417 2931 4499 ἢ
2961 4421 3108 4484 ὅλου
3136 4422 3468 4506 πανταχοῦ]
3523 4420 3660 4485 Fic.
3694 4421 4044 4487 Mediceam

2352 4523 2676 4589 lectionem
2709 4526 2762 4588 εἰ
2790 4524 2938 4586 ὅλον
2966 4528 3275 4607 πανταχοῦ
3298 4522 3618 4610 expressit.
3678 4524 3798 4588 Sed
3832 4525 4044 4590 eadem

2352 4626 2655 4692 sententia
2699 4625 2989 4699 nascitur,
3025 4625 3074 4688 si
3108 4625 3189 4689 ad
3220 4627 3366 4690 ὅλου
3410 4648 3488 4689 ex
3535 4627 3833 4714 proximis
3876 4629 4044 4715 cogi-

2352 4729 2544 4795 tando
2576 4744 2849 4815 repetas:
2899 4726 3014 4812 ἐφ’.

2443 4868 2532 4880 -
2567 4833 2664 4895 16.
2715 4831 2817 4895 ἐὸν
2859 4828 2975 4913 γὰρ
3020 4832 3178 4895 ἐόντι
3220 4829 3488 4917 πελάζει]
3543 4831 3881 4918 Leguntur
3916 4835 4049 4899 haec

2350 4934 2413 4998 in
2448 4933 2839 4998 Parmenidis
2870 4935 3190 5020 Fragmm.
3226 4957 3284 4996 v.
3317 4934 3434 4996 86:
3483 4939 3603 4998 πᾶν
3633 4939 3697 4999 δὲ
3726 4936 3916 5001 πλέον
3946 4941 4045 5002 ἐσ·

2351 5038 2446 5101 τὶν
2488 5039 2708 5104 ἐόντος·
2757 5040 2836 5122 τῷ
2888 5039 3138 5120 συνεχὲς
3181 5041 3303 5101 πᾶν
3343 5039 3528 5111 ἐστιν,
3574 5035 3677 5102 ἐὸν
3723 5036 3840 5122 γὰρ
3890 5043 4048 5105 ἐόντι

2350 5138 2616 5215 πελάζει.
2707 5138 2820 5203 Ad
2847 5163 2991 5227 quae
3023 5139 3211 5203 verba
3241 5138 3508 5203 Brandis
3551 5139 3613 5203 in
3662 5143 4043 5208 Commentt.

2353 5242 2589 5307 Eleatt.
2622 5266 2686 5330 p.
2720 5263 2859 5328 115.
2892 5258 2954 5307 et
2991 5243 3142 5306 alios
3186 5242 3351 5306 locos
3392 5241 3626 5320 citavit,
3660 5259 3722 5307 et
3767 5258 4046 5309 nostrum

2351 5345 2521 5409 hunc
2544 5345 2773 5432 ipsum.
2834 5345 2947 5410 Ad
2977 5357 3416 5432 argumentum
3445 5344 3561 5409 loci
3593 5346 3784 5410 nostri
3815 5346 4045 5413 adhibe

2355 5447 2709 5513 Plotiniana
2752 5448 2933 5513 hoec:
3002 5472 3067 5536 p.
3104 5452 3251 5533 364.
3287 5449 3374 5512 D.
3419 5471 3487 5534 p.
3516 5448 3661 5533 385.
3720 5472 3812 5535 sq.
3867 5464 3930 5514 et
3980 5474 4044 5538 p.

2350 5571 2499 5638 475.
2538 5555 2621 5614 A.
2648 5553 2986 5616 B.—Cum
3019 5550 3276 5616 Ficinus
3299 5551 3361 5615 in
3395 5550 3672 5617 versione
3703 5552 3926 5618 Latina
3967 5555 4046 5620 ad
