5118 6613
1509 901 2135 987 ADDENDA
2217 902 2388 988 ET
2476 902 3338 992 CORRIGENDA.

834 1363 939 1428 Ad
965 1363 1424 1453 Prolegmnena
1449 1385 1530 1430 ea·
1559 1367 1848 1432 Fabricii
1875 1369 2262 1436 Bibliotheca
2295 1370 2520 1436 Groeca
2547 1371 2752 1459 iisque
2777 1373 3086 1461 subjectas
3113 1374 3571 1438 annotationes.
3616 1374 3677 1457 ς.
3701 1373 3840 1438 ΙΙΙ.
3848 1374 3978 1462 fin.
3998 1401 4020 1438 .-

691 1500 972 1587 LIBER
1008 1528 1106 1607 qui
1143 1529 1461 1589 Aristotelis
1500 1551 1712 1592 nomen
1753 1533 2045 1605 mentitur,
2075 1536 2148 1596 de
2186 1534 2425 1615 mystica
2463 1533 2823 1615 philosophia
2853 1534 3276 1615 AEgyptiorum,
3305 1534 3393 1593 bis
3434 1535 3639 1604 editus,
3666 1535 3869 1594 Rome
3906 1553 4075 1615 1519.
4109 1550 4169 1596 et

691 1626 920 1686 Parisiis
955 1642 1128 1704 1571.
1161 1626 1303 1685 nihil
1339 1640 1429 1687 est
1466 1630 1573 1688 nisi
1601 1644 1775 1692 cento
1809 1645 2204 1713 excerptorum
2231 1653 2301 1693 ex
2326 1632 2542 1693 Plotini
2568 1633 2955 1693 Enneadibus.
3042 1632 3188 1692 Vide
3214 1634 3312 1691 the
3337 1631 3602 1692 Classical
3630 1632 3870 1692 Journal
3896 1632 4008 1693 vol.
4037 1634 4168 1692 XV.

688 1745 747 1803 p.
784 1742 917 1803 279.
945 1737 1008 1784 81
1031 1724 1105 1784 cf.
1136 1725 1361 1785 Schoell
1390 1727 1640 1790 Histoire
1666 1729 1739 1789 de
1765 1730 1822 1791 la
1846 1730 2163 1792 Literature
2187 1733 2453 1811 Grecque
2481 1731 2554 1790 T.
2580 1731 2691 1790 111.
2722 1752 2780 1811 p.
2806 1730 2939 1810 298.
3022 1730 3115 1790 Cf.
3144 1750 3272 1809 quae
3311 1728 3477 1809 posui
3504 1729 3576 1788 sd
3606 1731 3776 1789 finem
3807 1735 3854 1805 ξ.
3871 1732 4039 1790 VIII.
4065 1730 4169 1790 Bi·-

689 1824 988 1885 bliothecoe
1013 1823 1379 1884 Fabricianae.

770 1924 863 1979 Ad
889 1925 1115 1981 eundem
1141 1927 1188 1996 ξ.
1213 1925 1330 1981 III.
1341 1926 1451 2001 fin.
1495 1925 1589 1984 De
1618 1925 1978 2004 philosophia
2001 1926 2511 1986 Alexandrinorum
2554 1926 2861 2006 disputavit
2899 1926 3072 1986 etism
3100 1928 3158 1985 J.
3182 1926 3371 1984 Fichte
3410 1924 3468 1983 in
3511 1924 4010 1995 commentatione,
4041 1946 4166 2004 quae

685 2018 1043 2079 inscribitur:
1089 2020 1182 2079 De
1209 2020 1581 2102 philosophiae
1608 2044 1767 2084 novae
1792 2023 2108 2085 Platonicae
2134 2025 2370 2106 origine.
2428 2024 2686 2084 Berolini
2719 2026 2890 2084 1818.
2919 2036 3039 2100 4to.
3071 2023 3321 2102 itemque
3345 2023 3485 2082 Ern.
3510 2024 3788 2081 Reinhold
3814 2042 3946 2082 cum
3973 2025 4035 2082 in
4067 2043 4165 2102 pe-

687 2117 880 2176 culiari
907 2116 1304 2178 dissertatione
1332 2131 1455 2179 tum
1485 2122 1544 2179 in
1577 2122 1903 2181 Handbuch
1925 2123 2026 2181 der
2050 2106 2427 2204 allgemeinen
2455 2122 2800 2183 Geschichte
2826 2122 2926 2180 der
2951 2120 3334 2201 Philosophie,
3363 2122 3512 2180 Part.
3535 2123 3585 2180 I.
3615 2142 3675 2200 p.
3698 2137 3836 2198 514.
3864 2140 4021 2200 sqq.;
4064 2121 4165 2181 de·-

687 2216 857 2294 nique
881 2236 1063 2296 nuper
1088 2217 1279 2295 paucis
1306 2217 1424 2299 egit
1447 2221 1731 2279 Por-retus.
1789 2219 1923 2279 Vid.
1954 2223 2136 2280 Cours
2163 2220 2454 2281 d'histoire
2480 2219 2554 2280 de
2580 2220 2638 2279 la
2663 2219 3020 2300 philosophie
3047 2218 3360 2280 ancienne:
3407 2219 3585 2280 Ecole
3610 2219 4004 2280 d’Alexsndrie
4031 2239 4164 2299 pro-

687 2315 875 2373 nonce
901 2334 1002 2393 par
1031 2317 1117 2373 M.
1137 2318 1216 2374 H.
1243 2317 1464 2375 Porret.
1508 2318 1684 2376 Paris.
1722 2319 1894 2394 1832.

765 2415 861 2470 Ad
887 2417 935 2486 ξ.
956 2414 1055 2470 IV.
1065 2415 1175 2490 fin.
1218 2412 1692 2492 Neoplatonicam
1722 2415 2142 2494 philosophiam
2168 2412 2427 2495 religioni
2448 2414 2788 2475 Christisnae
2806 2414 2956 2474 viam
2984 2413 3293 2475 munivisse
3321 2413 3579 2494 inprimis
3607 2415 3757 2493 apud
3779 2414 3944 2474 Afros
3971 2414 4160 2474 litera.-

685 2530 810 2568 rum
839 2509 994 2569 cultu
1023 2510 1271 2569 eruditos
1299 2511 1499 2571 asserit
1526 2514 1672 2571 Frid.
1697 2514 1956 2571 Muenter
1983 2512 2042 2571 in
2071 2511 2403 2572 Primordiis
2430 2513 2682 2573 ecclesiae
2709 2513 2989 2573 Africanae
3017 2533 3072 2591 p.
3099 2532 3129 2572 2
3145 2531 3192 2572 1.
3264 2520 3303 2545 “
3325 2514 3422 2572 De
3445 2516 3623 2589 «yreia-ca
3652 2511 3966 2572 Clementis
3993 2512 4159 2571 Alex-

683 2606 905 2666 andrini
937 2618 996 2666 et
1022 2608 1094 2666 de
1122 2607 1377 2688 vestigiis
1397 2608 1833 2687 Neoplatonicae
1861 2609 2232 2689 philosophiae
2259 2610 2318 2669 18
2347 2630 2415 2670 ea
2441 2611 2660 2671 obviis’·
2685 2622 2774 2670 est
2800 2609 2996 2669 titulus
3023 2608 3540 2669 Commentationis
3580 2608 3859 2669 historica
3898 2622 3960 2669 et
4000 2611 4158 2668 theo-

683 2706 901 2785 logicae,
932 2727 1100 2785 quam
1145 2705 1369 2785 scripsit
1395 2709 1469 2764 A.
1495 2709 1550 2766 F.
1579 2709 1832 2767 Dachne.
1873 2706 2085 2787 Lipsiae
2121 2709 2293 2783 1831.
2377 2709 2597 2768 Contra
2623 2710 2695 2768 de
2722 2707 2772 2767 vi
2799 2706 3070 2767 doctrinae
3098 2707 3156 2765 in
3183 2708 3263 2767 N.
3286 2708 3356 2767 T.
3388 2706 3657 2787 expositae
3684 2706 3744 2765 in
3773 2707 3931 2767 illam
3972 2707 4158 2787 philo·

681 2804 940 2883 sophiam
968 2803 1278 2883 disputavit
1316 2806 1642 2864 Ullmannus
1669 2805 1725 2864 in
1755 2807 2362 2866 commentatiuncula:
2409 2813 2451 2841 ‘⁶'
2470 2805 2779 2866 Parallelen
2807 2824 2907 2863 sus
2934 2805 3043 2864 den
3075 2804 3360 2864 Schriften
3393 2805 3494 2865 des
3520 2806 3861 2886 Porphyrius
3901 2827 3976 2865 zu
4017 2826 4161 2867 neu-

682 2902 1174 2963 testamentlichen
1209 2902 1448 2973 Stellen,
1488 2903 1571 2963 als
1606 2904 1831 2964 Beweis
1872 2925 1985 2964 von
2028 2906 2159 2964 dem
2198 2904 2448 2964 Einfluss
2487 2903 2590 2963 des
2630 2901 3090 2962 Christenthums
3130 2901 3234 2961 auf
3264 2902 3435 2964 einen
3463 2904 3696 2984 (383881-
3721 2904 4056 2964 desselben”
4096 2905 4157 2963 in

682 3000 975 3060 Ullmanni
1005 3011 1065 3058 et
1095 3000 1397 3060 Umbreitii
1423 3001 1876 3082 Theologischen
1907 3001 2145 3062 Studien
2173 3013 2235 3061 et
2261 3002 2545 3062 Kritiken.
2586 3002 2693 3078 183
2705 3019 2756 3060 2.
2785 3001 2920 3060 sm.
2950 3002 3031 3059 II.
3075 3022 3132 3079 p.
3164 3000 3506 3079 376—394.
3588 3004 3659 3061 In
3702 3001 3906 3062 iisdem
3950 3004 4163 3062 Studiis

689 3100 858 3174 1834.
887 3099 1021 3157 fasc.
1053 3100 1132 3157 H.
1178 3119 1233 3176 p.
1262 3118 1402 3176 349.
1433 3120 1556 3178 sqq.
1588 3101 1710 3179 ipse
1736 3099 2017 3180 disputavi
2043 3101 2115 3160 de
2144 3100 2365 3159 ratione
2392 3121 2517 3180 quae
2543 3098 2693 3159 inter
2719 3099 3093 3158 Ammonium
3123 3101 3355 3160 8800818
3387 3100 3678 3159 Plotinum
3720 3102 4034 3180 horumque
4075 3102 4159 3160 fa-

682 3195 922 3254 miliares
951 3208 1119 3273 atque
1146 3196 1498 3257 Christianos
1526 3198 1865 3271 intercessit,
1893 3199 2162 3259 nimirum
2190 3199 2250 3258 in
2276 3218 2517 3258 censura
2542 3196 2737 3267 libelli,
2766 3196 2861 3276 qui
2891 3195 3246 3257 inscribitur:
3294 3205 3334 3231 ‘⁴
3352 3200 3565 3256 Plotini
3590 3202 3667 3257 ad
3688 3199 3973 3257 Gnosticos
3997 3199 4154 3259 liber.

683 3293 897 3353 Graece.
980 3293 1321 3375 Castigatius
1362 3296 1541 3356 edidit
1583 3313 1754 3377 atque
1796 3311 1960 3360 notas
1997 3312 2057 3359 et
2091 3297 2304 3359 codicis
2334 3297 2702 3358 Monacensis
2742 3316 2830 3355 nr.
2857 3315 2997 3373 449.
3027 3316 3156 3354 cum
3184 3293 3435 3354 editione
3456 3294 3770 3354 Basileensi
3797 3295 3988 3355 collati
4015 3300 4158 3356 vari-

678 3405 839 3451 antes
879 3392 1151 3452 lectiones
1192 3394 1396 3473 adjecit
1431 3398 1628 3471 Georg.
1659 3401 1935 3457 Antonius
1962 3399 2131 3473 Heigl
2157 3396 2483 3456 Ratisbonae
2520 3397 2629 3470 183
2641 3392 2729 3453 2.’'
2759 3393 2833 3452 de
2858 3413 2974 3471 quo
3003 3393 3145 3452 libro
3174 3393 3394 3450 dicetur
3420 3411 3454 3450 a
3481 3410 3575 3450 me
3604 3392 3749 3450 infra
3777 3394 3835 3449 in
3863 3392 4156 3452 Addendis

677 3491 747 3549 ad
776 3491 928 3550 hunc
955 3490 1166 3549 Plotini
1192 3492 1396 3551 librum
1429 3493 1536 3567 (11.
1565 3495 1653 3571 9.)
1684 3515 1741 3572 p.
1765 3496 1905 3571 358.
1933 3515 2055 3573 sqq.
2084 3495 2174 3553 ed.
2199 3492 2563 3552 oxoniensis.

760 3591 855 3646 Ad
886 3591 940 3659 ξ.
969 3589 1076 3647 IX.
1107 3591 1190 3647 lit.
1210 3609 1264 3664 y.
1312 3589 1404 3648 De
1432 3590 1725 3651 codicibus
1752 3592 1984 3663 Plotini,
2013 3593 2108 3670 qui
2150 3590 2210 3649 in
2249 3588 2594 3649 bibliotheca
2621 3585 2959 3647 Scorialensi
2988 3585 3044 3644 in
3075 3584 3367 3664 Hispaniis
3408 3597 3777 3653 asservantur,
3807 3583 3916 3643 vid.
3946 3585 4149 3645 etiam:

682 3695 722 3718 “
752 3686 1012 3765 Catalogi
1039 3686 1308 3744 librorum
1340 3686 2088 3765 manuscriptorum—nunc
2117 3687 2362 3766 primum
2391 3685 2528 3744 editi
2555 3705 2591 3744 a
2617 3688 2868 3746 Gustavo
2897 3683 3159 3743 Haenel.”
3201 3683 3407 3762 Lipsiae
3445 3684 3617 3759 1832.
3646 3704 3703 3760 p.
3724 3701 3863 3760 933.

758 3785 852 3840 Aa
879 3787 929 3854 ξ.
957 3783 1063 3840 ῙΧ.
1093 3783 1165 3840 ad
1196 3782 1444 3842 Harlesii
1471 3786 1677 3842 verba:
1726 3790 1770 3816 “
1797 3784 1911 3842 Sed
1938 3796 2136 3862 postea
2167 3782 2506 3863 (Villoison)
2536 3803 2702 3842 suum
2730 3783 2848 3861 ipse
2875 3782 3105 3861 agnovit
3130 3801 3373 3841 errorem
3402 3793 3464 3839 et
3489 3783 3579 3840 Fr.
3600 3780 3734 3838 Chr.
3757 3779 4154 3840 Grimmius—

677 3878 978 3937 illustravit
999 3883 1055 3935 τ’·
1097 3880 1346 3938 Jacobus
1373 3880 1672 3939 Morellius
1712 3880 1769 3939 in
1799 3880 2062 3960 Epistola
2086 3880 2347 3940 Venetiis
2372 3881 2506 3939 Kal.
2535 3881 2838 3940 Decembr.
2878 3883 3046 3940 1812.
3075 3879 3146 3938 811
3177 3899 3269 3939 me
3300 3880 3418 3953 (Fr.
3447 3881 3570 3953 Cr.)
3606 3878 3737 3936 data
3776 3879 3858 3935 ita
3896 3898 4152 3957 pronun-

674 3976 812 4035 tiat:
863 3977 1037 4035 “Eas
1070 3978 1235 4051 (duas
1262 3976 1685 4038 dissertationes
1712 3980 1951 4054 Plotini)
1983 3991 2252 4058 tanquam
2283 3979 2524 4038 ineditas
2553 3979 2925 4038 Villoisonius
2952 3998 3243 4057 perperam
3273 3977 3451 4043 dedit,
3482 3988 3540 4034 at
3562 3994 3808 4034 errorem
3841 3973 3961 4053 ipse
3985 3996 4149 4034 suum

675 4073 1047 4152 deprehendit
1073 4088 1133 4134 et
1158 4074 1381 4155 publice
1407 4075 1570 4145 dixit,
1594 4084 1886 4152 antequam
1907 4076 2220 4135 Grimmius
2248 4076 2478 4136 easdem
2507 4076 2659 4135 inter
2678 4076 2887 4136 Plotini
2917 4076 3098 4136 editas
3126 4086 3646 4141 commonstrasset,
3670 4073 4150 4150 quemadmodum

673 4173 735 4232 in
767 4174 1125 4234 Bibliotheca
1151 4176 1532 4254 manuscripta
1557 4176 1628 4233 T.
1652 4177 1699 4234 Ι.
1729 4196 1787 4254 p.
1813 4176 1944 4251 136.
1976 4171 2399 4233 animadverti.'’
2463 4173 2748 4233 Nimirum
2779 4174 2936 4233 illum
2964 4193 3207 4233 errorem
3237 4183 3554 4232 correxerat
3580 4169 3878 4230 Villoison.
3901 4191 3952 4231 a.
3976 4174 4149 4248 1784.

676 4271 943 4331 Grimmii
971 4285 1160 4332 autem
1189 4272 1415 4332 libellus
1443 4272 1628 4332 lucem
1651 4272 1788 4333 vidit
1814 4293 1863 4332 a.
1892 4273 2062 4348 1788.
2106 4273 2186 4330 Et
2212 4270 2308 4330 ille
2335 4273 2456 4330 haec
2484 4272 2675 4352 posuit
2698 4272 2757 4330 in
2788 4275 3112 4331 Comment.
3141 4272 3211 4330 de
3240 4270 3445 4350 triplici
3471 4270 3524 4327 T
3527 4267 3785 4348 heologia
3814 4269 3910 4343 (ad
3937 4271 4149 4329 calcem

673 4369 804 4428 libri
834 4370 1293 4431 Sanctocruciani
1322 4371 1678 4431 Recherches
1705 4392 1801 4431 sur
1829 4372 1909 4430 les
1938 4370 2208 4447 mysteres
2231 4370 2308 4427 du
2337 4370 2665 4450 paganisme
2693 4370 2803 4429 vol.
2825 4370 2907 4429 11.
2936 4390 2993 4448 p.
3023 4388 3152 4428 102.
3183 4370 3272 4428 ed.
3298 4369 3545 4428 Silvestr.
3574 4369 3647 4427 de
3675 4368 3876 4445 Sacy):
3912 4370 4149 4427 “Auec-

673 4467 939 4527 dotorum
968 4469 1314 4536 Graecorum,
1347 4469 1442 4526 uhi
1471 4468 1734 4547 leguntur
1761 4468 1887 4527 duae
1915 4467 2128 4526 Plotini
2156 4466 2616 4537 Dissertationes,
2646 4488 2785 4546 quas
2812 4467 3052 4526 ineditas
3078 4467 3206 4526 ideo
3232 4487 3360 4526 cum
3391 4464 3722 4533 LambeciO,
3751 4463 4007 4523 Fabricio
4034 4480 4145 4524 etc.

673 4568 884 4634 vocavi,
913 4578 974 4625 et
1013 4566 1242 4645 protuli,
1272 4567 1425 4644 quod
1453 4566 1512 4625 in
1543 4567 1752 4626 Plotini
1781 4566 2044 4647 operibus
2069 4566 2223 4625 varia
2249 4564 2469 4626 illarum
2497 4567 2816 4646 fragmenta
2852 4585 2968 4624 non
3004 4578 3321 4636 occurrant,
3350 4564 3460 4624 nisi
3488 4565 3601 4624 huc
3626 4576 3687 4623 et
3713 4563 3849 4623 illuc
3876 4563 4142 4644 dispersa,

674 4682 779 4721 880
806 4663 926 4721 sine
956 4683 1164 4743 magno
1191 4663 1386 4722 labore
1414 4663 1786 4744 colligenda.”

1838 4921 1944 4985 Ad
1971 4921 2405 5009 Porphyrium
2432 4923 2508 4986 de
2547 4924 2686 4987 Vita
2715 4922 2977 4987 Plotini.

748 5055 1188 5116 Praemonitum:
1233 5055 1476 5117 Biennio
1505 5059 1641 5125 fere,
1672 5069 2034 5136 posteaquam
2069 5057 2387 5116 Plotiniana
2421 5060 2618 5117 omnia
2642 5079 2757 5117 una
2780 5078 2912 5117 cum
2941 5059 3049 5117 1100
3078 5059 3291 5137 scripto
3322 5056 3610 5136 Porphyrii
3642 5055 3928 5115 Oxonium
3961 5068 4141 5115 trans-

669 5153 1425 5222 miseram,'communicavit
1452 5175 1693 5223 mecum,
1724 5170 2008 5215 annuente
2038 5169 2281 5225 auctore,
2323 5159 2388 5214 G.
2415 5157 2485 5214 R.
2511 5158 2578 5214 L.
2612 5158 2811 5214 Sinner
2839 5157 3058 5217 Bernss
3087 5158 3158 5214 V.
3181 5157 3269 5214 Cl.
3298 5155 3573 5223 libellum,
3602 5174 3773 5233 quem
3803 5154 3882 5212 vir
3907 5154 4136 5214 illustris

667 5256 907 5313 Jacobus
935 5253 1212 5329 Leopardi
1237 5254 1447 5313 Comes
1473 5252 1838 5312 Florentinus
1878 5255 2183 5314 admodum
2211 5252 2452 5333 juvenis,
2481 5254 2726 5313 necdum
2767 5253 3148 5333 septendecim
3192 5273 3372 5312 annos
3413 5263 3598 5320 natus,
3631 5271 3813 5332 neque
3839 5252 3899 5311 in
3927 5252 4141 5312 Graecis

667 5352 842 5411 literis
871 5351 987 5411 11110
1017 5351 1285 5432 magistro
1314 5371 1468 5421 usus,
1497 5352 1566 5411 ad
1594 5350 1856 5411 editionis
1886 5353 2118 5411 modum
2146 5352 2584 5411 concinnaverat
2609 5352 2718 5411 hoc
2746 5352 2950 5410 titulo:
2984 5360 3024 5386 ‘⁴
3043 5350 3335 5431 Porphyrii
3365 5350 3437 5410 de
3457 5350 3596 5410 Vita
3619 5351 3834 5410 Plotini
3858 5363 3919 5411 et
3944 5351 4142 5411 ordine

665 5450 933 5510 librorum
976 5456 1097 5530 ejus
1140 5451 1597 5508 Commentarius
1625 5450 1824 5513 Graece
1861 5463 1921 5509 et
1948 5450 2170 5517 Latine,
2205 5451 2289 5507 Ex
2316 5448 2593 5507 Versione
2619 5448 2857 5508 Marsiiii
2886 5448 3063 5509 Fit-ini
3103 5448 3419 5507 emendata.
3500 5449 3705 5508 Graeca
3743 5448 4043 5509 illustravit
4080 5462 4141 5508 et

663 5548 873 5608 Latina
910 5546 1228 5608 emendavit
1254 5548 1507 5608 Jacobus
1536 5546 1816 5626 Leopardi
1852 5544 2059 5621 1814.’'
2143 5548 2289 5609 Quoe
2331 5566 2418 5606 res
2458 5560 2524 5605 ut
2564 5547 2893 5607 admiranda
2930 5561 3019 5609 est
3055 5561 3114 5607 et
3150 5546 3326 5626 digna
3359 5545 3590 5627 ingenio
3617 5552 3738 5627 qus
3767 5546 3884 5616 viri,
3912 5549 4008 5626 qui
4050 5567 4138 5606 se-

2543 5653 2744 5718 382
