5118 6613
1037 509 1159 593 238

1035 678 1192 743 liber
1211 678 1557 753 addiceret;
1583 703 1724 744 nam
1745 682 2312 768 ovvmpctmymuod
2334 682 2498 748 idem
2525 686 2740 765 sunsit,

1034 804 1073 845 a
1101 781 1357 867 vulgata
1386 781 1568 846 nimis
1598 782 1931 871 discrepat.

1106 907 1173 971 p.
1201 891 1236 945 8
1251 904 1272 946 1
1290 904 1350 961 2,
1373 905 1432 965 7.
1467 886 1585 950 ὅσα
1603 888 1718 967 γὰρ
1743 888 2084 966 ἀνθρώπους
2100 887 2384 963 δελεάζει,
2403 888 2550 968 ἡδέα
2572 893 2743 972 γενό-

1032 1011 1188 1065 μενα
1216 993 1344 1053 ταῖς
1374 990 1730 1071 ἐπιθυμίαις]
1782 989 2077 1075 Xenoph.
2115 991 2517 1056 Memorabb.
2552 993 2652 1055 II.
2682 1014 2739 1056 1.

1034 1112 1117 1169 4:
1166 1093 1392 1154 τούτων
1435 1094 1549 1173 γὰρ
1599 1090 1785 1169 δήπου
1832 1096 1980 1172 (τῶν
2022 1092 2213 1176 ζώων)
2257 1097 2332 1157 τὰ
2373 1096 2486 1173 μὲν
2524 1095 2742 1177 γαστρὶ

1035 1194 1676 1272 δελεαζόμενα-ὅμως
1694 1196 1766 1271 τῇ
1799 1194 2074 1278 ἐπιθυμίᾳ
2094 1198 2201 1257 τοῦ
2221 1202 2445 1277 φαγεῖν
2474 1198 2743 1279 ἀγόμενα

1033 1292 1180 1375 πρὸς
1222 1293 1291 1357 τὸ
1334 1293 1550 1375 δέλεαρ
1595 1295 1967 1368 ἁλίσκονται,
2002 1294 2110 1358 ubi
2146 1296 2396 1382 proprie
2428 1319 2739 1385 usurpan-

1035 1411 1143 1460 tur
1168 1395 1302 1461 haec
1333 1395 1656 1461 vocabula.
1752 1397 2051 1462 Tralatus
2091 1421 2242 1463 usus
2289 1399 2583 1465 latissime
2625 1424 2737 1488 pa-

1035 1511 1147 1563 tet.
1241 1497 1427 1563 Plato
1484 1498 1875 1586 Euthydem.
1923 1523 1986 1587 p.
2022 1516 2169 1583 272.
2201 1502 2287 1567 D.
2336 1524 2401 1589 p.
2449 1518 2599 1589 395.
2646 1527 2740 1591 sq.

1038 1599 1281 1667 Bekk.:
1329 1605 1474 1669 ἴσως
1519 1604 1586 1666 δὲ
1631 1602 1847 1684 δέλεαρ
1897 1604 2119 1683 ἄξομεν
2166 1604 2365 1671 αὐτοῖς
2410 1607 2546 1672 τοὺς
2599 1607 2743 1676 σοὺς

1032 1702 1213 1779 υἱέας,
1247 1705 1355 1772 ubi
1400 1706 1561 1771 Cod.
1597 1704 1841 1771 Bodlei.
1873 1719 1937 1770 et
1982 1705 2114 1771 duo
2156 1707 2260 1771 alii
2307 1707 2602 1774 Bekkero
2637 1710 2736 1773 in-

1033 1808 1264 1894 specti:
1314 1808 1512 1875 αὐτοῖς
1541 1809 1769 1888 ἕξομεν.
1862 1810 1954 1874 Et
1981 1824 2136 1888 erat,
2165 1832 2312 1875 cum
2342 1810 2504 1875 hanc
2532 1812 2737 1900 potio·

1031 1933 1164 1975 rem
1194 1911 1529 1977 arbitrarer
1571 1911 1919 1978 lectionem.
2015 1915 2181 1977 Nam
2228 1913 2444 1980 bestioe
2487 1917 2739 1999 ἄγονται

1030 2014 1177 2097 πρὸς
1219 2015 1288 2079 τὸ
1333 2016 1570 2097 δέλεαρ,
1604 2030 1678 2080 ut
1721 2015 1784 2079 in
1823 2014 1960 2080 loco
2000 2016 2460 2104 Xenophontis,
2491 2018 2590 2083 vel
2629 2018 2735 2083 ho-

1032 2117 1229 2182 mines
1257 2116 1485 2182 bestias
1513 2116 1722 2203 θάλλῳ
1751 2119 1968 2201 ἄγουσι
1997 2117 2126 2182 sive
2153 2120 2268 2183 ὑπὸ
2300 2125 2532 2185 θαλλοῦ
2567 2146 2733 2202 περι-

1031 2221 1247 2303 άγουσι
1279 2220 1438 2303 (vid.
1472 2219 1922 2285 Ruhnken.ad
1955 2222 2129 2287 Tim.
2165 2246 2233 2310 p.
2264 2224 2405 2308 136.
2440 2236 2503 2287 et
2534 2222 2732 2288 Euri-

1030 2322 1207 2410 pides
1249 2322 1313 2387 in
1355 2321 1715 2387 Erechtheo
1747 2325 2006 2411 Fragm.
2042 2326 2097 2388 I.
2129 2348 2189 2391 v.
2232 2328 2329 2392 18.
2362 2349 2425 2414 p.
2457 2347 2609 2408 442.
2640 2351 2732 2413 sq.

1031 2427 1283 2492 Beckii:
1332 2432 1433 2508 τῆς
1462 2454 1536 2511 γε
1559 2428 1685 2510 (vel
1707 2432 1807 2508 τῆς
1833 2434 1970 2511 γῆς)
1996 2430 2214 2513 δέλεαρ
2238 2431 2497 2514 ἔχοντες.
2548 2430 2731 2495 Idem

1028 2529 1090 2595 in
1126 2530 1576 2595 Andromacha
1620 2553 1678 2594 v.
1714 2533 1859 2596 262.
1913 2534 2093 2614 (264.
2139 2531 2242 2596 ed.
2281 2533 2355 2596 A.
2405 2532 2729 2619 Matthiae)

1029 2633 1242 2698 τοιόνδ’
1277 2634 1397 2718 ἔχω
1428 2659 1541 2698 σου
1582 2632 1818 2715 δέλεαρ.
1915 2634 2042 2698 Sed
2085 2651 2292 2699 tamen
2337 2633 2402 2699 in
2452 2634 2733 2700 Platonis

1024 2736 1161 2801 loco
1208 2740 1491 2802 Socrates
1537 2736 1781 2801 Critoni
1827 2737 2203 2823 persuadere
2246 2738 2481 2817 studet,
2523 2754 2594 2803 ut
2640 2763 2732 2803 se-

1026 2863 1170 2904 cum
1208 2838 1290 2903 ad
1333 2839 1657 2926 Sophistas
1687 2841 1983 2906 ventitet:
2034 2842 2130 2906 καὶ
2178 2842 2256 2906 σὺ
2300 2843 2363 2906 τί
2401 2843 2726 2925 συμφοίτα,

1029 2958 1091 3007 et
1135 2942 1295 3006 filios
1336 2965 1593 3029 quoque
1634 2966 1780 3006 suos
1819 2966 2028 3008 secum
2074 2943 2288 3021 ducat,
2334 2968 2567 3032 eosque
2598 2961 2731 3010 tan-

1027 3067 1217 3133 quam
1263 3068 1456 3109 essam
1504 3069 1710 3110 secum
1743 3046 1988 3111 adferat
2025 3046 2144 3111 illis
2174 3047 2484 3136 sophistis.
2579 3050 2733 3112 Pro-

1028 3149 1173 3213 inde
1204 3148 1361 3212 bene
1399 3148 1588 3213 habet
1621 3147 1811 3213 illud:
1859 3152 2004 3217 ἴσως
2032 3152 2099 3214 δὲ
2128 3150 2343 3232 δέλεαρ
2373 3152 2595 3230 ἄξομεν
2625 3152 2727 3215 αὖ·

1028 3258 1151 3320 τοῖς
1177 3252 1313 3321 τοὺς
1341 3251 1484 3320 σοὺς
1510 3254 1673 3325 υἱεῖς,
1704 3250 1921 3318 eodem
1954 3252 2084 3316 fere
2115 3252 2323 3331 modo,
2356 3276 2485 3340 quo
2523 3253 2732 3318 Xeno-

1029 3355 1199 3444 phon
1247 3354 1309 3418 in
1355 3353 1697 3418 Hellenicis
1731 3355 1801 3419 V.
1832 3375 1894 3435 4.
1926 3377 1991 3436 4.
2035 3354 2220 3420 dicit:
2271 3362 2553 3439 γυναῖκας
2594 3358 2727 3420 ὑπι-

1026 3465 1397 3547 σχνούμενος
1424 3462 1590 3540 ἄξειν
1619 3462 1816 3528 αὐτοῖς
1858 3464 2204 3537 καλλίστας,
2231 3462 2311 3526 de
2340 3462 2557 3527 scortis
2583 3485 2725 3549 per-

1027 3564 1327 3630 ducendis
1355 3563 1437 3628 ad
1471 3564 1656 3628 viros.
1733 3564 1955 3629 Redeo
1981 3565 2060 3629 ad
2084 3566 2342 3629 verbum
2371 3590 2389 3644 ;
2436 3564 2518 3629 de
2545 3566 2730 3653 cujus

1024 3667 1248 3732 tralato
1280 3689 1395 3731 usu
1427 3665 1601 3730 haud
1629 3688 1833 3754 pauca
1859 3690 2220 3754 congessere
2246 3667 2620 3755 interpretes
2645 3667 2727 3733 sd

1023 3771 1159 3835 haec
1207 3772 1254 3833 J
1257 3769 1432 3834 acobi
1473 3769 1678 3855 Epist.
1717 3771 1775 3833 Ι.
1813 3790 1924 3849 14;
1973 3771 2088 3835 ὑπὸ
2117 3775 2219 3849 τῆς
2247 3773 2395 3839 ἰδίας
2425 3774 2732 3851 ἐπιθυμίας

1026 3875 1411 3953 ἐξελκόμενος
1459 3871 1553 3935 καὶ
1596 3873 2037 3952 δελεαζόμενος.
2117 3872 2310 3956 (Vide
2355 3873 2723 3960 praesertim.

1029 3976 1335 4037 Wetsten.
1365 3973 1446 4036 ad
1488 3996 1634 4036 eum
1678 3972 1909 4053 locum,
1939 3989 2004 4039 et
2036 3975 2120 4038 cf.
2164 3975 2609 4040 Hemsterhus.
2645 3974 2729 4040 ad

1029 4075 1298 4140 Lucian.
1345 4073 1638 4160 Dialogg.
1694 4075 1924 4139 Mortt.
1971 4099 2035 4162 p.
2071 4095 2221 4162 359.
2269 4077 2600 4163 Wyttenb.
2647 4078 2730 4142 ad

1029 4176 1355 4242 Plutarch.
1388 4176 1468 4239 de
1516 4178 1582 4240 S.
1613 4178 1696 4240 N.
1724 4177 1797 4239 V.
1830 4201 1898 4264 p.
1928 4179 2321 4263 52.—Adde
2364 4179 2572 4244 locum
2617 4183 2735 4245 Jo-

1028 4279 1202 4368 sephi
1235 4279 1314 4342 de
1343 4277 1508 4342 bello
1536 4277 1694 4341 Jud.
1740 4279 1877 4343 111.
1908 4295 1971 4365 5.
2008 4282 2068 4344 6.
2118 4304 2180 4368 p.
2223 4283 2367 4347 228.
2410 4285 2727 4349 Haverc.:

1029 4385 1107 4450 ὦς
1134 4386 1240 4445 τοῦ
1263 4383 1377 4461 μὲν
1407 4379 1738 4461 αὐτομάτου
1778 4387 1963 4446 καλοῦ
2000 4383 2383 4459 δελεάζοντος
2424 4388 2508 4453 είς
2545 4388 2730 4467 ἀπρο.

1028 4485 1299 4566 μήθειαν.
1347 4482 1633 4547 Irmisch.
1667 4484 1748 4548 ad
1784 4485 2130 4549 Herodian.
2167 4487 2226 4549 I.
2268 4506 2367 4552 12.
2400 4507 2498 4550 10.
2546 4486 2733 4551 Philo

1030 4585 1187 4653 Jud.
1250 4586 1456 4671 Legg.
1509 4585 1824 4673 Allegorr.
1880 4588 1975 4651 ΙΙ.
2027 4610 2095 4674 p.
2130 4607 2277 4652 220.
2326 4612 2463 4676 sqq.
2514 4589 2728 4654 Pfeiff.

1031 4688 1225 4753 menti
1252 4702 1576 4774 comparat
1604 4687 1845 4752 virum:
1894 4712 2142 4755 sensum
2180 4690 2465 4755 mulieri:
2515 4691 2735 4779 volup-

1031 4806 1221 4856 tatem
1253 4789 1559 4877 serpenti:
1592 4792 1973 4858 πολύπλοκος
2000 4796 2117 4874 γὰρ
2147 4793 2244 4857 καὶ
2272 4795 2509 4873 ποικίλη
2528 4795 2732 4877 ὥσπερ

1030 4896 1137 4957 τοῦ
1165 4894 1362 4974 ὄφεως
1380 4892 1418 4971 ἡ
1442 4893 1668 4971 κίνησις
1684 4894 1865 4959 οὕτως
1884 4893 1979 4957 καὶ
1999 4894 2410 4973 ἦδονῆς.-ὅτι
2435 4896 2501 4974 (ἡ
2518 4896 2728 4979 ἡδονὴ)

1030 4994 1167 5077 περὶ
1186 4994 1383 5059 πάντα
1405 4997 1481 5058 τὸ
1507 4998 1614 5057 τοῦ
1642 4996 1870 5077 ἀλόγου
1898 4998 2000 5074 τῆς
2019 5000 2222 5079 ψυχῆς
2250 4999 2519 5060 εἰλεῖται.
2570 4998 2732 5061 Haec

1032 5097 1304 5187 praemisi
1340 5096 1723 5163 Theodoreti
1752 5120 1993 5177 caussa,
2024 5098 2135 5185 qui
2164 5099 2256 5164 ita
2285 5098 2554 5185 Epistol.
2591 5114 2730 5185 145.

1030 5224 1099 5288 p.
1139 5218 1320 5287 1257.
1357 5198 1612 5264 Schulz.
1641 5224 1655 5263 ε
1703 5205 1875 5264 τοῦτο
1908 5202 2004 5265 καὶ
2032 5203 2069 5281 ἡ
2101 5203 2397 5283 Αἰγυπτία
2425 5199 2733 5282 πεποίηκε.

1032 5302 1141 5382 τὴν
1183 5306 1299 5386 γὰρ
1348 5307 1449 5382 τῆς
1495 5305 1748 5385 αἰσχρᾶς
1790 5304 2095 5382 ἐπιθυμίας
2137 5304 2415 5367 δουλείαν
2458 5304 2735 5369 ἀσπασα-

1032 5404 1201 5484 μένη,
1224 5407 1319 5470 καὶ
1336 5406 1445 5487 τὴν
1463 5405 1883 5485 ἀνδραποδώδη
1906 5407 2226 5470 κολακείαν
2243 5412 2739 5488 προσενεγκοΰσα

1035 5509 1115 5592 τῷ
1168 5510 1437 5591 σώφρονι
1486 5509 1558 5591 (J
1566 5506 1857 5595 osepho),
1898 5506 2026 5572 εἶτα
2073 5508 2156 5590 μὴ
2201 5508 2550 5575 δελεάσασα
2591 5512 2738 5590 μηδὲ

2019 511 2849 580 ANNOTATIONES
2915 516 3027 580 IN
3093 517 3546 584 PLOTINI

2828 692 2956 755 ταῖς
2983 693 3084 768 τῆς
3119 690 3477 769 ἡδυπαθείας
3513 694 3908 774 περιπείρασα
3936 693 4174 776 πάγαις,
4207 698 4532 779 ἀλλοτρίας

2831 790 3001 869 εὐνῆς
3050 781 3337 856 ἀπεκάλει
3381 792 3613 872 λῃστὴν
3655 798 3757 873 τῆς
3800 800 4197 877 σωφροσύνης
4238 799 4348 864 τὸν
4391 802 4528 882 ἐρα-

2829 893 3000 972 στήν.
3090 895 3259 980 Lege
3301 896 3836 977 περισπειράσασα.
3931 900 4096 963 Nam
4143 907 4535 987 περισπειρᾷν

2830 994 3081 1082 proprie
3119 995 3200 1058 de
3246 996 3640 1082 serpentibus
3689 997 3941 1074 dicitur,
3996 1001 4409 1090 (Wcsseling.
4449 1005 4530 1069 ad

2831 1097 3094 1161 Diodor.
3128 1100 3183 1162 1.
3217 1121 3281 1185 p.
3316 1119 3464 1180 291.
3501 1101 3714 1187 Heyn.
3745 1102 3827 1165 ad
3856 1102 4229 1189 Apollodor.
4277 1129 4347 1193 p.
4388 1128 4525 1187 140.

2828 1199 2926 1264 ed.
2975 1198 3177 1282 alter.)
3272 1200 3521 1265 Deinde
3559 1202 3638 1265 ad
3685 1202 3807 1266 alia
3854 1227 4111 1292 quoque
4157 1207 4532 1274 transfertur

2831 1302 3191 1386 (Plutarch.
3228 1303 3472 1391 Agesil.
3502 1305 3758 1370 XXXI.
3795 1307 3902 1372 ubi
3934 1307 4059 1372 vid.
4101 1309 4529 1377 doctissimum

2831 1407 3126 1473 Coraium
3159 1431 3223 1495 p.
3257 1413 3440 1493 355.)
3472 1409 3690 1493 πάγαις
3716 1426 3926 1476 autem
3970 1414 4222 1500 proprie
4263 1430 4533 1481 utuntur

2827 1533 3129 1597 aucupes,
3159 1525 3223 1574 et
3253 1510 3626 1589 meretrices,
3652 1512 3874 1577 tralate
3906 1515 4178 1581 Comicis
4204 1516 4391 1583 dictae
4417 1544 4529 1584 πα-

2827 1613 2989 1694 γίδες
3015 1616 3122 1676 τοῦ
3147 1614 3311 1692 βίου.
3403 1612 3585 1677 Idem
3616 1614 3839 1680 vitium
3881 1614 3946 1680 in
3987 1617 4249 1682 Luciani
4278 1617 4525 1685 libello:

2828 1714 3163 1793 Quomodo
3203 1714 3375 1780 Hist.
3403 1738 3638 1781 conscr.
3672 1715 3770 1781 sit.
3802 1741 3860 1782 c.
3897 1736 4002 1802 29.
4034 1742 4099 1806 p.
4127 1739 4233 1805 39.
4279 1720 4525 1788 dudum

2827 1816 3237 1881 emendarunt
3297 1816 3538 1881 Critici.
3654 1818 3835 1882 Idem
3898 1819 4369 1902 Theodoretus,
4428 1824 4527 1888 vel

2826 1918 2964 2005 ejus
3005 1917 3437 2005 interpolator,
3466 1920 3531 1984 in
3570 1920 3811 1986 Histor.
3862 1923 4184 2010 Religiosa
4219 1948 4328 1991 seu
4375 1927 4526 1992 Phi-

2824 2021 3036 2087 lotheo
3080 2045 3147 2110 p.
3188 2042 3374 2103 1114.
3419 2023 3673 2088 Schulz.
3718 2024 3799 2090 de
3839 2026 4167 2093 Arrianis:
4215 2029 4376 2109 ἦσαν
4409 2035 4526 2114 γὰρ

2824 2127 3023 2209 ὀλίγοι
3051 2128 3226 2200 τινὲς,
3259 2129 3317 2191 οἱ
3360 2129 3649 2192 τάναντία
3674 2131 3790 2208 μὲν
3820 2130 4138 2211 ἐφρόνουν,
4172 2137 4434 2213 γυμνοῦν
4462 2136 4529 2198 δὲ

2823 2228 2932 2307 τὴν
2962 2235 3139 2307 σφῶν
3167 2229 3273 2292 οὐκ
3303 2228 3589 2311 ἐθάῤῥουν
3617 2229 3928 2310 ἀσέβειαν,
3964 2235 4127 2297 ἀλλὰ
4155 2235 4533 2315 δελεάσμασί

2820 2356 2943 2394 τισι
2971 2328 3441 2404 συνεκάλυπτον,
3474 2331 3545 2394 οὗ
3588 2336 3739 2396 πᾶσι
3774 2334 3888 2412 μὲν
3926 2336 4261 2417 γνωρίμοις,
4302 2342 4425 2405 τοῖς
4461 2339 4527 2401 δὲ

2821 2430 3099 2514 ἀκριβέσι
3131 2435 3231 2510 τῆς
3261 2432 3545 2511 ἀληθείας
3568 2434 3817 2511 μύσταις
3839 2436 3936 2499 καὶ
3962 2433 4128 2514 μάλα
4157 2436 4376 2516 δήλοις.

2906 2556 2973 2620 p.
3007 2533 3155 2619 813,
3189 2552 3252 2617 3.
3300 2538 3491 2597 Δοκεῖ
3527 2537 3645 2615 γὰρ
3685 2536 3942 2617 εὔλογον
3976 2539 4139 2611 ἴσως,
4169 2538 4252 2617 μὴ
4289 2539 4525 2622 ἐξάγειν

2822 2637 3064 2724 ἑαυτόν]
3117 2637 3219 2700 De
3250 2635 3365 2700 hac
3395 2637 3700 2702 sententia
3725 2653 3789 2703 et
3818 2639 4092 2705 formula
4120 2641 4526 2728 exposuimus

2818 2762 3010 2827 supra
3041 2738 3121 2803 ad
3158 2740 3211 2803 Ι.
3244 2758 3302 2822 9.
3348 2760 3397 2801 1.
3426 2761 3491 2825 p.
3526 2741 3630 2824 85.

2902 2879 2991 2891 —
3027 2860 3127 2926 13.
3171 2843 3397 2906 τούτων
3447 2843 3623 2906 οὐδὲν
3671 2844 3903 2926 ἀγαθὸν
3957 2844 4130 2930 λέγει
4182 2846 4358 2922 εἶναι,
4408 2847 4526 2930 (ita

2819 2942 3012 3007 nostri
3041 2965 3262 3006 omnes
3288 2941 3421 3008 fere
3458 2965 3576 3031 pro
3621 2969 3672 3008 ε.
3696 2948 3789 3026 λ.)
3822 2946 3906 3009 ὧν
3937 2949 4137 3012 ἐκεῖνα
4163 2947 4362 3034 λέγει]
4418 2951 4524 3014 Its

2817 3044 3094 3132 plurimi,
3124 3046 3400 3133 exceptis
3436 3046 3618 3110 Med.
3649 3049 3741 3111 A.
3778 3062 3842 3111 et
3876 3048 4043 3127 Van,
4076 3049 4187 3135 qui
4218 3052 4297 3119 ὥς
4326 3055 4524 3117 ἐκεῖνα

2817 3147 3009 3231 λέγει,
3041 3147 3214 3235 quod
3247 3171 3466 3214 verum
3498 3148 3767 3213 videtur.
3837 3152 3960 3214 Ille
3981 3150 4138 3216 alter
4166 3169 4378 3219 autem
4408 3168 4524 3234 est,

2817 3249 2929 3338 qui
2956 3250 3145 3316 modo
3173 3250 3520 3333 dicebatur,
3553 3251 3754 3340 specie
3786 3253 3951 3317 Boni
3982 3252 4306 3343 deceptus.

2904 3378 2971 3442 p.
3008 3355 3156 3436 814,
3197 3375 3293 3442 13.
3342 3357 3410 3420 ἐν
3456 3360 3537 3441 τῷ
3584 3358 3865 3442 δαιμονίῳ
3910 3359 4104 3446 τόπῳ]
4176 3358 4282 3424 Cf.
4332 3382 4524 3448 supra

2821 3459 2941 3522 IV.
2970 3477 3031 3545 3.
3071 3458 3165 3522 18.
3198 3481 3266 3546 p.
3295 3459 3446 3545 385.
3523 3460 3696 3523 Fons
3743 3458 3937 3545 hujus
3982 3460 4286 3527 doctrinae
4323 3479 4417 3528 est
4457 3463 4523 3529 in

2817 3559 3101 3624 Platonis
3122 3561 3366 3625 Timaeo
3394 3584 3458 3649 p.
3495 3581 3599 3645 90.
3634 3561 3695 3625 in
3729 3562 3996 3628 Politico
4025 3587 4086 3651 p.
4126 3581 4269 3648 171.
4299 3566 4363 3631 in
4396 3569 4521 3633 Re-

2815 3662 3085 3751 publica.
3177 3663 3411 3729 Confer
3440 3663 3735 3729 Proclum
3768 3665 3831 3730 in
3865 3666 4078 3732 Alcib.
4110 3691 4210 3755 pr.
4239 3691 4298 3733 c.
4328 3687 4430 3755 23.
4451 3693 4519 3757 p.

2819 3785 2922 3849 74.
2954 3781 3184 3832 nostr.:
3239 3769 3392 3832 οὕτω
3419 3770 3537 3850 γὰρ
3565 3768 3746 3847 οἶμαι,
3780 3769 3877 3833 καὶ
3905 3771 3939 3832 ὁ
3971 3772 4040 3834 ἐν
4070 3774 4362 3856 Πολιτείᾳ
4398 3779 4524 3837 Σω-

2818 3870 3027 3951 κράτης
3055 3873 3338 3951 δαίμονας
3367 3870 3622 3935 ἐκάλεσε
3651 3872 3786 3940 τοὺς
3828 3874 3894 3937 εὖ
3921 3877 4295 3954 βεβιωκότας
4329 3878 4426 3941 καὶ
4463 3879 4525 3945 ἐς

2817 3974 3039 4052 ἀμείνω
3096 3977 3269 4053 λῆξιν
3318 3973 3730 4053 μεταστάντας
3780 3976 3877 4040 καὶ
3938 3979 4119 4041 τόπον
4175 3980 4518 4061 ἅγιώτερον.

2820 4073 2954 4139 Ubi
2983 4074 3064 4139 de
3091 4075 3302 4156 λήξεσι
3335 4075 3644 4160 (sedibus)
3671 4075 4031 4142 daemonum
4055 4077 4240 4165 plura
4269 4078 4521 4145 laudavi

2819 4176 2882 4239 in
2914 4192 3129 4242 annot.
3218 4179 3320 4241 De
3352 4177 3411 4240 vi
3441 4177 3800 4245 daemonum
3831 4179 3893 4244 in
3927 4179 4082 4258 loca,
4104 4181 4227 4246 alio
4256 4182 4415 4260 loco,
4438 4183 4519 4249 de

2821 4279 3018 4365 Legg.
3073 4280 3143 4343 V.
3190 4302 3254 4366 p.
3302 4298 3448 4364 750.
3498 4302 3563 4365 p.
3599 4300 3745 4360 411.
3802 4281 4002 4346 Bekk.
4062 4281 4347 4370 disputat
4387 4285 4522 4372 ipse

2822 4379 3026 4444 Plato.
3119 4379 3312 4444 Adde
3357 4381 3757 4446 Damascium
3797 4382 3863 4447 in
3911 4383 4265 4448 Parmenid.
4314 4408 4379 4472 p.
4411 4390 4518 4472 63.

2818 4482 2917 4546 ed.
2956 4484 3166 4571 Kopp.

2903 4623 2991 4634 —
3024 4605 3126 4651 21.
3173 4588 3375 4670 ὥσπερ
3422 4590 3488 4652 ἐκ
3532 4590 3833 4670 μηρίνθων
3874 4592 4080 4657 ὁλκαῖς
4120 4615 4243 4655 τισι
4282 4592 4522 4672 φύσεως

2818 4689 3315 4774 μετατιθεμένων]
3370 4690 3584 4754 Locus
3611 4712 3757 4754 cum
3790 4691 3993 4756 verbis
4021 4705 4156 4755 turn
4203 4692 4523 4758 sententiis

2823 4788 3103 4855 Platonis
3130 4790 3474 4857 imitatione
3503 4794 3903 4879 compositus.
3992 4796 4098 4859 Ita
4117 4793 4282 4858 enim
4305 4793 4411 4858 ille
4436 4793 4519 4858 de

2820 4893 3020 4981 Legg.
3056 4895 3113 4958 Ι.
3148 4917 3213 4979 p.
3244 4896 3412 4975 644:
3463 4899 3658 4975 θαῦμα
3677 4898 3791 4976 μὲν
3821 4897 4076 4962 ἕκαστον
4100 4897 4265 4976 ἡμῶν
4290 4897 4516 4979 ἡγησό-

2817 5001 2973 5076 μεθα
2999 5002 3117 5061 τόν
3144 4998 3307 5072 ζώων
3336 5001 3519 5072 θεῖον,
3555 5001 3674 5063 εἴτε
3704 4999 3781 5066 ὥς
3806 5000 4087 5081 παίγνιον
4113 4999 4377 5073 ἐκείνων,
4399 5002 4522 5065 εἴτε

2823 5101 2900 5167 ὥς
2943 5103 3170 5179 σπουδῇ
3228 5124 3344 5164 τινι
3392 5102 3765 5181 ξυνεστηκός.
3811 5101 3881 5165 οὗ
3937 5099 4055 5182 γὰρ
4104 5101 4176 5180 δὴ
4227 5104 4405 5165 τοῦτό
4448 5128 4525 5184 γε

2823 5202 3260 5284 γιγνώσκομεν.
3306 5203 3446 5265 τόδε
3480 5204 3547 5266 δὲ
3584 5204 3781 5282 ἴσμεν,
3813 5204 3905 5266 ὅτι
3946 5208 4134 5268 ταῦτα
4161 5205 4236 5266 τᾶ
4262 5202 4423 5283 πάθη
4454 5206 4523 5268 ἐν

2820 5304 2959 5383 ἡμῖν
2987 5304 3117 5367 οἷον
3148 5300 3390 5385 νεῦραῆ
3421 5302 3738 5386 σμήρινθοί
3762 5330 3919 5372 τινες
3960 5303 4077 5386 (ita
4119 5302 4399 5369 Boeckh.
4439 5305 4522 5371 ad

2824 5404 3074 5470 Platon.
3109 5406 3274 5472 Min.
3309 5428 3373 5493 p.
3414 5426 3558 5489 119.
3588 5422 3652 5471 et
3684 5405 3953 5471 Bekker.
3983 5408 4048 5471 in
4080 5429 4196 5472 sus
4221 5405 4376 5472 edit.
4408 5429 4524 5493 pro

2821 5508 3122 5594 μήρινθοι)
3157 5510 3402 5574 ἐνοῦσαι
3430 5510 3635 5575 σπῶσί
3657 5534 3724 5574 τε
3752 5509 3903 5589 ἡμᾶς
3941 5510 4038 5575 καὶ
4082 5508 4379 5589 ἀλλήλαις
4416 5511 4520 5574 ἀν-
