5118 6613
1136 529 1256 594 180

1134 702 1272 766 111oe
1300 714 1510 765 autem
1539 700 1720 783 πυρὸς
1746 702 1959 782 τροπαὶ
1990 699 2334 778 Heraclito,
2357 713 2655 786 tanquam
2674 723 2819 764 auc-

1127 806 1246 870 tori
1275 806 1412 892 ejus
1440 803 1717 883 rationis,
1746 802 2135 881 tribuuntur,
2170 802 2442 889 indeque
2469 801 2549 867 ad
2583 802 2821 866 Stoicos

1127 906 1458 973 translatae.
1551 906 1651 970 De
1680 906 1846 992 igne,
1876 921 1946 970 ut
1976 905 2284 993 principio
2311 905 2652 970 secundum
2687 907 2822 969 He-

1126 1010 1436 1077 raclitum.
1484 1009 1605 1073 vid.
1653 1008 1822 1074 Plat.
1882 1008 2116 1097 Cratyl.
2163 1032 2230 1095 p.
2261 1030 2407 1096 413.
2441 1008 2504 1074 b.
2549 1008 2815 1074 Aristot.

1130 1114 1497 1201 Metaphys.
1548 1114 1604 1177 Ι.
1644 1133 1709 1198 3.
1754 1135 1815 1200 p.
1851 1115 1912 1177 8.
1949 1111 2126 1201 Sylb.
2180 1113 2372 1199 Diog.
2426 1114 2641 1177 Laert.
2686 1114 2818 1176 IX.

1128 1237 1186 1300 7.
1222 1218 1281 1282 8.
1310 1216 1463 1303 ibiq.
1498 1218 1755 1302 Menag.
1801 1213 1977 1279 Add.
2009 1214 2338 1303 Wyttenb.
2369 1215 2451 1280 ad
2483 1213 2657 1279 Plut.
2687 1215 2822 1296 περὶ

1124 1322 1489 1403 πολυφιλίας
1533 1342 1598 1407 p.
1644 1321 1788 1382 661.
1838 1341 1931 1405 sq.
1976 1317 2085 1404 qui
2131 1340 2196 1405 p.
2227 1320 2376 1382 662.
2422 1318 2488 1382 in
2534 1317 2821 1403 Diogene

1123 1421 1166 1487 l.
1191 1423 1232 1486 l.
1265 1420 1556 1486 emendat
1593 1422 1998 1500 πυκνούμενον
2037 1424 2153 1503 γὰρ
2188 1420 2256 1484 τὸ
2290 1426 2405 1502 πῦρ
2436 1422 2822 1501 ἐξαεροῦσθαι

1125 1555 1179 1591 κ.
1201 1552 1256 1590 τ.
1280 1535 1342 1588 λ.
1444 1525 1664 1590 Cicero
1707 1523 1767 1588 d.
1830 1527 1918 1590 Ν.
1945 1525 2032 1590 D.
2087 1527 2228 1590 111.
2289 1546 2388 1606 14.
2435 1525 2566 1589 ita:
2616 1533 2659 1564 “
2694 1524 2817 1589 Sed

1122 1628 1329 1694 omnia
1376 1628 1581 1706 vestri,
1617 1627 1893 1713 (Stoici‚)
1939 1628 2160 1706 Balbe,
2206 1627 2405 1692 solent
2442 1627 2523 1691 ad
2570 1627 2814 1714 igneam

1119 1733 1246 1796 vim
1279 1731 1529 1808 referre,
1563 1730 1979 1810 Heraclitum,
2002 1747 2072 1795 ut
2103 1731 2344 1817 opinor,
2375 1745 2816 1816 sequentes—

1123 1837 1249 1899 Vos
1291 1849 1501 1899 autem
1546 1834 1635 1899 ita
1675 1833 1900 1910 dicitis,
1944 1857 2191 1897 omnem
2222 1834 2346 1897 vim
2391 1857 2522 1898 esse
2564 1833 2808 1918 ignem:

1119 1938 1331 2025 itaque
1375 1952 1436 2001 et
1479 1935 1844 2015 animantes,
1890 1960 2035 2001 cum
2092 1935 2259 2000 calor
2303 1936 2621 2011 defecerit,
2677 1951 2810 1999 tum

1119 2040 1411 2105 interire:
1459 2055 1522 2103 et
1564 2039 1627 2104 in
1672 2041 1839 2104 omni
1883 2054 2109 2104 natura
2152 2062 2357 2104 rerum
2390 2038 2453 2103 id
2488 2038 2717 2116 vivere,
2748 2038 2814 2102 id

1115 2144 1349 2231 vigere,
1381 2141 1552 2230 quod
1583 2142 1839 2207 caleat.”
1886 2143 2062 2207 Stob.
2097 2141 2362 2229 Eclogg.
2391 2141 2616 2229 Physs.
2654 2143 2710 2206 1.
2746 2164 2808 2229 p.

1114 2268 1265 2334 314.
1300 2249 1538 2310 Heer.:
1585 2251 1819 2330 Τριχῶς
1865 2249 1930 2310 δὲ
1978 2246 2312 2329 λεγομένου
2353 2250 2501 2309 κατὰ
2545 2246 2814 2328 Χρύσιπ-

1115 2377 1232 2416 πον
1272 2354 1379 2414 τοῦ
1416 2357 1736 2435 στοιχείου,
1771 2348 1896 2414 καθ’
1932 2350 2040 2414 ἕνα
2081 2352 2194 2430 μὲν
2232 2351 2453 2431 τρόπον
2480 2353 2587 2413 τοῦ
2612 2347 2811 2430 πυρὸς,

1115 2457 1212 2518 διὰ
1240 2454 1306 2516 τὸ
1340 2456 1403 2533 ἐξ
1434 2454 1614 2517 αὐτοῦ
1641 2456 1717 2517 τὰ
1743 2456 1928 2517 λοιπᾶ
1959 2454 2356 2516 συνίστασθαι
2386 2454 2533 2516 κατὰ
2547 2458 2812 2531 μεταβο-

1114 2557 1248 2635 λὴν,
1284 2556 1378 2620 καὶ
1410 2558 1492 2624 εἰς
1520 2555 1661 2619 αὐτὸ
1693 2554 2031 2635 λαμβάνειν
2061 2556 2168 2634 τὴν
2197 2554 2515 2619 ἀνάλυσιν.

1202 2681 1268 2745 p.
1293 2660 1444 2742 568,
1470 2661 1529 2722 6.
1568 2658 1662 2722 καὶ
1684 2660 1868 2743 τούτῳ
1889 2658 1958 2721 τὸ
1977 2660 2348 2740 φθείρεσθαι,
2370 2655 2417 2743 ᾧ
2448 2658 2629 2722 καὶτὸ
2653 2657 2808 2722 πάσ-

1117 2786 1270 2844 χειν.
1326 2762 1455 2839 Τὴν
1485 2762 1549 2824 δὲ
1574 2763 1723 2840 ὕλην
1754 2762 2127 2842 φθείρεσθαι,
2163 2760 2275 2843 οὐχ
2304 2761 2433 2824 οἶόν
2462 2785 2528 2823 τε
2558 2788 2610 2824 κ.
2636 2787 2691 2824 τ.
2709 2761 2807 2849 λ.]

1111 2861 1370 2927 Adhibe
1389 2861 1535 2925 huic
1555 2860 1858 2925 universae
1875 2860 2283 2947 disputationi
2305 2860 2709 2925 Aristotelem
2730 2862 2811 2926 de

1115 2968 1414 3031 Generat.
1458 2978 1522 3028 et
1567 2967 1863 3050 Corrupt.
1915 2964 1968 3026 1.
2006 2979 2065 3045 7.
2099 2963 2159 3025 8.
2205 2962 2315 3049 qui
2358 2963 2446 3027 ita
2488 2963 2575 3028 ib.
2606 2988 2672 3052 p.
2709 2984 2808 3046 24.

1116 3067 1292 3155 Sylb.
1322 3092 1336 3131 ε
1384 3069 1421 3147 ἡ
1451 3070 1515 3131 δὲ
1544 3070 1676 3146 ὕλη,
1708 3064 1743 3146 ᾖ
1773 3069 1907 3145 ὕλη,
1938 3067 2280 3145 παθητικόν·
2330 3066 2398 3129 τὸ
2427 3068 2539 3145 μὲν
2561 3068 2668 3132 οὖν
2695 3073 2810 3150 πῦρ

1119 3172 1247 3255 ἔχει
1288 3174 1354 3234 ἐν
1380 3173 1495 3250 ὕλῃ
1524 3169 1591 3233 τὸ
1633 3170 1869 3250 θερμόν·
1922 3170 1974 3231 εἰ
2004 3167 2071 3231 δέ
2103 3193 2160 3231 τι
2201 3171 2288 3248 εἴη
2332 3169 2630 3252 χωριστὸν
2674 3175 2806 3253 θερ-

1109 3272 1246 3353 μὸν,
1296 3277 1468 3337 τοῦτο
1513 3273 1685 3337 οὐδὲν
1730 3269 1806 3335 ἂν
1842 3269 2090 3355 πάσχοι·
2136 3274 2307 3335 τοῦτο
2357 3273 2470 3351 μὲν
2517 3273 2624 3337 οὖν
2665 3277 2808 3342 ἴσως

1114 3379 1404 3441 ἀδύνατον
1435 3375 1586 3439 εἶναι
1614 3374 1928 3457 χωριστόν.
1978 3370 2291 3459 Porphyr.
2322 3374 2522 3437 Sentt.
2551 3374 2807 3439 XXII.

1115 3502 1181 3566 p.
1220 3497 1338 3549 227
1368 3503 1381 3542 :
1432 3479 1568 3543 οὔτε
1607 3478 1712 3540 οὖν
1741 3479 1886 3543 ἴσως
1927 3476 1965 3555 ἡ
2004 3477 2118 3555 ὕλη
2163 3475 2409 3558 πάσχει,
2451 3477 2658 3545 ἄποιος
2693 3483 2809 3561 γὰρ

1114 3581 1238 3646 καθ’
1301 3580 1533 3662 ἑαυτήν.
1626 3581 1864 3645 Contra
1921 3577 2285 3643 Alexander
2342 3577 2692 3665 Aphrodis.
2744 3581 2806 3645 in

1112 3685 1376 3750 Aristot.
1408 3684 1487 3748 de
1529 3682 1764 3749 Anima
1795 3683 1852 3746 Ι.
1886 3705 1937 3746 c.
1965 3701 2065 3767 29.
2143 3680 2478 3745 Materiam
2509 3682 2573 3745 in
2602 3683 2804 3747 omni-

1110 3785 1231 3851 bus
1274 3788 1462 3851 rebus
1504 3785 1567 3849 id
1613 3809 1744 3849 esse
1794 3783 1966 3858 dicit,
2011 3782 2184 3869 quod
2243 3782 2541 3871 patiatur.
2635 3785 2807 3850 Hinc

1109 3889 1498 3975 intelligitur,
1529 3888 1592 3952 in
1624 3888 1720 3952 his
1750 3902 1813 3951 et
1841 3886 2247 3973 sequentibus
2285 3901 2501 3951 contra
2544 3888 2806 3977 Peripa-

1112 3991 1264 4056 ticos
1287 3991 1458 4055 haud
1487 4014 1688 4078 pauca
1716 3989 2021 4077 disputari
2052 4012 2090 4054 a
2120 3988 2392 4053 Plotino.

1198 4118 1259 4181 p.
1291 4098 1445 4180 569,
1480 4096 1540 4158 8.
1583 4096 1666 4157 Τί
1696 4092 1744 4157 δ’
1788 4092 1863 4157 ἂν
1904 4093 2141 4175 γραμμὴ
2183 4091 2364 4157 πάθοι
2406 4092 2520 4157 ὑπὸ
2564 4095 2801 4176 χρώμα-

1113 4198 1284 4286 τοςς]
1343 4196 1611 4260 Aristot.
1650 4195 1731 4259 de
1777 4196 1940 4259 Gen.
1985 4213 2048 4258 et
2086 4197 2386 4281 Corrupt.
2424 4219 2474 4260 c.
2511 4212 2569 4278 7.
2597 4219 2662 4283 p.
2698 4216 2801 4262 22.

1116 4301 1336 4389 Sylb.:
1402 4302 1575 4365 οὐδὲν
1621 4303 1738 4382 γὰρ
1782 4299 1857 4364 ἂν
1899 4298 2079 4363 πάθοι
2121 4301 2401 4379 λευκότης
2455 4302 2570 4366 ὑπὸ
2614 4329 2806 4385 γραμ-

1111 4409 1239 4485 μῆς,
1271 4402 1307 4484 ἢ
1338 4404 1573 4487 γραμμὴ
1602 4404 1716 4467 ὑπὸ
1747 4404 2115 4482 λευκότητος,
2146 4404 2307 4482 πλὴν
2328 4407 2381 4467 εἰ
2407 4404 2487 4485 μή
2515 4430 2631 4469 που
2663 4409 2809 4469 κατὰ

1113 4510 1510 4590 συμβεβηκός,
1554 4510 1683 4572 οἷον
1713 4512 1766 4571 εἰ
1805 4507 2171 4588 συμβέβηκε,
2207 4509 2423 4588 λευκὴν
2449 4507 2486 4589 ἦ
2513 4509 2807 4590 μέλαιναν

1113 4613 1264 4677 εἶναι
1321 4613 1428 4691 τὴν
1478 4610 1750 4694 γραμμήν
1796 4639 1848 4675 κ.
1874 4637 1929 4675 τ.
1948 4618 2007 4675 λ.
2100 4611 2314 4676 Multa
2363 4613 2528 4677 enim
2583 4613 2647 4677 in
2687 4614 2807 4679 illis

1112 4714 1505 4780 Aristoteleis
1532 4713 1610 4778 ad
1642 4713 1812 4778 hunc
1840 4714 2068 4778 librum
2094 4714 2516 4779 Plotinianum
2542 4716 2802 4796 faciunt,

1108 4842 1252 4906 quae
1281 4817 1329 4881 si
1359 4816 1565 4881 omnia
1594 4815 1940 4880 describere
1968 4815 2175 4893 velim,
2207 4817 2622 4882 annotationis
2666 4842 2801 4884 mo-

1109 4923 1230 4987 dus
1259 4944 1381 4985 non
1414 4920 1508 4985 sit.
1600 4923 1701 4984 Ac
1730 4917 1917 4983 semel
1950 4919 2253 4983 monitum
2288 4919 2468 4982 velim
2501 4920 2793 4988 lectores:

1107 5041 1435 5112 propterea
1475 5046 1514 5087 a
1557 5021 1736 5087 nobis
1777 5021 1841 5085 in
1887 5021 2097 5085 limine
2141 5021 2530 5107 singulorum
2565 5023 2797 5088 Plotini

1107 5129 1408 5193 librorum
1427 5128 1658 5213 font&
1686 5123 1966 5202 indicari,
2006 5139 2077 5188 ut
2120 5146 2198 5187 ne
2240 5123 2442 5188 ubivis
2487 5125 2796 5212 sigillatim

1108 5233 1477 5320 scriptorum
1509 5229 1672 5293 locos
1693 5228 2043 5293 adscribere
2073 5249 2408 5313 cogamur;
2443 5228 2616 5315 quod
2642 5228 2799 5293 mul-

1108 5335 1184 5399 tis
1212 5335 1276 5399 in
1305 5333 1501 5413 libris,
1532 5350 1605 5397 ut
1632 5331 1791 5410 dixi,
1820 5330 2130 5394 infinitum
2165 5331 2262 5396 sit.

1188 5474 1275 5485 —
1303 5457 1404 5499 11.
1437 5442 1510 5501 Ει
1540 5435 1607 5501 δέ
1634 5460 1721 5503 τις
1751 5435 1847 5499 καὶ
1875 5436 1950 5498 τὰ
1980 5432 2276 5516 κάτοπτρα
2302 5433 2477 5516 λέγοι
2517 5434 2612 5498 καὶ
2641 5435 2794 5503 ὅλως

2112 528 2955 594 ANNOTATIONES
3003 529 3114 594 IN
3159 528 3599 594 PLOTINI

2907 699 3092 765 Plato
3127 701 3190 764 in
3240 700 3489 766 Timaeo
3526 723 3588 787 p.
3618 702 3728 782 46.
3784 703 3865 764 A.
3919 723 3979 787 p.
4011 720 4120 785 52.
4164 701 4369 766 Bekk.
4422 699 4490 764 τὸ
4536 701 4599 764 δὲ

2905 804 3040 885 περὶ
3077 803 3185 883 τήν
3232 810 3350 867 τῶν
3404 805 3743 885 κατόπτρων
3790 803 4220 879 εἰδωλοποιίαν,
4270 805 4364 869 καὶ
4410 803 4601 869 πάντα

2907 908 3026 971 ὅσα
3054 909 3293 989 ἐμφανῆ
3344 908 3439 971 καὶ
3480 912 3635 980 λεῖα,
3685 910 3940 970 κατιδεῖν
3983 907 4158 971 οὐδὲν
4203 909 4290 971 ἔτι
4331 908 4602 990 χαλεπόν

2909 1038 2961 1075 κ.
2980 1038 3032 1074 τ.
3052 1018 3114 1075 λ.
3205 1009 3316 1075 Ad
3364 1032 3550 1096 quem
3603 1008 3807 1074 locum
3858 1009 4086 1074 adhibe
4140 1010 4475 1075 Alcinoum
4522 1009 4600 1073 de

2906 1114 3128 1178 Doctr.
3182 1113 3344 1177 Plat.
3383 1116 3480 1177 18.
3529 1136 3595 1200 p.
3623 1114 3771 1197 498.
3825 1127 3888 1177 et
3941 1112 4336 1178 Chalcidium
4377 1113 4441 1176 in
4490 1112 4600 1176 Ti-

2906 1238 3134 1280 maeum
3164 1239 3230 1303 p.
3253 1235 3398 1301 333.
3431 1238 3526 1302 sq.
3569 1216 3655 1302 [p.
3681 1217 3829 1301 365.
3865 1239 3957 1302 sq.
4004 1216 4102 1280 ed.
4136 1216 4414 1302 Fabric.]
4459 1217 4596 1280 Jac.

2911 1321 3291 1406 Carpentar.
3328 1318 3392 1382 in
3438 1317 3774 1382 Alcinoum
3821 1321 4077 1405 p.416:
4128 1327 4169 1357 “
4201 1322 4595 1406 Quamquam

2908 1445 3027 1486 non
3069 1444 3282 1486 omnes
3324 1421 3483 1485 hanc
3526 1421 3824 1486 rationem
3866 1444 4123 1494 eorum;
4172 1445 4315 1508 quae
4357 1421 4424 1484 in
4470 1443 4601 1508 spe-

2904 1523 3060 1588 culis
3109 1539 3435 1611 apparent,
3487 1522 3866 1588 admittunt:
3925 1522 4055 1598 sed,
4103 1538 4175 1588 ut
4221 1524 4310 1589 ait
4369 1526 4600 1588 Seneca

2903 1651 2958 1691 c.
3008 1645 3071 1712 5.
3124 1627 3228 1690 lib.
3277 1628 3336 1690 1.
3386 1626 3782 1691 Naturalium
3838 1625 4294 1705 Quaestionum,
4345 1626 4598 1691 omnino

2901 1729 2982 1793 de
3038 1728 3157 1793 illis
3213 1729 3359 1794 duae
3406 1728 3726 1816 opiniones
3770 1745 3934 1794 sunt.
4030 1728 4162 1794 Alii
4201 1730 4365 1794 enim
4413 1729 4478 1793 in
4525 1728 4598 1792 iis

2901 1832 3229 1897 simulacra
3273 1834 3440 1897 cerni
3482 1847 3710 1919 putant
3780 1832 3821 1897 i.
3863 1857 3918 1897 e.
3979 1856 4313 1920 corporum
4357 1847 4597 1898 nostro-

2898 1958 3038 1999 rum
3098 1936 3334 2023 figuras
3397 1959 3436 1999 a
3506 1935 3728 2000 nostris
3782 1936 4146 2024 corporibus
4209 1959 4325 2023 per
4396 1943 4593 1999 aerem

2899 2061 3140 2125 sparsas
3176 2054 3239 2102 et
3291 2039 3354 2102 in
3399 2038 3519 2103 illis
3568 2054 3880 2126 exceptas.
3971 2037 4096 2102 Alii
4143 2061 4286 2102 cum
4334 2037 4594 2102 Platone

2899 2139 3075 2205 aiunt
3133 2141 3336 2205 nullas
3382 2164 3449 2205 re
3492 2165 3639 2205 vera
3690 2141 3990 2228 imagines
4031 2141 4097 2206 in
4142 2140 4395 2229 speculo
4445 2163 4592 2219 esse,

2900 2244 3454 2330 quemadmodum,
3482 2268 3686 2331 neque
3729 2245 3792 2322 in
3836 2244 3992 2308 iride
4034 2243 4286 2323 colore&
4319 2243 4427 2309 sed
4465 2242 4597 2331 ipsa

2899 2346 3135 2434 adspici
3174 2371 3456 2435 corpora,
3499 2347 3822 2412 oculorum
3866 2346 3995 2411 acie
4035 2361 4267 2411 retorta
4308 2361 4369 2411 et
4414 2346 4479 2410 in
4536 2369 4597 2410 se

2899 2473 3116 2515 rursus
3145 2450 3393 2515 reflexa.
3463 2452 3668 2529 Quam
3699 2450 4066 2514 sententiam
4096 2449 4379 2537 sequitur
4397 2449 4593 2515 Alex-

2896 2554 3093 2619 ander
3145 2554 3548 2618 Problemate
3611 2572 3752 2637 129.
3804 2553 3913 2617 lib.
3960 2554 4017 2616 1.
4099 2559 4142 2591 “
4176 2555 4349 2617 Tum
4410 2552 4594 2617 refert

2897 2657 2976 2721 de
3023 2656 3158 2722 loco
3212 2655 3569 2721 Aristotelis
3630 2655 3958 2721 Meteorol.
4012 2680 4065 2720 c.
4120 2657 4234 2720 IV.
4297 2655 4405 2721 lib.
4455 2655 4588 2720 111.

2900 2762 2979 2824 In
3012 2760 3267 2824 eandem
3303 2774 3569 2823 mentem
3615 2758 3893 2823 Platonis
3931 2758 4293 2823 sententiam
4330 2757 4593 2847 explica-

2898 2863 3048 2927 bant
3091 2862 3593 2948 Theophrastus,
3646 2861 4053 2939 lamblichus,
4101 2861 4378 2940 ProcluS,
4424 2860 4591 2927 Pris-

2895 2964 3128 3030 cianus.
3179 2965 3282 3030 Cf.
3316 2964 3600 3029 Ficinum
3649 2964 3711 3028 in
3758 2965 3986 3029 Timaei
4018 2964 4219 3029 locum
4251 2964 4422 3029 laud.
4453 2988 4586 3052 cap.

2893 3088 3002 3153 30.
3071 3071 3309 3133 Contra
3350 3092 3456 3131 eos
3495 3068 3761 3154 insurgit
3806 3067 4169 3155 Olympiod.
4215 3067 4279 3132 in
4315 3067 4464 3133 Alc.
4500 3089 4586 3153 pr.

2892 3193 2958 3257 p.
2985 3187 3170 3254 217.:
3223 3169 3361 3235 ἀλλ’
3396 3171 3596 3249 ἐπειδὴ
3641 3172 3778 3252 περὶ
3815 3177 3934 3234 τῶν
3975 3173 4042 3235 ἐν
4085 3176 4207 3238 τοῖς
4251 3174 4589 3253 κατόπτροις

2894 3273 3273 3356 φαινομένων
3324 3275 3584 3339 εἰδώλων
3621 3273 3876 3356 γέγονεν
3905 3276 3938 3338 ὁ
3977 3275 4179 3357 λόγος,
4225 3275 4296 3338 οὐ
4338 3279 4434 3340 δεῖ
4470 3275 4588 3355 οἰη-

2896 3381 3086 3458 θῆναι,
3122 3380 3310 3444 καθὼς
3338 3380 3371 3441 ὁ
3398 3379 3741 3460 φιλόσοφος
3763 3379 4039 3459 Πρόκλος
4068 3381 4272 3451 οἴεται,
4298 3380 4404 3442 τόν
4422 3377 4590 3442 Πλά-

2893 3506 3054 3544 τωνα
3101 3479 3380 3559 δοξάζειν,
3433 3482 3525 3544 ὅτι
3573 3479 3935 3547 ἀνακλάσεις
3982 3484 4153 3545 εἰσίν.
4246 3481 4433 3545 Αῦται
4476 3483 4588 3562 γὰρ

2897 3584 3359 3665 Περιπατητικαὶ
3407 3583 3501 3647 καὶ
3538 3585 3863 3667 μηχανικαί
3906 3586 4059 3647 εἰσιν
4099 3584 4341 3657 ἔννοιαι,
4373 3583 4441 3646 τὸ
4483 3582 4587 3647 λέ-

2892 3713 3025 3770 γειν
3051 3689 3157 3753 τὰς
3199 3689 3368 3753 σκιᾶς
3415 3685 3484 3749 δι’
3519 3687 3949 3767 ἑπιπρόσθησιν
3989 3688 4258 3766 σώματος
4298 3688 4588 3768 γίνεσθαι.

2896 3792 3070 3853 Tum
3120 3804 3460 3852 monstrare
3509 3787 3756 3853 studet:
3806 3792 3910 3855 τὰς
3948 3791 4116 3855 σκιᾶς
4157 3812 4288 3853 esse
4322 3788 4586 3853 ὑποστά-

2892 3918 3037 3967 σεις,
3068 3892 3329 3978 fierique
3374 3914 3477 3955 eas
3508 3890 3576 3955 δι’
3610 3894 3941 3973 ἆποῤῥοιῶν
3969 3892 4424 3978 proficiscentes
4463 3889 4588 3955 sive

2891 3995 3208 4060 effluentes
3238 3997 3302 4058 ἐκ
3330 4000 3449 4058 τῶν
3479 3996 3793 4074 αἰσθητῶν,
3828 4017 4081 4081 suaeque
4120 3994 4439 4059 sententiae
4480 4015 4587 4081 pa-

2891 4111 3141 4162 tronum
3202 4094 3602 4161 Damascium
3648 4094 3799 4160 citat
3847 4095 4309 4184 philosophum.
4397 4095 4586 4161 Vides

2890 4215 3097 4265 autem
3144 4223 3222 4264 ex
3273 4198 3391 4275 his,
3442 4197 3810 4285 iniquiorem
3856 4199 3919 4263 in
3972 4200 4418 4288 Peripateticos
4458 4222 4586 4264 esse

2895 4302 3440 4391 Olympiodorum.
3518 4304 3758 4365 Contra
3805 4300 4113 4366 Alcinous
4159 4302 4266 4367 l.l.
4321 4302 4581 4368 ἀνακλά-

2894 4431 3021 4473 σεις
3065 4406 3127 4469 in
3179 4404 3295 4468 hac
3354 4427 3421 4468 re
3479 4419 3541 4468 et
3600 4404 3732 4491 ipse
3783 4405 4583 4494 agnoscit.—Speculorun1

2891 4507 3355 4572 similitudinem
3408 4530 3469 4594 p.
3517 4512 3667 4593 316.
3702 4509 3790 4571 D.
3828 4524 3891 4572 et
3927 4507 4089 4573 infra
4126 4510 4245 4574 VI.
4292 4529 4352 4576 2.
4385 4527 4486 4574 22.
4519 4530 4579 4595 p.

2891 4613 3035 4695 615.
3099 4612 3177 4677 C.
3234 4609 3373 4692 (ubi
3419 4609 3567 4674 item
3611 4610 3885 4675 materiae
3933 4612 4167 4676 mentio
4216 4612 4319 4697 fit)
4368 4634 4584 4676 rursus

2892 4728 3154 4801 usurpat
3182 4712 3592 4800 philosophus
3620 4729 3869 4788 noster;
3917 4712 3997 4778 ad
4028 4737 4215 4800 quem
4242 4713 4449 4780 locum
4465 4714 4585 4780 alia

2889 4817 3300 4904 adponemuS.
3390 4817 3648 4903 Integer
3699 4831 3909 4881 autem
3943 4815 4116 4881 locus
4142 4817 4307 4882 infra
4340 4841 4407 4905 p.
4430 4821 4578 4904 316.

2887 4919 3154 4984 D.—G.
3185 4941 3327 4982 cum
3375 4934 3585 4983 nostro
3624 4918 3761 4983 loco
3789 4934 3883 4984 est
3912 4919 4402 5006 componendus.
4479 4922 4580 4985 De

2885 5022 3143 5087 vocibus
3187 5021 3415 5096 κλάσις,
3461 5022 3804 5097 ἀνάκλασις,
3855 5024 4163 5091 διάκλασις
4213 5051 4263 5088 κ.
4292 5049 4345 5087 τ.
4368 5032 4429 5087 λ.
4474 5047 4579 5088 ex-

2885 5126 3096 5212 posuit
3136 5124 3550 5189 Schneiderus
3587 5124 3667 5188 ad
3713 5124 3984 5212 Eclogas
4024 5125 4328 5214 Physicas
4377 5128 4479 5191 11.
4510 5149 4573 5213 p.

2887 5248 3032 5313 243.
3067 5251 3157 5315 sq.
3204 5244 3268 5294 et
3309 5227 3560 5292 consule
3600 5227 3684 5292 ibi
3733 5227 4017 5293 Euclidis
4047 5229 4406 5317 Catoptrica
4436 5229 4574 5294 Vol.

2888 5332 2945 5395 1.
2969 5354 3030 5418 p.
3061 5351 3211 5416 391.
3246 5353 3382 5417 sqq.

2965 5472 3053 5484 —
3077 5455 3174 5515 14.
3224 5435 3312 5498 ἔτι
3366 5438 3603 5513 μᾶλλον
3651 5431 4089 5521 ἀπαθέσι-ερον]
4137 5434 4240 5497 De
4298 5433 4416 5500 hac
4473 5456 4571 5499 re-

1105 5543 1179 5604 τὰ
1205 5543 1463 5621 διαφανῆ
1491 5538 1605 5604 ὑπὸ
1639 5545 1758 5603 τῶν
1788 5535 2516 5622 ἑνορωμένων-πάσχειν
2546 5565 2596 5601 κ.
2623 5563 2672 5602 τ.
2692 5538 2789 5627 λ.]
2878 5536 3228 5604 dundantia
3256 5552 3317 5602 et
3347 5535 3491 5601 alibi
3519 5557 3620 5600 me
3657 5535 3740 5600 ad
3784 5535 4108 5602 Plotinum
4149 5558 4401 5603 monere
4441 5561 4569 5604 me-
