5118 6613
1380 578 1583 645 LIB.
1613 578 1776 645 v11.
1828 579 2288 647 ENNEAD.
2336 580 2729 647 sEx‘rAE.
2771 601 2840 667 p.
2877 591 3320 666 1307—1310.
3968 581 4099 668 389

601 759 725 825 hoc
766 756 971 846 capite
1013 754 1280 821 abscissa
1307 752 1465 818 etin
1494 754 1809 841 sequentis
1849 752 2061 819 limine
2102 753 2306 843 posita

598 863 726 930 huc
752 859 1060 928 revocavi.

687 990 755 1056 p.
792 983 979 1052 1310,
1019 983 1118 1028 10.
1162 960 1197 1024 ὃ
1236 956 1367 1043 τάχ’
1408 959 1485 1023 ἄν
1527 985 1613 1026 τις
1656 961 2115 1044 δυσχεραντικὸς
2156 960 2305 1044 ἀνὴρ

604 1074 778 1145 εἴποι,
828 1071 905 1136 ὦς
946 1070 1129 1148 ὑμεῖς,
1172 1066 1219 1128 ὦ
1262 1064 1447 1142 οὗτοι,
1485 1063 1549 1125 τί
1584 1063 1655 1142 δὴ
1698 1065 2142 1144 ἀποσεμνύνετε
2183 1070 2307 1131 τοῖς

602 1176 914 1254 ὀνόμασιν,
947 1172 1069 1236 ἀνω
1101 1169 1197 1233 καὶ
1227 1165 1379 1231 κάτω
1407 1164 1558 1244 ζωὴν
1588 1165 1819 1247 ἀγαθὸν
1845 1165 2159 1254 λέγοντες]
2200 1166 2304 1231 Ita

603 1276 962 1364 scripsimus
1002 1269 1371 1337 auctoritate
1400 1269 1710 1333 bonorum
1747 1268 2071 1348 librorum,
2102 1269 2214 1357 qui
2242 1283 2307 1335 et

603 1383 768 1461 ὑμεῖς
806 1392 870 1443 et
914 1376 1380 1455 ἀποσεμνύνετε,
1419 1371 1530 1436 sed
1574 1373 1834 1452 ὄμμασιν
1873 1395 1991 1461 pro
2033 1374 2308 1454 σώμασιν

604 1482 892 1550 editionis
920 1479 1235 1546 exhibent.
1328 1477 1475 1541 Hoc
1505 1475 1761 1563 quidem
1790 1475 2091 1564 expressit
2119 1476 2304 1541 etiam

606 1587 858 1654 Ficinus
885 1609 1000 1651 suo
1028 1583 1147 1649 isto
1173 1581 1526 1670 spectanda.
1622 1579 1745 1644 Sed
1774 1579 1958 1643 nimis
1984 1578 2309 1666 religiosus

606 1690 841 1768 videar,
870 1688 921 1753 si
943 1687 1065 1752 hoc
1090 1685 1297 1774 ipsum
1329 1684 1633 1748 intactum
1662 1681 2030 1769 relinquam.
2101 1683 2179 1746 In
2210 1705 2310 1747 or-

605 1792 818 1860 dinem
843 1807 1052 1857 tamen
1090 1788 1363 1876 recipere
1402 1786 1788 1873 conjecturas
1830 1785 1961 1849 sine
2003 1784 2306 1850 librorum

605 1894 906 1982 suffragio
932 1890 1251 1979 ceteroqui
1287 1912 1412 1954 non
1454 1889 1635 1953 facile
1677 1887 1901 1953 audeo.
1996 1887 2120 1953 Sed
2162 1911 2306 1953 cum

607 1997 780 2064 baud
810 1996 1003 2063 dubie
1032 1994 1321 2060 Plotinus
1364 1991 1676 2081 scripserit
1704 1994 2147 2073 ἀποσεμνύνετε
2189 1998 2311 2061 τοῖς

607 2102 919 2182 ὀνόμασιν,
949 2099 1069 2164 hoc
1097 2096 1322 2184 recepi.
1412 2098 1515 2160 De
1553 2096 1669 2160 hac
1706 2094 2069 2160 confusione
2105 2109 2169 2160 et
2206 2094 2310 2159 alii

606 2219 892 2290 egerunt,
919 2202 985 2267 in
1028 2201 1126 2265 his
1155 2201 1250 2264 vir
1294 2221 1575 2264 summus
1607 2200 1869 2264 Porsen.
1899 2197 1981 2263 ad
2010 2198 2304 2286 Euripid.

610 2307 815 2371 Orest.
856 2308 1040 2370 1081.
1088 2321 1152 2369 et
1199 2303 1332 2391 ipse
1383 2325 1587 2389 nuper
1628 2301 1711 2366 ad
1759 2300 2197 2390 Olympiodor.
2243 2301 2305 2365 in

609 2407 821 2473 Alcib.
852 2431 947 2496 pr.
983 2431 1050 2490 p.
1084 2408 1233 2471 281.
1325 2407 1547 2471 Unum
1590 2405 1791 2471 locum
1837 2404 2005 2470 addo
2050 2429 2127 2470 ex
2173 2405 2310 2493 ipso

610 2511 875 2578 Platone
904 2511 1211 2576 Phaedon.
1238 2533 1301 2598 p.
1329 2510 1432 2595 83.
1457 2511 1538 2573 A.
1568 2532 1631 2597 p.
1653 2511 1761 2594 56.
1793 2507 2032 2573 Bekk.:
2081 2512 2307 2573 ἐνδεικ-

611 2616 829 2696 νυμένη
873 2618 966 2680 ὅτι
1009 2614 1233 2695 ἀπάτης
1270 2616 1383 2694 μὲν
1422 2613 1613 2693 μεστὴ
1655 2613 1694 2692 ἡ
1740 2615 1837 2676 διὰ
1880 2618 1998 2676 τῶν
2035 2610 2311 2692 ὀμμάτων

613 2718 850 2802 σκέψις.
911 2717 1298 2783 lamblichus
1329 2718 1645 2802 Protrept.
1669 2715 1885 2779 XIII.
1920 2738 1982 2803 p.
2010 2734 2114 2799 79.
2160 2716 2308 2778 Arc.

610 2844 677 2908 p.
712 2822 854 2905 198.
903 2819 1131 2886 Kiessl.
1176 2819 1286 2908 qui
1332 2817 1612 2884 Platonis
1656 2818 1847 2882 verba
1887 2816 2172 2882 exhibet:
2220 2818 2312 2880 ὅτι

611 2923 835 3004 ἀπάτης
877 2925 1067 3005 μεστὴ
1097 2925 1237 3006 (μὲν
1266 2922 1563 2987 omissum
1601 2921 1666 2986 in
1713 2920 1877 2986 binis
1922 2920 2096 2985 libris
2139 2919 2310 2997 meis,

612 3026 720 3092 sed
763 3041 928 3091 recte
965 3026 1399 3114 interpositum
1430 3049 1466 3091 e
1498 3026 1762 3091 Platone
1787 3048 1827 3090 a
1859 3023 2119 3110 Kiessl.)
2150 3025 2189 3104 ἡ
2217 3027 2315 3089 διὰ

611 3136 729 3195 τῶν
761 3129 1041 3222 ὀμμάτων
1073 3133 1269 3213 (unus
1314 3129 1472 3194 liber
1516 3152 1694 3194 meus
1735 3144 1800 3195 et
1840 3151 2004 3194 unus
2040 3126 2311 3193 Bekkeri

611 3232 673 3296 in
707 3232 856 3297 Var.
888 3234 1068 3298 Lect.
1108 3235 1353 3298 Platon.
1388 3232 1722 3318 ὀνομάτων)
1758 3231 1996 3317 σκέψις.
2088 3230 2313 3295 Videa-

614 3357 756 3402 mus
792 3336 874 3402 de
911 3360 1031 3402 usu
1061 3336 1383 3402 vocabuli:
1433 3335 1618 3402 Plato
1647 3336 1926 3423 Apolog.
1968 3354 2065 3418 17.
2111 3357 2172 3422 p.
2205 3335 2308 3420 89.

613 3462 706 3526 sq.
739 3439 942 3504 Bekk.
967 3465 983 3504 ε
1031 3441 1101 3505 οὗ
1128 3439 1356 3521 μέντοι,
1385 3442 1471 3520 μὰ
1501 3437 1626 3514 Δί’,
1659 3436 1706 3503 ὦ
1737 3441 1945 3522 ἄνδρες
1984 3437 2311 3518 Ἀθηναῖοι,

615 3543 1187 3625 κεκαλλιεπημένους
1231 3569 1307 3627 γε
1350 3545 1589 3625 λόγους,
1621 3543 1825 3625 ὥσπερ
1853 3544 1913 3606 οὶ
1937 3543 2180 3616 τούτων,
2211 3540 2314 3624 ῥή-

612 3649 767 3727 μασί
815 3672 882 3712 τε
933 3648 1028 3712 καὶ
1077 3649 1387 3728 ὀνόμασιν,
1440 3647 1578 3710 οὐδὲ
1629 3643 2116 3726 κεκοσμημένους,
2172 3642 2311 3708 ἀλλ’

615 3751 948 3815 ἀκούσεσθε
975 3753 1099 3830 εῑκῆ
1125 3751 1430 3833 λεγόμενα
1468 3755 1590 3816 τοῖς
1623 3751 2004 3832 ἐπιτυχοῦσιν
2032 3744 2311 3826 ὀνόμασι.

618 3852 903 3940 Sympos.
937 3875 1000 3940 p.
1030 3854 1169 3937 198.
1205 3875 1269 3940 p.
1288 3872 1439 3938 419.
1461 3850 1688 3917 Bekk.:
1724 3852 1791 3915 τὸ
1820 3852 1886 3914 δὲ
1916 3851 2013 3914 ἐπὶ
2040 3853 2316 3929 τελευτῆς

614 3960 720 4020 τοῦ
761 3954 1019 4022 κάλλους
1060 3961 1177 4020 τῶν
1206 3954 1514 4036 ὀνομάτων
1544 3956 1639 4019 καὶ
1663 3953 1938 4037 ῥημάτων
1966 3952 2055 4020 τίς
2097 3952 2204 4018 οὐκ
2240 3952 2317 4017 ἃν

616 4055 913 4141 ἐξεπλάγη
944 4061 1173 4123 ἀκούων
1185 4088 1201 4133 ;
1251 4057 1504 4123 Phaedr.
1529 4081 1593 4145 p.
1619 4076 1766 4142 234.
1785 4079 1846 4121 a.
1868 4079 1929 4142 p.
1959 4058 2057 4119 16.
2080 4053 2313 4119 Bekk.:

616 4163 651 4224 ὁ
669 4162 881 4243 λόγος;
915 4161 1030 4245 οὐχ
1048 4164 1360 4244 ὑπερφυῶς
1381 4158 1454 4225 τά
1475 4186 1541 4226 τε
1561 4162 1726 4226 ἄλλα
1754 4160 1850 4224 καὶ
1875 4165 1997 4227 τοῖς
2025 4156 2318 4238 ὀνόμασιν

617 4266 866 4345 εἴρηται;
924 4266 1183 4329 Menex.
1202 4287 1269 4352 p.
1295 4283 1440 4349 235.
1458 4287 1517 4328 a.
1540 4264 1774 4353 p.378.
1798 4261 2031 4328 Bekk.:
2069 4260 2317 4327 κάλλισ-

616 4363 690 4430 τά
715 4390 840 4435 πως
866 4373 989 4435 τοῖς
1016 4366 1273 4447 ὀνόμασι
1297 4369 1710 4435 ποικίλλοντες
1736 4369 2124 4450 γοητεύουσιν
2153 4366 2316 4446 ἡμᾶν

615 4471 718 4537 τάς
744 4467 1407 4558 ψυχάς-Ὀνομάτων
1438 4473 1779 4551 καινοτομία
1820 4469 2005 4534 etiam
2039 4468 2317 4534 Platoni-

615 4594 781 4635 cum.
852 4573 1143 4660 Usurpat
1164 4573 1500 4647 Libanius;
1548 4573 1650 4638 cui
1679 4573 1797 4638 hac
1825 4571 1974 4637 data
2001 4570 2317 4637 occasione

614 4673 846 4740 foedam
877 4674 1184 4741 maculam
1206 4676 1416 4742 eluere
1442 4699 1717 4765 possum.
1765 4675 2013 4741 Laudat
2029 4673 2319 4762 Epistola

619 4776 836 4843 MDC
881 4800 947 4865 p.
982 4796 1131 4860 727.
1164 4779 1387 4844 Wolfii
1427 4779 1759 4845 facundam
1807 4778 2147 4845 orationem
2187 4779 2312 4842 Ba·

615 4879 770 4945 silii:
815 4882 854 4962 ἡ
894 4888 1135 4965 γλῶττα
1175 4880 1292 4966 γάρ
1333 4909 1437 4964 μοι
1479 4886 1702 4950 τούτων
1732 4885 1870 4950 ἐθὰς
1912 4882 2017 4946 οὐκ
2050 4881 2144 4961 ἦν,
2175 4879 2313 4946 ἀλλ’

616 4984 879 5066 ὥσπερεί
898 5010 1032 5050 τινα
1060 4987 1316 5068 κρημνὸν
1342 4990 1708 5054 διοδεύοντος
1744 4991 2048 5069 πληγεῖσα
2087 4989 2158 5066 τῇ
2200 4991 2318 5049 τῶν

614 5084 920 5167 ὀνομάτων
965 5090 1304 5176 καινοτομίᾳ
1348 5091 1479 5171 ἐμοὶ
1518 5094 1599 5177 τῷ
1648 5090 1824 5173 πατρὶ
1871 5089 2070 5172 ἔλεγε·
2131 5085 2317 5169 πάτερ

617 5189 721 5254 οὗκ
763 5191 1046 5269 ἐὸὢαξας.
1096 5189 1366 5275 Ὅμηρος
1411 5194 1579 5260 οὗτος
1619 5194 1785 5276 ἀνὴρ,
1826 5193 1991 5256 ἀλλὰ
2028 5187 2312 5264 Πλάτων.

616 5289 751 5356 ἄλλ’
796 5290 1237 5375 Ἀριστοτέλης,
1269 5294 1435 5361 ἀλλὰ
1475 5297 1828 5378 Σουσαρίων
1869 5296 1904 5359 ὁ
1947 5291 2144 5358 πάντα
2188 5294 2316 5357 ἐπι-

617 5391 928 5475 στάμενος.
964 5399 1061 5462 καὶ
1081 5402 1266 5463 ταῦτα
1291 5399 1404 5478 μὲν
1423 5400 1462 5479 ἡ
1483 5405 1741 5482 γλῶττα.
1787 5395 2102 5462 Nimirum
2135 5394 2318 5481 fingit

615 5497 918 5563 Libanius
962 5498 1098 5565 hoec
1144 5500 1261 5565 sibi
1306 5501 1470 5589 patri
1520 5501 1592 5585 (i.
1628 5526 1684 5565 e.
1729 5499 2027 5587 magistro
2069 5495 2313 5581 Basilii)

615 5598 894 5688 linguam
921 5602 1346 5692 exprobrasse.
1413 5604 1655 5671 Omitto
1681 5601 1936 5668 leviora.
2013 5603 2143 5666 Pro
2171 5606 2319 5666 Σου-

2391 755 2618 838 σαρίων
2644 751 2750 818 alii
2777 751 2920 817 libri
2948 754 3307 835 Σουδαρίων.
3355 750 3630 818 wolfius
3657 750 3738 818 de
3763 753 4092 820 Susarione

2389 856 2608 922 laudat
2637 856 3016 922 Bentleium.
3106 854 3232 920 Sed
3256 878 3294 920 a
3324 853 3609 922 Bentleio
3636 855 3871 924 discere
3913 874 4089 945 pote-

2390 974 2514 1041 rat,
2548 959 2942 1025 Susarionem
2970 957 3466 1045 antiquissimum
3497 959 3802 1028 comicum
3832 983 3907 1025 ea
3938 984 4088 1028 auc-

2390 1064 2642 1130 toritate
2683 1086 2806 1128 non
2850 1060 3063 1140 fuisse,
3111 1076 3183 1126 ut
3214 1062 3403 1149 juxta
3450 1064 3830 1144 Homerum,
3877 1064 4091 1131 Plato·

2391 1190 2557 1245 nem,
2588 1164 2992 1232 Aristotelem
3037 1164 3241 1230 locum
3288 1164 3516 1231 habere
3558 1166 3774 1255 possit,
3805 1167 4091 1257 adeoque

2392 1270 2509 1335 dici
2542 1274 2577 1335 ὁ
2605 1271 2803 1335 πάντα
2833 1268 3244 1349 ἐπιστάμενος.
3333 1269 3503 1347 Quid
3531 1270 3806 1357 quaeris?
3864 1274 4087 1338 Veram

2389 1372 2717 1439 lectionem
2761 1387 3019 1460 praestat
3063 1370 3283 1437 Codex
3328 1372 3643 1438 Palatinus
3682 1375 4092 1465 Heidelberg.

2391 1493 2601 1542 noster
2630 1499 2726 1541 nr.
2757 1477 2921 1562 356:
2970 1473 3109 1539 ἀλλ’
3137 1473 3811 1558 Ἀριστοτέλης-ἀλλᾶ
3838 1484 3952 1544 σοῦ
3975 1485 4092 1563 γὰρ

2389 1581 2624 1661 μείζων.
2715 1578 3034 1644 Nimirum
3078 1577 3437 1644 nominibus
3467 1582 3757 1662 Homeri,
3790 1581 4092 1661 PlatoniS‚

2393 1680 2752 1748 Aristotelis
2792 1681 2970 1776 addit
3012 1680 3267 1768 lingua:
3313 1682 3424 1747 sed
3463 1685 3633 1748 enim
3676 1693 3735 1748 te
3778 1687 4002 1773 mcy'or,
4031 1704 4092 1751 et

2394 1784 2505 1872 qui
2548 1785 2759 1850 omnia
2798 1784 3001 1866 callet,
3044 1783 3271 1849 indidit
3309 1784 3543 1851 Basilio
3580 1785 3749 1853 illam
3793 1787 4093 1876 eloquen-

2394 1888 2567 1954 tiam.
2660 1887 2799 1953 Nisi
2838 1887 3129 1953 malueris
3166 1888 3427 1953 evadere
3457 1889 3823 1970 Libanium,
3856 1893 4094 1978 poe'tica

2394 1993 2599 2058 forma
2643 2015 2867 2058 usum:
2918 1998 3032 2057 σοῦ
3073 1996 3188 2075 γὰρ
3232 1993 3464 2074 ἀρείων,
3496 1992 3580 2057 ad
3606 1992 3794 2059 istum
3825 2018 4094 2061 errorem

2396 2097 2794 2185 procliviores
2823 2096 3163 2162 reddidisse
3191 2094 3490 2161 librarios.
3584 2094 3750 2161 Illuc
3792 2115 4093 2164 revertor.

2397 2203 2675 2267 Verbum
2721 2202 3157 2281 ἀποσεμνύνειν
3183 2222 3224 2263 a
3252 2197 3517 2263 Platone
3560 2200 3768 2287 potuit
3809 2202 4098 2267 sumsisse

2397 2304 2703 2370 Plotinus.
2793 2303 2934 2369 vid.
2968 2303 3218 2368 Theaet.
3262 2324 3326 2389 p.
3368 2303 3507 2365 168.
3539 2301 3619 2366 d:
3669 2305 4098 2385 ἀποσεμνύνων

2393 2408 2463 2472 τὸ
2490 2405 2733 2473 πάντων
2758 2406 2996 2489 μέτρον.
3091 2405 3417 2470 Iamblich.
3449 2403 3530 2469 de
3560 2408 3862 2495 Mysterr.
3894 2409 3951 2472 1.
3990 2428 4092 2473 21.

2395 2534 2460 2598 p.
2491 2512 2614 2597 38:
2666 2512 2761 2575 καὶ
2801 2514 2876 2575 τὰ
2911 2512 3024 2591 μὲν
3053 2511 3130 2577 ὥς
3168 2514 3301 2573 θεῖα
3340 2511 3794 2591 ἀποσεμνύνειν,
3824 2514 3901 2576 τὸ
3927 2513 3994 2576 δὲ
4021 2514 4099 2578 ὣς

2394 2612 2737 2696 ἀνθρώπινα
2776 2612 3064 2697 γενέσθω
3102 2613 3380 2694 ἡγεῖσθαι
3421 2612 3924 2696 εὐκαταφρόνητα.
3988 2613 4096 2679 ubi

2400 2716 2559 2782 cod.
2623 2716 2903 2782 Gothan.
2964 2730 3029 2781 et
3087 2715 3359 2782 Vindob.
3422 2729 3730 2803 respuunt
3789 2715 4093 2800 γενέσθαι.

2398 2820 2618 2886 Recte.
2688 2819 2947 2885 Addam
2975 2818 3142 2884 locos
3172 2817 3431 2907 propius
3457 2818 3818 2884 accedentes
3844 2820 3927 2886 ad
3956 2820 4102 2886 Plo·

2399 2923 2618 2990 tiniani
2647 2923 2766 2989 loci
2793 2923 3279 2988 similitudinem.
3357 2921 3542 2987 Plato
3571 2922 3829 2988 Phoedr.
3858 2946 3925 3011 p.
3952 2943 4099 3005 244.

2399 3028 2465 3093 d.
2514 3052 2579 3116 p.
2609 3031 2716 3114 36.
2752 3026 2994 3092 Bekk.:
3043 3027 3403 3106 οἷονιστικὴν
3434 3028 3847 3107 ἐπωνόμασαν.
3892 3027 3968 3107 ἣν
3995 3032 4102 3093 νῦν

2399 3131 2773 3212 οἰωνιστικῆν
2819 3135 2900 3217 τῷ
2956 3137 3003 3194 ὦ
3051 3133 3446 3211 σεμνύνοντες
3495 3133 3555 3194 οἱ
3603 3130 3731 3196 νέοι
3789 3136 4097 3197 καλοῦσιν.

2401 3234 2528 3299 1)ἱο
2559 3237 2732 3300 Casa.
2766 3235 2920 3298 LX.
2951 3256 3015 3320 5.
3061 3257 3125 3323 p.
3157 3253 3319 3319 943:
3369 3235 3518 3297 οὕτω
3548 3235 3614 3298 δὲ
3649 3235 3720 3315 δὴ
3749 3236 3884 3302 τοὺς
3918 3235 4098 3300 πατέ-

2394 3365 2502 3422 ρας
2528 3338 2945 3420 ἅποσεμνύνας
2975 3338 3147 3406 αὐτὸς
3175 3339 3350 3402 οὐδὲν
3378 3337 3489 3417 ἔξω
3518 3343 3637 3401 τῶν
3657 3337 3965 3417 ὀνομάτων
3985 3344 4103 3402 τῶν

2399 3445 2482 3510 εἰς
2524 3442 2634 3522 τὴν
2669 3441 2859 3525 ἀρχὴν
2890 3442 3200 3524 φερόντων
3230 3438 3491 3519 ἐδέξατο.
3588 3439 3856 3504 Basilius
3887 3441 3988 3505 M.
4034 3442 4098 3504 in

2401 3546 2713 3610 Hexaem.
2747 3562 2827 3608 2:
2875 3547 2935 3608 οἱ
2975 3545 3160 3629 τούτῳ
3202 3546 3284 3628 τῷ
3327 3543 3573 3621 ὀνόματι
3615 3542 3798 3606 αὐτὸν
3830 3543 3967 3625 (τὸν
3995 3546 4102 3607 ἄν-

2401 3652 2666 3730 θρωπον)
2693 3648 3226 3727 ἀποσεμνύνοντες.
3274 3647 3453 3709 Max.
3472 3645 3630 3732 Tyr.
3657 3644 3828 3709 Diss.
3852 3645 4100 3711 XXIX.

2408 3770 2466 3814 1.
2499 3774 2563 3838 p.
2585 3752 2686 3835 69.
2721 3747 2970 3814 Reisk.:
3023 3749 3180 3832 ἔχεις
3223 3750 3430 3822 εἰπεῖν,
3472 3749 3636 3815 τίνας
3677 3746 3950 3829 ὀνομάζει
3981 3748 4098 3814 Ὄ-

2399 3857 3061 3935 μηρος-διογενεῖς-
3075 3852 3170 3916 καὶ
3213 3856 3381 3915 λαῶν
3424 3850 3725 3931 ποιμένας,
3777 3851 3873 3916 καὶ
3916 3853 4099 3927 ἄλλα,

2400 3957 2521 4019 ὅσα
2547 3954 2794 4035 ποιητὴν
2815 3954 2969 4022 εἰκὸς
2996 3956 3487 4035 ἀποσεμνύνοντα
3507 3960 3630 4022 τοῖς
3656 3952 3951 4034 ὀνόμασιν
3970 3957 4104 4038 ἀρε-

2398 4057 2509 4137 τὴν
2530 4054 2761 4139 ἀνδρός.
2807 4056 3112 4122 Formula
3140 4059 3262 4123 ἄνω
3294 4058 3391 4122 καὶ
3417 4055 3572 4122 κάτω
3594 4080 3706 4122 nec
3732 4057 3938 4122 minus
3960 4056 4103 4123 Pla-

2403 4160 2567 4225 tonis
2608 4159 2899 4225 lectorem
2940 4161 3167 4248 arguit.
3260 4162 3463 4248 Gorg.
3493 4184 3560 4249 p.
3593 4180 3743 4246 493.
3772 4184 3845 4226 a:
3892 4165 3995 4241 τῆς
4036 4163 4102 4226 δὲ

2400 4269 2603 4349 ψυχῆς
2641 4263 3203 4350 τοῦτο-τυγχάνει
3246 4263 3319 4330 ὃν
3363 4267 3493 4329 οἷον
3532 4266 3961 4329 ἆναπείθεσθαι
4006 4265 4102 4329 καὶ

2400 4369 2787 4448 μεταπίπτειν
2814 4369 2937 4433 ἄνω
2968 4370 3064 4433 καὶ
3092 4367 3265 4442 κάτω,
3288 4367 3396 4432 ubi
3422 4366 3550 4431 vid.
3577 4367 3842 4433 Heindf.
3866 4392 3931 4456 p.
3962 4388 4099 4453 157.

2400 4470 2484 4534 cf.
2510 4490 2656 4556 115.
2687 4486 2750 4536 et
2776 4471 2858 4536 ad
2883 4471 3136 4537 Theaet.
3165 4493 3232 4558 p.
3254 4489 3405 4557 320.
3432 4468 3597 4534 adde
3620 4469 3989 4536 Stallbaum.
4017 4471 4101 4535 ad

2403 4571 2643 4638 Phileb.
2680 4596 2747 4662 p.
2774 4593 2913 4655 127.
2970 4576 3078 4639 J0.
3105 4574 3430 4663 Chrysost.
3466 4575 3657 4638 Tom.
3684 4576 3826 4638 ΙΙΙ.
3857 4599 3923 4662 p.
3946 4591 4097 4660 445.

2401 4676 2519 4740 VI.
2553 4701 2615 4765 p.
2644 4694 2790 4762 275.
2821 4680 2895 4742 C.
2946 4679 3028 4741 Τ.
3052 4678 3145 4742 X.
3179 4702 3244 4764 p.
3281 4679 3427 4763 669.
3456 4678 3534 4741 B.
3597 4677 3983 4742 Theodoreti
4011 4679 4103 4742 E-

2401 4778 2604 4867 pistol.
2637 4780 2740 4844 86.
2776 4803 2841 4867 p.
2876 4797 3059 4865 1157.
3093 4780 3345 4845 Schulz.
3388 4802 3575 4867 quem
3621 4779 3825 4844 locum
3868 4779 4098 4845 adscri-

2400 4883 2569 4961 bam,
2601 4881 2751 4970 quia
2792 4882 2871 4947 ad
2906 4882 3233 4947 Plotiniani
3278 4881 3395 4946 loci
3438 4881 3903 4947 similitudinem
3950 4906 4099 4970 pro·

2401 4985 2546 5073 pius
2574 4985 2832 5050 accedit:
2864 4988 2927 5051 τί
2946 4986 3017 5067 δή
3035 5011 3181 5051 ποτε
3210 4986 3307 5050 ἐπὶ
3335 4991 3459 5053 τοῖς
3488 4987 3649 5066 ἐμοῖς
3674 4983 4103 5067 βρενθυόμενοι

2403 5090 2752 5169 ὃικαιῶμασι
2789 5090 2885 5154 καὶ
2912 5091 3033 5154 ἅνω
3064 5090 3159 5154 καὶ
3187 5086 3340 5154 κάτω
3379 5088 3515 5171 περὶ
3541 5093 3646 5152 τοῦ
3680 5085 3863 5168 νόμου
3901 5092 4097 5152 διαλε-

2398 5189 2646 5274 γόμενοι
2692 5191 2800 5271 τὴν
2850 5194 3123 5256 ἐντεῦθεν
3174 5191 3469 5275 ἀφέλειαν
3516 5193 3585 5256 οὗ
3637 5190 4046 5273 προσδέξασθε
4081 5220 4096 5265 ;

2402 5294 2713 5371 Quocirca
2742 5292 2969 5358 Plotini
3008 5293 3180 5359 locus
3218 5295 3305 5360 ita
3336 5294 3670 5360 vertendus
3708 5309 3830 5358 est:
3882 5303 3926 5333 ‘⁴
3953 5295 4100 5372 Vos,

2401 5420 2442 5460 ο
2470 5396 2609 5476 viri,
2639 5397 2792 5485 quid
2823 5397 3018 5485 igitur
3044 5401 3383 5487 mag-affice
3409 5399 3730 5463 celebratis
3773 5398 3978 5462 verbis
4009 5397 4104 5460 ul-

2402 5514 2503 5565 tro
2531 5501 2815 5589 citroque
2846 5501 3033 5566 vitam
3068 5504 3318 5568 Bonum
3364 5501 3719 5567 dictitantes
3736 5501 3802 5565 ?''
3845 5503 3921 5569 ὣς
3961 5514 4104 5588 post

2404 5603 2599 5668 verba
2638 5602 2884 5669 dicendi
2928 5627 3053 5669 non
3094 5620 3222 5670 tam
3259 5605 3575 5693 frequens,
3609 5627 3799 5693 quam
3844 5607 3956 5678 ὅτι,
3995 5603 4103 5669 sed
