5118 6613
1348 522 1548 589 ΜΒ.
1592 523 1755 589 vn.
1803 522 2253 589 ENNEAD.
2301 521 2756 589 TERTIAE.
2800 545 2867 610 p.
2901 523 3264 609 605-614.
3912 542 4027 610 ιρι

556 692 840 759 Platonis
891 693 1082 759 habet
1128 693 1395 760 Proclus
1436 696 1502 761 in
1546 696 1749 763 Alcib.
1796 720 1860 786 p.
1912 698 2055 764 126.
2143 696 2254 762 Ad
2339 696 2680 784 impunitas
2705 694 3038 784 garriendi.
3107 698 3206 761 At
3231 707 3421 784 quam
3453 693 3748 761 licenter!
3798 697 4028 763 Fluen-

554 796 874 862 Plotinum
905 796 1145 863 faciunt
1172 797 1308 864 hoec
1334 799 1585 864 Boethii
1614 800 1693 865 de
1726 799 1976 867 Consol.
2008 800 2245 867 Philos.

556 900 630 964 V.
662 902 743 965 6:
792 906 839 942 “
874 900 1062 966 Unde
1104 915 1229 966 non
1275 917 1440 968 recte
1484 902 1766 991 quidam,
1792 904 1905 992 qui
1948 925 2091 969 cum
2138 925 2249 968 au-

550 1002 735 1070 diunt
777 1003 980 1069 visum
1022 1004 1294 1084 Platoni,
1325 1006 1633 1072 mundum
1680 1007 1850 1072 hunc
1891 1027 2007 1071 nec
2047 1005 2247 1071 habu-

544 1106 662 1171 isse
703 1107 950 1172 initium
981 1109 1299 1196 temporis,
1327 1132 1443 1174 nec
1483 1109 1844 1175 habiturum
1878 1129 2009 1175 esse
2037 1109 2243 1175 defec-

552 1224 709 1289 tum,
768 1210 888 1276 hoc
945 1212 1133 1276 modo
1188 1212 1494 1278 conditori
1549 1212 1871 1278 conditum
1929 1211 2242 1277 mundum

549 1312 682 1377 fieri
708 1328 1086 1379 coaeternum
1125 1328 1377 1402 putant.
1467 1314 1657 1380 Aliud
1687 1325 1782 1380 est
1809 1315 1974 1380 enim
2002 1337 2117 1403 per
2137 1315 2239 1379 in-

550 1416 999 1482 terminabilem
1028 1417 1174 1482 duci
1205 1417 1419 1497 vitam,
1449 1417 1625 1506 quod
1653 1419 1892 1484 mundo
1923 1418 2105 1483 Plato
2129 1418 2236 1483 tri-

550 1520 727 1585 buit:
803 1521 974 1586 aliud
1026 1521 1497 1588 interminabilis
1552 1522 1699 1588 vitae
1755 1537 1952 1588 totam
2008 1523 2242 1610 pariter

552 1622 942 1711 complexum
974 1648 1104 1689 esse
1141 1626 1556 1713 praesentiam,
1587 1626 1759 1713 quod
1801 1626 2034 1691 div’mae
2072 1648 2242 1691 men-

552 1725 631 1791 tis
650 1727 972 1815 proprium
1005 1750 1136 1791 esse
1163 1728 1564 1793 manifestum
1592 1743 1702 1795 est.
1793 1729 2021 1816 Neque
2063 1730 2243 1794 Deus

550 1829 814 1895 conditis
867 1830 1056 1895 rebus
1111 1831 1427 1918 antiquior
1470 1831 1667 1896 videri
1709 1831 1899 1897 debet
1946 1833 2242 1920 temporis

552 1933 921 2020 quantitate,
966 1934 1073 1999 sed
1118 1934 1412 2023 simplicis
1459 1935 1671 2023 potius
1709 1935 2088 2024 proprietate
2134 1959 2242 2001 na-

553 2037 769 2101 turae.”

633 2162 698 2227 p.
732 2142 883 2219 606,
922 2160 1018 2225 14.
1067 2143 1371 2222 σημαίνων
1409 2145 1489 2227 τῷ
1535 2141 1810 2206 ἐπέκεινα
1836 2142 2038 2227 παντὶ]
2079 2144 2238 2231 Sig-

550 2244 825 2329 nificant
839 2267 966 2333 per
991 2247 1384 2323 universum,
1407 2245 1572 2333 quod
1598 2245 1774 2310 ultra
1803 2255 1936 2324 e8t3
1984 2244 2242 2311 Ficinus

550 2344 767 2434 legisse
807 2348 1057 2413 videtur
1098 2351 1334 2415 παντός.
1426 2348 1606 2412 Libri
1635 2348 1829 2413 nostri
1859 2348 1946 2412 nil
1975 2349 2237 2415 variant.

550 2449 736 2527 Quod
763 2474 911 2516 vero
955 2453 1141 2516 Plato
1175 2449 1406 2516 dicitur
1445 2450 1604 2515 illud
1633 2451 1710 2531 ἦν
1741 2478 1795 2515 κ.
1822 2476 1875 2514 τ.
1899 2458 1961 2513 λ.
2007 2450 2238 2535 μέμφε-

554 2557 693 2617 σθαι
747 2556 1019 2638 ὕστερον,
1067 2554 1319 2620 consule
1360 2554 1552 2619 verba
1608 2553 1674 2618 in
1723 2553 1971 2619 Timaeo
2019 2575 2087 2641 p.
2131 2557 2240 2641 38.

551 2653 684 2721 init.
715 2680 779 2744 p.
803 2660 909 2743 36.
942 2656 1143 2722 Bekk.

632 2781 698 2847 p.
733 2760 883 2838 608,
904 2780 968 2847 3.
1014 2765 1152 2826 Τῶν
1182 2763 1246 2826 δὲ
1288 2762 1516 2842 κίνησιν
1558 2759 1986 2844 λεγόντων-ἢ
2016 2764 2115 2838 τῆς
2149 2786 2241 2825 τε·

551 2861 871 2952 ταγμένης]
920 2865 1084 2941 Qu0,
1130 2884 1402 2949 quorum
1444 2862 1958 2951 philosophorum
2004 2876 2244 2926 senten-

552 2962 667 3028 tias
693 2964 815 3030 hoc
856 2964 993 3031 loco
1032 2965 1301 3053 attingat
1347 2964 1654 3044 Plotinus,
1683 2965 1981 3030 continuo
2015 2963 2241 3029 intelli-

549 3081 759 3153 gutur,
808 3068 1151 3134 adscribam
1195 3071 1515 3155 Excerpta
1569 3068 1802 3133 Stobaei
1852 3068 1916 3132 in
1976 3066 2241 3155 Eclogg.

552 3169 767 3258 Physs.
831 3173 892 3236 I.
957 3172 1329 3256 248—256:
1408 3173 1765 3254 Πυθαγόρας
1826 3172 1962 3253 (τὸν
2019 3173 2243 3255 χρόνον

551 3274 752 3362 λέγει)
797 3275 907 3355 τὴν
951 3281 1217 3358 σφαῖραν
1253 3279 1359 3339 τοῦ
1394 3274 1944 3359 περιέχοντος.-οῖ
1973 3275 2242 3355 Στωϊκοὶ,

553 3380 775 3462 χρόνον
828 3380 1040 3443 οὐσίαν
1100 3378 1280 3457 αὐτὴν
1338 3379 1445 3457 τὴν
1504 3378 2238 3461 κίνησιν.-Ξενοκράτης,

546 3480 764 3562 μέτρον
800 3487 921 3546 τῶν
957 3487 1257 3564 γεννητῶν
1296 3481 1392 3544 καὶ
1439 3482 1668 3561 κίνησιν
1712 3480 1922 3545 ἀΐδιον.
1999 3480 2243 3563 Μέτρον

551 3585 918 3666 βραδύτητος
956 3585 1054 3648 καὶ
1078 3585 1419 3666 ταχύτητος,
1459 3583 1590 3647 εἶπε
1622 3585 1992 3666 Χρύσιππος.
2064 3581 2238 3647 Ἐπί-

552 3711 757 3768 κουρος
784 3690 1112 3768 σύμπτωμα
1144 3684 1650 3777 [συμπτωμάτων]
1683 3691 1855 3750 τοῦτο
1885 3685 1933 3751 δ’
1968 3689 2097 3752 ἐστὶ
2125 3713 2240 3751 πα-

550 3793 969 3873 ρακολούθημα
1005 3790 1311 3870 κινήσεων.
1397 3789 1760 3873 Ἀντιφάνης
1789 3792 1885 3854 καὶ
1915 3793 2245 3873 Κριτόλαος

554 3892 808 3974 νόημαῆ
850 3894 1069 3976 μέτρον
1112 3892 1219 3958 τὸν
1262 3895 1504 3977 χρόνον,
1548 3891 1668 3957 οὐδ’
1717 3895 2245 3959 ὖπόστασιν.-Οῑ

548 3994 1336 4080 Ἀριστοτελικοὶ-κίνησιν
1381 3998 1486 4061 οὐκ
1536 3996 1689 4061 εἶναι
1732 3997 1839 4061 τὸν
1881 3999 2128 4081 χρόνον,
2175 3999 2246 4062 οὗ

549 4100 665 4180 μὴν
722 4102 867 4166 ἄνευ
918 4100 1520 4181 κινήσεως-Ζήνων
1567 4099 1761 4182 ἔφησε
1805 4101 2028 4183 χρόνον
2087 4101 2239 4164 εἶναι

551 4203 834 4283 κινήσεως
861 4203 1170 4282 διάστημα,
1211 4206 1382 4265 τοῦτο
1421 4205 1487 4266 δὲ
1528 4201 1623 4266 καὶ
1657 4201 1876 4284 μέτρον
1906 4203 2001 4266 καὶ
2047 4202 2239 4285 κριτή-

547 4331 678 4387 ριον
705 4305 925 4389 τάχους
950 4330 1018 4370 τε
1053 4306 1149 4369 καὶ
1167 4306 1550 4387 βραδύτητος,
1581 4306 1738 4371 ὅπως
1768 4303 2238 4388 ἔχει.-Ἀπολ-

549 4409 811 4491 λόδωρος
840 4410 907 4473 ἐν
934 4412 1005 4488 τῇ
1034 4410 1255 4491 φυσικῇ
1284 4406 1467 4491 τέχνῃ
1491 4409 1672 4474 οὕτως
1701 4409 1952 4489 ὁρίζεται
1972 4408 2079 4471 τὸν
2100 4411 2241 4492 χρό-

548 4533 675 4575 νον·
720 4513 955 4595 Χρόνος
982 4511 1110 4576 ἐστὶ
1138 4514 1238 4590 τῆς
1266 4516 1371 4576 τοῦ
1400 4513 1623 4591 κόσμου
1647 4511 1927 4591 κινήσεως
1948 4512 2240 4593 διάστημα

548 4641 600 4678 κ.
623 4639 677 4678 τ.
699 4622 761 4679 λ.
868 4614 1146 4679 Aliorum
1210 4613 1435 4698 placita
1486 4612 1999 4702 philosophorum
2057 4615 2238 4703 attigi

549 4716 774 4803 passim
826 4731 891 4781 et
936 4715 1021 4782 ad
1066 4716 1255 4803 hujus
1300 4715 1440 4781 libri
1482 4716 1732 4781 titulum
1781 4738 1846 4804 p.
1882 4736 2033 4802 325.
2110 4720 2234 4781 Ar-

547 4818 778 4908 chytae,
809 4818 1168 4884 Aristotelis
1194 4832 1258 4883 et
1286 4818 1546 4883 aliorum
1578 4819 1815 4906 aliquot
1845 4818 2243 4908 philosopho-

549 4944 689 4986 rum
733 4921 816 4987 de
841 4936 1121 5009 tempore
1168 4922 1501 4986 sententias
1536 4938 1836 4987 memorat
1879 4924 2145 5011 Taylor,
2177 4924 2238 4988 in

550 5039 761 5090 annot.
792 5024 873 5089 ad
901 5025 969 5088 h.
996 5023 1036 5089 l.
1073 5023 1368 5089 versionis
1398 5024 1686 5112 Anglicae
1716 5049 1778 5112 p.
1812 5043 1953 5111 195.

630 5151 696 5217 p.
730 5129 883 5207 610,
909 5143 974 5213 5.
1020 5128 1222 5210 ὥσπερ
1265 5129 1419 5210 ὕδωρ
1464 5128 1605 5211 ῥέον
1646 5128 1832 5193 πάλιν
1885 5130 1978 5193 καὶ
2022 5129 2237 5219 πάλιν]

551 5230 908 5296 Similitudo
946 5230 1255 5295 solemnis.
1303 5230 1404 5295 M.
1440 5230 1804 5294 Antoninus
1849 5232 1930 5296 V.
1968 5250 2070 5317 23.
2110 5234 2240 5298 οἷον

547 5336 823 5416 ποταμός.
902 5332 1037 5397 Alii
1066 5332 1436 5420 saepissime:
1469 5339 1736 5415 ποταμοῦ
1765 5337 1951 5416 δίκην.
2020 5337 2241 5423 Hujus

2336 799 2495 865 tium
2539 800 2904 887 frequenter
2936 798 3217 865 transitio
3258 800 3331 864 fit
3364 798 4032 888 visionum''—conjec-

2334 918 2530 968 tarem
2557 930 2572 969 ε
2621 912 2664 944 “
2687 903 3025 992 garriendi.
3114 905 3447 992 Aquarum
3467 905 3680 968 instar
3700 902 4029 969 fluentium

2332 1011 2720 1073 continenter
2751 1009 2899 1092 (hoc
2929 1030 3070 1072 cum
3116 1007 3403 1093 Davisio)
3438 1006 3719 1072 transitio
3746 1008 3820 1072 fit
3848 1006 4029 1073 visio-

2333 1113 2546 1176 num.''
2593 1111 2736 1176 Vid.
2796 1110 3151 1200 Dionysum
3209 1121 3492 1175 nostrum
3552 1111 3611 1174 1.
3659 1131 3722 1199 p.
3767 1110 3868 1176 82.
3932 1129 4028 1197 sq.

2328 1213 2576 1292 Quibus
2617 1213 2766 1278 locis
2803 1237 2971 1280 nunc
3014 1213 3269 1280 accedat
3304 1213 3405 1278 hic
3441 1213 3574 1301 ipse
3619 1212 4020 1279 Plotinianus.

2332 1315 2536 1380 Alium
2565 1316 2730 1382 infra
2755 1338 2818 1404 p.
2852 1337 3003 1402 351.
3036 1319 3124 1381 E.
3154 1316 3387 1381 ibidem
3419 1314 3834 1382 laudavimus

2411 1443 2478 1508 p.
2511 1422 2660 1498 611,
2690 1442 2748 1506 9.
2786 1422 2881 1484 καὶ
2908 1424 3095 1488 εἴποις
3123 1417 3514 1504 (ἲν-ἀμφοῖν
3543 1421 3715 1505 ὄντα]
3765 1419 3874 1484 Nil
3919 1441 4025 1486 va-

2324 1522 2483 1588 riant
2513 1523 2657 1587 libri
2696 1523 2909 1588 nostri.
3000 1525 3308 1588 Extrema
3336 1523 3713 1588 verbotenus
3754 1524 3843 1588 ita
3882 1523 4024 1588 red-

2325 1626 2531 1691 denda
2558 1627 2737 1714 quasi
2759 1625 3045 1691 videlicet
3064 1624 3235 1690 aliud
3263 1625 3343 1691 sit
3363 1633 3789 1713 utrorumque.
3846 1629 4022 1715 Tay-

2325 1730 2422 1793 lor
2461 1729 2583 1794 ita:
2631 1736 2677 1770 “
2707 1730 2859 1794 And
2897 1751 3030 1817 you
3078 1751 3226 1817 may
3276 1751 3394 1817 say
3435 1730 3571 1794 that
3614 1729 3714 1794 tlte
3759 1730 3908 1794 time
3955 1732 4045 1817 ‘ff
4178 1719 4183 1726 ’

2325 1833 2474 1896 each
2500 1836 2561 1897 ie
2589 1833 2689 1897 the
2716 1845 2907 1912 same,
2936 1833 3177 1922 though,
3205 1835 3290 1898 its
3319 1833 3587 1897 relat-ion
3610 1841 3671 1896 to
3694 1833 3794 1896 the
3819 1855 3936 1897 one
3962 1836 4022 1899 is

2327 1935 2810 2024 different-from
2843 1938 2929 2000 its
2957 1937 3226 2000 relation
3249 1945 3309 2000 to
3338 1936 3437 1999 tlte
3463 1935 3695 2000 other?⁹

2413 2075 2502 2086 —
2538 2057 2632 2124 13.
2678 2036 2957 2121 Ἀριθμὸς
2977 2038 3047 2119 δή
3072 2038 3352 2118 κινήσεως
3379 2036 3684 2127 ἢμέτρον]
3736 2039 4024 2106 Stobaeus

2328 2141 2595 2229 Eclogg.
2622 2141 2848 2229 Physs.
2876 2142 2932 2205 1.
2967 2165 3029 2229 p.
3054 2157 3212 2225 252:
3244 2139 3663 2223 Ἀριστοτέλης
3692 2143 3758 2205 δὲ
3789 2142 4018 2226 (λέγει)

2327 2244 2434 2309 τὸν
2460 2248 2684 2329 χρόνον
2715 2244 2964 2327 ἀριθμὸν
2987 2243 3138 2308 εἶναι
3169 2243 3448 2323 κινήσεως
3471 2246 3616 2307 κατὰ
3636 2243 3704 2306 τὸ
3732 2246 4020 2327 πρότερον
4035 2309 4050 2322 ,

2329 2350 2423 2413 καὶ
2467 2349 2535 2412 τὸ
2564 2351 2835 2431 ὕστερον,
2870 2346 2988 2412 οὔτ’
3033 2346 3222 2430 ἀρχὴν
3263 2346 3482 2429 ἔχοντα
3532 2347 3669 2410 οὔτε
3709 2348 4013 2428 τελευτὴν,

2329 2451 2465 2516 ἄλλ’
2498 2453 2592 2516 ἀεὶ
2622 2453 2786 2525 ὄντα,
2821 2451 2917 2515 καὶ
2945 2450 3038 2514 ἀεὶ
3066 2451 3444 2532 γιγνόμενον·
3496 2448 3647 2513 εἶναι
3686 2451 3752 2513 δὲ
3794 2456 4021 2536 συνεχῆ

2330 2556 2426 2619 καὶ
2455 2553 2764 2636 διαιρετὸν,
2808 2552 3231 2633 λαμβάνεσθαι
3267 2555 3383 2633 γᾶρ
3426 2552 3604 2615 αὐτοῦ
3641 2550 3710 2615 τὸ
3739 2555 3851 2633 μὲν
3880 2557 4023 2638 πρό.

2328 2681 2503 2739 τερον
2531 2657 2599 2720 τὸ
2630 2657 2680 2720 δ’
2707 2658 2977 2736 ὕστερον,
3012 2656 3153 2736 ὅρον
3179 2656 3244 2718 δὲ
3273 2652 3563 2737 ὑπάρχειν
3591 2654 3660 2717 τὸ
3694 2659 3821 2734 νῦν,
3849 2661 4021 2722 τοῦτο

2328 2764 2444 2842 γὰρ
2475 2763 2744 2824 νοεῖσθαι
2773 2761 2877 2821 τοῦ
2913 2758 3026 2837 μὲν
3053 2756 3343 2839 προτέρου
3380 2756 3581 2838 πέρας,
3613 2761 3720 2821 τοῦ
3761 2760 3828 2822 δὲ
3869 2759 4014 2839 μέλ-

2328 2870 2541 2928 λοντος
2585 2860 2794 2945 ἀρχήν.
2866 2859 3086 2942 (Conf.
3116 2857 3384 2924 Aristot.
3430 2858 3649 2946 Physs.
3694 2861 4021 2927 Auscultt.

2333 2965 2451 3030 IV.
2491 2966 2797 3049 11—13.)
2844 2961 3061 3050 Pergit
3094 2961 3421 3027 Stobaeus:
3469 2964 3527 3026 οἰ
3553 2960 4025 3045 Ἀριστοτελικοὶ

2330 3068 2436 3132 τὸν
2479 3068 2704 3151 χρόνον
2752 3072 2871 3130 τῶν
2921 3069 3068 3130 κατὰ
3118 3065 3185 3129 τὸ
3233 3070 3340 3130 νῦν
3384 3065 3826 3149 ἆφοριζομένων
3873 3068 4028 3150 κινή-

2331 3195 2506 3236 σεων.
2538 3170 2607 3234 τὸ
2638 3172 2704 3234 δὲ
2734 3174 2840 3234 νῦν
2872 3169 3022 3233 εἶναι
3048 3168 3279 3249 μονάδα
3305 3168 3574 3237 στάσεως
3603 3172 3670 3234 ἐν
3709 3170 3953 3251 κινήσει.

2415 3299 2481 3364 p.
2514 3279 2663 3356 614,
2694 3288 2756 3359 5.
2804 3270 2941 3339 ἀλλ’
2973 3274 3080 3337 οὖν
3110 3275 3256 3338 κατὰ
3282 3273 3351 3338 τὸ
3389 3274 3681 3357 πρότερον
3710 3275 3805 3339 καὶ
3849 3276 4022 3342 ὕστε-

2329 3406 2438 3463 ρον
2463 3385 2713 3461 μετρῶν,
2747 3380 2867 3442 εἴτε
2904 3378 3126 3462 σημείῳ
3158 3403 3206 3440 κ.
3227 3401 3281 3439 τ.
3300 3377 3396 3465 λ.]
3459 3376 3833 3441 Posidonius
3864 3379 4026 3443 Stoi-

2327 3506 2438 3549 cus
2472 3504 2573 3570 ap.
2611 3482 2786 3546 Stob.
2816 3479 2856 3545 l.
2881 3479 2923 3543 l.
2957 3503 3019 3566 p.
3057 3479 3178 3564 258
3201 3478 3417 3545 z—rbv
3457 3482 3525 3544 δὲ
3564 3482 3868 3563 διορισμὸν
3912 3508 4024 3563 ση-

2325 3589 2540 3666 μειῶδη
2602 3585 2772 3658 εἶναι,
2829 3582 2869 3647 i.
2891 3606 2944 3647 e.
3010 3582 3199 3647 trium
3259 3600 3635 3668 temporum,
3679 3585 4023 3671 paesentis,

2330 3687 2651 3775 praeteriti‚
2685 3685 3034 3771 futurique,
3058 3681 3276 3772 puncti
3316 3684 3508 3747 instar
3551 3707 3700 3749 esse.
3790 3685 4023 3752 Eidem

2329 3807 2539 3857 autem
2580 3787 2918 3856 Posidonio
2967 3786 3242 3873 itemque
3301 3786 3659 3875 Chrysippo
3712 3789 3806 3876 (p.
3842 3793 4022 3877 260.)

2328 3894 2692 3960 attribuitur
2743 3892 2879 3958 haec
2939 3891 3234 3979 temporis
3284 3890 3598 3956 definitio:
3647 3891 3754 3957 τὸν
3801 3895 4027 3977 χρόνον

2332 3997 2613 4079 κινήσεως
2643 3995 2934 4075 διάστημα
2963 3993 3137 4058 εἶναι.

2414 4139 2503 4150 —-
2524 4102 2585 4165 6.
2624 4097 2846 4163 Ἔσται
2868 4098 2975 4161 οὖν
2995 4098 3027 4160 ὁ
3055 4098 3271 4181 χρόνος
3291 4098 3459 4164 οὗτος
3489 4124 3538 4160 κ.
3560 4123 3612 4161 τ.
3634 4098 3728 4183 λ.]
3783 4099 4025 4187 Taylor

2326 4201 2666 4268 necessario
2693 4198 3028 4286 legendum
3059 4197 3398 4264 arbitratur
3420 4202 3453 4262 ὁ
3484 4199 3746 4281 ἀριθμὸς.
3794 4200 4027 4266 Nullus

2326 4307 2483 4371 liber
2511 4303 2893 4392 suffragatur
2920 4303 2979 4367 ei
3006 4303 3400 4390 conjecturae‚
3430 4322 3638 4389 neque
3669 4303 4026 4370 Aristotelis

2327 4407 2608 4475 definitio
2636 4428 2769 4470 eam
2804 4404 3145 4470 necessario
3173 4403 3465 4492 postulat.
3558 4404 3826 4471 Dixerat
3859 4407 4024 4472 enim

2324 4513 2428 4579 ille
2457 4514 2563 4577 τὸν
2592 4512 2814 4596 χρόνον
2845 4511 3092 4593 ἀριθμὸν
3123 4509 3274 4574 εἶναι
3303 4514 3402 4589 τῆς
3444 4510 3727 4590 κινήσεως
3768 4511 4026 4598 (quibus

2326 4616 2617 4684 Plotinus
2655 4614 2869 4703 adjicit
2894 4612 2932 4694 ἢ
2959 4612 3200 4696 μέτρον.
3252 4612 3400 4677 Vid.
3432 4634 3625 4700 supra
3652 4634 3714 4701 p.
3747 4634 3896 4700 332.
3934 4617 4022 4681 G.

2326 4721 2477 4809 ibiq.
2536 4723 2775 4811 annot.)
2830 4723 2977 4784 κατὰ
3019 4718 3087 4782 τὸ
3147 4719 3436 4801 πρότερον
3489 4719 3584 4783 καὶ
3639 4718 3707 4782 τὸ
3751 4722 4023 4803 ὕστερον.

2332 4823 2598 4890 Proinde
2649 4822 2730 4888 de
2776 4832 3046 4913 tempore
3088 4821 3381 4885 metiente
3425 4821 3624 4909 quaeri
3668 4834 3911 4909 potest;
3961 4839 4022 4889 et

2329 4926 2619 4993 describit
2648 4926 2714 4990 h.
2734 4923 2779 4991 l.
2814 4923 3107 4989 Plotinus
3130 4923 3286 4988 illud
3318 4928 3425 4988 νῦν
3446 4923 3827 5004 AristoteliS,
3848 4927 4021 5014 quod

2326 5035 2408 5119 τῷ
2458 5029 2723 5115 προτέρῳ
2770 5029 2866 5092 καὶ
2913 5026 3142 5114 ὑστέρῳ
3186 5048 3535 5090 connexum
3588 5041 3682 5090 est
3736 5028 4023 5094 universo

2327 5132 2609 5221 tempori.
2701 5134 2998 5197 Ceterum
3029 5129 3192 5194 idem
3224 5129 3321 5193 vir
3359 5128 3582 5193 doctus
3613 5127 3844 5194 ibidem
3878 5131 4018 5195 Ari-

2325 5235 2559 5302 stotelis
2587 5256 2722 5300 eam
2754 5233 3051 5322 temporis
3076 5232 3495 5298 definitionem
3520 5255 3667 5296 cum
3698 5233 4023 5299 Platonica

2323 5361 2667 5426 congruere
2693 5336 2864 5414 dicit,
2894 5336 3165 5401 addens:
3215 5342 3258 5376 “
3287 5338 3372 5400 In
3395 5336 3590 5413 short,
3616 5338 3763 5399 time
3781 5339 3840 5402 ἑο
3855 5361 4013 5425 pro-

549 5459 691 5502 vero
706 5436 824 5502 loci
851 5434 1190 5501 Plotiniani
1208 5458 1333 5500 non
1351 5458 1519 5500 eram
1539 5459 1797 5517 memor,
1818 5460 1962 5502 cum
1978 5438 2042 5501 in
2069 5438 2243 5504 Cice-
2311 5444 2504 5531 perly
2548 5442 2648 5507 the
2697 5460 2984 5504 measure
3027 5440 3116 5525 qs
3141 5441 3374 5504 motion
3423 5436 3770 5527 according
3811 5448 3872 5504 to
3920 5441 4021 5507 the

546 5566 692 5608 rone
721 5544 804 5609 de
831 5544 919 5610 N.
939 5544 1023 5607 D.
1047 5544 1106 5607 1.
1137 5563 1241 5630 39.
1272 5542 1409 5608 init.
1437 5542 1500 5606 in
1531 5542 1737 5607 verbis
1766 5569 1781 5607 ε
1834 5552 1877 5584 “
1910 5547 2124 5610 Tanta
2150 5560 2244 5610 est
2302 5548 2464 5634 flua·
2487 5545 2577 5630 of
2586 5545 2799 5631 being,
2832 5542 3028 5607 which
3053 5544 3113 5607 is
3152 5543 3252 5607 tlte
3278 5541 3668 5629 peculiarity
3708 5543 3797 5628 qs
3815 5566 4022 5610 οιιηε-
