5118 6613
1034 584 1110 632 12

1030 736 1327 802 Gataker.
1374 736 1455 801 ad
1508 738 1605 802 M.
1653 735 1952 802 Antonin.
1998 760 2061 825 Ρ.
2099 754 2198 824 15.
2241 753 2306 802 et
2346 761 2411 825 p.
2448 754 2587 822 174.
2637 753 2701 803 et

1025 839 1361 928 Wyttenb.
1405 838 1486 903 ad
1531 839 1703 904 Plut.
1749 838 2018 904 Moralia
2057 863 2125 927 p.
2163 858 2344 925 1025.
2377 838 2699 928 Olympio-

1026 942 1162 1007 dor.
1193 943 1255 1007 in
1276 941 1475 1007 Alcib.
1499 964 1597 1030 pr.
1629 964 1689 1029 p.
1710 957 1840 1025 77.:
1870 942 2326 1024 παραλαμβάνει
2353 945 2419 1007 δὲ
2449 945 2701 1008 ἐνταῦθα

1023 1045 1218 1110 πάντα
1259 1049 1334 1110 τά
1372 1049 1769 1126 περιστατικά,
1800 1045 1928 1109 οἷον
1953 1046 2271 1127 πρόσωπον
2308 1047 2441 1109 τίνα
2482 1047 2701 1127 τρόπον

1024 1150 1180 1212 -έν
1205 1150 1345 1234 ποίᾳ
1372 1151 1733 1234 γῇ-καιρῷ.
1778 1146 1860 1211 cf.
1889 1147 2030 1211 infr.
2065 1147 2121 1210 Ι.
2151 1168 2216 1229 4.
2245 1167 2339 1232 13.
2387 1171 2451 1234 p.
2479 1164 2587 1233 37.
2620 1148 2699 1211 B.

1032 1249 1821 1334 ἐνέργειαι-περιστατικά.

1109 1375 1171 1439 p.
1194 1372 1301 1437 33,
1338 1353 1430 1417 ι8.
1468 1353 1612 1435 πρὸς
1639 1354 1975 1434 ἀνθρώπους
2002 1352 2284 1441 ἀγαθοὺς]
2319 1352 2609 1417 Marinus
2633 1352 2698 1417 in

1027 1454 1171 1519 Vita
1194 1452 1401 1519 Procli
1428 1479 1483 1520 c.
1510 1474 1612 1540 25.
1640 1478 1704 1543 p.
1721 1476 1828 1539 59.
1860 1477 1921 1542 p.
1945 1474 2078 1521 20.:
2111 1457 2206 1519 καὶ
2233 1456 2387 1522 ὅλως
2413 1462 2525 1531 (ὢν
2554 1459 2702 1520 κατὰ

1028 1563 1364 1636 Πλωτῖνον,
1394 1559 1528 1642 οὐχὶ
1554 1558 1659 1622 τὸν
1689 1560 1995 1640 ἀνθρώπου
2021 1560 2163 1638 βίον
2190 1557 2295 1621 τὸν
2322 1562 2427 1621 τοῦ
2453 1559 2697 1640 ἀγαθοῦ,

1024 1659 1099 1725 ὃν
1126 1662 1341 1740 ἀξιοῖἡ
1368 1661 1634 1740 πολιτικὴ
1678 1661 1852 1742 ἀρετ-ἣ
1896 1664 2117 1740 διαζῇν,
2150 1661 2313 1724 ἀλλά
2355 1664 2564 1724 τοῦτον
2589 1663 2701 1740 μὲν

1029 1764 1385 1844 καταλιπὸν,
1414 1764 1614 1845 ἕτερον
1667 1766 1731 1826 δὲ
1775 1763 2181 1843 ἀλλαξάμενος
2222 1762 2327 1827 τὸν
2368 1768 2485 1827 τῶν
2526 1768 2697 1828 θεῶν·

1026 1867 1173 1949 πρὸς
1200 1870 1314 1949 γὰρ
1342 1866 1579 1933 τούτους
1606 1867 1780 1951 αὐτῷ,
1812 1867 1881 1930 οὗ
1907 1866 2052 1948 πρὸς
2079 1866 2416 1947 ἀνθρώπους
2449 1866 2703 1947 ἀγαθοὺς

1024 1969 1061 2049 ἡ
1091 1971 1382 2048 ὁμοίωσις.
1470 1967 1733 2032 Videtur
1761 1968 2112 2033 memoriter
2138 1967 2392 2032 recitare
2418 1966 2587 2032 hunc
2615 1967 2703 2032 lo-

1027 2092 1170 2135 cum
1195 2095 1213 2145 ;
1262 2070 1484 2135 etenim
1522 2069 1664 2135 libri
1692 2069 1901 2158 scripti
1930 2070 2082 2135 nihil
2111 2069 2349 2135 variant
2377 2069 2441 2134 in
2472 2069 2703 2135 Plotini

1027 2190 1318 2239 oratione.

1670 2345 1729 2409 L
1746 2347 1778 2410 1
1796 2347 1870 2410 B.
1919 2346 2057 2410 III.

1113 2506 1173 2571 p.
1196 2503 1302 2569 39,
1324 2502 1386 2568 7.
1420 2489 1610 2547 ΠΕΡΙ
1645 2482 2236 2570 ΔΙΑΛΕΚΤῙΚΗΣ]
2272 2482 2393 2546 Est
2418 2479 2519 2545 hic
2546 2479 2704 2545 liber

1029 2585 1416 2651 Plotinianus
1457 2584 1694 2664 ordine,
1726 2609 1855 2672 quo
1884 2584 2112 2672 singuli
2154 2583 2365 2672 scripti
2408 2606 2537 2647 esse
2579 2605 2704 2646 me-

1028 2704 1349 2753 morantur
1388 2711 1428 2753 a
1459 2687 1809 2775 Porphyrio
1849 2687 1930 2751 de
1971 2687 2100 2751 vita
2138 2686 2371 2751 Plotini
2413 2708 2549 2772 cap.
2580 2685 2700 2748 IV.

1028 2813 1089 2878 p.
1118 2809 1260 2854 100.
1290 2790 1386 2855 ed.
1419 2789 1708 2867 Fabricii,
1733 2789 2066 2876 vigesimus
2082 2814 2103 2869 3
2146 2811 2348 2875 neque
2378 2809 2526 2852 vero
2552 2800 2705 2850 tem-

1029 2915 1180 2980 pore
1209 2891 1431 2973 solum,
1462 2891 1571 2956 sed
1597 2891 1781 2956 etiam
1827 2904 2195 2978 argumento
2220 2912 2364 2954 cum
2392 2889 2705 2975 superiore

1030 2994 1111 3059 de
1139 2996 1480 3060 virtutibus
1507 2995 1642 3081 conj
1652 3007 1895 3058 unctus.
1941 2992 2310 3058 Inscribitur
2336 3005 2545 3056 autem
2572 2992 2708 3072 περὶ

1031 3101 1407 3178 διαλεκτικῆς.
1468 3098 1626 3176 Quae
1653 3095 1985 3184 appellatio
2009 3096 2160 3183 quia
2184 3094 2538 3159 Aristotelis
2564 3116 2709 3158 auc-

1031 3199 1278 3265 toritate
1298 3222 1338 3263 a
1354 3198 1664 3286 plerisque
1691 3197 2070 3287 philosophis
2097 3197 2281 3286 plane
2305 3197 2545 3262 diversa
2575 3218 2708 3260 sen-

1032 3303 1224 3369 tentia
1253 3317 1612 3390 usurpatur,
1641 3300 1854 3390 paucis
1893 3301 1973 3367 de
2013 3300 2226 3366 eadem
2254 3299 2566 3389 agendum
2595 3313 2704 3364 est.

1034 3408 1139 3471 Ac
1167 3406 1438 3494 primum
1466 3405 1620 3493 quid
1649 3404 1974 3470 Aristoteli
2001 3403 2434 3490 veteribusque
2457 3402 2712 3491 Peripa„

1034 3508 1231 3574 teticis
1256 3508 1513 3596 aliisque
1535 3506 1914 3597 philosophis
1941 3506 2223 3596 plurimis
2238 3507 2585 3571 Dialectica
2607 3506 2707 3585 sit,

1034 3635 1216 3678 nemo
1257 3611 1568 3700 ambigere
1608 3626 1835 3700 potest,
1864 3610 1976 3698 qui
2018 3608 2206 3675 modo
2246 3609 2360 3674 hos
2400 3608 2570 3674 locos
2611 3609 2707 3673 in-

1034 3715 1274 3803 spexit:
1337 3715 1598 3804 Topicc.
1641 3716 1696 3779 1.
1747 3735 1804 3781 2.
1855 3738 1918 3802 p.
1959 3731 2104 3798 272.
2154 3711 2366 3800 Sylb.:
2433 3711 2707 3800 Sophist.

1036 3817 1300 3883 Elench.
1335 3819 1395 3883 1.
1430 3838 1531 3883 11.
1583 3841 1644 3906 p.
1685 3837 1831 3903 439.
1900 3817 2004 3882 11.
2049 3817 2110 3881 8.
2155 3837 2216 3901 9.
2271 3838 2332 3903 p.
2375 3816 2525 3897 466.
2572 3838 2706 3902 sqq.

1038 3921 1297 3986 Rhetor.
1346 3921 1406 3984 I.
1455 3940 1514 3985 1.
1566 3941 1623 3984 1.
1669 3943 1811 3985 cum
1863 3921 2152 4008 interprr.
2200 3942 2265 4006 p.
2310 3921 2369 3984 6.
2426 3941 2558 4005 sqq.
2608 3917 2708 3982 ed.

1041 4025 1246 4088 Oxon.
1283 4024 1461 4088 1820.
1527 4023 1697 4087 Hinc
1724 4037 1886 4086 recte
1918 4024 2003 4086 T.
2028 4023 2176 4088 Ger.
2200 4020 2452 4086 Vossius
2478 4021 2558 4085 de
2589 4021 2715 4085 Lo-

1037 4126 1169 4213 gica
1207 4126 1264 4189 1.
1300 4145 1358 4191 2.
1403 4148 1465 4213 p.
1499 4126 1641 4189 206.
1670 4147 1873 4212 operr.
1910 4126 2093 4188 Tom.
2128 4125 2308 4189 III.:
2355 4124 2591 4189 Verum
2617 4138 2713 4187 ta-

1041 4250 1181 4292 men
1214 4226 1637 4314 Peripateticis
1663 4249 1786 4291 vox
1816 4226 2198 4309 διαλέγεσθαι
2232 4249 2354 4291 non
2383 4241 2555 4314 patet
2585 4241 2711 4291 tam

1041 4330 1186 4407 late,
1217 4329 1323 4395 sed
1352 4344 1525 4395 notat
1551 4328 1951 4417 probabiliter
1969 4328 2409 4416 argumentari.
2480 4331 2584 4394 Ac
2627 4329 2710 4394 si·

1042 4433 1268 4499 militer
1294 4433 1654 4497 Dialecticae
1681 4455 1801 4496 vox
1830 4431 1910 4495 ab
1939 4430 2277 4497 Aristotele
2314 4446 2377 4496 et
2404 4431 2715 4497 veteribus

1044 4535 1466 4624 Peripateticis
1521 4557 1761 4623 semper
1808 4533 2108 4621 accipitur
2156 4557 2272 4622 pro
2326 4557 2400 4599 ea
2448 4534 2715 4622 Logices

1042 4651 1241 4728 parte,
1268 4661 1412 4726 quae
1454 4636 1634 4702 docet
1675 4636 2074 4724 probabiliter
2099 4637 2538 4724 argumentari,
2568 4636 2714 4701 alio-

1044 4766 1169 4830 que
1209 4740 1456 4806 nomine
1491 4741 1731 4828 Topica
1766 4739 2010 4805 dicitur.
2100 4739 2283 4804 Plato
2309 4762 2561 4826 quoque
2603 4762 2715 4826 per

1048 4844 1446 4911 Dialecticam
1490 4841 1776 4930 intelligit
1813 4841 2285 4932 Metapbysicen
2334 4839 2537 4927 [Add.
2561 4843 2713 4906 Tac.

1047 4946 1383 5015 Faociolati
1405 4945 1833 5011 Institutiones
1856 4945 2109 5033 Logicae
2127 4944 2461 5032 Peripatet.
2495 4945 2711 5009 Venet.

1055 5071 1237 5136 1729.
1265 5073 1327 5138 p.
1361 5070 1453 5135 13.
1483 5060 1548 5113 et
1581 5069 1677 5133 ¹9·
1709 5064 1773 5114 et
1798 5049 1878 5136 ej.
1911 5047 2164 5135 Logicoe
2192 5045 2552 5134 Disciplina:
2581 5048 2718 5111 Ru-

1050 5156 1343 5235 dimenta,
1368 5152 1455 5217 ib.
1484 5153 1669 5235 1728.
1712 5174 1774 5239 p.
1807 5169 1869 5235 7.
1898 5164 1961 5216 et
1989 5172 2047 5237 9.
2079 5152 2230 5238 sq.]:
2277 5150 2596 5215 videamus
2638 5148 2718 5214 de

1050 5259 1326 5325 Platone.
1415 5254 1540 5335 Qui
1591 5253 1846 5342 quidem
1889 5253 1954 5318 in
2005 5253 2295 5342 Sophista
2348 5277 2416 5341 p.
2461 5270 2605 5339 253.
2651 5252 2713 5317 d.

1047 5386 1108 5451 p.
1137 5362 1276 5428 206.
1302 5357 1593 5425 Bekker.:
1630 5358 1697 5422 τὸ
1730 5361 1876 5438 κατὰ
1901 5356 2046 5441 γένη
2075 5362 2421 5440 διαιρεῖσθαι
2450 5357 2544 5420 καὶ
2571 5356 2718 5438 μήτε

1048 5464 1262 5529 ταύτὸν
1291 5462 1440 5530 εἶδος
1477 5462 1680 5543 ἕτερον
1703 5459 2058 5542 ἡγήσασθαι,
2087 5458 2218 5539 μηθ’
2250 5460 2451 5541 ἕτερον
2478 5456 2550 5522 ἂν
2578 5459 2709 5522 ταῦ-

1050 5567 1173 5641 τὸν,
1204 5571 1328 5646 μῶν
1355 5566 1424 5631 οὔ
1451 5568 1551 5644 τῆς
1578 5567 1934 5644 διαλεκτικῆς
1975 5562 2247 5646 φήσομεν
2276 5559 2592 5642 ἐπιστήμης
2635 5562 2714 5628 εἴ·

1984 565 2802 631 ANNOTATIONES
2866 566 2977 631 IN
3040 566 3483 631 PLOTINI

2910 738 3105 822 ·.(cf
3155 737 3484 804 eundem
3467 763 3532 804 111
3583 737 3856 804 Phaedro
3902 762 3964 827 p.
4005 740 4149 807 266.
4199 763 4255 804 c.
4305 739 4454 828 ibiq.

2786 841 3119 907 Heindorf.
3177 865 3318 930 pag.
3358 846 3538 928 314.)
3614 841 3860 907 Deinde
3914 841 4143 906 ibidem
4204 843 4452 931 pergit:

2780 945 2978 1010 Ἀλλά
3016 945 3132 1027 μὴν
3173 948 3313 1028 τόγε
3356 944 3718 1009 διαλεκτικὸν
3761 972 3866 1009 ουκ
3908 946 4074 1031 ἄλλῳ
4118 948 4342 1021 δώσεις,
4381 948 4458 1014 ὣς

2785 1045 3023 1134 ἐγῷμαι,
3067 1047 3226 1126 πλην
3267 1048 3334 1112 τὸ
3383 1052 3642 1129 καθαρῶς
3685 1073 3750 1112 τε
3797 1049 3891 1112 καὶ
3933 1051 4022 1112 δικ
4023 1010 4162 1116 citos
4201 1055 4454 1130 φιλοσο-

2784 1155 3012 1232 φοῦντι.
3103 1150 3341 1228 Quod·
3316 1172 3447 1237 Jam
3479 1149 3736 1238 propius
3762 1150 3936 1215 abest
3962 1150 4043 1214 ab
4072 1173 4146 1215 eo
4173 1149 4457 1215 vocabuli

2785 1275 2926 1330 usu,
2972 1274 3157 1340 quem
3211 1267 3282 1318 ut
3330 1251 3666 1340 plurimum
3713 1252 3896 1318 Plato
3945 1269 4009 1318 et
4057 1252 4350 1318 Platonici
4394 1267 4458 1317 et

2784 1354 2914 1442 ipse
2941 1377 3193 1442 quoque
3214 1354 3498 1420 Plotinus
3530 1370 3846 1443 usurpant.
3895 1357 3974 1419 In
4004 1355 4218 1443 primis
4249 1370 4455 1421 tamen

2784 1457 2864 1522 ad
2909 1456 3288 1522 Platonicam
3335 1457 3699 1522 Dialectices
3740 1456 4212 1546 appellationem
4253 1458 4455 1545 aperi-

2784 1560 3008 1625 endam
3042 1561 3191 1625 facit
3232 1560 3404 1625 locus
3436 1560 3502 1624 in
3532 1559 3882 1648 Republica
3910 1561 4067 1625 VII.
4107 1580 4205 1626 12.
4236 1575 4299 1625 et
4334 1580 4458 1646 13.,

2785 1662 2952 1728 unde
2994 1662 3126 1728 haec
3169 1663 3599 1728 tantummodo
3641 1663 3764 1727 huc
3794 1663 4153 1727 transferam
4187 1666 4278 1750 (p.
4308 1679 4453 1748 533.

2788 1765 3001 1853 Steph.
3048 1789 3109 1853 p.
3139 1767 3284 1852 361.
3336 1764 3666 1848 Bekker.):
3722 1766 3973 1840 Οὐκοῦν,
4019 1767 4093 1846 ἦν
4139 1765 4187 1830 δ’
4237 1767 4373 1848 ἐγὼ,
4419 1766 4458 1845 ἡ

2785 1869 3111 1948 διαλεκτικῆ
3136 1868 3383 1948 μέθοδος
3421 1871 3571 1949 μόνη
3614 1870 3790 1948 ταύτῃ
3827 1871 4153 1951 πορεύεται,
4184 1872 4287 1935 τᾶς
4311 1871 4454 1932 ὑπο-

2786 1971 2980 2039 θέσεις
3008 1972 3329 2053 ἀναιροῦσα
3357 1969 3445 2035 ἐπ’
3477 1971 3656 2050 αὐτὴν
3683 1971 3790 2050 τὴν
3819 1970 4026 2054 ἀρχὴν,
4058 1973 4157 2034 ἵνα
4192 1972 4454 2050 βεβαιό-

2787 2100 2979 2154 σηται,
3012 2075 3105 2137 καὶ
3147 2077 3226 2159 τῷ
3270 2076 3397 2137 ὄντι
3440 2075 3506 2137 έν
3531 2075 3810 2158 βορβόρῳ
3850 2076 4193 2159 βαρβαρικῷ
4236 2098 4348 2136 τινι
4389 2072 4458 2136 τὸ

2786 2180 2887 2256 Τῆς
2928 2180 3127 2259 ψυχῆς
3171 2178 3328 2255 ὄμμα
3374 2175 3887 2257 κατορωρυγμένον
3927 2173 4112 2255 ἠρέμα
4159 2175 4318 2238 ἕλκει
4364 2175 4460 2237 καὶ

2789 2278 2996 2361 ἀνάγει
3024 2279 3165 2351 ἀνω,
3196 2280 3521 2358 συνερίθοις
3549 2279 3644 2342 καὶ
3671 2283 4173 2359 συμπεριαγωγοῖς
4190 2275 4459 2359 χρωμένη

2788 2382 2879 2448 αἶς
2921 2380 3234 2460 διήλθομεν
3276 2380 3528 2463 τέχναις.
3619 2382 3780 2444 Haec
3825 2379 4014 2444 verba
4057 2393 4458 2466 posteaquam

2785 2482 3072 2571 apposuit
3104 2483 3257 2549 Ger.
3282 2482 3535 2547 Vossius
3563 2482 3642 2548 de
3671 2482 3904 2570 Logica
3929 2481 4033 2545 lib.
4056 2482 4169 2545 IV.
4199 2504 4331 2568 cap.
4357 2500 4457 2547 12.

2786 2609 2849 2674 Ρ.
2895 2589 3063 2665 226.,
3114 2585 3199 2650 sic
3249 2585 3484 2673 pergit:
3533 2587 3691 2664 Quae
3741 2607 3864 2650 non
3914 2600 4174 2672 possunt
4216 2583 4333 2649 nisi
4379 2582 4460 2648 de

2789 2688 3223 2775 Metaphysica
3263 2687 3544 2775 intelligi.
3633 2687 3821 2767 Quod
3858 2688 3967 2774 qui
4013 2687 4183 2768 sciat,
4210 2686 4461 2751 minime

2789 2789 3132 2867 mirabitur,
3164 2789 3487 2855 Platonem
3525 2790 3588 2854 in
3620 2792 3782 2855 VII.
3811 2790 3891 2854 de
3920 2790 4270 2877 Republica
4305 2788 4461 2854 velle

2787 2891 3283 2979 quinquennium
3346 2890 3678 2957 dialecticae
3733 2892 4029 2980 impendi,
4083 2917 4155 2957 ac
4207 2891 4462 2979 quidem

2787 2997 2967 3075 μηδὲν
3011 2995 3164 3058 ἄλλο
3205 2994 3518 3076 πράττοντι
3561 2994 3694 3058 ἀλλ’
3733 2997 4135 3077 ἀντιστρόφως
4176 3003 4457 3076 γυμναζο-

2788 3096 2945 3176 μένω
2974 3102 3095 3163 τοῖς
3120 3097 3254 3179 περὶ
3280 3097 3348 3160 τὸ
3379 3101 3548 3176 σῶμα
3576 3097 3935 3178 γυμνασίοις.
4005 3097 4148 3160 Ῑ1110
4192 3118 4269 3159 ne
4313 3096 4466 3160 Dia-

2793 3198 3020 3263 lecticae
3068 3197 3323 3285 quidem
3380 3197 3647 3263 scholam
3703 3198 3901 3286 aperit
3953 3195 4463 3275 adolescentibus,

2793 3301 2902 3367 sed
2927 3301 3234 3368 duntaxat
3261 3302 3748 3385 τριακοντούτεσι,
3777 3300 3871 3381 iis,
3899 3300 4010 3388 qui
4034 3324 4337 3366 annorum
4360 3301 4462 3367 fo-

2793 3420 2932 3471 rent
2958 3405 3232 3493 triginta.
3293 3407 3623 3484 Praeterea,
3653 3404 3768 3469 nisi
3795 3405 3878 3469 sic
3908 3403 4263 3469 Dialecticae
4291 3428 4466 3470 voca-

2796 3508 2947 3574 bulo
2976 3531 3124 3572 usus
3151 3508 3231 3573 sit
3258 3507 3461 3587 Plato,
3480 3507 3587 3572 vix
3607 3531 3899 3573 excusare
3928 3530 4275 3596 possumus,
4291 3508 4464 3596 quod

2793 3611 2927 3699 ejus
2955 3610 3353 3676 Parmenides
3387 3624 3640 3675 vocetur
3666 3612 4021 3676 dialecticus
4038 3637 4058 3675 :
4106 3610 4214 3675 ubi
4256 3612 4465 3699 agitur

2794 3712 2873 3777 de
2900 3723 3055 3793 ente,
3086 3737 3281 3801 eaque
3311 3713 3684 3794 referuntur,
3714 3738 3857 3802 quae
3890 3712 3971 3777 ad
4001 3736 4131 3792 ens,
4160 3724 4467 3801 quatenus

2793 3838 2925 3895 ens,
2968 3816 3311 3904 pertinent:
3368 3831 3442 3881 ut
3485 3832 3630 3882 sunt
3672 3839 3893 3894 unum,
3937 3815 4155 3896 multa,
4195 3816 4462 3893 finitum,

2796 3918 3125 3998 infinitum,
3154 3934 3378 3998 totum,
3406 3942 3572 4007 pars,
3601 3918 3923 3997 divisibile,
3953 3917 4341 3996 indivisibile,
4371 3931 4463 3981 at-

2797 4043 2922 4107 que
2947 4020 3082 4086 alia.
3172 4020 3421 4087 Dixerit
3461 4020 3684 4109 aliquis
3725 4020 3977 4087 modum
4009 4018 4311 4085 tractandi
4338 4042 4467 4084 esse

2797 4121 3201 4189 dialecticum.
3283 4123 3410 4188 Sed
3436 4123 3570 4188 haec
3596 4123 3817 4188 idonea
3844 4123 3989 4187 satis
4016 4120 4173 4187 ratio
4199 4144 4323 4186 non
4353 4137 4467 4201 est,

2796 4248 2939 4290 cum
2966 4226 3030 4291 in
3067 4225 3198 4290 aliis
3234 4225 3416 4290 etiam
3460 4225 3632 4290 libris
3674 4224 3951 4290 similiter
3978 4224 4233 4288 disserat
4264 4223 4464 4290 Plato.

2797 4329 3006 4398 Quare
3033 4343 3145 4393 aut
3174 4328 3352 4392 valde
3380 4327 3671 4416 decipior,
3701 4343 3812 4393 aut
3838 4326 4046 4414 potius
4074 4326 4176 4391 hic
4201 4324 4358 4392 liber
4383 4327 4473 4394 ita

2795 4430 3149 4496 inscribitur
3173 4431 3253 4496 ab
3280 4431 3418 4519 ipso
3452 4444 3840 4518 argumentO,
3869 4429 4037 4517 quod
4071 4444 4163 4494 est
4190 4430 4472 4496 dialecti-

2796 4557 2956 4615 cum,
2997 4533 3103 4599 sed
3145 4532 3285 4598 laxe
3328 4533 3445 4598 hac
3485 4556 3638 4598 voce
3678 4546 3950 4620 accepta,
3989 4542 4063 4597 ut
4093 4534 4368 4619 lag-icen
4410 4542 4470 4597 et

2798 4636 3269 4726 Metaphysicen
3294 4636 3784 4724 comprehendat.
3873 4634 4045 4701 Vidit
4081 4636 4202 4702 hoc
4244 4635 4473 4702 Caelius

2801 4738 3203 4827 Rhodiginus
3245 4738 3351 4804 lib.
3408 4738 3597 4802 XVI.
3645 4737 4072 4825 Antiquarum
4103 4738 4471 4803 Lectionum

2799 4865 2935 4930 cap.
2965 4843 3211 4906 XXX.
3221 4866 3242 4922 3
3284 4840 3410 4905 imo
3437 4855 3579 4905 ante
3606 4864 3747 4905 eum
3778 4841 4121 4907 Mamilius
4151 4841 4475 4904 Commen-

2801 4944 2957 5010 tario
2975 4945 3041 5010 in
3063 4944 3381 5009 Plotinum
3404 4942 3722 5008 Enneadis
3749 4943 3964 5032 primae
3990 4942 4100 5007 lib.
4124 4942 4263 5005 111.
4291 4941 4471 5027 p.18.

2800 5046 2952 5113 edit.
2985 5046 3174 5113 Basil.
3201 5069 3303 5112 an.
3328 5048 3512 5133 1580.
3601 5047 3744 5111 Imo
3771 5046 3837 5111 id
3865 5045 4026 5110 clare
4053 5043 4238 5108 etiam
4274 5042 4473 5129 liquet

2800 5152 3099 5240 exipsius
3133 5150 3358 5217 Plotini
3402 5150 3510 5214 lib.
3545 5151 3682 5215 111.
3714 5150 3825 5215 ubi
3851 5147 4155 5236 quaeritur
4185 5148 4275 5234 (p.
4311 5149 4470 5231 21.),

2800 5254 2956 5341 quid
2983 5254 3062 5320 sit
3090 5253 3461 5327 Dialectice;
3508 5276 3581 5318 ac
3606 5250 4033 5341 respondetur,
4060 5272 4197 5313 eam
4226 5271 4469 5314 omnem

2801 5379 3038 5436 eorum,
3080 5380 3226 5444 quae
3267 5372 3434 5436 sunt,
3479 5355 3867 5422 latitudinem
3909 5350 4253 5438 complecti,
4283 5367 4472 5438 atque

2801 5459 2967 5525 ultra
3003 5459 3187 5525 etiam
3230 5459 3559 5548 progredi:
3605 5457 3839 5546 quippe
3875 5476 4019 5540 quae
4061 5452 4245 5517 etiam
4274 5453 4473 5519 consi-

2802 5562 2976 5628 deret
3018 5566 3092 5627 τᾶ
3130 5563 3210 5643 μὴ
3253 5565 3415 5637 ὄντα,
3446 5584 3590 5649 quoe
3615 5580 3741 5624 non
3767 5564 3938 5637 eunt,
3967 5555 4349 5621 considerare
4389 5554 4472 5621 ad
