5118 6613
1338 549 1535 613 LIB.
1578 549 1782 614 VIII.
1830 550 2279 615 ENNEAD.
2327 551 2803 629 QUARTAE.
2848 573 2914 638 p.
2948 551 3095 635 871,
3130 550 3273 634 872.

548 724 712 788 idem
746 720 979 787 Plotini
1008 721 1351 808 discipulus
1380 722 1588 809 posuit
1617 722 1679 786 in
1703 721 1809 787 lib.
1846 724 1901 788 1.
1938 725 1995 806 ξ.
2020 742 2126 809 30.
2159 722 2239 787 de

547 825 951 891 Abstinentia
977 849 1040 913 p.
1062 846 1170 910 49.
1201 825 1468 890 Rhoerii.
1547 827 1781 890 Fontes
1809 844 2018 890 autem
2048 825 2240 912 hujus

543 930 684 995 libri
712 928 1047 994 Plotiniani
1071 929 1391 1016 quaerendi
1414 946 1562 994 sunt
1589 928 1978 1016 potissimum
2002 930 2064 994 in
2092 927 2235 994 Pla-

543 1033 706 1098 tonis
748 1030 1024 1097 Phaedro
1054 1054 1116 1117 p.
1148 1034 1293 1112 246.
1328 1055 1420 1119 sq.
1452 1031 1516 1095 in
1555 1032 1830 1120 Republ.
1868 1035 1963 1097 X.
1997 1056 2063 1119 p.
2084 1034 2231 1114 617.

544 1160 678 1226 sqq.
723 1151 784 1200 et
828 1135 895 1199 in
942 1133 1190 1198 Timaeo
1231 1156 1422 1222 P·4¹·
1469 1158 1605 1222 sqq.
1652 1150 1724 1199 ut
1766 1134 1916 1199 alios
1958 1134 2238 1222 dialogos

543 1240 850 1304 omittam.
880 1237 959 1302 de
989 1235 1221 1324 quibus
1239 1237 1383 1301 vide
1407 1238 1879 1325 Wyttenbachii
1915 1238 2237 1324 Disputat.

543 1343 623 1407 de
650 1341 881 1430 placito
909 1339 1289 1405 immortalit.
1319 1342 1572 1405 animm.
1608 1344 1780 1424 (ante
1823 1341 2234 1425 Phaedonem)

544 1469 612 1534 p.
647 1446 838 1510 XVI.
871 1468 1000 1531 seq.
1031 1456 1094 1508 et
1122 1443 1485 1508 descensum
1518 1443 1689 1531 quod
1720 1443 1941 1509 attinet
1970 1443 2052 1508 ad
2100 1443 2242 1508 Plu-

547 1549 743 1614 tarch.
776 1548 857 1612 de
889 1549 953 1612 S.
982 1548 1065 1611 N.
1092 1548 1168 1611 V.
1201 1569 1265 1633 p.
1297 1567 1436 1631 113.
1476 1571 1539 1634 p.
1561 1569 1707 1628 444.
1738 1546 1838 1610 ed.
1870 1549 2072 1612 Oxou.
2141 1549 2243 1611 De

547 1651 877 1717 Aristotele
919 1665 1013 1716 est
1057 1649 1452 1714 memorabile
1483 1650 1898 1714 testimonium
1945 1648 2151 1714 Procli
2177 1650 2241 1714 in

548 1759 864 1823 Timaeum
901 1778 961 1843 p.
988 1756 1135 1840 338.
1213 1756 1625 1841 Posteaquam
1658 1754 1820 1818 enim
1853 1753 1934 1818 de
1966 1753 2244 1819 Platonis

546 1857 1073 1947 disputationibus
1122 1856 1386 1934 dixerat,
1432 1856 1520 1921 ita
1564 1856 1770 1944 pergit
1788 1855 1969 1921 z——⁶O
2029 1858 2098 1937 δὴ
2149 1859 2245 1922 καὶ

546 1961 981 2046 Ἀριστοτέλης,
1027 1962 1296 2040 ζηλώσας
1342 1963 1408 2023 ἐν
1444 1964 1514 2041 τῇ
1557 1961 1692 2042 περὶ
1734 1964 1936 2044 ψυχῆς
1972 1986 2245 2042 πραγμα-

543 2070 689 2140 τεία,
744 2070 1006 2149 φυσικῶς
1063 2063 1243 2142 αὐτὴν
1299 2065 1863 2147 μεταχειριζόμενος,
1915 2065 2050 2128 οὔτε
2107 2065 2241 2145 περὶ

551 2173 812 2236 καθόδων
857 2170 1077 2251 ψυχῆς,
1130 2168 1268 2231 οὔτε
1323 2167 1458 2248 περὶ
1506 2166 1736 2246 λήξεων
1781 2168 2239 2246 ἐμνημόνευσεν,

542 2271 675 2338 ἀλλ’
710 2275 777 2336 ἐν
810 2276 933 2337 τοῖς
973 2270 1276 2351 διαλόγοις
1323 2270 1501 2352 χωρὶς
1546 2271 2069 2351 ἐπραγματεύσατο
2107 2269 2240 2350 περὶ

548 2376 727 2440 αὐτὸν
747 2373 923 2455 (fort.
943 2374 1078 2455 περὶ
1100 2372 1321 2457 αὐτῶν)
1346 2373 1440 2436 καὶ
1462 2372 1569 2436 τὸν
1597 2373 2044 2454 προηγούμενον
2068 2397 2235 2435 κατε-

545 2477 812 2557 βάλλετο
840 2477 1052 2558 λόγον.
1126 2474 1314 2553 Quod
1342 2473 1538 2560 igitur
1565 2473 1627 2536 in
1659 2472 1922 2560 dialogis
1949 2473 2076 2537 suis
2105 2473 2237 2538 haec

546 2594 917 2645 tractaverat
968 2577 1285 2664 Stagirita,
1335 2589 1706 2663 argumento
1755 2590 1872 2655 est,
1929 2598 2072 2640 eum
2128 2576 2239 2641 bas

543 2682 994 2771 disputationes
1046 2680 1328 2769 populari
1389 2679 1700 2744 duntaxat
1749 2678 2093 2766 disciplinae
2143 2703 2241 2743 ac-

545 2784 964 2851 commodatas
996 2782 1278 2848 voluisse.
1373 2782 1619 2847 Ibidem
1647 2782 1907 2846 Proclus
1938 2782 2097 2847 hanc
2124 2782 2242 2847 du-

545 2887 904 2954 bitationem
935 2887 1189 2974 attingit
1216 2886 1278 2951 in
1310 2884 1818 2973 philosophorum
1852 2885 2074 2949 scholis
2100 2886 2236 2974 agi-

547 3007 776 3057 tatam:
825 3006 1040 3055 utrum
1072 3005 1203 3055 tota
1242 2988 1576 3053 descendat
1619 2987 1843 3064 anima,
1877 3012 1990 3052 nec
2030 3012 2107 3053 ne
2129 3014 2236 3062 :—

553 3097 707 3160 ὥστε
737 3096 885 3176 ὅπερ
914 3096 1225 3160 Πλωτῖνός
1252 3101 1458 3176 φησιν,
1492 3095 1775 3175 νεώτερος
1808 3089 1884 3156 ἂν
1915 3096 2004 3173 εἴη
2032 3094 2233 3175 λόγος,

545 3202 578 3261 6
604 3200 684 3279 μὴ
722 3202 925 3262 πᾶσαν
957 3197 1139 3276 αὐτὴν
1183 3196 1317 3274 (τὴν
1352 3196 1585 3278 ψυχὴν)
1636 3195 1895 3260 κατιέναι
1940 3197 2238 3259 διαταττό-

545 3328 740 3381 μενος.
787 3298 1143 3387 Simplicius
1162 3300 1437 3364 Prooem.
1462 3297 1526 3362 in
1549 3297 1871 3363 Aristotel.
1906 3298 1987 3362 de
2003 3298 2238 3364 Anima

545 3406 650 3470 fin.
673 3403 853 3469 2—-68
886 3403 920 3467 δ
949 3405 1085 3467 οὔτε
1111 3403 1315 3481 μένειν
1343 3428 1399 3466 τι
1428 3404 1602 3482 offis
1632 3405 1762 3483 (τῆς
1790 3406 2019 3487 ψυχῆς)
2060 3406 2238 3483 θησό-

548 3513 695 3586 μεθα
728 3509 874 3571 κατὰ
901 3506 1010 3570 τὸν
1041 3511 1359 3570 Πλωτῖνον
1397 3506 1490 3569 ἀεὶ
1521 3506 1798 3572 ὡσαύτως
1827 3506 1922 3570 καὶ
1954 3511 2233 3588 καθαρῶς,

548 3613 680 3676 οὔτε
724 3614 1030 3676 παντελῶς
1085 3608 1355 3691 προιέναι
1415 3610 1481 3671 ἐν
1522 3612 1592 3688 τῇ
1639 3611 1722 3675 εἷς
1771 3608 2015 3690 γένεσιν
2058 3612 2231 3690 ῥοπῇ.

547 3713 678 3778 ἀλλ’
713 3715 826 3791 ὅλη
855 3713 1089 3793 πρόεισι
1118 3711 1213 3775 καὶ
1239 3709 1408 3791 μένει
1438 3713 1761 3792 εἰλικρινῶς
1791 3713 1858 3774 ἐν
1889 3717 1958 3791 τῇ
1988 3712 2134 3794 πρὸς
2162 3715 2237 3776 τὰ

547 3819 786 3897 δεύτερα
813 3817 985 3898 ῥοπῇ.
1074 3813 1361 3877 Eandem
1402 3813 1766 3878 sententiam
1809 3814 2013 3901 attigit
2063 3817 2232 3879 Her-

545 3919 695 3983 mias
737 3918 800 3981 in
843 3915 1176 3981 Phaedrum
1209 3938 1275 4003 p.
1309 3934 1445 3998 147.
1542 3918 1776 3980 Locum
1823 3917 2083 4004 apposui
2129 3941 2235 3981 su-

544 4045 655 4109 pra
681 4021 765 4086 ad
796 4018 1026 4084 Plotin.
1057 4041 1122 4106 p.
1148 4020 1299 4103 361.
1322 4022 1406 4082 A.
1484 4019 1589 4083 Cf.
1619 4034 1826 4084 autem
1869 4019 2060 4106 hujus
2091 4019 2230 4085 libri

549 4123 882 4191 Plotiniani
902 4138 1091 4208 caput
1123 4120 1410 4186 ultimum
1442 4145 1508 4209 p.
1530 4124 1679 4204 476.

626 4230 854 4315 Neque
883 4249 1029 4289 vero
1057 4224 1344 4289 Plotinus
1372 4224 1596 4303 solum,
1627 4225 1732 4289 sed
1764 4224 1949 4289 etiam
1992 4225 2226 4313 Pytha·

541 4355 741 4422 goras,
778 4332 977 4407 Plato,
1009 4327 1229 4415 reliqui
1261 4351 1301 4392 a
1329 4327 1697 4393 Christianis
1728 4327 1995 4392 maxime
2034 4327 2229 4416 scrip-

542 4436 776 4501 toribus
832 4431 1111 4497 certatim
1165 4431 1514 4518 impugnati
1566 4444 1713 4495 sunt
1763 4448 2020 4519 propter
2073 4430 2228 4495 illud

541 4538 877 4613 decretum,
925 4533 1091 4599 unde
1137 4533 1272 4599 baec
1320 4534 1604 4598 universa
1654 4533 1934 4598 doctrina
1978 4534 2229 4621 pendet.

541 4641 700 4705 Dico
747 4636 1109 4720 προύπαρξιν
1157 4636 1529 4716 animarum,
1572 4659 1761 4723 quam
1810 4639 2225 4725 praeeoeiatm-

537 4746 686 4807 tiam
736 4739 1095 4806 Scholastici
1151 4739 1385 4804 dicunt.
1502 4742 1666 4804 Eam
1717 4762 1860 4805 cum
1907 4763 1984 4803 ex
2033 4739 2228 4805 altera

537 4861 709 4934 parte
738 4842 1131 4932 pertinaciter
1163 4841 1498 4907 retinerent
1543 4841 1824 4907 Platonis
1867 4842 2227 4930 Plotinique

538 4962 898 5015 sectatores:
930 4968 1007 5009 ex
1026 4944 1220 5009 altera
1232 4944 1630 5010 vehementer
1647 4945 1991 5010 refutarent
2014 4946 2226 5010 Chris-

3894 568 4017 639 259

2324 747 2477 788 cana
2521 725 2608 788 T.
2652 725 2706 788 I.
2738 745 2800 810 3.
2854 747 2920 811 p.
2955 725 3075 811 83:
3121 722 3199 788 Ὁ
3248 723 3383 791 θεὸς
3425 726 3574 803 ἡμᾶς
3614 725 3894 804 ἐποίησεν
3943 727 4014 791 οὐ

2324 831 2632 910 προόντας·
2680 829 2860 910 ἐχρῆν
2906 830 3021 909 γὰρ
3073 825 3292 891 εἰδέναι
3347 827 3496 907 ἡμᾶς
3540 828 3690 891 ὅπου
3734 827 3906 907 ἦμεν,
3961 833 4015 894 εἰ

2322 935 2586 1013 προῆμεν
2625 930 2719 994 καὶ
2746 935 2868 997 πῶς
2907 932 3003 994 καὶ
3031 933 3126 994 διὰ
3163 932 3225 994 τί
3253 934 3422 1012 δεῦρο
3458 931 3702 1010 ἥκαμεν·
3749 933 3803 995 εἰ
3836 933 3902 994 δὲ
3946 932 4015 995 οὗ

2323 1037 2606 1114 πρσῆμεν,
2638 1036 2738 1112 τῆς
2777 1031 3060 1115 γενέσεος
3088 1034 3269 1098 αἴτιος
3304 1034 3485 1112 μόνος
3527 1035 3560 1096 6
3601 1032 3757 1100 θεὸς.
3803 1034 3880 1100 ὥς
3907 1033 4014 1098 οὖν

2323 1137 2427 1200 οὐκ
2456 1139 2633 1202 ὄντας
2661 1137 2961 1215 ἐποίησεν,
2995 1136 3176 1202 οὕτως
3204 1136 3298 1199 καὶ
3337 1134 3694 1217 γενομένους
3732 1137 3905 1212 σώζει
3938 1142 4008 1216 τῇ

2326 1240 2441 1324 ἰδίᾳ
2483 1238 2696 1323 χάριτι.
2787 1237 2937 1302 Alia
2987 1237 3177 1324 hujus
3227 1237 3315 1301 rei
3357 1249 3726 1324 argumenta
3772 1240 4012 1326 profert

2326 1342 2672 1406 Antiochus
2705 1340 3165 1406 Ptolemaeensis
3201 1340 3426 1405 ibidem
3473 1364 3618 1428 pag.
3640 1343 3754 1406 81:
3802 1346 3876 1407 τᾶ
3902 1345 4014 1423 μὲν

2326 1448 2489 1509 ἄλλα
2529 1445 2859 1527 τετράποδα
2897 1450 3082 1508 ποιῶν
3126 1447 3159 1508 6
3205 1444 3339 1511 θεὸς
3378 1448 3529 1524 μετὰ
3568 1450 3686 1509 τῶν
3728 1444 4015 1525 σωμάτων

2329 1549 2424 1612 καὶ
2461 1551 2566 1615 τὰς
2603 1551 2805 1631 ψνχᾶς
2842 1546 3206 1629 παρήγαγεν·
3239 1546 3347 1610 τὸν
3382 1549 3448 1611 δὲ
3491 1548 3803 1631 ἄνθρωπον
3831 1548 4017 1612 πλάτ-

2328 1676 2445 1713 των
2472 1655 2706 1730 πρῶτον
2736 1648 3151 1725 κατασκευάζει
3178 1648 3246 1712 τὸ
3278 1652 3383 1712 τοῦ
3422 1650 3694 1729 σώματος
3735 1652 4014 1732 ὄργανον·

2330 1753 2426 1816 καὶ
2452 1754 2587 1816 τότε
2617 1756 2723 1831 τὴν
2752 1752 2958 1835 ψυχὴν
2986 1751 3418 1833 δημιουργήσας
3455 1751 3752 1832 ἐνέθηκεν,
3784 1755 3883 1818 ἵνα
3924 1754 4019 1817 καὶ

2329 1857 2399 1919 ἐν
2426 1858 2611 1942 τούτῳ
2641 1857 2798 1935 δείξῃ
2822 1856 2929 1934 τὴν
2956 1854 3256 1937 ὑπεροχὴν
3285 1855 3595 1936 ἀνθρώπου
3622 1883 3676 1919 κ.
3699 1882 3749 1920 τ.
3768 1863 3830 1920 λ.
3893 1859 4021 1922 De-

2329 1958 2474 2023 inde
2503 1959 2621 2023 hoc
2650 1958 2912 2023 alterum
2947 1972 3385 2044 argumentum
3433 1958 3682 2045 subjicit
3705 1962 3911 2024 ε-καὶ
3949 1963 4018 2025 οὗ

2327 2068 2489 2126 ποιεῖ
2516 2064 2580 2144 (ὁ
2621 2063 2782 2146 θεὸς)
2828 2062 2936 2140 τὴν
2978 2061 3185 2144 ψυχὴν
3221 2060 3334 2142 πρὸ
3369 2065 3474 2125 τοῦ
3507 2063 3798 2142 σώματος,
3826 2065 3925 2128 ἵνα
3955 2065 4017 2147 (ὁ

2329 2165 2663 2248 ἄνθρωπος)
2722 2166 2803 2244 μὴ
2859 2164 3103 2245 γένηται
3161 2164 3451 2245 αὐτόπτης
3513 2171 3631 2229 τῶν
3686 2167 4017 2248 γινομένων

2330 2266 2503 2351 (fort.
2536 2267 2931 2349 γενομένων)·
2977 2268 3047 2331 οὗ
3070 2273 3234 2331 ποιεῖ
3266 2267 3373 2346 τὴν
3411 2268 3618 2351 ψυχὴν
3644 2275 3919 2350 παρεῖναι
3946 2279 4016 2350 τῇ

2326 2371 2687 2454 δημιουργίᾳ,
2711 2371 2811 2434 ἵνα
2836 2369 2917 2449 μὴ
2941 2369 3304 2454 καυχήσηται
3326 2370 3402 2436 ὥς
3423 2371 3709 2452 συνεργὸς
3728 2376 3834 2435 τοῦ
3853 2378 3994 2439 θεοῦ
4000 2430 4016 2446 .

2324 2472 2632 2559 Ejusdem
2666 2472 2986 2537 sententiae
3012 2472 3415 2560 pronuntiata
3446 2473 3689 2560 Cyrilli‚
3724 2474 4019 2542 Eleuthe-

2325 2575 2423 2655 rii,
2465 2576 2784 2641 Eustathii
2835 2575 3203 2640 Antiocheni
3252 2589 3318 2639 et
3377 2576 3548 2640 Petri
3605 2576 4018 2644 Alexandrini

2324 2677 2555 2744 ibidem
2597 2677 2972 2742 exhibentur
3008 2701 3150 2765 pag.
3183 2680 3288 2756 76.
3322 2700 3459 2765 sqq.
3504 2678 3781 2766 ejusdem
3827 2703 4016 2768 argu-

2326 2781 2518 2845 menti
2546 2795 2793 2846 exstant
2825 2780 3247 2846 Conciliorum
3282 2782 3566 2845 Canones
3597 2783 3675 2845 V.
3695 2783 3776 2847 C.
3808 2783 3872 2848 in
3905 2786 4021 2873 Sy-

2327 2883 2474 2948 nodi
2505 2882 3210 2972 Constantinopolitanoe
3239 2883 3478 2970 quintae
3509 2886 3765 2950 Canone
3798 2887 3857 2950 I.
3888 2887 4021 2953 haec

2324 2986 2623 3074 leguntur
2677 3011 2781 3075 ap.
2820 2987 3070 3052 Fabric.
3115 2988 3193 3052 B.
3230 2988 3348 3052 Gr.
3380 2986 3519 3053 Vol.
3556 2988 3730 3053 XII.
3777 3011 3842 3076 p.
3876 2991 4012 3073 187.

2325 3088 2574 3154 Harles.
2601 3116 2614 3154 ε
2667 3093 2723 3155 εἴ
2747 3117 2834 3158 τις
2861 3092 2970 3170 τὴν
2999 3093 3232 3172 μυθώδη
3260 3089 3622 3173 πρσΰπαρξιν
3641 3097 3760 3156 τῶν
3780 3099 4016 3178 ψυχῶν,

2328 3193 2421 3256 καὶ
2465 3193 2574 3272 τὴν
2624 3195 2802 3274 ταύτῃ
2853 3193 3148 3273 ἑπομένην
3194 3195 3488 3274 τερατώδη
3534 3194 4020 3261 ἀποκατάστασιν

2323 3298 2667 3377 πρεσβεύει,
2715 3297 2983 3377 ἀνάθεμα
3027 3296 3202 3361 ἔστω.
3279 3295 3381 3361 Cf.
3433 3298 3672 3361 Canon.
3719 3298 3814 3362 II.
3854 3299 4017 3364 VII.

2326 3398 2476 3462 XV.
2542 3400 2755 3486 Atque
2782 3399 2917 3463 haec
2946 3399 3081 3486 ipsa
3108 3398 3391 3463 doctrina
3418 3422 3456 3462 a
3486 3401 3874 3466 Damascene
3902 3426 4015 3490 ap-

2322 3499 2594 3587 pellatur
2639 3502 2706 3565 τὸ
2765 3509 2882 3565 τῶν
2929 3500 3280 3584 Ὠριγένους
3322 3503 3672 3584 ληρημάτων
3722 3506 4010 3586 ἆτόπημα.

2325 3602 2647 3667 Plotinum
2683 3603 2954 3689 denique
2993 3603 3196 3691 ipsum
3246 3603 3362 3667 hoc
3395 3603 3643 3668 nomine
3687 3605 4015 3692 reprehen-

2320 3705 2416 3770 dit
2444 3705 2740 3793 peculiari
2774 3705 3167 3771 Antithetico
3200 3704 3595 3793 Nicephorus
3640 3707 4010 3783 Nathanael,

2318 3809 2465 3875 item
2514 3812 2579 3875 in
2631 3811 2902 3899 Dialogo
2943 3811 3071 3875 sive
3114 3811 3302 3889 idem,
3351 3810 3478 3875 sive
3527 3811 3693 3876 idem
3746 3814 4012 3879 sentiens

2318 3914 2600 4002 scriptor.
2691 3917 2864 3994 Quos
2916 3913 3152 3979 libellos
3202 3915 3300 3979 his
3355 3916 3764 3982 Enneadibus
3823 3919 4015 4008 subji-

2319 4018 2570 4083 ciendos
2598 4019 2973 4083 curavimus

2406 4122 2595 4201 Quod
2626 4122 2937 4211 reliquum
2967 4138 3078 4198 est,
3111 4122 3453 4209 Anglicum
3485 4124 3633 4190 fecit
3660 4125 3827 4190 hunc
3858 4126 4008 4191 Plo-

2317 4224 2429 4289 tini
2490 4224 2719 4291 librum
2773 4227 3005 4290 Thom.
3057 4225 3318 4313 Taylor.
3363 4226 3426 4291 in
3481 4228 3638 4293 Five
3692 4227 3901 4294 Books
3942 4230 4016 4295 of

2320 4327 2602 4393 Plotinus
2632 4352 2691 4417 p.
2724 4347 2869 4414 251.
2901 4351 3034 4416 sqq.

2403 4454 2463 4518 p.
2503 4434 2654 4514 872,
2687 4452 2748 4517 9.
2794 4437 3224 4496 ΠΟΛΛΑΚΙΣ
3250 4435 3622 4515 ἐγειρόμενος
3645 4437 3727 4503 εἷς
3753 4437 4007 4516 ἐμαυτὸν

2316 4537 2383 4599 ἐκ
2432 4541 2537 4599 τοῦ
2595 4537 2865 4615 σώματος
2910 4562 2958 4597 κ.
2983 4560 3036 4598 τ.
3064 4536 3156 4623 λ.]
3222 4533 3588 4601 Admonent
3645 4537 3779 4602 hoec
3830 4539 4006 4604 Pauli

2314 4638 2598 4725 Apostoli
2634 4658 2693 4703 2.
2721 4637 3006 4702 Corinth.
3032 4638 3210 4701 XII.
3245 4655 3302 4702 2.
3329 4657 3405 4722 3:
3454 4638 3587 4703 οἶδα
3604 4641 3916 4723 ἄνθρωπον
3938 4645 4006 4708 ἐν

2314 4741 2792 4827 Χριστῷ-(εἴτε
2832 4743 2898 4804 ἐν
2936 4742 3163 4820 σώματι
3201 4741 3306 4805 οὐκ
3349 4740 3499 4815 οἴδα,
3538 4744 3658 4807 εἴτε
3697 4743 3862 4811 ἐκτὸς
3899 4751 4005 4810 τοῦ

2313 4845 2603 4923 σώματος,
2649 4844 2754 4908 οὐκ
2794 4843 2944 4907 οἶδα·
2995 4846 3028 4907 6
3080 4842 3215 4911 θεὸς
3258 4843 3467 4927 οἶδεν.)
3515 4846 3859 4928 ἁρπαγέντα
3896 4848 4003 4912 τὸν

2311 4951 2579 5011 τοιοῦτον
2623 4947 2732 5013 ἕως
2772 4948 2969 5027 τρίτου
3011 4946 3282 5027 ούρανοῦ.
3373 4945 3787 5011 Plotinianum
3832 4949 4000 5015 hunc

539 5051 683 5118 tiani
733 5050 1038 5125 doctores,
1084 5068 1342 5134 excepto
1385 5048 1645 5136 Origine
1687 5064 1752 5113 et
1804 5048 1912 5136 qui
1957 5070 2098 5111 cum
2150 5073 2226 5113 eo
2308 5048 2513 5114 locum
2546 5048 2776 5136 attigit,
2808 5048 2916 5113 ubi
2946 5048 3026 5112 de
3054 5050 3267 5112 animo
3304 5058 3592 5137 cmg-esto
3636 5050 3762 5115 sive
3795 5064 3998 5117 coacto

535 5156 845 5225 facerent;
893 5164 1110 5213 exorta
1137 5149 1282 5213 inde
1311 5173 1539 5237 magna
1578 5174 1751 5237 seges
1777 5168 1868 5216 est
1898 5150 2222 5231 librorum,
2308 5152 2460 5239 agit,
2503 5154 2692 5239 Casp.
2744 5151 2957 5215 Barth.
3002 5151 3067 5214 in
3098 5150 3472 5216 Adversarr.
3506 5153 3757 5217 XXII.
3798 5173 3896 5218 10.
3927 5177 3994 5241 p.

540 5258 947 5332 decretorum,
976 5274 1306 5333 canonum,
1326 5253 1410 5317 ad
1440 5255 1703 5318 Joannis
1732 5278 1932 5341 usque
1961 5256 2223 5319 Damas-

540 5359 665 5423 ceni
693 5373 757 5423 et
785 5353 1128 5444 posteriora
1167 5369 1464 5441 tempora.
1556 5358 1702 5444 Ego
1743 5380 1944 5444 pauca
1980 5371 2217 5421 tantum

536 5459 837 5527 delibabo.
913 5457 1203 5524 Clemens
1241 5459 1704 5524 Alexandrinus
1750 5459 1812 5524 in
1865 5461 2221 5548 fragmento

2314 5273 2594 5424 ¹03²:ib-
2644 5362 2737 5423 καὶ
2784 5361 3476 5443 γιγνόμενος-ἐμαυτοῦ
3517 5362 3583 5423 δὲ
3626 5359 3800 5448 εἵσω]
3851 5359 3992 5425 Vid.

2309 5460 2710 5526 Valckenaer.
2739 5461 2817 5525 ad
2848 5460 2995 5526 calc.
3031 5460 3390 5525 Hemsterh.
3418 5464 3618 5524 Oratt.
3651 5482 3712 5547 p.
3732 5463 3878 5547 383.
3911 5464 3991 5528 ad

539 5564 730 5630 octavi
753 5560 900 5627 libri
932 5562 1223 5627 Stromm.
1255 5561 1320 5626 in
1351 5565 1528 5650 Ang.
1561 5563 1719 5628 Maii
1750 5562 2009 5629 Collect.
2044 5565 2214 5628 Vati·
2305 5562 2412 5627 illa
2441 5566 2696 5628 Actorr.
2720 5564 2897 5627 XII.
2927 5584 2952 5627 1
2973 5583 2997 5627 1
3027 5588 3040 5627 ε
3075 5567 3108 5628 6
3134 5562 3363 5645 Πέτρος
3381 5564 3703 5645 γενόμενος
3721 5565 3788 5629 ἐν
3806 5568 3992 5654 ἑαυτῷ

2415 5656 2610 5723 1.12
