5118 6613
1120 553 1244 620 170
2094 541 2936 610 ANNOTATIONES
3005 544 3119 609 IN
3187 544 3624 611 PLOTINI

1114 710 1449 791 μιουργικαὶ
1476 713 1593 793 γὰρ
1624 712 1692 776 αἴ
1719 736 1793 794 γε
1831 710 2123 793 πάνδημοι
2162 713 2375 778 αὐτῶν·
2427 715 2522 779 καὶ
2553 707 2688 784 νόες
2717 717 2814 781 καὶ
2900 722 3058 785 τιδος
3100 716 3295 800 (Cod.
3339 719 3428 783 D.
3461 722 3563 798 τῆς
3588 722 3792 804 ψυχῆς
3816 746 3861 800 μ
3888 765 3903 782 .
3926 769 3941 783 .
3967 722 4016 804 .)
4048 718 4133 784 ὃν
4158 722 4304 788 υἱός.
4392 719 4599 785 Locus

1118 816 1252 879 θεαὶ
1294 820 1503 880 πᾶσαι·
1552 816 1648 880 καὶ
1677 816 1748 895 δὴ
1788 817 1884 881 καὶ
1902 815 2165 900 Ἔρωτες
2208 819 2304 883 καὶ
2328 817 2682 903 Ἀφροδίται
2713 824 2811 887 οὔ·
2902 818 3255 898 lacunosus,
3302 820 3410 885 sed
3454 837 3663 886 tamen
3705 822 4037 908 ejusmodi,
4086 834 4158 887 ut
4214 822 4363 887 inde
4405 821 4599 910 expli-

1118 943 1230 986 τως
1258 921 2027 1003 ὁμογενεῖς.-Ἀφροδίται
2060 924 2174 1001 μὲν
2203 923 2319 1004 ἄρα
2346 927 2537 988 πᾶσαι
2564 927 2817 1005 ὁμοιοει-
2907 921 3125 986 candae
3153 921 3250 986 vel
3281 922 3491 1011 potius
3518 921 3890 989 adhibendae
3911 923 4078 988 illius
4097 922 4331 990 fabulae
4359 922 4599 989 liberio-

1118 1027 1238 1090 δεῖς
1268 1023 1419 1104 μετά
1446 1049 1606 1092 τινος
1634 1025 1992 1107 ἑτερότητος.
2071 1023 2335 1108 Ἔρωτες
2364 1028 2431 1091 δὲ
2462 1029 2558 1092 καὶ
2585 1027 2815 1111 Ἀφρο-
2909 1046 3040 1088 rem
3070 1023 3371 1088 rationem
3402 1046 3718 1111 agnoscas,

1120 1127 1274 1189 δίται
1319 1128 1706 1207 ἆνομοιειδεΐς
1749 1126 1902 1207 μετά
1946 1151 2107 1194 τινος
2152 1129 2523 1209 ταυτότητος.
2616 1132 2818 1196 Caete-
2989 1148 3058 1212 p.
3083 1145 3235 1212 535,
3273 1145 3374 1210 19.
3420 1128 4269 1208 τοῦ-κόσμου-εὗδαίμονος
4320 1132 4462 1193 θεοῦ
4508 1130 4598 1193 καὶ

1118 1249 1259 1291 rum
1289 1227 1451 1293 hanc
1480 1227 1845 1293 sententiam
1890 1227 2124 1294 Plotini
2153 1228 2433 1294 omnium
2466 1230 2814 1297 animarum
2909 1228 3261 1317 αὐτάρκους]
3299 1229 3405 1293 Cf.
3440 1229 3540 1293 11.
3564 1249 3624 1315 3.
3658 1251 3721 1316 9.
3757 1230 3900 1294 III.
3936 1248 3995 1295 2.
4025 1252 4091 1316 3.
4125 1233 4199 1295 V.
4229 1250 4287 1295 1.
4319 1250 4380 1296 2.
4409 1230 4598 1318 Diog.

1114 1330 1353 1397 fontem
1394 1333 1849 1420 essentiamque
1885 1356 2017 1397 esse
2056 1332 2326 1398 animam
2372 1335 2614 1414 mundi,
2644 1360 2812 1401 com·
2906 1334 3122 1396 Laert.
3155 1333 3317 1396 VII.
3355 1350 3499 1417 137,
3529 1334 3673 1418 138.
3706 1356 3893 1420 quem
3939 1333 4239 1422 expilavit
4284 1333 4512 1399 Suidas
4536 1334 4597 1398 in

1114 1449 1294 1524 parat
1350 1438 1762 1502 Tiedemann.
1805 1436 1870 1501 in
1903 1437 2103 1502 Geist.
2134 1438 2249 1501 der
2276 1439 2570 1526 spelndat
2604 1442 2819 1505 Philo-
2906 1437 3141 1516 κόσμος.
3220 1432 3496 1521 Reliqua
3522 1433 3603 1498 ad
3635 1435 3821 1498 finem
3846 1458 4046 1521 usque
4066 1435 4323 1524 capitis:
4371 1437 4596 1518 ἄστρω-

1111 1540 1327 1629 aophie
1379 1540 1525 1605 111.
1571 1563 1634 1628 p.
1680 1560 1828 1626 314„
1886 1564 2021 1628 sqq.
2067 1562 2214 1605 cum
2268 1540 2815 1624 Heraclitioorum,
2903 1539 3300 1602 τον-ἄοικον
3328 1534 3643 1623 pertinent
3682 1535 3766 1601 ad
3807 1536 4114 1603 Platonici
4156 1538 4471 1627 Symposii
4514 1537 4599 1603 lo-

1111 1643 1538 1731 antiquiorum
1596 1642 2059 1708 Platonicorum
2116 1657 2181 1707 et
2232 1643 2585 1710 Stoicorum
2629 1645 2815 1711 etiam
2902 1663 3044 1705 cum
3078 1639 3426 1705 laudatum.
3475 1639 3769 1728 Denique
3789 1657 4068 1706 extrema
4089 1641 4168 1722 μὴ
4200 1644 4270 1707 οὗ
4297 1644 4599 1726 γλίσχρως

1112 1744 1454 1823 sententiis,
1485 1759 1549 1809 et
1590 1759 1903 1832 quatenus
1940 1743 2048 1810 illa
2086 1744 2169 1809 ab
2212 1744 2311 1810 his
2352 1745 2602 1812 differat
2644 1771 2820 1813 mon-
2909 1745 3004 1809 καὶ
3032 1745 3373 1829 ἆπᾳδόντως
3410 1742 3585 1830 quod
3626 1742 3894 1818 attinet;
3942 1745 4119 1832 prius
4158 1744 4528 1810 adverbium
4564 1769 4602 1809 a

1113 1863 1309 1913 strare
1338 1847 1569 1913 studet.

1193 1975 1260 2040 p.
1284 1968 1433 2038 535,
1459 1971 1560 2036 15.
1585 1953 1703 2015 Καὶ
1730 1952 1967 2032 ῆαῦτοῦ
1980 1950 2381 2034 τοῦἜρωτος,
2404 1954 2480 2021 ὡς
2499 1954 2566 2017 ἐκ
2583 1955 2811 2021 Πενίας

1111 2056 1206 2120 καὶ
1236 2057 1441 2139 Πόρου
1472 2054 1733 2136 Μήτιδός
1762 2056 1892 2120 ἑστι
1929 2055 2387 2142 γεγεννημένος]
2427 2055 2612 2121 Plato
2644 2058 2807 2121 Con-

1105 2157 1233 2222 viV.
1264 2180 1331 2245 p.
1357 2175 1500 2243 203.
1531 2180 1586 2221 a.
1617 2180 1683 2244 p.
1712 2176 1860 2241 429.
1885 2179 1978 2244 sq.
2016 2155 2213 2222 Bekk.
2252 2156 2397 2223 Ὅτι
2424 2162 2542 2240 γὰρ
2565 2158 2807 2241 ἐγένετο

1104 2261 1507 2344 ἡἈφροδίτη,
1533 2263 1839 2325 εἱστιῶντο
1861 2263 1920 2325 οἱ
1941 2260 2088 2335 θεοὶ,
2121 2262 2276 2326 οἵτε
2303 2262 2484 2325 ἄλλοι
2517 2262 2615 2326 καὶ
2643 2263 2676 2324 ὁ
2708 2265 2809 2341 τῆς

1106 2366 1369 2445 Μήτιδος
1411 2366 1536 2433 υἱὸς
1596 2363 1987 2447 Πόρος-ἅτε
2027 2366 2134 2430 οὖν
2185 2367 2389 2448 Πόρου
2435 2366 2529 2430 καὶ
2580 2367 2809 2434 Πενίας

1105 2469 1231 2536 υἱὸς
1244 2467 1328 2533 ὢν
1358 2467 1624 2550 ὁἜρως.
1689 2467 1801 2533 Ad
1825 2490 2017 2555 quem
2033 2467 2240 2532 locum
2270 2468 2534 2533 Proclus
2553 2467 2618 2532 in
2652 2469 2807 2534 Cra-

1104 2570 1305 2660 tylum
1340 2574 1401 2656 §-
1426 2593 1565 2657 119.
1601 2594 1664 2658 p.
1694 2590 1794 2658 75.
1831 2595 1924 2658 sq.
1957 2570 2241 2636 Boisson.
2274 2572 2368 2636 καὶ
2391 2574 2538 2636 διότι
2564 2570 2807 2655 ὁἜρως

1103 2677 1169 2740 ἐκ
1197 2680 1304 2740 τοῦ
1341 2677 1547 2757 Πόρου
1583 2675 1896 2754 ἀμείνονος
1923 2676 2115 2748 ὄντος,
2149 2676 2247 2738 καὶ
2274 2678 2375 2753 τῆς
2402 2675 2631 2742 Πενίας
2657 2677 2801 2739 ὑπο-

1102 2782 1281 2861 δοχῆς
1309 2780 1490 2858 οὕσης
1539 2778 1790 2860 τεχθεὶς,
1838 2777 1933 2841 καὶ
1967 2776 2102 2845 τοὺς
2145 2778 2338 2859 ἥρωας
2381 2777 2695 2858 ἀναλόγως
2739 2779 2806 2841 ἐκ

1101 2877 1506 2964 διαφερόντων
1532 2879 1791 2962 παράγει
1816 2885 2034 2962 γεγῶν.
2124 2879 2262 2945 Ubi
2291 2879 2355 2943 in
2385 2893 2601 2944 annot.
2625 2879 2801 2943 Bois-

1097 2981 1394 3047 sonadius
1421 2981 1486 3044 in
1515 2979 1654 3045 loco
1682 2979 1918 3046 Plotini
1938 2980 2127 3045 dicit:
2176 2988 2220 3020 “
2246 2982 2439 3045 Forte
2459 2979 2799 3068 legendum

1097 3088 1304 3168 Πόρου
1333 3088 1438 3148 τοῦ
1467 3083 1746 3164 Μήτιδος.
1750 3082 1786 3108 ”
1877 3086 2025 3171 Ego
2056 3083 2186 3148 sine
2216 3082 2389 3148 libris
2419 3106 2649 3148 novare
2694 3106 2801 3149 no-

1096 3186 1212 3266 lui,
1243 3186 1386 3252 licet
1413 3202 1479 3252 et
1504 3186 1638 3275 ipse
1666 3185 1756 3251 ita
1791 3185 2104 3274 scripsisse
2149 3183 2469 3250 Plotinum
2515 3184 2802 3265 arbitrer,

1098 3292 1376 3379 itemque
1403 3313 1551 3356 cum
1584 3288 1906 3356 Schaefero
1933 3289 2014 3355 ad
2047 3289 2373 3355 Lambert.
2404 3290 2552 3355 Bos.
2583 3289 2663 3354 de
2693 3289 2806 3355 El-

1094 3396 1233 3486 lips.
1267 3420 1328 3483 p.
1358 3411 1507 3484 507.
1540 3410 1845 3461 statuam:
1893 3395 2099 3460 “duo
2136 3394 2465 3460 Genitivos
2499 3394 2799 3459 continuo

1094 3514 1331 3588 pomos
1386 3497 1652 3565 articulo
1700 3498 1809 3564 vix
1866 3519 2077 3563 carere
2123 3520 2325 3584 posse.
2328 3497 2366 3523 ”
2453 3498 2561 3560 Ex
2619 3496 2800 3562 bonis

1093 3603 1269 3669 libris
1296 3602 1477 3691 posui
1510 3600 1969 3687 γεγεννημένος.
2061 3598 2295 3664 Metidi
2337 3614 2548 3664 autem
2581 3599 2798 3686 jungi·

1090 3720 1195 3772 tur
1223 3709 1448 3773 Amor.
1481 3705 1549 3769 in
1580 3706 1814 3792 Fragg.
1850 3703 2053 3791 Orpb.
2089 3702 2208 3767 VI.
2248 3722 2344 3786 19.
2376 3702 2581 3765 VIII.
2618 3719 2676 3766 2.
2710 3702 2790 3766 cf.

1093 3807 1342 3873 Bentlei
1368 3806 1577 3894 Epist.
1609 3806 1691 3871 ad
1734 3805 1899 3869 Mill.
1931 3827 1996 3892 p.
2029 3822 2178 3891 455.
2213 3802 2394 3891 Lips.
2432 3802 2597 3868 adde
2631 3804 2792 3868 Pro-

1093 3911 1259 3976 clum
1289 3910 1355 3975 in
1389 3910 1535 3975 Alc.
1566 3933 1666 3996 pr.
1696 3931 1758 3996 p.
1795 3928 1914 3995 233
1943 3933 1957 3972 ε

1206 4035 1289 4089 καὶ
1319 4035 1502 4102 Μῆτις,
1531 4036 1736 4105 πρῶτος
1764 4032 2007 4105 γενέτωρ,
2032 4031 2115 4086 καὶ
2130 4028 2300 4104 Ἔρως
2325 4029 2674 4103 πλυτερπής*

1211 4132 1405 4204 Ἀβρὸς
1418 4131 1591 4204 Ἔρως
1617 4131 1701 4184 καὶ
1726 4131 1895 4198 Μῆτις
1920 4128 2236 4185 ἀτάσθαλος.

1179 4264 1268 4275 —-
1304 4228 1402 4290 16.
1437 4225 1506 4288 τὸ
1531 4227 1646 4304 μὲν
1672 4224 1779 4288 οὖν
1806 4222 1915 4287 τὸν
1946 4225 2172 4302 κόσμον
2196 4225 2476 4287 ὑπονοεῖν
2502 4220 2796 4303 λέγεσθαι

1093 4332 1266 4395 τόνδε
1310 4333 1389 4416 τῷ
1434 4327 1721 4393 Πλάτωνι
1762 4326 1869 4390 τὸν
1902 4324 2170 4411 Ἔρωτα]
2251 4323 2569 4389 Eusebius
2598 4325 2675 4387 P.
2701 4325 2786 4389 Ε.

1093 4434 1259 4499 XII.
1297 4453 1398 4496 11.
1436 4454 1503 4518 p.
1532 4431 1678 4515 584.
1745 4427 1939 4494 verba
1992 4426 2271 4493 Platonis
2316 4429 2416 4491 ὅτε
2474 4426 2785 4509 ἐγένετο*
2755 4453 2794 4506 η

1092 4537 1418 4620 Ἀφροδίτη
1465 4532 1547 4597 ad
1593 4532 1900 4597 mundum
1934 4531 2146 4609 refert,
2193 4529 2362 4595 dicta
2410 4553 2485 4594 ea
2530 4528 2796 4616 opinans

1095 4663 1211 4729 pro
1241 4639 1492 4718 ὁπηνίκα
1530 4638 1854 4700 συνίστατο
1893 4636 1996 4698 ὅδε
2041 4636 2074 4697 ὁ
2115 4635 2352 4713 κόσμος,
2384 4631 2786 4719 addensque:

1095 4747 1244 4808 οὕτω
1254 4736 1361 4806 τὸν
1373 4743 1599 4821 κόσμον
1620 4736 2060 4820 ἆλληγορήσας,
2072 4741 2177 4801 τοῦ
2192 4736 2328 4817 περὶ
2344 4734 2525 4799 αὐτὸν
2536 4733 2794 4802 κάλλους

1097 4848 1296 4912 ἕνεκα.
1385 4843 1506 4909 Sed
1569 4843 1632 4906 in
1685 4840 1791 4905 illa
1835 4838 2117 4904 Platonis
2160 4836 2379 4903 fabula
2422 4835 2794 4924 explicanda

1094 4949 1366 5014 multum
1397 4946 1512 5011 sibi
1541 4943 1937 5010 indulserunt
1967 4957 2030 5006 et
2071 4938 2438 5028 Philosophi
2467 4954 2532 5003 et
2562 4937 2790 5003 Eccle-

1095 5054 1202 5118 sioe
1239 5051 1588 5137 scriptores.
1679 5045 1970 5134 Origenis
2017 5067 2207 5132 supra
2248 5041 2693 5106 admonuimus
2729 5041 2792 5106 in

1097 5169 1310 5222 annot.
1362 5172 1416 5217 1.
1465 5151 1546 5216 ad
1598 5152 1759 5238 Cap.
1811 5150 1870 5213 I.
1918 5147 2054 5212 init.
2145 5146 2277 5212 Hic
2319 5144 2607 5233 adjiciam
2659 5145 2794 5210 haec

1096 5257 1368 5349 paucula
1417 5253 1622 5320 Procli
1664 5253 1729 5317 in
1778 5252 1925 5317 Alc.
1970 5273 2062 5339 pr.
2112 5273 2177 5338 p.
2216 5250 2362 5335 236.
2409 5248 2505 5313 ed.
2556 5263 2788 5313 nostr.:

1096 5363 1179 5427 ‘H
1207 5364 1322 5443 μὲν
1351 5359 1548 5425 Πενία
1579 5359 1616 5439 ἡ
1655 5359 1722 5422 ἐν
1749 5357 1888 5436 ἡμῖν
1917 5356 2076 5419 αἰτία
2106 5351 2483 5435 τῆςἛπορίας
2512 5354 2663 5426 ἐστι,
2698 5352 2792 5416 καὶ

1091 5465 1284 5547 Ἔρως
1312 5464 1410 5528 ἐπὶ
1451 5462 1558 5542 τὴν
1586 5459 1824 5541 ζήτησιν
1855 5461 2072 5542 ἐγείρει
2100 5461 2201 5537 τῆς
2227 5459 2461 5524 τελείας
2487 5457 2789 5539 γνώσεως·

1098 5570 1131 5630 ὁ
1160 5569 1227 5631 δὲ
1257 5567 1459 5647 Πόρος
1486 5568 1554 5630 ἑν
1575 5568 1655 5651 τῷ
1684 5565 1813 5629 ὄντι
1841 5563 1937 5627 καὶ
1963 5598 2053 5612 -
2077 5565 2396 5641 --τῆς
2423 5564 2628 5646 ψυχῆς
2656 5559 2790 5640 Μή·

2906 1845 3172 1911 Platone
3219 1846 3483 1933 sumpsit
3533 1845 3845 1912 Plotinus.
3923 1848 4071 1914 Vid.
4129 1849 4209 1914 de
4257 1849 4422 1937 Rep.
4476 1850 4595 1913 VI.

2902 1949 3053 2033 487.
3102 1971 3157 2013 e.
3204 1946 3442 2037 Cratyl.
3494 1971 3557 2036 p.
3591 1968 3740 2030 414.
3771 1972 3826 2014 e.
3875 1950 3985 2016 ubi
4037 1950 4307 2016 Heindf.
4351 1975 4417 2039 p.
4457 1973 4597 2033 104.

2892 2052 3056 2116 adde
3086 2052 3419 2139 Wyttenb.
3450 2051 3533 2117 ad
3566 2051 3882 2118 Plutarch.
3916 2054 3996 2118 de
4025 2053 4240 2119 Audd.
4277 2055 4490 2120 Poett.
4522 2077 4587 2142 p.

2897 2173 3041 2238 270.
3075 2169 3364 2219 accurate
3392 2154 3511 2220 hoc
3541 2155 3986 2221 vocabulorum
4031 2180 4233 2244 genus
4275 2158 4591 2246 explican-

2895 2274 3041 2324 tem.
3136 2258 3318 2323 Idem
3348 2258 3431 2323 de
3460 2257 3665 2323 verbis
3695 2258 3936 2347 Cratyli
3966 2260 4088 2326 ita:
4138 2269 4182 2300 “
4203 2262 4301 2326 καὶ
4326 2260 4495 2340 μάλα
4521 2286 4595 2342 γε

2891 2362 3198 2445 γλίσχρως
3225 2363 3281 2425 F
3284 2360 3484 2426 icinus
3512 2359 3743 2440 reddit,
3770 2362 3955 2425 aride
3984 2371 4043 2426 et
4080 2363 4336 2440 ἐπι-υἱέε,
4368 2362 4594 2426 rectius

2891 2478 3097 2529 vertas
3143 2465 3458 2530 subtiliter
3499 2474 3560 2529 et
3591 2463 3883 2551 jejune?
3975 2465 4167 2531 Unde
4215 2465 4404 2531 etiam
4455 2464 4589 2529 haec

2894 2567 3094 2633 Ficini
3123 2567 3555 2655 interpretatio
3586 2568 3917 2634 verborum
3955 2567 4191 2633 Plotini
4227 2566 4595 2655 corrigenda

2890 2687 3001 2736 est.
3092 2672 3195 2735 De
3237 2670 3356 2736 hoc
3407 2670 3726 2735 Adverbio
3766 2670 3930 2735 adde
3986 2670 4223 2736 Baehrii
4264 2685 4477 2736 annot.
4527 2669 4592 2734 in

2894 2777 3217 2842 Plutarch.
3251 2776 3462 2842 Alcib.
3500 2778 3733 2841 XXV.
3766 2800 3827 2864 p.
3857 2796 4003 2862 203.
4025 2799 4121 2864 sq.
4151 2789 4216 2840 et
4235 2775 4590 2840 Jacobs.ad

2890 2879 3253 2945 Philostrati
3284 2882 3533 2967 Imagg.
3566 2882 3661 2967 (p.
3697 2882 3836 2965 97.)
3867 2903 3933 2967 p.
3968 2898 4123 2963 550.
4216 2878 4451 2967 Scripsi
4483 2902 4590 2944 au-

2887 2999 3012 3048 tem
3044 2985 3383 3068 ἆπᾳδόντως
3410 3005 3528 3070 pro
3565 2983 3930 3050 ἆπαδόντως.
3980 2981 4124 3047 Vid.
4156 2981 4446 3069 Hesych.
4481 2984 4578 3046 II.

2886 3110 2952 3175 p.
2984 3086 3130 3168 807.
3163 3085 3317 3151 Alb.
3364 3086 3470 3151 οὐκ
3507 3087 3865 3171 ἆπᾳδόντως·
3912 3088 4139 3166 ὅμοιον.
4230 3086 4339 3150 Ex
4379 3101 4589 3150 nostro

2888 3205 3101 3255 autem
3156 3186 3294 3253 loco
3350 3190 3692 3275 ἀπαδόντως
3747 3187 4110 3253 addendum
4168 3202 4263 3253 est
4322 3187 4585 3253 LexiciS.

2891 3295 2995 3359 De
3042 3309 3255 3380 etymo
3294 3289 3461 3357 vocis
3509 3292 3804 3376 γλίσχρος
3846 3290 4208 3357 consulatur
4253 3292 4486 3357 Coralis
4522 3290 4586 3357 in

2882 3396 3191 3463 Ἀτάκτοις
3237 3396 3291 3460 Ι.
3317 3419 3380 3483 p.
3416 3408 3584 3479 2955
3633 3393 3714 3459 de
3757 3393 4107 3482 significatu
4152 3394 4316 3460 adde
4361 3396 4587 3460 Gram-

2884 3499 3141 3566 maticos
3162 3499 3224 3563 in
3257 3497 3642 3562 Bachmanni
3661 3497 3996 3563 Anecdott.
4022 3499 4269 3564 Graecc.
4300 3499 4356 3564 1.
4387 3520 4453 3586 p.
4474 3499 4582 3584 36.

2884 3618 2948 3668 et
2975 3626 3042 3691 p.
3081 3603 3225 3687 185.

2970 3729 3033 3794 p.
3064 3721 3217 3792 537,
3253 3723 3312 3770 2.
3379 3705 3620 3785 δαίμοσι
3669 3705 3735 3769 δὲ
3779 3706 4177 3787 προστίθεμεν
4231 3704 4578 3786 πάθη-με-

2877 3810 3022 3890 ταξὺ
3043 3815 3195 3874 θεῶν
3217 3833 3285 3872 τε
3309 3807 3404 3871 καὶ
3424 3810 3530 3871 τοῦ
3548 3806 3834 3889 ἡμετέρου
3862 3806 4101 3895 γένους]
4150 3806 4337 3872 Plato
4358 3809 4580 3895 Symp.

2878 3936 2945 4002 p.
2984 3931 3130 3978 202.
3160 3934 3229 3999 p.
3260 3911 3387 3991 428
3414 3912 3620 3974 ε-καὶ
3648 3907 3762 3993 γὰρ
3791 3913 3913 3974 πᾶν
3941 3910 4010 3974 τὸ
4034 3907 4341 3991 δαιμόνιον
4360 3912 4580 3991 μεταξύ

2883 4019 3013 4081 εστι
3041 4020 3183 4081 θεοῦ
3209 4040 3275 4079 τε
3318 4014 3416 4079 καὶ
3454 4017 3692 4093 θνητοῦ.
3753 4012 3858 4078 Cf.
3891 4014 4056 4077 Plat.
4088 4012 4365 4101 Apolog.
4405 4015 4579 4078 Socr.

2880 4142 2946 4207 p.
2981 4136 3085 4202 27.
3115 4140 3183 4205 p.
3221 4136 3363 4181 110.
3394 4138 3490 4203 sq.
3525 4113 3730 4179 Bekk.
3760 4137 3950 4201 quem
3998 4114 4202 4180 locum
4233 4137 4579 4202 paucorum

2878 4221 3216 4287 verborum
3251 4218 3489 4283 ambitu
3537 4198 4109 4303 comprehensum
4094 4240 4161 4281 ιιι
4203 4217 4581 4283 definitionis

2879 4323 3183 4412 exemplis
3222 4322 3512 4386 adhibuit
3543 4319 3903 4386 Aristoteles
3943 4320 4210 4386 Rhetor.
4243 4322 4342 4386 ΙΙ.
4377 4340 4479 4408 23.
4511 4344 4577 4410 p.

2886 4428 3030 4504 180,
3058 4427 3156 4489 ed.
3192 4424 3520 4510 Gaisford.
3541 4422 3860 4487 Plutarch.
3886 4421 3966 4486 de
3997 4423 4271 4487 Defectu
4294 4423 4575 4488 Oracull.

2878 4552 2940 4617 p.
2971 4530 3120 4608 416.
3154 4529 3235 4591 F.
3266 4526 3347 4590 de
3380 4526 3551 4591 Iside
3579 4540 3644 4590 et
3672 4526 3837 4590 Osir.
3873 4549 3940 4613 p.
3973 4527 4124 4611 360.
4153 4525 4385 4591 D-F,
4419 4528 4572 4612 361.

2881 4633 2961 4696 Β.
2988 4630 3141 4719 ibiq.
3173 4629 3512 4718 Wyttenb.
3544 4627 3929 4693 Animadvv.
3960 4651 4025 4715 p.
4053 4630 4416 4714 206—209.
4495 4630 4574 4694 In

2878 4734 2999 4800 alia
3040 4733 3171 4799 abit
3218 4731 3604 4797 lamblichus
3647 4730 3727 4796 de
3775 4733 4046 4818 Myster.
4097 4731 4152 4795 1.
4194 4750 4290 4796 10.
4338 4754 4476 4818 sqq.
4504 4755 4572 4819 p.

2881 4856 2987 4903 20.
3018 4860 3159 4926 sqq.
3191 4834 3335 4901 Gal.
3375 4858 3455 4899 ex
3494 4858 3623 4922 quo
3654 4833 3791 4899 loco
3826 4833 3962 4897 haec
3992 4831 4429 4898 tantummodo
4467 4858 4575 4923 ap-

2879 4963 3105 5029 ponam
3132 4942 3415 5019 ε-ἵσμεν
3471 4941 3587 5020 γὰρ
3638 4937 3822 5018 δήπου
3880 4940 4073 5010 τοῦτο,
4134 4936 4211 5003 ὦς
4260 4936 4330 5000 τὸ
4387 4937 4576 5006 πάθος

2880 5046 3136 5109 ἄτακτόν
3180 5068 3247 5107 τε
3297 5044 3427 5106 ἐστι
3484 5042 3578 5106 καὶ
3620 5041 3964 5120 πλημμελὲς
4024 5038 4119 5103 καὶ
4170 5038 4569 5122 ἀστάθμητον,

2881 5150 3092 5212 ἑαυτοῦ
3116 5149 3229 5226 μὲν
3256 5146 3519 5226 οὐδαμῶς
3546 5142 3639 5219 ὂν,
3675 5145 3879 5229 ἐκείνῳ
3908 5144 3973 5206 δὲ
4005 5142 4441 5224 προσκείμενον
4468 5144 4571 5227 ὑφ’

2879 5251 2949 5314 οὗ
3000 5248 3333 5332 κατέχεται,
3386 5249 3480 5313 καὶ
3532 5246 3577 5335 ᾧ
3630 5248 3900 5312 δουλεύει
3948 5243 4095 5326 πρὸς
4140 5244 4249 5324 τὴν
4305 5244 4572 5327 γένεσιν·

2878 5357 3049 5417 τοῦτο
3093 5354 3159 5416 δὲ
3203 5353 3309 5416 οὐκ
3354 5353 3535 5439 (Leg.
3578 5351 3685 5415 οὖν
3730 5371 3876 5414 cum
3924 5344 4085 5411 Cod.
4120 5346 4355 5431 Goth.)
4402 5350 4573 5436 ἄλλῳ

2876 5457 2992 5520 τινὶ
3032 5455 3198 5537 γένει
3224 5454 3510 5537 προσήκει
3536 5457 3775 5534 μᾶλλον
3802 5449 3839 5531 ἢ
3869 5450 3936 5514 τὸ
3978 5447 4133 5537 (leg.
4171 5453 4253 5535 τῷ
4288 5473 4434 5515 cum
4466 5476 4572 5517 eo-

2877 5558 3053 5643 dem)
3085 5559 3214 5623 ὄντι
3244 5558 3341 5622 καὶ
3377 5553 3792 5640 συνηρτημένῳ
3819 5559 3943 5621 τοῖς
3968 5557 4144 5627 θεοῖς,
4174 5550 4342 5632 τάξιν
4370 5578 4438 5618 τε
4465 5555 4575 5635 τὴν
