5118 6613
1130 572 1252 634 124

1124 722 1414 790 tractavit
1454 717 1867 785 Moshemius.
1958 716 2297 804 Sequentia
2334 716 2508 803 quod
2550 716 2807 781 attinet:

1126 832 1181 894 εί
1221 831 1287 892 δὲ
1330 829 1433 892 τὰς
1478 822 1602 889 καθ’
1655 821 1906 886 ἑκάστου
1954 824 2159 905 ψυχᾶς
2207 818 2506 900 ἀναμένει,
2553 818 2816 885 docebat

1126 928 1511 1004 Valentinus,
1546 924 1851 990 mundum
1880 937 2211 1011 propterea
2236 921 2578 1009 perdurare
2617 945 2816 1009 usque

1124 1032 1203 1096 ad
1244 1032 1454 1106 finem,
1486 1028 1657 1115 quod
1692 1028 2030 1114 Sapientia
2061 1026 2127 1108 (ἡ
2166 1027 2394 1110 Σοφία)
2425 1026 2817 1113 opperiretur

1125 1134 1324 1198 donec
1351 1154 1565 1196 omnes
1602 1130 1824 1194 animae
1862 1127 2247 1206 advenerint,
2277 1128 2507 1215 quibus
2544 1129 2812 1194 destina-

1127 1252 1263 1302 tum
1309 1249 1488 1311 esset,
1520 1250 1592 1297 ut
1635 1232 1698 1297 in
1734 1232 1852 1297 hoc
1886 1231 2126 1296 mundo
2163 1230 2564 1296 erudirentur
2604 1232 2812 1319 quoad

1125 1340 1188 1402 in
1224 1336 1684 1403 Plenitudinem
1726 1336 1841 1416 (εἰς
1876 1334 1944 1398 τὸ
1982 1333 2298 1418 πλήρωμα)
2346 1335 2697 1400 transirent.
2730 1335 2810 1400 cf.

1125 1441 1422 1506 Neandri
1451 1441 1668 1504 Entzo.
1696 1439 1759 1502 d.
1795 1439 2010 1502 G-nost.
2042 1438 2327 1525 Systeme
2357 1461 2420 1525 p.
2460 1457 2607 1505 212.

1209 1568 1277 1631 p.
1308 1545 1393 1630 36
1396 1563 1461 1629 5,
1491 1563 1588 1606 10.
1622 1543 1730 1621 τὴν
1749 1538 1884 1624 παρ’
1909 1542 2103 1607 αὐτοῖς
2123 1541 2368 1620 δύναμιν
2386 1541 2467 1621 μὴ
2488 1540 2814 1630 ἀτιμάζειν]

1123 1646 1189 1710 h.
1210 1671 1262 1710 e.
1288 1646 1564 1735 ipsorum
1596 1644 1953 1710 facultatem
1977 1665 2099 1706 non
2124 1643 2423 1730 imparem
2445 1642 2818 1725 existimare,

1126 1751 1216 1814 uti
1264 1750 1709 1837 interpretatur
1752 1746 2206 1834 Wyttenbach.
2258 1746 2339 1810 ad
2390 1745 2695 1810 Phaedon.
2749 1770 2816 1833 p.

1127 1853 1227 1917 81.
1277 1853 1340 1917 in
1385 1856 1625 1916 Annot.
1675 1871 1737 1938 p.
1772 1850 1918 1930 284.
1970 1848 2051 1913 ad
2103 1848 2238 1914 haec
2287 1848 2396 1928 τὴν
2445 1850 2819 1931 ἀνθρωπίνην

1125 1955 1444 2019 ἀσθένειαν
1473 1953 1783 2034 ἀτιμάζων,
1811 1951 1857 2015 i.
1877 1976 1935 2015 e.
1967 1952 2305 2024 humanam
2334 1950 2816 2016 imbecillitatem

1123 2072 1312 2122 tantae
1342 2056 1640 2121 rationem
1670 2053 2086 2142 magnitudini
2130 2053 2576 2142 perspiciendae
2615 2056 2817 2141 impa-

1122 2182 1253 2224 rem
1281 2162 1691 2231 existimans,-
1740 2181 1928 2245 quem
1965 2158 2170 2222 locum
2203 2180 2243 2221 a
2271 2156 2522 2222 Plotino
2559 2180 2811 2245 expres-

1122 2285 1257 2326 sum
1290 2262 1630 2327 arbitratur
1650 2261 1752 2325 hic
1773 2260 1869 2324 vir
1890 2259 2454 2348 praestantissimuS.
2519 2259 2815 2324 Proxime

1122 2367 1215 2429 καὶ
1244 2369 1340 2430 διὰ
1367 2369 1655 2429 τοσοῦτον
1685 2363 2071 2444 κωλυομένων
2099 2369 2215 2427 τῶν
2244 2365 2623 2442 ἀπατῶντων,
2641 2361 2813 2449 quod

1123 2468 1256 2532 Fic.
1306 2468 1522 2533 vertit:
1587 2469 2058 2554 innumerisque
2107 2464 2364 2530 fallaciis
2411 2465 2810 2553 impedimur,

1117 2572 1357 2636 correxi
1385 2570 1680 2648 scribenS,
1704 2571 1800 2634 καὶ
1827 2573 1923 2634 διὰ
1950 2572 2251 2634 τοσούτων
2283 2569 2669 2649 κωλυομένων
2697 2575 2813 2634 τῶν

1120 2676 1538 2752 ἀπαντώντων,
1559 2673 1785 2761 partim
1814 2695 1892 2736 ex
1921 2671 2114 2749 libris,
2134 2671 2360 2758 partim
2392 2694 2469 2735 ex
2500 2670 2632 2735 Fic.
2695 2673 2815 2735 Est

1121 2776 1446 2865 synchysis
1483 2799 1601 2863 pro
1641 2776 1741 2839 καὶ
1782 2774 2171 2855 κωλυομένων
2215 2777 2312 2838 διὰ
2353 2776 2655 2838 τοσούτων
2698 2780 2814 2838 τῶν

1121 2881 1540 2957 ἀπαντώντων,
1586 2892 1648 2941 et
1695 2880 1966 2961 ἀπαντᾷν
2007 2893 2070 2940 et
2113 2875 2317 2963 ipsum
2362 2898 2812 2962 nonnunquam

1123 2982 1245 3046 vim
1291 2981 1479 3045 habet
1522 2978 1920 3067 impediendi.
2014 2980 2175 3042 Mox
2220 2978 2500 3065 suspicor
2543 2977 2812 3042 scriben-

1121 3086 1308 3149 dum:
1359 3087 1492 3149 οὗδὲ
1523 3090 1617 3149 δεῖ
1644 3084 1752 3164 τὴν
1789 3086 1901 3164 μὲν
1936 3086 2126 3148 αὐτῶν
2161 3083 2369 3167 ψυχὴν
2399 3111 2450 3147 κ.
2473 3109 2524 3147 τ.
2547 3091 2612 3147 λ.
2639 3083 2812 3170 quod

1121 3189 1307 3254 etiam
1338 3188 1639 3276 expressit
1669 3187 1803 3252 Fic.

1206 3317 1270 3380 p.
1303 3293 1453 3379 366,
1484 3291 1542 3355 6.
1576 3289 2158 3379 ἀντιπαρεισαγωγῆ]
2209 3290 2370 3354 Haec
2400 3312 2547 3367 vox,
2584 3288 2634 3353 si
2679 3287 2817 3377 qui-

1120 3395 1262 3460 dem
1308 3419 1478 3473 sana,
1515 3392 1806 3458 addenda
1849 3391 2101 3457 Lexicis
2143 3407 2255 3456 est.
2345 3391 2563 3456 Habet
2604 3408 2814 3457 autem

1119 3497 1546 3563 auctoritatem
1577 3496 1875 3561 librorum
1909 3496 2110 3560 MSS.

1205 3626 1269 3691 p.
1290 3610 1441 3688 367,
1465 3603 1526 3664 8.
1543 3604 1668 3667 Τᾶς
1691 3602 1755 3665 δὲ
1780 3601 1976 3666 ἄλλας
1996 3595 2817 3680 ὖποστάσεις--παροικήσεις

1120 3707 1215 3769 καὶ
1243 3707 1589 3771 ἀντιτύπους
1618 3705 1714 3767 καὶ
1730 3702 2068 3785 μετανοίας]
2108 3702 2211 3765 De
2235 3700 2573 3787 Adjectivo
2589 3702 2817 3765 ἀντίτυ-

1118 3835 1227 3876 πος
1256 3831 1448 3895 supra
1470 3806 1741 3870 vidimus
1765 3829 1830 3894 p.
1849 3805 2092 3869 180.G.
2121 3803 2238 3868 hoc
2267 3802 2404 3867 loco
2431 3802 2816 3868 substantive

1121 3926 1462 3997 usurpatur
1483 3908 1562 3972 de
1585 3911 1878 3994 ἀντιτύπῳ
1904 3905 2192 3972 Basilidis
2217 3906 2519 3985 Gnostici,
2539 3904 2651 3993 qui
2674 3920 2813 3992 post

1119 4013 1392 4100 primum
1410 4010 1785 4099 principium
1806 4010 2076 4095 ponebat
2093 4023 2328 4096 septem
2347 4007 2813 4089 δυνάμεις,1111ἀε

1119 4114 1465 4178 animarum
1497 4112 1627 4176 vita
1655 4111 1828 4176 varia
1863 4124 2274 4189 enasceretur,
2304 4110 2412 4188 ita,
2448 4124 2518 4175 ut
2561 4110 2815 4176 inferior

1121 4239 1364 4306 semper
1384 4230 1543 4279 esset
1570 4213 1777 4300 imago
1802 4216 1865 4296 (ὁ
1895 4216 2232 4297 ἀντίτυπος)
2266 4213 2619 4302 superioriS.
2664 4213 2809 4279 Vid.

1125 4322 1437 4384 Irenaeum
1472 4319 1522 4381 1.
1557 4341 1610 4380 c.
1647 4335 1751 4398 24.
1798 4318 1897 4381 ΙΙ.
1922 4319 2022 4381 16.
2069 4316 2373 4382 Clement.
2425 4316 2534 4380 Al.
2584 4319 2810 4380 Strom.

1124 4424 1240 4486 IV.
1273 4444 1335 4509 p.
1369 4440 1522 4507 539.
1557 4433 1621 4484 et
1648 4419 1728 4483 cf.
1758 4419 2066 4483 Neander
2098 4421 2169 4481 in
2199 4420 2464 4507 Allgem.
2501 4419 2719 4483 Gesck.
2750 4419 2809 4481 d.

1125 4525 1368 4589 Christ.
1395 4523 1614 4611 Relig.
1645 4545 1713 4585 u.
1746 4522 1985 4586 Kirche
2016 4523 2073 4586 I.
2110 4540 2168 4586 2.
2213 4545 2280 4610 p.
2315 4524 2462 4587 681.
2495 4545 2586 4609 sq.
2681 4527 2808 4585 Με-

1117 4628 1358 4694 τανοίας
1399 4625 1572 4712 quod
1615 4624 1839 4688 attinet
1878 4623 2166 4689 Plotinus
2204 4648 2392 4712 supra
2428 4625 2526 4691 11.
2564 4645 2617 4687 1.
2645 4647 2709 4705 4.
2743 4647 2809 4712 p.

1115 4750 1217 4812 99.
1271 4729 1346 4792 C.
1400 4726 1483 4790 ad
1530 4743 1810 4791 nostrum
1864 4726 2114 4806 librum,
2160 4726 2272 4814 qui
2319 4726 2490 4814 prior
2535 4726 2803 4814 scriptus

1113 4847 1268 4908 erat,
1296 4852 1488 4917 quam
1531 4827 1655 4908 ille,
1687 4828 1934 4916 respicit
1970 4829 2069 4893 his
2098 4829 2335 4894 verbis:
2382 4828 2466 4893 'H
2512 4831 2578 4893 δὲ
2618 4830 2795 4909 μετά-

1112 4959 1246 4997 νοια
1273 4937 1374 5012 τῆς
1399 4937 1600 5016 ψυχῆς
1625 4933 1716 4996 ὅτι
1744 4935 1919 4997 κενόν
1950 4934 2080 4996 ἐστι
2108 4932 2412 4998 δέδεικται.

1207 5074 1289 5085 -
1317 5055 1416 5099 12.
1467 5039 1569 5114 τῆς
1615 5036 1863 5118 ἀρχαίας
1904 5031 2263 5115 Ἑλληνικῆς
2319 5036 2432 5119 οὔχ
2489 5036 2811 5115 ἁπτόμενοι

1111 5169 1165 5204 κ.
1189 5165 1241 5203 τ.
1265 5140 1358 5224 λ.]
1410 5137 1597 5217 Quod
1636 5136 1919 5224 sequitur
1945 5137 2207 5201 verbum
2250 5142 2680 5220 σκευωροῦνται
2719 5137 2811 5201 in-

1112 5242 1323 5330 tellige
1396 5241 1862 5316 machinantur,
1922 5240 2434 5305 architectantur.
2523 5239 2627 5302 De
2692 5239 2809 5304 hoc

1117 5347 1306 5410 verbo
1334 5362 1393 5411 et
1425 5341 1705 5431 cognatis
1732 5343 2131 5408 substantivis
2158 5344 2449 5425 σκευωρία
2487 5356 2550 5405 et
2588 5343 2809 5406 σκευώ-

1109 5476 1267 5529 ρημα
1296 5448 1423 5513 vid.
1462 5446 1668 5513 Schol.
1703 5445 1765 5509 in
1810 5444 2057 5510 Platon.
2089 5445 2422 5510 Philebum
2454 5467 2519 5532 p.
2547 5463 2654 5524 42.
2699 5444 2807 5508 ubi

1105 5550 1185 5612 ad
1217 5550 1657 5637 explicandum
1694 5548 2088 5613 Platonicum
2134 5548 2429 5626 τευτάζειν
2450 5548 2804 5613 adhibetur.

2097 543 2930 610 ANNOTATIONES
2994 543 3108 607 IN
3173 539 3623 607 PLO‘TINI

2902 715 3006 780 Cf.
3041 713 3482 779 Ruhnken.ad
3503 712 3673 778 Tim.
3707 711 3870 776 Lex.
3901 734 3965 800 p.
3995 731 4139 798 254.
4173 713 4385 801 (cujus
4412 713 4593 780 dubi-

2901 819 3194 883 tationem
3224 818 3305 882 de
3335 841 3451 881 usu
3485 814 3687 880 Medii
3723 815 4102 892 τευτάζεσθαι
4140 816 4371 880 exemit
4412 818 4586 881 Bast.

2900 921 2961 985 in
3011 920 3213 1008 Epist.
3260 920 3415 985 Crit.
3448 943 3513 1008 p.
3544 938 3683 1004 152.
3732 918 3832 983 ed.
3880 919 4122 1004 Latin.)
4173 919 4383 985 Photii
4428 921 4586 986 Lex.

2903 1025 3110 1089 Graec.
3137 1045 3201 1109 p.
3231 1043 3384 1105 447.
3431 1021 3630 1087 Dobr.
3659 1020 3760 1085 ed.
3806 1020 3984 1110 Lips.
4034 1021 4189 1086 Tib.
4233 1025 4587 1089 Hemsterh.

2899 1125 2979 1191 ad
3023 1125 3263 1190 Polluc.
3311 1126 3443 1189 IX.
3477 1144 3619 1210 133.
3648 1147 3714 1211 p.
3748 1124 3932 1187 1118.
3967 1148 4057 1211 sq.
4106 1124 4346 1189 Reiskii
4392 1126 4589 1193 Indic.

2903 1228 3231 1293 Demosth.
3254 1252 3317 1315 p.
3336 1229 3479 1292 686.
3508 1226 3893 1292 Theodoret.
3918 1227 4126 1316 Epist.
4155 1246 4294 1313 145.
4315 1253 4381 1318 p.
4412 1248 4589 1316 1257.

2894 1330 3111 1418 jungit
3136 1330 3529 1414 μηχανήματα
3556 1345 3618 1396 et
3648 1331 4086 1414 σκευωρήματα.
4149 1334 4446 1399 Proxime
4468 1358 4595 1399 m

2901 1433 3007 1498 lim
3040 1436 3137 1499 καὶ
3168 1436 3402 1516 ἀτύφως
3425 1436 3752 1517 λεγόντων.
3841 1433 3941 1497 Ad
3972 1457 4099 1499 rem
4137 1436 4308 1522 quod
4350 1436 4592 1513 attinet,

2902 1535 3410 1624 distinguendum
3472 1552 3565 1602 est
3620 1536 3782 1602 inter
3842 1537 4194 1604 Gnosticos.
4307 1541 4594 1606 Fuerunt

2902 1639 3090 1719 enim,
3120 1640 3232 1727 qui
3273 1639 3426 1704 nihil
3470 1638 3815 1727 quidquam
3861 1641 4101 1706 Graecis
4135 1658 4458 1730 acceptum
4504 1666 4596 1708 re-

2902 1742 3064 1806 ferre
3093 1742 3342 1820 vellent,
3365 1766 3437 1808 ac
3466 1742 3749 1830 proinde,
3770 1743 4081 1830 quidquid
4110 1745 4192 1809 ab
4219 1745 4294 1809 iis
4322 1747 4592 1811 mutuati

2901 1857 3125 1923 essent,
3159 1844 3254 1910 vel
3288 1844 3770 1923 dissimularent,
3804 1861 3873 1910 ut
3913 1847 4300 1926 Basilidiani,
4330 1850 4591 1935 quibus-

2901 1970 3045 2012 cum
3075 1961 3139 2012 et
3164 1972 3306 2013 cum
3339 1948 3783 2012 Valentinianis
3813 1949 4066 2014 Plotino
4091 1951 4202 2015 Ῑιοσ
4234 1950 4395 2016 libro
4425 1974 4593 2016 max-

2901 2050 3023 2115 ime
3050 2050 3358 2115 discordia
3384 2075 3515 2115 esse
3544 2050 3813 2116 videtur.
3907 2054 4145 2116 Contra
4176 2052 4301 2132 alii,
4334 2068 4405 2119 ut
4436 2056 4590 2119 Car-

2899 2154 3262 2242 pocratiani,
3292 2154 3450 2219 adeo
3488 2154 3876 2219 honorabant
3913 2156 4279 2220 Graecorum
4326 2155 4593 2245 philoso-

2899 2255 3079 2344 phos,
3112 2271 3184 2320 ut
3227 2257 3631 2344 Pythagorae,
3665 2258 3966 2336 Platonis,
3999 2258 4346 2325 Aristotelis
4388 2259 4594 2326 icones

2900 2383 3027 2424 una
3054 2383 3197 2424 cum
3231 2360 3463 2425 Christi
3494 2360 3761 2448 imagine
3787 2360 4251 2426 constituerent.
4315 2364 4593 2428 Irenaeus

2904 2464 2956 2527 1.
2993 2481 3028 2526 2
3030 2484 3095 2562 5.
3129 2464 3189 2527 6.
3229 2463 3307 2527 cf.
3341 2464 3527 2527 Frid.
3559 2465 3845 2544 Miinter,
3881 2465 4030 2529 iiber
4072 2465 4176 2529 die
4212 2466 4591 2530 kircldiclzen

2898 2565 3323 2630 Alte'rtlmmer
3364 2566 3478 2630 der
3524 2568 3861 2631 Gnostilcer
3898 2591 3951 2631 c.
3984 2587 4044 2652 5.
4076 2591 4141 2655 p.
4180 2588 4326 2654 231.
4355 2592 4494 2656 sqq.
4530 2588 4592 2635 et

2898 2669 3057 2733 Ern.
3116 2671 3276 2732 Ant.
3337 2670 3613 2733 Lewaldi
3675 2671 4092 2734 Commentat.
4152 2669 4232 2734 de
4290 2672 4594 2737 Doctrina

2902 2770 3222 2848 Gnostica‚
3254 2770 3663 2858 Heidelberg.
3697 2772 3884 2835 1818.
3916 2796 3972 2836 c.
4002 2794 4066 2852 4.
4099 2795 4163 2860 p.
4194 2773 4294 2837 81.
4327 2797 4417 2861 sq.

2984 2911 3071 2924 —
3099 2874 3196 2937 18.
3229 2874 3324 2938 καὶ
3345 2877 3407 2938 αὶ
3425 2876 4014 2964 μετενσωματῶσεις]
4042 2876 4144 2940 Cf.
4175 2876 4232 2940 I.
4261 2897 4316 2940 1.
4347 2896 4444 2942 12.
4474 2878 4589 2942 IV.

2898 2997 2961 3063 3.
2993 2998 3054 3061 9.
3089 3000 3150 3065 p.
3183 2978 3332 3063 378.
3368 2978 3444 3041 F.
3494 2977 3831 3064 Wyttenb.
3876 2976 3939 3041 in
3988 2977 4231 3043 Platon.
4280 2980 4591 3045 Phaedon.

2900 3103 2963 3168 p.
3000 3099 3159 3145 210:
3211 3089 3254 3120 “
3280 3080 3877 3167 Metempsychosin,
3907 3104 4052 3168 quae
4085 3080 4315 3146 dicitur
4359 3083 4589 3170 migra-

2900 3183 2988 3250 tio
3016 3184 3238 3249 animae
3266 3184 3330 3247 in
3359 3182 3480 3248 alia
3506 3206 3787 3270 corpora,
3817 3184 4027 3271 potius
4061 3183 4593 3264 μετενσωμάτωσιν

2899 3285 3222 3352 dicendam
3252 3285 3478 3361 fuisse3
3524 3289 3989 3372 μετεμψύχωσιν
4030 3288 4217 3366 enim,
4248 3287 4589 3354 secundum

2903 3388 3387 3455 Grammaticam
3411 3389 3708 3453 rationem
3742 3389 4086 3477 significare
4114 3389 4421 3478 ejusmodi
4457 3392 4591 3455 ani-

2901 3515 3142 3557 marum
3186 3491 3642 3578 migrationem,
3687 3515 3816 3579 qua
3856 3491 3995 3557 aliae
4036 3492 4327 3581 deinceps
4367 3493 4591 3558 animae

2899 3594 2964 3659 in
2994 3593 3156 3659 idem
3188 3617 3416 3682 corpus
3443 3594 3749 3681 migrant:
3796 3611 3960 3660 recte
4005 3610 4217 3660 monet
4260 3595 4589 3684 Olympio-

2899 3698 3092 3763 dorus
3121 3697 3282 3762 Cod.
3310 3699 3450 3762 ΙΙΙ.
3477 3721 3542 3786 p.
3570 3700 3713 3780 27.”
3772 3698 4098 3786 Usurpant
4128 3714 4330 3763 tamen
4362 3700 4588 3787 passim

2899 3802 3225 3889 scriptores
3252 3801 3487 3888 aliquot
3516 3800 3919 3866 ecclesiastici.
4015 3804 4137 3880 Ita,
4169 3816 4240 3866 ut
4276 3802 4395 3867 hoc
4425 3818 4589 3882 utar,

2901 3905 2961 3969 Ν
2968 3905 3196 3969 icolaus
3227 3904 3658 3970 Methonensis
3692 3905 3988 3969 adversus
4031 3904 4320 3970 Proclum
4354 3928 4415 3993 p.
4444 3924 4585 3972 200.

2898 4007 3232 4072 Voemelii:
3278 4006 3315 4088 ἢ
3344 4010 3490 4090 πρὸς
3514 4009 3622 4088 τὴν
3660 4009 4148 4090 πρεσβευομένην
4173 4034 4273 4072 σοι
4292 4010 4595 4092 μετεμψύ-

2896 4137 3090 4194 χωσιν
3135 4114 3468 4194 καταφεύξῃ
3500 4139 3549 4176 κ.
3570 4136 3621 4175 τ.
3645 4120 3705 4175 λ.
3755 4111 3838 4175 cf.
3866 4109 4019 4175 ibid.
4065 4134 4125 4199 p.
4161 4129 4306 4197 209.
4398 4111 4586 4175 Anti-

2898 4213 3146 4300 quiores
3168 4229 3371 4278 tamen
3395 4228 3458 4277 et
3480 4212 3808 4292 doctioreS,
3836 4230 3906 4277 ut
3929 4212 4241 4291 Clemens,
4266 4215 4590 4302 Origenes»,

2900 4315 3340 4379 Theodoretus
3367 4329 3429 4379 et
3461 4316 3716 4379 verbum
3740 4320 4339 4397 μετενσωματοΰσθαι
4359 4333 4591 4383 norunt

2898 4433 2961 4481 et
2990 4417 3442 4482 substantivum
3475 4419 4015 4499 μετενσωμάτωσις.
4109 4417 4286 4503 [Hac
4315 4419 4395 4483 de
4433 4443 4500 4483 re
4527 4435 4591 4485 et

2898 4519 2978 4584 de
3006 4520 3105 4585 his
3141 4520 3494 4585 nominibus
3525 4520 3646 4584 vid.
3683 4520 4103 4608 disputantem
4146 4522 4474 4586 maevium
4514 4523 4589 4587 de

2897 4624 3348 4712 Palingenesia
3392 4633 3668 4688 veterum
3714 4647 3778 4711 p.
3809 4644 3863 4688 1.
3912 4639 3974 4688 et
4006 4647 4070 4710 p.
4097 4644 4246 4704 414.
4291 4649 4383 4711 sq.
4433 4625 4581 4712 ibiq.

2896 4725 3108 4790 laudd.
3142 4726 3483 4790 Amstelod.
3512 4746 3694 4812 1733.
3726 4728 3822 4816 4.]
3916 4727 4147 4792 Plotini
4178 4743 4387 4793 autem
4419 4728 4587 4792 hunc

2886 4828 3089 4894 locum
3137 4829 3479 4915 attigerunt
3510 4830 3634 4893 ΕΒ.
3685 4831 4023 4916 Spanhem.
4073 4834 4146 4894 in
4188 4831 4578 4920 Remarques

2893 4954 3010 4997 sur
3035 4934 3124 4997 les
3156 4935 3387 4998 C6sar3
3413 4933 3489 4995 de
3508 4932 3909 5020 I'Empereur
3935 4934 4157 4998 Julien
4180 4957 4244 5022 p.
4266 4949 4373 5017 47.
4396 4952 4459 4999 et
4478 4956 4582 5021 49.

2898 5035 3252 5099 Cudwortli.
3305 5034 3366 5097 in
3423 5037 3688 5123 System.
3725 5035 4034 5100 Intellect.
4088 5059 4152 5124 p.
4205 5056 4392 5122 1055.
4445 5062 4579 5126 sqq.

2894 5138 3197 5202 Mos-hem.
3243 5153 3302 5201 et
3358 5140 3744 5203 Tenemann.
3777 5139 3839 5202 in
3887 5138 4063 5202 Hist.
4097 5139 4335 5204 Philos.
4368 5141 4485 5206 VI.
4517 5165 4584 5229 p.

2902 5259 3043 5326 192.
3062 5263 3199 5327 sqq.
3222 5263 3383 5327 quos
3409 5263 3577 5304 nunc
3605 5263 3729 5304 non
3761 5263 3998 5305 moror:
4047 5239 4205 5305 illud
4234 5242 4581 5329 anquirani,

2892 5343 3145 5431 quinam
3177 5368 3212 5408 e
3243 5344 3558 5408 Gnosticis
3586 5344 4185 5431 transmigrationem
4215 5345 4440 5411 animae
4468 5347 4585 5411 hu-

2894 5468 3094 5511 inanae
3120 5447 3182 5511 in
3213 5470 3472 5536 corpora
3513 5447 3860 5512 statuerint.
3952 5451 4055 5512 Ac
4095 5448 4368 5535 primum
4413 5449 4584 5515 haud

2893 5547 3084 5613 dubie
3115 5548 3415 5615 Basilides
3441 5564 3504 5615 et
3531 5551 3790 5615 fortasse
3811 5550 4001 5637 hujus
4022 5564 4367 5616 sectatores.
4430 5555 4584 5619 Tes-
