5118 6613
1100 571 1182 639 92

2065 543 2890 612 ANNOTATIONES
2954 545 3065 610 IN
3126 544 3577 610 PLOTINI

1101 723 1192 789 Et
1219 720 1440 788 coelum
1471 719 1729 809 quidem
1756 717 1845 783 ita
1868 731 2235 783 exornatum
2264 732 2380 796 est,
2402 716 2784 805 sapientibus
2865 716 3103 805 phorus
3131 717 3480 782 Blemmida
3504 716 3570 781 in
3593 716 3886 803 Epitome
3909 715 4197 805 Physica.
4245 717 4387 782 Vid.
4409 741 4471 781 v.
4489 740 4546 784 c.

2195 821 2232 849 Ὢ

1098 844 1161 892 et
1190 823 1437 891 aeternis
1463 821 1832 887 animalibus
1859 819 2194 908 inquilinis.
2306 820 2406 887 cf.
2432 819 2617 884 etiam
2647 820 2786 906 Ap-
2867 845 2933 907 p.
2959 842 3054 907 13.
3085 841 3191 908 39.
3224 841 3356 906 43„
3394 819 3676 904 inprimis
3717 843 3775 884 c.
3826 839 3930 900 24.
3973 843 4037 907 p.
4078 838 4217 904 179.
4265 820 4366 884 ed.
4398 822 4549 886 We·

1102 928 1234 1015 pul.
1293 926 1374 991 de
1426 927 1660 1012 Dogm.
1708 923 1987 988 Platonis
2040 946 2106 1011 p.
2156 923 2306 1008 578.
2351 945 2490 1010 sqq.
2530 945 2594 1009 p.
2641 922 2782 1007 198.
2868 924 3052 1011 gelin.
3099 927 3276 1010 Aug.
3322 922 3565 986 Vindel.
3605 923 3788 1007 1605.
3857 922 4036 986 Idem
4088 921 4241 986 ibid.
4291 946 4355 1011 p.
4404 925 4548 1010 183.

1101 1054 1239 1117 sqq.
1286 1028 1386 1093 ed.
1433 1024 1745 1092 Bosschoe.
1823 1025 2004 1092 Idem
2048 1025 2129 1090 de
2169 1023 2423 1090 Mundo
2450 1049 2512 1111 p.
2545 1040 2692 1107 707.
2723 1047 2783 1112 p.

1105 1134 1250 1216 289.
1281 1154 1412 1218 sqq.
1448 1129 1701 1196 Bossch.
1763 1130 1938 1195 Sicut
1964 1143 2172 1193 autem
2199 1126 2544 1215 antiquitus
2570 1126 2788 1191 acerbe

1104 1227 1498 1300 Heraclitum
1558 1235 1819 1321 ejusque
1875 1254 2165 1317 sequaces
2212 1228 2610 1318 appellabant
2656 1229 2791 1300 τοὺς

1101 1337 1370 1420 ῥέοντας,
1394 1336 1544 1423 quia
1571 1335 1779 1401 omnia
1804 1333 2187 1399 continenter
2214 1333 2407 1397 fluere
2435 1331 2790 1418 mutarique

1100 1439 1595 1512 contendebant;
1630 1438 1714 1503 ita
1745 1460 1871 1516 eoa,
1894 1436 2005 1523 qui
2033 1435 2388 1501 universum
2414 1433 2646 1499 moveri
2674 1456 2791 1521 pu-

1104 1542 1343 1622 tabant,
1374 1542 1507 1609 τοὺς
1535 1541 1603 1605 τὸ
1632 1546 1752 1605 πᾶν
1781 1544 2083 1606 κινοῦντας
2116 1537 2517 1611 dictitabant;
2565 1560 2605 1601 a
2645 1535 2789 1622 qui·

1103 1645 1225 1710 bus
1263 1644 1309 1708 ii
1342 1642 1907 1731 distinguebantur,
1950 1640 2061 1728 qui
2102 1639 2416 1706 immobile
2458 1662 2589 1703 esse
2630 1638 2792 1703 dice-

1101 1747 1281 1825 bant,
1329 1749 1388 1811 οἰ
1435 1751 1540 1810 τοῦ
1591 1748 1737 1810 ὅλου
1782 1750 2125 1809 στασιῶται.
2180 1741 2396 1825 (Plato
2438 1740 2688 1806 Theaet.
2723 1763 2789 1828 p.

1112 1851 1254 1915 180.
1284 1872 1380 1936 sq.
1416 1871 1480 1936 p.
1532 1849 1677 1933 256.
1717 1870 1853 1934 sqq.
1900 1844 2098 1911 Bekk.
2144 1843 2228 1910 cf.
2276 1844 2356 1909 de
2405 1843 2503 1908 his
2552 1843 2792 1931 placitis

1106 1949 1419 2017 Brandisii
1449 1952 1827 2016 Commentt.
1866 1948 2098 2014 Eleatt.
2133 1948 2189 2013 I.
2221 1970 2283 2035 p.
2317 1966 2456 2027 142.
2487 1961 2551 2011 et
2584 1946 2791 2034 ipsum

1105 2053 1449 2132 Plotinum,
1474 2075 1540 2140 p.
1562 2052 1712 2136 489.
1736 2055 1863 2140 sq.)
1898 2052 2046 2138 Ipse
2072 2065 2280 2115 autem
2313 2049 2498 2114 Plato
2527 2049 2658 2114 duo
2684 2072 2791 2136 po-

1106 2157 1294 2222 nebat
1343 2168 1550 2220 motus
1593 2176 1842 2241 genera,
1884 2152 2150 2218 alterum
2193 2152 2399 2218 dicens
2441 2154 2790 2229 ἀλλοίωσιν,

1104 2258 1369 2324 alterum
1408 2256 1758 2340 περιφοράν.
1807 2256 2054 2322 Theaet.
2095 2277 2148 2321 1.
2195 2278 2249 2320 c.
2292 2254 2401 2320 ubi
2451 2253 2787 2319 Heindorf.

1104 2361 1374 2426 malebat
1404 2364 1601 2443 φορὰν
1622 2358 2000 2447 suffragante
2022 2360 2308 2445 Bagueto
2335 2357 2415 2422 de
2439 2356 2796 2444 Chrysippo

1104 2486 1172 2553 p.
1200 2480 1342 2549 179.
1412 2464 1638 2550 Neque
1694 2476 1901 2527 tamen
1959 2462 2224 2527 mutavit
2275 2458 2623 2538 Bekkerus,
2681 2481 2795 2523 nec

1108 2565 1266 2632 Cod.
1329 2568 1605 2631 Darmst.
1659 2565 2060 2652 suffragatur,
2120 2586 2233 2629 nec
2290 2563 2457 2628 ullus
2505 2561 2685 2639 alius,
2730 2576 2795 2625 et

1109 2669 1427 2747 Proclum,
1455 2668 1637 2754 cujus
1663 2666 1855 2731 verba
1880 2666 2197 2731 annotatio
2223 2664 2510 2753 proxima
2536 2664 2792 2728 exhibe·

1105 2770 1222 2848 bit,
1267 2773 1596 2852 περιφορὰν
1632 2767 1850 2854 legisse
1891 2781 2171 2856 apparet.
2260 2767 2501 2833 Eadem
2533 2765 2796 2831 varietas

1107 2872 1171 2936 in
1200 2872 1336 2937 loco
1364 2870 1644 2935 Philonis
1670 2870 1885 2935 Judaei
1934 2868 2275 2948 luculentO,
2308 2869 2419 2933 ubi
2451 2868 2531 2932 de
2559 2866 2795 2955 duplici

1107 2989 1283 3037 motu
1327 2972 1592 3036 fixarum
1636 2989 1699 3036 et
1737 2972 2132 3037 erraticarum
2175 2971 2490 3036 stellarum
2533 2971 2684 3058 agit,
2715 2970 2795 3036 de

1111 3074 1455 3141 Cherubim
1484 3098 1550 3162 p.
1581 3093 1682 3139 12.
1714 3073 1851 3140 Vol.
1877 3076 1977 3139 ΙΙ.
2010 3074 2220 3140 Pfeiff.
2252 3074 2502 3155 Μήποτε
2544 3075 2651 3138 οὖν
2687 3074 2794 3153 τὴν

1108 3182 1215 3243 τοῦ
1238 3177 1457 3245 παντὸς
1484 3177 1736 3258 οὗρανοΰ
1761 3180 2092 3260 περιφορὰν
2125 3176 2257 3260 (alii
2286 3178 2490 3260 φοραὶ,
2523 3177 2681 3241 Cod.
2704 3179 2790 3240 A.

1108 3279 1335 3364 φοράν)
1367 3277 1437 3345 δι’
1467 3281 1758 3344 ὑπονοιῶν
1788 3280 2053 3363 εἰσάγεις
2102 3280 2209 3346 sed
2242 3293 2410 3345 totus
2441 3277 2615 3344 locus
2649 3301 2791 3343 cum

1111 3381 1371 3448 Platone
1400 3396 1463 3446 et
1493 3380 1743 3446 Plotino
1769 3384 2112 3472 comparari
2141 3383 2347 3448 debet.
2438 3382 2795 3447 Aristoteles

1111 3485 1261 3550 tria:
1312 3488 1458 3550 κατὰ
1505 3486 1710 3561 τόπον,
1759 3490 1906 3551 κατὰ
1948 3485 2017 3550 τὸ
2061 3492 2252 3559 ποῖον,
2301 3489 2449 3551 κατὰ
2489 3485 2558 3549 τὸ
2601 3486 2795 3549 πόσον

1112 3588 1321 3671 (φορὰ,
1373 3588 1715 3667 ἀλλοίωσις,
1768 3590 2006 3670 αὔξησις
2058 3590 2153 3653 καὶ
2203 3591 2459 3673 φθίσις).
2523 3586 2789 3651 Aristot.

1110 3692 1304 3778 Phys.
1341 3692 1499 3756 VII.
1534 3710 1593 3758 2.
1631 3691 1715 3756 cf.
1763 3691 2030 3756 Heindf.
2077 3690 2159 3756 ad
2204 3690 2368 3756 Plat.
2401 3690 2646 3754 Theaet.
2677 3688 2721 3751 l.
2751 3687 2791 3751 l.

1107 3816 1175 3881 p.
1202 3813 1351 3875 421.
1403 3794 1577 3858 Sext.
1612 3795 1801 3878 Emp.
1832 3794 1974 3858 adv.
2003 3793 2210 3858 Math.
2245 3794 2339 3856 X.
2362 3812 2470 3876 52.
2495 3790 2645 3878 ibiq.
2674 3792 2796 3855 Fa-

1109 3895 1258 3959 bric.
1291 3918 1348 3980 p.
1382 3913 1522 3975 142.
1597 3895 1784 3960 Stoici
1828 3895 1891 3959 in
1931 3895 2281 3960 definiendo
2319 3909 2496 3960 motu
2534 3916 2666 3981 proe
2699 3917 2795 3957 ce-

1112 3997 1258 4061 teris
1299 3995 1717 4074 elaborarunt,
1747 4012 1811 4061 et
1837 3997 2101 4083 singula,
2133 4020 2277 4084 quoe
2320 3996 2383 4061 in
2427 3996 2791 4062 contrariam

1111 4112 1351 4185 partem
1396 4096 1780 4176 dicebantur,
1825 4098 2132 4162 subtiliter
2173 4099 2642 4171 examinaruntt,
2692 4122 2796 4162 ne-

1112 4222 1238 4287 que
1266 4212 1471 4263 tamen
1499 4213 1827 4286 propterea
1854 4199 1999 4263 satis
2026 4215 2343 4281 caverunt,
2372 4224 2451 4266 ne
2477 4201 2705 4288 saepius
2731 4201 2794 4263 in

1112 4301 1592 4390 Epicureorum,
1621 4323 1780 4388 quos
1806 4301 2278 4388 impugnabant,
2308 4325 2543 4367 errores
2570 4302 2798 4367 incide-

1112 4418 1268 4468 rent.
1329 4403 1473 4468 Vid.
1505 4402 1825 4468 Plutarchi
1852 4404 2172 4489 Excerpta
2198 4427 2233 4466 e
2258 4403 2429 4468 libris
2459 4404 2796 4493 Chrysippi

1110 4508 1249 4589 περὶ
1292 4506 1569 4586 κινήσεως
1618 4505 1682 4568 in
1729 4504 1958 4592 scripto
2004 4503 2085 4569 de
2144 4505 2332 4572 Stoic.
2382 4509 2680 4594 Repugn.
2730 4531 2793 4594 p.

1122 4626 1302 4693 1053.
1335 4630 1427 4693 sq.
1478 4605 1706 4672 Stobaei
1738 4606 2007 4695 Eclogg.
2041 4609 2098 4672 I.
2129 4630 2195 4695 p.
2224 4627 2371 4689 404.
2399 4610 2593 4672 Heer.
2623 4624 2687 4674 et
2714 4608 2795 4673 cf.

1114 4708 1299 4775 Bakii
1343 4708 1711 4774 AnimadW.
1746 4708 1811 4773 in
1869 4709 2185 4776 Cleomed.
2231 4712 2518 4774 Meteora
2547 4712 2605 4775 Ι.
2648 4731 2700 4775 1.
2730 4734 2796 4798 p.

1118 4830 1260 4896 275.
1296 4834 1390 4897 sq.
1420 4826 1481 4875 et
1512 4812 1778 4897 Baguet.
1822 4811 1903 4875 de
1948 4812 2306 4901 Chrysippo
2351 4814 2410 4896 ξ.
2445 4812 2794 4877 LXXXI.

1116 4936 1179 5001 p.
1214 4912 1563 4995 178—180.
1610 4914 1712 4977 De
1729 4912 1867 4977 coeli
1888 4930 2096 4978 autem
2118 4930 2177 4978 et
2201 4912 2421 4983 mundi
2451 4927 2626 4976 motu
2655 4937 2798 4999 quae

1119 5014 1443 5092 Platonici,
1487 5014 1886 5102 Peripatetici
1928 5015 2155 5102 aliique
2198 5014 2548 5102 philosophi
2590 5014 2799 5101 plures

1117 5130 1479 5196 statuerant,
1537 5116 1702 5181 idem
1766 5117 2129 5182 Cleomedes
2184 5119 2236 5181 Ι.
2284 5137 2343 5202 3.
2394 5115 2628 5203 attigit,
2690 5117 2799 5183 ubi

1115 5219 1474 5286 consulendi
1503 5234 1649 5284 sunt
1681 5218 2005 5284 Balforeus
2043 5234 2128 5298 et,
2158 5242 2346 5307 quem
2376 5217 2564 5284 modo
2590 5219 2796 5298 citavi,

1117 5323 1356 5389 Bakius
1399 5346 1461 5410 p.
1495 5340 1640 5407 297.
1675 5344 1811 5409 sqq.
1885 5324 2020 5386 Nec
2064 5322 2270 5386 minus
2314 5321 2614 5386 doctrinae
2645 5322 2800 5387 ·Pla-

1119 5427 1301 5504 tonis,
1361 5423 1707 5490 Aristotelis
1776 5423 2164 5511 aliorumque
2234 5423 2646 5511 Physicorum
2718 5425 2798 5490 de

1121 5528 1307 5593 Motu
1353 5550 1658 5593 summam
1715 5525 1778 5591 in
1828 5550 1942 5593 suo
1983 5526 2284 5614 opusculo
2324 5525 2575 5591 inclusit
2616 5525 2800 5591 Nice-

2870 1028 3055 1093 etiam
3086 1026 3318 1091 Plotini
3349 1024 3541 1090 nostri
3569 1025 3940 1090 mentionem
3974 1025 4283 1106 facin—⁷⁵1
4309 1030 4428 1110 γὰρ
4459 1026 4547 1091 ἐπ’

2873 1133 3101 1199 εὐθείας
3136 1131 3358 1211 κίνησις
3386 1135 3502 1193 τῶν
3531 1130 3844 1212 στοιχείων
3873 1129 3958 1192 ἔτι
3995 1128 4334 1211 γενομένων
4362 1131 4553 1194 αὐτῶν

2875 1236 3004 1297 ἐστι
3048 1235 3156 1297 κᾶν
3198 1237 3278 1318 τῷ
3322 1235 3482 1313 παρὰ
3524 1234 3708 1314 φύσιν
3739 1233 3929 1295 ὄντων
3961 1233 4144 1316 τόπῳ,
4189 1232 4352 1295 ἀλλὰ
4383 1232 4552 1313 μήπω

2874 1336 2979 1401 τὸν
3010 1337 3156 1399 κατὰ
3197 1337 3383 1418 φύσιν
3412 1335 3761 1415 εἰληφότων,
3804 1335 3879 1401 ὣς
3921 1336 4283 1416 ὁμολογοῦσι
4318 1339 4551 1399 Πτολε·

2872 1444 3044 1518 μαῖος
3087 1438 3181 1502 καὶ
3222 1442 3532 1503 Πλωτῖνος
3569 1437 3662 1500 καὶ
3704 1435 4008 1520 Ξέναρχος
4046 1438 4146 1499 καί
4177 1461 4333 1503 τινες
4373 1438 4555 1502 ἄλλοι

2873 1547 2992 1604 τῶν
3019 1544 3305 1622 φυσικῶν.
3365 1537 3553 1617 Quod
3581 1537 3631 1601 si
3658 1538 3909 1625 quaeriS,
3942 1537 4109 1602 unde
4134 1538 4297 1603 hanc
4324 1537 4555 1604 doctri·

2873 1666 3018 1707 nam
3049 1641 3332 1707 sumserit
3364 1640 3780 1728 NicephoruS,
3811 1640 3913 1704 adi
3957 1638 4377 1705 doctissimum
4408 1640 4558 1707 Ari.

2874 1745 3108 1812 stotelis
3154 1745 3556 1831 interpretem
3608 1744 3670 1807 in
3721 1741 3950 1807 librum
4001 1745 4079 1808 de
4124 1743 4297 1807 Caelo
4338 1741 4448 1807 fol.
4487 1764 4551 1829 5.

2875 1872 3032 1914 vers,
3065 1847 3166 1913 ed.
3200 1846 3448 1911 Aldin.:
3508 1845 3709 1910 ἰστέον
3752 1848 3817 1910 δὲ
3860 1847 3949 1910 ὅτι
3994 1849 4028 1910 ὁ
4068 1851 4443 1926 Πτολεμαῖος
4489 1848 4558 1912 ἐν

2876 1956 2956 2038 τῷ
2998 1952 3133 2033 περὶ
3173 1955 3290 2014 τῶν
3320 1951 3612 2032 στοχείων
3648 1949 3875 2034 βιβλίῳ
3915 1948 4008 2012 καὶ
4049 1950 4117 2012 ἐν
4143 1955 4266 2016 τοῖς
4302 1951 4559 2016 &mcxcix

2879 2055 2974 2118 καὶ
3016 2056 3050 2117 ὁ
3091 2052 3278 2135 μέγας
3305 2057 3634 2125 Πλωτῖνος,
3669 2052 3764 2115 καὶ
3808 2050 4114 2134 Ξέναρχος
4151 2053 4219 2115 ἐν
4247 2056 4374 2118 ταῖς
4413 2050 4559 2132 πρὸς

2876 2156 2983 2236 τὴν
3010 2155 3279 2235 πέμπτην
3306 2155 3516 2218 οὐσίαν
3545 2154 3812 2234 ἀπορίαις
3851 2155 3956 2220 τὰς
3998 2151 4086 2216 ἐπ’
4129 2153 4357 2220 εὐθείας
4397 2152 4554 2232 κινή-

2878 2284 3003 2325 σεις
3029 2263 3146 2322 τῶν
3175 2258 3506 2340 στοιχείων,
3529 2254 3868 2337 γενομένων
3889 2279 3954 2319 τε
3976 2255 4062 2319 ἔτι
4085 2257 4180 2319 καὶ
4208 2257 4277 2319 ἐν
4295 2260 4376 2342 τῷ
4398 2258 4559 2338 παρᾶ

2879 2362 3065 2444 φύσιν
3110 2362 3297 2423 ὄντων
3339 2360 3519 2445 τόπῳ,
3567 2359 3661 2422 καὶ
3709 2360 3869 2422 οὔπω
3917 2360 3984 2422 ἐν
4021 2362 4101 2444 τῷ
4155 2361 4302 2422 κατὰ
4351 2358 4555 2440 φύσιν,

2876 2462 3189 2543 ὑπέλαβον
3219 2460 3390 2526 εἶναι·
3436 2465 3607 2524 τοῦτο
3651 2462 3716 2524 δὲ
3761 2460 3857 2523 καὶ
3890 2457 4309 2541 Ἀριστοτέλης
4347 2484 4554 2523 συννε-

2881 2564 3151 2645 νοηκέναι
3182 2569 3346 2628 δοκεῖ
3370 2591 3422 2627 κ.
3450 2589 3505 2626 τ.
3525 2570 3585 2626 λ.
3634 2563 3828 2644 (Nam
3860 2577 4051 2626 totam
4091 2562 4403 2649 egregiam
4433 2561 4556 2627 dis-

2879 2666 3261 2753 putationem
3290 2688 3414 2729 non
3437 2687 3691 2752 possum
3715 2677 4065 2751 excerptam
4088 2664 4152 2729 h.
4175 2663 4214 2728 l.
4234 2669 4559 2751 praestare)

2879 2784 2943 2835 et
2986 2768 3201 2856 paucis
3244 2767 3615 2856 interjectis:
3663 2766 3798 2831 ἀλλ’
3846 2768 3923 2834 ὥς
3966 2775 4155 2849 φασιν
4197 2769 4256 2830 οἱ
4290 2792 4557 2850 προειρη·

2878 2872 3048 2954 μένοι
3090 2872 3297 2953 ἄνδρες
3333 2875 3727 2950 Πτολεμαῖος,
3763 2869 4068 2953 Ξέναρχος
4108 2870 4203 2934 καὶ
4231 2874 4559 2944 Πλωτῖνος.

2882 2977 3027 3038 κατὰ
3056 2976 3241 3054 φύσιν
3270 2972 3509 3055 ἔχοντα,
3542 2973 3638 3036 καὶ
3666 2973 3735 3035 ἐν
3755 2978 3876 3039 τοῖς
3904 2972 4136 3039 οἰκείοις
4159 2972 4359 3039 τόποις
4384 2971 4562 3054 ὑπάρ-

2878 3102 3084 3160 χοντα,
3135 3079 3208 3139 τᾶ,
3251 3080 3520 3158 στοιχεῖα
3566 3075 3696 3155 ἤτοι
3742 3074 3909 3154 μένει
3956 3072 3993 3153 ἢ
4051 3076 4241 3161 κύκλῳ
4300 3080 4560 3140 κινεῖται.

2877 3178 3043 3259 μένει
3083 3180 3195 3258 μὲν
3221 3178 3259 3257 ἦ
3286 3181 3363 3259 γῆ
3392 3179 3666 3258 δηλονότι
3694 3177 3788 3240 καὶ
3816 3178 3883 3240 τὸ
3924 3179 4076 3258 ὕδωρ
4121 3177 4216 3241 καὶ
4252 3181 4360 3240 τοῦ
4391 3176 4564 3259 ἀέρος

2877 3281 2945 3345 τὸ
2974 3280 3424 3361 συνιστάμενον·
3470 3281 3660 3367 κύκλῳ
3703 3281 3768 3344 δὲ
3812 3285 4054 3344 κινεῖται
4089 3280 4178 3355 τό,
4207 3304 4275 3344 τε
4307 3283 4424 3362 πῦρ
4467 3280 4564 3344 καὶ

2877 3388 2982 3447 τοῦ
3009 3383 3180 3466 ἀέρος
3204 3383 3271 3447 τὸ
3300 3385 3509 3465 ῥαδίως
3536 3384 3851 3465 ἀγόμενον,
3885 3386 3963 3468 τῷ
4008 3383 4235 3469 οὐρανῷ
4278 3407 4557 3464 συμπερι·

2877 3488 3199 3568 φερόμενα,
3256 3484 3380 3550 καθ’
3432 3486 3581 3549 ὅσον
3634 3485 3828 3552 αὑτοῖς
3883 3483 4186 3565 προσήκει.
4273 3484 4562 3549 Eandem

2879 3588 3240 3652 sententiam
3271 3586 3595 3675 aliquoties
3622 3586 3873 3673 attingit
3903 3585 4163 3650 Proclus
4188 3586 4251 3650 in
4282 3585 4454 3651 Tim.
4490 3601 4564 3651 ut

2879 3712 2940 3777 p.
2971 3709 3111 3770 142.
3144 3703 3208 3754 et
3239 3706 3383 3774 274.
3417 3690 3526 3754 ubi
3569 3689 3714 3753 item
3761 3688 3840 3752 ad
3872 3687 4194 3753 Ptolemaei
4232 3704 4296 3754 et
4324 3687 4562 3754 Plotini

2878 3792 3304 3858 auctoritatem
3348 3807 3667 3880 provocat.
3759 3793 3866 3855 Tu
3912 3790 3995 3855 cf.
4038 3789 4357 3855 Plotinum
4401 3791 4564 3856 iufra

2879 3918 2942 3982 p.
2989 3896 3137 3981 328.
3172 3897 3253 3959 B.
3280 3897 3355 3960 C.
3451 3894 3828 3959 Xenarchus
3871 3908 4104 3971 autem,
4157 3916 4344 3980 quem
4402 3893 4563 3958 Sim.

2879 3997 3099 4085 plicius
3142 3996 3506 4084 saepiuscule
3547 3996 3783 4075 laudat,
3813 4010 3904 4060 est
3934 3996 4099 4061 Cilix
4139 3996 4265 4073 ille,
4296 3996 4563 4084 ideoque

2884 4099 3179 4187 Simplicii
3209 4100 3380 4179 civia,
3415 4099 3734 4166 Strabonis
3759 4114 4123 4185 praeceptor,
4145 4097 4257 4186 qui
4278 4099 4563 4186 Augusti

2879 4217 3060 4267 aetate
3098 4203 3163 4266 in
3203 4202 3626 4288 Peripateticis
3668 4200 4039 4265 inclaruerat
4076 4223 4219 4266 cum
4262 4201 4562 4267 doctrinae

2879 4304 3255 4391 praestantia,
3275 4317 3411 4367 tum
3433 4304 3569 4391 ejus
3595 4303 3899 4390 Principis
3919 4303 4135 4390 gratia.
4183 4303 4327 4368 vid.
4355 4304 4562 4370 Sti-ab.

2885 4407 3075 4470 XIV.
3106 4429 3172 4493 p.
3203 4409 3351 4488 670.
3399 4406 3671 4471 Casaub.
3702 4429 3764 4494 p.
3799 4406 4092 4490 683—68
4095 4426 4157 4491 5.
4203 4406 4557 4472 Tzschuck.

2884 4506 3135 4572 Laudat
3184 4508 3449 4572 eundem
3503 4508 3855 4573 Alexander
3906 4507 4247 4595 Aphrodis.
4307 4508 4374 4573 in
4426 4509 4564 4573 Ari-

2881 4609 3082 4673 stotel.
3115 4609 3196 4673 de
3224 4609 3478 4689 Anima,
3508 4610 3618 4675 fol.
3648 4632 3785 4695 154.
3818 4634 3955 4697 sqq.
3989 4610 4183 4674 Redit
4212 4610 4565 4698 Simplicius

2882 4712 2961 4776 ad
3010 4711 3342 4776 Plotiniani
3400 4711 3543 4776 libri
3592 4728 4029 4799 argumentum
4073 4713 4300 4777 ibidem
4344 4711 4450 4776 fol.
4498 4734 4562 4798 9.

2883 4814 3235 4893 vera—ech
3265 4815 3370 4878 οὖν
3397 4820 3771 4894 Πτολεμαῖος
3802 4817 3895 4879 καὶ
3935 4821 4244 4881 Πλωτῖνος
4271 4815 4365 4878 καὶ
4393 4818 4560 4896 Πρό-

2885 4925 3042 4991 κλος,
3064 4916 3173 4981 κᾶν
3195 4916 3365 4983 αὑτὸς
3385 4915 3801 4999 Ἀριστοτέλης
3820 4919 3888 4981 τὸ
3909 4917 4245 4996 ὑπέκκαυμα
4271 4921 4563 4982 κινεῖσθαι

2882 5018 3144 5101 λέγωσιν
3171 5020 3274 5083 οὑκ
3305 5020 3457 5082 ἰδίαν
3486 5021 3697 5083 ἑαυτοῦ
3723 5021 3939 5099 ταύτην
3965 5019 4074 5099 τὴν
4095 5021 4341 5098 κίνησιν,
4374 5022 4472 5084 διὰ
4491 5021 4562 5083 τὸ

2883 5120 3299 5185 συνεπανιέναι
3325 5125 3395 5200 τῇ
3427 5120 3651 5204 ἐσχάτῃ
3674 5123 3923 5206 σφαίρᾳ,
3951 5120 4086 5184 ἀλλ’
4108 5121 4214 5184 οὖν
4232 5121 4563 5202 πεφυκέναι

2882 5221 3025 5302 πρὸς
3066 5222 3264 5302 αὐτὴν,
3299 5223 3375 5291 ὧς
3409 5222 3489 5303 μὴ
3525 5226 3635 5308 βία
3666 5224 3963 5297 ἕλκεσθαι,
3997 5224 4161 5287 ἀλλὰ
4199 5221 4326 5302 μεθ’
4359 5222 4564 5305 ἑτέρου

2884 5328 3188 5396 κινεῖσθαι,
3220 5326 3419 5405 ὥσπερ
3450 5326 3543 5388 καὶ
3572 5329 3647 5390 τὰ
3672 5326 4031 5404 πλανώμενα
4057 5327 4208 5403 μετὰ
4234 5329 4338 5387 τοῦ
4365 5326 4559 5390 ἀπλα·

2883 5431 3034 5494 νοῦς·
3081 5426 3214 5489 οὑδὲ
3244 5428 3358 5507 γὰρ
3386 5426 3566 5490 αὑτοῦ
3594 5428 3710 5491 ἰδία
3744 5428 3909 5490 ἐστὶν
3938 5428 4080 5505 αὕτη
4120 5427 4159 5505 ἡ
4200 5429 4446 5506 κίνησις·
4491 5429 4564 5499 οὑ

2881 5529 2998 5608 μὴν
3022 5529 3238 5609 βίαιος,
3270 5525 3405 5591 ἀλλ’
3435 5528 3583 5611 ὑπὲρ
3611 5530 3815 5610 φύσιν.
3889 5530 4108 5614 Atque
4135 5550 4212 5592 ex
4245 5550 4374 5592 uno
4404 5529 4564 5594 Sim-
