5118 6613
1111 561 1231 647 258

1108 737 1421 798 ἀπολεῖται
1448 732 1706 797 fortasse
1747 732 2036 819 ponenda
2074 747 2220 797 sunt
2257 734 2470 810 verba,
2500 756 2646 820 quae
2691 756 2795 796 su-

1107 860 1222 926 pra
1253 860 1314 924 p.
1349 837 1495 922 463.
1531 837 1608 900 C.
1651 833 1754 898 lin.
1788 838 1846 900 6.
1896 835 2228 922 leguntur:
2279 838 2615 915 σωζόμενον
2653 837 2799 922 (pro

1106 939 1468 1020 σωζομένης)
1503 936 1627 1001 καθ’
1660 939 1811 1002 ὅσον
1839 938 1915 1003 ἂν
1944 940 2123 1003 αὐτοῦ
2147 938 2600 1019 μεταλαμβάνῃ.
2651 938 2793 1003 Vid.

1107 1058 1317 1108 annot.
1350 1040 1432 1105 ad
1461 1062 1603 1104 eum
1638 1038 1862 1104 locum.

1189 1169 1253 1233 p.
1293 1147 1440 1228 871,
1474 1163 1536 1206 2.
1604 1145 1644 1208 ἃ
1690 1146 1753 1207 δὲ
1816 1144 1911 1208 καὶ
1962 1144 2108 1226 πρὸς
2159 1145 2291 1212 τοὺς
2337 1145 2650 1224 δεομένους
2699 1148 2795 1210 πί-

1105 1275 1292 1316 στεως
1334 1247 1610 1328 αἰσθήσει
1653 1247 2008 1329 κεκραμένης
2036 1274 2087 1310 κ.
2112 1247 2278 1329 τ.λ.]
2324 1249 2467 1311 Νοη
2511 1247 2794 1312 dubitavi

1102 1374 1244 1417 cum
1280 1350 1579 1415 Vaticano
1609 1348 1766 1413 cod.
1795 1363 1857 1413 et
1899 1350 2139 1427 Ficino,
2170 1373 2356 1437 quem
2405 1350 2588 1415 etiam
2624 1353 2796 1438 Tay-

1102 1455 1196 1518 lor
1225 1453 1528 1540 sequitur,
1559 1452 1646 1515 ita
1682 1451 1946 1516 scribere
1991 1476 2107 1539 pro
2148 1454 2591 1535 κεκρατημένης,
2621 1452 2791 1539 quod

1103 1559 1165 1622 in
1214 1556 1509 1622 Editione
1551 1553 1799 1640 legitur.
1895 1555 2295 1619 Contrarium
2342 1571 2433 1620 est
2470 1556 2795 1643 sejungere

1102 1661 1229 1725 sive
1273 1679 1560 1724 sevocare
1587 1667 1847 1721 mentem
1890 1680 1933 1721 α
1968 1660 2275 1737 sensibzm,
2314 1674 2386 1723 ut
2430 1660 2487 1722 Τ
2491 1658 2790 1723 ullianum

1100 1765 1254 1830 illud
1319 1786 1610 1850 usurpem
1662 1760 1977 1843 (Tusculi.
2021 1763 2076 1826 I.
2123 1765 2220 1827 16.
2270 1763 2409 1848 38.)
2475 1764 2789 1827 Caeterum

1102 1868 1272 1957 quod
1302 1865 1810 1931 demonstrationi
1859 1869 1951 1948 (τῇ
1984 1868 2306 1947 ἀποδείξει)
2343 1890 2472 1930 suoe
2507 1865 2794 1930 Plotinus

1100 1996 1174 2035 ea
1210 1971 1478 2057 subjicit,
1510 1993 1654 2055 quae
1683 1992 1759 2034 ex
1792 1968 2045 2033 historia
2085 1968 2411 2056 desumpta
2441 1968 2629 2032 fidem
2663 1972 2787 2051 (πί.

1101 2079 1264 2157 στιν)
1295 2073 1565 2137 faciunt:
1614 2071 1676 2134 in
1706 2095 1781 2135 eo
1810 2086 1872 2135 et
1900 2070 2159 2136 aliorum
2192 2072 2620 2136 auctoritatem
2654 2073 2791 2159 phi-

1100 2177 1498 2265 losophorum
1530 2175 1812 2261 sequitur
1839 2190 1900 2239 et
1932 2198 2079 2238 vero
2105 2176 2301 2263 ipsius
2333 2174 2634 2254 Platonis,
2653 2177 2790 2263 qui-

1097 2281 1218 2345 bus
1261 2280 1444 2344 etiam
1492 2301 1555 2342 se
1588 2277 1888 2365 applicuit
1932 2277 2152 2343 Cicero
2196 2279 2263 2342 in
2308 2278 2689 2345 Tusculanis
2729 2282 2785 2345 1.

1105 2383 1390 2449 12—16:
1441 2388 1483 2420 “
1521 2381 1749 2467 Itaque
1778 2403 1973 2445 unum
2006 2380 2161 2445 illud
2192 2394 2325 2445 crat
2351 2380 2603 2446 insitum
2637 2381 2791 2469 pris·

1097 2488 1184 2551 cis
1240 2486 1381 2562 illis,
1427 2508 1586 2571 quos
1631 2508 1837 2548 cascos
1894 2484 2167 2572 appellat
2225 2485 2495 2562 EnniuS‚
2542 2509 2674 2548 esse
2725 2485 2786 2548 in

1097 2608 1293 2655 morte
1324 2610 1592 2665 sensum,
1625 2609 1829 2673 neque
1868 2611 2121 2652 excessu
2155 2588 2299 2652 vitae
2329 2587 2413 2652 sic
2455 2587 2644 2652 deleri
2680 2587 2789 2652 ho-

1095 2694 1347 2771 minem,
1379 2708 1452 2755 ut
1480 2690 1769 2754 funditus
1807 2690 2120 2754 interiret:
2168 2690 2361 2777 idque
2389 2713 2588 2777 quum
2622 2690 2783 2755 rnul-

1096 2798 1175 2862 tis
1201 2796 1335 2860 aliis
1361 2794 1571 2871 rebuS,
1604 2809 1737 2858 tum
1762 2818 1796 2857 e
1808 2795 2308 2880 pontificiojure
2325 2802 2385 2856 et
2404 2795 2786 2858 oceri-moniis

1093 2901 1519 2986 sepulcrorum
1572 2894 1829 2982 intelligi
1877 2895 2081 2973 licet,''
2129 2899 2240 2960 ὅτε.
2308 2895 2409 2959 Cf.
2457 2895 2537 2959 de
2581 2896 2785 2982 ponti-

1094 3002 1190 3065 cio
1209 3002 1354 3087 jure
1384 3014 1448 3063 et
1477 2997 1752 3085 reliquis,
1781 3021 1924 3085 quae
1951 2999 2076 3063 huc
2107 2997 2369 3076 faciunt,
2393 2997 2530 3062 Cic.
2559 2998 2780 3086 Topic.

1096 3104 1376 3167 XXIII.
1411 3121 1513 3185 90.
1545 3116 1607 3165 et
1637 3100 1717 3164 de
1745 3103 1941 3188 Legg.
1980 3102 2076 3165 11.
2105 3119 2206 3164 22.
2239 3125 2305 3188 p.
2329 3120 2479 3186 321.
2509 3101 2608 3164 ed.
2643 3103 2785 3165 Mo-

1093 3205 1232 3285 seri,
1278 3204 1430 3290 ibiq.
1477 3216 1715 3266 annott.
1794 3203 1942 3265 Jam
1989 3200 2298 3288 sigillatim
2343 3201 2665 3266 videamus
2704 3203 2782 3267 de

1093 3306 1532 3396 sequentibus:
1584 3305 1650 3369 ἔκ
1691 3331 1757 3369 τε
1793 3306 1876 3369 ὧν
1914 3305 2040 3371 θεοὶ
2069 3304 2776 3371 ἀνεῖλον-ἱλάσκεσθαι.

1091 3413 1502 3478 Oraculorum
1564 3409 1869 3497 ejusmodi
1929 3409 2092 3497 pleni
2153 3423 2300 3473 sunt
2348 3408 2776 3475 historicorum

1088 3517 1477 3605 aliorumque
1521 3513 1890 3600 scriptorum
1936 3512 2101 3590 libri,
2137 3511 2462 3576 Pausaniae
2494 3514 2781 3595 maxime,

1092 3618 1452 3707 Porphyrii,
1496 3616 1749 3694 Stoboei,
1781 3614 2066 3679 aliorum.
2157 3616 2544 3679 vetustatem
2590 3615 2782 3705 hujus

1086 3725 1173 3788 rei
1209 3723 1419 3810 arguit
1464 3720 1798 3785 Homerica
1842 3722 2043 3784 νεκυία
2083 3719 2342 3807 (Odyss.
2379 3727 2440 3783 λ.
2478 3738 2580 3806 23.
2607 3724 2776 3807 sqq.)

1089 3832 1398 3910 Μαρτυρεῖ
1422 3827 1485 3889 δὲ
1518 3825 1612 3888 καὶ
1626 3822 1911 3905 Ὄμηρος,
1935 3823 2041 3887 τὸν
2070 3821 2337 3905 Λαέρτου
2367 3824 2610 3897 δεικνὺς,
2634 3825 2780 3889 κατά

1087 3956 1159 4013 γε
1203 3933 1307 3996 τὰς
1341 3929 1794 4007 ὖποθημοσύνας
1843 3930 1944 4006 τῆς
1985 3927 2217 4007 Κίρκης,
2264 3927 2359 3990 καὶ
2403 3926 2509 3989 τὸν
2550 3928 2779 4008 βόθρον

1086 4031 1377 4114 ὀρύξαντα
1407 4030 1502 4093 καὶ
1527 4032 1631 4095 τὰς
1657 4031 1806 4110 χοᾶς
1838 4030 2307 4092 ἑπιτετελεκότα.
2397 4028 2605 4091 Verba
2633 4043 2778 4093 sunt

1084 4131 1466 4198 Theodoreti
1512 4130 1879 4215 Therapeut
1908 4130 2156 4194 .VIII.
2201 4154 2262 4217 p.
2312 4151 2459 4214 910.
2523 4131 2773 4196 Schulz.

1087 4235 1235 4300 Alia
1292 4235 1546 4299 exhibet
1602 4233 1935 4320 Wyttenb.
2000 4231 2081 4295 ad
2142 4233 2460 4298 Plutarchi
2522 4235 2776 4300 Consol.

1087 4335 1410 4425 Apollonii
1438 4359 1502 4422 p.
1532 4355 1674 4420 752.
1767 4333 2039 4398 Oracula
2077 4334 2125 4398 si
2167 4336 2448 4421 requiris,
2479 4337 2579 4401 adi
2615 4339 2772 4402 Por-

1085 4438 1380 4528 phyrium
1425 4462 1528 4523 ap.
1561 4437 1797 4502 Euseb.
1845 4438 1921 4502 P.
1946 4439 2029 4502 E.
2064 4438 2181 4503 IV.
2212 4462 2276 4526 p.
2311 4456 2665 4525 145—147.
2712 4457 2774 4506 et

1089 4545 1161 4608 V.
1197 4566 1262 4629 p.
1290 4560 1433 4627 230.
1464 4541 1545 4606 cf.
1582 4543 1851 4605 Pausan.
1888 4542 2007 4605 VI.
2043 4561 2104 4625 9.
2125 4561 2186 4627 3.
2216 4556 2278 4606 et
2309 4542 2543 4607 AElian.
2574 4545 2649 4608 V.
2679 4546 2768 4609 H.

1085 4647 1220 4710 XI.
1253 4665 1317 4730 3.
1372 4642 1508 4726 (ubi
1551 4642 1631 4706 de
1677 4642 2010 4707 Cleomede
2066 4644 2148 4708 ab
2192 4645 2774 4733 Astupalaeensibus

1083 4748 1315 4814 oraculi
1358 4748 1540 4835 jussu
1588 4745 1848 4810 heroicis
1893 4746 2234 4811 honoribus
2283 4747 2601 4835 impertito
2628 4752 2766 4831 --).

1084 4856 1244 4917 Mox
1269 4850 1436 4931 τιμάς
1461 4875 1528 4914 τε
1567 4848 1766 4927 νέμειν
1809 4851 2332 4929 τεθνηκόσιν-εἶς
2372 4853 2505 4919 τοὺς
2545 4855 2767 4933 ἀπελη-

1079 4958 1350 5021 λυθότας.
1431 4951 1614 5017 Plato
1670 4975 1776 5039 ap.
1839 4951 2107 5038 Diogen.
2170 4953 2385 5018 Laert.
2453 4955 2595 5018 111.
2646 4955 2722 5040 83
2750 4981 2765 5019 :

1081 5066 1122 5098 ‘⁴
1158 5057 1316 5121 Tria
1344 5070 1491 5119 sunt
1517 5052 1788 5141 justitiae·
1823 5076 2072 5141 genera,
2107 5055 2375 5142 primum
2407 5055 2567 5120 circa
2595 5056 2767 5133 deoS‚

1077 5161 1338 5225 alterum
1371 5157 1534 5221 circa
1561 5156 1864 5236 homines,
1898 5155 2146 5221 tertium
2192 5157 2353 5221 circa
2379 5157 2771 5223 defunctos.''

1079 5266 1179 5328 De
1209 5263 1326 5327 hoc
1354 5283 1578 5349 genere
1602 5259 1689 5324 ita
1716 5259 1953 5347 pergit:
2002 5262 2061 5324 οἱ
2089 5263 2153 5324 δὲ
2183 5265 2300 5323 τῶν
2319 5264 2616 5341 μνημείων
2640 5264 2760 5327 ἐπι·

1075 5369 1452 5446 μελούμενοι,
1498 5367 1681 5442 δῆλον
1720 5365 1810 5426 ὅτι
1848 5363 1982 5444 περὶ
2023 5364 2157 5431 τοὺς
2188 5364 2618 5447 ἀποιχομένους
2648 5367 2763 5448 (δι-

1079 5470 1555 5551 καιοπραγοῦσι).
1644 5463 1816 5529 Hinc
1834 5466 2030 5551 justa
2057 5464 2227 5552 apud
2261 5480 2496 5529 veteres
2524 5481 2588 5530 et
2592 5469 2767 5553 jura

1077 5571 1399 5645 Manium,
1431 5592 1575 5655 quae
1603 5568 1720 5633 hoc
1764 5566 1899 5634 loco
1927 5568 2151 5635 sufficit
2179 5570 2370 5634 verbo
2398 5570 2759 5637 nominasse.

2096 558 2935 625 ANNOTATIONES
2983 559 3096 624 IN
3142 558 3581 624 PLOTINI

2890 736 2977 812 (et
3017 732 3098 797 cf.
3140 731 3367 819 odyss,
3402 758 3457 796 a.
3494 751 3610 816 291
3640 755 3657 807 ς
3706 730 3882 796 lliad.
3916 758 3985 796 ω.
4014 732 4123 817 38.
4153 755 4296 797 cum
4340 733 4572 798 Scholl.

2888 836 3132 900 Wasse.
3162 834 3263 900 ad.
3293 834 3567 899 Sallustii
3597 836 3642 898 J
3650 833 3906 920 ugurth.
3937 857 4078 922 cap.
4107 836 4245 900 XI.
4287 853 4350 901 et
4382 838 4570 925 wyt-

2885 938 3166 1002 tenbach.
3218 938 3296 1002 ad
3361 937 3604 1002 Platon.
3668 936 3974 1000 Phaedon.
4034 961 4096 1024 p.
4133 959 4280 1025 293.
4358 941 4573 1029 Pergit

2889 1040 3214 1105 Plotinus:
3263 1041 3508 1105 Πολλαὶ
3553 1042 3615 1103 δὲ
3652 1040 4040 1122 ψυχαὶ-οὔκ
4083 1041 4434 1123 ἀπέστησαν
4471 1050 4576 1109 τοῦ

2885 1144 3216 1226 εὐεργετεῖν
3254 1143 3610 1224 ἀνθρώπους.
3689 1140 4009 1205 Hesiodus
4049 1144 4171 1225 ἐργ.
4214 1163 4353 1208 122.
4391 1149 4572 1228 (124.

2884 1252 3009 1333 sq.)
3038 1272 3053 1311 :
3101 1247 3192 1310 τοὶ
3232 1248 3345 1326 μὲν
3374 1244 3645 1324 δαίμονές
3674 1246 3792 1307 εἶσι
3825 1244 3971 1311 Διὸς
4003 1245 4272 1327 μεγάλου
4301 1252 4397 1312 διὰ
4422 1256 4567 1328 βου-

2880 1354 3010 1424 aas,
3055 1348 3329 1421 Ἐσθλοὶ,
3376 1349 3724 1431 ἐπιχθόνιοι,
3771 1343 4035 1429 φύλακες
4069 1353 4295 1429 θνητῶν
4344 1353 4565 1434 ἆνθρό.

2879 1476 3026 1517 πων·
3060 1452 3140 1515 de
3157 1450 3482 1516 animabus
3510 1471 3751 1526 eorum,
3782 1448 3892 1536 qui
3924 1448 4081 1514 bene
4103 1465 4162 1515 et
4183 1452 4356 1538 juste
4377 1454 4569 1520 vitam

2880 1571 3219 1642 exegerunt
3244 1580 3262 1626 ς
3311 1576 3470 1640 quos
3500 1575 3713 1616 versus
3740 1551 4091 1639 paullulum
4122 1554 4481 1622 immutatos
4508 1558 4569 1622 in

2881 1680 3054 1723 suam
3092 1656 3573 1747 disputationem
3603 1655 3907 1719 convertit
3939 1655 4121 1721 Plato
4147 1680 4292 1722 cum
4323 1659 4389 1723 in
4419 1662 4570 1726 Cra-

2880 1761 3013 1849 tylo
3058 1785 3117 1847 p.
3151 1780 3302 1846 397.
3348 1776 3408 1824 et
3458 1757 3520 1823 in
3574 1757 3849 1845 Republ.
3883 1760 3956 1822 V.
3996 1782 4061 1845 p.
4092 1761 4242 1844 469.
4289 1761 4564 1851 itemque

2880 1862 3371 1952 olympiodorus
3416 1861 3476 1924 in
3533 1858 3727 1924 Alcib.
3778 1883 3875 1948 pr.
3927 1884 3991 1947 p.
4032 1863 4127 1925 16.
4205 1865 4389 1930 Conf.
4435 1868 4564 1933 Cic.

2880 1966 3166 2033 Tusculi.
3200 1968 3248 2031 1.
3292 1985 3380 2030 12.
3421 1967 3517 2029 28.
3554 1964 3660 2029 ubi
3690 1964 3771 2028 de
3810 1964 4197 2051 Tyndaridis
4223 1966 4558 2034 fratribus:

2880 2081 2923 2113 ‘⁶
2955 2071 3081 2151 Qui
3128 2092 3250 2134 non
3302 2071 3491 2132 modo
3538 2067 3856 2154 adjutores
3901 2068 3964 2132 in
4019 2069 4251 2156 proeliis
4294 2071 4566 2139 victoriae

2876 2173 3094 2263 populi
3127 2171 3417 2249 Romani,
3444 2170 3547 2234 sed
3579 2170 3762 2234 etiam
3796 2171 3997 2235 nuntii
4015 2172 4207 2236 fuisse
4234 2175 4563 2260 perhiben-

2878 2293 2982 2341 tur
3005 2277 3061 2340 :³⁹
3106 2279 3408 2340 Extrema
3446 2273 3782 2339 Plotiniani
3814 2274 3964 2338 loci:
4013 2276 4076 2339 αἱ
4104 2278 4169 2339 δὲ
4199 2279 4295 2342 καὶ
4320 2287 4566 2358 μαντεῖα

2877 2379 3329 2460 ἀποδειξάμενοι
3361 2406 3413 2441 κ.
3438 2405 3492 2442 τ.
3512 2386 3575 2441 λ.
3607 2376 3781 2464 quod
3818 2377 4060 2458 attinet,
4089 2379 4404 2466 pertinent
4430 2382 4563 2448 haec

2874 2482 2957 2548 ad
3003 2483 3476 2565 νεκρομαντείαν,
3510 2479 3590 2543 de
3629 2502 3757 2567 qua
3797 2478 4049 2545 consule
4092 2482 4360 2547 eundem
4407 2487 4565 2549 Tul-

2874 2586 3026 2651 lium
3069 2586 3133 2649 in
3172 2586 3410 2654 Quaest.
3444 2582 3835 2648 Tusculann.
3871 2584 3930 2647 Ι.
3969 2587 4071 2648 16.
4103 2603 4210 2670 37.
4244 2605 4307 2651 et
4335 2587 4416 2652 de
4445 2589 4557 2652 Di-

2874 2691 3065 2753 vinat.
3117 2689 3175 2753 1.
3223 2690 3332 2773 58.
3375 2711 3436 2773 p.
3474 2688 3617 2750 286.
3665 2686 3790 2750 Ed.
3826 2687 4084 2767 Moseri,
4123 2703 4188 2751 et
4233 2691 4564 2779 utrobique

2873 2791 3200 2857 Davisium
3253 2790 3650 2876 reliquosque
3698 2789 4083 2876 interpretes.
4175 2794 4337 2858 Haec
4380 2818 4564 2884 prop-

2874 2912 3038 2959 terea
3063 2893 3413 2959 accuratius
3449 2891 3769 2979 aliquanto
3801 2894 4220 2974 tractavimus,
4264 2920 4361 2977 ne,
4389 2899 4557 2986 quod

2872 2997 3063 3085 vulgo
3107 2996 3238 3061 ficri
3285 2994 3458 3072 solet,
3497 2994 3629 3058 haec
3673 3012 4044 3082 argumenta
4085 2997 4560 3067 immortalitatis

2868 3100 3216 3164 animorum
3264 3121 3339 3161 ex
3402 3097 3498 3161 sui
3557 3097 3765 3161 saeculi
3805 3098 4054 3185 ingenio
4104 3099 4401 3183 hausisse,
4451 3105 4556 3169 sed

2872 3202 3143 3268 Platonis
3170 3217 3230 3265 et
3281 3200 3702 3287 antiquiorum
3733 3200 3915 3264 etiam
3946 3201 4026 3265 ad
4058 3205 4414 3291 exemplum
4451 3207 4558 3272 ad-

2867 3305 3140 3371 hibuisse
3171 3304 3486 3370 Plotinum
3507 3304 3881 3392 judicemus

3485 3494 3592 3558 LI
3610 3494 3684 3557 B.
3738 3494 3933 3557 VIII.

2951 3638 3015 3701 p.
3051 3616 3197 3698 872,
3231 3632 3287 3696 7.
3372 3618 3562 3677 ΠΕΡΙ
3619 3618 3788 3677 ΤΗΣ
3848 3617 3981 3675 ΕΙΣ
4039 3618 4146 3677 ΤΑ
4206 3619 4551 3682 ΣΩΜΑΤΑ

2868 3722 3272 3783 ΚΑΘΟΔΟΎ·
3308 3722 3477 3780 ΤΗΣ
3517 3715 3856 3804 xlmam]
3904 3717 3969 3778 A
4017 3716 4334 3783 nonnullis
4382 3719 4555 3785 libris

2864 3820 3043 3885 abest
3083 3819 3381 3884 articulus
3409 3822 3510 3898 τῆς
3536 3833 3680 3881 ante
3706 3822 3946 3901 ψυχῆςε
3995 3840 4121 3882 non
4167 3820 4347 3886 male.
4432 3826 4552 3889 Est

2864 3923 2964 3988 hic
3004 3924 3160 3988 liber
3200 3922 3417 3987 ordine
3457 3937 3685 3985 sextus.
3764 3920 3908 3984 Vid.
3952 3922 4267 4011 Porphyr.
4300 3925 4380 3990 de
4411 3927 4555 3993 Vita

2866 4028 3100 4093 Plotini
3135 4051 3189 4091 c.
3212 4050 3271 4108 4.
3304 4045 3368 4090 et
3407 4045 3504 4110 25.
3598 4025 3843 4113 Saepius
3881 4039 4091 4091 autem
4138 4029 4306 4094 hunc
4344 4030 4548 4097 locum

2862 4132 3116 4219 attingit
3143 4132 3209 4194 in
3236 4130 3334 4194 his
3374 4128 3806 4207 Enneadibus,
3840 4153 3953 4194 nec
3993 4131 4157 4216 ipsas
4195 4132 4548 4200 fabularum

2862 4234 3110 4300 delicias
3164 4233 3536 4311 detrectanS,
3578 4231 3696 4296 hac
3747 4255 4000 4320 quoque
4052 4251 4227 4323 parte
4278 4236 4554 4303 Platonis

2863 4339 3135 4403 imitator
3183 4336 3485 4401 Plotinus.
3564 4335 3664 4400 Cf.
3699 4360 3755 4398 v.
3780 4360 3835 4400 c.
3865 4360 4009 4423 quoe
4039 4361 4228 4425 supra
4255 4338 4554 4427 leguntur

2861 4465 2925 4529 p.
2948 4443 3095 4528 381.
3123 4444 3207 4505 A.
3290 4438 3727 4526 Mythologica
3765 4439 3956 4527 hujus
3994 4440 4112 4505 loci
4142 4442 4553 4529 explicuimus

2859 4568 3002 4611 cum
3033 4545 3096 4608 in
3126 4557 3547 4607 commentatt.
3576 4541 3950 4607 Herodoteis
3979 4566 4041 4631 p.
4069 4562 4220 4630 307.
4240 4569 4381 4633 sqq.
4413 4563 4549 4613 tum

2858 4647 2920 4711 in
2984 4644 3359 4734 Symbolica,
3417 4645 3760 4732 praesertim
3807 4645 4057 4710 Volum.
4108 4648 4249 4711 III.
4305 4672 4365 4734 p.
4398 4670 4548 4731 424.

2860 4773 2994 4837 sqq.
3088 4748 3282 4813 Adde
3333 4747 3489 4831 (Th.
3525 4747 3789 4834 Taylor)
3845 4749 4256 4813 Dissertation
4316 4774 4396 4815 on
4441 4753 4548 4819 the

2855 4852 3217 4918 Eleusinian
3263 4851 3385 4915 and
3427 4850 3691 4916 Bacchic
3727 4852 4047 4939 mysteries
4082 4876 4148 4939 p.
4176 4860 4410 4937 9—16.
4438 4876 4547 4941 55.

2857 4976 2963 5041 79.
2988 4972 3051 5020 et
3082 4953 3685 5019 Bened.Bendtsenii
3710 4955 4046 5021 Marmorr.
4073 4956 4364 5043 Mysticc.
4391 4960 4543 5046 Spe-

2855 5058 2996 5123 cim.
3030 5060 3087 5123 1.
3120 5081 3187 5145 p.
3218 5077 3277 5141 7.
3314 5082 3404 5145 sq.
3478 5060 3853 5122 Persecutus
3895 5073 4028 5123 erat
4064 5058 4181 5123 hoc
4217 5082 4546 5146 argumen-

2858 5175 2993 5225 tum
3023 5161 3104 5226 de
3133 5160 3370 5225 Anima
3397 5160 3460 5224 in
3484 5159 3656 5225 libris
3677 5161 3779 5224 De
3800 5183 4101 5249 regressu
4123 5163 4359 5227 animoe
4383 5167 4547 5247 (περὶ

2854 5267 3070 5329 ἀνόδου
3115 5268 3216 5344 τῆς
3255 5268 3483 5347 ψυχῆς)
3534 5263 3625 5328 uti
3660 5278 3902 5328 constat
3939 5288 4019 5328 ex
4060 5264 4397 5351 Augustini
4435 5267 4541 5332 lib.

2857 5354 3041 5431 X.‘0.
3079 5386 3180 5449 29.
3227 5366 3307 5430 de
3368 5365 3636 5430 Civitate
3685 5366 3828 5443 Dei,
3872 5365 3952 5430 de
4008 5365 4240 5453 quibus
4292 5369 4546 5434 consule

2853 5470 3008 5534 Luc.
3058 5469 3347 5534 Holsten.
3377 5469 3458 5532 de
3486 5468 3614 5532 vita
3654 5483 3718 5534 et
3757 5468 3998 5556 scriptis
4041 5467 4373 5557 Porphyrii
4400 5495 4535 5561 cap.

2854 5572 2912 5636 8.
2975 5595 3039 5658 p.
3082 5574 3185 5652 46.
3245 5594 3382 5658 sqq.
3457 5571 3894 5659 Comparanda
3937 5571 4123 5636 etiam
4172 5586 4340 5651 sunt,
4392 5598 4543 5661 quae
