5118 6613
1374 522 1574 589 LIB.
1624 525 1760 590 IX.
1807 523 2256 589 ENNEAD.
2304 524 2687 590 PRIMAE.
2733 546 2795 611 p.
2837 526 3188 610 163—178.

645 716 708 783 p.
737 695 879 780 163,
910 714 1008 776 14.
1054 695 1137 759 Τί
1177 695 1283 758 οὖν
1327 697 1381 759 εἰ
1427 693 1834 778 μηχανήσαιτό
1890 698 2242 777 τις-μηδὲν

560 797 867 885 πράττειν]
901 794 1265 859 Macrobius
1287 793 1329 861 l.
1350 795 1390 860 l.
1425 804 1467 836 “
1486 799 1777 884 Oportet,
1806 795 2032 884 inquit,
2071 797 2243 880 (Plo-

562 899 757 983 tinus)
795 898 1061 964 animam
1103 911 1245 985 post
1285 898 1597 964 hominem
1639 897 1894 964 liberam
1935 898 2244 987 corporeis

562 1002 946 1092 passionibus
972 999 1275 1076 inveniri;
1322 1024 1536 1089 quam,
1566 1001 1676 1089 qui
1713 1001 1793 1066 de
1831 1025 2087 1089 corpore
2116 1002 2244 1066 vio-

558 1106 755 1172 lenter
792 1104 1091 1184 extrudit,
1130 1104 1386 1169 liberam
1430 1128 1560 1169 esse
1601 1127 1727 1168 nou
1770 1104 2026 1192 patitur.
2117 1104 2241 1183 Qui

563 1209 728 1275 enim
767 1208 880 1273 sibi
923 1230 1034 1272 sua
1081 1221 1298 1295 sponte
1341 1229 1548 1272 necem
1585 1220 1922 1295 comparat,
1951 1222 2064 1273 aut
2105 1230 2243 1295 per-

563 1327 751 1377 toesus
797 1309 1171 1375 necessitatis
1212 1323 1322 1374 aut
1367 1323 1539 1374 metu
1582 1309 1951 1396 cujusquam
1996 1309 2079 1375 ad
2124 1309 2242 1374 hoc

561 1412 877 1479 descendit
911 1427 1024 1479 aut
1062 1411 1248 1487 odio;
1296 1436 1439 1500 quae
1483 1412 1692 1477 omnia
1727 1412 1890 1477 inter
1932 1412 2243 1500 passiones

561 1516 888 1582 habentur.
946 1517 1125 1603 Ergo
1151 1515 1264 1580 etsi
1292 1530 1435 1580 ante
1461 1515 1585 1580 fuit
1610 1514 1708 1579 his
1742 1514 2027 1580 sordibus
2058 1538 2239 1602 pura,

559 1621 675 1688 hoc
703 1621 840 1710 ipso
869 1637 1097 1700 tamen,
1127 1645 1256 1709 quo
1285 1620 1413 1685 exit
1439 1634 1681 1685 extorta
1710 1619 2063 1685 sordescit.”

644 1748 710 1812 p.
736 1726 878 1806 164,
899 1744 962 1811 3.
1008 1728 1084 1789 El
1104 1726 1209 1789 οὖν
1232 1724 1421 1807 ἀρχὴν
1442 1726 1704 1788 αἴσθοιτο
1734 1727 1840 1787 τοῦ
1858 1725 2240 1805 ληρεῖν-αἶ-

556 1828 772 1912 ρετοΐς]
822 1827 975 1892 Fuit
996 1828 1130 1891 haec
1147 1827 1283 1914 ipsa
1301 1826 1647 1891 Stoicorum
1672 1823 1989 1890 sententia.
2050 1825 2241 1889 Com-

557 1940 926 2019 paraverant
941 1929 1104 1994 enim
1119 1928 1307 1994 Stoici
1319 1928 1506 1993 vitam
1517 1950 1659 1993 cum
1674 1926 1993 1992 Convivio.
2027 1926 2244 2014 Olym-

559 2032 855 2120 piodorus
886 2031 951 2096 in
989 2031 1297 2097 Phaedon.
1326 2055 1394 2119 p.
1421 2032 1461 2095 6
1482 2029 1784 2094 ε-Ἀλλᾶ
1814 2031 1909 2094 καὶ
1936 2032 2033 2095 διὰ
2057 2029 2244 2110 μέθην

558 2137 763 2201 λύεται
784 2135 852 2199 τὸ
873 2137 1224 2214 συμπόσιον,
1236 2135 1383 2199 οὕτω
1404 2134 1498 2197 καὶ
1518 2133 1625 2197 τὸν
1640 2134 1782 2212 βίον
1800 2133 1969 2197 λύειν
1990 2132 2244 2215 beufor-

560 2251 718 2303 tasse
756 2237 1114 2302 addendum
1153 2240 1276 2319 διὰ)
1313 2236 1419 2301 τὸν
1450 2237 1863 2317 παρεπόμενον
1894 2238 1975 2320 τῷ
2012 2237 2238 2315 σώματι

559 2345 762 2424 λῆρον,
794 2339 1014 2423 φυσικὴ
1041 2339 1157 2423 γάρ
1187 2343 1315 2403 ἐστι
1340 2337 1490 2420 μέθη
1518 2340 1551 2400 ὁ
1590 2341 1787 2419 λῆρος,
1820 2338 1983 2401 ἀλλὰ
2021 2338 2117 2401 καὶ
2144 2339 2238 2401 διὸ

557 2447 632 2508 τᾶ
657 2442 1093 2527 παρατιθεμένα
1120 2444 1342 2523 νοσερᾶ
1381 2441 1544 2515 ὄντα,
1579 2439 1673 2504 καὶ
1707 2437 1811 2503 τὸν
1847 2441 1990 2518 βίον
2022 2438 2239 2504 λυτέον

559 2550 655 2612 διὰ
694 2547 762 2611 τὸ
802 2551 972 2625 σῶμα
1012 2546 1213 2612 νόσοις
1252 2543 1507 2610 ἀνιάτοις
1547 2543 1962 2625 κατεχόμενον,
1996 2542 2092 2605 καὶ
2131 2543 2233 2605 ἀν-

559 2647 883 2728 επιτήδειον
898 2646 1044 2729 πρὸς
1063 2646 1129 2710 τὸ
1153 2648 1469 2728 ὑπουργεῖν
1485 2649 1554 2726 τῇ
1571 2648 1761 2727 ψυχῇ.
1811 2642 2055 2707 Eadem
2077 2642 2238 2707 mala

553 2750 686 2839 ipse
713 2748 1003 2815 Plotiuus
1031 2771 1220 2835 supra
1256 2747 1462 2834 attigit
1502 2746 1566 2810 in
1606 2745 1767 2811 libro
1799 2746 1933 2827 περὶ
1963 2747 2235 2826 εὐδαιμο-

556 2853 683 2921 νίας
710 2854 773 2917 Ι.
804 2873 870 2933 4.
904 2850 1011 2916 ubi
1036 2850 1180 2915 vide
1209 2848 1549 2936 praesertim
1576 2872 1632 2913 c.
1661 2866 1722 2933 5.
1754 2871 1816 2935 p.
1842 2867 1966 2933 32:
2011 2846 2236 2930 Ἀλγη-

556 2957 721 3023 δόνες
749 2954 797 3019 δ’
829 2954 917 3019 ἔτι
946 2954 1041 3018 καὶ
1082 2956 1268 3027 νόσοι,
1304 2954 1398 3017 καὶ
1428 2955 1503 3016 τὰ
1545 2953 1699 3018 ὅλως
1738 2951 2039 3015 κωλύοντα
2074 2951 2235 3031 ἐνερ-

555 3063 704 3140 γεῖν·
750 3060 804 3123 εἰ
830 3059 896 3122 δὲ
925 3056 995 3136 δὴ
1020 3054 1148 3136 μηδ’
1182 3057 1365 3140 ἑαυτῷ
1409 3055 1816 3119 ἐπακολουθοῖ·
1867 3080 1916 3117 κ.
1943 3078 1999 3116 τ.
2022 3059 2084 3116 λ.
2116 3051 2155 3115 i.
2180 3074 2232 3115 e.

554 3162 613 3225 εἰ
647 3181 793 3224 vero
834 3180 944 3223 nec
984 3167 1182 3222 mente
1223 3158 1344 3221 sibi
1383 3165 1614 3221 constet
1658 3155 1941 3241 (homo):
1985 3153 2134 3233 sive,
2177 3155 2238 3219 si

556 3283 701 3329 vero
727 3263 915 3328 etiam
944 3269 1144 3327 mente
1169 3268 1390 3349 captus
1418 3260 1525 3337 sit,
1559 3257 1666 3324 ubi
1699 3258 1776 3324 cf.
1808 3271 2016 3322 annot.

634 3404 723 3417 --
740 3367 803 3431 6.
849 3365 966 3429 Καὶ
1021 3367 1137 3446 γᾶρ
1193 3365 1229 3444 ἦ
1288 3369 1405 3427 τῶν
1462 3362 1785 3445 φαρμάκων
1835 3360 2229 3448 προσαγωγῆ]

3926 527 4004 611 83

2324 695 2731 784 philosophiae
2754 711 2949 760 morte
2970 695 3191 761 dissolv
3199 709 3334 770 unt,
3353 694 3557 761 adhuc
3573 709 3851 762 exstante
3870 720 4003 762 cor-

2326 821 2476 886 pore
2519 797 2670 864 caelo
2711 811 2774 864 et
2810 798 3111 863 sideribus
3151 798 3519 876 inserantur,
3550 813 3613 863 et
3653 798 3793 864 ideo
3833 799 4024 875 illam⁴

2328 900 2518 966 solam
2548 902 2628 966 de
2655 900 3016 966 voluntariis
3043 901 3346 966 mortibus
3387 900 3686 988 significat
3712 925 3840 967 esse
3868 902 4001 967 lau-

2328 1003 2617 1082 dabilem,
2656 1027 2802 1091 quoe
2836 1018 3250 1091 comparatur,
3297 1017 3369 1068 ut
3409 1003 3706 1084 diximus,
3735 1004 4003 1092 philoso-

2326 1106 2491 1193 phiae
2516 1106 2775 1186 ratione,
2799 1128 2925 1170 non
2946 1106 3143 1171 ferro:
3178 1105 3527 1194 prudentia,
3558 1129 3680 1171 non
3714 1108 4001 1173 veneno?

2328 1210 2424 1273 At
2472 1208 2637 1273 dicat
2685 1210 2942 1273 fortasse
2993 1209 3301 1296 quispiam
3359 1208 3491 1273 haec
3544 1233 3622 1274 ex
3671 1209 4000 1297 integriore

2328 1310 2562 1376 Plotini
2604 1310 2784 1388 libro,
2816 1311 2894 1376 de
2923 1334 3050 1398 quo
3080 1334 3269 1399 supra
3295 1310 3688 1399 conjecimus,
3716 1312 4002 1378 desumta

2326 1412 2521 1478 videri
2548 1437 2749 1501 posse,
2778 1413 3031 1501 quando
3071 1413 3280 1502 plures
3314 1414 3627 1479 sententias
3661 1415 3724 1479 in
3761 1416 3881 1480 hoc
3922 1415 3996 1480 li-

2323 1514 2488 1580 bello
2529 1517 2664 1599 περὶ
2716 1518 3011 1600 ἐξαγωγῆς
3053 1538 3177 1580 non
3226 1516 3630 1604 reperiantur,
3674 1541 3831 1606 quas
3878 1519 4001 1587 hoc

2325 1616 2525 1705 capite
2553 1618 2619 1682 in
2647 1618 2918 1683 medium
2949 1618 3184 1707 profert
3213 1619 3595 1685 Macrobius.
3680 1622 3997 1709 Equidem

2325 1741 2447 1784 non
2496 1720 2883 1785 crediderim.
2971 1723 3276 1787 Desumta
3328 1736 3473 1787 sunt
3515 1722 3649 1788 haec
3691 1725 3920 1812 partim
3964 1749 4000 1791 e

2327 1822 2646 1887 Phaedone
2692 1822 2989 1902 PlatoniS,
3031 1824 3258 1912 partim
3301 1848 3379 1890 ex
3421 1824 3555 1891 aliis
3593 1826 3766 1892 libris
3807 1827 4001 1915 ipsius

2324 1923 2582 2005 Plotini,
2631 1948 2693 1989 v.
2718 1949 2769 1990 c.
2819 1925 2898 1990 de
2953 1924 3311 1991 Dialectica.
3399 1928 3489 1992 Et
3533 1927 3835 2009 universe,
3887 1930 4000 2017 qui

2325 2027 2459 2092 haec
2489 2028 2897 2092 Macrobiana
2937 2028 3214 2093 conferat
3251 2051 3393 2093 cum
3438 2029 3825 2111 Plotinianis,
3854 2055 3999 2097 con-

2326 2129 2502 2194 tinuo
2517 2129 2838 2217 intelligat,
2860 2132 3216 2195 Romanum
3237 2131 3670 2220 philosophum
3691 2133 3757 2198 id
3780 2135 3995 2221 egisse,

2324 2246 2398 2296 ut
2425 2232 2717 2320 AEgyptii
2755 2231 3104 2320 philosophi
3136 2232 3353 2299 densas
3392 2247 3453 2298 et
3496 2250 3836 2301 contractas
3862 2261 3997 2302 sen-

2322 2334 2544 2399 tentias
2586 2334 2889 2414 dilataret,
2935 2352 2999 2399 et
3043 2334 3371 2400 lectoribus
3414 2336 3539 2401 suis
3587 2338 3995 2426 expeditiores

2320 2436 2625 2501 redderet.
2686 2438 2845 2502 Haec
2862 2437 3047 2502 etiam
3062 2438 3444 2503 continenter
3461 2439 3561 2527 adj
3570 2455 3755 2505 uncta
3771 2464 3997 2506 unum-

2321 2562 2635 2626 quemque
2662 2539 2991 2606 docebunt.
3059 2541 3243 2619 Quod
3272 2540 3434 2605 enim
3466 2540 3750 2608 Plotinus
3776 2543 3840 2608 in
3870 2545 3995 2610 fine

2319 2640 2509 2707 libelli
2536 2641 2822 2729 subjicit:
2871 2646 2947 2707 Εἰ
2983 2645 3048 2707 δὲ
3097 2644 3481 2724 οἶος-οὔσης
3520 2646 3851 2721 ἐπιδόσεως,
3888 2648 3993 2712 οὔκ

2323 2745 2617 2824 ἐξακτέον,
2664 2744 2798 2809 haec
2844 2745 3207 2810 Macrobius
3249 2746 3337 2810 ita
3385 2761 3679 2812 exornat:
3728 2756 3773 2788 “
3807 2750 3993 2814 Hanc

2321 2870 2575 2935 quoque
2613 2846 3032 2934 superioribus
3073 2846 3419 2933 (Plotinus)
3451 2848 3663 2936 adjicit
3696 2850 3996 2915 rationem

2321 2972 2447 3014 non
2474 2963 2693 3037 sponte
2720 2950 3040 3038 pereundi.
3127 2952 3296 3015 Cum
3341 2965 3597 3031 constet,
3636 2951 3861 3040 inquit,
3906 2976 4000 3018 re-

2320 3052 2807 3117 munerationem
2846 3052 3064 3117 animis
3099 3053 3222 3119 illic
3266 3077 3396 3119 esse
3436 3054 3849 3136 tribuendam,
3881 3077 3997 3144 pro

2319 3153 2508 3220 modo
2534 3154 2944 3242 perfectionis,
2973 3155 3056 3219 ad
3085 3179 3274 3243 quam
3302 3156 3367 3221 in
3396 3156 3512 3222 hac
3538 3158 3668 3224 vita
3694 3180 3996 3246 unaquae-

2322 3281 2446 3345 que
2489 3258 2810 3347 pervenit:
2859 3281 2982 3323 non
3019 3274 3112 3324 est
3157 3259 3634 3349 praecipitandus
3663 3260 3807 3327 vitae
3834 3262 3996 3340 finis,

2321 3385 2462 3426 cum
2493 3361 2700 3426 adhuc
2728 3360 3090 3449 proficiendi
3118 3386 3247 3426 esse
3274 3363 3465 3451 possit
3498 3364 3773 3429 accessio.
3861 3366 3997 3430 Nec

554 3467 698 3534 Vid.
726 3490 856 3532 var.
889 3466 1026 3532 lect.
1063 3468 1187 3531 Sex
1219 3465 1380 3530 Cod.
1410 3479 1472 3529 et
1500 3487 1695 3551 marg.
1732 3462 1906 3528 Edit.
1934 3460 2230 3544 προσεξα-
2287 3467 2568 3552 fiwtra
2620 3464 2730 3529 Ιιοο
2784 3464 3018 3529 dictum
3078 3475 3186 3530 est.
3290 3467 3453 3530 Nam
3501 3466 3566 3531 in
3624 3467 3859 3532 arcanis
3915 3468 3995 3533 de

552 3570 735 3655 γωγή.
803 3571 943 3634 Vox
973 3567 1273 3633 inaudita.
1352 3566 1551 3632 Possis
1580 3565 1875 3653 suspicari
1910 3564 2230 3629 Plotinum

553 3672 897 3761 scripsisse:
948 3672 1044 3737 καὶ
1083 3674 1198 3753 γὰρ
1239 3671 1276 3750 ἡ
1321 3673 1417 3734 διὰ
1458 3676 1575 3734 τῶν
1621 3668 1945 3751 φαρμάκων
1986 3673 2232 3749 προεξα-

552 3777 716 3860 γωγὴ
743 3779 962 3860 ψυχῆς,
1001 3787 1064 3838 et
1101 3771 1259 3837 illud
1299 3772 1443 3854 πρὸς
1482 3772 1686 3851 ἔξοδον
1719 3770 2231 3857 interpretamen-

553 3895 689 3946 tum
706 3901 836 3943 esse
863 3900 903 3942 a
927 3874 1204 3962 margine
1219 3873 1285 3938 in
1306 3866 1643 3939 orationem
1665 3872 1927 3937 illatum.
1975 3872 2234 3935 Etenim

551 3983 791 4047 eductio
817 3982 1052 4044 animae
1070 3980 1450 4066 priusquam
1471 3997 1708 4040 necesse
1730 3986 1823 4040 est
1836 3996 1962 4061 per
1979 3994 2233 4037 venena.

552 4083 856 4172 Polybius
879 4094 1043 4146 certe
1073 4080 1321 4144 XXX.
1355 4095 1413 4164 7.
1442 4081 1505 4143 8.
1540 4091 1839 4165 usurpat:
1886 4074 2236 4158 προεξάγειν

555 4187 765 4253 ἑαυτὸν
795 4188 861 4250 ἐκ
888 4189 993 4248 τοῦ
1017 4187 1143 4264 (ᾖν,
1168 4194 1427 4246 mortem
1457 4180 1573 4246 sibi
1600 4180 1963 4268 priusquam
1991 4200 2234 4242 necesse

553 4306 668 4370 est,
686 4287 1075 4353 consciscere.
1121 4284 1266 4349 Vid.
1288 4282 1629 4370 Schweigh.
1654 4283 1813 4347 Lex.
1833 4280 2056 4369 Polyb.
2108 4279 2234 4345 Sed

548 4414 663 4457 nec
689 4392 1103 4474 προεξαγωγῆς
1129 4385 1503 4451 vocabulum
1543 4386 1608 4449 in
1655 4407 1772 4449 usu
1812 4398 1947 4459 est3
1996 4406 2107 4448 nec
2140 4382 2233 4447 in-

550 4493 946 4560 commodum
976 4511 1222 4554 sensum
1251 4488 1504 4553 exhibet
1532 4486 1712 4552 lectio
1739 4486 2019 4574 vulgata.

634 4616 803 4680 —7.
848 4595 1018 4678 ψυχῇ
1060 4593 1130 4656 οὗ
1173 4590 1704 4673 πρόσφορος-οὐκ
1747 4587 2008 4674 εὐτυχές]
2069 4588 2233 4652 Haec

546 4700 809 4765 fortasse
840 4694 1201 4761 Macrobius
1242 4690 1659 4780 amplificavit.
1753 4692 1859 4756 Ita
1889 4690 2052 4754 enim
2085 4687 2225 4754 ille:

550 4809 596 4842 “
626 4799 873 4867 Deinde
899 4809 1158 4863 mortem
1189 4794 1415 4860 debere
1443 4793 1532 4859 ait
1573 4792 1912 4879 (Plotinus)
1945 4792 2165 4857 animae
2192 4815 2233 4855 a

548 4925 803 4993 corpore
853 4899 1219 4965 solutionem
1277 4920 1429 4976 esse,
1477 4918 1602 4961 non
1657 4895 2008 4960 vinculum:
2056 4893 2231 4959 exitu

549 5022 758 5072 autem
785 5015 1000 5069 coacto
1026 5000 1295 5067 animam
1334 4999 1496 5064 circa
1530 5021 1757 5086 corpus
1784 4997 1981 5085 magis
2007 4995 2229 5084 magis-

549 5132 674 5200 que
699 5105 916 5171 vinciri
942 5121 1006 5169 et
1026 5127 1094 5169 re
1124 5125 1273 5168 vera
1300 5101 1441 5167 ideo
1470 5100 1554 5166 sic
1582 5114 1840 5165 extortae
1868 5099 2089 5164 animae
2117 5098 2228 5164 diu

548 5194 709 5278 circa
736 5231 965 5297 corpus
992 5207 1205 5295 ejusve
1234 5203 1615 5292 sepulturam
1645 5201 1745 5266 vel
1773 5202 1975 5267 locum
2007 5201 2069 5266 in
2100 5224 2228 5288 quo

544 5314 772 5403 injecta
796 5332 1021 5377 manus
1058 5322 1151 5373 est
1178 5320 1613 5396 pervagantur.
1665 5306 1829 5369 Cum
1858 5318 2072 5369 contra
2105 5302 2227 5369 illae

480 5454 486 5459 ·
546 5417 793 5497 animae,
839 5435 985 5502 quae
1028 5435 1092 5478 se
1132 5410 1200 5476 in
1239 5408 1357 5476 hac
1384 5408 1516 5474 vita
1554 5406 1881 5475 a-vinculis
1921 5406 2228 5497 corporeis

900 5725 923 5768 Χ

2314 3567 2535 3632 animae
2578 3566 2781 3631 reditu
2810 3566 3329 3655 disputationibus
3355 3567 3554 3632 fertur
3584 3571 3731 3633 &c.”
3817 3569 3990 3635 Reli-

2318 3693 2445 3757 qua
2473 3669 2793 3734 Marsilius
2824 3668 3282 3734 Commentario
3310 3692 3424 3734 suo
3449 3669 3726 3734 inseruit.
3798 3672 3990 3738 Unde

2316 3787 2576 3861 apparet
2605 3771 2995 3836 Macrobium
3034 3770 3396 3836 Plotinianis
3422 3771 3518 3836 his
3544 3772 3856 3837 sententiis
3898 3797 3995 3839 ar-

2317 3889 2617 3963 gumenta
2672 3873 2855 3939 etiam
2912 3896 3025 3938 sua
3078 3872 3368 3962 quaedam
3424 3874 3878 3962 interposuisse,
3931 3890 3994 3942 et

2318 3977 2590 4057 omnin0,
2613 3975 2785 4064 quod
2813 3999 3001 4064 supra
3022 3975 3378 4065 significavi,
3401 3977 3794 4065 Periphrasin
3813 3980 3991 4067 quasi

2317 4078 2634 4166 quandam
2662 4076 2771 4166 huj
2782 4100 2853 4142 us
2879 4077 3069 4144 libelli
3094 4079 3705 4169 conscripsisse—In
3726 4082 3848 4147 fine
3876 4082 3993 4148 hu-

2308 4182 2417 4269 jus
2445 4180 2876 4269 disputationis
2913 4181 3258 4247 adscribere
3284 4182 3471 4270 juvat
3495 4182 3700 4248 locum
3729 4185 3993 4252 Davidis

2318 4283 2594 4348 Armenii
2663 4283 2954 4372 Prolegg.
3027 4286 3443 4350 Commentar.
3519 4285 3585 4349 in
3657 4287 3992 4376 Porphyrii

2318 4386 2610 4473 Quinque
2638 4386 2834 4451 Voces
2851 4411 2885 4452 e
2905 4386 3045 4451 cod.
3067 4410 3242 4452 mscr.
3276 4388 3473 4452 Paris.
3506 4388 3660 4476 Reg.
3683 4412 3774 4454 nr.
3800 4409 3984 4477 1939.

2316 4488 2426 4554 fol.
2462 4505 2577 4572 117
2604 4513 2619 4553 ε
2664 4486 2741 4554 Ὁ
2769 4488 2970 4569 μέντοι
2999 4495 3307 4557 Πλωτῖνος
3325 4491 3458 4572 περὶ
3488 4492 3737 4573 εὐλόγου
3768 4494 3986 4577 ἐξαγω-

2315 4595 2424 4674 γῆς
2453 4590 2701 4673 γράφων
2729 4590 2940 4655 οὐδένα
2967 4593 3188 4657 τούτων
3216 4598 3332 4656 τῶν
3358 4592 3536 4657 πέντε
3575 4595 3807 4675 τρόπων
3845 4598 3989 4661 ἀπο-

2318 4692 2552 4776 δέχεται
2591 4694 3113 4776 (Enumeraverat
3143 4694 3208 4758 in
3248 4694 3737 4781 proecedentibus
3776 4697 3986 4762 David

2316 4796 2595 4882 quinque
2611 4795 2896 4875 rationes,
2915 4819 3071 4882 quas
3086 4794 3188 4859 alii
3210 4794 3562 4885 philosophi
3582 4799 3986 4883 statuebant),

2314 4898 2395 4978 μὴ
2423 4900 2667 4978 ἀμελεῖν
2694 4898 2893 4980 λέγων
2920 4899 3109 4979 πάντη
3136 4903 3240 4963 τοῦ
3267 4901 3533 4979 σώματος
3554 4899 3623 4964 δι’
3648 4902 3989 4982 ἑπιμελείαν

2312 5005 2528 5085 ψυχῆς,
2561 5002 2723 5066 ἀλλὰ
2749 5001 2856 5080 τὴν
2882 5001 3297 5083 προσ-ἥκουσαν
3317 5003 3495 5066 αὐτοῦ
3519 5008 3814 5068 ποιεῖσθαι
3839 5006 3984 5086 πρό-

2313 5128 2498 5177 νοιαν,
2542 5103 2649 5172 ἕως
2705 5104 2775 5169 οὗ
2827 5104 3016 5168 ἐκεῖνο
3061 5103 3460 5184 ἀνεπιτήδειον
3500 5107 3824 5187 γενόμενον
3866 5111 3985 5170 δια-

2312 5204 2523 5285 στήσοι
2551 5204 2763 5270 ἑαυτὸν
2788 5209 2889 5286 τῆς
2913 5205 3058 5287 πρὸς
3095 5206 3202 5286 τὴν
3240 5206 3445 5291 ψυχὴν
3485 5209 3799 5282 κοινωνίας,
3843 5208 3981 5272 ἀτο-

2309 5332 2426 5372 πον
2454 5310 2571 5390 γὰρ
2598 5305 2665 5371 τὸ
2692 5307 2805 5390 πρὸ
2838 5312 3037 5390 καιροῦ
3066 5307 3300 5392 ἐξάγειν
3329 5311 3557 5375 ἑαυτόν.

2510 5604 2654 5672 ΜΞ
