5118 6613
1061 552 1191 623 322

1067 706 1224 773 toria
1254 726 1375 772 non
1406 705 1675 771 scientiae
1704 704 1833 770 sive
1866 702 2254 793 cognitionis,
2286 702 2394 768 sed
2424 725 2634 768 rerum
2662 702 2784 791 ip··

1054 834 1276 876 sarum
1305 810 2115 896 (objectorum).—-Atque
2145 807 2279 873 hoec
2308 806 2444 895 ipsa
2471 804 2763 893 deinceps

1069 913 1397 979 Kantianis
1428 912 1565 978 telis
1593 912 1903 999 configere
1945 935 2016 978 80
2054 911 2354 977 conficere
2394 909 2762 998 aggreditur

1068 1016 1856 1096 Tennemannus.—Quod
1898 1013 2130 1081 bellum
2178 1038 2218 1078 a
2259 1012 2459 1091 nobis,
2488 1011 2599 1099 qui
2628 1012 2761 1077 edi·

1065 1120 1216 1184 toris
1258 1142 1490 1186 munus
1531 1119 1899 1206 recepimuS,
1930 1118 2419 1205 haudquaquam
2465 1115 2756 1183 militabi-

1063 1238 1190 1288 tur.
1282 1224 1444 1287 Haec
1470 1221 1982 1311 philosophorum
2022 1221 2255 1310 potius,
2283 1221 2394 1308 qui
2423 1235 2759 1308 systemata

1064 1327 1158 1391 vel
1209 1326 1520 1391 {edificant
1564 1325 1662 1390 vel
1708 1325 1992 1404 diruunt,
2043 1325 2261 1390 militia
2301 1341 2453 1391 est0.
2544 1323 2756 1389 David

1065 1429 1407 1495 Armenius
1452 1428 1865 1516 philosophus
1896 1432 2113 1494 MScr.
2142 1428 2204 1493 in
2236 1428 2597 1494 Aristotelis
2631 1429 2753 1492 Ca·

1061 1550 1292 1620 tegorr.
1319 1531 1383 1595 in
1417 1532 1576 1597 Cod.
1611 1533 1752 1597 Vat.
1789 1555 1851 1597 n.
1893 1550 2079 1618 1023.
2110 1532 2371 1619 aliisque
2390 1530 2605 1612 ε--Ἳὲὲξ
2632 1534 2751 1596 τοί-

1061 1662 1170 1700 νυν
1196 1636 1523 1719 ἐπιγραφαὶ
1567 1633 1855 1717 φέρονται
1900 1640 2006 1699 τοῦ
2046 1637 2338 1718 παρόντος
2379 1637 2650 1715 βιβλίου.
2699 1637 2758 1700 οἱ

1057 1741 1170 1819 μὲν
1199 1743 1314 1822 γὰρ
1345 1737 1701 1821 ἐπέγραψαν
1736 1739 1971 1822 (ὑπέγρ.
2003 1737 2141 1803 cod.
2179 1737 2376 1802 Paris.
2409 1740 2618 1821 1900.)
2657 1764 2755 1801 xa-

1059 1843 1345 1925 τηγορίαι,
1379 1842 1457 1911 ὣς
1492 1841 1668 1910 αὐτὸς
1703 1844 1737 1905 6
1772 1840 2212 1923 Ἀριστοτέλης·
2257 1843 2316 1906 οἱ
2355 1843 2421 1905 δὲ
2464 1841 2600 1924 περὶ
2637 1846 2755 1905 τῶν

1061 1950 1442 2026 κατηγοριῶν·
1488 1945 1571 2007 ὧν
1598 1969 1754 2010 τινες
1783 1947 2002 2026 ἑταῖροι
2036 1945 2251 2026 (ἕτεροι
2279 1940 2509 2007 Parias.
2538 1964 2754 2007 omnes

1058 2045 1294 2111 solenni
1331 2045 1506 2128 vitio)
1553 2051 1658 2110 τοῦ
1695 2045 2170 2128 Ἀριστοτέλους·
2221 2049 2280 2111 ot
2325 2048 2391 2110 δὲ
2433 2047 2570 2129 περὶ
2612 2045 2755 2110 δέκα

1058 2156 1250 2232 γενῶν
1279 2154 1385 2214 τοῦ
1411 2152 1601 2222 ὄντος,
1634 2151 1711 2216 ὥς
1740 2155 2051 2217 Πλωτῖνος
2079 2148 2412 2232 ἀντιλέγων
2430 2154 2557 2217 ταῖς
2587 2174 2757 2229 xam-

1054 2253 1298 2335 γορίαις·
1347 2254 1405 2316 οἱ
1433 2254 1499 2316 δὲ
1527 2253 1664 2334 περὶ
1701 2258 1821 2316 τῶν
1847 2253 2046 2316 τόπων
2078 2251 2221 2335 (πρὸ
2249 2255 2370 2316 τῶν
2396 2253 2597 2316 τόπων
2626 2252 2751 2315 Pa-

1055 2354 1190 2418 riss‚
1227 2375 1412 2440 1900.
1449 2373 1634 2441 1937.
1675 2354 1878 2440 1938:
1926 2353 1991 2418 in
2028 2374 2209 2441 1939.
2242 2356 2645 2438 correctum),
2677 2355 2753 2421 ὥς

1053 2456 1346 2541 Ἀρχύτας
1373 2460 1407 2521 6
1434 2463 1820 2540 Ταραντῖνος·
1864 2460 1922 2522 οἱ
1950 2461 2016 2522 δὲ
2042 2460 2179 2540 περὶ
2205 2462 2323 2523 τῶν
2353 2459 2613 2522 καθόλου
2641 2459 2748 2522 λό-

1057 2585 1201 2641 γων,
1250 2560 1327 2628 ὣς
1356 2558 1695 2643 Ἀδραστος
1740 2563 1773 2624 6
1818 2559 2214 2644 Ἀφροδισεὺς
2258 2561 2522 2643 (Parias.
2562 2580 2748 2647 1937.

1061 2663 1244 2747 1938.
1287 2664 1703 2745 ἀφροδισσεύς.
1797 2663 1924 2728 Sed
1967 2661 2303 2750 legendum
2333 2667 2367 2728 6
2401 2664 2747 2747 Ἀφροδισι-

1055 2763 1206 2832 εύς.”
1252 2766 1328 2828 L.
1350 2766 1450 2829 Μ.
1474 2767 1561 2830 Ε.
1588 2766 1902 2851 Sahwne.)
1948 2769 1982 2831 6
2011 2770 2476 2850 περιπατητικός·
2524 2771 2657 2851 νικᾷ
2685 2769 2751 2831 δὲ

1050 2866 1248 2933 πάσας
1274 2868 1312 2948 ἡ
1340 2873 1446 2932 τοῦ
1465 2867 1935 2950 Ἀριστοτέλους.
1989 2870 2170 2935 Idem
2200 2870 2263 2934 in
2285 2871 2533 2936 easdem
2563 2894 2619 2935 c.
2645 2869 2747 2934 II.

1055 2969 1112 3051 ξ.
1147 2969 1209 3033 6.
1240 2968 1641 3056 81].-Ἀλλοι
1673 2973 1786 3053 (sc.
1819 2974 2144 3054 ἀποροῦσιν
2172 2976 2230 3038 οἱ
2257 2975 2615 3054 πλεονεξίαν
2645 3000 2746 3039 κα-

1052 3076 1342 3154 τηγοριῶν
1373 3078 1830 3155 κατηγοροῦντες
1861 3075 2263 3162 Krabinger.)
2299 3079 2395 3141 διὰ
2422 3079 2484 3140 τί
2500 3077 2580 3155 μὴ
2607 3076 2745 3141 τέσ·

1053 3196 1232 3256 σἀρες
1259 3177 1322 3239 αἱ
1353 3177 1711 3257 κατηγορίαι,
1740 3178 1818 3244 ὥς
1845 3186 2035 3260 φησιν
2062 3181 2095 3242 6
2127 3184 2437 3247 Πλωτῖνος
2461 3180 2524 3261 (6
2548 3185 2749 3245 Πλου-

1050 3282 1225 3344 τῖνος.
1262 3276 1346 3343 sic
1375 3277 1615 3366 aliquot
1640 3278 1900 3363 Codd.)‚
1926 3282 2121 3357 οὐσία,
2145 3281 2363 3361 ποσὸν,
2386 3282 2582 3358 ποιὸν,
2605 3286 2750 3366 πρός

1049 3406 1125 3445 τι.
1160 3384 1223 3446 αἱ
1248 3385 1363 3466 γὰρ
1392 3383 1600 3447 λοιπαὶ
1629 3386 1694 3448 ἑκ
1722 3388 1824 3464 τῆς
1853 3390 2194 3466 συμπλοκῆς
2220 3388 2442 3451 τούτων
2465 3385 2747 3469 ἐγένοντο

1057 3486 1341 3568 (Monac.
1372 3506 1477 3572 99.
1511 3486 1804 3570 ἐγένετο).
1856 3489 1951 3552 καὶ
1977 3487 2113 3554 λύει
2141 3492 2174 3553 6
2205 3489 2377 3556 αὐτὸς
2403 3489 2624 3572 λέγων,
2656 3490 2747 3554 ὅτι

1050 3588 1159 3653 κάν
1187 3588 1471 3655 σύνθετοί
1491 3593 1663 3662 εἰσ-ιν,
1697 3590 1837 3654 ἀλλ’
1868 3592 1977 3656 οὖν
2004 3594 2166 3672 ἁπλῆ
2194 3593 2232 3672 ἡ
2263 3595 2465 3674 νόησις
2493 3594 2561 3674 (ἡ
2598 3590 2742 3658 σύν·

1048 3695 1212 3759 θεσις
1245 3691 1457 3779 plures
1486 3691 1726 3778 Codd.)
1761 3694 1971 3760 αὐτῶν.
2021 3696 2177 3761 ἄλλο
2222 3698 2288 3760 δὲ
2332 3696 2486 3764 εἶδος
2527 3700 2633 3760 τοῦ
2674 3697 2741 3759 ἅ-

1048 3798 1206 3857 πλοῦ
1254 3797 1414 3877 παρὰ
1464 3794 1532 3857 τὸ
1585 3793 1896 3874 σύνθετον,
1953 3800 2049 3862 καὶ
2103 3799 2260 3863 ἄλλο
2311 3798 2380 3863 τὸ
2432 3795 2740 3864 σύνθετον·

1048 3899 1207 3961 ἀλλο
1254 3902 1370 3979 γὰρ
1415 3898 1722 3980 ἄνθρωπος
1763 3899 1915 3964 εἶναι
1946 3900 2038 3982 (111
2071 3900 2267 3966 Paris.
2308 3921 2493 3988 1939.
2522 3900 2748 3965 omissa

1049 4012 1196 4062 sunt
1223 3998 1414 4062 verba
1439 4023 1453 4061 τ
1504 4001 1660 4064 ἄλλο
1691 4004 1756 4064 δὲ
1789 4001 2231 4087 εἶδος-εἶναι),
2266 4006 2363 4070 καὶ
2389 4006 2546 4070 ἄλλο
2576 4004 2747 4088 ψυχὴ

1051 4099 1202 4164 εἶναι
1225 4103 1424 4184 (ψυχῇ
1453 4101 1604 4166 εἶναι
1636 4104 1978 4191 Krabing.)
2005 4107 2163 4170 ἄλλο
2194 4109 2421 4188 σώματι
2447 4108 2619 4183 εἶναι,
2654 4108 2749 4172 καὶ

1051 4204 1207 4266 ἄλλο
1237 4205 1523 4290 ἀνθρώπῳ
1548 4204 1716 4269 εἶναι.

1133 4327 1201 4392 p.
1240 4325 1425 4385 1044,
1465 4327 1563 4393 13.
1602 4306 1775 4373 Ὅσα
1819 4311 1885 4373 δὲ
1933 4310 2473 4390 ἐξετάσαντες-ἓν
2503 4310 2747 4392 γένεσιν

1050 4407 1396 4491 ὡρισμένοις
1422 4410 1810 4477 αὐτοὶ-οὕτε
1837 4413 2050 4495 ἄπειρα
2079 4415 2170 4478 ὅτι
2198 4413 2343 4494 μήτε
2368 4416 2497 4478 οἶόν
2520 4439 2587 4478 τε
2615 4412 2741 4493 μήτ’

1048 4510 1337 4591 ἐπιστήμη
1377 4510 1454 4575 ἂν
1494 4513 1780 4603 γένοιτό]
1831 4517 1935 4579 Ita
1980 4539 2123 4582 cum
2170 4515 2530 4582 melioribus
2572 4514 2745 4580 libris

1047 4630 1110 4678 et
1142 4613 1361 4678 Ficino
1390 4614 1593 4679 locum
1624 4618 2006 4683 correximus
2031 4634 2095 4685 et
2121 4618 2530 4706 explevimus,
2577 4622 2740 4684 Mox

1047 4717 1192 4800 γένη
1224 4717 1291 4780 δέ
1318 4718 1679 4783 τινα-δέκα
1710 4748 1759 4784 κ.
1779 4745 1832 4783 τ.
1854 4728 1915 4784 λ.
1994 4721 2350 4786 Aristotelis
2381 4723 2745 4811 Categorias

1047 4820 1347 4907 respicere
1381 4820 1476 4883 his
1505 4821 1710 4886 verbis
1739 4822 2060 4888 Plotinum
2095 4847 2217 4888 non
2246 4841 2339 4890 est
2368 4826 2539 4912 quod
2571 4849 2737 4891 com-

1048 4924 1313 5010 probare
1342 4924 1706 4990 studeamus
1732 4941 1875 5013 post
1902 4950 1993 5002 ea,
2031 4950 2177 5015 quae
2213 4927 2294 4992 ad
2327 4928 2579 4995 titulum
2621 4930 2742 4994 hu·

1038 5029 1150 5114 jus
1179 5026 1319 5092 libri
1353 5027 1556 5115 posita
1584 5043 1753 5107 sunt,
1785 5028 1890 5094 ubi
1921 5030 2104 5095 etiam
2137 5030 2217 5095 de
2247 5031 2537 5118 Archyta
2578 5032 2739 5097 aliis-

1047 5155 1173 5217 que
1203 5129 1609 5219 philosophiS,
1638 5131 1748 5218 qui
1781 5155 2023 5197 summa
2051 5133 2209 5199 entis
2247 5158 2478 5221 genera
2513 5136 2737 5200 consti-

1050 5248 1319 5311 tuerant,
1365 5233 1602 5297 dictum
1650 5248 1767 5298 est.
1856 5237 1960 5300 De
2005 5236 2352 5301 Aristotelis
2397 5237 2744 5326 Categoriis

1047 5337 1135 5401 ita
1167 5336 1521 5424 Simplicius
1548 5337 1613 5400 in
1643 5361 1746 5402 eas
1774 5337 1881 5402 fol.
1921 5358 1977 5420 7.
2008 5347 2074 5420 β.
2123 5339 2269 5405 edit.
2307 5339 2498 5404 Basil.
2538 5360 2694 5426 1551
2723 5366 2737 5405 :

1050 5441 1145 5503 καὶ
1174 5444 1288 5522 γὰρ
1317 5442 1376 5504 οἱ
1401 5443 1515 5520 μὲν
1540 5441 1655 5523 πρὸ
1685 5446 1804 5507 τῶν
1831 5447 2085 5507 τοπικῶν
2115 5442 2470 5526 ἐπέγραψαν
2498 5443 2567 5507 τὸ
2594 5451 2739 5524 βιβ-

1048 5544 1203 5606 λίον·
1255 5542 1642 5623 (Aristotelis
1671 5546 2176 5633 categoriarum)
2231 5549 2288 5611 οἱ
2333 5547 2398 5610 δὲ
2442 5548 2578 5629 περὶ
2625 5551 2743 5612 τῶν

1999 529 2847 598 ANNOTATIONES
2910 529 3023 595 IN
3087 529 3518 596 PLOTINI

2847 707 3042 786 γενῶν
3083 707 3187 767 τοῦ
3223 703 3413 770 ὄντος·
3461 705 3643 769 ἄλλοι
3689 706 3753 768 δὲ
3799 704 3933 787 περὶ
3974 708 4093 769 τῶν
4138 704 4280 771 δέκα
4322 711 4536 791 γενῶν·

2848 808 3028 871 ἄλλοι
3084 807 3150 870 δὲ
3203 808 3542 888 κατηγορίαι
3598 806 3759 871 δέκα·
3820 809 4003 872 ἄλλοι
4054 810 4119 873 δὲ
4176 814 4540 893 κατηγορίαι,

2847 910 3049 992 ὥσπερ
3097 910 3192 973 καὶ
3242 912 3351 972 νῦν
3394 908 4223 997 φέρεται.-(3810,«ζοι·181·11111
4277 914 4538 980 mentio-

2847 1034 2986 1076 nem
3031 1011 3216 1076 etiam
3260 1010 3411 1075 facit
3438 1012 3705 1077 Marius
3747 1014 4101 1079 Victorinus
4140 1015 4536 1103 Exposition.

2845 1114 2909 1178 in
2942 1113 3258 1179 Ciceronis
3287 1113 3550 1179 Rhetor.
3584 1116 3643 1181 1.
3677 1139 3743 1203 p.
3772 1136 3912 1203 130.
3958 1118 4055 1182 ed.
4092 1119 4536 1206 Capperonne·

2843 1217 2959 1283 rii:
3011 1226 3053 1257 “
3079 1216 3470 1297 AristoteleS,
3500 1217 3609 1298 ait,
3651 1242 3750 1283 res
3792 1241 4030 1297 01111103,
4061 1243 4207 1308 quae
4251 1219 4314 1285 in
4360 1220 4544 1288 dictis

2842 1336 2907 1386 et
2935 1322 3116 1388 factis
3143 1334 3207 1387 et
3236 1320 3299 1385 in
3332 1320 3501 1385 omni
3532 1323 3771 1387 mundo
3797 1338 4098 1410 aguntur,
4128 1322 4344 1389 decem
4375 1348 4535 1400 esse;

2844 1447 3111 1511 quarum
3161 1446 3368 1489 rerum
3423 1425 3675 1489 nomina
3716 1448 4041 1513 ponemus,
4132 1426 4350 1491 Prima
4389 1430 4539 1494 sub-

2841 1530 3085 1593 stantia
3127 1540 3259 1592 est:
3308 1525 3536 1592 deinde
3576 1531 3922 1615 quantitas,
3952 1530 4248 1618 finalitas,
4291 1531 4380 1595 ad
4418 1532 4536 1596 abi-

2841 1633 3014 1719 qm‘d,
3052 1632 3184 1711 ubi,
3227 1632 3498 1719 quando,
3541 1635 3731 1711 situs,
3775 1633 4021 1714 habere,
4040 1635 4298 1719 facere,
4332 1637 4539 1723 pati?

2844 1735 3019 1798 Tum
3050 1735 3279 1800 Graeca
3305 1733 3577 1822 subjicit.

2929 1861 2990 1926 p.
3032 1855 3218 1924 1045,
3263 1839 3321 1903 8.
3357 1836 3502 1903 Ὅτι
3546 1841 3662 1921 γὰρ
3707 1839 3777 1902 οὐ
3824 1841 4172 1919 συνῶνυμον
4214 1840 4283 1903 τὸ
4336 1839 4538 1921 ‹iv—3⁴1

2840 1939 3180 2026 ὁμωνύμως]
3233 1940 3381 2006 Vid.
3416 1939 3761 2005 Aristotelis
3792 1943 4014 2029 Categ.
4046 1964 4101 2006 0.
4134 1962 4189 2006 1.
4219 1944 4392 2030 quod
4437 1943 4531 2009 in-

2839 2042 3128 2108 scribitur
3142 2046 3279 2126 περὶ
3297 2041 3686 2124 Ὀμωνύμων,
3711 2042 4098 2125 Συνωνύμων,
4126 2045 4529 2129 Παρωνύμων·

2841 2144 3010 2210 1111110
3059 2146 3192 2211 haec
3238 2162 3535 2233 excerpta
3575 2145 3932 2233 subjiciam:
3983 2156 4027 2187 “
4057 2148 4408 2235 AEquivoca
4440 2154 4533 2233 (ὁ-

2837 2251 3111 2333 μῶνυμα)
3144 2265 3469 2328 vocantur,
3501 2271 3770 2335 quorum
3809 2271 4139 2315 commune
4182 2250 4379 2316 solum
4423 2277 4530 2318 vo-

2836 2352 3131 2417 cabulum
3161 2367 3276 2431 est,
3307 2351 3567 2416 diversis
3600 2350 3762 2416 inter
3798 2376 3863 2416 se
3905 2375 4114 2417 rerum
4150 2355 4532 2431 notionibus»,

2837 2478 2983 2542 quae
3010 2455 3091 2521 ad
3119 2455 3275 2520 illud
3307 2454 3742 2542 explicandum
3778 2456 4134 2542 pertinent3
4182 2459 4533 2544 cujusmodi

2836 2574 2930 2623 est
2968 2560 3214 2623 animal
3241 2556 3639 2635 vocabulum,
3671 2580 3814 2622 cum
3858 2559 4187 2637 hominem,
4222 2577 4355 2624 tum
4387 2565 4529 2649 pic-

2838 2672 2968 2727 tam
3012 2662 3315 2726 animalis
3366 2662 3630 2748 speciem
3688 2660 4227 2748 significans.”—“
4251 2666 4532 2729 Univoca

2840 2766 3215 2850 (συνώνυμα)
3246 2780 3455 2828 autem
3487 2761 3784 2828 dicuntur
3812 2763 3969 2843 haec,
3998 2787 4267 2851 quorum
4312 2782 4377 2831 et
4418 2790 4529 2832 no·

2837 2891 2977 2934 men
3026 2890 3376 2946 commune,
3422 2868 3788 2954 eademque,
3830 2892 3977 2955 quae
4021 2869 4253 2933 nomini
4298 2869 4388 2934 illi
4432 2894 4526 2935 re-

2835 2971 3160 3057 spondeat,
3190 2969 3520 3058 explicatio
3562 2986 3676 3048 est,
3718 2969 4248 3058 quemadmodum
4293 2975 4537 3038 animal

2835 3089 2970 3139 tum
3016 3075 3226 3139 bovem
3270 3072 3630 3160 significat,”
3662 3076 3775 3138 810.
3870 3074 3971 3138 Cf.
4007 3073 4308 3161 Simplicii
4338 3079 4527 3140 Com-

2835 3193 3095 3243 mentar.
3150 3177 3213 3241 in
3261 3176 3620 3242 Aristotelis
3671 3179 3996 3264 Categorr.
4049 3176 4155 3241 fol.
4207 3196 4267 3262 7.
4317 3177 4531 3266 ibique

2833 3280 3016 3346 etiam
3059 3279 3276 3346 laudd.
3310 3278 3639 3346 Iamblich.
3687 3294 3751 3345 et
3792 3280 4528 3367 Syrianus.—Plotinum

2833 3400 3038 3449 tamen
3069 3384 3252 3449 etiam
3285 3407 3359 3450 ea
3384 3386 3591 3450 dicere
3617 3384 4018 3471 homonyma,
4041 3408 4186 3472 quae
4211 3387 4531 3474 metapho-

2831 3486 2955 3552 rice
2984 3509 3091 3550 seu
3124 3508 3235 3573 per
3260 3485 3602 3569 μετάληψιν
3629 3509 3668 3550 8
3700 3501 3906 3551 mente
3935 3487 4017 3551 ad
4045 3510 4306 3574 corpora
4334 3505 4529 3555 trans-

2829 3589 3114 3654 ferantur
3142 3588 3481 3654 arbitratur
3511 3589 3849 3654 Steinhart
3891 3589 3955 3653 in
3990 3592 4395 3665 Quoestionib.
4425 3595 4527 3659 De

2830 3693 3152 3757 dialectica
3181 3694 3423 3757 Plotini
3446 3694 3694 3757 ratione
3722 3715 3789 3780 p.
3817 3712 3920 3774 24.
3949 3709 4077 3758 not.
4113 3694 4213 3758 80.

2917 3818 2981 3883 p.
3017 3798 3203 3874 1046,
3241 3816 3337 3881 13.
3387 3795 3536 3860 εἰτὸ
3567 3797 3718 3860 ἴδιόν
3748 3821 3834 3863 τις
3866 3797 4137 3881 ἀποδοίη]
4190 3797 4293 3861 De
4333 3797 4523 3885 signi-

2831 3898 3222 3964 ficationibus
3271 3898 3446 3963 verbi
3501 3900 3843 3963 ἀποδιδόναι
3892 3898 3956 3963 in
4012 3897 4525 3988 philosophorum

2833 4000 3362 4090 disputationibus
3389 3999 3626 4063 dictum
3658 4011 3750 4063 est
3779 4022 3971 4087 supra
3997 3999 4077 4065 ad
4109 4001 4254 4065 111.
4288 4022 4338 4065 1.
4370 4023 4423 4068 1.
4458 4027 4517 4091 p.

2836 4108 2984 4172 228.
3017 4106 3094 4169 C.
3120 4105 3205 4168 D.

2919 4245 3000 4258 -.
3034 4225 3130 4290 17.
3178 4208 3307 4272 οἷον
3337 4208 3393 4270 εἴ
3427 4231 3515 4272 τις
3553 4203 3620 4268 τὸ
3660 4209 3780 4269 τῶν
3816 4203 4227 4287 Ἡρακλειδῶν
4253 4207 4429 4291 γένος
4458 4212 4527 4275 ἕν

2831 4336 2888 4375 τι
2915 4310 3088 4393 λέγοι
3118 4338 3165 4374 κ.
3185 4335 3238 4375 τ.
3260 4310 3355 4398 λ.]
3403 4306 3797 4396 Porphyrius
3828 4309 4080 4395 Isagog.
4104 4308 4168 4373 in
4198 4311 4526 4377 Aristotel.

2834 4414 3157 4501 Categorr.
3192 4436 3245 4477 0.
3273 4413 3374 4476 11.
3403 4434 3467 4499 p.
3497 4429 3554 4476 2.
3585 4410 3761 4497 Sylb.
3793 4433 3855 4497 p.
3880 4429 4248 4497 370-372.
4271 4414 4521 4481 Buhlii:

2832 4514 3007 4598 γένος
3033 4519 3148 4598 γὰρ
3176 4514 3420 4597 λέγεται
3451 4515 3546 4579 καὶ
3572 4515 3811 4595 ἡτινῶν
3842 4517 4106 4599 ἐχόντων
4133 4541 4256 4585 πως
4281 4520 4429 4600 πρὸς
4459 4521 4526 4586 ἔν

2829 4646 2885 4684 τι
2917 4621 3012 4684 καὶ
3038 4619 3183 4702 πρὸς
3212 4617 3516 4697 ἀλλήλους
3543 4619 3824 4699 ἄθροισις·
3859 4619 3990 4683 καθ’
4022 4618 4056 4682 ὃ
4086 4623 4526 4701 σημαινόμενον

2828 4725 2896 4789 τὸ
2925 4723 3337 4807 Ἡρακλειδῶν
3364 4723 3610 4805 λέγεται
3637 4722 3814 4805 γένος
3844 4725 3909 4786 ἐκ
3937 4727 4037 4803 τῆς
4064 4722 4167 4805 ἀφ’
4202 4725 4336 4793 ἑνὸς
4374 4728 4523 4810 σχέ-

2830 4854 3001 4907 σεως,
3028 4827 3190 4909 λέγω
3221 4827 3291 4905 δὴ
3320 4829 3426 4890 τοῦ
3449 4823 3821 4907 “Ηρακλέους
3852 4826 3947 4889 καὶ
3982 4830 4089 4890 τοῦ
4118 4827 4378 4907 πλήθους
4404 4833 4524 4895 τῶν

2831 4934 3093 5016 ἑχόντων
3119 4957 3243 4997 πως
3277 4930 3422 5012 πρὸς
3461 4927 3762 5009 ἀλλήλους
3788 4927 3896 5006 τὴν
3925 4926 4023 4992 ἀπ’
4057 4930 4283 4994 ἐκείνου
4311 4932 4521 4996 οἰκειό-

2828 5060 2991 5114 τητα,
3025 5037 3171 5098 κατᾶ
3204 5031 3509 5111 ἀποτομὴν
3535 5030 3643 5110 τὴν
3672 5030 3789 5095 ἀπὸ
3820 5034 3939 5095 τῶν
3968 5032 4175 5096 ἄλλων
4202 5036 4396 5115 γενῶν
4426 5060 4517 5099 κε-

2831 5133 3623 5217 κλημένον.--Ἡρακλεῖδαι
3648 5137 3763 5217 γὰρ
3791 5133 4076 5217 λέγονται
4096 5137 4154 5198 οἱ
4176 5135 4294 5199 ἀπὸ
4314 5136 4525 5219 γένους

2831 5240 3220 5320 καταγόμενοι
3245 5235 3616 5318 Ἡρακλέους
3646 5264 3697 5300 κ.
3718 5263 3773 5299 τ.
3794 5244 3855 5300 λ.
3905 5238 4096 5318 (Quae
4129 5236 4318 5303 verba
4347 5239 4525 5306 Buh-

2827 5338 2950 5404 lius
2993 5362 3135 5404 cum
3180 5338 3457 5426 reliquis,
3488 5360 3692 5425 usque
3731 5338 3812 5402 ad
3849 5341 4155 5423 ἀγχιστεῖς
4195 5338 4518 5422 inclusive,

2829 5443 3070 5508 uncinis
3097 5442 3367 5522 inclusit,
3387 5441 3559 5528 quod
3584 5442 3642 5505 in
3669 5441 3797 5506 Ed.
3819 5442 4051 5507 Latina
4067 5443 4307 5508 Veneta
4329 5464 4351 5508 1
4365 5447 4511 5525 481.

2827 5547 2961 5611 haec
2990 5545 3324 5633 leguntur:
3357 5547 3634 5610 Romani
3665 5568 3814 5608 nam
3840 5555 4013 5624 sunt,
4042 5547 4151 5633 qui
4179 5567 4261 5610 ea·
4278 5569 4518 5635 genere
