5118 6613
1065 543 1192 614 332

1072 701 1331 762 Plotium
1369 700 1519 778 apud
1559 698 1921 839 Simpliciu118¹
1952 700 2009 840 ig
2039 701 2367 760 Aristotelis
2395 700 2729 779 Categoriae

1752 801 1811 858 p.
1845 798 1876 856 7
1926 824 1940 839 .
2015 827 2029 840 .

1157 925 1221 989 p.
1262 902 1447 982 1069,
1486 918 1583 977 14·
1629 900 1704 961 Et
1740 897 1808 962 δέ
1843 923 1929 966 τις
1964 898 2139 981 λέγοι
2173 899 2280 979 τὴν
2313 902 2544 980 κίνησιν
2574 902 2756 981 ἀτελῆ

1073 1004 1379 1086 ἐνέργειαν
1432 999 1602 1073 εἶναι,
1648 1001 1820 1064 οὐδὲν
1864 1002 2087 1066 ἐκώλυε
2137 1002 2244 1081 τὴν
2293 1004 2406 1081 μὲν
2450 1001 2757 1084 ἐνέργειαν

1075 1136 1130 1171 κ.
1152 1132 1204 1170 τ.
1224 1105 1319 1193 λ.]
1364 1102 1442 1168 Ὁ
1486 1105 1549 1166 δὲ
1596 1107 1925 1179 Πλωτῖνος,
1971 1104 2108 1167 οὑδὲ
2150 1105 2257 1183 τὴν
2303 1106 2532 1184 κίνησιν
2576 1107 2758 1185 ἀτελῆ

1071 1213 1374 1292 συγχωρεῖ
1399 1205 1571 1281 εἶναι,
1596 1205 1731 1269 οὐδὲ
1758 1207 2139 1271 τελειοῦσθαί
2162 1215 2349 1288 φησιν
2372 1207 2571 1285 αὑτὴν,
2597 1208 2760 1271 ἀλλὰ

1071 1313 1139 1376 τὸ
1170 1317 1428 1394 πρᾶγμα,
1461 1310 1529 1373 οὑ
1559 1308 1931 1391 ἐστοχάζετο,
1964 1310 2111 1383 οἷον,
2144 1309 2252 1388 τὴν
2277 1308 2523 1388 βάδισιν
2553 1311 2617 1387 ἐξ
2654 1310 2756 1390 ἀρ-

1071 1419 1181 1499 χῆς
1205 1416 1318 1493 μὲν
1347 1413 1499 1476 εἶναι
1539 1411 1799 1491 βάδισιν.
1848 1413 1902 1476 εί
1944 1413 2008 1475 δὲ
2055 1412 2174 1475 ἔδει
2217 1411 2459 1476 στάδιον
2486 1413 2756 1492 βαδίσαι,

1073 1519 1233 1582 οὔπω
1278 1517 1341 1580 δέ
1386 1514 1462 1594 ἦν
1499 1518 1671 1577 τοῦτο
1706 1515 2006 1590 διανύσας,
2038 1513 2108 1577 οὑ
2138 1517 2239 1593 τῆς
2275 1516 2591 1593 βαδίσεως,
2623 1513 2759 1578 οὑδὲ

1072 1623 1174 1699 τῆς
1201 1614 1481 1696 κινήσεως
1512 1617 1641 1680 ἐστι
1668 1615 1737 1680 τὸ
1768 1618 2072 1690 ἐλλεῖπον,
2106 1618 2269 1681 ἀλλὰ
2296 1621 2397 1696 τῆς
2422 1621 2613 1696 ποσῆς
2639 1623 2755 1697 βα-

1074 1722 1298 1787 δίσεως.
1342 1718 1579 1797 βάδισις
1607 1721 1722 1800 γὰρ
1749 1719 1823 1798 ἦν
1854 1720 1950 1782 καὶ
1974 1720 2199 1798 κίνησις
2230 1720 2360 1800 ἤδη,
2395 1720 2503 1785 κᾶν
2532 1723 2753 1799 ὁποση-

1073 1828 1199 1888 οῦν.
1243 1825 1277 1885 ὁ
1323 1824 1388 1886 δὲ
1431 1820 1782 1905 Ἰάμβλιχος
1824 1824 2097 1886 ὑπαντῶν
2136 1822 2282 1904 πρὸς
2325 1822 2524 1896 αὑτὸν,
2565 1822 2678 1906 οὑχ
2720 1819 2758 1902 ᾗ

1075 1928 1328 2006 κινητόν,
1375 1934 1546 2007 φησι,
1592 1924 1921 2003 λαμβάνεις
1966 1924 2034 1988 τὸ
2085 1924 2264 2007 ἔργον
2308 1930 2410 2004 τῆς
2455 1924 2755 2004 κινήσεως,

1073 2031 1210 2094 οὑδὲ
1249 2027 1397 2109 πρὸς
1437 2027 1544 2106 τὴν
1585 2029 1830 2106 δύναμιν
1879 2027 2018 2091 αὑτὸ
2069 2025 2406 2106 συνάπτεις,
2438 2028 2567 2091 ἐπεὶ
2615 2026 2758 2090 καθὸ

1074 2131 1310 2211 κινητὸν
1338 2133 1499 2196 οὔπω
1529 2131 1695 2194 ἐστὶν
1725 2132 1893 2193 ὅλον.
1940 2130 2072 2193 οὑδὲ
2106 2130 2215 2209 τὴν
2243 2128 2625 2213 ἐντελέχειαν
2653 2129 2760 2192 οὖν

1072 2237 1150 2304 ὦς
1179 2239 1411 2315 κινητοῦ
1438 2231 1787 2313 λαμβάνεις.
1837 2234 1932 2296 καὶ
1969 2231 2138 2314 λέγει
2177 2231 2338 2312 οἶμαι
2384 2236 2593 2297 καλῶς·
2637 2256 2755 2294 τοι-

1072 2342 1248 2403 οῦτον
1267 2337 1383 2420 γάρ
1405 2362 1460 2400 τι
1489 2340 1652 2400 δοκεῖ
1669 2360 1769 2415 μοι
1797 2334 2077 2418 πάσχειν,
2103 2336 2231 2399 οἷον
2253 2337 2392 2402 εἴτις
2421 2334 2516 2397 καὶ
2535 2334 2605 2397 τὸ
2628 2335 2758 2397 ἀτε-

1072 2442 1178 2508 λὲς
1219 2439 1361 2504 αὑτὸ
1405 2437 1639 2502 τέλειον
1679 2436 1872 2519 λέγοι,
1911 2438 2056 2501 ὅταν
2102 2438 2310 2504 ἀτελὲς
2352 2433 2414 2517 ᾖ,
2463 2439 2611 2500 κατὰ
2652 2436 2759 2515 τὴν

1073 2543 1350 2607 ἀτέλειαν
1378 2541 1801 2623 θεωρούμενον·
1850 2541 2031 2606 οὕτως
2068 2541 2133 2603 δὲ
2167 2540 2260 2603 καὶ
2288 2540 2325 2619 ἡ
2356 2541 2581 2618 κίνησις
2620 2542 2755 2603 ἀτε-

1075 2645 1184 2725 λής
1234 2647 1420 2718 ἐστιν,
1453 2646 1544 2708 ὅτι
1588 2642 1860 2723 μέμικται
1904 2643 2078 2721 αὑτῆς
2118 2643 2156 2722 ἦ
2201 2643 2398 2724 φύσις,
2434 2642 2500 2705 ἔκ
2546 2668 2613 2706 τε
2655 2646 2760 2705 τοῦ

1073 2749 1314 2828 δυνάμει
1365 2749 1460 2812 καὶ
1511 2747 1871 2831 ἐντελεχείᾳ,
1928 2747 1990 2824 ἐξ
2040 2746 2319 2827 ἀορίστου
2367 2743 2618 2826 γεγονὸς
2666 2744 2761 2807 καὶ

1073 2848 1421 2931 ὡρισμένου,
1476 2850 1746 2930 ἀμόρφου
1791 2873 1858 2911 τε
1910 2848 2006 2911 καὶ
2062 2850 2266 2921 εἴδους,
2317 2847 2412 2910 καὶ
2459 2847 2538 2926 μὴ
2591 2847 2762 2912 ὄντος

1075 2955 1223 3032 ὁμοῦ
1253 2952 1348 3015 καὶ
1375 2952 1565 3016 ὄντος.
1610 2952 1673 3029 ἐξ
1701 2951 1785 3013 ὧν
1813 2953 1995 3028 δῆλον
2024 2950 2270 3031 γίνεται,
2302 2949 2379 3016 ὡς
2405 2949 2578 3012 οὐδὲν
2608 2974 2761 3027 κινη-

1077 3054 1182 3118 τὸν
1215 3053 1442 3133 κινήσει
1483 3052 1627 3134 πρὸς
1664 3052 1772 3131 τὴν
1813 3054 2073 3133 καθαρὸν
2104 3050 2431 3132 ἐνέργειαν.
2477 3053 2620 3130 αὕτη
2647 3054 2762 3133 γὰρ

1078 3154 1303 3237 καθαρά
1333 3157 1463 3218 ἐστι
1491 3154 1685 3232 πάσης
1714 3154 1956 3235 ἀπείρου
1988 3154 2081 3217 καὶ
2108 3154 2386 3234 ἀορίστου
2414 3157 2758 3234 συμμίξεως,

1079 3259 1175 3323 καὶ
1200 3256 1478 3342 ὑπερέχει
1504 3262 1621 3321 τῶν
1648 3258 1944 3322 τοιούτων.
1994 3256 2121 3321 ἐπεὶ
2150 3258 2214 3320 δὲ
2243 3257 2350 3336 τὴν
2380 3258 2610 3337 κίνησιν
2640 3259 2764 3322 ἐδό-

1080 3387 1171 3426 κει
1212 3366 1334 3428 τοῖς
1376 3360 1492 3424 ἀπὸ
1539 3365 1642 3424 τοῦ
1678 3359 1999 3441 περιπάτου
2037 3362 2118 3427 είς
2160 3360 2229 3423 τὸ
2272 3360 2469 3423 ποσὸν
2495 3361 2760 3442 ἀνάγειν,

1078 3465 1366 3544 βούλεται
1394 3465 1428 3525 ὁ
1461 3467 1772 3529 Πλωτῖνος
1810 3465 1892 3530 είς
1929 3462 2037 3541 τὴν
2066 3460 2373 3543 ἐνέργειαν
2402 3462 2582 3542 αὑτὴν
2611 3463 2760 3527 ἀνά·

1082 3592 1232 3648 γειν,
1264 3567 1363 3630 ἵνα
1392 3567 1468 3634 ὥς
1494 3566 1532 3646 ἦ
1563 3564 1834 3647 ἐνέργειά
1863 3568 2028 3630 ἐστιν
2056 3565 2126 3629 οὑ
2154 3564 2367 3639 ποσὸν,
2398 3567 2546 3630 οὕτω
2590 3567 2687 3631 καὶ
2726 3567 2763 3646 ἥ

1082 3671 1305 3750 κίνησις
1333 3669 1402 3732 οὑ
1429 3669 1588 3747 ποσὴ
1616 3669 1769 3732 οὑσα
1797 3670 2139 3752 ἀποδειχθῇ.
2188 3669 2284 3733 καὶ
2310 3670 2401 3732 ὅτι
2432 3670 2544 3748 μὲν
2570 3669 2764 3734 ποσὸν

1078 3773 1117 3852 ἡ
1147 3774 1391 3852 κίνησις,
1417 3776 1619 3852 δῆλον,
1649 3771 1756 3836 οὑκ
1799 3773 1864 3835 ἐκ
1902 3775 2006 3835 τοῦ
2041 3773 2108 3835 ἐν
2137 3774 2333 3857 χρόνῳ
2375 3770 2546 3836 εἶναι.
2592 3776 2763 3835 τοῦτο

1081 3876 1197 3956 γὰρ
1241 3878 1388 3938 κατὰ
1432 3875 1814 3954 συμβεβηκὸς
1858 3873 2112 3959 ὑπάρχει
2160 3876 2323 3956 αὑτῇ,
2371 3873 2507 3939 ἀλλ’
2555 3878 2620 3940 ἐκ
2666 3879 2768 3955 τῆς

1083 3976 1445 4043 διαστάσεως
1489 3978 1662 4055 αὑτῆς
1710 3978 1807 4041 καὶ
1850 3977 1993 4041 καθὸ
2038 3979 2303 4059 ἑτερότης
2346 3978 2440 4057 ἦν,
2489 3980 2567 4045 ὥς
2617 3986 2766 4060 φησι

1086 4076 1368 4155 Πλάτων,
1401 4078 1496 4141 καὶ
1524 4079 1883 4158 ἀνομοιότης.
1927 4077 2102 4161 μέχρι
2128 4081 2239 4159 μὲν
2266 4083 2381 4162 γὰρ
2412 4081 2479 4145 ἓν
2509 4081 2603 4145 καὶ
2632 4082 2767 4145 ταὺ-

1074 4180 1191 4242 ’τόν
1220 4180 1368 4253 ἐστι,
1398 4179 1629 4247 πάντως
1665 4180 1887 4261 ἠρεμεῖ.
1933 4180 2076 4244 καθὸ
2117 4180 2165 4245 δ’
2196 4181 2272 4246 ἂν
2300 4182 2463 4262 λάβῃ
2500 4184 2608 4262 τὴν
2637 4188 2764 4248 δια-

1087 4283 1303 4362 φορᾶν,
1335 4283 1643 4361 κεκίνηται·
1690 4283 1819 4346 ἐπεὶ
1855 4282 1962 4346 οῦν
1987 4282 2094 4362 τὴν
2129 4285 2242 4362 μὲν
2268 4284 2513 4366 ἠρεμίαν
2543 4287 2629 4360 ἓν,
2660 4287 2767 4365 τὴν

1088 4385 1167 4446 δὲ.
1201 4382 1430 4461 κίνησιν
1473 4387 1675 4449 πολλὰ
1720 4386 2045 4466 ἀναγκαῖον
2085 4384 2254 4460 εῖναι,
2295 4390 2489 4452 ποσόν
2529 4391 2694 4452 ἐστιν
2729 4390 2766 4469 ἡ

1090 4487 1334 4565 κίνησις.
1373 4483 1687 4568 Ἐνέργεια
1714 4489 1778 4551 δὲ
1806 4488 1898 4552 ὅτι
1923 4489 2036 4568 μὲν
2063 4488 2133 4552 οὑ
2161 4493 2329 4552 πᾶσα
2359 4491 2586 4570 κίνησίς
2616 4492 2763 4565 ἐστι,

1085 4589 1401 4669 πρόδηλον.
1446 4589 1515 4653 οὑ
1542 4592 1656 4671 γὰρ
1685 4590 1754 4668 δὴ
1785 4591 1879 4654 καὶ
1905 4591 1942 4669 ἡ
1969 4595 2075 4654 τοῦ
2111 4595 2219 4655 νοῦ
2257 4591 2527 4674 ἐνέργεια
2566 4594 2766 4671 ἀκίνη-

1087 4717 1187 4759 τος
1214 4693 1388 4758 οὖσα.
1432 4693 1567 4773 περὶ
1593 4692 1660 4756 δέ
1687 4719 1863 4757 τινων
1890 4692 2205 4775 γεγένηται
2246 4693 2493 4774 ζήτησις,
2526 4697 2581 4759 εί
2609 4695 2765 4775 κινή-

1089 4819 1214 4861 σεις
1256 4793 1371 4877 χρὴ
1405 4792 1627 4876 λέγειν,
1661 4796 1807 4868 οἷον,
1839 4795 1946 4875 τήν
1973 4821 2040 4859 τε
2082 4799 2361 4876 αἴσθησιν
2401 4798 2496 4861 καὶ
2533 4798 2642 4877 τὴν
2669 4803 2770 4878 τῆς

1087 4900 1285 4980 ψυχῆς
1322 4899 1549 4976 νόησιν,
1590 4898 1659 4964 ἃς
1701 4901 1863 4961 δοκεῖ
1899 4923 2073 4972 τισιν,
2120 4900 2225 4963 οὑκ
2271 4901 2412 4964 ἄνευ
2453 4903 2567 4980 μὲν
2609 4901 2765 4981 κινή-

1088 5025 1257 5073 σεως,
1288 4999 1357 5062 οὑ
1382 4999 1498 5078 μὴν
1529 4998 1782 5079 κινήσεις
1812 4998 1983 5077 εἶναι,
2006 5003 2130 5082 εἴγε
2159 5001 2469 5082 ἀμέριστοί
2494 5006 2666 5077 εἰσιν,
2692 5005 2770 5070 ὥς

1087 5103 1155 5166 ἐν
1182 5106 1304 5168 τοῖς
1329 5102 1464 5183 περὶ
1490 5105 1688 5185 ψυχῆς
1712 5101 2016 5179 δέδεικται,
2050 5104 2272 5181 κίνησις
2309 5106 2374 5168 δὲ
2406 5108 2574 5168 πᾶσα
2610 5131 2768 5187 μερι-

1087 5204 1216 5285 στή·
1265 5207 1318 5269 εί
1346 5206 1410 5268 δὲ
1440 5205 1535 5268 καὶ
1562 5206 1630 5268 ἐν
1654 5207 1735 5290 τῷ
1766 5207 1888 5279 νῦν,
1916 5205 2021 5282 ἤτε
2067 5207 2341 5284 αἴσθησις
2379 5205 2473 5269 καὶ
2500 5207 2537 5285 ἡ
2568 5209 2769 5287 νόησις

1089 5310 1512 5381 ἐπιτελοῦνται,
1543 5307 1679 5371 οὐδὲ
1717 5308 1898 5373 οὕτως
1934 5305 2009 5371 ἂν
2040 5305 2162 5371 εἶεν
2201 5306 2472 5385 κινήσεις,
2505 5308 2644 5373 ἀλλ’
2675 5312 2767 5375 ἐν-

1089 5408 1307 5492 έργειαι
1335 5410 1410 5476 ἂν
1438 5412 1753 5492 ὀρθότερον
1784 5414 2074 5474 καλοῖντο.
2123 5411 2442 5475 Μελίσσου
2472 5414 2535 5475 δὲ
2568 5414 2766 5479 εἰπόν-

2059 523 2877 592 ΑΝΝΟΤΑΤΙΟΝΕ8
2942 523 3055 588 IN
3119 521 3572 588 PLOTINI

2839 723 2940 764 τος
2979 695 3200 764 παντὸς
3242 699 3347 760 τοῦ
3387 692 3702 777 γινομένου
3729 692 3920 777 ἀρχὴν
3950 691 4119 766 εἶναι,
4152 695 4343 775 φησὶν
4367 691 4528 776 Ἀρι-

2842 798 3144 880 στοτέλης,
3188 798 3269 878 μὴ
3313 799 3410 862 ἐπὶ
3450 795 3689 860 πάντων
3716 801 3834 860 τῶν
3867 793 4199 878 γινομένων
4224 796 4415 881 ἀρχὴν
4445 795 4526 861 εἴ·

2843 929 2942 969 ναι
2967 907 3072 967 τοῦ
3097 900 3456 984 πράγματος,
3487 900 3651 963 ἀλλὰ
3687 902 3794 963 τοῦ
3828 899 4050 981 χρόνου
4086 900 4199 977 μὲν
4229 897 4382 963 εἶναι
4423 900 4530 980 ἀρ-

2841 1006 2977 1090 χὴν,
3008 1002 3202 1068 οὑκέτι
3242 1003 3360 1083 μὴν
3399 1003 3495 1067 καὶ
3536 1005 3641 1065 τοῦ
3679 1000 4036 1083 πράγματος.
4085 1003 4374 1067 δύνασθαι
4413 1005 4530 1084 γᾶρ

2843 1109 3067 1190 ἀθρόως
3091 1106 3518 1188 μεταβάλλειν,
3551 1105 3628 1171 ὦς
3658 1104 3753 1168 ἐπὶ
3781 1106 3887 1168 τοῦ
3913 1102 4313 1185 φωτιζομένου
4341 1102 4530 1185 ἀέρος.

2843 1212 3067 1293 ἀθρόως
3093 1213 3209 1293 γὰρ
3237 1214 3352 1275 πᾶς
3378 1209 3707 1290 φωτίζεται.
3755 1206 3825 1270 οὑ
3862 1204 4067 1285 μέντοι
4111 1205 4207 1268 καὶ
4245 1206 4530 1288 ἀχρόνως.

2845 1315 2913 1378 ἐν
2933 1317 3048 1397 γὰρ
3076 1317 3146 1393 τῇ
3178 1314 3439 1391 ἀνατολῇ
3471 1311 3792 1393 ἐφωτίσθη·
3826 1308 3896 1372 οὗ
3922 1306 4126 1387 μέντοι
4154 1307 4249 1370 καὶ
4280 1307 4534 1392 ἀχρονός

2845 1417 3011 1479 ἐστιν
3037 1416 3075 1495 ἡ
3103 1412 3384 1493 ἀνατολή·
3429 1413 3499 1477 οὑ
3532 1415 3648 1494 γᾶρ
3687 1413 3836 1475 κατὸ,
3871 1407 3939 1474 τὸ
3983 1414 4090 1474 νῦν
4120 1411 4305 1484 ἐστιν,
4336 1409 4472 1474 οὐδὲ
4497 1412 4532 1472 ὁ

2844 1517 3148 1600 φωτισμὸς
3192 1518 3340 1580 κατὸ,
3377 1515 3447 1579 τὸ
3495 1519 3620 1588 νῦν,
3663 1513 3773 1578 κᾶν
3812 1514 4035 1594 ἀθρόως
4078 1514 4113 1574 ὁ
4159 1511 4289 1594 ἀὴρ,
4327 1513 4424 1576 καὶ
4459 1512 4530 1576 οὑ

2844 1621 2978 1684 τόδε
3004 1621 3154 1700 μετὰ
3178 1620 3315 1683 τόδε
3344 1618 3672 1700 φωτίζεται·
3720 1619 3826 1680 τοῦ
3853 1618 4053 1680 τοίνυν
4079 1614 4534 1697 Ἀριστοτέλους

2844 1724 3067 1805 ἀθρόαν
3110 1724 3289 1788 οὕτως
3334 1721 3600 1787 εἰπόντος
3645 1717 4011 1799 μεταβολὴν,
4044 1719 4077 1780 ὁ
4106 1721 4435 1791 Πλωτῖνος,
4479 1720 4534 1780 εί

2845 1826 3032 1906 ἀθρόα
3059 1825 3249 1906 φησίν
3278 1825 3407 1887 ἐστι
3434 1820 3761 1903 μεταβολὴ,
3795 1820 3925 1884 ἔστι
3954 1821 4049 1884 καὶ
4079 1821 4266 1901 ἀθρόα
4309 1821 4534 1900 κίνησις

2847 1928 2943 1990 καὶ
2979 1927 3251 2010 ἀχρονος·
3299 1927 3448 2007 φαίη
3487 1924 3563 1989 ἂν
3591 1925 3699 1988 οῦν
3731 1926 3764 1987 ὁ
3791 1921 4230 2005 Ἀριστοτέλης,
4263 1924 4371 2003 τὴν
4396 1925 4530 2003 μὲν,

2847 2031 2992 2093 κατὰ
3020 2028 3088 2092 τὸ
3116 2027 3525 2108 μεταβάλλειν
3555 2025 3707 2091 εἶναι
3733 2025 4100 2106 μεταβολήν·
4133 2025 4241 2105 τὴν
4269 2027 4353 2098 δὲ,
4386 2029 4533 2090 κατὰ

2844 2131 2911 2195 τὸ
2954 2128 3494 2211 μεταβεβληκέναι,
3528 2128 3760 2211 ἠρεμία.
3808 2130 3861 2191 εί
3900 2129 4013 2208 μὲν
4058 2129 4165 2192 οὑν
4201 2128 4239 2208 ἦ
4278 2131 4424 2192 κατὰ
4460 2127 4529 2192 τὸ

2842 2231 3360 2314 μεταβεβληκέναι
3386 2231 3638 2305 πάντως,
3672 2230 3788 2295 ἀπὸ
3823 2234 3923 2310 τῆς
3958 2233 4106 2295 κατὸ,
4131 2230 4201 2295 τὸ
4226 2230 4528 2311 μεταβάλ-

2842 2342 2974 2399 λειν
3004 2334 3352 2399 συνιστάται
3394 2337 3752 2415 μεταβολῆς·
3799 2334 3895 2397 καὶ
3936 2334 4305 2417 προῦπάρχει
4343 2337 4456 2414 μὲν
4494 2337 4532 2414 ἡ

2845 2440 2995 2500 κατὰ
3029 2437 3096 2500 τὸ
3138 2437 3567 2517 μεταβάλλειν,
3597 2437 3769 2516 ἡλίου
3799 2435 4153 2501 ἀνατέλλειν
4179 2435 4527 2517 μέλλοντος·

2843 2542 2981 2620 ἡμῖν
3009 2544 3074 2605 δὲ
3104 2539 3543 2619 ἀνεπαισθήτως
3568 2540 3721 2619 μόνη
3746 2539 3783 2618 ἡ
3810 2542 3959 2603 κατὰ
3985 2538 4054 2602 τὸ
4080 2539 4527 2620 μεταβεβληκέ-

2845 2669 2943 2708 ναι
2971 2645 3291 2716 ἐνίσταται,
3326 2644 3416 2721 εἴη
3445 2641 3521 2706 ἂν
3550 2642 3656 2706 οὑν
3684 2641 3789 2705 οὑκ
3824 2642 3966 2706 ἄνευ
3991 2643 4103 2722 μὲν
4134 2641 4432 2722 κινήσεως,
4464 2643 4535 2706 οὑ

2843 2746 2958 2825 μὴν
2988 2748 3211 2825 κίνησις
3236 2746 3274 2825 ἡ
3301 2748 3406 2808 τοῦ
3433 2747 3743 2826 φωτισμοῦ
3771 2742 4068 2811 ἔνστασις·
4118 2746 4171 2807 εί
4197 2746 4263 2808 δὲ
4295 2743 4532 2827 ἐνδέχε-

2845 2874 2941 2913 ται
2970 2850 3078 2928 τὴν
3107 2852 3254 2914 κατὰ
3280 2847 3347 2913 τὸ
3376 2845 3896 2928 μεταβεβληκέναι
3938 2848 4217 2926 ἐνστῆναι
4250 2848 4394 2911 ἄνευ
4431 2850 4536 2910 τοῦ

2844 2950 3274 3032 μεταβάλλειν,
3319 2951 3424 3013 οὑκ
3469 2949 3544 3014 ἂν
3588 2951 3678 3027 εἴη
3724 2950 3966 3029 κίνησις,
4001 2949 4136 3013 οὑδὲ
4175 2952 4326 3028 μετὰ
4376 2948 4531 3028 κινή-

2847 3080 2998 3121 σεως
3024 3055 3061 3133 ἡ
3090 3054 3325 3133 τοιαύτη
3354 3051 3684 3132 μεταβολὴ,
3713 3052 3751 3131 ἦ
3780 3053 3847 3115 ἐν
3877 3055 3957 3137 τῷ
3995 3050 4531 3132 μεταβεβληκέναι,

2848 3154 2984 3219 ἀλλ’
3018 3157 3316 3236 ἐνεργειαί
3351 3157 3489 3233 εἶσι,
3539 3155 3634 3218 καὶ
3672 3154 3808 3237 οὐχὶ
3855 3152 4135 3233 κινήσεως
4171 3157 4236 3218 αἱ
4275 3158 4538 3218 τοιαῦται

2845 3257 3198 3338 μεταβολαί.
3247 3260 3470 3322 Πολλὰ
3496 3258 3561 3322 δὲ
3591 3262 3707 3321 τῶν
3728 3255 3843 3321 ὑπὸ
3873 3257 4188 3322 Πλωτίνου
4216 3258 4350 3340 περὶ
4381 3257 4534 3339 κινή-

2849 3386 3000 3427 σεως
3025 3360 3388 3442 λεγομένων,
3420 3361 3524 3424 οὑκ
3563 3361 3881 3442 ἐφαρμόζει
3924 3365 4054 3427 ταῖς
4097 3360 4420 3441 κινήσεσιν.
4466 3364 4538 3426 τό

2848 3489 2914 3527 τε
2940 3465 3055 3545 γὰρ
3083 3462 3344 3546 ἄχρονον
3371 3461 3663 3544 λέγεσθαι
3688 3464 3938 3541 κίνησιν,
3968 3462 4222 3546 μάχεται
4256 3464 4402 3546 πρὸς
4429 3465 4538 3544 τὴν

2848 3566 3115 3631 διάνυσιν
3154 3565 3347 3644 αὑτῆς,
3389 3566 3484 3629 καὶ
3520 3566 3629 3644 τὴν
3666 3563 3950 3643 διέξοδον,
3981 3568 4052 3629 τό
4087 3590 4153 3629 τε
4195 3567 4262 3630 ἐν
4302 3567 4536 3653 ἀχρόνῳ

2850 3669 3031 3747 αὑτὴν
3058 3668 3355 3752 ἄρχεσθαί
3374 3692 3538 3741 ποτε,
3563 3668 3671 3746 τὴν
3700 3666 4019 3750 συνέχειαν
4039 3671 4142 3746 τῆς
4169 3670 4408 3749 φύσεως
4437 3671 4537 3733 αὑ-

2851 3776 2951 3852 τῆς
2983 3775 3227 3854 ἀναιρεῖ·
3272 3773 3344 3835 τό
3370 3795 3443 3852 γε
3474 3771 3728 3850 νομίζειν
3754 3768 3939 3834 πάλιν
3967 3769 4075 3849 τὴν
4105 3769 4287 3849 αὐτὴν
4309 3796 4533 3850 συμπε-

2847 3876 3158 3956 ραίνεσθαι
3197 3875 3445 3953 κίνησιν,
3478 3873 3769 3937 ἀδύνατον
3799 3873 3896 3935 ἐπὶ
3934 3876 4247 3955 συνεχοῦς.
4295 3872 4391 3937 ἐπὶ
4422 3876 4536 3955 γὰρ

2850 3983 2966 4041 τῶν
3010 3976 3130 4040 κατ’
3163 3975 3408 4058 ἀριθμὸν
3450 3973 3836 4056 διωρισμένον
3875 3976 4093 4055 μόνων,
4135 3975 4386 4041 δυνατὸν
4425 4003 4532 4056 μο-

2853 4080 3001 4144 νάδα
3031 4079 3125 4143 καὶ
3154 4080 3349 4156 ἀλλην
3375 4076 3606 4156 μονάδα
3635 4079 3913 4151 ἐπινοεῖν,
3947 4077 4042 4140 καὶ
4066 4079 4249 4145 οὕτως
4287 4077 4538 4143 συντάτ-

2850 4207 2975 4246 τειν
3022 4184 3106 4248 είς
3152 4179 3327 4244 ταὺτὸ
3369 4178 3438 4242 τὸ
3485 4178 3870 4260 διωρισμένον
3914 4182 4158 4258 πλῆθος.
4208 4178 4304 4263 ἐφ’
4345 4182 4428 4245 ὦν
4472 4185 4536 4246 δὲ

2852 4283 3136 4367 σ-υνέχειά
3177 4285 3343 4346 ἐστιν
3385 4283 3813 4363 ἀπεριόριστος,
3847 4282 3952 4345 οὑκ
3996 4281 4230 4346 ἔνεστιν
4264 4283 4362 4347 ἐπὶ
4397 4286 4535 4349 τού-

2852 4412 2988 4460 των,
3021 4387 3221 4467 ὤσπερ
3250 4384 3634 4465 διωρισμένον
3673 4408 3730 4446 τι
3772 4387 4020 4462 πλῆθος,
4052 4385 4137 4451 είς
4177 4384 4356 4448 ταὺτὸ
4395 4411 4540 4469 συγ-

2854 4491 3338 4569 κεφαλαιοῦσθαι.
3385 4487 3490 4549 οὑκ
3518 4488 3703 4567 ὀρθῶς
3748 4488 3813 4549 δὲ
3850 4485 4111 4567 λέγεται,
4146 4488 4241 4551 καὶ
4272 4490 4325 4552 εί
4353 4489 4540 4567 ἀθρόα

2852 4592 3080 4673 γίνεται
3104 4589 3411 4670 μεταβολὴ
3443 4590 3538 4653 καὶ
3564 4589 3839 4673 ἄχρονος,
3871 4589 4146 4670 γίνεσθαι
4184 4590 4280 4653 καὶ
4307 4591 4539 4669 κίνησιν

2852 4693 3141 4771 τοιαύτην.
3174 4694 3228 4756 εί
3261 4695 3377 4774 γὰρ
3421 4688 3542 4755 κατ’
3576 4690 3729 4758 εἶδος
3770 4693 4057 4773 γίνονται,
4089 4692 4352 4771 ἀκίνητοι
4391 4718 4538 4775 παρ-

2851 4796 3048 4860 ουσίαι
3077 4796 3266 4873 εἰδῶν,
3294 4794 3627 4873 μεταβολαὶ
3653 4795 3766 4874 μὲν
3794 4794 4040 4877 ἄχρονοι
4083 4793 4341 4869 ἔσονται,
4374 4795 4536 4876 κινή-

2852 4924 2978 4966 σεις
3006 4899 3071 4962 δὲ
3101 4898 3190 4962 οὔ.
3239 4896 3376 4960 ἀλλ’
3407 4896 3542 4960 οὑδὲ
3571 4900 3744 4960 τοῦτο
3771 4899 3957 4978 ὀρθῶς
3982 4896 4537 4978 ὑπολαμβάνουσιν,

2853 5002 2931 5068 ὥς
2960 5001 3045 5068 εἷς
3073 5001 3238 5063 ἐστιν
3251 5001 3300 5062 ’ὁ
3329 5000 3513 5080 λόγος
3545 5005 3662 5063 τῶν
3692 4997 3980 5078 κινήσεων
4010 5000 4106 5063 καὶ
4129 5006 4247 5065 τῶν
4276 5002 4534 5084 ἐνεργει-

2854 5109 2958 5166 ῶν.
3003 5103 3100 5165 καὶ
3145 5104 3199 5165 εί
3240 5102 3494 5185 ἄχρονός
3541 5103 3708 5164 ἐστιν
3752 5101 4043 5183 ἐνέργεια,
4082 5102 4344 5186 ἄχρονον
4387 5102 4541 5168 εἶναι

2855 5207 2948 5270 καὶ
2988 5206 3218 5285 κίνησιν
3247 5204 3541 5271 ὡσαύτως.
3591 5204 3687 5267 καὶ
3713 5206 3827 5286 γὰρ
3865 5204 3903 5284 ἦ
3940 5206 4053 5283 μὲν
4082 5203 4353 5285 ἐνέργεια
4391 5209 4543 5270 κατὰ

2851 5310 2959 5389 τὴν
2987 5309 3260 5388 ἀκίνητον
3282 5309 3470 5374 εἴδους
3496 5309 3827 5388 παρουσίαν
3857 5306 3952 5370 καὶ
3979 5308 4339 5386 τελειότητα,
4367 5307 4542 5388 ἔστη-

2853 5413 3010 5491 κενὴ
3036 5408 3198 5490 αὑτή·
3231 5411 3268 5489 ἡ
3295 5411 3361 5473 δὲ
3389 5409 3613 5488 κίνησις
3640 5411 3910 5491 πρόεισιν
3939 5409 4049 5483 ἀεὶ,
4077 5408 4186 5475 ἔως
4214 5407 4290 5472 ἂν
4320 5412 4405 5476 εἰς
4431 5411 4543 5490 τὴν
