5118 6613
1096 553 1220 624 250

1093 710 1319 776 nostris
1346 731 1527 799 poene
1553 709 1842 775 omnibus
1864 709 2007 776 dedi
2034 711 2340 795 ἐπιφέρειν
2363 715 2472 793 τὴν
2487 715 2639 793 ζωὴν
2668 736 2783 802 pro

1094 814 1261 899 ἔχειν
1288 813 1395 893 τὴν
1414 811 1585 892 ζωήν.

1165 937 1233 1004 p.
1258 916 1403 999 847,
1430 933 1529 980 10.
1555 917 1632 979 Et
1650 913 1972 994 δὲπάθημα
1991 918 2093 994 τῆς
2110 918 2271 997 ὕλης,
2293 918 2430 982 ἀλλ’
2449 919 2555 982 οὐκ
2573 919 2783 984 οὐσίαν

1094 1020 1395 1104 φήσουσιν
1423 1018 1604 1104 εἶναι]
1656 1016 1895 1105 Tangit
1933 1017 2284 1084 Aristoxeni
2329 1035 2392 1085 et
2435 1022 2782 1087 Dicaearchi

1094 1122 1443 1189 sententias.
1531 1115 1633 1187 De
1660 1120 1769 1185 illo
1797 1143 1986 1208 supra
2017 1122 2290 1188 vidimus
2315 1123 2395 1188 ad
2425 1147 2488 1212 p.
2511 1139 2660 1211 307.
2697 1128 2777 1190 E.

1097 1228 1242 1291 Hoc
1269 1224 1408 1289 loco
1434 1224 1636 1290 obiter
1675 1224 1979 1312 corrigam
2013 1221 2392 1314 Gregorium
2423 1229 2779 1317 Nyssenum

1093 1329 1174 1395 de
1230 1326 1468 1393 Anima
1518 1351 1581 1415 p.
1612 1345 1715 1413 95.
1763 1327 1860 1393 ed.
1909 1326 2106 1393 Paris.
2156 1333 2337 1416 1638.
2387 1334 2518 1396 ἐπεὶ
2563 1334 2628 1396 δὲ
2688 1333 2783 1397 καὶ

1096 1434 1430 1514 Δείναρχος
1459 1428 1611 1517 (leg.
1661 1432 2046 1513 Δικαίαρχος)
2074 1433 2361 1513 ἁρμονίαν
2390 1434 2645 1515 ὡρίσατο
2675 1433 2782 1513 τὴν

1092 1533 1319 1619 ψυχήν.
1409 1532 1590 1598 Idem
1622 1531 1840 1596 vitium
1881 1532 1977 1597 bis
2014 1532 2352 1599 eluendum
2390 1548 2484 1600 est
2526 1536 2675 1600 ibid.
2707 1558 2775 1623 p.

1092 1658 1199 1724 90.
1302 1643 1617 1702 Accurate
1687 1634 1998 1700 examinat
2062 1636 2217 1701 hanc
2275 1638 2638 1703 sententiam
2698 1638 2778 1703 de

1092 1741 1329 1807 Anima
1355 1757 1652 1827 tanquam
1698 1739 2018 1804 harmonia
2064 1740 2344 1806 Plotinus
2376 1742 2547 1830 apud
2578 1745 2779 1808 Euse-

1092 1846 1264 1910 bium
1310 1846 1387 1909 Ρ.
1407 1845 1486 1908 Ε.
1537 1841 1687 1907 XV.
1736 1861 1838 1908 22.
1884 1866 1943 1930 p.
1978 1843 2126 1930 834.
2174 1868 2267 1931 sq.
2357 1847 2460 1910 De
2508 1862 2779 1934 utroque

1091 1948 1219 2013 vid.
1255 1947 1389 2013 Cic.
1420 1944 1706 2011 Tuscull.
1742 1947 1796 2010 I.
1838 1965 1935 2009 ιο.
1979 1947 2081 2011 De
2115 1947 2481 2014 Dicoearcho
2507 1949 2774 2015 ibidem:

1090 2059 1133 2092 “
1165 2049 1338 2116 Nihil
1366 2071 1498 2115 esse
1521 2047 1774 2115 omnino
1800 2048 2099 2128 animum,
2130 2066 2194 2115 et
2233 2050 2350 2116 hoc
2393 2076 2524 2116 esse
2553 2075 2776 2118 nomen

1091 2171 1292 2221 totum
1345 2152 1548 2230 inane,
1591 2152 1949 2239 frustraque
1994 2152 2282 2218 animalia
2326 2169 2388 2219 et
2437 2155 2778 2221 animantes

1088 2254 1425 2346 appellari;
1473 2276 1678 2342 neque
1720 2254 1784 2318 in
1828 2253 2076 2319 homine
2119 2254 2316 2320 inesse
2357 2257 2633 2322 animum
2678 2258 2778 2322 vel

1088 2361 1376 2438 animam,
1422 2380 1536 2423 nec
1589 2357 1654 2420 in
1701 2356 1941 2432 bestia;
2005 2358 2254 2446 vimque
2311 2381 2556 2424 omnem
2617 2383 2776 2439 eam,

1087 2487 1214 2552 qua
1244 2462 1339 2528 vel
1381 2483 1644 2549 agamus
1682 2460 1836 2547 quid
1867 2459 1964 2526 vel
2004 2462 2359 2542 sentiamus,
2388 2462 2453 2527 in
2488 2464 2778 2530 omnibus

1087 2566 1449 2655 corporibus
1485 2563 1642 2629 vivis
1684 2563 2071 2651 aequabiliter
2113 2588 2243 2630 esse
2271 2566 2495 2645 fusam,
2525 2590 2639 2631 nec
2682 2591 2776 2632 se-

1085 2670 1420 2758 parabilem
1451 2691 1489 2732 a
1515 2689 1774 2755 corpore
1800 2689 1930 2732 esse
1954 2693 1972 2742 ;
2021 2667 2255 2756 quippe
2285 2692 2430 2755 quae
2459 2669 2631 2734 nulla
2659 2671 2771 2735 sit:

1084 2796 1198 2839 nec
1227 2773 1304 2837 sit
1342 2771 1705 2859 quicquam,
1737 2770 1854 2835 nisi
1888 2791 2116 2858 corpus
2148 2793 2339 2835 unum
2386 2785 2450 2837 et
2489 2771 2773 2860 simplex,

1085 2878 1173 2942 ita
1200 2877 1559 2963 figuratum,
1590 2888 1662 2939 ut
1704 2874 2151 2962 temperatione
2194 2891 2436 2940 naturae
2463 2875 2670 2963 vigeat
2714 2890 2777 2940 et

1087 2978 1368 3043 sentiat.”
1411 2976 1517 3042 Cf.
1562 2999 1613 3041 c.
1649 2994 1751 3043 22.
1800 2976 1942 3059 (ubi
1985 2977 2171 3041 etiam
2216 2977 2297 3041 de
2348 2978 2773 3064 Aristoxeno.)

1087 3080 1282 3146 Adde
1323 3079 1403 3144 de
1447 3079 1813 3144 Dicaearcho
1859 3081 2032 3144 Sext.
2082 3081 2332 3168 Empir.
2378 3081 2521 3146 adv.
2568 3084 2773 3148 Math.

1088 3185 1246 3249 VII.
1275 3203 1423 3270 349.
1454 3198 1517 3248 et
1546 3182 1898 3271 Pyrrhonn.
1934 3184 2312 3271 Hypotypp.
2350 3184 2452 3248 II.
2483 3204 2591 3270 31.
2621 3185 2772 3272 ibiq.

1089 3287 1333 3354 Fabric.
1366 3311 1432 3376 p.
1466 3305 1566 3371 74.
1615 3285 1938 3351 Plutarch.
1968 3284 2048 3351 de
2087 3284 2329 3352 Placitt.
2361 3285 2621 3352 Philoss.
2656 3290 2773 3354 IV.

1090 3413 1145 3459 2.
1177 3410 1241 3458 et
1268 3389 1556 3456 Atticum
1601 3411 1700 3477 ap.
1740 3390 1978 3455 Euseb.
2012 3389 2082 3454 P.
2108 3392 2188 3454 E.
2226 3391 2379 3455 XV.
2411 3413 2474 3477 9.
2512 3414 2581 3479 p.
2627 3393 2774 3458 810.

1086 3498 1172 3562 A.
1194 3496 1526 3561 R.—Mox
1545 3493 1736 3558 verba
1759 3517 1776 3557 z
1809 3498 1904 3558 δεῖ
1926 3495 2041 3576 ἄρα
2060 3519 2115 3557 τι
2135 3493 2286 3557 εἶναι
2307 3493 2374 3557 τὸ
2395 3495 2659 3577 χορηγὸν
2676 3499 2777 3575 τῆς

1094 3606 1373 3688 (praestat
1416 3597 1672 3662 fortasse
1712 3595 1974 3661 Eusebii
2016 3595 2198 3660 lectio
2241 3596 2582 3661 omittentis
2629 3599 2775 3662 arti-

1085 3703 1329 3788 culum)
1358 3706 1502 3783 ζωῆς
1525 3729 1574 3765 κ.
1598 3726 1651 3765 τ.
1673 3709 1736 3764 λ.
1769 3699 2107 3764 admonent
2135 3699 2325 3787 hujus
2364 3700 2480 3765 loci
2507 3701 2572 3765 in
2604 3703 2773 3766 Con-

1087 3808 1241 3871 stitt.
1273 3806 1550 3869 Monast.
1587 3801 1798 3873 Basilii
1839 3802 2064 3890 Magni
2091 3826 2149 3868 c.
2183 3820 2243 3868 2.
2276 3825 2341 3890 p.
2372 3806 2535 3887 676:
2572 3803 2767 3869 Paris..

1094 3910 1254 3974 1618
1278 3932 1292 3971 t
1343 3906 1564 3985 Διττὴν
1590 3908 1706 3988 γὰρ
1736 3905 1896 3985 οἶμαι
1921 3910 2022 3984 τῆς
2048 3911 2248 3990 ψυχῆς
2269 3907 2461 3989 ἔγωγε
2490 3907 2642 3971 εἶναι
2670 3907 2777 3987 τὴν

1089 4014 1352 4090 δύναμιν,
1399 4014 1534 4089 μιᾶς
1586 4009 1681 4071 καὶ
1723 4012 1824 4086 τῆς
1866 4009 2041 4087 αὐτῆς
2081 4011 2475 4093 ὑπαρχούσης·
2519 4010 2628 4089 τὴν
2664 4009 2777 4090 μέν

1088 4139 1220 4178 τινα
1245 4116 1350 4176 τοῦ
1393 4112 1665 4190 σῶματος
1708 4110 1968 4189 ζωτικὴν,
2000 4111 2107 4189 τὴν
2152 4113 2217 4174 δὲ
2259 4110 2488 4193 ἑτέραν,
2528 4119 2647 4176 τῶν
2676 4115 2773 4176 ὄν-

1087 4241 1207 4281 των
1250 4213 1602 4297 θεωρητικὴν
1638 4213 1715 4292 ἥν
1752 4212 1823 4291 δὴ
1868 4214 1963 4276 καὶ
2007 4214 2354 4294 λογιστικὴν
2391 4215 2775 4295 ὀνομάζομεν.

1089 4322 1252 4383 ἀλλα
1288 4317 1396 4397 τὴν
1432 4316 1546 4396 μὲν
1581 4315 1824 4395 ζωτικὴν
1861 4316 2127 4395 δύναμιν,
2161 4316 2289 4380 ἐπεὶ
2333 4323 2775 4399 συγκεκρατεῖν·

1092 4419 1203 4507 [an
1250 4418 1640 4502 συγκέκραται
1657 4418 1717 4507 Ρ]
1793 4422 1874 4505 τῷ
1921 4420 2165 4498 σώματι,
2211 4420 2249 4498 ἡ
2298 4419 2469 4502 ψυχὴ
2518 4426 2780 4502 φυσικῶς

1089 4532 1185 4592 διὸ
1212 4528 1320 4606 τὴν
1349 4527 1677 4607 σύγκρασιν
1707 4526 1801 4588 καὶ
1841 4525 1946 4588 οὒκ
1990 4525 2055 4588 ἐκ
2082 4523 2482 4606 προαιρήσεως
2506 4532 2772 4609 χορηγεῖ.

1090 4632 1290 4712 ὥσπερ
1318 4632 1433 4711 γὰρ
1459 4628 1633 4707 ἥλιον
1662 4628 1775 4710 οὐχ
1804 4628 1933 4691 οἷόν
1960 4652 2029 4690 τε
2072 4625 2495 4708 ἐπιλάμψαντα
2524 4629 2607 4708 μὴ
2647 4638 2771 4709 φω-

1088 4735 1249 4797 τίσαι
1275 4734 1466 4805 τοῦτο,
1501 4729 1626 4794 καθ’
1657 4730 1728 4795 οὗ
1755 4732 1859 4797 τὰς
1887 4730 2070 4811 αὐγὰς
2087 4728 2356 4810 ἤνεγκεν,
2390 4732 2538 4794 οὕτω
2569 4732 2776 4815 ψυχὴν

1090 4836 1397 4919 ἀμήχανον
1438 4833 1518 4913 μὴ
1561 4838 1867 4909 ζωοποιεῖν
1906 4838 2095 4911 σῶμα,
2137 4833 2203 4895 ἐν
2233 4829 2279 4917 ᾧ
2318 4832 2394 4896 ἂν
2438 4833 2772 4916 ἐγγένηται.

1091 4944 1248 5020 Quae
1286 4938 1336 5003 si
1379 4961 1523 5003 cum
1565 4936 1986 5025 superioribus
2033 4934 2262 5000 Plotini
2305 4958 2369 5024 p.
2400 4938 2546 5017 448.
2585 4939 2667 5001 D.
2690 4939 2770 5004 E.

1087 5040 1557 5131 comparaveris,
1589 5038 1914 5126 suspiceris
1950 5037 2252 5102 Basilium
2296 5062 2335 5102 a
2379 5038 2611 5103 Plotini
2657 5040 2779 5106 lec-

1089 5148 1254 5212 tione
1281 5157 1587 5209 recentem
1618 5142 1753 5207 haec
1782 5141 2111 5229 scripsisse.

1174 5274 1238 5338 p.
1273 5248 1421 5330 848,
1454 5264 1511 5331 7.
1557 5247 1746 5313 διδοὺς
1776 5245 1930 5331 αὐτῷ
1961 5246 2070 5331 (τῷ
2114 5246 2340 5323 σώματι
2381 5242 2542 5330 scil.)
2575 5250 2776 5330 ψυχῆς

1088 5354 1253 5433 τάξιν
1278 5351 1456 5436 μέχρι
1483 5356 1601 5414 τῶν
1630 5347 1938 5428 ὀνομάτων
1970 5348 2100 5430 ἀέρι
2141 5349 2237 5411 καὶ
2268 5349 2584 5437 πνεύματι]
2640 5348 2770 5415 Cic.

2065 537 2891 605 ANNOTATIONES

2962 541 3073 604 IN
3140 540 3589 605 PLOTINI

2868 711 3183 776 declarant
3240 713 3542 798 nomine).
3591 735 3737 777 nam
3786 727 3850 777 et
3904 733 4100 802 agere
4153 714 4436 776 animam
4494 726 4555 775 et

2868 817 3081 903 efflare
3108 815 3394 893 dicimus,
3425 831 3484 879 et
3508 816 3842 893 animosos,
3874 830 3938 879 et
3965 816 4113 879 bene
4138 817 4473 890 animatos,
4493 828 4555 877 et

2869 941 2949 983 εει·
2972 920 3174 982 animi
3202 919 3510 982 sententia
3531 942 3554 981 .·
3598 916 3730 1004 ipse
3749 930 3958 981 autem
3981 916 4225 981 animus
4240 916 4325 981 ab
4350 915 4552 981 anima

2870 1020 3075 1084 dictus
3108 1021 3256 1084 est.”
3342 1021 3434 1084 Et
3476 1018 3683 1106 potuit
3728 1017 4015 1083 Plotinus
4047 1017 4179 1106 ipse
4221 1017 4369 1083 talia
4408 1039 4551 1082 cum

2869 1123 3092 1187 Romae
3134 1137 3345 1210 ageret
3387 1121 4060 1187 audisse-Caeterum
4096 1122 4357 1187 fortasse
4398 1121 4555 1185 hanc

2868 1225 3100 1290 Plotini
3128 1225 3611 1313 disputationem
3643 1224 3934 1312 respexit,
3965 1237 4078 1290 aut
4102 1240 4267 1290 certe
4295 1224 4551 1290 similem

2864 1327 2929 1392 in
2960 1328 3057 1393 his
3086 1328 3515 1406 Eune-adibus,
3539 1327 3647 1392 ubi
3680 1327 3911 1392 Plotini
3932 1329 4303 1394 mentionem
4324 1328 4554 1394 faciens

2863 1432 3014 1510 ζωὴν
3039 1435 3286 1514 ρυεῖσαν
3324 1433 3418 1496 καὶ
3448 1437 3924 1496 διασπασθεῖσαν
3966 1430 4217 1519 attingit
4256 1429 4552 1497 Julianus

2868 1535 3219 1622 Imperator
3248 1538 3427 1600 Orat.
3463 1535 3618 1599 v11.
3649 1556 3715 1621 p.
3749 1552 3892 1599 222.
3926 1534 4026 1598 ed.
4060 1534 4292 1623 Spanh.

2950 1675 3038 1687 -—
3075 1655 3170 1720 17.
3220 1639 3431 1703 ἔννουν
3470 1636 3538 1702 τὸ
3580 1642 3809 1716 πνεῦμα
3853 1639 3947 1702 καὶ
3990 1643 4105 1721 πῦρ
4147 1638 4358 1722 νοερὸν
4395 1641 4547 1705 τιθέ-

2865 1743 3081 1826 μενοι,]
3137 1743 3401 1806 Constat
3453 1748 3597 1805 aera
3644 1740 4034 1820 Anaximeni,
4086 1740 4289 1829 ignem
4340 1743 4547 1807 Hera-

2866 1842 3013 1908 clito
3033 1860 3246 1931 postea
3266 1843 3485 1909 Stoicis
3500 1843 3767 1908 animam
3798 1843 4050 1909 dictam.
4098 1845 4231 1910 Cic.
4264 1845 4551 1911 Tuscull.

2870 1947 2926 2011 I.
2960 1968 3023 2030 9.
3056 1947 3207 2035 ibiq.
3251 1947 3467 2012 Davis.
3497 1946 3576 2011 de
3621 1948 3770 2011 Nat.
3817 1949 4043 2012 Deorr.
4078 1948 4214 2013 III.
4254 1969 4350 2030 14.
4398 1949 4545 2037 ibiq.

2864 2050 3149 2138 interprr.
3182 2051 3287 2116 ubi
3318 2073 3385 2139 p.
3411 2071 3562 2136 544.
3604 2050 3773 2115 hunc
3814 2049 4045 2115 Plotini
4093 2050 4297 2117 locum
4339 2051 4546 2140 attigi-

2864 2175 3024 2219 mus.
3069 2154 3339 2242 Diogen.
3372 2155 3590 2219 Laert.
3624 2155 3802 2239 II.3.
3836 2154 4040 2218 VIII.
4063 2171 4171 2239 51.
4200 2175 4291 2242 sq.
4325 2156 4458 2219 IX.
4492 2175 4544 2220 1.

2861 2256 2945 2321 cf.
2977 2271 3037 2320 et
3086 2256 3555 2345 Wyttenbachii
3585 2259 3891 2322 Annotat.
3927 2257 3989 2320 in
4036 2256 4316 2322 Platonis
4360 2257 4543 2323 Phae-

2861 2357 3009 2424 don.
3060 2383 3125 2448 p.
3160 2379 3305 2446 254.
3389 2359 3574 2424 Adde
3625 2361 3893 2447 Baguet.
3940 2360 4020 2424 de
4079 2360 4435 2450 Chrysippo
4482 2386 4542 2449 p.

2867 2464 2970 2545 78.
3003 2486 3100 2551 sq.
3126 2486 3188 2551 p.
3230 2483 3366 2549 103.
3406 2465 3548 2528 182.
3579 2482 3729 2549 307.
3761 2485 3894 2550 sqq.

2950 2589 3016 2653 p.
3050 2565 3197 2650 849,
3224 2584 3287 2652 5.
3336 2568 3399 2630 τί
3417 2566 3485 2630 τὸ
3514 2567 4004 2648 πολυθρύλλητον
4026 2567 4222 2636 αὐτοῖς
4240 2593 4363 2637 πως
4383 2570 4545 2654 ἔχον,

2869 2668 2972 2733 Ita
3028 2668 3365 2733 necessario
3422 2667 3814 2733 scribendum
3859 2668 3983 2733 fuit
4041 2692 4156 2757 pro
4205 2677 4328 2739 πῶς
4382 2673 4545 2757 ἔχον.

2868 2774 3160 2860 Tangere
3186 2787 3396 2838 autem
3426 2772 3522 2837 his
3549 2772 3753 2838 verbis
3781 2771 4030 2838 videtur
4066 2773 4223 2839 illud
4253 2793 4547 2863 quartum

2862 2874 3110 2939 nomine
3150 2898 3363 2940 carens
3405 2877 3973 2960 (ἀκατονόμαστον),
4004 2877 4176 2964 quod
4220 2876 4283 2942 in
4318 2880 4551 2945 Anima

2861 2978 3264 3043 describenda
3308 2979 3697 3066 usurpabant
3737 2978 4035 3068 Epicurei
4082 2980 4437 3064 (Plutarch.
4471 2984 4550 3049 de

2864 3081 3109 3146 Placitt.
3152 3080 3420 3146 Philoss.
3454 3081 3573 3145 IV.
3602 3101 3666 3167 3.
3694 3105 3759 3170 p.
3794 3086 3941 3168 623.
3972 3084 4211 3172 Wytt.)
4258 3085 4354 3149 vel
4391 3086 4547 3152 illud

2860 3186 3081 3266 τρόπον
3108 3187 3262 3263 τινὰ,
3292 3183 3466 3271 quod
3494 3184 3557 3248 in
3587 3184 3805 3249 eadem
3835 3207 3902 3250 re
3935 3201 4197 3276 usurpat
4243 3188 4543 3278 Chrysip-

2861 3311 2981 3374 pus
3020 3286 3265 3352 Stoicus
3305 3309 3406 3375 ap.
3439 3286 3851 3354 Plutarchum
3894 3289 3975 3354 de
4021 3291 4369 3358 Stoicorum
4415 3295 4547 3360 Re-

2860 3405 3191 3479 pugnantt.
3221 3416 3288 3480 p.
3332 3410 3510 3478 1053.
3544 3394 3624 3457 C.
3655 3415 3720 3480 p.
3756 3412 3896 3478 292.
3928 3394 4327 3481 Wytt.—Ad
4367 3420 4551 3483 prox-

2861 3495 3022 3559 ima:
3070 3498 3257 3578 φύσιν
3284 3494 3635 3577 δραστήριον
3662 3495 3890 3560 adhibe
3929 3496 4143 3561 Nostri
4172 3498 4363 3563 verba
4389 3500 4552 3565 infra

2860 3620 2922 3685 p.
2953 3615 3103 3683 592.
3134 3617 3333 3661 extr.:
3384 3601 3437 3662 εἰ
3463 3602 3655 3673 τοῦτο,
3701 3598 3831 3679 μήδ’
3861 3601 4012 3680 ὕλην
4042 3597 4263 3684 ἓχεινῇ
4292 3604 4451 3668 ποιά.
4500 3607 4553 3668 εἰ

2860 3705 3051 3775 τοῦτο,
3085 3702 3369 3781 ἀσώματα
3400 3700 3550 3765 εἶναι
3574 3703 3669 3765 καὶ
3697 3702 4033 3784 δραστήρια.

2944 3840 3032 3852 -
3068 3821 3161 3867 12.
3196 3805 3291 3867 καὶ
3317 3805 3542 3887 ψυχὴν,
3571 3806 3666 3868 καὶ
3688 3805 3847 3879 θεὸν,
3875 3806 3969 3869 καὶ
3992 3807 4183 3887 ὄνομα
4203 3811 4278 3873 τὰ
4298 3806 4538 3895 πάντα,]

2865 3905 2966 3970 Sic
3002 3905 3216 3992 scripsi
3259 3928 3401 3969 cum
3448 3906 3727 3971 Eusebio
3769 3909 4030 3995 ejusque
4072 3909 4405 3998 interprete
4436 3912 4540 3976 vi.

2860 4008 3053 4095 gerio-
3117 4006 3218 4072 De
3249 4008 3343 4072 his
3360 4009 3665 4089 formulis,
3690 4013 3895 4091 ὄνομα,
3923 4014 4111 4093 ὄνομα
4129 4016 4337 4093 μόνον,
4359 4018 4548 4096 ὄνομα

2864 4113 3080 4185 ἄλλως,
3113 4110 3386 4174 diximus
3412 4110 3492 4175 ad
3523 4134 3668 4200 pag.
3699 4133 3849 4198 373.
3885 4116 3966 4178 E.
4043 4117 4204 4180 Mox
4235 4140 4377 4182 cum
4408 4119 4549 4207 plu-

2863 4213 3034 4278 rimis
3077 4213 3249 4277 libris
3282 4214 3463 4301 posui
3502 4215 3687 4280 πάλιν
3715 4217 3809 4280 αὖ.
3896 4218 3999 4282 De
4041 4242 4171 4306 quo
4202 4220 4327 4285 vid.
4360 4246 4549 4310 supra

2864 4317 2941 4381 ad
2974 4340 3040 4404 p.
3066 4336 3216 4397 411.
3246 4335 3400 4381 extr.

2950 4443 3013 4508 p.
3047 4422 3194 4505 850,
3227 4440 3289 4505 9.
3335 4422 3431 4485 καὶ
3458 4421 3529 4500 δὴ
3559 4422 3654 4485 καὶ
3681 4423 3924 4511 χρόαν]
3971 4421 4284 4488 Nimirum
4327 4444 4548 4514 quate-

2862 4546 2981 4587 nus
3008 4526 3230 4587 animae
3253 4522 3607 4588 vehiculum
3637 4523 3869 4589 colores
3897 4524 4118 4590 induit.
4207 4529 4350 4606 Qua
4379 4533 4456 4595 de
4485 4555 4551 4596 re

2860 4627 3148 4715 exposuit
3178 4627 3628 4716 Wyttenbach.
3673 4627 3754 4691 ad
3795 4629 4115 4696 Plutarch.
4164 4630 4244 4695 de
4276 4634 4339 4697 S.
4364 4636 4448 4699 N.
4472 4637 4547 4699 V.

2859 4754 2924 4819 p.
2965 4751 3108 4795 111.
3141 4753 3207 4818 p.
3236 4750 3386 4811 442.
3420 4729 3520 4793 ed.
3553 4731 3763 4794 Oxou.

2944 4855 3006 4921 p.
3042 4835 3189 4919 851,
3227 4855 3253 4897 1
3272 4854 3321 4896 1.
3367 4833 3435 4897 τὸ
3463 4832 3577 4913 μέν
3605 4859 3661 4897 τι
3705 4836 4133 4917 ἀποῤῥεύσεται
4166 4838 4550 4908 αὐτοῦ-στῶς

2860 4938 2967 5002 οὖν
2994 4938 3130 5016 ἡμῖν
3161 4939 3222 5000 αἱ
3247 4939 3467 5015 μνῆμαι
3487 4936 3534 5020 3]
3590 4936 3868 5000 Verbum
3899 4939 4179 5022 ἀποῤῥεΐν
4205 4939 4433 5027 soepius
4465 4943 4547 5008 de

2859 5040 3154 5104 memoria
3185 5055 3523 5123 usurpatur
3563 5038 3863 5126 adjuncto
3901 5039 4121 5105 etiam:
4168 5045 4269 5121 τῆς
4299 5044 4545 5125 μνήμης.

2861 5143 3006 5208 Vid.
3032 5142 3358 5229 VVyttenb.
3377 5141 3459 5205 ad
3481 5141 3652 5207 Plut.
3677 5141 4000 5231 Apophth.
4030 5145 4236 5232 Regg.
4263 5168 4323 5234 p.
4361 5168 4381 5210 1
4406 5168 4545 5229 124,

2862 5246 3040 5311 Idem
3071 5245 3353 5322 verbum,
3385 5244 3492 5308 sed
3522 5243 3699 5309 aliter
3726 5245 3807 5309 de
3834 5246 4128 5310 memoria
4153 5268 4548 5336 usurpatum,

2860 5350 3129 5415 vidimus
3173 5371 3363 5436 supra
3400 5371 3465 5437 p.
3498 5366 3645 5434 455.
3696 5351 3776 5413 E.
3871 5349 4059 5428 Quod
4101 5351 4328 5417 deinde
4370 5355 4548 5421 addit

1097 5451 1377 5520 Tuscull.
1428 5453 1488 5516 1.
1520 5471 1598 5536 9:
1649 5458 1692 5490 “
1729 5449 2036 5514 Animum
2081 5462 2290 5513 autem
2333 5449 2436 5513 alii
2479 5450 2769 5529 animam,
2856 5465 3297 5541 argumentum
3353 5474 3430 5514 ex
3487 5452 3800 5515 memoriae
3857 5453 4201 5517 constantia
4258 5452 4545 5533 ductum,

1091 5570 1160 5619 ut
1188 5555 1318 5619 fere
1361 5554 1592 5620 nostri:
1643 5552 1938 5619 Declarat
1982 5574 2226 5617 nomen.
2276 5553 2305 5634 (
2310 5564 2380 5617 ut
2408 5552 2537 5618 fere
2582 5556 2772 5620 nostri

2860 5555 3189 5643 conjuncta
3237 5569 3328 5618 est
3374 5554 3506 5618 haec
3557 5578 3654 5618 res
3709 5575 3851 5619 cum
3898 5554 4179 5619 doctrina
4227 5557 4551 5626 Platonica
