5118 6613
1503 574 1700 640 LIB.
1738 576 1812 640 V.
1862 576 2298 641 ENNEAD

612 739 927 806 hominem
962 741 1037 825 (S.
1071 743 1300 809 virtute
1342 745 1706 832 praeditum)
1753 748 2091 813 reservabit
2136 749 2208 833 (i.
2239 772 2296 813 e.

611 843 922 909 illibatum
951 860 1014 909 et
1041 845 1353 935 integrum
1387 849 1710 933 tenebit).”

695 969 762 1035 p.
795 949 901 1031 78,
939 969 995 1013 1.
1046 951 1115 1013 ἐν
1158 954 1237 1037 τῷ
1283 955 1482 1039 κοινῷ]
1536 954 1615 1016 In
1659 953 2010 1019 conditione
2054 953 2296 1042 vulgari

610 1073 656 1114 s.
689 1049 906 1115 mixta.
995 1051 1266 1139 Engelh.
1305 1053 1597 1120 admonet
1638 1079 1876 1135 eorum,
1917 1081 2063 1144 quae
2106 1080 2297 1145 supra

613 1153 673 1217 Ι.
711 1173 767 1218 1.
799 1153 857 1217 8.
907 1153 966 1218 Ι.
1002 1173 1054 1217 1.
1086 1174 1149 1240 9.
1203 1157 1265 1221 I.
1302 1176 1358 1220 1.
1396 1177 1496 1222 10.
1528 1157 1955 1246 disputaverat
1986 1160 2293 1227 PlotinuS.

693 1293 780 1306 —
815 1276 877 1323 2.
918 1256 1148 1340 Ὀρθῶς
1187 1261 1304 1341 γὰρ
1351 1260 1637 1347 Πλάτων]
1710 1263 1823 1327 Tu
1868 1262 1997 1327 vid.
2047 1264 2290 1330 Theaet.

609 1380 671 1445 p.
711 1361 855 1441 176.
885 1382 943 1423 a.
975 1359 1040 1425 b.
1087 1360 1393 1427 Phoedon.
1438 1385 1500 1450 p.
1528 1382 1637 1446 42.
1683 1365 2015 1452 Wyttenb.
2051 1366 2129 1431 de
2159 1369 2291 1432 Re-

608 1461 787 1548 publ.
818 1463 937 1526 VI.
970 1486 1035 1550 p.
1057 1483 1207 1550 509.
1236 1488 1291 1529 a.
1341 1466 1436 1529 X.
1463 1489 1525 1553 p.
1550 1468 1697 1552 613.
1727 1489 1787 1531 a.
1830 1467 1911 1533 de
1939 1469 2142 1557 Legg.
2172 1472 2289 1536 IV.

610 1587 671 1649 p.
704 1567 853 1647 716.
883 1565 948 1630 b.
977 1590 1035 1630 c.
1083 1589 1354 1653 quorum
1402 1567 1675 1634 locorum
1719 1571 1947 1658 partim
1994 1595 2185 1660 supra
2225 1572 2293 1638 in

607 1666 882 1732 medium
929 1668 1162 1756 protuli
1206 1669 1289 1736 ad
1333 1673 1503 1736 Enn.
1552 1672 1607 1736 1.
1657 1691 1714 1740 2.
1751 1693 1806 1737 1.
1853 1698 1919 1762 p.
1956 1695 2056 1738 11.
2089 1677 2177 1740 A.
2229 1691 2289 1741 et

607 1792 742 1858 cap.
764 1791 830 1852 4.
859 1794 922 1858 p.
949 1792 1049 1853 14.
1076 1774 1152 1835 A.

689 1911 776 1923 —
801 1890 858 1956 7.
905 1873 1043 1938 ἀλλ’
1092 1877 1168 1943 ὡς
1219 1879 1651 1960 στοχαζόμενος
1702 1907 1751 1943 κ.
1783 1905 1835 1943 τ.
1870 1881 1968 1968 λ.]
2018 1882 2291 1969 Engelb.

607 1975 726 2041 ita:
778 1984 823 2016 “
853 1977 961 2041 sed
991 1992 1064 2042 ut
1092 1977 1167 2057 is,
1197 1979 1308 2065 qui
1336 1979 1416 2043 ad
1448 1980 1766 2067 superiora
1812 2005 2143 2049 conversus
2189 1986 2290 2064 sit,

605 2078 792 2144 vitam
849 2095 1014 2169 aget,
1060 2083 1213 2147 dum
1264 2099 1520 2149 externa
1564 2085 1873 2151 duntaxat
1919 2088 2294 2156 circumfusa

607 2199 750 2249 sunt
792 2184 955 2251 circa
994 2186 1258 2273 ipsum.''
1346 2188 1625 2276 Taylor:
1673 2192 1760 2255 In
1788 2213 1976 2277 every
2021 2195 2291 2259 circum-

603 2295 813 2352 stance
838 2289 1128 2378 ofbeimg
1150 2289 1230 2353 he-
1254 2291 1385 2354 will
1409 2293 1753 2378 conjecture
1793 2295 1957 2359 what
1992 2297 2052 2360 is
2087 2298 2288 2385 right.

607 2390 733 2454 Hic
763 2391 1017 2477 quidem
1050 2390 1300 2457 melius.
1393 2395 1870 2460 Attendendum
1911 2411 2003 2462 est
2045 2398 2125 2463 ad
2171 2401 2284 2474 καὶ,

605 2492 777 2579 quod
805 2516 927 2558 non
957 2494 1232 2582 neglexit
1262 2495 1539 2561 FicinuS.
1633 2500 1952 2564 Sententia
1993 2500 2110 2564 loci
2155 2501 2288 2567 haec

603 2610 737 2660 est:
787 2604 831 2636 “
851 2596 965 2662 Ille
991 2598 1089 2661 vir
1115 2599 1370 2685 probus,
1392 2598 1533 2664 licet
1561 2600 1745 2665 finem
1778 2602 2004 2668 habeat
2033 2604 2286 2669 unicum

604 2721 1062 2788 summumque,
1108 2701 1303 2766 nihilo
1354 2717 1558 2767 tamen
1611 2704 1828 2781 secius,
1881 2706 2076 2770 sicubi
2125 2708 2285 2773 ferat

601 2824 807 2867 rerum
839 2825 1088 2868 suarum
1120 2806 1544 2883 commutatio,
1575 2807 2025 2873 animadvertet
2066 2813 2165 2875 vel
2204 2811 2283 2875 ad

601 2928 694 2984 ea,
724 2930 870 2993 quae
914 2907 1294 2972 extrinsecus
1336 2907 1391 2972 ei
1436 2909 1805 2991 offeruntur,
1838 2928 1902 2976 et
1944 2913 2121 2999 quasi
2165 2913 2284 2978 cir-

603 3032 743 3073 cum
775 3033 920 3074 eum
950 3010 1363 3076 funduntur.”

682 3149 769 3161 —
793 3134 854 3197 9.
884 3114 954 3177 οὐ
984 3116 1350 3194 κωλυόμενος
1379 3142 1430 3179 κ.
1454 3142 1506 3179 τ.
1527 3118 1619 3201 λ.]
1660 3117 1801 3181 Hoc
1829 3133 1921 3182 est
1958 3128 2000 3158 “
2019 3118 2161 3184 licet
2191 3120 2285 3184 vir

602 3214 835 3301 probus
876 3214 1119 3280 delatus
1168 3217 1248 3281 sit
1287 3217 1354 3281 in
1400 3218 1568 3282 hunc
1612 3219 1710 3284 vel
1752 3219 1928 3285 illum
1974 3221 2174 3287 locum
2221 3239 2283 3288 et

598 3319 990 3405 conjunctam
1035 3320 1277 3407 corpori
1321 3321 1586 3386 animam
1629 3323 1875 3402 habeat,
1906 3348 2027 3389 non
2076 3341 2280 3391 tamen

598 3421 856 3486 eandem
906 3421 1104 3487 eidem
1153 3423 1586 3511 mancipatam,
1637 3427 1743 3491 sed
1789 3427 1983 3493 libero
2026 3429 2281 3494 arbitrio

597 3524 798 3589 utitur
822 3523 886 3589 in
915 3548 1162 3612 corpus,
1192 3525 1282 3590 ita
1309 3542 1540 3605 tamen,
1573 3546 1646 3593 ut
1675 3529 1818 3594 inde
1848 3533 2282 3598 tantummodo

588 3627 764 3714 justo
790 3641 1031 3692 naturae
1070 3644 1348 3717 tempore
1400 3655 1463 3695 se
1505 3631 1885 3719 disjungat.”
1974 3634 2169 3699 Plura
2214 3635 2277 3700 in

597 3753 730 3794 eam
772 3731 1133 3795 sententiam
1176 3755 1479 3820 ponemus
1516 3733 1680 3799 infra
1716 3735 1798 3800 ad
1837 3737 1892 3800 1.
1925 3758 1984 3822 9.
2029 3737 2156 3801 sive
2198 3739 2277 3803 ad

595 3831 873 3898 libellum
900 3836 1034 3915 περὶ
1064 3837 1378 3918 ἐξαγωγῆς.

679 3973 767 3986 -
795 3957 896 4018 14.
937 3939 1066 4001 οἷον
1096 3940 1148 4001 εἰ
1174 3939 1452 4017 μουσικὸς
1478 3942 1661 4022 λύρας
1690 3943 1911 4026 κ.τ.λ.]
1959 3942 2278 4029 Frequen-

601 4052 732 4103 tant
767 4038 1118 4127 philosophi
1146 4056 1210 4105 et
1239 4040 1534 4106 Ecclesiae
1575 4057 1781 4128 patres
1806 4043 1968 4108 hanc
1998 4044 2280 4112 similitu-

597 4140 802 4206 dinem
832 4143 1105 4229 corporis
1133 4157 1192 4207 et
1222 4142 1614 4209 instrumenti
1646 4144 1878 4210 musici.
1956 4146 2277 4215 Plutarch.

600 4245 773 4332 Sept.
805 4246 996 4332 Sapp.
1029 4245 1289 4310 ConviV.
1321 4270 1382 4334 p.
1412 4249 1552 4332 163.
1584 4248 1665 4312 E.
1709 4254 1908 4331 ψυχῆς
1949 4252 2065 4331 γὰρ
2105 4252 2280 4334 ὄργα-

597 4372 706 4411 νον
731 4347 799 4411 τὸ
828 4354 1016 4427 σῶμα,
1048 4352 1186 4412 θεοῦ
1215 4351 1279 4413 δὲ
1307 4351 1343 4429 ἡ
1372 4348 1663 4433 ψυχὴ-ᾗ
1694 4353 1943 4419 Σκύθαις
1980 4355 2139 4432 τόξα,
2172 4356 2275 4419 λύ-

592 4475 691 4531 ραι
720 4451 786 4513 δὲ
801 4448 1068 4530 Ἕλλησι
1097 4452 1193 4515 καὶ
1221 4453 1399 4516 αὐλοί
1423 4457 1851 4532 συμπαθοῦσιν.
1944 4454 2055 4518 Ad
2085 4479 2270 4542 quem

591 4550 794 4616 locum
827 4553 1280 4640 Wyttenbach.
1333 4555 1397 4618 in
1449 4555 1824 4619 Animadvv.
1874 4580 1939 4645 p.
1974 4558 2121 4640 988.
2173 4558 2272 4622 ed.

591 4654 741 4720 min.
785 4654 971 4742 plura
1011 4655 1294 4721 contulit.
1357 4659 1561 4723 Marc.
1593 4659 1896 4724 Antonin.
1930 4661 2022 4724 X.
2055 4660 2160 4745 38.
2206 4684 2272 4748 p.

590 4777 739 4843 315.
771 4781 864 4845 sq.
928 4759 1023 4822 καὶ
1052 4762 1127 4824 τᾶ
1155 4761 1382 4842 ὄργανα
1411 4764 1593 4825 ταῦτα
1620 4763 1694 4825 τὰ
1719 4764 2268 4843 περιπεπλασμένα,

588 4860 669 4925 ad
697 4883 844 4948 quae
874 4860 1227 4926 Gatakerus
1269 4877 1333 4927 et
1374 4861 1494 4927 alia
1535 4863 1842 4950 congessit
1879 4879 1940 4928 et
1981 4866 2271 4952 Apostoli

589 4963 779 5027 verba
806 4963 1013 5051 Epist.
1047 4963 1230 5028 Rom.
1266 4967 1378 5029 VI.
1417 4986 1516 5051 13.
1551 4981 1616 5030 et
1643 4990 1790 5030 vero
1817 4967 1951 5031 haec
1983 4968 2269 5054 Gregorii

588 5066 856 5151 Nysseni
898 5066 979 5131 de
1021 5066 1248 5131 homin.
1294 5067 1499 5154 opific.
1529 5091 1667 5155 cap.
1699 5088 1837 5135 12.:
1889 5070 2170 5152 Καθάπερ
2213 5097 2268 5136 τι

585 5168 868 5247 μουσικὸν
912 5172 1170 5252 ὄργανον
1220 5170 1378 5234 ἅπαν
1427 5171 1494 5234 τὸ
1544 5177 1714 5251 σῶμα
1765 5173 2261 5255 δεδημιούργηται.

585 5271 728 5358 Ego
756 5271 993 5358 aliquot
1017 5271 1184 5337 locos
1211 5272 1519 5359 adjiciam,
1549 5272 1862 5360 praecipue
1890 5297 2015 5351 em,
2048 5275 2157 5361 qui
2187 5277 2267 5340 ad

585 5371 923 5439 Plotiniani
948 5373 1411 5440 similitudinem
1444 5376 1699 5464 propius
1726 5377 2040 5442 accedant.
2116 5379 2268 5442 Pro-

585 5475 730 5540 inde
777 5467 976 5541 m'ulta
1017 5477 1257 5556 omitto,
1303 5492 1376 5543 ut
1412 5478 1570 5544 illud
1607 5478 1985 5544 Theodoreti
2029 5481 2111 5545 T.
2144 5482 2262 5545 lv.

585 5599 650 5665 p.
679 5581 830 5663 516.
864 5580 1035 5667 Opp.
1068 5579 1168 5646 ed.
1202 5580 1494 5662 Scbulzii,
1527 5581 1637 5647 ubi
1677 5581 1865 5654 homo
1892 5583 2120 5649 dicitur
2162 5587 2262 5666 ὅρ-

2305 628 2318 642 .
2368 578 2759 643 PRIMAE.
2809 601 2872 665 p.
2905 581 3178 666 75-84.

3988 607 4068 673 31

2384 775 2575 831 γανον
2604 750 2935 834 ἀρχέτυπον
2964 766 3026 816 et
3053 752 3133 817 T.
3156 751 3237 816 V.
3277 772 3412 818 102.
3449 753 3552 818 ubi
3583 758 3771 839 λύραν
3802 760 4071 840 ἐκκλησι-

2384 853 2631 932 αστικὴν
2659 852 2831 918 dicit.
2917 853 3294 919 Adscribam
3324 855 3532 943 potius
3559 856 3761 923 locum
3793 861 4067 926 Nemesii

2382 952 2464 1018 de
2489 955 2734 1019 Natura
2764 957 3056 1021 Hominis
3083 980 3145 1044 p.
3178 979 3278 1042 91.
3311 982 3401 1045 sq.
3434 960 3764 1026 Matthaei:
3812 965 4068 1045 ὄργανον

2381 1060 2497 1140 γὰρ
2526 1055 2598 1121 ὂν
2627 1058 2695 1122 τὸ
2726 1064 2897 1138 σῶμα
2933 1063 3035 1139 τῆς
3070 1066 3288 1144 ψυχῆς,
3323 1064 3429 1126 ἐὰν
3456 1065 3568 1142 μὲν
3601 1066 3931 1146 ἐπιτηδείως
3969 1093 4069 1131 κα-

2379 1166 2775 1242 τασκευασθῇ,
2801 1169 3084 1246 συνεργεῖ
3105 1169 3176 1244 τῇ
3206 1169 3396 1248 ψυχῇ,
3426 1167 3522 1230 καὶ
3547 1167 3688 1232 αὐτὸ
3720 1169 3847 1252 ἔχει
3878 1171 4070 1251 ἐπιτη-

2380 1267 2563 1333 δείως·
2600 1267 2707 1330 ἐὰν
2727 1268 2792 1330 δὲ
2821 1268 3250 1350 ἀνεπιτηδείως,
3273 1271 3583 1350 ἐμποδίζει,
3610 1275 3706 1338 καὶ
3733 1276 3868 1339 τότε
3895 1278 4068 1359 χρεία

2378 1372 2446 1448 τῇ
2473 1372 2646 1452 ψνχῇ
2676 1369 3055 1452 πραγμάτων,
3087 1373 3510 1456 ἆπομαχομένῃ
3537 1375 3682 1457 πρὸς
3722 1376 3830 1456 τὴν
3862 1378 4064 1442 ἆνεπι-

2377 1472 2718 1550 τηδειότητα
2760 1476 2864 1536 τοῦ
2911 1473 3187 1555 ὀργάνου.
3239 1477 3332 1539 καὶ
3377 1478 3483 1540 ἐὰν
3509 1477 3588 1557 μὴ
3615 1480 3851 1561 σφόδρα
3879 1479 4061 1562 νήψῃ,

2381 1573 2474 1636 καὶ
2501 1573 3034 1657 συνδιαστρέφεται
3065 1577 3239 1664 αὐτῷ,
3265 1578 3524 1660 καθάπερ
3552 1581 3829 1659 μουσικὸς
3858 1589 4064 1662 συνεξ-

2376 1675 2696 1757 αμαρτάνει
2723 1681 2792 1757 τῇ
2820 1681 2921 1757 τῆς
2947 1679 3129 1759 λύρας
3158 1684 3506 1763 διαστροφῇ,
3535 1685 3640 1747 ἐὰν
3665 1683 3746 1763 μὴ
3772 1687 4057 1767 πρότερον

2376 1778 2558 1858 αὐτὴν
2590 1779 2928 1860 καταστήσῃ
2958 1787 3168 1849 καλῶς.
3213 1782 3302 1846 διὸ
3335 1784 3430 1847 καὶ
3458 1787 3633 1868 χρεία
3661 1790 3731 1866 τῇ
3762 1791 3929 1870 ψυχῇ
3965 1792 4065 1867 τῆς

2381 1882 2718 1961 ἐπιμελείας
2744 1888 2849 1947 τοῦ
2870 1884 3161 1963 σώματος,
3185 1886 3283 1949 ἵνα
3307 1889 3620 1969 καταρτίσῃ
3643 1889 3783 1953 αὐτὸ
3806 1891 4063 1972 ὄργανον

2382 1983 2707 2063 ἐπιτήδειον
2744 1988 2940 2066 ἑαυτῇ.
2989 1990 3159 2050 τοῦτο
3199 1990 3264 2051 δὲ
3309 1995 3470 2052 ποιεῖ
3500 1990 3594 2054 διά
3632 2016 3696 2055 τε
3734 1996 3838 2055 τοῦ
3873 1995 4060 2075 λόγου

2381 2087 2474 2150 καὶ
2504 2093 2621 2151 τῶν
2649 2089 2828 2167 ἠθῶν,
2860 2090 2936 2155 ὡς
2965 2091 3032 2153 ἐν
3061 2092 3326 2175 ἁρμονία,
3360 2094 3434 2155 τᾶ
3460 2094 3571 2171 μὲν
3597 2099 3868 2177 χαλῶσα,
3893 2098 3968 2160 τὰ
3995 2097 4060 2159 δὲ

2381 2190 2777 2264 ἐπιτείνουσα,
2809 2192 2909 2255 ἵνα
2937 2193 3214 2274 ἁρμόδιον
3244 2194 3383 2257 αὐτὸ
3414 2196 3587 2275 ἑαυτῇ
3629 2198 4054 2278 κατασκευάσῃ,

2378 2294 2473 2357 καὶ
2516 2292 2808 2375 χρήσηται
2854 2294 3156 2379 ἐπιτηδείῳ
3199 2294 3454 2382 ὀργάνῳ,
3502 2299 3608 2361 ἐὰν
3651 2298 3731 2377 μὴ
3774 2299 3869 2363 καὶ
3912 2300 4056 2379 αὐτὴ

2373 2399 2821 2477 συνδιαστραφῇ
2853 2396 3025 2481 αὐτῷ.
3076 2400 3393 2476 συμβαίνει
3420 2401 3535 2481 γὰρ
3565 2402 3657 2463 καὶ
3684 2404 3874 2465 τοῦτο.
3944 2402 3990 2464 J
3993 2425 4054 2466 o.

2374 2496 2853 2584 Chrysostomus
2881 2496 2944 2562 in
2975 2497 3207 2562 Psalm.
3245 2501 3442 2564 XLI.
3474 2524 3536 2588 p.
3568 2522 3705 2585 150.
3737 2501 3837 2566 ed.
3859 2504 4055 2567 Fran-

2372 2599 2492 2664 cof.
2529 2601 2783 2664 ἐνταῦθα
2811 2601 2880 2665 οὐ
2906 2602 3080 2684 χρεία
3109 2601 3365 2684 κιθάρας,
3397 2604 3531 2668 οὐδὲ
3561 2606 3781 2686 νεύρων
3811 2607 4053 2686 τεταμέ-
4111 2656 4117 2662 .

2373 2727 2513 2780 νων,
2538 2704 2673 2766 οὔτε
2700 2703 2995 2786 πλήκτρου
3025 2706 3121 2768 καὶ
3149 2704 3381 2788 τέχνης,
3403 2706 3538 2770 οὐδὲ
3567 2706 3837 2789 ὀργάνων
3859 2714 4050 2773 τινῶν·

2373 2805 2509 2869 ἀλλ’
2542 2809 2649 2869 ἐᾶν
2678 2805 2877 2886 θέλῃς,
2908 2806 2983 2870 σὺ
3024 2807 3246 2872 σαυτὸν
3277 2808 3500 2890 ἐργάσῃ
3540 2808 3800 2891 κιθάραν,
3842 2814 4053 2893 νεκρῶ-

2371 2933 2483 2974 σας
2524 2911 2599 2972 τὰ
2646 2908 2798 2989 μέλη
2842 2914 2947 2973 τοῦ
2991 2910 3228 2992 σαρκὸς,
3279 2913 3374 2975 καὶ
3423 2912 3658 2991 πολλὴν
3702 2916 3782 2998 τῷ
3830 2915 4053 2994 σώματι

2370 3011 2515 3091 πρὸς
2541 3012 2649 3091 τὴν
2675 3012 2882 3095 ψυχὴν
2909 3012 3159 3093 ποιήσας
3185 3014 3292 3093 τὴν
3321 3016 3690 3097 συμφωνίαν.

3040 3201 3242 3266 LIB.
3295 3202 3367 3265 V.

2456 3321 2533 3383 P.
2568 3319 2672 3397 84,
2709 3322 2771 3383 6.
2813 3321 3004 3384 Liber
3043 3323 3141 3410 V.]
3190 3321 3572 3386 Tricesimus
3600 3336 3810 3387 sextus
3836 3323 4050 3389 ordine

2366 3443 2508 3485 cum
2538 3422 2640 3486 hic
2670 3421 2824 3486 liber
2852 3423 2951 3503 sit,
2983 3423 3262 3510 superior
3289 3439 3496 3488 autem
3537 3424 3664 3488 sive
3701 3425 3892 3513 hujus
3921 3429 4051 3491 En-

2368 3524 2580 3589 neadis
2606 3540 2891 3612 quartuS,
2921 3525 3432 3613 quadragesimus
3461 3542 3673 3592 sextus
3698 3557 3713 3601 ;
3763 3528 3934 3592 haud
3963 3530 4049 3594 ita

2366 3627 2666 3713 exiguum
2697 3628 2989 3715 temporis
3023 3627 3416 3693 intervallum
3449 3644 3783 3716 utrumque
3811 3630 4048 3718 disjun-

2365 3753 2511 3816 gere
2558 3729 2826 3795 videtur.
2932 3730 3404 3817 Inscriptionem
3461 3748 3667 3797 autem
3728 3733 3887 3797 hanc
3944 3732 4046 3799 ille

2364 3832 2552 3897 habet
2579 3832 2641 3896 in
2677 3832 3008 3919 Porphyrii
3039 3832 3342 3920 Catalogo
3369 3834 3448 3898 de
3471 3834 3616 3899 Vita
3646 3835 3877 3900 Plotini
3907 3859 4041 3923 cap.

2367 3954 2503 4015 24:
2551 3938 2630 3999 Et
2654 3937 2766 4016 μὲν
2792 3935 3120 4018 παρα-τάσει
3146 3939 3365 4020 χρόνου
3394 3938 3462 4001 τὸ
3493 3939 3891 4019 εὗδαιμονεῖνς
3942 3940 4043 4004 Ad

2362 4060 2546 4124 quem
2578 4036 2784 4102 locum
2809 4038 2980 4125 quod
3008 4041 3063 4103 I.
3087 4041 3164 4102 A.
3187 4039 3510 4105 Fabricius
3538 4056 3749 4106 nostro
3769 4041 3832 4106 in
3862 4042 4044 4108 titulo

2363 4140 2577 4205 addit:
2625 4140 2707 4205 al.
2740 4143 3030 4222 ἐπίτασιν,
3062 4142 3353 4207 nimirum
3381 4166 3497 4231 pro
3528 4147 3819 4210 ἐπίδοσινε
3853 4145 4043 4210 nostri

2364 4243 2617 4329 quidem
2668 4243 2807 4308 libri
2860 4246 3055 4309 MSS.
3115 4245 3275 4310 hanc
3328 4245 3682 4311 varietatem
3732 4247 4042 4336 ignorant.

2365 4346 2757 4434 Subrepsisse
2806 4346 3055 4411 videtur
3104 4348 3416 4413 memoriae
3466 4349 3798 4414 doctissimi
3842 4350 3957 4415 viri
4008 4376 4044 4416 e

2361 4449 2646 4536 Diogene
2677 4450 2930 4514 Laertio
2962 4451 3056 4514 X.
3085 4471 3228 4516 121.
3263 4450 3368 4515 ubi
3399 4465 3491 4516 est
3531 4453 3867 4533 εὐδαιμονία
3914 4456 4038 4519 ἐπί-

2360 4578 2534 4617 τασιν
2563 4553 2668 4617 οὐκ
2698 4553 2940 4636 ἔχουσα.
2989 4555 3226 4640 Caspar
3253 4569 3460 4618 autem
3492 4554 3789 4619 Barthius
3819 4555 3880 4619 in
3904 4557 4043 4621 Ad-

2359 4677 2615 4720 versarr.
2646 4654 2756 4721 lib.
2788 4657 2869 4719 L.
2901 4679 3035 4743 cap.
3058 4659 3118 4720 8.
3148 4679 3214 4743 p.
3248 4676 3430 4742 2347.
3463 4680 3592 4721 suae
3619 4657 3751 4745 ipse
3780 4659 4040 4724 transla-

2358 4758 2510 4823 tioni
2549 4758 2684 4823 haec
2714 4759 2903 4822 verba
2937 4758 3315 4847 praeposuit:
3365 4768 3408 4798 ‘⁶
3438 4759 3847 4825 Duodecenni
3889 4762 4041 4827 mihi

2357 4883 2554 4947 puero
2588 4861 2748 4926 inter
2775 4861 3064 4925 exercitia
3094 4863 3335 4927 Graecae
3373 4862 3893 4951 interpretationis
3936 4889 4042 4930 ex-

2356 4963 2507 5028 cidit
2556 4963 2874 5029 translatio
2922 4964 3257 5028 acutissimi
3309 4980 3372 5029 et
3422 4966 3800 5031 subtilissimi
3854 4967 4040 5033 libelli

2353 5067 2459 5129 An
2475 5068 2771 5152 filicitas
2817 5076 3085 5154 tempore
3126 5077 3446 5156 augeatur
3474 5068 3645 5156 apud
3678 5069 4034 5143 Plotinum;

2352 5169 2798 5233 nobilissimum
2829 5169 3265 5257 philosophum
3298 5194 3376 5235 ex
3404 5170 3501 5249 iis,
3531 5172 3641 5259 qui
3663 5172 4037 5237 Platonicam

2351 5285 2416 5335 et
2474 5272 2957 5360 Pythagoricam
3014 5272 3374 5360 sapientiam
3431 5276 3757 5362 postremis
3814 5276 4037 5340 Romae

2354 5375 2736 5462 temporibus
2779 5375 3246 5464 conjungentes»,
3290 5399 3511 5441 novam
3558 5376 3910 5464 quampiam
3957 5402 4034 5444 ex

2352 5477 2546 5542 mistis
2575 5478 2824 5544 duabus
2852 5494 3077 5544 sectam
3110 5480 3574 5545 concinnarunt.
3643 5482 3803 5544 Eam
3837 5495 4036 5546 trans-

2349 5580 2638 5646 lationem
2686 5581 2812 5647 huc
2859 5581 3283 5661 transcribam,
3343 5605 3420 5647 ne
3476 5582 3637 5645 inter
3683 5581 4037 5650 chartarum
