5118 6613
1317 550 1513 616 LIB.
1548 552 1748 617 VIII.
1799 550 2247 617 ENNEAD.
2298 550 2771 629 QUINTAE.
2821 575 2888 641 p.
2927 571 3373 639 1009—1012.

608 723 882 811 reliquos
908 722 1150 788 omitto.
1224 724 1328 789 De
1359 722 1610 788 Plotino
1635 745 1876 811 quaero,
1903 745 1982 788 an
2011 724 2301 788 substan·

609 829 719 893 tice
753 825 1126 893 vocabulum
1173 849 1306 893 eam
1349 826 1475 890 vim
1520 826 1768 904 habeat,
1801 839 1873 891 ut
1902 826 2305 915 Lycopolites

611 929 1032 1018 Philosophus
1094 930 1301 995 minus
1363 929 1854 1017 incorporaliter,
1916 928 2044 994 sive
2106 929 2304 1018 magis

607 1032 1007 1121 corporaliter
1063 1033 1267 1116 (liceat
1323 1033 1487 1099 enim
1543 1032 1866 1098 brevitatis
1921 1055 2110 1097 causa
2168 1033 2303 1098 haec

610 1140 939 1225 usurpare)
974 1159 1162 1223 quam
1198 1135 1402 1215 Plato,
1446 1135 1617 1201 ideas
1657 1135 1961 1223 accepisse
2002 1135 2304 1201 dicendus

609 1240 727 1319 sit3
771 1262 833 1304 v.
861 1263 917 1305 c.
960 1254 1030 1304 ut
1072 1255 1372 1326 tanquam
1418 1238 1781 1329 substantiae
1829 1238 1987 1304 ideae
2034 1240 2304 1305 habeant

609 1342 951 1409 accidentia
977 1343 1151 1407 varia
1179 1358 1244 1408 et
1270 1341 1594 1407 mutabilia
1620 1358 1737 1408 etc.
1810 1345 1955 1408 Hoc
1986 1343 2034 1407 si
2065 1342 2297 1431 signifi-

608 1461 814 1512 catum
847 1444 1047 1511 voluit
1075 1445 1434 1523 Richterus,
1466 1460 1600 1511 toto
1635 1445 1789 1510 caelo
1830 1470 1869 1511 a
1913 1460 2120 1512 mente
2152 1446 2296 1511 Plo-

609 1549 723 1615 tini
749 1548 1082 1614 aberravit.
1175 1548 1350 1614 Audi
1384 1548 1570 1613 modo
1600 1549 1732 1614 haec
1760 1549 1952 1615 verba
1977 1549 2194 1614 Nostri
2225 1549 2298 1614 li-

607 1654 723 1719 bro
744 1651 1032 1740 proximo
1057 1675 1122 1740 p.
1140 1654 1292 1737 560.
1311 1653 1398 1716 A:
1440 1655 1601 1719 Νοῦς
1625 1655 1739 1733 μὲν
1765 1652 1835 1733 δὴ
1871 1653 2024 1718 ἔστω
2053 1656 2128 1719 τᾶ
2156 1656 2302 1718 ὄντα

611 1756 706 1823 καὶ
742 1755 938 1821 πάντα
978 1757 1046 1820 ἐν
1084 1757 1238 1841 αὐτῷ
1278 1755 1391 1840 οὐχ
1431 1755 1508 1822 ὧς
1553 1756 1620 1819 ἐν
1647 1757 1807 1842 τόπῳ
1847 1757 2022 1839 ἔχων,
2056 1755 2192 1821 ἀλλ’
2226 1758 2302 1826 ὥς

612 1858 790 1927 αὑτὸν
820 1859 997 1944 ἔχων,
1032 1859 1127 1923 καὶ
1156 1858 1225 1922 ἓν
1256 1856 1341 1922 ὧν
1369 1858 1586 1925 αὐτοῖς.
1677 1857 1867 1922 Vides
1894 1857 1997 1923 hic
2030 1873 2299 1924 mentem

611 1962 740 2027 sive
768 1960 1151 2027 intellectum
1178 1959 1428 2025 Plotino
1456 1982 1587 2024 esse
1615 1964 1690 2025 τὰ
1716 1962 1887 2026 ὄντας
1928 1976 2140 2026 nostro
2167 1962 2303 2029 loco

609 2063 809 2130 eidem
837 2064 1038 2129 ideas.
1129 2061 1300 2142 Quid
1330 2062 1606 2149 quaeris?
1660 2060 1911 2128 Plotino
1954 2062 2112 2128 ideae
2155 2077 2303 2129 sunt

609 2191 721 2234 nec
749 2168 812 2233 in
844 2183 1072 2246 mente,
1101 2189 1215 2232 nec
1257 2181 1435 2232 extra
1477 2182 1769 2245 mentem,
1801 2167 1909 2232 sed
1953 2184 2101 2234 sunt
2133 2167 2297 2234 idem

605 2289 795 2360 atque
834 2293 1046 2345 mens;
1092 2286 1311 2358 estque
1349 2269 1804 2358 simplicissima,
1838 2271 1974 2336 hoec
2017 2272 2207 2351 notiO,
2238 2286 2301 2337 et

606 2397 752 2461 quae
791 2373 971 2439 aliter
998 2373 1253 2439 desiniri
1284 2387 1574 2461 nequeat,
1613 2373 1729 2438 nisi
1770 2395 1901 2439 esse
1942 2373 2134 2453 ideas,
2163 2397 2296 2440 eas-

609 2477 878 2565 demque
906 2500 1038 2542 esse
1064 2479 1236 2542 entia
1263 2492 1326 2542 et
1353 2477 1678 2542 essentia-9.
1766 2477 1901 2542 Nec
1934 2476 2116 2542 aliam
2151 2477 2296 2561 Pla-

611 2581 771 2646 tonis
796 2580 993 2668 ipsius
1022 2579 1386 2645 sententiam
1417 2602 1548 2644 esse
1566 2578 1787 2666 judico
1813 2579 2024 2645 fuisse.
2111 2581 2298 2660 Quod

609 2697 980 2772 argumento
1008 2698 1123 2761 σοι,
1152 2682 1283 2748 falli
1312 2706 1439 2760 εοε,
1470 2681 1578 2769 qui
1612 2682 1892 2748 Platonis
1927 2683 2088 2748 inter
2126 2683 2297 2749 idea-

608 2809 746 2853 rum
793 2786 1142 2853 doctrinam
1190 2802 1253 2851 et
1289 2785 1702 2851 l‘lotinianam
1750 2785 2157 2852 differentiam
2202 2787 2295 2852 in·

611 2889 922 2957 teroedere
977 2889 1331 2977 opinantur.
1430 2888 1600 2968 Quid
1635 2892 1663 2952 ?
1728 2889 2297 2977 quod—equidem

610 2993 883 3081 profiteri
934 3015 1057 3057 non
1111 2992 1357 3069 dubito,
1405 2990 1542 3056 aliis
1586 3015 1839 3079 quoque
1889 2992 1952 3056 in
2004 2991 2300 3058 doctrinis

608 3095 846 3184 aliquot
888 3096 951 3160 in
995 3094 1251 3160 clariore
1299 3093 1438 3159 luce
1483 3092 1848 3159 collocatum
1898 3093 1973 3159 iri
2025 3093 2299 3160 Platonis

608 3185 877 3278 decreta,
925 3198 977 3264 si
1021 3197 1214 3285 ipsius
1258 3197 1625 3286 interpretes
1669 3198 1916 3265 Plotino
1965 3198 2301 3266 studiosius

607 3325 857 3393 operam
885 3301 1035 3368 dare
1063 3301 1275 3368 velint.

712 3446 803 3460 —
847 3426 913 3494 5.
980 3410 1243 3472 Δοκοῧσι
1288 3405 1355 3471 δέ
1398 3431 1500 3486 μοι
1556 3407 1652 3471 καὶ
1704 3409 1763 3471 οῖ
1812 3409 2146 3490 Αἰγυπτίων
2196 3434 2299 3473 σο-

612 3513 717 3596 φοὶ
746 3539 799 3576 κ.
817 3538 872 3577 τ.
894 3511 994 3597 λ.]
1043 3509 1495 3599 AEgyptiorum
1528 3509 1919 3597 scriptionem
1954 3511 2137 3577 Plato
2166 3534 2294 3576 me-

608 3632 809 3681 morat
835 3614 900 3680 in
932 3613 1206 3679 Phoedro
1233 3636 1295 3700 p.
1327 3630 1471 3694 274.
1503 3636 1595 3700 sq.
1630 3629 1693 3679 et
1720 3614 1784 3677 in
1820 3613 2073 3679 Philebo
2102 3638 2167 3703 p.
2194 3615 2295 3679 18.

610 3717 789 3783 Alios
818 3717 1048 3782 multos
1074 3715 1325 3781 laudavi
1355 3738 1498 3781 cum
1526 3717 1607 3780 ad
1640 3717 1769 3783 Cic.
1800 3716 1880 3781 de
1909 3718 1995 3781 N.
2027 3718 2112 3784 D.
2149 3719 2293 3783 111.

612 3840 714 3888 22.
743 3844 808 3909 p.
833 3821 979 3885 611.
1025 3835 1157 3884 tum
1200 3818 1544 3906 praesertim
1574 3819 1638 3884 in
1673 3822 2118 3885 Commentatt.
2154 3822 2289 3885 He-

605 3922 837 3989 rodott.
873 3924 930 3987 1.
961 3945 1026 4010 p.
1048 3924 1198 4007 369.
1229 3945 1366 4009 sqq.
1454 3922 1679 4010 Nuper
1704 3936 1913 3987 autem
1958 3921 2118 3986 hanc
2162 3944 2292 3986 rem

606 4026 813 4091 denuo
841 4024 1181 4089 multorum
1214 4023 1435 4089 studiis
1462 4022 1741 4089 certatim
1778 4024 2077 4112 ‘agitatam
2110 4047 2294 4090 nemo

604 4130 818 4207 nescit,
877 4127 988 4215 qui
1046 4126 1329 4214 Youngii
1397 4126 1596 4214 Angli
1667 4142 1732 4192 et
1804 4126 2295 4214 Champollionis

608 4230 998 4319 Francogalli
1026 4229 1415 4316 aliorumque
1457 4229 1685 4317 scripta
1712 4228 2048 4318 inspexerit
2078 4230 2190 4314 (cf.
2222 4245 2295 4295 ut

606 4334 725 4400 alia
765 4333 1070 4412 omittam,
1120 4332 1410 4398 Silvestre
1453 4333 1533 4397 de
1579 4334 1737 4420 Sacy
1778 4332 1840 4397 in
1883 4332 2152 4397 Journal
2183 4333 2294 4400 des

610 4441 845 4505 Savans
869 4439 1054 4521 1827.
1078 4450 1141 4501 et
1163 4437 1482 4501 Letronne
1505 4435 1567 4500 in
1590 4437 1960 4524 Appendice
1981 4437 2063 4503 ad
2084 4439 2294 4504 Precis

605 4542 692 4609 du
726 4544 1010 4632 Systeme
1035 4538 1553 4629 hieroglyphique
1582 4563 1697 4628 par
1728 4542 1827 4606 M.
1856 4541 2292 4629 Champollion

605 4644 663 4710 le
680 4645 877 4734 jeune
903 4667 966 4732 p.
987 4645 1135 4729 376.
1166 4665 1305 4729 sqq.
1336 4642 1433 4707 ed.
1458 4642 1737 4725 secund.)
1786 4642 1975 4721 Quod
2007 4643 2293 4710 Plotinus

606 4748 794 4813 homo
822 4745 1172 4835 AEgyptius
1214 4746 1331 4810 hoc
1374 4745 1509 4810 loco
1546 4746 1992 4834 AEgyptiorum
2035 4747 2291 4813 alteram

605 4848 907 4917 scribendi
939 4850 1260 4929 rationem,
1281 4872 1471 4938 quam
1501 4849 1948 4937 alphabeticam
1984 4850 2175 4936 vulgo
2201 4852 2294 4916 di-

604 4957 823 5035 cimus,
854 4954 967 5021 ubi
1012 4956 1145 5020 soni
1189 4955 1353 5020 vocis
1397 4978 1511 5043 per
1555 4955 1870 5020 literarum
1918 4954 2148 5020 ductus
2194 4980 2288 5021 re-

603 5072 1082 5148 praesentantur,
1105 5080 1229 5123 non
1263 5074 1626 5147 usurpatam
1653 5058 1842 5123 fuisse
1871 5058 2292 5127 sacerdotibus

605 5160 931 5251 AEgyptiis
965 5160 1156 5234 dicit;
1199 5160 1317 5226 hoc
1347 5159 1535 5225 modo
1562 5160 1732 5225 haud
1763 5160 1954 5226 dubie
1995 5175 2088 5227 est
2130 5162 2287 5226 acci·

604 5264 928 5352 piendum,
979 5277 1051 5329 ut
1108 5264 1297 5330 libros
1352 5263 1612 5352 intelligi
1662 5262 1832 5342 velit,
1879 5263 1990 5351 qui
2040 5265 2290 5352 proprie

603 5366 756 5432 sacri
802 5365 1190 5444 dicebantur,
1232 5381 1305 5432 ut
1347 5367 1457 5454 qui
1500 5365 1876 5431 reconditam
1922 5364 2288 5452 religionum

600 5468 943 5535 doctrinam
973 5470 1379 5536 continerent.
1428 5469 1607 5553 (Vid.
1635 5470 2117 5548 annotationem,
2147 5485 2288 5559 post

601 5570 783 5652 hanc,
814 5572 1110 5658 tertiam).

3965 562 4090 634 307

2476 760 2565 774 -—
2587 744 2641 808 7.
2672 725 2753 806 μὴ
2781 726 2982 793 τύποις
3007 725 3364 810 γραμμάτων
3391 725 3784 805 διεξοδεύουσι
3829 752 3881 789 κ.
3902 750 3958 787 τ.
3977 722 4076 810 λ.]

2394 826 2472 890 In
2500 826 2718 892 eadem
2750 850 2816 893 re
2844 829 3121 908 διεξόδοις
3148 826 3348 893 utitur
3377 826 3562 892 Philo
3583 825 3665 892 de
3697 825 3844 891 Vita
3881 824 4082 891 Mosis

2393 929 2453 993 1.
2484 952 2549 1017 p.
2572 931 2721 994 606.
2769 929 3063 995 Hermias
3090 929 3152 994 in
3187 930 3464 996 Platonis
3487 929 3822 996 Phaedrum
3849 953 3911 1018 p.
3938 949 4077 1015 103.

2388 1033 2585 1097 Astii:
2635 1032 2759 1098 καθ’
2792 1032 2826 1098 ὃ
2856 1035 2921 1097 δὲ
2951 1036 3020 1097 ἐκ
3047 1037 3153 1098 νοῦ
3177 1035 3501 1117 ὑφίσταται
3531 1035 3597 1117 (ἡ
3624 1034 3838 1118 λογικῆ
3876 1034 4076 1118 ψυχὴ)

2388 1136 2516 1221 ἔχει
2543 1135 2612 1200 τὸ
2645 1136 2876 1219 νοερὸν,
2909 1135 3034 1201 καθ’
3069 1136 3103 1200 ὃ
3134 1139 3350 1205 ἁπλαῖς
3393 1139 3704 1217 ἐπιβολαῖς
3747 1138 3843 1202 καὶ
3881 1137 3952 1201 οὗ
3993 1141 4075 1201 δι-

2388 1244 2656 1319 εξοδικῶς
2697 1242 2853 1322 αἱρεῖ
2891 1242 2967 1304 τᾶ
3007 1242 3282 1320 εἴδη-ει
3308 1238 3373 1304 in
3404 1262 3573 1327 seqq.
3621 1241 3715 1304 καὶ
3757 1244 4080 1320 διεξοδικῶς

2388 1345 2625 1425 ἐνεργεῖ
2662 1342 2757 1407 καὶ
2796 1343 3237 1425 συλλογίζεται.
3326 1341 3477 1407 Alia
3500 1342 3646 1408 dedi
3672 1343 3754 1409 ad
3789 1342 4076 1409 Proclum

2387 1446 2449 1511 in
2478 1445 2691 1511 Alcib.
2721 1469 2817 1534 pr.
2847 1469 2915 1533 p.
2947 1464 3095 1530 249.
3126 1461 3190 1511 et
3218 1468 3409 1535 supra
3436 1446 3518 1511 ad
3553 1445 3782 1512 Plotin.
3828 1469 3894 1534 p.
3935 1446 4073 1530 189.

2386 1552 2467 1614 B.
2495 1563 2561 1614 et
2588 1573 2654 1636 p.
2677 1549 2828 1631 478.
2859 1549 2948 1614 D.

2471 1688 2558 1704 —
2587 1673 2681 1718 10.
2715 1654 2995 1739 ἐμφῆναι]
3049 1654 3197 1718 Ηοο
3225 1652 3505 1718 revocavi
3536 1675 3614 1717 ex
3645 1650 3930 1740 plurimis
3955 1674 4071 1740 op-

2388 1755 2677 1844 timisque
2705 1755 2880 1820 libris
2908 1778 3023 1843 pro
3046 1757 3319 1839 ἐμφύναι,
3344 1770 3408 1819 et
3437 1754 3758 1821 Diodorus
3783 1754 3905 1821 Sic.
3931 1755 4074 1820 111.

2385 1880 2451 1940 4.
2494 1858 2558 1923 in
2604 1858 2819 1924 eadem
2867 1882 2934 1923 re
2974 1858 3173 1924 utitur
3200 1856 3509 1923 locutione
3547 1861 3612 1938 ἐξ
3656 1858 4077 1942 ἐμφάσεως.-

2388 1964 2549 2042 Quae
2605 1961 2670 2026 in
2727 1961 3131 2049 sequentibus
3179 1959 3372 2049 hujus
3418 1959 3639 2048 capitis
3685 1959 4077 2049 impeditiora

2386 2079 2554 2144 sunt,
2584 2065 2674 2130 eis
2698 2064 3196 2153 interpunctione
3223 2062 3541 2129 consulere
3569 2062 3803 2128 studui.
3876 2063 4077 2130 Linea

2384 2191 2423 2232 a
2448 2167 2574 2232 fine
2600 2167 2823 2255 quinta
2849 2169 2943 2234 καὶ
2971 2168 3040 2232 τὸ
3080 2171 3145 2232 ἐκ
3182 2165 3472 2248 ζητήσεως
3512 2189 3728 2232 vereor
3771 2190 3850 2232 ne
3891 2167 4076 2255 plura

2386 2271 2576 2335 verba
2626 2284 2688 2335 et
2738 2269 2997 2336 fortasse
3049 2269 3369 2335 sententiae
3423 2269 3663 2358 aliquot
3710 2270 4070 2336 exciderint.

2387 2373 2870 2461 Intelligentiam
2913 2372 3292 2460 reliquorum
3336 2372 3594 2460 adjuvat
3635 2371 3836 2439 Ficini
3874 2374 4073 2438 versio

2384 2477 2483 2542 vel
2509 2475 2900 2565 paraphrasis
2926 2475 3158 2564 potius.
3251 2475 3637 2542 lamblichus
3664 2476 3745 2542 de
3772 2476 3918 2542 Vita
3946 2478 4072 2565 Py-

2385 2581 2557 2669 thag.
2587 2582 2661 2645 V.
2691 2603 2758 2668 p.
2780 2600 2886 2668 52.
2921 2579 3147 2645 Kiessl.
3176 2579 3258 2645 de
3289 2580 3676 2669 Pythagora:
3724 2580 3831 2645 τὸν
3859 2584 3962 2660 τῆς
3989 2586 4070 2646 δι-

2385 2686 2713 2753 δασκαλίας
2748 2685 2968 2766 τρόπον
3008 2684 3381 2765 συμβολικὸν
3406 2689 3599 2749 ποιεῖν
3628 2684 3941 2768 ἐπεχείρει,
3975 2685 4070 2749 καὶ

2384 2786 2575 2868 πάντη
2625 2788 2832 2867 ὅμοιον
2881 2791 3003 2854 τοῖς
3052 2788 3119 2851 ἐν
3169 2788 3445 2873 Αἰγύπτῳ
3495 2785 3809 2870 διδάγμασι
3860 2786 3985 2852 καθ’
4031 2789 4071 2852 ἃ

2387 2891 2602 2973 (etiam
2646 2889 2766 2954 mei
2804 2888 2947 2954 libri
2989 2891 3191 2955 MSS.
3239 2889 3496 2977 plurimi
3541 2889 3702 2955 hanc
3745 2889 4069 2956 lectionem

2383 2995 2751 3059 confirmant
2804 2993 3168 3059 exhibentes
3225 2997 3404 3079 καθὰ)
3465 2995 3794 3075 ἐπαιδεύθη.
3888 2993 4068 3058 Idem

2383 3096 2464 3162 de
2496 3096 2818 3183 Mysteriis
2847 3097 3010 3162 vll.
3047 3117 3100 3161 1.
3147 3119 3208 3184 p.
3247 3116 3387 3181 150.
3422 3094 3637 3161 Galei:
3684 3096 3973 3178 πρότερον
4001 3094 4072 3176 δή

2388 3200 2628 3288 (plures
2672 3198 2814 3266 libri
2854 3199 2977 3265 mei
3012 3199 3106 3285 δέ)
3139 3225 3240 3264 σοι
3264 3200 3564 3281 βούλομαι
3591 3205 3708 3264 τῶν
3736 3201 4071 3282 Αἰγυπτίων

2382 3305 2488 3371 τὸν
2516 3308 2738 3389 τρόπον
2774 3309 2876 3385 τῆς
2918 3303 3234 3388 θεολογίας
3275 3306 3700 3387 διερμηνεῦσαι.
3746 3303 3907 3369 οὗτοι
3938 3302 4066 3387 (οὗ-

2382 3436 2481 3477 τος
2525 3408 2687 3475 Cod.
2719 3408 2934 3494 Leid.)
2965 3411 3081 3493 γὰρ
3107 3408 3217 3488 τὴν
3244 3408 3432 3490 φύσιν
3458 3410 3564 3470 τοῦ
3589 3406 3810 3475 παντὸς
3838 3406 3934 3471 καὶ
3960 3407 4069 3486 τὴν

2382 3512 2763 3595 δημιουργίαν
2789 3518 2907 3576 τῶν
2935 3517 3087 3576 θεῶν
3112 3511 3458 3591 μιμούμενοι
3495 3509 3591 3573 καὶ
3619 3509 3786 3573 αὐτοὶ
3813 3514 3931 3572 τῶν
3956 3534 4062 3588 μυ-

2382 3623 2599 3681 στικῶν
2645 3618 2741 3681 καὶ
2787 3611 3313 3697 ἀποκεκρυμμένων
3364 3613 3459 3677 καὶ
3501 3614 3752 3694 ἀφανῶν
3801 3610 4066 3692 νοήσεων

2381 3720 2612 3785 εἰκόνας
2636 3721 2799 3786 τινὲς
2827 3720 2923 3782 διὰ
2950 3713 3293 3796 συμβόλων,
3320 3716 3520 3797 ὥσπερ
3551 3717 3647 3780 καὶ
3672 3716 3709 3796 ᾗ
3738 3716 3918 3798 φύσις
3944 3719 4066 3800 τοῖς

2381 3820 2679 3904 ἐμφανέσι
2718 3824 2903 3885 εἴδεσι
2929 3819 3063 3887 τοὺς
3089 3820 3340 3901 ἀφανεῖς
3363 3819 3582 3900 λόγους
3610 3822 3706 3883 διὰ
3736 3816 4060 3905 (proeposi-

2379 3923 2605 3988 tionem
2648 3922 2922 4011 neglexit
2953 3920 3111 3987 Cod.
3148 3919 3460 4007 Gothan.)
3492 3922 3818 4002 συμβόλων
3843 3923 4064 4004 τρόπον

2376 4029 2510 4091 τινὰ
2558 4027 2985 4091 ἆπετυπῶσατο
3030 4026 3310 4107 (ἆποτυπ.
3360 4025 3613 4090 Monac.
3662 4024 3873 4110 male.)
3962 4026 4064 4092 De

2379 4129 2684 4193 Hermete
2726 4127 3073 4215 scriptionis
3112 4141 3366 4194 auctore
3406 4128 3657 4195 consule
3700 4129 4060 4217 Horapolli-

2377 4253 2518 4296 nem
2549 4231 2612 4296 in
2646 4230 3063 4319 Hieroglyph.
3099 4232 3159 4296 1.
3196 4251 3293 4314 14.

2461 4373 2549 4386 —
2573 4355 2672 4402 12.
2708 4332 3007 4418 ’Ὕστερον
3032 4335 3550 4422 δὲ-ἐξεύρισκον]
3599 4335 3762 4400 Haec
3791 4350 3938 4400 sunt
3964 4358 4060 4416 ea,

2376 4461 2524 4525 quoe
2568 4438 2755 4503 etiam
2800 4438 3143 4516 hieratica,
3190 4460 3339 4524 quae
3383 4436 3701 4516 dicuntur,
3742 4436 4060 4504 literarum

2376 4541 2593 4607 formis
2618 4541 2682 4604 in
2711 4539 3166 4605 commentariis
3193 4539 3644 4628 AEgyptiorum
3687 4542 3872 4607 sacris
3911 4565 4058 4608 con-

2377 4644 2820 4732 signabantur;
2867 4665 3011 4709 cum
3037 4641 3179 4707 libri
3207 4642 3460 4731 proprie
3486 4644 3665 4724 sacri,
3695 4643 3738 4709 i.
3758 4668 3812 4711 e.
3846 4645 3913 4725 ii,
3943 4646 4055 4734 qui

2377 4746 2752 4813 reconditam
2780 4746 3148 4834 religionum
3174 4744 3519 4811 doctrinam
3540 4746 3946 4828 continerent,
3969 4750 4063 4815 1ιὶ-

2373 4850 2795 4940 erogiyphicis
2836 4847 3295 4915 characteribus
3326 4848 3673 4933 (ἀγάλματα
3699 4866 3880 4916 vocat
3909 4852 4056 4919 Plo-

2375 4954 2576 5039 tinus)
2621 4952 2950 5041 conscripti
2992 4966 3195 5017 essent
3240 4949 3398 5034 (vid.
3443 4961 3684 5039 supra).
3773 4954 4057 5021 Tertium

2376 5055 2680 5121 scribendi
2709 5079 2931 5143 genus,
2959 5054 3039 5120 ad
3068 5053 3416 5119 communis
3456 5053 3598 5119 vitoe
3638 5077 3820 5119 usum
3863 5059 4054 5145 perti·

2376 5183 2549 5241 nenS,
2576 5173 2640 5225 et
2665 5159 2869 5248 ipsum
2900 5156 3355 5224 characteribus
3384 5155 3723 5235 literarum,
3754 5180 3877 5222 non
3907 5159 4059 5224 ima-

2372 5263 2626 5352 ginibus
2665 5263 2983 5342 utebatur,
3013 5277 3077 5327 et
3117 5259 3548 5349 appellabatur
3582 5258 3884 5348 populare
3925 5264 4053 5346 (δη.

2371 5365 2659 5451 μοτικόν).

2460 5493 2525 5558 p.
2555 5487 2745 5546 1012,
2770 5470 2830 5533 6.
2864 5468 2980 5550 ἆρα
3006 5467 3285 5553 οἰόμεθα]
3337 5466 3560 5531 Altera
3596 5464 3778 5531 lectio
3815 5466 4057 5551 οἰόμεθα

2371 5586 2435 5638 et
2477 5572 2614 5659 ipsa
2645 5570 2915 5636 Platonis
2954 5569 3105 5636 locis
3144 5568 3376 5635 firmari
3417 5567 3632 5657 possit,
3662 5582 3733 5635 ut
3759 5568 3823 5635 in
3855 5573 4056 5663 Gorg.

2477 5682 2532 5733 R
2566 5685 2606 5733 r
2641 5667 2686 5732 2
