5118 6613
1092 537 1209 619 148

2077 534 2899 601 ANNOTATIONES

2968 535 3080 600 IN
3149 533 3591 601 PLOTINI

1086 711 1185 775 οῖα
1233 714 1309 775 τὰ
1348 714 1466 774 τῶν
1496 711 1776 790 ἰοβόλων.
1820 708 2111 774 λανθάνει
2153 711 2219 774 δὲ
2260 713 2337 774 τὰ
2379 714 2641 774 πλεῖστα
2683 712 2781 773 διὰ
2861 731 3089 796 genere
3107 708 3539 773 similitudines
3554 730 3914 795 congessere
3930 707 4232 773 Gataker.
4251 707 4333 771 ad
4355 708 4557 773 Marc.

1086 838 1164 877 τι.

1172 938 1234 1003 p.
1265 935 1417 1002 473,
1453 931 1548 1000 15.
1593 913 1806 995 Ἡμεῖς
1844 915 2561 1003 δὲ-συμπληρούμενον]
2608 914 2782 978 Lau-

1084 1018 1197 1083 dat
1227 1018 1669 1083 Theodoretus
1699 1016 1737 1081 l.
1762 1040 1815 1082 c.
1844 1041 1912 1105 p.
1936 1019 2058 1102 875
2086 1045 2102 1090 ;
2151 1030 2373 1082 tractat
2390 1016 2573 1082 etiam
2602 1017 2779 1083 Cud-

1087 1122 1308 1187 worth.
1342 1121 1405 1186 in
1455 1124 1620 1210 Syst.
1669 1120 1961 1186 intellect.
2005 1145 2072 1208 p.
2112 1141 2294 1205 1179.
2344 1143 2436 1207 sq.
2481 1119 2585 1185 ed.
2629 1121 2780 1184 Mo-

1087 1226 1282 1291 shem.
1374 1224 1562 1304 Quod
1610 1224 1868 1289 Ficinus
1908 1224 2134 1289 vertit:
2185 1232 2229 1263 ‘⁴
2263 1225 2396 1289 Nos
2437 1240 2647 1288 autem
2691 1225 2784 1288 sic

1084 1331 1293 1417 cffcti
1332 1351 1574 1406 sumus,
1612 1327 1774 1392 sicut
1811 1328 2080 1416 imperiti
2121 1327 2405 1416 picturae,
2432 1329 2545 1415 qui
2588 1325 2785 1414 picto-

1086 1456 1217 1499 rem
1267 1433 1631 1510 damnant,”
1674 1432 2134 1521 perspicuitatis
2175 1430 2554 1519 adjuvanda?
2596 1452 2786 1495 causa

1086 1536 1236 1601 fecit
1264 1535 1358 1600 uti
1382 1534 1585 1600 ubivis
1613 1534 1816 1600 facere
1846 1534 2020 1600 solet.
2103 1532 2431 1599 Graecitati
2450 1532 2788 1598 familiares

1089 1653 1236 1702 sunt
1265 1636 1537 1724 Ellipses
1558 1635 1941 1725 hujusmodi.
1972 1635 2264 1724 Xenoph.
2303 1635 2653 1700 Memorab.
2682 1636 2784 1700 II.

1095 1760 1148 1804 1.
1180 1739 1255 1804 18
1281 1763 1295 1803 :
1347 1740 1552 1804 ἔπειτα
1568 1742 1600 1803 ὁ
1620 1741 1733 1820 μὲν
1753 1741 2034 1806 ἑκουσίως
2055 1744 2443 1819 ταλαιπωρῶν
2467 1736 2556 1803 ἐπ’
2589 1740 2782 1821 ἀγαθῇ

1091 1844 1286 1907 ἑλπίδι
1317 1842 1717 1923 εὐφραίνεται·
1762 1844 1893 1906 οἷον
1935 1845 1994 1906 οἱ
2036 1846 2110 1906 τὰ
2147 1843 2319 1923 θηρία
2351 1846 2641 1924 θηρῶντες
2681 1843 2779 1906 ἑλ-

1089 1954 1214 2017 πίδι
1242 1956 1347 2016 τοῦ
1383 1951 1694 2035 λήψεσθαι
1721 1951 1904 2031 ἡδέως
1927 1956 2240 2036 μοχθοῦσι.
2287 1952 2366 2016 cf.
2401 1952 2500 2017 11.
2539 1973 2599 2031 1,
2630 1973 2691 2038 5.
2723 1967 2785 2016 et

1091 2056 1425 2119 OEconom.
1462 2055 1518 2119 Ι.
1558 2075 1656 2119 10.
1701 2056 1904 2138 ὥσπερ
1946 2080 2019 2138 γε
2064 2056 2237 2120 αὐλοὶ
2274 2059 2353 2142 τῷ
2395 2058 2508 2136 μὲν
2544 2058 2787 2120 ἐπιστα-

1087 2156 1247 2245 μένῳ
1276 2156 1548 2241 χρήματά
1576 2160 1714 2223 εἰσι.
1791 2157 1925 2222 Cic.
1951 2157 2032 2223 de
2061 2159 2147 2223 N.
2170 2160 2251 2221 D.
2288 2158 2342 2222 l.
2373 2161 2498 2245 36:
2548 2166 2593 2199 “
2627 2158 2784 2246 Ipsi,

1087 2259 1198 2348 qui
1257 2259 1616 2338 irridentur,
1665 2260 1981 2347 AEgyptii,
2039 2260 2276 2325 nullam
2337 2261 2611 2340 beluam,
2671 2260 2786 2326 nisi

1088 2363 1171 2429 ob
1198 2362 1472 2451 aliquam
1497 2362 1851 2441 utilitatem,
1872 2386 2062 2451 quam
2094 2387 2171 2429 ex
2198 2388 2271 2429 ea
2295 2381 2613 2453 caperent,
2636 2387 2785 2429 con·

1088 2483 1428 2531 sect-arunt.
1515 2467 1687 2530 Velut
1725 2468 1853 2530 ibes
1885 2469 2231 2530 maximam
2261 2470 2390 2531 vim
2428 2477 2790 2555 serpentum

1087 2572 1423 2658 conficiunt
1439 2570 1596 2633 cet.”
1658 2569 1794 2634 Ubi
1814 2568 2110 2634 Davisius
2128 2569 2320 2636 male:
2356 2578 2403 2611 “
2432 2571 2791 2652 Velutibes,

1087 2672 1709 2761 quw—conficiunt?
1753 2673 1815 2736 N
1820 2695 1889 2735 ec
1912 2672 2132 2738 melius
2156 2674 2526 2739 Heindorf.:
2571 2683 2614 2715 “
2639 2674 2787 2739 Vel-

1092 2788 1166 2838 ut
1186 2776 1351 2848 ibis,-
1398 2773 1734 2838 maximam
1772 2775 2423 2841 enim—conficiunt?
2501 2776 2642 2841 vid.
2682 2800 2789 2842 an-

1092 2886 1227 2939 not.
1259 2890 1452 2940 nostr.
1486 2874 1549 2939 in
1581 2898 1723 2939 eum
1758 2873 1961 2940 locum
1992 2899 2059 2963 p.
2094 2878 2238 2962 265.

1176 3015 1265 3028 -
1307 2978 1408 3041 18.
1470 2975 1507 3057 ἢ
1552 2980 1610 3041 εἷ
1648 3002 1734 3044 τις
1777 2981 1968 3058 δρᾶμα
2013 2977 2307 3061 μέμφοιτο
2350 3006 2403 3042 κ.
2425 3005 2476 3043 τ.
2502 2980 2601 3068 λ.]
2652 2982 2789 3045 No-

1094 3097 1220 3146 ster
1277 3079 1423 3143 infr.
1472 3102 1535 3166 p.
1584 3079 1730 3164 699.
1776 3080 1855 3144 B.
1882 3080 1958 3143 C.
2011 3081 2213 3163 ὥσπερ
2264 3079 2370 3144 τὸν
2423 3084 2492 3146 ἐν
2542 3083 2793 3167 ὀρχήσει

1094 3183 1241 3266 πρὸς
1278 3184 1346 3247 τὸ
1387 3185 1562 3247 δοθὲν
1607 3182 1762 3268 αὐτῷ
1806 3186 2018 3263 δρᾶμα.
2106 3184 2311 3261 Quam
2359 3183 2524 3248 varie
2562 3202 2626 3250 et
2667 3186 2788 3252 ele-

1092 3301 1315 3376 ganter
1357 3286 1474 3351 hoc
1516 3301 1796 3351 extremo
1821 3284 2130 3350 vocabulo
2177 3300 2391 3352 utatur
2430 3286 2636 3368 Plato,
2666 3313 2790 3355 non

1095 3405 1209 3469 est,
1239 3389 1411 3478 quod
1444 3402 1586 3476 post
1631 3387 1989 3452 Heusdium
2036 3388 2101 3452 in
2148 3389 2415 3477 Specim.
2448 3391 2695 3457 Platon.
2730 3416 2791 3481 p.

1100 3513 1202 3579 29.
1257 3509 1322 3558 et
1376 3491 1714 3558 Heindorf.
1759 3492 1841 3556 ad
1892 3492 2142 3558 Theaet.
2189 3516 2258 3582 p.
2289 3496 2436 3579 308.
2483 3518 2796 3561 common-

1095 3616 1378 3663 stremus.
1470 3594 1735 3660 Fabulae
1780 3595 2038 3660 scenicae
2082 3594 2547 3661 similitudinem
2584 3599 2715 3685 jam
2757 3623 2796 3664 a

1101 3703 1353 3767 Socrate
1383 3714 1446 3764 et
1483 3698 1747 3764 Platone
1791 3715 2155 3786 usurpatam
2185 3698 2477 3787 deinceps
2503 3700 2796 3788 frequen-

1096 3818 1312 3869 tarunt
1340 3803 1617 3869 certatim
1665 3801 2038 3890 philosophi,
2066 3802 2357 3891 Xenoph.
2390 3805 2656 3869 Memor.
2693 3807 2794 3871 II.

1100 3924 1160 3972 2.
1193 3927 1256 3991 9.
1302 3906 1487 3970 Plato
1538 3904 1778 3969 Phileb.
1820 3928 1884 3992 p.
1919 3924 2025 3989 50.
2060 3928 2120 3969 a.
2172 3928 2236 3993 p.
2280 3907 2425 3970 216.
2484 3905 2791 3973 Bekkeri:

1102 4008 1335 4086 Μηνύει
1377 4006 1446 4084 δὴ
1492 4009 1599 4069 νῦν
1629 4007 1662 4068 ὁ
1705 4005 1891 4087 λόγος
1936 4004 2054 4086 (tta
2091 4028 2347 4093 quoque
2376 4007 2514 4071 cod.
2549 4008 2792 4096 Clark.)

1100 4110 1240 4189 ἡμῖν
1272 4109 1339 4171 ἐν
1370 4106 1602 4188 θρήνοις
1642 4131 1707 4170 τε
1752 4105 1848 4169 καὶ
1889 4107 1956 4169 ἐν
2000 4110 2348 4194 τραγῳδίαις
2377 4110 2582 4195 (quod
2615 4112 2795 4177 Stall-

1097 4213 1288 4277 baum
1336 4234 1402 4298 p.
1451 4211 1588 4295 156.
1636 4209 1884 4274 volebat
1930 4212 2267 4296 κωμῳδίαις,
2320 4211 2375 4275 ei
2421 4215 2795 4300 conjecturas

1100 4337 1227 4379 non
1284 4313 1710 4401 suffragantur
1783 4312 1991 4377 Codd.
2050 4335 2163 4377 nec
2238 4313 2608 4380 Bekkeriani
2684 4340 2799 4382 nec

1104 4416 1348 4499 Clark.)
1396 4416 1477 4497 μὴ
1522 4422 1644 4484 τοῖς
1695 4414 1952 4497 δράμασι
2005 4417 2194 4496 μόνον
2237 4418 2400 4482 ἀλλὰ
2443 4421 2539 4483 καὶ
2581 4423 2652 4500 τῇ
2693 4424 2801 4485 τοῦ

1100 4522 1242 4602 βίου
1270 4519 1544 4600 ξυμπάσῃ
1573 4519 1868 4605 τραγῳδίᾳ
1900 4520 1994 4583 καὶ
2025 4521 2309 4606 κωμῳδίᾳ,
2341 4523 2533 4589 λύπας
2561 4523 2800 4602 ἡδοναῖς

1102 4621 1226 4703 ἅμα
1273 4621 1685 4704 κεράννυσθαι,
1720 4619 1939 4685 Aristo
1979 4621 2180 4686 Chius
2218 4645 2318 4711 ap.
2354 4623 2544 4711 Diog.
2578 4627 2792 4691 Laert.

1107 4725 1270 4789 VII.
1307 4726 1463 4789 160:
1512 4723 1665 4788 εἶναι
1720 4727 1836 4806 γὰρ
1877 4726 2084 4804 ὅμοιον
2133 4729 2213 4814 τῳ
2262 4728 2465 4814 ἀγαθῷ
2517 4731 2800 4813 ὑποκριτῇ

1103 4829 1210 4894 τὸν
1239 4829 1461 4912 σοφὸν,
1493 4828 1558 4896 ὃς
1590 4829 1666 4893 ἄν
1693 4854 1761 4893 τε
1801 4831 2121 4911 Θερσίτου,
2155 4832 2230 4895 άν
2260 4857 2327 4895 τε
2353 4830 2802 4914 Ἀγαμέμνονος

1103 4934 1426 5015 πρόσωπον
1465 4930 1768 5012 ἀναλάβῃ,
1819 4931 2099 5012 ἑκάτερον
2148 4935 2525 5017 ὑποκρίνεται
2580 4960 2803 5015 προση-

1105 5035 1322 5100 κόντως
1353 5030 1487 5118 [De
1530 5031 1649 5095 hoc
1685 5033 2000 5098 Aristonis
2044 5035 2186 5100 Chii
2233 5036 2403 5101 dicto
2441 5051 2646 5101 exstat
2684 5037 2806 5101 sin-

1101 5134 1339 5224 gularis
1381 5134 1536 5199 liber
1578 5133 1991 5216 doctissimuS,
2018 5136 2129 5224 qui
2170 5137 2568 5202 inscribitur:
2617 5140 2808 5203 Para-

1104 5237 1313 5302 doxon
1371 5237 1646 5302 Stoicum
1706 5239 2017 5303 Aristonis
2064 5240 2208 5305 Chii
2269 5243 2478 5321 ὅμοιον
2525 5242 2677 5306 εῖναι
2726 5246 2806 5329 τῷ

1109 5341 1311 5426 ἀγαθῷ
1338 5342 1617 5423 ύποκρίτῃ
1660 5338 1766 5404 τὸν
1810 5341 2007 5424 σοφὸν
2050 5342 2225 5407 novis
2272 5343 2806 5409 observationibus

1104 5440 1767 5529 illustratum—opera
1809 5444 1916 5508 J0.
1953 5445 2186 5509 Bened.
2244 5448 2558 5535 Carpzov.
2628 5446 2804 5534 Lips.

2866 811 3164 877 Antonin.
3197 812 3319 876 XI.
3354 814 3415 877 6.
3449 835 3511 900 p.
3546 832 3695 897 321.
3740 835 3833 899 sq.
3885 814 4113 900 Upton.
4154 812 4236 876 ad
4284 811 4559 899 Epictet.

2871 914 3198 980 Enchirid.
3251 939 3305 979 c.
3372 932 3471 998 17.
3523 917 3642 997 (T.
3690 916 3832 981 111.
3881 938 3941 1003 p.
3983 937 4125 1001 150.
4183 915 4562 1003 Schweigh.)

2871 1017 3066 1084 Adde
3110 1018 3405 1083 Proclum
3452 1019 3514 1083 in
3559 1020 3619 1083 Τ
3621 1017 3780 1083 heol.
3831 1018 3997 1083 Plat.
4037 1019 4310 1083 XVIII.
4358 1041 4420 1106 p.
4452 1038 4555 1102 49.

2870 1125 3343 1205 δραματουργίαν
3390 1122 3754 1206 γιγαντικήν.
3854 1121 4033 1186 Idem
4083 1121 4145 1185 in
4207 1121 4421 1187 Alcib.
4467 1144 4560 1209 pr.

2868 1246 2931 1311 p.
2971 1245 3113 1305 141.
3144 1248 3233 1312 sq.
3275 1227 3478 1308 ὥσπερ
3527 1227 3594 1290 ἐν
3640 1230 3762 1292 τοῖς
3803 1226 4151 1311 τραγῳδίαις
4193 1227 4260 1289 ἐκ
4299 1229 4565 1310 μηχανῆς

2869 1328 3160 1396 πολλάκις
3205 1332 3376 1398 θεούς
3424 1354 3588 1396 τινας
3645 1327 3996 1411 εἰσάγουσιν
4041 1330 4100 1391 οἱ
4155 1328 4393 1407 ποιηταὶ
4448 1334 4564 1392 τῶν

2870 1433 3182 1514 παρόντων
3210 1431 3572 1516 πραγμάτων
3600 1431 3915 1513 διορθωτάς
3945 1457 3996 1495 κ.
4019 1456 4072 1494 τ.
4098 1439 4159 1494 λ.

2957 1556 3020 1621 p.
3053 1551 3208 1616 474,
3251 1554 3344 1614 14.
3391 1533 3565 1599 Ἐπεὶ
3598 1533 3717 1598 οὐδ’
3768 1536 4000 1599 ἐκεῖνον
4041 1532 4425 1614 ἇποβλητέον
4461 1534 4567 1599 τὸν

2872 1637 3063 1719 λόγον
3093 1665 3144 1701 κ.
3167 1663 3219 1701 τ.
3253 1639 3345 1722 λ.]
3405 1636 3686 1725 Respicit
3732 1635 4202 1723 AEgyptiacam,
4251 1636 4569 1725 Pythago-

2874 1763 3040 1804 ream
3088 1755 3280 1828 atque
3333 1740 3717 1805 Platonicam
3763 1739 4378 1826 transmigrationum
4419 1739 4564 1805 doc-

2872 1845 3119 1910 trinam.
3196 1845 3343 1910 Vid.
3391 1846 3590 1911 Ficin.
3637 1862 4039 1911 commentar.
4089 1869 4262 1934 supr.
4308 1868 4373 1933 p.
4417 1864 4560 1931 243.

2873 1950 3171 2013 Proxima
3200 1948 3435 2014 utiliter
3461 1950 3742 2013 conferas
3770 1972 3911 2012 cum
3946 1948 4272 2026 similibuS,
4297 1972 4445 2037 quae
4465 1971 4568 2014 ex-

2872 2052 3049 2140 ponit
3094 2051 3280 2116 Philo
3321 2051 3594 2116 Judaeus
3638 2052 3718 2116 de
3767 2052 4172 2117 Providentia
4222 2055 4422 2117 Serm.
4463 2053 4562 2117 11.

2871 2179 2975 2244 ap.
3006 2155 3243 2221 Euseb.
3290 2156 3356 2220 P.
3387 2157 3467 2220 E.
3506 2156 3703 2219 VIII.
3737 2175 3832 2237 14.
3872 2171 3936 2219 et
3980 2154 4044 2219 in
4087 2155 4268 2219 Edit.
4300 2157 4561 2220 Armen.

2874 2258 3086 2323 Latin.
3134 2282 3200 2346 p.
3233 2260 3338 2344 63.
3373 2281 3508 2345 sqq.
3593 2259 3949 2323 Plotiniana
3993 2258 4128 2323 haec
4169 2272 4315 2323 ante
4357 2257 4570 2323 oculos

2871 2360 3094 2426 habuit
3127 2361 3458 2427 Sallustius
3485 2360 3565 2426 de
3589 2362 3730 2426 Diis
3758 2378 3821 2426 et
3848 2360 4101 2426 Mundo
4119 2383 4255 2448 cap.
4282 2360 4431 2426 XX.
4461 2360 4567 2426 ubi

2880 2451 3383 2531 &morellius
3412 2465 3474 2529 in
3505 2480 3717 2530 annot.
3749 2464 3941 2529 nostri
3970 2462 4090 2528 loci
4121 2487 4242 2529 non
4273 2478 4368 2528 est
4408 2462 4567 2530 obli·

2878 2583 3001 2645 tus,
3032 2568 3096 2632 in
3127 2592 3202 2633 eo
3231 2584 3436 2633 tamen
3467 2567 3700 2655 lapsus,
3729 2566 3901 2655 quod
3936 2566 4217 2632 Platonis
4254 2566 4570 2632 Timaeum

2876 2670 3004 2735 huc
3030 2671 3314 2736 advocat.

2964 2796 3029 2861 p.
3061 2793 3213 2859 475,
3246 2775 3307 2838 8.
3353 2775 3517 2838 ἀλλὰ
3543 2772 4327 2862 ἦν-ποιήσας--πάσ-χων]
4377 2773 4572 2838 Adhi-

2875 2875 2982 2941 bet
3031 2876 3167 2941 haec
3209 2878 3257 2940 J
3264 2875 3451 2940 uliani
3501 2876 3564 2940 in
3616 2875 3969 2940 Caesaribus
4011 2875 4147 2939 loco
4190 2878 4315 2941 Ez.
4347 2877 4567 2965 Span-

2875 2979 3032 3043 hem.
3076 2979 3138 3043 in
3185 2980 3346 3044 notis
3383 2978 3677 3065 subjectis
3712 2978 3976 3043 versioni
4022 2978 4284 3044 Gallicae
4326 3002 4388 3067 p.
4437 3000 4568 3045 100.

2876 3083 2959 3147 cf.
3000 3082 3278 3171 ejusdem
3310 3083 3594 3148 Preuves
3632 3084 3739 3147 des
3769 3084 4157 3170 Remarques
4196 3086 4269 3147 in
4312 3085 4572 3149 eundem

2877 3187 3109 3251 librum
3154 3210 3215 3273 p.
3246 3206 3356 3272 53.
3403 3201 3466 3251 et
3509 3209 3571 3273 p.
3603 3205 3710 3270 55.
3758 3200 3822 3250 et
3865 3185 3944 3249 cf.
3993 3187 4208 3250 Nostr.
4255 3187 4374 3251 lv.
4407 3208 4473 3274 3.
4503 3210 4568 3275 p.

2879 3292 3007 3377 389
3034 3315 3048 3354 ε
3099 3290 3168 3355 οὗ
3205 3294 3321 3374 γὰρ
3355 3290 3581 3372 μήποτέ
3606 3318 3693 3360 τις
3729 3292 3977 3374 ἐκφύγοι
4007 3288 4045 3354 ἃ
4072 3295 4288 3356 παθεῖν
4318 3289 4406 3356 ἐπ’
4439 3292 4560 3357 ἇδί·

2882 3420 3004 3462 κοις
3032 3394 3226 3476 ἔργοις
3253 3394 3558 3475 προσήκει.

2969 3533 3053 3547 —
3089 3517 3186 3561 11.
3235 3498 3376 3561 ὅθεν
3416 3499 3513 3561 καὶ
3546 3498 3678 3561 θεία
3705 3496 3894 3579 φήμη,
3924 3495 4300 3577 Ἀδράστεια,
4341 3500 4573 3577 αὕτη-

2885 3601 3176 3679 Δίκη-κ.
3198 3624 3251 3662 τ.
3278 3601 3370 3684 λ.]
3421 3600 3653 3663 Noster
3681 3598 3844 3663 infra
3872 3622 3936 3686 p.
3971 3602 4133 3685 382:
4183 3600 4251 3664 τὸ
4279 3603 4397 3684 γὰρ
4425 3601 4569 3665 ἆνα-

2880 3704 3219 3785 πόδραστον
3256 3702 3368 3782 (ita
3396 3701 3762 3789 legendum)
3798 3703 3892 3767 καί
3920 3704 3957 3783 ἦ
3987 3705 4114 3783 δίκη
4149 3706 4331 3771 οὕτως
4359 3705 4426 3767 ἑν
4455 3705 4568 3786 φύ·

2883 3832 2980 3871 σει
3025 3807 3316 3889 κρατούσῃ
3362 3805 3515 3870 ἰέναι
3555 3806 3810 3870 ἕκαστον
3855 3809 3921 3871 ἐν
3950 3806 4112 3886 τάξει
4157 3835 4208 3871 κ.
4231 3833 4285 3870 τ.
4306 3813 4368 3872 λ.
4402 3819 4466 3870 et
4505 3828 4569 3892 p.

2881 3910 3032 3995 389.
3069 3909 3187 3974 sub
3215 3910 3321 3973 fin.
3346 3933 3361 3972 ε
3408 3909 3479 3973 οὗ
3507 3911 3623 3992 γὰρ
3651 3907 3877 3989 μήποτέ
3904 3935 3991 3976 τις
4020 3910 4269 3991 ἐκφύγοι
4297 3908 4333 3972 ὃ
4359 3913 4575 3973 παθεῖν

2883 4010 2973 4076 ἐπ’
3021 4013 3240 4080 ἀδίκοις
3287 4011 3481 4093 ἔργοις
3530 4011 3835 4093 προσήκει·
3885 4013 4333 4092 άναπόδραοτος
4375 4013 4493 4093 γὰρ
4543 4012 4576 4073 ὁ

2882 4119 3039 4182 θεῖος
3068 4118 3247 4195 νόμος
3288 4117 3436 4194 ὁμοῦ
3476 4114 3634 4197 ἔχων
3665 4115 3732 4178 ἐν
3762 4116 3949 4199 ἑαυτῷ
3977 4112 4046 4177 τὸ
4084 4117 4330 4192 ποιῆσαι
4356 4112 4425 4177 τὸ
4457 4139 4575 4195 κρι-

2883 4217 2988 4280 θὲν
3037 4216 3166 4296 ἤδη.
3230 4216 3340 4280 ubi
3397 4215 3479 4280 ad
3532 4216 3904 4280 vocabulum
3958 4234 4022 4281 et
4076 4217 4152 4280 ad
4215 4216 4579 4281 sententiam

2882 4316 3066 4404 plura
3109 4318 3515 4405 adponemuS.
3606 4319 3796 4382 Nunc
3856 4317 3937 4382 de
3990 4317 4304 4382 Adrastea
4368 4317 4578 4405 philo-

2884 4419 3062 4506 sophi
3094 4421 3285 4484 nostri
3314 4420 3659 4485 videamus.
3753 4422 3924 4485 Fons
3966 4421 4028 4485 in
4077 4419 4359 4486 Platonis
4389 4420 4577 4486 Phae-

2884 4522 3001 4587 dro
3027 4545 3085 4586 c.
3121 4524 3222 4588 28.
3264 4546 3330 4610 p.
3363 4524 3509 4603 248.
3541 4545 3611 4587 c:
3662 4525 3884 4603 θεσμός
3920 4549 3986 4588 τε
4023 4522 4413 4606 Ἀδραστείας
4455 4526 4574 4597 ὅδε,

2885 4626 3007 4705 ἥτις
3035 4623 3110 4688 ἂν
3137 4626 3309 4708 ψυχὴ
3339 4630 3453 4712 θεῷ
3480 4627 3806 4705 ξυνοπαδὸς
3826 4625 4120 4709 γενομένη
4149 4629 4349 4708 κατίδῃ
4373 4626 4435 4692 ’τι
4463 4633 4581 4692 τῶν

2885 4729 3308 4809 ἀληθῶν-ἀεὶ
3364 4730 3616 4808 ἀβλαβῆ
3675 4729 3847 4793 εἶναι·
3913 4731 4061 4793 ὅταν
4119 4730 4349 4810 δὲ-μὴ
4403 4733 4585 4810 ἴδῃ-

2886 4832 3051 4896 ἀλλὰ
3092 4832 3546 4912 τήν-πλεῖστα
3580 4835 3824 4895 ἰδοῦσαν
3869 4859 3919 4896 κ.
3947 4858 4000 4896 τ.
4022 4841 4083 4896 λ.
4132 4831 4213 4895 ad
4256 4854 4446 4918 quem
4491 4832 4581 4923 lq·

2890 4956 3032 4998 cum
3063 4933 3192 4998 vid.
3224 4933 3392 5003 Astii
3431 4935 3855 4998 Commentar.
3898 4957 3963 5022 p.
3993 4936 4145 5020 306.
4192 4934 4582 5009 Aristoteles,

2891 5037 3000 5123 qui
3045 5038 3268 5113 fertur,
3312 5036 3392 5100 de
3439 5036 3693 5101 Mundo
3724 5037 3883 5101 VII.
3913 5056 3978 5122 3.
4020 5059 4079 5124 p.
4110 5054 4260 5123 324.
4305 5038 4579 5126 Kappii:

2893 5138 3374 5223 -Ἀδραστείαν
3402 5142 3468 5204 δὲ
3507 5142 3963 5221 ἁναπόδραστον
3997 5142 4191 5204 αἰτίαν
4220 5143 4411 5205 οὖσαν
4441 5143 4589 5206 κατὰ

2894 5244 3097 5324 φύσιν.
3191 5245 3353 5322 Quae
3396 5242 3700 5307 sententia
3737 5266 3776 5306 a
3819 5242 4040 5307 Stoicis
4067 5256 4325 5331 accepta
4350 5258 4415 5308 et
4456 5258 4590 5331 ety-

2892 5344 3207 5433 mologicis
3223 5367 3479 5433 quoque
3499 5345 3843 5409 rationibus
3859 5343 4166 5410 illustrata
4186 5360 4299 5424 est,
4321 5346 4590 5411 maxime

2894 5470 2931 5511 a
2961 5447 3342 5536 Chrysippo.
3417 5446 3740 5512 Plutarch.
3770 5470 3873 5535 ap.
3913 5447 4088 5512 Stob.
4133 5447 4399 5536 Eclogg.
4434 5450 4491 5514 I.
4522 5472 4587 5537 p.

1114 5545 1754 5634 1742.536.pp.8vo.]
1786 5545 2588 5638 Aliorumphilosophorum
2606 5550 2811 5616 exhoc
2904 5550 3263 5615 186-188.
3299 5551 3495 5616 Heer.
3553 5553 3673 5616 Διᾶ
3712 5554 3883 5615 τοῦτο
3931 5551 4040 5630 τὴν
4086 5551 4444 5635 εἱμαρμένην
4495 5554 4589 5618 καὶ
