5118 6613
1653 525 1966 591 INDEX
2009 526 2357 591 RERUM
2402 527 2531 591 ET
2578 528 3129 612 VERBQRUM.
3231 531 3243 542 ‘

657 700 977 782 pulcritudo
1004 719 1276 779 corporea
1302 699 1588 779 quomodo
1615 698 1757 759 inci·

738 794 1055 843 tamentum
1097 781 1172 841 sit
1208 782 1279 841 ad
1318 780 1757 860 pulcritudinem

735 864 1123 943 incorpoream
1151 862 1574 921 desiderandam
1642 879 1762 937 724

657 944 1005 1038 pulcritudo·
1051 943 1279 1004 inferior
1359 942 1757 1003 simulachrum

655 1045 1254 1200 puled'gtiilzntsxorporis
1281 1105 1415 1184 quid
1446 1023 1572 1198 ’Pie‘
1600 1042 1757 1163 1³?ss

655 1187 975 1268 pulcritudo
1005 1207 1127 1246 voci
1153 1200 1213 1246 et
1238 1205 1462 1265 corpori
1504 1204 1619 1244 non
1656 1187 1760 1244 tri-

737 1267 927 1329 buitur
1680 1265 1759 1326 ib.

658 1349 982 1430 pulcritudo
1019 1349 1079 1408 in
1119 1349 1310 1408 anima
1349 1346 1597 1427 praeditis
1623 1346 1759 1425 quid

1638 1443 1755 1504 542

654 1510 978 1592 pulcritudo
1014 1510 1147 1571 boni
1191 1508 1363 1590 ipsius
1405 1508 1592 1589 specie
1626 1508 1755 1567 uni-

652 1611 1461 1754 pfflzernsszgpgffiggnimdine
1480 1690 1598 1730 non
1617 1607 1759 1730 0314-

735 1753 886 1813 sistit
1637 1767 1750 1831 543

651 1835 973 1915 pulcritudo
1001 1834 1209 1915 speciei
1235 1833 1466 1914 quando
1492 1833 1563 1892 ad
1590 1852 1651 1892 se
1677 1834 1759 1891 al-

733 1915 888 1976 liciat
1636 1929 1753 1990 542

649 1996 969 2078 pulcritudo
996 1997 1224 2077 quando
1252 1995 1607 2077 imprimatur
1635 2016 1756 2055 ma·

731 2078 883 2139 teriae
1676 2075 1754 2136 ib.

649 2160 974 2240 pulcritudo
1014 2161 1085 2220 ad
1123 2159 1302 2219 visum
1344 2160 1593 2237 pertinet

1437 2240 1559 2298 Fic.
1587 2259 1647 2318 p.
1671 2258 1749 2316 92

649 2321 969 2401 pulcritudo
1014 2342 1130 2381 non
1172 2341 1240 2381 ex
1280 2320 1572 2380 oculorum
1615 2340 1751 2379 cen-

650 2403 1588 2623 ..fsssstssaz'5’53333'3oe11232351³.
1614 2416 1751 2560 3513

1491 2583 1561 2622 ic.
1590 2583 1646 2642 p.
1668 2582 1749 2640 94

650 2645 971 2725 pulcritudo
1000 2646 1179 2725 prima
1205 2664 1332 2723 quae
1629 2661 1749 2721 544

644 2726 962 2808 pulcritudo
981 2727 1236 2807 corporei
1261 2719 1456 2784 mundi
1472 2744 1603 2784 vera
1620 2745 1747 2805 spe-

725 2808 812 2868 cie
837 2807 1070 2868 inferior
1632 2823 1749 2883 724

646 2889 1041 2970 pulcritudinis
1070 2902 1129 2948 et
1162 2887 1368 2947 amoris
1405 2886 1746 2966 principium

729 2972 1015 3049 quodnam
1629 2984 1742 3046 725

646 3050 1042 3131 pulcritudinis
1103 3051 1381 3130 particeps
1441 3048 1746 3108 formatum

725 3144 815 3191 est
1628 3146 1741 3207 723

648 3211 1044 3292 pulcritudinis
1069 3231 1277 3291 genera
1302 3211 1409 3271 tria
1626 3227 1741 3288 543

647 3293 1042 3373 pulcritudinis
1069 3294 1216 3373 apud
1250 3314 1354 3353 nos
1381 3291 1671 3353 existentis
1712 3314 1748 3353 a

646 3376 1329 3536 pulgfftid‘inisdriltttltifaua)
1342 3475 1454 3535 quo
1483 3390 1745 3534 εκρίἱοὲτιὶ

726 3551 898 3617 queat
1435 3537 1554 3597 Fic.
1584 3557 1639 3616 p.
1663 3556 1738 3615 95

645 3617 1037 3697 pulcritudinis
1063 3630 1349 3698 spectator
1664 3618 1744 3695 56

645 3699 1037 3778 pulcritudinis
1064 3701 1189 3759 idea
1435 3699 1556 3758 Fic.
1585 3719 1640 3777 p.
1663 3718 1745 3776 94

643 3780 1038 3860 pulcritudinis
1064 3780 1224 3860 origo
1439 3779 1556 3839 Fic.
1584 3800 1641 3858 p.
1662 3795 1737 3856 95

640 3861 1036 3939 pulcritudinis
1065 3862 1204 3921 salsa
1240 3861 1495 3922 definitio
1534 3860 1741 3919 refelli-

724 3954 817 4001 tur
1434 3941 1554 4001 Fic.
1582 3961 1639 4020 p.
1660 3960 1735 4018 93

641 4022 1037 4102 pulcritudinis
1060 4023 1475 4103 contemplator
1663 4023 1742 4099 56

640 4104 833 4183 pulcer
858 4106 1032 4163 homo
1431 4102 1554 4162 Fic.
1582 4123 1639 4181 p.
1660 4122 1737 4181 93

642 4186 819 4264 pulcri
843 4196 903 4244 et
923 4198 1117 4267 turpes
1137 4186 1366 4264 quando
1386 4184 1560 4243 simus
1622 4200 1742 4261 554

641 4266 897 4345 pulcrum
941 4286 1055 4325 non
1101 4266 1208 4326 nisi
1247 4285 1317 4325 ex
1351 4266 1561 4345 pulcris
1601 4285 1741 4324 con-

720 4349 885 4406 flatur
1432 4347 1553 4406 Fic.
1581 4366 1637 4425 p.
1661 4365 1735 4423 93

638 4429 898 4508 pulcrum
980 4428 1160 4507 primo
1240 4428 1528 4508 quomodo
1610 4427 1738 4506 pul-

719 4529 876 4568 crum
1618 4509 1739 4586 556

639 4590 894 4669 pulcrum
965 4610 1138 4669 quare
1205 4590 1263 4650 in
1331 4590 1623 4669 qualitate,
1679 4602 1739 4649 et

674 4673 959 4811 ..1225ssss
984 4671 1256 4811 33:23oe
1615 4672 1736 4810 ⁶:ss

633 4772 824 4911 {ulem
886 4831 1172 4909 superiora
1227 4833 1516 4913 quomodo
1574 4769 1734 4912 agec-

714 4912 890 4970 tanda
1653 4931 1729 4991 52

634 4992 828 5072 pulcra
852 5012 1092 5071 corpora
1654 5014 1686 5070 5
1695 5012 1727 5071 5

633 5074 827 5155 pulcra
844 5093 960 5131 non
980 5075 1090 5132 nisi
1106 5074 1320 5153 pulchri
1329 5074 1592 5150 judicant
1653 5092 1685 5152 5
1694 5094 1728 5152 3

634 5153 1030 5234 pulcerrimum
1061 5154 1197 5233 quid
1424 5157 1542 5215 Fic.
1573 5177 1627 5235 p.
1651 5176 1733 5234 94

631 5234 970 5316 pulcerrima
989 5237 1095 5295 sub
1115 5235 1238 5316 ipso
1260 5238 1411 5296 bono
1430 5238 1538 5297 tria
1556 5253 1692 5297 sunt

629 5396 964 5474 pulcerrima
988 5396 1046 5455 in
1074 5397 1214 5457 coelo
1239 5397 1347 5457 tria
1612 5335 1730 5460 ⁵59.

631 5477 843 5557 puparii
862 5478 961 5556 qui
984 5558 998 5573 ‚
1608 5499 1728 5557 344

629 5578 867 5638 purgare
908 5579 1175 5632 ammam,
1202 5572 1263 5620 et
1302 5580 1338 5620 a
1367 5579 1601 5640 corpore
1641 5580 1727 5619 se·

709 5658 903 5718 parare
926 5642 1062 5721 quid
1609 5657 1724 5718 307

1837 701 2101 779 purgatio
2126 699 2373 778 patibilis
2396 698 2529 778 quid
2823 716 2939 778 307

1840 779 2096 860 purgatio
2120 779 2299 840 animi
2325 780 2460 859 quid
2632 780 2752 841 Fic.
2784 802 2841 861 p.
2871 801 2943 860 19

1838 860 2224 942 purgatorium
2244 860 2516 937 judicium
2592 863 2713 922 Fic.
2743 883 2800 941 p.
2823 882 2941 940 5ιο

1839 941 2058 1024 purgati
2099 942 2275 1002 animi
2315 942 2546 1003 virtutes
2586 943 2781 1023 quales

2632 1025 2753 1085 Fic.
2784 1045 2841 1103 p.
2869 1043 2942 1102 19

1839 1186 2282 1264 putrefactorum
2311 1206 2513 1245 ammae
2543 1185 2695 1246 unde
2819 1125 2943 1245 6ἷὲ

1837 1267 2181 1347 Pythagoras
2224 1280 2498 1345 quantum
2544 1265 2793 1326 numeris
2841 1267 2940 1326 tri-

1916 1348 2103 1408 buerit
2821 1350 2934 1408 681

1838 1103 2190 1185 purificatum
2220 1124 2344 1165 esse
2370 1105 2504 1199 quid

2054 1430 2194 1488 orici
2233 1442 2434 1489 terram
2478 1429 2535 1489 in
2578 1428 2755 1489 stellis
2797 1449 2937 1508 quo·

1918 1510 2225 1569 dammodo
2252 1523 2623 1570 numerarunt
2648 1512 2714 1570 F.
2742 1532 2798 1590 p.
2815 1529 2939 1586 434

1836 1589 2193 1670 Pythagorici
2220 1590 2519 1651 involucris
2547 1593 2637 1650 usi
2815 1592 2937 1668 469

1835 1671 2192 1752 Pythagorici
2217 1687 2420 1733 cantus
2460 1673 2534 1731 ad
2559 1675 2769 1732 Jovem
2810 1692 2939 1750 pre-

1916 1754 2065 1812 catio
2590 1753 2708 1813 Fic.
2739 1774 2792 1831 p.
2822 1769 2933 1833 235

1835 1833 2333 1914 Pythagoricorum
2396 1845 2457 1894 et
2517 1834 2935 1894 Platonicorum

1914 1916 1988 1974 de
2014 1918 2231 1975 numeri
2261 1913 2620 1995 processione
2655 1915 2939 1975 sententia

1831 2077 2202 2157 Pythagorica
2227 2077 2507 2137 medicina
2579 2076 2701 2135 Fic.
2731 2097 2789 2156 p.
2818 2095 2930 2153 227

1830 2157 2215 2239 Pythagoricae
2234 2157 2592 2218 obscuritatis
2613 2177 2793 2217 causae
2810 2158 2933 2217 duae

2341 2321 2415 2383 o.
2814 2239 2934 2316 ⁴⁶⁹

1832 2401 2016 2465 Quale
2856 2418 2932 2479 79

1827 2483 1996 2563 quale
2022 2481 2333 2561 quotuplex
2816 2500 2930 2560 179

1826 2565 1988 2642 quale
2005 2562 2137 2642 quid
2160 2563 2230 2621 ad
2249 2562 2550 2623 essentiam
2569 2563 2825 2622 conferat
2851 2563 2928 2623 ib.

1826 2645 1993 2725 quale
2018 2656 2160 2723 quot
2188 2644 2368 2703 modis
2396 2644 2746 2723 appellemus
2807 2660 2929 2721 574

1825 2725 1992 2819 quale
2010 2725 2297 2804 quomodo
2323 2725 2817 2804 praedicamentum
2849 2726 2931 2784 sa-

1908 2819 2021 2866 ciat
2807 2823 2839 2882 5
2893 2826 2925 2865 2

1824 2887 1989 2966 quale
2030 2899 2090 2946 et
2130 2885 2555 2966 quodammodo
2606 2906 2669 2945 se
2713 2826 2929 2947 babe9ns

1904 2970 2191 3048 quomodo
2211 2987 2337 3028 sese
2363 2965 2684 3049 respiciant,
2704 2982 2765 3027 et
2784 2988 2927 3047 quo-

1906 3050 2078 3109 modo
2103 3049 2518 3128 distinguantur
2808 3065 2923 3127 593

1823 3130 2064 3211 qualitas
2090 3151 2262 3210 quare
2303 3150 2420 3190 non
2459 3130 2537 3190 sit
2573 3130 2722 3190 inter
2745 3131 2927 3210 prima

1906 3232 2093 3272 rerum
2113 3231 2324 3293 genera
2806 3213 2926 3271 608

1824 3292 2064 3373 qualitas
2090 3293 2228 3373 quid
2254 3293 2345 3363 sit,
2373 3304 2433 3354 et
2459 3293 2765 3373 quotuplex
2812 3293 2919 3353 181

1822 3374 2064 3454 qualitas
2091 3375 2149 3435 in
2181 3377 2437 3455 subjecto
2584 3376 2700 3435 Fic.
2730 3396 2786 3454 p.
2813 3394 2922 3450 ¹32

1823 3456 2061 3535 qualitas
2093 3457 2321 3536 quando
2357 3456 2523 3516 cadat
2558 3456 2620 3514 in
2657 3457 2924 3516 substan-

1902 3539 2043 3596 tiam
2811 3538 2923 3613 178

1825 3618 2064 3697 qualitas
2090 3619 2382 3697 quomodo
2417 3619 2737 3678 communis
2764 3637 2923 3696 quae-

1900 3700 2029 3758 dam
2057 3698 2310 3758 conditio
2338 3698 2413 3758 sit
2803 3698 2923 3774 576

1819 3779 2055 3858 qualitas
2099 3800 2236 3839 num
2284 3779 2358 3838 ad
2404 3779 2704 3840 essentiam
2749 3778 2920 3857 perti·

1900 3872 2035 3920 neat
2574 3861 2693 3920 Fic.
2721 3880 2777 3953 p.
2802 3879 2912 3936 321

1818 3941 2057 4020 qualitas
2078 3940 2175 4000 lati
2198 3941 2402 4022 gradus
2423 3941 2545 4001 sola
2564 3943 2766 4020 recipit
2785 3961 2920 4001 con-

1900 4022 2070 4081 traria
2802 4023 2875 4099 63
2885 4038 2917 4099 5

1818 4103 2055 4182 qualitas
2082 4122 2149 4162 ex
2176 4105 2441 4163 extremis
2478 4102 2815 4182 composita,
2844 4124 2918 4165 an

1896 4185 2163 4244 extremis
2202 4185 2383 4266 possit
2421 4203 2545 4245 esse
2585 4185 2867 4244 contraria

2571 4265 2691 4325 Fic.
2720 4287 2779 4345 p.
2801 4284 2912 4343 341

1817 4345 2058 4440 qualitas
2111 4347 2398 4425 quomodo
2450 4346 2734 4406 contraria
2800 4367 2916 4406 non

1814 4440 2313 4588 ᾳυὲἓῗέξειῖἷιίὶῐηα
2328 4508 2635 4568 formarum
2653 4510 2717 4568 F.
2736 4428 2917 4588 ρξὲξ

1814 4588 2057 4668 qualitas
2082 4604 2216 4650 ante
2243 4591 2619 4669 quantitatem
2650 4588 2767 4648 visu
2794 4610 2916 4668 per-

1811 4684 2279 4831 quazlytlitsurmedia
2323 4671 2915 4830 extremiquctifmffictv

1892 4834 1968 4891 sit
1992 4832 2276 4892 contraria
2794 4834 2910 4910 635

1810 4912 2094 4992 qualitatis
2123 4912 2379 4973 definitio
2561 4911 2679 4972 Fic.
2710 4934 2768 4992 p.
2790 4932 2904 4989 321

1810 4994 2142 5074 quantitatis
2181 5007 2420 5074 quatuor
2454 4997 2670 5073 species
2697 5015 2731 5053 a
2756 4996 2912 5053 Peri-

1889 5076 2149 5155 pateticis
2211 5089 2575 5143 enumeratae‚
2631 5074 2689 5133 in
2753 5095 2910 5134 com-

1892 5156 2050 5217 muni
2094 5159 2335 5236 'quadam
2376 5156 2521 5217 serie
2564 5176 2667 5236 per
2707 5158 2912 5236 gradus

1893 5237 2118 5317 disponi
2793 5237 2908 5314 568

1810 5317 2092 5397 qualitatis
2125 5317 2379 5378 definitio
2407 5317 2907 5397 Peripateticorum

1889 5401 2203 5459 univocene
2268 5400 2549 5478 praedicari
2607 5399 2787 5478 possit
2839 5400 2911 5458 de

1888 5480 2153 5539 omnibus
2192 5501 2540 5559 quaecunque
2579 5480 2910 5560 complecti-

1892 5574 1983 5619 ‘¹¹¹'
2789 5578 2909 5638 574

1807 5641 2091 5720 qualitatis
2119 5642 2406 5721 proprium
2564 5640 2682 5702 Fic.
2710 5663 2767 5722 p.
2790 5659 2904 5719 277

4005 547 4133 616 445

3018 699 3303 782 qualitatis
3369 721 3551 782 genus
3618 722 3722 782 per
3779 701 4123 763 differentias

3097 783 3388 862 quomodo
3414 782 3471 841 in
3498 803 3628 844 suas
3665 782 3878 863 species
3903 783 4120 862 divida-

3102 875 3195 923 tur
4000 865 4040 923 6

3017 944 3350 1021 qualitatum
3376 965 3583 1025 genera
3609 945 3725 1005 duo
4006 884 4122 1025 133

3018 1024 3076 1083 in
3107 1025 3392 1089 Qualitate
3419 1046 3532 1106 quo
3573 1046 3664 1086 res
3704 1025 3902 1088 ordine
3939 1027 4118 1088 collo-

3099 1119 3300 1166 cantur
3996 1109 4121 1184 634

3019 1186 3315 1265 qualitates
3348 1190 3498 1248 inter
3521 1209 3582 1248 se
3607 1209 3713 1283 per
3737 1210 3798 1249 se
3825 1189 3998 1269 ipsas,
4028 1188 4116 1248 vel

3086 1267 3358 1329 existendi
3375 1268 3555 1329 modis
3566 1270 4070 1351 distinguuntur63
4077 1289 4113 1346 3

3016 1348 3314 1428 qualitates
3351 1350 3674 1411 essentiales
3700 1372 3825 1431 quae
3861 1351 4118 1411 dicantur

3770 1431 3888 1492 Fic.
3917 1452 3974 1510 p.
3996 1451 4115 1508 320

3016 1509 3314 1589 qualitates
3343 1511 3513 1571 nullae
3538 1513 3600 1571 in
3621 1511 3824 1572 divinis
3846 1515 4013 1572 rebus
4038 1513 4115 1572 ib.

3015 1591 3313 1670 qualitates
3333 1606 3611 1671 quatenus
3632 1592 3954 1653 mistionem
3976 1613 4114 1653 con-

3097 1672 3291 1733 ficiant
4004 1675 4116 1736 186

3015 1753 3316 1831 qualitates
3355 1774 3615 1832 quaenam
3658 1754 3955 1814 contrariae
4001 1754 4117 1814 sint

3086 1835 3412 1914 judicandae
3994 1837 4117 1913 634

3014 1915 3312 1992 qualitates
3337 1935 3466 1974 cum
3495 1936 3612 1975 non
3640 1917 3759 1975 sint
3778 1915 3838 1974 in
3862 1918 4113 1988 materia,

3094 1994 3153 2055 in
3194 2015 3398 2076 genere
3437 2002 3744 2076 conjuncto
3779 2016 3880 2056 cur
3914 2018 4115 2058 nume·

3093 2090 3291 2137 rentur
3993 2079 4068 2155 63
4084 2099 4107 2138 1

3011 2158 3310 2237 qualitates
3336 2157 3606 2218 unionem
3633 2158 3755 2218 sine
3781 2159 4114 2221 confusione

3093 2259 3208 2297 non
3241 2239 3447 2299 habere
3990 2242 4109 2317 56c

3011 2320 3308 2398 qualitates
3363 2320 3565 2379 animae
3612 2321 3840 2398 quando
3886 2321 4110 2399 corpori

3089 2407 3410 2482 conjunctae
3456 2400 3735 2472 dicantur,
3779 2413 3840 2461 et
3881 2402 4109 2480 quando

3007 2493 3612 2643 quilfiffltrgstzorporis,
3642 2565 3868 2631 animae,
3899 2482 4112 2624 mefiiii

3090 2664 3207 2704 non
3243 2646 3351 2703 sub
3376 2644 3577 2704 eodem
3610 2662 3817 2724 genere
3848 2655 4108 2703 statuen-

3087 2726 3188 2785 das
3215 2743 3336 2785 esse
3986 2741 4106 2802 577

3007 2806 3341 2885 qualitatum
3366 2805 3480 2866 illic
3499 2819 3559 2866 et
3582 2818 3721 2866 tunc
3746 2805 4106 2866 existentium

3087 2887 3376 2948 distinctio
3995 2890 4099 2949 181

3007 2968 3342 3048 qualitatum
3372 2988 3564 3049 pugna
3759 2967 3879 3028 Fic.
3907 2988 3962 3047 p.
3986 2986 4104 3045 332

3006 3050 3338 3130 qualitatum
3381 3063 3440 3110 et
3482 3048 3937 3129 magnitudinum
3964 3069 4106 3109 con-

3087 3150 3283 3190 cursus
3309 3131 3597 3191 dissimilis
3994 3131 4105 3208 185

3005 3212 3342 3292 qualitatum
3402 3210 3600 3272 divisio
3654 3211 3808 3270 unde
3868 3210 4107 3271 difficilis

3087 3295 3185 3354 fiat
3988 3294 4108 3370 576

3006 3375 3339 3455 qualitatum
3385 3372 3622 3433 virtutes
3670 3393 3738 3433 ex
3785 3375 4107 3433 actionibus

3083 3466 3502 3533 cognoscuntur
3761 3453 3883 3513 Fic.
3912 3456 4103 3533 p.438

3000 3535 3334 3614 qualitatum
3378 3533 3713 3594 naturalium
3755 3533 3917 3614 origo

3750 3615 3870 3674 Fic.
3899 3636 3957 3695 p.
3982 3615 4104 3675 626

3752 3696 3872 3755 Fic.
3904 3717 3959 3775 p.
3990 3699 4101 3775 169

2999 3695 3284 3776 quantitas
3309 3694 3443 3774 quid

2998 3776 3285 3856 quantitas
3325 3777 3397 3837 ad
3436 3777 3676 3835 formam
3716 3777 3964 3856 pertinet

3757 3857 3876 3918 Fic.
3905 3878 3962 3937 p.
3984 3874 4095 3935 273

2999 3940 3284 4019 quantitas
3312 3938 3527 4019 species
3554 3939 3813 4018 quaedam
3984 3941 4099 4016 164

2996 4023 3283 4100 quantitas
3310 4020 3450 4079 nihil
3477 4022 3596 4101 agit
3753 4020 3869 4080 Fic.
3897 4041 3953 4099 p.
3984 4023 4098 4100 169

2996 4101 3280 4184 quantitas
3307 4122 3422 4162 non
3452 4115 3541 4161 est
3565 4115 3776 4181 quanta
3983 4102 4098 4177 164

2996 4185 3280 4264 quantitas
3308 4184 3458 4242 unde
3485 4184 3729 4264 pendeat
3756 4181 3874 4242 Fic.
3897 4203 3955 4262 p.
3984 4185 4095 4262 169

2997 4265 3283 4344 quantitas
3312 4286 3346 4324 a
3373 4265 3604 4324 materia
3629 4265 3962 4324 absorbetur
4014 4264 4091 4324 ib.

2996 4346 3282 4426 quantitas
3313 4366 3427 4403 non
3448 4358 3538 4405 est
3567 4345 3798 4405 materia
3815 4346 3878 4404 F.
3895 4366 3956 4424 p.
3977 4348 4095 4422 276

2994 4427 3279 4506 quantitas
3317 4426 3375 4485 in
3418 4425 3700 4486 infinitum
3738 4426 3966 4485 dividua

3753 4506 3870 4568 Fic.
3900 4527 3956 4585 p.
3982 4508 4096 4585 169

2992 4585 3278 4668 quantitas
3295 4608 3433 4666 quas
3447 4608 3534 4647 res
3548 4587 3954 4667 complectatur
3972 4591 4087 4666 625

2991 4668 3276 4748 quantitas
3316 4683 3568 4730 extrema
3604 4670 3909 4729 formarum

3743 4750 3863 4809 Fic.
3893 4770 3947 4828 p.
3970 4769 4090 4826 549

2989 4829 3276 4909 quantitas
3330 4830 3580 4892 materioe
3630 4831 3901 4891 accedens
3953 4832 4090 4909 quid

3072 4911 3278 4971 efficiat
3976 4912 4092 4985 164

2989 4991 3319 5072 quantitatis
3345 4990 3557 5071 primus
3577 4993 3649 5051 ad
3671 4990 3957 5051 materiam
3987 4992 4087 5051 ad-

3068 5086 3266 5132 ventus
3736 5073 3785 5131 F
3786 5072 3857 5131 ic.
3886 5093 3944 5152 p.
3971 5090 4088 5149 274

2987 5152 3316 5234 quantitatis
3342 5165 3501 5212 ortus
4008 5153 4088 5215 ib.

2987 5234 3319 5315 quantitatis
3371 5235 3689 5313 subjectum
3736 5235 3919 5293 forma
3963 5253 4090 5295 esse

3069 5316 3265 5395 nequit
4011 5314 4087 5376 ib.

2985 5396 3315 5478 quantitatis
3357 5407 3556 5455 natura
3594 5394 3812 5474 reliqua
3853 5409 4087 5475 quanta,

3068 5499 3185 5538 non
3213 5479 3335 5557 ipsa
3361 5477 3643 5555 quantitas
3967 5479 4088 5557 569

2985 5559 3317 5640 quantitatis
3351 5578 3529 5637 genus
3566 5557 3816 5617 numeris
3851 5570 3911 5617 et
3944 5578 4087 5619 con-

3064 5641 3236 5701 tinuis
3257 5659 3562 5701 commune
3587 5640 3876 5719 quomodo
3966 5641 4089 5701 628
