5118 6613
1079 543 1203 607 260

1077 713 1226 800 ibiq.
1260 711 1477 778 laudd.
1526 710 1707 778 Adde
1744 710 2143 778 Doederlein.
2172 713 2252 777 ad
2287 712 2578 800 Sophocl.
2610 712 2770 779 OEd.

1081 816 1305 882 Colon.
1338 839 1400 879 v.
1428 817 1575 901 656.
1604 836 1671 902 p.
1694 834 1844 901 392.

1164 944 1230 1008 p.
1265 921 1412 1004 873,
1455 939 1504 982 t.
1548 916 1626 981 Ὅ
1667 920 1780 998 μὲν
1816 921 1932 1001 γὰρ
1959 915 2638 1001 Ἡράκλειτος-ὥσπερ
2676 919 2769 982 καὶ

1081 1023 1255 1090 αὐτὸς
1279 1021 1529 1102 ζητήσας
1555 1021 1774 1106 εὖρεν.]
1828 1020 2001 1084 Libri
2032 1023 2229 1086 MSS.
2265 1021 2415 1086 nihil
2448 1021 2585 1108 opis
2614 1043 2770 1107 prae-

1081 1140 1268 1191 stant.
1361 1123 1618 1188 Ficinus
1653 1122 1871 1210 legisse
1897 1123 2178 1188 videtur:
2229 1126 2326 1189 καὶ
2366 1124 2434 1189 τὸ
2462 1124 2769 1204 μεταβάλ-

1079 1238 1193 1294 λον
1236 1228 1342 1292 οὐκ
1384 1228 1769 1292 ἀναπαύεται.
1860 1225 1982 1290 Sed
2032 1242 2155 1291 tam
2200 1225 2319 1291 levi
2367 1226 2771 1290 medicamine

1079 1345 1387 1420 aegrotans
1414 1329 1763 1394 membrum
1794 1328 1994 1392 sanari
2023 1329 2261 1416 nequit.
2345 1329 2680 1416 Distingue
2708 1346 2770 1394 et

1081 1434 1254 1521 lege:
1304 1435 1337 1496 ὁ
1365 1434 1478 1510 μὲν
1505 1434 1620 1513 γὰρ
1641 1428 2031 1511 Ἡράκλειτος
2060 1431 2125 1498 ὃς
2142 1433 2282 1511 ἡμῖν
2304 1433 2768 1513 παρακελεύεται

1080 1543 1272 1617 ζητεῖν
1310 1539 1501 1608 τοῦτο,
1551 1532 1832 1612 (ἀμοιβάς
1875 1558 1942 1596 τε
1984 1535 2308 1615 ἀναγκαίας
2348 1534 2654 1614 τιθέμενος
2705 1535 2769 1596 ἐκ

1080 1645 1196 1704 τῶν
1227 1638 1528 1709 ἐναντίων,
1562 1637 1702 1701 ὁδόν
1730 1660 1797 1699 τε
1835 1635 1956 1699 ἄνω
2002 1637 2098 1700 καὶ
2137 1636 2289 1700 κάτω
2331 1638 2529 1709 εἰπὼν,
2566 1637 2661 1700 καὶ
2702 1635 2768 1699 τὸ

1078 1740 1468 1824 μεταβάλλον
1486 1740 1897 1802 ἀναπαύεσθαι
1927 1739 2022 1802 καὶ
2053 1739 2311 1817 κάματον
2336 1738 2487 1803 εἶναι
2520 1745 2643 1806 τοῖς
2671 1741 2769 1803 αὐ-

1080 1851 1203 1913 τοῖς
1226 1847 1475 1927 μοχθεῖν
1507 1843 1602 1905 καὶ
1641 1842 1962 1925 ἄγχεσθαι)
2000 1841 2247 1917 εἰκάζειν
2277 1842 2511 1916 ἔδωκεν,
2544 1841 2765 1922 ἀμελή-

1082 1975 1194 2016 σας
1213 1949 1381 2028 σαφῆ
1408 1947 1545 2025 ἡμῖν
1565 1948 1810 2023 ποιῆσαι
1836 1944 1943 2007 τὸν
1961 1946 2170 2026 λόγον·
2216 1945 2293 2011 ὡς
2315 1943 2453 2008 δέον
2469 1947 2612 2011 ἴσως
2633 1942 2767 2025 παρ’

1084 2052 1237 2137 αὐτῷ
1279 2054 1488 2129 ζητεῖν,
1522 2050 1723 2129 ὥσπερ
1763 2048 1855 2111 καὶ
1901 2047 2072 2114 αὐτὸς
2115 2047 2366 2127 ζητήσας
2394 2047 2597 2128 εὖρενε
2648 2048 2767 2111 Et-

1077 2155 1238 2219 enim
1275 2151 1653 2228 Heraclitus,
1677 2150 1787 2237 qui
1819 2150 1995 2214 nobis
2022 2148 2316 2237 praecepit
2346 2149 2513 2214 istud
2544 2149 2765 2235 anqui-

1078 2279 1214 2322 rere
1245 2253 1724 2338 (vicissitudines
1752 2253 2117 2318 necessarias
2146 2276 2382 2340 ponens
2409 2277 2486 2317 ex
2517 2268 2765 2317 contra-

1078 2360 1202 2435 riis,
1235 2358 1523 2446 viamque
1551 2372 1615 2421 et
1643 2380 1835 2445 supra
1860 2372 1923 2421 et
1951 2356 2116 2421 infra
2141 2356 2371 2432 dicem,
2403 2369 2465 2420 et
2494 2379 2769 2421 commu-

1079 2481 1218 2528 tans
1246 2462 1651 2549 requiescere,
1673 2475 1735 2525 et
1766 2459 2189 2546 fatigationem
2210 2483 2341 2523 esse
2361 2458 2577 2523 iisdem
2602 2458 2768 2524 labo—

1076 2588 1214 2630 rare
1241 2581 1304 2629 et
1332 2564 1507 2652 angi)
1538 2562 1858 2627 divinandi
1894 2565 2211 2629 materiam
2260 2563 2533 2642 exhibet,
2566 2562 2763 2650 negli-

1074 2690 1228 2756 gens
1273 2666 1517 2756 planam
1563 2665 1741 2730 nobis
1768 2666 1968 2730 facere
2008 2666 2346 2740 rationem;
2400 2681 2473 2731 ut
2509 2668 2768 2731 fortasse

1075 2769 1243 2858 apud
1292 2769 1498 2856 ipsum
1538 2768 1944 2854 quaerendum
1988 2767 2087 2846 sit,
2130 2766 2659 2855 quemadmodum
2705 2784 2768 2832 et

1074 2873 1207 2959 ipse
1255 2871 1587 2956 anquireus
1626 2869 1949 2934 invenerit.
2017 2870 2398 2935 lamblichus
2441 2895 2541 2959 ap.
2591 2871 2762 2936 Stob.

1073 2973 1342 3060 Eclogg.
1377 2975 1434 3036 1.
1466 2990 1571 3057 52.
1604 2987 1667 3059 p.
1693 2975 1839 3056 906.
1875 2974 2192 3038 Heeren.:
2237 2971 2631 3055 Ἡράκλειτος
2655 2976 2767 3054 μὲν

1074 3079 1192 3158 γὰρ
1246 3077 1500 3154 ἀμοιβὰς
1548 3075 1873 3155 ἀναγκαίας
1919 3075 2142 3137 τίθεται
2189 3076 2254 3138 ἐκ
2295 3080 2413 3138 τῶν
2458 3075 2762 3148 ἐναντίων,

1076 3180 1216 3242 ὁδόν
1266 3203 1333 3241 τε
1375 3177 1497 3240 ἄνω
1547 3176 1641 3240 καὶ
1691 3174 1867 3254 κάτω,
1913 3179 2018 3243 τὰς
2062 3179 2265 3259 ψυχὰς
2314 3179 2765 3258 διαπορεύεσθαι

1075 3281 1389 3362 ὑπείληφε,
1423 3280 1518 3344 καὶ
1546 3278 1613 3344 τὸ
1640 3280 1753 3359 μὲν
1777 3280 1843 3342 ἐν
1871 3284 1992 3346 τοῖς
2014 3279 2210 3346 αὐτοῖς
2241 3280 2558 3360 ἐπιμένειν,
2586 3279 2764 3360 κάμω

1075 3408 1181 3447 τον
1233 3383 1403 3457 εἶναι,
1463 3383 1531 3447 τὸ
1581 3384 1646 3446 δὲ
1699 3382 2110 3462 μεταβάλλειν
2155 3382 2363 3465 φέρειν
2406 3384 2759 3448 ἀνάπαυσιν.

1079 3484 1247 3551 Ibid.
1287 3508 1350 3572 p.
1385 3484 1530 3567 894.
1577 3507 1798 3570 sq.—:
1849 3483 1974 3548 καθ’
2004 3483 2401 3566 Ἠράκλειτον
2444 3488 2509 3549 δὲ
2554 3490 2656 3565 τῆς
2699 3488 2765 3549 ἐν

1074 3593 1153 3675 τῷ
1193 3587 1687 3669 μεταβάλλεσθαι
1731 3588 2094 3667 ἀναπαύλης.
2186 3587 2318 3652 Ubi
2365 3587 2758 3651 Heerenius:

1077 3701 1120 3732 “
1155 3694 1417 3757 Constat
1462 3706 1667 3755 tamen
1728 3713 1805 3754 ex
1851 3689 2043 3777 Diog.
2084 3691 2165 3756 L.
2196 3691 2313 3756 IX.
2350 3711 2408 3771 7.
2452 3706 2571 3755 etc.
2618 3714 2760 3755 eum

1076 3793 1531 3878 (Heraclitum)
1563 3793 1771 3857 omnia
1800 3792 2128 3857 mutationi
2158 3793 2440 3881 subjecta
2465 3810 2658 3881 atque
2684 3818 2761 3859 ex

1075 3921 1147 3962 ea
1175 3914 1312 3961 orta
1341 3896 1658 3984 posuisse;
1708 3919 1820 3960 nec
1849 3919 1991 3960 eum
2032 3896 2210 3961 aliter
2247 3897 2327 3961 de
2369 3898 2594 3962 animae
2638 3913 2758 3962 sta·

1077 4000 1289 4076 tuisse,
1321 4020 1462 4063 cum
1503 4022 1636 4062 eam
1668 3999 1736 4063 τὸ
1777 4000 1870 4063 ἀεὶ
1896 3999 2037 4081 ῥέον
2077 4015 2141 4063 et
2173 4001 2241 4065 τὸ
2283 4002 2377 4065 ἀεὶ
2420 4005 2765 4081 κινούμενον

1079 4117 1343 4180 vocaret,
1354 4100 1523 4165 testis
1544 4115 1636 4165 est
1660 4100 2023 4164 Aristoteles
2043 4101 2123 4165 de
2148 4102 2381 4166 Anima
2401 4104 2457 4167 1.
2489 4123 2548 4168 2.
2597 4106 2762 4169 Cum

1072 4205 1287 4291 itaque
1324 4203 1817 4291 conjunctionem
1864 4203 2000 4290 ejus
2033 4226 2174 4268 cum
2216 4229 2474 4293 corpore
2504 4208 2764 4271 ἀναπαύ-

1075 4318 1191 4388 λην
1226 4306 1342 4371 ἀπὸ
1382 4310 1483 4386 τῆς
1522 4309 1862 4386 μεταβολῆς
1891 4322 2162 4385 vocaret,
2195 4330 2302 4371 seu
2345 4308 2552 4396 potius
2596 4308 2762 4373 illam

1075 4437 1152 4477 ex
1186 4413 1301 4476 hac
1329 4427 1527 4477 ortam
1558 4435 1687 4476 esse
1715 4411 2138 4491 contenderet,
2158 4435 2280 4477 non
2304 4413 2483 4478 aliter
2508 4437 2581 4478 ac
2613 4415 2764 4477 Em-

1075 4514 1362 4604 pedocles
1383 4513 1462 4578 ad
1487 4537 1707 4601 poenas
1735 4512 1996 4579 luendas
2021 4516 2264 4603 corpori
2294 4539 2429 4581 eam
2462 4515 2762 4581 inclusam

1074 4642 1224 4692 esse,
1277 4617 1550 4702 posuisse
1595 4616 1903 4682 videtur.”
1990 4618 2175 4697 Quod
2236 4621 2534 4704 ἄγχεσθαι
2581 4620 2763 4708 posui

1075 4744 1191 4809 pro
1233 4724 1544 4805 ἄρχεσθαι,
1576 4742 1829 4784 moveor
1871 4744 2014 4784 curn
2050 4722 2184 4786 aliis
2228 4723 2428 4788 causis
2465 4738 2600 4787 tum
2645 4723 2763 4789 hoc

1072 4825 1208 4890 loco
1262 4824 1580 4888 Hermetis
1621 4846 1721 4910 ap.
1780 4823 1954 4888 Stob.
2005 4824 2272 4912 Eclogg.
2320 4826 2375 4889 1.
2419 4849 2486 4914 p.
2514 4827 2634 4909 768
2662 4851 2763 4889 :—

960 4940 969 4949 '
1072 4930 1234 4993 ἆλλᾶ
1265 4929 1679 4991 καταλείπεται
1710 4928 1773 5008 (ὁ
1805 4931 1967 5009 νοῦς)
1999 4927 2107 5006 τὴν
2134 4933 2212 5013 τῷ
2244 4931 2469 5009 σώματι
2490 4955 2764 5011 προσκει-

1068 5031 1253 5111 μένην
1275 5029 1539 5113 (ψυχῇν)
1566 5030 1661 5093 καὶ
1674 5026 1768 5093 ὑπ’
1790 5029 1969 5093 αὐτοῦ
1990 5030 2331 5113 ἀγχομένην
2346 5031 2516 5095 κάτω.
2566 5032 2763 5096 Plura

1071 5134 1151 5198 de
1181 5133 1297 5197 hoc
1338 5142 1471 5196 toto
1504 5131 1639 5196 loco
1678 5130 2037 5195 Heracliteo
2071 5131 2216 5195 dedi
2259 5132 2320 5196 in
2365 5133 2649 5221 Dionyso
2693 5158 2757 5222 p.

1071 5241 1347 5326 83—86.
1422 5238 1522 5302 Cf.
1554 5237 1736 5301 etiam
1780 5260 1970 5324 supra
1996 5236 2075 5300 ad
2107 5261 2171 5325 p.
2204 5254 2306 5321 97.
2334 5239 2418 5301 D.
2450 5252 2513 5299 et
2541 5236 2622 5300 de
2650 5237 2759 5301 ob-

1069 5344 1359 5407 scuritate
1401 5339 1705 5405 Heracliti
1742 5340 1821 5405 cf.
1871 5338 2409 5405 Schleiermacher.
2441 5338 2502 5402 in
2537 5338 2757 5403 Wolfii

1068 5458 1132 5509 et
1165 5445 1531 5509 Buttmanni
1559 5446 1741 5509 Mus.
1775 5444 1850 5507 de
1879 5444 2144 5509 Alterth.
2189 5444 2551 5509 {Vis-§enach
2580 5445 2665 5507 T.
2699 5445 2752 5508 1.

1069 5570 1133 5634 p.
1156 5564 1302 5630 322.
1334 5569 1472 5633 sqq.

2036 540 2874 606 ANNOTATIONES
2939 542 3052 605 IN
3121 540 3574 606 PLOTINI

2938 750 3027 762 —
3053 715 3116 778 6.
3164 717 3544 793 Εμπεδοκλῆς
3571 714 3971 780 τε-πίσυνος
3996 713 4333 799 μαινομένῳ
4362 715 4539 778 νείκει

2853 817 3081 898 -περί
3116 842 3182 879 τε
3227 822 3472 880 πολλῶν
3507 817 3759 901 ἄλλων.]
3834 817 4065 880 Noster
4106 816 4269 881 infra
4310 839 4444 904 cap.
4475 835 4539 904 5.

2854 941 2920 1004 p.
2941 934 3091 1005 473.
3119 921 3223 982 A:
3272 920 3342 982 οὗ
3377 923 3667 1001 διαφωνεῖ
3708 918 4204 998 ἀλλήλοις-οὐδ’
4241 921 4279 1000 ἡ
4317 918 4537 998 Ἐμπε-

2855 1021 3134 1089 δοκλέους
3176 1021 3339 1103 φυγῆ
3387 1023 3482 1085 καὶ
3530 1020 3746 1101 πλάνη,
3797 1021 3914 1085 οὐδ’
3967 1025 4219 1104 ἁμαρτία
4269 1020 4366 1104 ἐφ’
4417 1020 4454 1103 ᾖ
4505 1023 4541 1101 ἦ

2856 1127 3002 1205 δίκη,
3036 1123 3152 1188 οὐδ’
3195 1122 3591 1205 ιΗρακλείτυυ
3621 1124 3937 1188 ἀνάπαυλα
3967 1127 4033 1189 ἐν
4065 1129 4135 1205 τῇ
4163 1129 4340 1207 φυγῇ.
4430 1124 4542 1189 Ni-

2858 1227 3081 1292 mirum
3132 1225 3541 1312 Empedocles
3581 1225 3865 1302 docebat,
3916 1227 4152 1291 animas
4194 1227 4277 1291 ob
4319 1226 4543 1292 delicta

2856 1329 3040 1395 exilio
3067 1329 3345 1394 damnari
3376 1347 3439 1394 et
3482 1328 3752 1393 coelestia
3780 1328 4128 1416 relinquere
4161 1329 4322 1416 cogi,
4353 1331 4539 1394 adeo-

2854 1457 2978 1519 que
3002 1432 3096 1495 his
3119 1430 3483 1495 mortalibus
3510 1431 3874 1518 corporibus
3902 1430 4125 1518 illigari
4150 1456 4165 1496 2
4214 1431 4538 1497 Plutarch.

2854 1536 2934 1600 de
2978 1537 3113 1599 Esu
3163 1537 3397 1599 Carnu.
3448 1534 3501 1597 1.
3535 1552 3595 1615 7.
3639 1556 3698 1620 p.
3725 1534 3871 1619 996.
3916 1535 3992 1597 B.
4023 1554 4132 1617 49.
4166 1536 4381 1622 Wytt.
4434 1534 4543 1599 ubi

2857 1655 3059 1704 tamen
3095 1636 3625 1724 wyttenbachius
3652 1636 3840 1701 verba
3875 1635 4275 1724 Empedoclis
4308 1637 4391 1703 ab
4429 1661 4539 1702 ex-

2856 1757 3104 1829 ceptore
3131 1740 3354 1804 omissa
3382 1763 3512 1804 esse
3541 1740 3908 1826 suspicatur.
3957 1740 4343 1805 lamblichus
4369 1740 4540 1828 apud

2858 1845 3032 1910 Stob.
3063 1842 3331 1930 Eclogg.
3366 1844 3421 1907 Ι.
3457 1866 3518 1929 p.
3546 1845 3708 1926 894:
3757 1844 3918 1907 οὗτοι
3964 1842 4323 1923 (Platonici)
4359 1850 4536 1926 προϋ-

2855 1946 3217 2028 ποκειμένων
3245 1953 3363 2009 τῶν
3392 1945 3658 2009 ἀτάκτων
3692 1945 3785 2008 καὶ
3822 1952 4186 2025 πλημμελῶν
4216 1946 4540 2027 κινημάτων

2855 2049 3177 2114 ἐπεισιέναι
3207 2050 3398 2132 φασὶν
3425 2051 3645 2129 ὕστερα
3671 2052 3745 2111 τὰ
3775 2053 4256 2128 κατακοσμοῦντα
4277 2050 4425 2114 αὐτὸ,
4447 2050 4540 2113 καὶ

2853 2151 3252 2225 διατάττοντα,
3285 2152 3380 2215 καὶ
3406 2152 3514 2230 τὴν
3541 2152 3909 2232 συμφωνίαν.
3943 2149 4041 2215 ἀπ’
4066 2152 4418 2235 ἀμφοτέρων
4446 2155 4540 2216 οὔ-

2854 2282 2965 2322 τως
3010 2256 3443 2336 συνυφαίνουσι
3485 2252 3659 2334 (fort.
3697 2255 3846 2317 οὕτω
3891 2256 4353 2340 συνυφαίνουσι)
4395 2260 4541 2320 κατὰ

2853 2361 2963 2439 μὲν
3008 2362 3325 2421 Πλωτῖνον
3364 2359 3463 2436 τῆς
3495 2357 3722 2438 πρώτης
3765 2357 4119 2436 ἑτερότητος·
4170 2356 4293 2421 κατ’
4322 2357 4539 2438 Ἐμπε-

2854 2460 3073 2525 δοκλέα
3101 2462 3165 2524 δὲ
3187 2463 3289 2539 τῆς
3313 2460 3540 2541 πρώτης
3567 2459 3683 2523 ἀπὸ
3714 2463 3820 2522 τοῦ
3847 2463 3988 2523 θεοῦ
4014 2464 4223 2542 φυγῆς.
4271 2460 4351 2525 cf.
4389 2461 4535 2526 Pro-

2852 2562 3063 2628 clusin
3085 2562 3313 2626 Timae.
3345 2584 3413 2647 p.
3444 2579 3583 2646 175.
3615 2577 3677 2625 et
3707 2561 4009 2648 Origenes
4036 2577 4253 2626 contra
4281 2562 4532 2628 Celsum

2858 2669 2913 2732 1.
2957 2689 3018 2753 p.
3053 2668 3149 2731 26.
3197 2664 3309 2752 qui
3351 2663 3604 2750 quidem
3651 2664 3713 2727 in
3760 2664 3875 2728 hac
3920 2687 3986 2728 re
4029 2664 4306 2730 similiter
4347 2682 4536 2753 atque

2856 2769 3141 2834 Plotinus
3187 2783 3399 2831 nostro
3441 2766 3576 2830 loco
3629 2766 4055 2854 Pythagoram
4104 2783 4168 2832 et
4219 2768 4535 2835 Platonem

2852 2888 3172 2938 memorat.
3266 2869 3447 2934 Adde
3476 2870 3738 2934 AEneam
3788 2872 3943 2937 Gaz.
3991 2873 4052 2936 in
4101 2872 4542 2961 Theophrasto

2852 3001 2916 3065 p.
2950 2998 3011 3061 9.
3060 2992 3121 3040 et
3169 2999 3231 3061 p.
3271 2995 3369 3037 11.
3419 2973 3638 3038 Barth.
3682 2988 3745 3038 et
3790 2975 4041 3039 consule
4089 2974 4533 3063 Empedoclem

2854 3079 3086 3144 Sturzii
3114 3102 3173 3165 p.
3193 3097 3342 3163 452.
3373 3100 3507 3163 sqq.

2937 3220 3021 3236 —-
3059 3204 3082 3245 1
3097 3202 3153 3263 7.
3201 3184 3269 3245 ἐν
3299 3185 3493 3267 δεσμῷ
3523 3207 3588 3245 τε
3621 3180 3792 3255 εἶναι,
3826 3182 3921 3245 καὶ
3950 3181 4244 3265 τεθάφθαι
4271 3185 4339 3246 ἐν
4380 3184 4533 3269 αὐτῷ

2850 3287 2957 3366 τὴν
2998 3286 3206 3370 ψυχὴν
3249 3284 3466 3369 λέγει,]
3533 3284 3715 3349 Plato
3758 3283 4017 3372 Cratylo
4060 3309 4122 3372 p.
4164 3306 4312 3364 400.
4351 3287 4426 3350 B.
4458 3288 4535 3352 C.

2850 3412 2912 3476 p.
2938 3409 3043 3474 39.
3068 3387 3298 3452 Bekk.:
3332 3388 3425 3451 καὶ
3443 3392 3549 3451 νῦν
3566 3391 3726 3467 σῆμα
3747 3390 3832 3468 (τι
3847 3387 4024 3452 addit
4046 3388 4206 3453 Cod.
4227 3391 4535 3475 Darmst.)

2852 3491 3006 3559 τινές
3034 3496 3224 3574 φᾶσιν
3254 3491 3395 3556 αὐτὸ
3428 3491 3526 3573 (τὸ
3558 3496 3755 3572 σῶμα)
3790 3491 3941 3555 εἶναι
3969 3495 4070 3571 τῆς
4111 3496 4308 3576 ψυχῆς
4336 3495 4412 3562 ὥς
4439 3520 4535 3559 τε-

2850 3594 3146 3674 θαμμένης
3179 3596 3246 3657 ἐν
3283 3598 3361 3679 τῷ
3408 3598 3514 3657 νῦν
3555 3596 3819 3675 παρόντι.
3899 3593 4000 3663 Cf.
4052 3595 4248 3681 Gorg.
4294 3618 4361 3682 p.
4385 3617 4533 3683 493.

2852 3697 2955 3761 Cf.
3005 3697 3288 3762 [ntnbin.
3336 3695 3417 3761 ad
3461 3697 3709 3761 Lucret.
3757 3697 3899 3760 111.
3921 3700 4069 3781 556.
4113 3713 4174 3763 et
4207 3697 4532 3786 Wyttenb.

2848 3800 2926 3865 ad
2962 3800 3263 3864 Phaedon.
3296 3824 3358 3886 p.
3388 3818 3527 3884 139.
3559 3822 3648 3885 sq.
3741 3798 3933 3863 Adde
3974 3799 4213 3864 Libanii
4250 3802 4534 3867 Declam.

2850 3926 2965 3990 pro
3016 3905 3250 3967 Socrat.
3300 3901 3406 3984 (ad
3453 3901 3603 3966 calc.
3655 3901 3909 3966 Aristid.
3955 3904 4091 3967 Jac.
4142 3904 4423 3991 Morelli)
4465 3930 4530 3993 p.

2853 4026 2886 4069 2
2889 4009 3305 4092 56-ἐπειδᾶν
3338 4010 3610 4085 λυθῶμεν
3652 4008 3848 4069 ὀστῶν
3890 4031 3955 4069 τε
4002 4007 4097 4070 καὶ
4140 4013 4394 4089 σαρκῶν,
4442 4010 4537 4073 καὶ

2848 4114 2954 4174 τοῦ
2979 4108 3200 4175 παντὸς
3240 4109 3448 4172 τούτου
3486 4111 3882 4189 δεσμωτηρίου
3922 4111 4041 4173 εἴτε
4085 4112 4372 4191 σάματος,
4417 4115 4534 4176 εἴτε

2851 4211 3110 4292 σήματος
3136 4209 3252 4293 χρὴ
3291 4209 3514 4291 λέγειν.
3613 4207 3819 4294 Pergit
3867 4208 4155 4273 Plotinus
4196 4212 4291 4275 καὶ
4333 4212 4441 4276 τὸν
4471 4215 4539 4276 ἐν

2850 4311 3195 4394 ἀποῤῥήτοις
3211 4314 3542 4395 λεγόμενον
3557 4312 3746 4393 λόγον
3761 4311 3954 4393 μέγαν
3972 4312 4124 4376 εἶναι
4140 4313 4204 4381 δς
4222 4316 4290 4378 έν
4311 4320 4540 4400 φρουρᾷ

2849 4416 2956 4495 τὴν
2984 4415 3190 4499 ψυχὴν
3227 4414 3397 4497 λέγει
3441 4414 3609 4478 εἶναι.
3690 4414 3874 4478 Plato
3903 4414 4222 4480 Phaedone
4249 4440 4312 4504 p.
4333 4419 4437 4482 62.
4467 4441 4531 4504 p.

2859 4537 2957 4582 12.
2990 4517 3188 4582 Bekk.
3217 4543 3231 4582 :
3281 4519 3358 4585 ὡς
3387 4518 3453 4582 ἔν
3481 4542 3597 4581 τινι
3625 4521 3856 4601 φρουρᾷ
3895 4520 4080 4598 ἐσμὲν
4118 4521 4176 4582 οἱ
4218 4521 4533 4601 ἄνθρωποι.

2852 4618 3098 4685 Lauflat
3146 4620 3378 4686 Plotini
3423 4621 3612 4686 verba
3652 4621 4182 4707 Wyttenbachius
4224 4621 4307 4687 ad
4353 4625 4538 4690 Phae-

2849 4724 2994 4789 don.
3026 4749 3086 4810 p.
3121 4725 3260 4811 136.
3294 4747 3424 4811 quo
3462 4724 3842 4789 demonstrat
3877 4724 4031 4789 illud
4079 4728 4147 4790 ἑν
4191 4728 4537 4810 ἀπόῤῥητοις

2848 4841 2912 4891 et
2938 4850 3037 4914 ap.
3074 4825 3395 4890 Platonem
3427 4839 3490 4888 et
3515 4824 3667 4888 alios
3708 4824 4109 4913 philosophos
4136 4830 4212 4890 τὰ
4239 4827 4538 4910 ἀπόῤῥητα

2847 4952 2969 4993 non
3003 4953 3132 4993 esse
3159 4928 3444 5015 religiosa
3483 4945 3544 4993 et
3586 4928 3933 5015 antiquitus
3962 4928 4186 4994 tradita
4217 4931 4534 5016 mysteria,

2847 5032 2953 5096 sed
2980 5032 3343 5096 sanctiorem
3375 5043 3438 5096 et
3480 5053 3763 5095 arcanam
3806 5031 4161 5120 philosophi
4208 5034 4532 5113 (Socratis,

2850 5134 3162 5199 Platonis:
3209 5135 3291 5199 cf.
3325 5133 3693 5199 Philomath.
3730 5135 3866 5200 111.
3899 5160 3964 5223 p.
3996 5136 4098 5199 86.
4134 5138 4261 5222 sq.)
4308 5136 4539 5200 doctri-

2845 5261 3010 5303 nam.
3075 5237 3241 5302 Mihi
3270 5236 3521 5324 quidem
3552 5260 3672 5302 non
3707 5260 4156 5325 usquequaque
4176 5239 4533 5325 persuadet.

2844 5344 3008 5406 Nam
3054 5339 3161 5405 illa
3199 5341 3502 5405 sententia
3540 5341 3621 5405 de
3663 5363 3922 5428 corpore
3951 5356 4249 5428 tanquam
4289 5365 4536 5408 carcere

2843 5442 2939 5509 vel
2984 5445 3268 5532 sepulcro
3296 5445 3359 5507 in
3393 5443 3631 5532 Cratyli
3672 5443 3812 5508 loco
3852 5443 4109 5509 laudato
4150 5442 4377 5508 diserte
4406 5447 4533 5510 Or-

2842 5546 3039 5636 phicis
3086 5547 3402 5612 tribuitur.
3493 5546 3800 5617 Quocirca
3856 5547 4021 5612 malo
4076 5546 4137 5611 in
4192 5545 4539 5613 Phaedonis
