5118 6613
97 6390 98 6425 ᾼ
93 6182 94 6229 ᾼΑ

1347 501 1546 566 LIB.
1598 502 1735 566 111.
1781 501 2235 567 ENNEAD.
2281 502 2749 581 QUARTAE.
2794 524 2856 590 p.
2887 501 3251 589 687-693·
3912 523 4035 591 205

572 672 796 739 Scholl.
819 673 882 738 in
913 672 1088 737 illum
1119 671 1324 738 locum
1356 672 1499 738 Vol.
1523 674 1582 738 I.
1611 696 1676 762 p.
1707 694 1858 755 404.
1928 672 2255 738 Plotiniani

567 794 769 842 tamen
800 776 918 841 loci
948 775 1205 840 similem
1238 799 1338 839 me
1366 774 1571 863 legere
1600 798 1724 840 non
1757 774 2026 840 memini.
2105 775 2256 840 Vult

565 897 807 946 autem:
860 883 1204 966 segregant
1233 879 1470 943 animas
1507 894 1749 944 nostras
1787 878 1868 943 ab
1895 902 1968 942 ea
1995 879 2255 958 ratione,

566 1006 693 1071 qua
719 995 929 1071 partes
961 982 1103 1046 sint.
1197 981 1375 1046 Sive:
1411 981 1724 1047 Eximunt
1751 980 1987 1046 animas
2016 997 2254 1046 nostras

566 1110 640 1152 ex
672 1086 944 1174 partium
968 1106 1245 1148 numero.

652 1211 711 1275 p.
743 1190 893 1273 691,
935 1190 996 1251 6.
1047 1188 1142 1250 καὶ
1187 1189 1377 1265 ὄνομα
1424 1186 1612 1266 μόνον
1660 1185 1860 1273 ἔσται]
1925 1184 2088 1249 Satis
2133 1185 2253 1249 fre-

565 1312 764 1378 quens
803 1287 1095 1365 formula,
1126 1311 1238 1352 nec
1285 1286 1533 1352 Platoni
1575 1286 1811 1374 ignota.
1902 1287 2003 1349 De
2049 1288 2252 1374 Legg.

567 1394 618 1459 l.
651 1416 714 1480 p.
745 1395 890 1458 626.
919 1394 1011 1456 A.
1047 1414 1110 1478 p.
1142 1392 1298 1471 482.
1342 1388 1547 1453 Bekk.
1591 1388 1664 1468 ἦν
1710 1393 1826 1472 γὰρ
1871 1394 2156 1454 καλοῦσιν
2200 1393 2259 1454 οἱ

565 1504 839 1566 πλεῖστοι
876 1504 992 1561 τῶν
1030 1497 1353 1578 ἀνθρώπων
1392 1494 1647 1577 εἰρήνην,
1687 1494 1841 1559 τοῦτ’
1875 1495 2028 1559 εἶναι
2062 1497 2249 1574 μόνον

2340 673 2611 761 primum
2654 677 2860 754 μόνον,
2903 674 3126 740 deinde
3154 699 3188 740 e
3215 673 3620 762 sequentibus
3650 679 3892 759 πρᾶγμα
3919 692 4032 742 aut

2342 777 2521 859 ἔργον
2557 776 3029 864 intelligendum
3074 801 3204 842 esse
3240 777 3442 844 docet.
3516 777 3619 842 Cf.
3653 776 3837 842 etiam
3868 778 4032 844 infra

2341 903 2405 966 p.
2426 898 2575 965 459.
2613 881 2879 944 Β.-καὶ
2927 882 3116 960 ὄνομα
3171 884 3246 946 τὰ
3294 881 3684 946 πάντα.-Ῑ11
3730 881 4030 968 proximis

2343 982 2565 1047 variari
2623 982 2961 1070 plurimum
3018 999 3292 1071 arguunt
3352 986 3529 1049 Varr.
3596 985 3804 1050 Lectt.
3895 987 4031 1050 Nos

2340 1085 2540 1151 Ficini
2566 1085 3070 1171 interpretatione
3097 1086 3309 1152 relicta
3331 1086 3670 1172 adjecimus
3686 1087 4027 1152 versionem

2338 1188 2613 1253 alteram.
2705 1189 2771 1251 Si
2820 1188 3105 1253 hariolari
3153 1189 3356 1267 liceat,
3398 1188 3593 1276 possis
3627 1190 3931 1276 conjicere
3977 1196 4032 1256 εἰ

2342 1292 2411 1372 δὴ
2442 1292 2632 1376 ἀρχὴν
2660 1295 2747 1359 τίς
2774 1318 2920 1357 ποτε
2946 1293 3020 1372 ἦν
3052 1294 3238 1357 οὖσα;
3290 1291 3644 1358 Conficient
3689 1295 4028 1379 (Perdent)

2345 1395 2506 1459 enim
2550 1410 2743 1459 totam
2779 1395 3074 1474 animam,
3105 1411 3169 1460 et
3214 1419 3439 1460 nomen
3486 1395 3683 1460 solum
3721 1396 4029 1485 reliquum

2344 1498 2483 1575 erit,
2511 1500 2572 1562 si
2601 1498 2881 1562 videlicet
2907 1502 3158 1564 omnino
3186 1501 3404 1587 aliqua
3431 1502 3878 1587 unquamsuit
3919 1525 4031 1566 θα·-

565 1604 771 1681 ὅνομα·
818 1605 898 1686 τῷ
929 1599 977 1664 δ’
1009 1600 1515 1685 ἔργῳ-πόλεμον
1539 1598 1859 1680 ἀκήρυκτον
1889 1601 2038 1662 κατὰ
2066 1601 2252 1680 φύσιν
2334 1603 2573 1674 isten8,·
2623 1616 2695 1665 ut
2720 1600 2949 1665 ironice
2981 1600 3113 1666 haec.
3139 1601 3358 1666 addita
3385 1602 3665 1690 accipias.

567 1706 733 1771 εἶναι.
782 1705 887 1771 Cf.
915 1704 1152 1768 Theaet.
1180 1726 1242 1790 p.
1272 1721 1416 1785 177.
1449 1704 1537 1767 D.
1567 1726 1632 1790 p.
1665 1721 1811 1788 250.
1844 1702 2047 1767 Bekk.
2075 1705 2252 1789 Sym-

566 1832 696 1896 pos.
756 1832 818 1895 p.
875 1809 1017 1892 189.
1076 1807 1193 1871 sub
1238 1806 1350 1870 fin.
1397 1829 1466 1893 p.
1524 1826 1673 1886 402.
1729 1804 1930 1869 Bekk.
2019 1804 2256 1869 Similia

565 1911 764 1976 multa
818 1909 1124 1998 congessit
1184 1909 1468 1995 Lennep.
1525 1907 1607 1972 ad
1669 1906 1987 1972 Phalarid.
2045 1907 2251 1994 Epist.

568 2014 897 2079 LXVIII.
936 2036 998 2100 p.
1034 2011 1179 2077 208.
1231 2034 1371 2097 sqq.
1416 2026 1479 2076 et
1519 2033 1719 2098 nuper
1763 2010 2125 2075 Boissonad.
2172 2010 2252 2075 ad

567 2118 824 2202 Eunap.
857 2138 918 2202 p.
939 2134 1091 2197 420.
1126 2138 1220 2201 sq.
1249 2128 1313 2178 et
1341 2137 1407 2201 p.
1437 2133 1585 2193 424.
1618 2137 1804 2200 quem
1851 2114 2113 2199 Synesio
2141 2137 2256 2178 suo

570 2221 678 2303 (de
721 2221 950 2306 Regno
977 2242 1041 2305 p.
1082 2239 1181 2302 19.
1212 2218 1329 2300 D.)
1378 2211 1666 2282 adhibuit
1714 2216 2145 2304 Krabingerus
2187 2240 2253 2304 p.

571 2341 710 2406 272.
805 2322 881 2385 In
914 2320 1049 2385 loco
1089 2319 1418 2384 Iamblichi
1456 2319 1535 2382 de
1569 2320 1691 2384 Vit.
1730 2318 2071 2407 Pythagor.
2108 2319 2247 2386 111.

573 2428 668 2490 16.
698 2449 763 2513 p.
786 2446 893 2505 44.
930 2422 1154 2489 Kiessl.
1186 2439 1351 2487 recte
1389 2445 1554 2486 nunc
1584 2422 1814 2508 legitur
1843 2424 1939 2487 καὶ
1967 2423 2250 2502 σεμνοτέ-

568 2557 691 2613 ροις
733 2530 885 2611 ἥπερ
922 2529 1130 2608 (antea
1172 2530 1358 2608 εἴπερ.
1437 2526 1596 2591 Cod.
1650 2526 1787 2591 Ciz.
1829 2524 1865 2607 ᾗ
1909 2551 2044 2607 περι
2089 2526 2255 2591 unde

568 2634 750 2722 plane
777 2632 860 2698 ad
890 2648 1157 2696 mentem
1189 2629 1578 2695 Boissonadii
1607 2630 2003 2717 nuperrimus
2031 2629 2257 2694 Editor

570 2738 713 2804 fecit
757 2739 930 2819 ἥπερ,
983 2750 1045 2799 et
1085 2736 1174 2799 ita
1214 2735 1377 2799 Cod.
1420 2737 1689 2799 Memm.
1737 2735 1920 2820 cujus
1963 2748 2258 2820 excerpta

569 2863 756 2929 penes
798 2862 898 2903 me
941 2841 1111 2921 sunt)
1151 2839 1440 2902 εἰώθεσαν
1469 2839 1730 2916 ὀνόμασί
1756 2862 1823 2901 τε
1854 2837 1951 2900 καὶ
1988 2836 2258 2919 πράγμα-

572 2970 669 3009 σιν
700 2942 869 3026 (libri
917 2943 1113 3006 MSS.
1162 2939 1375 3025 plures
1415 2939 1777 3023 γράμμασιν,
1823 2938 1997 3025 quod
2045 2939 2256 3004 Kiess-

569 3044 829 3132 lingium
881 3043 1069 3129 fugit,
1119 3042 1227 3107 sed
1272 3041 1427 3105 Cod.
1477 3043 1654 3104 Mon.
1698 3044 1787 3104 A.
1839 3059 2003 3105 recte
2045 3054 2259 3104 tuetur

572 3146 941 3229 πράγμασιν)
975 3143 1310 3228 ἐχρήσαντο
1340 3144 1486 3225 πρός
1528 3167 1594 3207 τε
1639 3140 1939 3221 ἀλλήλους
1983 3143 2079 3206 καὶ
2111 3141 2259 3224 πρὸς

572 3252 769 3317 αὐτόν.
858 3247 1290 3313 Theodoretus
1329 3246 1390 3311 in
1424 3245 1632 3334 Epist.
1661 3244 1742 3309 ad
1784 3244 2021 3333 EpheS.
2060 3245 2113 3309 Ι.
2150 3263 2253 3312 22.

573 3378 637 3442 p.
666 3355 832 3435 408:
884 3354 980 3417 καὶ
1022 3357 1184 3431 ζητεῖ
1216 3351 1481 3429 ὀνόματα
1523 3354 1788 3429 δηλῶσαι
1832 3347 2126 3428 δυνάμενα
2155 3353 2260 3412 τοῦ

574 3457 911 3539 πράγματος
954 3454 1023 3517 τὸ
1067 3452 1422 3535 παράδοξον.
1493 3454 1620 3515 Pro
1654 3454 1843 3530 ὄνομα
1868 3452 2055 3530 μόνον
2082 3450 2140 3513 T
2143 3449 2259 3515 hu·

574 3558 830 3647 cydides
870 3571 1134 3643 usurpat
1172 3558 1363 3635 ὄνομα
1402 3556 1602 3621 ἄλλως
1630 3552 1736 3618 lib.
1775 3554 1978 3617 VIII.
2008 3576 2064 3617 c.
2090 3553 2260 3635 78—

575 3663 734 3726 ἀλλᾶ
768 3664 873 3728 τὰς
907 3658 1068 3742 παρὰ
1104 3657 1562 3740 Τισσαφέρνους
1605 3658 1935 3722 Φοινίσσας
1978 3660 2117 3722 ναῦς
2156 3655 2259 3735 με’-

574 3790 794 3839 νοντες,
850 3765 1049 3831 ἄλλως
1104 3764 1293 3841 ὄνομα
1348 3760 1443 3825 καὶ
1489 3760 1595 3823 οὐκ
1645 3759 1842 3842 ἔργον,
1903 3759 2259 3821 κινδυνεύειν

578 3867 774 3950 (cod.
808 3866 1041 3931 Cassel.
1071 3880 1133 3929 et
1170 3863 1383 3951 plures
1416 3860 1906 3949 praestantissimi
1952 3874 2114 3923 recte
2145 3885 2262 3923 κιν-

576 3972 912 4051 δυνεύσειν)
944 3972 1332 4049 διατριβῆναι.
1377 3966 1485 4030 ubi
1509 3966 1638 4030 vid.
1670 3962 1947 4028 Ducker.
1979 3978 2041 4027 et
2069 3961 2149 4026 cf.
2187 3965 2258 4027 C.

580 4074 664 4136 G.
698 4073 953 4158 Kriiger
980 4070 1060 4134 ad
1102 4068 1388 4156 Dionysii
1432 4066 1641 4132 Halic.
1684 4065 2264 4152 Historiographica

579 4197 645 4261 p.
681 4176 829 4259 263.
864 4174 1009 4257 265.
1088 4169 1384 4235 Similiter
1427 4173 1611 4252 λόγος
1656 4170 1871 4235 ἄλλως.
1963 4166 2263 4230 Aristides

577 4278 639 4341 in
688 4276 933 4364 Leptin.
989 4298 1054 4362 p.
1092 4276 1197 4338 88.
1249 4272 1350 4337 ed.
1397 4273 1619 4337 Jacob.
1679 4269 2265 4352 ΜοτεΙΙὶἱε-λόγος

579 4382 777 4447 ἄλλως
803 4377 1038 4443 ἅπαντα
1064 4375 1222 4441 ταῦτ’
1254 4376 1415 4456 οἶμαι
1444 4379 1599 4455 δόξει
1627 4373 1743 4439 ὑπὸ
1783 4378 1884 4452 τῆς
1911 4374 2100 4451 ἄλλης
2126 4374 2261 4437 ἀπι-

579 4480 902 4546 στευθέντα
947 4480 1180 4547 κακίας;
1232 4485 1274 4517 “
1307 4479 1418 4543 Pie
1463 4478 1628 4542 facta
1668 4476 2066 4563 antiquorum
2111 4499 2266 4540 non-

577 4582 952 4670 nisisabula
980 4581 1361 4646 videbuntur
1389 4579 1559 4645 haud
1600 4579 1836 4644 credita
1872 4594 2125 4666 propter
2152 4578 2266 4642 im-

581 4685 948 4772 probitatem
1006 4685 1338 4748 nostram.”
1411 4682 1512 4748 Cf.
1575 4681 1915 4747 Ruhnken.
1963 4680 2044 4745 ad
2100 4681 2263 4745 Tim.

585 4789 733 4853 Lex.
788 4786 1033 4851 Platon.
1093 4808 1156 4872 p.
1217 4806 1353 4869 199.
1400 4802 1463 4850 et
1514 4782 1879 4848 Boissonad.
1924 4781 2004 4846 ad
2055 4781 2264 4846 Basilii

584 4889 829 4955 Scholia
864 4889 929 4954 in
975 4890 1240 4975 Gregor.
1271 4887 1568 4952 Nazianz.
1612 4885 1675 4949 in
1728 4885 1981 4949 Notices
2023 4900 2087 4948 et
2131 4886 2268 4949 Ex-

582 4993 754 5059 traits
785 4993 967 5057 Tom.
1001 4993 1127 5056 XI.
1168 5014 1232 5078 p.
1265 4990 1365 5073 78.
1396 5014 1488 5076 sq.
1561 4989 2031 5075 Nonnunquam
2080 4990 2267 5067 μόνον

580 5096 657 5161 ad
704 5118 916 5160 vocem
963 5098 1153 5175 ὄνομα
1188 5091 1687 5157 subaudiendum
1733 5106 1847 5156 est.
1938 5090 2269 5177 Eunapius

583 5199 644 5263 in
693 5197 1037 5264 Proaeresio
1079 5220 1141 5284 p.
1182 5215 1283 5281 79.
1332 5195 1570 5260 Boiss.:
1619 5192 2157 5278 χειροτονηθέντων
2203 5195 2268 5256 δὲ

584 5304 823 5375 τούτων,
845 5304 903 5365 οἱ
928 5303 1042 5380 μὲν
1072 5298 1484 5380 εὐτελέστεροι
1505 5298 1573 5361 τὸ
1604 5299 1797 5376 ὄνομα
1826 5297 2127 5380 εἶχον-*6
2151 5295 2188 5358 i.
2210 5318 2262 5358 e.

585 5404 893 5469 tenuiores
935 5404 1186 5466 nomine
1237 5411 1417 5466 tenus
1475 5400 1899 5465 tantummodo
1962 5396 2270 5485 Sophistae

584 5507 813 5572 erant.”
884 5504 997 5570 Ad
1028 5527 1173 5591 quae
1199 5502 1641 5591 Wyttenbach.
1671 5525 1733 5588 p.
1759 5521 1900 5588 293.
1932 5500 2033 5565 ed.
2069 5498 2268 5564 Boias.

2420 1727 2483 1790 p.
2509 1706 2663 1790 692,
2701 1722 2799 1789 15.
2844 1704 3042 1772 πάσας
3068 1704 3931 1790 μέντοι-είς-μορφοῦσθαι]
3968 1710 4032 1774 Si

2337 1828 2481 1871 cum
2512 1806 2753 1894 aliquot
2795 1805 2967 1871 libris
3000 1806 3171 1895 legas
3199 1809 3276 1876 ὣς
3313 1831 3429 1895 pro
3471 1811 3572 1883 εἷς,
3622 1809 3754 1874 haec
3783 1831 4030 1876 senten-

2341 1909 2427 1974 tia
2454 1909 2697 1996 prodit:
2731 1909 3239 1997 quandoquidem
3271 1910 3472 1975 forma
3505 1911 3703 1998 (idea)
3735 1913 3799 1977 in
3828 1915 4037 1980 omnia

2339 2012 2594 2076 formari
2622 2027 2845 2098 potest.
2938 2012 3195 2077 Ficinus
3234 2036 3313 2077 ex
3343 2014 3746 2101 sequentibus
3777 2015 3839 2082 h.
3866 2016 3905 2080 l.
3936 2017 4033 2082 in·

2339 2114 2610 2179 tellexit:
2662 2115 2758 2179 καὶ
2805 2115 2958 2180 ἰέναι
3005 2118 3089 2183 εἷς
3138 2115 3773 2199 εἶδος-μορφοῦσθαι.
3860 2121 4034 2184 Eum

2340 2216 2623 2302 sequitur
2671 2215 2926 2302 Taylor.
3021 2216 3119 2281 Ad
3165 2217 3486 2304 sequentia
3523 2233 3774 2284 autem:
3821 2221 3930 2300 τήν
3967 2226 4032 2286 δὲ

2340 2321 2534 2400 κρίσιν
2559 2323 2721 2400 παρὰ
2762 2324 2867 2383 τοῦ
2903 2320 3100 2394 αὐτοῦ,
3133 2321 3261 2385 οῖον
3306 2326 4028 2406 δικαστοῦ-κατανενοη-

2341 2422 2528 2498 κότος,
2563 2419 2661 2485 vel
2688 2420 2899 2507 potius
2940 2422 3021 2486 ad
3069 2423 3425 2487 universum
3460 2423 3626 2488 hunc
3655 2423 3885 2503 locum,
3915 2427 4029 2492 ad·

2341 2522 2487 2587 hibe
2519 2522 2847 2588 Platonem
2876 2524 2941 2589 in
2961 2524 3289 2590 Theaeteto
3318 2549 3379 2613 p.
3410 2529 3548 2606 184.
3587 2529 3663 2593 C.
3690 2529 3776 2592 D.
3798 2545 3861 2594 et
3887 2531 4036 2594 Ari-

2341 2624 2618 2689 stotelem
2650 2626 2731 2691 de
2759 2626 2997 2692 Anima
3030 2628 3169 2692 III.
3213 2649 3269 2692 1.
3295 2646 3434 2713 2.3.
3463 2652 3530 2715 p.
3553 2629 3660 2709 48.
3701 2654 3837 2718 sqq.
3882 2633 4032 2719 Syl-

2343 2727 2526 2814 burg.
2563 2728 2668 2792 ubi
2696 2752 2759 2816 p.
2792 2749 2899 2815 53.
2931 2728 3063 2793 haec
3103 2729 3436 2817 leguntur:
3482 2730 3655 2796 Ἐπεὶ
3686 2735 3788 2797 δύο
3819 2739 4032 2817 διαφο-

2342 2836 2472 2912 ραΐς
2511 2832 2802 2913 ὁρίζονται
2845 2831 3110 2911 μάλιστα
3155 2832 3264 2911 τὴν
3309 2833 3536 2916 ψυχὴν,
3584 2833 3812 2914 κινήσει
3849 2861 3915 2900 τε
3966 2842 4035 2917 τῇ

2345 2936 2492 2997 κατὰ
2527 2936 2715 2997 τόπον
2745 2934 2842 2998 καὶ
2877 2938 2957 3020 τῷ
2997 2940 3158 2998 νοεῖν
3202 2936 3298 2998 καὶ
3327 2939 3406 3021 τῷ
3447 2936 3666 3017 κρίνειν
3697 2937 3791 3001 καὶ
3832 2939 4039 3003 αἰσθά-

2346 3041 2575 3100 νεσθαι·
2622 3041 2788 3101 δοκεῖ
2828 3039 2893 3101 δὲ
2952 3037 3020 3101 τὸ
3066 3044 3227 3102 νοεῖν
3280 3039 3375 3103 καὶ
3423 3038 3492 3102 τὸ
3545 3045 3793 3121 φρονεῖν
3836 3042 4038 3123 ὥσπερ

2345 3138 2744 3203 αἰσθάνεσθαί
2768 3166 2824 3204 τι
2863 3139 3035 3205 εἶναι·
3087 3141 3153 3204 ἑν
3197 3140 3554 3223 ἀμφοτέροις
3591 3145 3707 3224 γὰρ
3750 3146 3976 3211 τούτοις
4002 3146 4040 3224 ἡ

2342 3242 2513 3326 ψυχὴ
2544 3243 2728 3325 κρίνει
2755 3268 2821 3308 τε
2851 3244 2947 3306 καὶ
2975 3244 3243 3327 γνωρίζει
3273 3268 3329 3308 τι
3368 3250 3486 3308 τῶν
3516 3247 3727 3310 ὄντων.
3772 3247 3868 3311 καὶ
3909 3249 4040 3329 οἵγε

2344 3346 2582 3428 ἀρχαῖοι
2610 3345 2678 3408 τὸ
2709 3352 2958 3428 φρονεῖν
2988 3347 3084 3410 καὶ
3111 3346 3180 3410 τὸ
3212 3346 3606 3411 αἰσθάνεσθαι
3639 3348 3854 3413 ταύτὸν
3885 3350 4045 3415 εἶναί

2345 3457 2554 3529 φασιν.
2649 3450 3019 3535 Sequuntur
3044 3448 3162 3513 loci
3193 3448 3600 3535 Empedoclis
3638 3467 3702 3515 et
3749 3453 4036 3517 Homeri.

2346 3548 2567 3613 Cicero
2623 3550 2904 3615 Tuscull.
2955 3551 3015 3614 I.
3060 3568 3175 3614 20:
3226 3558 3269 3588 “
3301 3549 3523 3628 Quid?
3588 3551 3761 3637 quod
3819 3553 4036 3618 eadem

2345 3667 2551 3715 mente
2586 3675 2682 3716 res
2725 3651 3163 3716 dissimillimas
3196 3652 3722 3739 comprendimuS‚
3759 3670 3830 3719 ut
3872 3655 4035 3721 colo·

2343 3777 2497 3834 rem,
2544 3778 2848 3843 saporem,
2895 3755 3183 3832 calorem,
3235 3754 3514 3833 odorem,
3570 3778 3836 3831 sonum:
3891 3782 4037 3845 quoe

2348 3880 2671 3944 nunquam
2720 3857 3000 3945 quinque
3043 3855 3280 3922 nuntiis
3325 3857 3569 3923 animus
3623 3878 4041 3946 cognosceret,

2349 3959 2464 4023 nisi
2492 3959 2573 4024 ad
2604 3983 2749 4024 eum
2777 3960 2986 4024 omnia
3014 3960 3415 4040 referrentur,
3445 3976 3506 4025 et
3535 3960 3589 4026 is
3617 3962 3893 4028 omnium
3928 3967 4038 4051 ju-

2348 4063 2469 4127 dex
2501 4062 2669 4126 solus
2707 4064 2925 4128 esset.”
3013 4062 3141 4127 Hic
3185 4085 3308 4127 non
3356 4062 3576 4128 unicus
3618 4063 3792 4131 locus
3833 4085 3947 4147 est,
3976 4070 4039 4133 in

2348 4189 2477 4252 quo
2508 4164 2796 4230 Plotinus
2819 4165 2899 4230 ad
2931 4188 3176 4230 sensum
3210 4166 3663 4254 propemodum
3691 4192 3834 4234 cum
3869 4171 4042 4236 Cice·

2350 4290 2500 4332 rone
2527 4267 2888 4333 consentiat.
2958 4268 3143 4347 Quod
3175 4286 3545 4356 argumento
3574 4285 3689 4348 est,
3721 4293 3843 4335 non
3876 4272 4042 4340 hunc

2349 4368 2690 4435 lectitatum
2722 4371 2803 4435 ab
2831 4370 2939 4435 illo
2968 4395 3120 4445 esse,
3150 4371 3255 4436 sed
3290 4388 3630 4459 utrumque
3672 4375 4039 4461 saepiuscule

2349 4496 2428 4537 ex
2472 4473 2688 4537 iisdem
2719 4473 2998 4538 fontibus
3041 4474 3332 4539 hausisse.
3428 4475 3796 4541 Tullianum
3836 4478 4039 4544 locum

2351 4599 2542 4664 supra
2567 4576 2826 4641 adhibui
2870 4576 2951 4641 ad
2991 4600 3055 4664 p.
3085 4597 3232 4641 200.
3271 4579 3352 4643 E.
3390 4578 3528 4661 (ubi
3574 4578 3759 4666 plura
3785 4580 3851 4644 in
3881 4582 4041 4648 hanc

2351 4679 2716 4743 sententiam
2749 4679 3057 4766 congessi)
3088 4694 3152 4744 et
3180 4679 3261 4745 ad
3292 4704 3357 4768 p.
3387 4684 3537 4766 363.
3569 4682 3654 4745 E.
3744 4685 4039 4750 Ceterum

2351 4782 2434 4847 cf.
2468 4782 2632 4846 infra
2659 4806 2724 4870 p.
2753 4783 2901 4868 388.

2439 4906 2504 4970 P·
2536 4886 2688 4969 ⁶93,
2718 4904 2814 4949 10·
2861 4886 2954 4950 Οὔ
2981 4888 3097 4968 γὰρ
3120 4887 3321 4966 ὥσπερ
3349 4887 3385 4965 ἢ
3413 4886 3669 4967 ἡμετέρα
3689 4888 3918 4975 (ψυχὴ)
3942 4891 4044 4955 λέ-

2351 5011 2538 5066 γεται,
2572 4988 2950 5051 καταλείπειν
2971 4986 3039 5050 τὸ
3069 4993 3240 5066 σῶμα
3263 5015 3314 5051 κ.
3339 5014 3391 5051 τ.
3415 4988 3513 5075 λ.]
3550 4989 3653 5052 Ex
3678 4989 3795 5053 hoc
3819 4990 3954 5056 loco
3975 5009 4039 5057 et

2351 5087 2473 5152 alio
2523 5087 2686 5152 infra
2734 5112 2798 5175 p.
2834 5089 2982 5173 639.
3029 5086 3197 5152 litem
3249 5088 3499 5152 Plotino
3544 5090 3811 5156 intendit
3863 5094 4040 5157 Cud-

2358 5190 2574 5254 worth.
2604 5190 2667 5254 in
2703 5192 2872 5278 Syst.
2908 5190 3115 5255 Intell.
3153 5193 3224 5255 V.
3245 5211 3308 5277 3.
3352 5211 3447 5276 15.
3479 5215 3546 5278 p.
3586 5211 3766 5277 1025.
3795 5196 4040 5274 Mosh.,

2355 5294 2524 5380 quod
2565 5293 2837 5357 absurde
2879 5293 3188 5381 duplicem
3235 5294 3458 5358 animae
3486 5295 3674 5358 vitam
3719 5295 4044 5371 attribuat,

2355 5413 2419 5461 et
2458 5396 2633 5483 quod
2677 5395 2903 5460 scholae
2938 5419 3069 5460 suae
3115 5413 3324 5461 nostro
3366 5396 3430 5459 in
3475 5395 3609 5461 loco
3652 5396 3831 5482 positi
3877 5423 4042 5486 prae-

2356 5499 2552 5587 cepti:
2606 5507 2651 5539 “
2683 5499 2972 5563 Animam
3005 5513 3301 5576 nostram,
3334 5497 3571 5563 tametsi
3600 5521 3829 5586 corpus
3860 5526 4040 5569 suum
