5118 6613
965 566 1093 632 392

966 734 1135 784 crate
1177 741 1240 805 p.
1274 735 1420 782 220.
1453 717 1554 780 A:

971 823 1222 906 ἐκράτει.
1309 824 1781 909 Argumentum
1812 816 1983 904 quod
2023 816 2245 882 attinet
2285 833 2349 883 et
2375 816 2668 898 colorem,

969 926 1250 993 imitatus
1286 923 1536 989 videtur
1575 920 1890 987 Platonem
1941 919 2249 984 Plotinum
2341 919 2461 985 Ille
2502 921 2671 986 enim

969 1030 1051 1095 de
1083 1030 1288 1116 Legg.
1322 1027 1526 1092 VIII.
1568 1048 1631 1113 p.
1661 1025 1810 1111 836.
1836 1022 1915 1088 d:
1964 1046 2029 1110 p.
2056 1043 2156 1108 91.
2191 1021 2419 1088 Bekk.:
2467 1030 2665 1103 ζητοῢ.

969 1160 1083 1215 μεν
1110 1136 1226 1216 γὰρ
1256 1133 1349 1195 ἀεὶ
1380 1130 1450 1211 δή
1477 1156 1534 1194 τι
1568 1135 1685 1192 τῶν
1719 1125 2041 1206 τιθεμένων
2073 1126 2221 1209 πρὸς
2255 1126 2470 1209 ἆρετὴν
2497 1127 2672 1211 φέρει

1617 715 1713 778 καὶ
1746 714 1942 778 πίνειν
1975 714 2083 778 οὐκ
2128 712 2673 785 ἐθέλων-πάντας

973 1237 1069 1302 καὶ
1096 1237 1159 1299 τί
1191 1234 1294 1316 μή.
1342 1232 1492 1317 φέρε
1522 1233 1614 1311 δὴ,
1645 1235 1818 1295 τοῦτο
1849 1232 1958 1294 ἐὰν
1988 1236 2390 1313 συγχωρῶμεν
2419 1230 2607 1296 καλὸν
2632 1228 2670 1312 ἢ

969 1344 1244 1422 μηδαμῶς
1292 1336 1567 1420 αἰσχρὸν,
1615 1337 2064 1415 νομοτεθεῖσθαι
2105 1336 2179 1397 τὰ
2218 1338 2342 1407 νῦν,
2389 1335 2452 1397 τί
2493 1334 2672 1417 μέρος

969 1446 1107 1523 ἡμῖν
1150 1437 1536 1522 ξυμβάλλοιτ’
1579 1437 1655 1502 ἂν
1696 1435 1845 1518 πρὸς
1887 1435 2138 1518 ἆρετήνς
2193 1438 2445 1518 πότερον
2488 1440 2557 1501 ἐν
2599 1441 2671 1518 τῇ

971 1551 1076 1611 τοῦ
1111 1544 1461 1610 πεισθέντος
1493 1544 1665 1625 ψνχῇ
1697 1540 2056 1623 γιγνόμενον
2095 1540 2426 1621 ἐμφύσεται
2463 1540 2530 1604 τὸ
2570 1544 2673 1621 τῆς

972 1651 1212 1731 ἀνδρίας
1245 1647 1404 1728 ἦθος,
1433 1643 1471 1725 ἢ
1501 1647 1569 1709 ἐν
1596 1647 1666 1724 τῇ
1696 1647 1802 1706 τοῦ
1827 1643 2145 1709 πείσαντος
2180 1641 2249 1705 τὸ
2288 1645 2390 1722 τῆς
2427 1646 2669 1726 σῶφρο-

973 1780 1072 1821 νος
1118 1750 1274 1818 ἰδέας
1316 1749 1527 1832 γένος,
1513 1775 1526 1790 ·
1591 1744 1629 1826 ἢ
1671 1750 1855 1810 ταῦτα
1896 1746 2009 1825 μὲν
2052 1745 2239 1813 οὐδεὶς
2282 1744 2358 1809 ἂν
2398 1747 2670 1822 πεισθείη

971 1855 1137 1930 ποτέ,
1172 1859 1411 1935 μᾶλλον
1454 1853 1519 1916 δὲ
1564 1851 1723 1914 ἆπαν
1769 1850 1978 1914 τούτου
2022 1848 2373 1913 τούναντίον
2413 1853 2519 1913 τοῦ
2558 1851 2671 1930 μὲν

970 1966 1098 2027 ταῖς
1124 1961 1362 2039 ἡδοναῖς
1388 1956 1732 2020 ὑπείκοντος
1772 1953 1869 2016 καὶ
1908 1957 2210 2034 καρτερεῖν
2237 1952 2306 2016 οὗ
2345 1952 2672 2032 δυναμένου

970 2174 1113 2233 λεος
1142 2166 1333 2230 ἶόντος
1359 2161 1466 2241 τὴν
1494 2165 1594 2241 τῆς
1625 2162 1851 2226 εῑκόνος
1880 2159 2194 2239 ὁμοιότητα
2222 2155 2311 2241 ἆρ’

969 2295 1105 2342 ται;
1164 2268 1242 2330 In
1295 2262 1626 2353 Symposio
1666 2262 1813 2326 item
1860 2259 1941 2325 de
1985 2259 2228 2347 legibus
2269 2259 2353 2325 ad
2396 2283 2668 2325 amorem

969 2368 1394 2459 spectantibus
1421 2366 1705 2455 disputat
1729 2363 2070 2429 Pausanias
2099 2387 2165 2451 p.
2194 2364 2317 2446 184
2338 2388 2431 2451 sq.
2479 2363 2672 2429 Unde

968 2474 1105 2538 haec
1147 2488 1391 2537 tantum
1433 2468 1780 2534 adscribam
1826 2490 1886 2555 p.
1919 2486 2066 2554 392.
2102 2466 2331 2533 Bekk.:
2380 2470 2528 2532 ὅταν
2554 2471 2673 2550 γὰρ

971 2580 1055 2645 είς
1091 2576 1160 2640 τὸ
1201 2575 1343 2641 αὐτὸ
1383 2574 1644 2640 ἔλθωσιν
1672 2569 1924 2655 ἐραστής
1957 2596 2026 2635 τε
2065 2572 2161 2635 καὶ
2196 2574 2454 2645 παιδικὰ,
2487 2573 2673 2651 νόμον

970 2681 1129 2765 ἔχων
1174 2678 1464 2760 ἑκάτερος,
1502 2679 1536 2740 6
1578 2677 1692 2756 μὶν
1731 2673 2154 2758 χαρισαμένοις
2195 2678 2483 2742 παιδικοῖς
2522 2676 2669 2755 ὑπη-

968 2790 1175 2867 ρετῶν,
1202 2785 1398 2846 ὁτιοῦν
1428 2781 1663 2846 δικαίως
1685 2777 1760 2842 ἂν
1786 2779 2119 2859 ὑπηρετεῖν,
2142 2780 2176 2841 6
2207 2779 2271 2841 δὲ
2300 2781 2381 2864 τῷ
2406 2782 2674 2842 ποιοῦντι

971 2886 1152 2952 αὑτὸν
1170 2885 1369 2966 σοφὸν
1392 2881 1658 2965 κάγαθὸν
1676 2882 1907 2948 δικαίως
1929 2882 2003 2944 αὖ
2025 2882 2221 2944 ὁτιοῦν
2238 2879 2313 2944 ἂν
2329 2882 2670 2962 ὑπουργεῖν,

972 2990 1069 3053 καὶ
1114 2991 1147 3051 6
1194 2989 1307 3067 μὲν
1353 2984 1674 3064 δυνάμενος
1718 2986 1800 3052 εἷς
1843 2985 2139 3066 φρόνησιν
2184 2984 2278 3048 καὶ
2319 2983 2428 3062 τὴν
2474 2984 2674 3063 ἄλλην

970 3092 1184 3174 ἀρετὴν
1222 3088 1696 3169 ξυμβάλλεσθαι,
1728 3089 1762 3150 6
1803 3089 1868 3151 δὲ
1912 3087 2190 3165 δεόμενος
2233 3088 2317 3154 είς
2358 3086 2672 3151 παίδευσιν

973 3195 1069 3260 καὶ
1110 3194 1219 3273 τὴν
1259 3194 1456 3272 ἄλλην
1500 3192 1729 3274 σοφίαν
1771 3193 2043 3254 κτᾶσθαι.
2138 3188 2242 3253 Cf.
2276 3188 2666 3278 Euthydem.

968 3322 1034 3386 p.
1069 3298 1213 3363 282.
1247 3295 1310 3361 b.
1355 3319 1420 3383 p.
1450 3315 1596 3376 414.
1636 3290 1843 3358 Bekk.
1891 3290 2007 3357 nisi
2035 3290 2209 3380 quod
2247 3291 2310 3357 in
2352 3291 2488 3358 loeo
2515 3292 2668 3359 Plo-

971 3400 1082 3466 tini
1134 3408 1386 3464 amatus
1444 3412 1742 3485 tanquam
1804 3396 2230 3483 temperantiae
2287 3395 2672 3484 reliquaeque

970 3503 1219 3568 virtutis
1269 3501 1581 3590 particeps
1631 3514 1971 3588 comparet.
2061 3499 2162 3564 Cf.
2209 3498 2396 3564 etiam
2442 3500 2668 3564 Xeno-

971 3606 1225 3697 phontis
1257 3608 1544 3693 Sympos.
1576 3629 1632 3669 c.
1659 3604 1861 3668 VIII.
1896 3606 1953 3688 §.
1981 3623 2057 3688 15
2088 3626 2229 3690 sqq.

1053 3734 1121 3800 p.
1153 3729 1341 3797 1321,
1375 3730 1473 3789 14.
1513 3708 1853 3792 ὑπεροψίαν
1881 3713 1998 3772 τῶν
2025 3711 2164 3788 τῇδε
2192 3707 2675 3790 ἔχει-ὑποψίαν

972 3816 1099 3899 ἔχει
1141 3814 1287 3896 πρὸς
1322 3812 1526 3900 αὐτά]
1573 3810 1763 3876 Dicas
1794 3809 2080 3875 Ficinum
2112 3809 2302 3874 etiam
2344 3807 2672 3896 posteriori

972 3917 1107 3981 loco
1125 3917 1191 3980 in
1215 3915 1343 3980 suis
1371 3914 1543 3979 libris
1564 3913 1783 4001 legisse
1802 3916 2165 3997 ὑπεροψίαν.
2212 3914 2440 4000 Neque
2461 3928 2670 3978 tamen

969 4019 1033 4084 in
1068 4018 1374 4083 Mediceis
1416 4017 1616 4104 magis
1648 4040 1840 4104 quam
1879 4016 1943 4080 in
1974 4015 2110 4080 aliis
2138 4015 2329 4105 hujus
2357 4015 2673 4082 varietatis

973 4121 1172 4186 ullum
1204 4120 1556 4207 vestigium.
1635 4118 1927 4184 Secundo
1960 4134 2169 4185 autem
2199 4118 2337 4184 loeo
2365 4134 2493 4185 est:
2542 4118 2674 4183 ani-

974 4248 1077 4289 ma
1124 4225 1542 4312 suspicionem
1582 4223 1763 4288 hahet
1813 4222 2197 4310 depuleris,
2245 4246 2392 4309 quoe
2441 4221 2505 4287 in
2552 4222 2672 4287 hoc

976 4325 1214 4391 mundo
1256 4327 1678 4390 sunt.—Mox
1713 4327 1805 4390 ὅτι
1835 4327 1903 4390 ἐν
1931 4326 2104 4408 σαρξὶ
2133 4326 2229 4391 καὶ
2258 4329 2533 4407 σώμασιν
2562 4328 2674 4411 ὁρᾷ

976 4432 1124 4496 αὐτὰ
1153 4433 1321 4495 ὄντα.
1387 4428 1573 4494 Plato
1603 4429 1871 4494 Conviv.
1902 4452 1968 4517 p.
1996 4448 2141 4494 211.
2173 4452 2239 4517 p.
2258 4448 2407 4510 444.
2439 4428 2665 4493 Bekk.:

976 4533 1095 4599 οὐδ’
1128 4536 1202 4598 αὖ
1242 4533 1730 4616 φαντασθήσεται
1771 4534 1925 4620 αὑτῷ
1957 4532 2026 4597 τὸ
2067 4533 2253 4597 καλὸν
2279 4533 2411 4597 οἷον
2438 4534 2673 4615 πρόσω-

975 4640 1091 4703 πόν
1124 4663 1182 4701 τι
1220 4638 1357 4702 οὐδὲ
1393 4643 1589 4720 χεῖρες
1625 4638 1762 4701 οὐδὲ
1800 4638 1958 4702 ἄλλο
1988 4637 2160 4701 οὐδὲν
2188 4633 2272 4700 ὧν
2300 4642 2472 4715 σῶμα
2496 4635 2668 4716 μετέ-

974 4764 1091 4826 χει·
1135 4757 1198 4804 et
1226 4763 1289 4827 p.
1315 4760 1441 4824 445
1467 4765 1481 4805 ε
1528 4741 1592 4805 τί
1615 4744 1777 4820 δῆτα,
1811 4741 1928 4823 ἔφη
1957 4741 2219 4820 οἰόμεθα,
2247 4742 2303 4804 εἴ
2326 4765 2406 4825 τῳ
2435 4739 2673 4821 γένοιτο

977 4843 1121 4909 αὐτὸ
1167 4842 1235 4908 τὸ
1286 4842 1474 4907 καλὸν
1520 4845 1666 4907 ἰδεῖν
1711 4846 2037 4926 εἰλικρινὲς,
2086 4844 2365 4926 καθαρὸν,
2406 4844 2671 4924 ἄμικτον,

976 4949 1142 5011 ἀλλὰ
1176 4947 1257 5026 μὴ
1296 4945 1614 5010 ἀνάπλεων
1650 4953 1887 5029 σαρκῶν
1925 4972 1991 5011 τε
2034 4948 2418 5029 ἀνθρωπίνων
2462 4974 2514 5010 κ.
2533 4972 2588 5010 τ.
2608 4955 2670 5013 λ.

978 5050 1080 5115 Cf.
1113 5050 1426 5115 Plotinum
1470 5072 1661 5137 supra
1704 5073 1771 5137 p.
1802 5068 1952 5135 505.
1981 5051 2072 5113 A.
2104 5051 2189 5131 (c.
2220 5050 2568 5133 9.)—Mox
2593 5049 2674 5129 μὴ

975 5157 1091 5236 γὰρ
1119 5155 1196 5218 ἀν
1223 5156 1520 5233 τολμῆσαι
1558 5155 2139 5233 ἐκεῖνα-ἐμβῆναιε
2189 5154 2336 5217 Non
2365 5151 2529 5216 enim
2558 5174 2675 5217 au-

975 5256 1121 5320 dere
1148 5279 1221 5320 ea
1263 5256 1631 5342 immergere
1674 5279 1739 5320 se
1777 5259 2009 5339 τολμᾷν
2046 5254 2234 5334 enim,
2265 5270 2339 5320 ut
2369 5254 2672 5320 Latinum

976 5360 1263 5433 tolerare,
1289 5359 1517 5446 saepius
1546 5376 1637 5423 est
1665 5359 1900 5422 audere
1927 5356 2112 5421 etiam
2136 5357 2302 5445 apud
2331 5357 2675 5423 Platonem.

979 5459 1082 5525 cf.
1126 5462 1196 5524 J.
1229 5464 1318 5525 A.
1352 5461 1603 5526 Ernesti
1656 5461 1737 5526 ad
1788 5459 1995 5524 Taciti
2038 5461 2217 5524 Ann.
2265 5461 2408 5525 III.
2440 5481 2505 5546 3.
2594 5461 2677 5525 In

977 5564 1095 5629 hac
1124 5562 1406 5633 doctrina
1433 5565 1513 5630 de
1552 5563 1732 5659 lapsu
1762 5564 2151 5653 superiorum
2192 5563 2274 5631 ad
2301 5562 2436 5629 haec
2463 5563 2679 5631 infima

1955 540 2798 609 ANNOTATIONES
2853 543 2965 608 IN
3019 540 3464 608 PLOTINI

2752 714 3084 803 cogitanda
3124 713 3383 802 insuper
3409 726 3504 779 est
3539 710 3647 778 illa
3688 712 3883 792 τόλμα
3921 736 3971 779 s.
4003 711 4303 779 audentia
4330 715 4461 802 Py-

2755 818 3197 907 thagoreorum
3226 832 3291 883 et
3320 841 3469 882 vero
3494 814 3997 889 Platonicorumz
4045 816 4127 881 de
4154 840 4284 905 qua
4315 817 4461 884 vide

2755 946 2900 1010 quae
2945 945 3136 1010 supra
3177 922 3358 1009 posui
3403 944 3466 1009 p.
3495 920 3647 1000 481.
3679 921 4015 985 extr.—In
4053 944 4223 1009 seqq.
4254 920 4457 1010 pluri-

2755 1049 3003 1091 morum
3050 1025 3257 1092 Codd.
3300 1024 3669 1091 auctoritate
3713 1022 4045 1089 substitui:
4093 1024 4334 1090 ἐπιθέον
4362 1024 4454 1088 vi-

2757 1130 2915 1195 tioso
2945 1129 3269 1196 ἐπιθετέον.
3347 1127 3494 1193 Vid.
3522 1126 3713 1192 modo
3740 1149 3878 1214 cap.
3909 1126 4198 1214 proximo
4225 1151 4291 1215 p.
4313 1147 4457 1212 721.

2759 1236 2849 1299 C:
2907 1235 3038 1299 οἷον
3081 1233 3150 1297 τὸ
3196 1231 3456 1298 ἐπιθέον.

2756 1336 2839 1403 ad
2871 1338 2930 1402 I.
2957 1339 3023 1402 6.
3051 1357 3115 1422 5.
3154 1359 3220 1423 p.
3244 1354 3349 1421 54
3376 1337 3465 1400 A.

2842 1465 2909 1529 p.
2946 1460 3134 1527 1322,
3164 1459 3230 1521 4.
3293 1440 3388 1503 καὶ
3433 1437 4270 1522 ἐπεῤῥῶσθη-νπληρωθεῖσα]
4343 1438 4458 1501 So-

2755 1543 2963 1633 phocl.
2993 1543 3219 1632 OEdip.
3258 1541 3481 1608 Colon.
3506 1543 3661 1606 661:
3711 1540 3925 1607 κείνοις
3953 1537 4001 1604 δ’
4026 1541 4170 1608 ἴσως
4199 1542 4288 1605 κεί
4314 1537 4456 1605 δείν’

2756 1649 3098 1731 ἐπεῤῥόσθη
3149 1646 3376 1729 λέγειν·
3439 1643 3552 1709 ubi
3600 1658 3695 1708 est
3749 1644 3951 1726 ῥύμην
4007 1642 4220 1724 ἔλαβε.
4308 1640 4455 1707 Vid.

2756 1750 3039 1838 Elmsley
3071 1773 3137 1838 p.
3176 1768 3319 1833 171.
3347 1747 3493 1814 infr.
3546 1746 3829 1813 Plotinus
3872 1766 4091 1810 rursus
4130 1743 4458 1809 Platonem

2755 1853 3068 1918 imitatur:
3119 1850 3451 1941 Symposio
3479 1875 3545 1939 p.
3582 1869 3730 1916 210.
3761 1848 3823 1914 d.
3848 1872 3905 1913 e.
3947 1871 4012 1937 p.
4040 1866 4193 1933 443.
4223 1845 4454 1912 Bekk.:

2756 1958 2953 2024 -ἔως
2981 1956 3056 2021 ἂν
3085 1958 3340 2021 ἐνταῦθα
3376 1953 3626 2037 ῥωσθεὶς
3667 1952 3763 2017 καὶ
3802 1952 4070 2033 αὐξηθεὶς
4099 1952 4298 2032 κατίδῃ
4326 1954 4462 2016 τινα

2758 2059 3085 2140 ἐπιστήμην
3132 2060 3276 2139 μίαν
3325 2058 3617 2137 τοιαύτην,
3670 2056 3710 2135 ἥ
3762 2056 3894 2118 ἐστι
3952 2058 4141 2118 καλοῦ
4189 2057 4454 2128 τοιοῦδες

3547 1232 3651 1296 De
3694 1229 3814 1294 hoc
3858 1229 4052 1296 verbo
4098 1227 4284 1317 plura
4326 1229 4479 1338 dixit

2646 2199 2673 2211 ·
2755 2186 2946 2251 quem
2976 2162 3183 2228 locum
3214 2162 3401 2226 etiam
3432 2159 3690 2225 Procius
3728 2173 3874 2223 ante
3900 2155 4113 2223 oculos
4140 2155 4364 2222 habuit
4394 2155 4459 2220 in

2756 2267 2970 2333 Alcib.
3000 2289 3098 2355 pr.
3138 2289 3205 2354 p.
3240 2267 3388 2347 246.

2840 2408 2931 2422 —
2961 2391 3023 2454 9.
3071 2371 3262 2436 καλὸν
3297 2371 3411 2450 μὲν
3453 2369 3557 2434 ὁδὶ
3597 2366 3872 2454 με’νεινς]
3915 2366 4079 2429 Haec
4121 2361 4459 2428 admonent

2757 2475 3089 2539 verborum
3127 2473 3300 2538 Petri
3329 2495 3472 2537 cum
3506 2470 3761 2537 Christo
3789 2468 4003 2534 divina
4029 2466 4234 2554 specie
4266 2488 4459 2554 appa-

2757 2578 2917 2643 renti
2947 2576 3213 2642 diceret:
3265 2577 3452 2641 καλόν
3482 2577 3652 2640 ἐστιν
3678 2575 3828 2654 ἡμᾶς
3850 2574 3963 2636 ῶδε
3994 2570 4162 2635 εἶναι.
4208 2570 4455 2656 Evang.

2761 2679 2998 2746 Matth.
3034 2680 3270 2745 XVII.
3300 2702 3368 2761 4.
3430 2680 3634 2743 Marc.
3669 2678 3806 2741 IX.
3836 2693 3903 2760 5.
3962 2675 4128 2739 Luc.
4160 2674 4282 2739 lx.
4313 2692 4418 2760 33.

2841 2823 2932 2836 -
2965 2786 3064 2848 16.
3129 2783 3163 2848 ὃ
3213 2786 3278 2848 δὲ
3323 2784 3523 2864 μηδεὶς
3569 2783 3814 2861 ἐποίησε
3860 2780 3948 2847 τίς
3996 2778 4072 2843 ἂν
4114 2775 4383 2857 ποιήσειε
4402 2776 4450 2861 ;]

2758 2890 2865 2953 Ex
2897 2886 3175 2953 versione
3207 2886 3403 2952 Ficini
3452 2885 3776 2973 conjicias:
3823 2885 3886 2947 τί
3916 2882 3992 2948 ἂν
4026 2907 4112 2950 τις
4145 2880 4454 2962 ποιήσεως

2759 2993 2986 3079 Neque
3016 3008 3222 3057 tamen
3253 2990 3395 3055 libri
3425 2988 3639 3077 scripti
3668 2987 4117 3073 suffragantur.

2841 3119 2909 3184 p.
2945 3115 3133 3183 1323,
3176 3114 3274 3181 13.
3320 3093 3606 3177 ἐράσμιον
3640 3094 3706 3157 δὲ
3749 3087 3979 3155 ὂν-τό
4026 3086 4300 3176 κάλλος]
4348 3085 4456 3150 Cf.

2759 3199 3032 3264 Platonis
3062 3197 3373 3263 Phaedrus
3409 3220 3476 3285 p.
3515 3214 3661 3281 250.
3706 3218 3771 3281 p.
3801 3212 3910 3277 47.
3939 3216 4033 3280 sq.
4065 3189 4296 3256 Bekk.:
4347 3189 4457 3256 ubi

2755 3317 2819 3368 et
2846 3301 2969 3366 alia
3000 3315 3064 3367 et
3102 3300 3221 3367 hoc
3260 3301 3378 3367 sub
3406 3301 3596 3365 finem
3636 3298 3916 3387 paginae:
3975 3301 4082 3362 νῦν
4125 3297 4193 3361 δὲ
4236 3294 4458 3364 κάλλος

2755 3408 2943 3487 μόνον
2971 3407 3188 3486 ταύτην
3218 3406 3368 3489 ἔσχε
3393 3411 3630 3488 μοῖραν,
3651 3401 3791 3467 ὥστ’
3826 3399 4277 3484 ἐκφανέστατον
4304 3398 4458 3465 εἶναι

2761 3510 2857 3574 καὶ
2885 3509 3346 3591 ἐρασμιώτατον.

2842 3648 2933 3661 -
2966 3627 3065 3697 15.
3131 3612 3286 3674 ὥστε
3335 3609 3490 3692 ἀρχὴ
3533 3608 3793 3674 κάλλους
3835 3607 3932 3671 καὶ
3975 3604 4160 3688 πέρας
4201 3604 4461 3674 κάλλους

2761 3740 2814 3779 κ.
2834 3739 2885 3778 τ.
2904 3714 3000 3803 λ.]
3062 3712 3163 3778 Cf.
3196 3735 3385 3800 supra
3430 3712 3487 3775 I.
3519 3713 3582 3775 6.
3614 3731 3676 3796 9.
3725 3733 3789 3798 p.
3817 3709 3926 3795 58.
3957 3710 4060 3774 A:
4126 3708 4221 3774 καὶ
4260 3707 4459 3791 πηγὴν

2764 3818 2859 3881 καὶ
2880 3817 3072 3900 ἀρχὴν
3092 3821 3197 3881 τοῦ
3221 3821 3406 3880 καλοῦ
3428 3814 3513 3880 cf.
3537 3813 3788 3879 Platon.
3808 3813 4015 3900 Hipp.
4042 3812 4189 3899 maj.
4220 3835 4287 3899 p.
4308 3812 4455 3897 289.

2759 3919 2827 3984 d.
2915 3921 3047 3984 Pro
3088 3920 3370 3984 fontibus
3412 3934 3623 3983 autem
3668 3917 3975 3981 universae
4013 3914 4207 4002 hujus
4243 3912 4458 4002 dispu-

2761 4023 3008 4088 tationis
3057 4021 3329 4089 habendi
3380 4035 3529 4085 sunt
3581 4018 3863 4095 Platonis
3911 4018 4030 4083 loci
4081 4017 4145 4082 in
4191 4015 4459 4083 Philebo

2756 4150 2821 4215 p.
2850 4129 2952 4208 64.
2980 4128 3055 4192 C.
3094 4142 3159 4192 et
3184 4125 3248 4189 in
3282 4123 3589 4189 Convivio
3632 4146 3702 4211 p.
3730 4141 3876 4188 211.
3903 4144 3961 4186 a.
3993 4120 4060 4186 b.
4090 4144 4147 4186 c.
4189 4120 4252 4184 in
4284 4121 4453 4208 Rep.

2760 4231 2877 4296 VI.
2907 4253 2975 4318 p.
3004 4248 3156 4316 509.
3246 4226 3433 4293 Unde
3469 4226 3654 4291 etiam
3688 4225 4035 4302 fluxerunt,
4063 4246 4210 4310 quae
4240 4221 4458 4311 legun-

2760 4347 2864 4397 tur
2906 4356 3008 4420 ap.
3042 4330 3269 4397 Iambl.
3309 4332 3445 4413 περὶ
3488 4333 3681 4409 κοινῆς
3724 4332 3866 4410 μαθ.
3910 4329 4103 4393 ἐπιστ.
4142 4325 4210 4391 in
4240 4325 4457 4391 Villoi·

2759 4457 2893 4500 son.
2915 4435 3204 4500 Aneedd.
3228 4435 3329 4499 11.
3354 4456 3420 4521 p.
3440 4454 3580 4518 191.
3609 4431 3784 4520 apud
3815 4429 4108 4497 Proclum
4138 4429 4205 4495 in
4229 4429 4456 4495 Theoi.

2759 4537 2925 4603 Plat.
2961 4537 3100 4602 III.
3136 4538 3236 4601 18.
3269 4559 3337 4624 p.
3367 4553 3508 4623 151.
3545 4535 3629 4600 cf.
3658 4536 3757 4599 11.
3782 4554 3844 4616 4.
3875 4558 3942 4622 p.
3965 4552 4071 4619 90.
4113 4532 4289 4622 apud
4318 4534 4455 4599 Da-

2758 4640 3055 4706 mascium
3086 4641 3221 4722 περὶ
3262 4642 3464 4723 ἀρχῶν
3500 4662 3568 4727 Ρ.
3601 4657 3749 4725 233.
3839 4638 3942 4704 Cf.
3978 4637 4207 4703 Plotin.
4238 4636 4374 4703 etl.
4409 4638 4451 4703 l.

2758 4765 2823 4829 p.
2855 4743 2962 4827 58.
2999 4744 3083 4807 A.
3106 4744 3185 4807 B.
3229 4758 3294 4808 et
3321 4766 3382 4830 p.
3414 4759 3566 4829 555.
3598 4765 3688 4828 sq.
3736 4740 3905 4806 unde
3939 4763 4157 4805 rursus
4193 4740 4457 4829 profecit

2760 4844 3107 4932 Dionysius
3123 4845 3511 4934 Areopagita
3527 4844 3608 4910 de
3627 4843 3883 4909 Divinn.
3905 4843 4245 4908 nominibb.
4267 4867 4322 4909 c.
4339 4843 4452 4907 IV.

2758 4971 2825 5036 p.
2851 4950 3002 5035 558.
3034 4971 3127 5035 sq.
3220 4950 3418 5014 Hunc
3461 4947 3669 5035 ipsum
3715 4962 3950 5022 autem,
3995 4969 4187 5034 quem
4230 4960 4454 5012 tracta-

2760 5075 2924 5131 mm,
2954 5050 3268 5139 scriptoris
3310 5051 3505 5117 nostri
3547 5050 3753 5116 locum
3797 5048 4009 5137 attigit
4052 5046 4359 5114 Brueker.
4390 5047 4456 5113 in

2767 5154 2936 5219 Hist.
2963 5154 3122 5221 Crit.
3160 5155 3391 5220 Philos.
3416 5155 3512 5220 11.
3545 5177 3606 5240 p.
3628 5151 4058 5240 397.—-Quod
4088 5175 4238 5218 vero
4263 5174 4453 5240 prox·

2759 5257 2882 5322 ime
2924 5258 3222 5346 praeeedit
3269 5259 3448 5326 ἄνθος
3491 5258 3624 5321 ἐστὶ
3665 5256 3923 5323 κάλλους
3970 5254 4353 5329 καλλοποιὸν,
4392 5269 4457 5320 et

2759 5360 2963 5447 ipsum
3025 5360 3308 5426 Platonis
3363 5375 3458 5425 est
3509 5357 3884 5425 vocabulum
3936 5355 4113 5440 (vid.
4163 5359 4455 5447 Sympos.

2759 5487 2827 5552 p.
2864 5464 3006 5549 183.
3041 5465 3137 5541 Ε.
3217 5464 3317 5529 Cf.
3352 5461 3627 5528 Heusdii
3674 5461 3947 5550 Specim.
3987 5459 4146 5525 Crit.
4186 5459 4270 5525 ad
4314 5459 4462 5525 Pla-

2763 5580 2890 5631 ton.
2938 5590 3005 5654 p.
3043 5586 3187 5648 114.
3220 5570 3348 5656 sq.)
3393 5565 3739 5633 multorum
3781 5563 4072 5653 deinceps
4117 5561 4464 5637 imitatione
