5118 6613
1096 608 1176 674 88

1092 778 1175 847 ad
1206 779 1380 844 Tim.
1408 801 1473 867 p.
1502 797 1654 860 440.
1689 777 1789 845 ed.
1817 778 2021 845 Bekk.
2054 778 2190 845 haec
2230 778 2557 866 adjiciens:
2608 781 2704 847 καὶ
2745 787 2780 850 ὁ

1094 888 1406 950 Πλωτῖνος
1432 882 1550 963 ἄρα
1578 886 1786 964 σαφῶς
1813 884 1882 962 τῇ
1910 884 2023 963 μὲν
2042 881 2494 964 Ἀριστοτέλους
2519 886 2784 967 περὶτοῦ

1091 984 1360 1066 πέμπτου
1386 986 1659 1064 σώματος
1685 985 2024 1067 ἀντείρηκεν
2050 984 2371 1069 ὑπολήψει,
2397 986 2504 1066 τὴν
2524 988 2591 1051 δὲ
2614 987 2785 1053 lud„

1094 1112 1279 1155 τωνος
1309 1092 1499 1155 καλῶς
1529 1089 1692 1171 ἔχειν
1722 1086 2026 1169 ἐπέκρινεν
2056 1090 2123 1153 ἐκ
2154 1094 2274 1153 τόν
2298 1089 2490 1153 atron
2517 1092 2782 1174 στοιχεί·

1096 1215 1180 1254 ων
1210 1191 1275 1269 ἐξ
1303 1191 1387 1253 ὧν
1409 1189 1505 1254 καὶ
1532 1193 1606 1255 τὰ
1631 1193 1770 1271 τῇὃε
1789 1195 1906 1265 ζῶα
1933 1190 2259 1271 συνέστηκε
2281 1191 2377 1256 καὶ
2403 1191 2509 1256 τὸν
2529 1191 2786 1274 οὐρανὸν

1096 1298 1448 1375 συγκεῖσθαι
1490 1291 1816 1375 λέγουσαν.
1863 1292 1959 1358 καὶ
2005 1294 2074 1356 ἐν
2100 1297 2223 1361 τοῖς
2258 1295 2389 1373 ἑξῆς
2431 1295 2498 1358 δὲ
2535 1293 2721 1359 πάλιν
2748 1297 2783 1360 ὁ

1096 1399 1408 1464 Πλωτῖνος
1437 1395 1700 1475 ἐδίδαξεν
1728 1396 1805 1463 ὣς
1833 1396 1969 1460 οὔτε
1996 1396 2152 1460 ἄλλο
2179 1420 2236 1461 τι
2265 1395 2580 1476 νομιστέον
2607 1394 2645 1477 ἢ
2672 1423 2779 1462 πυ-

1094 1497 1197 1580 ρὸς
1225 1496 1378 1562 εἶναι
1409 1498 1503 1562 καὶ
1531 1503 1648 1561 τῶν
1675 1503 1904 1562 λοιπῶν
1932 1498 2246 1582 στοιχείων
2274 1500 2350 1562 τὰ
2387 1498 2632 1582 οὐράνια
2660 1501 2781 1566 σό-

1094 1626 1271 1680 ματα,
1303 1602 1438 1665 οὔτε
1467 1603 1582 1682 γῆν
1609 1600 1929 1667 ἀκούοντας
1956 1601 2024 1664 ἐν
2054 1602 2316 1670 ἐκείνοις·
2364 1600 2518 1666 εἶναι
2542 1601 2690 1684 πρὸς
2716 1602 2783 1666 τὸ

1095 1707 1302 1786 χεῖρον
1331 1706 1432 1782 τῆς
1458 1706 1566 1784 γῆς
1594 1701 2003 1785 ἀποφέρεσθαι
2036 1700 2073 1783 ἢ
2113 1704 2320 1786 φλόγα
2348 1704 2605 1783 νομίζειν
2634 1702 2787 1770 εἶναι

1096 1804 1163 1869 τὸ
1191 1810 1324 1887 πῦρ.
1381 1803 1711 1891 (Sequitur
1738 1802 1910 1868 locus
1941 1802 2169 1870 Plotini
2198 1827 2390 1893 supra
2421 1805 2603 1871 nobis
2630 1821 2785 1873 trac-

1094 1923 1286 1986 tatus,
1330 1906 1622 1971 nimirum
1675 1928 1814 1993 cap.
1857 1926 1923 1989 4.
1962 1929 2026 1994 p.
2058 1927 2164 1992 99.
2196 1908 2306 1993 A.)
2351 1907 2460 1989 τὴν
2500 1912 2617 1992 γὰρ
2667 1916 2785 1976 τῦν

1096 2012 1410 2095 στοιχείων
1430 2009 1693 2090 μάλιστα
1715 2009 2129 2092 καθαρωτάτην
2159 2011 2255 2075 καὶ
2283 2012 2786 2094 είλικρινεστάτην

1092 2118 1305 2195 μοῖραν
1334 2114 1417 2180 εἷς
1442 2110 1551 2192 τὴν
1578 2115 1684 2176 τοῦ
1708 2112 1985 2194 οὐρανίου
2005 2112 2375 2194 συστήματος
2404 2115 2787 2197 ἀποκριθῆναι

1094 2216 1411 2294 σύστασιν,
1444 2215 1521 2284 ὥς
1545 2213 1690 2295 μήτε
1720 2214 1984 2297 ἔκφυλον
2013 2216 2110 2280 καὶ
2131 2215 2308 2296 ξένην
2335 2222 2452 2282 τὸν
2478 2216 2615 2300 παρ’
2645 2219 2785 2298 ἦμῖν

1093 2318 1409 2402 στοιχείων
1450 2317 1558 2397 τὴν
1600 2321 1707 2381 τοῦ
1746 2319 2021 2400 οὐρανίου
2065 2319 2334 2397 στὸματος
2377 2318 2529 2385 εἶναι
2572 2322 2780 2403 φύσιν,

1092 2419 1238 2500 μήτε
1267 2418 1733 2503 ἀπαραλλάκτως
1759 2423 2025 2485 τοιοῦτον
2047 2419 2198 2485 εἶναι
2226 2421 2293 2485 τὸ
2325 2424 2451 2487 ἐκεῖ
2472 2420 2646 2505 πῧρῆ
2674 2423 2783 2504 τὴν

1094 2525 1206 2605 γῆν
1233 2520 1271 2603 ἦ
1299 2529 1417 2587 τῶν
1445 2524 1650 2587 ἄλλων
1677 2547 1755 2601 τι,
1785 2524 1947 2587 ἀλλὰ
1982 2522 2118 2606 παρ’
2148 2524 2287 2603 ἡμῖν
2313 2525 2425 2604 μὲν
2452 2523 2520 2589 τὸ
2559 2530 2779 2608 τρυγῶ·

1093 2630 1192 2694 δες
1220 2626 1317 2690 καὶ
1345 2626 1530 2690 οἱονεὶ
1563 2623 1670 2703 τὴν
1694 2624 2078 2706 ὑποστάθμην
2105 2631 2224 2690 τῶν
2253 2629 2568 2711 στοιχείων
2598 2629 2780 2710 ἀποβ-

1090 2729 1319 2809 ρεΰσαι,
1369 2729 1565 2792 ἐκεῖσε
1605 2728 1669 2790 δὲ
1714 2726 1821 2806 τὴν
1863 2726 2415 2809 λεπτομερεστάτην
2448 2728 2643 2794 αὐτῶν
2688 2730 2783 2795 καὶ

1094 2828 1380 2908 ἀμείνονα
1409 2831 1767 2909 διακριθῆναι
1794 2834 2030 2911 μοῖραν,
2051 2830 2182 2894 ἐπεὶ
2210 2831 2304 2894 καὶ
2334 2832 2402 2894 ἐν
2423 2836 2546 2899 τοῖς
2572 2831 2784 2899 ἄλλοις

1093 2932 1277 3007 ζῶοις,
1309 2930 1497 3013 φησὶν
1524 2931 1558 2994 ὀ
1589 2934 1899 2999 Πλωτῖνος
1937 2932 2004 2995 ἐν
2041 2937 2164 2999 τοῖς
2199 2932 2566 3015 κυριωτάτοις
2593 2934 2783 2998 αὐτῶν

1092 3032 1359 3112 μάλιστα
1400 3033 1476 3095 τὰ
1530 3033 1816 3111 ἀμείνονα
1868 3031 2177 3114 ἐκλέγεται
2231 3035 2269 3115 ἦ
2318 3036 2513 3117 φύσις.
2607 3038 2782 3100 Tum

1092 3132 1291 3213 addit,
1309 3133 1470 3198 hanc
1494 3156 1701 3198 veram
1722 3134 2002 3200 Platonis
2023 3135 2385 3202 sententiam
2407 3136 2620 3215 fuisse,
2637 3160 2781 3203 cum

1091 3235 1345 3301 aliunde
1385 3236 1775 3325 comprobari
1816 3260 2020 3326 posse,
2066 3253 2201 3303 tum
2249 3237 2386 3327 ipso
2428 3238 2783 3309 Aristotelis

1092 3338 1464 3420 testimonie,
1492 3339 1605 3427 qui
1647 3339 1906 3406 eandem
1951 3340 2006 3406 ei
2048 3340 2324 3407 tribuens
2362 3342 2564 3408 eidem
2606 3342 2779 3410 oblo-

1090 3456 1277 3507 cutus
1333 3442 1429 3508 sit.
1519 3442 1913 3510 Aristotelem
1960 3466 2213 3531 quoque
2262 3443 2459 3509 videri
2508 3445 2782 3532 primum

1091 3545 1460 3611 sententiam
1487 3545 1569 3611 de
1595 3545 1818 3633 quinto
1843 3569 2099 3635 corpore
2125 3545 2564 3612 introduxisse.

1176 3671 1243 3736 p.
1269 3648 1411 3730 186,
1441 3670 1499 3736 9.
1531 3648 1803 3737 στερεὸν]
1843 3650 2055 3738 Ipsius
2091 3648 2372 3715 Platonis
2412 3649 2587 3715 libris
2628 3673 2779 3716 con·

1090 3750 1394 3816 firmatur.
1483 3752 1610 3830 Qui
1640 3753 1923 3836 στέῤῥεον
1948 3753 2265 3841 scripsere,
2284 3753 2579 3818 videntur
2605 3752 2781 3819 volu-

1088 3852 1207 3918 isse
1253 3856 1523 3937 στεῤῥόν.
1612 3855 1905 3920 Variatur
1946 3868 2156 3920 autem
2200 3854 2444 3921 diverso
2484 3854 2674 3920 modo
2716 3856 2778 3921 in

1089 3954 1209 4019 hoc
1251 3955 1572 4021 vocabulo.
1664 3957 1769 4022 Cf.
1819 3957 2071 4022 Jacobs.
2117 3957 2200 4022 ad
2245 3956 2479 4023 Achill.
2519 3959 2668 4023 Tat.
2714 3983 2781 4046 p.

1092 4059 1236 4142 850.
1268 4079 1362 4145 sq.
1408 4056 1738 4144 Longinus
1765 4080 1870 4145 ap.
1899 4058 2135 4124 Euseb.
2161 4061 2238 4126 P.
2265 4060 2344 4126 E.
2369 4061 2521 4126 XV.
2544 4084 2608 4149 p.
2630 4061 2778 4146 825.

1093 4158 1401 4247 (Longini
1438 4160 1675 4247 Fragg.
1705 4159 1845 4224 Vll.
1885 4164 1979 4246 3.)
2021 4161 2268 4243 στερεὸν
2314 4168 2504 4242 σῶμα,
2551 4186 2780 4250 corpus

1089 4259 1459 4341 humanum,
1505 4261 1770 4350 opponit
1809 4262 2052 4342 animae,
2101 4286 2246 4350 quae
2295 4286 2374 4329 ex
2429 4265 2778 4331 Stoicorum

1090 4364 1392 4430 sententia
1431 4364 1506 4429 sit
1545 4366 1953 4446 ἀναθυμίασις,
1985 4389 2035 4430 ε.
2065 4364 2396 4446 exhalatio,
2427 4366 2606 4431 solidi
2642 4389 2778 4432 cor-

1088 4465 1275 4554 poriS.
1365 4467 1829 4533 Mathematicis
1878 4467 2035 4555 quid
2078 4467 2157 4533 sit
2199 4467 2269 4532 τὸ
2316 4469 2565 4551 στερεὸν
2599 4468 2780 4534 docet

1087 4568 1220 4656 ipse
1250 4568 1434 4635 Plato
1462 4568 1738 4657 Republ.
1764 4571 1921 4635 VII.
1948 4593 2014 4658 Ρ.
2034 4572 2186 4657 528.
2218 4594 2276 4637 a.
2303 4571 2384 4636 cf.
2418 4587 2605 4637 enam
2625 4570 2777 4636 Phi-

1087 4669 1207 4736 leb.
1240 4694 1307 4759 p.
1338 4690 1444 4758 51.
1474 4671 1625 4759 ibiq.
1662 4671 2025 4738 Stallbaum.
2061 4696 2124 4761 p.
2153 4675 2294 4738 161.

1178 4806 1262 4820 —
1290 4791 1318 4836 1
1334 4791 1386 4837 Ι.
1422 4773 1699 4854 φαίνεται
1741 4770 1990 4861 ἔχοντα]
2031 4771 2321 4838 Debebat
2360 4771 2517 4837 verti
2558 4772 2781 4836 habere

1087 4883 1374 4961 apparet,
1403 4890 1469 4939 et
1495 4888 1711 4939 contra
1752 4874 1816 4938 in
1862 4874 2265 4961 sequentibus
2305 4873 2470 4959 ἔχειν
2503 4875 2781 4957 φαίνεται

1088 4975 1314 5040 habere
1353 4977 1624 5042 videtur.
1664 4976 1751 5059 (V
1754 4976 1840 5042 id.
1871 4977 1948 5042 F.
1975 4980 2059 5042 A.
2083 4975 2281 5042 Wolf.
2323 4975 2403 5040 ad
2446 4976 2778 5041 Demosth.

1091 5075 1280 5166 Lept.
1313 5101 1380 5166 p.
1415 5083 1589 5165 259.)
1646 5080 1768 5145 Sed
1815 5079 1877 5144 in
1927 5078 2232 5167 ejusmodi
2278 5078 2467 5144 rebus
2518 5077 2776 5165 longum

1085 5195 1201 5259 est,
1233 5180 1284 5246 si
1321 5180 1608 5246 Ficinum
1653 5182 2010 5270 ceteroquin
2052 5182 2359 5269 optimum
2406 5179 2640 5246 Plotini
2680 5180 2775 5244 in-

1087 5297 1421 5372 terpretem
1472 5283 1801 5350 emendare
1852 5285 2161 5350 instituas.
2251 5287 2334 5350 In
2375 5282 2779 5371 sequentibus

1088 5387 1415 5452 manifesta
1441 5386 1679 5473 aliquot
1707 5387 1858 5452 vitia
1886 5387 2218 5475 Philoponi
2258 5404 2321 5453 et
2354 5387 2660 5452 bonorum
2697 5383 2774 5449 li-

1088 5485 1346 5554 brorum
1373 5513 1494 5578 ope
1522 5489 1935 5556 abstersimus.
2026 5490 2209 5556 Idem
2238 5489 2539 5577 interpres
2568 5487 2648 5552 ad
2679 5501 2772 5551 to-

1088 5588 1213 5653 tius
1239 5590 1432 5679 hujus
1458 5591 1892 5680 disputationis
1928 5592 2395 5682 intelligentiam
2432 5590 2776 5680 plurimum

1090 5691 1351 5772 confert,
1402 5708 1477 5759 ut
1517 5714 1590 5760 ea
1633 5695 1881 5775 docent,
1924 5720 2072 5785 quae
2121 5696 2306 5762 modo
2348 5693 2773 5785 apposuimus.

2057 605 2893 673 ANNOTATIONES
2959 607 3075 673 IN
3136 607 3595 675 PLOTINI

2866 777 3117 845 Habuit
3142 793 3354 846 autem
3381 779 3448 846 in
3473 779 3763 846 universo
3789 778 3910 845 hoc
3936 777 4073 845 loco
4094 777 4386 846 Plotinus
4412 793 4558 845 ante

2865 881 3097 961 oculos,
3127 906 3273 970 quae
3313 882 3496 950 Plato
3537 882 3815 972 disputat
3851 883 3916 947 in
3949 882 4198 949 Timaeo
4237 882 4383 950 inde
4419 905 4459 948 a
4485 905 4552 970 p.

2865 984 2969 1072 58.
3003 1007 3137 1073 sqq.
3172 984 3390 1073 Steph.
3423 1008 3487 1073 p.
3520 986 3623 1070 76.
3657 1009 3795 1073 sqq.
3828 984 4117 1051 Bekkeri.

2952 1109 3021 1174 p.
3060 1087 3202 1165 188,
3245 1107 3343 1153 10.
3392 1090 3545 1169 Περὶ
3604 1091 3668 1153 δὲ
3714 1077 4299 1171 πυρὸς-διάστατον
4352 1088 4554 1178 τριχῆ]

2870 1187 3055 1256 Plato
3086 1189 3334 1255 Timaeo
3362 1213 3429 1278 p.
3457 1192 3567 1274 56.
3591 1191 3697 1254 B.:
3746 1191 3899 1256 ἔστω
3942 1190 4013 1271 δὴ
4059 1192 4206 1256 κατὰ
4242 1190 4348 1255 τὸν
4376 1191 4559 1273 ὀρθὸν

2868 1292 3060 1374 λόγον
3102 1292 3198 1358 καὶ
3243 1294 3390 1357 κατὰ
3437 1292 3543 1357 τὸν
3588 1293 3784 1357 εἰκότα
3828 1292 3896 1357 τὸ
3943 1295 4056 1373 μὲν
4097 1296 4198 1373 τῆς
4239 1295 4559 1376 πυραμίδος

2870 1396 3119 1475 στερεὸν
3148 1394 3398 1477 γεγονὸς
3438 1393 3592 1462 εἶδος
3631 1395 3811 1478 πυρὸς
3844 1400 4146 1479 στοιχεῖον
4175 1395 4271 1460 καὶ
4298 1395 4552 1477 σπέρμα·

2869 1494 2938 1560 τὸ
2984 1497 3050 1560 δὲ
3087 1497 3364 1579 δεύτερον
3401 1500 3548 1561 κατὰ
3581 1496 3826 1581 γένεσιν
3865 1500 4119 1578 εἴπωμεν
4147 1496 4338 1580 ἀέρος,
4378 1498 4448 1564 τὸ
4490 1500 4556 1563 δὲ

2870 1598 3067 1679 τρίτον
3120 1601 3329 1667 ὕδατος
3385 1626 3437 1663 κ.
3468 1624 3519 1662 τ.
3554 1607 3616 1663 λ.
3691 1600 3776 1664 cf.
3832 1598 4144 1688 Theolog.
4209 1599 4556 1666 Arithmet.

2867 1721 2936 1789 p.
2970 1719 3071 1765 20.
3103 1723 3170 1788 p.
3200 1721 3298 1787 19.
3334 1703 3505 1766 Ast.:
3553 1703 3644 1766 ὅτι
3684 1703 3751 1765 ἐν
3777 1703 3975 1784 πρῶτῃ
4002 1701 4235 1785 τετράδι
4268 1701 4554 1782 σωμάτω-

2870 1828 2965 1871 σις
2994 1804 3282 1887 ἐλαχίστη
3308 1802 3404 1867 καὶ
3431 1803 3965 1885 σπερματικωτάτη,
3987 1807 4151 1887 εἴπερ
4175 1804 4272 1869 καὶ
4299 1830 4557 1889 στοιχει·

2870 1905 3205 1971 ωδέστατον
3222 1912 3340 1971 τῶν
3355 1906 3643 1987 σωμάτων
3667 1907 3761 1970 καὶ
3780 1905 4307 1989 μικρομερέστερον
4327 1906 4395 1971 τὸ
4417 1911 4551 1990 πῦρ,

2870 2007 3051 2072 αὐτοῦ
3077 2009 3142 2071 δὲ
3169 2009 3377 2073 τούτου
3406 2011 3607 2091 σχῆμα
3646 2009 3722 2075 ὣς
3764 2009 4034 2087 σώματος
4071 2009 4322 2091 πυραμὶς
4357 2009 4550 2091 φερό·

2871 2133 3049 2189 νυμος
3094 2136 3144 2174 κ.
3176 2136 3228 2174 τ.
3261 2117 3322 2175 λ.
3402 2110 3694 2175 Proxime
3745 2110 4000 2175 Ficinus
4048 2125 4190 2198 post
4235 2110 4553 2177 διάστατον

2868 2215 3039 2296 τριχῆ
3074 2210 3226 2300 legit
3254 2210 3292 2292 ᾖ
3320 2211 3576 2296 φυσικὸν
3604 2219 3774 2292 σῶμα
3805 2212 3918 2295 (sc.
3960 2215 4117 2299 ἐστὶ)
4150 2211 4255 2278 illa
4295 2228 4547 2279 autem:

2869 2313 2965 2379 διά
2996 2323 3288 2398 τι-φυσ.
3329 2320 3501 2396 σόμα
3521 2343 3537 2390 ;
3584 2337 3710 2380 non
3751 2313 3922 2403 legit.
4011 2315 4215 2404 Cujus
4241 2317 4554 2383 varietatis

2864 2414 2932 2480 in
2960 2415 3132 2481 libris
3159 2416 3384 2482 nostris
3412 2416 3654 2482 nullum
3686 2417 4029 2506 vestigium.
4105 2420 4259 2484 Post
4285 2417 4551 2485 alterum

2868 2524 3039 2598 σῶμα
3080 2518 3260 2606 posui
3303 2518 3551 2605 signum
3590 2520 4103 2607 interrogationis,
4137 2521 4311 2608 quod
4353 2522 4419 2587 in
4456 2545 4550 2588 se·

2866 2621 3204 2708 quentibus
3232 2637 3374 2709 post
3403 2622 3498 2688 διά
3524 2648 3581 2687 τι
3608 2637 3772 2688 recte
3799 2623 4069 2710 podtum
4098 2623 4422 2711 reperitur.

2951 2761 3039 2773 —
3065 2744 3164 2806 14.
3194 2729 3275 2811 τῷ
3302 2730 3504 2811 χρυσῷ
3532 2727 3696 2790 ὕδατι
3725 2726 3877 2810 ὄντι]
3906 2725 4154 2792 Platon.
4171 2727 4336 2792 Tim.
4358 2750 4424 2815 Ρ.
4441 2743 4546 2814 59.

2867 2847 2933 2912 p.
2958 2841 3061 2909 77.
3093 2824 3329 2891 Bekk.:
3360 2829 3603 2893 Τούτων
3629 2828 3698 2908 δὴ
3725 2828 3963 2893 πάντων
3990 2829 4109 2894 ὅσα
4134 2833 4289 2913 χυτὰ
4313 2833 4553 2913 προσεί·

2867 2953 3058 3008 πομεν
3082 2930 3283 3003 ὕδατα,
3314 2929 3383 2993 τὸ
3410 2932 3523 3010 μὲν
3545 2932 3611 2994 ἐκ
3638 2929 4016 2996 λεπτοτάτων
4038 2932 4134 2997 καὶ
4154 2932 4551 3012 ὁμαλωτάτων

2868 3031 3244 3095 πυκνότατον
3270 3035 3647 3114 γιγνόμενον,
3676 3035 3976 3113 μονοειδὲς
4011 3033 4207 3116 γένος,
4237 3037 4551 3115 στΟιβοντι

2871 3134 2967 3198 καὶ
3007 3138 3199 3220 ξανθῷ
3243 3135 3506 3218 χρόματι
3551 3137 3827 3199 κοινωθέν
3855 3135 4338 3219 τιμαλφέστατον
4367 3141 4552 3219 κτῆμα

2867 3236 3091 3320 χρυσὸς
3115 3236 3402 3318 ἠθημένος
3430 3240 3526 3303 διὰ
3553 3236 3768 3320 πέτρας
3796 3237 4010 3321 ἐπάγη.
4075 3237 4446 3304 Aristoteles
4470 3239 4552 3306 de

2871 3337 3201 3404 Coloribus
3250 3340 3390 3405 III.
3438 3363 3505 3428 p.
3548 3359 3698 3421 241.
3753 3339 3928 3429 sylb.
3984 3341 4049 3405 τὸ
4097 3343 4164 3406 δὲ
4208 3345 4551 3426 χρυσοειδὲς

2868 3442 3116 3524 γίνεται,
3146 3443 3291 3507 ὅταν
3318 3442 3386 3506 τὸ
3429 3443 3647 3523 ξανθὸν
3682 3445 3776 3508 καὶ
3818 3445 3886 3507 τὸ
3923 3445 4212 3524 ἡλιοειδές
4246 3448 4551 3511 πυκνωθὲν

2867 3547 3137 3628 ἰσχυρῶς,
3170 3547 3408 3626 στίλβῃ.
3455 3545 3544 3610 διὸ
3575 3546 3670 3611 καὶ
3702 3548 3761 3610 οἱ
3797 3552 3920 3611 τῶν
3939 3553 4302 3628 περιστερῶν
4329 3546 4546 3633 τράχη·

2865 3652 2965 3710 λοι
2994 3648 3090 3710 καὶ
3116 3653 3234 3712 τῶν
3260 3647 3487 3713 ὑδάτων
3515 3650 3573 3712 οἱ
3610 3649 3944 3731 σταλαγμοὶ
3977 3651 4293 3731 φαίνονται
4319 3676 4548 3735 χρυσο-

2866 3753 3056 3823 ειδεΐς,
3087 3753 3192 3813 τοῦ
3225 3750 3418 3832 φωτὸς
3460 3750 3893 3831 ἀνακλωμένου.
3984 3752 4142 3830 Quae
4183 3774 4311 3817 non
4355 3752 4550 3842 magis

2864 3850 2945 3914 ad
2975 3849 3253 3916 Platonis
3282 3853 3644 3918 sententiam
3673 3852 3753 3918 de
3785 3853 3923 3917 auri
3960 3867 4186 3919 natura
4210 3854 4544 3942 pertinent,

2864 3977 3055 4042 quam
3098 3954 3204 4020 illa
3240 3954 3320 4021 de
3360 3978 3515 4021 auro
3549 3978 3748 4043 apyro
3774 3955 3838 4019 in
3870 3957 4123 4021 Paeonia
4150 3971 4294 4044 post
4319 3956 4547 4023 imbres

2865 4072 3111 4145 reperto
3133 4058 3197 4122 in
3230 4057 3506 4124 Mirabil.
3538 4056 3857 4123 Auscultt.
3884 4058 4103 4124 XLV.
4128 4081 4194 4146 p.
4219 4060 4319 4140 87.
4346 4059 4548 4126 Beck·

2865 4182 3074 4225 mann.
3148 4160 3418 4246 Propius
3442 4159 3761 4248 aliquanto
3792 4158 3874 4225 ad
3905 4159 4182 4225 Platonis
4210 4161 4404 4228 verba
4443 4186 4545 4228 ac·

2864 4261 3095 4327 cedunt
3122 4261 3256 4327 haec
3279 4261 3559 4327 Philonis
3577 4262 3791 4327 Judaei
3819 4261 3883 4326 in
3913 4261 4053 4329 libr.
4076 4263 4233 4342 Quis
4253 4263 4544 4330 divinarr.

2865 4386 3015 4428 rerr.
3050 4363 3129 4429 sit
3172 4364 3366 4429 haeres
3401 4387 3468 4452 p.
3497 4385 3644 4452 503.
3691 4367 3913 4453 Mang.
3945 4366 4172 4450 χρυσὸν
4200 4365 4248 4430 δ’
4273 4369 4331 4431 οἱ
4360 4368 4543 4449 ἐγκω·

2863 4465 3140 4545 μάζοντες
3167 4470 3370 4531 πολλὰ
3395 4469 3507 4547 μὲν
3537 4469 3699 4532 ἄλλα
3735 4468 3985 4552 λέγουσι
4022 4474 4140 4533 τῶν
4168 4469 4251 4536 εἷς
4278 4469 4543 4545 ἔπαινον,

2865 4569 2968 4632 δύο
2997 4569 3063 4632 δὲ
3090 4570 3164 4632 τᾶ
3192 4568 3488 4634 ἀνωτάτω.
3519 4569 3587 4635 ἓν
3611 4572 3743 4650 μὲν,
3773 4572 3865 4635 ὅτι
3905 4570 3996 4635 ἰὸν
4022 4571 4094 4635 οὐ
4128 4569 4545 4653 παραδέχεται·

2867 4671 3071 4752 ἕτερον
3100 4672 3185 4749 δὲ,
3214 4672 3304 4734 ὅτι
3333 4673 3415 4738 είς
3440 4671 3657 4752 ὑμένας
3693 4672 4103 4748 λεπτοτάτους,
4135 4672 4392 4754 ἀῤῥαγῆς
4417 4676 4543 4737 δια·

2862 4771 3079 4853 μένων,
3112 4775 3423 4837 ἐλαύνεται
3451 4797 3517 4838 τε
3547 4774 3641 4837 καὶ
3667 4780 3883 4858 χεῖται.
3972 4776 4293 4855 Σύμβολον
4321 4774 4429 4838 οὖν
4460 4776 4541 4840 εί-

2866 4875 3045 4942 κότως
3068 4875 3288 4958 γέγονε
3315 4876 3579 4954 μείζονος
3606 4877 3860 4957 φύσεως,
3891 4877 3929 4957 ἡ
3957 4880 4204 4942 ταθεῖσα
4241 4874 4336 4939 καὶ
4365 4900 4542 4959 κεχυ-

2861 4976 3010 5057 μένη
3057 4978 3151 5041 καὶ
3193 4976 3484 5059 φθάσασα
3530 4975 3739 5057 πάντῃ,
3790 4977 4015 5060 πλήρης
4069 4980 4228 5042 ὅλων
4273 4975 4341 5041 δι’
4380 4978 4544 5043 ὅλων

2865 5079 3013 5153 ἐστὶ,
3047 5080 3416 5161 εὔαρμόστως
3455 5080 3549 5144 καὶ
3586 5082 3661 5145 τὰ
3696 5082 3859 5145 ἄλλα
3894 5079 4301 5162 συνυφήνασα.
4391 5078 4543 5145 Alia

2862 5178 3030 5244 dicta
3056 5196 3333 5246 veterum
3362 5180 3443 5246 de
3478 5204 3635 5247 auro
3662 5196 3957 5269 tanquam
3996 5180 4368 5270 pulcerrimo
4404 5204 4540 5247 om·

2863 5281 3061 5361 nium,
3093 5283 3365 5370 itemque
3392 5284 3473 5349 de
3516 5283 3861 5349 sinceritate
3896 5283 4086 5348 animi
4126 5282 4386 5348 humani
4427 5307 4543 5373 per

2860 5385 2996 5449 auri
3026 5385 3487 5452 similitudinem
3515 5385 3842 5465 declarata,
3862 5385 4258 5451 exhibuimus
4284 5386 4365 5451 ad
4395 5387 4536 5453 libr.

2858 5487 2941 5553 de
2970 5487 3228 5554 Pulcrit.
3261 5511 3325 5576 p.
3356 5506 3464 5574 54.
3494 5490 3573 5554 F.
3595 5490 3680 5555 G.
3711 5486 4051 5576 praesertim
4090 5487 4156 5553 in
4199 5487 4299 5555 ed.
4332 5489 4537 5577 pecul.

2862 5588 3377 5677 Heidelbergensi
3401 5612 3464 5677 p.
3497 5592 3639 5671 267.
3671 5613 3807 5677 sqq.

2945 5728 3034 5742 —
3061 5708 3161 5775 17.
3191 5694 3285 5757 καὶ
3312 5692 4126 5781 ζῦα-πυρινᾶ-δαψόνων]
4147 5692 4251 5758 De
4270 5693 4542 5781 corpori,-
