5118 6613
1309 508 1512 573 LIB.
1561 509 1696 574 IX.
1744 509 2207 574 ENNEAD.
2259 509 2723 588 QUINTAE.
2770 535 2833 600 p.
2872 533 3318 600 ¹039⁴···1044·

494 678 501 685 ⁹
580 684 724 748 III.
756 706 823 769 p.
845 683 994 767 387.
1028 678 1281 745 Buhlii:
1331 680 1400 744 τὸ
1441 683 1505 745 δὲ
1545 681 1773 764 γρυπὸν
1804 682 1976 757 εἶναι,
2008 680 2044 763 ἢ
2074 683 2271 764 σιμὸν,

573 786 610 866 ἦ
639 784 907 869 λογικὸν,
937 783 975 866 ἢ
1007 786 1255 867 ἄλογον,
1289 784 1613 866 ἆχῶριστα.
1684 784 1879 849 Adde
1907 784 2102 873 ipsius
2134 787 2275 850 Ari-

577 888 810 954 stotelis
838 887 1233 975 Metaphyss.
1264 884 1374 950 lib.
1403 888 1480 950 V.
1519 906 1571 951 1.
1604 909 1670 974 p.
1698 906 1800 972 99.
1836 887 2008 975 Sylb.
2058 890 2178 953 VI.
2209 907 2274 976 5.

580 1016 643 1079 p.
676 1013 818 1077 109.
848 1015 913 1080 p.
943 1011 969 1054 1
977 1009 1016 1076 3
1020 1010 1085 1074 5.
1115 988 1444 1054 Brandis.:
1481 989 1611 1054 ἔστι
1638 991 1727 1072 ῥὶς
1757 991 1853 1055 καὶ
1883 993 2152 1073 κοιλότης
2181 995 2276 1058 καὶ

578 1097 836 1175 σιμότης.
869 1109 934 1158 et
964 1091 1212 1180 saepius.

661 1220 726 1284 p.
758 1216 949 1279 1041,
982 1213 1041 1279 7.
1093 1197 1242 1260 οὕτω
1281 1196 1377 1260 καὶ
1403 1199 1605 1279 ψυχῆς
1645 1196 2142 1281 αὖτοψνχῆ-καὶ
2172 1204 2278 1265 νοῦ

578 1302 881 1386 αὖτονοΰς]
921 1297 1333 1364 Retinendam
1358 1297 1570 1363 censui
1594 1298 1934 1386 vulgatam,
1960 1323 2106 1387 quae
2132 1325 2277 1368 auc-

577 1402 824 1468 toritate
851 1402 1135 1467 codicum
1165 1423 1290 1465 non
1322 1415 1512 1480 caret,
1542 1401 1659 1466 etsi
1687 1401 1941 1489 plurimi
1971 1404 2053 1468 ab
2081 1427 2154 1468 ea
2181 1429 2276 1469 re-

575 1506 813 1572 cedant.
892 1504 1068 1591 (Vid.
1099 1506 1246 1569 Var.
1282 1506 1492 1589 Lect.)
1588 1506 1690 1569 De
1717 1505 1816 1570 his
1842 1506 2271 1594 appellationi-

576 1609 696 1674 bus
719 1625 784 1674 et
812 1606 1157 1673 rationibus
1183 1606 1435 1672 consule
1472 1629 1662 1694 supra
1690 1622 1986 1672 annotata
2014 1609 2093 1673 ad
2128 1611 2271 1674 111.

579 1730 632 1778 2.
674 1714 770 1776 16.
802 1733 867 1798 p.
899 1713 1046 1794 267.
1072 1711 1159 1774 D.
1233 1710 1521 1775 Proxime
1552 1709 1796 1775 Lexicis
1822 1710 2076 1777 accedat
2109 1714 2274 1778 Sub-

576 1814 910 1880 stantivum
957 1835 1168 1878 rarum
1199 1815 1475 1893 τιμιότης.
1564 1812 1712 1877 Vid.
1748 1814 1976 1879 Schaef.
2023 1815 2084 1879 in
2131 1818 2266 1881 Ste-

576 1919 765 2008 phani
793 1920 980 1986 Thes.
1015 1919 1290 1986 Londin.
1321 1944 1387 2008 p.
1415 1936 1605 2005 9515.
1633 1922 1709 1985 A.

647 2046 709 2111 p.
738 2041 929 2103 1042,
950 2043 1012 2107 9.
1046 2024 1200 2105 Περὶ
1220 2024 1284 2086 δὲ
1307 2027 1425 2086 τῶν
1448 2024 1513 2086 ἐκ
1544 2021 1790 2105 σήψεως
1821 2025 1917 2088 καὶ
1944 2031 2062 2090 τῶν
2089 2034 2274 2109 χαλε-

576 2131 703 2191 πῶν
725 2127 935 2215 κ.τ.λ.]
959 2125 1201 2213 Taylor
1219 2124 1353 2189 haec
1374 2125 1464 2189 ita
1485 2125 1704 2190 vertit:
1739 2134 1782 2165 ‘⁶
1801 2126 1982 2191 With
2008 2144 2270 2216 respect,

574 2230 882 2307 however,
914 2245 980 2293 to
1008 2228 1222 2316 things
1261 2227 1597 2316 generated
1628 2229 1790 2292 from
1833 2231 2272 2316 putrefaction,

574 2333 697 2399 and
731 2348 795 2399 to
824 2332 1036 2420 things
1062 2333 1427 2419 artffieial,''
1457 2347 1522 2396 et
1550 2347 1670 2397 cet.
1700 2332 1938 2398 addens
1974 2334 2037 2398 in
2082 2351 2228 2400 nota
2253 2361 2267 2400 ε

579 2445 621 2478 “
634 2439 887 2504 Instead
909 2438 984 2502 of
998 2441 1284 2522 χαλεπῶν
1305 2436 1454 2500 here
1476 2436 1526 2500 it
1547 2435 1598 2501 is
1618 2434 1933 2523 evidently
1954 2460 2272 2526 necessary

578 2541 738 2606 from
765 2542 933 2606 what
961 2538 1324 2605 afterwards
1352 2537 1591 2603 follows
1620 2553 1687 2603 to
1715 2538 1863 2602 read
1889 2545 2174 2623 τεχνικῶν
2202 2563 2276 2604 οι·

575 2649 820 2730 τεχνῶν.
912 2643 1194 2723 Ficinus,
1224 2643 1387 2707 from
1432 2657 1545 2708 not
1587 2641 1798 2730 seeing
1825 2640 1933 2706 the
1970 2642 2269 2729 necessity

576 2749 650 2816 of
688 2749 810 2813 this
854 2747 1271 2826 emendation,
1318 2746 1429 2810 has
1477 2745 1662 2810 made
1710 2768 2010 2810 nonsense
2054 2746 2129 2810 of
2165 2746 2274 2811 the

576 2854 893 2943 passage.''
979 2851 1193 2917 Nolim
1224 2850 1429 2914 virum
1459 2849 1769 2937 optimum
1800 2848 1935 2913 haec
1967 2850 2081 2914 sibi
2112 2850 2275 2914 exci-

574 2958 721 3023 dere
763 2978 895 3022 esse
937 2976 1214 3043 passum.
1305 2955 1472 3018 Nam
1501 2953 1798 3041 primum,
1830 2968 1903 3017 ut
1947 2951 2031 3016 nil
2072 2975 2274 3017 morer

579 3059 844 3126 Codices
884 3072 1149 3137 nostros,
1181 3055 1292 3144 qui
1334 3054 1416 3120 ad
1463 3077 1660 3119 unum
1703 3076 1917 3119 omnes
1954 3053 2272 3142 vulgatam

580 3177 859 3237 tuentur,
884 3159 1283 3245 (offendimus
1311 3159 1472 3224 enim
1502 3157 1708 3222 ulcera
1727 3158 2069 3222 inveterata
2091 3158 2154 3222 in
2180 3158 2276 3223 his

578 3264 1009 3344 Enneadibus‚
1040 3278 1104 3329 et
1131 3287 1278 3351 quoe
1320 3285 1535 3328 omnes
1579 3261 1769 3327 libros
1811 3261 2045 3349 pariter
2081 3262 2273 3326 corri-

578 3370 831 3460 puerint
857 3377 906 3452 ς)
975 3382 1220 3432 tantum
1265 3367 1465 3444 abest,
1511 3380 1605 3446 ut,
1650 3389 1796 3453 quoe
1841 3365 2133 3451 deinceps
2179 3388 2275 3429 se-

578 3489 865 3561 quuntur
897 3472 1029 3554 (B.)
1063 3472 1198 3553 περὶ
1242 3472 1306 3534 δὲ
1349 3473 1467 3535 τῶν
1496 3473 1727 3553 τεχνῶν
1775 3497 1828 3533 κ.
1848 3495 1903 3532 τ.
1927 3478 1988 3533 λ.
2032 3469 2087 3532 ei
2127 3491 2274 3533 con-

569 3577 831 3664 jecturae
859 3575 1135 3652 faveant,
1169 3587 1241 3637 ut
1268 3574 1323 3637 ei
1354 3572 1564 3659 potius
1592 3571 1891 3660 derogare
1919 3571 2272 3650 videantur,

578 3676 1089 3767 quandoquidem
1131 3675 1232 3739 hic
1274 3675 1570 3739 transitus
1613 3690 2077 3754 commonstrat,
2107 3698 2273 3739 nunc

578 3781 833 3847 demum
871 3795 936 3844 et
979 3778 1226 3843 seorsim
1258 3777 1512 3864 quidem
1543 3777 1867 3842 Plotinum
1913 3776 1992 3841 de
2035 3777 2276 3842 artibus

581 3899 644 3949 et
671 3898 805 3948 arte
830 3881 1012 3948 factis
1038 3901 1319 3968 quaerere
1347 3878 1527 3943 velle.
1573 3878 1820 3943 Deinde
1849 3877 2007 3943 illud
2039 3880 2272 3961 ἄριστα,

466 3986 483 3995 ’
583 3985 840 4075 optima,
863 4007 1009 4072 quae
1039 4006 1117 4048 ex
1140 3998 1345 4048 mente
1376 3983 1700 4067 provenire
1730 3982 2048 4062 dicuntur,
2069 3982 2278 4046 firmat

581 4089 955 4154 contrarium
1003 4087 1043 4154 i.
1077 4111 1134 4151 e.
1170 4089 1244 4151 τὰ
1281 4084 1541 4169 χαλεπά.
1635 4084 1758 4149 Sed
1801 4107 2090 4171 quaenam
2132 4100 2278 4149 sunt

3938 541 4066 608 319

2362 682 2477 747 ista
2508 684 2750 766 χαλεπά
2771 684 3178 752 ?—Plotinus
3205 686 3436 774 quaerit
3464 712 3541 754 an
3574 712 3786 756 eorum
3810 717 4064 782 quoque

2362 785 2520 849 ideae
2549 809 2596 851 s.
2623 787 2853 875 species
2881 788 2944 852 in
2977 789 3216 854 mundo
3241 789 3611 881 intelligibili
3644 793 3787 873 sint,
3811 819 3956 883 quoe
3983 821 4061 862 ex

2363 888 2696 975 putredine
2726 907 3060 956 nascantur
3094 897 3255 975 (v.c.
3287 899 3552 978 vermes)
3586 895 3735 961 item
3765 921 4064 964 eorumne

2363 993 2549 1058 etiam
2583 1017 2730 1080 quoe
2775 994 2998 1059 nociva
3040 996 3164 1061 sint
3196 1000 3285 1079 (V.
3306 1021 3361 1061 c.
3393 999 3633 1085 tineae),
3662 1016 3774 1067 aut
3803 1002 4062 1068 molesta

2367 1096 2455 1175 (v.
2482 1118 2536 1159 c.
2572 1117 2825 1175 muscae,
2855 1097 3104 1176 culices,
3136 1096 3371 1185 pulices
3399 1103 3918 1185 etc.)—Proinde
3948 1103 4057 1168 Fi-

2361 1197 2538 1262 cinus
2566 1198 2648 1262 ab
2679 1199 2794 1264 hac
2822 1223 3077 1287 quoque
3105 1219 3284 1288 parte
3311 1204 3702 1269 excusandus
3743 1220 3857 1287 est,
3885 1206 4059 1293 quod

2362 1325 2576 1367 vocem
2623 1303 2899 1389 difficilis
2944 1303 3196 1391 adjecit,
3234 1304 3422 1368 modo
3462 1327 3596 1370 eam
3641 1305 3905 1394 accipias
3945 1331 4063 1396 pro

2359 1407 2615 1482 noxius,
2644 1406 2872 1485 letali-9,
2904 1424 2966 1470 et
3004 1405 3331 1472 similibus.
3427 1408 3726 1496 Sequitur
3758 1427 3967 1475 autem
3997 1411 4059 1475 in

2360 1507 2457 1572 his
2521 1507 2815 1573 Plotinus
2884 1509 3208 1597 opiniones
3274 1526 3557 1575 veterum
3632 1511 4059 1600 physicorum.

2361 1610 2844 1698 Theophrastus
2872 1612 3096 1701 Eclog.
3130 1613 3209 1678 de
3239 1613 3543 1678 Animall.
3576 1637 3637 1702 p.
3661 1618 3810 1701 326.
3848 1615 4058 1704 Sylb.:

2357 1715 2581 1779 τούτων
2620 1718 2736 1797 γὰρ
2779 1715 2927 1796 (τῶν
2971 1720 3185 1801 μυιῶν)
3226 1718 3266 1797 ἥ
3303 1741 3370 1781 τε
3419 1716 3633 1800 κόπρος
3679 1721 3855 1794 αἰτία,
3889 1722 3985 1784 καὶ
4024 1720 4062 1801 ἡ

2357 1820 2476 1882 τῶν
2507 1819 2718 1882 ἄλλων
2747 1822 2949 1902 σῆψις.
3009 1820 3226 1885 Tzetz.
3260 1820 3322 1883 in
3355 1821 3624 1886 Hesiodi
3656 1824 3783 1906 ἑργ.
3815 1844 3873 1886 v.
3906 1842 4058 1903 412.

2356 1942 2419 2007 p.
2456 1938 2600 1985 220.
2633 1920 2987 1986 Gaisford.:
3035 1924 3073 2004 ἡ
3102 1926 3218 2006 γὰρ
3247 1922 3497 2006 ὑγρότης
3523 1926 3561 2005 ἡ
3591 1926 3840 2007 ἄμετρος
3868 1928 4062 2008 σῆψιν

2362 2026 2456 2089 καὶ
2485 2026 2797 2105 σκώληκας
2841 2028 3075 2106 ἐμποιεῖ
3103 2028 3255 2109 (τοῖς
3297 2026 3548 2113 ξύλοις).
3596 2027 3681 2092 cf.
3717 2028 4058 2094 Gaisfordii

2360 2142 2486 2192 not.
2520 2128 2603 2191 ad
2634 2151 2725 2193 vs.
2759 2129 2910 2208 418.
2956 2152 3019 2216 p.
3059 2148 3202 2216 225.
3235 2145 3298 2194 et
3327 2130 3692 2219 Geoponica
3723 2132 3863 2195 ΙΙΙ.
3906 2152 3957 2195 1.
3996 2151 4054 2197 2.

2358 2254 2420 2317 p.
2448 2232 2594 2297 218.
2619 2231 2854 2296 Niclas.
2904 2233 3369 2298 Putrefaciendi
3398 2249 3461 2298 et
3491 2256 3729 2298 vermes
3757 2234 4058 2322 gignendi

2358 2333 2484 2399 vim
2521 2334 2687 2398 lunae
2717 2335 3144 2400 attribuebant
3185 2335 3461 2424 physici:
3511 2334 3862 2401 Athenaeus
3894 2339 4053 2402 v11.

2360 2458 2424 2523 p.
2453 2439 2599 2519 276.
2625 2435 2691 2501 d.
2723 2459 2786 2524 p.
2815 2455 2873 2521 7.
2911 2438 3292 2527 Schweigh.:
3326 2438 3395 2504 τὸ
3424 2443 3542 2524 γὰρ
3570 2445 3671 2520 τῆς
3699 2440 3956 2522 σελήνης
3985 2444 4053 2507 ἄ-

2361 2539 2919 2622 στρον-σηπτικὸν
2954 2541 3227 2626 ὑπάρχον
3271 2570 3323 2606 κ.
3346 2568 3399 2607 τ.
3423 2549 3487 2609 λ.
3581 2542 3770 2607 Plura
3809 2544 3874 2607 in
3920 2567 4057 2609 eam

2360 2664 2487 2706 rem
2535 2642 2938 2730 disputantur
2979 2643 3152 2731 apud
3201 2644 3517 2710 Plutarch.
3549 2645 3614 2709 in
3646 2647 4062 2734 Symposiacis

2362 2746 2501 2809 111.
2539 2766 2639 2809 10.
2683 2769 2747 2834 p.
2781 2748 2929 2830 657.
2969 2771 3063 2834 sq.
3107 2770 3173 2834 p.
3208 2749 3356 2813 682.
3402 2772 3536 2836 sqq.
3583 2749 3684 2814 ed.
3720 2751 4059 2838 Wytteub.

2362 2846 2467 2911 ubi
2501 2847 2832 2912 Moschion
2866 2848 3144 2913 medicus
3171 2849 3261 2914 ita
3287 2850 3546 2916 definit:
3595 2852 3704 2931 τὴν
3735 2856 3929 2936 σῆψιν
3957 2858 4056 2933 τῆ·

2359 2957 2452 3029 ξιν
2482 2952 2578 3014 καὶ
2604 2949 2780 3033 ῥύσιν
2807 2949 3029 3033 σαρκὸς
3058 2955 3142 3020 εἷς
3169 2952 3354 3035 ὑγρὸν
3382 2958 3611 3036 φθορᾶς
3637 2955 4060 3035 μεταβαλλού-

2361 3078 2488 3131 σης,
2521 3055 2619 3117 καὶ
2649 3055 2805 3121 ὅλως
2831 3056 3221 3137 ὑγραίνεσθαι
3249 3059 3324 3121 τὰ
3351 3055 3680 3137 σηπόμενα.
3737 3058 3841 3123 Cf.
3874 3058 4062 3124 etiam

2364 3155 2686 3221 Plutarch.
2711 3156 2790 3222 de
2818 3180 2987 3244 aqua
3013 3176 3077 3222 et
3105 3158 3249 3246 igne
3278 3182 3344 3246 p.
3371 3176 3522 3244 957.
3572 3160 4063 3249 Olympiodorus

2360 3260 2424 3325 in
2456 3259 2659 3327 Alcib.
2691 3284 2791 3350 pr.
2821 3284 2885 3350 p.
2916 3283 3013 3351 19.
3035 3262 3233 3329 ε-ὃιό
3264 3269 3456 3333 καλῶς
3486 3268 3725 3348 εἴρηται·

2521 3424 2706 3493 Angus-
2731 3423 3004 3494 αὐξομένη,
3032 3420 3320 3492 μινύθουσα
3346 3423 3404 3477 δὲ
3430 3422 3598 3477 πάντα
3622 3425 3919 3494 χαλέπτεις,

2363 3573 2447 3639 εἷς
2474 3570 2759 3651 σελήνην.
2851 3571 3025 3636 Hinc
3062 3570 3463 3657 antiquorum
3495 3571 3819 3637 hominum
3851 3573 4064 3661 opinio

2360 3673 2507 3752 fuit,
2537 3696 2577 3737 a
2604 3673 2757 3737 luna
2796 3674 3078 3761 generari
3108 3673 3293 3738 etiam
3323 3678 3399 3738 τὰ
3425 3679 3684 3758 χαλεπὰ,
3728 3676 3770 3740 i.
3800 3700 3855 3741 e.
3892 3699 4061 3741 mus-

2359 3799 2483 3854 cas,
2511 3798 2778 3856 vermes,
2808 3791 2873 3841 et
2900 3777 2967 3841 id
2994 3800 3196 3865 genus
3224 3775 3364 3842 alia.

2444 3917 2532 3928 —
2555 3901 2651 3961 14.
2682 3884 2805 3948 πῶς
2836 3883 2899 3961 ἐξ
2931 3881 3064 3950 ἑνὸς
3090 3883 3369 3970 πλῆθος.]
3399 3881 3721 3969 Significat
3744 3883 4064 3949 Enneadis

2363 3983 2480 4047 VI.
2511 3981 2742 4048 librum
2769 4002 2832 4068 7.
2863 3983 2974 4070 qui
3002 3984 3395 4049 inscribitur:
3444 3989 3567 4053 πῶς
3590 3984 3660 4051 τὸ
3688 3991 3914 4067 πλῆθος
3943 3993 4062 4053 τῶν

2364 4088 2536 4150 ἰδεῶν
2565 4085 2813 4167 ὑπέστη,
2849 4088 2944 4151 καὶ
2970 4089 3104 4170 περὶ
3134 4092 3239 4153 τοῦ
3267 4089 3514 4170 ἀγαθοῦ.

2049 4395 2607 4445 --—-0---

1433 4682 1705 4765 LIB.
1767 4684 1832 4765 I.
1930 4685 2584 4770 ENNEAD.
2665 4684 3204 4766 SEXTAE.

669 4901 746 4965 Ρ.
787 4919 973 4981 1044,
1006 4918 1066 4982 7.
1115 4903 1308 4963 ΠΕΡΙ
1352 4901 1531 4961 ΤΩΝ
1578 4902 1864 4961 ΓΕΝΩΝ
1906 4903 2074 4963 To‘r
2116 4903 2269 4964 ON·

581 5004 798 5092 ΤΟΣ.]
847 5001 1240 5090 Porphyrius
1282 4999 1363 5064 de
1412 4999 1536 5064 Vit.
1572 4999 1798 5064 Plotini
1846 5024 1985 5089 cap.
2016 5002 2095 5065 V.
2139 5003 2274 5084 περὶ

583 5113 697 5172 τῦν
723 5110 829 5171 τοῦ
857 5108 1029 5173 ὄντος
1055 5111 1250 5189 γενῶν
1277 5110 1528 5186 πρῶτον,
1561 5120 1624 5168 et
1653 5127 1707 5167 c.
1736 5105 2010 5168 XXVI.
2055 5104 2274 5169 eodem

581 5209 819 5290 ordine,
879 5230 1010 5295 quo
1065 5207 1127 5271 h.
1159 5206 1199 5271 l.
1259 5206 1473 5284 editio,
1526 5206 1635 5271 sed
1691 5206 1954 5271 addito:
2018 5214 2273 5289 πρῶτον,

580 5335 767 5399 quam
814 5333 1027 5376 vocem
1070 5309 1317 5375 addunt
1352 5309 1538 5374 etiam
1584 5309 1826 5375 codices
1870 5310 2110 5397 aliquot
2155 5310 2274 5376 hoc

580 5413 733 5480 loco.
844 5415 1010 5478 Sunt
1052 5428 1261 5477 autem
1310 5410 1376 5474 hi
1419 5426 1544 5477 tres
1589 5410 1731 5477 libri
1778 5412 1844 5476 in
1883 5412 2089 5477 fronte
2133 5415 2272 5477 En-

580 5517 793 5584 neadis
822 5516 944 5581 VI.
993 5514 1296 5591 collocati,
1343 5514 1615 5579 numeris
1663 5515 1863 5581 XLI.
1914 5516 2154 5581 XLII.
2209 5532 2274 5582 et

2361 4899 2643 4964 XLIII.
2669 4895 3100 4985 consignandi,
3132 4897 3181 4960 si
3212 4896 3509 4983 temporis
3537 4896 3837 4962 rationem
3868 4900 4058 4976 ineas,

2359 5025 2488 5090 quo
2517 5000 2747 5088 singuli
2778 4998 2992 5087 scripti
3021 5012 3190 5064 sunt.
3282 4999 3608 5064 Pertinent
3636 4999 3679 5063 ii
3719 5000 3802 5064 ad
3832 4999 4060 5066 doctri-

2361 5128 2505 5171 nam
2540 5104 3050 5193 Categoriarum.
3143 5101 3365 5190 Hujus
3407 5101 3585 5167 initia
3627 5102 3748 5167 hoc
3788 5103 3984 5191 magis
4025 5128 4065 5169 a

2363 5208 2541 5273 nobis
2583 5207 2684 5271 hic
2729 5204 3163 5272 adumbranda
3207 5221 3375 5284 sunt,
3407 5204 3578 5292 quod
3616 5205 3907 5271 Plotinus
3947 5206 4063 5273 hac

2360 5311 2426 5376 in
2455 5335 2523 5376 re
2550 5312 2634 5376 ab
2663 5307 3022 5376 Aristotelis
3049 5307 3421 5374 auctoritate
3450 5308 3766 5396 digressus
3792 5307 3875 5373 ad
3904 5310 4064 5374 anti-

2359 5414 2654 5503 quiorum
2686 5412 2982 5477 rationem
3014 5435 3079 5476 se
3109 5411 3306 5499 magis
3334 5412 3716 5499 aggregavit.
3796 5414 4064 5480 Inventa

2359 5532 2448 5583 est
2481 5540 2556 5583 ea
2597 5539 2637 5580 a
2665 5513 3125 5603 Pythagoricis,
3155 5514 3329 5601 quod
3370 5532 3432 5578 et
3479 5537 3589 5602 per
3632 5538 3698 5581 se
3741 5516 4061 5603 probabile
