5118 6613
1106 521 1190 586 90

2269 668 2307 698 n

1112 690 1169 736 2.
1206 689 1314 757 25.
1349 670 1490 735 111.
1519 688 1581 750 4.
1611 666 1941 733 “sublime
1974 667 2267 733 candens.
2376 666 2521 733 Alia
2546 666 2795 755 collegit

1105 776 1228 839 Ez.
1256 772 1591 861 Spanhem.
1616 772 1785 859 Epr.
1807 770 1883 834 de
1899 771 2287 858 Rumor-ques
2313 791 2431 835 mr
2450 771 2538 835 les
2564 771 2794 836 Cesar-5

1102 877 1178 940 de
1219 877 1457 941 Julien.
1503 898 1571 963 p.
1609 876 1711 938 16.
1757 872 1870 960 qui
1912 871 2095 938 etiam
2151 871 2575 939 Plotinianum
2625 872 2794 938 hunc

1103 977 1309 1043 locum
1338 977 1636 1043 laudavit.
1671 976 1778 1042 Cf.
1798 976 2054 1062 insuper
2075 975 2220 1040 infr.
2252 998 2315 1064 p.
2342 993 2485 1059 711.
2510 999 2564 1041 6.
2591 977 2689 1040 18.
2714 975 2793 1040 A.

1190 1103 1254 1168 p.
1289 1100 1429 1166 190,
1457 1101 1559 1166 13.
1618 1079 1652 1144 δ
1711 1079 1781 1158 δὴ
1840 1078 2292 1144 εἶναι-λευκὸν
2342 1080 2537 1164 σῶμα]
2607 1081 2795 1144 Com-

1102 1183 1314 1272 posuit
1361 1183 1499 1248 haec
1556 1205 1701 1247 cum
1745 1182 1793 1245 J
1799 1179 1989 1245 uliani
2037 1179 2244 1245 verbis
2291 1180 2356 1244 in
2415 1182 2790 1262 Coesaribus,

1102 1288 1358 1369 ἀργύρου
1379 1284 1794 1367 στιλπνοτέρα,
1825 1284 2076 1367 χρυσίου
2098 1286 2163 1348 δὲ
2190 1283 2532 1366 λευκοτέρα,
2550 1284 2787 1350 Ezech.

1105 1387 1517 1474 Spanhemius
1556 1385 1596 1451 l.
1627 1411 1678 1452 6.
1709 1410 1778 1475 p.
1806 1387 1901 1450 16.
1946 1409 2064 1474 pro
2100 1386 2425 1474 splendido
2470 1386 2785 1472 (br-illam)

1100 1486 1404 1578 accipiens
1449 1513 1655 1578 neque
1713 1502 1920 1554 tamen
1975 1503 2260 1554 accurate
2314 1489 2462 1555 satis
2517 1490 2789 1555 referens

1101 1592 1470 1659 Plotiniana.

1183 1731 1273 1745 —
1298 1696 1394 1760 18.
1426 1695 2328 1778 φλόγα-ἀνελθοῦσαν-μετᾶ
2347 1697 2455 1777 γῆς
2479 1696 2791 1777 ῥίπτεσθαι

1103 1798 1284 1887 κάτω]
1312 1799 1414 1862 1)6
1443 1795 1800 1885 fulguribus
1828 1795 2052 1884 accipit
2070 1795 2349 1863 Ficinus.
2396 1798 2681 1875 Quorum
2710 1797 2791 1863 de

1098 1900 1300 1964 causis
1352 1923 1497 1987 quae
1537 1912 1775 1963 veteres
1829 1897 2252 1987 disputarunt,
2308 1897 2445 1986 lege
2501 1921 2602 1988 ap.
2649 1901 2789 1965 Ari-

1099 2001 1401 2081 stotelem,
1446 2001 1557 2089 qui
1602 2002 1826 2081 fertur,
1870 2000 1952 2067 de
1995 2001 2250 2067 Mundo
2296 2002 2398 2065 11.
2426 2020 2526 2066 10.
2571 2004 2691 2068 IV.
2718 2023 2784 2089 3.

1102 2104 1216 2169 IV.
1246 2120 1346 2187 17.
1378 2106 1474 2169 10.
1513 2105 1711 2169 Laur.
1756 2103 1925 2192 Lyd.
1971 2103 2052 2169 de
2095 2104 2371 2170 Mensib.
2403 2104 2546 2170 III.
2585 2123 2684 2193 15.
2716 2128 2779 2193 p.

1095 2227 1203 2294 53.
1235 2232 1328 2295 sq.
1364 2206 1600 2272 Schow.
1632 2206 1929 2272 Eundem
1973 2206 2053 2272 de
2097 2206 2372 2272 Ostentis
2400 2230 2464 2295 p.
2497 2208 2597 2273 86.
2636 2211 2781 2292 164.

1103 2328 1245 2393 174.
1278 2309 1484 2375 Hasii.

1181 2435 1246 2500 p.
1272 2433 1416 2499 191,
1445 2433 1509 2499 3.
1539 2413 1692 2478 κάτω
1723 2414 1788 2477 δὲ
1816 2414 1917 2491 τῆς
1944 2411 2200 2493 σελήνης
2236 2413 2773 2498 ἵστασθαι-ἀέρα]

1093 2516 1206 2581 Ad
1250 2530 1517 2580 cometas
1560 2516 1752 2582 refert
1788 2514 1954 2579 idem
1995 2513 2337 2579 Mal-silius.
2430 2515 2539 2578 Tu
2570 2515 2783 2580 confer

1093 2617 1420 2684 Aristotel.
1445 2616 1779 2684 Meteorol.
1804 2618 1859 2681 I.
1881 2631 1941 2699 7.
1993 2619 2241 2682 Senecae
2263 2618 2523 2681 Naturr.
2544 2618 2783 2696 Quaest.

1096 2721 1154 2785 1.
1184 2741 1282 2806 15.
1313 2735 1377 2785 et
1405 2743 1565 2807 quos
1605 2719 1818 2808 plures
1860 2717 2139 2784 laudavit
2180 2719 2473 2806 Kappius
2514 2718 2597 2784 ad
2641 2720 2783 2784 Ari-

1093 2821 1292 2886 stotel.
1348 2822 1429 2887 de
1476 2822 1731 2886 Mundo
1775 2822 1875 2885 11.
1905 2840 1967 2906 9.
2013 2843 2079 2908 p.
2112 2840 2217 2902 42.
2248 2844 2387 2909 sqq.
2427 2821 2543 2886 IV.
2578 2840 2680 2890 22.
2711 2845 2780 2911 p.

1099 2944 1241 3005 141.
1266 2948 1360 3013 sq.
1404 2924 1598 2990 Adde
1626 2926 1725 2989 10.
1753 2925 1948 2988 Laur.
1970 2921 2142 3011 Lyd.
2174 2922 2256 2989 de
2288 2927 2525 2989 Menss.
2554 2925 2653 2990 11.
2683 2945 2782 3012 13.
2812 2946 2815 2949 ’

1091 3050 1157 3114 p.
1187 3044 1296 3111 51.
1328 3042 1392 3092 et
1419 3025 1609 3092 eund.
1654 3027 1736 3093 de
1778 3025 2054 3092 Ostentis
2089 3047 2154 3114 p.
2191 3027 2302 3112 36.
2333 3041 2397 3092 et
2426 3027 2609 3092 Hasii
2638 3030 2779 3092 An-

1093 3143 1252 3194 nott.
1281 3152 1346 3217 p.
1382 3149 1528 3216 299.

1176 3269 1263 3282 -
1281 3254 1344 3316 4.
1380 3230 1864 3321 φλόγα-ζέσιν]
1898 3231 2002 3296 Cf.
2034 3233 2277 3296 Annot.
2310 3254 2501 3320 supra
2528 3230 2610 3296 ad
2639 3255 2778 3322 cap.

1091 3356 1155 3416 4.
1187 3358 1253 3420 p.
1282 3356 1386 3421 99.
1421 3338 1511 3399 A.
1560 3336 1874 3400 Caeterum
1913 3335 1995 3401 cf.
2029 3333 2354 3400 Plutarch.
2391 3335 2472 3400 de
2513 3335 2669 3399 facie
2712 3334 2776 3400 in

1090 3436 1241 3503 orbe
1283 3437 1452 3503 lunae
1493 3461 1558 3526 p.
1594 3457 1740 3525 923.
1772 3439 1857 3503 Ε.
1904 3460 1971 3525 p.
2005 3438 2149 3524 738.
2201 3439 2414 3526 Wytt.
2461 3439 2499 3518 ἡ
2543 3440 2609 3502 δὲ
2655 3439 2776 3503 ἂνω

1089 3543 1256 3625 χόρα
1281 3547 1449 3606 πᾶσα
1478 3543 1587 3607 κᾶν
1620 3567 1677 3606 τι
1706 3539 1939 3622 δέξηται
1963 3546 2181 3624 γεῶδες
2216 3540 2330 3605 ὑπὸ
2357 3541 2499 3622 βίας
2538 3541 2774 3623 ἀναῤῥι-

1090 3646 1228 3727 φὲν,
1259 3645 1426 3711 εὐθὺς
1455 3644 1722 3725 ἐκθλίβει
1753 3647 1942 3726 δεῦρο,
1972 3648 2210 3724 μᾶλλον
2240 3645 2305 3708 δὲ
2334 3643 2584 3726 ἀφίησιν
2608 3640 2646 3723 ᾖ
2674 3646 2778 3707 πέ-

1088 3756 1275 3829 φυκεν
1305 3749 1490 3832 οἰκείᾳ
1514 3749 1665 3829 ῥοπῇ
1699 3748 2199 3830 καταφερόμενον.

1172 3887 1260 3898 -—
1278 3867 1338 3932 7.
1369 3849 1458 3912 Τὸ
1499 3850 1564 3913 δὲ
1610 3854 1736 3931 φῶς
1775 3851 2048 3913 ἐκεῖ-ἐν
2091 3852 2298 3932 λόγοις
2341 3853 2463 3915 τοῖς
2506 3849 2766 3935 ἄστροις]

1091 3953 1254 4015 Haec
1275 3972 1490 4014 vereor
1521 3964 1592 4015 ut
1612 3958 1896 4015 accurate
1915 3950 2170 4015 verterit
2187 3950 2464 4016 Ficinus.
2510 3950 2778 4016 Videtur

1090 4052 1380 4118 Plotinus
1436 4051 1799 4139 significare,
1856 4052 2023 4140 ipsas
2079 4051 2283 4119 stellas
2350 4076 2480 4118 esse
2536 4056 2771 4137 λόγους,

1089 4155 1266 4242 quasi
1315 4153 1484 4219 dicas
1524 4153 1794 4241 cogitata
1839 4153 2122 4241 adeoque
2163 4155 2348 4220 effata
2389 4154 2613 4220 verba:
2678 4157 2773 4220 ni-

1088 4257 1316 4321 mirum
1338 4271 1409 4321 ut
1428 4256 1541 4321 lux
1561 4255 1818 4321 coelestis
1844 4256 2211 4344 primigenia
2232 4258 2309 4322 sit
2330 4256 2507 4345 quasi
2528 4260 2563 4321 ὁ
2592 4260 2774 4342 λόγος

1089 4360 1440 4439 ἐνδιάθετος,
1483 4360 1643 4425 ratio
1684 4359 1855 4423 intus
1896 4358 2161 4438 occulta,
2208 4359 2400 4424 stellae
2458 4374 2668 4425 autem
2715 4364 2773 4426 οἱ

1087 4463 1262 4543 λόγοι
1302 4463 1672 4545 προφορικοί,
1706 4485 1752 4525 8.
1782 4462 2048 4527 rationes
2089 4461 2483 4549 cogitatuque
2525 4461 2772 4550 loquela

1086 4562 1364 4651 prolata;
1411 4563 1524 4629 lux
1566 4579 1775 4630 autem
1817 4563 1925 4629 illa
1960 4564 2346 4653 primigenia,
2376 4586 2490 4652 per
2527 4588 2592 4629 se
2620 4587 2767 4642 una,

1087 4666 1256 4731 varia
1310 4667 1419 4733 fiat
1466 4690 1580 4755 per
1636 4666 1950 4732 stellarum
1996 4668 2343 4745 varietates,
2395 4667 2553 4731 sicut
2604 4690 2770 4731 unus

1086 4791 1286 4833 sermo
1314 4770 1521 4834 varius
1547 4771 1620 4835 fit
1646 4794 1759 4857 per
1786 4770 2139 4835 varietatem
2172 4769 2517 4834 hominum.
2580 4769 2771 4856 Ejus-

1085 4871 1255 4936 modi
1303 4889 1468 4936 certe
1516 4871 1877 4938 sententiam
1924 4895 2052 4938 non
2096 4872 2429 4938 abhorrere
2474 4895 2514 4936 a
2562 4887 2768 4938 mente

1085 4973 1657 5039 Alexandrinorum
1695 4974 2216 5062 Philosophorum
2258 4973 2578 5061 ipsiusque
2618 4975 2764 5039 Plo-

1086 5077 1197 5141 tini
1244 5099 1427 5142 nemo
1473 5076 1773 5142 eruditior
1815 5077 2080 5163 ignorat,
2135 5090 2197 5142 et
2248 5090 2575 5164 sequentes
2623 5076 2764 5141 libri

1087 5178 1421 5245 Plotiniani
1449 5194 1745 5267 arguunt.
1822 5178 2094 5244 Proinde
2122 5179 2413 5267 equidem
2437 5179 2759 5244 verterim:

2074 493 2901 562 ANNOTATIONES
2965 493 3079 560 IN
3140 494 3590 561 PLOTINI

2879 668 3031 753 ἐκεῖ]
3083 666 3290 744 Plato,
3342 667 3454 755 qui
3497 668 3721 745 fertur,
3764 665 3831 731 in
3873 667 4174 757 Epinom.
4211 694 4281 759 p.
4313 671 4463 759 983.
4497 696 4565 764 p,

2876 790 2915 855 3
2919 771 3025 855 58.
3060 792 3231 857 supr.
3266 768 3467 835 Bekk.
3502 771 3607 836 οὐκ
3650 770 3780 834 ἔστι
3819 774 3933 854 γῆν
3969 798 4035 837 τε
4080 774 4175 837 καὶ
4216 773 4472 857 οὐρανὸν
4498 775 4565 841 ά-

2877 872 3102 940 παντάς
3127 898 3194 938 τε
3228 873 3482 954 ἀστέρας
3522 875 3735 955 ὄγκους
3771 899 3837 938 τε
3883 876 3949 939 ἐκ
3988 877 4211 940 τούτων
4238 878 4571 957 ξυμπάντας

2876 976 2956 1056 μὴ
2983 979 3183 1059 ψυχῆς
3208 975 3353 1058 πρὸς
3383 975 3608 1062 ἑκάστῳ
3637 975 3962 1058 γενομένης
3987 974 4025 1056 ἢ
4066 978 4162 1043 καὶ
4203 980 4271 1043 ἐν
4301 978 4570 1049 ἑκάστοις

2881 1076 3008 1143 εἶτα
3053 1079 3137 1146 είς
3180 1079 3490 1160 ἀκρίβειαν
3533 1076 3653 1143 κατ’
3701 1080 3968 1143 ἐνιαυτὸν
4014 1082 4162 1144 οὕτω
4209 1082 4567 1164 πορεύεσθαι

2877 1208 2929 1246 κ.
2950 1206 3004 1246 τ.
3024 1188 3085 1244 λ.
3137 1181 3217 1244 In
3246 1204 3416 1267 seqq.
3451 1180 3618 1245 dicas
3640 1180 3929 1246 Ficinum
3958 1181 4179 1269 legisse
4207 1188 4321 1266 πῦρ
4351 1186 4416 1248 δὲ
4444 1184 4562 1250 οὐδ’

2877 1283 2952 1348 ἂν
2981 1285 3346 1365 ἐναρμόσειε.
3413 1282 3540 1347 Sed
3565 1281 3807 1348 codices
3833 1283 3986 1349 nihil
4019 1285 4281 1363 variant,
4306 1300 4370 1350 et
4396 1285 4568 1352 locus

2872 1384 2962 1450 ita
2986 1384 3266 1472 expediri
3295 1398 3520 1472 potest,
3549 1399 3623 1451 ut
3649 1387 3881 1473 cogites
3908 1389 3965 1452 τὶ
4006 1387 4089 1452 ad
4117 1411 4330 1453 vocem
4359 1392 4559 1472 πυρός.

2873 1491 3174 1553 Attamen
3203 1489 3609 1575 pronuntiare
3638 1488 3782 1554 nolo
3815 1489 3896 1555 de
3933 1490 4092 1569 1060,
4123 1491 4216 1555 1111
4259 1490 4562 1556 librorum

2873 1589 3136 1655 varietas
3178 1591 3240 1654 in
3285 1591 3583 1678 proximis
3620 1591 3944 1679 significat,
3974 1592 4145 1658 haud
4187 1593 4380 1659 dubie
4421 1617 4558 1659 cor·

2873 1706 3083 1781 rupto.
3176 1695 3470 1759 Ceterum
3512 1701 3706 1760 ποιεῖν
3740 1718 3779 1760 a
3818 1699 3967 1779 δρᾷν
4009 1695 4097 1760 ita
4139 1695 4369 1776 differt,
4414 1711 4488 1761 ut
4523 1720 4562 1762 a

2874 1796 3168 1879 πράττειν.

2959 1921 3025 1986 p.
3054 1917 3194 1984 192,
3226 1919 3285 1963 1.
3339 1899 3519 1987 ῥύμῃ]
3573 1901 3633 1964 Ε
3687 1899 3966 1988 margine
4023 1900 4388 1967 reduximus
4443 1926 4559 1991 pro

2869 2002 3050 2083 ῥύμῃ,
3081 2000 3255 2088 quod
3294 2000 3358 2065 in
3396 2002 3533 2088 ejus
3573 2000 3779 2067 locum
3816 2018 4205 2069 successerat.
4296 2005 4438 2083 Qua
4477 2004 4558 2070 de

2869 2103 3231 2168 confusione
3267 2126 3469 2191 nuper
3497 2120 3874 2170 monuerunt
3901 2104 4201 2193 exemplis
4229 2105 4416 2171 etiam
4442 2130 4554 2196 ap-

2869 2205 3085 2293 positis
3136 2206 3415 2271 Lobeck.
3470 2206 3551 2271 ad
3605 2206 3945 2294 Phrynich.
3994 2206 4262 2295 Eclogg.
4304 2232 4370 2297 p.
4401 2231 4552 2293 404.

2867 2309 3119 2375 Jacobs.
3153 2309 3214 2372 in
3247 2308 3638 2375 Additamm.
3676 2309 4046 2374 Animadvv.
4076 2310 4140 2374 in
4170 2310 4553 2378 Athenaeum

2866 2431 2932 2498 p.
2965 2431 3110 2498 209.
3157 2411 3331 2476 Idem
3358 2411 3440 2476 ad
3468 2411 3707 2477 Achill.
3740 2415 3886 2477 Tat.
3919 2435 3984 2500 p.
4017 2414 4168 2494 426.
4197 2428 4261 2478 et
4287 2414 4370 2478 ad
4404 2414 4550 2479 Phi·

2865 2512 3103 2579 lostrati
3133 2516 3382 2603 Imagg.
3412 2537 3478 2602 p.
3510 2514 3656 2600 650.
3690 2529 3755 2580 et
3782 2519 3930 2600 655.
3962 2530 4026 2580 61
4057 2515 4263 2580 Baehr.
4289 2517 4370 2582 ad
4402 2515 4553 2583 Plu-

2868 2615 3062 2681 tarch.
3115 2617 3490 2706 Philopoem.
3539 2640 3607 2705 p.
3651 2636 3759 2699 44.
3807 2632 3871 2682 et
3906 2617 3989 2682 ad
4031 2619 4264 2707 Pyrrh.
4303 2643 4368 2708 p.
4403 2621 4547 2686 216.

2869 2717 3218 2784 Tittmann.
3249 2719 3332 2784 ad
3363 2721 3628 2785 Zonarae
3660 2720 3818 2785 Lex.
3847 2742 3915 2808 p.
3948 2738 4090 2803 774.
4122 2737 4250 2786 not.
4283 2739 4385 2804 72.
4433 2724 4552 2789 Est

2867 2835 3075 2886 autem
3106 2822 3277 2909 apud
3307 2822 3547 2887 Atticos
3575 2822 3741 2887 idem
3766 2821 3939 2910 quod
3970 2823 4138 2905 ὁρμή.
4206 2824 4550 2913 Phrynich.

2867 2921 2911 2988 l.
2932 2921 2975 2988 l.
3011 2922 3188 2988 Suid.
3221 2938 3284 2988 et
3314 2927 3544 2990 Zonar.
3572 2924 3639 2989 in
3668 2947 3842 3004 voce,
3871 2937 3957 3005 et,
3995 2925 4250 3012 quando
4289 2931 4546 2995 rotatio-

2864 3027 2970 3090 nis
2998 3028 3296 3113 impetum
3325 3026 3633 3115 designat,
3661 3042 4082 3093 commutatur
4114 3051 4256 3094 cum
4298 3034 4449 3112 δίνη,
4477 3047 4551 3097 111

2864 3152 2967 3216 ap.
3002 3128 3325 3196 Plutarch.
3373 3129 3454 3195 de
3499 3132 3564 3196 S.
3586 3131 3671 3196 N.
3695 3132 3774 3196 V.
3816 3130 4182 3198 observante
4210 3132 4545 3220 Wyttenb.

2863 3255 2929 3321 p.
2955 3250 3091 3298 120.
3162 3233 3521 3322 Usurpatur
3548 3248 3759 3299 autem
3785 3234 3866 3299 de
3893 3250 4069 3301 motu
4103 3234 4546 3302 elementorum

2860 3359 3318 3425 corporumque
3374 3336 3855 3417 mundanorum,
3913 3355 4220 3405 astrorum
4277 3339 4548 3429 indeque

2861 3438 3047 3504 etiam
3074 3439 3337 3504 aliorum
3365 3453 3428 3504 et
3459 3440 3677 3505 tralate
3706 3441 3892 3505 etiam
3919 3440 4002 3506 ad
4031 3441 4148 3507 alia
4179 3442 4546 3509 traducitur.

2862 3541 3068 3620 Plat0,
3116 3542 3225 3630 qui
3271 3543 3493 3621 fertur,
3542 3543 3607 3607 in
3660 3543 3949 3631 Epinom.
3997 3568 4063 3633 p.
4108 3545 4254 3631 983.
4293 3568 4359 3633 p.
4391 3547 4540 3632 358.

2861 3643 3065 3709 Bekk.
3115 3645 3196 3709 de
3241 3646 3604 3733 corporibus
3647 3647 3887 3726 mundi,
3930 3647 4129 3727 1181118,
4169 3662 4318 3713 661.;
4364 3651 4547 3732 ῥύμας

2858 3749 2971 3827 μὲν
3000 3748 3106 3812 οὖν
3132 3751 3188 3812 εί
3212 3773 3298 3815 τις
3325 3750 3512 3816 αἰτίας
3548 3752 3710 3817 τινᾶς
3748 3751 3874 3831 ἐρεῖ
3908 3750 4213 3831 σωμάτων,
4243 3749 4281 3831 ἢ
4310 3754 4542 3834 φύσεις,

2858 3850 2898 3930 ἥ
2924 3876 2980 3914 τι
3008 3855 3292 3925 τοιοῦτον,
3323 3852 3494 3915 οὐδὲν
3525 3854 3719 3935 σαφὲς
3747 3854 3887 3934 ἐρεῖ.
3937 3852 4256 3918 Plutarch.
4280 3853 4361 3919 de
4390 3854 4540 3919 Fac.

2857 3951 2922 4015 in
2953 3953 3084 4016 orb.
3115 3953 3247 4018 lun.
3280 3976 3345 4041 p.
3380 3972 3523 4040 922.
3558 3955 3634 4017 C.
3675 3977 3740 4041 p.
3779 3969 3921 4039 733.
3957 3957 4168 4042 Wytt.
4207 3957 4245 4036 ἡ
4288 3958 4354 4020 δὲ
4395 3958 4543 4039 ῥύμη

2862 4056 2955 4118 καὶ
2999 4055 3103 4120 τὸν
3132 4058 3199 4120 ἐν
3227 4057 3417 4124 λίθοις
3455 4056 3602 4139 ἀέρα
3642 4057 3736 4121 καὶ
3774 4057 3879 4121 τὸν
3907 4060 3975 4121 ἐν
4015 4062 4230 4144 ψυχρῷ
4273 4062 4543 4146 μολίβδῳ

2860 4157 3190 4236 συνεκκάει,
3219 4158 3300 4238 μή
3329 4160 3391 4222 τί
3414 4184 3486 4241 γε
3514 4159 3584 4239 δὴ
3617 4159 3723 4223 τὸν
3752 4161 3818 4222 ἐν
3846 4161 3984 4242 πυρὶ
4023 4162 4368 4241 δινούμενον
4394 4164 4544 4244 μετὰ

2858 4259 3074 4343 τάχους
3101 4263 3403 4325 τοσούτου.
3455 4261 3637 4325 Idem
3665 4261 3818 4326 ibid.
3847 4285 3911 4349 p.
3939 4282 4084 4348 924.
4109 4266 4195 4328 A.
4221 4263 4301 4328 de
4329 4263 4542 4331 massis

2854 4361 3152 4448 gravibus
3197 4362 3485 4427 deorsum
3533 4363 4040 4429 labentibus—et}
4082 4366 4146 4430 δὲ
4193 4368 4344 4448 ῥύμῃ
4389 4367 4539 4433 κάτω

2857 4466 3175 4546 φερόμενοι
3230 4465 3297 4528 τὸ
3354 4465 3545 4545 μέσον
3597 4466 4057 4550 ὑπερβάλλοιεν,
4118 4469 4280 4535 αὖθις
4350 4471 4540 4535 ὀπίσω

2856 4566 3224 4649 στρέφεσθαι
3281 4569 3377 4632 καὶ
3434 4568 3916 4651 ἀνακάμπτεσθαι
3969 4569 4066 4634 ὑπ’
4114 4571 4325 4635 αὐτῶν.
4413 4571 4538 4637 Sed

2855 4680 2988 4732 tota
3014 4667 3119 4733 illa
3145 4668 3484 4757 disputatio
3512 4694 3652 4735 cum
3690 4671 3917 4735 Plotini
3960 4670 4096 4736 loco
4134 4672 4397 4737 conferri
4424 4673 4533 4739 de-

2851 4768 2978 4835 bet.
3041 4769 3409 4836 Aristoteles
3436 4795 3536 4858 ap.
3574 4772 3750 4838 Stob.
3783 4772 4043 4861 Eclogg.
4076 4772 4298 4858 Physs.
4334 4773 4390 4837 Ι.
4423 4793 4534 4859 33.

2850 4893 2912 4958 p.
2934 4875 3079 4954 624.
3105 4875 3296 4938 Heer.
3322 4876 3454 4942 τοὺς
3481 4874 3529 4940 δ’
3556 4878 3831 4958 ἐκνεφίας
3860 4876 4123 4956 ἀνέμους,
4148 4877 4291 4939 ὅταν
4315 4876 4536 4958 ἀθρόον

2854 4974 2950 5038 καὶ
2976 4976 3220 5040 πικυνδν
3249 4980 3583 5059 φερόμενον
3613 4980 3696 5045 εἰς
3726 4979 3919 5052 ἑαυτὸ,
3948 4978 4017 5042 τὸ
4044 4977 4233 5042 πλέον
4263 4979 4534 5059 ἀναλύσῃ

2850 5081 2956 5141 τοῦ
2985 5077 3201 5161 νέφους
3227 5082 3296 5158 τῇ
3327 5083 3683 5162 σφοδρότητι
3709 5085 3808 5160 τῆς
3827 5083 4026 5163 ῥύμης.
4083 5082 4178 5145 Ῑο.
4207 5081 4529 5169 Chrysost.

2852 5179 3090 5244 Homil.
3126 5182 3226 5247 II.
3256 5204 3319 5269 p.
3350 5184 3451 5264 84.
3475 5183 3574 5248 ed.
3604 5183 3896 5247 Matthaei
3915 5183 4282 5265 ε-καθάπερ
4312 5182 4532 5264 ἀνέμου

1087 5291 1128 5321 “
1157 5283 1403 5347 Lumen
1436 5305 1602 5361 vem,
1632 5280 1802 5368 quod
1831 5280 1956 5347 11116
1981 5296 2095 5363 est,
2119 5281 2346 5371 partim
2376 5280 2764 5369 variegatam
2846 5284 2995 5364 ῥύμη
3021 5286 3276 5366 ῥαγδαία
3303 5287 3756 5367 προσπίπτουσα
3785 5288 4160 5369 ἐνοχλοῦσαν
4189 5288 4353 5350 κόνιν
4379 5287 4525 5350 ἀπο-

1082 5384 1145 5448 in
1174 5385 1383 5465 stellis,
1412 5394 1622 5473 utpote
1646 5385 1911 5473 qffatisss'

1166 5524 1254 5537 -—
1281 5490 1382 5553 16.
1412 5494 1532 5554 πῖιν
1560 5491 1627 5555 δὲ
1654 5494 1824 5568 σῶμα
1848 5490 1999 5569 μετὰ
2025 5491 2573 5574 ψιχῆς-τοιοΰτον
2602 5489 2667 5552 δὲ
2694 5487 2762 5551 τὸ

2849 5391 3044 5464 σοβεῖ,
3087 5386 3196 5450 ubi
3237 5386 3438 5451 editor
3484 5387 3695 5476 plures
3745 5387 3908 5453 locos
3953 5411 4032 5451 ex
4090 5387 4304 5451 eodem
4356 5410 4529 5453 sacro

2846 5499 3088 5553 oratore
3142 5489 3521 5576 suppeditat.
3612 5490 3794 5555 Idem
3836 5489 3987 5556 ibid.
4031 5512 4097 5577 p.
4127 5491 4269 5555 118.
4309 5489 4527 5557 tralate
