5118 6613
1098 566 1223 613 210

1095 718 1415 801 ποικίλος,]
1450 716 1552 781 Cf.
1575 715 1710 781 Cic.
1734 715 1816 780 de
1838 716 1924 779 N.
1954 716 2040 779 D.
2067 716 2124 779 I.
2150 716 2210 779 8.
2237 729 2298 779 et
2329 736 2404 799 9:
2441 713 2667 794 “Quid
2690 737 2797 779 au-

1097 837 1226 886 tem
1254 833 1409 900 erat,
1439 818 1612 906 quod
1642 816 2107 905 concupisceret
2137 819 2318 881 Deus
2338 817 2648 882 mundum
2680 817 2803 904 sig-

1097 922 1193 987 nis
1235 939 1299 987 et
1343 920 1708 999 luminibus,
1741 935 2039 1007 tanquam
2070 919 2290 998 oedilis,
2319 923 2588 984 ornare?
2634 919 2684 983 si
2733 934 2802 984 ut

1104 1023 1317 1113 [deus]
1350 1024 1484 1108 ipse
1511 1022 1736 1088 melius
1762 1022 2074 1087 habitaret
2103 1023 2260 1086 cet.''
2292 1022 2402 1086 ubi
2424 1022 2552 1087 vid.
2581 1023 2800 1087 Davis.

1096 1141 1162 1192 et
1218 1126 1438 1213 reliqq.
1502 1126 1794 1214 interprr.
1854 1125 2042 1190 Philo
2094 1127 2140 1188 J
2148 1124 2258 1189 ud.
2315 1124 2394 1188 de
2459 1127 2674 1189 Somn.
2731 1148 2800 1212 p.

1098 1231 1244 1312 648.
1284 1232 1508 1316 Mang.
1537 1254 1551 1293 :
1601 1234 1774 1293 τοῦτο
1816 1230 1882 1293 δὲ
1921 1228 1989 1293 τὸ
2020 1229 2398 1307 δεικνύμενον
2431 1230 2528 1292 καὶ
2557 1227 2795 1310 ὁρατὸν,

1097 1335 1130 1396 ὁ
1176 1332 1455 1411 αἰσθητὸς
1495 1333 1699 1396 οὑτοσὶ
1736 1333 1974 1410 κόσμος,
2013 1331 2187 1393 οὐδὲν
2226 1331 2341 1411 ἄρα
2385 1329 2542 1394 ἄλλο
2592 1331 2722 1394 ἐστὶ
2764 1327 2801 1409 ἢ

1097 1434 1256 1502 οἶκος
1271 1439 1429 1507 θεοῦ,
1454 1438 1592 1513 μιᾶς
1619 1439 1737 1496 τῶν
1757 1438 1864 1496 τοῦ
1879 1434 2065 1500 ὅντως
2089 1437 2229 1496 θεοῦ
2249 1433 2554 1512 δυνάμεων
2589 1434 2799 1519 (Lege

1095 1559 1174 1601 ex
1218 1536 1404 1601 codd.
1440 1538 1705 1620 Mang.:
1750 1539 1887 1614 μιᾶς
1929 1541 2048 1599 τῶν
2089 1539 2196 1599 τοῦ
2240 1537 2412 1602 ὄντος
2455 1535 2793 1617 δυνάμεων)

1098 1638 1224 1703 καθ’
1243 1638 1318 1718 ἣν
1344 1639 1568 1721 ἀγαθὸς
1592 1638 1684 1718 ἦν.
1734 1636 1915 1701 Idem
1945 1637 2025 1701 de
2046 1637 2420 1701 Monarchia
2453 1639 2512 1702 I.
2545 1662 2609 1726 p.
2637 1655 2793 1722 217:

1093 1741 1222 1805 Τὸν
1261 1743 1369 1806 οὖν
1408 1743 1773 1823 ἀφικόμενον
1819 1743 1902 1807 εἷς
1937 1740 2047 1819 τὴν
2091 1742 2325 1819 ἀληθῶς
2357 1743 2794 1822 μεγαλόπολιν,

1094 1845 1268 1908 τόνδε
1295 1844 1404 1907 τὸν
1433 1844 1852 1923 κόσμον-οὒκ
1883 1844 2118 1909 εἰκότως
2136 1840 2433 1922 μᾶλλονῆ
2464 1846 2801 1926 ἀναγκαίως

1095 1946 1336 2010 ἔννοιαν
1380 1944 1692 2028 λήψεσθαι
1724 1949 1820 2009 δεῖ
1855 1949 1961 2008 τοῦ
2006 1945 2228 2025 πατρὸς
2267 1947 2364 2008 καὶ
2409 1950 2660 2024 ποιητοῦ
2704 1947 2800 2010 καὶ

1093 2047 1343 2128 προσέτι
1369 2048 1661 2130 ἡγεμόνος
1686 2075 1701 2121 ;
1750 2048 1947 2113 Οὐδὲν
1989 2051 2104 2129 γὰρ
2140 2052 2259 2111 τῶν
2285 2053 2575 2130 τεχνικῶν
2606 2048 2800 2130 ἔργων

1095 2152 1638 2230 ἀπαυτοματίζεται·
1685 2151 2113 2233 τεχνικῶτατος
2141 2151 2206 2212 δὲ
2237 2150 2333 2213 καὶ
2372 2152 2407 2212 ὁ
2448 2151 2686 2229 κόσμος,
2719 2152 2797 2218 ὥς

1091 2255 1210 2316 ὑπό
1260 2278 1417 2320 τινος
1462 2253 1570 2332 τὴν
1618 2251 1946 2332 ἐπιστήμην
1996 2254 2226 2334 ἀγαθοῦ
2272 2253 2368 2316 καὶ
2417 2253 2799 2318 τελειοτάτου

1091 2354 1325 2422 πάντως
1380 2359 1932 2437 δεδημιουργῆσθαι.
2037 2354 2165 2419 Dio
2223 2354 2547 2441 Chrysost.
2611 2356 2794 2419 Orat.

1095 2456 1599 2544 Borysthenitica
1631 2458 2048 2540 (XXXVI.)
2079 2480 2141 2543 p.
2162 2459 2311 2539 448.
2344 2477 2540 2544 p.91.
2576 2455 2796 2522 Reisk.

1091 2583 1211 2622 -ε
1262 2561 1420 2624 ὥστε
1448 2561 1630 2639 ταύτῃ
1669 2585 1743 2641 γε
1787 2560 1924 2623 οὐδὲ
1952 2558 2118 2623 οἶκον
2147 2561 2394 2623 δοκοῦσί
2413 2586 2515 2639 μοι
2544 2562 2799 2640 ὀκνῆσαι

1090 2659 1167 2725 ἂν
1197 2662 1625 2744 ἀποφήνασθαι
1662 2666 1769 2726 τοῦ
1806 2662 1952 2729 Διὸς
1990 2661 2095 2725 τὸν
2138 2661 2376 2726 ἅπαντα
2416 2665 2662 2741 κόσμον·
2711 2665 2793 2726 εἴ·

1091 2788 1204 2844 περ
1232 2765 1362 2827 ἐστὶ
1390 2764 1582 2845 πατὴρ
1621 2764 1813 2827 αὐτῶν
1853 2766 1921 2826 ἐν
1950 2764 2105 2849 αὐτῷ
2140 2767 2294 2845 (non
2338 2763 2497 2827 male
2531 2763 2748 2827 Reisk.
2776 2788 2790 2827 ι

1092 2864 1285 2944 πατὴρ
1333 2864 1574 2928 πάντων
1619 2870 1738 2928 τῶν
1790 2868 1856 2928 ἐν
1904 2866 2114 2951 αὐτῷ).
2211 2866 2393 2929 Idem
2441 2867 2562 2930 sub
2609 2866 2797 2929 finem
2840 2911 2845 2918 -

1092 2963 1388 3028 orationis
1420 2967 1514 3050 (p.
1544 2983 1694 3050 454.
1725 2989 1789 3052 p.
1832 2970 2007 3051 100.)
2038 2993 2050 3027 ε
2101 2970 2133 3030 ὁ
2173 2970 2242 3048 δὴ
2286 2972 2522 3048 σύμπας
2550 2970 2802 3052 οὐρανὸς

1094 3093 1160 3131 τε
1206 3068 1301 3131 καὶ
1348 3068 1585 3147 κόσμος,
1619 3071 1722 3132 ὅτε
1763 3076 1996 3150 πρῶτον
2025 3071 2449 3151 συνετελέσθη,
2486 3074 2802 3152 κοσμηθεὶς

1092 3168 1207 3233 ὑπὸ
1238 3174 1338 3248 τῆς
1372 3170 1723 3251 σοφωτάτης
1751 3196 1816 3236 τε
1858 3174 1954 3236 καὶ
1981 3174 2223 3252 ἀρίστης
2251 3174 2482 3257 τέχνης,
2517 3176 2647 3256 ἄρτι
2684 3181 2801 3238 τῶν

1092 3275 1200 3336 τοῦ
1226 3277 1582 3356 δημιουργοῦ
1614 3280 1833 3358 χειρῶν
1867 3275 2349 3358 ἀπηλλαγμένος,
2379 3277 2651 3358 λαμπρὸς
2704 3278 2801 3341 καὶ

1094 3375 1351 3458 διαυγὴς,
1396 3377 1494 3440 καὶ
1538 3381 1690 3441 πᾶσι
1736 3384 1860 3446 τοῖς
1901 3378 2111 3458 μέρεσι
2160 3382 2540 3461 παμφαίνων.
2633 3379 2798 3443 Haec

1092 3491 1369 3542 extrema
1398 3478 1583 3544 etiam
1615 3494 1947 3567 propterea
1970 3479 2257 3567 apposui,
2288 3505 2418 3567 quo
2447 3481 2799 3545 firmamen-

1091 3594 1230 3644 tum
1258 3580 1578 3645 accederet
1606 3582 1982 3668 conjecturae
2030 3581 2556 3663 Marklandianae,
2587 3583 2700 3669 qui
2732 3584 2795 3647 in

1090 3680 1226 3747 loco
1240 3698 1538 3770 corrupto
1555 3682 1839 3748 Philonis
1863 3689 1952 3771 (p.
1981 3685 2130 3765 648.
2157 3685 2410 3773 Mang.)
2433 3685 2515 3751 de
2543 3688 2799 3751 Mundo

1090 3783 1485 3872 intelligibili,
1517 3808 1670 3870 pro:
1716 3787 1823 3851 τὸν
1865 3788 1931 3851 ἐκ
1974 3794 2092 3852 τῶν
2120 3791 2289 3852 ἰδεῶν
2320 3789 2700 3854 συσταθέντα
2731 3792 2799 3855 ἐν

1093 3892 1172 3972 τῷ
1200 3887 1679 3970 χειροτονηθέντι
1709 3892 1858 3953 κατὰ
1884 3893 1989 3957 τὰς
2018 3892 2182 3958 θείας
2204 3895 2542 3975 χορηγείας,
2570 3894 2798 3973 κόσμον

1095 3989 1327 4063 νοητὸν,
1373 3988 1711 4076 legendum
1760 3990 2040 4056 viderat:
2089 3995 2609 4077 χειροτεχνηθέντι
2655 3999 2804 4060 κατὰ

1092 4093 1198 4156 τὰς
1225 4092 1387 4157 θείας
1413 4093 1803 4174 χειρουργίας.
1881 4096 2087 4171 Quam
2123 4095 2620 4162 emendationem
2652 4120 2795 4161 cum

1096 4193 1459 4278 Mangeyus
1487 4208 1802 4280 acceptam
1845 4196 2105 4260 referret
2144 4198 2354 4284 magni
2382 4197 2550 4263 illius
2580 4200 2798 4264 Critici

1094 4292 1416 4372 beneficiO,
1448 4307 1520 4358 ut
1565 4295 1796 4383 saepius
1825 4296 1997 4375 facit,
2042 4298 2174 4385 ipse
2222 4314 2427 4364 tamen
2468 4300 2641 4365 aliud
2686 4325 2795 4365 ex-

1096 4395 1369 4484 cogitare
1397 4396 1638 4462 maluit.

1182 4521 1249 4585 p.
1283 4516 1432 4583 703,
1462 4519 1527 4584 5.
1576 4506 1782 4566 Κεῖται
1826 4507 1943 4584 γὰρ
1986 4506 2052 4567 ἐν
2081 4508 2153 4584 τῇ
2180 4506 2377 4590 ψυχῇ]
2433 4504 2679 4593 Taylor
2717 4505 2799 4571 ad

1098 4602 1158 4665 h.
1185 4601 1227 4664 l.
1267 4617 1587 4688 comparat
1621 4603 1950 4669 versiculos
1993 4605 2074 4670 de
2118 4607 2447 4671 animabus
2484 4607 2797 4686 humaniS,

1095 4727 1171 4768 ex
1206 4702 1493 4768 Oraculis
1524 4704 1901 4786 Chaldaicis,
1933 4708 2044 4794 qui
2068 4708 2156 4773 ita
2186 4709 2493 4797 incipiunt
2520 4736 2533 4774 :

1638 4810 1729 4866 Ἐν
1756 4814 1813 4868 δὲ
1841 4815 1943 4890 θεῷ
1971 4819 2241 4871 κεῖνται-

1100 4903 1343 4970 Omitto
1371 4902 1533 4967 enim
1583 4904 1844 4993 reliqua,
1881 4922 2100 4994 utpote
2143 4910 2222 4973 ad
2266 4909 2435 4975 hunc
2475 4911 2750 4990 locum,
2734 4935 2797 4975 m

1097 5033 1227 5097 quo
1256 5009 1514 5073 Animoe
1555 5010 1896 5075 mundante
1922 5011 2084 5075 ratio
2115 5011 2487 5099 explicatur,
2520 5012 2672 5076 nihil
2704 5013 2791 5077 fa-

1096 5111 1338 5177 Clentia.
1418 5114 1716 5175 Ceterum
1748 5112 1825 5176 Ed
1860 5136 2074 5178 eorum
2105 5136 2402 5179 Vemuuln
2432 5115 2796 5179 sententian]

1097 5214 1327 5279 adhibe
1352 5211 1541 5277 Pselli
1569 5212 1817 5278 Scholia
1845 5214 1907 5279 in
1939 5216 2214 5282 Oracula
2232 5216 2575 5283 chaldaica
2606 5219 2797 5282 Tom.

1105 5315 1163 5377 I.
1192 5337 1255 5400 p.
1296 5332 1441 5393 104.
1471 5311 1572 5378 cd.
1603 5312 1852 5378 Gallaei.

1189 5440 1252 5503 p.
1292 5433 1438 5497 704,
1484 5434 1579 5501 15.
1624 5422 1920 5500 μηχαναῖς
1960 5426 2218 5488 πολλαῖς
2261 5423 2343 5488 εἰς
2392 5422 2656 5486 εἰδώλων
2685 5424 2799 5504 φύ·

1103 5543 1203 5581 σιν
1251 5519 1713 5607 προσχρωμένη]
1766 5519 1979 5584 videri
2028 5522 2225 5609 possit
2277 5525 2333 5588 F
2338 5522 2540 5588 icinus
2584 5523 2804 5612 legisse

2076 542 2911 608 ANNOTATIONES
2975 543 3091 606 IN
3155 541 3610 606 PLOTINI

2886 717 3167 794 ποίησινε
3214 712 3322 778 sed
3354 712 3494 778 libri
3533 711 3686 776 nihil
3729 710 3996 778 variant.
4090 711 4336 800 Saepius
4377 723 4587 777 autem

2891 816 3155 880 Naturoe
3184 815 3505 903 opificium
3522 837 3667 880 cum
3698 814 4006 879 artificum
4037 813 4288 901 opificio
4311 813 4403 880 ita
4428 835 4595 879 com-

2888 932 3111 1006 parant
3140 918 3498 1007 philosophi
3526 933 3589 984 et
3626 918 3759 1004 ipse
3796 929 4030 997 noster,
4063 932 4136 983 ut
4176 916 4592 982 differentiam

2891 1021 3189 1087 utriusvis
3217 1022 3642 1088 demonstrare
3673 1020 3988 1087 studeant.
4035 1020 4257 1086 Cicero
4285 1019 4366 1085 de
4395 1021 4482 1085 N.
4504 1022 4591 1086 D.

2893 1126 2950 1191 I.
3000 1126 3058 1190 8.
3106 1148 3171 1211 p.
3205 1144 3314 1211 32.
3361 1149 3496 1212 sq.:
3547 1132 3590 1165 “
3620 1124 3871 1204 Quibus
3914 1123 4079 1188 enim
4121 1122 4321 1188 oculis
4362 1122 4588 1190 intueri

2888 1226 3097 1315 potuit
3148 1244 3352 1292 vester
3396 1227 3583 1293 Plato
3624 1227 3921 1292 fabricam
3964 1225 4135 1290 illam
4165 1225 4320 1290 tanti
4360 1225 4588 1314 operis,

2885 1354 3013 1417 qua
3044 1332 3322 1395 construi
3369 1354 3408 1394 a
3444 1330 3566 1395 deo
3604 1342 3796 1417 atque
3825 1326 4121 1394 oedifieari
4149 1327 4465 1393 mundum
4500 1329 4591 1393 fa-

2885 1432 3017 1498 cit?
3063 1456 3210 1520 quae
3245 1432 3532 1497 molitio?
3578 1455 3726 1520 quae
3748 1432 4175 1496 ferramenta?
4205 1431 4318 1518 qui
4348 1435 4589 1496 vectes?

2886 1558 3033 1621 quae
3091 1533 3447 1599 machinae?
3494 1534 3603 1620 qui
3656 1532 3923 1597 ministri
3969 1531 4128 1597 tanti
4186 1531 4393 1619 operis
4449 1532 4581 1597 fue-

2884 1652 3036 1702 runt
3053 1637 3118 1701 ?''
3165 1637 3266 1702 Cf.
3304 1636 3589 1701 Musonii
3632 1637 3786 1701 Rufi
3825 1636 4251 1722 fragmentum
4295 1635 4359 1698 in
4391 1636 4584 1722 Wyt·

2885 1739 3051 1804 tenb.
3095 1739 3480 1804 Philomath.
3514 1740 3616 1803 11.
3665 1762 3732 1826 p.
3762 1756 3823 1823 5.
3873 1738 4089 1824 ibique
4138 1738 4333 1824 hujus
4374 1753 4583 1806 annot.

2890 1840 3104 1906 Nostri
3135 1840 3309 1906 locus
3339 1842 3401 1904 in
3435 1840 3596 1904 hanc
3624 1862 3754 1904 rem
3787 1839 4079 1904 classicus
4106 1854 4216 1903 est.
4267 1838 4409 1903 111.
4443 1840 4500 1904 8.
4527 1860 4581 1905 1.

2887 1944 2994 2008 fin.
3042 1967 3107 2031 p.
3147 1963 3301 2030 344.
3336 1946 3426 2008 A.
3472 1942 3554 2007 cf.
3603 1943 3678 2008 V.
3711 1963 3773 2028 9.
3807 1942 3871 2006 6.
3911 1963 3975 2029 p.
4004 1942 4153 2025 560.
4202 1941 4290 2006 D.
4343 1942 4578 2026 (φύσις)

2888 2047 3291 2128 -ἐμόρφωσε
3321 2046 3430 2125 τὴν
3456 2048 3629 2125 ὕλην,
3661 2045 3767 2108 οὐκ
3796 2045 4056 2119 ὠθοῦσα,
4089 2045 4225 2108 οὐδὲ
4251 2049 4381 2111 ταῖς
4405 2051 4586 2109 πολυ-

2887 2147 3238 2230 θρυλλῆτοις
3263 2149 3576 2231 μοχλείαις
3616 2146 3913 2231 χρωμένη,
3946 2151 4135 2212 δοῦσα
4156 2147 4222 2211 δὲ
4243 2152 4361 2210 τῶν
4387 2148 4589 2230 λόγων

2891 2251 3018 2331 (vel
3049 2251 3154 2315 τὸν
3181 2253 3427 2334 λόγον).

2958 2375 3019 2439 p.
3046 2372 3194 2436 705,
3227 2372 3325 2438 13.
3354 2355 3437 2417 ὧν
3458 2352 3594 2419 τοὺς
3606 2352 3827 2433 λόγους
3851 2351 3997 2433 ἔχει·
4025 2351 4234 2434 ἔχειδὲ
4253 2351 4349 2415 καὶ
4376 2352 4577 2435 Oeam]

2888 2454 3170 2541 Taylor:
3223 2463 3267 2493 “
3303 2452 3481 2531 SouI,
3514 2452 3805 2532 likewise‚
3839 2452 4293 2540 comprehends
4328 2453 4395 2518 in
4424 2453 4595 2519 itself

2887 2557 2994 2622 the
3032 2557 3402 2644 productive
3442 2555 3777 2644 principles
3824 2556 3899 2621 of
3945 2555 4313 2621 Gods''—et
4354 2556 4421 2622 in
4456 2574 4585 2623 not.

2887 2660 2927 2725 i.
2950 2684 3005 2725 e.
3039 2660 3114 2725 of
3135 2659 3346 2725 divine
3374 2657 3565 2739 souls‚
3596 2659 3747 2723 each
3780 2659 3856 2723 of
3889 2658 4088 2723 which
4124 2659 4178 2724 is
4216 2682 4257 2725 a
4306 2660 4452 2726 God
4484 2684 4584 2727 ac-

2887 2763 3150 2851 cording
3207 2778 3273 2828 to
3329 2761 3789 2850 participation.
3901 2763 4076 2827 Tum
4136 2762 4353 2829 laudat
4412 2787 4587 2830 suam

2889 2865 3350 2931 translationem
3375 2863 3583 2930 Procli
3607 2865 3669 2928 in
3703 2864 3979 2930 Platonis
4009 2865 4325 2954 Theolog.
4359 2866 4499 2932 libr.
4524 2868 4583 2933 1.

2886 2971 3141 3034 —Cum
3174 2968 3270 3046 iis,
3301 2990 3447 3054 quae
3486 2967 3567 3031 de
3617 2968 3900 3032 Deorum
3940 2967 4320 3055 imaginihus
4346 2968 4469 3035 hoc
4494 2992 4592 3036 ca.-

2887 3071 3018 3159 pite
3046 3087 3108 3136 et
3143 3070 3427 3158 sequenti
3458 3069 3644 3134 sentit
3678 3071 3982 3149 Plotinus,
4014 3072 4230 3136 confer
4259 3072 4586 3139 Iamblich.

2887 3173 2969 3238 de
3001 3176 3301 3261 Mysterr.
3341 3174 3395 3237 I.
3431 3193 3530 3256 19.
3560 3196 3622 3260 p.
3656 3193 3761 3259 33.
3799 3173 3993 3238 Gal.:
4039 3174 4203 3256 λέγω
4242 3178 4307 3239 δὲ
4344 3175 4471 3251 οῦν,
4514 3177 4590 3245 ὥς

2889 3275 3006 3341 ἀπὸ
3036 3282 3153 3341 τῶν
3192 3281 3420 3356 νοητῶν
3466 3276 3642 3340 θείων
3670 3275 4161 3358 παραδειγμάτων
4190 3276 4590 3360 ἀπογεννᾶται

2891 3378 3085 3462 (Cod.
3120 3378 3401 3444 Gothan.
3437 3381 3647 3461 ὑπογ.)
3682 3382 3757 3443 τὰ
3795 3380 4034 3461 ἐμφανῆ
4062 3385 4181 3443 τῶν
4209 3384 4363 3444 θεῶν
4390 3381 4584 3464 ἀγάλ·

2885 3506 3064 3560 ματα,
3093 3480 3390 3563 γενόμενά
3434 3505 3499 3544 τε
3534 3486 3843 3546 παντελῶς
3880 3482 3948 3544 ἐν
3977 3481 4172 3547 αὐτοῖς
4201 3482 4449 3562 ἵδρυται,
4494 3483 4588 3548 καὶ

2884 3583 3033 3664 πρὸς
3062 3583 3244 3660 αὐτὴν
3277 3583 3453 3663 (fort.
3483 3582 3663 3664 αὐτά)
3696 3580 4038 3661 ἀνήκουσαν
4062 3582 4190 3665 ἔχει
4217 3584 4327 3663 τὴν
4356 3584 4456 3648 ἀπ’
4488 3587 4589 3651 αὖ·

2886 3691 3004 3749 τῶν
3034 3687 3552 3749 ἀποτελεσθεῖσαν
3587 3685 3809 3749 εἰκόνα.
3857 3683 4068 3764 ἑτέρως
4096 3709 4162 3748 τε
4190 3688 4266 3749 τὰ
4296 3686 4448 3751 αὐτὰ
4475 3688 4583 3752 ἆλ-

2885 3797 3001 3867 λην
3029 3785 3418 3869 διακόσμησιν
3448 3788 3951 3867 δεδημιούργηται,
3985 3791 4211 3869 συνεχῆ
4254 3787 4324 3851 τέ
4359 3791 4491 3854 ἐστι
4516 3793 4590 3855 τὰ

2885 3895 3023 3970 τῇδε
3054 3890 3203 3970 πρὸς
3243 3891 3443 3954 ἐκεῖνα
3473 3892 3622 3953 κατὰ
3649 3891 3793 3968 μίαν
3825 3889 4062 3952 ἕνωσιν·
4112 3891 4210 3953 καὶ
4238 3894 4312 3954 τὰ
4338 3893 4453 3970 μὲν
4478 3918 4593 3957 πα-

2888 3995 3072 4076 ρόντα
3103 3997 3235 4056 θεῖα
3275 3995 3454 4072 νοερᾶ
3495 3994 3617 4071 εἴδη
3665 3989 3893 4071 (Goth.
3939 3991 4079 4072 ἤδη)
4111 3997 4234 4059 τοῖς
4273 3994 4590 4074 ὁρωμένοις

2889 4098 3125 4175 σῶμασι
3141 4101 3259 4159 τῶν
3284 4100 3437 4159 θεῶν
3456 4098 3760 4177 χωριστῶς
3783 4093 3976 4156 αὐτῶν
3994 4093 4382 4178 προῦπάρχει.
4430 4099 4505 4161 τὰ
4524 4099 4589 4162 δὲ

2885 4199 3099 4277 ἄμικτα
3131 4197 3225 4261 καὶ
3271 4196 3666 4278 ὑπερουράνια
3705 4195 3898 4258 αὐτῶν
3933 4198 4116 4274 νοητὰ
4141 4199 4590 4282 παραδείγματα

2883 4299 3051 4380 μένει
3092 4297 3217 4363 καθ’
3253 4300 3434 4362 ἑαυτὰ
3475 4298 3564 4362 ἑνὶ
3597 4296 3796 4377 (Cod.
3830 4295 4099 4361 Vindob.
4132 4299 4201 4361 ἐν
4239 4300 4348 4373 ἑνὶ,
4395 4305 4587 4386 recte)

2891 4403 3038 4480 ὁμοῦ
3075 4400 3273 4464 πάντα
3312 4403 3460 4465 κατὰ
3494 4398 3602 4478 τὴν
3646 4400 3950 4464 διαιωνίαν
3992 4400 4222 4481 (Goth.
4254 4401 4416 4466 male
4464 4404 4587 4469 διά-

2891 4507 3088 4586 νοιαν)
3121 4504 3311 4567 αὐτῶν
3356 4501 3724 4584 ὑπερβολήν.
3813 4503 3974 4581 Quae
4014 4517 4404 4590 quantopere
4445 4529 4588 4570 cum

2886 4604 3187 4691 proximis
3228 4603 3463 4669 Plotini
3495 4627 3628 4691 cap.
3666 4605 3803 4670 XI.
3853 4604 4264 4682 consentiant,
4305 4628 4430 4673 non
4475 4623 4589 4688 est,

2886 4706 3059 4793 quod
3089 4721 3665 4772 commonstremus.
3713 4704 4103 4771 Peculiarem
4122 4720 4332 4772 autem
4356 4707 4585 4776 librum

2887 4811 3024 4892 περὶ
3067 4808 3429 4890 ἀγαλμάτων
3472 4808 3919 4895 conscripserat
3961 4807 4127 4873 idem
4178 4808 4584 4894 lamblichus,

2887 4912 3070 4999 cujus
3100 4910 3422 4977 consilium
3449 4926 3511 4975 et
3541 4933 3847 4975 summam
3880 4909 4059 4975 nobis
4075 4911 4277 4998 aperit
4304 4912 4407 4979 Jo.
4431 4916 4584 4981 Phi-

2885 5015 3152 5101 loponus
3179 5038 3284 5101 ap.
3313 5014 3506 5079 Phot.
3538 5013 3696 5079 Cod.
3725 5014 3996 5079 CCXV.
4028 5036 4093 5099 p.
4124 5028 4266 5098 173.
4293 5015 4394 5081 ed.
4417 5017 4588 5084 Bek-

2888 5118 3043 5182 keri.
3135 5119 3260 5198 Qui
3293 5117 3510 5183 locus
3495 5133 3643 5182 item
3675 5141 3818 5183 cum
3854 5115 4212 5181 Plotiniano
4240 5123 4585 5208 comparari

2887 5219 3095 5286 debet.
3190 5221 3435 5287 Omitto
3476 5219 3649 5299 alios,
3678 5243 3838 5306 quos
3879 5218 4202 5283 indicavi
4187 5242 4251 5283 m
4281 5239 4493 5289 annot.
4524 5225 4591 5291 in

2893 5324 3097 5387 Cicer.
3130 5323 3210 5388 de
3239 5325 3394 5389 Nat.
3427 5324 3654 5387 Deorr.
3690 5323 3790 5389 11.
3835 5337 3925 5404 17.
3957 5345 4022 5409 p.
4058 5341 4203 5408 273.
4299 5323 4429 5389 Hic
4471 5327 4595 5393 alia

2890 5424 3191 5490 nonnulla
3246 5425 3593 5490 adscribam
3654 5425 3779 5489 huc
3829 5424 4155 5489 facientia:
4206 5425 4471 5494 Proclus
4526 5430 4592 5495 in

2894 5527 3155 5592 Scholiis
3200 5527 3264 5592 in
3318 5527 3648 5615 Cratylum
3693 5528 3753 5610 ξ.
3784 5546 3896 5613 5¹·
3933 5550 3995 5613 p.
4032 5545 4131 5591 21.
4180 5528 4591 5599 Boissonad.:
