5118 6613
1011 519 1139 590 352

1009 674 1302 741 malueris
1329 696 1469 739 cum
1504 674 1648 739 Vat.
1686 674 2114 756 διαιρούμενον.
2188 674 2316 741 Sed
2343 697 2514 742 nunc
2540 674 2706 740 linea

1013 803 1143 867 seq.
1170 777 1357 844 etiam
1384 775 1821 864 corrigendum
1849 779 2224 860 ποιούμενον.

1099 907 1167 972 p.
1194 897 1378 968 1152,
1402 881 1498 945 18.
1543 880 1651 960 τὴν
1687 881 2049 962 γεωμετρίαν
2074 882 2275 946 τοίνυν
2315 881 2385 946 οὗ
2424 882 2559 964 περὶ
2600 906 2704 962 με-

1016 984 1182 1069 γέθη,
1214 981 1376 1048 ἀλλὰ
1394 984 1530 1065 περὶ
1555 980 1837 1063 ποιότητα
1867 982 2341 1071 καταγίνεσθαι]
2373 984 2573 1048 Recte
2596 982 2705 1047 Fi-

1020 1089 1229 1153 cinus:
1294 1095 1338 1126 “
1369 1083 1792 1152 Geometriam
1837 1107 1963 1149 non
2009 1087 2180 1150 circa
2220 1084 2705 1172 magnitudines,

1017 1192 1126 1258 sed
1173 1191 1334 1256 circa
1377 1188 1708 1276 qualitates
1753 1189 2059 1254 versari?⁹
2149 1188 2383 1254 Confer
2423 1212 2569 1253 cum
2610 1189 2708 1255 his

1020 1292 1380 1360 Plotinianis
1422 1291 1653 1369 locum,
1696 1314 1885 1379 quem
1931 1293 2134 1356 Henr.
2159 1291 2377 1378 steph.
2412 1291 2475 1356 in
2508 1292 2703 1358 Thes.

1014 1420 1081 1485 p.
1104 1415 1292 1481 2939.
1310 1418 1364 1460 c.
1399 1393 1671 1460 Loudin.
1699 1418 1734 1458 e
1760 1394 2004 1459 Budaeo
2031 1394 2096 1458 in
2128 1395 2403 1460 medium
2433 1396 2703 1484 profert:

1017 1500 1350 1581 Γεωμετρία
1379 1499 1547 1563 ἐστὶν
1576 1496 1861 1579 ἐπιστήμη
1897 1498 2033 1580 περὶ
2058 1495 2250 1563 ποσὸν
2279 1499 2707 1583 καταγινομένη

1018 1605 1290 1686 συνεχὲς,
1321 1603 1613 1681 ἀκίνητον.
1687 1600 1967 1666 Μὶοὴειό]
2002 1600 2246 1667 Psellus
2266 1602 2411 1690 jun.
2440 1602 2507 1667 in
2537 1605 2706 1668 Ἐπι-

1015 1713 1158 1771 λυσ.
1193 1707 1276 1773 εἷς
1305 1703 1438 1772 τοὺς
1466 1706 1532 1768 ἐκ
1559 1708 1659 1785 τῆς
1686 1706 2056 1788 φιλοσοφίας
2093 1702 2345 1786 τρόπους
2380 1703 2504 1770 ita:
2552 1707 2646 1770 ότι
2672 1707 2710 1786 ἡ

1014 1812 1127 1891 μὲν
1153 1807 1334 1892 τέχνη
1362 1806 1498 1889 περὶ
1525 1805 1600 1870 τὰ
1622 1805 1798 1871 ὑλικὰ
1827 1808 1921 1871 καὶ
1948 1806 2312 1890 φθειρόμενα
2355 1809 2450 1873 καὶ
2488 1809 2572 1891 μὴ
2615 1810 2709 1874 ἀεὶ

1015 1913 1291 1978 ὡσαύτως
1319 1910 1539 1994 ἔχοντα
1567 1911 1960 1992 καταγίνεται.
2032 1909 2462 1998 Olympiodor.
2492 1911 2558 1975 in
2590 1911 2708 1977 Al-

1014 2015 1131 2080 cib.
1166 2014 1367 2103 pr.X.
1401 2037 1469 2101 p.
1495 2016 1617 2097 96:
1668 2015 1858 2077 ἐκεῖνο
1893 2011 2004 2096 γὰρ
2051 2013 2119 2077 οὗ
2155 2014 2290 2096 περὶ
2324 2013 2394 2078 τὸ
2430 2015 2709 2082 ὡσαύτως

1014 2123 1198 2184 ταῦτα
1241 2122 1447 2181 καλεῖν
1493 2118 1886 2199 καταγίνεται,
1919 2115 2028 2180 ubi
2070 2116 2152 2180 de
2193 2115 2328 2180 aliis
2362 2116 2701 2182 Construc-

1014 2220 1287 2286 tionibus
1328 2217 1521 2304 hujus
1561 2217 1760 2297 verbi,
1807 2217 2481 2307 significationibusque
2522 2218 2709 2308 plura

1011 2322 1286 2389 laudavi.
1378 2320 1508 2386 Hic
1556 2321 1723 2386 addo
1763 2320 1970 2386 locum
2013 2321 2257 2387 Nicolai
2301 2322 2702 2391 MethonenS.

1013 2426 1154 2492 adv.
1185 2424 1390 2492 Procli
1422 2425 1633 2490 Instit.
1660 2423 1972 2513 Theolog.
1998 2426 2416 2493 LXXVIII.
2450 2450 2513 2515 p.
2545 2429 2701 2493 106:

1015 2535 1098 2600 εἷς
1126 2533 1192 2596 δὲ
1222 2529 1355 2598 τοὺς
1380 2530 1516 2611 περὶ
1544 2533 1648 2593 τοῦ
1678 2528 1755 2611 (f.
1784 2527 1878 2615 τὸ)
1903 2528 2144 2608 δυνάμει
2174 2530 2269 2593 καὶ
2299 2531 2569 2617 ἐνεργείᾳ
2598 2540 2707 2613 φυ-

1015 2634 1213 2701 σικοὺς
1264 2634 1360 2697 καὶ
1408 2632 1544 2714 περὶ
1597 2631 1704 2712 τὴν
1749 2634 1900 2711 ὕλην
1948 2632 2441 2714 καταγινομένους
2487 2632 2707 2718 λόγους

1015 2736 1376 2815 ὦλίσθησεν.

1098 2860 1163 2925 p.
1195 2856 1378 2923 1154,
1412 2854 1474 2902 2.
1521 2835 1645 2902 καθ’
1676 2838 1826 2901 ὅσον
1854 2840 1916 2901 αῖ
1957 2838 2236 2921 διαφοραὶ
2280 2840 2348 2901 ἐν
2387 2836 2567 2923 αὐτῷ]
2621 2836 2703 2901 In

1015 2941 1271 3006 Latinis
1298 2939 1540 3004 uncinis
1566 2939 1928 3003 inclusimus
1957 2940 2180 3005 verba:
2227 2941 2299 3002 in
2326 2940 2703 3027 quantitati-5

1005 3064 1244 3132 genere
1282 3042 1430 3120 dici,
1470 3056 1644 3130 post:
1692 3043 2064 3130 dffrentiae
2101 3052 2292 3116 sum,-
2339 3056 2404 3106 et
2439 3064 2588 3107 vero
2629 3065 2704 3106 ea

1014 3144 1471 3223 delevissemus,
1521 3143 1638 3209 nisi
1685 3144 1750 3208 in
1801 3143 2072 3209 editione
2116 3167 2370 3232 quoque
2421 3144 2703 3233 principe

1011 3249 1077 3315 h.
1098 3247 1140 3315 l.
1172 3246 1436 3336 repetita
1460 3245 1900 3335 reperirentur.
1993 3246 2288 3312 Proxime
2317 3269 2464 3312 vero
2493 3248 2572 3314 C.
2620 3267 2703 3313 ex

1011 3351 1159 3418 edit.
1198 3352 1394 3441 princ.
1442 3349 1908 3415 emendavimus
1949 3351 2312 3439 complentes
2354 3374 2471 3438 pro
2512 3374 2698 3438 copu-

1012 3457 1233 3521 lantes.

1093 3596 1182 3608 —
1205 3578 1306 3646 13.
1351 3559 1447 3623 καὶ
1473 3561 1642 3645 ποσῷ
1672 3558 2029 3642 συμμιχθὲν]
2083 3558 2189 3622 Ita
2216 3556 2430 3645 scripsi
2457 3581 2576 3645 pro
2605 3560 2701 3623 καὶ

1009 3668 1155 3751 ποιῷ
1176 3663 1294 3728 hac
1322 3661 1647 3727 sententia:
1682 3660 1855 3748 quod
1876 3659 2062 3748 quale
2090 3683 2234 3726 cum
2262 3659 2398 3725 aliis
2424 3659 2700 3726 materiae

1009 3780 1075 3831 et
1099 3776 1332 3855 quanto
1360 3764 1709 3830 admixtum
1740 3763 1944 3828 efficit.

1097 3893 1163 3957 p.
1191 3890 1213 3933 1
1236 3889 1380 3954 155,
1413 3887 1510 3954 15.
1546 3869 1636 3931 ὅτι
1665 3869 1827 3932 ἄλλα
1853 3867 1991 3956 ἤδη]
2040 3868 2172 3931 Pro
2194 3867 2305 3947 ἤδη
2333 3888 2533 3954 marg.
2565 3865 2695 3932 Ed.

1006 3973 1199 4038 habet
1228 3975 1373 4051 εἴδη,
1403 3994 1548 4057 quae
1576 3968 2040 4052 παραδιόρθωσις
2066 3993 2144 4033 ex
2172 3983 2467 4058 corrupta
2492 3968 2702 4035 lectio-

1008 4098 1088 4139 ne
1117 4076 1278 4139 ἄλλα
1305 4088 1400 4138 est
1427 4086 1627 4137 enata.

1092 4201 1156 4265 p.
1197 4178 1379 4260 1156,
1413 4194 1470 4240 2.
1520 4175 1637 4238 Καὶ
1683 4171 1794 4256 γὰρ
1842 4177 1896 4238 εἰ
1940 4177 2006 4239 ἐν
2047 4177 2161 4255 ὕλῃ
2209 4171 2383 4257 λόγοι
2430 4204 2479 4240 κ.
2511 4202 2567 4240 τ.
2594 4177 2693 4265 λ.]

1012 4279 1290 4368 Simplic.
1319 4278 1383 4341 in
1414 4277 1677 4342 Aristot.
1713 4278 1981 4365 Categg.
2025 4301 2087 4365 p.
2123 4297 2222 4363 73.
2253 4277 2330 4342 b:
2384 4278 2496 4360 (cf.
2539 4278 2693 4343 alte·

1008 4407 1151 4450 rum
1202 4380 1500 4469 Simplicii
1544 4380 1750 4445 locum
1795 4380 1877 4444 ad
1918 4403 1984 4467 p.
2013 4381 2164 4466 588.
2212 4402 2402 4467 supra
2446 4381 2696 4469 apposi-

1009 4504 1143 4552 tum
1166 4489 1216 4571 z)
1262 4483 1423 4567 Πρὸς
1460 4486 1571 4564 μὲν
1610 4481 1720 4566 γὰρ
1761 4485 1896 4552 τοὺς
1940 4482 2056 4548 ἀπὸ
2097 4486 2199 4563 τῆς
2244 4488 2442 4558 στοᾶς,
2483 4482 2551 4548 τὸ
2586 4486 2699 4565 μὲν

1008 4594 1332 4656 σπουδαῖον
1380 4586 1573 4669 γένος,
1620 4586 1882 4666 βέβαιον
1925 4585 2233 4670 λέγοντας,
2282 4584 2350 4649 τὸ
2393 4588 2458 4650 δὲ
2506 4585 2699 4667 μέσον

1008 4694 1281 4758 ἐπίτασιν
1311 4690 1407 4754 καὶ
1436 4690 1643 4753 ἄνεσιν
1673 4686 2072 4773 ἐπιδέχεσθαι,
2106 4690 2401 4770 ἀπορῆσαι
2429 4692 2618 4771 ἄξιον,
2642 4694 2697 4756 εἰ

1004 4796 1084 4876 μὴ
1115 4797 1147 4858 6
1178 4793 1335 4876 ἔχων
1360 4791 1468 4871 τὴν
1497 4791 1727 4871 ἀρετὴν,
1761 4792 2057 4855 ἐλλείπων
2097 4793 2161 4855 δὲ
2209 4790 2352 4855 κατὰ
2394 4790 2691 4871 συνάσκη-

1005 4923 1105 4962 σιν
1130 4896 1168 4976 ἢ
1197 4897 1304 4976 τὴν
1343 4895 1547 4976 φύσιν,
1586 4892 1763 4972 ἧττον
1810 4892 1884 4957 ἂν
1923 4897 2010 4973 εἴη
2060 4898 2402 4968 σπουδαῖον,
2444 4896 2589 4961 ἴσως
2629 4896 2694 4958 δὲ

1005 5002 1209 5083 ἐροῦσι
1236 4996 1344 5078 τὴν
1373 4995 1586 5077 ἀρετὴν
1614 4996 1802 5059 οὖσαν
1832 4995 2176 5075 ἐπιστήμην,
2206 4998 2267 5075 ἐξ
2298 4997 2502 5075 ἑαυτῆς
2531 4996 2696 5080 ἔχειν

1001 5102 1067 5167 τὸ
1099 5102 1335 5184 πάγιον.
1383 5104 1500 5163 τῶν
1527 5095 1639 5181 γὰρ
1669 5098 1901 5162 οἶκείων
1933 5095 2137 5181 λόγων
2165 5098 2318 5161 οὖσα
2356 5100 2692 5178 θεωρητικὴ,

1006 5206 1102 5270 καὶ
1132 5199 1535 5287 στοχαζομένη
1565 5200 1660 5265 ἀεὶ
1698 5204 1803 5263 τοῦ
1841 5197 1965 5263 καθ’
2002 5199 2213 5278 ἑαυτὴν
2242 5197 2437 5263 πάντα
2478 5206 2691 5276 ποιεῖν,

1004 5311 1242 5391 ἐνεργεῖ
1276 5306 1542 5386 βεβαίως
1591 5305 1829 5367 ἑστῶσα
1870 5304 1937 5366 ἐν
1982 5305 2063 5388 τῷ
2114 5302 2505 5389 ἀμεταπτώτῳ
2553 5306 2696 5367 εἴδει

1002 5415 1103 5491 τῆς
1131 5407 1470 5489 ἐπιστήμης.
1507 5405 1670 5472 ἀλλὰ
1694 5410 1817 5473 πῶς
1844 5409 2014 5470 τοῦτο
2045 5402 2295 5468 δυνατὸν
2324 5405 2421 5469 ἐπὶ
2448 5409 2695 5487 τρεπτῆς

1004 5514 1099 5578 καὶ
1126 5516 1386 5591 παθητῆς
1414 5511 1624 5579 οὐσίας
1652 5512 1754 5590 τῆς
1780 5505 2105 5588 ποιότητος,
2139 5508 2235 5573 καὶ
2261 5506 2524 5588 μάλιστα
2569 5506 2690 5574 κατ’

1983 500 2839 570 ANNOTATIONES
2907 504 3019 570 IN
3084 503 3535 571 PLOTINI

2790 676 2999 745 αὐτοὺς
3038 679 3220 762 χύσιν
3243 704 3312 743 τε
3351 678 3446 742 καὶ
3486 675 3798 757 συστολὴν
3830 678 4086 761 ἐχούσης
4128 678 4218 743 ἐπ’
4249 677 4498 764 ἄπειρον

2792 781 2860 844 ἐν
2890 782 3066 860 ἑαυτῆ
3100 781 3196 845 καὶ
3223 785 3324 861 τῆς
3353 782 3600 864 ἀρετῆς;
3646 781 3792 844 διότι
3821 782 4069 861 σώματα
4098 783 4195 846 καὶ
4223 786 4327 852 τὰς
4353 810 4486 849 ποι-

2794 884 3002 963 ότητας
3028 882 3301 965 λέγουσι.
3343 882 3571 964 μήποτε
3612 884 3719 948 οὖν
3747 886 3823 947 τὰ
3862 885 3997 966 περὶ
4042 885 4260 968 ἑτέρων
4287 888 4492 971 ἀρχῶν

2792 988 2954 1068 παρὰ
2977 991 3101 1052 τοῖς
3140 988 3405 1071 ἀρχαίοις
3446 987 3767 1070 λεγόμενα,
3801 989 3897 1051 καὶ
3941 983 4032 1052 ἐπ’
4062 989 4258 1057 ἄλλας
4301 992 4491 1074 ἀρχὰς

2794 1088 2955 1153 οὗτοι
2993 1089 3436 1172 μεταφέρουσιν
3476 1092 3530 1154 εἰ
3573 1090 3653 1170 μὴ
3702 1089 3818 1171 ἄρα
3853 1089 3963 1169 τὴν
4006 1094 4338 1157 σπουδαίαν
4367 1094 4494 1173 ἕξιν

2796 1194 2943 1256 κατᾶ
2971 1191 3038 1256 τὸ
3067 1190 3330 1272 μάλιστα
3368 1191 3680 1273 τιθέμενοι,
3715 1193 3810 1256 καὶ
3837 1193 3943 1258 οὐκ
3972 1195 4042 1257 ἐν
4070 1193 4297 1275 κινήσει
4340 1201 4487 1261 θεω-

2791 1297 3049 1377 ροΰντες,
3084 1296 3320 1362 εἰκότως
3363 1296 3498 1359 οὐδὲ
3544 1296 3835 1370 ἐπίτασιν,
3869 1297 4005 1361 οὔτε
4050 1299 4261 1364 ἄνεσιν
4286 1299 4491 1379 ἠξίουν

2794 1394 2885 1461 ἐπ’
2919 1398 3093 1477 αὐτῆς
3136 1401 3396 1479 θεωρεῖν.
3460 1396 3596 1462 ἀλλ’
3632 1400 3685 1462 εἶ
3728 1403 3901 1463 τοῦτο
3955 1401 4050 1464 καὶ
4096 1407 4217 1465 τῶν
4256 1409 4489 1486 τεχνῶν

2795 1499 3046 1580 ἑκάστης
3072 1501 3209 1564 ἐστί
3229 1526 3285 1564 τι
3312 1499 3594 1580 μάλιστα,
3627 1500 3661 1564 δ
3692 1502 3787 1565 καὶ
3817 1503 3959 1567 αὐτὸ
3990 1504 4221 1584 ἕστηκε.
4263 1506 4489 1573 παντὸς

2793 1606 2910 1685 γὰρ
2951 1606 3056 1666 τοῦ
3089 1606 3328 1683 μᾶλλον
3367 1604 3463 1667 καὶ
3503 1603 3702 1683 ἦττον,
3735 1605 3869 1668 ἐστί
3901 1631 3958 1669 τι
3996 1605 4229 1675 πάντως
4276 1609 4373 1673 καὶ
4416 1609 4488 1672 τὸ

2792 1704 3077 1785 μάλιστα.
3124 1705 3219 1769 καὶ
3247 1707 3391 1772 ἴσως
3434 1709 3581 1770 κατὰ
3608 1708 3825 1787 ταύτην
3851 1708 3960 1787 τὴν
3988 1709 4228 1774 ἔννοιαν
4253 1711 4293 1791 ἡ
4321 1713 4481 1791 δόξα,

2792 1807 2862 1887 ἧς
2900 1805 3320 1889 Ἀριστοτέλης
3363 1810 3737 1890 μνημονεύει,
3767 1813 3874 1878 τᾶς
3917 1811 4066 1891 ἕξεις
4110 1816 4216 1881 τᾶς
4252 1816 4487 1883 τελείας

2793 1910 2899 1974 οὐκ
2929 1908 3017 1974 ἐπ’
3051 1911 3258 1992 ἀρετῆς
3285 1913 3467 1992 μόνης
3495 1913 3657 1977 ἀλλᾶ
3687 1913 3783 1977 καὶ
3811 1914 3908 1977 ἐπὶ
3934 1916 4138 1996 ὑγείας
4172 1918 4268 1981 καὶ
4294 1943 4480 2000 γραμ·

2789 2017 3051 2094 ματικῆς,
3077 2014 3172 2078 καὶ
3199 2020 3317 2079 τῶν
3346 2016 3551 2080 ἄλλων
3580 2016 3905 2080 διαθέσεων
3931 2017 4351 2098 λαμβάνουσα,
4378 2022 4480 2083 ἀν-

2793 2115 3097 2185 επιτάτους
3142 2118 3320 2186 αὐτὰς
3362 2118 3457 2182 καὶ
3502 2118 3744 2187 ἀνέτους
3789 2119 3947 2185 εἶναί
3988 2130 4198 2204 φησιν,
4240 2125 4308 2188 ἐν
4357 2130 4483 2195 τοῖς

2790 2219 3109 2303 μετέχουσι
3153 2226 3270 2284 τῶν
3311 2221 3490 2300 ἕξεων
3526 2220 3826 2303 μᾶλλονῆ
3863 2222 4042 2302 ἧττον
4069 2227 4179 2305 τὴν
4209 2228 4480 2291 ἐπίτασιν

2793 2325 3096 2403 θεωροῦσα
3147 2324 3242 2387 καὶ
3290 2325 3400 2403 τὴν
3440 2325 3665 2389 ἄνεσιν.
3727 2326 3914 2390 καίτοι
3963 2330 4030 2392 ἐν
4069 2331 4270 2398 αὐταῖς
4315 2331 4484 2395 ἔστιν

2791 2427 2937 2488 ἰδεῖν
2976 2429 3166 2499 τοῦτο,
3201 2427 3271 2490 οὗ
3314 2429 3502 2507 μόνον
3541 2433 3668 2496 ταῖς
3713 2427 3973 2512 τέχναις,
4005 2432 4168 2496 ἀλλὰ
4215 2435 4311 2498 καὶ
4353 2440 4484 2502 ταῖς

2790 2527 3041 2608 ἀρεταῖς.
3092 2528 3188 2592 καὶ
3230 2534 3348 2593 τῶν
3388 2530 3612 2612 ἀρετῶν
3639 2533 3754 2613 γὰρ
3792 2534 3855 2596 αὶ
3893 2534 4007 2614 μὲν
4033 2533 4265 2600 τέλειαί
4304 2540 4479 2612 εἰσιν,

2792 2632 2854 2694 αὶ
2882 2632 2947 2694 δὲ
2978 2632 3228 2699 ἀτελεῖς.
3271 2633 3502 2700 ἀτελεῖς
3527 2635 3658 2713 μὲν,
3692 2636 3754 2698 αἱ
3782 2636 3965 2717 φύσει
3993 2639 4201 2716 μόνον,
4230 2636 4268 2717 ἢ
4299 2639 4419 2703 ἔθει
4443 2637 4483 2719 ἢ

2788 2735 2972 2820 λόγῳ·
3018 2734 3242 2799 τέλειαι
3274 2736 3337 2799 δὲ
3369 2738 3430 2800 αἱ
3458 2742 3580 2804 τοῖς
3608 2737 3766 2818 τρισὶ
3793 2739 4019 2806 τούτοις
4047 2749 4479 2823 συμπεπληρω-

2786 2833 2984 2916 μέναι,
3019 2839 3072 2901 εἶ
3097 2837 3177 2917 μὴ
3206 2838 3321 2920 ἄρα
3349 2838 3493 2918 αὐτὴ
3529 2840 3642 2919 μὲν
3668 2841 3706 2919 ἡ
3735 2841 3912 2923 ἀρετὴ
3954 2840 4155 2907 τέλεια
4201 2845 4297 2909 καὶ
4338 2848 4477 2910 ὀλό-

2789 2941 3000 3022 κληρός
3029 2942 3178 3014 ἐστι,
3200 2940 3513 3025 μετέχεται
3541 2944 3606 3006 δὲ
3637 2943 3732 3006 καὶ
3761 2946 3908 3007 κατὰ
3934 2943 4131 3026 μέρος,
4153 2948 4355 3030 ὥσπερ
4385 2952 4483 3013 καὶ

2784 3043 2822 3122 ἢ
2851 3043 3239 3126 γραμματικὴ,
3272 3045 3368 3108 καὶ
3404 3050 3524 3109 τῶν
3548 3046 3754 3109 ἄλλων
3780 3051 4010 3129 τεχνῶν
4038 3047 4257 3130 ἑκάστη
4285 3054 4382 3115 διὰ
4408 3052 4477 3116 τὸ

2787 3146 3015 3219 ἀτελὲς,
3050 3145 3144 3210 καὶ
3171 3143 3238 3210 τὸ
3266 3152 3506 3227 μᾶλλον
3535 3149 3630 3212 καὶ
3657 3148 3835 3228 ἦττον
3866 3151 3933 3213 ἐν
3960 3153 4030 3229 τῇ
4056 3150 4293 3231 μεθέξει
4330 3158 4476 3219 θεω-

2785 3253 2993 3331 ρεῖται.
3036 3245 3236 3313 Ἀλλᾶ
3263 3250 3439 3317 ποίας
3465 3248 3760 3320 διαθέσεις
3789 3252 3864 3320 ὥς
3891 3254 4124 3322 τελείας
4151 3256 4262 3340 ὁρᾷ
4300 3258 4333 3320 6
4369 3254 4476 3321 ’A-

2783 3351 3131 3435 ριστοτέλης
3159 3357 3320 3437 παρὰ
3344 3356 3450 3422 τὰς
3481 3352 3770 3438 ἐχομένας
3795 3383 3812 3429 3
3859 3357 3974 3437 ἄρα
4002 3354 4075 3419 τὰ
4100 3356 4365 3440 χωριστὰ
4395 3362 4475 3423 εἵ-

2785 3460 2880 3534 δη,
2916 3455 3009 3519 καὶ
3049 3456 3156 3536 τὴν
3200 3457 3739 3537 αὖτοδικαιοσύνην,
3769 3456 3807 3537 ἢ
3849 3459 3986 3522 οὔτε
4026 3460 4276 3539 σύνηθες
4320 3460 4475 3547 αὐτῷ

2784 3562 2976 3633 τοῦτο,
3009 3561 3144 3624 οὔτε
3173 3565 3293 3627 τοῖς
3319 3557 3727 3642 προκειμένοις
3759 3563 3996 3633 οἰκεῖον,
4021 3563 4157 3626 οὔτε
4185 3561 4479 3633 διαθέσεις

2786 3659 2862 3725 ἂν
2891 3663 3110 3726 ἐκεῖναι
3155 3667 3447 3742 κληθεῖεν.
3495 3664 3657 3726 ἀλλὰ
3685 3665 3789 3729 τᾶς
3815 3662 4217 3747 μετεχομένας
4243 3668 4480 3735 τελείας

2787 3763 3172 3844 θεασάμενος,
3207 3762 3354 3829 κατὰ
3396 3765 3503 3844 τὴν
3543 3765 3692 3847 πρὸς
3736 3767 3965 3834 ἐκείνας
4007 3768 4343 3850 ἀναφορὰν,
4372 3773 4478 3837 τᾶς

2785 3865 3260 3946 ἀπολειπομένας
3289 3868 3500 3947 αὐτῶν,
3523 3866 3591 3932 τὸ
3617 3873 3857 3948 μᾶλλον
3884 3871 3981 3934 καὶ
4008 3868 4075 3934 τὸ
4102 3870 4281 3951 ἦττον
4310 3873 4476 3956 ἔχειν

2782 3967 3091 4047 βούλεται.
3125 3967 3221 4031 καὶ
3250 3965 3670 4049 ἀκριβέστερος
3697 3970 3730 4031 6
3751 3966 3935 4051 λόγος
3963 3970 4132 4037 οὗτος
4161 3973 4230 4034 ἐν
4255 3971 4478 4041 πάσαις

2783 4074 2909 4136 ταῖς
2952 4064 3278 4143 διαθέσεσι,
3322 4069 3417 4133 καὶ
3460 4067 3529 4133 τὸ
3572 4066 3808 4134 τέλειον
3848 4068 3993 4135 κατὰ
4032 4073 4139 4152 τὴν
4185 4072 4476 4156 ἀκρότητα

2784 4172 2975 4235 αὐτῶν
3003 4175 3256 4253 θεωρῶν,
3296 4172 3390 4235 καὶ
3432 4170 3500 4235 τὸ
3543 4177 3779 4252 μᾶλλον
3823 4174 3917 4238 καὶ
3955 4175 4152 4255 ἧττον,
4187 4174 4334 4241 κατὰ
4364 4180 4478 4258 τὴν

2784 4276 2851 4338 ἐν
2878 4272 3092 4338 πλάτει
3118 4272 3377 4354 μέθεξιν.
3407 4280 3524 4338 τῶν
3552 4277 3616 4338 δὲ
3647 4277 3871 4351 ἄλλων,
3903 4277 4027 4351 &re
4054 4283 4172 4343 τῶν
4199 4285 4479 4345 Στωϊκῶν

2783 4376 2996 4455 ἀτελὴς
3024 4379 3206 4454 δοκεῖ,
3235 4375 3381 4456 μήτε
3418 4382 3535 4440 τῶν
3564 4379 3788 4460 ἀρετῶν
3816 4376 3885 4442 τὸ
3922 4379 4151 4461 ἀτελὲς,
4176 4381 4325 4463 μήτε
4352 4391 4475 4448 τῶν

2783 4481 2989 4544 ἄλλων
3026 4484 3273 4561 τεχνῶν,
3305 4476 3374 4543 τὸ
3413 4477 3649 4544 τέλειον
3683 4480 4069 4560 θεασάμενος.
4120 4485 4216 4548 καὶ
4257 4489 4374 4567 γὰρ
4419 4490 4475 4551 εἰ

2780 4584 2892 4663 μὲν
2922 4583 2989 4645 ἐν
3016 4578 3180 4667 λόγῳ
3220 4580 3381 4668 μόνῳ
3422 4584 3728 4665 ἐθεωρεῖτο
3766 4584 3803 4663 ἡ
3842 4585 4040 4667 ἀρετ-ἦ,
4073 4588 4106 4649 6
4146 4586 4254 4651 τὸν
4282 4586 4472 4672 λόγον

2782 4687 2940 4769 ἔχων
2970 4685 3065 4749 καὶ
3093 4685 3200 4764 τὴν
3229 4684 3577 4766 ἐπιστήμην,
3608 4685 3713 4749 οὐκ
3742 4684 3818 4750 ἂν
3847 4689 4214 4752 ἐπιτείνοιτο.
4247 4690 4330 4756 εῖς
4354 4693 4474 4772 γὰρ

2781 4791 2814 4852 6
2845 4788 3065 4869 ἀληθὴς
3103 4785 3303 4870 λόγος.
3352 4789 3574 4869 ἀληθὴς
3611 4791 3677 4852 δὲ
3715 4790 3970 4868 ἀληθοῦς
4004 4786 4191 4873 λόγος
4231 4796 4472 4868 μᾶλλον

2781 4892 2889 4957 οὐκ
2924 4891 3111 4956 ἔστιν.
3159 4894 3213 4955 εἰ
3242 4893 3305 4955 δὲ
3334 4891 3443 4971 τὴν
3472 4890 3799 4970 ἐπιστήμην
3829 4891 3987 4974 ἔχων
4015 4894 4284 4957 ἐλλείποι
4323 4892 4473 4958 κατὰ

2781 4994 2888 5075 τὴν
2916 4994 3307 5072 συνάσκησιν,
3336 4991 3374 5072 ἢ
3412 4992 3522 5072 τὴν
3551 4994 3757 5075 φύσιν,
3787 4994 3966 5073 ἦττον
3995 4992 4071 5059 ἂν
4101 4998 4191 5075 εἴη
4226 4997 4466 5071 δίκαιος,

2781 5099 2937 5162 ὥστε
2967 5100 3020 5161 εἰ
3044 5097 3081 5177 ἡ
3108 5098 3311 5161 τελεία
3341 5096 3456 5175 ἕξις
3484 5096 3589 5160 οὐκ
3621 5097 3687 5159 ἐκ
3712 5093 3912 5176 μόνων
3938 5102 4057 5160 τῶν
4083 5097 4472 5180 θεωρημάτων

2779 5197 3162 5279 συνέστηκεν,
3193 5196 3355 5262 ἀλλὰ
3395 5197 3490 5261 καὶ
3536 5200 3602 5262 ἐκ
3641 5199 3880 5280 φύσεως
3919 5199 4017 5263 καὶ
4056 5198 4244 5274 ἔθους,
4278 5201 4367 5278 εἴη
4395 5200 4474 5265 ἂν

2779 5303 2969 5369 ἄλλος
2996 5302 3187 5366 ἄλλου
3217 5298 3592 5381 δικαιότερος.
3626 5301 3722 5364 καὶ
3745 5301 3843 5365 ἐπὶ
3869 5305 4051 5381 τῆσδε
4070 5303 4103 5364 6
4123 5302 4236 5381 μὲν
4262 5300 4470 5386 λόγος,

2779 5405 2864 5473 εἷς
2895 5405 2989 5468 καὶ
3016 5405 3050 5467 6
3079 5403 3255 5471 αὐτὸς
3281 5405 3314 5467 6
3339 5405 3862 5486 συμπληρούμενος
3886 5401 4002 5468 ὑπὸ
4028 5408 4146 5467 τῶν
4175 5406 4474 5487 θεωρημά-

2778 5529 2917 5572 των·
2948 5507 2986 5588 ἡ
3015 5507 3079 5571 δὲ
3109 5505 3491 5585 συνάσκησις,
3517 5504 3642 5571 καθ’
3660 5505 3736 5587 ἣν
3764 5508 3797 5570 6
3830 5506 4047 5589 ἀτελὴς
4073 5509 4475 5590 γραμματικὸς
