5118 6613
1423 555 1630 620 LIB.
1673 554 1798 621 v1.
1843 556 2310 623 ENN-EAD.
2357 555 2747 623 PRIMAE.
2784 578 2847 645 p.
2885 556 3239 638 104—106.

602 730 830 796 tionem
872 728 937 794 in
969 728 1131 795 Plat.
1167 726 1429 793 Conviv.
1469 750 1538 816 p.
1570 731 1714 795 216.
1745 728 1836 794 D.
1869 742 1933 794 et
1962 727 2285 794 Charmid.

603 856 668 921 p.
698 848 842 919 159.
871 832 959 898 D.

683 973 772 987 —
818 952 877 1020 7.
938 935 1176 1004 ἑαυτοὺς
1231 937 1452 1003 ἰδόντες
1506 937 1581 1000 τᾶ
1638 934 1811 1000 ἔνδον
1866 936 2111 1025 καλούς]
2175 937 2290 1000 So-

600 1053 798 1105 crates
846 1051 1140 1128 precatur
1186 1036 1247 1102 in
1297 1036 1575 1102 Platonis
1618 1037 1891 1103 Phaedro
1931 1061 1997 1126 p.
2032 1057 2176 1124 279.
2209 1038 2288 1103 B.

604 1141 800 1224 δοίητέ
824 1167 925 1223 μοι
966 1144 1126 1227 καλῷ
1160 1140 1445 1224 γενέσθω
1480 1142 1785 1215 τᾶνδοθεν,
1819 1140 1988 1206 unde
2030 1139 2290 1205 eandem

604 1244 934 1311 formulam
979 1243 1219 1308 duxere
1265 1242 1589 1308 Himerius
1633 1244 1813 1308 Orat.
1841 1264 1906 1326 4.
1938 1264 1999 1325 4.
2046 1267 2107 1332 p.
2136 1245 2289 1326 464.

604 1362 669 1414 et
697 1346 986 1413 Clemens
1013 1346 1200 1411 Alex.
1237 1347 1464 1412 Strom.
1499 1348 1576 1411 V.
1607 1368 1672 1431 p.
1700 1360 1851 1432 595.
1883 1347 1960 1412 B.
2010 1347 2117 1412 Cf.
2150 1348 2286 1412 No-

604 1466 801 1516 strum
828 1474 897 1539 p.
929 1451 1079 1516 216.
1110 1451 1192 1513 E.
1213 1449 1289 1514 F.
1322 1449 1431 1513 ubi
1458 1448 1717 1514 alteram
1742 1449 2031 1529 formam,
2051 1452 2285 1526 τᾶνδον,

605 1568 867 1643 usurpat
895 1570 958 1619 et
986 1575 1054 1641 p.
1083 1567 1235 1638 543.
1266 1552 1353 1616 D.
1380 1553 1460 1616 E.

685 1692 776 1708 —
793 1657 856 1721 8.
888 1656 982 1722 καὶ
1007 1661 1130 1723 πῶς
1166 1656 1687 1744 ἆναβακχεύεσθε]
1720 1654 1907 1721 Plato
1939 1655 2188 1721 Phaedr.
2218 1679 2288 1745 p.

605 1780 752 1847 249.
780 1783 836 1825 a.
869 1757 1090 1843 κατοχή
1118 1784 1184 1823 τε
1214 1759 1309 1822 καὶ
1350 1759 1824 1842 μανία-ψυχὴν
1854 1760 2169 1842 ἐγείρουσα
2198 1761 2294 1824 καὶ

605 1865 1079 1948 ἐκβακχεύουσα,
1124 1882 1313 1949 quem
1356 1859 1559 1925 locum
1606 1859 1789 1926 multi
1831 1875 2289 1949 expresserunt.

606 1966 747 2033 Vid.
797 1964 1016 2031 laudd.
1066 1965 1133 2028 in
1176 1962 1307 2029 Ed.
1353 1961 1556 2050 pecul.
1596 1962 1884 2028 Plotinus
1916 1987 1983 2051 p.
2015 1980 2164 2048 714.
2196 1967 2284 2029 A.

604 2071 774 2154 ψυχὴ
805 2075 1047 2134 κινεῖται
1090 2067 1183 2132 καὶ
1228 2068 1703 2151 ἆναβακχεῦεται
1741 2068 1835 2131 καὶ
1883 2070 2123 2149 οἶστρον
2149 2094 2283 2148 πιμ-

603 2172 911 2238 πλάνεται.

578 2344 591 2356 ,
686 2276 771 2341 ib.
805 2275 899 2340 καὶ
945 2276 1171 2342 ἑαυτοῖς
1222 2278 1489 2338 συνεῖναι
1531 2272 1794 2358 ποθεῖτε]
1843 2270 1989 2335 Vid.
2038 2272 2287 2336 Platon.

607 2380 896 2467 SympOS.
940 2400 1079 2464 cap.
1122 2394 1220 2461 27.
1260 2399 1326 2464 p.
1359 2377 1463 2441 86.
1509 2373 1706 2441 Wolf.
1754 2388 1818 2440 et
1860 2373 1941 2439 de
1989 2374 2290 2439 similibus

602 2480 907 2559 formulis,
958 2494 1033 2545 ut
1079 2482 1145 2544 ἐν
1189 2482 1374 2565 ἑαυτῷ
1427 2478 1599 2558 εἶναι,
1646 2476 1938 2541 Valcken.
1984 2477 2065 2541 ad
2113 2476 2283 2542 Calc.

606 2582 966 2650 Hemsterh.
999 2596 1063 2647 et
1090 2581 1309 2646 Valck.
1339 2582 1541 2645 Oratt.
1571 2604 1639 2668 p.
1668 2580 1821 2666 383.
1881 2579 2104 2645 Plotin.
2138 2579 2282 2644 infr.

602 2710 666 2776 p.
692 2704 800 2772 57.
829 2686 917 2753 D.
949 2685 1044 2750 καὶ
1072 2688 1267 2771 σαυτῷ
1299 2689 1561 2766 καθαρῶς
1588 2684 1915 2765 συνεγένου
1935 2706 1998 2770 p.
2025 2697 2168 2768 759.
2194 2684 2284 2747 D.

602 2796 868 2856 συνεῖναι
900 2790 997 2854 καὶ
1025 2790 1232 2874 ἐαυτῷ.
1278 2785 1569 2851 Hermias
1596 2785 1662 2849 in
1682 2785 2022 2850 Pbaedrum
2047 2809 2114 2873 p.
2142 2801 2282 2867 170.

602 2896 684 2962 εἰς
712 2892 924 2958 ἑαυτὸν
951 2892 1291 2975 γενόμενος.
1359 2887 1611 2954 Persius
1645 2888 1826 2953 Satir.
1859 2889 1976 2953 IV.
2003 2904 2114 2976 53.
2155 2890 2284 2953 Te-

599 3019 741 3062 cum
770 2995 1009 3060 habita.
1075 2995 1380 3059 Nostrum
1418 3004 1629 3058 autem
1667 2991 1877 3058 locum
1903 3006 2047 3057 ante
2075 2989 2286 3056 oculos

600 3098 823 3165 habuit
852 3094 1114 3162 Proclus
1141 3095 1207 3160 in
1237 3096 1404 3160 Tim.
1436 3119 1498 3184 p.
1531 3111 1667 3182 173.

681 3239 772 3252 —
798 3220 896 3266 11.
929 3201 998 3265 οὐ
1042 3198 1624 3288 σχῆμα-ἔχουσαν]
1670 3196 1856 3264 Plato
1904 3198 2192 3286 Sympos.
2223 3221 2281 3262 c.

602 3324 706 3392 29.
735 3328 801 3393 p.
831 3323 939 3391 92.
967 3323 1071 3390 94.
1106 3299 1310 3367 Wolf.
1340 3300 1592 3367 Phaedr.
1622 3325 1689 3391 p.
1727 3317 1874 3385 247.
1905 3326 1965 3368 0.
2000 3299 2281 3391 Republ.

600 3410 675 3475 V.
705 3432 769 3498 p.
800 3407 949 3492 476.
982 3405 1044 3471 b.
1092 3406 1293 3492 Gorg.
1322 3428 1386 3494 p.
1418 3407 1567 3490 465.
1600 3405 1666 3469 b.
1715 3404 1944 3470 Plotin.
1976 3403 2057 3468 de
2098 3403 2278 3469 intel-

596 3512 709 3600 lig.
739 3508 993 3599 pulerit.
1020 3532 1084 3597 p.
1114 3523 1265 3594 543.
1297 3508 1384 3572 D.
1408 3509 1492 3572 E.
1537 3509 1633 3572 καὶ
1674 3509 1779 3571 οὐκ
1824 3510 1891 3573 ἐν
1933 3507 2173 3590 μεγέθει
2214 3506 2282 3571 τὸ

598 3615 822 3684 κάλλος
860 3613 941 3679 cf.
981 3611 1297 3700 praecipue
1337 3611 1639 3675 Nostrum
1666 3632 1732 3698 p.
1764 3629 1912 3694 722.
1941 3633 2037 3697 sq.
2087 3608 2284 3674 Plura

595 3716 830 3785 contuli
872 3715 955 3780 ad
999 3728 1279 3780 nostrum
1322 3712 1528 3778 locum
1564 3711 1631 3776 in
1660 3711 1791 3777 Ed.
1821 3712 2025 3800 pecul.
2056 3735 2120 3800 p.
2155 3731 2274 3780 221

590 3837 829 3905 —227.

679 3958 769 3976 —
799 3941 899 4008 13.
956 3917 1998 4002 ὅταν-θεάσησθε-ψυχῆς-νῆθος
2053 3919 2280 3982 δίκαιον

597 4029 692 4093 καὶ
721 4022 1147 4110 σωφροσύνην]
1181 4020 1366 4086 Plato
1411 4020 1671 4086 Conviv.
1707 4043 1774 4108 p.
1807 4040 1949 4106 209.
1978 4021 2044 4086 b.
2071 4043 2139 4109 p.
2169 4021 2276 4085 88.

595 4128 797 4195 Wolf.
845 4123 1124 4213 Republ.
1164 4125 1307 4188 ΙΙΙ.
1347 4146 1408 4210 p.
1438 4142 1587 4206 402.
1636 4122 1907 4211 indeque
1947 4145 2049 4211 ap.
2099 4121 2277 4188 Stob.

598 4234 792 4297 Serm.
823 4232 931 4316 63.
971 4251 1035 4316 p.
1067 4248 1215 4314 409.
1262 4250 1324 4314 p.
1363 4245 1513 4313 499.
1569 4226 1767 4292 Gaisf.
1820 4227 1959 4291 ὅτου
2008 4225 2083 4290 ἂν
2132 4251 2279 4306 συμμ-

592 4338 774 4415 πίπτῃ
815 4333 883 4398 ἔν
914 4357 982 4397 τε
1019 4335 1089 4411 τῇ
1133 4335 1303 4415 ψυχῇ
1348 4332 1502 4394 καλὰ
1548 4329 1660 4410 ἤθη
1706 4331 1919 4395 ἐνόντα
1962 4328 2056 4393 καὶ
2092 4329 2159 4392 ἐν
2193 4332 2273 4415 τῷ

591 4441 736 4504 εἴδει
786 4438 1196 4518 ὁμολογοῦντα
1246 4434 1492 4499 ἐκείνοις
1538 4434 1633 4497 καὶ
1676 4436 2129 4516 συμφωνοῦντα,
2171 4435 2277 4495 τοῦ

590 4542 770 4606 αὐτοῦ
808 4537 1139 4621 μετέχοντα
1175 4536 1376 4609 τύπου,
1408 4534 1561 4599 τοῦτ’
1592 4534 1667 4599 ἂν
1697 4536 1786 4616 εἴη
1817 4534 2142 4600 κάλλιστον
2168 4533 2270 4600 θέ-

589 4669 713 4724 αμα
761 4645 841 4728 τῷ
885 4637 1187 4725 δυναμένῳ
1239 4642 1504 4702 θεᾶσθαι.
1555 4637 1636 4702 cf.
1686 4636 2114 4702 Menandrum
2165 4659 2267 4724 ap.

593 4744 767 4811 Stob.
801 4744 1001 4808 Serm.
1030 4743 1131 4823 64.
1163 4765 1225 4829 p.
1253 4760 1400 4823 407.
1430 4763 1496 4827 p.
1529 4760 1676 4826 493.
1707 4761 1804 4805 nr.
1838 4759 1895 4806 2.
1931 4738 2133 4805 Gaisf.

672 4860 762 4895 ..-
787 4858 888 4929 15.
918 4844 1014 4908 καὶ
1055 4845 1299 4925 ἀνδρίαν
1324 4842 2265 4925 βλοσυρὸν-πρόσωπον-σεμ-

3972 575 4056 644 47

2372 727 2436 796 11.
2467 729 2510 794 l.
2556 729 2861 812 βλοσυρὸς
2901 742 2995 794 est
3026 731 3287 819 gravis,
3333 731 3747 796 venerandus.
3833 733 4061 821 Neque

2372 831 2762 897 incommode
2790 831 2979 898 vertit
3010 832 3143 898 Fic.
3183 853 3491 921 generoso
3535 834 3715 898 vultu
3756 854 4057 900 verecun-

2372 935 2537 999 dam.
2628 932 2827 1000 Plura
2868 935 3133 1024 apposui
3173 935 3239 999 in
3268 934 3399 1000 Ed.
3428 959 3497 1024 p.
3531 954 3679 1023 229.
3749 937 3896 1001 Hoc
3922 936 4060 1003 loco

2373 1037 2722 1103 admonebo
2778 1037 3136 1103 Aristotelis
3192 1037 3457 1105 Rhetor.
3513 1040 3567 1104 Ι.
3621 1058 3683 1125 9.
3731 1059 3794 1125 3.
3838 1063 3905 1127 Ρ.
3948 1044 4058 1124 67.

2376 1142 2586 1206 Oxou.
2625 1141 2812 1206 καλὸν
2853 1143 2966 1223 μὲν
2996 1143 3102 1206 οῦν
3133 1143 3317 1217 ἔστιν,
3350 1144 3384 1206 ὁ
3422 1141 3499 1207 ἂν
3537 1140 3607 1207 δι’
3640 1141 3783 1207 αὐτὸ
3825 1142 4062 1225 αἱρετὸν

2376 1243 2448 1310 ὂν
2477 1245 2792 1310 ἐπαίνετον
2811 1241 2868 1325 ᾖ·
2897 1241 2935 1325 ἢ
2958 1243 2992 1309 δ
3024 1244 3099 1309 ἂν
3121 1244 3350 1328 ἆγαθὸν
3372 1243 3444 1309 ὂν
3464 1246 3572 1326 ἡδὺ
3598 1242 3656 1326 ᾖ,
3687 1245 3780 1310 ὅτι
3809 1246 4056 1328 ἀγαθόν.

2378 1346 2677 1436 Sequitur
2712 1369 2775 1434 p.
2827 1347 2933 1411 68.
2980 1346 3061 1411 de
3105 1349 3465 1429 δικαιοσύνῃ,
3518 1348 3780 1434 ἆνδρείᾳ,
3822 1358 4063 1432 σωφρο-

2375 1452 2524 1530 σύνῃ
2552 1448 2932 1537 reliquisque
2961 1449 3316 1515 virtutibus,

2458 1551 2546 1618 ib.
2582 1554 2754 1642 αἰδῶ]
2780 1554 2882 1618 De
2909 1552 3026 1618 hac
3046 1552 3378 1618 accusativi
3396 1552 3600 1618 forma
3618 1552 3782 1619 adde
3801 1552 3897 1634 iis,
3919 1578 4063 1643 quoe

2374 1655 2556 1742 posui
2585 1656 2653 1720 in
2681 1655 2784 1721 ed.
2815 1656 3019 1745 pecul.
3049 1680 3116 1746 p.
3139 1676 3285 1743 230.
3317 1655 3531 1744 Steph.
3556 1657 3753 1721 Thes.
3770 1656 3870 1723 ed.
3892 1658 4064 1723 Lon-

2376 1757 2506 1823 din.
2556 1781 2623 1845 p.
2673 1762 3118 1846 1459-1463.
3171 1775 3235 1825 et
3290 1759 3658 1824 Buttmanni
3709 1760 4059 1827 Grammat.

2375 1863 2518 1950 maj.
2551 1885 2614 1950 p.
2643 1863 2784 1946 187.
2818 1886 2906 1950 sq.
2960 1862 3245 1928 Eandem
3298 1860 3484 1927 etiam
3536 1861 3768 1949 reperis
3813 1861 3878 1926 in
3919 1886 4065 1929 con-

2374 1979 2553 2030 textu
2584 1963 2871 2030 editionis
2900 1967 3109 2031 Oxon.
3138 1964 3460 2031 Aristotel.
3493 1964 3751 2030 Rhetor.
3778 1966 3876 2031 11.
3904 1967 3963 2031 6.
3993 1988 4060 2054 p.

2381 2087 2523 2154 132.

2459 2209 2547 2221 —
2579 2173 2678 2236 16.
2715 2171 3104 2259 ἐπιθέουσαν]
3147 2170 3381 2235 Ρ101111.
3422 2170 3503 2235 de
3549 2169 3872 2259 intelligib.
3915 2170 4058 2260 pul·

2374 2273 2509 2340 crit.
2539 2297 2603 2361 p.
2633 2289 2784 2359 551.
2818 2276 2895 2339 C.
2926 2275 2964 2353 ἡ
2994 2276 3059 2338 δὲ
3090 2276 3188 2338 ἐπὶ
3214 2279 3364 2338 πᾶσι
3391 2273 3528 2356 περὶ
3554 2277 3675 2337 πᾶν
3703 2274 3772 2337 τὸ
3801 2276 3932 2339 οἷον
3959 2272 4061 2355 μέ-

2372 2381 2549 2459 γεθος
2600 2377 2778 2440 αὐτοῦ
2829 2376 3167 2442 ἐπιθέουσα.
3224 2375 3309 2440 cf.
3361 2399 3428 2462 p.
3477 2394 3624 2460 709.
3657 2378 3744 2439 A.
3790 2394 3938 2459 714.
3967 2380 4060 2442 A.

2374 2494 2517 2563 715.
2549 2482 2633 2542 A.
2665 2478 2837 2563 χάρις
2866 2478 3187 2544 ἐπιθέουσα
3215 2482 3294 2566 τῷ
3328 2477 3560 2557 κάλλει,
3579 2502 3647 2566 Ρ.
3667 2496 3810 2561 722.
3829 2479 3920 2542 D.
3951 2479 4061 2545 ubi

2372 2603 2448 2646 ex
2479 2579 2651 2645 libris
2679 2580 3067 2646 reddidimus
3096 2580 3335 2646 ἐπιθέον
3362 2602 3480 2668 pro
3511 2580 3838 2646 ἐπιθετέον.

2456 2682 2539 2748 ib.
2576 2686 2643 2748 ἐν
2672 2683 3284 2768 ἀτρεμεῖ-διαθέσει]
3323 2682 3507 2748 Plato
3537 2683 3791 2748 Phaedr.
3821 2707 3885 2772 p.
3911 2699 4060 2770 250.

2375 2789 2451 2853 C.
2494 2786 2576 2853 cf.
2609 2786 2904 2851 Hermias
2931 2809 2998 2874 p.
3027 2789 3172 2873 158.
3219 2785 3453 2851 Ρ101111.
3483 2809 3551 2874 p.
3576 2801 3721 2871 770.
3756 2788 3835 2852 B.
3866 2789 4062 2873 ἡσυχῆ

2372 2892 2440 2955 ἐν
2481 2890 2672 2976 ἐρήμῳ
2717 2888 3079 2954 καταπόσει
3120 2887 3437 2973 γεγένηται
3483 2891 3727 2972 ἀτρεμεῖ
3767 2894 3837 2971 τῇ
3883 2891 4064 2956 αὐτοῦ

2372 2993 2546 3079 οὐσίᾳ
2575 2994 2831 3073 οὐδαμοῦ
2858 2994 3218 3057 ἆποκλίνων.

2456 3095 2543 3161 11).
2592 3094 3213 3179 ἀκύμονι-διαθέσει]
3272 3100 3317 3133 “
3352 3093 3649 3159 Imitatur
3710 3097 3929 3184 Synes.
3981 3096 4062 3162 de

2370 3197 2600 3285 Regno
2642 3221 2704 3285 p.
2738 3219 2833 3263 10.
2868 3199 2984 3263 C.''
3014 3200 3102 3263 D.
3135 3199 3224 3260 W.
3275 3198 3386 3261 Tu
3415 3196 3541 3261 vid.
3583 3220 3752 3263 nunc
3783 3199 4057 3264 Krabin-

2367 3301 2501 3389 geri
2533 3302 2610 3366 V.
2635 3302 2722 3366 D.
2759 3315 2971 3367 annot.
3017 3300 3080 3367 111
3117 3299 3278 3365 hanc
3325 3300 3566 3390 Synesii
3611 3301 3954 3368 orationem
3993 3327 4057 3392 p.

2372 3421 2517 3491 205.
2539 3404 2688 3491 ibiq.
2712 3404 2886 3470 laud.
2906 3404 3238 3493 Wyttenb.
3262 3403 3345 3468 ad
3364 3403 3539 3469 Plut.
3563 3405 3818 3471 Morall.
3835 3427 3941 3495 p.1
3957 3424 4054 3471 12.

2369 3530 2462 3595 sq.
2492 3507 2590 3573 ed.
2625 3509 2752 3573 Ox.
2782 3507 2933 3572 min.

2454 3633 2518 3698 p.
2548 3615 2691 3690 106,
2722 3630 2773 3674 1.
2807 3609 2914 3674 τὸν
2942 3613 3173 3689 θεοειδῆ
3216 3613 3358 3674 νοῦν
3398 3608 3848 3696 ἐπιλάμποντα]
3870 3610 4057 3676 Plato

2369 3711 2642 3778 Phoedro
2691 3736 2757 3800 p.
2802 3731 2944 3798 251.
2994 3734 3049 3775 a.
3100 3712 3245 3776 ὅταν
3297 3713 3551 3779 θεοειδὲς
3594 3713 3917 3793 πρόσωπον
3960 3715 4058 3794 ἴδῃ

2366 3816 2590 3884 κάλλος
2634 3817 2699 3880 εὖ
2740 3813 3140 3896 μεμιμημένον
3178 3813 3290 3878 ubi
3335 3813 3421 3878 cf.
3465 3813 3758 3879 Hermias
3800 3837 3865 3901 p.
3907 3831 4050 3901 159.

2364 3918 2628 4006 Dionys.
2682 3919 2918 4005 Areop.
2972 3914 3108 3981 coel.
3161 3918 3343 3981 Hier.
3398 3917 3454 3981 Ι.
3513 3937 3577 4004 3.
3626 3939 3693 4004 p.
3735 3936 3803 3997 4.
3877 3915 4057 3983 Alibi

2365 4023 2598 4086 Noster
2624 4032 2894 4084 mentem
2923 4019 3199 4108 appellat
3224 4024 3407 4085 παῖδα
3438 4032 3503 4084 et
3531 4021 3707 4102 κόρον
3736 4019 3924 4084 καλὸν
3951 4025 4058 4086 τοῦ

2364 4124 2615 4205 ἀγαθοῦ,
2644 4135 2717 4186 111
2745 4144 2812 4208 p.
2843 4140 2994 4208 353.
3028 4122 3108 4186 Β.
3138 4121 3221 4186 cf.
3254 4119 3422 4187 Plat.
3455 4122 3616 4209 Rep.
3652 4121 3771 4187 VI.
3804 4146 3867 4210 p.
3896 4125 4052 4209 506.

2361 4248 2420 4289 e.
2490 4224 2807 4289 Nimirum
2834 4223 2899 4288 in
2929 4227 3068 4312 ipso
3092 4225 3275 4289 Bono
3317 4222 3558 4311 primus
3589 4238 3683 4288 est
3721 4224 3864 4289 fons
3904 4226 4048 4313 pul-

2360 4327 2705 4408 critudinis,
2750 4349 2926 4392 mens
2978 4340 3190 4391 autem
3239 4348 3319 4391 ex
3374 4350 3450 4391 eo
3504 4348 3760 4390 manans
3820 4325 4054 4414 pulcri-

2359 4431 2642 4496 tudinem
2693 4429 2970 4517 impertit
3017 4431 3270 4505 animm,
3313 4451 3512 4515 eaque
3559 4427 3814 4517 reliquis
3861 4428 4051 4495 rebus

2357 4533 2670 4598 omnibuS.
2759 4535 2860 4599 De
2888 4531 3309 4620 pulcritudine
3336 4545 3543 4597 autem
3574 4533 3833 4614 λάμπειν
3862 4533 4050 4601 Plato

2359 4635 2692 4724 usurpavit
2721 4635 2995 4701 Phaedro
3032 4659 3100 4723 p.
3131 4650 3279 4721 250.
3310 4635 3398 4699 D.
3442 4657 3629 4722 quem
3673 4634 3858 4700 multi
3900 4651 4049 4702 sunt

2355 4738 2602 4817 imitati,
2647 4762 2806 4826 quos
2855 4737 3106 4803 laudavi
3150 4738 3214 4801 in
3260 4737 3390 4803 Ed.
3433 4737 3638 4826 pecul.
3668 4739 3848 4804 Max.
3882 4741 4042 4828 Tyr.

2357 4840 2522 4906 Diss.
2558 4860 2656 4927 25.
2690 4865 2754 4930 p.
2790 4843 2850 4906 8.
2894 4845 3096 4925 ψυχῆς
3139 4842 3317 4909 ἄνθος
3366 4841 3884 4925 ἐμπεφυτευμένον
3921 4846 4039 4909 σό-

588 4949 830 5033 νότητα]
866 4947 969 5012 De
1012 4945 1318 5034 scriptura
1355 4947 1562 5028 ἀνδρία
1594 4959 1660 5010 et
1688 4946 1928 5028 ἀνδρεία
1957 4942 2082 5009 vid.
2110 4967 2267 5032 quos
2352 4970 2491 5025 ματι
2531 4949 2692 5032 καλῷ
2730 4945 3201 5027 ἐκλαμπρύνεται
3250 4942 3344 5009 ὑπ’
3387 4944 3566 5009 αὐτοῦ
3614 4946 3713 5009 καὶ
3756 4945 4043 5026 ἐκλάμπει

582 5050 838 5117 laudavi
863 5049 928 5113 111
955 5048 1056 5114 ed.
1086 5047 1288 5137 pecul.
1324 5048 1508 5113 Plato
1534 5046 1812 5136 Republ.
1840 5047 2002 5111 VII.
2024 5068 2090 5134 p.
2112 5061 2260 5131 535.

582 5156 721 5222 τούς
767 5179 834 5217 τε
885 5155 1001 5235 γὰρ
1044 5150 1476 5232 βεβαιοτάτους
1520 5153 1615 5216 καὶ
1665 5149 2267 5233 ἀνδρειοτάτους-μὴ

2354 5047 2448 5111 καὶ
2493 5052 2882 5131 διαφανεῖται.
2927 5047 3012 5112 cf.
3062 5045 3284 5112 Isidor.
3328 5045 3645 5112 Pelusiota
3676 5048 3886 5136 Epist.
3920 5049 4044 5114 IV.

2354 5168 2458 5235 71.
2488 5173 2550 5238 p.
2579 5169 2725 5235 450.
2747 5174 2843 5237 sq.
2873 5164 2937 5215 et
2962 5150 3166 5237 ipsum
3197 5164 3479 5214 nostrum
3508 5149 3589 5215 de
3615 5149 3871 5237 intellig.
3899 5151 4040 5238 pul-

580 5259 770 5338 μόνον
799 5255 1106 5339 γενναίους
1132 5280 1199 5318 τε
1240 5254 1335 5318 καὶ
1374 5254 1711 5336 βλοσυροὺς
1740 5281 1791 5318 κ.
1817 5279 1871 5318 τ.
1896 5260 1957 5317 λ.
2027 5251 2263 5316 AElian.
2351 5252 2489 5318 crit.
2522 5276 2587 5341 p.
2617 5273 2768 5339 543.
2796 5255 2873 5318 A.
2906 5265 2971 5317 et
2995 5252 3235 5319 advers.
3268 5252 3595 5318 Gnosticos
3622 5275 3688 5340 p.
3721 5270 3862 5317 201.
3898 5255 3977 5321 C.

580 5360 659 5423 V.
686 5359 782 5424 H.
811 5358 989 5422 XII.
1010 5376 1111 5423 21.
1147 5355 1369 5438 σεμνὸν
1399 5356 1492 5420 καὶ
1519 5356 1828 5439 βλοσυρὸν
1857 5357 2094 5439 ὁρῶσαι.
2150 5354 2267 5419 Di-

576 5461 745 5528 citur
786 5474 996 5526 autem
1040 5460 1258 5540 σεμνὸς
1291 5458 1479 5524 etiam
1518 5457 1599 5523 de
1635 5458 2074 5548 pulcritudine.
2119 5457 2265 5523 Vid.

2435 5394 2523 5406 —
2541 5375 2609 5441 3.
2641 5358 2799 5421 ἄλλο
2842 5381 2899 5420 τι
2941 5355 3150 5442 φήσει]
3198 5355 3388 5434 Quod
3429 5354 3684 5444 plurimi
3715 5354 3854 5420 libri
3889 5357 4038 5423 offe-

2352 5473 2502 5523 runt
2530 5462 2616 5542 φῆ
2649 5457 3012 5540 (voluerunt
3040 5461 3184 5544 φῇ),
3210 5481 3323 5524 nec
3350 5457 3470 5524 hoc
3496 5456 3762 5524 insolens
3795 5472 3937 5546 post
3965 5461 4036 5526 οὗ

581 5563 878 5630 Isocratis
919 5561 1289 5629 Encomium
1338 5562 1602 5627 Helenae
1643 5564 1700 5647 §-
1739 5580 1774 5626 2
1776 5582 1840 5648 5.
1920 5563 1997 5627 In
2036 5560 2267 5627 Plotini
2349 5560 2447 5643 μή.
2508 5563 2680 5626 Xen.
2733 5561 3000 5626 Hieron.
3051 5563 3184 5628 XI.
3224 5580 3323 5648 15.
3367 5562 3437 5626 οὐ
3479 5560 3560 5642 μή
3605 5585 3704 5625 σοι
3750 5563 4035 5632 δύνωνται
