5118 6613
1006 557 1136 643 386

1013 733 1293 815 χιζόμενα
1321 733 1439 793 τῶν
1469 727 1695 812 ἱερείων
1722 728 1887 811 ἦγεν.
1936 729 2095 795 Cod.
2133 729 2718 794 Florent.—Schel-

1017 832 1336 897 lershem.:
1384 833 1580 912 ἣττεν.
1627 833 1783 919 Leg.
1816 830 2011 912 ᾖττεν,
2043 848 2107 897 et
2151 833 2237 898 ita
2277 831 2463 920 plane
2505 856 2716 898 emen-

1019 935 1194 1002 davit
1222 936 1471 1002 Jacobs.
1504 935 1662 1018 (vid.
1694 934 2089 999 Additamm.
2118 935 2181 999 in
2214 936 2451 1000 Athen.
2484 959 2545 1023 p.
2576 938 2716 1000 161.

1020 1040 1101 1105 ad
1151 1039 1485 1104 Frontonis
1531 1037 1819 1126 Epistoll.
1867 1039 2105 1103 Graecc.
2157 1038 2221 1102 in
2266 1040 2346 1103 F.
2379 1041 2464 1103 A.
2499 1038 2722 1103 Wolfii

1025 1135 1344 1208 Analectt.
1380 1144 1437 1208 1.
1486 1166 1547 1230 p.
1587 1144 1729 1206 116.
1773 1156 1836 1205 et
1863 1140 1926 1205 in
1959 1140 2319 1206 Philostrati
2353 1143 2603 1229 Imagg.
2651 1164 2716 1229 p.

1021 1250 1245 1332 472.);
1294 1246 1396 1311 cui
1424 1245 1798 1332 conjecturae
1839 1266 1984 1309 cum
2028 1267 2231 1332 nuper
2259 1246 2721 1309 firmamentum

1022 1335 1370 1415 accessisset
1407 1348 1654 1412 Codicis
1685 1347 2195 1428 vratislaviensis,
2240 1371 2409 1413 nunc
2451 1349 2718 1414 alterum

1019 1451 1257 1517 accedit
1311 1450 1882 1515 Schellershemiani
1934 1453 2067 1533 (Ex
2120 1452 2238 1516 hoc
2288 1451 2502 1516 eodem
2558 1451 2718 1516 libro

1020 1553 1232 1642 paullo
1288 1568 1433 1618 ante
1488 1552 1866 1618 Philostrato
1914 1553 2300 1619 reddendum
2351 1569 2445 1619 est
2494 1554 2718 1619 λέοντα

1017 1660 1237 1739 ἥμερον
1283 1680 1400 1744 pro
1445 1664 1507 1720 λ.
1562 1659 1820 1739 ἵμερον.)
1885 1657 2325 1723 Theodoretus
2369 1659 2449 1723 de
2498 1657 2713 1722 Provi-

1018 1759 1229 1824 dentia
1261 1761 1361 1824 II.
1407 1782 1468 1845 p.
1499 1776 1649 1844 505.
1686 1759 1980 1824 Schulz.:
2026 1762 2126 1825 ἵνα
2168 1765 2283 1844 γὰρ
2325 1762 2406 1842 μὴ
2450 1763 2713 1842 νομίσῃς,

1020 1864 1349 1942 αὐτόματον
1376 1861 1577 1946 ᾅττειν
1605 1862 1726 1925 ἄνω
1766 1868 1885 1926 τῶν
1922 1855 2150 1928 ὑδάτων
2179 1865 2286 1944 τὴν
2317 1867 2522 1946 φύσιν,
2556 1864 2715 1929 διδά-

1018 1990 1149 2029 σκει
1179 1990 1252 2028 σε
1283 1968 1315 2028 6
1344 1964 1583 2045 ποιητὴς
1614 1992 1662 2028 κ.
1688 1990 1738 2027 τ.
1764 1973 1825 2029 λ.

1102 2089 1163 2154 p.
1203 2085 1389 2151 1297,
1426 2086 1522 2130 10.
1571 2069 1729 2131 ἐνόει
1775 2068 1956 2132 αὐτὸν
1995 2072 2201 2133 πολλὰ
2244 2067 2490 2151 μερίζων
2538 2069 2717 2134 αὐτὸν

1015 2169 1150 2252 παρ’
1181 2170 1365 2257 αὐτῷ]
1415 2169 1549 2233 Fie.
1593 2169 1894 2257 expressit
1937 2171 2032 2236 bis
2077 2173 2236 2247 αὐτὸ,
2282 2172 2453 2258 quod
2496 2195 2713 2236 verum

1014 2272 1285 2350 videtur,
1312 2272 1418 2337 sed
1446 2272 1574 2337 sine
1601 2271 1795 2350 libris,
1817 2274 1927 2362 qui
1958 2274 2183 2362 partim
2213 2274 2485 2340 offerunt
2514 2276 2713 2349 αὑτὸν,

1013 2391 1257 2439 mutare
1288 2374 1475 2439 nolui.
1568 2376 1734 2440 Cum
1779 2375 1951 2441 libris
1993 2394 2202 2442 autem
2231 2377 2457 2442 deinde
2501 2377 2715 2465 scripsi

937 2465 940 2470 A
1013 2483 1090 2565 τῷ
1122 2484 1283 2543 νοεῖν
1308 2478 1765 2559 μῆ-δύνασθαι
1792 2502 1909 2567 pro
1936 2480 2005 2544 τὸ
2038 2487 2220 2546 νοεῖν.

1098 2604 1158 2668 p.
1207 2582 1390 2666 1298,
1418 2601 1481 2665 5.
1519 2579 1765 2663 Ὠσπερ
1796 2585 1860 2646 δὲ
1889 2586 1922 2647 6
1951 2584 2119 2662 ἥλιος
2146 2589 2252 2649 τοῦ
2278 2588 2706 2668 ὁρᾶσθαι-αἵ-

1012 2710 1134 2751 τιος
1163 2683 1482 2748 ὣν-ούτω
1514 2685 1609 2749 καὶ
1635 2686 1673 2763 ἡ
1701 2690 1807 2749 τοῦ
1835 2687 2065 2769 ἀγαθοῦ
2091 2691 2272 2770 φύσις
2311 2690 2468 2753 αίτία
2504 2691 2711 2757 οὐσίας

1014 2814 1063 2850 κ.
1087 2813 1143 2850 τ.
1169 2787 1261 2874 λ.]
1295 2788 1544 2850 Rursus
1571 2786 1633 2849 in
1666 2803 1937 2852 mentem
1968 2789 2081 2854 tibi
2109 2813 2329 2855 revoca
2358 2791 2531 2856 illum
2569 2792 2706 2858 Pla·

1010 2888 1172 2953 tonis
1212 2888 1417 2952 locum
1459 2888 1522 2952 in
1557 2890 1720 2975 Rep.
1751 2891 1870 2962 vl.
1920 2915 1981 2978 p.
2008 2914 2158 2978 509.
2190 2918 2244 2957 a.
2291 2893 2369 2958 ad
2414 2917 2601 2981 quem
2647 2914 2710 2960 te

1009 2988 1479 3054 amandavimus
1520 2991 1583 3055 in
1631 3007 1842 3058 annot.
1894 2994 1959 3058 in
2006 3012 2196 3083 caput
2243 2997 2602 3083 praecedens
2644 3020 2705 3085 p.

1013 3093 1156 3176 708.
1193 3094 1273 3157 B.

1095 3219 1162 3283 p.
1193 3215 1377 3281 1300,
1412 3214 1472 3259 2.
1504 3200 1599 3262 διὰ
1625 3200 1739 3277 μὲν
1766 3199 1834 3262 τὸ
1863 3199 2021 3264 πολὺ
2050 3204 2152 3279 τῆς
2178 3205 2322 3280 ζωῆς
2348 3206 2553 3267 πολλὰ
2582 3204 2703 3285 ὁρι-

1008 3302 1252 3386 σθεῖσα]
1306 3299 1563 3365 Ficinus
1590 3303 1892 3390 expressit
1930 3302 2267 3386 ὁρισθέντα.
2356 3304 2530 3370 Libri
2562 3329 2708 3371 vero

1009 3427 1132 3468 non
1165 3403 1606 3492 suffragantur.
1696 3406 1906 3493 Igitur
1934 3405 2161 3471 retinui
2191 3407 2533 3495 vulgatam,
2562 3433 2707 3496 quae

1005 3507 1055 3571 si
1085 3531 1232 3572 vera
1262 3523 1375 3588 est,
1406 3508 1525 3573 hoc
1553 3509 1950 3598 participium
1979 3532 2196 3573 rursus
2225 3510 2456 3597 pendet
2485 3535 2565 3575 ex
2597 3535 2704 3576 su-

1005 3611 1233 3700 periori
1261 3612 1398 3693 ζωή.

1091 3737 1156 3801 p.
1183 3734 1367 3800 1301,
1398 3736 1451 3779 1.
1495 3714 1670 3779 Ἀλλ’
1701 3718 2221 3798 ἀγαθοειδῆ-καὶ
2264 3718 2378 3798 ζωὴ
2426 3719 2521 3782 καὶ
2570 3722 2706 3786 νοῦς

1007 3817 1100 3881 καὶ
1135 3818 1292 3906 ἰδέα]
1341 3816 1789 3882 consuluimus
1830 3818 1978 3884 huic
2019 3820 2156 3885 loco
2199 3822 2423 3908 partim
2468 3821 2705 3885 auxilio

1004 3920 1309 3984 bonorum
1339 3919 1640 3984 librorum
1670 3921 1891 4008 partim
1925 3922 2163 4011 aptiore
2184 3922 2701 4011 interpunctione.

1003 4021 1115 4087 Ad
1159 4038 1597 4109 argumentum
1628 4024 2003 4088 conferenda
2046 4040 2214 4105 sunt,
2244 4049 2390 4112 quae
2428 4025 2700 4114 philoso-

1003 4127 1169 4214 phus
1200 4140 1408 4189 noster
1433 4125 1777 4212 disputavit
1809 4128 1908 4192 11.
1940 4148 1994 4192 1.
2018 4148 2078 4211 7.
2111 4152 2176 4216 p.
2205 4147 2345 4193 102.
2365 4129 2444 4193 A.

1090 4267 1179 4279 -
1205 4247 1304 4291 10.
1352 4230 1480 4292 ἐπεὶ
1525 4230 1622 4294 καὶ
1649 4231 1806 4295 ἄλλο
1832 4231 1900 4294 τὸ
1932 4233 2016 4299 είς
2042 4232 2277 4313 πρώτην
2306 4231 2704 4315 ἐνέργειαν-

1007 4331 1208 4416 δοθέν]
1256 4332 1489 4419 Margo
1519 4330 1646 4397 Ed.
1682 4333 1810 4397 ἐπεὶ
1840 4335 1935 4398 καὶ
1963 4336 2047 4401 εἰς
2076 4335 2256 4412 ἄλλο,
2286 4348 2350 4400 et
2377 4334 2464 4399 ita
2493 4334 2704 4422 plures

1004 4434 1147 4498 libri
1180 4436 1378 4500 MSS.
1452 4435 1708 4499 Ficinus
1733 4436 2035 4523 expressit
2064 4438 2194 4502 ἐπεὶ
2223 4439 2319 4502 καὶ
2348 4438 2525 4512 ἄλλο,
2559 4438 2643 4504 εἰς
2669 4435 2705 4500 ὃ

1003 4539 1042 4617 ἡ
1069 4538 1266 4619 πρώτη
1298 4536 1585 4620 ἐνέργεια,
1616 4539 1798 4626 cujus
1841 4539 2117 4605 lectionis
2160 4555 2364 4605 tamen
2394 4539 2459 4604 in
2492 4538 2701 4605 Codd.

1005 4638 1247 4704 nullum
1294 4639 1642 4727 vestigium.
1745 4642 2053 4720 Quocirca
2092 4643 2157 4707 in
2203 4642 2510 4730 ejusmodi
2554 4641 2704 4707 locis

1005 4742 1169 4807 malo
1200 4741 1456 4830 vulgata
1481 4743 1764 4823 retinere,
1795 4769 1987 4833 quam
2015 4745 2306 4813 novando
2333 4768 2605 4834 peccare.

1092 4870 1160 4934 p.
1190 4866 1375 4931 1302,
1406 4866 1456 4910 1.
1506 4845 1679 4911 Ἀλλ’
1714 4850 1767 4913 εἰ
1796 4850 1863 4913 έν
1891 4853 1959 4931 τῇ
1986 4853 2099 4929 ζωῇ
2138 4851 2332 4929 ἐκείνῃ
2378 4850 2593 4913 ένίοιτο
2639 4849 2702 4926 ἐξ

1006 4952 1258 5036 ἐκείνου]
1313 4951 1454 5014 Vat.
1499 4953 1735 5015 ἑνίοιτο.
1826 4950 1960 5016 Fic.
2007 4950 2311 5040 expressit
2354 4951 2444 5016 ἔνι
2488 4949 2556 5014 τὸ
2603 4951 2702 5016 vel
2744 5043 2749 5049 .

1005 5056 1164 5135 ἐνείη
1206 5054 1293 5128 τὸ,
1331 5052 1530 5141 [quod
1574 5077 1687 5142 per
1719 5055 2120 5119 Iotacismum
2165 5052 2561 5118 obliteratum
2609 5053 2702 5117 vi-

1005 5158 1259 5246 detur:]
1292 5157 1462 5244 quod
1493 5157 1555 5220 in
1586 5157 1867 5222 ordinem
1910 5155 2300 5244 recepissem,
2329 5155 2380 5219 si
2409 5153 2507 5219 vel
2539 5177 2703 5221 unus

1004 5260 1159 5324 liber
1185 5261 1576 5325 consentiret.
1659 5258 1947 5324 Proxime
1971 5282 2118 5325 cum
2147 5258 2326 5323 bonis
2353 5257 2525 5323 libris
2552 5258 2701 5323 dedi

1002 5365 1185 5431 ὄντως
1208 5385 1327 5450 pro
1355 5366 1543 5431 ὄντος.

1089 5488 1153 5552 p.
1188 5484 1372 5551 1303,
1404 5486 1459 5529 1.
1509 5464 1605 5529 καὶ
1631 5464 1699 5528 τὸ
1729 5464 2046 5551 συνάμφω]
2100 5462 2228 5529 Ed.
2258 5462 2474 5528 vitiose
2504 5465 2599 5529 καὶ
2628 5465 2697 5529 τὸ

1003 5570 1484 5650 συναμφότερον,
1516 5590 1635 5655 pro
1661 5590 1791 5654 quo
1818 5582 1984 5633 recte
2027 5589 2245 5654 margo
2276 5565 2585 5633 Marciani
2616 5569 2696 5632 B.

1999 553 2815 623 ANNOTATIONES
2884 554 2996 621 IN
3065 554 3507 621 PLOTINI

2803 732 3279 813 συναμφότερον.
3370 727 3494 793 Sed
3538 750 3651 791 nos
3697 741 3901 793 tamen
3922 730 4304 817 optimorum
4331 732 4507 797 codi-

2803 855 2946 898 cum
3004 831 3330 895 lectionem
3384 829 3692 895 dedimus
3803 831 4163 921 Philosophi
4215 836 4516 901 sermonis

2803 959 2990 1000 causa
3019 936 3130 999 hos
3151 935 3319 999 locos
3343 956 3657 1021 apponere
3677 935 3889 1021 juvat:
3924 935 4191 1001 Lucian.
4214 937 4505 1027 Dialogg.

2810 1042 3005 1104 Mort.
3043 1039 3181 1102 III.
3216 1061 3283 1125 p.
3306 1056 3458 1122 340.
3488 1036 3584 1101 ed.
3612 1038 3860 1101 Amst.:
3897 1040 3961 1118 ἐξ
3990 1041 4300 1122 ἀνθρώπου
4328 1067 4385 1117 τι
4414 1043 4512 1107 καὶ

2806 1147 2945 1208 θεοῦ
2970 1139 3405 1206 σύνθετον.-δ
3434 1139 3581 1221 μήτε
3607 1142 3914 1222 ἄνθρωπός
3936 1142 4333 1222 ἑστιν-μήτε
4355 1146 4505 1212 θεός.

2807 1247 2903 1310 καὶ
2932 1244 3387 1326 συναμφότερόν
3416 1245 3567 1307 ἐστι.
3626 1242 3809 1308 Idem
3844 1245 4169 1310 Prometh.
4187 1246 4268 1310 V.
4298 1269 4360 1334 p.
4380 1266 4455 1332 31
4486 1273 4505 1311 2

2805 1349 2868 1411 τί
2904 1349 3010 1412 οὖν
3038 1347 3175 1430 οὐχὶ
3218 1346 3314 1410 καὶ
3358 1345 3615 1425 ἔμπαλιν
3641 1346 3861 1429 γένοιτ’
3893 1346 3970 1411 ἂν
4000 1349 4298 1431 εὔμορφόν
4340 1375 4398 1413 τι
4440 1352 4509 1415 ἐκ

2804 1456 2968 1516 δυοῖν
3011 1456 3140 1513 τοῖν
3183 1449 3453 1530 ἀρίστοιν
3495 1452 3790 1527 ξυντεθὲν,
3839 1453 4040 1533 ὥσπερ
4091 1454 4155 1531 ἐξ
4199 1456 4365 1517 οἴνου
4411 1455 4509 1518 καὶ

2801 1553 3041 1633 μέλιτος
3066 1551 3134 1615 τὸ
3164 1552 3612 1633 ξυναμφότερον
3638 1553 3902 1631 ἥδιστον.
3952 1552 4158 1618 Schol.
4185 1554 4246 1618 in
4272 1554 4501 1644 Odyae.

2803 1661 2857 1720 θ.
2896 1678 2949 1720 ι.
2979 1657 3064 1735 ἠῶ
3092 1653 3408 1742 explicans
3434 1677 3578 1718 cum
3613 1654 3765 1719 alios
3808 1655 4190 1742 significatus
4233 1674 4505 1737 enarrat,

2803 1775 2939 1825 tum
2968 1758 3119 1823 dicit
3147 1782 3278 1822 esse
3306 1780 3441 1822 eam
3466 1757 3536 1821 τὸ
3567 1760 4040 1841 συναμφότερον,
4066 1760 4291 1843 ἡμέραν
4311 1786 4379 1826 τε
4407 1762 4505 1825 καὶ

2804 1865 3005 1928 νύκτα.
3055 1860 3147 1926 vel
3197 1876 3269 1926 ut
3305 1860 3367 1925 in
3414 1860 3751 1925 Eustathio
3788 1859 3851 1925 in
3886 1861 4120 1950 OdysS.
4164 1885 4231 1950 p.
4268 1883 4407 1944 140.
4438 1877 4503 1929 et

2810 1984 2994 2050 1430.
3025 1980 3140 2041 est,
3171 1966 3239 2027 τὸ
3269 1965 3418 2027 ὅλον
3447 1962 3837 2047 νυχθήμερον.
3886 1965 4199 2030 Disertius
4229 1966 4411 2031 Plato
4439 1982 4503 2033 et

2803 2091 2918 2132 suo
2946 2090 3114 2131 more
3142 2065 3507 2154 explicatius
3535 2066 3599 2129 in
3631 2065 3896 2131 Philebo
3924 2090 3988 2153 p.
4016 2086 4120 2132 21.
4153 2069 4264 2134 fin.
4297 2093 4362 2156 p.
4391 2089 4501 2155 52.

2804 2170 3061 2236 Stallb.:
3106 2176 3246 2252 Πρ.;
3289 2169 3617 2252 Οὐδέτερος
3642 2172 3675 2233 6
3705 2172 4134 2254 βίος-ἔμοιγε
4160 2175 4385 2238 τούτων
4415 2176 4503 2237 αἶ-

2799 2275 3238 2356 ρετὸς-φανῇ.
3273 2279 3498 2354 Σωκρ.;
3548 2274 3610 2336 τί
3632 2270 3680 2337 δ’
3712 2275 3746 2336 6
3776 2276 4364 2356 ξυναμφότερος-ἑξ
4394 2278 4499 2356 ἀμ-

2801 2384 2945 2461 φοῖν
2987 2377 3345 2460 ξυμμιχθεὶς,
3393 2374 3586 2442 κοινὸς
3627 2377 3987 2457 γενόμενος;
4037 2383 4196 2460 Πρ.;
4243 2375 4501 2459 Ἡδονῆς

2795 2479 2998 2563 λέγεις
3026 2480 3122 2543 καὶ
3152 2482 3258 2542 νοῦ
3290 2478 3385 2542 καὶ
3412 2476 3776 2560 φρονήσεως.
3853 2480 3979 2558 Qui
4007 2480 4181 2545 locus
4209 2483 4498 2570 componi

2795 2582 2982 2647 debet
3008 2603 3151 2646 cum
3183 2580 3460 2668 ejusdem
3505 2580 3859 2669 philosophi
3897 2584 4226 2671 Symposio
4254 2607 4319 2671 p.
4349 2586 4496 2669 198.

2794 2710 2858 2775 p.
2885 2705 3032 2767 402.
3058 2684 3291 2751 Bekk.:
3338 2690 3572 2767 πρῶτον
3599 2686 3711 2764 μὲν
3739 2687 3854 2766 γὰρ
3884 2687 4017 2767 τρία
4044 2686 4119 2765 ἦν
4148 2690 4223 2751 τὰ
4250 2687 4396 2768 γένη
4424 2690 4500 2751 τὰ

2798 2796 2915 2854 τῶν
2944 2791 3286 2872 ἀνθρώπων,
3313 2788 3446 2871 οὐχ,
3472 2789 3674 2870 ὥσπερ
3697 2792 3822 2861 νῦν,
3849 2790 3973 2863 δύο,
3998 2789 4179 2871 άῤῥεν
4203 2790 4297 2853 καὶ
4325 2793 4497 2870 θῆλυ,

2795 2895 2961 2957 ἀλλὰ
3005 2893 3100 2956 καὶ
3142 2891 3341 2973 τρίτον
3367 2894 3619 2972 προσ-ἣν,
3653 2889 3851 2954 κοινὸν
3880 2889 3953 2955 ὃν
3981 2891 4334 2975 ἀμφοτέρων
4361 2887 4495 2959 τού-

2794 2996 3365 3076 των-ἀνδρόγυνον
3391 2996 3507 3075 γὰρ
3538 2993 3604 3057 ἓν
3634 2994 3770 3057 τότε
3796 2995 3909 3073 μὲν
3937 2993 4031 3073 ἦν.
4123 2995 4247 3060 Est
4291 3010 4497 3060 tamen

2792 3096 2976 3162 etiam
3022 3096 3154 3160 fere
3194 3105 3531 3182 utrumque
3569 3095 3762 3158 simul
3798 3093 4118 3184 igiturque
4163 3096 4329 3162 idem
4366 3099 4497 3164 fere

2791 3199 2963 3287 quod
3017 3199 3330 3281 συνάμφω.
3433 3197 3784 3284 Utriusque
3834 3198 4001 3263 vocis
4050 3200 4338 3288 exempla
4386 3202 4497 3266 dat

2796 3301 3143 3390 Schweigh.
3190 3301 3252 3365 in
3302 3300 3468 3365 Lex.
3500 3299 3727 3388 Polyb.
3772 3324 3837 3389 p.
3867 3301 4020 3388 585.
4110 3304 4245 3368 Nos
4288 3320 4495 3371 tamen

2790 3404 3141 3494 germanice
3168 3404 3326 3469 bene
3353 3403 3821 3490 distinguimus:
3856 3409 4337 3489 συναμφότερονε
4372 3431 4493 3474 von

2788 3510 3022 3597 heyden
3054 3510 3457 3585 zusammen,
3486 3508 3814 3590 συνάμφωε
3850 3510 4067 3595 Beyde
4094 3512 4491 3577 Zusammen.

2793 3612 3180 3676 Luculenter
3223 3609 3596 3676 Aristoteles
3642 3611 3933 3697 Metaph.
3968 3613 4100 3677 XI.
4133 3629 4310 3702 5.<p.
4347 3634 4491 3681 221.

2791 3713 3077 3780 Brandis.
3106 3739 3122 3778 ε
3189 3714 3451 3796 καθάπερ
3498 3716 3614 3797 γᾶρ
3668 3713 4028 3795 διῃρημένων
4078 3717 4270 3782 αὐτῶν
4318 3720 4492 3783 οὐθὲν

2787 3823 3026 3899 μᾶλλον
3052 3819 3089 3897 ἡ
3121 3816 3451 3899 κατάφασις
3486 3814 3524 3897 ἢ
3562 3818 3599 3896 ἡ
3639 3818 3944 3900 ἀπόφασις
3985 3821 4355 3900 ἀληθεύεται,
4386 3822 4492 3887 τὸν

2790 3921 2970 3984 αὐτὸν
2999 3922 3219 4001 τρόπον
3253 3920 3347 3984 καὶ
3381 3924 3487 3984 τοῦ
3526 3919 3980 4003 συναμφοτέρου
4011 3923 4106 3986 καὶ
4134 3904 4241 3987 τοῦ
4266 3950 4489 4004 συμπε-

2787 4022 3127 4106 πλεγμένου
3181 4022 3442 4104 καθάπερ
3482 4026 3618 4102 μιᾶς
3666 4048 3825 4090 τινος
3875 4024 4266 4106 καταφάσεως
4314 4029 4493 4107 οὔσης

2788 4126 2966 4191 οὗθέν
2990 4132 3231 4207 μᾶλλον
3254 4127 3293 4206 ἡ
3323 4127 3627 4208 ἀπόφασις
3652 4123 3690 4205 ἢ
3720 4125 3788 4189 τὸ
3817 4127 3968 4191 ὅλον
4001 4128 4079 4194 ὧς
4122 4129 4189 4192 ἐν
4222 4130 4488 4212 καταφά-

2788 4255 2886 4295 σει
2908 4229 3216 4310 τιθέμενον
3244 4230 3657 4308 ἀληθεύσεται.
3736 4218 3916 4293 Idem
3947 4229 4100 4295 ibid.
4134 4253 4199 4317 p.
4234 4233 4351 4295 168
4380 4256 4485 4296 :—

2789 4334 3002 4413 ὀμοίως
3030 4334 3096 4396 δὲ
3126 4333 3223 4396 καὶ
3250 4333 3409 4399 οἵους
3445 4330 3740 4415 Ἀρχύτας
3782 4332 4107 4417 ἀπεδέχετο
4151 4335 4340 4416 ὅρους·
4389 4339 4494 4399 τοῦ

2790 4435 3081 4518 συνάμφω
3127 4434 3242 4519 γάρ
3288 4438 3466 4499 εἰσιν.
3511 4435 3641 4499 οἷον
3689 4437 3751 4500 τί
3784 4437 3915 4499 ἐστι
3955 4438 4238 4515 νηνεμία;
4282 4438 4493 4519 ἠρεμία

2791 4540 2858 4602 ἑν
2885 4537 3101 4617 πλήθει
3140 4537 3314 4620 ἀέρος
3357 4565 3410 4602 κ.
3436 4563 3489 4600 τ.
3514 4546 3573 4601 λ.
3666 4537 3846 4602 Idem
3877 4539 4014 4620 περὶ
4045 4540 4246 4620 ἑρμην.
4335 4540 4490 4604 XV.

2786 4664 2850 4729 p.
2884 4642 2987 4725 69.
3019 4655 3182 4705 extr.
3218 4639 3430 4728 Sylb.:
3480 4644 3534 4706 εἰ
3561 4643 3676 4723 γὰρ
3704 4642 3797 4704 ὅτι
3830 4640 4109 4723 ἑκάτερον
4139 4644 4378 4721 ἀληθὲς,
4412 4643 4490 4707 εἶ-

2790 4771 2889 4810 ναι
2934 4750 3028 4810 δεῖ
3067 4745 3163 4810 καὶ
3207 4743 3275 4808 τὸ
3321 4743 3634 4826 συνάμφω,
3666 4746 3870 4808 πολλὰ
3918 4744 4014 4807 καὶ
4060 4745 4252 4809 ἄτοπα
4296 4745 4484 4811 ἔσται.

2790 4849 3019 4912 Noster
3046 4845 3456 4935 philosophus
3483 4869 3550 4934 p.
3576 4848 3715 4932 165.
3743 4850 3796 4910 A
3821 4872 3836 4910 ε
3886 4849 4193 4912 ὅταν-τὰ
4234 4874 4484 4932 μεμεγε-

2787 4950 3055 5031 θυσμένα
3083 4954 3212 5031 νοῇ,
3245 4951 3322 5017 ὣς
3350 4952 3609 5015 σύνθετα
3638 4955 3779 5015 νοεῖ·
3829 4950 3906 5017 ὧς
3933 4953 4051 5033 γὰρ
4081 4951 4490 5034 κεχωρισμένα

2789 5054 2885 5117 καὶ
2911 5054 3066 5121 ὅλως
3093 5051 3485 5133 πεποιωμένα.
3533 5053 3601 5116 τὸ
3630 5055 3779 5116 ὅλον
3807 5053 3914 5117 οὖν
3938 5058 4071 5118 νοεῖ
4107 5053 4201 5117 καὶ
4230 5053 4298 5118 τὸ
4343 5080 4483 5119 συν-

2788 5155 2981 5238 άμφω.
3031 5154 3136 5219 Cf.
3165 5154 3350 5219 etiam
3382 5179 3451 5243 p.
3477 5156 3624 5220 600.
3649 5157 3724 5220 B.
3758 5169 3822 5220 et
3852 5154 4217 5242 Olympiod.
4250 5154 4313 5219 in
4347 5155 4482 5221 Alc.

2787 5281 2879 5343 pr.
2911 5281 2967 5322 c.
2992 5259 3046 5322 1.
3082 5281 3145 5345 p.
3171 5278 3236 5344 3.
3268 5273 3427 5323 extr.

2870 5399 2959 5411 —
2987 5380 3085 5425 10.
3119 5359 3256 5443 'Ap'
3286 5361 3393 5425 οὖν
3421 5364 3491 5441 τῇ
3533 5359 3744 5442 ἐφέσει
3789 5360 3882 5424 καὶ
3925 5363 3996 5440 τῇ
4040 5364 4211 5443 ψυχῇ
4257 5360 4482 5443 ἐπιτρέ-

2783 5471 3021 5547 ψομενς
3072 5491 3124 5528 κ.
3150 5465 3316 5552 τ.λ.]
3365 5462 3525 5528 Vide
3552 5485 3697 5549 quae
3735 5485 3926 5550 supra
3966 5461 4046 5527 ad
4092 5485 4161 5550 p.
4192 5478 4342 5549 530.
4374 5487 4485 5528 ex-

2784 5581 3043 5631 tremam
3074 5589 3153 5631 ex
3185 5566 3450 5632 Philebo
3477 5589 3540 5652 p.
3572 5585 3670 5631 20.
3702 5588 3769 5653 p.
3790 5567 3899 5649 46.
3933 5589 4022 5653 sq.
4056 5563 4278 5630 Stallb.
4310 5565 4490 5631 item-
