5118 6613
1057 538 1145 618 46

1062 706 1291 796 prim0,
1318 725 1390 771 os
1423 712 1483 769 et
1519 702 1724 768 oeulos
1750 701 2038 767 Justitiae
2063 699 2438 788 vultumque
2474 699 2613 786 ejus
2655 721 2751 763 se-

1061 809 1225 875 veris
1269 822 1461 896 atque
1505 803 1873 871 venerandis
1913 803 2251 869 verborum
2294 801 2605 868 coloribus
2648 801 2754 867 de-

1129 926 1286 977 nnt-

1062 935 1217 1102 Plp.
1247 1032 1520 1096 104,11.
1565 1012 1659 1077 καὶ
1707 1013 1842 1077 οὔτε
1903 1011 2154 1091 ἕσπερος
2210 1010 2345 1074 οὔτε
2406 1011 2549 1096 ἑῷος
2604 1010 2753 1073 οὕτω

1068 1118 1247 1203 καλὰ]
1285 1118 1444 1195 Quae
1472 1129 1677 1180 tamen
1707 1113 1885 1202 signa
1918 1128 1992 1178 ut
2018 1111 2391 1200 pulcerrima
2418 1111 2611 1199 vulgo
2652 1134 2751 1176 ce-

1063 1219 1408 1286 lebrantur.
1495 1220 1588 1284 Et
1640 1216 1947 1282 sideribus
2000 1213 2345 1302 comparari
2409 1213 2760 1302 antiquitus

1067 1322 1345 1389 solebant
1372 1344 1470 1387 res
1497 1319 1752 1409 pulcroe.
1812 1318 1997 1384 Iliad.
2022 1319 2143 1383 VI.
2170 1332 2313 1403 295.
2344 1317 2578 1383 XXII.
2602 1333 2750 1404 317.

1067 1425 1298 1513 Odyss.
1345 1425 1495 1489 XV.
1535 1425 1673 1488 10'8.
1735 1421 1909 1510 Virg.
1957 1422 2115 1485 AEn.
2156 1422 2362 1486 VIII.
2408 1441 2554 1506 590.
2601 1419 2756 1507 ibiq.

1067 1530 1284 1617 Heyn.
1330 1525 1764 1614 Perictyonem
1793 1547 1897 1612 ap.
1931 1522 2107 1588 Stob.
2144 1524 2345 1588 Serm.
2377 1524 2485 1607 78.
2513 1546 2581 1612 p.
2600 1524 2751 1610 458.

1064 1657 1126 1723 p.
1160 1634 1299 1698 118.
1333 1630 1575 1697 Gaisf.:
1622 1630 1775 1708 Θείη
1815 1631 1932 1711 γὰρ
1968 1628 2061 1692 καὶ
2091 1627 2244 1707 καλὴ
2271 1630 2413 1711 ὄψις
2440 1627 2759 1710 γονέων-

1067 1737 1252 1816 ὁκόση
1294 1736 1430 1800 οὐδὲ
1462 1734 1634 1815 ἡλίου
1675 1732 1810 1796 οὐδὲ
1847 1730 2088 1795 πάντων
2115 1731 2372 1813 ἄστρων,
2402 1732 2477 1794 τὸ
2509 1730 2757 1812 οὐρανὸς

1067 1838 1446 1923 ἐναψάμενος
1490 1835 1897 1918 ἀμφιχορεύει,
1951 1832 2061 1898 ubi
2102 1832 2231 1897 vid.
2280 1831 2599 1897 Gaisford.
2645 1832 2754 1919 qui

1065 1941 1387 2029 vulgatam
1432 1939 1498 2003 in
1542 1951 1820 2002 extremo
1861 1934 2055 2000 verbo
2095 1949 2262 1999 recte
2299 1948 2533 2000 tuetur.
2608 1932 2757 1998 Ari-

1068 2042 1302 2112 stotelis
1352 2040 1561 2107 Ethic.
1610 2039 1859 2105 Nicom.
1890 2040 1966 2103 V.
1999 2058 2050 2102 1.
2078 2056 2177 2124 15.
2220 2061 2288 2125 p.
2323 2053 2424 2123 79.
2460 2036 2636 2125 sylb.
2684 2059 2752 2125 p.

1070 2166 1216 2215 210.
1252 2144 1451 2211 ZelL:
1503 2145 1599 2208 καὶ
1641 2146 1738 2208 διὰ
1778 2146 1949 2206 τοῦτο
1988 2141 2278 2208 πολλάκις
2317 2142 2595 2223 κρατίστη
2639 2145 2757 2203 τῶν

1067 2253 1291 2335 ἆρετῦν
1320 2248 1471 2315 εἶναι
1513 2251 1679 2312 δοκεῖ
1713 2246 1750 2325 ἡ
1793 2245 2153 2324 δικαιοσύνη.
2200 2244 2296 2309 καὶ
2328 2241 2451 2308 οὗθ’
2484 2244 2754 2325 ἕσπερος,

1066 2352 1188 2421 οὔθ’
1223 2355 1366 2440 ἑῷος
1394 2353 1543 2416 οὕτω
1571 2349 1908 2429 θαυμαστός
1937 2375 1990 2412 κ.
2010 2373 2061 2411 τ.
2086 2354 2147 2411 λ.
2213 2348 2417 2425 Quem
2446 2344 2755 2410 senarium

1065 2453 1516 2547 proverbialem
1558 2452 1640 2518 ab
1668 2449 1991 2515 Acciaiolo
2032 2463 2095 2515 et
2126 2448 2533 2538 Argyropylo
2561 2448 2755 2513 Euri-

1067 2558 1203 2648 pidi
1229 2556 1527 2645 assignari
1563 2577 1663 2620 me
1702 2552 1916 2618 docuit
1945 2551 2183 2617 Zellius
2209 2575 2386 2617 meus
2412 2551 2478 2615 in
2509 2552 2755 2616 Comm.

1066 2662 1150 2728 ad
1193 2660 1459 2726 Aristot.
1495 2660 1578 2722 T.
1613 2657 1715 2720 Π.
1743 2678 1812 2744 p.
1840 2657 1984 2736 164.
2024 2678 2118 2742 sq.
2159 2653 2241 2719 ad
2278 2654 2317 2720 l.
2350 2653 2394 2719 l.
2441 2656 2756 2719 Caeterum

1065 2765 1147 2832 cf.
1173 2759 1515 2829 Andronici
1537 2757 1955 2845 Paraphrasin
1978 2756 2246 2822 Aristot.
2272 2755 2481 2821 Ethic.
2508 2755 2753 2821 Nicom.

1068 2891 1134 2957 p.
1170 2867 1312 2933 261.
1358 2862 1457 2929 ed.
1487 2862 1658 2927 Dan.
1692 2859 1962 2924 Heinsii.
2033 2858 2270 2925 Similia
2310 2859 2633 2947 leguntur,
2677 2857 2758 2923 ad

1071 2966 1437 3036 sententiam
1464 2978 1651 3041 certe,
1679 2962 1745 3027 in
1777 2962 2091 3028 Ciceronis
2112 2962 2221 3028 lib.
2242 2963 2301 3028 Ι.
2322 2961 2403 3027 de
2426 2961 2606 3027 Offic.
2622 2985 2757 3050 cap.

1073 3088 1138 3158 7.
1179 3075 1240 3158 ξ.
1280 3090 1333 3135 1.
1402 3066 1578 3134 Beda
1633 3082 1845 3131 autem
1894 3064 2277 3131 Venerabilis
2332 3064 2396 3130 in
2451 3066 2760 3130 Sententt.

1071 3172 1614 3242 Aristotell.Tom.
1641 3171 1738 3235 11.
1762 3192 1829 3258 p.
1856 3186 2004 3254 245.
2049 3167 2240 3233 Basil.
2266 3167 2349 3232 ad
2372 3166 2634 3233 verbum
2656 3191 2761 3232 ex-

1071 3276 1317 3369 pressit.
1408 3272 1669 3341 Titulus
1724 3286 1935 3339 autem
1995 3269 2351 3359 sepulcralis
2404 3270 2469 3336 in
2529 3271 2761 3336 Museo

1076 3378 1460 3469 Schoepslini
1505 3400 1573 3466 p.
1627 3391 1728 3463 75.
1802 3374 2265 3442 Crescentinam
2310 3374 2628 3464 quandam
2675 3375 2762 3439 ita

1073 3485 1408 3575 praedicat:

1227 3591 1385 3649 Ἧτις
1409 3591 1484 3647 ε’νὶ
1508 3588 1721 3657 §nioman
1745 3587 1875 3646 ὅκως
1897 3588 2173 3645 ἀνέτελλεν
2201 3591 2343 3664 ἑῷος,

1317 3693 1429 3745 Νῦν
1454 3686 1593 3746 δύνει
1617 3686 1664 3744 δ’
1690 3688 1792 3743 ὑπὸ
1816 3690 1916 3761 γῆν
1942 3686 2165 3761 ἕσπερος
2189 3688 2245 3742 ἐν
2270 3686 2559 3758 φθιμένοις.

1161 3827 1247 3843 —-
1278 3809 1379 3856 12.
1412 3792 1576 3856 ἀλλὰ
1620 3794 1715 3853 δεῖ
1753 3790 1982 3857 ἰδόντας
2030 3790 2143 3869 μὲν
2183 3787 2357 3868 εἶναι,
2398 3786 2447 3875 ᾦ
2487 3787 2658 3871 ψυχὴ
2692 3789 2767 3851 τᾶ

1078 3898 1318 3958 τοιαῦτα
1343 3893 1590 3976 βλέπει]
1630 3902 1670 3925 “
1692 3894 1767 3955 lb.
1793 3893 1907 3972 μὲν
1936 3890 2107 3965 εἶναι,
2138 3890 2280 3956 fort.
2314 3889 2528 3956 νοεῖν.”
2562 3892 2652 3956 D.
2667 3894 2762 3955 W.

1080 3993 1345 4060 Codices
1393 4006 1457 4056 et
1507 3989 1765 4055 Ficinus
1807 3989 1873 4054 in
1918 3988 2176 4077 vulgata
2218 4004 2648 4077 perseverant3
2704 4006 2767 4058 et

1078 4095 1292 4174 habet,
1313 4117 1443 4182 quo
1469 4116 1542 4157 ea
1565 4116 1629 4157 se
1656 4105 1931 4157 tueatur.
1993 4092 2457 4159 Monstraverat
2484 4095 2767 4182 proxime

1079 4196 1509 4287 philosophus,
1541 4194 1701 4260 sicut
1727 4192 1809 4258 de
1835 4216 2131 4281 corporea
2156 4192 2577 4281 pulcritudine
2595 4196 2770 4283 judi·

1082 4324 1223 4367 care
1264 4313 1598 4389 nequeant,
1626 4297 1737 4387 qui
1776 4297 2101 4364 oculorum
2140 4314 2386 4364 careant
2414 4323 2636 4364 sensu:
2681 4299 2769 4365 ita

2032 523 2859 594 ANNOTATIONES
2924 523 3038 588 IN
3099 521 3550 588 PLOTINI

2840 695 3183 762 Phaedrum
3229 718 3300 782 p.
3356 710 3503 780 250.
3548 695 3638 759 A.
3716 694 4001 781 Sympos.
4051 716 4107 759 c.
4152 711 4251 779 29.
4305 718 4367 782 p.
4416 714 4518 781 93.

2840 799 3039 865 Wolf.
3072 799 3200 864 Dio
3230 797 3458 885 ChryS.
3490 798 3668 861 Orat.
3702 814 3803 861 21.
3833 818 3899 884 p.
3928 798 4080 882 506.
4110 796 4324 861 Reisk.
4366 799 4521 863 Pro-

2838 901 3004 967 clum
3033 901 3097 966 in
3131 898 3357 966 Theoi.
3393 898 3560 965 Plat.
3584 900 3726 964 111.
3750 900 3849 964 18.
3872 918 3979 986 51.
4025 898 4346 966 Plotinum
4374 901 4517 967 infr.

2838 1026 2904 1093 p.
2936 1019 3040 1090 55.
3074 1006 3159 1070 G.
3187 1027 3249 1092 p.
3280 1005 3384 1089 56.
3418 1002 3493 1066 A.
3526 1016 3590 1066 et
3615 1026 3682 1090 p.
3718 1020 3864 1085 722.

2923 1107 3006 1172 ib.
3040 1108 3137 1173 καὶ
3161 1105 3514 1195 πτοηθῆναι]
3547 1105 3653 1170 Cf.
3682 1128 3856 1193 supr.
3884 1104 3966 1170 ad
3995 1128 4063 1193 p.
4093 1126 4198 1192 53.
4224 1107 4305 1172 Β.
4350 1108 4522 1173 Fons

2837 1209 3168 1276 locutionis
3195 1209 3423 1273 iterum
3451 1207 3518 1272 in
3548 1207 3828 1274 Platonis
3859 1210 4147 1297 Sympos.
4177 1234 4238 1297 p.
4273 1211 4419 1277 206.
4449 1234 4517 1298 p.

2838 1317 2984 1399 436.
3017 1311 3219 1378 Bekk.
3251 1312 3452 1391 πολλὴ
3478 1312 3517 1392 ἡ
3544 1314 3789 1393 πτόησις
3808 1311 4027 1395 γέγονε
4053 1314 4188 1396 περὶ
4214 1313 4282 1378 τὸ
4312 1314 4518 1393 καλὸν,

2842 1416 2951 1482 ubi
2977 1415 3080 1482 alii
3106 1418 3395 1495 πτοίησις,
3425 1437 3628 1502 neque
3656 1413 3821 1479 enim
3863 1414 3944 1480 de
3985 1414 4284 1503 palmaria
4309 1416 4521 1482 Abre-

2841 1520 2990 1587 schii
3020 1518 3448 1586 emendatione
3468 1541 3587 1608 pro
3606 1520 3840 1600 ποίησις
3860 1518 4189 1607 quisquam
4210 1519 4521 1608 hodieque

2841 1623 3240 1690 dubitaverit.
3308 1622 3408 1687 Cf.
3455 1622 3638 1687 etiam
3670 1622 3975 1687 Phaedon.
4002 1645 4065 1710 p.
4097 1624 4201 1688 82.
4278 1624 4516 1712 Cratyl.

2840 1751 2904 1815 p.
2923 1745 3074 1809 404.
3096 1728 3189 1792 A.
3236 1724 3560 1790 Plutarch.
3583 1724 3663 1790 de
3690 1724 3931 1790 occulte
3946 1725 4215 1791 vivendo
4242 1749 4309 1814 p.
4332 1728 4515 1792 1128.

2843 1828 3071 1895 Plotin.
3119 1851 3309 1917 supra
3350 1851 3416 1916 p.
3452 1847 3553 1894 20.
3586 1829 3814 1893 B—D.
3859 1851 3925 1916 p.
3962 1844 4104 1912 714.
4127 1853 4183 1894 c.
4217 1847 4296 1897 22
4328 1832 4413 1894 A.
4457 1845 4521 1895 et

2841 1956 2985 2021 quoe
3012 1930 3197 2020 plura
3222 1930 3459 1997 contuli
3487 1931 3548 1996 in
3581 1931 3755 1997 Edit.
3787 1931 3986 2019 pecul.

2925 2074 3013 2086 —
3036 2037 3135 2100 16.
3174 2037 3268 2100 καὶ
3312 2038 3503 2101 πόθον
3550 2036 3643 2101 καὶ
3683 2037 3892 2121 ἔρωτα]
3933 2035 4075 2101 Vid.
4122 2037 4409 2125 Sympos.
4452 2060 4517 2125 p.

2847 2158 3068 2223 191.a.
3099 2161 3162 2226 p.
3195 2156 3334 2223 197.
3357 2158 3421 2225 3.
3454 2136 3696 2226 Cratyl.
3725 2161 3791 2226 p.
3812 2157 3957 2220 420.
3981 2141 4060 2204 A.
4108 2139 4521 2205 Ammonium

2841 2264 2909 2330 p.
2926 2258 3031 2329 59.
3077 2240 3369 2307 Valcken.
3404 2244 3610 2328 Coray
3628 2240 3708 2306 ad
3741 2240 4067 2307 Heliodor.
4085 2242 4264 2308 AEth.
4287 2266 4350 2331 p.
4372 2260 4522 2331 370.

2843 2369 2936 2433 sq.
2966 2357 3030 2410 et
3057 2345 3136 2410 cf.
3160 2348 3265 2411 Jo.
3288 2346 3610 2435 Chrysost.
3632 2345 3714 2411 de
3743 2344 3995 2411 Sacerd.
4021 2347 4157 2411 111.
4176 2366 4274 2411 11.
4297 2370 4359 2436 p.
4379 2365 4518 2435 150.

2842 2448 2942 2514 ed.
2974 2449 3167 2514 Rom.

2927 2574 2992 2640 p.
3021 2570 3164 2637 105,
3191 2572 3243 2615 1.
3278 2552 3372 2617 καὶ
3392 2555 3467 2617 τὰ
3488 2551 3569 2631 μὴ
3590 2552 3881 2637 ὁρώμενα]
3915 2549 4090 2616 Guil.
4110 2551 4339 2617 Rinck.
4358 2553 4519 2641 conj.

2845 2657 3128 2738 ἑρῶμενα,
3156 2677 3519 2743 comparans
3563 2652 3731 2719 Plat.
3773 2653 4026 2718 Pbaedr.
4069 2676 4134 2740 p.
4171 2670 4314 2740 237.
4349 2654 4413 2722 d.
4455 2679 4523 2745 p.

2848 2775 2990 2822 221.
3035 2756 3304 2822 Heindf.
3352 2759 3447 2823 καὶ
3492 2758 3573 2838 μὴ
3623 2759 3889 2839 ἐρῶντες.
3977 2758 4122 2843 Ego
4171 2756 4302 2823 sine
4353 2757 4528 2823 libris

2842 2874 3087 2924 mutare
3102 2858 3299 2923 nolui.
3365 2859 3487 2925 Sed
3517 2859 3799 2948 proxime
3826 2859 3992 2924 idem
4014 2860 4323 2925 Rinckius
4350 2884 4527 2926 meus

2843 2961 2997 3027 mihi
3039 2962 3367 3050 persuasit,
3408 2977 3484 3027 ut
3516 2962 3884 3050 corrigerem
3927 2962 4145 3031 πάντες
4183 2966 4296 3044 μὲν
4322 2966 4525 3047 ὀρῶσι,

2844 3089 2990 3154 quae
3017 3064 3199 3131 lectio
3225 3065 3376 3131 mihi
3407 3065 3651 3131 dudum
3679 3065 3999 3154 placuerat
4018 3081 4083 3132 et
4106 3066 4304 3132 Ficini
4333 3067 4530 3131 omni-

2845 3191 3084 3257 umque
3132 3167 3434 3234 librorum
3479 3169 3844 3235 auctoritate
3901 3171 4204 3235 firmatur.
4293 3171 4528 3236 Contra

2845 3271 3200 3361 proximum
3247 3278 3539 3339 κινοῦνται
3590 3273 3892 3340 intactum
3937 3273 4182 3361 reliqui,
4215 3272 4357 3340 licet
4396 3299 4526 3340 xcv·

2846 3380 3081 3441 τοΰνται
3107 3375 3286 3441 nobis
3310 3375 3688 3441 blandiatur.
3737 3374 3881 3441 Vid.
3915 3375 4161 3442 Platon.
4181 3374 4528 3465 Rempubl.

2849 3479 2925 3543 V.
2957 3501 3020 3565 p.
3049 3493 3202 3563 474.
3235 3479 3301 3543 d.
3346 3477 3578 3544 Plotin.
3609 3501 3675 3567 p.
3711 3498 3853 3566 215.
3876 3479 3956 3543 E.
3987 3498 4142 3567 430.
4169 3482 4245 3545 C.
4281 3494 4423 3565 770.
4450 3481 4528 3545 B.

2851 3581 3058 3646 Procl.
3090 3580 3316 3647 Theol.
3352 3581 3519 3646 Plat.
3549 3605 3617 3671 p.
3638 3584 3738 3647 60.
3787 3581 3988 3647 Mich.
4025 3580 4214 3647 Psell.
4242 3582 4306 3647 in
4337 3582 4531 3648 omni-

2850 3683 2968 3749 far.
2996 3683 3278 3749 doctrina
3310 3687 3370 3770 ξ.
3403 3685 3505 3750 82.
3540 3708 3608 3772 p.
3637 3686 3779 3751 128.

2935 3823 3024 3836 —
3041 3806 3106 3872 3.
3137 3784 3273 3851 ἀλλ’
3324 3788 3477 3851 εἰσὶν
3528 3788 3587 3852 ot
3632 3788 3918 3872 μάλιστα]
3970 3795 4014 3827 “
4039 3787 4167 3852 scil.
4220 3793 4530 3863 κινοῦνται,

2851 3889 2957 3954 sed
2978 3904 3123 3954 sunt
3143 3889 3255 3978 qui
3275 3889 3543 3955 maxime
3562 3892 4085 3956 moveantur.”D.
4100 3892 4194 3954 W.
4225 3889 4534 3956 Rinckius

2850 3991 3025 4081 prius
3079 3996 3138 4057 οἱ
3192 3992 3508 4072 tuebatur,
3569 4017 3653 4058 sc.
3713 3994 4071 4073 κινούμενοιε
4139 4001 4183 4032 “
4204 3993 4328 4058 Sed
4387 4008 4537 4059 sunt

2850 4095 3121 4160 maxime
3144 4095 3379 4160 incitati
3409 4096 3474 4172 ii,
3504 4095 3616 4184 qui
3644 4108 3707 4161 et
3733 4118 3940 4160 amare
3968 4095 4321 4161 dicuntur.''
4390 4095 4536 4184 Ego

2860 4197 3348 4287 Wyttenbachio
3389 4198 3946 4286 obtemperandum
3987 4197 4167 4279 duxi,
4203 4221 4316 4265 nec
4351 4197 4538 4265 libro-

2854 4323 2995 4365 rum
3022 4300 3229 4365 deficit
3257 4302 3607 4366 auctoritas.

1083 4426 1199 4469 nec
1221 4402 1302 4468 de
1330 4401 1676 4468 studiorum
1701 4412 1820 4466 cet.
1836 4398 2258 4488 pulcritudine
2278 4400 2669 4488 pronuntiari
2687 4400 2769 4466 ab
2940 4439 3028 4454 —
3044 4424 3106 4482 4.
3137 4410 3275 4469 Τῶν
3296 4405 3366 4485 δὴ
3389 4405 3512 4490 καὶ]
3537 4402 3843 4470 Rinckius
3871 4403 3995 4492 legi
4018 4403 4155 4470 vult
4183 4411 4300 4471 τῶν
4328 4407 4393 4472 δὲ
4423 4407 4535 4471 καί.

1082 4506 1159 4572 iis
1201 4528 1400 4593 posse,
1431 4503 1542 4593 qui
1583 4504 1828 4568 interno
1869 4501 2093 4567 mentis
2127 4502 2305 4590 quasi
2332 4502 2470 4568 visu
2508 4504 2771 4569 eandem
2858 4507 3046 4571 Certe
3076 4507 3170 4571 καὶ
3197 4530 3320 4572 non
3352 4506 3538 4572 debet
3568 4506 3771 4595 abjici.
3836 4507 4207 4595 Respiciunt
4223 4509 4385 4574 enim
4408 4509 4540 4574 baec

1085 4631 1409 4696 nunquam
1432 4605 1882 4695 conspexerint.
1941 4605 2085 4671 Jam
2106 4605 2349 4693 pergit:
2380 4607 2575 4695 Atqui
2594 4630 2775 4695 ‹spor-
2856 4632 2951 4690 ea,
2988 4633 3133 4698 quae
3178 4632 3369 4697 supra
3409 4633 3462 4674 c.
3507 4629 3565 4675 2.
3613 4610 3875 4698 quaesita
3919 4625 4096 4675 erant
4139 4635 4217 4676 ex
4267 4626 4541 4676 amatore

1087 4722 1174 4780 tet
1199 4734 1313 4777 nos
1341 4712 1553 4776 videre
1580 4732 1650 4774 eo
1674 4732 1796 4798 quo
1818 4710 2074 4774 animus
2103 4709 2260 4774 talia
2285 4711 2589 4774 intuetur.
2672 4710 2775 4774 De
2857 4711 3316 4801 pulcritudinis,
3346 4735 3493 4799 quoe
3521 4712 3585 4777 in
3615 4735 3830 4778 sensus
3858 4712 4092 4778 incidit.

1087 4813 1540 4882 constructione
1568 4812 1699 4877 vid.
1729 4811 2005 4878 Fischer.
2037 4811 2119 4876 ad
2151 4810 2412 4876 Weller.
2447 4812 2587 4876 111.
2611 4816 2677 4877 6.
2709 4835 2771 4901 p.
2943 4813 3032 4878 ib.
3060 4818 3136 4880 τὸ
3179 4818 3246 4880 ἐν
3283 4815 3388 4880 οὐκ
3430 4814 3733 4900 αἰσθήσει]
3769 4817 3896 4880 Pro
3929 4839 4005 4881 eo
4034 4814 4218 4881 Plato
4245 4815 4308 4879 in
4340 4814 4539 4904 Hipp.

1087 4940 1155 5003 4.
1184 4941 1322 5006 sqq.
1352 4929 1416 4981 et
1451 4916 1517 4980 in
1559 4915 1698 5004 ipsa
1739 4917 1914 4980 visas
1956 4913 2416 5002 significatione.
2486 4913 2773 5003 AEschyl.
2860 4917 3009 5004 maj.
3030 4940 3099 5004 p.
3127 4918 3300 5002 298.:
3335 4918 3501 4985 ἐκτὸς
3528 4921 3675 4983 ὄντα
3701 4922 3802 5000 τῆς
3831 4918 4176 5000 αἰσθήσεως.
4225 4919 4540 4983 Caeterum

1091 5024 1222 5110 Ag.
1251 5019 1439 5104 1189.
1470 5019 1639 5084 ἔσται
1681 5019 1984 5101 δεδορκώς.
2057 5016 2287 5104 Eurip.
2320 5017 2592 5083 Hecuba
2628 5018 2774 5104 658.
2863 5021 3101 5085 Censor
3143 5022 3421 5086 Batavus
3468 5020 3755 5087 editionis
3798 5021 3989 5110 hujus
4035 5020 4177 5086 libri
4218 5020 4546 5108 peculiaris

1092 5126 1152 5192 εἴ
1179 5122 1500 5206 βλέπουσα
1541 5126 1689 5203 φῶς.
1762 5119 2043 5207 Respicit
2069 5135 2282 5185 autem
2311 5119 2599 5185 Plotinus
2628 5119 2774 5185 Pla-
2860 5122 3030 5187 hunc
3057 5123 3262 5188 locum
3301 5123 3390 5189 ita
3419 5123 3571 5188 verti
3603 5124 3773 5191 vult:
3809 5132 3854 5164 “
3877 5127 4193 5190 Caeterum
4237 5123 4421 5190 etiam
4464 5143 4543 5188 ex

1090 5227 1254 5295 tonis
1284 5222 1552 5291 Conviv.
1583 5247 1644 5312 p.
1677 5243 1778 5311 94.
1825 5222 2028 5288 Wolf.
2057 5245 2125 5311 p.
2157 5223 2263 5288 80.
2295 5225 2439 5289 Ast.
2469 5225 2701 5306 ὁρῶντι,
2732 5219 2780 5310 ᾧ
2862 5224 2960 5304 iis,
2990 5226 3101 5314 qui
3129 5249 3335 5292 rerum
3366 5250 3555 5315 super
3583 5251 3827 5294 sensum
3856 5227 4314 5316 assurgentium
4339 5249 4548 5294 amore

1092 5330 1307 5414 ὁρατὸν
1333 5328 1403 5394 τὸ
1434 5328 1640 5393 καλόν.
1714 5325 1911 5391 Plura
1935 5349 2240 5414 ponemus
2266 5325 2431 5392 infra
2453 5349 2514 5414 p.
2543 5343 2655 5411 57.
2676 5326 2755 5390 B.
2864 5341 3176 5409 tenentur,
3236 5329 3526 5396 sciscitari
3581 5345 3849 5420 oportet,
3911 5329 4213 5417 quidnam
4266 5329 4549 5420 patimini

1176 5467 1267 5484 -
1288 5451 1389 5518 13.
1417 5432 1671 5513 ἡσθῆναι
1710 5430 1805 5495 καὶ
1847 5429 2017 5494 ἔκπλ.
2053 5431 2298 5516 λαβεῖν]
2340 5436 2383 5469 “
2406 5428 2603 5494 Plane
2630 5426 2777 5494 Pla-
2867 5432 3013 5497 &c.”

1074 5534 1300 5604 ‚tonica
1347 5547 1495 5599 sunt
1538 5530 1744 5599 verbis
1793 5554 1867 5597 ac
1919 5529 2165 5597 rebus.”
2191 5533 2284 5600 D.
2313 5534 2403 5597 W.
2473 5533 2585 5597 Tu
2637 5530 2779 5598 vide
2952 5567 3037 5586 ·-
3053 5549 3117 5619 5.
3151 5535 3246 5600 καὶ
3288 5535 3537 5618 τρόπους
3578 5532 3822 5623 καλοὺς]
3854 5532 3999 5598 vid.
4030 5532 4378 5600 Alcibiadis
4416 5556 4551 5601 ora-
