5118 6613
1401 554 1707 619 LIB.1.
1751 552 2219 618 ENNEAD.
2267 553 2660 619 sExTAE.
2707 554 3251 641 p.1080—1086.
3936 577 4062 645 343

577 732 784 813 ὥσπερ
824 731 922 794 καὶ
957 731 1118 811 παρὰ
1160 731 1265 795 τὰς
1309 729 1500 795 άλλας
1546 728 1897 810 κατηγορίας
1936 728 2276 809 παρεφύετο

574 835 670 899 ἀεὶ
697 832 765 899 τὸ
793 834 942 915 πρός
969 858 1042 896 τι.
1091 831 1160 895 τὸ
1197 830 1400 911 μέντοι
1431 835 1664 895 κεῖσθαι
1702 831 1810 910 τὴν
1836 830 1951 912 πρὸ
1992 834 2098 893 τοῦ
2132 831 2278 912 πρός

576 963 632 1002 τι
670 935 919 1020 εἰληφὸς
961 936 1169 1019 φύσιν,
1213 933 1339 1000 καθ’
1369 936 1514 999 αὑτό
1563 936 1748 1007 ἐστιν,
1782 935 1985 1015 ὥσπερ
2025 934 2120 997 καὶ
2159 939 2279 996 τῶν

574 1041 784 1104 ἄλλων
826 1045 1021 1122 γενῶν
1062 1038 1335 1112 ἕκαστον,
1379 1039 1578 1102 ὁπόσα
1623 1043 1943 1120 προηγεῖτο
1988 1041 2093 1102 τοῦ
2132 1038 2280 1119 πρός

575 1169 652 1207 τι.
700 1144 755 1208 εἰ
782 1143 848 1206 δὲ
875 1140 1073 1206 πάντα
1105 1142 1193 1208 οἷς
1222 1139 1638 1224 ἐπεισέρχεται
1665 1143 1742 1203 τᾶ
1769 1141 1917 1223 πρός
1950 1165 2026 1213 τι,
2059 1142 2128 1203 ἐν
2156 1145 2279 1207 τοῖς

572 1247 719 1327 πρός
745 1270 803 1309 τι
830 1242 1112 1324 θήσομεν,
1145 1243 1251 1308 οὐκ
1278 1243 1355 1308 ἂν
1383 1243 1734 1326 φθάνοιμεν,
1769 1246 1921 1307 καθὰ
1965 1244 2060 1306 καὶ
2105 1242 2279 1310 αὐτὸς

577 1347 747 1413 εἶπεν
773 1349 807 1411 ὀ
838 1353 1151 1415 Πλωτῖνος
1176 1346 1373 1412 πάντα
1399 1350 1477 1411 τᾶ
1503 1345 1650 1429 γένη
1682 1348 1749 1410 ἐν
1777 1351 1901 1414 τοῖς
1926 1348 2072 1427 πρός
2099 1371 2156 1410 τι
2189 1371 2273 1409 τι-

578 1450 823 1525 θέντες;
870 1454 1054 1514 ταῦτα
1091 1452 1204 1530 μὲν
1234 1451 1341 1515 οὖν
1370 1452 1594 1532 εἴρηται
1637 1449 1785 1531 πρὸς
1829 1452 1936 1517 τὰς
1978 1450 2276 1513 πλωτίνου

577 1557 842 1638 ἀπορίας.

664 1679 731 1744 p.
773 1656 955 1735 1081,
990 1675 1089 1736 14.
1121 1658 1227 1718 τοῦ
1257 1656 1321 1718 δὲ
1351 1659 1582 1719 κεῖσθαι
1612 1656 1769 1719 ἀλλο
1798 1679 1855 1718 τι
1887 1655 2281 1734 σημαίνοντος

582 1760 822 1848 κ.τ.λ.]
869 1757 1244 1823 Mutilatum
1286 1780 1417 1822 esse
1455 1757 1625 1822 hunc
1673 1757 1879 1822 locum
1923 1779 2106 1821 nemo
2151 1779 2274 1821 non

579 1861 891 1950 intelligit,
920 1877 985 1927 et
1011 1861 1221 1949 arguit
1242 1860 1397 1925 Cod.
1418 1862 1695 1924 Darmst.
1744 1859 2075 1938 Quomodo
2099 1862 2277 1924 Mar-

581 1965 753 2031 silius
772 1988 920 2031 eum
948 1965 1260 2052 integrare
1289 1963 1620 2042 studuerit,
1644 1963 2013 2051 intelligitur
2041 1987 2120 2028 ex
2142 1987 2277 2028 ver-

580 2069 765 2134 sione.
857 2070 1004 2156 Ego
1033 2067 1241 2132 omnia
1268 2067 1502 2132 intacta
1529 2067 1881 2154 relinquere
1910 2066 2127 2147 malui,
2159 2067 2277 2131 hoc

580 2173 802 2262 magis,
831 2195 978 2237 eum
1020 2172 1160 2237 libri
1195 2174 1390 2237 MSS.
1434 2194 1558 2237 non
1604 2172 1750 2237 satis
1789 2170 2060 2259 praesidii
2100 2170 2274 2234 exhi·

535 2323 543 2332 ·
580 2277 791 2342 beant.
835 2278 999 2341 Mox
1030 2279 1115 2340 A.
1143 2275 1249 2339 lin.
1272 2292 1332 2359 7.
1366 2298 1508 2340 eum
1541 2274 1832 2339 omnibus
1854 2274 2057 2339 Codd.
2088 2275 2280 2339 verba

584 2379 934 2468 transposui
967 2382 1019 2444 εἰ
1046 2381 1158 2459 μὲν
1186 2379 1253 2442 τὸ
1285 2402 1402 2467 pro
1432 2382 1486 2443 εἰ
1512 2378 1578 2441 τὸ
1609 2377 1741 2459 μέν.
1839 2378 2030 2442 Porro
2057 2378 2138 2442 B.
2171 2376 2275 2442 lin.

581 2504 646 2565 4.
677 2482 893 2570 scripsi
926 2506 1070 2546 cum
1100 2481 1350 2569 optimis
1393 2480 1605 2545 libris:
1657 2484 1779 2545 Διᾶ
1821 2482 1882 2544 τί
1922 2483 1987 2545 δὲ
2032 2482 2273 2545 ἀνακλί-

585 2612 737 2654 σεως
774 2588 953 2666 οὔσης
982 2588 1048 2649 ἐν
1078 2589 1158 2671 τῷ
1185 2587 1332 2667 πρός
1357 2611 1433 2649 τι.
1528 2583 1935 2671 Partieipium
1979 2584 2155 2649 abest
2197 2584 2278 2648 ab

585 2689 871 2756 editione.

668 2816 733 2881 p.
766 2794 957 2869 1082,
991 2790 1053 2854 8.
1099 2790 1264 2872 Πρὸς
1307 2792 1371 2854 δὲ
1414 2791 1548 2858 τοὺς
1591 2790 1871 2873 τέτταρας
1912 2788 2180 2857 τιθέντας
2224 2817 2277 2853 κ.

582 2923 636 2962 τ.
660 2897 757 2985 λ.]
807 2892 1081 2980 Simplic.
1113 2893 1176 2956 in
1209 2893 1477 2958 Aristot.
1512 2896 1774 2980 Categg.
1804 2916 1865 2980 p.
1896 2911 1997 2976 72.
2023 2915 2094 2956 a:
2144 2891 2279 2956 τέσ-

583 3026 763 3082 σαρες
791 2998 858 3063 δέ
885 3001 1040 3062 εἰσιν
1070 2996 1327 3079 αἱρέσεις
1354 2997 1488 3079 περὶ
1514 3001 1615 3076 τῆς
1642 2995 1969 3063 ἐπιτάσεως
2015 2997 2109 3060 καὶ
2139 2995 2275 3060 ἀνέ·

585 3128 755 3177 σεως,
785 3107 905 3165 τῶν
931 3125 997 3163 τε
1031 3099 1376 3179 ποιοτήτων,
1413 3100 1509 3163 καὶ
1536 3106 1655 3163 τῶν
1681 3104 1888 3163 ποιῶν.
1936 3099 2030 3163 καὶ
2068 3102 2183 3181 γὰρ
2223 3101 2281 3163 οἱ

581 3207 713 3285 μὲν,
748 3205 843 3269 καὶ
871 3207 975 3270 τὰς
1001 3204 1313 3282 ποιότητας
1348 3202 1546 3269 πάσας
1586 3203 1681 3266 καὶ
1708 3205 1785 3266 τὰ
1811 3204 1955 3266 ποιὰ
1997 3201 2282 3285 δέχεσθαι

583 3308 650 3372 τὸ
680 3313 919 3388 μᾶλλον
950 3306 1045 3371 καὶ
1071 3305 1139 3371 τὸ
1167 3305 1347 3386 ἦττον
1377 3306 1831 3388 ἀποφαίνονται,
1864 3306 2065 3389 ὥσπερ
2096 3312 2277 3371 Πλω·

584 3413 743 3498 τίνῳ,
779 3411 874 3475 καὶ
912 3411 1124 3476 ἄλλοις
1161 3412 1325 3473 δοκεῖ
1347 3415 1774 3483 Πλατωνικοῖς,
1806 3411 1954 3473 διότι
1995 3414 2117 3473 πᾶν
2145 3410 2277 3473 ἔνυ-

582 3523 697 3580 λον
727 3513 1063 3596 ἐπιδέχεται
1091 3512 1158 3575 τὸ
1185 3516 1424 3591 μᾶλλον
1455 3512 1548 3575 καὶ
1573 3511 1642 3575 τὸ
1670 3512 1867 3592 ἧττον,
1901 3516 2002 3591 τῆς
2036 3515 2183 3592 ὕλης
2208 3513 2278 3576 τὸ

582 3622 822 3697 μᾶλλον
867 3617 1121 3699 ἐχούσης
1167 3616 1263 3679 καὶ
1307 3614 1375 3678 τὸ
1426 3615 1622 3695 ἧττον,
1678 3618 1775 3680 διὰ
1814 3616 1923 3693 τὴν
1971 3619 2280 3698 σύμφυτον

585 3720 759 3798 αὐτῆς
787 3720 1080 3799 ἀπειρίαν.
1125 3716 1329 3799 Ἀλλη
1360 3718 1428 3783 δέ
1457 3720 1589 3782 ἐστι
1617 3721 1761 3798 δόξα
1787 3720 2113 3784 ὑπεναντία
2138 3720 2276 3784 ταύ·

582 3848 672 3902 τῃ,
701 3822 829 3901 ἥτίς
857 3823 923 3885 ἐν
946 3825 1058 3901 μὲν
1086 3826 1212 3888 ταῖς
1247 3823 1558 3901 ποιότησιν
1587 3822 1808 3901 αὐταῖς,
1839 3824 1969 3886 οἷον
2000 3825 2066 3886 ἐν
2096 3827 2277 3887 δικαι-

586 3927 771 4005 οσύνῃ
818 3925 914 3989 καὶ
957 3925 1282 4004 λευκότητι,
1315 3924 1578 4004 οὐδαμῶς
1618 3923 1771 3988 εἶναι
1815 3924 1885 3989 τὸ
1919 3929 2158 4005 μᾶλλον
2188 3927 2281 3990 καὶ

584 4027 652 4093 τὸ
674 4028 855 4109 ἧττόν
884 4035 1089 4110 φησιν.
1128 4026 1385 4106 ἑκάστην
1412 4030 1526 4109 γὰρ
1557 4028 1706 4091 ὅλον
1732 4053 1789 4091 τι
1819 4026 1990 4102 εἶναι,
2027 4028 2123 4091 καὶ
2154 4026 2278 4091 καθ’

587 4132 693 4196 ἕνα
719 4132 909 4213 λόγον
939 4129 1202 4204 ἑστάναι,
1238 4130 1332 4193 καὶ
1360 4133 1456 4194 διὰ
1483 4134 1655 4193 τοῦτο
1682 4129 1763 4210 μὴ
1794 4130 2175 4214 ἐπιδέχεσθαι
2217 4129 2285 4194 τὸ

583 4238 821 4313 μᾶλλον
860 4234 955 4298 καὶ
993 4230 1061 4297 τὸ
1104 4232 1304 4313 ἧττον.
1352 4234 1419 4296 ἐν
1465 4235 1530 4297 δὲ
1574 4239 1698 4300 τοῖς
1734 4232 2094 4316 μετέχουσιν
2131 4233 2283 4297 εἶναι

586 4338 859 4401 ἐπίτασιν
888 4337 984 4399 καὶ
1010 4337 1236 4400 ἄνεσιν.
1286 4335 1528 4403 Πλάτος
1567 4338 1683 4418 γὰρ
1724 4336 1970 4421 ἔχουσιν
2007 4338 2069 4400 αἱ
2105 4362 2279 4416 μετο-

582 4443 707 4523 χαί.
757 4439 852 4504 καὶ
898 4441 956 4502 οῖ
999 4440 1112 4519 μὲν
1148 4443 1388 4519 μᾶλλον
1432 4438 1809 4522 μετέχουσιν,
1848 4441 1908 4502 οἱ
1949 4440 2033 4513 δὲ,
2078 4439 2274 4519 ἧττον·

589 4543 682 4606 καὶ
706 4545 803 4606 διὰ
824 4546 995 4605 τοῦτο
1028 4542 1122 4604 καὶ
1146 4544 1207 4604 αἱ
1229 4542 1377 4620 ἕξεις
1406 4542 1576 4605 αὐταὶ
1601 4542 1933 4621 νομίζονται
1953 4539 2022 4606 τὸ
2039 4547 2280 4622 μᾶλλον

589 4645 683 4708 καὶ
719 4642 787 4707 τὸ
819 4643 997 4724 ἦττον
1039 4642 1439 4726 ἐπιδέχεσθαι,
1481 4644 1668 4707 καίτοι
1712 4650 1831 4708 τῶν
1867 4650 2053 4708 ποιῶν
2091 4646 2281 4709 ὄντων

585 4745 1038 4829 ἐπιδεχομένων.
1084 4747 1295 4824 ταύτης
1339 4745 1386 4809 δ’
1419 4745 1575 4811 ἔοικε
1605 4751 1705 4826 τῆς
1734 4749 1905 4827 δόξης
1933 4750 1966 4811 ὁ
1994 4746 2275 4831 Ἀριστο-

584 4847 760 4929 τέλης
800 4845 1207 4928 μνημονεύειν,
1242 4850 1387 4913 ὅταν
1423 4848 1595 4933 λέγῃ·
1647 4848 1988 4931 δικαιοσύνη
2032 4854 2148 4934 γὰρ
2193 4856 2276 4916 δι-

585 4947 915 5029 καιοσύνης,
966 4953 1018 5014 εἰ
1059 4950 1300 5033 λέγοιτο
1344 4956 1600 5031 μᾶλλον,
1649 4952 2007 5035 ἀπορήσειεν
2051 4955 2127 5018 ἄν
2169 4980 2276 5021 τις.

587 5056 680 5119 καὶ
721 5055 935 5136 ἐφεξῆς
977 5056 1041 5117 δὲ
1080 5051 1420 5134 δικαιοσύνη
1461 5058 1574 5135 μὲν
1603 5053 1994 5135 δικαιοσύνης,
2028 5057 2097 5121 οὗ
2123 5055 2281 5121 πάνυ

581 5163 821 5237 μᾶλλον
848 5157 944 5221 καὶ
977 5157 1155 5237 ἧττον
1184 5156 1452 5240 λέγεται·
1500 5161 1575 5222 τά
1618 5160 1684 5223 δὲ
1729 5156 1850 5222 κατ’
1882 5158 2059 5225 αὐτὸς
2098 5160 2279 5240 λεγό-

581 5286 734 5339 μενα
760 5263 922 5334 ποιὰ,
958 5259 1495 5342 ἀναμφισβητήτως
1541 5261 1923 5344 ἐπιδέχεσθαι
1950 5258 2018 5324 τὸ
2041 5259 2282 5340 μᾶλλόν

583 5373 757 5446 φησι.
795 5366 1348 5446 γραμματικώτερον
1376 5367 1491 5446 γὰρ
1524 5365 1729 5445 ἕτερον
1759 5362 1961 5445 ἑτέρου
1989 5363 2281 5446 λέγεσθαι

582 5471 840 5546 μᾶλλον,
874 5466 968 5529 καὶ
1013 5468 1393 5548 δικαιότερον,
1426 5467 1521 5532 καὶ
1565 5465 1982 5550 ὑγιεινότερον.
2030 5468 2177 5532 ὅταν
2214 5470 2278 5532 δὲ

583 5570 753 5654 λέγῃ·
804 5567 1081 5637 ὡσαύτως
1126 5573 1189 5634 δὲ
1239 5571 1333 5634 καὶ
1376 5571 1784 5653 γραμματικὴν
1810 5572 1906 5635 καὶ
1940 5575 2045 5639 τὰς
2088 5572 2282 5640 ἄλλας

2365 726 2679 802 διαθέσεις,
2714 724 3049 809 κοινότερον
3077 731 3182 796 τᾶς
3221 729 3369 808 ἕξεις
3411 728 3706 798 διαθέσεις
3750 730 4058 806 ἐκάλεσεν,

2365 832 2568 912 ὥσπερ
2612 832 2707 895 καὶ
2748 833 2816 894 ἐν
2842 835 2964 897 τοῖς
3005 829 3117 912 πρὸ
3153 829 3393 905 τούτων,
3426 835 3570 896 ποιᾶ
3597 835 3703 900 τὰς
3729 831 4061 914 ποιότητας.

2362 935 2545 1016 Τρίτη
2576 936 2641 997 δὲ
2673 935 2916 1016 αἵρεσις,
2949 934 2986 1013 ἦ
3015 939 3132 997 τῶν
3159 939 3449 1009 Στωϊκῶν,
3480 937 3693 1002 οἵτινες
3730 933 4064 1016 διελόμενοι

2362 1038 2544 1120 χωρὶς
2584 1040 2689 1105 τὰς
2733 1039 2944 1118 ἀρετᾶς
2989 1034 3108 1101 ἀπὸ
3149 1043 3265 1101 τῶν
3309 1037 3514 1118 μέσων
3556 1044 3804 1122 τεχνῶν,
3852 1036 4067 1106 ταύτας

2364 1141 2498 1204 οὔτε
2544 1141 2946 1203 ἐπιτείνεσθαι
2987 1138 3295 1222 λέγουσιν,
3329 1142 3464 1205 οὔτε
3508 1143 3801 1206 ἀνίεσθαι·
3851 1145 3956 1210 τὰς
3999 1145 4061 1207 δὲ

2361 1240 2552 1320 μέσας
2581 1241 2799 1325 τέχνας
2828 1243 2925 1306 καὶ
2955 1243 3229 1307 ἐπίτασιν
3259 1244 3353 1307 καὶ
3384 1246 3592 1309 ἄνεσιν
3621 1245 3909 1329 δέχεσθαί
3934 1255 4057 1328 φα-

2364 1369 2448 1407 σι.
2495 1350 2615 1408 τῶν
2644 1345 2750 1408 οὖν
2781 1345 2962 1423 ἕξεων
3001 1346 3097 1409 καὶ
3137 1352 3254 1410 τῶν
3292 1352 3479 1411 ποιῶν
3521 1351 3669 1413 κατὰ
3710 1347 3947 1415 τούτους
3989 1352 4064 1413 τὰ

2362 1448 2476 1526 μὲν
2504 1447 2640 1511 οὔτε
2670 1448 3024 1512 ἐπιτείνεται
3064 1450 3198 1513 οὔτε
3240 1451 3486 1515 ἀνίεται.
3533 1453 3608 1515 τὸ
3637 1454 3721 1526 δὲ,
3756 1450 4063 1535 ἀμφότερα

2367 1550 2725 1634 ἐπιδέχεται.
2769 1551 3017 1634 τετάρτη
3056 1551 3124 1616 δέ
3154 1554 3284 1616 ἐστι
3326 1550 3489 1632 δόξα,
3517 1554 3642 1632 ἥτις
3682 1557 3787 1621 τᾶς
3821 1551 3931 1633 μὲν
3959 1552 4061 1618 ἀύ-

2362 1660 2508 1721 λους
2540 1655 2635 1718 καὶ
2664 1652 2790 1719 καθ’
2823 1656 3001 1722 αὑτὰς
3028 1652 3340 1735 ποιότητας
3371 1656 3547 1738 ἔλεγε
3575 1656 3656 1736 μὴ
3688 1656 4067 1740 ἐπιδέχεσθαι

2363 1754 2432 1820 τὸ
2470 1762 2712 1837 μᾶλλον
2758 1758 2854 1821 καὶ
2898 1757 2967 1821 τὸ
2999 1757 3195 1838 ἦττον,
3239 1761 3344 1826 τὰς
3381 1757 3446 1823 δέ
3486 1756 3753 1836 ἐνύλους,
3802 1761 3897 1824 καὶ
3934 1760 4066 1827 τοὺς

2365 1858 2487 1924 κατ’
2537 1861 2717 1927 αὐτὰς
2764 1860 2984 1934 ποιοὺς,
3041 1860 3441 1944 ἐπιδέχεσθαι.
3489 1862 3758 1945 διαφέρει
3806 1862 3869 1927 δὲ
3921 1865 4063 1942 αὕτη

2362 1967 2464 2042 τῆς
2491 1962 2781 2045 προτέρας
2807 1964 2844 2042 ἡ
2874 1961 3036 2042 δόξα,
3069 1961 3214 2028 διότι
3250 1966 3445 2045 ἐκείνη
3475 1966 3752 2045 οὐδεμίαν
3782 1968 4062 2030 ἀντιδιαί-

2361 2091 2533 2148 ρεσιν
2577 2072 2695 2131 τῶν
2740 2064 2940 2131 ἀΰλων
2983 2069 3237 2131 ἐποιεῖτο
3280 2066 3426 2150 πρὸς
3467 2072 3571 2136 τὰς
3615 2067 3881 2136 ἐνύλους.
3929 2072 4060 2153 ἐφί-

2365 2194 2578 2255 σταται
2608 2168 2673 2232 δὲ
2698 2172 2731 2232 ὁ
2763 2167 3105 2252 Πορφύριος
3142 2168 3321 2250 ταύτῃ
3362 2175 3431 2251 τῇ
3474 2169 3631 2251 δόξῃ,
3665 2174 3742 2239 ὧς
3770 2173 3840 2236 οὗ
3873 2178 4064 2239 καλῶς

2364 2270 2583 2339 ἀύλους
2608 2269 2922 2353 ποιότητας
2960 2273 3253 2353 τιθεμένη,
3289 2275 3508 2338 ἐκεῖναι
3550 2272 3663 2357 γὰρ
3701 2275 3900 2339 οὐσίαι
3945 2278 4069 2339 εἶσί

2365 2383 2535 2456 φησι,
2572 2374 2666 2438 καὶ
2697 2373 2791 2439 διὰ
2816 2380 3006 2449 τοῦτο,
3040 2378 3175 2440 οὔτε
3203 2378 3432 2451 ἄνεσιν,
3465 2379 3600 2441 οὔτε
3633 2378 3905 2441 ἐπίτασιν
3933 2380 4060 2442 ἐπι-

2366 2476 2662 2561 δέχονται,
2694 2479 2896 2559 ὥσπερ
2925 2476 3062 2542 οὐδὲ
3089 2480 3274 2543 άλλαι
3303 2480 3521 2544 οὐσίαι.

2452 2617 2540 2628 -
2574 2599 2673 2665 13.
2717 2582 2812 2644 καὶ
2859 2580 3142 2663 διαφορὰς
3187 2583 3257 2646 οὗ
3305 2584 3840 2669 καταλελοίπασιν]
3894 2585 4058 2649 Dedi

2365 2706 2442 2747 ex
2476 2686 2658 2748 Mon.
2692 2685 2767 2748 C.
2824 2686 3028 2748 Marc.
3064 2687 3152 2748 A.
3173 2685 3251 2750 B.
3284 2701 3348 2750 et
3378 2688 3522 2751 Vat.
3556 2687 3860 2769 διαφοράς.
3930 2687 4059 2752 Ed.

2366 2791 2672 2870 διαφορᾶς.

2450 2914 2518 2977 p.
2552 2890 2738 2975 1083,
2773 2891 2833 2954 8.
2879 2894 3041 2974 παρὰ
3067 2895 3168 2971 τῆς
3195 2895 3356 2972 ὕλης,
3391 2891 3574 2973 οἶμαι,
3606 2901 3728 2962 τοῖς
3755 2896 3967 2963 ἄλλοις
4012 2925 4060 2960 κ.

2365 3020 2415 3057 τ.
2448 2994 2542 3082 λ.]
2601 2994 2703 3057 De
2753 2992 2915 3074 οἶμαι
2956 2995 3127 3058 varie
3174 2993 3501 3083 interjecto
3544 2997 3768 3061 sufficit
3810 2996 4067 3062 laudare

2367 3095 2520 3160 Tib.
2554 3095 2995 3160 HemsterhuS.
3037 3095 3118 3160 acl
3160 3097 3419 3162 Lueiani
3453 3099 3747 3187 Dialogg.
3783 3102 4063 3168 Marinn.

2368 3200 2446 3263 V.
2479 3218 2539 3265 2.
2571 3221 2633 3285 p.
2659 3219 2809 3285 303.
2858 3198 3090 3263 Sturzii
3123 3199 3288 3263 Lex.
3316 3201 3615 3289 Xenoph.
3653 3204 3795 3268 ΙΙΙ.
3827 3228 3890 3291 p.
3923 3225 4062 3287 244.

2367 3326 2461 3391 sq.
2508 3302 2843 3367 Heindorf.
2875 3301 2956 3367 ad
2992 3301 3234 3369 Platon.
3268 3304 3469 3390 Gorg.
3503 3309 3558 3390 ᾧ.
3596 3306 3697 3370 86.
3728 3331 3795 3394 p.
3829 3328 3970 3394 123.
4004 3327 4064 3374 et

2369 3407 2735 3472 Stallbaum.
2768 3407 2846 3471 ad
2879 3407 3070 3471 eund.
3101 3406 3331 3494 dialog.
3372 3407 3566 3490 (Bibl.
3595 3411 3737 3492 Gr.)
3775 3407 3875 3475 ΙΙ.
3914 3433 3967 3474 1.
4001 3436 4063 3499 p.

2372 3526 2515 3596 135.
2580 3509 2868 3574 Proxime
2895 3511 2970 3574 B.
3003 3510 3045 3573 l.
3064 3530 3126 3596 3.
3162 3509 3405 3597 plenius
3435 3511 3788 3599 scripsimus
3816 3514 3885 3577 τὸ
3914 3518 4057 3580 ὑπο-

2369 3615 2641 3694 κείμενον
2671 3614 2739 3677 ἓν
2768 3615 3163 3695 ἀριθμοῦντες.
3256 3615 3359 3677 Ita
3403 3613 3544 3678 libri
3589 3614 3786 3702 plurr.
3823 3632 3886 3680 et
3926 3618 4060 3682 Fic.

2368 3717 2663 3802 Denique
2693 3718 2773 3780 C.
2821 3715 2863 3779 l.
2894 3736 2954 3800 3.
2985 3737 3047 3796 4.
3101 3738 3241 3780 eum
3291 3716 3471 3780 bonis
3513 3716 3687 3782 libris
3728 3719 4057 3784 dedimus:

2367 3817 2505 3884 ἀλλ’
2531 3817 2569 3898 ἢ
2599 3823 2679 3905 τῷ
2704 3819 3057 3901 μεμερίσθαι
3085 3842 3200 3906 pro
3232 3818 3372 3883 ἀλλ’
3402 3816 3439 3899 ἢ
3468 3820 3535 3883 τὸ
3562 3823 3838 3902 μερίσθαι
3866 3837 3928 3887 et
3958 3822 4059 3887 lin.

2363 3940 2429 4007 5.
2461 3925 2689 4005 συνεχῆ
2717 3944 2835 4009 pro
2864 3928 3126 4005 συνεχεῖ.

2452 4049 2513 4112 p.
2554 4025 2740 4106 1084,
2773 4045 2834 4107 7.
2881 4026 2976 4090 καὶ
3019 4029 3115 4090 διὰ
3153 4027 3215 4089 τί
3249 4029 3420 4089 τοῦτο
3464 4032 3704 4107 μᾶλλον
3732 4027 3821 4102 ὃν,
3854 4030 3890 4108 ἦ
3928 4033 4059 4111 ὕλη,

2369 4128 2506 4192 ἀλλ’
2538 4130 2644 4193 οὐκ
2674 4132 2864 4193 ἐκεῖνο
2887 4130 2935 4213 ;]
2987 4129 3092 4193 Ita
3133 4128 3272 4193 libri
3319 4128 3594 4217 plurimi.
3684 4130 3808 4195 Ed.
3842 4133 4059 4198 ἐκεῖνα.

2370 4233 2542 4295 Tum
2588 4254 2706 4319 pro
2733 4229 2770 4313 ἢ
2800 4233 3006 4299 ἄποιος
3047 4231 3191 4296 dedi
3238 4237 3425 4317 γεννᾷ
3468 4234 3505 4313 ἡ
3542 4235 3747 4300 ἄποιος
3790 4235 3857 4296 τὸ
3893 4235 4066 4298 ποιὸν

2367 4358 2443 4399 ex
2478 4335 2682 4398 Mare.
2717 4335 2818 4399 A:
2859 4345 3132 4423 generat
3147 4336 3396 4421 formae
3424 4358 3650 4424 expers
3691 4360 3738 4400 s,
3783 4336 4064 4401 informis

2368 4439 2684 4525 (materia)
2715 4440 2787 4504 id
2815 4442 2979 4528 quod
2989 4444 3238 4527 Jbrmae
3269 4445 3591 4529 particeps
3620 4452 3713 4506 est
3729 4468 3750 4506 .·
3796 4443 3831 4521 ἡ
3860 4445 4066 4510 ἄποιος

2366 4568 2451 4608 sc.
2488 4547 2619 4622 ὕλη.
2712 4542 2815 4606 Ita
2843 4543 3007 4607 enim
3040 4544 3373 4630 saepissime
3401 4544 3764 4632 designatur
3791 4547 4063 4611 materia.

2365 4646 2510 4711 Vid.
2547 4647 2607 4710 Ι.
2632 4646 2693 4708 8.
2725 4666 2824 4709 10.
2854 4667 2997 4709 cum
3027 4662 3236 4711 annot.
3265 4647 3360 4710 11.
3385 4668 3451 4728 4.
3482 4668 3533 4711 1.
3585 4649 3680 4712 ΙΙ.
3706 4669 3768 4729 4.
3796 4667 3853 4731 7.
3905 4650 4062 4714 Mox

2368 4750 2443 4813 B.
2474 4747 2518 4811 l.
2543 4750 2604 4812 6.
2639 4745 2853 4835 scripsi
2880 4772 2895 4811 t
2946 4749 3238 4832 ἐνυπῆρχε
3269 4752 3384 4832 γᾶρ
3416 4749 3491 4812 ἀν
3519 4749 3588 4812 τὸ
3620 4752 3889 4836 ἐνεργείᾳ
3918 4775 4060 4816 cum

2364 4853 2544 4916 bonis
2589 4850 2763 4914 libris
2806 4874 2919 4937 pro
2962 4854 3031 4930 τῇ
3080 4852 3370 4937 ἐνεργείᾳ.
3424 4867 3486 4916 et
3538 4852 3645 4918 lin.
3682 4853 3761 4916 8:
3814 4855 3908 4917 καὶ
3951 4859 4065 4937 γὰρ

2368 4961 2539 5034 σῶμα
2569 4956 2631 5033 ἐξ
2660 4956 2805 5033 ὕλης
2834 4952 2904 5017 ὃν
2936 4954 3030 5017 καὶ
3062 4956 3248 5021 εἴδους
3288 4978 3363 5018 ex
3402 4954 3720 5034 Vaticano,
3749 4956 3920 5042 quod
3952 4981 4058 5020 ex-

2366 5056 2590 5145 pressit
2616 5055 2800 5120 etiam
2833 5055 3110 5132 Fieinu8‚
3140 5079 3255 5143 pro
3286 5059 3381 5122 καὶ
3408 5060 3571 5137 ὕλης.

2461 5196 2547 5208 —
2583 5178 2681 5223 12.
2731 5159 3042 5238 ἀσώματος
3085 5159 3160 5222 ἂν
3209 5162 3296 5240 εἵη
3344 5162 3377 5223 ὁ
3425 5159 3590 5247 θεὸς]
3639 5159 3778 5222 Vid.
3828 5155 4058 5224 Ezech.

2373 5262 2705 5350 Spanhem.
2748 5285 2865 5326 sur
2892 5262 2980 5326 les
3012 5263 3242 5328 Cesar-s·
3284 5264 3358 5326 de
3386 5264 3796 5349 I'Empereur
3822 5264 4061 5327 Julien.

2372 5389 2427 5453 p.
2465 5367 2609 5450 256.
2657 5379 2784 5428 not.
2819 5366 2961 5445 874.

2451 5492 2516 5555 p.
2548 5469 2737 5546 1086,
2771 5469 2827 5531 6.
2877 5468 3081 5532 ἔπειτα
3111 5471 3165 5532 εί
3192 5470 3605 5554 ὑποκείμενον]
3663 5469 3770 5534 Ab
3803 5471 3923 5534 Ed.
3957 5472 4059 5536 ab·

2364 5588 2456 5636 est
2489 5573 2564 5635 εἰ.
2654 5572 2947 5634 Ceterum
2994 5569 3312 5652 hic‚locus
3344 5571 3575 5636 Plotini
3622 5588 3713 5637 est
3761 5575 4090 5646 tenendus
