5118 6613
1052 520 1184 591 374

1146 699 1212 764 p.
1244 676 1429 761 1256,
1462 690 1523 758 7.
1568 673 1706 740 ἀλλ’
1736 676 2163 745 αὐτοὺς-τοὺς
2204 676 2644 756 ἀληθεστάτους
2687 678 2751 740 ἆ-

1061 779 1298 859 ριθμοὺς
1328 777 1497 851 εἶναι,
1532 778 1908 854 αὐτοδεκάδα,
1943 781 2013 844 οὖ
2042 778 2256 844 δεκάδα
2295 784 2472 843 τινῶν
2502 779 2756 867 νοητῶν]

1066 880 1366 968 Thucyd.
1400 882 1472 944 V.
1524 900 1644 945 20:
1703 882 1987 946 αὖτόδεκα
2032 883 2180 946 ἑτῶν
2223 884 2600 955 διελθόντων,
2649 881 2757 944 11111

1065 982 1194 1048 vid.
1231 986 1452 1071 Poppo
1495 1007 1560 1071 p.
1593 1000 1762 1070 305:
1831 985 2162 1051 Αὖτοδεκᾶς
2205 1007 2353 1048 vero
2395 983 2756 1048 addendum

1061 1102 1155 1151 est
1188 1085 1454 1151 Lexicis.
1545 1088 1648 1152 De
1677 1085 2093 1175 Pythagoreis
2135 1087 2222 1151 ita
2251 1085 2576 1151 Aristotel.
2616 1088 2755 1150 Me-

1065 1190 1238 1277 taph.
1271 1191 1328 1254 Ι.
1359 1211 1424 1276 5.
1455 1212 1521 1277 p.
1554 1208 1649 1254 12.
1706 1188 1883 1277 Sylb.
1916 1213 1977 1277 p.
2007 1191 2107 1254 16.
2141 1189 2465 1255 Brandis.:
2513 1190 2676 1272 λέγω
2707 1195 2756 1254 δ’

1063 1294 1192 1359 οἷον
1223 1293 1422 1372 ἐπειδὴ
1465 1293 1698 1357 τέλειον
1725 1294 1763 1373 ἡ
1802 1296 1973 1361 δεκὰς
2019 1292 2172 1358 εἶναι
2215 1298 2379 1358 δοκεῖ
2418 1294 2512 1358 καὶ
2554 1298 2760 1358 πᾶσαν

1059 1396 1510 1480 περιειληφέναι
1551 1396 1659 1476 τὴν
1697 1402 1815 1460 τῶν
1848 1398 2108 1478 ἀριθμῶν
2135 1398 2322 1479 φύσιν
2352 1424 2407 1460 κ.
2430 1422 2484 1460 τ.
2507 1403 2566 1459 λ.
2613 1418 2758 1482 quae

1061 1497 1287 1563 deinde
1329 1497 1610 1586 explodit
1642 1499 1818 1563 XII.
1856 1521 1915 1586 p.
1945 1517 2089 1584 230.
2121 1522 2187 1587 p.
2215 1499 2330 1562 281
2358 1523 2373 1563 ε
2422 1500 2650 1563 ἄτοπον
2694 1501 2759 1562 δὲ

1063 1602 1158 1666 καὶ
1202 1603 1270 1666 τὸ
1317 1606 1418 1682 τῆς
1462 1601 1703 1670 δεκάδος
1755 1602 1907 1667 εἶναι
1954 1601 2137 1677 ἰδέαν,
2188 1602 2497 1670 ἑνδεκάδος
2545 1605 2611 1666 δὲ
2654 1602 2754 1682 μὴ,

1057 1706 1204 1783 μηδὲ
1232 1711 1349 1768 τῶν
1380 1704 1719 1788 ἐρχομένων
1745 1707 2004 1787 ἀριθμῶν
2038 1731 2092 1768 κ.
2118 1730 2169 1767 τ.
2195 1712 2259 1768 λ.
2354 1704 2524 1768 Hinc
2571 1706 2753 1786 ἐγκώ-

1057 1832 1195 1885 μιον
1223 1812 1323 1886 τῆς
1352 1807 1592 1874 δεκάδος
1620 1821 2000 1871 010100101111·
2032 1806 2381 1872 Iamblicho
2409 1806 2471 1870 in
2505 1807 2753 1871 Nioom.

1057 1931 1122 1995 p.
1154 1929 1295 1991 124.
1329 1909 1436 1973 ubi
1468 1909 1592 1973 vid.
1629 1908 1885 1974 Tenull.
1918 1933 1983 1997 p.
2016 1911 2154 1975 186.
2189 1933 2281 1997 sq.
2361 1909 2466 1975 Cf.
2499 1909 2753 1975 Theon.

1061 2014 1307 2100 Smyrn.
1329 2012 1393 2075 in
1417 2013 1580 2077 Plat.
1602 2013 1812 2078 Math.
1830 2036 1883 2077 0.
1907 2013 2298 2078 XXXVII.
2320 2013 2750 2078 XXXVIII.

1056 2138 1122 2202 p.
1166 2118 1303 2194 146.
1352 2140 1487 2203 sqq.
1538 2115 1833 2181 Bulialdi.
1881 2115 2370 2203 Theologumm.
2403 2115 2750 2180 Arithmm.

1054 2240 1115 2304 p.
1139 2220 1239 2302 63.
1289 2221 1432 2283 Ast.
1466 2219 1803 2284 Anatolius
1831 2219 1984 2285 ibid.
2013 2243 2075 2307 p.
2101 2221 2206 2300 64.
2267 2221 2428 2298 Quae
2455 2217 2755 2306 expilavit

1056 2322 1161 2385 Jo.
1198 2322 1393 2386 Laur.
1429 2321 1656 2410 Lydus
1685 2323 1745 2386 I.
1776 2340 1876 2408 15.
1924 2323 2066 2386 111.
2093 2343 2151 2387 1.
2182 2321 2291 2386 ubi
2321 2321 2445 2386 vid.
2479 2326 2751 2387 Annott.

1054 2447 1118 2511 p.
1148 2428 1248 2488 16.
1281 2448 1371 2512 sq.
1405 2448 1465 2512 p.
1495 2427 1600 2492 82.
1632 2449 1727 2513 sq.
1763 2425 2094 2505 Roetheri3
2125 2439 2187 2490 et
2215 2425 2467 2504 adhibe,
2496 2449 2644 2512 quae
2671 2425 2753 2489 de

1053 2526 1138 2604 vi,
1166 2550 1356 2614 quam
1397 2528 1653 2593 denario
1681 2551 1943 2593 numero
1971 2528 2353 2617 Pythagorei
2394 2528 2750 2617 philosophi

1055 2645 1244 2716 atque
1287 2630 1591 2696 Platonici
1635 2632 2014 2709 tribuerunt,
2047 2630 2361 2697 Brandisii
2391 2633 2746 2697 Commeat.

1055 2731 1136 2796 de
1163 2732 1444 2798 doctrina
1474 2757 1875 2799 numerorum
1904 2757 2006 2821 ap.
2042 2734 2475 2822 Pythagoreos
2508 2748 2573 2799 et
2602 2733 2747 2798 Pla·

1057 2835 1292 2900 tonicos
1334 2836 1395 2899 in
1445 2840 1675 2901 Museo
1720 2837 2028 2902 Rhenano
2072 2838 2169 2901 11.
2207 2856 2264 2904 2.
2313 2861 2374 2925 p.
2412 2855 2558 2903 222.
2607 2861 2743 2924 sqq.

1057 2937 1293 3003 Confer
1320 2939 1503 3003 etiam
1539 2939 1769 3004 Plotin.
1800 2964 1865 3028 p.
1890 2942 2040 3024 675.
2067 2941 2144 3006 F.
2175 2939 2328 3026 ibiq.
2358 2953 2573 3004 annot.

1142 3063 1208 3127 p.
1243 3058 1424 3127 1257,
1456 3058 1512 3125 7.
1555 3042 1666 3107 ’Ev
1696 3045 1761 3108 δὲ
1803 3048 1883 3129 τῷ
1929 3046 2205 3129 mii—1106
2233 3041 2549 3127 ἐνέργειαι]
2606 3042 2746 3107 Ρ11-

1055 3164 1227 3206 mum
1274 3144 1486 3231 scripsi
1529 3144 1811 3231 proxime
1840 3147 1898 3209 01
1926 3151 2024 3209 νοῖ
2063 3167 2178 3232 pro
2207 3146 2283 3212 ὡς
2312 3151 2410 3209 νοῖ
2431 3167 2575 3208 cum
2609 3145 2744 3210 Fic.

1054 3260 1118 3312 et
1145 3269 1221 3311 ex
1253 3247 1527 3336 vestigiis
1558 3246 1807 3312 Codicis
1838 3249 1979 3312 Vat.
2011 3245 2236 3312 deinde
2264 3270 2406 3312 cum
2438 3248 2654 3313 eodem
2684 3264 2745 3314 et

1053 3350 1342 3439 pluribus
1373 3351 1577 3416 libris:
1625 3354 1864 3435 πρώτως
1901 3374 2014 3439 pro
2042 3357 2301 3435 πρῶτοςε
2351 3366 2486 3416 tum
2517 3376 2552 3415 e
2582 3374 2743 3416 mar-

1049 3455 1197 3542 gine
1219 3455 1346 3520 Ed.
1381 3469 1443 3520 et
1471 3455 1657 3520 codd.
1688 3454 1978 3520 omnibus
2007 3453 2315 3519 revocavi:
2348 3457 2425 3522 ὥς
2453 3457 2518 3519 δὲ
2546 3457 2614 3519 ἐν
2644 3459 2744 3541 νῷ.

1053 3557 1183 3624 Ed.
1218 3559 1444 3623 habet:
1494 3560 1571 3627 ὧς
1613 3556 1733 3624 οὐδ’
1768 3562 1835 3623 ἐν
1879 3562 1977 3645 νῷ.
2069 3557 2315 3623 Pendet
2356 3572 2566 3622 autem
2612 3557 2747 3622 haec

1053 3662 1286 3727 Plotini
1329 3661 1672 3750 disputatio
1712 3685 1752 3726 a
1780 3661 2028 3725 Timoeo
2073 3660 2353 3726 Platonis
2399 3684 2461 3748 p.
2492 3680 2602 3741 41.
2647 3684 2741 3748 sq.

1050 3790 1115 3856 p.
1148 3787 1255 3853 43.
1285 3791 1420 3854 sqq.
1457 3765 1695 3831 Bekk.:
1745 3768 1930 3846 θνητὰ
1974 3767 2060 3830 ἔτι
2103 3765 2250 3848 γένη
2294 3769 2497 3839 λοιπὰ,
2530 3763 2643 3846 τρί’
2675 3766 2739 3828 ἆ·

1049 3870 1327 3953 γέννητα.
1372 3872 1594 3934 τούτων
1621 3870 1728 3933 οὖν
1753 3869 1834 3949 μὴ
1864 3868 2222 3950 γενομένων,
2255 3868 2504 3950 οὐρανὸς
2532 3867 2747 3947 ἀτελὴς

1051 3973 1240 4037 ἔσται·
1285 3976 1360 4037 τὸ
1386 3976 1502 4054 γὰρ
1531 3971 1764 4035 ἅπαντα
1790 3974 1858 4036 έν
1887 3971 2041 4058 αὐτῷ
2085 3970 2231 4054 γένη
2274 3973 2436 4048 ζώων
2461 3971 2575 4054 οὐχ
2605 3972 2741 4050 ἕξει,

1052 4080 1146 4139 δεῖ
1169 4077 1253 4149 δὲ,
1285 4077 1338 4138 εἰ
1362 4073 1576 4154 μέλλει
1603 4072 1810 4141 τέλεος
1838 4076 2048 4141 ἱκανῶς
2078 4073 2247 4139 εἶναι.
2296 4088 2358 4138 01
2389 4097 2534 4161 quae
2567 4073 2743 4138 dein-

1049 4200 1196 4265 ceps
1223 4177 1302 4242 de
1343 4174 1731 4264 particularis
1774 4175 1996 4240 animae
2031 4175 2430 4263 generatione
2473 4177 2740 4264 reliqua-

1046 4302 1172 4368 que
1200 4292 1590 4366 sequuntur3
1639 4300 1783 4365 quae
1810 4277 2227 4367 comparanda
2270 4296 2416 4345 sunt
2459 4303 2605 4344 cum
2646 4279 2741 4357 iis,

1046 4407 1193 4472 quae
1213 4382 1443 4446 ibidem
1475 4381 1554 4445 de
1581 4381 1788 4446 anima
1810 4381 2083 4447 universi
2111 4382 2450 4448 traduntur
2479 4405 2542 4470 p.
2568 4404 2744 4470 34—

1043 4488 1149 4574 38.
1180 4484 1661 4573 adhibendaque
1692 4486 2067 4552 Plutarchea
2096 4486 2175 4552 de
2205 4486 2586 4552 Animorum
2629 4511 2738 4575 ge-

1046 4603 1238 4654 nerat.
1270 4588 1334 4652 in
1367 4588 1614 4653 Timoeo
1640 4612 1702 4676 p.
1734 4591 1917 4655 1016.
1950 4614 2085 4678 sqq.
2117 4613 2184 4678 p.
2212 4592 2352 4677 136.
2383 4615 2519 4679 sqq.
2549 4593 2740 4679 wyt-

1047 4692 1333 4759 tenbach.
1392 4695 1566 4772 Quos
1597 4692 1876 4758 Platonis
1906 4692 2070 4759 locos
2097 4693 2160 4758 in
2189 4693 2325 4759 aliis
2352 4693 2538 4758 etiam
2569 4693 2743 4758 libris

1043 4811 1187 4862 ante
1229 4793 1442 4861 oculos
1484 4796 1672 4861 habet
1717 4795 2021 4862 Plotinus.
2114 4797 2261 4862 Vid.
2294 4820 2355 4863 v.
2385 4821 2437 4861 0.
2485 4821 2553 4885 p.
2584 4800 2737 4883 326.

1041 4918 1192 4986 329.
1221 4918 1371 4985 330.
1399 4900 1549 4984 376.
1579 4918 1728 4983 470.
1759 4917 1909 4985 473.
1941 4901 2092 4985 489.
2124 4901 2276 4985 562.
2309 4900 2455 4981 674.
2506 4900 2741 4963 Nostro

1984 502 2830 570 ANNOTATIONES
2895 504 3003 567 IN
3070 504 3501 568 PLOTINI

2931 700 2991 764 p.
3026 676 3211 763 1258,
3252 696 3346 740 10.
3389 675 3581 759 Ἀρχὴ
3618 677 3725 740 οὖν
3765 676 3860 740 καὶ
3896 675 4175 759 πηγὴ-ὀ
4215 676 4545 759 ἀριθμὸς-

2846 780 3096 868 ἀληθής]
3149 778 3290 843 Vid.
3336 800 3527 865 supra
3568 800 3633 866 p.
3665 780 3812 862 679.
3849 779 3934 842 E.
3963 792 4027 841 et
4054 793 4266 844 annot.
4300 778 4362 841 in
4395 800 4539 842 eum

2845 880 3071 945 locum.
3179 880 3285 946 Cf.
3341 879 3487 945 item
3540 894 3728 967 caput
3785 878 4142 967 praecedens
4184 902 4248 966 p.
4281 881 4431 945 686.
4463 881 4543 944 C-

2847 986 3141 1048 Ceterum
3174 982 3274 1048 hic
3304 982 3631 1048 universus
3661 983 3832 1047 locus
3855 982 4248 1048 Plotinianus
4276 1005 4401 1047 non
4432 982 4545 1047 mi-

2846 1111 2965 1151 nus
2995 1086 3308 1151 recondita
3338 1103 3400 1151 et
3430 1087 3695 1152 obscura
3720 1085 4009 1165 includit,
4039 1110 4231 1173 quam
4260 1086 4364 1152 ille
4392 1086 4539 1152 Pla-

2848 1190 3088 1255 tonicus
3116 1190 3178 1254 in
3206 1189 3600 1268 Parmenide,
3626 1189 3735 1255 ubi
3765 1188 3845 1253 de
3868 1191 4020 1255 Uno
4047 1206 4111 1255 et
4140 1189 4218 1255 de
4247 1205 4390 1254 ente
4419 1188 4543 1253 dis-

2845 1310 3128 1382 putatur,
3157 1292 3416 1380 quique,
3447 1309 3885 1380 argumentum
3916 1292 4086 1379 quod
4124 1291 4367 1369 attinet,
4396 1315 4540 1357 cum

2845 1397 2963 1461 1100
2996 1396 3350 1461 Ρ1011010110
3379 1395 3836 1483 comparandus
3878 1410 3972 1460 est
4016 1419 4075 1483 p.
4123 1416 4256 1477 144.
4289 1419 4420 1483 sqq.
4473 1419 4538 1484 p.

2843 1500 2952 1586 38.
2990 1523 3125 1587 sqq.
3162 1498 3453 1578 Bekkeri‚
3497 1499 3560 1563 in
3605 1523 3736 1585 quo
3777 1497 4147 1586 explicando
4191 1512 4331 1587 post
4378 1502 4535 1564 Pro·

2843 1603 3033 1684 clum,
3067 1603 3467 1669 Damascium
3513 1603 3791 1691 aliosque
3818 1615 4056 1668 veteres
4084 1603 4472 1692 interpreteS,
4505 1627 4542 1669 e

2844 1707 3288 1772 recentioribus
3312 1707 3567 1772 Ficinus
3595 1730 3734 1795 cap.
3759 1727 3860 1794 95.
3892 1706 3994 1771 alii
4023 1706 4104 1772 ad
4136 1707 4305 1772 hunc
4336 1731 4537 1795 usque

2840 1810 3004 1875 diem
3037 1810 3456 1875 elaborarunt.

2927 1937 2994 2001 p.
3023 1932 3207 1999 1259,
3247 1933 3345 1978 10.
3390 1912 3653 1977 Λεκτέον
3692 1914 3965 1980 οὗν-ὦς
4006 1913 4153 1977 ὅταν
4191 1914 4535 1992 μὲν-ὅταν

2840 2017 3620 2098 τοίνυν-εἴπῃς-μερίζων
3650 2014 3777 2080 καθ’
3805 2016 4216 2101 ἕνα-ποσοῦ]
4249 2015 4530 2080 Primum

2843 2119 2988 2184 huic
3030 2118 3165 2183 loco
3201 2116 3486 2182 consului
3528 2116 4075 2205 interpungend03
4124 2116 4374 2196 deinde,
4424 2141 4537 2204 pro

2841 2221 3111 2309 vulgatis
3140 2220 3508 2286 lectionibus
3539 2223 4403 2304 ἐνταῦθα-εἵποις-μερίζον,
4436 2243 4531 2286 10-

2840 2324 2994 2389 duxi
3026 2324 3254 2412 probas
3291 2349 3326 2388 e
3364 2323 3538 2389 libris
3581 2323 3847 2398 nostris;
3898 2339 4030 2388 tum
4062 2323 4534 2390 exterminando

2838 2428 2974 2492 haec
3008 2427 3193 2492 verba
3219 2427 3382 2492 inter
3410 2431 3712 2506 αἰσθητοῖς
3753 2441 3816 2491 01
3861 2428 4024 2491 ἀλλὰ
4063 2432 4328 2509 καθαρῶς
4370 2427 4439 2493 ἓν
4467 2428 4529 2492 10

2839 2531 2968 2597 Ed.
2999 2547 3062 2595 et
3091 2532 3305 2619 paucis
3332 2530 3513 2594 codd.
3545 2528 3942 2617 interposita:
3990 2536 4114 2597 πῶς
4150 2533 4183 2594 6
4221 2531 4462 2612 ἀριθμὸς
4499 2534 4532 2596 6

2836 2637 2948 2714 μὲν
2991 2635 3273 2714 οὗσιῶδης
3315 2636 3349 2698 6
3394 2636 3460 2698 δὲ
3502 2635 3813 2714 ποσῶὃηςε
3874 2633 4190 2708 Quomodo
4232 2655 4533 2698 numerus

2834 2739 3003 2802 alius
3043 2738 3290 2825 quidem
3334 2737 3706 2816 essentialis,
3755 2735 3926 2800 alius
3969 2757 4116 2800 vero
4158 2738 4530 2824 quantitati·

2837 2863 2997 2914 vus,-
3043 2863 3189 2927 quae
3218 2855 3281 2904 et
3310 2838 3696 2904 manifestam
3733 2837 4077 2903 Lemmatis
4109 2837 4379 2904 indolem
4425 2839 4533 2904 ha-

2835 2943 3007 3020 bent,
3047 2957 3108 3007 et
3152 2942 3217 3006 in
3260 2942 3510 3007 duobus
3555 2940 3757 3006 Codd.
3804 2941 3869 3005 in
3915 2940 4195 3029 margine
4236 2964 4380 3006 cum
4427 2942 4535 3007 illo

2834 3048 3164 3127 σημείωσαι
3205 3060 3586 3133 comparent,
3628 3067 3831 3131 neque
3873 3068 3913 3109 a
3943 3044 4164 3109 Ficino
4192 3044 4255 3107 in
4287 3045 4532 3110 Latinis

2834 3149 3077 3213 reddita
3107 3162 3274 3213 sunt.

2920 3274 2980 3340 p.
3009 3253 3194 3331 1260,
3228 3253 3287 3316 8.
3333 3252 3416 3315 Τί
3450 3254 3565 3334 γὰρ
3605 3251 3682 3316 ἂν
3710 3250 4202 3338 γένοιτο-ἄλλῳ
4243 3252 4530 3338 ἆνθρόπφ

2832 3355 3372 3441 -ἆριθμουμένῳ.]
3443 3355 3521 3418 Ιο
3567 3349 3667 3419 ed.
3719 3355 4019 3443 scriptum
4070 3366 4165 3419 est
4209 3355 4364 3440 αὐτῷ
4415 3377 4531 3443 pro

2833 3458 3139 3542 ἀνθρώπῳ,
3173 3456 3323 3521 vitio
3350 3480 3385 3520 e
3417 3457 3724 3521 scribendi
3753 3471 3900 3522 nota
3937 3470 4119 3521 orto:
4164 3471 4238 3521 ut
4266 3456 4331 3521 in
4363 3456 4526 3522 Cod.

2832 3575 3043 3625 nostro
3076 3548 3363 3625 Palatino
3394 3559 3913 3647 Heidelberg-ensi
3941 3559 4153 3648 Lysiae
4178 3561 4262 3624 N.
4281 3560 4386 3625 88.
4417 3583 4529 3625 501-

2832 3662 3112 3750 piuscule
3141 3661 3501 3750 hujusmodi
3533 3662 3838 3726 scribendi
3870 3661 4311 3749 compendium
4344 3686 4523 3728 usur-

2830 3782 3049 3853 patum
3081 3766 3308 3831 videa&
3372 3766 3529 3830 Mox
3563 3767 3658 3830 καὶ
3685 3772 3891 3829 ποσῶν
3921 3770 4092 3830 τοῦτο
4122 3765 4191 3828 τὸ
4222 3765 4381 3830 δέκα.
4442 3767 4523 3831 In

2830 3892 3028 3957 marg.
3062 3869 3193 3934 Ed.
3228 3884 3322 3934 est
3362 3869 3457 3933 καὶ
3498 3874 3705 3932 ποσῶν
3732 3872 3902 3932 τοῦτο
3932 3867 4091 3941 δέκα,
4123 3867 4188 3932 10
4219 3868 4347 3933 Ed.
4376 3892 4522 3933 000-

2832 3986 3044 4037 textu:
3095 3972 3189 4036 καὶ
3218 3972 3414 4037 ποσὸν
3441 3975 3612 4035 τοῦτο
3655 3971 3723 4035 τὸ
3769 3970 3926 4035 δέκα.
4018 3973 4165 4058 Ego
4193 3986 4526 4060 utramque

2829 4075 3150 4164 conjunxi.
3248 4075 3385 4138 Nec
3434 4073 3616 4138 aliter
3662 4073 3808 4137 fecit
3857 4072 4129 4139 Ficinus.
4229 4073 4526 4140 Nicolaus

2832 4177 3264 4243 Methonensis
3282 4176 3580 4241 adversus
3602 4174 3802 4263 Procli
3831 4177 3985 4240 Inst.
4010 4176 4318 4264 Theolog.
4345 4201 4401 4242 0.
4423 4194 4522 4261 70.

2829 4305 2897 4369 p.
2922 4299 3037 4365 97:
3089 4283 3333 4362 σώματα
3359 4280 3774 4359 πεποσωμένα.
3839 4280 4002 4343 Mox
4033 4295 4177 4366 post
4207 4279 4398 4344 verba
4426 4282 4524 4345 καὶ

2831 4385 2961 4449 ἔστι
3001 4410 3059 4448 τι
3102 4384 3211 4464 ἔξω
3254 4381 3557 4469 expressit
3587 4382 3722 4445 Fic.
3763 4382 3947 4445 etiam
3996 4381 4164 4446 haec:
4216 4384 4316 4446 καί
4354 4409 4413 4448 τι
4456 4385 4525 4448 ἐν

2827 4488 2946 4561 σοί,
2978 4509 3121 4573 quoe
3165 4484 3351 4550 docta
3394 4507 3638 4562 manus,
3670 4483 4074 4572 probabiliter
4115 4484 4311 4572 ipsius
4341 4487 4522 4550 Mar·

2826 4590 2943 4655 51111
2985 4589 3048 4653 10
3095 4588 3374 4676 margine
3403 4587 3653 4653 Codicis
3684 4587 3921 4652 Medic.
3961 4590 4049 4651 A.
4088 4586 4414 4676 adpinxit;
4461 4605 4525 4654 et

2830 4693 3045 4780 utique
3088 4691 3223 4756 haec
3266 4690 3564 4756 excidisse
3592 4690 3784 4768 (11005,
3814 4689 3863 4754 si
3900 4707 4170 4779 reputes,
4202 4714 4348 4778 quae
4374 4714 4523 4756 oon-

2826 4796 3006 4862 tinuo
3032 4809 3401 4882 sequuntur.
3480 4794 3622 4881 Ego
3652 4808 3858 4858 tamen
3889 4792 4020 4858 sine
4048 4793 4347 4858 librorum
4379 4818 4525 4859 auc-

2825 4899 3074 4964 toritate
3115 4897 3315 4963 textui
3355 4897 3621 4962 inserere
3666 4896 3856 4962 nolui.
3949 4895 4244 4961 Proxime
4287 4920 4436 4985 pro:
4483 4895 4522 4978 ἢ

1040 5002 1178 5068 1000
1219 5001 1447 5066 adhibe
1493 5002 1786 5067 Proclum
1832 5003 1897 5066 in
1931 5001 2159 5069 Theol.
2196 5001 2447 5066 Platon.
2483 5002 2600 5066 IV.
2629 5021 2738 5086 32.
2822 5006 2936 5083 μὲν
2963 5002 3076 5085 πρὸ
3116 5006 3222 5065 τοῦ
3265 5003 3531 5084 ἀριθμεῖν
3573 5023 3766 5087 marg.
3802 4999 3927 5064 Ed.
3974 4999 4164 5064 habet
4193 5003 4227 5064 6
4255 5000 4369 5083 πρὸ
4409 5004 4524 5080 μὲν

1040 5130 1103 5194 p.
1138 5125 1283 5191 231.
1373 5107 1670 5171 Ceterum
1701 5104 1782 5168 de
1809 5126 2069 5169 numero
2099 5106 2380 5192 perfido
2409 5118 2473 5168 et
2501 5103 2582 5168 de
2611 5103 2735 5167 vir-

1040 5209 1303 5287 101111115,
1348 5231 1615 5296 quarum
1673 5207 1969 5272 continuo
2025 5205 2315 5272 Plotinus
2364 5207 2738 5271 mentionem

1040 5312 1209 5391 facit,
1248 5310 1501 5376 consule
1547 5310 1836 5375 Ficinum
1881 5310 1945 5374 in
1993 5309 2274 5374 Platonis
2319 5311 2550 5397 Remp.
2584 5309 2735 5374 Dia-

1039 5415 1162 5503 log.
1184 5416 1384 5479 VIII.
1433 5438 1487 5478 0.
1531 5429 1631 5495 17.
1674 5413 1738 5478 11.
1772 5437 1828 5477 0.
1891 5413 2140 5479 Ρ10100.
2184 5412 2225 5478 l.
2259 5412 2301 5477 l.
2346 5435 2415 5501 p.
2446 5416 2598 5497 576.
2648 5437 2737 5503 sq.

1032 5539 1222 5606 quem
1253 5517 1456 5581 locum
1487 5538 1685 5606 supra
1713 5516 1793 5581 ad
1825 5539 1889 5605 p.
1916 5519 2063 5602 675.
2091 5517 2167 5583 B.
2195 5516 2535 5605 attigimus.

2825 5102 2894 5168 τὸ
2920 5104 3076 5168 δέκα.
3148 5105 3251 5167 De
3278 5103 3577 5191 exemplis
3606 5106 3880 5182 στρατοῦ,
3911 5106 4097 5186 χοροῦ
4126 5130 4176 5166 κ.
4202 5128 4257 5166 r.
4276 5110 4335 5166 λ.
4370 5102 4525 5167 vidi-

2826 5228 2967 5270 mus
2996 5228 3188 5293 supra
3216 5205 3297 5271 ad
3326 5229 3393 5294 p.
3419 5206 3569 5271 682.
3598 5205 3673 5269 C.
3702 5205 3791 5269 D.

2912 5332 2979 5397 p.
3012 5314 3199 5389 1261,
3228 5329 3278 5373 1.
3323 5305 3360 5388 ἢ
3390 5310 3423 5372 6
3454 5311 3555 5387 τῆς
3585 5307 3792 5373 οὐσίας
3819 5307 4000 5385 ἡμῶν·
4046 5303 4385 5389 μετέχουσα
4413 5315 4526 5388 φη-

2827 5412 2929 5476 σὶν
2959 5412 3206 5493 ἀριθμοῦ
3234 5411 3328 5475 καὶ
3356 5410 3664 5494 ἁρμονίας]
3707 5410 3812 5473 110
3839 5406 4053 5495 scripsi
4083 5408 4361 5473 omnium
4393 5409 4525 5476 fere

2826 5513 3125 5581 librorum
3161 5512 3480 5600 suffragio.
3558 5512 3637 5576 In
3668 5510 3885 5577 ordine
3911 5510 4202 5576 editionis
4228 5526 4321 5576 est
4349 5513 4521 5592 μετέ-
