5118 6613
1602 559 1919 626 INDEX
1962 559 2311 626 RERUM
2354 563 2485 627 ET
2529 561 3079 629 VERBORUM.

3948 581 4073 649 441

596 749 808 797 nature
851 734 1247 796 intellectualis
1283 747 1342 795 et
1375 734 1703 794 intellectus
1781 732 1951 791 noxia
1991 755 2119 813 quoe
2153 734 2417 795 videntur
2455 735 2512 793 in
2553 735 2788 806 mundo,
2817 736 2881 794 fi·
2964 734 3260 830 opiniones
3284 736 3600 798 visionibus
3625 737 3833 798 similes
3949 757 4062 821 305

674 830 904 877 mutuus
934 817 1059 896 quis
1086 816 1163 875 sit
1190 829 1476 895 respectus
1581 834 1653 891 33
1664 833 1697 894 5

594 912 809 959 0111οω
848 897 1179 980 praestantia
1212 898 1364 957 unde
1402 896 1701 977 colligatur

1346 977 1466 1038 Fic.
1495 999 1554 1058 p.
1577 979 1697 1055 438

592 1075 852 1121 naturam
909 1060 1148 1141 primam
1208 1071 1378 1129 sorte,
1435 1059 1490 1119 id
1545 1060 1698 1138 quod

669 1143 863 1211 habet,
912 1155 1136 1202 nactam
1183 1161 1299 1200 non
1342 1140 1517 1201 fuisse
1564 1160 1695 1220 pro·

674 1225 843 1283 batur
1579 1237 1696 1297 740

591 1317 851 1365 naturam
921 1301 1312 1382 incorpoream
1381 1304 1695 1363 necessario

668 1405 794 1446 esse
826 1385 1096 1464 probatur
1575 1386 1690 1460 463

592 1479 850 1527 naturam
907 1465 1094 1545 primo
1139 1468 1417 1526 viventem
1467 1483 1697 1524 necesse

669 1560 757 1608 est
783 1566 908 1608 esse
1617 1545 1692 1605 ib.

590 1641 847 1689 naturam
877 1648 1063 1687 rerum
1093 1647 1208 1686 000
1232 1629 1304 1687 ab
1325 1629 1465 1687 hora
1484 1629 1696 1707 depen-

670 1712 804 1771 dere
831 1710 1105 1791 probatur
1333 1710 1455 1768 Fic.
1485 1729 1544 1788 p.
1572 1727 1694 1783 400

590 1792 843 1852 naturale
874 1790 1152 1871 judicium
1196 1810 1335 1850 num
1364 1789 1479 1850 falli
1517 1789 1696 1870 possit

1574 1872 1692 1930 660

589 1950 857 2013 naturalis
900 1952 1119 2013 virtutis
1158 1972 1289 2012 cum
1335 1951 1525 2012 divina
1572 1952 1691 2013 col·

669 2033 810 2094 latio
1571 2034 1688 2093 662

590 2115 860 2175 naturalis
873 2114 1023 2175 actio
1039 2113 1160 2175 sola
1176 2117 1388 2174 bonum
1411 2116 1477 2174 F.
1502 2133 1558 2194 p.
1579 2133 1602 2172 1
1623 2114 1692 2173 16

589 2196 867 2257 naturalia
892 2196 1258 2256 incitamenta
1569 2214 1640 2271 41
1652 2214 1686 2272 3

589 2278 866 2339 naturalia
905 2277 1108 2337 divinis
1148 2277 1354 2336 collata
1394 2276 1581 2356 qualia

1336 2358 1457 2418 Fic.
1487 2379 1547 2438 p.
1572 2357 1689 2436 548

589 2438 858 2500 naturalis
884 2439 1171 2516 actionum
1200 2438 1428 2518 partitio
1569 2458 1691 2515 424

592 2520 925 2581 naturalium
953 2540 1186 2600 operum
1214 2519 1547 2580 excellentia
1574 2540 1688 2579 non

666 2605 903 2673 ratione,
933 2602 1035 2662 sed
1072 2602 1196 2661 solo
1223 2601 1532 2671 intellectu,
1562 2622 1691 2680 per·

673 2683 881 2763 cipitur
1344 2683 1392 2740 F
1393 2684 1461 2742 10.
1491 2705 1547 2763 p.
1571 2683 1689 2758 438

591 2764 927 2825 naturalium
945 2784 1131 2824 rerum
1150 2764 1418 2823 resolutio
1432 2766 1492 2822 F.
1506 2784 1560 2843 p.
1576 2780 1690 2840 270

592 2846 928 2907 naturalium
972 2865 1157 2905 rerum
1199 2845 1556 2926 degeneratio

1344 2926 1462 2985 Fic.
1493 2947 1547 3005 p.
1576 2926 1689 3001 238

589 3006 925 3070 naturalium
955 3026 1137 3066 rerum
1167 3026 1349 3067 causae
1396 3009 1460 3067 F.
1488 3027 1548 3086 p.
1574 3024 1688 3082 237

590 3088 915 3149 naturaliter
941 3088 1153 3147 moveri
1182 3089 1319 3167 quid
1346 3089 1463 3147 Fic.
1493 3109 1549 3168 p.
1581 3104 1686 3166 125

588 3170 915 3230 naturaliter
938 3189 1101 3251 agere
1128 3183 1334 3230 cuncta
1372 3170 1444 3230 ad
1476 3172 1690 3229 bonum

1576 3266 1692 3327 709

589 3331 892 3393 necessitas
919 3333 1127 3412 duplex
1340 3332 1458 3392 Fic.
1488 3351 1547 3411 p.
1571 3350 1693 3409 444

587 3414 890 3474 necessitas
938 3434 1054 3474 non
1103 3433 1329 3493 semper
1376 3413 1689 3474 molestiam

665 3496 840 3556 infert
1574 3511 1686 3571 743

588 3576 893 3636 necessitas
919 3574 1317 3635 conditionalis
1345 3575 1461 3635 Fic.
1490 3596 1549 3654 p.
1570 3595 1690 3655 399

585 3657 974 3718 necessitatem
1018 3657 1340 3736 philosophi
1380 3655 1438 3714 in
1483 3656 1688 3736 princi-

669 3740 781 3818 piis
810 3739 1119 3798 fundarunt
1571 3740 1686 3798 228

589 3821 923 3881 necessitate
964 3838 1080 3879 000
1121 3818 1314 3877 omnia
1353 3819 1499 3877 fiunt

1336 3900 1456 3959 Fic.
1487 3920 1545 3978 p.
1567 3919 1690 3976 404

587 3981 960 4041 necessarium
995 3995 1054 4041 et
1080 3979 1426 4060 impossibile
1461 4001 1523 4039 se
1559 4001 1685 4040 mu-

667 4075 768 4122 tuo
795 4061 1096 4122 includunt
1607 4063 1687 4121 ib.

585 4143 1084 4204 necessariiverum
1103 4142 1425 4222 oppositum
1444 4142 1596 4220 quod
1611 4141 1685 4201 ib.

586 4225 899 4284 necessaria
958 4226 1245 4304 quomodo
1306 4224 1528 4282 animus
1588 4243 1685 4283 ex·

668 4317 860 4399 petat.
1023 4386 1036 4400 .
1294 4385 1307 4399 .
1600 4322 1682 4398 ‚³³

587 4406 899 4448 necessaria
935 4400 1153 4446 ratione
1188 4386 1310 4445 0ωο
1337 4405 1438 4444 001
1460 4397 1687 4444 000110-

665 4467 859 4547 gentis
883 4468 1032 4547 apud
1058 4487 1162 4526 nos
1182 4469 1323 4525 fiant
1348 4466 1465 4526 Fic.
1489 4488 1544 4544 p.
1566 4482 1681 4544 405

587 4549 941 4609 necessitudo
968 4547 1196 4628 propria
1236 4547 1477 4627 simplici
1506 4547 1581 4606 rei
1610 4567 1684 4606 an

665 4628 817 4698 insit,
848 4630 1134 4709 quomodo
1164 4628 1461 4709 indagetur
1568 4645 1685 4705 719

588 4723 781 4770 nectar
807 4712 1042 4771 deorum
1068 4710 1205 4789 quid
1571 4728 1686 4787 299

586 4790 855 4850 Nemesis
1572 4790 1686 4848 180

585 4870 878 4939 Nicolaus‚
910 4872 1142 4929 Graecus
1167 4871 1371 4951 philos.
1566 4888 1685 4949 509

582 4950 850 5032 Nigidius
878 4951 1243 5030 philosophus
1342 4953 1463 5014 Fic.
1491 4974 1550 5031 p.
1568 4971 1681 5012 222

584 5033 822 5114 nigredo
851 5033 1141 5091 materiam
1170 5033 1339 5093 refert
1389 5036 1452 5092 F.
1482 5054 1539 5112 p.
1573 5053 1681 5111 132

583 5114 821 5173 0111110οι
844 5126 903 5173 01
925 5132 1039 5171 000
1061 5132 1163 5172 ens
1189 5114 1341 5193 apud
1363 5114 1684 5175 Platonicos

660 5194 926 5255 differunt
1337 5195 1456 5255 Fic.
1485 5216 1543 5275 p.
1570 5199 1684 5256 280

584 5295 736 5336 0000
760 5277 980 5357 sphaera
1338 5275 1455 5335 Fic.
1486 5296 1541 5355 p.
1568 5277 1681 5353 238

584 5359 801 5417 11000111
831 5357 1130 5437 productio
1335 5355 1454 5416 Fic.
1483 5377 1539 5435 p.
1564 5376 1682 5433 330

584 5439 820 5508 notitiae,
840 5437 1190 5499 sensibilium
1210 5437 1463 5497 scientiae
1478 5457 1549 5496 an
1568 5437 1685 5498 sint

666 5520 1024 5580 nominandae
1562 5521 1675 5595 561

583 5599 843 5661 notiones
903 5622 939 5661 a
997 5602 1253 5681 subjecto
1307 5599 1680 5660 differentiam

663 5683 915 5762 accipere
1605 5681 1680 5742 ib.

725 5783 914 5837 vol..
950 5782 1077 5836 111.

1861 834 1990 874 nem
2022 817 2235 877 habent
2260 816 2538 895 optimum
2586 818 2648 876 F.
2678 838 2737 896 p.
2761 835 2878 892 402

1777 914 2048 955 00100108
2101 917 2172 956 00
2230 897 2377 957 inter
2426 918 2635 978 genera
2699 897 2883 977 prima

1855 980 2348 1038 connumerandus
2760 979 2879 1053 607

1777 1077 2043 1119 numerus
2070 1059 2379 1119 divinitatis
2759 1078 2880 1136 509

1777 1159 2042 1200 numerus
2089 1140 2148 1198 in
2196 1140 2321 1221 ipso
2374 1153 2508 1200 ente
2561 1139 2878 1200 consistens

1855 1222 2138 1281 antecedit
2163 1222 2435 1301 speciales
2463 1221 2618 1281 ideas
2756 1222 2876 1298 678

1776 1322 2046 1363 numerus
2088 1303 2314 1382 duplex,
2351 1302 2664 1362 essentialis
2705 1315 2764 1361 et
2804 1303 2875 1362 ad

1854 1384 2227 1462 quantitatem
2258 1384 2550 1464 pertinens
2758 1398 2873 1460 523

1774 1483 2039 1524 numerus
2079 1467 2139 1524 in
2183 1467 2395 1524 mundo
2435 1463 2778 1543 intelligibili

2572 1546 2687 1605 Fic.
2717 1566 2774 1621 p.
2796 1546 2876 1623 36

1773 1645 2057 1696 numerus,
2079 1626 2437 1696 continuum,
2458 1627 2616 1686 locus
2641 1639 2702 1685 et
2728 1640 2874 1685 tem-

1853 1727 1959 1787 pus
1999 1728 2073 1766 an
2115 1728 2285 1767 unam
2330 1721 2586 1767 naturam
2631 1708 2876 1767 habeant

1853 1788 2073 1849 cunctis
2099 1808 2462 1848 communem
2754 1790 2870 1865 567

1772 1888 2039 1928 00010108
2080 1890 2265 1929 rerum
2308 1869 2455 1928 inter
2480 1889 2541 1928 se
2569 1870 2879 1929 formaliter

1851 1950 2225 2011 differentium
2270 1951 2559 2029 quomodo
2608 1951 2872 2011 determi-

1851 2045 2017 2091 netur
2043 2032 2099 2091 in
2130 2032 2344 2091 mundo
2371 2031 2707 2110 incorporeo
2755 2033 2873 2110 690

1771 2133 2036 2172 numerus
2081 2114 2292 2172 multus
2332 2126 2431 2172 aut
2478 2133 2691 2192 paucus
2732 2133 2874 2191 quo-

1853 2195 2024 2254 modo
2054 2196 2153 2253 fiat
2754 2195 2870 2271 627

1771 2295 2037 2354 numerus
2063 2276 2351 2354 quomodo
2378 2274 2643 2335 omnibus
2670 2295 2873 2335 nume·

1850 2356 1926 2414 ris
1952 2356 2270 2416 communis
2796 2356 2872 2416 ib.

1770 2437 1989 2496 numeri
2030 2437 2287 2497 definitio
2336 2437 2652 2498 secundum
2695 2438 2874 2498 varios

2753 2520 2866 2578 681

1772 2618 2064 2658 numerum
2095 2600 2154 2658 in
2181 2599 2497 2677 quantitate
2525 2619 2648 2658 esse
2675 2598 2872 2680 imagi·

1852 2699 1983 2739 nem
2014 2681 2233 2740 numeri
2263 2680 2646 2740 substantialis
2749 2682 2870 2758 679

1769 2762 1841 2820 ad
1872 2763 2188 2822 Numerum
2219 2782 2343 2821 vere
2370 2782 2470 2840 per
2496 2781 2558 2820 se
2586 2761 2871 2839 quantita·

1851 2855 1966 2901 tem
1988 2844 2278 2922 quomodo
2298 2843 2623 2923 redigantur
2644 2843 2870 2921 reliquae

1849 2937 1965 2982 tres
2753 2924 2868 3001 567

1769 3007 1989 3064 00111011
2035 3018 2096 3064 01
2140 3003 2381 3065 rationes
2424 3019 2583 3065 extra
2624 3005 2871 3064 infinita·

1853 3097 1967 3144 tem
2760 3087 2868 3163 163

1771 3166 1990 3226 numeri
2030 3180 2163 3227 ante
2199 3178 2389 3227 actum
2422 3168 2647 3228 vitalem
2686 3180 2746 3227 et
2782 3166 2871 3226 in-

1852 3248 2231 3309 tellectualem
2262 3250 2358 3309 ubi
2751 3249 2870 3325 678

1772 3350 2035 3389 numeros
2062 3351 2186 3390 esse
2213 3331 2374 3390 initia
2399 3351 2700 3411 corporum
2751 3331 2871 3409 689

1768 3412 1918 3471 circa
1944 3413 2231 3472 Numeros
2258 3433 2497 3490 quorum
2538 3412 2871 3472 auctoritate

1850 3506 2042 3552 utatur
2069 3493 2329 3552 Plotinus
2749 3493 2862 3552 681

1770 3594 2132 3633 numerorum
2188 3572 2492 3633 multitudo
2547 3594 2620 3632 00
2678 3573 2869 3652 prohi-

1848 3657 1996 3722 beat,
2027 3674 2140 3733 quo
2183 3654 2370 3713 minus
2411 3653 2598 3714 unitas
2641 3654 2717 3713 sit
2756 3654 2866 3711 im·

1847 3736 2141 3815 partibilis,
2163 3736 2296 3795 licet
2321 3754 2388 3793 ex
2417 3755 2484 3793 ea
2509 3736 2650 3794 fluat
2747 3736 2867 3811 650

1767 3836 2126 3876 numerorum
2144 3836 2239 3875 sex
2253 3816 2457 3897 gradus
2472 3815 2827 3875 constitui68
2830 3834 2862 3892 5

1766 3917 2126 3956 numerorum
2181 3910 2242 3956 et
2295 3896 2631 3956 naturalium
2682 3916 2868 3956 rerum

1846 3977 2074 4037 collatio
2523 3977 2640 4037 Fic.
2672 3998 2728 4056 p.
2752 3996 2867 4054 230

1761 4059 1823 4121 ‚in
1872 4060 2142 4118 Numeris
2189 4071 2249 4118 et
2295 4059 2744 4119 dimensionibus
2797 4059 2864 4117 ad

1845 4139 2192 4199 individuum
2207 4160 2320 4219 qua
2336 4139 2420 4199 via
2435 4140 2732 4200 accedatur
2750 4141 2864 4217 763

1766 4382 1990 4443 Oblivio
2019 4381 2172 4443 unde
2747 4401 2863 4461 39²

1764 4467 2098 4525 occumbere
2125 4464 2182 4522 in
2211 4462 2414 4543 proelio
2443 4483 2558 4522 000
2587 4464 2867 4523 subterfu-

1846 4547 2112 4627 giendum
2751 4546 2866 4605 266

1765 4641 1964 4687 octavo
2006 4646 2201 4686 mense
2244 4638 2408 4685 natus
2448 4645 2593 4705 puer
2631 4646 2767 4685 cura
2807 4639 2867 4685 et

1845 4708 2134 4788 diligentia
2157 4718 2407 4765 servatus
2513 4707 2633 4765 Fic.
2663 4728 2721 4787 p.
2750 4708 2866 4766 226

1764 4802 1961 4849 octavo
1990 4806 2185 4848 mense
2223 4786 2340 4846 nati
2380 4806 2481 4846 001
2508 4807 2626 4845 000
2668 4806 2865 4867 super..

1845 4870 2007 4929 stites
2035 4880 2269 4928 manent
2506 4869 2631 4928 Fic.
2661 4891 2722 4948 p.
2749 4870 2865 4927 216

1763 4963 1960 5011 octavo
1999 4970 2192 5010 mense
2226 4948 2344 5008 nati
2385 4950 2539 5028 apud
2563 4950 2867 5031 AEgyptios

1844 5045 1905 5092 et
1933 5034 2163 5092 Graecos
2189 5044 2421 5090 manent
2784 5031 2862 5090 ib.

1763 5114 1961 5173 oculus
1989 5113 2220 5172 intimus
2245 5112 2380 5191 quid
2407 5111 2646 5191 aspiciat
2787 5127 2861 5189 57

1764 5195 1912 5254 oculi
1942 5206 2139 5254 natura
2519 5192 2639 5252 Fic.
2668 5212 2727 5271 p.
2745 5194 2860 5271 653

1764 5278 2088 5335 OEnomaus
2116 5274 2480 5356 philosophus
2514 5274 2635 5333 Fic.
2662 5295 2721 5354 p.
2743 5276 2863 5348 408

1762 5356 1872 5416 olei
1901 5357 1980 5417 vis
2005 5359 2067 5416 in
2095 5357 2444 5436 penetrando
2517 5355 2634 5414 Fic.
2663 5376 2720 5435 p.
2746 5374 2857 5432 331

1762 5439 2100 5497 omniforme
2126 5438 2260 5516 quid
2288 5457 2410 5497 esse
2441 5437 2616 5515 possit
2746 5452 2858 5514 705

1761 5518 1955 5597 opinio
1985 5521 2054 5577 ad
2083 5538 2311 5578 sensum
2343 5517 2521 5598 vergit
2829 5536 2861 5576 2

1762 5599 1957 5679 opinio
1983 5619 2083 5659 cur
2108 5602 2237 5673 δόξα
2262 5601 2475 5658 Graecis
2503 5598 2657 5658 dicta
2745 5614 2855 5678 521

1761 5680 2042 5760 opinionis
2069 5681 2384 5761 subjectum
2830 5698 2853 5738 1

2430 5766 2564 5833 31.

2963 818 3260 897 opiniones
3294 819 3430 896 quid
3465 821 3599 887 sint,
3631 833 3691 879 et
3715 823 4004 899 quomodo
4031 842 4066 881 a

3046 900 3260 960 notitiis
3285 900 3546 960 differant
3946 904 4059 979 561

2963 977 3257 1118 opipiones
3292 981 3527 1042 aliorum
3554 981 3845 1060 quomodo
3880 982 4064 1043 citan-

3080 1082 3128 1120 01
3947 1083 4064 1139 204

2961 1141 3246 1220 oppositio
3273 1143 3499 1203 relativa
3522 1146 3810 1223 quomodo
3837 1145 3897 1205 in
3933 1146 4060 1206 loco

3041 1222 3260 1282 dicatur
3938 1228 4058 1285 628

2959 1315 3157 1381 optare
3193 1302 3366 1363 alium
3404 1304 3483 1364 rei
3514 1307 3812 1387 cujuslibet
3846 1319 4059 1367 statum

3040 1384 3275 1464 impium
3304 1397 3393 1444 est
3709 1390 3826 1449 Fic.
3856 1410 3915 1467 p.
3937 1389 4055 1464 448

2959 1465 3293 1544 Opticorum
3323 1466 3518 1547 opinio
3542 1469 3614 1528 de
3641 1468 3760 1528 visu
3787 1469 4060 1531 refellitur

3708 1549 3827 1609 Fic.
3858 1572 3914 1631 p.
3939 1568 4051 1626 341

2957 1645 3103 1705 opus
3144 1627 3393 1688 divinam
3438 1628 3867 1711 intelligentiam
3910 1632 4055 1692 refe·

3040 1726 3168 1766 rens
3755 1711 3871 1772 Fic.
3899 1734 3957 1792 p.
3979 1729 4055 1789 47

2956 1788 3136 1847 oratio
3161 1790 3399 1869 supplex
3427 1792 3498 1851 ad
3527 1793 3717 1853 Deum
3745 1813 4059 1854 connume-

3038 1882 3191 1928 ratur
3215 1870 3369 1932 inte?
3387 1873 3565 1933 scalas
3601 1873 3840 1934 altarum
3871 1895 4057 1934 rerum

3036 1951 3436 2029 inquisitionis,
3499 1956 3652 2033 quod
3721 1955 4058 2016 Christianis

3035 2032 3446 2094 observandum
3938 2053 4052 2113 727

2955 2112 3136 2206 oratio
3176 2134 3277 2193 per
3309 2114 3572 2175 accidens
3607 2137 3721 2195 quo
3756 2116 3815 2176 10
3850 2137 4059 2198 genere

3036 2206 3113 2253 slt

2956 2275 3138 2334 oratio
3164 2274 3346 2370 qualis
3371 2295 3493 2336 esse
3519 2278 3722 2337 debeat
3762 2280 3826 2337 F.
3854 2300 3912 2358 p.
3936 2199 4057 2357 ξὲἔ

2955 2354 3229 2415 orationis
3255 2357 3524 2436 supplicis
3551 2359 3622 2418 ad
3650 2361 3843 2419 Deum
3872 2359 4054 2440 digni·

3037 2449 3124 2496 tas
3150 2451 3210 2496 et
3234 2439 3546 2498 eminentia
3938 2442 4053 2518 728

2956 2518 3268 2577 orationem
3298 2538 3399 2598 per
3417 2539 3478 2579 se
3505 2520 3562 2579 in
3594 2533 3753 2579 motu
3780 2541 3906 2581 esse
3933 2523 4051 2597 627

2954 2599 3095 2658 ordo
3135 2619 3323 2659 rerum
3368 2602 3655 2678 quomodo
3697 2604 4052 2663 ascendendo

3035 2679 3539 2763 descendendoque
3578 2682 3959 2762 inspiciendus

3703 2764 3823 2824 Fic.
3852 2786 3909 2845 p.
3938 2783 4054 2843 279

2953 2840 3094 2900 ordo
3120 2860 3221 2900 cur
3244 2842 3536 2903 institutus
3939 2848 4053 2924 258

2953 2922 3094 2981 ordo
3121 2923 3361 3002 partium
3394 2926 3592 2984 mundi
3938 2946 4006 2986 21
4024 2946 4047 2986 1

2953 3005 3093 3062 ordo
3104 3003 3723 3088 intelligentiaesignum
3731 3018 3821 3067 est
3830 3009 3894 3068 F.
3907 3028 3963 3087 p.
3973 3010 4052 3083 48

2953 3086 3093 3144 ordo
3121 3105 3256 3146 casu
3287 3107 3401 3147 000
3429 3088 3672 3170 contigit
3751 3089 3869 3149 Fic.
3896 3110 3954 3169 p.
3973 3105 4051 3165 47

2953 3166 3170 3225 ordinis
3199 3180 3398 3227 natura
3417 3170 3703 3248 quomodo
3724 3169 3895 3230 deleri
3924 3191 4054 3250 pos-

3035 3247 3126 3317 sit,
3157 3261 3279 3308 tum
3307 3255 3427 3330 ejus
3454 3250 3812 3312 conditiones
3937 3268 4055 3329 744

2953 3329 3165 3388 ordinis
3194 3350 3376 3390 rerum
3403 3333 3631 3412 elegans
3659 3332 3888 3411 partitio
3934 3352 4055 3410 424

2953 3411 3207 3469 ordinem
3253 3432 3436 3471 rerum
3476 3432 3591 3470 non
3620 3430 3745 3472 esse
3771 3432 3838 3471 ex
3869 3433 4052 3474 rerum

3032 3492 3386 3552 successione
3416 3504 3638 3553 tantum
3709 3494 3827 3553 Fic.
3857 3515 3912 3573 p.
3932 3498 4052 3570 428

2951 3572 3148 3630 ordine
3174 3573 3396 3632 sublato
3422 3593 3548 3653 quae
3572 3575 3939 3635 incommoda
3963 3595 4053 3635 se-

3031 3664 3278 3731 quantur
3704 3655 3824 3714 Fic.
3852 3677 3909 3734 p.
3932 3676 4053 3734 399

2950 3734 3210 3792 ordinata
3246 3732 3531 3793 distinctio
3569 3755 3672 3814 per
3705 3735 3937 3807 formas,
3965 3751 4053 3797 est

3030 3814 3116 3873 vel
3142 3816 3201 3873 in
3233 3814 3482 3874 minimis
3509 3818 3675 3876 rebus
3932 3834 4045 3894 707

2949 3897 3226 3975 Origenes
3709 3897 3828 3958 Fic.
3856 3919 3913 3977 p.
3933 3918 4049 3975 347

2948 3978 3212 4055 Orpheus
3234 3997 3361 4056 quae
3385 3978 3793 4039 consecraverit
3812 3980 4053 4041 universi

3029 4060 3196 4138 hujus
3223 4058 3476 4136 partibus
3931 4081 4048 4139 432

2950 4138 3168 4220 Orphei
3197 4139 3385 4199 fabula
3410 4140 3718 4221 explicatur
3758 4142 3822 4200 F.
3851 4162 3910 4222 p.
3938 4145 4050 4203 160

2948 4235 3105 4280 ortus
3141 4240 3326 4280 rerum
3354 4234 3414 4280 et
3437 4223 3698 4283 interitus
3734 4241 3769 4280 a
3803 4224 4051 4284 semina.

3031 4301 3127 4359 riis
3156 4302 3467 4362 rationibus
3701 4304 3819 4364 Fic.
3847 4325 3907 4384 p.
3935 4323 4044 4384 205

2949 4382 3131 4441 Osiris
3160 4383 3559 4463 AEgyptiorum
3590 4404 3685 4443 rex
3709 4387 4048 4464 Typhonem

3029 4464 3258 4522 fratrem
3276 4483 3308 4522 e
3326 4465 3512 4524 medio
3528 4466 3759 4526 sustulit
3779 4466 3843 4525 F.
3859 4488 3916 4547 p.
3930 4487 3997 4543 41
4011 4489 4050 4528 0

2948 4544 3228 4623 Olympus
3256 4545 3665 4606 Alexandrinus
3705 4546 3824 4607 Fic.
3852 4569 3910 4626 p.
3933 4565 4044 4625 227

2948 4624 3388 4704 Olympiodorus
3415 4627 3784 4708 philosophus
3813 4630 3878 4690 F.
3900 4651 3957 4710 p.
3972 4647 4048 4708 79

2948 4706 3386 4786 olympiodorus
3706 4709 3823 4768 Fic.
3852 4732 3910 4791 p.
3937 4713 4047 4770 160

2947 4786 3239 4867 oxymellis
3266 4788 3604 4868 compositio
3698 4789 3817 4850 Fic.
3845 4812 3904 4870 p.
3929 4810 3963 4867 3
3970 4811 4039 4869 31

3456 4952 3520 5009 Ρ.

2948 5029 3187 5089 Paeoniae
3214 5029 3299 5089 vis
3699 5029 3819 5091 Fic.
3849 5052 3904 5110 p.
3929 5050 4047 5109 234

2948 5110 3222 5169 Pandorae
3247 5109 3547 5189 explicatio
3926 5115 4040 5191 383

2945 5192 3299 5252 Parmenidis
3334 5192 3407 5251 de
3445 5192 3621 5253 tribus
3664 5192 3878 5253 naturis
3912 5214 4044 5261 sen-

3027 5272 3208 5332 tentia
3755 5276 3896 5352 489,
3924 5268 4046 5353 490

2943 5354 3297 5414 Parmenidis
3342 5352 3554 5414 dictum
3595 5355 3666 5414 de
3706 5355 3854 5415 entis
3904 5376 4045 5416 con-

3017 5435 3314 5515 junctione
3924 5439 4044 5514 648

2946 5518 3272 5595 paradoxon
3291 5514 3541 5596 Dionysii
3560 5517 3911 5599 Areopagitae
3925 5536 3958 5597 5
3972 5539 4044 5580 10

2942 5599 3134 5658 Pareoe
3692 5599 3810 5660 Fic.
3841 5620 3902 5680 p.
3931 5618 4043 5679 227

2943 5680 3242 5739 Parcarum
3273 5691 3453 5738 mater
3935 5699 4041 5756 141
