5118 6613
1447 533 1646 598 LIB.
1693 535 1827 599 lx.
1874 534 2334 599 ENNEAD.
2378 535 2767 601 PRIMAE.
2811 559 2876 624 p.
2912 538 3269 623 157-163·

635 700 867 768 Plotin.
918 702 999 768 de
1050 702 1311 769 Pulcrit.
1364 728 1424 790 p.
1464 720 1606 791 177.
1651 720 1713 771 et
1755 730 1817 792 p.
1851 725 1998 792 332.
2049 706 2149 771 ed.
2200 729 2309 794 pe-

630 804 752 870 cul.

714 928 872 995 —3.
904 909 975 973 οὐ
1007 911 1341 999 νεύσασαν]
1370 910 1697 997 Wyttenb.
1727 911 1808 975 ad
1832 914 2084 1000 Eunap.
2115 935 2180 998 p.
2202 932 2308 997 30.

628 1018 671 1050 “
702 1014 939 1086 Νεύειν,
978 1033 1174 1076 nuere
1215 1014 1410 1078 oculis
1454 1012 1749 1078 translato
1792 1037 1973 1079 sensu
2016 1030 2109 1079 est
2136 1037 2306 1102 pon-

624 1115 768 1180 dere
794 1137 909 1180 suo
937 1116 1224 1181 deorsum
1251 1117 1520 1195 tendere,
1543 1130 1675 1181 tum
1705 1117 1785 1182 ad
1816 1117 2091 1182 animum
2121 1117 2308 1181 refer-

627 1231 734 1283 tur
771 1240 843 1282 ac
885 1216 1151 1283 dicitur:
1197 1220 1407 1284 studio
1453 1222 1526 1283 in
1566 1220 1811 1308 aliquid
1853 1221 2181 1298 inclinare,
2219 1219 2307 1284 ita

628 1335 702 1384 ut
739 1318 866 1384 fere
905 1319 1145 1407 aliquid
1182 1320 1247 1385 in
1290 1321 1563 1386 deterius
1605 1321 2063 1409 significationis
2108 1321 2306 1387 subsit

627 1435 922 1510 tanquam
948 1422 1135 1487 animi
1159 1423 1420 1489 humilia
1446 1424 1732 1512 petentiS.
1779 1424 2056 1489 Hierocl.
2082 1424 2144 1487 in
2170 1447 2301 1489 aur.

3995 554 4073 622 79

2397 708 2712 795 quomodo
2771 707 3191 796 Porphyrium
3250 707 3538 773 Plotinus
3599 709 3680 774 ab
3738 710 4071 794 αὐτοχειρίᾳ

2395 811 2684 875 averterit
2732 811 2948 898 (quam
3001 833 3131 875 rem
3174 811 3305 899 ipse
3353 810 3640 899 attigerat
3688 811 3752 875 in
3795 812 4072 899 magistri

2397 912 2492 977 sui
2534 913 2702 987 vita;
2751 913 2875 977 vid.
2920 913 3227 1001 Porphyr.
3276 913 3356 979 de
3386 913 3529 978 Vita
3574 913 3804 979 Plotin.
3847 937 3904 978 c.
3939 917 4068 1000 11.)

2393 1016 2482 1081 ita
2509 1015 2712 1104 pergit
2737 1041 2751 1082 :
2803 1018 2896 1081 καὶ
2924 1019 2957 1079 ὁ
2986 1018 3097 1097 μὲν
3121 1017 3371 1097 ἔμπνους
3396 1042 3462 1081 τε
3489 1017 3564 1096 ἦν
3588 1018 3682 1081 καὶ
3711 1017 4066 1090 διανίστατο,

2393 1120 2426 1184 ὁ
2456 1121 2521 1184 δὲ
2550 1120 2684 1186 τοὺς
2708 1119 2991 1201 ῥηθέντας
3016 1116 3234 1200 λόγους
3263 1121 3344 1186 εἰς
3369 1120 3621 1199 βιβλίον
3651 1118 3923 1184 κατέθετο
3953 1124 4068 1183 τῶν

2391 1221 2835 1304 γεγραμμένων.
2912 1220 3013 1286 Ad
3043 1244 3189 1308 quoe
3218 1222 3309 1285 W
3309 1219 3666 1309 yttenbach.
3713 1219 3777 1284 in
3820 1221 4063 1284 Annot.

2390 1347 2450 1409 p.
2484 1343 2627 1409 33.:
2679 1332 2722 1364 “
2753 1324 2966 1389 Prima
2992 1323 3244 1411 quidem
3284 1346 3428 1410 pars
3458 1323 3816 1407 (verborum
3848 1325 4067 1387 Euna-

2387 1425 2503 1514 pii)
2535 1426 2681 1492 satis
2709 1427 3061 1514 expeditam
3101 1427 3288 1492 habet
3333 1427 3728 1492 sententiam:
3777 1428 3871 1491 Et
3897 1428 4065 1490 Por-

621 1545 869 1589 carmm.
910 1525 1185 1614 Pythag.
1214 1550 1280 1613 p.
1306 1546 1452 1611 254.
1490 1529 1637 1593 262.
1671 1528 1818 1611 278.
1852 1545 1996 1613 290.
2071 1528 2301 1591 Ρ101111.
2375 1529 2655 1617 phys-ius
2682 1530 2927 1618 quidem
2954 1532 3299 1618 respiravit
3327 1540 3384 1595 et
3409 1532 3714 1595 surrexit.
3774 1529 4064 1594 Plotinus

623 1652 685 1716 p.
717 1647 775 1712 7.
809 1632 898 1696 A.
960 1645 1067 1715 54.
1102 1631 1181 1694 F.
1247 1646 1349 1715 74.
1386 1632 1464 1696 F.
1532 1631 1634 1697 82.
1670 1633 1751 1696 E.
1823 1650 1966 1698 202.
2001 1634 2088 1696 A.
2155 1651 2297 1716 209.

627 1734 699 1797 C.
726 1733 816 1796 D.
844 1732 923 1796 F.
947 1733 1034 1798 G.
1082 1751 1225 1799 210.
1260 1736 1347 1799 A.
1399 1752 1544 1798 211.
1579 1735 1662 1797 E.
1705 1735 1852 1819 308.
1884 1737 1959 1799 C.
2006 1735 2302 1822 403.D.”

706 1833 793 1900 ib.
840 1835 928 1900 Τὸ
980 1837 1045 1900 δὲ
1101 1835 1620 1925 κακὸν-ἀγαθοῦ]
1671 1835 1947 1925 Taylor:
1996 1839 2135 1903 But
2179 1839 2305 1902 evil

621 1938 681 2001 is
721 1958 913 2001 never
933 1938 1268 2025 permitted
1295 1947 1355 2003 to
1395 1941 1640 2002 remain
1668 1940 1747 2026 by
1776 1941 1966 2027 itseff
1988 1941 2188 2020 alone,
2218 1964 2300 2005 on

618 2048 878 2105 account
928 2041 1017 2126 of
1046 2040 1145 2105 the
1191 2042 1482 2128 superior
1519 2063 1735 2128 power
1785 2043 1916 2106 cmd
1959 2052 2188 2107 nature
2235 2045 2321 2129 of

615 2142 804 2231 good.
890 2142 1270 2230 Conjectura
1314 2142 1509 2231 igitur
1533 2143 1762 2209 delevit
1806 2144 2069 2210 alterum
2102 2145 2299 2221 κακὸν,

622 2256 685 2309 01
711 2244 873 2309 110110
900 2245 1262 2310 sententiam
1293 2246 1589 2334 opposuit
1616 2247 1913 2335 superiori
1939 2273 1953 2311 :
2001 2250 2038 2327 ἡ
2069 2250 2133 2312 δὲ
2161 2248 2305 2330 πρὸς

624 2351 763 2412 νοῦν
789 2349 1328 2430 ὄρεξις-συνεῖναι
1363 2353 1479 2431 γᾶρ
1516 2354 1610 2414 δεῖ
1639 2352 1844 2430 μόνον.
1938 2350 2062 2415 Sed
2088 2373 2300 2415 omnes

619 2448 759 2514 libri
787 2463 1131 2538 agnoscunt
1158 2450 1498 2516 secundum
1523 2450 1678 2516 illud
1712 2455 1909 2517 κακόν.

703 2589 788 2603 -
812 2554 873 2619 6.
919 2554 1229 2636 κρύπτεται
1282 2555 1668 2635 τούτοις-μὴ
1718 2557 1902 2640 ὁρῷτο
1946 2561 2067 2623 τοῖς
2111 2557 2294 2644 θεοῖς]

624 2653 790 2733 Quid
827 2654 950 2722 1100
985 2660 1130 2721 est?
1175 2656 1239 2721 in
1287 2656 1625 2722 Codicibus
1667 2656 1819 2721 nihil
1860 2656 2094 2722 auxilii.
2188 2659 2297 2721 In-

619 2756 859 2845 telligas
901 2760 1090 2833 κακία,
1136 2759 1255 2824 1100
1304 2782 1509 2838 sensu,
1556 2774 1629 2823 ut
1671 2759 1963 2847 pravitas,
2011 2782 2151 2824 cum
2199 2761 2296 2843 (re

620 2865 795 2946 vera)
826 2862 935 2939 sit,
966 2884 1044 2925 ne
1086 2860 1500 2949 conspiciatur
1528 2885 1566 2926 a
1594 2861 1754 2927 Diis.
1847 2862 1972 2927 Sed
2013 2862 2132 2927 hoc
2175 2862 2293 2927 du·

615 2985 780 3042 rum,
810 2963 909 3028 vel
938 2964 1002 3028 in
1030 2963 1304 3030 oratione
1335 2964 1589 3044 Plotini,
1620 2988 1762 3030 cum
1796 2964 2006 3052 paullo
2036 2979 2174 3053 post
2202 2989 2297 3030 re-

614 3080 863 3152 petatur
887 3065 956 3131 τὸ
988 3069 1186 3132 κακόν.
1273 3066 1462 3132 Dicas
1493 3066 1782 3132 Ficinum
1812 3068 2141 3155 conjecisse
2182 3095 2290 3133 σα-

616 3174 754 3249 φὸς.
845 3169 1048 3234 Vertit
1091 3169 1252 3234 enim
1293 3172 1529 3257 palam.
1621 3169 1929 3257 Conjicias
1958 3172 2056 3235 ἵνα
2085 3171 2296 3255 αἶσχος

612 3270 691 3350 μὴ
735 3272 823 3354 ὁρ.
878 3278 999 3341 τοῖς
1046 3277 1236 3341 θεοῖςε
1299 3295 1377 3338 110
1427 3274 1754 3361 turpitudo
1800 3271 2210 3361 conspiciatur
2256 3298 2296 3339 a

612 3372 770 3438 Diis.
820 3375 1000 3440 Sardi
1030 3375 1309 3440 venales!

1262 3547 1457 3612 LIB.
1507 3547 1638 3612 IX.

695 3682 772 3746 P.
810 3683 955 3768 163,
1000 3699 1064 3766 7.
1130 3689 1323 3749 ΠΕΡΙ
1369 3686 1840 3774 ΕΞΑΓΩΓΗΣ]
1903 3685 2295 3774 Porphyrius

609 3784 688 3852 de
735 3784 881 3851 Vita
932 3785 1158 3852 Plotini
1213 3810 1266 3852 0.
1312 3809 1373 3868 4.
1406 3813 1422 3852 =
1481 3789 1613 3869 περὶ
1666 3788 1917 3870 εὐλόγου
1969 3790 2285 3873 ἐξαγωγῆς.

611 3886 790 3952 Idem
832 3910 970 3977 cap.
996 3908 1137 3970 24:
1185 3892 1320 3972 περὶ
1346 3895 1448 3971 τῆς
1478 3891 1544 3955 ἐκ
1571 3894 1676 3954 τοῦ
1701 3892 1842 3971 βίου
1872 3892 2124 3974 εὐλόγου
2154 3894 2285 3971 ἐξα-

608 3995 820 4073 γωγῆς.
910 3990 1399 4079 olympiodorus
1439 3992 1505 4056 in
1550 3993 1797 4057 Platon.
1833 3993 2136 4059 Phaedon.
2184 3994 2282 4060 ed.

608 4093 822 4159 Venet.
856 4115 1046 4181 quam
1088 4093 1329 4182 primus
1371 4117 1574 4183 nuper
1601 4095 1919 4183 evulgavit
1949 4098 2284 4184 Mystoxy-

605 4194 734 4275 des,
760 4218 906 4283 pag.
927 4211 1031 4281 5.:
1077 4197 1212 4279 περὶ
1240 4198 1492 4281 εὐλόγου
1522 4199 1837 4281 ἐξαγωγῆς.
1904 4198 2192 4264 Scholion
2221 4199 2287 4263 in

604 4297 767 4364 Cod.
813 4298 1113 4364 Vaticano
1162 4321 1310 4365 mox
1362 4298 1792 4364 laudandum:
1863 4303 1998 4383 περὶ
2047 4304 2287 4385 ἀλόγων

604 4400 931 4489 (Corrige.
979 4401 1261 4487 εὐλόγου)
1293 4403 1605 4485 ἐξαγωγῆς.
1691 4404 1851 4468 Haec
1878 4418 1941 4468 et
1972 4403 2193 4470 similia
2217 4405 2282 4469 in

601 4502 1096 4569 Plotinianorum
1151 4503 1452 4569 librorum
1508 4503 1704 4570 titulis
1754 4505 2055 4572 variantia
2102 4531 2284 4573 nemo

600 4605 948 4685 mirabitur,
977 4605 1088 4695 qui
1127 4629 1205 4671 ex
1233 4607 1449 4672 eodem
1482 4607 1817 4695 Porphyrii
1860 4609 2089 4697 scripto
2131 4634 2183 4676 c.
2217 4633 2278 4692 4.

598 4708 904 4788 didicerit,
924 4733 1070 4775 011111
1095 4709 1374 4776 Plotinus
1401 4710 1578 4776 initio
1602 4709 1793 4776 libros
1825 4734 1969 4776 suos
1997 4712 2128 4800 ipse
2158 4735 2280 4778 11011

598 4811 994 4900 inscripserit,
1024 4811 1175 4877 alios
1204 4812 1381 4878 aliter
1407 4836 1511 4878 eos
1539 4812 1934 4901 inscripsisse.
2001 4815 2282 4881 Pertinet

598 4928 808 4980 autem
849 4914 952 4980 1110
994 4913 1241 4982 libellus
1267 4914 1350 4980 ad
1377 4938 1503 4995 eos,
1535 4939 1696 5002 quos
1736 4928 1920 4982 011100
1951 4940 2281 5005 composu-

598 5031 730 5082 erat
771 5016 1083 5096 PlotinuS,
1111 5041 1309 5105 quum
1354 5018 1745 5108 Porphyrius
1772 5018 1856 5083 ad
1882 5043 2027 5085 eum
2055 5020 2285 5086 adven-

597 5131 749 5198 erat,
779 5119 892 5207 qui
922 5119 1148 5185 deinde
1189 5121 1308 5186 hoc
1350 5121 1717 5186 recensionis
1746 5121 2280 5212 inscriptionisque

596 5243 828 5287 munus
866 5221 1153 5310 suscepit.
1244 5225 1366 5290 Est
1414 5224 1581 5289 enim
1624 5223 1902 5290 decimus
1943 5238 2009 5290 et
2048 5242 2276 5293 sextus.

596 5323 735 5388 Vid.
770 5323 1080 5413 Porphyr.
1112 5324 1154 5389 l.
1177 5325 1218 5391 l.
1290 5329 1512 5414 Atque
1539 5327 1675 5392 haec
1704 5351 1802 5393 res
1829 5329 2161 5416 conjuncta
2186 5347 2279 5397 est

593 5448 737 5492 cum
762 5426 1112 5493 narratione
1132 5430 1409 5518 Eunapii
1439 5430 1503 5495 in
1526 5431 1883 5520 Porphyrio
1904 5455 1968 5517 p.
1999 5451 2095 5516 17.
2128 5458 2193 5520 p.
2216 5458 2276 5522 9.

595 5528 695 5593 ed.
754 5528 1034 5595 Boisson.
1094 5530 1206 5618 qui
1264 5531 1542 5618 quidem,
1601 5548 2009 5622 posteaquam
2069 5539 2283 5606 retulit

2385 1641 2592 1697 autem
2619 1633 2814 1697 dictos
2841 1655 2884 1696 a
2909 1655 2977 1697 se
3003 1654 3312 1698 sermones
3348 1636 3420 1696 in
3456 1633 3729 1697 libellum
3758 1631 4064 1720 quendam

2387 1756 2467 1799 ea·
2522 1756 2734 1799 eorum
2788 1757 3067 1815 numero,
3118 1758 3271 1824 quos
3326 1737 3604 1823 scripsit,
3658 1735 3891 1800 retulit.
3985 1736 4064 1799 In

2388 1852 2682 1925 promptu
2723 1850 2879 1903 esset
2918 1852 3209 1917 statuere,
3241 1837 3409 1903 hunc
3446 1836 3635 1902 fuisse
3674 1835 3904 1901 librum
3933 1838 4067 1919 περὶ

2388 1936 2639 2021 εὐλόγου
2668 1941 2981 2022 ἐξαγωγῆς,
3013 1939 3125 2026 (1111
3154 1962 3320 2004 1111110
3350 1952 3548 2003 exstat
3579 1939 3638 2003 1.
3668 1958 3729 2022 9.
3777 1938 3892 2003 nisi
3935 1939 4064 2026 ipse

2386 2028 2775 2129 Porphyrius
2821 2041 3212 2129 prodidisset,
3254 2040 3423 2106 hunc
3476 2040 3704 2105 librum
3753 2041 4060 2128 conscrip-

2388 2158 2520 2209 tum
2552 2143 2741 2209 fuisse
2768 2157 2912 2207 ante
2940 2167 3122 2208 suum
3151 2143 3216 2207 in
3248 2143 3480 2208 Plotini
3523 2142 3792 2208 scholam
3835 2144 4063 2209 adven-

2389 2260 2557 2310 tum:
2606 2246 2687 2310 de
2728 2245 2872 2310 Vita
2916 2246 3149 2310 Plotini
3196 2247 3274 2311 V.
3328 2245 3560 2334 (potius
3608 2247 3760 2331 IV.)
3811 2269 3874 2332 p.
3917 2266 4057 2310 100.

2386 2350 2613 2436 Itaque
2632 2348 2953 2413 Fabricius
2980 2349 3060 2413 ad
3085 2348 3419 2436 Porphyrii
3441 2348 3646 2414 Vitam
3672 2347 3900 2413 Plotini
3925 2349 4054 2412 XI.

2383 2473 2448 2536 p.
2481 2472 2618 2537 113.
2653 2450 3021 2539 suspicatur,
3051 2451 3133 2516 ab
3163 2451 3456 2540 Eunapio
3483 2450 3807 2538 significari
3838 2452 4056 2515 Enne-

2382 2554 2516 2619 adis
2539 2555 2680 2619 III.
2712 2553 2937 2619 librum
2966 2554 3067 2619 II.
3097 2555 3231 2636 περὶ
3256 2556 3551 2636 προνοίας,
3574 2553 3810 2641 quippe
3838 2553 3901 2616 in
3931 2576 4060 2639 quo

2383 2657 2760 2745 disputatur,
2789 2658 3024 2721 animis
3065 2656 3247 2720 licere
3283 2658 3354 2720 in
3398 2656 3508 2721 hoc
3551 2677 3783 2744 quoque
3827 2656 4059 2719 mundo

2380 2781 2510 2825 esse
2523 2759 2856 2846 filicibus,
2888 2768 2948 2823 et
2973 2760 3430 2824 calamitatibus
3458 2781 3584 2823 non
3612 2780 3741 2823 esse
3774 2780 4056 2823 succum-

2381 2863 2667 2940 bendum,
2710 2862 2821 2927 sed
2861 2861 3299 2926 decertandum
3343 2863 3647 2927 adversus
3708 2862 3854 2926 illas
3907 2870 4061 2926 stre-

2379 2987 2524 3043 nue,
2575 2974 2648 3030 ut
2697 2966 2967 3052 prcemia
3024 2966 3250 3028 virtuti
3299 2965 3626 3052 proposita
3677 2966 4058 3052 assequaris.

2380 3068 2585 3156 Atqui
2607 3066 2772 3131 illius
2800 3066 3094 3132 sermonis
3115 3066 3575 3131 convenientius
3604 3067 3789 3131 etiam
3811 3065 4059 3131 videtur

2379 3194 2507 3235 esse
2533 3183 2966 3258 argumentum
2998 3168 3137 3233 libri
3166 3169 3300 3251 περὶ
3330 3170 3694 3250 εὐδαιμονίας
3724 3169 3784 3233 Ι.
3815 3191 3878 3248 4.
3911 3169 4058 3234 110111

2377 3273 2460 3339 ad
2488 3272 2910 3364 Porphyrium
2949 3272 3013 3337 in
3046 3258 3310 3338 Siciliam
3360 3270 3547 3352 missi,
3580 3286 3652 3338 ut
3695 3286 3934 3337 constat
3977 3295 4057 3338 ex

2380 3377 2524 3443 Vita
2552 3376 2786 3442 Plotini
2831 3378 2950 3441 VI.
2995 3400 3055 3462 p.
3094 3395 3235 3461 103.
3327 3374 3500 3453 Quid
3548 3375 3731 3440 etiam
3776 3374 4054 3463 impedit,

2379 3505 2508 3569 quo
2549 3481 2756 3545 minus
2803 3480 2951 3544 istos
2999 3500 3305 3543 sermones
3350 3476 3678 3542 contulerit
3720 3476 3785 3541 in
3827 3476 4056 3542 librum

2379 3586 2512 3666 περὶ
2542 3582 2792 3667 εὐλόγου
2821 3585 3116 3665 ἐξαγωγῆς
3143 3581 3275 3668 jam
3314 3580 3650 3666 scriptum;
3696 3602 3824 3667 quo
3852 3578 4054 3644 valere

2379 3686 2627 3751 videtur
2672 3686 2934 3767 βιβλίων
2986 3689 3103 3747 τῶν
3153 3681 3593 3765 γεγραμμένων,
3647 3698 3861 3770 postea
3908 3704 4051 3746 cum

2376 3788 2612 3855 caeteris
2639 3786 2873 3853 Plotini
2916 3784 3087 3849 libris
3129 3807 3168 3848 a
3209 3783 3560 3873 Porphyrio
3603 3798 3944 3849 correctum
3988 3800 4052 3849 et

2374 3890 2751 3978 expolitum:
2800 3888 2882 3954 de
2909 3911 3037 3975 quo
3065 3910 3180 3953 suo
3206 3885 3405 3952 officio
3432 3886 3563 3975 ipse
3593 3886 3764 3952 testis
3791 3901 3906 3964 est,
3936 3886 4052 3952 ibi-

2372 3995 2515 4059 dem
2546 3993 2817 4058 XXIV.
2861 4015 2924 4078 p.
2964 3991 3356 4077 139—147.”
3401 3992 3563 4054 Haec
3587 3989 4048 4077 Wyttenbach-

2372 4098 2485 4163 ius.
2574 4094 2778 4160 Possit
2824 4107 3031 4159 tamen
3079 4092 3265 4157 etiam
3308 4092 3577 4180 cogitare
3621 4092 3700 4158 de
3742 4092 3902 4158 libro
3943 4093 4052 4158 ad..

2372 4222 2587 4265 versus
2616 4196 2947 4264 Gnosticos
2991 4196 3093 4261 11.
3126 4215 3186 4279 9.
3233 4195 3380 4260 item
3427 4194 3657 4284 scripto
3698 4211 3842 4261 ante
3889 4198 4045 4260 Por·

2370 4301 2580 4392 phyrii
2628 4302 2693 4365 in
2742 4298 3010 4365 Siciliam
3054 4297 3409 4363 discessum.
3504 4299 3729 4363 Insunt
3774 4313 3939 4363 certe
3979 4300 4047 4364 in

2368 4430 2442 4470 eo
2470 4404 2651 4483 libro,
2679 4400 3021 4491 praesertim
3050 4401 3169 4466 sub
3195 4401 3381 4465 finem
3418 4424 3481 4487 p.
3519 4403 3661 4469 216.
3707 4424 3872 4488 sqq„
3903 4426 4049 4489 quoe

2367 4509 2447 4574 ad
2475 4507 2640 4572 idem
2670 4518 3106 4594 argumentum
3151 4503 3478 4591 pertinent.
3569 4503 3715 4583 Sed,
3745 4518 3817 4567 ut
3845 4504 4047 4570 dicam

2367 4634 2512 4699 quae
2570 4609 2788 4690 sentio,
2833 4606 3127 4672 videntur
3174 4605 3326 4671 mihi
3383 4619 3749 4692 argumenta
3804 4606 3911 4671 illa
3965 4608 4047 4672 ab

2368 4711 2663 4800 Eunapio
2689 4724 3051 4789 memorata,
3081 4709 3274 4773 relata
3300 4731 3431 4773 esse
3459 4708 3524 4772 in
3557 4707 3786 4772 Plotini
3815 4707 4046 4775 librum

2365 4818 2497 4899 περὶ
2528 4814 2779 4899 εὐλόγου
2810 4816 3105 4896 ἐξαγωγῆς
3130 4811 3329 4876 11111110
3358 4811 3653 4899 majorem
3682 4810 4047 4899 pleniorem-

2367 4943 2513 5008 que,
2544 4940 2733 5006 quam
2773 4915 2874 4981 1110
2917 4916 3047 5003 ipse
3084 4929 3198 4993 est,
3227 4937 3415 5002 quem
3456 4937 3621 4978 nunc
3667 4929 4039 4991 tractamus;

2369 5022 2480 5112 qui
2522 5020 2779 5109 quidem
2820 5041 2936 5106 pro
2980 5017 3330 5105 fragmento
3373 5016 3582 5105 potius
3626 5015 3790 5097 libri,
3825 5032 4043 5105 utpote

2365 5124 2579 5215 paucis
2629 5121 3062 5189 tantummodo
3110 5120 3423 5185 sententiis
3467 5119 3806 5200 absolutus,
3850 5142 4043 5206 quam

2364 5253 2482 5318 pro
2500 5229 2676 5316 justo
2703 5224 2862 5291 libro
2888 5223 3102 5289 haberi
3129 5223 3338 5289 debet.
3429 5225 3648 5311 Atque
3680 5223 3796 5286 hoc
3833 5221 4040 5309 ipsum

2362 5334 2623 5397 fortasse
2668 5328 2746 5393 sit
2791 5348 2987 5391 unum
3035 5349 3113 5391 ex
3162 5325 3434 5414 vestigiis
3481 5328 3654 5413 (quoe
3705 5323 3888 5411 plura
3929 5348 4042 5390 ex-

2366 5447 2551 5510 stant,
2582 5433 2709 5497 vid.
2744 5428 2988 5496 Fabric.
3025 5427 3188 5493 Bibl.
3221 5429 3336 5494 Gr.
3360 5430 3436 5492 V.
3484 5451 3548 5513 p.
3579 5428 3728 5511 696.
3761 5426 4041 5514 HarleS.)

2364 5536 2630 5625 duplicis
2671 5531 3037 5599 recensionis
3064 5531 3555 5596 Plotinianorum
3598 5551 3885 5615 operum,
3912 5531 4043 5595 Eu..
