5118 6613
1332 554 1533 619 LIB.
1570 555 1710 620 111.
1762 555 2211 620 ENNEAD.
2264 555 2676 621 SEXTAE.
2726 578 2791 642 p.
2824 556 3270 643 1152—1156.

550 730 874 807 θεωρεῖται,
904 715 1069 790 ποιεῖ
1091 723 1158 789 τὸ
1184 729 1423 806 μᾶλλον
1454 728 1550 791 καὶ
1589 726 1657 791 τὸ
1691 727 1869 807 ἦττον
1900 730 1966 791 ἐν
1995 731 2074 815 τῷ
2115 732 2237 792 δια-

549 825 714 913 φόρῳ
742 825 938 914 τρόπῳ
968 833 1070 908 τῆς
1095 834 1350 913 μετοχῆς
1377 835 1482 894 τοῦ
1511 832 1688 895 αὑτοῦ
1714 829 1917 914 λόγου.
1966 833 2243 899 ὡσαύτως

550 934 614 995 δὲ
645 932 741 995 καὶ
770 933 854 999 εἷς
880 933 992 1009 μὲν
1020 934 1053 996 6
1079 929 1265 1015 λόγος
1292 936 1394 1013 τῆς
1420 932 1785 1012 λευκότητος.
1825 932 2147 1016 λευκοτέρα
2175 937 2242 999 δὲ

547 1036 584 1113 ἡ
632 1035 781 1116 χιὼν
821 1033 1066 1117 λέγεται
1109 1034 1424 1118 γάλακτος,
1470 1034 1565 1101 διὰ
1611 1036 1717 1115 τὴν
1757 1036 1837 1117 μὴ
1882 1040 1987 1100 τοῦ
2027 1041 2243 1100 λευκοῦ

548 1139 841 1217 σύμμιξιν·
886 1140 1035 1203 ὅπου
1063 1140 1178 1222 γᾶρ
1206 1140 1352 1217 ὕλης
1377 1140 1548 1219 μίξις,
1582 1139 1808 1222 ἀνάγκη
1836 1136 2113 1221 μετέχειν
2139 1143 2245 1202 τοῦ

546 1239 626 1319 μὴ
655 1242 942 1317 τοιούτου,
976 1241 1070 1305 καὶ
1099 1241 1373 1305 ἐπίτασιν
1400 1244 1675 1325 γίνεσθαι
1706 1242 1800 1305 καὶ
1824 1242 2052 1306 ἄνεσιν.
2097 1239 2243 1305 Ἀλ-

548 1345 633 1406 λὰ
673 1348 795 1410 πῶς
835 1351 1000 1426 φησι
1022 1341 1376 1426 λευκότερον
1408 1345 1689 1427 γίνεσθαί
1719 1368 1793 1418 τι,
1834 1343 1914 1424 μὴ
1957 1342 2245 1427 πρότερον

549 1444 624 1509 δν
650 1446 885 1520 λευκὸν,
916 1443 953 1526 ἢ
982 1448 1554 1528 γραμματικώτερον,
1598 1450 1651 1511 εἰ
1692 1444 1929 1527 μηδέπω
1973 1472 2242 1530 γραμμα-

549 1544 707 1615 τικός
749 1550 879 1612 ἐστι
904 1576 920 1621 ;
967 1548 1131 1613 ἀλλὰ
1152 1549 1271 1629 μὴν
1298 1550 1367 1614 οὑ
1393 1547 1638 1632 λέγεται
1679 1549 2076 1632 γραμματικὸς
2104 1553 2136 1614 6
2164 1551 2244 1631 μὴ

549 1651 728 1732 ἔχων,
758 1649 1106 1732 προκόπτων
1150 1653 1216 1715 δὲ
1262 1652 1358 1716 καὶ
1405 1653 1767 1735 συνεγγίζων
1811 1653 1899 1717 ἔτι
1946 1652 2093 1734 πρὸς
2133 1653 2240 1731 τὴν

549 1753 972 1835 γραμματικὴν,
997 1754 1132 1817 οὑδὲ
1158 1754 1369 1823 λευκὸς
1397 1756 1690 1822 ὡσαύτως.
1727 1756 1822 1819 καὶ
1852 1757 1996 1820 ὅταν
2019 1758 2082 1819 δὲ
2111 1760 2241 1820 τοῦ·

551 1881 659 1920 τον
685 1857 892 1919 τούτου
931 1857 1168 1935 μείζονα
1211 1855 1504 1940 λέγωμεν,
1546 1855 1851 1940 οὐδέτερός
1891 1861 2020 1923 ἐστι
2055 1855 2243 1941 μέγας

553 1961 774 2027 ἁπλῶς.
823 1958 890 2023 ἓν
918 1962 1034 2042 γὰρ
1072 1958 1142 2024 τὸ
1181 1964 1383 2030 ἁπλῶς
1423 1959 1597 2044 μέγα,
1634 1962 1729 2026 καὶ
1770 1959 2058 2044 μέγιστόν
2088 1964 2241 2042 ἐστι,

554 2062 648 2125 καὶ
673 2063 781 2142 μία
806 2063 843 2142 ἡ
874 2065 1078 2130 ἁπλῶς
1115 2065 1503 2145 γραμματικὴ,
1538 2065 1633 2128 καὶ
1659 2067 1765 2145 μία
1791 2066 1828 2145 ἡ
1857 2067 2006 2147 ἄκρα
2045 2065 2241 2148 ἀρετή.

550 2163 748 2228 Ἀλλὰ
770 2164 879 2252 τὴν
906 2166 1019 2245 μὲν
1049 2166 1302 2248 ἀπορίαν
1330 2167 1546 2231 λυτέον
1577 2165 1722 2231 κατὰ
1750 2168 1857 2246 τὴν
1882 2168 2032 2251 πρὸς
2056 2169 2124 2232 τὸ
2152 2167 2246 2232 τέ-

549 2277 717 2333 λειον
747 2270 1060 2351 ἀναφορὰν
1102 2267 1394 2352 λέγεσθαι
1435 2274 1541 2337 τὰς
1583 2272 1940 2353 συγκρίσεις.
1986 2274 2136 2335 οὕτω
2179 2273 2244 2335 δὲ

552 2374 773 2437 τούτων
801 2370 1165 2455 λεγομένων,
1200 2373 1543 2453 θαυμαστὸν
1574 2376 1628 2437 εΖ
1672 2370 1979 2456 ἐνδέχεται
2019 2373 2126 2452 τὴν
2153 2398 2246 2437 τε-

553 2476 725 2540 λείαν
753 2478 971 2554 ταύτην
997 2474 1280 2555 ποιότητα
1310 2476 1524 2540 ἔνυλον
1556 2476 1729 2540 εἶναι.
1774 2474 1842 2539 τὸ
1868 2478 1983 2558 γὰρ
2011 2472 2245 2540 τέλειον

556 2577 650 2641 καὶ
695 2578 941 2656 ἑστηκὸς
985 2580 1281 2656 ὡσαύτως,
1299 2581 1502 2674 ,ἄλλης
1530 2580 1605 2643 ἀν
1636 2583 1724 2659 εἴη
1754 2582 1992 2661 φύσεως
2038 2582 2132 2644 καὶ
2175 2582 2244 2644 οὐ

554 2685 656 2761 τῆς
699 2682 930 2745 ἐνύλου.
978 2682 1064 2745 ἔτι
1093 2684 1157 2745 δὲ
1184 2684 1393 2745 τούτου
1429 2684 1618 2765 φησὶν
1646 2685 1680 2746 6
1708 2681 2057 2766 Ἰάμβλιχος
2101 2686 2239 2748 ἀτο-

555 2785 837 2864 πώτερον,
871 2785 925 2847 εἶ
960 2784 1169 2851 ἔνυλος
1208 2782 1322 2864 μέν
1351 2788 1516 2850 ἐστιν
1543 2786 1581 2864 ἡ
1617 2785 1872 2866 ποιότης,
1901 2788 1970 2850 οὐ
1999 2786 2072 2850 τὰ
2098 2785 2244 2852 αὑτὰ

555 2889 619 2952 δὲ
646 2885 872 2970 πάσχει
899 2893 1020 2953 τοῖς
1045 2885 1503 2970 ὑποδεχομένοις
1531 2888 1709 2967 αὐτὴν
1740 2890 1971 2956 ἐνύλοις
2009 2892 2244 2954 ὑποκει-

555 2987 773 3069 μένοις.
807 2988 1028 3072 σχεδὸν
1049 2986 1160 3072 γὰρ
1190 2992 1339 3053 οὕτω
1367 2992 1627 3074 χωριστὴ
1657 2992 1885 3073 γίνεται
1915 2995 2100 3056 εἴτ-ινα
2125 2996 2247 3057 ἴδια

557 3092 684 3175 ἔχει
714 3092 860 3174 ἔργα
886 3089 1292 3174 κεχωρισμένα
1321 3097 1426 3156 τοῦ
1455 3097 1670 3157 κοινοῦ.
1701 3095 1932 3158 κάκεῖνο
1964 3093 2029 3158 δέ
2059 3105 2247 3178 φησιν

553 3196 794 3267 ἄτοπον,
829 3197 882 3259 εἰ
908 3195 945 3274 ἡ
972 3192 1211 3275 ποιότης
1250 3197 1362 3275 μὲν
1404 3196 1498 3260 ἀεὶ
1542 3194 1916 3272 συνέζευκται
1957 3196 2106 3278 μετὰ
2144 3204 2250 3263 τοῦ

553 3302 726 3364 ποιοῦ
769 3299 846 3366 ὡς
888 3299 1126 3379 δίδυμον
1162 3297 1388 3381 ἔχουσα
1429 3298 1577 3382 πρὸς
1620 3298 1760 3364 αὐτὸ
1801 3301 1908 3380 τὴν
1936 3303 2123 3385 φύσιν
2152 3303 2246 3368 καὶ

556 3401 1036 3485 ἀπαράλλακτον,
1062 3402 1413 3484 κεχώρισται
1442 3404 1505 3466 δὲ
1534 3406 1614 3489 τῷ
1643 3403 1819 3467 παντὶ
1847 3404 2052 3479 πάλιν,
2074 3407 2111 3486 ἡ
2135 3408 2247 3486 μὲν

556 3503 792 3584 ποιότης
818 3506 924 3569 οὑκ
953 3504 1322 3579 ἐπιτείνεται,
1354 3503 1428 3568 τὰ
1453 3507 1517 3568 δὲ
1547 3504 1688 3569 ποιὰ
1720 3508 2090 3571 ἐπιτείνεται·
2134 3507 2241 3588 μή·

554 3634 699 3673 ποτε
726 3609 833 3672 οὖν
862 3616 1049 3691 φησιν
1081 3608 1178 3671 ἐπὶ
1205 3607 1444 3671 πάντων
1473 3610 1712 3683 τούτων,
1747 3610 1842 3672 ἐπὶ
1871 3609 2004 3677 τοὺς
2032 3609 2246 3678 ἀύλους

555 3710 773 3794 λόγους
814 3707 1140 3805 ἀπέφερον.
1188 3710 1283 3773 καὶ
1325 3709 1437 3793 γὰρ
1480 3713 1575 3774 ἐπὶ
1619 3716 1736 3775 τῶν
1775 3713 2017 3794 ἀρετῶν,
2049 3714 2107 3776 οὶ
2144 3710 2246 3780 τὰς

556 3813 666 3895 μὲν
692 3812 988 3896 προκοπὰς
1031 3810 1309 3889 διδόντες,
1349 3811 1417 3876 τὸ
1459 3812 1522 3877 δὲ
1564 3813 1797 3878 τέλειον
1836 3815 1932 3877 ἐπὶ
1974 3819 2091 3877 τῶν
2135 3815 2238 3878 ἀν-

555 3918 802 3999 θρώπων
824 3917 1374 3998 ἀπογιγνώσκοντες
1404 3917 1740 3980 ἐλάνθανον
1763 3918 2002 3985 ἑαυτοὺς
2030 3916 2246 3984 ἀύλους

555 4021 736 4087 *τοὺς
774 4020 1038 4085 τελείους
1070 4016 1249 4103 [*τὰ.ς
1275 4021 1536 4107 τελείας]
1569 4020 2115 4099 ὑπολαμβάνοντες,
2149 4021 2246 4084 καὶ

557 4122 652 4188 διὰ
690 4126 862 4187 τοῦτο
908 4128 1026 4185 τῶν
1073 4123 1301 4185 ἐνύλων
1346 4123 1559 4188 ταύτας
1604 4124 2031 4204 ἀπεγίνωσκον·
2086 4125 2139 4186 εἰ
2182 4121 2246 4187 δὲ

553 4231 748 4303 τοῦτο,
772 4224 1037 4288 ἐκπίπτει
1063 4225 1100 4303 ἡ
1130 4221 1272 4303 δόξα
1301 4222 1389 4288 ἐπ’
1410 4226 1605 4303 ἄλλην
1630 4227 1815 4307 φύσιν
1844 4222 2245 4307 διαφέρουσαν

552 4328 916 4394 παντάπασι.
948 4327 1016 4391 τὸ
1046 4326 1158 4409 γὰρ
1185 4331 1285 4406 τῆς
1311 4324 1619 4407 ποιότητος
1647 4328 1750 4390 οὐκ
1776 4328 1850 4407 ἦν
1878 4333 1995 4391 τῶν
2025 4326 2240 4392 ἀύλων.

555 4437 736 4496 ταῦτα
761 4432 874 4511 μὲν
903 4430 1104 4497 αὐταῖς
1130 4429 1373 4509 λέξεσιν
1403 4432 1435 4493 6
1464 4427 1815 4514 Ἰάμβλιχος
1846 4430 2096 4513 ἔγραψε.
2136 4431 2243 4511 μή-

555 4560 699 4599 ποτε
729 4536 794 4598 δὲ
822 4534 1007 4618 τούτῳ
1036 4537 1115 4619 τῷ
1146 4534 1311 4617 λόγῳ
1333 4531 1400 4595 τὸ
1428 4538 1666 4612 μᾶλλον
1690 4533 1784 4596 καὶ
1812 4533 1989 4612 ἦττον
2021 4535 2116 4597 καὶ
2147 4535 2242 4598 ἐπὶ

555 4643 655 4716 τῆς
699 4638 907 4702 οὐσίας
951 4636 1177 4718 ἀνάγκη
1220 4637 1510 4699 τίθεσθαι.
1563 4635 1772 4702 ἔνυλος
1817 4635 1931 4719 γάρ
1976 4638 2104 4700 ἐστι
2148 4638 2243 4701 καὶ

555 4740 719 4820 αὐτή.
767 4739 835 4802 τὸ
879 4740 943 4804 δὲ
986 4738 1223 4802 τέλειον
1261 4739 1354 4801 καὶ
1401 4738 1645 4818 ἑστηκὸς
1686 4740 1875 4818 ἄλλης
1903 4738 1977 4802 ἂν
2009 4742 2096 4817 εἴη
2126 4740 2235 4821 φύ-

555 4869 724 4918 σεως,
759 4843 855 4906 καὶ
881 4841 949 4904 τὸ
978 4841 1176 4905 ποσὸν
1206 4842 1436 4921 ὁμοίως,
1471 4842 1565 4904 καὶ
1596 4841 1736 4905 αὐτὸ
1776 4841 1844 4904 τὸ
1890 4841 2237 4923 ὡρισμένον,

556 4946 651 5011 καὶ
675 4951 865 5010 πᾶσαι
893 4946 956 5009 αὶ
981 4945 1301 5024 ποιότητες.
1349 4941 1485 5008 ἀλλ’
1518 4944 1588 5007 οὐ
1617 4942 1764 5008 κατὰ
1795 4944 1864 5007 τὸ
1907 4943 2123 5008 ἔνυλον
2151 4943 2237 5008 οἶ-

552 5075 656 5129 μαι
686 5049 805 5111 *δὲ
838 5045 906 5132 [¹¹³
920 5047 1038 5134 δεῖ]
1067 5045 1136 5110 τὸ
1165 5051 1403 5126 μᾶλλον
1440 5046 1535 5110 καὶ
1572 5046 1640 5110 τὸ
1680 5047 1857 5127 ἦττον
1880 5047 2236 5128 λαμβάνειν,

552 5149 714 5216 ἀλλὰ
756 5147 900 5215 κατὰ
942 5150 1009 5214 τὸ
1058 5151 1413 5214 ἐπείσακτον
1453 5150 1546 5213 καὶ
1589 5149 1766 5229 ἦττον
1801 5151 2097 5217 οὐσιῶδες.
2145 5151 2240 5214 καὶ

553 5257 666 5336 γὰρ
694 5254 732 5333 ἡ
764 5254 879 5333 μὲν
905 5252 1082 5316 οὐσία
1126 5251 1248 5316 κατ’
1282 5254 1423 5316 αὐτὸ
1468 5253 1536 5316 τὸ
1585 5251 1753 5327 εἶναι,
1785 5254 1932 5335 ὅπερ
1974 5253 2235 5335 λέγεται,

550 5355 938 5439 θεωρουμένη,
989 5356 1093 5420 οὑκ
1140 5355 1267 5438 ἔχει
1314 5355 1383 5419 τὸ
1427 5360 1665 5436 μᾶλλον
1713 5357 1807 5420 καὶ
1851 5355 2045 5435 ἧττον.
2093 5357 2131 5435 ἡ
2175 5357 2240 5419 δὲ

546 5460 800 5538 ποιότης,
836 5455 983 5522 κατὰ
1024 5459 1132 5537 τὴν
1175 5460 1242 5522 ἐν
1284 5462 1354 5539 τῇ
1398 5458 1572 5543 οὐσίᾳ
1612 5458 1850 5539 μέθεξιν
1891 5460 2234 5541 ὑφεστῶσα,

548 5563 782 5629 εἰκότως
826 5560 1161 5645 ἐπιδέχεται
1203 5565 1394 5626 τοῦτο.
1443 5562 1538 5625 καὶ
1581 5564 1695 5643 γὰρ
1737 5566 1977 5641 μᾶλλον
2016 5562 2128 5642 μὲν
2169 5564 2237 5626 ἐν

643 5670 830 5721 VOL.
869 5670 993 5723 ῙῙῙ.

3899 567 4025 635 353

2327 734 2451 795 τοῖς
2476 728 2654 808 ἧττον
2683 728 3053 804 οὗσιώδεσιν,
3082 728 3260 808 ἧττον
3288 724 3353 791 δὲ
3386 729 3454 792 ἐν
3481 731 3604 794 τοῖς
3631 723 4011 790 οὗσιωδεστέ-

2324 856 2466 914 ροις,
2498 833 2701 913 ὥσπερ
2738 833 2805 895 ἐν
2832 837 2954 898 τοῖς
2992 830 3276 914 σχήμασι.
3326 831 3421 894 καὶ
3446 830 3514 894 τὸ
3542 828 3738 893 ποσὸν
3766 826 3830 892 δὲ
3859 835 4016 907 πλη-

2328 935 2628 1014 σιαίτερον
2658 938 2758 1013 τῆς
2799 934 3005 1000 οὐσίας
3034 931 3123 1007 ὃν,
3158 934 3262 997 οὐκ
3292 932 3626 1016 ἐπιδέχεται
3668 931 3736 995 τὸ
3780 935 4019 1011 μᾶλλον

2330 1039 2425 1101 καὶ
2457 1037 2524 1099 τὸ
2566 1037 2761 1117 ἦττον.
2811 1035 2948 1100 ἀλλ’
2981 1037 3115 1100 οὐδὲ
3161 1039 3224 1100 αἱ
3264 1038 3584 1117 ποιότητες,
3616 1038 3678 1100 αἱ
3722 1037 3869 1098 κατὰ
3912 1033 4018 1110 τὴν

2328 1141 2510 1221 ἄκραν
2542 1141 2765 1203 ἑαυτῶν
2793 1141 3137 1220 τελειότητα
3180 1141 3593 1220 θεωρούμεναι,
3624 1140 3826 1219 ὤσπερ
3855 1137 3893 1215 ἡ
3921 1160 4015 1197 τε-

2327 1243 2465 1306 λεία
2494 1243 2670 1324 ἀρετῆ
2703 1243 2797 1306 καὶ
2825 1244 2861 1323 ἡ
2891 1244 3096 1306 τελεία
3136 1242 3501 1325 γραμματικὴ
3539 1240 3909 1323 ἐπιδέχονται
3950 1236 4019 1299 τὸ

2328 1350 2567 1425 μᾶλλον
2599 1346 2693 1409 καὶ
2719 1345 2913 1424 ἦττον.
2963 1349 3109 1410 κατὰ
3138 1348 3253 1428 γὰρ
3283 1344 3351 1409 τὸ
3378 1343 3642 1424 μάλιστα
3674 1343 3841 1406 αὗται
3871 1345 4014 1404 θεω-

2327 1453 2586 1529 ροῦνται.
2638 1448 2734 1512 καὶ
2778 1449 2883 1512 οὐκ
2928 1448 3080 1512 εἰσὶν
3120 1451 3182 1512 αἱ
3227 1449 3592 1526 τελειότητες
3637 1446 3804 1509 αὗται
3845 1443 4021 1524 λόγοι

2330 1552 2505 1616 άΰλοι
2535 1552 2631 1615 καὶ
2657 1551 2960 1634 χωριστοὶ,
2993 1549 3131 1614 ἀλλ’
3165 1552 3368 1615 ἔνυλοι
3407 1552 3539 1629 μὲν,
3574 1551 3720 1612 κατᾶ
3745 1549 3809 1611 δὲ
3838 1546 3906 1609 τὸ
3937 1544 4017 1609 εἴ·

2330 1658 2428 1722 δος
2459 1654 2600 1718 αὐτὸ
2625 1655 3030 1736 θεωρούμενοι.
3065 1652 3189 1718 καθ’
3216 1653 3249 1717 δ
3275 1654 3369 1717 καὶ
3391 1654 3741 1735 ὁρμιζόμεθα
3771 1650 4024 1713 ἕκαστον

2326 1763 2444 1821 τῶν
2469 1759 2698 1821 ἐνύλων
2728 1758 2833 1821 οὐκ
2863 1760 2945 1823 εἷς
2972 1757 3080 1835 τὴν
3104 1760 3277 1835 ὕλην,
3309 1754 3448 1819 ἀλλ’
3482 1758 3565 1822 εἰς
3591 1753 3659 1818 τὸ
3691 1753 3843 1820 εἶδος
3871 1754 4020 1817 ἀπο-

2325 1861 2681 1942 βλέποντες.
2731 1860 2824 1924 καὶ
2871 1863 2924 1923 εἶ
2963 1862 3076 1939 μὲν
3116 1861 3300 1940 μηδὲν
3329 1865 3447 1923 τῶν
3479 1857 3708 1920 ἐνύλων
3738 1854 4021 1938 τυγχάνει

2327 1967 2472 2029 ποτὲ
2516 1968 2617 2044 τῆς
2662 1966 2874 2028 ἑαυτοῦ
2914 1964 3301 2042 τελειότητος,
3337 1965 3528 2027 καλῶς
3558 1958 3686 2041 ἔχει
3718 1956 3925 2039 λέγειν
3956 1959 4023 2020 ἐν

2328 2072 2478 2131 πᾶσι
2519 2067 2587 2130 τὸ
2629 2072 2868 2147 μᾶλλον
2915 2065 3011 2129 καὶ
3058 2065 3236 2144 ἦττον
3279 2063 3586 2146 ὑπάρχειν·
3644 2063 3698 2125 εἰ
3741 2063 3805 2124 δὲ
3848 2064 4019 2124 τοῦτο

2330 2173 2573 2245 ἄτοπον,
2607 2172 2735 2234 ἔστι
2777 2196 2833 2233 τι
2879 2170 2974 2234 καὶ
3011 2169 3078 2233 τὸ
3117 2167 3399 2248 μάλιστα,
3434 2168 3529 2231 καὶ
3555 2168 3735 2231 οὕτως
3759 2166 3898 2244 ἡμῖν
3926 2163 4021 2228 καὶ

2328 2275 2365 2354 ἡ
2388 2276 2704 2338 Πλωτίνου
2733 2275 2875 2353 δόξα
2904 2271 3378 2354 διορθωθῆσεται,
3406 2272 3553 2333 κατὰ
3579 2267 3646 2332 τὸ
3678 2268 3894 2331 ἔνυλον
3924 2269 4020 2331 καὶ

2328 2377 2617 2460 γεννητὸν
2662 2375 2980 2456 εἰλημμένη
3023 2378 3228 2455 μόνον,
3270 2372 3408 2438 ἀλλ’
3440 2374 3575 2456 οὐχὶ
3621 2374 3766 2435 κατὰ
3807 2370 3875 2433 τὸ
3920 2374 4021 2448 τῆς

2327 2482 2635 2559 ποιότητος
2664 2481 2892 2559 ἰδίωμα,
2927 2477 3050 2542 καθ’
3084 2478 3117 2541 δ
3145 2482 3245 2557 τῆς
3273 2478 3479 2543 οὐσίας
3522 2475 3616 2539 καὶ
3644 2479 3745 2554 τῆς
3779 2471 4015 2553 ποιότη-

2329 2608 2427 2650 τος
2456 2581 2818 2665 διενήνοχεν·
2866 2584 2899 2644 6
2932 2584 2997 2645 δὲ
3022 2580 3373 2663 Ἰάμβλιχος
3407 2581 3682 2642 ὑπαντῶν
3724 2576 3871 2658 πρὸς
3912 2576 4019 2654 τὴν

2330 2687 2646 2749 Πλωτίνου
2687 2686 2864 2764 δόξαν
2901 2685 3009 2763 τὴν
3046 2686 3258 2764 ὁμοίως
3299 2684 3410 2762 μὲν
3447 2685 3552 2749 τᾶς
3593 2682 3921 2760 ποιότητας,
3954 2682 4016 2743 6-

2330 2790 2509 2869 μοίως
2534 2791 2599 2852 δὲ
2627 2788 2760 2854 τοὺς
2787 2787 2989 2855 ποιοὺς
3015 2786 3525 2868 μεταβάλλουσαν
3554 2788 3620 2849 ἐν
3648 2791 3775 2852 ταῖς
3818 2782 4015 2848 ἐπιτά-

2332 2916 2471 2954 σεσι
2516 2892 2614 2954 καὶ
2656 2890 2960 2964 ἀνέσεσιν,
2994 2892 3217 2954 ἄτοπόν
3247 2897 3397 2972 φησι
3440 2891 3545 2955 τὰς
3588 2889 3765 2954 αὐτὸς
3805 2889 4024 2969 τροπὰς

2333 2994 2727 3056 ἀλλοιοῦσθαι
2755 2992 2861 3056 τὸν
2890 2994 3100 3075 λόγον,
3134 2992 3326 3073 ἅσπερ
3367 2992 3462 3055 καὶ
3504 2990 3572 3054 τὸ
3614 2992 3920 3055 σύνθετον.
3967 2991 4028 3053 τί

2332 3099 2446 3178 γᾶρ
2495 3098 2706 3159 διοίσει
2751 3101 2869 3159 τῶν
2908 3097 3281 3178 μετεχόντων
3325 3094 3394 3157 τὸ
3439 3096 3882 3177 μετεχόμενον;
3931 3092 4025 3156 καὶ

2335 3199 2455 3278 ἅμα
2482 3198 2549 3261 τὸ
2581 3198 2782 3263 κοινὸν
2812 3200 2990 3263 αὑτοῦ
3013 3199 3148 3281 περὶ
3175 3204 3293 3262 τῶν
3323 3196 3651 3277 ἀσωμάτων
3681 3197 3924 3276 ἀξίωμα,
3952 3197 4027 3262 ὡς

2335 3303 2532 3382 ἀπαθῆ
2571 3301 2639 3366 τέ
2679 3304 2807 3367 ἐστι
2847 3302 2942 3367 καὶ
2987 3303 3263 3384 ἄτρεπτα,
3296 3299 3773 3383 ἀνατραπήσεται
3802 3301 4021 3371 officum

2331 3409 2514 3469 ταῦτα
2558 3407 2623 3468 δὲ
2666 3405 2813 3487 πρὸς
2839 3406 2944 3468 τὸν
2974 3411 3290 3468 Πλωτῖνον
3320 3404 3521 3480 εἰπὼν,
3553 3404 3660 3481 τὴν
3690 3400 4021 3482 ἀληθεστά-

2330 3533 2439 3587 την
2469 3507 2679 3591 ἐπάγει
2709 3508 2960 3589 θεωρίαν
2981 3513 3086 3571 τοῦ
3113 3505 3420 3589 δόγματος·
3449 3505 3604 3568 οὖσα
3630 3504 3744 3587 γάρ
3766 3529 3852 3570 τις
3873 3503 4024 3585 φησὶ

2330 3618 2448 3675 τῶν
2475 3614 2678 3694 λόγων
2706 3613 3015 3690 ἀσώματος
3043 3610 3237 3682 οὐσία,
3271 3610 3509 3671 δίδωσιν
3540 3606 3753 3684 ἑαυτὴν
3781 3610 3903 3671 τοῖς
3932 3610 4022 3667 δε-

2330 3714 2627 3796 χομένοις,
2677 3714 2770 3778 καὶ
2813 3718 3069 3776 ποιοῦσα
3110 3711 3177 3774 τὸ
3223 3709 3397 3774 ποιὸν
3435 3712 3594 3789 παρὰ
3644 3712 3722 3794 τῷ
3772 3709 4018 3786 σώματι,

2330 3819 2503 3882 οὐδὲν
2529 3818 2707 3897 ἧττον
2734 3816 2901 3896 μένει
2933 3814 3057 3879 καθ’
3087 3815 3301 3893 ἑαυτὴν
3331 3814 3640 3892 ἀσώματος
3682 3812 3749 3874 ἐν
3779 3813 3858 3897 τῷ
3899 3811 4016 3874 σώ-

2327 3946 2485 4001 ματι,
2518 3920 2586 3983 τὸ
2620 3920 2770 3983 εἶναι
2806 3917 2931 3983 καθ’
2966 3919 3178 3997 ἑαυτὴν
3209 3917 3435 4000 ἔχουσα
3480 3916 3574 3978 καὶ
3616 3918 3717 3993 τῆς
3756 3914 4015 3976 ὑποστά-

2330 4049 2482 4090 σεως
2510 4024 2664 4109 αὐτῷ
2690 4025 3081 4102 μεταδιδοῦσα
3119 4023 3269 4100 μετὰ
3297 4023 3401 4082 τοῦ
3427 4017 3507 4099 μὴ
3537 4018 3874 4082 ἀπολλύναι
3915 4017 4021 4096 τὴν

2330 4128 2554 4190 οἰκείαν
2584 4127 2791 4207 φύσιν.
2838 4126 2980 4189 ὅθεν
3010 4124 3079 4202 δὴ
3111 4124 3239 4187 ἔστι
3266 4124 3378 4202 μὲν
3406 4121 3473 4184 τὸ
3504 4119 3638 4184 ’ἐπ’
3682 4120 3740 4204 [⁴
3752 4118 3876 4204 ἀπ’]
3916 4121 4018 4184 αὗ-

2330 4232 2429 4308 τῆς
2473 4229 2956 4307 ἀπο-τυπούμενον
2994 4228 3306 4309 μόρφωμα,
3339 4226 3468 4288 οἷον
3509 4226 3781 4288 ἐπίτασιν
3826 4223 4016 4288 ἐπιδέ-

2328 4334 2566 4413 χεσθαι·
2606 4330 2735 4392 ἔστι
2765 4331 2830 4392 δὲ
2860 4329 2954 4392 καὶ
2980 4331 3016 4407 ἡ
3048 4330 3358 4408 ἀσώματος
3384 4327 3561 4390 οὐσία
3589 4331 3689 4404 τῆς
3714 4327 4022 4407 ποιότητος

2329 4436 2427 4497 οἵα
2474 4433 2719 4497 ἑστάναι
2764 4434 2830 4495 ἐν
2866 4436 2946 4517 τῷ
2993 4432 3145 4517 αὐτῷ
3193 4433 3351 4503 εἴδει,
3394 4429 3489 4492 καὶ
3535 4430 3605 4492 οὗ
3650 4431 3877 4511 γίνεται
3923 4433 4019 4493 διὰ

2327 4542 2498 4600 τοῦτο
2528 4538 2728 4608 ἄῦλος,
2759 4532 2897 4597 ἀλλ’
2932 4534 3159 4607 ἔνυλος,
3193 4533 3263 4596 οὐ
3304 4531 3506 4612 μέντοι
3550 4530 3693 4612 ὅλης
3734 4536 3835 4613 τῆς
3875 4535 4020 4613 ὕλης

2328 4640 2574 4720 γίνεται,
2609 4639 2753 4700 διότι
2799 4636 2893 4700 καὶ
2939 4639 3161 4699 ἑαυτῶν
3191 4638 3319 4699 ἐστι
3362 4637 3436 4698 τὸ,
3466 4638 3614 4714 εἴδη,
3648 4637 3744 4700 καὶ
3773 4640 3920 4700 κατὰ
3947 4636 4015 4699 τὸ

2329 4741 2396 4804 ἓν
2425 4740 2519 4803 καὶ
2547 4738 2762 4802 ταύτὸν
2792 4740 2996 4821 κυρίως
3023 4740 3286 4820 ὥρισται.
3336 4737 3429 4801 καὶ
3458 4741 3555 4802 διὰ
3582 4742 3753 4801 τοῦτο
3782 4739 3918 4802 οὐδὲ
3949 4741 4016 4803 ἐν

2325 4847 2405 4928 τῷ
2429 4845 2530 4921 τῆς
2554 4844 2701 4919 ὕλης
2722 4843 2995 4924 γίνεσθαι
3026 4841 3348 4923 ἀφίσταται
3376 4839 3567 4920 πάντῃ
3587 4844 3687 4920 τῆς
3713 4843 3857 4921 ὅλης
3886 4844 4018 4906 {av-

2324 4951 2442 5009 τῶν
2471 4947 2728 5027 φύσεως·
2771 4944 3029 5024 μένοντα
3072 4945 3137 5007 δὲ
3182 4945 3250 5006 ἐν
3288 4943 3461 5028 αὐτῷ,
3506 4945 3727 5024 τρόπον
3763 4943 3837 5025 γέ
3883 4969 4016 5007 τινα

2325 5048 2771 5127 ἀναπίμπλαται
2798 5051 2899 5125 τῆς
2927 5046 3197 5113 ἐναντίας
3223 5045 3370 5128 πρὸς
3409 5045 3589 5123 αὐτὴν
3619 5045 3912 5113 ἐκτάσεώς
3950 5071 4015 5109 τε

2327 5151 2424 5214 καὶ
2450 5150 2767 5231 ἀοριστίας.
2814 5149 3030 5228 λοιπὴν
3060 5152 3124 5212 δὲ
3152 5148 3260 5228 τὴν
3286 5149 3636 5212 τελευταίαν
3665 5150 3895 5229 αἳρεσιν
3925 5150 4017 5213 εὐ-

2327 5253 2519 5316 θύνων
2553 5253 2587 5315 6
2620 5249 2993 5335 Ἰάμβλιχος,
3023 5252 3148 5330 ἥτις
3175 5253 3280 5319 τὸς
3316 5252 3428 5331 μὲν
3458 5253 3670 5329 νοητὰς
3704 5252 4018 5329 ποιότητας

2326 5355 2708 5423 ἀνεπιτάτους
2732 5357 2980 5437 ἡγεῖται,
3011 5358 3116 5422 τὰς
3146 5356 3210 5418 δὲ
3244 5355 3508 5426 ἐνύλους,
3534 5351 3854 5420 ἐπιτάσεως
3880 5379 4017 5433 μετ-

2327 5458 2491 5542 έχειν
2522 5458 2616 5521 καὶ
2646 5456 2925 5531 ἀνέσεως,
2957 5458 3149 5521 ἐκεῖνο
3186 5456 3254 5520 τὸ
3295 5460 3399 5520 τοῦ
3427 5456 3775 5537 Πορφυρίου
3804 5456 4009 5538 φησὶν,

2322 5562 2413 5624 ὅτι
2449 5559 2648 5624 πάντα
2674 5563 2748 5625 τὸ
2779 5562 2978 5640 νοητὰ,
3013 5560 3109 5623 καὶ
3137 5559 3286 5642 ἅπερ
3315 5560 3479 5633 ὄντα,
3512 5559 3709 5623 οὐσίαι
3749 5559 3885 5632 εἶσὶ,
3920 5562 4014 5625 καὶ

2439 5669 2490 5720 Ζ
2528 5673 2572 5720 Z
