5118 6613
1074 541 1195 606 208

1075 715 1350 777 Patria-ii
1399 711 1668 778 librum:
1716 714 1911 779 Nova
1961 716 2035 779 de
2099 718 2434 781 Universis
2488 719 2770 782 Philoso-

1064 819 1250 905 phia,
1282 816 1496 904 ibique
1537 818 1925 882 Mercurium
1968 843 2029 906 p.
2067 823 2169 886 26.
2200 843 2257 884 a.
2290 820 2358 884 b.
2447 820 2764 886 Platonem

1073 937 1281 985 autem
1314 921 1592 985 imitatus
1620 935 1714 985 est
1749 921 2124 987 Plutarchus
2151 924 2230 988 de
2262 926 2548 990 Fortuna
2573 923 2769 989 Alex-

1073 1023 1253 1088 andri
1295 1048 1357 1112 p.
1387 1041 1539 1110 329.
1570 1025 1643 1088 C.
1675 1023 1786 1110 qui
1830 1023 1917 1088 ita
1968 1024 2048 1089 de
2092 1024 2453 1089 Alexandro
2500 1028 2765 1112 Magno,

1074 1126 1497 1192 Macedonum
1559 1125 2066 1213 reliquorumque
2127 1129 2495 1192 Graecorum
2568 1151 2770 1192 mores

1075 1252 1218 1293 cum
1254 1229 1575 1293 Persarum
1625 1226 2015 1314 aliorumque
2053 1229 2461 1294 barbarorum
2494 1230 2771 1294 moribus

1075 1333 1431 1398 humaniter
1486 1332 1780 1395 miscente
1851 1347 1914 1397 et
1987 1347 2287 1419 utrosque
2343 1348 2764 1422 temperante:

1076 1441 1277 1519 ὥσπερ
1310 1440 1377 1502 ἐν
1425 1440 1662 1517 κρατῆρι
1701 1436 2031 1521 φιλοτησίῳ
2074 1439 2245 1516 μίξας
2286 1439 2421 1506 τοὺς
2462 1442 2634 1519 βίους
2677 1440 2772 1502 καὶ

1076 1545 1149 1606 τὰ
1177 1542 1308 1621 ἤθη,
1343 1540 1439 1605 καὶ
1482 1540 1616 1607 τοὺς
1659 1538 1884 1621 γάμους
1931 1540 2025 1604 καὶ
2064 1542 2308 1608 διαίτας.
2395 1543 2536 1621 Qua
2581 1541 2661 1605 de
2705 1565 2772 1606 re

1076 1645 1388 1709 Arrianus
1437 1644 1600 1707 VII.
1651 1663 1745 1708 11.
1792 1664 1900 1724 14:
1950 1645 2067 1708 ἀπὸ
2118 1650 2223 1709 τοῦ
2267 1647 2446 1710 αὑτοῦ
2492 1651 2772 1729 κρατῆρος

1077 1748 1252 1814 αὐτός
1280 1772 1346 1811 τε
1384 1746 1480 1811 καὶ
1518 1749 1576 1810 οἱ
1608 1745 1756 1828 ἀμφ’
1784 1745 1964 1810 αὐτὸν
1994 1748 2325 1827 ἀρυόμενοι.
2406 1746 2546 1812 Vid.
2583 1749 2769 1837 wyt-

1072 1850 1385 1915 tenbachii
1433 1848 1817 1913 Animade.
1866 1872 1933 1936 p.
1993 1868 2134 1935 115.
2193 1850 2327 1937 qui,
2371 1851 2765 1916 Platonicum

1073 1954 1278 2019 locum
1310 1978 1346 2018 e
1374 1953 1614 2017 Tiuiaeo
1641 1967 1974 2039 postquam
2005 1953 2318 2039 apposuit,
2338 1952 2548 2017 addit:
2602 1955 2766 2018 Item

1077 2073 1150 2123 ut
1187 2058 1498 2145 legislator
1526 2056 1836 2121 civitatem
1869 2071 2166 2143 tanquam
2197 2072 2492 2121 craterem
2529 2073 2767 2141 tempe-

1073 2184 1216 2225 rans
1255 2160 1457 2247 Legg.
1506 2160 1627 2223 VI.
1673 2181 1738 2245 p.
1765 2162 1916 2244 623.
1962 2156 2058 2245 [p.
2092 2174 2238 2243 773.
2290 2158 2542 2245 Steph.]
2588 2160 2770 2223 πόλιν

1078 2263 1229 2328 εἶναι
1266 2268 1391 2327 δεῖν
1431 2264 1596 2343 δίκην
1633 2266 1916 2343 κρατῆρος
1955 2262 2317 2344 κεκραμένην
2347 2289 2398 2325 κ.
2426 2286 2478 2325 τ.
2504 2269 2567 2325 λ.
2647 2264 2770 2326 Po-

1077 2382 1238 2431 terat
1279 2365 1544 2431 alterum
1587 2364 1868 2429 Platonis
1904 2364 2111 2429 locum
2154 2364 2386 2429 addere
2414 2365 2509 2428 vir
2548 2365 2771 2429 doctus

1070 2470 1151 2534 de
1181 2471 1347 2557 Rep.
1378 2469 1585 2533 VIII.
1615 2492 1681 2555 p.
1711 2470 1861 2553 562.
1907 2491 2094 2554 quem
2141 2467 2360 2532 Cicero
2389 2467 2469 2532 de
2500 2468 2761 2554 Repub-

1072 2572 1190 2637 lica
1225 2573 1528 2660 expressit
1563 2571 1617 2634 I.
1649 2590 1756 2655 43.
1804 2569 1911 2634 ubi
1944 2593 2062 2657 ego
2090 2568 2257 2633 illius
2291 2568 2407 2633 loci
2453 2569 2533 2633 de
2582 2569 2761 2656 Legi·

1070 2674 1192 2739 bus
1219 2674 1592 2738 mentionem
1623 2671 1818 2759 adjeci
1848 2671 1909 2735 in
1945 2676 2183 2736 Annot.
2217 2696 2279 2757 p.
2321 2689 2464 2755 172.
2487 2671 2589 2736 ed.
2623 2673 2766 2735 Mo-

1074 2776 1191 2840 seri
1219 2775 1359 2838 mei.

1158 2901 1222 2964 p.
1254 2878 1406 2962 697,
1445 2876 1543 2940 18.
1597 2876 1687 2940 Τὸ
1718 2878 1783 2940 δὲ
1812 2878 1879 2939 ἐν
1907 2879 1987 2960 τῷ
2015 2875 2251 2959 Φαίδρῳ
2285 2902 2337 2937 κ.
2356 2901 2411 2937 τ.
2430 2877 2520 2959 λ.]
2583 2874 2766 2938 Plato

1076 2977 1352 3044 Phaedro
1379 3000 1443 3065 p.
1474 2979 1621 3057 246.
1652 2977 1716 3041 b.
1741 3000 1795 3040 c.
1821 3000 1884 3064 p.
1908 2997 2015 3057 40.
2050 2975 2285 3040 Bekk.:
2335 2982 2503 3041 πᾶσα
2530 2979 2566 3057 ἡ
2594 2978 2765 3061 ψυχὴ

1073 3081 1295 3148 παντὸς
1333 3082 1699 3159 ἐπιμελεῖται
1737 3084 1842 3143 τοῦ
1883 3081 2145 3162 ἀψύχου,
2178 3077 2373 3151 πάντα
2404 3082 2469 3142 δὲ
2508 3080 2767 3161 οὐρανὸν

1071 3190 1402 3267 περιπολεῖ,
1434 3183 1657 3247 ἄλλοτε
1687 3184 1754 3246 ἐν
1772 3183 1980 3248 ἄλλοις
2010 3184 2195 3246 εἴδεσι
2224 3180 2567 3262 γιγνομένη,
2588 3181 2770 3245 τελέα

1071 3291 1183 3370 μὲν
1213 3289 1320 3352 οὖν
1364 3287 1514 3351 οὖσα
1558 3286 1653 3350 καὶ
1691 3283 2061 3367 ἐπτερωμένη
2099 3289 2533 3366 μετεωροπορεῖ
2562 3310 2629 3348 τε
2674 3284 2768 3349 καὶ

1071 3391 1267 3457 πάντα
1308 3390 1414 3454 τὸν
1459 3390 1684 3467 κόσμον
1723 3392 1934 3452 διοικεῖ
1973 3386 2164 3468 (hauc
2205 3385 2400 3473 igitur
2444 3385 2766 3450 lectionem

1073 3497 1280 3561 firmat
1315 3494 1499 3560 etiam
1552 3491 1856 3569 Plotinus‚
1897 3490 2071 3579 quod
2117 3490 2559 3555 Heindorfium
2601 3489 2768 3576 fugit

1070 3625 1137 3689 p.
1170 3620 1316 3686 249.
1353 3599 1458 3664 ubi
1489 3597 1569 3661 de
1612 3595 1913 3683 Stephani
1954 3595 2218 3660 lectione
2261 3594 2443 3674 διήκει
2471 3609 2637 3658 recte
2666 3617 2765 3657 ce·

1070 3718 1274 3768 terum
1297 3701 1570 3789 judicat)
1603 3701 1640 3779 ἡ
1670 3701 1735 3763 δὲ
1763 3697 2253 3781 πτεροῤῥυήσασα
2281 3696 2527 3779 φέρεται
2556 3724 2608 3760 κ.
2630 3722 2681 3759 τ.
2705 3706 2764 3760 λ.

1076 3808 1295 3894 Hujus
1340 3805 1456 3870 loci
1503 3821 1742 3890 partem
1785 3803 1919 3889 jam
1967 3825 2157 3888 supra
2200 3799 2407 3886 attigit
2462 3798 2766 3863 Plotinus‚

1074 3909 1220 3974 Vid.
1247 3933 1310 3996 p.
1350 3910 1492 3994 283.
1525 3907 1597 3970 C.
1632 3921 1694 3970 et
1726 3929 1794 3992 p.
1825 3923 1972 3991 372.
1999 3905 2086 3968 D.
2116 3903 2330 3990 ibique
2358 3917 2570 3967 annot.
2626 3900 2772 3967 Alia

1074 4011 1363 4076 dabimus
1404 4009 1567 4072 infra
1610 4007 1690 4071 ad
1736 4031 1798 4094 p.
1829 4025 1978 4089 470.
2021 4009 2099 4070 C.
2166 4008 2610 4088 Πτεροῤῥύησις
2650 4006 2773 4068 fre-

1074 4128 1340 4200 quenter
1374 4125 1753 4176 memoratur
1778 4133 1855 4173 ex
1887 4108 1994 4172 illo
2022 4108 2158 4173 loco
2188 4107 2487 4172 Platonis.
2577 4108 2771 4172 Adde

1077 4214 1369 4280 Proclum
1401 4214 1465 4276 in
1495 4212 1705 4277 Alcib.
1756 4234 1854 4298 pr.
1886 4234 1948 4298 p.
1983 4229 2085 4274 20.
2128 4224 2192 4274 et
2233 4209 2672 4299 Olympiodor.
2705 4211 2767 4274 in

1078 4319 1269 4383 eund.
1303 4342 1365 4403 p.
1395 4336 1460 4401 5.

1163 4444 1226 4510 p.
1260 4421 1408 4504 698,
1437 4437 1496 4501 7.
1527 4416 1727 4496 Ἱκανὴ
1755 4421 1871 4499 γὰρ
1898 4415 2069 4499 ψυχὴ
2100 4417 2196 4480 καὶ
2215 4418 2376 4498 παρὰ
2402 4417 2643 4497 φύσεως
2667 4418 2766 4479 τό-

1079 4550 1207 4588 πων
1233 4527 1437 4587 πολλὰ
1481 4520 1972 4602 ἀπομάττεσθαι.]
2028 4518 2284 4582 Ficinus
2323 4533 2570 4582 vertens
2608 4541 2767 4605 pro-

1067 4627 1355 4715 pware,
1387 4622 1827 4703 ἀπομάττεσθαι
1856 4622 1917 4685 h.
1935 4621 1978 4685 l.
2008 4622 2246 4709 accepit
2274 4643 2391 4708 pro
2420 4620 2768 4701 ἐκβάλλειν,

1076 4731 1477 4816 abstergere,-
1525 4741 1712 4812 atque
1755 4724 1915 4788 hanc
1943 4725 2070 4788 vim
2102 4724 2293 4811 hujus
2322 4723 2529 4788 verbis
2557 4723 2772 4788 multis

1082 4833 1147 4896 in
1197 4830 1348 4895 locis
1403 4853 1533 4893 esse
1589 4851 1773 4892 nemo
1826 4828 2098 4915 negabit.
2193 4829 2429 4891 Contra
2489 4825 2767 4915 Taylor:

1075 4944 1119 4976 “
1153 4936 1345 4998 From
1404 4931 1539 4996 soul
1597 4931 1650 4995 is
1706 4929 2076 5018 sufficiently
2134 4929 2275 4994 able
2336 4938 2396 4993 to
2454 4939 2777 5015 represent

1078 5060 1272 5125 many
1302 5037 1520 5125 things
1542 5038 1614 5098 in
1642 5036 1836 5120 itsessfi
1867 5034 2029 5097 from
2058 5031 2164 5096 the
2193 5046 2416 5095 nature
2443 5031 2517 5095 of
2537 5032 2766 5118 places,

1081 5142 1206 5208 and
1239 5156 1447 5216 water,
1476 5136 1600 5201 and
1645 5136 1793 5200 air.”
1881 5138 2041 5213 Quae
2073 5134 2225 5198 mihi
2255 5133 2412 5197 ratio
2440 5134 2642 5197 verior
2672 5134 2767 5198 vi-

1083 5246 1290 5321 detur,
1320 5264 1465 5307 cum
1509 5238 1659 5326 quia
1695 5238 2043 5324 praecessit:
2095 5237 2189 5300 καὶ
2215 5238 2376 5317 παρὰ
2404 5239 2643 5318 φύσεως
2668 5239 2767 5301 τό-

1083 5375 1231 5422 πων,
1277 5363 1410 5411 tum
1460 5341 1607 5430 quia
1644 5341 1708 5403 in
1759 5339 2161 5427 sequentibus
2211 5338 2464 5403 demum
2515 5338 2774 5405 alteram

1083 5449 1250 5514 illam
1291 5448 1442 5524 vim,
1473 5443 1763 5508 nimirum
1817 5442 2195 5506 resistentem
2236 5441 2626 5507 naturalibus
2672 5466 2772 5507 re·

1088 5553 1231 5628 buS‚
1273 5560 1614 5613 memorat:
1661 5543 1797 5608 ἀλλ’
1833 5546 2215 5623 ἆντετίθεμεν
2258 5545 2453 5624 ἄλλην
2480 5546 2690 5629 ψυχὴν
2723 5575 2776 5610 κ.

2059 544 2883 610 ANNOTATIONES

2952 545 3063 610 IN
3132 545 3571 612 PLOTINI

2851 743 2902 780 τ.
2920 726 2984 782 λ.
3076 720 3176 782 De
3219 734 3486 805 utraque
3530 718 3695 782 illius
3738 718 3912 782 verbi
3958 732 4261 806 potestate
4301 717 4537 782 dictum

2852 835 2945 885 est
2989 845 3179 908 supra
3218 821 3297 886 ad
3337 821 3565 886 librum
3598 821 3678 886 de
3709 822 3969 886 Pulcrit.
4004 846 4065 907 p.
4096 839 4202 906 54.
4238 822 4316 885 F.
4355 822 4543 907 (prae-

2853 925 3059 987 sertim
3091 924 3154 987 in
3200 924 3300 988 ed.
3331 924 3625 1011 peculiari
3656 948 3720 1012 p.
3755 942 3901 1009 257.
3935 930 4105 1012 sqq.)
4136 925 4215 988 ad
4248 923 4472 987 verba:
4506 922 4539 985 δ

2852 1031 3013 1109 παρὰ
3038 1033 3144 1091 τοῦ
3178 1033 3372 1108 πηλοῦ
3412 1027 3449 1108 ἢ
3483 1031 3788 1110 βορβόρου
3827 1027 4184 1107 ἀπεμάξατο,
4217 1034 4260 1067 “
4292 1026 4465 1113 quod
4503 1048 4540 1089 a

2853 1130 3002 1194 limo
3030 1130 3091 1194 in
3134 1154 3197 1193 se
3235 1130 3439 1215 ipsum
3482 1152 3784 1217 coenoque
3827 1130 4193 1194 contraxit.”
4279 1129 4391 1193 Ad
4436 1153 4541 1194 ex-

2854 1248 3052 1298 trema
3091 1233 3501 1318 capitis—‘rhu
3538 1237 3922 1297 ἐπεισιοῦσαν
3963 1233 4086 1314 (uti
4130 1256 4209 1295 ex
4252 1233 4541 1297 omnibus

2855 1336 3029 1402 libris
3056 1336 3202 1401 dedi
3234 1360 3350 1424 pro
3387 1339 3700 1419 ἐπιοῦσαν)
3735 1344 3780 1374 “
3810 1336 3933 1400 and
3968 1335 4163 1399 which
4197 1335 4448 1399 accedes
4478 1351 4542 1399 to

2855 1440 2902 1503 it
2932 1438 3399 1528 externally—”
3427 1438 3663 1526 Taylor
3697 1438 3759 1501 in
3813 1438 4209 1502 annotatione
4257 1438 4392 1503 haec
4435 1461 4544 1525 po-

2858 1541 3019 1606 suit:
3071 1550 3115 1581 “
3144 1541 3186 1605 i.
3206 1565 3260 1606 e.
3299 1543 3364 1607 It
3392 1541 3504 1605 has
3536 1564 3574 1605 a
3603 1540 3862 1605 rational
3895 1541 4029 1605 soul
4061 1540 4350 1605 different
4379 1540 4537 1604 from

2858 1644 2994 1708 that
3035 1644 3110 1708 of
3146 1645 3252 1709 the
3302 1644 3566 1709 mother.
3659 1645 3725 1707 It
3761 1642 3813 1706 is
3856 1644 4080 1721 better,
4126 1643 4430 1721 however,
4478 1660 4542 1708 to

2853 1770 2960 1834 say
2994 1747 3137 1812 with
3171 1748 3448 1826 Procius,
3482 1746 3617 1811 that
3646 1769 3715 1810 as
3743 1760 3964 1810 nature
3993 1745 4142 1811 does
4186 1745 4451 1832 nothing
4476 1746 4538 1809 in

2854 1851 3019 1929 vain,
3068 1851 3175 1915 the
3234 1873 3523 1938 presence
3564 1849 3638 1914 of
3680 1848 3785 1912 the
3827 1848 4088 1913 rational
4140 1850 4276 1914 soul
4326 1865 4392 1914 to
4436 1850 4540 1914 the

2854 1955 3043 2018 foetus
3070 1953 3131 2016 in
3164 1953 3270 2017 the
3301 1953 3502 2017 womb
3533 1951 3738 2016 would
3780 1952 3858 2016 be
3897 1951 4143 2030 useless,
4170 1976 4238 2016 as
4267 1953 4316 2018 it
4354 1953 4536 2018 could

2854 2070 2963 2119 not
2993 2055 3139 2120 then
3164 2056 3447 2141 energize
3473 2081 3489 2133 ;
3534 2055 3652 2119 but
3682 2054 3817 2119 that
3845 2055 3895 2120 it
3924 2055 4206 2120 becomes
4235 2055 4449 2120 united
4478 2072 4542 2121 to

2856 2158 2960 2223 the
2998 2158 3307 2223 irrational
3346 2157 3478 2221 soul
3510 2160 3574 2221 in
3610 2157 3717 2222 the
3747 2181 3895 2245 very
3926 2175 4224 2236 moment,
4254 2157 4317 2222 in
4344 2157 4537 2223 which

2855 2262 2962 2326 the
2988 2262 3188 2325 infant
3217 2261 3418 2324 leaves
3449 2262 3555 2326 the
3578 2261 3835 2325 womb.''

2941 2389 3001 2452 p.
3036 2367 3184 2449 699,
3217 2382 3280 2449 5.
3328 2367 3495 2427 Κατὰ
3523 2368 3639 2446 γὰρ
3669 2364 3801 2430 τοὺς
3828 2363 4367 2446 προβεβιωμένους,
4393 2365 4541 2446 φησὶ

2859 2498 2909 2533 κ.
2933 2496 2984 2533 τ.
3008 2469 3100 2556 λ.]
3149 2467 3332 2532 Plato
3363 2467 3442 2530 de
3471 2469 3635 2552 Rep.
3666 2468 3751 2530 X.
3781 2489 3846 2553 p.
3872 2468 4018 2551 619.
4050 2466 4159 2529 fin.
4190 2481 4250 2530 et
4281 2471 4429 2529 620.
4462 2467 4535 2528 A.

2850 2595 2912 2659 p.
2943 2589 3090 2658 513.
3127 2569 3329 2634 Bekk.
3356 2595 3369 2633 τ
3417 2571 3635 2649 ταύτην
3664 2573 3780 2651 γὰρ
3797 2569 3885 2648 δὴ,
3911 2568 4047 2648 ἔφη,
4078 2569 4185 2647 τὴν
4208 2567 4352 2631 θέαν
4370 2570 4540 2647 ἀξίαν

2855 2676 3006 2739 εἶναι
3027 2679 3192 2749 ἰδεῖν,
3225 2677 3300 2742 ὧς
3330 2675 3573 2738 ἕκασται
3604 2674 3666 2736 αἰ
3693 2674 3888 2755 ψυχαὶ
3916 2673 4161 2753 ῆροῧντο
4191 2671 4325 2738 τοὺς
4351 2672 4534 2751 βίους·

2854 2779 3123 2858 ἐλεεινήν
3151 2804 3216 2841 τε
3245 2780 3360 2860 γὰρ
3392 2779 3537 2839 ἰδεῖν
3568 2774 3719 2838 εἶναι
3762 2776 3859 2838 καὶ
3898 2777 4148 2855 γελοίαν
4179 2775 4273 2838 καὶ
4316 2779 4537 2853 θαυμα-

2853 2883 3014 2944 σίαν.
3064 2883 3213 2943 κατὰ
3248 2878 3566 2958 συνήθειαν
3613 2880 3729 2959 γὰρ
3781 2881 3885 2940 τοῦ
3940 2875 4228 2957 προτέρου
4277 2877 4417 2955 βίον
4466 2879 4538 2939 τὰ

2850 2986 3054 3047 πολλὰ
3093 2985 3409 3064 αἱρεῖσθαι.
3501 2980 3647 3058 Quo
3674 2977 3811 3042 loco
3838 2977 4022 3043 etiam
4059 2977 4390 3042 Plotiniani
4422 2978 4537 3044 loci

2854 3085 3034 3148 lectio
3091 3090 3219 3150 ταῖς
3271 3089 3498 3166 ψυχαῖς
3557 3081 3975 3145 confirmatur.
4054 3082 4249 3144 Mox:
4328 3083 4396 3145 ἐν
4454 3083 4538 3148 οἷς

2856 3188 2952 3252 καὶ
2996 3190 3239 3268 δεύτερα
3282 3188 3378 3250 καὶ
3406 3187 3573 3266 τρίτα
3620 3183 3865 3266 ἐλέγετο
3909 3182 4177 3270 pertinet
4216 3181 4297 3246 ad
4331 3181 4532 3247 locum

2857 3289 3085 3354 Timaei
3136 3287 3437 3353 Platonici
3493 3312 3556 3375 p.
3586 3308 3664 3369 41
3696 3312 3715 3362 ;
3763 3287 3843 3352 de
3881 3310 4010 3373 quo
4051 3285 4323 3351 vidimus
4363 3285 4443 3351 ad
4474 3310 4534 3374 p.

2852 3396 3002 3479 376.
3037 3394 3119 3457 D.

2938 3533 3025 3543 —
3061 3495 3157 3559 18.
3225 3500 3369 3560 Τοῖς
3409 3495 3521 3573 μὲν
3564 3491 3834 3575 γᾶρ-τδ
3873 3491 4026 3555 εἶναι
4054 3489 4175 3555 κατ’
4237 3490 4390 3559 efflas
4446 3492 4538 3555 ἀεὶ

2851 3597 3105 3681 ὑπάρχει
3153 3596 3394 3676 μιμήσει
3452 3602 3570 3659 τῶν
3628 3597 3817 3659 ὄντων
3877 3622 3930 3658 κ.
3971 3620 4022 3656 τ.
4064 3595 4153 3678 λ.]
4232 3595 4393 3659 Haec
4438 3617 4539 3658 00·

2855 3700 3026 3787 piosa
3068 3698 3487 3786 disputatione
3525 3696 3921 3785 persequitur
3949 3694 4228 3760 Diotima
4253 3718 4358 3784 ap.
4389 3696 4534 3761 Pla·

2855 3820 2980 3868 ton.
3036 3803 3098 3866 in
3147 3800 3414 3867 Conviv.
3455 3824 3516 3887 p.
3553 3818 3694 3882 207.
3740 3822 3836 3885 sq.
3867 3822 3933 3885 p.
3973 3798 4119 3885 436.
4160 3821 4298 3885 sqq.
4333 3797 4532 3863 Bekk.

2856 3906 3047 3970 Unde
3098 3906 3230 3969 haec
3288 3901 3721 3969 tantummodo
3770 3901 4010 3965 delibo:
4059 3902 4244 3987 τούτῳ
4300 3906 4417 3984 γὰρ
4459 3907 4537 3989 τῷ

2855 4011 3051 4095 τρόπῳ
3079 4012 3200 4072 πᾶν
3228 4007 3295 4069 τὸ
3334 4005 3548 4085 θνητὸν
3578 4006 3843 4079 σώζεται,
3875 4005 3944 4067 οὐ
3972 4007 4051 4089 τῷ
4088 4003 4432 4068 παντάπασι
4469 4004 4536 4067 τὸ

2859 4113 3000 4177 αὐτὸ
3030 4113 3123 4177 ἀεὶ
3162 4111 3312 4175 εἶναι
3351 4112 3552 4190 ὥσπερ
3593 4108 3661 4171 τὸ
3703 4113 3885 4180 θεῖον,
3934 4109 4096 4171 ἀλλὰ
4131 4111 4211 4192 τῷ
4252 4107 4321 4170 τὸ
4365 4107 4539 4172 ἀπιὸν

2858 4217 2953 4280 καὶ
2999 4215 3439 4293 παλαιούμενον
3490 4212 3693 4292 ἕτερον
3739 4208 3879 4273 νέον
3925 4210 4375 4291 ἐγκαταλείπειν
4413 4212 4539 4274 οἷον

2857 4318 2997 4381 αὐτὸ
3025 4318 3118 4395 ἣν·
3163 4317 3341 4395 ταύτῃ
3360 4320 3428 4395 τῇ
3450 4317 3708 4396 μηχανῇ,
3732 4310 3778 4375 ὦ
3809 4313 4131 4393 Σώκρατες,
4156 4312 4293 4393 ἔφη,
4323 4313 4538 4393 θνητὸν

2856 4420 3186 4485 ἀθανασίας
3239 4416 3499 4500 μετέχει,
3548 4415 3644 4480 καὶ
3693 4420 3866 4493 σῶμα
3918 4415 4015 4477 καὶ
4070 4411 4272 4478 τᾶλλα
4320 4415 4534 4479 πάντα·

2855 4520 3153 4585 ἀθάνατον
3193 4524 3257 4585 δὲ
3293 4522 3470 4600 ἄλλῃ,
3519 4520 3625 4584 ubi
3674 4518 3953 4582 noudum
3990 4540 4091 4582 me
4120 4541 4275 4583 meoe
4302 4520 4541 4606 conjec-

2854 4638 3015 4687 turae
3042 4622 3303 4709 poenitet
3331 4648 3345 4686 :
3395 4625 3683 4687 ἀδύνατον
3713 4625 3778 4686 δὲ
3808 4624 3985 4702 ἄλλῃ,
4017 4645 4162 4707 quae
4191 4620 4326 4686 aliis
4354 4623 4535 4687 etiam

2856 4725 3177 4812 probatur.
3256 4725 3412 4789 Vide
3455 4724 3667 4812 paullo
3716 4741 3896 4789 ante:
3950 4726 4193 4789 δύναται
4242 4728 4307 4788 δὲ
4363 4727 4542 4806 ταύτῃ

2856 4832 3042 4908 μόνον
3086 4832 3155 4909 τῇ
3201 4828 3462 4910 γενέσει.
3553 4827 3873 4892 Platonica
3926 4828 4059 4891 haec
4103 4826 4350 4912 respicit
4401 4829 4541 4893 Cle-

2860 4956 3033 4997 mens
3077 4932 3425 4996 Alexandr.
3478 4934 3707 4996 Strom.
3754 4932 3832 4995 V.
3880 4955 3945 5019 p.
3973 4950 4124 5017 552.
4173 4933 4252 4995 Β.
4293 4955 4360 5019 p.
4392 4935 4536 5017 653.

2863 5036 3091 5100 Potter.
3181 5034 3461 5099 Eandem
3505 5033 3845 5098 doctrinam
3894 5032 4054 5097 binis
4092 5033 4239 5097 locis
4274 5033 4540 5121 explicat

2855 5137 3247 5217 Aristoteles,
3292 5137 3372 5201 de
3420 5139 3716 5202 Generat.
3760 5136 4056 5201 Animall.
4105 5137 4206 5201 11.
4258 5157 4314 5201 ι.
4357 5152 4419 5202 et
4461 5138 4542 5203 de

2863 5240 3087 5304 Anima
3118 5240 3220 5304 II.
3249 5263 3312 5321 4.
3379 5241 3480 5305 Cf.
3512 5241 3698 5305 etiam
3744 5239 3930 5305 Philo
3972 5242 4018 5303 J
4024 5239 4244 5305 udaeus
4271 5240 4351 5304 de
4382 5241 4547 5307 Che-

2860 5344 3064 5408 rubim
3096 5345 3288 5407 Tom.
3324 5345 3424 5408 II.
3454 5367 3520 5431 p.
3549 5365 3613 5425 4.
3647 5344 3745 5408 ed.
3777 5342 3986 5407 Pseiff.

2947 5470 3009 5533 p.
3042 5462 3190 5529 701,
3229 5464 3327 5531 15.
3368 5446 3443 5524 ἣν
3482 5448 3552 5526 δὴ
3592 5445 4123 5525 μετενσωμάτωσιν
4152 5448 4382 5532 κ.τ.λ.]
4435 5447 4542 5512 Cf.

2864 5570 3054 5636 supra
3080 5571 3146 5635 p.
3182 5566 3327 5632 203.
3362 5550 3447 5612 G.
3480 5548 3628 5635 ibiq.
3658 5560 3899 5612 annott.
