5118 6613
1380 502 1740 568 LIB.1V.
1785 502 2248 569 ENNEAD.
2295 503 2685 570 SEXTAE.
2728 526 2791 592 p.
2829 506 3270 593 1187—1205.

584 673 646 738 in
683 674 885 739 Ficini
940 673 1215 738 versione
1261 673 1372 738 sit:
1419 675 1529 739 sed
1563 674 2093 762 quemadmodum
2135 699 2274 765 per-

587 777 874 864 spicuum
903 800 1155 865 corpuS,
1182 776 1492 842 desiderat
1534 778 1923 865 praemissum
1968 778 2127 855 ἀλλ’,
2173 780 2273 844 id-

585 904 708 967 que
735 880 979 945 addend
991 903 1092 944 um
1126 904 1255 944 esse
1285 880 1616 945 existimat.

667 1023 757 1035 —
791 986 878 1048 16.
925 984 1338 1070 τεθολωμένῳ]
1392 984 1532 1048 Vid.
1579 1007 1771 1073 supra
1812 984 1890 1049 ad
1936 986 2077 1049 111.
2107 1006 2173 1071 3.
2205 1006 2268 1066 4.

589 1110 650 1172 p.
687 1104 827 1170 274.
862 1088 942 1150 B.

666 1212 731 1276 p.
758 1210 784 1252 1
802 1190 943 1274 198,
969 1208 1024 1254 2.
1062 1190 1191 1253 ἐπεὶ
1221 1191 1316 1253 καὶ
1345 1191 1462 1254 ἀπὸ
1492 1195 1597 1254 τοῦ
1625 1191 1833 1280 αὐτοῦ]
1866 1191 2000 1256 Fic.
2032 1214 2278 1279 expres-

585 1292 701 1356 sit:
760 1293 890 1357 ἐπεὶ
932 1294 1028 1356 καὶ
1073 1294 1170 1356 ἐπὶ
1209 1297 1313 1356 τοῦ
1353 1293 1531 1357 αὐτοῦ
1572 1293 1797 1374 μήλουε
1845 1295 2027 1382 cujus
2071 1310 2275 1360 tamen

582 1395 859 1460 lectionis
895 1395 958 1459 in
1002 1395 1228 1460 nostris
1259 1394 1460 1459 Codd.
1494 1419 1606 1460 1100
1635 1395 1777 1460 vola
1806 1419 1918 1460 nec
1947 1395 2272 1484 vestigium

581 1513 862 1585 apparet.
922 1499 1082 1561 Eam
1116 1519 1325 1561 vocem
1353 1496 1595 1585 Taylor
1624 1497 1974 1562 addendam
2005 1512 2228 1563 censet.

668 1624 734 1688 p.
767 1619 948 1679 1200,
983 1620 1085 1664 11.
1133 1602 1266 1664 οὐδὲ
1307 1604 1421 1683 γὰρ
1465 1603 1614 1665 οὕτω
1654 1604 2088 1684 προητοίμαστο
2118 1604 2272 1667 ὥστε

579 1703 756 1786 μέρος
798 1704 974 1782 αὐτῆς
1018 1704 1120 1767 ὡδὶ
1168 1706 1439 1783 κείμενον
1471 1706 1555 1771 εἷς
1584 1708 1754 1768 τοῦτο
1797 1707 1996 1768 ἐλθεῖν
2026 1731 2079 1767 κ.
2103 1729 2152 1766 τ.
2172 1705 2268 1793 λ.]

585 1814 627 1844 “
650 1804 908 1869 Ficinus
936 1806 1046 1869 has
1075 1804 1136 1869 in
1169 1806 1293 1869 this
1322 1829 1579 1893 passage
1618 1805 1935 1893 evidently
1969 1806 2268 1870 mistaken

584 1908 689 1974 the
733 1909 1024 1995 meaning
1065 1907 1139 1973 of
1180 1907 1516 1976 plotinus..
1579 1911 1708 1973 For
1746 1909 1843 1972 his
1892 1909 2132 1973 version
2176 1910 2264 1974 is:

584 2013 734 2077 Non
763 2014 929 2076 em'm
955 2014 1047 2076 sic
1065 2021 1446 2099 praeparata
1474 2034 1576 2076 res
1605 2021 1716 2090 est,
1749 2022 1822 2076 ut
1847 2034 2012 2098 pars
2040 2015 2272 2078 anima:

580 2115 681 2179 hic
699 2118 913 2202 posita
941 2116 1028 2178 tul
1052 2114 1164 2178 hoc
1189 2115 1517 2179 accederet.
1567 2116 1697 2178 For
1728 2114 2016 2180 Plotinus
2045 2114 2097 2179 is
2125 2114 2270 2180 here

580 2216 880 2303 speaking
907 2217 980 2281 of
1015 2216 1173 2294 30111,
1202 2216 1325 2281 and
1372 2230 1481 2281 not
1524 2217 1598 2281 of
1633 2216 1740 2281 the
1782 2216 1962 2305 thing
1991 2217 2186 2282 which
2215 2218 2269 2282 is

582 2320 884 2408 prepared
917 2336 981 2383 to
1008 2319 1244 2384 receive
1272 2320 1384 2385 it.”
1437 2321 1700 2407 Taylor.

668 2445 731 2509 p.
764 2441 947 2498 1201,
977 2441 1042 2507 3.
1089 2422 1158 2485 οὗ
1198 2421 1428 2503 μέρους,
1461 2425 1657 2506 ὅλου·]
1712 2424 1873 2485 Cum
1920 2421 1984 2485 in
2016 2423 2144 2486 Ed.
2190 2422 2269 2488 sit

584 2548 903 2613 perperam
935 2524 1131 2606 μέρος,
1165 2524 1406 2612 Taylor
1435 2525 1563 2587 sine
1595 2523 1764 2588 libris
1792 2548 1869 2588 ex
1906 2525 2107 2589 Ficini
2138 2549 2269 2590 ver-

585 2628 753 2692 sione
797 2628 1057 2714 conjecit
1103 2627 1173 2691 οὖ
1219 2626 1412 2708 μέρος,
1454 2626 1592 2691 ἀλλ’
1625 2629 1792 2692 ὅλου.
1883 2626 2008 2691 Sed
2056 2628 2274 2709 voluit,

585 2731 790 2808 cred0‚
824 2730 1088 2794 scribere
1114 2728 1347 2812 μέρους.

672 2872 756 2883 -
781 2854 842 2918 9.
888 2831 924 2913 ᾗ
966 2830 1368 2915 προσέχοντες
1412 2834 1773 2911 ἀπιστοῦμεν
1816 2860 1866 2896 κ.
1901 2858 1952 2896 τ.
1983 2834 2075 2921 λ.]
2126 2832 2269 2897 Vid.

589 2935 957 3001 Cudworth.
991 2937 1157 3022 Syst.
1193 2933 1500 2999 Intellect.
1530 2957 1595 3021 p.
1626 2953 1807 2999 1020.

678 3062 743 3126 p.
785 3058 970 3115 1202,
1007 3058 1070 3119 4.
1118 3042 1428 3121 πανταχοῦ
1477 3038 1688 3119 ἀμερὲς
1737 3036 1827 3112 ὂν,
1877 3043 2172 3120 παρεῖναι·
2218 3066 2272 3103 κ.

586 3167 638 3205 τ.
664 3144 752 3228 λ.]
805 3140 992 3206 Conf.
1028 3139 1392 3204 Cudworth.
1428 3141 1596 3226 Syst.
1630 3139 1934 3204 Intellect.
1967 3163 2030 3228 p.
2064 3142 2243 3205 1018.

672 3269 733 3334 p.
765 3263 950 3330 1203,
980 3262 1041 3331 5.
1089 3241 1226 3308 ἀλλ’
1260 3245 1440 3310 οὕτως
1469 3242 1633 3327 εἶχεν
1662 3243 1810 3332 ἀεί’]
1862 3242 1990 3308 Fic.
2029 3267 2278 3333 expres-

585 3350 665 3414 sit
708 3349 893 3434 εἶχον,
925 3346 1096 3434 quod
1143 3369 1355 3410 verum
1401 3345 1668 3425 videtur,
1714 3369 1915 3433 neque
1961 3363 2167 3412 tamen
2213 3348 2275 3412 in

591 3451 718 3517 ullo
745 3451 904 3515 libro
932 3464 1263 3537 comparet.

670 3592 759 3604 —-
780 3575 841 3638 9.
869 3551 1081 3633 “Ημεῖς
1108 3554 1191 3626 δὲ,
1224 3553 1378 3620 τίνες
1407 3553 1470 3617 δὲ
1498 3552 1661 3631 ἡμεῖς
1670 3550 1719 3635 5]
1750 3553 1911 3616 Haec
1939 3551 2275 3617 admonent

594 3656 846 3722 Pindari
895 3655 1079 3742 Pyth.
1113 3655 1316 3719 VIII.
1356 3674 1496 3740 135.
1546 3678 1677 3740 sq.:
1723 3653 2069 3737 Ἐπάμεροι.
2112 3657 2173 3719 τί
2211 3653 2275 3719 δέ

594 3786 712 3835 τις;
759 3763 820 3825 τί
846 3758 893 3823 δ’
926 3760 995 3822 οὔ
1023 3784 1145 3830 τις;
1195 3762 1369 3824 Σκιᾶς
1398 3760 1563 3837 ὄναρ,
1596 3758 1913 3839 ἄνθρωποι.

681 3901 758 3913 —-
790 3883 813 3926 1
835 3882 884 3925 1.
919 3862 1018 3925 καί
1042 3886 1199 3926 τινες
1225 3860 1320 3923 καὶ
1351 3860 1501 3943 θεοὶ]
1540 3858 1797 3924 Ficinus
1827 3882 1950 3924 non
1979 3859 2278 3947 expressit

597 3965 814 4030 verba:
866 3965 960 4028 καὶ
989 3964 1134 4027 θεοί.
1184 3963 1407 4048 Neque
1436 3962 1618 4026 etiam
1650 3961 1712 4025 in
1743 3961 1839 4026 ed.
1873 3985 1966 4048 pr.
2001 3978 2171 4049 post:
2219 3972 2279 4027 et

592 4069 705 4132 alii
733 4068 991 4156 quidam
1018 4064 1205 4128 verba
1235 4079 1632 4151 comparent:
1669 4066 1859 4129 etiam
1887 4066 1981 4127 dii
2014 4066 2274 4151 (erant),

593 4195 735 4259 quae
764 4169 934 4236 haud
956 4168 1147 4233 dubie
1177 4167 1469 4254 religione
1497 4167 1846 4255 prohibitus
1874 4167 2078 4232 omisit
2102 4170 2278 4232 Mar-

594 4274 785 4340 3111113.
874 4275 998 4337 Ε31
1024 4286 1231 4336 autem
1266 4270 1400 4335 haec
1429 4270 1729 4335 sententia
1764 4270 2097 4357 conjuncta
2133 4293 2278 4334 cum

595 4377 834 4465 placitis
864 4373 1432 4441 Alexandrinorum
1473 4372 1710 4459 aliquot
1751 4372 2277 4459 philosophorum,

597 4483 855 4568 ejusque
907 4477 1164 4565 vestigia
1211 4491 1459 4541 exstant
1503 4499 1645 4540 cum
1699 4475 1868 4554 alibi,
1922 4491 2055 4540 tum
2106 4476 2280 4563 apud

599 4584 913 4671 Porphyr.
942 4580 1022 4646 de
1051 4580 1181 4644 vita
1209 4578 1442 4645 Plotini
1471 4602 1608 4666 cap.
1638 4579 1737 4643 ΙΙ.
1770 4601 1834 4666 p.
1857 4598 1962 4662 94.
2008 4578 2131 4642 Ed.
2157 4581 2278 4644 Fa-

598 4688 750 4752 bric.
796 4702 859 4751 et
899 4708 1034 4774 cap.
1070 4685 1163 4748 X.
1209 4707 1273 4771 p.
1312 4703 1455 4762 111,
1502 4682 1611 4746 ubi
1660 4680 1783 4746 vid.
1833 4695 2042 4746 annot.
2089 4698 2276 4745 nostr.

601 4788 708 4854 Ad
738 4787 870 4852 11.1.
905 4789 1183 4875 Taylor:
1233 4784 1442 4849 “The
1476 4784 1711 4850 version
1757 4784 1832 4849 of
1868 4783 2127 4848 Ficinus
2167 4783 2281 4848 has

597 4888 989 4977 erroneously
1017 4888 1278 4975 nothing
1307 4909 1476 4952 more
1506 4886 1656 4952 than
1686 4887 1803 4950 alii
1831 4887 2105 4975 quidam.
2152 4888 2282 4951 For

598 4992 886 5058 Plotinus
913 4991 966 5055 is
999 4989 1146 5054 here
1184 4988 1486 5077 speaking
1513 4988 1585 5054 of
1608 4988 1843 5053 human
1883 4987 2072 5066 souls,
2105 4988 2279 5053 when

601 5094 960 5181 (according
991 5108 1055 5157 to
1080 5092 1257 5157 Plato
1285 5090 1347 5155 111
1378 5091 1484 5156 1110
1508 5091 1847 5177 Phaedrus)
1881 5090 2030 5177 they
2059 5090 2284 5156 ascend

595 5200 659 5264 111
707 5196 1104 5284 conjunction
1147 5195 1291 5259 with
1338 5194 1444 5258 the
1486 5194 1801 5259 mundane
1849 5193 2027 5259 Gods
2070 5208 2136 5259 to
2179 5193 2285 5258 the

599 5324 825 5388 survey
846 5301 920 5365 of
942 5299 1047 5364 the
1075 5296 1527 5386 supercelestial
1548 5297 1740 5384 place.
1789 5298 1919 5361 For
1943 5296 2096 5365 such
2119 5296 2286 5361 souls

597 5427 668 5469 as
708 5402 975 5489 ranking
1014 5422 1243 5487 among
1273 5398 1378 5464 the
1406 5397 1615 5463 divine
1642 5398 1838 5481 choir,
1868 5422 1973 5463 are
2002 5398 2282 5464 denomi-

600 5505 785 5571 nated
815 5505 880 5569 in
910 5504 1045 5569 that
1074 5503 1365 5591 dialogue
1399 5502 1635 5568 Gods.”

706 5630 885 5682 VOL.
925 5629 1049 5682 111.

3931 512 4054 596 361

2447 699 2510 763 p.
2546 691 2732 762 1205,
2761 693 2825 763 5.
2855 678 2984 742 οῖον
3013 678 3298 758 ἐκκλησία
3325 680 3774 762 δημογερόντων
3803 680 4050 763 καθημέ-

2362 804 2481 843 νων
2525 806 2575 843 κ.
2606 805 2660 843 τ.
2689 780 2788 867 λ.]
2839 778 3069 868 Scripsi
3116 781 3178 845 h.
3211 780 3253 847 l.
3305 784 3553 868 συννοίᾳ
3598 804 3716 869 pro
3760 785 4045 849 συννοίας

2360 881 2467 945 sed
2495 905 2625 969 quo
2652 881 3124 948 constructionis
3168 883 3326 948 ratio
3355 883 3473 949 sibi
3501 897 3832 966 constaret,
3860 885 4046 950 debe·

2361 984 2471 1049 bat
2516 986 2663 1051 item
2714 986 2897 1051 scribi
2945 989 3286 1068 ἐκκλησίαν.
3373 990 3604 1054 Verum
3650 1011 3795 1053 cum
3839 988 4050 1054 nullus

2361 1087 2518 1153 liber
2545 1088 2705 1155 hanc
2746 1089 3067 1154 lectionem
3098 1091 3335 1169 offerat,
3365 1105 3425 1155 et
3463 1091 3764 1178 ejusmodi
3794 1094 4045 1158 Anaco-

2361 1189 2540 1255 lutha
2567 1192 2631 1255 in
2661 1191 2757 1256 his
2785 1191 3196 1257 Enneadibus
3222 1192 3716 1281 frequentissima
3743 1195 3886 1274 sint,
3917 1219 4045 1261 ma-

2363 1315 2513 1357 num
2542 1294 2833 1359 abstinui.
2895 1295 3083 1374 Quod
3100 1296 3443 1362 ⁷Vaticanus
3471 1296 3627 1362 liber
3655 1298 3843 1363 habet
3872 1304 4046 1380 δημη-

2362 1397 2711 1478 γορεόντων,
2735 1395 2926 1461 habet
2956 1396 3109 1461 illud
3141 1398 3396 1483 quidem
3422 1397 3809 1465 Platonicam
3837 1415 4048 1466 aucto-

2360 1496 2626 1575 ritatem,
2658 1498 2762 1562 sed
2795 1510 2999 1563 tamen
3044 1500 3124 1564 ab
3159 1499 3279 1566 hoc
3318 1500 3452 1566 loco
3486 1500 3759 1566 alienum
3792 1521 3905 1582 est,
3935 1504 4046 1592 qui

2358 1601 2640 1665 sedatum
2662 1602 2969 1665 Senatum
2999 1602 3196 1690 plebis
3224 1604 3613 1669 conturbatae
3640 1594 3916 1670 concioni
3938 1630 4048 1694 op-

2356 1702 2550 1789 ponit.
2618 1703 2781 1766 Fons
2808 1704 3282 1791 comparationis
3311 1719 3403 1770 est
3431 1705 3496 1769 in
3528 1705 3712 1772 Iliad.
3747 1733 3806 1789 γ.
3842 1729 3996 1792 149:

2475 1821 2616 1879 εἷα-το
2643 1824 3013 1897 δημογέροντες
3039 1826 3124 1880 ἐπὶ
3151 1831 3361 1896 Σκαιῇσι
3386 1824 3671 1897 πύλῃσι-

2355 1956 2419 2006 01
2445 1966 2593 2029 quae
2622 1942 2846 2007 deinde
2876 1943 3059 2008 iidem
3094 1967 3266 2009 senes
3293 1944 3373 2009 de
3405 1945 3651 2011 Helena
3677 1947 4047 2014 dimittenda

2355 2059 2765 2132 pronuntiant
2788 2069 2802 2109 t

2475 2170 2616 2223 ἀλλὰ
2642 2171 2724 2224 καὶ
2750 2166 2836 2234 ὣς,
2864 2171 3075 2243 τοίηπερ
3103 2171 3244 2226 ἐοῦσ’
3274 2173 3328 2226 ἐν
3356 2175 3508 2243 νηυσὶ
3534 2175 3726 2229 νεέσθω
3755 2197 3802 2231 κ.
3821 2197 3869 2230 τ.
3888 2179 3939 2230 λ.

2359 2288 2437 2351 In
2489 2312 2616 2375 qua
2667 2287 3065 2352 similitudine
3119 2288 3474 2354 adhibenda
3532 2290 3782 2356 Plotino
3840 2292 4042 2379 praeiit

2357 2390 2716 2456 Aristoteles
2746 2391 2993 2456 Ethicc.
3026 2391 3385 2457 Nicomach.
3422 2394 3522 2458 ΙΙ.
3551 2413 3609 2478 9.
3636 2396 3676 2457 6
3698 2420 3712 2457 :
3762 2397 3908 2478 ὅπερ
3939 2397 4045 2461 οὖν

2355 2495 2413 2557 οἱ
2442 2491 2868 2575 δημογέροντες
2898 2493 3120 2557 ἔπαθον
3147 2493 3294 2575 πρὸς
3323 2495 3429 2573 τὴν
3455 2493 3736 2576 Ἑλήνην,
3760 2502 3928 2561 τοῦτο
3959 2500 4053 2563 δεῖ

2356 2601 2569 2660 παθεῖν
2609 2596 2703 2660 καὶ
2742 2597 2891 2676 ἡμᾶς
2933 2596 3079 2679 πρὸς
3121 2597 3228 2675 τὴν
3262 2596 3495 2677 ἡδονήν·
3548 2599 3641 2661 καὶ
3673 2601 3738 2662 ἐν
3766 2604 3914 2663 πᾶσι
3941 2601 4049 2679 τὴν

2359 2699 2600 2763 ἐκείνων
2630 2696 2933 2781 ἐπιλέγειν
2964 2698 3186 2781 φωνήν·
3232 2700 3380 2763 οὕτω
3420 2702 3534 2781 γὰρ
3574 2702 3753 2780 αὐτὴν
3782 2703 4043 2782 ἀποπεμ·

2358 2803 2606 2881 πόμενοι
2630 2802 2805 2881 ἧττον
2827 2804 3299 2884 ἁμαρτησόμεθα.
3348 2801 3643 2866 Eundem
3668 2803 3934 2867 Homeri
3960 2802 4049 2869 lo-

2359 2926 2501 2968 cum
2534 2902 2780 2967 diverso
2809 2904 2995 2968 modo
3023 2903 3312 2992 deinceps
3342 2903 3813 2991 frequentarunt
3847 2906 4051 2997 Scrip-

2362 3019 2545 3070 tores.
2610 3005 2754 3070 Vid.
2794 3008 2966 3070 Sext.
2998 3006 3242 3093 Empir.
3274 3005 3415 3071 adv.
3450 3007 3735 3072 Gramm.
3764 3010 3861 3073 11.
3891 3031 3952 3096 3.
3983 3033 4049 3099 p.

2365 3109 2507 3172 288.
2578 3107 2826 3172 Fabric.
2866 3107 3189 3173 Chariton.
3225 3110 3302 3173 V.
3334 3131 3399 3194 5.
3442 3132 3508 3197 p.
3549 3113 3690 3174 116.
3735 3112 3835 3176 ed.
3869 3112 4048 3201 Lips.

2363 3211 2723 3275 Aristaenet.
2762 3211 2820 3274 1.
2853 3232 2908 3274 1.
2941 3234 3002 3298 p.
3030 3231 3088 3294 9.
3124 3210 3405 3275 Boisson.
3443 3235 3631 3298 quem
3676 3212 3878 3278 locum
3915 3217 4048 3302 jam

2365 3330 2737 3379 tractaverat
2768 3315 2961 3400 Casp.
2994 3315 3215 3379 Barth.
3244 3314 3305 3377 in
3337 3313 3710 3380 Adversarr.
3746 3318 3961 3383 XLV.
3987 3323 4048 3383 6.

2359 3418 2467 3484 fin.
2497 3417 2579 3482 de
2609 3441 2757 3481 voce
2789 3418 3212 3499 δημογέροντες
3242 3416 3420 3480 31111111
3455 3440 3725 3483 monens.

2443 3557 2532 3569 —-
2553 3522 2615 3583 6.
2662 3523 2838 3600 δῆμος
2880 3520 3127 3588 ἄτακτος
3163 3524 3384 3601 τροφῆς
3422 3521 3722 3604 δεόμενος]
3778 3522 3940 3585 Haec
3986 3540 4047 3589 et

2358 3621 2492 3709 ipsa
2538 3619 2804 3684 Homeri
2845 3619 3183 3683 admonent
3227 3619 3454 3707 Odyss.
3485 3648 3547 3700 μ.
3580 3640 3730 3705 341,
3762 3622 3871 3685 ubi
3907 3625 4044 3689 Eu-

2360 3722 2651 3811 rylochus
2678 3722 2738 3785 in
2773 3721 3173 3785 esurientium
3206 3720 3508 3785 sodalium
3537 3723 3828 3788 concione
3856 3724 3976 3790 ita:

2549 3849 2691 3920 Λιμῷ
2717 3843 2763 3900 δ’
2791 3842 3053 3899 οἴκτιστον
3080 3844 3274 3899 θανέειν
3299 3845 3381 3899 καὶ
3406 3846 3606 3915 πότμον
3629 3846 3886 3904 ἐπισπεῖν.

2359 3965 2565 4033 Quem
2602 3962 2802 4027 locum
2833 3983 2977 4025 cum
3006 3959 3140 4024 aliis
3167 3960 3232 4024 in
3261 3961 3611 4049 Republica
3654 3965 4049 4052 reprehendit

2367 4067 2548 4131 Plato
2579 4066 2721 4129 111.
2756 4088 2821 4150 p.
2845 4082 2990 4143 240.
3022 4086 3084 4151 p.
3116 4080 3250 4144 114
3286 4063 3483 4129 Bekk.
3576 4068 3666 4131 Et
3695 4067 3760 4131 in
3789 4092 4046 4154 prover·

2362 4169 2533 4234 bium
2565 4167 3029 4256 quodammodo
3058 4168 3272 4233 cessit:
3331 4171 3544 4234 Venter
3571 4192 3760 4236 aures
3786 4194 3913 4236 non
3942 4174 4052 4238 Ιια-

2363 4273 2497 4346 bet3
2530 4285 2596 4335 et
2623 4273 2682 4335 οἱ
2711 4273 2777 4334 ἐν
2805 4272 3015 4354 ἀρχαῖς
3044 4272 3140 4335 καὶ
3167 4272 3411 4355 πλήρεις
3437 4271 3721 4354 τραπέζης
3748 4275 3842 4338 καὶ
3869 4278 4052 4341 πλού-

2358 4401 2482 4446 του,
2512 4373 2625 4461 qui
2668 4372 2965 4438 dicuntur
3011 4373 3281 4437 Libanio
3322 4374 3386 4437 in
3420 4375 3712 4439 Thersite
3758 4375 3897 4441 Vol.
3932 4378 4049 4443 IV.

2359 4501 2428 4566 p.
2456 4498 2603 4563 945.
2637 4476 2842 4541 Reisk.
2888 4477 2952 4539 in
2992 4474 3242 4563 publica
3285 4477 3640 4542 necessitate
3683 4479 4046 4545 exsecratio-

2364 4580 2549 4645 nibus
2579 4578 2793 4667 populi
2816 4594 3242 4666 exponuntur,
3269 4578 3329 4642 ni
3352 4578 3674 4643 consilium
3704 4597 4052 4668 sequuntur

2365 4683 2578 4748 Basilii
2608 4681 2833 4769 Magni
2860 4681 2923 4744 in
2959 4680 3237 4745 Homilia
3264 4680 3345 4746 de
3378 4682 3659 4747 Avaritia
3687 4707 3750 4771 p.
3780 4686 3929 4771 386.
3964 4686 4048 4748 D.

2368 4786 2593 4851 PariS.:
2624 4786 2703 4866 μὴ
2731 4787 3054 4866 βαρύτιμος
3082 4786 3190 4848 ἔσο
3219 4790 3347 4851 ταῖς
3373 4786 3601 4867 χρείαις
3631 4785 4047 4867 ἐπιτιθέμενος·

2364 4890 2444 4970 μὴ
2472 4888 2729 4969 ἀνάμενε
2756 4886 3073 4960 σιτοδείαν,
3100 4886 3199 4950 ἵνα
3231 4887 3465 4967 ἀνοίξῃς
3493 4892 3850 4971 σιτοδοχεῖα·
3881 4892 3914 4952 ὁ
3936 4894 4050 4972 γὰρ

2367 4997 2718 5073 τιμιουλκῶν
2747 4996 2917 5055 σῖτον
2944 4989 3415 5071 δημοκατάρατος
3459 5017 3510 5053 κ.
3531 5015 3581 5053 τ.
3601 4994 4050 5057 λ.-60101·11111

2369 5096 2504 5160 haec
2532 5108 2666 5160 tota
2691 5092 3068 5180 comparatio
3096 5092 3521 5157 multitudinis
3554 5116 3604 5155 3.
3637 5093 3823 5181 vulgi
3850 5109 3914 5159 01
3939 5119 4051 5160 ra-

2370 5200 2561 5264 tionis
2608 5221 2648 5261 a
2699 5195 3036 5261 Platonicis
3091 5193 3475 5283 philosophis
3531 5195 3926 5282 repetebatur
3976 5221 4053 5262 ex

2372 5301 2773 5391 Pythagoreo
2801 5297 3116 5387 symbolo:
3164 5300 3268 5364 τὰς
3295 5297 3636 5379 λεωφόρους
3664 5296 3832 5365 ὁδοὺς
3860 5300 4054 5365 ἐκκλί-

2371 5428 2491 5468 νων
2533 5405 2630 5467 διὰ
2671 5407 2788 5466 τῶν
2832 5403 3107 5483 ἀτραπῶν
3147 5398 3372 5480 βάδιζε.
3465 5398 3609 5462 Vid.
3643 5398 3868 5465 Iambl.
3902 5401 4054 5467 Pro.

2370 5518 2556 5593 trept.
2593 5504 2811 5594 Symb.
2837 5504 2910 5567 V.
2941 5527 3003 5591 p.
3023 5521 3173 5590 330,
3203 5501 3316 5590 qui
3342 5501 3431 5568 ita
3455 5499 3668 5590 incipit
3708 5501 4047 5591 explicare:

2500 5618 2544 5682 3
2580 5632 2638 5681 A
