5118 6613
1315 546 1420 611 LI
1437 547 1515 612 Β.
1566 547 1769 613 v111.
1818 547 2283 615 ENNEAD.

2334 548 2798 616 TERTIAE.
2840 572 2909 638 p.
2939 551 3301 639 630—631.
3936 571 4055 642 195

578 729 698 794 dus
744 721 1164 791 est.—Etiam
1208 719 1451 785 subtilis
1492 719 1835 808 disputatio
1877 720 1957 785 de
1996 720 2277 808 qualibet
2360 721 2595 788 diderit
2639 722 2933 805 (Proclus
2974 723 3042 788 in
3089 723 3371 790 Platonis
3416 726 3642 792 Theol.
3693 729 3748 792 Ι.
3786 747 3841 793 1.
3888 751 3952 817 p.
3998 750 4053 793 1.

578 855 665 909 re,
716 829 1001 914 adeoque
1044 822 1296 910 scriptio
1343 822 1423 887 de
1466 822 1705 900 eadem,
1755 825 1971 905 θεωρία
2019 822 2271 890 dicitur.

578 936 797 1002 Cicero
829 931 913 998 ad
943 934 1082 997 Att.
1119 929 1295 994 XII.
1330 931 1391 994 6.
1436 927 1515 992 cf.
1554 929 1718 992 LA.
1772 927 2027 993 Ernesti
2063 928 2265 994 Indic.

578 1036 833 1106 Graecit.
867 1034 1071 1101 Cicer.
1100 1031 1165 1097 in
1196 1054 1333 1096 voc.
1400 1031 1524 1094 Est
1550 1028 1737 1095 etiam
1763 1028 2144 1109 institutum,
2175 1054 2272 1096 ar-

573 1154 969 1229 gumentum,
1017 1158 1080 1200 v.
1118 1158 1174 1200 c.
1228 1132 1600 1220 scriptionis,
1650 1132 1793 1197 libri
1839 1147 1960 1198 cet.
2009 1132 2271 1199 docente

573 1245 783 1331 Toup.
816 1241 898 1307 ad
945 1239 1215 1326 Iaongin.
1243 1237 1325 1303 de
1373 1236 1641 1302 Sublim.
1676 1237 2038 1302 XXXIX.
2074 1258 2131 1302 1.
2179 1253 2272 1303 at-

575 1370 701 1434 que
730 1360 804 1410 ut
845 1343 1280 1430 contemplatio
1308 1355 1372 1405 et
1411 1342 1575 1406 visio
1614 1364 1655 1405 a
1700 1340 1937 1405 Latinis
1979 1364 2269 1406 nonnun-

575 1471 765 1537 quam
793 1469 910 1535 pro
952 1447 1152 1534 specie
1192 1459 1256 1510 et
1304 1443 1710 1510 similitudine
1754 1459 2140 1532 usurpatur3
2184 1445 2273 1511 ita

575 1551 816 1617 Graecis
878 1549 1064 1615 etiam
1137 1549 1371 1631 θεωρία,
1430 1561 1494 1613 et
1560 1548 1743 1630 θωρία
1802 1547 2270 1613 recentioribuS.

579 1653 764 1719 Unde
791 1651 878 1716 nil
904 1651 1133 1716 mirum
1158 1672 1610 1736 nonnunquam
1640 1648 1825 1714 etiam
1854 1652 2114 1715 colorem
2144 1650 2268 1739 sig·

578 1756 842 1822 nificare.
889 1754 1034 1821 vid.
1066 1754 1375 1820 salmasii
1415 1752 1792 1818 Exercitatt.
1827 1751 1994 1817 Plin.
2024 1777 2090 1841 p.
2129 1757 2267 1840 169.

575 1880 720 1947 322.
765 1875 918 1945 541.
963 1871 1026 1923 et
1069 1856 1446 1922 Boissonad.
1493 1855 1573 1920 ad
1615 1855 1966 1920 Herodiani
2011 1856 2268 1944 Epime-

573 1963 804 2028 rismm.
833 1985 902 2049 p.
935 1979 1042 2046 45.
1131 1958 1256 2038 Qui
1287 1982 1436 2024 vero
1473 1957 1832 2047 philosophi
1861 1959 2155 2048 deinceps
2183 1961 2266 2026 ad

580 2066 898 2132 Platonem
933 2087 998 2128 se
1025 2061 1501 2151 applicuerunt:
1549 2061 1591 2125 ii
1623 2064 1868 2144 θεωρίας
1896 2077 1959 2128 et
2001 2078 2267 2151 cognata

573 2168 876 2235 vocabula
921 2167 1293 2257 plerumque
1342 2165 1423 2231 ad
1465 2188 1646 2230 usum
1694 2165 1977 2231 Platonis
2020 2190 2267 2232 revoca-

575 2285 744 2350 runt,
788 2286 853 2336 et
893 2270 974 2335 de
1016 2293 1226 2334 rerum
1272 2268 1646 2348 divinarum,
1688 2282 2085 2348 aeternarum,
2128 2271 2264 2335 uni-

574 2398 871 2463 verseque
923 2372 1284 2438 sublimium
1342 2371 1863 2460 contemplatione
1934 2390 2259 2461 usurpant.

575 2482 861 2567 Longum
893 2492 1007 2556 est,
1031 2500 1147 2541 nec
1173 2499 1419 2540 necesse
1446 2476 1581 2541 haec
1611 2475 1922 2563 sigillatim
1955 2477 2266 2564 persequi.

576 2584 962 2669 Loquuntur
998 2579 1139 2644 libri
1181 2577 1463 2642 Philonis
1504 2579 1552 2642 J
1555 2577 1744 2658 udaei,
1775 2578 2085 2666 OrigeniS,
2119 2578 2264 2645 Cle-

573 2685 795 2750 mentis
867 2681 1305 2761 Alexandrini,
1382 2682 1714 2769 Apponam
1789 2703 1986 2746 unum
2058 2681 2263 2747 locum

571 2786 882 2854 Theodori
914 2786 1230 2851 Abucaroe
1257 2784 1338 2850 de
1367 2784 1614 2848 Unione
1644 2799 1707 2849 et
1739 2784 2174 2849 Incarnatione
2194 2808 2261 2873 p.

576 2910 678 2976 71.
730 2913 858 2979 quo
904 2887 1212 2954 maculam
1274 2887 1420 2952 inde
1466 2887 1852 2974 abstergam:
1902 2890 1935 2951 ὁ
1984 2887 2265 2970 ἡμέτερος

571 3001 704 3063 νσῢς
732 2994 907 3061 αὐτὸς
933 2992 1036 3067 ὢν,
1070 2994 1105 3056 ὁ
1135 2995 1231 3056 διὰ
1259 2997 1376 3054 τῶν
1407 2996 1754 3070 σωματικῶν
1785 2993 2116 3072 ὀφθαλμῶν
2145 2997 2264 3055 τῶν

570 3101 842 3181 ὁρώντων
872 3094 1024 3182 (leg.
1054 3101 1172 3158 τῶν
1212 3095 1464 3175 ὁρατῶν)
1516 3093 2125 3173 ἀντιλαμβανόμενος,
2167 3095 2264 3158 καὶ

569 3204 764 3283 ἄλλην
792 3202 1006 3283 ὅρασιν
1034 3198 1369 3273 ἰδιάζουσαν
1400 3197 1548 3280 ἔχει,
1585 3199 1746 3278 παρὰ
1784 3196 1892 3274 τὴν
1929 3195 2000 3261 δι’
2032 3199 2263 3279 ὀφθαλ-

566 3313 691 3387 μῶν
733 3306 1127 3386 διαρθροῧσαν
1174 3303 1563 3385 (διαθροῦσαν
1612 3315 1994 3364 correctum:
2064 3301 2254 3381 recte)

563 3409 637 3489 ἣν
680 3411 779 3474 καὶ
821 3406 1074 3489 θεωρίαν
1120 3408 1431 3485 καλοῦμεν.
1525 3402 1707 3468 Alios
1749 3400 1915 3467 locos
1956 3402 2261 3490 congessit

566 3512 859 3578 Suicerus
898 3508 1093 3574 Thes.
1143 3506 1385 3573 Eccles.
1427 3530 1478 3571 s.
1504 3529 1565 3568 V.
1615 3505 1867 3589 θεωρέω,
1911 3508 2144 3589 θεωρία,
2191 3506 2255 3570 in

562 3615 659 3680 his
686 3638 814 3693 eos,
845 3612 958 3678 ubi
980 3611 1296 3700 spiritalis
1324 3632 1545 3675 sensus
1573 3609 2006 3696 contemplatio
2033 3623 2095 3672 et
2124 3607 2257 3695 ipse

497 3746 501 3751 ·
560 3719 940 3808 ‹meg-oricus
966 3737 1189 3780 sensus
1220 3715 1451 3796 θεωρία.
1484 3712 1734 3777 dicitur.
1808 3710 2084 3775 Proinde
2107 3714 2252 3775 ὑπο-

561 3823 726 3890 νοίας
751 3832 815 3885 et
841 3818 1205 3901 ἀλληγορίας
1231 3816 1358 3880 vim
1387 3815 1595 3881 induit
1619 3814 2017 3880 vocabulum.
2080 3816 2254 3892 Qua-

557 3938 817 4014 propter
844 3942 1272 4009 saepenumero
1299 3921 1337 3999 ἡ
1374 3920 1501 3984 κατ’
1532 3919 1874 4003 ἀναγωγὴν,
1908 3916 2028 3982 κατ’
2061 3919 2250 3999 ἀλλη-

556 4029 769 4111 γορίαν
814 4025 941 4089 sive
988 4026 1137 4089 κατὰ
1175 4024 1426 4105 θεωρίαν
1467 4024 1746 4104 ἑρμηνεία
1786 4020 2127 4108 opponitur
2181 4026 2251 4102 τῇ

558 4130 680 4196 καθ’
742 4130 1012 4211 ἱστορίαν
1065 4128 1341 4211 ἑρμηνείᾳ
1387 4126 1481 4189 καὶ
1525 4130 1597 4205 τῇ
1648 4128 1796 4189 κατὰ
1844 4125 1913 4189 τὸ
1959 4126 2248 4205 κείμενον.

555 4235 760 4299 Docet
803 4229 1265 4297 Rittershusius
1306 4227 1389 4293 ad
1433 4227 1937 4315 Amphilochium
1986 4227 2049 4290 in
2098 4225 2253 4314 Epi-

554 4336 710 4403 stola
723 4333 983 4400 metrica
1008 4333 1092 4398 ad
1122 4330 1362 4397 Seleuc.
1391 4355 1448 4394 ν.
1478 4349 1624 4412 244.
1653 4353 1715 4417 p.
1739 4331 1886 4412 768.
1915 4329 2018 4394 ed.
2050 4328 2244 4393 Orell.

554 4437 848 4505 Matthaei
876 4436 941 4500 in
971 4449 1183 4500 annot.
1215 4436 1316 4519 69.
1347 4433 1427 4499 ad
1461 4436 1748 4512 Quatuor
1793 4432 2104 4497 Homilias
2131 4434 2178 4497 J
2180 4456 2247 4496 o-

551 4542 728 4608 annis
753 4537 1187 4627 Chrysostomi
1211 4538 1328 4601 IV.
1351 4560 1418 4624 p.
1446 4552 1585 4618 107.
1661 4535 1824 4600 Inde
1842 4558 1978 4600 eam
2004 4548 2244 4623 partem

549 4647 853 4712 librorum
881 4643 963 4708 de
993 4640 1387 4717 Hierarchia‚
1417 4663 1562 4727 quae
1591 4638 1654 4703 in
1694 4637 2023 4726 allegorica
2057 4637 2245 4702 inter-

551 4747 900 4838 pretatione
940 4746 1481 4809 Sacramentorum
1515 4756 1818 4820 versatur,
1863 4743 2114 4825 θεωρίαν
2140 4741 2239 4804 in·

552 4850 791 4941 scripsit
829 4847 1175 4936 Dionysius
1202 4846 1607 4935 Areopagita.
1698 4848 1804 4909 Ex
1834 4844 2029 4909 altera
2064 4858 2241 4932 parte

549 4957 588 5020 ii
618 4950 972 5045 philosophi
1000 4950 1113 5038 qui
1157 4950 1482 5015 Platonem
1529 4948 1720 5013 secuti
1765 4947 2040 5012 ethnicas
2075 4970 2235 5033 quo-

551 5082 672 5147 que
714 5055 1043 5144 religiones
1076 5054 1490 5132 retinuerunt,
1522 5075 1734 5116 vocem
1767 5053 1983 5133 θεωρία
2010 5050 2236 5140 partim

549 5162 832 5227 universe
877 5157 1190 5245 accipiunt
1233 5156 1312 5220 de
1346 5154 1887 5244 contemplatione,
1931 5153 2011 5217 de
2051 5153 2242 5218 scien-

546 5266 630 5331 tia
657 5263 833 5349 (Vid.
864 5285 928 5325 v.
953 5285 1008 5326 c.
1044 5259 1275 5326 Plotin.
1313 5260 1414 5324 II.
1445 5282 1507 5345 9.
1543 5275 1638 5343 17.
1670 5282 1734 5346 p.
1771 5260 1916 5325 216.
1952 5259 2064 5339 C.)
2094 5280 2236 5344 par-

2359 823 2468 890 inf.
2511 826 2595 890 cf.
2646 825 2912 914 Longin.
2944 848 3049 914 ap.
3082 827 3398 916 Porphyr.
3438 828 3520 894 de
3549 829 3696 895 Vita
3732 829 3964 896 Plotini
3993 855 4055 921 p.

2365 932 2499 1015 14.)
2530 942 2596 993 et
2636 928 2703 993 in
2738 927 2890 994 alias
2916 953 3175 1018 quoque
3204 946 3412 1018 partes
3440 932 3727 998 vocabuli
3757 933 3886 998 vim
3915 957 4059 1001 con-

2356 1047 2635 1110 vertunt,
2685 1055 2831 1118 quae
2873 1055 3019 1097 cum
3070 1034 3593 1123 contemplatione
3649 1059 3723 1101 ac
3768 1037 4057 1124 specula-

2356 1135 2548 1215 tione,
2582 1158 2772 1222 quam
2804 1158 2917 1200 nos
2945 1158 3262 1215 vocamu3‚
3292 1138 3644 1226 conjunctae
3674 1156 3840 1206 sunt.
3910 1142 4056 1208 Jam

2358 1238 2407 1303 si
2434 1238 2687 1326 quaeris,
2718 1239 3038 1325 quomodo
3080 1239 3201 1305 hoc
3228 1239 3365 1328 ipm
3393 1240 3555 1307 libro
3583 1241 3875 1309 Plotinus
3902 1245 4052 1311 acci-

2357 1340 2489 1429 piat
2516 1341 2679 1405 hanc
2707 1364 2947 1419 vocem,
2976 1365 3122 1407 cum
3163 1343 3349 1410 etiam
3391 1348 3643 1429 θεωρίαν
3670 1352 3796 1430 γῆς,
3831 1355 4051 1431 φυτῶν,

2357 1440 2615 1525 δένδρων
2641 1456 2971 1530 agnoscat:
3004 1459 3215 1509 actum
3237 1469 3510 1534 agerem,
3533 1448 3583 1511 si
3611 1464 3754 1535 post
3786 1449 4054 1515 Marsilii

2360 1544 2561 1609 Ficini
2595 1546 3128 1612 Commentarium
3159 1547 3319 1613 hanc
3347 1572 3477 1614 rem
3509 1550 3776 1616 recolere
3806 1551 4049 1618 vellem.

2359 1647 2509 1712 Alia
2551 1670 2864 1737 apponam
2905 1648 2970 1713 in
3002 1651 3555 1718 Annotationibus.
3619 1654 3893 1742 Anglice
3920 1679 4056 1721 ver-

2358 1752 2437 1817 tit
2478 1751 2651 1816 hunc
2691 1752 2920 1817 librum
2964 1754 3245 1819 Tunius
3283 1756 3551 1821 Tanon
3595 1755 3659 1821 in
3692 1756 3852 1823 libro
3889 1760 4054 1825 Five

2357 1856 2571 1920 Books
2620 1857 2709 1940 of
2736 1856 3050 1921 Plotinus.
3105 1857 3307 1922 Lond.
3362 1875 3545 1944 1794.
3604 1882 3671 1948 p.
3720 1881 3862 1947 199.
3909 1886 4046 1950 sqq.

2355 1959 2725 2023 Germanice
2739 1958 2872 2046 ipse
2881 1960 3040 2024 verti
3057 1975 3121 2025 et
3138 1983 3279 2025 cum
3293 1961 3691 2028 annotatione
3709 1964 3967 2029 exhibui
3985 1965 4052 2029 in

2350 2060 2549 2126 libro:
2599 2085 2897 2126 swanum
2917 2063 3428 2152 hev-ausgegeben
3452 2086 3572 2130 von
3595 2068 3671 2132 C.
3695 2068 3890 2133 Daub
3917 2070 4054 2134 und

2352 2164 2473 2229 Fr.
2520 2166 2801 2230 Cre-azer
2850 2164 2990 2231 Vol.
3055 2167 3112 2234 Ι.
3175 2190 3242 2255 p.
3298 2187 3622 2254 30—103.
3700 2172 4048 2253 (Caeterum

2349 2265 2523 2353 quod
2551 2289 2624 2331 ea
2653 2266 2718 2330 in
2749 2265 3148 2333 translatione
3178 2271 3413 2352 θεωρία,
3448 2275 3693 2353 θεωρεῖν
3723 2272 3928 2337 ubivis
3954 2275 4049 2337 in-

2352 2384 2728 2457 terpretatus
2753 2392 2923 2435 eram
2967 2372 3432 2461 Retrachtung,
3463 2375 3790 2439 betrachen
3813 2402 3835 2439 .·
3878 2398 4048 2442 nunc

2353 2472 2713 2537 maluerim:
2765 2474 3226 2563 Amchauung,
3248 2476 3522 2540 schauen
3550 2499 3604 2540 s,
3633 2477 4045 2565 ansckaueu.)

2351 2578 2824 2663 Argumentum
2866 2576 3060 2664 hujus
3099 2576 3243 2642 libri
3290 2577 3630 2643 Plotiniani
3667 2579 3733 2644 in
3763 2603 4041 2667 pronun-

2352 2678 2647 2743 tiatorum
2678 2678 3066 2767 singulorum
3105 2703 3438 2746 numerum
3469 2682 3711 2770 redegit
3738 2697 3802 2747 et
3845 2685 4043 2771 (quod

2348 2781 2411 2845 in
2441 2782 2635 2869 hujus
2663 2779 2781 2846 viri
2822 2781 3065 2869 scriptis
3105 2783 3397 2849 omnibus
3427 2784 3767 2851 tenendum
3808 2792 3930 2872 est)
3962 2788 4047 2853 ad

2351 2884 2687 2950 Kantianae
2705 2884 3116 2973 philosophiae
3133 2886 3459 2952 modulum
3479 2888 3855 2955 examinavit
3881 2893 4049 2955 Ten-

2345 3011 2641 3053 nemann.
2673 2988 2741 3052 in
2783 2989 3141 3054 Geschichte
3178 2991 3293 3054 der
3321 2990 3722 3079 Phikwphie
3752 2992 3893 3059 Vol.
3925 2996 4046 3060 VI.

2348 3114 2416 3178 p.
2458 3094 2600 3157 108.
2634 3115 2768 3179 sqq.

2432 3217 2499 3283 p.
2522 3197 2671 3280 630,
2701 3215 2761 3279 9.
2797 3199 3280 3260 ΠΑῙΖΟΝΤΕΣ
3302 3195 3842 3288 δῆ-σπουδάζειν]
3877 3202 4044 3267 Con-

2346 3296 2495 3363 ferri
2540 3312 2882 3376 merentur,
2929 3321 3075 3385 quae
3117 3297 3198 3364 de
3244 3298 3342 3364 his
3386 3300 3576 3367 rebus
3620 3301 3737 3367 sibi
3774 3303 4038 3372 invicem

2345 3402 2649 3489 oppositis
2666 3400 3023 3467 sublimiore
3040 3403 3315 3488 quodam
3334 3426 3516 3469 sensu
3534 3406 3792 3494 exponit
3809 3409 4043 3475 Noster

2348 3506 2488 3570 111.
2527 3525 2590 3571 2.
2622 3522 2720 3590 15.
2753 3504 2891 3570 coll.
2924 3504 3175 3570 Platon.
3208 3504 3465 3570 Phaedr.
3495 3531 3563 3595 p.
3592 3510 3744 3593 348.
3768 3511 4036 3577 Heindf.

2346 3607 2727 3673 Tenendum
2754 3622 2964 3673 autem
3009 3607 3182 3695 apud
3224 3606 3547 3673 Plotinum
3576 3610 3683 3676 τὸν
3711 3618 4038 3679 σπουδαῖον

2343 3710 2613 3775 eundem
2642 3733 2793 3789 esse,
2826 3710 2938 3798 qui
2970 3709 3297 3775 Socraticis
3319 3714 3352 3775 ὁ
3377 3712 3560 3779 καλὸς
3577 3715 3852 3796 κάγαθὸς,
3875 3718 4037 3782 Stoi-

2341 3813 2430 3879 cis
2458 3818 2491 3878 ὁ
2524 3816 2735 3897 σοφός.
2801 3814 2902 3879 Cf.
2941 3812 3120 3878 Reiz.
3154 3813 3236 3878 ad
3284 3813 3528 3881 Lucian
3575 3818 4035 3909 Icaromenipp.

2338 3941 2396 3981 c.
2428 3937 2492 3999 4.
2587 3916 2862 3982 Omnino
2903 3917 3116 3982 confer
3147 3917 3431 3984 Courier.
3459 3919 3545 3984 ad
3573 3921 3785 4009 Longi
3815 3924 4035 3989 Pasto-

2337 4019 2475 4087 rall.
2521 4043 2585 4109 p.
2622 4022 2765 4086 206.
2797 4044 2891 4107 sq.
2921 4036 2986 4086 et
3018 4020 3263 4086 Simner
3297 4020 3364 4086 in
3404 4024 3673 4089 Auctar.
3714 4026 4029 4092 Animad-

2337 4147 2525 4189 verss,
2557 4125 2637 4189 ad
2670 4125 2882 4212 Long.
2913 4147 2977 4213 p.
3015 4140 3155 4207 171.

2425 4249 2485 4311 p.
2520 4229 2673 4312 631,
2712 4248 2812 4291 11.
2872 4226 2947 4307 ἣν
2995 4227 3385 4312 ἆφάνταστόν
3435 4238 3590 4311 φασι
3648 4230 3745 4293 καὶ
3800 4231 4030 4314 ἄλογον

2337 4329 2520 4419 εἶναι]
2571 4333 2716 4409 Quo
2753 4353 2938 4395 sensu
2976 4330 3451 4420 intelligendum
3479 4331 3561 4395 sit
3600 4354 3723 4395 vox
3757 4333 4024 4415 ἆφάντα-

2333 4460 2474 4501 στος
2485 4433 2874 4521 optimeinde
2885 4433 3103 4513 disces,
3119 4433 3169 4498 si
3191 4434 3763 4522 reputaveris,quid
3773 4435 4026 4501 Platoni

2333 4535 2412 4600 sit
2429 4539 2756 4618 φαντασία.
2805 4539 2950 4615 Qua
2965 4537 3045 4601 de
3059 4559 3127 4602 re
3146 4536 3269 4601 vid.
3294 4536 3456 4602 Plat.
3485 4536 3761 4624 Sophist.
3782 4562 3848 4626 p.
3874 4541 4019 4626 296.

2415 4675 2504 4687 —
2537 4659 2634 4724 13.
2669 4636 2814 4704 Ὅτι
2838 4641 2952 4720 μὲν
2973 4640 3080 4704 οὖν
3101 4641 3237 4705 οὔτε
3263 4646 3461 4723 χεῖρες
3488 4641 3744 4705 ἐνταῦθα
3774 4668 3825 4706 κ.
3847 4667 3902 4705 τ.
3922 4644 4018 4731 λ.]

2331 4743 2683 4829 Oppugnat
2706 4741 2774 4806 in
2802 4742 2923 4808 hoc
2950 4742 3152 4829 capite
3183 4741 3472 4807 Plotinus
3509 4765 3723 4807 eorum
3753 4742 4025 4830 philoso-

2326 4844 2600 4932 phorum
2651 4846 3006 4925 sententiaS,
3058 4845 3194 4933 qui,
3247 4868 3642 4933 quaecunque
3686 4846 3750 4909 in
3810 4870 4019 4912 rerum

2325 4960 2553 5012 natura
2601 4946 3010 5026 efficerentur,
3056 4949 3137 5014 ab
3180 4947 3498 5014 elementis
3539 4962 3605 5015 et
3646 4965 3823 5014 motu
3865 4975 4022 5038 quo-

2325 5050 2495 5129 dam,
2527 5050 2629 5115 cui
2657 5049 2832 5116 nulla
2859 5051 3142 5139 superior
3184 5050 3658 5139 intelligensque
3686 5051 3781 5117 vis
3804 5076 3879 5118 ac
3905 5076 4015 5118 na-

2327 5170 2471 5219 tura
2519 5166 2833 5240 praeesset,
2886 5153 3043 5218 effici
3100 5153 3545 5219 existimarent.
3652 5156 3799 5242 Ipse
3842 5177 4013 5233 vero,

2325 5280 2721 5344 quaecunque
2765 5257 2984 5322 fierent
3025 5257 3087 5321 in
3133 5256 3498 5345 corporibus
3539 5271 3651 5322 aut
3691 5279 4013 5323 moveren-

544 5370 650 5433 tim
681 5366 764 5432 de
792 5362 1046 5429 mentali
1063 5363 1296 5427 visione
1323 5363 1668 5428 formarum
1702 5365 1844 5443 (τῶν
1874 5364 2044 5425 ἰδεῶν
2062 5360 2145 5424 cf.
2174 5362 2232 5425 1.
2322 5376 2450 5441 tur,
2480 5359 2634 5425 effici
2666 5359 2988 5425 contendit
3019 5383 3058 5424 a
3098 5374 3324 5425 natura
3351 5358 3625 5446 quadam
3655 5358 3782 5423 sive
3810 5360 4015 5426 forma

548 5492 604 5536 1.
636 5489 697 5555 7.
726 5492 794 5558 p.
824 5487 891 5549 4.
922 5468 1031 5553 F.)
1064 5465 1288 5554 partim
1317 5465 1399 5530 de
1428 5488 1635 5530 rerum
1660 5464 2010 5529 divinarum
2041 5461 2234 5528 scien·
2320 5463 2702 5551 incorporea,
2728 5463 2829 5528 cui
2850 5461 2955 5527 illa
2986 5462 3460 5552 subjicerentur,
3482 5483 3627 5549 quae
3649 5474 3856 5528 tamen
3873 5463 4015 5553 ipsa

544 5573 645 5653 tia,
676 5574 808 5639 sive
833 5570 916 5635 de
946 5566 1315 5657 Theologia,
1335 5568 1649 5657 praecipue
1672 5590 1861 5655 quam
1896 5566 2082 5632 Plato
2111 5581 2233 5631 tra·
2316 5589 2440 5631 non
2469 5565 2723 5631 aliunde
2749 5565 3068 5654 penderet.

2391 5663 2593 5727 cc2
