<?xml version="1.0" encoding="UTF-8"?>
<!DOCTYPE html PUBLIC "-//W3C//DTD XHTML 1.0 Transitional//EN"
    "http://www.w3.org/TR/xhtml1/DTD/xhtml1-transitional.dtd">
<html xmlns="http://www.w3.org/1999/xhtml" xml:lang="en" lang="en">
 <head>
  <title>
</title>
<meta http-equiv="Content-Type" content="text/html;charset=utf-8" />
  <meta name='ocr-system' content='tesseract 3.04.00' />
  <meta name='ocr-capabilities' content='ocr_page ocr_carea ocr_par ocr_line ocrx_word'/>
</head>
<body>
  <div class='ocr_page' id='page_1' title='image "./plotinioperaomn00chumgoog_0148.png"; bbox 0 0 5118 6613; ppageno 0'>
   <div class='ocr_carea' id='block_1_1' title="bbox 1009 549 1128 615">
    <p class='ocr_par' dir='ltr' id='par_1_1' title="bbox 1009 549 1128 615">
     <span class='ocr_line' id='line_1_1' title="bbox 1009 549 1128 615; baseline 0 -19"><span class='ocrx_word' id='word_1_1' title='bbox 1009 549 1128 615; x_wconf 83' lang='lat'>142</span> 
     </span>
    </p>
   </div>
   <div class='ocr_carea' id='block_1_2' title="bbox 1001 700 2705 5619">
    <p class='ocr_par' dir='ltr' id='par_1_2' title="bbox 1003 700 2705 2436">
     <span class='ocr_line' id='line_1_2' title="bbox 1003 700 2696 790; baseline -0.003 -21"><span class='ocrx_word' id='word_1_2' title='bbox 1003 702 1167 769; x_wconf 88' lang='lat' dir='ltr'>enim</span> <span class='ocrx_word' id='word_1_3' title='bbox 1221 701 1590 768; x_wconf 83' lang='lat' dir='ltr'><strong>Gennadius</strong></span> <span class='ocrx_word' id='word_1_4' title='bbox 1631 725 1696 790; x_wconf 87' lang='lat' dir='ltr'>p.</span> <span class='ocrx_word' id='word_1_5' title='bbox 1740 720 1819 768; x_wconf 83' lang='lat'>22</span> <span class='ocrx_word' id='word_1_6' title='bbox 1845 713 1993 765; x_wconf 89' lang='lat'>:—“</span> <span class='ocrx_word' id='word_1_7' title='bbox 2024 703 2305 766; x_wconf 77' lang='grc' dir='ltr'>τοιούτων</span> <span class='ocrx_word' id='word_1_8' title='bbox 2346 700 2591 785; x_wconf 82' lang='grc' dir='ltr'>πλήρεις</span> <span class='ocrx_word' id='word_1_9' title='bbox 2632 701 2696 765; x_wconf 75' lang='grc' dir='ltr'>αἱ</span> 
     </span>
     <span class='ocr_line' id='line_1_3' title="bbox 1008 806 2694 890; baseline -0.002 -18"><span class='ocrx_word' id='word_1_10' title='bbox 1008 808 1159 890; x_wconf 74' lang='grc' dir='ltr'>ἱεραὶ</span> <span class='ocrx_word' id='word_1_11' title='bbox 1189 809 1461 890; x_wconf 75' lang='grc' dir='ltr'>ἱστορίαι·</span> <span class='ocrx_word' id='word_1_12' title='bbox 1510 806 1606 872; x_wconf 83' lang='grc' dir='ltr'>καὶ</span> <span class='ocrx_word' id='word_1_13' title='bbox 1633 808 1691 870; x_wconf 72' lang='grc' dir='ltr'>οἱ</span> <span class='ocrx_word' id='word_1_14' title='bbox 1717 808 2002 871; x_wconf 81' lang='grc' dir='ltr'>πολύθεοι</span> <span class='ocrx_word' id='word_1_15' title='bbox 2030 807 2096 869; x_wconf 72' lang='grc' dir='ltr'>δὲ</span> <span class='ocrx_word' id='word_1_16' title='bbox 2121 810 2361 870; x_wconf 86' lang='grc' dir='ltr'>τοιαῦτα</span> <span class='ocrx_word' id='word_1_17' title='bbox 2391 808 2694 888; x_wconf 83' lang='grc' dir='ltr'>ἱστοροῦσι</span> 
     </span>
     <span class='ocr_line' id='line_1_4' title="bbox 1003 909 2696 992; baseline -0.001 -17"><span class='ocrx_word' id='word_1_18' title='bbox 1003 913 1229 989; x_wconf 73' lang='grc' dir='ltr'>πολλὰ,</span> <span class='ocrx_word' id='word_1_19' title='bbox 1259 912 1313 974; x_wconf 80' lang='grc' dir='ltr'>εἰ</span> <span class='ocrx_word' id='word_1_20' title='bbox 1341 909 1436 973; x_wconf 85' lang='grc' dir='ltr'>καὶ</span> <span class='ocrx_word' id='word_1_21' title='bbox 1466 909 1601 992; x_wconf 84' lang='grc' dir='ltr'>περὶ</span> <span class='ocrx_word' id='word_1_22' title='bbox 1629 912 1704 973; x_wconf 74' lang='grc' dir='ltr'>τὰ</span> <span class='ocrx_word' id='word_1_23' title='bbox 1745 911 1903 973; x_wconf 73' lang='grc' dir='ltr'>αἴτια</span> <span class='ocrx_word' id='word_1_24' title='bbox 1937 909 2129 973; x_wconf 79' lang='grc' dir='ltr'>αὐτῶν</span> <span class='ocrx_word' id='word_1_25' title='bbox 2159 910 2255 973; x_wconf 78' lang='grc' dir='ltr'>καὶ</span> <span class='ocrx_word' id='word_1_26' title='bbox 2282 909 2417 976; x_wconf 78' lang='grc' dir='ltr'>τοὺς</span> <span class='ocrx_word' id='word_1_27' title='bbox 2444 911 2696 990; x_wconf 78' lang='grc' dir='ltr'>τρόπους</span> 
     </span>
     <span class='ocr_line' id='line_1_5' title="bbox 1005 1011 2691 1094; baseline -0.003 -15"><span class='ocrx_word' id='word_1_28' title='bbox 1005 1013 1431 1094; x_wconf 85' lang='grc' dir='ltr'>πεπλάνηνται,</span> <span class='ocrx_word' id='word_1_29' title='bbox 1464 1014 1712 1092; x_wconf 86' lang='grc' dir='ltr'>θεότητα</span> <span class='ocrx_word' id='word_1_30' title='bbox 1739 1012 1851 1091; x_wconf 89' lang='grc' dir='ltr'>μέν</span> <span class='ocrx_word' id='word_1_31' title='bbox 1879 1037 2011 1076; x_wconf 88' lang='grc' dir='ltr'>τινα</span> <span class='ocrx_word' id='word_1_32' title='bbox 2042 1013 2138 1076; x_wconf 87' lang='grc' dir='ltr'>καὶ</span> <span class='ocrx_word' id='word_1_33' title='bbox 2166 1011 2331 1075; x_wconf 81' lang='grc' dir='ltr'>αὐτοὶ</span> <span class='ocrx_word' id='word_1_34' title='bbox 2360 1013 2691 1090; x_wconf 71' lang='grc' dir='ltr'>αἰτιώμενοι</span> 
     </span>
     <span class='ocr_line' id='line_1_6' title="bbox 1004 1112 2690 1197; baseline -0.002 -16"><span class='ocrx_word' id='word_1_35' title='bbox 1004 1123 1123 1181; x_wconf 84' lang='grc' dir='ltr'>τῶν</span> <span class='ocrx_word' id='word_1_36' title='bbox 1170 1116 1469 1189; x_wconf 81' lang='grc' dir='ltr'>τοιούτων,</span> <span class='ocrx_word' id='word_1_37' title='bbox 1523 1116 1618 1179; x_wconf 85' lang='grc' dir='ltr'>καὶ</span> <span class='ocrx_word' id='word_1_38' title='bbox 1670 1116 1956 1197; x_wconf 88' lang='grc' dir='ltr'>πρόνοιαν</span> <span class='ocrx_word' id='word_1_39' title='bbox 2004 1114 2099 1178; x_wconf 85' lang='grc' dir='ltr'>καὶ</span> <span class='ocrx_word' id='word_1_40' title='bbox 2146 1113 2430 1195; x_wconf 78' lang='grc' dir='ltr'>ἀνάγκην.</span> <span class='ocrx_word' id='word_1_41' title='bbox 2496 1112 2690 1178; x_wconf 88' lang='grc' dir='ltr'>διανέ-</span> 
     </span>
     <span class='ocr_line' id='line_1_7' title="bbox 1005 1217 2698 1299; baseline -0.001 -16"><span class='ocrx_word' id='word_1_42' title='bbox 1005 1244 1219 1299; x_wconf 85' lang='grc' dir='ltr'>μοντες</span> <span class='ocrx_word' id='word_1_43' title='bbox 1247 1219 1311 1281; x_wconf 71' lang='grc' dir='ltr'>δὲ</span> <span class='ocrx_word' id='word_1_44' title='bbox 1339 1217 1447 1296; x_wconf 79' lang='grc' dir='ltr'>τὴν</span> <span class='ocrx_word' id='word_1_45' title='bbox 1477 1220 1742 1298; x_wconf 74' lang='grc' dir='ltr'>θεότητα,</span> <span class='ocrx_word' id='word_1_46' title='bbox 1775 1219 1878 1281; x_wconf 82' lang='grc' dir='ltr'>οὐκ</span> <span class='ocrx_word' id='word_1_47' title='bbox 1909 1218 2190 1296; x_wconf 78' lang='grc' dir='ltr'>εὐσεβῶς,</span> <span class='ocrx_word' id='word_1_48' title='bbox 2223 1223 2344 1285; x_wconf 82' lang='grc' dir='ltr'>τοῖς</span> <span class='ocrx_word' id='word_1_49' title='bbox 2381 1222 2487 1281; x_wconf 88' lang='grc' dir='ltr'>τοῦ</span> <span class='ocrx_word' id='word_1_50' title='bbox 2512 1219 2698 1298; x_wconf 88' lang='grc' dir='ltr'>μόνου</span> 
     </span>
     <span class='ocr_line' id='line_1_8' title="bbox 1006 1319 2705 1401; baseline -0.001 -15"><span class='ocrx_word' id='word_1_51' title='bbox 1006 1325 1148 1386; x_wconf 91' lang='grc' dir='ltr'>θεοῦ</span> <span class='ocrx_word' id='word_1_52' title='bbox 1173 1319 1458 1399; x_wconf 83' lang='grc' dir='ltr'>ποιήμασι</span> <span class='ocrx_word' id='word_1_53' title='bbox 1487 1321 1632 1401; x_wconf 85' lang='grc' dir='ltr'>πρὸς</span> <span class='ocrx_word' id='word_1_54' title='bbox 1666 1320 1733 1383; x_wconf 84' lang='grc' dir='ltr'>τὸ</span> <span class='ocrx_word' id='word_1_55' title='bbox 1774 1323 2032 1387; x_wconf 81' lang='grc' dir='ltr'>αἰτιῶδες</span> <span class='ocrx_word' id='word_1_56' title='bbox 2059 1321 2249 1384; x_wconf 82' lang='grc' dir='ltr'>αὐτῶν</span> <span class='ocrx_word' id='word_1_57' title='bbox 2279 1320 2705 1399; x_wconf 73' lang='grc' dir='ltr'>ἔξαπατημένοι</span> 
     </span>
     <span class='ocr_line' id='line_1_9' title="bbox 1006 1421 2693 1505; baseline 0.002 -18"><span class='ocrx_word' id='word_1_58' title='bbox 1006 1424 1114 1504; x_wconf 73' lang='grc' dir='ltr'>τὴν</span> <span class='ocrx_word' id='word_1_59' title='bbox 1143 1425 1208 1487; x_wconf 77' lang='grc' dir='ltr'>δὲ</span> <span class='ocrx_word' id='word_1_60' title='bbox 1235 1424 1522 1505; x_wconf 91' lang='grc' dir='ltr'>πρόνοιαν</span> <span class='ocrx_word' id='word_1_61' title='bbox 1549 1421 1586 1503; x_wconf 83' lang='grc' dir='ltr'>ἣ</span> <span class='ocrx_word' id='word_1_62' title='bbox 1618 1424 1686 1486; x_wconf 84' lang='grc' dir='ltr'>οὐ</span> <span class='ocrx_word' id='word_1_63' title='bbox 1714 1422 1952 1487; x_wconf 81' lang='grc' dir='ltr'>πάντων</span> <span class='ocrx_word' id='word_1_64' title='bbox 1979 1421 2015 1502; x_wconf 84' lang='grc' dir='ltr'>ἦ</span> <span class='ocrx_word' id='word_1_65' title='bbox 2045 1424 2150 1486; x_wconf 81' lang='grc' dir='ltr'>οὐκ</span> <span class='ocrx_word' id='word_1_66' title='bbox 2178 1424 2362 1505; x_wconf 84' lang='grc' dir='ltr'>ὀρθῶς</span> <span class='ocrx_word' id='word_1_67' title='bbox 2389 1422 2693 1505; x_wconf 83' lang='grc' dir='ltr'>λέγοντες,</span> 
     </span>
     <span class='ocr_line' id='line_1_10' title="bbox 1006 1524 2699 1612; baseline 0 -22"><span class='ocrx_word' id='word_1_68' title='bbox 1006 1526 1114 1605; x_wconf 78' lang='grc' dir='ltr'>τὴν</span> <span class='ocrx_word' id='word_1_69' title='bbox 1142 1527 1208 1590; x_wconf 72' lang='grc' dir='ltr'>δὲ</span> <span class='ocrx_word' id='word_1_70' title='bbox 1247 1524 1510 1607; x_wconf 83' lang='grc' dir='ltr'>ἀνάγκην</span> <span class='ocrx_word' id='word_1_71' title='bbox 1541 1527 1832 1607; x_wconf 81' lang='grc' dir='ltr'>ὶδρύοντες</span> <span class='ocrx_word' id='word_1_72' title='bbox 1861 1526 2007 1589; x_wconf 80' lang='grc' dir='ltr'>ἔνθα</span> <span class='ocrx_word' id='word_1_73' title='bbox 2045 1525 2113 1589; x_wconf 83' lang='grc' dir='ltr'>οὗ</span> <span class='ocrx_word' id='word_1_74' title='bbox 2151 1526 2288 1608; x_wconf 78' lang='grc' dir='ltr'>χρὴ,</span> <span class='ocrx_word' id='word_1_75' title='bbox 2320 1525 2432 1590; x_wconf 79' lang='grc' dir='ltr'>σὺν</span> <span class='ocrx_word' id='word_1_76' title='bbox 2459 1527 2699 1612; x_wconf 74' lang='grc' dir='ltr'>οὐδεμία</span> 
     </span>
     <span class='ocr_line' id='line_1_11' title="bbox 1009 1627 2698 1712; baseline 0.001 -19"><span class='ocrx_word' id='word_1_77' title='bbox 1009 1632 1214 1712; x_wconf 91' lang='grc' dir='ltr'>λόγων</span> <span class='ocrx_word' id='word_1_78' title='bbox 1244 1627 1489 1710; x_wconf 72' lang='grc' dir='ltr'>ἀνάγκη,</span> <span class='ocrx_word' id='word_1_79' title='bbox 1525 1629 1621 1693; x_wconf 83' lang='grc' dir='ltr'>καὶ</span> <span class='ocrx_word' id='word_1_80' title='bbox 1655 1627 1688 1691; x_wconf 77' lang='grc' dir='ltr'>ὃ</span> <span class='ocrx_word' id='word_1_81' title='bbox 1724 1630 1921 1707; x_wconf 75' lang='grc' dir='ltr'>μεῖζόν</span> <span class='ocrx_word' id='word_1_82' title='bbox 1952 1630 2135 1703; x_wconf 79' lang='grc' dir='ltr'>ἐστιν,</span> <span class='ocrx_word' id='word_1_83' title='bbox 2169 1628 2287 1694; x_wconf 86' lang='grc' dir='ltr'>οὐδ’</span> <span class='ocrx_word' id='word_1_84' title='bbox 2318 1631 2453 1694; x_wconf 77' lang='grc' dir='ltr'>οὔτε</span> <span class='ocrx_word' id='word_1_85' title='bbox 2482 1631 2698 1712; x_wconf 84' lang='grc' dir='ltr'>σφισὶν</span> 
     </span>
     <span class='ocr_line' id='line_1_12' title="bbox 1009 1730 2691 1813; baseline 0.001 -17"><span class='ocrx_word' id='word_1_86' title='bbox 1009 1732 1207 1799; x_wconf 79' lang='grc' dir='ltr'>αὐτοῖς</span> <span class='ocrx_word' id='word_1_87' title='bbox 1246 1732 1505 1805; x_wconf 80' lang='grc' dir='ltr'>ἕκαστοι,</span> <span class='ocrx_word' id='word_1_88' title='bbox 1538 1733 1673 1796; x_wconf 76' lang='grc' dir='ltr'>οὔτε</span> <span class='ocrx_word' id='word_1_89' title='bbox 1715 1730 2004 1811; x_wconf 76' lang='grc' dir='ltr'>ἀλλήλοις</span> <span class='ocrx_word' id='word_1_90' title='bbox 2041 1733 2341 1813; x_wconf 80' lang='grc' dir='ltr'>ὁμόλογον</span> <span class='ocrx_word' id='word_1_91' title='bbox 2376 1734 2691 1811; x_wconf 71' lang='grc' dir='ltr'>ἀξιοῦντες.</span> 
     </span>
     <span class='ocr_line' id='line_1_13' title="bbox 1015 1832 2694 1920; baseline -0.001 -21"><span class='ocrx_word' id='word_1_92' title='bbox 1015 1837 1181 1899; x_wconf 84' lang='lat' dir='ltr'>Haec</span> <span class='ocrx_word' id='word_1_93' title='bbox 1209 1834 1530 1899; x_wconf 88' lang='lat' dir='ltr'>hactenus.</span> <span class='ocrx_word' id='word_1_94' title='bbox 1617 1833 1952 1920; x_wconf 83' lang='lat' dir='ltr'>Excerpsit</span> <span class='ocrx_word' id='word_1_95' title='bbox 1981 1849 2190 1898; x_wconf 90' lang='lat' dir='ltr'>autem</span> <span class='ocrx_word' id='word_1_96' title='bbox 2218 1833 2410 1920; x_wconf 90' lang='lat' dir='ltr'>hujus</span> <span class='ocrx_word' id='word_1_97' title='bbox 2438 1832 2578 1898; x_wconf 82' lang='lat' dir='ltr'>libri</span> <span class='ocrx_word' id='word_1_98' title='bbox 2605 1833 2694 1898; x_wconf 88' lang='lat' dir='ltr'>in-</span> 
     </span>
     <span class='ocr_line' id='line_1_14' title="bbox 1010 1935 2696 2024; baseline 0 -23"><span class='ocrx_word' id='word_1_99' title='bbox 1010 1936 1301 2024; x_wconf 85' lang='lat' dir='ltr'>signiora,</span> <span class='ocrx_word' id='word_1_100' title='bbox 1332 1950 1395 2000; x_wconf 90' lang='lat' dir='ltr'>et</span> <span class='ocrx_word' id='word_1_101' title='bbox 1433 1959 1548 2000; x_wconf 89' lang='lat' dir='ltr'>suo</span> <span class='ocrx_word' id='word_1_102' title='bbox 1585 1957 1757 1999; x_wconf 91' lang='lat' dir='ltr'>more</span> <span class='ocrx_word' id='word_1_103' title='bbox 1793 1935 1875 1999; x_wconf 89' lang='lat' dir='ltr'>ad</span> <span class='ocrx_word' id='word_1_104' title='bbox 1923 1935 2254 2000; x_wconf 83' lang='lat' dir='ltr'>Kantianae</span> <span class='ocrx_word' id='word_1_105' title='bbox 2287 1935 2696 2024; x_wconf 68' lang='lat' dir='ltr'>philosophiae</span> 
     </span>
     <span class='ocr_line' id='line_1_15' title="bbox 1007 2038 2695 2126; baseline 0 -22"><span class='ocrx_word' id='word_1_106' title='bbox 1007 2038 1289 2126; x_wconf 87' lang='lat' dir='ltr'>regulam</span> <span class='ocrx_word' id='word_1_107' title='bbox 1332 2038 1542 2126; x_wconf 81' lang='lat' dir='ltr'>exegit</span> <span class='ocrx_word' id='word_1_108' title='bbox 1580 2040 2069 2103; x_wconf 72' lang='lat' dir='ltr'>Tennemannua</span> <span class='ocrx_word' id='word_1_109' title='bbox 2113 2040 2175 2103; x_wconf 87' lang='lat' dir='ltr'>in</span> <span class='ocrx_word' id='word_1_110' title='bbox 2224 2040 2505 2104; x_wconf 83' lang='lat' dir='ltr'>Historia</span> <span class='ocrx_word' id='word_1_111' title='bbox 2546 2040 2695 2105; x_wconf 92' lang='lat' dir='ltr'>Phi-</span> 
     </span>
     <span class='ocr_line' id='line_1_16' title="bbox 1004 2140 2692 2231; baseline 0.001 -26"><span class='ocrx_word' id='word_1_112' title='bbox 1004 2140 1302 2229; x_wconf 82' lang='lat' dir='ltr'>losophiae</span> <span class='ocrx_word' id='word_1_113' title='bbox 1321 2140 1690 2206; x_wconf 82' lang='lat' dir='ltr'>Germanice</span> <span class='ocrx_word' id='word_1_114' title='bbox 1710 2142 1938 2229; x_wconf 87' lang='lat' dir='ltr'>scripta</span> <span class='ocrx_word' id='word_1_115' title='bbox 1966 2142 2104 2231; x_wconf 77' lang='lat' dir='ltr'><strong>Vol.</strong></span> <span class='ocrx_word' id='word_1_116' title='bbox 2140 2143 2257 2206; x_wconf 93' lang='lat' dir='ltr'>VI.</span> <span class='ocrx_word' id='word_1_117' title='bbox 2292 2166 2355 2230; x_wconf 90' lang='lat' dir='ltr'>p.</span> <span class='ocrx_word' id='word_1_118' title='bbox 2395 2163 2536 2227; x_wconf 84' lang='lat'><strong>149.</strong></span> <span class='ocrx_word' id='word_1_119' title='bbox 2558 2166 2692 2231; x_wconf 86' lang='lat' dir='ltr'><strong>sqq.</strong></span> 
     </span>
     <span class='ocr_line' id='line_1_17' title="bbox 1006 2242 2693 2332; baseline 0.002 -25"><span class='ocrx_word' id='word_1_120' title='bbox 1006 2242 1267 2332; x_wconf 86' lang='lat' dir='ltr'>Anglice</span> <span class='ocrx_word' id='word_1_121' title='bbox 1297 2243 1484 2308; x_wconf 85' lang='lat' dir='ltr'>vertit</span> <span class='ocrx_word' id='word_1_122' title='bbox 1539 2245 1782 2331; x_wconf 62' lang='lat' dir='ltr'>Taylor</span> <span class='ocrx_word' id='word_1_123' title='bbox 1819 2243 1881 2307; x_wconf 91' lang='lat' dir='ltr'>in</span> <span class='ocrx_word' id='word_1_124' title='bbox 1927 2243 2111 2323; x_wconf 85' lang='lat' dir='ltr'>libro,</span> <span class='ocrx_word' id='word_1_125' title='bbox 2143 2245 2254 2332; x_wconf 88' lang='lat' dir='ltr'>qui</span> <span class='ocrx_word' id='word_1_126' title='bbox 2296 2245 2693 2311; x_wconf 84' lang='lat' dir='ltr'>inscribitur:</span> 
     </span>
     <span class='ocr_line' id='line_1_18' title="bbox 1006 2347 2696 2436; baseline 0.001 -26"><span class='ocrx_word' id='word_1_127' title='bbox 1006 2347 1168 2412; x_wconf 79' lang='lat' dir='ltr'>Five</span> <span class='ocrx_word' id='word_1_128' title='bbox 1189 2347 1829 2433; x_wconf 71' lang='lat' dir='ltr'>BooksofPlotinus,</span> <span class='ocrx_word' id='word_1_129' title='bbox 1853 2347 2057 2411; x_wconf 90' lang='lat' dir='ltr'>Lond.</span> <span class='ocrx_word' id='word_1_130' title='bbox 2093 2366 2276 2433; x_wconf 87' lang='lat'><strong>1794.</strong></span> <span class='ocrx_word' id='word_1_131' title='bbox 2305 2370 2366 2435; x_wconf 88' lang='lat' dir='ltr'>p.</span> <span class='ocrx_word' id='word_1_132' title='bbox 2396 2369 2422 2412; x_wconf 94' lang='lat'>1</span> <span class='ocrx_word' id='word_1_133' title='bbox 2438 2368 2536 2434; x_wconf 85' lang='lat'>13.</span> <span class='ocrx_word' id='word_1_134' title='bbox 2562 2371 2696 2436; x_wconf 85' lang='lat' dir='ltr'><strong>sqq.</strong></span> 
     </span>
    </p>

    <p class='ocr_par' dir='ltr' id='par_1_3' title="bbox 1001 2450 2701 5619">
     <span class='ocr_line' id='line_1_19' title="bbox 1088 2450 2695 2539; baseline 0.001 -25"><span class='ocrx_word' id='word_1_135' title='bbox 1088 2473 1154 2537; x_wconf 92' lang='lat' dir='ltr'>p.</span> <span class='ocrx_word' id='word_1_136' title='bbox 1188 2469 1338 2535; x_wconf 81' lang='lat'>453,</span> <span class='ocrx_word' id='word_1_137' title='bbox 1373 2471 1435 2535; x_wconf 91' lang='lat'>9.</span> <span class='ocrx_word' id='word_1_138' title='bbox 1482 2450 1570 2514; x_wconf 82' lang='grc' dir='ltr'>Τὸ</span> <span class='ocrx_word' id='word_1_139' title='bbox 1613 2452 1725 2529; x_wconf 75' lang='grc' dir='ltr'>μὲν</span> <span class='ocrx_word' id='word_1_140' title='bbox 1765 2454 1845 2536; x_wconf 75' lang='grc' dir='ltr'>τῷ</span> <span class='ocrx_word' id='word_1_141' title='bbox 1895 2450 2201 2538; x_wconf 75' lang='grc' dir='ltr'>αὐτομάτῳ</span> <span class='ocrx_word' id='word_1_142' title='bbox 2232 2479 2286 2515; x_wconf 85' lang='grc' dir='ltr'>κ.</span> <span class='ocrx_word' id='word_1_143' title='bbox 2306 2477 2360 2517; x_wconf 91' lang='grc' dir='ltr'>τ.</span> <span class='ocrx_word' id='word_1_144' title='bbox 2383 2452 2480 2539; x_wconf 88' lang='grc' dir='ltr'>λ.]</span> <span class='ocrx_word' id='word_1_145' title='bbox 2530 2453 2695 2516; x_wconf 84' lang='lat' dir='ltr'>Haec</span> 
     </span>
     <span class='ocr_line' id='line_1_20' title="bbox 1001 2551 2691 2642; baseline 0.001 -26"><span class='ocrx_word' id='word_1_146' title='bbox 1001 2551 1091 2618; x_wconf 86' lang='lat' dir='ltr'>ita</span> <span class='ocrx_word' id='word_1_147' title='bbox 1145 2551 1486 2617; x_wconf 83' lang='lat' dir='ltr'>introducit</span> <span class='ocrx_word' id='word_1_148' title='bbox 1540 2554 1960 2618; x_wconf 72' lang='lat' dir='ltr'>Theodoretus</span> <span class='ocrx_word' id='word_1_149' title='bbox 2010 2552 2397 2641; x_wconf 88' lang='lat' dir='ltr'>Therapeut.</span> <span class='ocrx_word' id='word_1_150' title='bbox 2464 2555 2581 2619; x_wconf 92' lang='lat' dir='ltr'>VI.</span> <span class='ocrx_word' id='word_1_151' title='bbox 2628 2578 2691 2642; x_wconf 90' lang='lat' dir='ltr'>p.</span> 
     </span>
     <span class='ocr_line' id='line_1_21' title="bbox 1005 2653 2696 2747; baseline 0.001 -28"><span class='ocrx_word' id='word_1_152' title='bbox 1005 2655 1149 2719; x_wconf 90' lang='lat'><strong>868.</strong></span> <span class='ocrx_word' id='word_1_153' title='bbox 1184 2653 1434 2719; x_wconf 86' lang='lat' dir='ltr'>Schulz.</span> <span class='ocrx_word' id='word_1_154' title='bbox 1461 2679 1476 2718; x_wconf 86' lang='lat'>:</span> <span class='ocrx_word' id='word_1_155' title='bbox 1525 2656 1619 2718; x_wconf 83' lang='grc' dir='ltr'>καὶ</span> <span class='ocrx_word' id='word_1_156' title='bbox 1648 2661 1959 2723; x_wconf 85' lang='grc' dir='ltr'>Πλωτΐνος</span> <span class='ocrx_word' id='word_1_157' title='bbox 1991 2659 2056 2720; x_wconf 78' lang='grc' dir='ltr'>δὲ</span> <span class='ocrx_word' id='word_1_158' title='bbox 2078 2658 2406 2740; x_wconf 82' lang='grc' dir='ltr'>περιφανὴς</span> <span class='ocrx_word' id='word_1_159' title='bbox 2438 2655 2566 2747; x_wconf 78' lang='grc' dir='ltr'>[δὲ]</span> <span class='ocrx_word' id='word_1_160' title='bbox 2601 2659 2696 2722; x_wconf 84' lang='grc' dir='ltr'>καὶ</span> 
     </span>
     <span class='ocr_line' id='line_1_22' title="bbox 1001 2755 2695 2847; baseline 0.001 -25"><span class='ocrx_word' id='word_1_161' title='bbox 1001 2758 1174 2824; x_wconf 80' lang='grc' dir='ltr'>οὗτος</span> <span class='ocrx_word' id='word_1_162' title='bbox 1213 2759 1280 2820; x_wconf 78' lang='grc' dir='ltr'>ἑν</span> <span class='ocrx_word' id='word_1_163' title='bbox 1324 2758 1687 2839; x_wconf 85' lang='grc' dir='ltr'>φιλοσόφοις</span> <span class='ocrx_word' id='word_1_164' title='bbox 1717 2755 2189 2847; x_wconf 74' lang='grc' dir='ltr'>[ξπγγράμμασι]</span> <span class='ocrx_word' id='word_1_165' title='bbox 2233 2763 2368 2824; x_wconf 81' lang='grc' dir='ltr'>τόδε</span> <span class='ocrx_word' id='word_1_166' title='bbox 2396 2760 2464 2824; x_wconf 85' lang='grc' dir='ltr'>τὸ</span> <span class='ocrx_word' id='word_1_167' title='bbox 2491 2761 2695 2843; x_wconf 83' lang='grc' dir='ltr'>προοί-</span> 
     </span>
     <span class='ocr_line' id='line_1_23' title="bbox 1002 2861 2693 2944; baseline 0.002 -22"><span class='ocrx_word' id='word_1_168' title='bbox 1002 2885 1141 2938; x_wconf 90' lang='grc' dir='ltr'>μιον</span> <span class='ocrx_word' id='word_1_169' title='bbox 1167 2865 1289 2926; x_wconf 84' lang='grc' dir='ltr'>τοῖς</span> <span class='ocrx_word' id='word_1_170' title='bbox 1314 2861 1450 2942; x_wconf 86' lang='grc' dir='ltr'>περὶ</span> <span class='ocrx_word' id='word_1_171' title='bbox 1475 2861 1756 2941; x_wconf 84' lang='grc' dir='ltr'>προνοίας</span> <span class='ocrx_word' id='word_1_172' title='bbox 1797 2861 2090 2925; x_wconf 79' lang='grc' dir='ltr'>ἑντέθεικε</span> <span class='ocrx_word' id='word_1_173' title='bbox 2129 2865 2355 2944; x_wconf 86' lang='grc' dir='ltr'>λόγοις.</span> <span class='ocrx_word' id='word_1_174' title='bbox 2443 2862 2693 2927; x_wconf 85' lang='lat' dir='ltr'>Deinde</span> 
     </span>
     <span class='ocr_line' id='line_1_24' title="bbox 1005 2961 2694 3047; baseline 0.002 -21"><span class='ocrx_word' id='word_1_175' title='bbox 1005 2961 1182 3026; x_wconf 85' lang='lat' dir='ltr'>addit</span> <span class='ocrx_word' id='word_1_176' title='bbox 1227 2972 1292 3025; x_wconf 90' lang='lat' dir='ltr'>et</span> <span class='ocrx_word' id='word_1_177' title='bbox 1349 2975 1702 3047; x_wconf 90' lang='lat' dir='ltr'>temporum</span> <span class='ocrx_word' id='word_1_178' title='bbox 1748 2961 2071 3027; x_wconf 88' lang='lat' dir='ltr'>subductis</span> <span class='ocrx_word' id='word_1_179' title='bbox 2125 2964 2468 3029; x_wconf 87' lang='lat' dir='ltr'>rationibus</span> <span class='ocrx_word' id='word_1_180' title='bbox 2519 2987 2694 3029; x_wconf 90' lang='lat' dir='ltr'>mon-</span> 
     </span>
     <span class='ocr_line' id='line_1_25' title="bbox 1004 3062 2688 3132; baseline 0.002 -4"><span class='ocrx_word' id='word_1_181' title='bbox 1004 3077 1199 3128; x_wconf 88' lang='lat' dir='ltr'>strare</span> <span class='ocrx_word' id='word_1_182' title='bbox 1257 3062 1501 3127; x_wconf 87' lang='lat' dir='ltr'>studet:</span> <span class='ocrx_word' id='word_1_183' title='bbox 1559 3063 1879 3128; x_wconf 90' lang='lat' dir='ltr'>Plotinum</span> <span class='ocrx_word' id='word_1_184' title='bbox 1941 3064 2074 3130; x_wconf 84' lang='lat' dir='ltr'>haec</span> <span class='ocrx_word' id='word_1_185' title='bbox 2119 3089 2197 3130; x_wconf 89' lang='lat' dir='ltr'>ex</span> <span class='ocrx_word' id='word_1_186' title='bbox 2247 3066 2433 3132; x_wconf 88' lang='lat' dir='ltr'>sacris</span> <span class='ocrx_word' id='word_1_187' title='bbox 2484 3070 2570 3132; x_wconf 92' lang='lat' dir='ltr'>N.</span> <span class='ocrx_word' id='word_1_188' title='bbox 2603 3069 2688 3132; x_wconf 88' lang='lat' dir='ltr'>T.</span> 
     </span>
     <span class='ocr_line' id='line_1_26' title="bbox 1004 3165 2695 3256; baseline 0.003 -26"><span class='ocrx_word' id='word_1_189' title='bbox 1004 3166 1177 3230; x_wconf 89' lang='lat' dir='ltr'>libris</span> <span class='ocrx_word' id='word_1_190' title='bbox 1204 3165 1436 3252; x_wconf 88' lang='lat' dir='ltr'>pariter</span> <span class='ocrx_word' id='word_1_191' title='bbox 1472 3188 1603 3230; x_wconf 89' lang='lat' dir='ltr'>esse</span> <span class='ocrx_word' id='word_1_192' title='bbox 1646 3181 2002 3231; x_wconf 90' lang='lat' dir='ltr'>mutuatum</span> <span class='ocrx_word' id='word_1_193' title='bbox 2047 3182 2239 3256; x_wconf 90' lang='lat' dir='ltr'>atque</span> <span class='ocrx_word' id='word_1_194' title='bbox 2282 3183 2465 3234; x_wconf 89' lang='lat' dir='ltr'>antea</span> <span class='ocrx_word' id='word_1_195' title='bbox 2509 3169 2695 3235; x_wconf 86' lang='lat' dir='ltr'>Plato</span> 
     </span>
     <span class='ocr_line' id='line_1_27' title="bbox 1002 3267 2693 3358; baseline 0.003 -24"><span class='ocrx_word' id='word_1_196' title='bbox 1002 3269 1334 3358; x_wconf 85' lang='lat' dir='ltr'>profecerit</span> <span class='ocrx_word' id='word_1_197' title='bbox 1375 3291 1452 3334; x_wconf 87' lang='lat' dir='ltr'>ex</span> <span class='ocrx_word' id='word_1_198' title='bbox 1503 3267 1744 3357; x_wconf 89' lang='lat' dir='ltr'>scriptis</span> <span class='ocrx_word' id='word_1_199' title='bbox 1791 3270 2230 3338; x_wconf 85' lang='lat' dir='ltr'>Hebraeorum.</span> <span class='ocrx_word' id='word_1_200' title='bbox 2353 3274 2517 3338; x_wconf 88' lang='lat' dir='ltr'><strong>I-Iaec</strong></span> <span class='ocrx_word' id='word_1_201' title='bbox 2569 3296 2693 3339; x_wconf 90' lang='lat' dir='ltr'>non</span> 
     </span>
     <span class='ocr_line' id='line_1_28' title="bbox 1003 3371 2696 3463; baseline 0.002 -26"><span class='ocrx_word' id='word_1_202' title='bbox 1003 3395 1342 3438; x_wconf 86' lang='lat' dir='ltr'>moramur.</span> <span class='ocrx_word' id='word_1_203' title='bbox 1390 3371 1494 3437; x_wconf 83' lang='lat' dir='ltr'>Cf.</span> <span class='ocrx_word' id='word_1_204' title='bbox 1531 3373 2087 3438; x_wconf 89' lang='lat' dir='ltr'>Sancto-Crucium</span> <span class='ocrx_word' id='word_1_205' title='bbox 2138 3391 2283 3440; x_wconf 87' lang='lat' dir='ltr'>nota</span> <span class='ocrx_word' id='word_1_206' title='bbox 2335 3375 2622 3463; x_wconf 88' lang='lat' dir='ltr'>proxima</span> <span class='ocrx_word' id='word_1_207' title='bbox 2657 3400 2696 3441; x_wconf 88' lang='lat' dir='ltr'>a</span> 
     </span>
     <span class='ocr_line' id='line_1_29' title="bbox 1002 3474 2694 3565; baseline 0.002 -25"><span class='ocrx_word' id='word_1_208' title='bbox 1002 3499 1105 3540; x_wconf 90' lang='lat' dir='ltr'>me</span> <span class='ocrx_word' id='word_1_209' title='bbox 1133 3474 1479 3540; x_wconf 86' lang='lat' dir='ltr'>laudatum.</span> <span class='ocrx_word' id='word_1_210' title='bbox 1527 3475 1655 3540; x_wconf 92' lang='lat' dir='ltr'>Hic</span> <span class='ocrx_word' id='word_1_211' title='bbox 1680 3499 2067 3565; x_wconf 87' lang='lat' dir='ltr'>apponamus</span> <span class='ocrx_word' id='word_1_212' title='bbox 2087 3476 2292 3543; x_wconf 91' lang='lat' dir='ltr'>locum</span> <span class='ocrx_word' id='word_1_213' title='bbox 2316 3478 2694 3544; x_wconf 89' lang='lat' dir='ltr'>simillimum</span> 
     </span>
     <span class='ocr_line' id='line_1_30' title="bbox 1006 3578 2691 3670; baseline 0.004 -28"><span class='ocrx_word' id='word_1_214' title='bbox 1006 3578 1286 3643; x_wconf 90' lang='lat' dir='ltr'>Philonis</span> <span class='ocrx_word' id='word_1_215' title='bbox 1342 3578 1559 3643; x_wconf 80' lang='lat' dir='ltr'>Judaei</span> <span class='ocrx_word' id='word_1_216' title='bbox 1618 3580 1822 3667; x_wconf 85' lang='lat' dir='ltr'>Legg.</span> <span class='ocrx_word' id='word_1_217' title='bbox 1882 3579 2200 3668; x_wconf 90' lang='lat' dir='ltr'>Allegorr.</span> <span class='ocrx_word' id='word_1_218' title='bbox 2264 3583 2402 3647; x_wconf 89' lang='grc' dir='ltr'><strong>ΙΙΙ.</strong></span> <span class='ocrx_word' id='word_1_219' title='bbox 2463 3606 2528 3670; x_wconf 91' lang='lat' dir='ltr'>p.</span> <span class='ocrx_word' id='word_1_220' title='bbox 2588 3603 2691 3669; x_wconf 86' lang='lat'>93.</span> 
     </span>
     <span class='ocr_line' id='line_1_31' title="bbox 1007 3681 2692 3770; baseline 0.004 -24"><span class='ocrx_word' id='word_1_221' title='bbox 1007 3684 1231 3770; x_wconf 85' lang='lat' dir='ltr'>Mang.</span> <span class='ocrx_word' id='word_1_222' title='bbox 1266 3705 1328 3770; x_wconf 88' lang='lat' dir='ltr'>p.</span> <span class='ocrx_word' id='word_1_223' title='bbox 1357 3685 1501 3747; x_wconf 87' lang='lat'><strong>260.</strong></span> <span class='ocrx_word' id='word_1_224' title='bbox 1525 3682 1724 3747; x_wconf 76' lang='lat' dir='ltr'>Pseiff</span> <span class='ocrx_word' id='word_1_225' title='bbox 1737 3708 1752 3746; x_wconf 72' lang='grc' dir='ltr'>ε</span> <span class='ocrx_word' id='word_1_226' title='bbox 1799 3681 2046 3766; x_wconf 84' lang='grc' dir='ltr'>λέγεται</span> <span class='ocrx_word' id='word_1_227' title='bbox 2066 3689 2212 3766; x_wconf 85' lang='grc' dir='ltr'>γοῦν</span> <span class='ocrx_word' id='word_1_228' title='bbox 2232 3688 2394 3768; x_wconf 74' lang='grc' dir='ltr'>παρὰ</span> <span class='ocrx_word' id='word_1_229' title='bbox 2419 3691 2692 3760; x_wconf 81' lang='grc' dir='ltr'>πολλοῖς,</span> 
     </span>
     <span class='ocr_line' id='line_1_32' title="bbox 1006 3785 2698 3872; baseline 0.005 -24"><span class='ocrx_word' id='word_1_230' title='bbox 1006 3785 1100 3849; x_wconf 83' lang='grc' dir='ltr'>ὅτι</span> <span class='ocrx_word' id='word_1_231' title='bbox 1126 3789 1201 3849; x_wconf 74' lang='grc' dir='ltr'>τὰ</span> <span class='ocrx_word' id='word_1_232' title='bbox 1232 3787 1298 3849; x_wconf 78' lang='grc' dir='ltr'>ἐν</span> <span class='ocrx_word' id='word_1_233' title='bbox 1325 3790 1405 3872; x_wconf 71' lang='grc' dir='ltr'>τῷ</span> <span class='ocrx_word' id='word_1_234' title='bbox 1440 3787 1638 3870; x_wconf 77' lang='grc' dir='ltr'>κόσμῳ</span> <span class='ocrx_word' id='word_1_235' title='bbox 1671 3786 1867 3850; x_wconf 82' lang='grc' dir='ltr'>πάντα</span> <span class='ocrx_word' id='word_1_236' title='bbox 1906 3786 2153 3868; x_wconf 85' lang='grc' dir='ltr'>φέρεται</span> <span class='ocrx_word' id='word_1_237' title='bbox 2187 3789 2368 3872; x_wconf 86' lang='grc' dir='ltr'>χωρὶς</span> <span class='ocrx_word' id='word_1_238' title='bbox 2407 3789 2698 3871; x_wconf 83' lang='grc' dir='ltr'>ἡγεμόνος</span> 
     </span>
     <span class='ocr_line' id='line_1_33' title="bbox 1007 3887 2696 3972; baseline 0.002 -21"><span class='ocrx_word' id='word_1_239' title='bbox 1007 3889 1564 3967; x_wconf 72' lang='grc' dir='ltr'>ἆπαυτοματίζοντα,</span> <span class='ocrx_word' id='word_1_240' title='bbox 1608 3887 1823 3971; x_wconf 80' lang='grc' dir='ltr'>τέχνας</span> <span class='ocrx_word' id='word_1_241' title='bbox 1871 3890 1936 3953; x_wconf 71' lang='grc' dir='ltr'>δὲ</span> <span class='ocrx_word' id='word_1_242' title='bbox 1983 3891 2079 3953; x_wconf 86' lang='grc' dir='ltr'>καὶ</span> <span class='ocrx_word' id='word_1_243' title='bbox 2133 3892 2557 3972; x_wconf 78' lang='grc' dir='ltr'>ἐπιτηδεύματα</span> <span class='ocrx_word' id='word_1_244' title='bbox 2602 3891 2696 3955; x_wconf 83' lang='grc' dir='ltr'>καὶ</span> 
     </span>
     <span class='ocr_line' id='line_1_34' title="bbox 1009 3989 2697 4069; baseline 0.004 -17"><span class='ocrx_word' id='word_1_245' title='bbox 1009 3990 1222 4068; x_wconf 89' lang='grc' dir='ltr'>νόμους</span> <span class='ocrx_word' id='word_1_246' title='bbox 1244 3989 1336 4052; x_wconf 84' lang='grc' dir='ltr'>καὶ</span> <span class='ocrx_word' id='word_1_247' title='bbox 1368 3989 1471 4069; x_wconf 78' lang='grc' dir='ltr'>ἔθη</span> <span class='ocrx_word' id='word_1_248' title='bbox 1502 3989 1597 4052; x_wconf 84' lang='grc' dir='ltr'>καὶ</span> <span class='ocrx_word' id='word_1_249' title='bbox 1625 3992 1900 4054; x_wconf 74' lang='grc' dir='ltr'>πολιτικὰ</span> <span class='ocrx_word' id='word_1_250' title='bbox 1929 3991 2023 4054; x_wconf 82' lang='grc' dir='ltr'>καὶ</span> <span class='ocrx_word' id='word_1_251' title='bbox 2051 3994 2170 4055; x_wconf 79' lang='grc' dir='ltr'>ἴδια</span> <span class='ocrx_word' id='word_1_252' title='bbox 2198 3994 2294 4056; x_wconf 86' lang='grc' dir='ltr'>καὶ</span> <span class='ocrx_word' id='word_1_253' title='bbox 2314 3997 2481 4057; x_wconf 80' lang='grc' dir='ltr'>κοινᾶ</span> <span class='ocrx_word' id='word_1_254' title='bbox 2503 3995 2697 4058; x_wconf 84' lang='grc' dir='ltr'>δίκαια</span> 
     </span>
     <span class='ocr_line' id='line_1_35' title="bbox 1008 4092 2694 4178; baseline 0.004 -23"><span class='ocrx_word' id='word_1_255' title='bbox 1008 4093 1156 4174; x_wconf 85' lang='grc' dir='ltr'>πρός</span> <span class='ocrx_word' id='word_1_256' title='bbox 1182 4117 1248 4155; x_wconf 82' lang='grc' dir='ltr'>τε</span> <span class='ocrx_word' id='word_1_257' title='bbox 1283 4093 1624 4173; x_wconf 79' lang='grc' dir='ltr'>ἀνθρώπους</span> <span class='ocrx_word' id='word_1_258' title='bbox 1666 4094 1762 4155; x_wconf 82' lang='grc' dir='ltr'>καὶ</span> <span class='ocrx_word' id='word_1_259' title='bbox 1803 4092 1948 4174; x_wconf 86' lang='grc' dir='ltr'>πρὸς</span> <span class='ocrx_word' id='word_1_260' title='bbox 1993 4097 2068 4157; x_wconf 74' lang='grc' dir='ltr'>τὰ</span> <span class='ocrx_word' id='word_1_261' title='bbox 2102 4096 2300 4178; x_wconf 79' lang='grc' dir='ltr'>ἄλογα</span> <span class='ocrx_word' id='word_1_262' title='bbox 2342 4103 2476 4171; x_wconf 80' lang='grc' dir='ltr'>ζῶα,</span> <span class='ocrx_word' id='word_1_263' title='bbox 2525 4097 2694 4161; x_wconf 81' lang='grc' dir='ltr'>ἔθετο</span> 
     </span>
     <span class='ocr_line' id='line_1_36' title="bbox 1007 4193 2694 4283; baseline 0.004 -27"><span class='ocrx_word' id='word_1_264' title='bbox 1007 4194 1189 4274; x_wconf 88' lang='grc' dir='ltr'>μόνος</span> <span class='ocrx_word' id='word_1_265' title='bbox 1217 4196 1252 4257; x_wconf 86' lang='grc' dir='ltr'>ὁ</span> <span class='ocrx_word' id='word_1_266' title='bbox 1288 4194 1653 4275; x_wconf 77' lang='grc' dir='ltr'>ἀνθρώπινος</span> <span class='ocrx_word' id='word_1_267' title='bbox 1691 4198 1844 4261; x_wconf 82' lang='grc' dir='ltr'>νοῦς.</span> <span class='ocrx_word' id='word_1_268' title='bbox 1893 4193 2030 4258; x_wconf 76' lang='grc' dir='ltr'>ἀλλ’</span> <span class='ocrx_word' id='word_1_269' title='bbox 2077 4198 2233 4280; x_wconf 75' lang='grc' dir='ltr'>ὁρᾷς,</span> <span class='ocrx_word' id='word_1_270' title='bbox 2266 4196 2313 4261; x_wconf 81' lang='grc' dir='ltr'><strong><em>ὦ</em></strong></span> <span class='ocrx_word' id='word_1_271' title='bbox 2343 4198 2534 4283; x_wconf 77' lang='grc' dir='ltr'>ψυχὴ,</span> <span class='ocrx_word' id='word_1_272' title='bbox 2577 4206 2694 4263; x_wconf 87' lang='grc' dir='ltr'>τῶν</span> 
     </span>
     <span class='ocr_line' id='line_1_37' title="bbox 1007 4293 2694 4383; baseline 0.006 -26"><span class='ocrx_word' id='word_1_273' title='bbox 1007 4296 1193 4373; x_wconf 75' lang='grc' dir='ltr'>δόξων</span> <span class='ocrx_word' id='word_1_274' title='bbox 1221 4294 1288 4358; x_wconf 83' lang='grc' dir='ltr'>τὸ</span> <span class='ocrx_word' id='word_1_275' title='bbox 1316 4293 1683 4376; x_wconf 83' lang='grc' dir='ltr'>παράλογον.</span> <span class='ocrx_word' id='word_1_276' title='bbox 1731 4297 1767 4376; x_wconf 88' lang='grc' dir='ltr'>ἡ</span> <span class='ocrx_word' id='word_1_277' title='bbox 1795 4298 1906 4375; x_wconf 73' lang='grc' dir='ltr'>μὲν</span> <span class='ocrx_word' id='word_1_278' title='bbox 1930 4300 2046 4379; x_wconf 75' lang='grc' dir='ltr'>γὰρ</span> <span class='ocrx_word' id='word_1_279' title='bbox 2080 4299 2186 4362; x_wconf 84' lang='grc' dir='ltr'>τὸν</span> <span class='ocrx_word' id='word_1_280' title='bbox 2217 4301 2312 4364; x_wconf 79' lang='grc' dir='ltr'>ἐπὶ</span> <span class='ocrx_word' id='word_1_281' title='bbox 2346 4301 2559 4383; x_wconf 83' lang='grc' dir='ltr'>μέρους</span> <span class='ocrx_word' id='word_1_282' title='bbox 2587 4303 2694 4368; x_wconf 86' lang='grc' dir='ltr'>τὸν</span> 
     </span>
     <span class='ocr_line' id='line_1_38' title="bbox 1006 4396 2694 4480; baseline 0.007 -21"><span class='ocrx_word' id='word_1_283' title='bbox 1006 4396 1297 4480; x_wconf 83' lang='grc' dir='ltr'>γεννητὸν</span> <span class='ocrx_word' id='word_1_284' title='bbox 1326 4398 1422 4461; x_wconf 85' lang='grc' dir='ltr'>καὶ</span> <span class='ocrx_word' id='word_1_285' title='bbox 1450 4396 1666 4477; x_wconf 86' lang='grc' dir='ltr'>θνητὸν</span> <span class='ocrx_word' id='word_1_286' title='bbox 1695 4399 2092 4475; x_wconf 78' lang='grc' dir='ltr'>ἀπολιποῦσα,</span> <span class='ocrx_word' id='word_1_287' title='bbox 2123 4400 2228 4466; x_wconf 85' lang='grc' dir='ltr'>τὸν</span> <span class='ocrx_word' id='word_1_288' title='bbox 2257 4409 2374 4467; x_wconf 88' lang='grc' dir='ltr'>τῶν</span> <span class='ocrx_word' id='word_1_289' title='bbox 2405 4406 2568 4468; x_wconf 83' lang='grc' dir='ltr'>ὅλων</span> <span class='ocrx_word' id='word_1_290' title='bbox 2599 4406 2694 4469; x_wconf 85' lang='grc' dir='ltr'>καὶ</span> 
     </span>
     <span class='ocr_line' id='line_1_39' title="bbox 1008 4498 2693 4588; baseline 0.005 -25"><span class='ocrx_word' id='word_1_291' title='bbox 1008 4498 1336 4581; x_wconf 76' lang='grc' dir='ltr'>ἀγέννητον</span> <span class='ocrx_word' id='word_1_292' title='bbox 1383 4500 1476 4563; x_wconf 84' lang='grc' dir='ltr'>καὶ</span> <span class='ocrx_word' id='word_1_293' title='bbox 1515 4501 1821 4583; x_wconf 80' lang='grc' dir='ltr'>ἄφθαρτον</span> <span class='ocrx_word' id='word_1_294' title='bbox 1861 4502 2249 4584; x_wconf 79' lang='grc' dir='ltr'>ἐπιγράφεται</span> <span class='ocrx_word' id='word_1_295' title='bbox 2301 4507 2501 4581; x_wconf 85' lang='grc' dir='ltr'>ὄντως,</span> <span class='ocrx_word' id='word_1_296' title='bbox 2544 4508 2583 4588; x_wconf 85' lang='grc' dir='ltr'><strong><em>ἦ</em></strong></span> <span class='ocrx_word' id='word_1_297' title='bbox 2628 4509 2693 4572; x_wconf 70' lang='grc' dir='ltr'>δὲ</span> 
     </span>
     <span class='ocr_line' id='line_1_40' title="bbox 1007 4601 2698 4695; baseline 0.005 -30"><span class='ocrx_word' id='word_1_298' title='bbox 1007 4601 1192 4665; x_wconf 81' lang='grc' dir='ltr'>πάλιν</span> <span class='ocrx_word' id='word_1_299' title='bbox 1222 4601 1362 4666; x_wconf 84' lang='grc' dir='ltr'>θεὸν</span> <span class='ocrx_word' id='word_1_300' title='bbox 1391 4603 1914 4682; x_wconf 79' lang='grc' dir='ltr'>ἀποδοκιμάζουσα,</span> <span class='ocrx_word' id='word_1_301' title='bbox 1935 4604 2042 4669; x_wconf 84' lang='grc' dir='ltr'>τὸν</span> <span class='ocrx_word' id='word_1_302' title='bbox 2067 4605 2197 4685; x_wconf 85' lang='grc' dir='ltr'>μηδ’</span> <span class='ocrx_word' id='word_1_303' title='bbox 2223 4607 2377 4695; x_wconf 71' lang='grc' dir='ltr'>αὐτῷ</span> <span class='ocrx_word' id='word_1_304' title='bbox 2399 4614 2698 4691; x_wconf 85' lang='grc' dir='ltr'>βοηθῆσαι</span> 
     </span>
     <span class='ocr_line' id='line_1_41' title="bbox 1010 4704 2699 4790; baseline 0.006 -23"><span class='ocrx_word' id='word_1_305' title='bbox 1010 4704 1213 4768; x_wconf 75' lang='grc' dir='ltr'>ἱκανὸν</span> <span class='ocrx_word' id='word_1_306' title='bbox 1242 4709 1383 4768; x_wconf 85' lang='grc' dir='ltr'>νοῦν</span> <span class='ocrx_word' id='word_1_307' title='bbox 1404 4707 1718 4788; x_wconf 82' lang='grc' dir='ltr'>σύμμαχον</span> <span class='ocrx_word' id='word_1_308' title='bbox 1743 4708 2058 4771; x_wconf 77' lang='grc' dir='ltr'>ἐπισπᾶται</span> <span class='ocrx_word' id='word_1_309' title='bbox 2084 4717 2460 4790; x_wconf 89' lang='grc' dir='ltr'>πλημμελῶς.</span> <span class='ocrx_word' id='word_1_310' title='bbox 2507 4712 2699 4790; x_wconf 83' lang='lat' dir='ltr'>Quod</span> 
     </span>
     <span class='ocr_line' id='line_1_42' title="bbox 1007 4805 2699 4893; baseline 0.005 -23"><span class='ocrx_word' id='word_1_311' title='bbox 1007 4805 1070 4871; x_wconf 86' lang='lat' dir='ltr'>h.</span> <span class='ocrx_word' id='word_1_312' title='bbox 1095 4805 1134 4870; x_wconf 93' lang='lat' dir='ltr'>l.</span> <span class='ocrx_word' id='word_1_313' title='bbox 1169 4805 1504 4893; x_wconf 82' lang='lat' dir='ltr'>Mangeius</span> <span class='ocrx_word' id='word_1_314' title='bbox 1533 4805 1773 4871; x_wconf 83' lang='lat' dir='ltr'>mavult</span> <span class='ocrx_word' id='word_1_315' title='bbox 1802 4809 2405 4889; x_wconf 81' lang='grc' dir='ltr'>ἆπαυτοματισθέντα,</span> <span class='ocrx_word' id='word_1_316' title='bbox 2438 4836 2563 4878; x_wconf 87' lang='lat' dir='ltr'>non</span> <span class='ocrx_word' id='word_1_317' title='bbox 2594 4837 2699 4879; x_wconf 89' lang='lat' dir='ltr'>ne-</span> 
     </span>
     <span class='ocr_line' id='line_1_43' title="bbox 1009 4908 2694 4994; baseline 0.003 -19"><span class='ocrx_word' id='word_1_318' title='bbox 1009 4933 1174 4975; x_wconf 83' lang='lat' dir='ltr'>cesse</span> <span class='ocrx_word' id='word_1_319' title='bbox 1201 4920 1329 4982; x_wconf 77' lang='lat' dir='ltr'>est:</span> <span class='ocrx_word' id='word_1_320' title='bbox 1363 4909 1534 4994; x_wconf 87' lang='lat' dir='ltr'>quod</span> <span class='ocrx_word' id='word_1_321' title='bbox 1563 4909 1626 4972; x_wconf 89' lang='lat' dir='ltr'>in</span> <span class='ocrx_word' id='word_1_322' title='bbox 1662 4908 1858 4974; x_wconf 84' lang='lat' dir='ltr'>Suida</span> <span class='ocrx_word' id='word_1_323' title='bbox 1884 4910 2054 4975; x_wconf 86' lang='lat' dir='ltr'>haec:</span> <span class='ocrx_word' id='word_1_324' title='bbox 2091 4913 2694 4993; x_wconf 84' lang='grc' dir='ltr'>ἆπαυτοματισθεῖσα,</span> 
     </span>
     <span class='ocr_line' id='line_1_44' title="bbox 1010 5010 2696 5101; baseline 0.002 -23"><span class='ocrx_word' id='word_1_325' title='bbox 1010 5014 1115 5078; x_wconf 78' lang='grc' dir='ltr'>οὐκ</span> <span class='ocrx_word' id='word_1_326' title='bbox 1145 5010 1248 5095; x_wconf 78' lang='grc' dir='ltr'>ἀφ’</span> <span class='ocrx_word' id='word_1_327' title='bbox 1282 5015 1487 5091; x_wconf 82' lang='grc' dir='ltr'>ἑαυτῆς</span> <span class='ocrx_word' id='word_1_328' title='bbox 1522 5017 1907 5077; x_wconf 84' lang='grc' dir='ltr'>τελειωθεΐσα</span> <span class='ocrx_word' id='word_1_329' title='bbox 1945 5028 2187 5078; x_wconf 89' lang='lat' dir='ltr'>mutata</span> <span class='ocrx_word' id='word_1_330' title='bbox 2212 5014 2389 5079; x_wconf 88' lang='lat' dir='ltr'>vult:</span> <span class='ocrx_word' id='word_1_331' title='bbox 2439 5019 2545 5081; x_wconf 79' lang='grc' dir='ltr'>οὐκ</span> <span class='ocrx_word' id='word_1_332' title='bbox 2590 5017 2696 5101; x_wconf 80' lang='grc' dir='ltr'>ἀφ’</span> 
     </span>
     <span class='ocr_line' id='line_1_45' title="bbox 1013 5115 2701 5201; baseline 0.001 -20"><span class='ocrx_word' id='word_1_333' title='bbox 1013 5118 1201 5183; x_wconf 74' lang='grc' dir='ltr'>αἰτίας</span> <span class='ocrx_word' id='word_1_334' title='bbox 1249 5136 1372 5178; x_wconf 91' lang='lat' dir='ltr'>non</span> <span class='ocrx_word' id='word_1_335' title='bbox 1417 5115 1614 5201; x_wconf 86' lang='lat' dir='ltr'>magis</span> <span class='ocrx_word' id='word_1_336' title='bbox 1657 5137 1923 5191; x_wconf 89' lang='lat' dir='ltr'>necesse,</span> <span class='ocrx_word' id='word_1_337' title='bbox 1973 5115 2186 5180; x_wconf 85' lang='lat' dir='ltr'>Suidae</span> <span class='ocrx_word' id='word_1_338' title='bbox 2224 5116 2544 5182; x_wconf 89' lang='lat' dir='ltr'>lectionem</span> <span class='ocrx_word' id='word_1_339' title='bbox 2598 5121 2701 5184; x_wconf 85' lang='lat' dir='ltr'>fir-</span> 
     </span>
     <span class='ocr_line' id='line_1_46' title="bbox 1013 5216 2695 5307; baseline 0.003 -24"><span class='ocrx_word' id='word_1_340' title='bbox 1013 5233 1184 5283; x_wconf 88' lang='lat' dir='ltr'>mant</span> <span class='ocrx_word' id='word_1_341' title='bbox 1227 5216 1524 5282; x_wconf 86' lang='lat' dir='ltr'>Lexicon.</span> <span class='ocrx_word' id='word_1_342' title='bbox 1568 5217 1831 5281; x_wconf 89' lang='lat' dir='ltr'>Rhetor.</span> <span class='ocrx_word' id='word_1_343' title='bbox 1880 5217 2152 5283; x_wconf 90' lang='lat' dir='ltr'>Bekkeri</span> <span class='ocrx_word' id='word_1_344' title='bbox 2184 5243 2251 5307; x_wconf 90' lang='lat' dir='ltr'>p.</span> <span class='ocrx_word' id='word_1_345' title='bbox 2280 5240 2432 5306; x_wconf 90' lang='lat'><strong>419.</strong></span> <span class='ocrx_word' id='word_1_346' title='bbox 2462 5237 2526 5286; x_wconf 91' lang='lat' dir='ltr'>et</span> <span class='ocrx_word' id='word_1_347' title='bbox 2571 5225 2695 5287; x_wconf 93' lang='grc' dir='ltr'>Ζο-</span> 
     </span>
     <span class='ocr_line' id='line_1_47' title="bbox 1014 5319 2694 5408; baseline 0.004 -24"><span class='ocrx_word' id='word_1_348' title='bbox 1014 5342 1195 5384; x_wconf 84' lang='lat' dir='ltr'>naras</span> <span class='ocrx_word' id='word_1_349' title='bbox 1221 5343 1284 5408; x_wconf 89' lang='lat' dir='ltr'>p.</span> <span class='ocrx_word' id='word_1_350' title='bbox 1316 5339 1352 5383; x_wconf 80' lang='lat'><em>2</em></span> <span class='ocrx_word' id='word_1_351' title='bbox 1354 5320 1462 5405; x_wconf 85' lang='lat'>58.</span> <span class='ocrx_word' id='word_1_352' title='bbox 1552 5319 1728 5405; x_wconf 87' lang='lat' dir='ltr'>Lege</span> <span class='ocrx_word' id='word_1_353' title='bbox 1765 5319 1829 5382; x_wconf 89' lang='lat' dir='ltr'>in</span> <span class='ocrx_word' id='word_1_354' title='bbox 1865 5319 2108 5407; x_wconf 84' lang='lat' dir='ltr'>glossa:</span> <span class='ocrx_word' id='word_1_355' title='bbox 2157 5322 2261 5386; x_wconf 79' lang='grc' dir='ltr'>οὐκ</span> <span class='ocrx_word' id='word_1_356' title='bbox 2302 5324 2694 5405; x_wconf 85' lang='grc' dir='ltr'>ἆπαυτοματι-</span> 
     </span>
     <span class='ocr_line' id='line_1_48' title="bbox 1017 5421 2697 5516; baseline 0.005 -31"><span class='ocrx_word' id='word_1_357' title='bbox 1017 5428 1250 5497; x_wconf 83' lang='grc' dir='ltr'>σθεῖσα,</span> <span class='ocrx_word' id='word_1_358' title='bbox 1295 5423 1399 5487; x_wconf 91' lang='lat' dir='ltr'><strong>Cf.</strong></span> <span class='ocrx_word' id='word_1_359' title='bbox 1446 5421 1798 5486; x_wconf 88' lang='lat' dir='ltr'>Tittmann.</span> <span class='ocrx_word' id='word_1_360' title='bbox 1842 5445 1906 5510; x_wconf 91' lang='lat' dir='ltr'><strong>p.</strong></span> <span class='ocrx_word' id='word_1_361' title='bbox 1933 5441 2079 5508; x_wconf 87' lang='lat'><strong>259.</strong></span> <span class='ocrx_word' id='word_1_362' title='bbox 2127 5440 2258 5490; x_wconf 86' lang='lat' dir='ltr'>not.</span> <span class='ocrx_word' id='word_1_363' title='bbox 2302 5428 2697 5516; x_wconf 84' lang='lat' dir='ltr'>31.—Pejus</span> 
     </span>
     <span class='ocr_line' id='line_1_49' title="bbox 1013 5523 2692 5619; baseline 0.006 -31"><span class='ocrx_word' id='word_1_364' title='bbox 1013 5538 1222 5589; x_wconf 89' lang='lat' dir='ltr'>autem</span> <span class='ocrx_word' id='word_1_365' title='bbox 1250 5523 1413 5590; x_wconf 90' lang='lat' dir='ltr'>idem</span> <span class='ocrx_word' id='word_1_366' title='bbox 1446 5523 1782 5613; x_wconf 87' lang='lat' dir='ltr'>Mangeius</span> <span class='ocrx_word' id='word_1_367' title='bbox 1807 5524 1890 5590; x_wconf 89' lang='lat' dir='ltr'>de</span> <span class='ocrx_word' id='word_1_368' title='bbox 1929 5527 2164 5592; x_wconf 91' lang='lat' dir='ltr'>Mundi</span> <span class='ocrx_word' id='word_1_369' title='bbox 2193 5528 2459 5617; x_wconf 89' lang='lat' dir='ltr'>Opificio</span> <span class='ocrx_word' id='word_1_370' title='bbox 2486 5554 2554 5619; x_wconf 89' lang='lat' dir='ltr'><strong>p.</strong></span> <span class='ocrx_word' id='word_1_371' title='bbox 2584 5533 2692 5618; x_wconf 85' lang='lat'>36.</span> 
     </span>
    </p>
   </div>
   <div class='ocr_carea' id='block_1_3' title="bbox 1972 528 3495 596">
    <p class='ocr_par' dir='ltr' id='par_1_4' title="bbox 1972 528 3495 596">
     <span class='ocr_line' id='line_1_50' title="bbox 1972 528 3495 596; baseline -0.001 0"><span class='ocrx_word' id='word_1_372' title='bbox 1972 528 2802 596; x_wconf 88' lang='lat' dir='ltr'><strong>ANNOTATIONES</strong></span> <span class='ocrx_word' id='word_1_373' title='bbox 2868 529 2982 592; x_wconf 90' lang='lat' dir='ltr'>IN</span> <span class='ocrx_word' id='word_1_374' title='bbox 3044 528 3495 594; x_wconf 90' lang='lat' dir='ltr'><strong>PLOTINI</strong></span> 
     </span>
    </p>
   </div>
   <div class='ocr_carea' id='block_1_4' title="bbox 2774 699 4476 5629">
    <p class='ocr_par' dir='ltr' id='par_1_5' title="bbox 2774 699 4474 2332">
     <span class='ocr_line' id='line_1_51' title="bbox 2780 699 4464 788; baseline 0.005 -23"><span class='ocrx_word' id='word_1_375' title='bbox 2780 700 2872 788; x_wconf 90' lang='lat' dir='ltr'>(p.</span> <span class='ocrx_word' id='word_1_376' title='bbox 2910 719 3047 764; x_wconf 83' lang='lat'><strong>102.</strong></span> <span class='ocrx_word' id='word_1_377' title='bbox 3082 700 3324 785; x_wconf 83' lang='lat' dir='ltr'>Pfeiff.)</span> <span class='ocrx_word' id='word_1_378' title='bbox 3346 699 3522 765; x_wconf 85' lang='lat' dir='ltr'>dedit</span> <span class='ocrx_word' id='word_1_379' title='bbox 3541 701 3640 765; x_wconf 78' lang='grc' dir='ltr'>ἵνα</span> <span class='ocrx_word' id='word_1_380' title='bbox 3664 703 4101 783; x_wconf 75' lang='grc' dir='ltr'>ἑπαυτοματίσῃ</span> <span class='ocrx_word' id='word_1_381' title='bbox 4122 706 4227 770; x_wconf 76' lang='grc' dir='ltr'>τὰς</span> <span class='ocrx_word' id='word_1_382' title='bbox 4250 703 4464 779; x_wconf 85' lang='grc' dir='ltr'>θέσεις,</span> 
     </span>
     <span class='ocr_line' id='line_1_52' title="bbox 2775 802 4468 891; baseline 0.002 -24"><span class='ocrx_word' id='word_1_383' title='bbox 2775 826 2892 891; x_wconf 88' lang='lat' dir='ltr'>pro</span> <span class='ocrx_word' id='word_1_384' title='bbox 2922 805 3383 884; x_wconf 78' lang='grc' dir='ltr'>ἆπαυτοματίσῃ,</span> <span class='ocrx_word' id='word_1_385' title='bbox 3418 818 3490 868; x_wconf 90' lang='lat' dir='ltr'>ut</span> <span class='ocrx_word' id='word_1_386' title='bbox 3517 802 3660 868; x_wconf 90' lang='lat' dir='ltr'>libri</span> <span class='ocrx_word' id='word_1_387' title='bbox 3688 804 3839 870; x_wconf 82' lang='lat' dir='ltr'>editi</span> <span class='ocrx_word' id='word_1_388' title='bbox 3876 820 3939 870; x_wconf 90' lang='lat' dir='ltr'>et</span> <span class='ocrx_word' id='word_1_389' title='bbox 3976 806 4138 871; x_wconf 86' lang='lat' dir='ltr'><strong>cod.</strong></span> <span class='ocrx_word' id='word_1_390' title='bbox 4175 808 4264 871; x_wconf 91' lang='lat' dir='ltr'><strong>A.</strong></span> <span class='ocrx_word' id='word_1_391' title='bbox 4294 806 4468 871; x_wconf 83' lang='lat' dir='ltr'>exhi-</span> 
     </span>
     <span class='ocr_line' id='line_1_53' title="bbox 2774 905 4467 997; baseline 0.002 -26"><span class='ocrx_word' id='word_1_392' title='bbox 2774 905 2946 972; x_wconf 89' lang='lat' dir='ltr'>bent.</span> <span class='ocrx_word' id='word_1_393' title='bbox 3041 906 3220 971; x_wconf 88' lang='lat' dir='ltr'>Idem</span> <span class='ocrx_word' id='word_1_394' title='bbox 3266 907 3330 971; x_wconf 92' lang='lat' dir='ltr'>in</span> <span class='ocrx_word' id='word_1_395' title='bbox 3380 906 3783 995; x_wconf 86' lang='lat' dir='ltr'>sequentibus</span> <span class='ocrx_word' id='word_1_396' title='bbox 3839 932 3957 997; x_wconf 93' lang='lat' dir='ltr'>pro</span> <span class='ocrx_word' id='word_1_397' title='bbox 4004 909 4072 973; x_wconf 84' lang='grc' dir='ltr'>τὸ</span> <span class='ocrx_word' id='word_1_398' title='bbox 4118 909 4467 992; x_wconf 85' lang='grc' dir='ltr'>παράλογον</span> 
     </span>
     <span class='ocr_line' id='line_1_54' title="bbox 2776 1008 4466 1098; baseline 0.002 -24"><span class='ocrx_word' id='word_1_399' title='bbox 2776 1008 3034 1098; x_wconf 85' lang='lat' dir='ltr'>conjecit</span> <span class='ocrx_word' id='word_1_400' title='bbox 3093 1010 3162 1074; x_wconf 84' lang='grc' dir='ltr'>τὸ</span> <span class='ocrx_word' id='word_1_401' title='bbox 3219 1009 3527 1092; x_wconf 82' lang='grc' dir='ltr'>διάφορον.</span> <span class='ocrx_word' id='word_1_402' title='bbox 3619 1009 3860 1075; x_wconf 90' lang='lat' dir='ltr'>Lenius</span> <span class='ocrx_word' id='word_1_403' title='bbox 3910 1028 4077 1076; x_wconf 88' lang='lat' dir='ltr'>erat:</span> <span class='ocrx_word' id='word_1_404' title='bbox 4124 1012 4193 1076; x_wconf 84' lang='grc' dir='ltr'>τὸ</span> <span class='ocrx_word' id='word_1_405' title='bbox 4239 1021 4466 1096; x_wconf 87' lang='grc' dir='ltr'>παραλ-</span> 
     </span>
     <span class='ocr_line' id='line_1_55' title="bbox 2776 1111 4466 1201; baseline 0.002 -25"><span class='ocrx_word' id='word_1_406' title='bbox 2776 1112 3017 1177; x_wconf 82' lang='grc' dir='ltr'>λάσσον</span> <span class='ocrx_word' id='word_1_407' title='bbox 3043 1112 3141 1177; x_wconf 84' lang='lat' dir='ltr'>vel</span> <span class='ocrx_word' id='word_1_408' title='bbox 3170 1112 3237 1176; x_wconf 86' lang='grc' dir='ltr'>τὸ</span> <span class='ocrx_word' id='word_1_409' title='bbox 3266 1111 3708 1195; x_wconf 82' lang='grc' dir='ltr'>παραλλάττον,</span> <span class='ocrx_word' id='word_1_410' title='bbox 3739 1114 3909 1200; x_wconf 90' lang='lat' dir='ltr'>quod</span> <span class='ocrx_word' id='word_1_411' title='bbox 3944 1114 4105 1179; x_wconf 90' lang='lat' dir='ltr'>idem</span> <span class='ocrx_word' id='word_1_412' title='bbox 4148 1130 4243 1180; x_wconf 89' lang='lat' dir='ltr'>est</span> <span class='ocrx_word' id='word_1_413' title='bbox 4278 1130 4466 1201; x_wconf 90' lang='lat' dir='ltr'>atque</span> 
     </span>
     <span class='ocr_line' id='line_1_56' title="bbox 2782 1215 4467 1306; baseline 0.002 -27"><span class='ocrx_word' id='word_1_414' title='bbox 2782 1215 2850 1280; x_wconf 84' lang='grc' dir='ltr'>τὸ</span> <span class='ocrx_word' id='word_1_415' title='bbox 2896 1215 3201 1298; x_wconf 81' lang='grc' dir='ltr'>διάφορον.</span> <span class='ocrx_word' id='word_1_416' title='bbox 3292 1217 3489 1280; x_wconf 83' lang='lat' dir='ltr'>Recte</span> <span class='ocrx_word' id='word_1_417' title='bbox 3533 1231 3767 1294; x_wconf 89' lang='lat' dir='ltr'>autem,</span> <span class='ocrx_word' id='word_1_418' title='bbox 3820 1216 3884 1280; x_wconf 92' lang='lat' dir='ltr'>ni</span> <span class='ocrx_word' id='word_1_419' title='bbox 3929 1217 4132 1296; x_wconf 86' lang='lat' dir='ltr'>fallor,</span> <span class='ocrx_word' id='word_1_420' title='bbox 4186 1219 4467 1306; x_wconf 87' lang='lat' dir='ltr'>proxime</span> 
     </span>
     <span class='ocr_line' id='line_1_57' title="bbox 2782 1318 4470 1409; baseline 0.004 -28"><span class='ocrx_word' id='word_1_421' title='bbox 2782 1318 3029 1405; x_wconf 88' lang='lat' dir='ltr'>conjicit</span> <span class='ocrx_word' id='word_1_422' title='bbox 3057 1318 3294 1386; x_wconf 83' lang='grc' dir='ltr'>δέοντος</span> <span class='ocrx_word' id='word_1_423' title='bbox 3323 1341 3438 1405; x_wconf 90' lang='lat' dir='ltr'>pro</span> <span class='ocrx_word' id='word_1_424' title='bbox 3465 1321 3669 1387; x_wconf 86' lang='grc' dir='ltr'>ὅντως.</span> <span class='ocrx_word' id='word_1_425' title='bbox 3766 1323 4079 1386; x_wconf 86' lang='lat' dir='ltr'>Caeterum</span> <span class='ocrx_word' id='word_1_426' title='bbox 4107 1323 4280 1409; x_wconf 89' lang='lat' dir='ltr'>quod</span> <span class='ocrx_word' id='word_1_427' title='bbox 4304 1323 4470 1388; x_wconf 90' lang='lat' dir='ltr'>idem</span> 
     </span>
     <span class='ocr_line' id='line_1_58' title="bbox 2788 1421 4473 1508; baseline 0.004 -25"><span class='ocrx_word' id='word_1_428' title='bbox 2788 1421 2882 1485; x_wconf 89' lang='lat' dir='ltr'>vir</span> <span class='ocrx_word' id='word_1_429' title='bbox 2914 1421 3262 1508; x_wconf 87' lang='lat' dir='ltr'>Epicureos</span> <span class='ocrx_word' id='word_1_430' title='bbox 3292 1437 3356 1485; x_wconf 91' lang='lat' dir='ltr'>et</span> <span class='ocrx_word' id='word_1_431' title='bbox 3401 1422 3779 1487; x_wconf 84' lang='lat' dir='ltr'>Sadducaeos</span> <span class='ocrx_word' id='word_1_432' title='bbox 3816 1446 3855 1487; x_wconf 90' lang='lat' dir='ltr'>a</span> <span class='ocrx_word' id='word_1_433' title='bbox 3897 1423 4162 1489; x_wconf 90' lang='lat' dir='ltr'>Philone</span> <span class='ocrx_word' id='word_1_434' title='bbox 4193 1424 4314 1489; x_wconf 91' lang='lat' dir='ltr'>illis</span> <span class='ocrx_word' id='word_1_435' title='bbox 4341 1449 4473 1491; x_wconf 82' lang='lat' dir='ltr'>ver-</span> 
     </span>
     <span class='ocr_line' id='line_1_59' title="bbox 2782 1522 4473 1614; baseline 0.004 -26"><span class='ocrx_word' id='word_1_436' title='bbox 2782 1522 2879 1588; x_wconf 88' lang='lat' dir='ltr'>bis</span> <span class='ocrx_word' id='word_1_437' title='bbox 2918 1523 3117 1588; x_wconf 90' lang='lat' dir='ltr'>notari</span> <span class='ocrx_word' id='word_1_438' title='bbox 3163 1524 3534 1612; x_wconf 87' lang='lat' dir='ltr'>suspicatur,</span> <span class='ocrx_word' id='word_1_439' title='bbox 3568 1525 3916 1614; x_wconf 88' lang='lat' dir='ltr'>Epicureos</span> <span class='ocrx_word' id='word_1_440' title='bbox 3958 1527 4142 1592; x_wconf 89' lang='lat' dir='ltr'>etiam</span> <span class='ocrx_word' id='word_1_441' title='bbox 4186 1528 4473 1596; x_wconf 83' lang='lat' dir='ltr'>Plotinus</span> 
     </span>
     <span class='ocr_line' id='line_1_60' title="bbox 2784 1625 4471 1715; baseline 0.004 -25"><span class='ocrx_word' id='word_1_442' title='bbox 2784 1626 2843 1690; x_wconf 92' lang='lat' dir='ltr'>h.</span> <span class='ocrx_word' id='word_1_443' title='bbox 2867 1625 2911 1690; x_wconf 94' lang='lat' dir='ltr'>l.</span> <span class='ocrx_word' id='word_1_444' title='bbox 2959 1643 3212 1714; x_wconf 88' lang='lat' dir='ltr'>tangere</span> <span class='ocrx_word' id='word_1_445' title='bbox 3261 1628 3581 1715; x_wconf 86' lang='lat' dir='ltr'>putandus</span> <span class='ocrx_word' id='word_1_446' title='bbox 3632 1645 3745 1693; x_wconf 90' lang='lat' dir='ltr'>est.</span> <span class='ocrx_word' id='word_1_447' title='bbox 3835 1630 3938 1694; x_wconf 92' lang='lat' dir='ltr'>De</span> <span class='ocrx_word' id='word_1_448' title='bbox 3983 1630 4471 1697; x_wconf 84' lang='lat' dir='ltr'>Sadducaeorum</span> 
     </span>
     <span class='ocr_line' id='line_1_61' title="bbox 2779 1732 4469 1824; baseline 0.004 -27"><span class='ocrx_word' id='word_1_449' title='bbox 2779 1732 3020 1821; x_wconf 89' lang='lat' dir='ltr'>placitis</span> <span class='ocrx_word' id='word_1_450' title='bbox 3064 1734 3187 1798; x_wconf 88' lang='lat' dir='ltr'>huc</span> <span class='ocrx_word' id='word_1_451' title='bbox 3225 1734 3678 1821; x_wconf 87' lang='lat' dir='ltr'>pertinentibus</span> <span class='ocrx_word' id='word_1_452' title='bbox 3721 1734 3973 1801; x_wconf 90' lang='lat' dir='ltr'>consule</span> <span class='ocrx_word' id='word_1_453' title='bbox 4016 1737 4363 1824; x_wconf 66' lang='lat' dir='ltr'>Jooephum</span> <span class='ocrx_word' id='word_1_454' title='bbox 4406 1738 4469 1803; x_wconf 91' lang='lat' dir='ltr'>in</span> 
     </span>
     <span class='ocr_line' id='line_1_62' title="bbox 2782 1836 4474 1925; baseline 0.003 -25"><span class='ocrx_word' id='word_1_455' title='bbox 2782 1836 3130 1924; x_wconf 89' lang='lat' dir='ltr'>Antiquitt.</span> <span class='ocrx_word' id='word_1_456' title='bbox 3192 1838 3238 1903; x_wconf 85' lang='lat' dir='ltr'><strong>J</strong></span> <span class='ocrx_word' id='word_1_457' title='bbox 3245 1836 3482 1901; x_wconf 87' lang='lat' dir='ltr'>udaicc.</span> <span class='ocrx_word' id='word_1_458' title='bbox 3545 1838 3762 1902; x_wconf 89' lang='lat' dir='ltr'><strong>XIII.</strong></span> <span class='ocrx_word' id='word_1_459' title='bbox 3816 1858 3879 1924; x_wconf 85' lang='lat'>5.</span> <span class='ocrx_word' id='word_1_460' title='bbox 3930 1859 3991 1925; x_wconf 92' lang='lat'>9.</span> <span class='ocrx_word' id='word_1_461' title='bbox 4046 1855 4111 1904; x_wconf 90' lang='lat' dir='ltr'>et</span> <span class='ocrx_word' id='word_1_462' title='bbox 4166 1841 4246 1904; x_wconf 92' lang='lat' dir='ltr'>de</span> <span class='ocrx_word' id='word_1_463' title='bbox 4295 1839 4474 1907; x_wconf 90' lang='lat' dir='ltr'>Bello</span> 
     </span>
     <span class='ocr_line' id='line_1_63' title="bbox 2781 1937 4469 2027; baseline 0.003 -25"><span class='ocrx_word' id='word_1_464' title='bbox 2781 1939 2827 2002; x_wconf 85' lang='lat' dir='ltr'>J</span> <span class='ocrx_word' id='word_1_465' title='bbox 2835 1938 2939 2002; x_wconf 92' lang='lat' dir='ltr'><strong>ud.</strong></span> <span class='ocrx_word' id='word_1_466' title='bbox 2977 1940 3072 2003; x_wconf 89' lang='grc' dir='ltr'>ΙΙ.</span> <span class='ocrx_word' id='word_1_467' title='bbox 3106 1939 3165 2002; x_wconf 88' lang='lat'>8.</span> <span class='ocrx_word' id='word_1_468' title='bbox 3204 1956 3261 2004; x_wconf 85' lang='lat'>2.</span> <span class='ocrx_word' id='word_1_469' title='bbox 3348 1937 3635 2003; x_wconf 87' lang='lat' dir='ltr'>Plotinus</span> <span class='ocrx_word' id='word_1_470' title='bbox 3673 1953 3878 2003; x_wconf 87' lang='lat' dir='ltr'>autem</span> <span class='ocrx_word' id='word_1_471' title='bbox 3911 1940 4314 2027; x_wconf 87' lang='lat' dir='ltr'>sequentibus</span> <span class='ocrx_word' id='word_1_472' title='bbox 4335 1965 4469 2007; x_wconf 85' lang='lat' dir='ltr'>ver-</span> 
     </span>
     <span class='ocr_line' id='line_1_64' title="bbox 2782 2039 4470 2128; baseline 0.004 -25"><span class='ocrx_word' id='word_1_473' title='bbox 2782 2039 2877 2104; x_wconf 88' lang='lat' dir='ltr'>bis</span> <span class='ocrx_word' id='word_1_474' title='bbox 2907 2065 2921 2103; x_wconf 90' lang='lat'>:</span> <span class='ocrx_word' id='word_1_475' title='bbox 2967 2046 3090 2107; x_wconf 83' lang='grc' dir='ltr'>τοῖς</span> <span class='ocrx_word' id='word_1_476' title='bbox 3117 2043 3181 2104; x_wconf 74' lang='grc' dir='ltr'>δὲ</span> <span class='ocrx_word' id='word_1_477' title='bbox 3212 2042 3289 2108; x_wconf 81' lang='grc' dir='ltr'>ὡς</span> <span class='ocrx_word' id='word_1_478' title='bbox 3313 2040 3428 2105; x_wconf 71' lang='grc' dir='ltr'>ὑπὸ</span> <span class='ocrx_word' id='word_1_479' title='bbox 3470 2046 3649 2106; x_wconf 85' lang='grc' dir='ltr'>κακοῦ</span> <span class='ocrx_word' id='word_1_480' title='bbox 3686 2047 4038 2125; x_wconf 83' lang='grc' dir='ltr'>δημιουργοῦ</span> <span class='ocrx_word' id='word_1_481' title='bbox 4067 2045 4196 2108; x_wconf 80' lang='grc' dir='ltr'>ἐστι</span> <span class='ocrx_word' id='word_1_482' title='bbox 4221 2071 4470 2128; x_wconf 86' lang='grc' dir='ltr'>γεγενη-</span> 
     </span>
     <span class='ocr_line' id='line_1_65' title="bbox 2778 2143 4471 2233; baseline 0.002 -25"><span class='ocrx_word' id='word_1_483' title='bbox 2778 2143 2974 2225; x_wconf 86' lang='grc' dir='ltr'>μένος,</span> <span class='ocrx_word' id='word_1_484' title='bbox 3023 2143 3353 2208; x_wconf 88' lang='lat' dir='ltr'>Gnosticos</span> <span class='ocrx_word' id='word_1_485' title='bbox 3400 2143 3818 2231; x_wconf 87' lang='lat' dir='ltr'>reprehendit,</span> <span class='ocrx_word' id='word_1_486' title='bbox 3854 2158 3923 2208; x_wconf 91' lang='lat' dir='ltr'>ut</span> <span class='ocrx_word' id='word_1_487' title='bbox 3967 2167 4159 2233; x_wconf 89' lang='lat' dir='ltr'>supra</span> <span class='ocrx_word' id='word_1_488' title='bbox 4199 2146 4471 2213; x_wconf 82' lang='lat' dir='ltr'>vidimus</span> 
     </span>
     <span class='ocr_line' id='line_1_66' title="bbox 2782 2244 3980 2332; baseline 0.001 -23"><span class='ocrx_word' id='word_1_489' title='bbox 2782 2245 2847 2309; x_wconf 90' lang='lat' dir='ltr'>in</span> <span class='ocrx_word' id='word_1_490' title='bbox 2877 2244 3037 2310; x_wconf 81' lang='lat' dir='ltr'>libro</span> <span class='ocrx_word' id='word_1_491' title='bbox 3065 2246 3373 2310; x_wconf 71' lang='lat' dir='ltr'>adversus</span> <span class='ocrx_word' id='word_1_492' title='bbox 3407 2247 3751 2324; x_wconf 66' lang='lat' dir='ltr'>Gnosticos,</span> <span class='ocrx_word' id='word_1_493' title='bbox 3785 2247 3883 2311; x_wconf 90' lang='grc' dir='ltr'>ΙΙ.</span> <span class='ocrx_word' id='word_1_494' title='bbox 3918 2267 3980 2332; x_wconf 91' lang='lat'>9.</span> 
     </span>
    </p>

    <p class='ocr_par' dir='ltr' id='par_1_6' title="bbox 2778 2348 4476 5629">
     <span class='ocr_line' id='line_1_67' title="bbox 2870 2348 4472 2439; baseline 0.003 -29"><span class='ocrx_word' id='word_1_495' title='bbox 2870 2371 2935 2435; x_wconf 92' lang='lat' dir='ltr'>p.</span> <span class='ocrx_word' id='word_1_496' title='bbox 2967 2365 3117 2433; x_wconf 85' lang='lat'>454,</span> <span class='ocrx_word' id='word_1_497' title='bbox 3154 2368 3252 2434; x_wconf 83' lang='lat'>13.</span> <span class='ocrx_word' id='word_1_498' title='bbox 3298 2348 3366 2412; x_wconf 83' lang='grc' dir='ltr'>τὸ</span> <span class='ocrx_word' id='word_1_499' title='bbox 3408 2352 3555 2412; x_wconf 80' lang='grc' dir='ltr'>κατὰ</span> <span class='ocrx_word' id='word_1_500' title='bbox 3601 2353 3742 2412; x_wconf 86' lang='grc' dir='ltr'>νοῦν</span> <span class='ocrx_word' id='word_1_501' title='bbox 3780 2350 3961 2413; x_wconf 75' lang='grc' dir='ltr'>αὐτὸν</span> <span class='ocrx_word' id='word_1_502' title='bbox 4002 2349 4180 2436; x_wconf 81' lang='grc' dir='ltr'>εἶναι]</span> <span class='ocrx_word' id='word_1_503' title='bbox 4233 2351 4363 2415; x_wconf 89' lang='lat' dir='ltr'>Hic</span> <span class='ocrx_word' id='word_1_504' title='bbox 4391 2355 4472 2439; x_wconf 70' lang='grc' dir='ltr'>τᾷ</span> 
     </span>
     <span class='ocr_line' id='line_1_68' title="bbox 2784 2449 4470 2538; baseline 0.002 -23"><span class='ocrx_word' id='word_1_505' title='bbox 2784 2451 3026 2538; x_wconf 75' lang='grc' dir='ltr'>-αὗτῷ</span> <span class='ocrx_word' id='word_1_506' title='bbox 3056 2450 3177 2538; x_wconf 89' lang='lat' dir='ltr'>legi</span> <span class='ocrx_word' id='word_1_507' title='bbox 3197 2450 3384 2538; x_wconf 89' lang='lat' dir='ltr'>jubet</span> <span class='ocrx_word' id='word_1_508' title='bbox 3412 2449 3746 2536; x_wconf 87' lang='lat' dir='ltr'>Wyttenb.</span> <span class='ocrx_word' id='word_1_509' title='bbox 3779 2449 3857 2515; x_wconf 90' lang='lat' dir='ltr'>ad</span> <span class='ocrx_word' id='word_1_510' title='bbox 3890 2450 4137 2516; x_wconf 88' lang='lat' dir='ltr'>Platon.</span> <span class='ocrx_word' id='word_1_511' title='bbox 4161 2453 4470 2528; x_wconf 69' lang='lat' dir='ltr'>Phaedon,</span> 
     </span>
     <span class='ocr_line' id='line_1_69' title="bbox 2779 2551 4472 2644; baseline 0.002 -28"><span class='ocrx_word' id='word_1_512' title='bbox 2779 2576 2843 2640; x_wconf 91' lang='lat' dir='ltr'>p.</span> <span class='ocrx_word' id='word_1_513' title='bbox 2873 2570 2909 2618; x_wconf 82' lang='lat'>2</span> <span class='ocrx_word' id='word_1_514' title='bbox 2911 2570 3017 2638; x_wconf 84' lang='lat'>57.</span> <span class='ocrx_word' id='word_1_515' title='bbox 3049 2554 3159 2640; x_wconf 92' lang='lat' dir='ltr'>qui</span> <span class='ocrx_word' id='word_1_516' title='bbox 3191 2552 3358 2618; x_wconf 90' lang='lat' dir='ltr'>hunc</span> <span class='ocrx_word' id='word_1_517' title='bbox 3388 2551 3669 2617; x_wconf 88' lang='lat' dir='ltr'>Platonis</span> <span class='ocrx_word' id='word_1_518' title='bbox 3696 2553 3902 2617; x_wconf 88' lang='lat' dir='ltr'>locum</span> <span class='ocrx_word' id='word_1_519' title='bbox 3932 2577 3969 2618; x_wconf 89' lang='lat' dir='ltr'>a</span> <span class='ocrx_word' id='word_1_520' title='bbox 3999 2552 4251 2619; x_wconf 91' lang='lat' dir='ltr'>Plotino</span> <span class='ocrx_word' id='word_1_521' title='bbox 4281 2556 4472 2644; x_wconf 88' lang='lat' dir='ltr'>signi·</span> 
     </span>
     <span class='ocr_line' id='line_1_70' title="bbox 2780 2656 4472 2724; baseline 0.002 -4"><span class='ocrx_word' id='word_1_522' title='bbox 2780 2656 2949 2720; x_wconf 89' lang='lat' dir='ltr'>ficari</span> <span class='ocrx_word' id='word_1_523' title='bbox 2989 2656 3349 2722; x_wconf 82' lang='lat' dir='ltr'>arbitratur.</span> <span class='ocrx_word' id='word_1_524' title='bbox 3441 2657 3644 2720; x_wconf 90' lang='lat' dir='ltr'>Locus</span> <span class='ocrx_word' id='word_1_525' title='bbox 3698 2672 3907 2721; x_wconf 89' lang='lat' dir='ltr'>autem</span> <span class='ocrx_word' id='word_1_526' title='bbox 3955 2656 4232 2723; x_wconf 86' lang='lat' dir='ltr'>Platonis</span> <span class='ocrx_word' id='word_1_527' title='bbox 4274 2673 4369 2724; x_wconf 88' lang='lat' dir='ltr'>est</span> <span class='ocrx_word' id='word_1_528' title='bbox 4405 2658 4472 2724; x_wconf 89' lang='lat' dir='ltr'>in</span> 
     </span>
     <span class='ocr_line' id='line_1_71' title="bbox 2785 2756 4475 2848; baseline 0.003 -26"><span class='ocrx_word' id='word_1_529' title='bbox 2785 2756 3106 2823; x_wconf 71' lang='lat' dir='ltr'>Phaedone</span> <span class='ocrx_word' id='word_1_530' title='bbox 3142 2781 3208 2846; x_wconf 90' lang='lat' dir='ltr'>p.</span> <span class='ocrx_word' id='word_1_531' title='bbox 3242 2778 3347 2845; x_wconf 92' lang='lat'>97.</span> <span class='ocrx_word' id='word_1_532' title='bbox 3391 2759 3558 2823; x_wconf 89' lang='lat' dir='ltr'>Part.</span> <span class='ocrx_word' id='word_1_533' title='bbox 3598 2761 3697 2824; x_wconf 89' lang='grc' dir='ltr'>ΙΙ.</span> <span class='ocrx_word' id='word_1_534' title='bbox 3731 2758 3869 2824; x_wconf 93' lang='lat' dir='ltr'><strong>Vol.</strong></span> <span class='ocrx_word' id='word_1_535' title='bbox 3904 2761 4043 2825; x_wconf 89' lang='lat' dir='ltr'><strong>III.</strong></span> <span class='ocrx_word' id='word_1_536' title='bbox 4077 2784 4139 2848; x_wconf 93' lang='lat' dir='ltr'>p.</span> <span class='ocrx_word' id='word_1_537' title='bbox 4175 2763 4274 2826; x_wconf 93' lang='lat'>86.</span> <span class='ocrx_word' id='word_1_538' title='bbox 4309 2760 4475 2827; x_wconf 88' lang='lat' dir='ltr'>Bek-</span> 
     </span>
     <span class='ocr_line' id='line_1_72' title="bbox 2779 2860 4470 2950; baseline 0.003 -26"><span class='ocrx_word' id='word_1_539' title='bbox 2779 2860 2930 2926; x_wconf 90' lang='lat' dir='ltr'>keri.</span> <span class='ocrx_word' id='word_1_540' title='bbox 3024 2863 3124 2925; x_wconf 90' lang='lat' dir='ltr'>De</span> <span class='ocrx_word' id='word_1_541' title='bbox 3170 2876 3541 2948; x_wconf 89' lang='lat' dir='ltr'>argumento</span> <span class='ocrx_word' id='word_1_542' title='bbox 3583 2861 3908 2950; x_wconf 89' lang='lat' dir='ltr'>disputant</span> <span class='ocrx_word' id='word_1_543' title='bbox 3958 2864 4347 2929; x_wconf 88' lang='lat' dir='ltr'>Moshemius</span> <span class='ocrx_word' id='word_1_544' title='bbox 4389 2864 4470 2929; x_wconf 91' lang='lat' dir='ltr'>ad</span> 
     </span>
     <span class='ocr_line' id='line_1_73' title="bbox 2781 2963 4474 3053; baseline 0.004 -26"><span class='ocrx_word' id='word_1_545' title='bbox 2781 2963 3148 3029; x_wconf 86' lang='lat' dir='ltr'>Cudworth.</span> <span class='ocrx_word' id='word_1_546' title='bbox 3199 2966 3366 3051; x_wconf 87' lang='lat' dir='ltr'>Syst.</span> <span class='ocrx_word' id='word_1_547' title='bbox 3414 2963 3628 3029; x_wconf 89' lang='lat' dir='ltr'>Intell.</span> <span class='ocrx_word' id='word_1_548' title='bbox 3657 2988 3722 3053; x_wconf 91' lang='lat' dir='ltr'>p.</span> <span class='ocrx_word' id='word_1_549' title='bbox 3765 2984 3911 3051; x_wconf 87' lang='lat'><strong>219.</strong></span> <span class='ocrx_word' id='word_1_550' title='bbox 3957 2981 4020 3030; x_wconf 91' lang='lat' dir='ltr'>et</span> <span class='ocrx_word' id='word_1_551' title='bbox 4063 2965 4365 3031; x_wconf 89' lang='lat' dir='ltr'>Brucker.</span> <span class='ocrx_word' id='word_1_552' title='bbox 4408 2968 4474 3033; x_wconf 90' lang='lat' dir='ltr'>in</span> 
     </span>
     <span class='ocr_line' id='line_1_74' title="bbox 2781 3065 4472 3156; baseline 0.004 -26"><span class='ocrx_word' id='word_1_553' title='bbox 2781 3066 2956 3130; x_wconf 86' lang='lat' dir='ltr'>Hist.</span> <span class='ocrx_word' id='word_1_554' title='bbox 3001 3065 3160 3131; x_wconf 84' lang='lat' dir='ltr'>crit.</span> <span class='ocrx_word' id='word_1_555' title='bbox 3205 3065 3439 3131; x_wconf 89' lang='lat' dir='ltr'>Philos.</span> <span class='ocrx_word' id='word_1_556' title='bbox 3475 3068 3572 3132; x_wconf 91' lang='lat' dir='ltr'>II.</span> <span class='ocrx_word' id='word_1_557' title='bbox 3614 3090 3676 3155; x_wconf 90' lang='lat' dir='ltr'>p.</span> <span class='ocrx_word' id='word_1_558' title='bbox 3706 3087 3857 3149; x_wconf 82' lang='lat'><strong>420.</strong></span> <span class='ocrx_word' id='word_1_559' title='bbox 3894 3068 4004 3155; x_wconf 92' lang='lat' dir='ltr'>qui</span> <span class='ocrx_word' id='word_1_560' title='bbox 4050 3069 4303 3156; x_wconf 90' lang='lat' dir='ltr'>quidem</span> <span class='ocrx_word' id='word_1_561' title='bbox 4348 3070 4472 3137; x_wconf 88' lang='lat' dir='ltr'>ita:</span> 
     </span>
     <span class='ocr_line' id='line_1_75' title="bbox 2781 3167 4475 3258; baseline 0.004 -26"><span class='ocrx_word' id='word_1_562' title='bbox 2781 3176 2825 3208; x_wconf 88' lang='lat'><strong>“</strong></span> <span class='ocrx_word' id='word_1_563' title='bbox 2858 3167 3343 3234; x_wconf 78' lang='lat' dir='ltr'>celeberrimum</span> <span class='ocrx_word' id='word_1_564' title='bbox 3387 3170 3618 3258; x_wconf 86' lang='lat' dir='ltr'>dogma</span> <span class='ocrx_word' id='word_1_565' title='bbox 3662 3172 3724 3235; x_wconf 91' lang='lat' dir='ltr'>in</span> <span class='ocrx_word' id='word_1_566' title='bbox 3782 3171 4006 3236; x_wconf 88' lang='lat' dir='ltr'>Schola</span> <span class='ocrx_word' id='word_1_567' title='bbox 4042 3171 4475 3239; x_wconf 87' lang='lat' dir='ltr'>Alexandrina</span> 
     </span>
     <span class='ocr_line' id='line_1_76' title="bbox 2780 3271 4475 3344; baseline 0.005 -9"><span class='ocrx_word' id='word_1_568' title='bbox 2780 3294 2860 3335; x_wconf 87' lang='lat' dir='ltr'>ex</span> <span class='ocrx_word' id='word_1_569' title='bbox 2908 3271 3117 3337; x_wconf 91' lang='lat' dir='ltr'>studio</span> <span class='ocrx_word' id='word_1_570' title='bbox 3159 3273 3527 3338; x_wconf 88' lang='lat' dir='ltr'>conciliandi</span> <span class='ocrx_word' id='word_1_571' title='bbox 3586 3274 3911 3340; x_wconf 87' lang='lat' dir='ltr'>Platonem</span> <span class='ocrx_word' id='word_1_572' title='bbox 3960 3290 4023 3340; x_wconf 88' lang='lat' dir='ltr'>et</span> <span class='ocrx_word' id='word_1_573' title='bbox 4074 3276 4475 3344; x_wconf 85' lang='lat' dir='ltr'>Aristotelem</span> 
     </span>
     <span class='ocr_line' id='line_1_77' title="bbox 2780 3376 4474 3466; baseline 0.004 -28"><span class='ocrx_word' id='word_1_574' title='bbox 2780 3387 3057 3453; x_wconf 89' lang='lat' dir='ltr'>enatum,</span> <span class='ocrx_word' id='word_1_575' title='bbox 3102 3399 3247 3439; x_wconf 92' lang='lat' dir='ltr'>cum</span> <span class='ocrx_word' id='word_1_576' title='bbox 3290 3376 3345 3440; x_wconf 89' lang='lat' dir='ltr'>is</span> <span class='ocrx_word' id='word_1_577' title='bbox 3384 3378 3694 3443; x_wconf 90' lang='lat' dir='ltr'>mundum</span> <span class='ocrx_word' id='word_1_578' title='bbox 3738 3401 3867 3442; x_wconf 89' lang='lat' dir='ltr'>esse</span> <span class='ocrx_word' id='word_1_579' title='bbox 3909 3378 4189 3466; x_wconf 89' lang='lat' dir='ltr'>genitum</span> <span class='ocrx_word' id='word_1_580' title='bbox 4221 3380 4474 3461; x_wconf 87' lang='lat' dir='ltr'>diceret,</span> 
     </span>
     <span class='ocr_line' id='line_1_78' title="bbox 2780 3476 4469 3567; baseline 0.005 -28"><span class='ocrx_word' id='word_1_581' title='bbox 2780 3476 2883 3540; x_wconf 93' lang='lat' dir='ltr'>hic</span> <span class='ocrx_word' id='word_1_582' title='bbox 2913 3487 3214 3541; x_wconf 83' lang='lat' dir='ltr'>aeternum</span> <span class='ocrx_word' id='word_1_583' title='bbox 3248 3478 3378 3542; x_wconf 91' lang='lat' dir='ltr'>sine</span> <span class='ocrx_word' id='word_1_584' title='bbox 3405 3481 3803 3567; x_wconf 86' lang='lat' dir='ltr'>generatione</span> <span class='ocrx_word' id='word_1_585' title='bbox 3826 3481 4132 3547; x_wconf 87' lang='lat' dir='ltr'>mundum</span> <span class='ocrx_word' id='word_1_586' title='bbox 4153 3497 4469 3548; x_wconf 87' lang='lat' dir='ltr'>assereret.</span> 
     </span>
     <span class='ocr_line' id='line_1_79' title="bbox 2782 3583 4474 3679; baseline 0.006 -33"><span class='ocrx_word' id='word_1_587' title='bbox 2782 3585 2955 3661; x_wconf 83' lang='lat' dir='ltr'>Quos</span> <span class='ocrx_word' id='word_1_588' title='bbox 2983 3596 3057 3647; x_wconf 92' lang='lat' dir='ltr'>ut</span> <span class='ocrx_word' id='word_1_589' title='bbox 3098 3583 3162 3647; x_wconf 90' lang='lat' dir='ltr'>in</span> <span class='ocrx_word' id='word_1_590' title='bbox 3204 3584 3592 3649; x_wconf 88' lang='lat' dir='ltr'>concordiam</span> <span class='ocrx_word' id='word_1_591' title='bbox 3624 3586 3996 3674; x_wconf 86' lang='lat' dir='ltr'>redigerent,</span> <span class='ocrx_word' id='word_1_592' title='bbox 4027 3590 4110 3653; x_wconf 86' lang='lat' dir='ltr'>ab</span> <span class='ocrx_word' id='word_1_593' title='bbox 4146 3590 4474 3679; x_wconf 87' lang='lat' dir='ltr'>utriusque</span> 
     </span>
     <span class='ocr_line' id='line_1_80' title="bbox 2778 3687 4471 3783; baseline 0.007 -32"><span class='ocrx_word' id='word_1_594' title='bbox 2778 3687 3066 3774; x_wconf 89' lang='lat' dir='ltr'>opinione</span> <span class='ocrx_word' id='word_1_595' title='bbox 3094 3687 3526 3767; x_wconf 89' lang='lat' dir='ltr'>discesserunt,</span> <span class='ocrx_word' id='word_1_596' title='bbox 3576 3706 3637 3755; x_wconf 91' lang='lat' dir='ltr'>et</span> <span class='ocrx_word' id='word_1_597' title='bbox 3665 3694 4123 3779; x_wconf 86' lang='lat' dir='ltr'>generationem</span> <span class='ocrx_word' id='word_1_598' title='bbox 4154 3697 4471 3783; x_wconf 88' lang='lat' dir='ltr'>quandam</span> 
     </span>
     <span class='ocr_line' id='line_1_81' title="bbox 2779 3791 4466 3871; baseline 0.006 -16"><span class='ocrx_word' id='word_1_599' title='bbox 2779 3791 3000 3856; x_wconf 90' lang='lat' dir='ltr'>mundi</span> <span class='ocrx_word' id='word_1_600' title='bbox 3037 3805 3329 3855; x_wconf 83' lang='lat' dir='ltr'>aeternam</span> <span class='ocrx_word' id='word_1_601' title='bbox 3370 3807 3787 3871; x_wconf 87' lang='lat' dir='ltr'>asseruerunt,</span> <span class='ocrx_word' id='word_1_602' title='bbox 3821 3795 4037 3859; x_wconf 88' lang='lat' dir='ltr'>mundi</span> <span class='ocrx_word' id='word_1_603' title='bbox 4084 3811 4295 3862; x_wconf 89' lang='lat' dir='ltr'>ortum</span> <span class='ocrx_word' id='word_1_604' title='bbox 4342 3799 4466 3865; x_wconf 86' lang='grc' dir='ltr'>κατ’</span> 
     </span>
     <span class='ocr_line' id='line_1_82' title="bbox 2782 3891 4469 3986; baseline 0.006 -30"><span class='ocrx_word' id='word_1_605' title='bbox 2782 3894 2998 3971; x_wconf 74' lang='grc' dir='ltr'>αἰτίαν,</span> <span class='ocrx_word' id='word_1_606' title='bbox 3028 3891 3108 3956; x_wconf 88' lang='lat' dir='ltr'>ab</span> <span class='ocrx_word' id='word_1_607' title='bbox 3144 3915 3218 3956; x_wconf 87' lang='lat' dir='ltr'>eo</span> <span class='ocrx_word' id='word_1_608' title='bbox 3260 3891 3369 3978; x_wconf 88' lang='lat' dir='ltr'>qui</span> <span class='ocrx_word' id='word_1_609' title='bbox 3414 3906 3509 3957; x_wconf 84' lang='lat' dir='ltr'>est</span> <span class='ocrx_word' id='word_1_610' title='bbox 3550 3898 3697 3957; x_wconf 74' lang='grc' dir='ltr'>κατὰ</span> <span class='ocrx_word' id='word_1_611' title='bbox 3738 3897 3962 3979; x_wconf 86' lang='grc' dir='ltr'>χρόνον</span> <span class='ocrx_word' id='word_1_612' title='bbox 3991 3897 4469 3986; x_wconf 85' lang='lat' dir='ltr'>distinguentes.</span> 
     </span>
     <span class='ocr_line' id='line_1_83' title="bbox 2781 3994 4471 4083; baseline 0.008 -26"><span class='ocrx_word' id='word_1_613' title='bbox 2781 3996 2924 4072; x_wconf 83' lang='lat' dir='ltr'>Qua</span> <span class='ocrx_word' id='word_1_614' title='bbox 2964 3994 3027 4058; x_wconf 90' lang='lat' dir='ltr'>in</span> <span class='ocrx_word' id='word_1_615' title='bbox 3068 4016 3135 4058; x_wconf 90' lang='lat' dir='ltr'>re</span> <span class='ocrx_word' id='word_1_616' title='bbox 3164 3994 3575 4060; x_wconf 88' lang='lat' dir='ltr'>Ammonium</span> <span class='ocrx_word' id='word_1_617' title='bbox 3620 3996 3878 4083; x_wconf 89' lang='lat' dir='ltr'>reliquis</span> <span class='ocrx_word' id='word_1_618' title='bbox 3904 3999 4066 4063; x_wconf 85' lang='lat' dir='ltr'>viam</span> <span class='ocrx_word' id='word_1_619' title='bbox 4101 4019 4471 4069; x_wconf 84' lang='lat' dir='ltr'>monstrasse</span> 
     </span>
     <span class='ocr_line' id='line_1_84' title="bbox 2780 4095 4469 4187; baseline 0.008 -28"><span class='ocrx_word' id='word_1_620' title='bbox 2780 4095 3012 4161; x_wconf 89' lang='lat' dir='ltr'>Plotini</span> <span class='ocrx_word' id='word_1_621' title='bbox 3041 4095 3213 4160; x_wconf 90' lang='lat' dir='ltr'>locus</span> <span class='ocrx_word' id='word_1_622' title='bbox 3243 4096 3388 4161; x_wconf 89' lang='lat' dir='ltr'>satis</span> <span class='ocrx_word' id='word_1_623' title='bbox 3425 4097 3717 4175; x_wconf 90' lang='lat' dir='ltr'>ostendit,</span> <span class='ocrx_word' id='word_1_624' title='bbox 3747 4122 3826 4163; x_wconf 84' lang='lat' dir='ltr'>ex</span> <span class='ocrx_word' id='word_1_625' title='bbox 3865 4124 3994 4187; x_wconf 93' lang='lat' dir='ltr'>quo</span> <span class='ocrx_word' id='word_1_626' title='bbox 4027 4102 4321 4170; x_wconf 87' lang='lat' dir='ltr'>discimus</span> <span class='ocrx_word' id='word_1_627' title='bbox 4349 4106 4469 4172; x_wconf 90' lang='lat' dir='ltr'>hoc</span> 
     </span>
     <span class='ocr_line' id='line_1_85' title="bbox 2779 4196 4468 4295; baseline 0.008 -36"><span class='ocrx_word' id='word_1_628' title='bbox 2779 4196 3010 4284; x_wconf 87' lang='lat' dir='ltr'>dogma</span> <span class='ocrx_word' id='word_1_629' title='bbox 3047 4197 3109 4260; x_wconf 90' lang='lat' dir='ltr'>in</span> <span class='ocrx_word' id='word_1_630' title='bbox 3155 4198 3379 4262; x_wconf 89' lang='lat' dir='ltr'>Schola</span> <span class='ocrx_word' id='word_1_631' title='bbox 3409 4197 3831 4267; x_wconf 87' lang='lat' dir='ltr'>Alexandrina</span> <span class='ocrx_word' id='word_1_632' title='bbox 3865 4203 4091 4268; x_wconf 90' lang='lat' dir='ltr'>Plotini</span> <span class='ocrx_word' id='word_1_633' title='bbox 4120 4221 4304 4272; x_wconf 83' lang='lat' dir='ltr'>aetate</span> <span class='ocrx_word' id='word_1_634' title='bbox 4332 4209 4468 4295; x_wconf 88' lang='lat' dir='ltr'>jam</span> 
     </span>
     <span class='ocr_line' id='line_1_86' title="bbox 2779 4302 4471 4396; baseline 0.006 -30"><span class='ocrx_word' id='word_1_635' title='bbox 2779 4317 3096 4390; x_wconf 87' lang='lat' dir='ltr'>receptum</span> <span class='ocrx_word' id='word_1_636' title='bbox 3140 4303 3330 4366; x_wconf 89' lang='lat' dir='ltr'>fuisse</span> <span class='ocrx_word' id='word_1_637' title='bbox 3368 4302 3599 4368; x_wconf 89' lang='lat' dir='ltr'>Plotini</span> <span class='ocrx_word' id='word_1_638' title='bbox 3644 4322 3859 4393; x_wconf 87' lang='lat' dir='ltr'>postea</span> <span class='ocrx_word' id='word_1_639' title='bbox 3894 4307 4153 4395; x_wconf 85' lang='lat' dir='ltr'>vestigia</span> <span class='ocrx_word' id='word_1_640' title='bbox 4192 4332 4471 4396; x_wconf 86' lang='lat' dir='ltr'>pressere</span> 
     </span>
     <span class='ocr_line' id='line_1_87' title="bbox 2779 4405 4470 4501; baseline 0.006 -32"><span class='ocrx_word' id='word_1_641' title='bbox 2779 4428 3090 4492; x_wconf 81' lang='lat' dir='ltr'>sequaceS‚</span> <span class='ocrx_word' id='word_1_642' title='bbox 3153 4405 3544 4492; x_wconf 87' lang='lat' dir='ltr'>Porphyrius</span> <span class='ocrx_word' id='word_1_643' title='bbox 3618 4408 3728 4490; x_wconf 93' lang='lat' dir='ltr'>(de</span> <span class='ocrx_word' id='word_1_644' title='bbox 3786 4411 3997 4474; x_wconf 92' lang='lat' dir='ltr'>Antro</span> <span class='ocrx_word' id='word_1_645' title='bbox 4046 4412 4341 4500; x_wconf 83' lang='lat' dir='ltr'>Nymph.</span> <span class='ocrx_word' id='word_1_646' title='bbox 4401 4437 4470 4501; x_wconf 90' lang='lat' dir='ltr'>p.</span> 
     </span>
     <span class='ocr_line' id='line_1_88' title="bbox 2785 4505 4468 4603; baseline 0.008 -33"><span class='ocrx_word' id='word_1_647' title='bbox 2785 4512 2987 4593; x_wconf 84' lang='lat'><strong>131.)‚</strong></span> <span class='ocrx_word' id='word_1_648' title='bbox 3036 4505 3420 4571; x_wconf 89' lang='lat' dir='ltr'>lamblichus</span> <span class='ocrx_word' id='word_1_649' title='bbox 3467 4508 3576 4589; x_wconf 89' lang='lat' dir='ltr'>(de</span> <span class='ocrx_word' id='word_1_650' title='bbox 3615 4512 3885 4597; x_wconf 86' lang='lat' dir='ltr'>Myster.</span> <span class='ocrx_word' id='word_1_651' title='bbox 3918 4513 4188 4602; x_wconf 88' lang='lat' dir='ltr'>AEgypt.</span> <span class='ocrx_word' id='word_1_652' title='bbox 4222 4538 4285 4603; x_wconf 92' lang='lat' dir='ltr'>p.</span> <span class='ocrx_word' id='word_1_653' title='bbox 4327 4538 4468 4603; x_wconf 83' lang='lat'><strong>159.</strong></span> 
     </span>
     <span class='ocr_line' id='line_1_89' title="bbox 2783 4608 4470 4706; baseline 0.007 -32"><span class='ocrx_word' id='word_1_654' title='bbox 2783 4610 2988 4675; x_wconf 86' lang='lat' dir='ltr'><strong>VIII.</strong></span> <span class='ocrx_word' id='word_1_655' title='bbox 3008 4614 3132 4695; x_wconf 86' lang='lat'><strong>3.),</strong></span> <span class='ocrx_word' id='word_1_656' title='bbox 3156 4608 3418 4674; x_wconf 88' lang='lat' dir='ltr'>Proclus</span> <span class='ocrx_word' id='word_1_657' title='bbox 3448 4610 3540 4693; x_wconf 90' lang='lat' dir='ltr'>(in</span> <span class='ocrx_word' id='word_1_658' title='bbox 3575 4611 3734 4677; x_wconf 86' lang='lat' dir='ltr'>Plat.</span> <span class='ocrx_word' id='word_1_659' title='bbox 3770 4614 4000 4698; x_wconf 87' lang='lat' dir='ltr'>Tim.),</span> <span class='ocrx_word' id='word_1_660' title='bbox 4030 4615 4280 4703; x_wconf 88' lang='lat' dir='ltr'>aliique,</span> <span class='ocrx_word' id='word_1_661' title='bbox 4311 4643 4470 4706; x_wconf 88' lang='lat' dir='ltr'>quo·</span> 
     </span>
     <span class='ocr_line' id='line_1_90' title="bbox 2780 4710 4473 4804; baseline 0.008 -31"><span class='ocrx_word' id='word_1_662' title='bbox 2780 4733 2921 4774; x_wconf 89' lang='lat' dir='ltr'>rum</span> <span class='ocrx_word' id='word_1_663' title='bbox 2953 4710 3069 4775; x_wconf 90' lang='lat' dir='ltr'>hac</span> <span class='ocrx_word' id='word_1_664' title='bbox 3101 4711 3176 4775; x_wconf 90' lang='lat' dir='ltr'>de</span> <span class='ocrx_word' id='word_1_665' title='bbox 3206 4733 3271 4774; x_wconf 91' lang='lat' dir='ltr'>re</span> <span class='ocrx_word' id='word_1_666' title='bbox 3293 4710 3829 4800; x_wconf 88' lang='lat' dir='ltr'>philosophemata</span> <span class='ocrx_word' id='word_1_667' title='bbox 3851 4717 4108 4804; x_wconf 86' lang='lat' dir='ltr'>exponit</span> <span class='ocrx_word' id='word_1_668' title='bbox 4136 4720 4473 4786; x_wconf 76' lang='lat' dir='ltr'>Zacharias</span> 
     </span>
     <span class='ocr_line' id='line_1_91' title="bbox 2786 4813 4474 4908; baseline 0.008 -31"><span class='ocrx_word' id='word_1_669' title='bbox 2786 4813 3192 4903; x_wconf 86' lang='lat' dir='ltr'>Mitylenaeus</span> <span class='ocrx_word' id='word_1_670' title='bbox 3221 4813 3330 4896; x_wconf 91' lang='lat' dir='ltr'>(de</span> <span class='ocrx_word' id='word_1_671' title='bbox 3348 4815 3614 4902; x_wconf 84' lang='lat' dir='ltr'>Opificio</span> <span class='ocrx_word' id='word_1_672' title='bbox 3645 4819 3880 4883; x_wconf 92' lang='lat' dir='ltr'>Mundi</span> <span class='ocrx_word' id='word_1_673' title='bbox 3911 4844 3970 4907; x_wconf 90' lang='lat' dir='ltr'>p.</span> <span class='ocrx_word' id='word_1_674' title='bbox 3996 4823 4197 4908; x_wconf 88' lang='lat'><strong>209.).</strong></span> <span class='ocrx_word' id='word_1_675' title='bbox 4243 4824 4474 4890; x_wconf 86' lang='lat' dir='ltr'>Postu-</span> 
     </span>
     <span class='ocr_line' id='line_1_92' title="bbox 2782 4915 4473 5014; baseline 0.004 -35"><span class='ocrx_word' id='word_1_676' title='bbox 2782 4915 2951 4982; x_wconf 88' lang='lat' dir='ltr'>labat</span> <span class='ocrx_word' id='word_1_677' title='bbox 2969 4941 3116 4981; x_wconf 86' lang='lat' dir='ltr'>vero</span> <span class='ocrx_word' id='word_1_678' title='bbox 3145 4933 3413 5004; x_wconf 88' lang='lat' dir='ltr'>systema</span> <span class='ocrx_word' id='word_1_679' title='bbox 3439 4919 3855 4984; x_wconf 88' lang='lat' dir='ltr'>emanativum</span> <span class='ocrx_word' id='word_1_680' title='bbox 3885 4923 4189 5009; x_wconf 90' lang='lat' dir='ltr'>ejusmodi</span> <span class='ocrx_word' id='word_1_681' title='bbox 4215 4950 4473 5014; x_wconf 88' lang='lat' dir='ltr'>genera-</span> 
     </span>
     <span class='ocr_line' id='line_1_93' title="bbox 2785 5020 4470 5102; baseline 0.007 -17"><span class='ocrx_word' id='word_1_682' title='bbox 2785 5020 3014 5085; x_wconf 90' lang='lat' dir='ltr'>tionem</span> <span class='ocrx_word' id='word_1_683' title='bbox 3045 5036 3362 5102; x_wconf 86' lang='lat' dir='ltr'>aeternam,</span> <span class='ocrx_word' id='word_1_684' title='bbox 3390 5045 3533 5086; x_wconf 90' lang='lat' dir='ltr'>cum</span> <span class='ocrx_word' id='word_1_685' title='bbox 3569 5045 3645 5086; x_wconf 87' lang='lat' dir='ltr'>ex</span> <span class='ocrx_word' id='word_1_686' title='bbox 3682 5046 3926 5089; x_wconf 91' lang='lat' dir='ltr'>summo</span> <span class='ocrx_word' id='word_1_687' title='bbox 3954 5048 4161 5091; x_wconf 89' lang='lat' dir='ltr'>rerum</span> <span class='ocrx_word' id='word_1_688' title='bbox 4190 5031 4470 5097; x_wconf 88' lang='lat' dir='ltr'>omnium</span> 
     </span>
     <span class='ocr_line' id='line_1_94' title="bbox 2786 5122 4476 5212; baseline 0.008 -25"><span class='ocrx_word' id='word_1_689' title='bbox 2786 5123 2958 5188; x_wconf 82' lang='lat' dir='ltr'>fonte</span> <span class='ocrx_word' id='word_1_690' title='bbox 2990 5122 3436 5212; x_wconf 89' lang='lat' dir='ltr'>simplicissimo</span> <span class='ocrx_word' id='word_1_691' title='bbox 3464 5124 3802 5189; x_wconf 89' lang='lat' dir='ltr'>derivanda</span> <span class='ocrx_word' id='word_1_692' title='bbox 3825 5125 3948 5190; x_wconf 89' lang='lat' dir='ltr'>sint</span> <span class='ocrx_word' id='word_1_693' title='bbox 3968 5129 4214 5195; x_wconf 87' lang='lat' dir='ltr'>omnia:</span> <span class='ocrx_word' id='word_1_694' title='bbox 4261 5130 4325 5196; x_wconf 89' lang='lat' dir='ltr'>in</span> <span class='ocrx_word' id='word_1_695' title='bbox 4356 5133 4476 5200; x_wconf 92' lang='lat' dir='ltr'>hoc</span> 
     </span>
     <span class='ocr_line' id='line_1_95' title="bbox 2786 5226 4476 5314; baseline 0.007 -24"><span class='ocrx_word' id='word_1_696' title='bbox 2786 5226 2948 5291; x_wconf 90' lang='lat' dir='ltr'>enim</span> <span class='ocrx_word' id='word_1_697' title='bbox 3001 5241 3332 5314; x_wconf 87' lang='lat' dir='ltr'>systemate</span> <span class='ocrx_word' id='word_1_698' title='bbox 3381 5228 3534 5293; x_wconf 87' lang='lat' dir='ltr'>nihil</span> <span class='ocrx_word' id='word_1_699' title='bbox 3580 5227 4039 5305; x_wconf 74' lang='lat' dir='ltr'>voluntarium:</span> <span class='ocrx_word' id='word_1_700' title='bbox 4087 5232 4196 5297; x_wconf 88' lang='lat' dir='ltr'>sed</span> <span class='ocrx_word' id='word_1_701' title='bbox 4250 5253 4476 5302; x_wconf 87' lang='lat' dir='ltr'>cuncta</span> 
     </span>
     <span class='ocr_line' id='line_1_96' title="bbox 2780 5329 4474 5426; baseline 0.007 -32"><span class='ocrx_word' id='word_1_702' title='bbox 2780 5353 2856 5394; x_wconf 87' lang='lat' dir='ltr'>ex</span> <span class='ocrx_word' id='word_1_703' title='bbox 2902 5329 3181 5395; x_wconf 86' lang='lat' dir='ltr'>essentiae</span> <span class='ocrx_word' id='word_1_704' title='bbox 3218 5331 3575 5396; x_wconf 90' lang='lat' dir='ltr'>necessitate</span> <span class='ocrx_word' id='word_1_705' title='bbox 3617 5330 3846 5409; x_wconf 90' lang='lat' dir='ltr'>fluunt,</span> <span class='ocrx_word' id='word_1_706' title='bbox 3882 5333 4050 5399; x_wconf 90' lang='lat' dir='ltr'>unde</span> <span class='ocrx_word' id='word_1_707' title='bbox 4093 5358 4217 5401; x_wconf 90' lang='lat' dir='ltr'>non</span> <span class='ocrx_word' id='word_1_708' title='bbox 4262 5339 4474 5426; x_wconf 90' lang='lat' dir='ltr'>potuit</span> 
     </span>
     <span class='ocr_line' id='line_1_97' title="bbox 2781 5431 4474 5506; baseline 0.006 -10"><span class='ocrx_word' id='word_1_709' title='bbox 2781 5431 3003 5497; x_wconf 90' lang='lat' dir='ltr'>mundi</span> <span class='ocrx_word' id='word_1_710' title='bbox 3045 5432 3420 5498; x_wconf 86' lang='lat' dir='ltr'>architectus</span> <span class='ocrx_word' id='word_1_711' title='bbox 3453 5433 3646 5497; x_wconf 90' lang='lat' dir='ltr'>libera</span> <span class='ocrx_word' id='word_1_712' title='bbox 3674 5433 3995 5501; x_wconf 86' lang='lat' dir='ltr'>voluntate</span> <span class='ocrx_word' id='word_1_713' title='bbox 4021 5437 4101 5502; x_wconf 88' lang='lat' dir='ltr'>ad</span> <span class='ocrx_word' id='word_1_714' title='bbox 4130 5440 4474 5506; x_wconf 89' lang='lat' dir='ltr'>ornandam</span> 
     </span>
     <span class='ocr_line' id='line_1_98' title="bbox 2780 5534 4475 5629; baseline 0.006 -29"><span class='ocrx_word' id='word_1_715' title='bbox 2780 5534 3101 5601; x_wconf 88' lang='lat' dir='ltr'>materiam</span> <span class='ocrx_word' id='word_1_716' title='bbox 3146 5535 3441 5601; x_wconf 87' lang='lat' dir='ltr'>accedens</span> <span class='ocrx_word' id='word_1_717' title='bbox 3496 5535 3764 5614; x_wconf 87' lang='lat' dir='ltr'>admitti,</span> <span class='ocrx_word' id='word_1_718' title='bbox 3814 5535 3960 5603; x_wconf 90' lang='lat' dir='ltr'>licet</span> <span class='ocrx_word' id='word_1_719' title='bbox 4015 5539 4079 5603; x_wconf 89' lang='lat' dir='ltr'>id</span> <span class='ocrx_word' id='word_1_720' title='bbox 4138 5540 4475 5629; x_wconf 85' lang='lat' dir='ltr'>placuisset</span> 
     </span>
    </p>
   </div>
  </div>
 </body>
</html>
