5118 6613
1652 583 1858 647 ΜΒ.
1905 584 1967 648 1.
2013 581 2479 650 ENNEAD.
2524 580 2921 646 rmMAE.
2965 601 3028 670 p.
3061 596 3290 669 9-15-
4160 600 4201 667 5

748 755 825 821 ad
859 754 1164 820 Romanu.
1194 753 1358 820 VII.
1389 772 1494 821 22.
1539 754 1653 819 ubi
1678 754 1804 820 vid.
1836 757 2016 843 Hug.
2050 754 2346 820 Grotium
2374 767 2438 819 et

752 856 1077 947 Koppium
1122 870 1187 921 et
1232 857 1399 923 conf.
1452 877 1489 922 2
1534 858 1816 924 Corinth.
1861 860 1983 923 IV.
2026 859 2127 923 16.
2200 858 2434 946 Ephes.

753 962 890 1027 111.
929 963 1026 1025 16.
1076 982 1219 1024 nam
1274 960 1635 1049 Hesychius
1682 962 1742 1026 1.
1792 985 1861 1050 p.
1898 963 2086 1045 1476.
2152 960 2434 1027 Alberti:

753 1065 893 1131 ἔσω·
926 1063 1111 1137 ἐντὸς,
1145 1063 1351 1128 ἔνδον;
1398 1078 1462 1128 01
1494 1063 1755 1129 Proclus
1795 1064 1861 1128 in
1901 1063 2102 1130 Alcib.
2132 1064 2325 1152 prior.
2371 1087 2434 1153 p.

759 1184 900 1251 132.
947 1179 1208 1253 usurpat
1252 1167 1290 1246 ἦ
1336 1166 1509 1231 ἐνὸὸν
1554 1168 1686 1248 ζωή.
1761 1167 1936 1232 Η1110
1978 1167 2438 1233 substantivum

752 1270 988 1349 ἑνδότης
1027 1267 1231 1334 efficta
1258 1268 1566 1357 Dionysio
1594 1269 1999 1358 Areopagitae
2029 1270 2282 1335 Coelest.
2318 1271 2439 1335 Hi-

752 1370 981 1436 erarch.
1018 1373 1076 1436 I.
1113 1389 1173 1438 2.
1246 1370 1433 1449 Quod
1472 1387 1682 1436 autem
1721 1396 1911 1460 supra
1947 1388 2210 1460 usurpat
2241 1373 2440 1440 Ploti-

750 1494 908 1538 nus:
962 1476 995 1537 ὁ
1039 1475 1259 1555 ἀληθὴς
1303 1474 1626 1558 ἅνθρωπος,
1675 1476 1795 1540 1100
1838 1475 1934 1542 vel
1985 1476 2250 1542 maxime
2295 1501 2438 1543 con-

750 1577 923 1663 gruit
951 1574 1252 1642 similibus
1278 1577 1562 1642 formulis
1589 1578 1871 1643 Philonis
1897 1581 1944 1643 J
1951 1579 2138 1659 udaei,
2168 1604 2227 1644 v.
2259 1605 2314 1646 c.
2359 1582 2439 1647 de

751 1678 1012 1766 plantat.
1086 1680 1226 1744 Noe
1263 1702 1326 1767 p.
1358 1698 1511 1768 335.
1540 1704 1634 1767 sq.
1683 1683 1909 1770 Mang.
1953 1685 2044 1747 ὅτι
2072 1684 2176 1749 τὸν
2207 1687 2274 1749 ἐν
2301 1686 2440 1766 ἡμῖν

751 1781 897 1863 πρὸς
925 1781 1210 1863 ἀλήθειαν
1236 1784 1568 1867 ἄνθρωπον,
1595 1786 1866 1850 τουτέστι
1904 1786 2010 1851 τὸν
2040 1792 2199 1861 νοῦν,
2234 1789 2443 1870 ἔθηκεν

755 1887 822 1949 ἑν
851 1884 1182 1967 ἱερωτάτοις
1210 1888 1643 1969 καλοκάγαθίας
1670 1889 2059 1970 βλαστήμασι
2089 1891 2184 1955 καὶ
2213 1898 2434 1974 φυτοῖς.

755 1987 857 2052 Cf.
886 1988 1156 2053 eundem
1184 2011 1246 2075 p.
1274 2009 1412 2074 195.
1442 1992 1583 2073 267.
1606 1992 1753 2077 565.

822 2113 889 2177 p.
907 2093 1077 2175 13,6.
1102 2092 1456 2181 ἀντίληψιν]
1471 2094 1750 2158 Verbum
1771 2092 2164 2160 Platonicum
2186 2111 2257 2160 ut
2279 2098 2440 2161 ἀντι-

754 2193 1174 2274 λαμβάνεσθαι
1197 2194 1350 2277 (vid.
1379 2196 1805 2284 Steph.Thes.
1837 2221 1902 2286 p.
1918 2201 2113 2285 5563.
2145 2198 2247 2263 ed.
2271 2201 2442 2264 Lon-

754 2295 919 2381 din.)
949 2310 1012 2360 et
1043 2295 1287 2362 Plotino
1328 2297 1512 2363 etiam
1553 2300 2017 2387 frequentatum
2051 2301 2204 2385 (vid.
2237 2301 2441 2367 Indic.

755 2398 1014 2464 Graecit.
1043 2398 1303 2482 Plotin.)
1354 2401 1464 2464 Ad
1498 2401 1766 2468 universi
1795 2402 1913 2467 loci
1941 2403 2304 2468 sententiam
2333 2404 2444 2469 ad-

753 2499 898 2566 hibe
949 2501 1151 2566 Ficini
1199 2505 1547 2570 Comment.
1633 2508 1949 2571 Caeterum
2001 2507 2081 2572 de
2130 2507 2442 2573 infantum

755 2627 1219 2693 puerorumque
1245 2606 1571 2672 animabus
1607 2609 1778 2673 haud
1816 2632 2016 2697 pauca
2051 2609 2350 2698 leguntur
2376 2610 2442 2675 in

756 2707 1220 2774 Platonicorum
1249 2710 1757 2799 philosophorum
1789 2713 2223 2779 monumentis,
2304 2714 2440 2779 Vid.

756 2834 816 2876 v.
842 2835 897 2877 c.
927 2811 1223 2877 Proclum
1250 2813 1314 2877 in
1344 2813 1557 2879 Alcib.
1592 2817 1647 2880 I.
1691 2839 1754 2904 p.
1785 2834 1928 2902 195.
1964 2840 2053 2903 sq.
2085 2830 2148 2881 et
2178 2818 2445 2883 Herme-

760 2914 836 2979 tis
865 2914 1122 2981 Clavem
1153 2938 1301 3004 pag.
1332 2938 1433 2982 11.
1480 2917 1581 2983 ed.
1615 2920 1841 2986 Franc.
1875 2919 2101 2986 Patric.
2140 2919 2228 3006 (in
2259 2922 2444 2986 Nova

760 3017 839 3082 de
871 3017 1168 3083 universis
1198 3019 1644 3107 Philosophia.)

842 3158 931 3170 —
956 3140 1056 3207 13.
1103 3124 1157 3185 εἰ
1197 3124 1263 3186 δὲ
1303 3122 1383 3201 μὴ
1420 3125 1730 3207 ἀνθρώπου
1755 3125 1927 3209 ψυχὴ
1957 3125 2176 3210 εἶσέδυ]
2234 3126 2331 3190 Sc.
2364 3130 2447 3195 εἰς

758 3227 841 3289 τᾶ.
859 3225 1047 3306 θηρία.
1095 3223 1242 3288 Vid.
1274 3248 1480 3314 supra.
1554 3227 1766 3291 Locus
1793 3241 2004 3293 autem
2033 3228 2446 3294 memorabilis

756 3341 819 3391 et
862 3327 981 3392 1100
1026 3327 1223 3414 magis
1266 3329 1591 3408 tenenduS,
1622 3330 1794 3418 quod
1838 3331 1920 3396 ad
1961 3354 2105 3396 eum
2150 3354 2275 3396 non
2317 3332 2447 3397 ani-

756 3430 1093 3494 madvertit
1134 3431 1664 3520 Wyttenbachius
1713 3434 1795 3498 ad
1848 3434 2090 3500 Platon.
2141 3435 2442 3500 Phaedon.

756 3555 819 3620 p.
855 3552 1001 3599 210.
1031 3556 1168 3620 sqq.
1236 3535 1363 3612 Qui
1392 3535 1648 3621 quidem
1689 3536 2068 3624 antiquiores
2097 3537 2448 3604 Platonicos

755 3650 820 3700 et
869 3635 1076 3723 ipsum
1128 3636 1452 3702 Plotinum
1509 3639 1658 3704 dicit
1714 3639 2038 3705 retinuisse
2093 3640 2447 3729 opinionem

757 3737 1061 3817 Platonis,
1104 3738 1340 3804 animas
1384 3739 1449 3804 in
1498 3741 1829 3807 brutorum
1875 3765 2135 3830 corpora
2181 3743 2447 3832 migrare

755 3840 1098 3905 statuentis
1188 3842 1334 3906 Hoc
1389 3865 1537 3907 vero
1594 3843 1730 3909 loco
1784 3844 2070 3911 videmus
2126 3845 2446 3912 Plotinum

756 3941 918 4007 hanc
966 3943 1227 4008 eandem
1277 3946 1642 4010 sententiam
1697 3948 2037 4013 admodum
2086 3949 2447 4015 dubitanter

756 4067 988 4131 ponere
1028 4045 1129 4111 vel
1174 4046 1382 4134 potius
1423 4048 1486 4112 in
1531 4048 1740 4114 medio
1764 4049 2027 4138 positam
2071 4050 2441 4140 relinquere.

759 4148 947 4225 Quod
990 4165 1361 4237 argumento
1404 4166 1521 4231 est,
1566 4175 1733 4231 011111,
1778 4154 1888 4240 qui
1935 4154 2229 4219 fidentius
2272 4156 2447 4243 prius

754 4249 874 4315 hac
913 4250 993 4316 de
1029 4275 1098 4317 re
1138 4253 1596 4342 pronuntiarat,
1628 4256 1746 4320 sub
1772 4256 1920 4321 vitae
1944 4257 2154 4335 finem,
2186 4281 2315 4345 quo
2341 4258 2446 4325 hic

756 4351 914 4418 liber
943 4353 1210 4443 scriptus
1246 4356 1328 4421 ab
1357 4380 1431 4421 eo
1458 4375 1572 4436 est,
1603 4349 2013 4424 assensionem
2058 4382 2233 4424 suam
2273 4362 2443 4426 cohi-

754 4457 979 4522 buisse.

841 4583 906 4648 p.
938 4581 1039 4642 14,
1064 4581 1122 4625 1.
1164 4564 1545 4651 ἆσυμφωνεῖ]
1592 4563 1734 4629 Vid.
1767 4564 1970 4631 Indic.
2004 4565 2256 4630 Graecit.
2288 4565 2442 4630 Plo·

753 4661 869 4726 tin.
930 4662 1092 4728 Mox
1122 4664 1202 4730 de
1231 4665 1421 4730 verbo
1447 4671 2043 4747 μετενσωματοΰσθαι
2071 4668 2199 4733 vid.
2229 4684 2441 4735 annot.

753 4764 821 4829 in
851 4765 953 4831 11.
985 4787 1048 4852 9.
1079 4769 1142 4831 6.
1164 4767 1307 4831 infr.
1337 4791 1402 4856 p.
1424 4787 1572 4854 203.
1606 4771 1687 4835 G.
1734 4771 1838 4834 De
1862 4793 2013 4835 voce
2043 4772 2445 4855 ἀναμάρτητος

754 4866 883 4933 vid.
915 4868 1058 4933 infr.
1088 4892 1151 4957 p.
1177 4870 1322 4953 678.
1355 4873 1431 4936 B.

842 5006 928 5022 --
950 4989 1013 5056 7.
1043 4974 1515 5038 σύνθετον-καὶ
1553 4973 1620 5037 τὸ
1657 4977 1722 5039 ἔκ
1759 4975 1998 5041 πάντων
2025 4978 2063 5056 ἦ
2091 4978 2439 5062 ψυχὴ-γί-

755 5075 949 5162 νεται]
996 5073 1252 5140 Ficinus
1295 5074 1378 5139 ad
1421 5075 1489 5139 τὸ
1541 5079 1607 5141 ἐκ
1649 5077 1888 5143 πάντων
1924 5078 2234 5167 supplevit
2277 5081 2443 5169 cogi-

755 5175 948 5243 tando
997 5180 1306 5243 σύνθετον.
1397 5180 1544 5243 Hoc
1591 5196 1921 5268 propterea
1971 5205 2214 5261 moneo,
2267 5183 2440 5270 quod

752 5279 1190 5367 Engelhardto
1217 5281 1280 5345 in
1309 5281 1408 5346 his
1435 5281 1631 5347 haeret
1657 5305 1843 5370 aqua.
1918 5285 2065 5349 Non
2098 5308 2244 5350 vero
2273 5286 2442 5352 vide-

752 5399 861 5448 tur
888 5382 1020 5448 haec
1064 5384 1366 5449 sententia
1390 5385 1833 5450 confundenda
1860 5410 1990 5451 esse
2017 5410 2160 5451 cum
2189 5389 2440 5454 Aristo-

753 5483 932 5550 telea.
1020 5487 1187 5551 Nam
1234 5486 1528 5574 Stagirita
1570 5487 1650 5553 de
1692 5487 1929 5553 Anima
1959 5491 2099 5554 ΙΙΙ.
2134 5490 2196 5554 8.
2238 5514 2303 5579 p.
2336 5493 2436 5555 62.

754 5588 930 5676 Sylb.
958 5613 975 5653 τ
1020 5594 1152 5655 Νῦν
1181 5592 1246 5655 δὲ
1282 5591 1418 5673 περὶ
1453 5595 1653 5675 ψυχῆς
1696 5594 1771 5655 τὰ
1810 5591 2109 5676 λεχθέντα
2138 5603 2439 5677 συγκεφα-

750 5695 1119 5761 λαιῶσαντες
1151 5696 1403 5774 εἴπωμεν
1430 5694 1634 5769 πάλιν,
1666 5696 1758 5758 ὅτι
1784 5696 1821 5775 ἡ
1849 5694 2020 5779 ψυχὴ
2049 5699 2122 5759 τὰ
2150 5698 2297 5760 ὄντα
2324 5704 2446 5765 πῶς

2524 755 2655 818 ἐστι
2680 755 2898 820 πάντα.
2986 754 3089 819 Ad
3116 752 3438 842 sequentia
3465 754 3544 819 de
3574 755 3956 842 separatione
3981 754 4206 820 animae

2522 879 2562 921 a
2588 879 2845 944 corpore
2886 856 3285 945 reliquisque,
3315 880 3461 945 quae
3498 857 3556 922 ei
3596 858 3937 939 adhaerent,
3962 858 4207 924 institu-

2522 956 2685 1024 enda
2713 958 3124 1046 Engelhardt.
3161 973 3478 1046 comparat
3506 959 3816 1048 Dionysii,
3842 960 3953 1047 qui
3980 960 4204 1039 fertur,

2524 1061 2919 1149 Areopagitae
2947 1062 3153 1128 locum
3182 1062 3247 1127 in
3278 1062 3506 1127 Theol.
3539 1062 3817 1151 Mystica
3846 1065 3907 1147 ξ.
3939 1083 3999 1127 1.
4061 1065 4208 1150 Ego

2522 1163 2607 1227 ad
2637 1164 2956 1229 Plotinum
2986 1163 3066 1229 de
3087 1164 3349 1229 Pulcrit.
3381 1187 3447 1253 p.
3467 1185 3575 1251 55.
3609 1165 3701 1249 (111
3731 1181 3946 1230 0111101.
3971 1189 4039 1254 p.
4057 1185 4207 1253 302.

2522 1269 2692 1354 sqq.)
2723 1266 2908 1355 plura
2933 1267 2999 1331 in
3026 1266 3187 1332 hanc
3213 1290 3346 1332 rem
3374 1266 3634 1348 contuli,
3665 1292 3810 1355 quae
3852 1268 3919 1333 h.
3941 1267 3985 1334 l.
4029 1291 4209 1356 repe·

2525 1383 2653 1437 tere
2695 1369 2861 1435 nolo.
2949 1370 3135 1449 Quod
3165 1393 3313 1435 vero
3339 1370 3747 1458 compositum
3778 1371 4214 1436 tantummodo

2523 1495 2777 1559 peccare
2803 1473 2869 1539 h.
2891 1474 2935 1538 l.
2963 1472 3115 1538 dicit
3145 1473 3453 1552 Plotinus,
3488 1473 3608 1538 hoc
3649 1474 3898 1540 nomine
3937 1475 4212 1563 graviter

2522 1576 3001 1663 reprehenditur
3027 1600 3066 1641 a
3087 1576 3407 1641 Bruckero
3433 1576 3499 1640 in
3529 1576 3813 1643 Historia
3839 1577 4049 1644 critica
4074 1578 4213 1667 phi-

2526 1675 2823 1765 losophioe
2846 1680 3035 1743 Tom.
3062 1680 3164 1743 II.
3194 1702 3260 1767 p.
3277 1680 3459 1761 416.;
3489 1678 3601 1766 qui
3627 1679 3716 1745 ita
3743 1680 4074 1747 exclamat:
4107 1682 4212 1746 En

2526 1803 2677 1845 vero
2727 1781 3018 1846 miserum
3077 1781 3486 1871 philosophiae
3541 1782 3790 1848 moralis
3843 1783 4213 1849 fundamen-

2527 1888 2692 1948 tum!
2741 1885 2929 1962 Quod
2956 1885 3123 1950 idem
3153 1885 3290 1950 vult
3316 1909 3388 1951 ac
3418 1885 3468 1950 si
3496 1885 3751 1968 diceres,
3778 1886 4213 1953 administrum

2525 1986 2715 2074 regiae
2763 2010 2936 2074 gazae
2977 1988 3044 2053 in
3087 1989 3260 2053 furto
3303 1988 3779 2076 deprehensum,
3821 2013 3945 2055 non
3988 1990 4213 2078 laqueo

2527 2090 2759 2180 puniri,
2783 2091 2892 2156 sed
2923 2105 3165 2157 tantum
3196 2091 3423 2157 furem.
3477 2093 3614 2157 Nos
3638 2116 3843 2181 neque
3872 2117 3946 2158 ea
3973 2093 4215 2160 silentio

2526 2193 2946 2273 transibimus,
2976 2218 3121 2282 quae
3157 2194 3439 2259 acerbius
3463 2218 3502 2260 a
3529 2195 3841 2261 nonnullis
3867 2211 3932 2263 et
3957 2196 4215 2262 fortasse

2528 2295 2804 2383 iniquius
2831 2296 3146 2362 interdum
3173 2297 3238 2361 in
3271 2296 3591 2363 Plotinum
3620 2299 4055 2385 conjiciuntur.

2613 2438 2702 2450 —
2728 2420 2757 2463 1
2773 2419 2824 2462 Ι.
2871 2399 3189 2464 θαλάττιον
3234 2403 3528 2487 Γλαῦκον]
3581 2400 3766 2466 Plato
3813 2402 3893 2467 de
3940 2403 4212 2490 Republ.

2531 2502 2624 2565 X.
2650 2504 2795 2566 611.
2839 2526 2907 2590 p.
2938 2518 3087 2587 497.
3124 2501 3427 2567 Bekkeri:
3475 2503 3802 2584 τεθεάμεθα
3842 2503 4045 2585 μέντοι
4088 2512 4211 2572 δια-

2530 2606 2800 2685 κείμενον
2858 2604 2999 2670 αὗτὸ
3058 2607 3258 2688 ὥσπερ
3308 2608 3367 2671 οἳ
3423 2605 3529 2670 τὸν
3579 2606 3895 2672 θαλάττιον
3947 2614 4216 2675 Γλαῦκον

2529 2709 2780 2790 ὁρῶντες
2809 2737 2859 2773 κ.
2884 2735 2938 2772 τ.
2952 2716 3016 2772 λ.
3044 2707 3128 2773 0(1
3154 2731 3343 2795 quem
3373 2708 3578 2773 locum
3605 2709 3770 2774 conf.
3792 2710 3964 2777 Astii
3991 2735 4215 2780 comm.

2526 2833 2591 2898 p.
2642 2812 2790 2893 624.
2834 2810 2987 2898 ibiq.
3035 2810 3272 2876 laudat.
3322 2810 3559 2876 Moseri
3607 2815 4027 2879 Commentar.
4077 2838 4216 2904 my·

2528 2913 2766 3002 tholog.
2794 2913 2859 2978 in
2889 2913 3105 2979 Nonni
3130 2912 3508 3001 Dionysiaca
3541 2915 3637 2980 X.
3670 2939 3760 2981 vs.
3800 2935 3943 3002 105.
3984 2941 4051 3005 p.
4073 2936 4215 3005 237.

2530 3016 2726 3082 Adde
2774 3016 3042 3082 Godofr.
3082 3018 3430 3081 Hermann.
3478 3016 3558 3082 de
3602 3018 3889 3107 AEschyli
3939 3019 4217 3101 GlauciS,

2531 3136 2596 3185 01
2622 3119 2708 3185 cf.
2743 3119 2991 3185 Scholia
3015 3119 3080 3183 in
3111 3118 3383 3185 Platonis
3412 3119 3500 3185 1.1.
3549 3143 3616 3208 p.
3656 3123 3797 3207 196.
3828 3146 3921 3210 sq.
3954 3122 4217 3191 Ruhnk.

2530 3222 2812 3288 Platonis
2848 3237 3058 3288 autem
3102 3222 3565 3288 similitudinem
3609 3236 3876 3290 sectatus
3911 3227 4098 3291 etiam
4126 3241 4221 3293 est

2532 3326 2797 3392 Proclus
2841 3326 2907 3392 in
2952 3326 3161 3392 Alcib.
3209 3326 3399 3415 prior.
3458 3349 3598 3415 cap.
3638 3330 3743 3411 76.
3802 3352 3868 3414 p.
3913 3349 4056 3412 224.
4117 3331 4214 3396 ed.

2533 3430 2827 3496 Francos.

2617 3571 2707 3584 —-·
2740 3534 2837 3598 18.
2885 3535 3076 3599 ἄλλου
3125 3559 3230 3598 του
3273 3531 3370 3598 ἀπ’
3403 3534 3576 3614 αὐτῆς
3614 3533 3959 3623 γινομένου]
4009 3536 4220 3601 Locus

2531 3636 2891 3723 impeditus,
2915 3651 2978 3702 et
3009 3636 3263 3701 Ficinus
3291 3635 3471 3700 aliam
3502 3636 3828 3702 lectionem
3857 3637 4052 3701 videri
4080 3660 4221 3725 pos-

2533 3738 2612 3804 sit
2640 3753 2782 3804 ante
2811 3737 3024 3804 oculos
3052 3738 3360 3816 habuisse,
3390 3737 3533 3803 licet
3565 3738 3836 3803 Medicei
3880 3738 4044 3819 libri,
4074 3739 4218 3828 qui-

2531 3841 2654 3907 bus
2700 3865 2849 3907 usus
2891 3856 3007 3920 est,
3039 3840 3192 3905 nihil
3236 3839 3546 3906 varietatis
3587 3839 3938 3906 exhibeant.
4009 3844 4215 3930 Prop-

2531 3958 2702 4008 terea
2731 3942 2884 4007 nihil
2912 3965 3161 4007 movere
3188 3941 3522 4008 voluimuS.
3604 3944 3672 4009 Si
3699 3944 3815 4009 ἀπὸ
3843 3944 4034 4032 legas,
4064 3944 4221 4011 acci-

2531 4046 2831 4134 piendum
2860 4060 2953 4111 est
2985 4069 3103 4134 pro
3127 4046 3261 4121 ὑπὸ,
3293 4048 3406 4133 qui
3433 4070 3586 4112 usus
3622 4047 3794 4113 haud
3833 4047 4218 4137 infrequens.

2532 4149 2680 4215 Vid.
2729 4149 2916 4214 modo
2950 4149 3156 4237 Viger.
3203 4147 3284 4213 de
3332 4148 3521 4214 Idiot.
3566 4151 3698 4214 IX.
3736 4171 3792 4215 1.
3824 4154 3924 4216 16.
3972 4174 4037 4239 p.
4066 4152 4218 4238 580.

2530 4276 2621 4340 sq.
2703 4254 2806 4318 De
2851 4254 3050 4319 νεύσει
3095 4252 3279 4340 plura
3321 4253 3742 4340 congessimus
3784 4253 3849 4317 in
3892 4269 4105 4320 annot.
4152 4254 4218 4319 in

2529 4356 2667 4422 libr.
2716 4356 2797 4421 de
2845 4354 3198 4421 Pulcritud.
3237 4379 3300 4444 p.
3335 4356 3477 4442 265.
3525 4355 3626 4421 ed.
3667 4356 3960 4422 Heidelb.
4030 4357 4214 4422 Conf.

2530 4459 2987 4548 Wyttenbach.
3018 4459 3102 4523 ad
3129 4458 3494 4546 Eunapium
3524 4480 3671 4546 pag.
3694 4478 3802 4544 30.

2617 4586 2678 4651 p.
2710 4583 2810 4648 15,
2847 4560 3059 4645 Ι.Ἀρ’
3091 4563 3199 4627 οὖν
3228 4563 3440 4644 ἀφίησι
3467 4561 3534 4626 τὸ
3567 4564 3837 4649 εἴδωλον]
3890 4564 4057 4628 Cum
4099 4562 4219 4628 hoc

2529 4664 2666 4731 loco
2694 4664 2981 4753 componi
3009 4663 3260 4742 debent,
3291 4687 3436 4751 quae
3463 4663 3530 4728 in
3573 4664 3975 4751 sequentibus
4002 4665 4219 4755 dispu-

2529 4781 2743 4834 tantur
2775 4770 2894 4835 lv.
2925 4787 2989 4854 5.
3032 4766 3373 4856 praesertim
3404 4789 3542 4854 cap.
3570 4783 3631 4851 7.
3660 4790 3723 4855 p.
3742 4788 3893 4854 449.
3924 4792 4018 4855 sq.
4050 4769 4217 4836 unde

2527 4873 2663 4937 11ωο
2705 4871 2834 4937 sola
2876 4892 3239 4957 excerpam:
3280 4869 3522 4958 p.480.
3553 4871 3639 4934 A.
3685 4872 4077 4958 suph—{vel
4121 4873 4216 4938 καὶ

2527 4975 2596 5039 τὸ
2627 4978 2694 5040 ἐν
2715 4979 2794 5062 τῷ
2824 4976 3125 5059 κατόπτρῳ
3156 4972 3426 5055 ἐνέργεια
3452 4972 3702 5038 λεκτέον
3728 4978 3833 5038 τοῦ
3862 4976 3929 5040 ἐν
3957 4978 4037 5061 τῷ
4067 4977 4213 5057 ὁρω-

2523 5078 2727 5159 μένου,
2751 5082 3058 5145 ποιοΰντος
3086 5079 3169 5145 εἰς
3195 5076 3262 5140 τὸ
3291 5076 3551 5161 πάσχειν
3577 5076 3923 5157 δυνάμενον,
3947 5079 4017 5142 οὗ
4042 5076 4211 5160 ῥέον·

2527 5207 2627 5249 τος
2672 5209 2726 5245 κ.
2748 5206 2799 5244 τ.
2817 5188 2877 5244 λ.
2930 5202 3073 5267 quae
3115 5177 3339 5244 deinde
3381 5178 3464 5243 ad
3500 5178 3767 5243 animam
3814 5179 4212 5258 adhibentur,

2526 5297 2836 5371 quatenus
2878 5281 3123 5370 corpori
3170 5281 3357 5347 vitam
3398 5282 3693 5370 impertit.
3780 5285 4001 5369 Atque
4043 5281 4213 5347 hunc

2527 5385 2734 5451 locum
2778 5385 2960 5450 etiam
2992 5384 3248 5450 Ficinus
3290 5385 3628 5473 respexisse
3655 5385 3903 5450 videtur
3928 5383 3993 5448 in
4026 5387 4213 5451 Com-

2505 5487 2827 5584 ‚mentario
2854 5489 2936 5553 ad
2966 5504 3247 5554 nostrum
3289 5488 3517 5553 locum.
3607 5485 4061 5575 Disputationis
4103 5512 4214 5557 au-

2528 5605 2654 5656 tem
2697 5592 2889 5679 hujus
2930 5592 3066 5658 haec
3110 5615 3354 5657 summa
3392 5606 3507 5669 est,
3535 5612 3721 5677 quam
3761 5588 3945 5655 etiam
3977 5593 4215 5680 Engel-

2527 5695 2731 5761 hardt.
2763 5695 3185 5760 adumbravit:
3222 5697 3364 5759 Non
3393 5694 3599 5757 anima
3625 5706 3720 5756 est
3745 5694 3983 5781 peccati
4004 5719 4210 5776 causa,
