5118 6613
1348 503 1542 566 ΜΒ.
1588 501 1791 567 vm.
1838 497 2294 566 ENNEAD.
2341 499 2788 577 QUINTAE.
2834 522 2896 588 p.
2933 499 3338 585 998—1001.

607 674 767 740 liber
794 681 910 753 est,
934 674 1009 755 is,
1031 697 1143 762 per
1171 697 1235 739 se
1264 673 1516 762 proprie
1545 688 1879 762 spectatuS,
1898 673 2067 762 fugit
2094 672 2297 760 ipsum

605 800 861 863 quoque
903 776 1326 851 intellectum;
1383 776 1672 864 intraque
1718 800 1973 842 manens
2024 776 2194 841 velut
2236 775 2297 839 in

603 879 923 945 recondito
952 901 1194 967 semper
1221 878 1554 957 domicili0,
1583 878 1869 966 cognosci
1914 878 2151 966 nequit,
2181 877 2297 941 nisi

600 1006 712 1069 per
739 981 994 1069 gradus.
1090 981 1300 1045 Voluit
1337 994 1547 1046 autem
1579 982 1856 1069 patefieri
1884 1004 2057 1046 suam
2089 1004 2292 1046 essen-

601 1086 749 1150 tiam
782 1108 895 1173 per
927 1084 1043 1150 tria
1070 1084 1255 1165 bona,
1284 1085 1345 1148 in
1377 1085 1514 1172 ejus
1542 1085 1719 1172 quasi
1749 1084 2042 1150 domicilii
2086 1085 2296 1151 limine

602 1187 820 1254 locata.
913 1190 1075 1253 Sunt
1132 1212 1224 1253 eae
1278 1201 1473 1252 ternae
1531 1188 1827 1253 monades
1881 1187 2298 1276 intelligibiles

608 1294 898 1374 (νοηταθε
948 1293 1186 1356 verita-3
1220 1293 1285 1373 (ἡ
1315 1291 1619 1377 ἀλήθεια),
1656 1293 2022 1378 pulcritudo
2054 1293 2119 1373 (ἡ
2150 1301 2291 1357 καλ-

598 1395 803 1478 λονὴ),
831 1409 894 1459 et
921 1397 1339 1483 congruentia
1372 1397 1436 1476 (ἢ
1468 1397 1843 1477 συμμετρία).
1893 1394 2051 1459 Vide
2085 1394 2294 1459 Plato-

598 1497 696 1561 nis
724 1496 1082 1575 Philebum,
1120 1497 1287 1562 unde
1314 1498 1449 1562 baec
1477 1497 1759 1562 doctrina
1797 1497 2064 1562 maxime
2103 1497 2296 1562 ducta

600 1616 715 1679 est,
743 1624 806 1688 p.
825 1604 931 1681 64.
964 1623 1053 1687 sq.
1084 1624 1146 1688 p.
1178 1619 1320 1686 219.
1355 1624 1491 1688 sqq.
1530 1599 1788 1666 Stallb.”
1853 1600 2124 1666 Platonis
2149 1601 2295 1665 doc-

598 1705 824 1767 trinam
876 1726 957 1767 ex
1006 1702 1202 1790 ipsius
1253 1703 1495 1791 scriptis
1545 1726 1728 1769 nemo
1770 1703 2130 1789 diligentius
2181 1703 2289 1768 de·

598 1805 881 1894 promsit,
922 1829 1108 1870 nemo
1150 1805 1495 1894 elegantius
1537 1806 1845 1893 disposuit
1881 1806 2294 1893 disertiusque

597 1932 780 1973 nemo
824 1909 1303 1986 commendavit,
1351 1933 1542 1996 quam
1588 1909 1916 1974 Heusdius
1955 1932 2149 1987 mem,
2185 1909 2295 1974 Vir

600 2012 1018 2092 Clarissimus,
1050 2013 1113 2076 in
1144 2028 1323 2100 parte
1351 2013 1553 2100 prima
1580 2012 1721 2076 libri
1752 2013 1862 2100 qui
1891 2012 2286 2077 inscribitur:

600 2115 792 2180 Initia
821 2114 1243 2203 Philosophiae
1275 2115 1612 2181 Platonicoe
1654 2139 1720 2205 p.
1757 2117 1896 2200 187.
1939 2140 2073 2203 sqq.
2166 2117 2291 2195 Qui

598 2217 892 2306 deinceps
920 2218 1114 2283 secuti
1142 2233 1290 2283 sunt
1322 2218 1674 2306 philosophi
1703 2219 1863 2283 hanc
1890 2218 2292 2307 intelligibilis

597 2321 1038 2409 pulcritudinis
1087 2320 1433 2387 doctrinam
1477 2321 1755 2387 certatim
1808 2322 2172 2410 attigerunt,
2218 2338 2291 2389 ut

598 2425 909 2491 infinitum
942 2425 1021 2490 sit
1051 2424 1324 2513 singulos
1353 2449 1734 2491 enumerare.
1826 2426 2097 2492 Proinde
2133 2451 2286 2515 pau-

594 2528 738 2594 cula
781 2529 1091 2594 duntaxat
1135 2528 1362 2594 delibo.
1467 2531 1593 2608 Ita,
1641 2545 1714 2595 ut
1757 2529 1876 2594 hoc
1922 2544 2086 2607 utar,
2134 2529 2287 2595 Plu-

596 2632 851 2697 tarchus
876 2632 943 2696 in
972 2631 1423 2719 quaestionibus
1467 2631 1795 2697 Platonicis
1836 2631 2003 2697 illam
2048 2649 2289 2720 partem

595 2735 930 2801 Diotimeae
958 2735 1274 2814 orationiS,
1298 2759 1488 2823 quam
1520 2759 1709 2823 supra
1730 2735 1882 2813 dixi,
1907 2752 2051 2800 ante
2078 2735 2291 2801 oculos

594 2838 817 2903 habuit
843 2862 910 2927 p.
941 2858 1122 2903 1002.
1154 2862 1215 2926 p.
1243 2839 1348 2902 81.
1384 2839 1721 2927 Wyttenh.
1783 2838 2113 2926 Longinus
2137 2839 2284 2904 item

593 2957 658 3006 et
687 2941 798 3029 qui
826 2941 1049 3029 reliqui
1080 2941 1159 3006 de
1190 2941 1440 3007 sublimi
1468 2958 1531 3007 et
1571 2941 1790 3030 pulcro
1831 2958 2287 3030 proeceperunt,

592 3045 765 3111 haud
817 3068 1016 3132 pauca
1065 3069 1100 3109 e
1145 3044 1427 3110 Platonis
1480 3045 1744 3133 dialogis
1796 3045 2065 3110 mutuati
2118 3062 2282 3111 sunt.

595 3148 859 3213 Proclus
901 3164 1111 3213 autem
1143 3148 1382 3236 Lycius
1410 3148 1490 3213 de
1517 3147 1637 3213 illis
1677 3148 1877 3214 tribus
1920 3148 2291 3214 monadibus

597 3251 969 3342 singularem
1031 3251 1258 3317 librum
1313 3250 1614 3331 ediderat,
1666 3266 1735 3318 ut
1786 3251 1918 3340 ipse
1977 3252 2288 3318 memoriae

594 3355 805 3444 prodit
848 3355 913 3419 in
962 3355 1436 3420 Commentariis
1480 3354 1542 3418 in
1591 3355 1870 3420 Platonis
1911 3355 2283 3443 Rempubli-

593 3483 730 3525 cam
760 3482 823 3547 p.
845 3478 996 3544 433.
1087 3458 1302 3523 Hodie
1345 3457 1735 3523 desideratur
1762 3457 1920 3523 illud
1967 3459 2284 3548 scriptum.

596 3563 759 3639 Quae
787 3576 994 3626 tamen
1025 3561 1160 3647 ejus
1189 3559 1542 3648 philosophi
1572 3561 1652 3623 de
1680 3559 2103 3648 pulcritudine
2148 3585 2282 3627 sen·

595 3663 789 3728 tentia
815 3662 1031 3741 fuerit,
1062 3685 1204 3726 cum
1236 3661 1489 3726 aliunde
1517 3676 1722 3749 potest
1750 3662 2011 3750 intelligi
2042 3680 2179 3728 tum
2208 3688 2285 3728 ex

593 3769 731 3855 ejus
756 3764 932 3831 libris
959 3765 1023 3829 in
1056 3764 1334 3830 Platonis
1363 3763 1774 3853 Theologiam
1810 3767 1900 3849 (Ι.
1937 3787 2039 3846 24.
2087 3791 2148 3853 p.
2176 3787 2282 3852 59.

594 3894 730 3957 sqq.
801 3869 943 3934 III.
978 3871 1039 3932 8.
1083 3891 1149 3955 p.
1188 3888 1329 3953 150.
1375 3872 1541 3956 sqq.)
1593 3885 1656 3933 et
1700 3892 1849 3933 vero
1895 3869 2164 3934 maxime
2209 3894 2286 3934 ex

592 3975 729 4062 ejus
769 3971 1233 4037 Commentario
1261 3972 1326 4035 in
1357 3970 1638 4036 Platonis
1681 3970 2074 4037 Alcibiadem
2120 3972 2283 4058 prio-

592 4078 747 4141 rem.
838 4074 1133 4140 Hermias
1174 4073 1359 4140 etiam
1405 4076 1573 4139 hunc
1624 4072 1828 4139 locum
1873 4074 1954 4138 de
1998 4074 2283 4162 intelligi-

596 4178 707 4245 bili
760 4177 1182 4266 pulcritudine
1232 4176 1441 4265 attigit
1495 4177 1558 4242 in
1614 4176 1892 4241 Platonis
1945 4176 2284 4243 Phaedrum

595 4307 649 4348 c.
682 4282 983 4346 XXIII.
1012 4304 1079 4368 p.
1111 4300 1254 4348 112.
1288 4304 1380 4366 sq.
1415 4280 1516 4345 ed.
1554 4278 1736 4344 Astii.
1813 4279 2156 4369 Dionysius
2182 4286 2289 4347 de-

596 4387 811 4472 nique,
852 4383 961 4471 qui
999 4383 1386 4472 Areopagita
1433 4382 1535 4447 ille
1580 4383 1774 4448 videri
1819 4383 1979 4462 vult,
2021 4408 2167 4471 quoe
2209 4385 2289 4451 de

596 4486 1019 4578 pulcritudine
1061 4510 1205 4551 cum
1251 4485 1490 4574 reliqua
1518 4501 1652 4551 tum
1683 4486 2053 4575 intelligibili
2081 4488 2285 4553 decla-

600 4591 792 4658 mavit
845 4590 954 4673 (de
999 4590 1262 4656 Divinn.
1308 4589 1675 4655 Nominibb.
1717 4615 1770 4654 c.
1808 4590 1926 4654 IV.
1974 4614 2042 4678 p.
2071 4593 2288 4676 558-

596 4700 747 4783 561.
772 4693 1084 4777 Corderii)
1114 4717 1208 4773 ea,
1231 4707 1303 4758 ut
1329 4694 1467 4781 ejus
1498 4692 1763 4758 hominis
1790 4693 2031 4781 reliqua
2058 4694 2286 4773 omnia,

596 4822 674 4864 ex
705 4797 1171 4863 Platonicorum
1203 4796 1377 4862 libris
1414 4795 1702 4861 desumta
1739 4810 1902 4861 sunt.
1992 4796 2291 4862 Ecclesioe

594 4917 804 4991 patres
853 4915 1239 4988 quantopere
1288 4899 1450 4963 hanc
1499 4898 1844 4964 doctrinam
1899 4898 2287 4980 celebrarint,

597 5006 781 5070 docet
836 5002 1313 5068 commentarius
1369 5000 1657 5090 amplior,
1708 5024 1896 5089 quem
1947 5000 2013 5065 in
2059 5000 2288 5067 librum

596 5111 768 5174 Eun.
802 5108 859 5170 I.
891 5119 1134 5170 sextum
1166 5104 1247 5169 de
1279 5103 1712 5169 Pulcritudine
1739 5103 1994 5169 editioni
2025 5105 2285 5171 Heidel-

596 5210 882 5298 bergensi
908 5207 1272 5296 adjecimus.
1346 5210 1406 5272 E
1438 5207 1881 5273 recentioribus
1905 5207 2292 5296 philosophis

596 5313 709 5401 qui
737 5312 817 5378 de
847 5310 1067 5400 pulcro
1095 5310 1491 5376 commentati
1539 5324 1710 5389 sunt,
1744 5325 1817 5375 ut
1848 5313 1950 5376 M.
1972 5311 2293 5378 Antonius

602 5418 799 5482 Natta
824 5413 1136 5501 multique
1178 5412 1303 5495 alii,
1332 5429 1396 5480 et
1437 5429 1650 5479 nostra
1692 5414 1989 5479 memoria
2021 5415 2292 5480 Kantius

592 5519 849 5609 aliique,
876 5516 942 5583 in
986 5516 1082 5581 his
1122 5517 1256 5605 ipse
1285 5516 1616 5583 Herderus
1659 5517 1722 5581 in
1762 5517 2106 5607 Calligone,
2141 5519 2286 5584 Pla-

3953 519 4074 586 301

2388 675 2550 740 tonis
2593 673 2822 760 scripta
2863 689 3304 761 respexerunt:
3353 669 3586 736 Plotini
3628 671 3743 736 hos
3787 671 3994 749 libros,
4028 672 4077 736 si

2388 778 2677 843 Ficinum
2709 794 2773 841 et
2804 775 3247 863 Schellingium
3281 776 3537 840 sortasse
3579 775 3873 863 excipias,
3903 775 4073 863 quod

2385 880 2674 969 equidem
2708 879 2917 957 sciam,
2949 901 3131 943 nemo
3161 901 3554 965 magnopere.

2476 1008 2538 1072 p.
2581 1005 2764 1062 1001,
2800 1002 2859 1047 2.
2906 984 3214 1064 ἀνθρώπου
3265 984 3327 1045 δὲ
3378 981 3457 1062 μή
3506 983 3810 1062 τινος-ἡ
3859 980 4071 1069 τέχνη]

2384 1089 2547 1152 Haec
2590 1087 2926 1152 admonent
2969 1084 3335 1149 narrationis
3373 1084 3792 1149 Ciceronianae
3834 1084 3914 1149 de
3959 1085 4068 1148 In·

2383 1205 2549 1255 vent.
2587 1192 2686 1254 11.
2725 1209 2776 1252 1.
2808 1188 2888 1253 de
2918 1186 3207 1252 Zeuxide
3243 1187 3498 1274 pictore,
3528 1187 3636 1274 qui
3665 1210 3808 1252 cum
3841 1190 4063 1253 Croto-

2382 1292 2565 1357 niatis
2594 1290 2903 1356 Helenam
2936 1290 3191 1378 pingere
3210 1291 3426 1378 jussus
3453 1306 3631 1368 esset,
3662 1314 3740 1355 ex
3768 1290 4070 1378 pulcerri-

2383 1395 2496 1459 mis
2525 1395 2872 1482 virginibus
2914 1393 3316 1482 pulcerrimas
3357 1409 3564 1480 partes
3606 1393 3925 1480 deligeret,
3957 1415 4068 1457 ne-

2378 1522 2502 1585 que
2553 1497 2717 1562 enim
2769 1496 3038 1585 putavit,
3089 1495 3267 1561 addit
3318 1496 3594 1575 Tullius,
3646 1496 3875 1575 omnia,
3924 1519 4070 1583 quae

2377 1617 2683 1689 quaereret
2711 1600 2790 1665 ad
2824 1614 3209 1665 venustatem
3244 1623 3370 1664 uno
3396 1601 3460 1664 in
3490 1624 3748 1688 corpore
3787 1623 3851 1664 se
3889 1623 4066 1688 repe-

2377 1705 2497 1769 rire
2539 1727 2761 1792 posse3
2806 1702 3073 1790 ideoque
3116 1702 3286 1789 quod
3332 1702 3509 1780 nihil,
3548 1700 3807 1790 simplici
3851 1701 3915 1766 in
3958 1726 4069 1789 ge·

2378 1830 2545 1885 nere,
2577 1805 2868 1870 omnibus
2896 1828 2974 1870 ex
3001 1804 3285 1892 partibus
3316 1804 3660 1891 perfectum
3690 1821 3915 1869 natura
3952 1828 4066 1869 ex-

2376 1910 2616 1998 polivit.
2663 1911 2916 1995 Itaque,
2948 1922 3242 1995 tanquam
3275 1906 3492 1972 ceteris
3519 1930 3641 1971 non
3673 1907 3752 1973 sit
3778 1906 4072 1973 habitura

2377 2013 2548 2101 quod
2597 2010 2918 2099 largiatur,
2963 2010 3013 2075 si
3064 2011 3174 2075 uni
3216 2025 3440 2075 cuncta
3484 2010 3870 2086 concesserit,
3899 2009 4070 2074 aliud

2377 2117 2478 2182 alii
2522 2114 2852 2195 commodi,
2888 2114 3099 2202 aliquo
3141 2114 3439 2203 adjuncto
3481 2113 3895 2194 incommode,
3926 2106 4066 2178 mu‘-

2378 2235 2650 2284 neratur.
2740 2217 2931 2287 Quod
2971 2217 3305 2306 Agrigenti
3347 2218 3580 2283 factum
3629 2217 3903 2305 prodidit
3933 2217 4062 2282 Pli-

2376 2321 2518 2386 nius
2546 2323 2641 2385 H.
2662 2321 2744 2385 N.
2780 2321 3083 2384 XXXV.
3118 2341 3179 2405 9.
3209 2322 3317 2407 36.
3393 2320 3719 2385 Heracleae
3749 2320 4063 2386 AElianus.

2377 2427 2543 2489 Cum
2591 2423 2891 2488 Cicerone
2937 2437 3142 2488 tamen
3189 2423 3428 2489 faciunt
3471 2423 3597 2501 alii,
3645 2446 3805 2510 quos
3850 2423 4066 2490 laudat

2379 2526 2577 2614 Sillig.
2609 2525 2671 2590 in
2704 2525 3008 2611 Catalogo
3035 2525 3370 2591 Artificum
3421 2549 3485 2612 p.
3514 2526 3660 2605 462.
3694 2549 3787 2613 sq.
3832 2526 3942 2613 qui
3986 2526 4065 2592 de

2376 2630 2494 2695 hac
2522 2653 2590 2694 re
2616 2627 3048 2694 consulendus.
3099 2628 3480 2716 Dignissima
3508 2646 3654 2693 sunt
3683 2629 3889 2708 etiam,
3919 2652 4064 2717 quae

2377 2734 2665 2821 legantur
2721 2732 3030 2797 subtiliter
3077 2732 3238 2797 hanc
3286 2731 3348 2796 in
3401 2754 3530 2797 rem
3580 2731 3899 2817 disputata
3949 2733 4066 2797 viri

2373 2836 2671 2924 elegantis
2729 2835 2955 2923 judicii
3012 2835 3511 2900 Emeric-David
3567 2838 3629 2899 in
3687 2835 4065 2923 Biographie

2378 2938 2761 3005 Universelle
2810 2940 2896 3003 T.
2930 2939 3094 3004 LII.
3155 2962 3216 3026 p.
3248 2941 3396 3024 308.
3444 2963 3534 3026 sq.
3642 2940 3813 3003 Cave
3860 2951 4067 3004 tamen

2374 3045 2665 3134 opineriS,
2695 3042 3015 3109 Plotinum
3055 3043 3144 3108 ita
3180 3043 3335 3108 effici
3375 3042 3880 3130 praestantissima
3920 3044 4069 3109 artis

2375 3170 2566 3236 opera
2595 3147 2710 3213 sibi
2742 3146 3129 3235 persuasisse.
3219 3149 3321 3212 Ne
3353 3146 3609 3211 Tullius
3652 3146 3906 3234 quidem
3952 3148 4067 3212 sibi

2376 3265 2787 3340 persuaserat,
2841 3266 2913 3316 ut
2962 3249 3329 3339 intelligitur
3385 3274 3462 3316 ex
3516 3250 3767 3339 egregio
3816 3249 3952 3316 loco
4003 3251 4066 3317 in

2375 3359 2641 3421 Oratore
2668 3379 2718 3420 c.
2748 3374 2808 3422 2.
2839 3378 3024 3442 quem
3057 3355 3138 3419 ad
3168 3354 3360 3442 hujus
3388 3354 3607 3442 capitis
3646 3354 3830 3418 finem
3872 3355 4064 3420 attin·

2371 3482 2610 3546 gemus
2703 3456 2974 3523 Consule
3002 3459 3186 3523 etiam
3217 3457 3537 3544 disputata
3565 3456 3838 3521 Herderi
3873 3461 4064 3524 nostri

2371 3561 2436 3625 in
2480 3561 2988 3649 praestantissimo
3029 3583 3217 3648 opere
3253 3557 3595 3645 Calligonae
3625 3560 3765 3624 111.
3813 3584 3880 3648 p.
3918 3581 4062 3646 194.

2375 3667 2670 3730 Ceterum
2715 3663 2779 3727 in
2823 3662 3067 3728 delectu
3106 3660 3395 3749 exempli,
3425 3684 3555 3749 quo
3585 3660 3873 3727 Plotinus
3906 3665 4061 3728 Mu-

2373 3791 2501 3832 sam
2534 3766 2774 3832 Gratiae
2801 3766 3113 3854 adjunxit,
3146 3766 3193 3830 si
3225 3765 3645 3853 Euripideum
3689 3764 3848 3831 illud
3883 3767 4060 3832 adhi-

2372 3871 2519 3935 bere
2551 3868 2719 3949 velis,
2750 3892 3047 3956 agnoscas
3074 3871 3322 3949 ἡδίστων
3351 3870 3649 3951 συζυγίαν.

2460 4011 2546 4022 -
2574 3989 2671 4058 15.
2721 3973 2838 4036 Καὶ
2867 3974 2982 4054 γὰρ
3016 3973 3141 4057 ὅσῳ
3182 3971 3273 4036 ἱὸν
3304 3973 3386 4038 εἰς
3425 3972 3532 4052 τὴν
3559 3974 3711 4053 ὕλην
3741 3972 4060 4049 ἐκτέταται,

2373 4077 2532 4162 τόσῳ
2589 4074 3025 4158 ἀσθενέστερον
3071 4079 3177 4138 τοῦ
3230 4076 3297 4138 ἐν
3356 4075 3446 4138 ἑνὶ
3497 4074 3836 4163 μένοντος]
3893 4078 4064 4142 Tota

2375 4178 2508 4243 haec
2537 4176 2898 4265 disputati0,
2929 4200 3056 4265 qua
3086 4177 3373 4243 Plotinus
3402 4202 3566 4242 veroe
3604 4178 3755 4242 artis
3791 4177 4061 4244 indolem

2375 4297 2499 4348 tam
2531 4281 2738 4346 lucide
2766 4280 3081 4360 describit,
3112 4282 3443 4368 conjuncta
3487 4287 3576 4346 est
3620 4303 3761 4345 cum
3808 4281 3942 4347 loco
3985 4283 4064 4348 de

2374 4388 2643 4451 materia
2686 4385 2959 4471 itemque
2986 4383 3067 4447 de
3093 4384 3252 4448 ideis
3289 4383 3607 4470 igiturque
3648 4386 4064 4472 comparanda

2374 4512 2517 4555 cum
2562 4488 2637 4552 iis
2679 4487 2827 4552 locis
2869 4486 3259 4575 dialogorum
3291 4486 3595 4564 Platonis,
3623 4487 3856 4575 quibus
3899 4503 4064 4554 uter-

2374 4616 2500 4681 que
2527 4592 2699 4656 locus
2726 4588 3091 4677 explicatur.
3149 4591 3251 4654 Tu
3283 4588 3447 4670 vide,
3475 4613 3620 4677 quae
3651 4590 3810 4655 hanc
3839 4591 3902 4656 in
3932 4616 4062 4658 rem

2372 4694 2608 4760 contuli
2651 4716 2841 4780 supra
2882 4691 2962 4756 ad
3007 4691 3236 4757 librum
3278 4691 3357 4756 de
3398 4692 3822 4779 pulcritudine
3862 4718 3925 4782 p.
3956 4717 4060 4781 52.

2376 4800 2452 4864 A.
2487 4800 2566 4863 B.
2607 4813 2670 4861 et
2704 4795 2788 4860 ad
2832 4794 3062 4860 librum
3110 4795 3381 4880 primum
3424 4795 3504 4859 de
3548 4796 3951 4863 Providentia
3995 4823 4057 4887 p.

2379 4919 2520 4988 259.
2551 4924 2647 4988 sq.
2680 4899 2789 4987 qui
2821 4897 3189 4987 posteriores
3216 4896 3334 4962 loci
3365 4896 3699 4963 Plotiniani
3741 4899 3805 4963 in
3847 4902 4063 4988 primis

2373 5028 2520 5071 cum
2562 5020 2775 5069 nostro
2801 5001 3142 5091 comparari
3173 5000 3672 5078 debent.—-Quae
3715 5020 4065 5089 sequuntur

2374 5111 2455 5173 de
2482 5110 2850 5183 imitatione,
2895 5105 2993 5170 his
3034 5103 3423 5169 adhibendus
3466 5119 3558 5167 est
3590 5102 3772 5169 Plato
3800 5104 3863 5168 in
3895 5108 4060 5194 Rep.

2379 5213 2470 5275 X.
2502 5235 2563 5299 p.
2586 5227 2733 5297 597.
2765 5234 2855 5297 sq.
2889 5233 2948 5297 p.
2968 5227 3117 5292 471.
3148 5231 3242 5295 sq.
3274 5206 3478 5272 Bekk.
3541 5207 3821 5272 Maxime
3849 5224 4058 5275 autern

2378 5313 2645 5381 tenenda
2687 5326 2781 5377 est
2824 5311 3178 5377 Aristotelis
3219 5311 3558 5400 disputatio
3598 5310 3833 5377 Poetic.
3868 5314 3962 5378 11.
4003 5334 4057 5380 1.

2377 5417 2486 5482 ubi
2519 5416 2640 5480 tria
2681 5416 2986 5481 artificum
3029 5437 3260 5502 genera
3301 5413 3806 5502 distinguuntur:
3857 5420 4058 5485 Πολύ-

2376 5546 2601 5604 γνωτος
2638 5522 2753 5599 μὲν
2796 5522 3104 5602 κρείττους,
3152 5519 3416 5584 Παύσων
3454 5520 3519 5583 δὲ
3561 5518 3813 5601 χείρους,
3846 5524 4060 5587 Διονύ·
