5118 6613
1017 577 1147 655 406

1028 749 1174 814 item
1206 772 1261 813 c.
1284 749 1431 813 IX:
1479 750 1614 832 περὶ
1644 747 1975 831 αὐτάρκους.
2030 747 2204 812 Idem
2238 746 2389 813 ibid.
2423 769 2479 812 c.
2507 744 2728 810 XIII.

1033 875 1100 939 p.
1129 870 1245 932 24:
1283 851 1447 915 ἔστιν
1478 854 1592 935 ἄρα
1623 852 1718 915 καὶ
1743 852 1780 930 ἡ
1811 852 2105 933 ἀγαθότης
2135 850 2363 923 ἕνωσις,
2399 848 2493 912 καὶ
2520 848 2557 926 ἡ
2587 847 2729 911 ἕνω-

1037 981 1132 1023 σις
1174 956 1486 1037 ἀγαθότης,
1518 955 1614 1018 καὶ
1651 953 1720 1017 τὸ
1764 952 1994 1036 ἀγαθὸν
2025 951 2111 1024 ἓν,
2146 952 2240 1015 καὶ
2277 952 2344 1014 τὸ
2388 951 2455 1015 ἓν
2495 951 2734 1032 πρώτως

1037 1047 1284 1140 ἀγαθόν.
1381 1057 1558 1122 Idem
1591 1080 1726 1144 cap.
1764 1055 2193 1120 CXXXIII.
2224 1076 2286 1141 p.
2325 1053 2479 1137 198:
2529 1050 2668 1115 ἀλλ’
2701 1052 2734 1114 ὁ

1036 1163 1150 1241 μὲν
1176 1162 1500 1242 πρώτιστος
1532 1158 1696 1242 (θεός
1724 1161 1917 1240 ἐστιν)
1947 1159 2146 1222 ἅπλῶς
2174 1156 2257 1219 ἕν.
2307 1156 2387 1219 In
2411 1177 2540 1242 quo
2570 1153 2731 1217 enim

1040 1262 1195 1338 loco,
1221 1262 1561 1327 secundum
1598 1260 1931 1349 Porphyrii
1961 1257 2214 1347 quidem
2246 1257 2733 1344 dispositionem,

1038 1364 1331 1430 desinunt
1382 1365 1481 1428 hae
1526 1363 1884 1439 EnneadeS‚
1936 1362 2224 1426 nimirum
2278 1362 2340 1426 in
2391 1360 2735 1448 quaestione

1038 1468 1142 1532 De
1185 1490 1425 1532 summo
1463 1468 1644 1530 Bono
1684 1466 2006 1552 eodemque
2055 1466 2218 1544 Uno,
2262 1464 2344 1528 ab
2389 1488 2463 1527 eo
2507 1464 2572 1528 in
2617 1463 2736 1527 illis

1040 1569 1387 1633 Elementis
1425 1568 1551 1632 suis
1590 1567 1949 1655 disputandi
1979 1567 2224 1631 initium
2257 1566 2438 1654 cepit.
2529 1567 2731 1631 Profi-

1040 1671 1289 1736 ciscitur
1325 1671 1489 1736 enim
1532 1671 1612 1736 ab
1651 1673 1792 1736 Uno
1834 1686 1897 1735 et
1925 1670 2363 1735 Multitudine.
2457 1669 2638 1733 Idem
2671 1668 2733 1733 in

1043 1773 1267 1838 Theol.
1303 1775 1464 1839 Plat.
1503 1774 1602 1838 11.
1631 1795 1696 1854 4.
1724 1797 1792 1861 p.
1818 1790 1922 1859 95.
1953 1772 2264 1860 duplicem
2299 1771 2600 1836 rationem
2639 1786 2733 1836 at-

1040 1876 1248 1963 tingit,
1278 1900 1406 1965 qua
1438 1877 1620 1942 Plato
1649 1878 1867 1941 Unum
1899 1875 2054 1940 illud
2086 1873 2556 1963 significaverit:
2599 1881 2739 1939 Διτ-

1039 1979 1139 2047 τδς
1167 1981 1273 2044 οὖν
1302 1982 1335 2043 ὁ
1363 1978 1575 2062 τρόπος
1613 1983 1714 2059 τῆς
1752 1983 1857 2044 τοῦ
1893 1978 2026 2046 ἑνὸς
2064 1980 2382 2057 ἐνδείξεως·
2429 1981 2593 2042 διττὰ
2618 1980 2735 2060 γὰρ

1040 2082 1114 2146 αὖ
1145 2082 1239 2145 καὶ
1267 2079 1530 2161 ὀνόματα
1557 2085 1957 2164 παραδίδωσιν
1982 2084 2122 2163 ἡμῖν
2149 2085 2182 2146 ὁ
2212 2081 2474 2145 Πλάτων
2501 2085 2602 2160 τῆς
2630 2083 2731 2162 ἆῤ·

1035 2183 1213 2265 ῥήτου
1259 2185 1461 2250 αἰτίας.
1510 2186 1578 2247 ἐν
1606 2169 1897 2269 Πολιτείᾳ
1933 2186 2046 2265 μὲν
2083 2187 2199 2266 γὰρ
2243 2184 2508 2268 τάγαθὸν
2554 2185 2736 2264 αὐτὴν

1038 2288 1346 2361 ἀποκαλεῖ,
1375 2287 1590 2365 καὶτῆς
1618 2288 1900 2365 ἀληθείας
1923 2291 2023 2367 τῆς
2051 2289 2350 2365 ένιζούσης
2372 2285 2479 2351 τόν
2498 2312 2566 2350 τε
2596 2291 2737 2351 νοῦν

1040 2389 1136 2454 καὶ
1177 2393 1252 2453 τὰ
1295 2391 1477 2468 νοητὰ
1515 2388 1710 2469 πηγὴν
1740 2390 2149 2453 ἐπιδείκνυσιν.
2200 2391 2268 2453 ἐν
2296 2392 2639 2471 Παρμενίδῃ
2670 2391 2735 2454 δὲ

1025 2491 1149 2555 Ἓν
1179 2491 1527 2570 ἐπονομάζει
1562 2490 1671 2570 τὴν
1700 2494 1974 2572 τοιαύτην
2000 2492 2211 2576 ἀρχὴν,
2240 2493 2336 2556 καὶ
2363 2498 2480 2556 τῶν
2512 2493 2737 2557 ἑνάδων

1040 2596 1362 2677 ἀποφαίνει
1403 2598 1520 2657 τῶν
1549 2594 1725 2658 θείων
1752 2594 2167 2673 ὑποστατικήν.
2258 2594 2486 2659 Timaei
2520 2594 2732 2659 Plato-

1039 2696 1156 2760 nici
1186 2695 1486 2760 rationem
1515 2696 1724 2783 attigit
1754 2695 2009 2760 Proclus
2049 2695 2199 2761 ibid.
2232 2699 2311 2761 V.
2342 2715 2437 2781 17.
2486 2720 2546 2785 p.
2583 2698 2733 2776 280,

1036 2799 1206 2863 unde
1235 2799 1498 2864 efficitur
1515 2800 1760 2874 Unum,
1786 2800 2032 2862 Bonum
2064 2813 2128 2863 et
2150 2801 2359 2863 Deum
2389 2798 2553 2863 idem
2586 2823 2733 2863 esse.

1041 2901 1334 2967 Similiter
1364 2901 1726 2988 pronuntiat
1755 2901 2054 2990 Syrianus
2080 2902 2143 2965 in
2176 2902 2498 2967 Aristotel.
2532 2904 2738 2967 Meta-

1037 3006 1250 3094 physs.
1288 3008 1527 3090 (XII.)
1563 3007 1780 3070 XIII.
1819 3023 1874 3088 7.
1905 3029 2065 3070 vers.
2096 3008 2244 3071 Lat.
2335 3015 2379 3046 ‘⁶
2415 3008 2631 3071 Unum
2675 3022 2737 3071 et

1041 3109 1291 3172 Bonum
1321 3107 1486 3171 idem
1517 3122 1662 3171 sunt
1691 3107 1860 3195 apud
1889 3106 2235 3189 Platonem,
2261 3125 2324 3174 et
2352 3111 2733 3175 abstractum

1038 3227 1133 3277 est
1160 3212 1241 3275 ab
1270 3211 1439 3274 omni
1471 3210 1817 3275 substantia
1846 3227 1908 3274 et
1936 3210 2253 3276 intellectu
2286 3227 2347 3276 et
2378 3212 2564 3277 vita.”
2654 3214 2733 3277 In

1039 3317 1296 3381 eandem
1329 3313 1691 3378 sententiam
1726 3311 2065 3378 Platonicae
2107 3314 2515 3402 philosophiae
2558 3317 2734 3381 resti-

1041 3434 1215 3484 tutor
1247 3416 1528 3482 Bessario
1570 3417 1633 3480 in
1680 3415 1840 3481 libro
1888 3419 1966 3481 In
2004 3417 2294 3483 Calumn.
2329 3417 2581 3483 Platon.
2625 3418 2734 3485 lib.

1043 3523 1139 3588 11.
1186 3545 1238 3586 c.
1269 3543 1352 3607 3:
1404 3530 1446 3561 “
1477 3522 1697 3585 Unum
1745 3520 1975 3608 ipsum,
2016 3520 2127 3601 ait,
2173 3520 2356 3586 Plato
2401 3524 2736 3610 supersub-

1041 3625 1385 3691 stantialem
1420 3624 1541 3689 Dei
1571 3624 1956 3689 divinitatem
1987 3624 2320 3713 appellat.”
2385 3628 2547 3692 Haec
2574 3627 2742 3691 suffi-

1040 3731 1205 3795 ciant
1234 3729 1650 3816 intelligendoe
1677 3744 1741 3793 et
1770 3729 2152 3817 inscriptioni
2190 3747 2253 3795 et
2296 3730 2574 3796 materiae
2616 3733 2733 3796 hu-

1032 3834 1142 3920 jus
1169 3832 1311 3896 libri
1347 3832 1696 3897 Plotiniani.
1773 3833 2042 3920 Anglice
2068 3857 2210 3899 eum
2241 3834 2428 3899 vertit
2458 3835 2740 3900 Thomas

1045 3935 1286 4021 Taylor
1328 3935 1390 3998 in
1442 3935 1642 3999 Select
1687 3935 1927 4000 Works
1976 3937 2050 4001 of
2095 3936 2384 4002 Plotinus
2428 3961 2490 4024 p.
2524 3939 2740 4020 468—

1042 4041 1189 4122 506.
1284 4037 1637 4123 Insigniora
1673 4037 1865 4123 hujus
1910 4038 2049 4102 libri
2097 4039 2467 4104 Germanice
2510 4040 2574 4105 in
2619 4064 2736 4106 nu-

1044 4162 1282 4204 merum
1329 4140 1871 4226 pronuntiatorum
1919 4141 2161 4228 redegit
2192 4144 2626 4208 Tennemann.
2674 4144 2736 4206 in

1049 4242 1217 4305 Hist.
1256 4241 1676 4328 Philosophiae
1706 4244 1821 4306 VI.
1856 4266 1915 4330 p.
1942 4245 2218 4328 69—89.

1132 4366 1199 4431 p.
1235 4346 1413 4428 1385,
1449 4362 1544 4409 12.
1593 4346 1729 4409 οὔτε
1770 4349 1886 4428 γὰρ
1931 4345 2178 4428 στρατός
2221 4350 2407 4420 ἐστιν,
2456 4349 2510 4410 εί
2549 4347 2630 4427 μὴ
2674 4347 2743 4411 ἓν

1050 4448 1238 4519 ἔσται,
1270 4447 1405 4509 οὔτε
1430 4446 1613 4528 χορὸς
1643 4473 1694 4510 κ.
1713 4473 1765 4510 τ.
1788 4449 1884 4536 λ.]
1934 4448 2038 4512 Cf.
2070 4472 2258 4535 supra
2281 4450 2398 4513 VI.
2434 4451 2496 4513 6.
2533 4469 2631 4513 12.
2679 4472 2738 4536 p.

1049 4550 1198 4611 682.
1228 4549 1395 4612 C.D.
1441 4547 1546 4610 ubi
1591 4547 1823 4612 eaedem
1869 4549 2300 4615 similitudines
2341 4551 2737 4617 adhibentur.

1054 4652 1176 4715 Sed
1227 4651 1411 4714 etiam
1463 4669 1900 4737 argumentum
1951 4652 2116 4718 illius
2164 4654 2280 4718 loci
2331 4676 2473 4718 cum
2531 4667 2742 4719 nostro

1046 4754 1391 4842 comparari
1418 4754 1622 4818 debet.

1120 4882 1182 4945 p.
1215 4860 1397 4942 1386,
1430 4872 1489 4919 2.
1522 4863 1640 4920 τῶν
1661 4863 1860 4939 φυτῶν
1890 4857 1985 4922 καὶ
2007 4860 2167 4933 ζώων
2198 4860 2463 4939 σώματα,
2498 4861 2566 4923 ἓν
2596 4862 2743 4924 ὄντα

1049 4963 1291 5034 ἕκαστα,
1325 4963 1377 5023 εἰ
1404 4960 1617 5042 φεύγει
1644 4958 1712 5022 τὸ
1742 4960 1810 5022 ἓν
1840 4961 1920 5025 εἰς
1953 4964 2179 5039 πλῆθος
2224 4960 2593 5041 θρυπτόμενα
2635 4963 2742 5042 τὴν

1049 5066 1260 5128 οὐσίαν
1289 5062 1907 5145 αὑτῶν-ἀπώλεσεν]
1940 5063 2296 5150 Frangendi
2328 5064 2740 5150 significatum

1049 5167 1371 5257 proprium
1401 5165 1642 5228 obtinet
1673 5164 1788 5227 hoc
1815 5162 1953 5228 loco
1981 5163 2275 5247 θρύπτειν,
2307 5166 2602 5252 adjuncta
2646 5181 2735 5231 ta·

1046 5293 1187 5334 men
1259 5266 1672 5354 corruptionis
1740 5282 1803 5330 et
1869 5266 2162 5352 nequitiae
2226 5267 2498 5354 quadam
2570 5284 2739 5334 nota.

1051 5372 1317 5438 Maximi
1341 5369 1586 5436 Scholia
1606 5370 1670 5432 in
1696 5369 1957 5454 Dionys.
1980 5372 2298 5457 Areopag.
2318 5369 2520 5456 Epist.
2538 5372 2738 5435 VIII.

1056 5499 1112 5541 1.
1160 5499 1219 5561 p.
1259 5494 1398 5558 123.
1435 5470 1750 5536 Corderii:
1801 5468 2160 5551 θρύπτεσθαι
2205 5473 2408 5554 κυρίως
2449 5473 2517 5536 τὸ
2564 5499 2738 5538 κατα-

1050 5582 1321 5648 κλᾶσθαι.
1367 5576 1611 5657 λέγεται
1654 5576 1718 5639 δὲ
1745 5575 1783 5655 ἡ
1812 5573 1971 5652 λέξις
2017 5575 2111 5639 καὶ
2140 5576 2234 5639 ἐπὶ
2261 5580 2379 5639 τῶν
2409 5574 2737 5656 ἐρωμένων,

2008 571 2852 639 ANNOTATIONES
2902 571 3015 635 IN
3070 569 3505 635 PLOTINI

2818 748 2875 809 οἱ
2900 744 3009 823 τὴν
3034 745 3180 826 πρὸς
3206 743 3339 810 τοὺς
3369 745 3622 825 ἐρῶντας
3658 739 4149 821 ἀναβαλλόμενοι
4193 744 4516 826 συντυχίαν

2819 846 3061 934 τοιούτῳ
3112 851 3192 934 τῷ
3242 849 3552 931 σωματικῷ
3607 842 3858 931 (Steph.
3911 841 4069 908 vult.
4121 844 4514 930 τεθρυμμένῳ.

2822 950 2964 1037 Ego
2991 972 3115 1014 non
3147 965 3320 1014 tento
3346 962 3604 1036 propter
3631 945 3919 1034 exempla
3960 968 4232 1032 quorum
4276 961 4517 1033 partem

2820 1055 3130 1136 afferamz)
3165 1053 3435 1118 τουτέστι
3464 1049 3996 1135 κατακεκλασμένῳ
4028 1047 4341 1132 κέχρηνται
4368 1048 4514 1129 ἤθει.

2824 1158 2926 1221 De
2967 1156 3219 1245 propria
3248 1154 3311 1218 vi
3344 1153 3531 1218 Verbi
3576 1166 3639 1218 et
3667 1153 3747 1218 de
3790 1151 4052 1240 simplici
4095 1152 4300 1218 forma
4341 1151 4513 1235 θρύω,

2822 1259 2991 1324 unde
3034 1259 3296 1324 ductum
3329 1272 3443 1336 est,
3475 1256 3603 1321 vid.
3634 1279 3843 1343 egreg.
3877 1253 4252 1320 not.‘Coraii
4282 1253 4345 1317 in
4379 1255 4514 1318 He-

2821 1362 3037 1428 liodor.
3088 1361 3379 1448 AEthiop.
3430 1359 3529 1424 11.
3577 1382 3641 1445 p.
3676 1359 3782 1443 63.
3829 1358 3992 1423 adde
4045 1357 4409 1422 Hemsterh.
4454 1371 4518 1421 et

2821 1465 3084 1531 Ruhnk.
3115 1465 3199 1530 ad
3228 1464 3400 1530 Tim.
3434 1464 3595 1528 Lex.
3632 1462 3879 1527 Platon.
3910 1486 3973 1549 p.
4001 1464 4109 1542 46.
4141 1484 4232 1549 sq.
4309 1462 4515 1525 Usur-

2821 1586 2930 1657 pat
2971 1567 3296 1656 aliquoties
3324 1566 3528 1644 Plato,
3558 1590 3621 1631 v.
3651 1589 3703 1631 c.
3749 1568 3814 1629 in
3862 1563 4132 1630 Phaedro
4175 1588 4241 1653 p.
4280 1565 4425 1630 228.
4458 1588 4515 1629 c.

2822 1673 2902 1737 de
2930 1674 3130 1759 Legg.
3152 1671 3271 1736 VI.
3304 1693 3366 1757 p.
3393 1670 3539 1756 778.
3561 1691 3618 1732 e.
3708 1667 3942 1732 Comici
3973 1667 4155 1732 etiam
4195 1667 4347 1747 (vid.
4381 1669 4519 1732 Eu-

2821 1774 2982 1864 polis
3009 1775 3071 1839 in
3109 1776 3263 1838 Lex.
3286 1772 3551 1837 Rhetor.
3581 1772 3645 1835 in
3677 1769 3945 1836 Bekkeri
3972 1770 4389 1836 Anecdott.1.
4410 1791 4515 1856 43.

2826 1878 2936 1943 ubi
2972 1877 3267 1965 jungitur
3317 1874 3713 1958 ὥραΐζεσθαι.)
3793 1871 3944 1937 Alia
3991 1896 4191 1960 nuper
4236 1872 4517 1939 laudavit

2821 1982 3090 2068 Baguet.
3120 1979 3202 2044 ad
3233 1978 3457 2044 Dionis
3484 1977 3809 2065 Chrysost.
3841 1977 4015 2041 Orat.
4043 1976 4241 2040 VIII.
4268 2000 4335 2064 p.
4367 1993 4513 2059 127.

2820 2084 3130 2171 Jungitur
3158 2105 3300 2147 cum
3329 2082 3578 2157 παίζειν.
3657 2079 3904 2145 Himer.
3935 2081 4111 2144 Orat.
4150 2079 4416 2144 XXVI.
4446 2100 4513 2161 4.

2823 2210 2885 2274 p.
2915 2189 3063 2272 308.
3110 2185 3189 2249 de
3230 2184 3501 2272 pictore:
3548 2184 3655 2263 τὴν
3695 2185 3809 2264 μὲν
3852 2183 4038 2264 αὔραν
4088 2185 4311 2265 (ἀβρᾶν
4352 2183 4513 2271 conj.

2826 2286 3245 2368 Wernsdorf.)
3275 2288 3462 2350 ἐποίει
3492 2286 3586 2350 καὶ
3609 2290 4014 2368 θρυπτομένην
4039 2286 4134 2348 καὶ
4161 2287 4511 2362 παίζουσανε

2820 2414 2962 2456 cum
3011 2394 3434 2455 κατακλᾶσθαι.
3528 2387 3713 2452 Philo
3755 2389 3801 2451 J
3809 2386 3916 2452 ud.
3965 2386 4101 2452 Vol.
4151 2388 4210 2452 1.
4253 2411 4317 2476 p.
4365 2390 4512 2474 360.

2821 2495 2987 2559 med.
3018 2496 3278 2580 Mang.:
3326 2498 3445 2556 τῶν
3478 2494 3544 2556 δὲ
3587 2489 3876 2571 σωμάτων
3906 2494 4002 2555 διὰ
4035 2490 4103 2554 τὸ
4138 2492 4518 2573 ἆβροδίαιτον

2829 2598 2996 2680 (hinc
3038 2597 3496 2660 firmamentum
3544 2609 3800 2681 paratur
3842 2593 4217 2679 conjecturae
4255 2595 4514 2659 Werns-

2823 2700 3027 2783 dorfii)
3066 2704 3401 2764 κατακλῶσι
3432 2698 3526 2761 καὶ
3556 2694 3876 2779 θρύπτουσι
3903 2698 4008 2763 τὰς
4035 2695 4326 2776 δυνάμεις.
4392 2699 4513 2785 Cy-

2821 2803 2998 2870 rillus
3034 2826 3138 2889 ap.
3172 2800 3432 2865 Suidam
3464 2799 3528 2862 in
3560 2797 3841 2863 σπάθωνε
3891 2797 4304 2879 κεκλασμένως
4342 2802 4515 2880 βαδί-

2819 2916 2959 2984 ζειν,
2993 2903 3396 2988 τεθρυμμένως
3425 2901 3819 2985 φθέγγεσθαι.
3889 2901 3932 2963 J
3938 2924 3994 2964 0.
4023 2902 4346 2989 Chrysost.
4382 2904 4518 2967 Ho-

2821 3010 2946 3073 mil.
2984 3009 3099 3074 IV.
3146 3008 3213 3072 in
3260 3005 3515 3071 Selectis
3563 3028 3626 3092 p.
3671 3008 3805 3069 108.
3852 3003 3952 3069 ed.
3989 3003 4318 3068 Matthaei:
4366 3007 4519 3086 ὀρῶν

2821 3119 3072 3196 γυναῖκα
3098 3108 3343 3193 πόρνην,
3378 3112 3569 3192 γυμνῇ
3600 3111 3667 3187 τῇ
3697 3110 3950 3189 κεφαλῇ,
3980 3110 4133 3186 μετὰ
4160 3111 4392 3188 πολλῆς
4419 3111 4520 3187 τῆς

2823 3217 3244 3298 ἀναισχυντίας
3273 3216 3579 3278 εἰσιοῦσαν
3604 3214 3802 3293 χρυσᾶ
3831 3208 4356 3291 περιβεβλημένην
4387 3209 4514 3291 ἱμά·

2822 3344 2939 3399 τια,
2980 3316 3470 3400 μαλακιζομένην,
3503 3312 3924 3396 θρυπτομένην,
3973 3311 4211 3396 ᾄσματα
4255 3311 4521 3398 ᾅδουσαν

2823 3426 3092 3505 πορνικᾶ,
3147 3416 3671 3498 κατακεκλασμένα
3718 3414 3891 3495 μέλη.
3982 3416 4028 3478 J
4035 3414 4294 3502 ungitur
4333 3415 4516 3479 etiam

2824 3549 2969 3590 cum
3000 3528 3352 3602 ἀκκίζεσθαι.
3398 3518 3770 3608 Alciphron.
3792 3517 3993 3605 Epist.
4018 3518 4156 3582 ΙΙΙ.
4180 3518 4242 3581 8.
4270 3517 4520 3598 Ἢισθη-

2825 3628 2973 3710 μένη
3030 3632 3146 3712 γὰρ
3202 3625 3307 3690 τὸν
3358 3625 3545 3706 ἔρωτα
3594 3620 4018 3701 ἐκκεκαυμένον
4068 3624 4174 3684 τοῦ
4218 3622 4517 3702 μειρακίου

2826 3729 3142 3814 θρύπτεται
3195 3730 3291 3794 καὶ
3335 3731 3601 3810 συνεχῶς
3645 3726 3950 3800 ἆκκίζεται.
4038 3720 4189 3787 Alia
4236 3721 4521 3810 exempla

2824 3833 3130 3922 congessit
3159 3829 3497 3897 Ruhnken.
3524 3827 3605 3892 ad
3638 3825 3811 3891 Tim.
3843 3849 3907 3912 p.
3939 3844 4034 3909 19.
4112 3824 4235 3890 Cui
4266 3848 4384 3913 ego
4411 3826 4520 3890 ad..

2825 3938 2968 4001 dam
3003 3935 3188 4001 Pselli
3220 3934 3425 3998 locum
3456 3955 3533 3996 ex
3565 3928 3854 4017 Epistoll.
3882 3928 4112 3992 XXV.
4145 3951 4180 3990 e
4212 3928 4375 3992 Cod.
4400 3929 4520 3993 Pa-

2824 4038 2931 4104 lat.
2963 4061 3164 4126 nuper
3191 4061 3229 4101 a
3267 4059 3367 4100 me
3401 4034 3671 4120 vulgatis
3714 4033 3775 4095 in
3808 4031 4245 4096 Friedemanni
4274 4047 4339 4095 et
4367 4033 4515 4096 Sce-

2824 4142 2971 4206 bod.
3007 4139 3397 4205 Miscellann.
3436 4137 3622 4203 Critt.
3654 4159 3720 4223 p.
3746 4136 3908 4199 618:
3960 4135 4055 4199 καὶ
4097 4133 4175 4198 σὺ
4214 4136 4327 4214 μὲν
4354 4138 4515 4210 ἴσως,

2824 4247 3005 4312 οὕτως
3033 4242 3105 4308 ἵν’
3132 4247 3297 4322 εἴπω,
3323 4238 3543 4325 θρύπτῃ
3574 4239 3670 4304 καὶ
3697 4240 3912 4318 ἀκκίζῃ,
3940 4236 4007 4301 τὸ
4035 4239 4148 4317 μὲν
4176 4241 4282 4300 τοῦ
4307 4242 4521 4303 ποθου-

2822 4347 3005 4427 μένου
3034 4345 3436 4429 παραδεικνὺς,
3467 4343 3536 4408 τὸ
3565 4345 3630 4407 δὲ
3661 4342 3818 4425 ἔχων
3846 4339 4117 4405 ἀθέατον.
4210 4338 4378 4417 Quid
4406 4338 4519 4404 im-

2828 4450 3022 4537 pedit,
3052 4473 3182 4536 quo
3212 4448 3415 4512 minus
3442 4445 3726 4534 adjiciam
3758 4441 4280 4531 elegantissimum
4313 4440 4517 4507 locum

2828 4551 2959 4616 Nili
2988 4554 3239 4616 Ascetae
3282 4552 3414 4634 περὶ
3459 4551 3785 4616 ἀκολασίας
3828 4570 3894 4635 p.
3927 4565 4072 4626 420.
4105 4568 4241 4632 sqq.
4283 4544 4380 4609 ed.
4413 4546 4515 4610 JO.

2830 4657 3017 4719 Conr.
3053 4653 3288 4735 Orellii,
3318 4653 3629 4741 praecipue
3656 4674 3800 4716 cum
3831 4649 4111 4737 ejusdem
4141 4648 4389 4713 Codicis
4412 4672 4520 4713 no-

2829 4757 2936 4822 stri
2990 4780 3109 4844 ope
3159 4756 3369 4844 plures
3419 4756 3673 4820 mendas
3721 4778 3800 4819 ex
3852 4778 3927 4818 eo
3977 4753 4181 4818 eluere
4235 4753 4457 4840 possim
4488 4757 4517 4817 ?

2829 4865 3017 4944 φεῦγε
3067 4862 3382 4942 συντυχίας
3423 4864 3736 4941 γυναικῶν,
3785 4859 3891 4921 ἐὰν
3935 4855 4113 4936 θέλῃς
4162 4862 4516 4939 σωφρονεῖν,

2831 4964 2926 5028 καὶ
2953 4962 3032 5043 μὴ
3062 4964 3160 5030 δὸς
3185 4964 3519 5045 παῤῥησίαν
3557 4961 3757 5027 αὐταῖς
3800 4961 4093 5041 θαῤῥῆσαί
4129 4984 4291 5023 ποτε.
4339 4966 4513 5023 κολα.

2831 5067 2995 5129 κείαν
3039 5068 3153 5147 γὰρ
3198 5067 3264 5128 ἐν
3308 5066 3460 5146 ἀρχῇ
3504 5062 3541 5142 ἢ
3586 5063 3830 5146 ἔχουσιν
3855 5058 3893 5140 ἢ
3922 5062 4333 5142 ὑποκρίνονται
4368 5059 4517 5143 (imo

2827 5165 2950 5252 leg.
2984 5168 3308 5247 εὖλαβείαν
3336 5188 3477 5230 cum
3505 5163 3665 5229 Cod.
3688 5162 3919 5246 Palat.)
3954 5165 4206 5244 ὕστερον
4234 5166 4300 5227 δὲ
4327 5163 4517 5228 πάντα

2826 5276 3129 5349 τολμῶσιν
3157 5272 3422 5336 ἀναιδῶς.
3466 5269 3663 5350 πρώτῃ
3693 5267 3981 5349 συντυχία
4019 5265 4114 5329 καὶ
4148 5264 4297 5349 (imo
4324 5268 4517 5348 πρώτη

2827 5373 3135 5455 συντυχία.
3197 5373 3314 5451 καὶ)
3366 5369 3434 5434 τὸ
3482 5369 3730 5449 βλέμμα
3776 5368 3985 5452 ἔχουσι
4035 5366 4209 5446 κάτω,
4262 5373 4522 5436 λαλοῦσι

2823 5473 3022 5559 πρᾴως
3086 5473 3338 5557 (πραέως
3393 5471 3589 5551 cod.)‚
3652 5472 3747 5534 καὶ
3806 5466 4121 5552 δακρύουσι
4178 5478 4515 5550 συμπαθῶς·

2825 5578 3281 5661 σχηματίζονται
3309 5580 3538 5654 σεμνῶς
3568 5576 3787 5659 (σεμνὰ
3815 5573 4155 5662 elegantius
4180 5573 4395 5660 Cod.),
4425 5581 4523 5648 καὶ
