5118 6613
1079 545 1200 628 196

1159 739 1223 804 p.
1249 716 1328 801 63
1341 736 1368 779 1
1381 734 1505 800 ,13.
1534 712 1792 779 ἐπακτὸν
1811 710 1849 792 ἢ
1879 712 2220 801 σύμφυτον]
2242 711 2527 800 Opponit
2545 710 2663 776 sibi
2680 711 2772 776 in-

1073 819 1272 883 vicem
1298 816 1665 882 Herodotus
1683 815 1937 881 ἑπακτόν
1965 826 2027 879 et
2049 818 2408 899 σύντροφον.
2437 816 2594 879 VII.
2626 835 2769 881 102.

1074 921 1238 986 conf.
1272 921 1457 986 etiam
1495 919 1741 985 Pindar.
1775 917 2030 1006 Olymp.
2064 918 2149 982 X.
2185 935 2324 1000 107.
2358 917 2507 1006 ibiq.
2536 918 2765 983 Scholl.

1072 1022 1175 1088 Ad
1208 1036 1407 1087 totum
1440 1021 1643 1086 locum
1677 1044 1741 1085 v.
1774 1020 2141 1086 Cudworth.
2179 1022 2347 1108 Syst.
2377 1021 2489 1086 int.
2519 1045 2584 1108 p.
2624 1024 2762 1102 164.

1073 1126 1169 1191 ed.
1211 1126 1424 1191 Mosh.
1502 1125 1653 1190 Alia
1680 1123 1945 1212 adposui
1975 1123 2139 1187 infra
2165 1123 2245 1187 ad
2278 1147 2342 1210 p.
2374 1125 2526 1209 380.
2557 1124 2634 1188 B.

1158 1263 1246 1279 -·-
1279 1249 1375 1311 17.
1421 1228 1458 1309 ἢ
1509 1229 1944 1317 κοροπλάσται]
1994 1226 2202 1291 Attica
2240 1226 2431 1314 hujus
2478 1226 2763 1292 vocabuli

1069 1333 1273 1397 forma
1295 1348 1388 1397 est
1413 1330 1790 1414 κοροπλάθοι,
1819 1352 1948 1416 qua
1973 1329 2106 1417 ipse
2135 1329 2335 1394 utitur
2368 1327 2569 1393 Plato.
2618 1330 2764 1395 Vid.

1075 1434 1419 1500 Ruhnken.
1475 1434 1556 1499 ad
1602 1435 1772 1497 Tim.
1830 1436 1982 1498 Lex.
2038 1432 2201 1498 Plat.
2247 1456 2306 1521 p.
2342 1454 2479 1517 ¹49-
2523 1432 2663 1498 coll.
2701 1458 2764 1522 p.

1080 1541 1221 1604 166.
1313 1537 1636 1602 Dicuntur
1678 1537 1864 1602 etiam
1896 1536 2294 1618 πηλοπλάθοι,
2328 1551 2402 1601 ut
2429 1536 2600 1624 apud
2635 1539 2765 1601 De-

1070 1641 1454 1706 mosthenem
1484 1640 1548 1704 in
1582 1642 1696 1705 Or.
1730 1639 2007 1727 Philipp.
2037 1640 2098 1703 1.
2127 1639 2258 1703 vid.
2284 1638 2599 1704 Wieland.
2626 1644 2764 1705 Att.

1076 1744 1378 1808 Museum
1414 1744 1557 1808 III.
1589 1766 1655 1830 p.
1684 1743 1833 1823 468.
1883 1741 2119 1806 Ezech.
2160 1742 2498 1829 Spanhem.
2529 1742 2610 1806 ad
2640 1745 2686 1807 J
2692 1766 2766 1807 u-

1071 1846 1216 1911 lian.
1251 1849 1412 1912 Coes.
1451 1848 1763 1928 (Preuves
1780 1846 1887 1910 des
1915 1849 2300 1932 remarques)
2338 1868 2398 1931 p.
2428 1864 2572 1926 107.

1155 1973 1218 2038 p.
1251 1952 1400 2035 632,
1422 1966 1485 2034 5.
1534 1950 1629 2013 καὶ
1656 1954 1923 2013 συνεῖναι
1945 1949 2022 2015 ὥς
2041 1947 2244 2027 μένειν
2273 1948 2391 2036 δεῖ]
2441 1950 2620 2012 Fort.
2642 1947 2764 2034 leg.

1071 2052 1360 2117 συνιέναι.
1455 2054 1559 2116 Ita
1596 2050 1863 2116 correxit
1897 2049 2271 2137 Wesseling.
2315 2073 2416 2138 ap.
2453 2051 2761 2116 Herodot.

1069 2156 1150 2219 V.
1194 2156 1293 2220 80.
1336 2180 1404 2244 p.
1435 2173 1587 2238 412.
1625 2178 1702 2218 ex
1748 2152 1979 2231 Codd.,
2020 2153 2127 2218 ubi
2171 2168 2304 2218 erat
2349 2160 2639 2218 συνεῖναι.
2682 2155 2761 2218 cf.

1069 2258 1147 2344 ej.
1197 2272 1410 2322 annot.
1455 2280 1516 2344 p.
1558 2278 1658 2321 11.
1751 2257 1876 2321 Sed
1923 2271 2017 2320 est
2058 2261 2325 2320 συνεῖναι
2367 2278 2467 2342 ap.
2503 2256 2663 2322 Plat.
2699 2257 2761 2320 in

1070 2360 1333 2449 Cratylo
1365 2361 1465 2425 28.
1500 2375 1561 2425 et
1590 2383 1690 2448 ap.
1726 2359 2030 2424 Antonin.
2068 2358 2298 2424 Philos.
2333 2360 2408 2423 V.
2444 2361 2506 2424 6.
2537 2359 2648 2423 ubi
2677 2360 2759 2423 cf.

1069 2463 1369 2529 Gataker.
1464 2464 1644 2528 Infra
1667 2480 1871 2528 tamen
1904 2486 1960 2527 c.
1983 2483 2043 2548 3.
2067 2462 2165 2528 bis
2192 2461 2425 2548 legitur
2453 2461 2742 2526 συνιέναι.

1148 2605 1237 2619 --
1261 2569 1321 2631 8.
1353 2570 1458 2632 οὐκ
1483 2569 1651 2632 ἔσται
1673 2569 1740 2631 τὸ
1773 2572 1972 2632 κινοῦν
1999 2568 2264 2652 πρώτως]
2307 2567 2569 2630 Sensum
2598 2565 2761 2629 vocis

1069 2675 1293 2754 κίνησις
1330 2670 1503 2760 apud
1547 2669 1896 2746 Platonem,
1928 2692 2051 2734 non
2099 2692 2341 2756 semper
2382 2691 2579 2733 unum
2609 2690 2761 2732 eun-

1067 2775 1358 2861 demque,
1392 2774 1588 2838 disces
1628 2772 1865 2837 collatis
1907 2772 2058 2836 locis
2098 2771 2346 2836 Theaet.
2379 2795 2441 2858 p.
2483 2791 2628 2857 132.
2661 2794 2757 2857 sq.

1067 2878 1177 2941 ubi
1228 2891 1508 2941 nostrum
1558 2876 1782 2947 habest,
1833 2874 2009 2939 Tim.
2058 2897 2122 2963 p.
2155 2894 2305 2959 301.
2346 2896 2441 2960 sq.
2487 2874 2634 2959 348.
2681 2872 2760 2937 de

1067 2981 1233 3066 Rep.
1289 2980 1381 3042 X.
1427 3002 1493 3066 p.
1529 2979 1672 3062 298.
1720 3001 1814 3063 sq.
1864 2976 1972 3041 ubi
2022 2976 2419 3063 qualitatum,
2465 2998 2624 3062 quas
2662 2975 2756 3040 di-

1064 3097 1241 3160 cunt,
1273 3081 1682 3145 mutationem
1722 3079 2063 3167 significat3
2112 3096 2184 3144 ut
2224 3078 2396 3167 apud
2428 3078 2660 3143 Plotin.
2699 3081 2755 3144 1.

1071 3205 1129 3248 1.
1165 3186 1229 3248 6.
1262 3184 1369 3247 ubi
1401 3187 1708 3264 αἵσθησιςε
1757 3182 1987 3246 dicitur
2019 3183 2242 3262 κίνησις
2263 3184 2549 3262 σώματος,
2585 3182 2761 3246 item-

1064 3312 1190 3375 que
1249 3289 1572 3354 ἀλλοίωσις
1616 3310 1746 3351 esse
1804 3285 2035 3351 dicitur
2089 3285 2266 3370 γένος
2326 3285 2642 3365 κινήσεωςε
2693 3310 2752 3350 v.

1066 3392 1238 3455 Enn.
1289 3391 1408 3454 VI.
1453 3410 1515 3474 3.
1555 3408 1656 3453 21.
1705 3388 1842 3453 coll.
1889 3391 2395 3474 23.—Caeterum
2444 3387 2507 3451 in
2552 3388 2759 3452 verbis

1065 3494 1240 3572 αὐτῆς
1268 3496 1332 3558 δὲ
1363 3494 1538 3558 οὐδὲν
1569 3494 1914 3573 κινούμενον
1942 3491 2248 3578 respicere
2275 3490 2525 3555 videtur
2553 3489 2754 3578 philo-

1064 3598 1300 3685 sophus
1327 3611 1537 3661 noster
1567 3595 1892 3661 Platonem
1923 3594 1987 3658 in
2022 3593 2296 3660 Phaedro
2323 3617 2388 3681 p.
2410 3596 2516 3679 38.
2551 3593 2756 3659 Bekk.

1062 3725 1128 3789 p.
1163 3721 1306 3783 244.
1341 3701 1442 3767 ed.
1491 3700 1781 3779 Heindf„
1818 3722 2005 3787 quem
2052 3699 2258 3764 locum
2300 3698 2554 3786 recepit.
2626 3698 2759 3763 Cic.

1060 3805 1124 3868 in
1159 3804 1434 3892 primum
1468 3803 1969 3869 Tusculanarum
2003 3802 2233 3868 librum
2263 3825 2318 3866 c.
2355 3821 2453 3888 23.
2479 3818 2688 3886 53—5
2694 3818 2759 3886 5.

1071 3906 1159 3990 [et
1200 3906 1416 3993 paucis
1460 3905 1802 3970 immutatis
1844 3905 1904 3968 in
1954 3904 2184 3969 librum
2216 3904 2335 3968 VI.
2383 3903 2461 3967 de
2509 3903 2668 3992 Rep.
2703 3928 2759 3969 c·

1065 4023 1166 4093 25.
1201 4011 1300 4073 26.
1334 4010 1580 4091 (Somn.
1611 4008 1776 4095 Scip.
1799 4008 2032 4090 VIII.)
2066 4006 2174 4072 ubi
2204 4006 2330 4071 vid.
2361 4023 2574 4071 annot.
2602 4009 2754 4071 Mo-

1064 4110 1182 4174 seri
1224 4135 1289 4198 p.
1322 4128 1470 4196 504.
1518 4109 1654 4174 coll.
1699 4132 1761 4196 p.
1792 4111 2190 4197 557-560.]
2239 4110 2349 4173 ubi
2391 4109 2516 4173 vid.
2565 4110 2759 4174 Davi-

1064 4213 1220 4275 sium
1273 4212 1495 4277 collata
1544 4212 1624 4276 ad
1685 4211 2032 4276 Phaedrum
2095 4212 2450 4277 Heindorfii
2496 4230 2753 4278 annota-

1064 4334 1247 4379 tione.

1144 4453 1233 4466 —
1271 4435 1364 4481 12.
1416 4419 1533 4483 Καὶ
1563 4423 1677 4502 γὰρ
1717 4419 1869 4486 εἶδος
1904 4418 2087 4498 αὐτὴν
2115 4423 2210 4483 δεῖ
2248 4419 2428 4509 εἶναι]
2478 4417 2648 4496 Quid
2680 4418 2759 4483 sit

1064 4521 1216 4588 εἶδος
1245 4534 1455 4584 nostro
1483 4545 1814 4609 cognosces
1850 4544 1929 4586 ex
1979 4519 2263 4601 Platone,
2296 4544 2485 4609 quem
2523 4522 2587 4585 in
2633 4521 2754 4585 hu-

1052 4625 1162 4710 jus
1212 4624 1380 4688 vocis
1418 4624 1991 4711 significationibus,
2039 4640 2110 4690 ut
2163 4626 2420 4712 ubique,
2474 4624 2760 4711 sequitur

1065 4727 1368 4791 Plotinus.
1416 4727 1559 4792 Vid.
1616 4726 1864 4792 Platon.
1915 4727 2185 4814 Sophist.
2233 4751 2301 4815 p.
2337 4747 2483 4813 253.
2535 4727 2751 4815 Steph.

1062 4829 1421 4894 Parmenid.
1471 4853 1538 4916 p.
1598 4846 1742 4916 135.
1798 4830 2040 4895 Politic.
2083 4854 2152 4918 p.
2199 4831 2343 4915 285.
2403 4829 2511 4912 (cf.
2562 4830 2751 4918 Diog.

1061 4933 1274 4996 Laert.
1309 4933 1407 4996 11.
1447 4954 1544 5017 19.
1589 4933 1858 4998 Aristot.
1901 4933 2189 5021 Metaph.
2230 4934 2282 4997 1.
2317 4935 2413 5017 6.)
2449 4933 2752 4997 Phaedon.

1058 5057 1123 5121 p.
1163 5055 1301 5100 100.
1335 5034 1444 5099 sed
1474 5034 1576 5099 adi
1618 5035 1803 5099 etiam
1850 5034 2055 5121 ipsum
2104 5051 2381 5099 nostrum
2429 5036 2600 5098 Enn.
2637 5036 2755 5099 VI.

1058 5159 1121 5225 3.
1154 5160 1216 5223 9.
1259 5139 1355 5202 11.
1388 5158 1452 5221 3.
1491 5157 1590 5218 17.
1633 5136 1770 5201 coll.
1807 5139 1943 5202 111.
1985 5158 2039 5202 2.
2069 5156 2123 5199 2.
2158 5155 2221 5202 et
2253 5156 2355 5204 22.
2405 5136 2512 5200 Ad
2546 5160 2607 5198 v.
2640 5140 2755 5217 ὕλη

1059 5243 1186 5307 vid.
1219 5246 1391 5308 Enn.
1430 5242 1569 5307 111.
1603 5244 1666 5305 6.
1702 5261 1761 5321 7.
1788 5257 1851 5306 et
1881 5263 1940 5326 9.
1987 5263 2080 5307 10.
2111 5241 2251 5307 coll.
2295 5241 2459 5305 Plat.
2506 5240 2752 5305 Phileb.

1058 5369 1123 5433 p.
1162 5366 1262 5432 23.
1317 5371 1452 5434 sqq.
1508 5345 1681 5410 Tim.
1733 5369 1797 5433 p.
1829 5364 1935 5429 50.
1982 5369 2120 5432 sqq.
2209 5347 2263 5409 A
2309 5343 2569 5408 materia
2620 5344 2755 5407 uni-

1056 5472 1231 5512 verse
1273 5449 1545 5537 cogitata
1595 5447 2004 5535 distinguitur
2051 5464 2262 5511 nostro
2318 5448 2355 5526 ῆ
2401 5446 2753 5527 ὑποκειμένη

1064 5552 1158 5615 καὶ
1175 5550 1692 5636 δημιουργουμένη.
1740 5552 1907 5615 Enn.
1936 5551 2078 5615 III.
2105 5553 2163 5616 6.
2196 5552 2258 5615 6.
2283 5573 2377 5637 sq.
2406 5550 2522 5614 IV.
2556 5565 2615 5633 7.
2651 5569 2748 5614 11.

2046 537 2878 605 ANNOTATIONES

2947 539 3063 604 IN
3128 539 3585 605 PLOTINI

2943 750 3032 762 —
3068 733 3091 775 1
3107 730 3163 794 7.
3194 715 3262 777 ἐν
3289 719 3411 780 τοῖς
3436 718 3643 795 φυτοῖς
3668 713 3803 779 τοὺς
3827 714 4049 795 λόγους
4078 712 4229 779 εἶναι
4257 715 4392 783 τοὺς
4418 740 4549 780 ποι-

2857 815 3097 904 οῦντας]
3133 818 3236 880 Ita
3261 818 3437 880 Zeno
3462 816 3705 880 Stoicus
3733 815 3905 902 apud
3931 815 4120 903 Diog.
4150 818 4367 883 Laert-
4387 819 4552 884 VII.

2866 938 3005 1004 134.
3034 919 3103 982 τὸ
3141 923 3351 983 ποιοῦν
3381 918 3593 1001 (εἶναι)
3637 918 3743 983 τὸν
3772 920 3839 982 ἑν
3870 919 4014 998 αὐτῇ
4057 924 4155 1000 (τῇ
4185 922 4328 1004 ὕλῃ)
4362 923 4552 1003 λόγον

2855 1022 2963 1086 τὸν
3007 1021 3607 1103 θεὸν-δημιουργεῖν
3666 1022 3906 1085 ἕκαστα.
4003 1022 4190 1087 Unde
4241 1023 4427 1088 etiam
4488 1027 4549 1109 ξ.

2865 1126 3002 1210 136.
3034 1123 3266 1188 dicitur
3309 1126 3494 1207 λόγος
3534 1127 3944 1207 σπερματικός.
3994 1126 4096 1189 Cf.
4131 1126 4433 1191 Gataker.
4467 1126 4548 1192 ad

2854 1227 3161 1292 Antonin.
3219 1251 3283 1314 p.
3338 1247 3479 1307 141.
3570 1229 3691 1291 Est
3746 1227 3931 1291 etiam
3991 1228 4158 1316 apud
4227 1229 4546 1295 Plotinum

2853 1334 3037 1413 λόγος
3066 1333 3099 1394 ὁ
3131 1332 3197 1394 ἐν
3228 1330 3539 1413 σπέρματι.
3587 1332 3755 1393 Enn-
3790 1331 3931 1394 ΙΙΙ.
3968 1350 4026 1394 2.
4063 1352 4121 1394 2.

2939 1456 3002 1520 p.
3050 1434 3198 1518 633,
3234 1450 3290 1495 2.
3359 1432 3616 1515 ἔσχατος
3672 1432 3782 1511 ἤδη
3833 1434 3931 1497 καὶ
3989 1434 4221 1522 νεκρὸς]
4301 1435 4543 1499 Eodem

2854 1558 3035 1600 sensu
3068 1536 3276 1617 νεκρὸν
3306 1534 3498 1599 habes
3525 1534 3695 1622 apud
3732 1534 3931 1599 Clem.
3958 1534 4146 1600 Alex.
4174 1538 4403 1602 Strom.
4429 1539 4543 1603 IV.

2856 1663 2915 1727 p.
2952 1642 3098 1725 633.
3194 1640 3370 1702 Inter
3400 1638 3553 1705 εἶδος
3580 1649 3644 1701 et
3671 1639 3872 1720 μορφὴ
3900 1637 4323 1704 distinxerunt
4361 1641 4543 1706 etiam

2852 1741 3261 1829 antiquissimi
3296 1740 3651 1829 philosophi
3695 1756 3758 1805 et
3802 1741 3865 1805 in
3908 1741 4124 1829 primis
4153 1742 4544 1822 Aristoteles,

2852 1867 3119 1934 quorum
3148 1844 3281 1908 loca
3294 1842 3541 1931 collegit
3563 1845 4018 1909 Tiilleborn.ad
4037 1846 4357 1932 Fragmm.
4393 1849 4544 1911 Par-

2852 1948 3114 2013 menidis
3157 1947 3222 2011 in
3262 1946 3442 2023 libro,
3486 1947 3596 2033 qui
3640 1947 3998 2012 inscribitur
4036 1950 4363 2038 Beitroege
4404 1951 4543 2015 Zur

2854 2051 3210 2116 Geschiclzte
3238 2051 3351 2114 der
3379 2050 3777 2138 Philosophia?
3809 2052 3927 2115 VI.
3962 2053 4067 2118 80.

2935 2178 2997 2241 p.
3034 2158 3184 2239 634,
3222 2172 3283 2236 7.
3330 2155 3448 2218 Καὶ
3505 2157 3561 2218 εἷ
3613 2180 3700 2221 τις
3745 2156 3811 2217 δὲ
3866 2154 4049 2234 αὐτὴν
4099 2183 4146 2218 κ.
4169 2181 4220 2219 τ.
4239 2156 4340 2238 λ.]
4384 2158 4541 2235 Quae

2852 2256 3237 2322 lamblichus
3265 2256 3328 2321 in
3362 2256 3593 2321 Stobaei
3617 2256 3872 2343 Eclogis
3904 2257 3960 2321 I.
3987 2275 4093 2342 52.
4129 2282 4193 2345 p.
4221 2258 4369 2323 880.
4397 2260 4540 2326 882.

2847 2384 2925 2426 ex
2970 2359 3219 2424 Plotino
3263 2359 3521 2445 profert,
3550 2359 3676 2423 huc
3720 2359 4027 2446 pertinere
4054 2359 4349 2426 videntur
4378 2364 4542 2427 Hee-

2845 2466 3043 2529 renio.
3076 2463 3205 2527 vid.
3236 2463 3322 2527 ib.
3352 2486 3417 2550 p.
3453 2463 3595 2527 881.
3623 2479 3751 2527 not.
3780 2463 3859 2549 ej.
3937 2464 4254 2527 Caeterum
4285 2463 4421 2529 haec
4459 2465 4539 2530 de

2846 2566 3069 2632 animae
3089 2565 3309 2630 mundi
3332 2564 3692 2630 efficacitate
3721 2565 3951 2652 placita
3978 2589 4092 2629 suo
4115 2567 4302 2631 modo
4328 2590 4543 2633 excus-

2847 2669 2926 2735 sit
2970 2685 3034 2735 et
3084 2693 3231 2733 vero
3289 2668 3622 2756 explodere
3680 2668 3949 2733 instituit
4008 2670 4419 2737 Tiedemann.
4475 2671 4538 2735 in

2851 2776 3027 2838 Geist
3055 2773 3120 2836 d.
3152 2773 3458 2859 spekulat.
3492 2771 3891 2858 Philo-sophie
3922 2773 4062 2836 III.
4093 2796 4156 2860 p.
4188 2791 4337 2859 323.
4367 2797 4500 2861 sqq.

2931 2913 3019 2924 —
3054 2895 3149 2939 12.
3197 2873 3724 2959 ἔχειν-ὑπάρχει]
3780 2874 4066 2939 Eandem
4125 2877 4537 2942 constructio-

2847 3001 2987 3043 nem
3031 2977 3223 3042 habes
3266 2975 3437 3063 apud
3485 2977 3898 3063 Xenophont.
3946 2977 4008 3040 in
4056 2979 4295 3066 Cyrop.
4330 2981 4446 3044 1v.
4476 3001 4537 3066 5.

2843 3103 2951 3166 31.
2998 3082 3080 3144 cf.
3115 3079 3449 3165 Wyttenb.
3497 3078 3577 3143 ad
3633 3079 3856 3166 Eclog.
3903 3079 4076 3144 Hist.
4117 3103 4182 3167 p.
4214 3082 4363 3167 381.
4456 3085 4534 3148 In

2847 3208 3021 3271 seqq.
3054 3183 3291 3248 correxi
3341 3185 3441 3247 καί
3477 3209 3578 3263 μοι
3621 3184 3932 3264 γενομένῃ.
4022 3186 4184 3249 Erat
4219 3184 4382 3249 enim
4414 3185 4540 3251 sine

2845 3314 3024 3357 sensu
3057 3284 3373 3372 γενομένη.

2929 3431 3017 3444 -—
3051 3408 3150 3476 15.
3185 3391 3284 3455 καί
3299 3416 3399 3469 μοι
3421 3389 3489 3454 τὸ
3511 3392 3612 3469 τῆς
3629 3389 3844 3471 μητρὸς
3861 3418 3914 3454 κ.
3933 3415 3988 3455 τ.
4009 3393 4102 3476 λ.]
4154 3393 4340 3457 Conf.
4368 3396 4532 3458 Enn.

2849 3499 2947 3562 II.
2995 3517 3054 3582 9.
3107 3514 3165 3558 2.
3214 3491 3313 3557 Ad
3345 3516 3403 3554 v.
3446 3492 3772 3574 γεωμέτραι
3815 3497 4169 3575 θεωροῦντες
4211 3495 4274 3560 in
4317 3519 4545 3583 praece.

2844 3599 3138 3664 dentibus
3166 3596 3244 3660 cf.
3279 3595 3472 3681 Diog.
3506 3596 3721 3659 Laert.
3757 3596 3897 3659 111.
3931 3597 3992 3679 ξ.
4027 3594 4127 3678 84.

2933 3726 2996 3789 p.
3032 3702 3180 3785 635,
3215 3717 3276 3781 7.
3327 3699 3421 3762 καὶ
3470 3697 3665 3761 οὐκέτι
3711 3697 4009 3778 ἐζήτησεν,
4062 3701 4226 3764 ἀλλὰ
4268 3704 4535 3784 θεώρημα

2852 3804 3305 3887 ἁποτελέσασα]
3388 3801 3553 3865 Velit
3601 3801 3858 3864 fortasse
3913 3799 4136 3887 aliquis
4194 3803 4531 3891 scriptum:

2848 3908 3043 3972 οὐκέτι
3074 3907 3351 3986 ἐζήτησεν
3380 3905 3562 3978 ἄλλα,
3594 3906 3865 3986 θεώρημα
3893 3904 4337 3971 ἆποτελέσασα.
4414 3906 4536 3972 Sed

2847 4032 3051 4097 neque
3099 4008 3305 4073 Codd.
3352 4006 3676 4082 addicunt,
3720 4029 3831 4069 nec
3868 4005 4190 4094 Participii
4232 4031 4385 4073 usus
4424 4031 4541 4097 pro

2848 4112 3198 4178 Indicativo
3227 4133 3405 4175 rarus
3448 4123 3542 4174 est
3585 4108 3742 4191 (vid.
3777 4109 4054 4173 Dorvill.
4084 4108 4168 4173 ad
4212 4110 4535 4177 Chariton.

2842 4239 2905 4303 p.
2965 4220 3111 4297 624.
3188 4214 3287 4279 ed.
3367 4213 3544 4299 Lips.
3614 4211 3879 4300 Raphel.
3948 4212 4031 4277 ad
4103 4213 4263 4277 Acta
4319 4215 4533 4303 Apost.

2849 4322 3121 4385 XXIV.
3153 4323 3249 4403 5.)
3296 4335 3358 4382 et
3406 4316 3694 4381 Plotinus
3736 4316 3883 4380 alibi
3925 4340 4180 4404 quoque
4213 4318 4401 4383 verbo
4441 4328 4534 4400 ζη-

2846 4429 2971 4487 τεῖν
3013 4419 3317 4498 absolute,
3349 4419 3520 4507 quod
3558 4418 3797 4497 dicunt,
3842 4434 3907 4484 et
3957 4419 4086 4484 sine
4128 4422 4374 4508 objecto
4420 4424 4538 4488 uti-

2849 4542 2971 4589 tur.

2927 4663 3015 4674 —
3052 4643 3144 4688 10.
3192 4625 3300 4703 τὴν
3327 4629 3432 4688 τοῦ
3457 4627 3643 4690 ὕπνου
3665 4629 3770 4688 τοῦ
3801 4627 4219 4714 ἑγρηγορότος]
4266 4625 4531 4692 Videtur

2842 4727 3142 4816 respicere
3201 4726 3489 4792 Plotinus
3551 4727 3871 4792 Platonem
3916 4750 4098 4791 suum
4139 4726 4204 4791 in
4245 4729 4419 4795 Tim.
4465 4754 4530 4818 p.

2840 4850 2949 4916 52.
3004 4830 3193 4895 Cous.
3242 4831 3544 4895 Nostrum
3589 4832 3762 4894 Eun.
3795 4830 3893 4893 II.
3924 4850 3987 4913 5.
4017 4849 4080 4915 3.
4125 4829 4274 4918 ibiq.
4320 4847 4532 4899 annot.

2841 4958 2902 5020 p.
2947 4950 3086 5017 175.
3138 4935 3210 4998 C.
3283 4934 3548 4998 Lucian.
3599 4933 3977 4997 Hermotim.
4019 4956 4075 4997 c.
4127 4955 4181 4996 1.
4237 4934 4525 5024 Alciphr.

2843 5036 3047 5123 Epist.
3078 5037 3219 5101 111.
3253 5037 3358 5121 38.
3378 5035 3530 5122 ibiq.
3561 5035 3854 5121 interprr.
3899 5035 4075 5099 Add.
4103 5034 4336 5101 Plotin.
4362 5040 4527 5104 Enn.

2846 5141 2988 5203 III.
3036 5139 3098 5202 6.
3132 5143 3194 5202 6.
3232 5162 3294 5225 p.
3328 5158 3474 5224 310.
3523 5137 3661 5202 coll.
3708 5137 3905 5202 Ficin.
3955 5161 4022 5225 p.
4052 5158 4203 5223 340,
4249 5140 4357 5205 ubi
4405 5166 4528 5206 rem

2839 5241 3097 5305 eandem
3146 5240 3344 5327 attigi.
3423 5242 3608 5306 Conf.
3666 5256 3727 5304 et
3780 5239 3859 5304 ad
3907 5263 3973 5327 p.
4016 5258 4162 5327 307.
4215 5243 4302 5306 G.
4356 5246 4525 5326 (111.

2925 5485 3014 5498 —
3048 5468 3145 5531 19.
3193 5446 3496 5529 ἐφιέμενοι
3541 5449 3605 5511 δὲ
3654 5448 3795 5511 αὐτὸ
3848 5446 4113 5510 ἰδεῖν-ὃ
4158 5447 4240 5526 μὴ
4278 5452 4361 5534 νῷ
4401 5451 4528 5516 ἐδύ-

2843 5551 3052 5637 ναντο]
3091 5548 3362 5614 Similem
3388 5548 3797 5614 differentiam
3822 5547 4042 5614 statuit
4058 5548 4358 5615 Indorum
4381 5551 4525 5638 phi-
