5118 6613
1140 578 1226 648 50

1141 734 1181 797 ἃ
1210 734 1554 816 εὑρίσκομεν
1577 733 1774 799 κακίας
1799 732 2117 815 ἆφαίρεσίν
2137 758 2289 811 τινα,
2317 733 2612 816 καθαρμὸν
2633 733 2811 798 αὐτὸν

1140 834 1421 917 λέγοντες
1449 837 1516 899 ἐν
1542 833 1714 915 μέλει
1740 836 2294 917 φθεγξόμεθα-καὶ
2331 834 2495 915 μάλα
2520 836 2808 919 γε-Δύο

1139 941 1251 1016 μὲν
1282 940 1402 1017 εἴδη
1434 938 1632 1004 κακίας
1658 938 1791 1019 περὶ
1816 936 2021 1020 ψυχὴν
2045 936 2275 1019 ῥητέον.
2318 937 2386 1002 τὸ
2414 939 2527 1018 μὲν
2555 939 2684 1003 οἷον
2713 940 2809 1002 νό-

1143 1066 1256 1104 σον
1287 1042 1354 1103 ἐν
1383 1042 1629 1119 σώματι,
1659 1038 1726 1103 τὸ
1756 1041 1823 1103 δὲ
1862 1041 1990 1103 οἷον
2019 1039 2229 1123 αἶσχος
2256 1042 2662 1123 ἐγγινόμενον.
2696 1039 2806 1124 (cf.

1142 1140 1222 1205 de
1266 1141 1531 1229 Republ.
1567 1143 1684 1205 1v.
1728 1165 1789 1228 p.
1819 1161 1968 1223 444.
1998 1140 2065 1206 d.
2106 1155 2169 1206 et
2201 1141 2411 1207 Alcib.
2444 1143 2503 1206 1.
2532 1165 2598 1229 p.
2630 1145 2804 1228 116.)

1146 1243 1429 1308 Plotinus
1483 1243 1562 1308 de
1615 1242 2031 1331 pulcritudine
2088 1244 2460 1332 turpitudini
2514 1267 2639 1309 non
2694 1244 2807 1309 ob-

1145 1347 1329 1412 noxia
1354 1369 1420 1433 p.
1444 1363 1589 1430 722.
1611 1348 1687 1410 C.
1711 1365 1812 1431 32.
1834 1347 1919 1411 D.
1947 1346 2027 1426 μὴ
2053 1349 2167 1429 γὰρ
2196 1347 2271 1412 ἃν
2298 1351 2589 1427 τολμῆσαι
2617 1350 2812 1412 ἐκεῖνα

1145 1449 1242 1514 οἶά
1271 1452 1433 1514 ἐστιν
1460 1450 1571 1531 (sc.
1606 1450 1753 1513 αὐτὰ
1779 1451 1854 1513 τὰ
1883 1450 2063 1533 καλὰ)
2091 1451 2172 1516 εἷς
2194 1450 2498 1532 βόρβορον
2527 1449 2813 1531 σωμάτων

1145 1555 1395 1632 ἐμβῆναι
1426 1553 1521 1616 καὶ
1545 1553 1796 1634 ῥυπᾶναι
1831 1554 2009 1616 ἑαυτὰ
2046 1552 2141 1615 καὶ
2180 1552 2488 1633 ἀφανίσαι.
2580 1552 2810 1615 Nostro

1140 1669 1346 1718 autem
1371 1676 1514 1718 cum
1535 1652 1671 1717 loco
1698 1651 1908 1717 confer
1929 1652 2261 1741 Porphyrii
2289 1655 2592 1719 Sententt.
2611 1674 2718 1738 34.
2740 1676 2805 1740 p.

1143 1760 1288 1844 236.
1335 1755 1543 1821 Lond.
1600 1755 1923 1819 Hermiam
1973 1754 2036 1819 in
2092 1754 2255 1820 Plat.
2304 1755 2556 1820 Pbaedr.
2605 1778 2667 1842 p.
2701 1757 2802 1840 98.

1142 1859 1338 1924 Persii
1370 1861 1496 1923 Sat.
1531 1860 1649 1923 IV.
1684 1876 1784 1943 29.
1831 1860 2079 1945 Evang.
2112 1857 2349 1922 Matth.
2384 1858 2671 1922 XXIII.
2702 1875 2804 1941 27.

1145 1963 1241 2026 Io.
1273 1962 1595 2049 Chrysost.
1623 1959 1702 2024 de
1732 1958 2086 2024 Sacerdotio
2115 1960 2227 2024 VI.
2262 1978 2322 2023 2.
2350 1982 2417 2047 p.
2446 1977 2595 2046 324.

1224 2088 1287 2152 p.
1316 2080 1452 2145 107.
1485 2083 1580 2127 11.
1614 2063 1708 2127 καὶ
1738 2063 1914 2145 ἔργον
1942 2063 2124 2151 αὐτῷ]
2151 2062 2282 2127 Fic.
2307 2063 2806 2149 operaepretium

1140 2170 1281 2231 erit.
1351 2168 1494 2253 Ego
1537 2164 1730 2229 malo:
1775 2186 1931 2252 qma
1967 2175 2078 2230 est.
2145 2163 2285 2229 Vid.
2332 2164 2620 2252 Xenoph.
2671 2167 2804 2253 Cy-

1138 2292 1273 2356 rop.
1311 2268 1502 2353 11.3.
1534 2287 1597 2355 5.
1673 2266 1909 2354 Agesil.
1945 2267 2037 2332 X.
2067 2287 2120 2331 1.
2193 2266 2329 2332 Nisi
2378 2266 2587 2331 malis:
2633 2269 2806 2355 eique

1137 2372 1630 2459 difficilejiaerit.
1695 2369 1834 2435 Vid.
1870 2369 2145 2458 Hesych.
2179 2384 2242 2434 et
2274 2368 2448 2434 Suid.
2482 2385 2543 2435 et
2577 2369 2805 2434 Sturzii

1141 2475 1299 2538 Lex.
1323 2473 1621 2561 Xenoph.
1645 2472 1709 2537 in
1740 2474 1936 2556 ἔργον,
1961 2489 2022 2536 et
2044 2470 2361 2537 Ruhnken
2382 2472 2465 2537 ad
2491 2471 2799 2560 Porphyr.

1139 2576 1218 2641 de
1260 2574 1611 2662 Nymphar.
1659 2578 1851 2657 Antr.
1894 2599 1946 2640 c.
1993 2595 2054 2655 4.
2102 2597 2166 2662 p.
2208 2598 2271 2656 4.
2321 2574 2581 2639 Goensii.
2656 2574 2808 2639 Alia

1138 2677 1438 2743 sententia
1484 2676 1742 2741 dicitur:
1807 2679 1982 2760 ἔργον
2031 2679 2187 2744 τινός
2244 2678 2402 2742 ἑστιε
2455 2678 2804 2741 Obnoxiam

1138 2791 1229 2845 est
1255 2778 1911 2865 alicuju8.Pe1·izon.
1943 2777 2025 2842 ad
2055 2777 2283 2843 AElian.
2311 2780 2384 2842 V.
2410 2780 2501 2843 H.
2536 2779 2674 2843 111.
2704 2779 2799 2842 18.

1141 2881 1463 2945 Wernsdf.
1493 2880 1576 2945 ad
1605 2881 1847 2945 Himer.
1882 2880 2072 2944 XIV.
2104 2898 2208 2965 32.
2240 2903 2304 2967 p.
2338 2882 2482 2961 664.

1225 2985 1308 3049 ib.
1345 2987 1505 3066 εἴπερ
1534 2983 1716 3047 πάλιν
1743 2984 1950 3070 καλός]
1983 2990 2027 3022 “
2048 2981 2204 3047 Cod.
2242 2984 2413 3047 Voss.
2446 2985 2610 3065 εἴπερ
2639 2981 2806 3046 ἔσται

1141 3113 1202 3151 π.
1231 3115 1284 3152 κ.
1318 3086 1600 3151 rectius.”
1629 3087 1716 3150 D.
1754 3087 1847 3148 W.
1914 3084 2054 3150 vid.
2089 3085 2234 3148 Var.
2270 3086 2446 3150 Lect.
2490 3086 2804 3150 Caeterum

1138 3188 1325 3254 -Plato
1366 3203 1507 3276 post
1547 3192 1708 3270 εἴπερ
1750 3188 2007 3253 verbum
2051 3186 2410 3274 saepiuscule
2450 3187 2701 3266 omittit,
2737 3203 2807 3254 ut

1140 3292 1219 3357 de
1251 3291 1522 3380 Republ.
1557 3292 1672 3356 VI.
1705 3315 1768 3379 p.
1801 3306 1947 3379 497.
1981 3315 2032 3356 e.
2084 3289 2435 3356 Parmenid.
2467 3314 2531 3379 p.
2567 3305 2703 3377 150.
2738 3290 2800 3356 b.

1142 3394 1248 3459 ubi
1276 3394 1524 3460 consule
1552 3393 1811 3459 Heindf.
1844 3418 1908 3482 p.
1943 3411 2086 3480 255.

1224 3497 1305 3562 ib.
1370 3496 1793 3585 ἀπονιψαμένῳ
1851 3499 1945 3562 καὶ
2002 3496 2401 3582 καθηραμένῳ]
2459 3495 2808 3583 Cogitanda

1140 3614 1285 3665 sunt
1327 3602 1698 3680 ἆπονίμματα
1745 3613 1808 3663 et
1852 3599 2140 3681 καθάρσια
2166 3598 2206 3661 i.
2240 3620 2293 3661 e.
2341 3597 2702 3684 purgatoria
2741 3611 2806 3663 et

1137 3702 1481 3768 ablutiones
1523 3715 1586 3766 et
1613 3700 2011 3789 expiationes,
2047 3699 2275 3787 quibus
2316 3698 2547 3786 flagitia
2589 3700 2802 3787 expia-

1136 3804 1383 3869 bantur.
1453 3803 1594 3868 Vid.
1651 3802 1889 3868 «Iuliani
1934 3804 2107 3868 Orat.
2165 3803 2220 3866 1.
2267 3824 2331 3889 p.
2365 3822 2470 3888 39.
2501 3804 2586 3868 D.
2634 3803 2805 3869 etad

1139 3929 1280 3969 eum
1326 3905 1527 3970 locum
1572 3907 1688 3969 Ez.
1739 3905 2068 3991 Spanhem.
2116 3928 2177 3993 p.
2216 3924 2356 3990 259.
2392 3928 2482 3992 sq.
2517 3919 2581 3969 et
2609 3906 2801 3993 Wyt-

1140 4008 1305 4072 tenb.
1338 4031 1399 4094 p.
1427 4025 1568 4073 212.
1599 4005 1698 4071 ed.
1733 4007 2019 4071 Schaefer.
2052 4005 2212 4071 adde
2241 4006 2532 4072 Proclum
2561 4008 2625 4072 in
2656 4007 2798 4073 Alc.

1139 4132 1234 4196 pr.
1267 4133 1320 4173 c.
1353 4130 1415 4191 4.
1448 4131 1511 4195 p.
1548 4129 1607 4194 9.
1639 4107 1737 4171 ed.
1770 4127 1957 4173 nostr.
1989 4107 2136 4195 ibiq.
2170 4123 2376 4174 annot.

1225 4249 1308 4262 —
1361 4231 1457 4277 12.
1513 4211 2350 4294 Αζσχρᾶν--ψυχῆν-νεύσει
2404 4211 2547 4293 πρὸς
2603 4212 2800 4300 σῶμα]

1143 4313 1324 4379 Plato
1353 4312 1621 4401 Sophist.
1655 4336 1719 4400 p.
1756 4329 1897 4397 227.
1932 4335 2020 4399 sq.
2077 4313 2399 4399 Protagor.
2430 4336 2493 4400 p.
2524 4332 2672 4399 459.
2708 4336 2798 4400 sq.

1143 4416 1338 4482 Clem.
1364 4415 1476 4481 Al.
1498 4417 1722 4480 Strom.
1747 4417 1820 4480 V.
1846 4438 1910 4502 p.
1939 4430 2082 4499 705.
2131 4414 2301 4479 Stob.
2338 4415 2599 4502 Eclogg.
2627 4417 2710 4479 T.
2741 4416 2802 4480 I.

1141 4542 1205 4606 p.
1235 4537 1381 4604 342.
1431 4519 1700 4582 Heeren.
1724 4543 1738 4583 ε
1771 4518 2030 4583 Πλάτων
2057 4516 2202 4597 μήτε
2226 4517 2384 4598 βαρὺ
2409 4517 2554 4597 μήτε
2584 4521 2805 4601 κοῦφον

1143 4620 1300 4685 εἶναί
1321 4646 1377 4685 τι
1404 4623 1583 4703 φύσει
1627 4623 1693 4685 ἑν
1721 4624 1800 4706 τῷ
1829 4622 2019 4707 οἰκείῳ
2048 4621 2205 4705 τόπῳ
2241 4618 2525 4702 ὑπάρχον.
2600 4619 2712 4684 Ἐν
2740 4621 2804 4683 δὲ

1142 4725 1436 4809 ἀλλοτρίῳ
1479 4724 1802 4804 γενόμενον
1829 4724 1963 4786 τότε
2004 4725 2204 4786 νεῦσιν
2229 4724 2448 4805 ἴσχειν,
2492 4723 2558 4785 ἐκ
2600 4723 2664 4785 δὲ
2705 4726 2805 4801 τῆς

1143 4826 1395 4892 νεύσεως
1419 4824 1607 4907 ῥοπὴν
1633 4824 1762 4905 ἤτοι
1788 4824 1932 4906 πρὸς
1950 4826 2249 4906 βαρύτητα
2274 4820 2311 4903 ἢ
2343 4824 2692 4904 κουφότητα,
2722 4822 2803 4886 cf.

1143 4925 1383 4991 Platon.
1414 4926 1582 4991 Tim.
1616 4948 1680 5014 p.
1704 4930 1810 4992 62.
1840 4949 1977 5013 sqq.
2008 4924 2087 4989 de
2110 4924 2383 5013 Republ.
2414 4925 2545 4988 IX.
2568 4948 2631 5011 p.
2652 4925 2803 5008 586.

1142 5031 1233 5096 A.
1253 5042 1316 5092 et
1331 5027 1579 5093 consule
1600 5027 1680 5093 de
1701 5026 2160 5093 Platonicorum
2185 5029 2400 5091 νεύσει.
2447 5025 2590 5090 Tib.
2611 5028 2802 5091 Hem-

1142 5131 1327 5197 sterb.
1349 5130 1413 5194 in
1438 5130 1699 5195 Lucian.
1728 5131 1936 5194 Somn.
1960 5152 2022 5216 p.
2050 5130 2189 5214 196.
2215 5128 2358 5216 Bip.
2395 5126 2575 5191 Adde
2600 5128 2801 5193 Procl.

1141 5235 1204 5299 in
1238 5233 1381 5299 Alc.
1409 5255 1503 5320 pr.
1536 5252 1633 5318 13.
1659 5254 1724 5319 p.
1743 5251 1847 5317 39.
1878 5244 2068 5296 nostr.
2098 5230 2206 5295 ubi
2235 5231 2524 5310 δαιμόνων
2550 5231 2807 5313 χθονίων

1144 5337 1399 5418 ἐμβολαὶ
1446 5335 1561 5418 (lta
1609 5331 1938 5422 legendum
1991 5334 2033 5398 i.
2080 5357 2132 5398 e.
2184 5334 2480 5420 impetus)
2526 5332 2643 5396 ἀπὸ
2690 5338 2807 5397 τῶν

1142 5439 1449 5524 ἀχράσι-ων
1479 5440 1560 5506 εἷς
1585 5437 1691 5516 τὴν
1719 5438 1868 5517 ὕλην
1893 5437 2378 5519 προκαλούμενοι.

1224 5578 1311 5592 -
1340 5561 1434 5622 14.
1466 5541 1546 5621 μὴ
1589 5539 1835 5624 καθαρᾷ,
1877 5539 2022 5618 μηδὲ
2071 5540 2370 5620 εἰλικρινεῖ
2411 5537 2587 5623 εἶναι]
2634 5537 2806 5601 Ante

2099 561 2913 627 ANNOTATIONES

2983 562 3093 627 IN
3159 561 3601 628 PLOTINI

2892 733 3104 799 oculos
3150 733 3371 799 habuit
3414 732 3689 801 Platonis
3735 735 4021 823 Sympos.
4065 752 4129 822 p.
4163 754 4316 820 331.
4346 737 4432 800 E.
4476 736 4559 801 cf.

2895 836 3137 902 Phileb.
3178 861 3245 925 p.
3272 855 3422 917 401.
3453 838 3540 902 D.
3580 860 3644 924 p.
3678 836 3781 903 80.
3811 851 3874 901 et
3900 860 3962 924 p.
3997 838 4141 904 216.
4185 836 4287 902 ed.
4335 837 4554 903 Stallb.

2894 938 3191 1004 Phaedon.
3243 961 3306 1026 p.
3352 940 3448 1003 16.
3511 938 3720 1026 wytt.
3782 938 3933 1025 ibiq.
3994 953 4201 1005 annot.
4264 940 4560 1006 Valcken.

2896 1040 3124 1106 Scholl.
3161 1041 3224 1104 in
3255 1041 3338 1104 N.
3358 1043 3445 1105 T.
3478 1040 3560 1105 ad
3589 1061 3644 1104 1.
3677 1042 3822 1106 Cor.
3855 1043 3935 1105 V.
3970 1042 4028 1106 8.
4075 1064 4141 1130 p.
4172 1042 4314 1108 181.
4361 1066 4454 1130 sq.
4498 1057 4560 1109 et

2894 1142 3122 1208 Plotin.
3151 1166 3217 1232 p.
3250 1162 3392 1226 721.
3425 1166 3477 1207 c.
3506 1162 3610 1228 30.
3647 1145 3722 1208 C.

2976 1245 3058 1310 ib.
3093 1247 3291 1328 ὥσπερ
3329 1245 4558 1332 χρυσῷ-γεῶδους-ἇφέλοι--χρυσὸςν-

2895 1347 3538 1437 καλὸν-μονούμενος]
3589 1348 3668 1411 In
3718 1347 3835 1413 Ed.
3882 1348 4080 1435 pecul.
4128 1371 4194 1435 p.
4231 1351 4374 1432 267.
4419 1373 4552 1437 sqq.

2893 1449 3074 1535 plura
3100 1449 3380 1537 exposui,
3410 1472 3537 1536 quo
3566 1449 3722 1514 ratio
3747 1448 4109 1538 aperiretur,
4138 1474 4250 1515 cur
4272 1449 4559 1517 Plotinus

2894 1564 2956 1616 et
2982 1552 3100 1617 hoc
3142 1551 3276 1617 loco
3316 1566 3379 1616 et
3406 1551 3559 1631 aliis,
3590 1575 3650 1617 v,
3682 1576 3735 1617 c.
3766 1552 3845 1617 de
3885 1554 4216 1641 intelligib.
4251 1553 4463 1641 paler.
4495 1577 4555 1642 p.

2889 1670 3036 1739 544.
3072 1656 3149 1719 Β.
3182 1655 3317 1719 auri
3346 1654 3595 1742 purgati
3624 1653 4082 1720 similitudinem
4126 1654 4205 1719 ad
4239 1650 4552 1721 declaran-

2890 1756 3031 1820 dam
3055 1756 3275 1821 animae
3296 1771 3579 1821 naturam
3602 1757 4138 1845 praestantiamqne
4157 1756 4554 1823 transtulerit.

2890 1860 2991 1922 Tu
3021 1859 3150 1923 vid.
3186 1858 3347 1924 Plat.
3384 1859 3682 1924 Phaedon.
3713 1882 3777 1947 p.
3813 1860 3916 1923 81.
3938 1883 3993 1923 c.
4040 1859 4297 1925 Conviv.
4322 1883 4381 1948 p.
4409 1863 4552 1926 216.

2895 1960 3161 2049 Sophist.
3196 1985 3253 2047 p.
3289 1960 3430 2028 228.
3460 1984 3631 2026 c—e.
3697 1961 3931 2050 Apollo
3957 1961 4037 2026 de
4064 1965 4361 2049 Augusto
4386 1964 4555 2050 apud

2889 2063 3127 2128 Julian.
3157 2064 3220 2128 in
3261 2065 3519 2128 Coesarr.
3551 2086 3615 2151 p.
3646 2083 3795 2149 309.
3827 2065 3945 2147 ἐγὼ
3987 2067 4102 2147 γὰρ
4154 2064 4331 2129 αὐτὸν
4372 2067 4554 2152 τούτῳ

2892 2167 3120 2246 Ζήνωνι
3174 2165 3484 2248 παραδοὺς,
3543 2165 3746 2229 αὐτίκα
3800 2168 3937 2246 ὑμῖν
3986 2168 4272 2249 ἆποφανῶ
4328 2167 4555 2250 χρυσὸν

2890 2268 3195 2351 ἀκήρατον,
3243 2268 3351 2334 ubi
3390 2267 3514 2332 vid.
3566 2266 3919 2355 Spanhemii
3962 2270 4256 2355 Epreuve
4297 2268 4378 2333 de
4423 2271 4554 2333 Re·

2889 2393 3174 2458 mat-ques
3201 2393 3266 2458 p.
3297 2388 3395 2453 24.
3418 2369 3579 2435 adde
3609 2368 3931 2435 Plutarch.
3961 2369 4040 2434 de
4069 2370 4356 2435 Discrim.
4387 2371 4557 2436 Adu-

2888 2472 2992 2538 lat.
3026 2486 3088 2537 et
3118 2472 3324 2537 Amici
3356 2496 3420 2561 p.
3453 2475 3552 2559 65.
3585 2473 3662 2537 Β.
3695 2496 3758 2560 p.
3797 2473 3940 2552 246.
3984 2472 4081 2537 ed.
4110 2472 4313 2561 Wytt.
4344 2473 4556 2562 hujus-

2887 2599 3010 2664 que
3038 2574 3387 2640 animadvv.
3414 2599 3477 2663 p.
3510 2593 3658 2660 500.
3692 2574 3790 2640 ed.
3825 2577 3948 2640 Ox.
3980 2574 4124 2639 min.
4187 2575 4378 2640 Adde
4406 2575 4550 2642 Plo-

2889 2677 3003 2742 tin.
3027 2678 3107 2742 de
3133 2679 3412 2743 Immort.
3433 2677 3682 2742 Animoe
3703 2701 3765 2765 p.
3782 2680 3931 2763 465.
3956 2678 4035 2742 Β.
4056 2679 4129 2742 C.
4160 2678 4241 2744 cf.
4274 2701 4459 2766 supra
4485 2702 4549 2766 p.

2888 2795 2994 2864 51.
3027 2780 3102 2843 Β.
3136 2781 3355 2863 χρυσός
3386 2805 3453 2844 τε
3491 2781 3561 2861 δὴ
3602 2786 3722 2847 πῶς
3766 2781 3985 2855 καλόνς
4032 2793 4095 2845 et
4121 2779 4200 2845 ad
4232 2780 4389 2845 hanc
4418 2804 4551 2846 sen-

2890 2881 3142 2944 tentiam
3185 2880 3409 2946 adhibe
3454 2880 3697 2946 Platon.
3741 2881 3938 2970 Hipp.
3984 2883 4126 2970 maj.
4154 2906 4219 2970 p.
4248 2885 4387 2964 146.
4415 2907 4549 2971 sqq.

2891 2982 3153 3048 Heindf.
3183 2982 3436 3047 Arriani
3466 2982 3819 3048 Dissertatt.
3851 2985 4150 3072 Epictett.
4183 2987 4240 3051 I.
4270 3006 4324 3049 1.
4352 3005 4457 3070 51.
4490 3001 4552 3049 et

2892 3085 3212 3150 Iamblich.
3258 3084 3337 3149 de
3379 3084 3507 3150 Vit.
3544 3086 3812 3174 Pythag.
3860 3087 3921 3170 §-
3954 3106 4091 3172 153.
4122 3110 4190 3174 p.
4221 3106 4357 3173 129.
4405 3089 4550 3153 Ku-

2889 3201 3056 3253 steri.

2974 3328 3058 3342 ——
3085 3306 3176 3377 15.
3207 3292 3678 3377 ἀναπεπλῆσθαι]
3717 3292 3941 3379 pollui.
3990 3289 4130 3356 Vid.
4161 3290 4423 3358 Ruhnk.
4469 3291 4549 3358 ad

2892 3394 3064 3458 Tim.
3096 3394 3253 3458 Lex.
3285 3394 3531 3459 Platon.
3563 3418 3624 3483 p.
3655 3413 3757 3480 30.
3790 3417 3882 3481 sq.

2972 3533 3060 3545 —
3086 3498 3184 3560 16.
3214 3498 3637 3585 αὑτῷ-μόνῳ]
3671 3496 3712 3561 ἰ.
3745 3519 3800 3560 e.
3828 3505 3888 3560 et
3911 3516 4114 3560 secum
4153 3497 4280 3562 solo
4306 3497 4551 3561 cohabi-

2889 3608 3069 3664 tans:
3112 3597 3462 3686 amplicavit
3490 3622 3604 3663 suo
3632 3621 3801 3663 more
3830 3597 4168 3663 Marsilius.

2972 3724 3039 3788 p.
3079 3701 3218 3780 108,
3262 3719 3325 3785 3.
3386 3705 3742 3783 καθαρθεΐσα
3799 3701 3838 3765 ἃ
3904 3701 4031 3784 ἔχει
4101 3702 4547 3785 σωματωθεῖσα]

2891 3808 2937 3841 “
2964 3804 3266 3892 Purgato
3306 3803 3384 3867 ab
3417 3805 3501 3868 iis
3541 3804 3747 3882 rebus,
3773 3824 3930 3890 quas
3957 3803 4392 3867 consuetudine
4417 3825 4551 3866 cor-

2883 3906 3064 3992 pori-5
3087 3914 3423 3993 acceperat.
3473 3905 3681 3970 Aliter
3698 3904 3896 3970 Ficin.
3919 3903 4174 3968 fortasse
4201 3902 4354 3991 quid
4382 3902 4553 3967 aliud

2891 4007 2954 4070 in
2983 4031 3096 4072 suo
3119 4006 3278 4073 libro
3305 4007 3513 4096 legit.”
3540 4008 3630 4071 D.
3662 4008 3750 4068 W.
3815 4009 3960 4093 Ego
4000 4028 4123 4071 non
4168 4003 4552 4069 crediderim.

2893 4110 3054 4173 Nam
3106 4110 3194 4174 ita
3243 4109 3395 4174 solet
3438 4130 3881 4195 nonnunquam
3933 4107 4205 4185 Ficinus,
4257 4128 4368 4170 nec
4411 4106 4553 4171 libri

2890 4211 3179 4290 Medicei‚
3197 4211 3425 4298 quibus
3455 4234 3603 4276 usus
3630 4225 3743 4290 est,
3766 4209 4109 4297 quidquam
4137 4208 4322 4274 varioe
4349 4207 4553 4274 lectio-

2888 4313 2982 4376 nis
3023 4313 3091 4376 h.
3122 4312 3167 4377 l.
3199 4312 3487 4378 offerunt.
3578 4313 3747 4377 Hinc
3797 4312 4140 4393 σωμάτωσις
4182 4326 4245 4376 et
4286 4337 4552 4392 σωματο-

2886 4415 3119 4494 ποίησις
3147 4415 3462 4480 Hermetis
3488 4437 3586 4502 ap.
3620 4416 3796 4480 Stob.
3825 4412 4084 4502 Eclogg.
4103 4437 4163 4502 p.
4187 4431 4327 4499 730.
4360 4414 4547 4478 Heer.

2890 4515 3058 4579 Hinc
3085 4516 3268 4580 etiam
3296 4531 3358 4581 et
3381 4520 3860 4597 ἐνσωματοΰσθαι
3878 4529 3941 4580 et
3967 4520 4552 4596 μετενσωματοῦσθαι

2887 4633 2950 4682 et
2976 4618 3511 4699 μετενσωμάτωσις.
3574 4617 3718 4683 Vid.
3749 4617 4104 4706 Olympiod.
4136 4631 4198 4681 et
4224 4617 4550 4703 Wyttenb.

2888 4720 2950 4784 in
2982 4719 3283 4784 Phaedon.
3311 4743 3377 4807 p.
3411 4738 3551 4785 210.
3603 4719 3893 4784 Hermias
3921 4720 3982 4784 in
4015 4719 4173 4785 Plat.
4207 4718 4455 4783 Phaedr.
4485 4740 4548 4804 p.

2895 4824 3036 4905 167.
3066 4837 3129 4886 et
3160 4821 3379 4886 Plotin.
3410 4845 3479 4909 p.
3508 4822 3657 4909 378.
3694 4823 3770 4886 F.

2971 4924 3056 4989 ib.
3090 4925 3184 4989 καὶ
3209 4926 3463 5004 μείνασα
3487 4926 3661 5009 μόνη]
3699 4922 3842 4988 Vid.
3870 4922 4150 5010 proxime
4190 4919 4440 4984 laudata
4469 4919 4551 4984 ad

2887 5026 3077 5091 verba
3119 5025 3337 5109 χρυσὸς
3380 5028 3756 5105 μονούμενος.
3828 5027 4137 5090 Caeterum
4191 5021 4325 5110 ipsa
4370 5025 4553 5101 μονὰς

2887 5127 2976 5193 ita
3000 5128 3302 5215 explicata
3344 5150 3383 5190 a
3421 5126 3752 5206 nonnullis,
3782 5141 3853 5193 ut
3882 5127 3998 5191 ἀπὸ
4026 5131 4132 5190 τοῦ
4154 5123 4355 5206 μένειν
4382 5124 4550 5206 &rpe-

2888 5256 3031 5299 πτος
3058 5230 3266 5295 ducta.
3333 5228 3470 5294 Vid.
3502 5229 3751 5293 Theon.
3785 5227 4085 5316 Smyrnaei
4117 5226 4323 5291 Math.
4357 5249 4421 5314 p.
4451 5244 4549 5311 25.

2891 5331 3206 5397 Bullialdi.
3265 5332 3458 5397 Plura
3485 5331 3548 5396 in
3579 5329 3835 5395 eandem
3863 5329 4225 5394 sententiam
4252 5327 4553 5415 congessit

2892 5435 2986 5498 10.
3017 5434 3318 5499 Laurent.
3362 5433 3587 5523 Lydus
3631 5430 3711 5495 de
3760 5429 4070 5495 mensibus
4111 5442 4261 5495 vett.
4307 5430 4555 5494 Romm.

2893 5537 2991 5601 ΙΙ.
3012 5556 3072 5621 3.
3089 5553 3156 5621 5.
3187 5535 3296 5601 ubi
3325 5559 3459 5600 v.c.
3492 5556 3665 5599 mens
3694 5535 3757 5615 (ὁ
3788 5534 3947 5617 νοῦς)
3978 5530 4300 5618 aliquoties
4325 5531 4552 5596 dicitur
