5118 6613
1023 493 1151 579 362

1991 485 2820 558 ANNOTATIONES
2884 489 2996 557 IN
3060 490 3511 557 PLOTINI

1033 668 1130 731 καὶ
1156 670 1273 749 γὰρ
1299 669 1471 729 τοῦτο
1499 664 1608 744 τὴν
1633 667 1746 744 μὶν
1771 666 2000 745 δημόδη
2041 665 2136 729 καὶ
2172 666 2547 748 ἀνθρωπίνην
2573 664 2724 744 ζωὴν
2807 665 2951 746 μήτε
2981 668 3048 731 ἐν
3075 672 3202 733 ταῖς
3229 667 3485 746 ὁμιλίαις
3513 666 3747 748 φύρειν,
3776 664 3923 745 μήτε
3954 666 4022 729 ἐν
4049 669 4178 732 ταῖς
4205 665 4504 747 φαντασί-

1033 768 1276 852 ἆφιέναι
1323 766 1754 851 παραγγέλλει,
1803 768 1912 848 τὴν
1953 769 2019 831 δὲ
2068 768 2371 851 χωριστὴν
2417 769 2514 833 καὶ
2555 769 2726 832 θείαν

1032 875 1411 954 μεταδιώκειν
1438 873 1606 951 ἀξιοῖ.
1656 870 1983 935 Maximus
2009 870 2252 958 Tyrius
2281 869 2451 935 Dias.
2484 867 2720 935 XVII.

1037 991 1098 1060 7.
1131 993 1193 1064 p.
1218 991 1367 1062 323.
1401 973 1657 1039 Reisk.:
1697 974 1765 1038 τὸ
1797 976 1860 1037 δὲ
1890 973 2103 1053 νοητὸν
2132 972 2601 1056 ἀπηλλαγμένον
2627 975 2729 1052 τῆς

1034 1082 1257 1145 τούτων
1285 1080 1516 1160 ἐπαφῆς
1546 1077 1641 1141 καὶ
1671 1077 2023 1158 ἐπερείσεως
2050 1075 2193 1140 αὐτὸ
2223 1076 2350 1141 καθ’
2381 1075 2555 1140 ἑαυτὸ
2586 1077 2724 1157 dpa-

1036 1187 1180 1247 σθαι
1219 1181 1487 1265 πέφυκεν
1513 1180 1627 1245 ὑπὸ
1656 1184 1762 1243 τοῦ
1791 1184 1915 1256 νοῦ,
1944 1181 1978 1243 ὁ
2007 1181 2072 1243 δὲ
2099 1184 2170 1259 τῇ
2210 1178 2374 1259 πάσῃ
2412 1183 2585 1262 ψυχῇ
2625 1179 2727 1258 ἐμ-

1037 1284 1398 1368 φυτευμένος
1440 1287 1758 1348 διασπᾶται
1795 1282 1910 1346 ὑπὸ
1949 1286 2069 1346 τῶν
2109 1281 2471 1362 αἰσθήσεων,
2503 1282 2599 1346 καὶ
2626 1307 2730 1346 τα-

1036 1386 1331 1469 ράττεται,
1365 1385 1461 1450 καὶ
1488 1386 1793 1468 ἀσχολίαν
1819 1386 1972 1467 ἄγει,
2002 1385 2160 1449 ὥστε
2186 1385 2266 1465 μὴ
2295 1388 2500 1469 διορᾷν
2526 1388 2603 1449 τὸ
2631 1387 2732 1449 αὑ-

1036 1495 1143 1555 τοῦ
1168 1488 1452 1570 θεάματα,
1481 1488 1591 1569 ἤδη
1629 1490 1694 1552 δὲ
1726 1488 1820 1551 καὶ
1863 1489 2302 1570 δημαγωγηθεὶς
2328 1488 2727 1563 ἀναπείθεται,

1036 1593 1195 1656 ὥστε
1237 1591 1732 1674 συμφθέγγεσθαι
1770 1596 1897 1658 ταῖς
1938 1596 2056 1654 τῶν
2099 1590 2439 1670 αἰσθήσεων
2481 1596 2726 1672 φωναῖς,

1038 1695 1134 1759 καὶ
1174 1696 1358 1775 μηδὲν
1385 1693 1661 1776 ἡγεῖσθαι
1705 1694 1863 1757 ἄλλο
1909 1692 2060 1757 εἶναι
2103 1696 2264 1776 παρὰ
2291 1696 2366 1757 τὰ
2394 1695 2598 1775 ὁρατὰ,
2633 1693 2728 1757 καὶ

1036 1799 1296 1862 ἀκουστὰ
1325 1797 1421 1861 καὶ
1448 1798 1781 1879 ὀσφραντὰ,
1816 1796 1912 1860 καὶ
1942 1799 2186 1878 γευστὰ,
2216 1796 2309 1859 καὶ
2337 1794 2510 1860 ἁπτά.
2563 1795 2727 1878 (Ubi

1035 1922 1242 1979 nemo,
1261 1899 1372 1987 qui
1395 1899 1562 1964 hunc
1591 1898 1795 1963 locum
1823 1897 2054 1962 Plotini
2083 1896 2449 1984 expenderit
2478 1914 2540 1963 et
2569 1922 2725 1986 prae-

1035 2002 1245 2068 sertim
1287 2001 1394 2066 illa
1433 2000 1687 2088 legerit:
1736 2006 1969 2082 πρῶτον
1998 2000 2141 2064 αὐτὸ
2172 2003 2253 2067 εἰς
2290 2001 2358 2065 τὸ
2399 2001 2599 2065 κοινὸν
2626 2006 2731 2066 τοῦ

1033 2108 1181 2183 (dev
1220 2105 1550 2188 ἐφθέγγετο
1596 2105 1691 2168 καὶ
1734 2104 1841 2183 τὴν
1890 2105 2069 2167 αὑτοῦ
2114 2103 2380 2188 ταραχὴν
2410 2105 2603 2168 ἐδίδου
2647 2108 2727 2191 τῷ

1035 2211 1179 2294 ὅλῳ,
1212 2206 1405 2295 igitur
1432 2228 1637 2283 nemo,
1668 2204 1956 2282 arbitror,
1987 2227 2131 2269 cum
2165 2204 2548 2270 Marklando
2578 2232 2730 2271 emm

1031 2309 1304 2392 ράττεται
1332 2308 1668 2396 legendum
1698 2306 2004 2372 censuerit
2033 2331 2150 2396 pro
2178 2309 2545 2391 ταράττεται.
2592 2311 2655 2374 N
2659 2333 2729 2374 ec

1033 2413 1232 2500 magis
1271 2411 1473 2501 placet
1503 2409 1743 2476 Reiskii
1772 2410 2159 2499 conjectura:
2206 2411 2286 2491 μὴ
2316 2412 2409 2475 ἀεὶ
2438 2414 2586 2496 ὁρᾷν
2613 2434 2730 2498 pro

1032 2515 1113 2595 μὴ
1156 2519 1410 2600 διορᾷν.)
1505 2513 1759 2579 Proclus
1787 2513 1849 2577 in
1888 2512 2093 2578 Alcib.
2125 2536 2222 2601 pr.
2258 2515 2317 2597 ξ.
2354 2514 2456 2579 80.
2488 2536 2551 2601 p.
2580 2533 2723 2595 244.

1033 2618 1135 2681 ed.
1186 2633 1420 2682 nostr.:
1466 2618 1934 2700 παρακελεύεται
1977 2617 2179 2681 τοίνυν
2222 2619 2255 2680 ὁ
2299 2617 2504 2699 παρὼν
2545 2615 2730 2699 λόγος

1035 2722 1406 2803 ἀφίστασθαι
1445 2724 1546 2800 τῆς
1584 2720 1888 2800 ἐπιθυμίας
1925 2723 2025 2799 τῆς
2068 2719 2418 2801 ἀπεράντου,
2454 2719 2548 2783 καὶ
2578 2721 2724 2784 ἀπο·

1037 2822 1426 2900 σκευάζεσθαι
1453 2821 1521 2887 τὸ
1551 2827 1779 2902 πλῆθος
1805 2827 1905 2902 τῆς
1932 2826 2076 2901 ζωῆς
2105 2823 2200 2886 καὶ
2228 2821 2333 2886 τὸν
2365 2824 2432 2886 ἐν
2458 2823 2598 2902 ἡμῖν
2626 2826 2723 2902 6⁷3-

1029 2949 1147 3004 μον
1178 2952 1231 2988 κ.
1253 2949 1306 2989 τ.
1335 2931 1395 2987 λ.

1137 3050 1200 3114 p.
1241 3027 1428 3104 1206,
1466 3046 1566 3090 11.
1611 3024 1747 3090 ἀλλ’
1794 3028 1859 3093 ὅς
1908 3051 1994 3092 τις
2043 3021 2258 3107 τρόπος
2306 3027 2406 3105 τῆς
2462 3051 2512 3088 κ.
2542 3049 2595 3086 τ.
2628 3026 2719 3110 λ.]

1036 3127 1226 3206 Quod
1269 3129 1411 3193 Vat.
1459 3127 1647 3192 habet
1694 3128 1771 3195 ὥς
1813 3153 1920 3200 τις,
1964 3125 2275 3191 adducere
2325 3148 2439 3190 nos
2479 3125 2542 3189 in
2588 3148 2723 3190 eam

1033 3230 1454 3319 conjecturam
1507 3244 1733 3319 potest,
1789 3228 2109 3293 Plotinum
2162 3227 2517 3316 scripsisse:
2584 3228 2722 3293 ἀλλ’

1034 3334 1235 3404 ἄλλως
1276 3339 1342 3403 ὅς
1386 3362 1471 3403 τις
1516 3332 1749 3416 τρόπος.
1837 3332 2056 3420 Atque
2103 3331 2221 3396 hoc
2266 3331 2569 3420 expressit
2612 3331 2722 3396 Fi-

1032 3460 1231 3502 cinus.

1119 3563 1185 3627 p.
1212 3556 1398 3623 1207,
1435 3558 1535 3605 10.
1577 3539 1705 3603 οἷον
1735 3537 2009 3620 ἐξέθορεν
2039 3538 2106 3601 ἐκ
2133 3541 2239 3601 τοῦ
2264 3534 2514 3625 παντὸς]
2564 3538 2726 3602 Haec

1033 3642 1371 3707 admonent
1398 3641 1663 3706 Hesiodi
1695 3641 1940 3728 Theog.
1975 3640 2092 3706 281
2123 3664 2139 3704 ε
2190 3641 2405 3723 ἔκθορα
2431 3640 2725 3725 Χρυσάωρ

1034 3770 1102 3809 τε
1142 3744 1329 3829 μέγας
1372 3746 1466 3810 καὶ
1494 3745 1783 3828 Πήγασος
1825 3747 2019 3820 ἵππος,
2053 3745 2161 3810 ubi
2205 3758 2388 3809 antea
2430 3761 2564 3810 erat
2598 3746 2723 3825 ἐξέ-

1035 3853 1195 3930 θορε.
1287 3846 1425 3912 Vid.
1460 3847 1777 3912 Gaisford.
1805 3847 1887 3912 ad
1916 3847 1980 3912 h.
2006 3848 2047 3913 l.
2075 3847 2140 3912 in
2171 3849 2374 3912 Poett.
2409 3848 2559 3913 Grr.
2593 3848 2723 3913 Mi-

1036 3972 1204 4015 norr.
1240 3951 1293 4014 1.
1341 3973 1407 4037 p.
1441 3952 1544 4013 88.
1589 3965 1781 4037 atque
1821 3949 1929 4014 illa
1965 3950 2167 4014 forma
2208 3964 2301 4014 est
2343 3949 2408 4014 in
2453 3951 2726 4016 Oraculd

1033 4075 1136 4140 ap.
1170 4051 1464 4117 Proclum
1494 4052 1558 4115 in
1590 4051 1794 4116 Alcib.
1823 4075 1921 4137 pr.
1952 4075 2018 4139 p.
2043 4054 2163 4137 65:
2209 4052 2289 4117 de
2319 4057 2594 4118 Amore:

1262 4190 1346 4203 —
1423 4190 1507 4202 —
1584 4188 1669 4201 —
1746 4158 1804 4216 δς
1831 4161 1886 4215 εἰ(
1913 4162 2033 4214 νόου
2059 4161 2239 4234 ἔκθορε
2263 4165 2483 4233 πρῶτος·

1035 4262 1146 4327 ubi
1188 4260 1429 4349 aliquot
1468 4258 1612 4325 libri
1658 4261 1845 4342 ἔθορε.
1935 4259 2159 4325 Altera
2204 4261 2407 4325 forma
2454 4261 2728 4350 pedestri

1035 4362 1296 4429 orationi
1352 4362 1815 4427 accommodata
1866 4362 2176 4452 reperitur
2223 4364 2454 4429 ibidem
2499 4389 2566 4453 p.
2595 4382 2720 4451 51:

1034 4472 1149 4532 ποῦ
1177 4469 1247 4548 δὴ
1275 4468 1381 4532 οὖν
1408 4466 1633 4548 ὑπέστη
1662 4468 1770 4546 τὴν
1799 4469 2058 4549 πρώτην,
2090 4468 2187 4532 καὶ
2228 4473 2350 4534 πῶς
2393 4468 2489 4532 ἐπὶ
2530 4466 2728 4532 πάντα

1034 4569 1287 4654 πρόεισι,
1322 4571 1416 4635 καὶ
1442 4573 1592 4651 μετὰ
1621 4570 1800 4634 τίνων
1829 4569 2066 4652 ἐξέθορε
2093 4570 2385 4651 μονάδων.
2477 4569 2727 4648 Quibus

1032 4697 1070 4737 e
1093 4672 1296 4738 verbis
1323 4673 1506 4737 etiam
1540 4694 1688 4736 usus
1716 4671 1905 4759 hujus
1925 4672 2093 4736 vocis
2121 4671 2294 4760 apud
2323 4670 2725 4760 philosophos

1031 4775 1418 4862 intelligitur,
1450 4774 1560 4862 qui
1590 4774 1707 4839 hoc
1736 4775 1996 4840 verbum
2033 4774 2116 4839 de
2154 4775 2269 4840 diis
2307 4775 2724 4862 potentiisque

1029 4893 1097 4943 et
1126 4877 1361 4942 viribus
1401 4890 1727 4965 usurpant,
1758 4892 2069 4963 quatenus
2100 4876 2198 4940 vel
2229 4901 2264 4941 e
2303 4876 2726 4964 superioribus

1031 4980 1150 5046 diis
1197 4979 1566 5069 potentiisve
1618 4994 1912 5067 tanquam
1960 5003 1996 5043 e
2044 4979 2220 5043 fonte
2273 5002 2388 5043 suo
2435 4978 2723 5057 emicant,

1028 5084 1359 5173 prosiliunt
1404 5098 1468 5147 et
1514 5082 1811 5160 existunt,
1859 5082 1956 5146 vel
2004 5080 2189 5146 etiam
2239 5104 2280 5145 a
2324 5104 2438 5146 sua
2485 5081 2725 5169 origine

1027 5188 1366 5253 elabuntur
1410 5203 1474 5250 et
1516 5185 1884 5250 desciscunt.
1995 5186 2138 5249 Hac
2190 5183 2492 5248 sententia
2536 5183 2720 5248 etiam

1029 5289 1092 5353 h.
1122 5290 1164 5354 l.
1228 5288 1515 5354 Plotinus
1568 5289 1777 5371 ψυχὴν
1835 5286 2162 5372 (animam)
2222 5286 2375 5351 dicit
2431 5288 2716 5369 ἐκθορεῖν.

1030 5392 1172 5456 Alia
1197 5389 1574 5456 constructio
1600 5404 1693 5454 est
1720 5391 1786 5452 in
1814 5387 1949 5453 loco
1972 5389 2177 5453 Marci
2195 5389 2496 5453 Antonini
2514 5390 2717 5454 VIII.

1025 5513 1135 5579 51.
1167 5492 1298 5557 init.
1330 5516 1394 5581 p.
1421 5507 1585 5579 257:
1628 5490 1778 5573 μήτε
1815 5493 1885 5558 ἐν
1911 5497 2040 5559 ταῖς
2078 5491 2367 5575 πράξεσιν
2395 5493 2716 5575 ἐπισύρειν,

2810 795 2901 839 αις
2943 772 3222 844 ἀλᾶσθαι,
3267 769 3414 850 μήτε
3462 773 3533 850 τῇ
3575 773 3746 853 ψυχῇ
3797 770 4058 851 καθάπερ
4102 768 4505 834 συνέλκεσθαι

2813 874 2909 938 καὶ
2937 874 3346 954 ἐκθόρνυσθαι.

2895 1011 2982 1025 -
3017 994 3116 1060 13.
3163 976 3233 1039 οὗ
3260 972 3440 1061 τόπῳ,
3473 972 3610 1040 ἀλλ’
3642 974 3913 1059 ἐνεργείᾳ
3953 973 4197 1057 γένηται
4242 1001 4295 1037 κ.
4319 997 4373 1038 τ.
4403 972 4499 1057 λ.]

2813 1085 2857 1117 “
2884 1079 3055 1141 Here
3082 1076 3243 1141 after
3271 1079 3542 1161 ἐνεργεία
3578 1076 3627 1142 it
3672 1077 3725 1142 is
3765 1077 4060 1165 requisite
4109 1093 4175 1141 to
4220 1075 4365 1141 read
4411 1076 4506 1140 καὶ

2810 1180 3052 1264 γένηται
3080 1178 3149 1244 τὸ
3179 1179 3304 1245 καθ’
3338 1182 3593 1245 ἕκαστον
3623 1207 3672 1244 κ.
3698 1207 3748 1245 τ.
3772 1187 3836 1246 λ.
3910 1180 4064 1245 And
4096 1179 4219 1245 this
4247 1179 4508 1266 reading

2812 1283 2866 1348 is
2897 1283 3235 1349 confirmed
3264 1283 3350 1371 by
3381 1283 3489 1348 the
3517 1283 3757 1348 version
3788 1284 3862 1347 of
3885 1284 3940 1348 F
3944 1282 4200 1348 icinus.”
4245 1283 4503 1369 Taylor.

2903 1423 2988 1438 —
3017 1387 3114 1450 16.
3157 1384 3247 1451 Τὸ
3275 1389 3340 1451 δὲ
3372 1390 3455 1454 είς
3483 1384 3694 1451 Ἀιδου
3721 1387 3998 1469 γίνεσθαι
4039 1412 4091 1451 κ.
4118 1411 4168 1449 τ.
4189 1386 4285 1473 λ.]
4334 1386 4506 1449 Fons

2814 1489 2876 1553 in
2920 1488 3199 1553 Platonis
3243 1489 3505 1576 Cratylo
3548 1512 3611 1577 p.
3644 1508 3791 1575 403.
3833 1512 3905 1553 a:
3953 1511 4016 1575 p.
4046 1508 4151 1570 44.
4185 1487 4425 1552 Bekk.:
4472 1490 4507 1551 ὅ

2815 1595 2881 1658 δὲ
2912 1590 3136 1672 Ἅιδης,
3183 1594 3242 1656 οἱ
3285 1594 3505 1657 πολλοὶ
3553 1593 3667 1673 μέν
3710 1619 3812 1672 μοι
3860 1592 4181 1675 (omissum
4226 1591 4291 1654 in
4340 1589 4502 1656 cod.

2814 1695 3125 1776 Darmst.)
3159 1699 3435 1759 δοκοῦσιν
3461 1695 3916 1775 ὑπολαμβάνειν
3943 1691 4013 1759 τὸ
4046 1696 4235 1761 ἀειδὲς
4262 1719 4503 1776 προσει-

2811 1802 3026 1881 ρῆσθαι
3055 1802 3135 1884 τῷ
3165 1796 3410 1879 ὀνόματι
3437 1797 3818 1885 τούτῳ-ιιῧὶ
3850 1797 4018 1862 solus
4044 1796 4241 1861 codex
4272 1798 4500 1861 Darm-

2814 1899 3094 1963 stadinus
3114 1900 3297 1964 offert
3326 1900 3645 1965 lectionem
3678 1902 3836 1967 ἀϊδές
3863 1922 3901 1963 a
3932 1898 4223 1963 Bekkero
4252 1921 4375 1962 non
4404 1921 4499 1962 re-

2812 2017 3051 2090 pertam
3093 2015 3156 2067 et
3200 2017 3407 2068 tamen
3448 2004 3873 2068 confirmatam
3918 2024 4062 2066 cum
4108 2025 4146 2065 a
4194 2002 4505 2091 plerisque

2814 2104 2983 2169 libris
3016 2104 3236 2170 Plotini
3270 2105 3334 2169 h.
3359 2105 3399 2171 Ι.
3434 2120 3497 2170 et
3526 2129 3673 2171 vero
3701 2129 3739 2170 a
3770 2105 3994 2169 Proclo
4032 2105 4097 2168 in
4135 2104 4313 2169 illum
4344 2106 4498 2170 Cra-

2814 2207 2927 2296 tyli
2956 2207 3162 2273 locum
3195 2211 3251 2293 ξ.
3279 2228 3420 2294 152.
3463 2232 3528 2296 p.
3551 2225 3652 2293 92.
3687 2207 4006 2273 Boisson.:
4053 2205 4160 2272 τὸν
4195 2210 4261 2271 δὲ
4299 2206 4505 2287 Ἀΐδην

2816 2316 2897 2379 εἰς
2939 2311 3007 2377 τὸ
3052 2314 3209 2380 ἀῖδές
3244 2314 3340 2377 καὶ
3380 2308 3692 2377 σκοτεινὸν
3721 2312 3817 2375 καὶ
3846 2308 4117 2394 φοβερὸν
4148 2310 4503 2392 ἐπιῤῥαπίζει

2814 2420 2921 2479 νῦν
2948 2418 2981 2479 ὁ
3013 2414 3339 2496 Σωκράτης.
3418 2414 3541 2478 Sed
3570 2414 3634 2478 in
3663 2413 3784 2478 illis
3812 2413 4016 2478 verbis
4049 2411 4339 2489 Platonis,
4368 2411 4505 2499 qui-

2813 2514 2933 2579 bus
2955 2514 3127 2603 vulgi
3152 2514 3426 2603 opinatio
3454 2533 3785 2603 metusque
3813 2515 4183 2592 declaratur,
4210 2529 4504 2601 proestare

2813 2632 3021 2682 tamen
3072 2616 3321 2681 videtur
3364 2619 3572 2692 ἀειδὲς,
3620 2617 3661 2683 i.
3694 2641 3749 2683 e.
3796 2620 4079 2696 δυσειδὲς,
4127 2615 4256 2681 sive
4303 2614 4505 2702 turpis

2811 2721 3106 2810 adspectu
3154 2736 3217 2786 et
3258 2719 3574 2801 horridus,
3598 2721 3720 2785 vid.
3755 2719 4152 2785 Valckenaer.
4197 2718 4278 2783 ad
4310 2716 4500 2782 Euri·

2811 2824 2941 2912 pid.
2975 2824 3275 2889 Phoeniss.
3306 2840 3454 2911 373.
3530 2826 3652 2888 Est
3678 2839 3886 2889 autem
3921 2824 4207 2888 universa
4236 2820 4505 2886 Socratis

2811 2927 2892 2991 de
2920 2927 3131 2992 inferis
3159 2927 3502 3015 disputatio
3528 2927 3593 2992 in
3623 2927 3759 2992 loco
3790 2926 4063 2993 Platonis
4089 2923 4504 3012 comparanda

2812 3053 2954 3096 cum
2988 3031 3106 3096 hoc
3135 3032 3270 3096 loco
3301 3030 3547 3096 Plotini.
3594 3032 3732 3095 Nec
3760 3030 3967 3095 minus
3993 3028 4330 3094 adhibendi
4357 3044 4503 3093 sunt

2811 3134 2941 3198 duo
2982 3134 3085 3199 alii
3129 3133 3267 3212 loci,
3301 3134 3410 3199 ubi
3454 3134 3534 3199 de
3574 3133 3862 3198 Plutonis
3904 3131 4174 3217 (”Αιδου)
4217 3147 4281 3196 et
4319 3154 4498 3196 voca·

2811 3236 2963 3302 bulo
2989 3252 3052 3301 et
3081 3238 3331 3306 notione
3373 3236 3503 3326 agit
3533 3236 3784 3301 divinus
3810 3236 3913 3301 ille
3940 3234 4387 3325 philosophus:
4436 3233 4500 3298 in

2811 3343 3047 3428 Gorgia
3092 3366 3153 3428 p.
3187 3360 3338 3427 493.
3370 3341 3433 3406 b.
3476 3354 3543 3406 et
3584 3341 3648 3405 in
3687 3341 4007 3406 Phaedone
4048 3362 4113 3426 p.
4146 3340 4246 3403 80.
4279 3337 4347 3403 d.
4391 3337 4501 3403 ubi

2809 3443 3061 3508 consule
3091 3444 3543 3533 Wyttenbach.
3571 3467 3637 3531 p.
3667 3447 3811 3510 206.

2896 3570 2960 3634 p.
3001 3549 3186 3625 1208,
3224 3568 3280 3613 1.
3309 3546 3486 3613 Ἀλλ’
3519 3549 3624 3612 οὐκ
3653 3551 3823 3615 ὄντος
3867 3546 3996 3611 ἐστὶ
4023 3550 4130 3610 τοῦ
4158 3547 4426 3625 σώματος
4443 3546 4491 3630 3]

2812 3648 3068 3713 Ficinus
3094 3648 3396 3736 expressit
3426 3650 3531 3723 ἔτι,
3564 3647 3739 3736 quod
3778 3645 4051 3734 recipere
4093 3645 4419 3723 debebam,
4451 3646 4503 3710 si

2813 3751 2905 3816 vel
2940 3775 3102 3816 unus
3132 3752 3286 3817 liber
3314 3752 3795 3839 suffragabatur.
3884 3751 4076 3814 Nunc
4106 3771 4255 3813 vero
4287 3770 4500 3813 omnes

2813 3878 2955 3920 cum
3004 3855 3104 3920 ed.
3153 3855 3385 3920 habent
3431 3856 3580 3919 ἐστί.
3673 3856 3968 3919 Ceterum
4022 3852 4100 3918 ad
4147 3852 4283 3917 haec
4330 3851 4494 3917 conf.

2812 3958 3180 4023 Cudworth.
3216 3962 3380 4047 Syst.
3411 3956 3606 4022 intell.
3650 3981 3711 4045 p.
3747 3975 3934 4036 1024.
3968 3979 4059 4043 sq.
4091 3969 4154 4020 et
4185 3955 4499 4019 Moshem.

2810 4084 2874 4151 p.
2906 4078 3051 4148 955.
3086 4085 3178 4149 sq.
3208 4078 3271 4127 et
3300 4060 3514 4126 confer
3542 4083 3714 4148 supr.
3745 4083 3806 4147 p.
3833 4076 3982 4145 374.
4008 4060 4090 4122 Ε.

2916 4202 3005 4213 -
3031 4180 3096 4250 5.
3146 4165 3277 4228 οἷον
3324 4161 3610 4247 ἐλλάμψῃ
3652 4158 3798 4243 πρὸς
3839 4162 4046 4246 αὐτὴν]
4120 4161 4249 4225 Pro
4295 4160 4494 4239 αὐτὴν,

2810 4266 2983 4353 quod
3011 4283 3105 4331 est
3132 4264 3197 4330 in
3227 4265 3380 4345 Ed„
3407 4264 3649 4352 Taylor
3676 4263 3797 4351 legi
3828 4263 3966 4327 vult
3995 4260 4193 4337 αὐτὸν,
4224 4261 4495 4327 addens:

2813 4377 2858 4408 ‘⁶
2883 4370 3014 4433 For
3045 4369 3326 4434 Plotinus
3351 4368 3404 4432 is
3430 4367 3577 4432 here
3605 4365 3905 4455 speaking
3930 4367 4005 4430 of
4035 4365 4143 4430 the
4182 4365 4313 4430 soul
4349 4365 4497 4430 with

2812 4471 3121 4535 reference
3148 4485 3215 4536 to
3242 4470 3349 4536 the
3379 4474 3645 4545 εἴδωλον,
3674 4492 3748 4533 οι·
3773 4468 3976 4556 image
4004 4469 4080 4532 of
4098 4469 4169 4533 it.
4243 4467 4498 4533 Ficinus

2810 4574 3119 4638 therefore
3159 4597 3281 4638 was
3323 4571 3626 4637 mistaken
3672 4571 3734 4636 in
3780 4570 4147 4659 translating
4188 4571 4312 4635 this
4355 4594 4494 4659 pas-

2811 4700 2955 4765 sage
2984 4701 3053 4742 as
3081 4677 3137 4741 if
3160 4676 3448 4742 Plotinus
3476 4698 3599 4740 was
3627 4672 3928 4763 speaking
3952 4674 4027 4738 of
4050 4673 4159 4738 the
4188 4674 4322 4738 soul
4351 4673 4494 4738 illu-

2811 4780 3113 4895 minating
3153 4779 3403 4866 lter-ses
3442 4778 3567 4843 and
3611 4793 3720 4842 not
3763 4776 3931 4841 her
3916 4799 4141 4864 image.
4229 4778 4360 4841 For
4402 4776 4499 4841 his

2810 4883 3048 4948 version
3078 4882 3162 4948 is.
3196 4883 3328 4949 Sed
3352 4904 3492 4947 cum
3518 4882 3663 4970 ipsa
3691 4882 3910 4945 velut
3886 4902 3959 4944 m
3985 4901 4053 4945 se
4078 4880 4454 4967 rfflalgtatJ

3492 5058 3697 5122 LIB.
3744 5056 3822 5120 V.

2888 5181 2961 5243 P.
2998 5199 3184 5266 1209,
3232 5195 3290 5263 7.
3358 5183 3555 5242 ΠΕΡΙ
3605 5180 3790 5249 Tor,
3845 5179 3959 5239 To
4012 5179 4132 5239 ON
4184 5179 4298 5240 EN
4354 5179 4496 5240 ΚΑΙ

2805 5288 3140 5348 ΤΑΎΊῸΝ
3175 5281 3294 5365 (ita
3321 5280 3534 5368 scripsi
3562 5301 3706 5344 cum
3736 5276 3910 5342 libris
3950 5277 4128 5342 bonis
4156 5293 4220 5342 et
4247 5277 4336 5343 ita
4363 5278 4500 5366 ipsa

2804 5386 2995 5451 editio
3034 5384 3223 5450 habet
3263 5404 3324 5472 p.
3358 5384 3505 5464 644.
3553 5381 3654 5445 hic
3698 5400 3844 5444 vero
3885 5377 4092 5464 ταύτὸ)
4126 5385 4264 5454 ΟΝ,
4312 5387 4494 5447 ΑΜΑ

2806 5492 3268 5553 HANTAXOT
3295 5491 3527 5552 EINAI
3558 5488 3809 5558 OAON,
3844 5484 4341 5573 AETTEPON]
4362 5486 4498 5550 Ex·
