5118 6613
1384 505 1590 571 LIB.
1638 506 1779 572 111.
1825 506 2290 572 ENNEAD.
2343 506 2747 572 SEXTAE.
2793 529 2856 595 p.
2896 526 3338 598 1143—1150.

613 686 856 766 μᾶλλον
885 681 981 746 καὶ
1007 679 1076 744 τὸ
1103 677 1301 759 ἦττον,
1334 678 1536 761 ὥσπερ
1566 679 1661 744 καὶ
1695 681 2064 744 ἐναντίωσιν.
2099 680 2168 745 τὸ
2197 684 2313 765 γὰρ

611 786 696 865 μὴ
721 786 868 867 πρός
893 810 951 849 τι
975 784 1311 866 λεγόμενον
1336 779 1511 864 μέγα,
1544 783 1709 847 ἀλλὰ
1737 781 1864 847 καθ’
1894 783 2035 847 αὐτὸ
2066 785 2313 848 ἀντίκει-

615 913 712 952 ται
753 890 833 974 τῷ
879 884 1005 950 καθ’
1037 884 1179 950 αὐτὸ
1222 883 1529 971 λεγομένῳ
1571 888 1773 971 μικρᾷ·
1823 886 1918 950 καὶ
1946 887 2126 953 οὕτως
2166 884 2307 951 Ἀν-

612 991 878 1072 δρόνικος
920 987 1308 1053 διατάττεται.
1355 992 1667 1055 Πλωτῖνος
1693 990 1778 1063 δὲ,
1809 988 1947 1052 οὐδὲ
1978 987 2128 1053 εἶναι
2156 990 2311 1058 ὅλως

612 1094 758 1175 πρός
784 1118 840 1156 τι
867 1090 1027 1175 μέγα
1055 1090 1262 1173 φησὶν,
1296 1087 1435 1153 ἀλλ’
1463 1091 1685 1172 ἀκύρως
1725 1089 2016 1158 πολλάκις
2047 1092 2179 1155 ἀντὶ
2205 1095 2311 1156 τοῦ

611 1202 811 1278 μεῖζον
838 1196 906 1260 τὸ
934 1195 1090 1277 μέγα
1117 1194 1325 1278 λέγειν
1345 1195 1513 1274 ἡμᾶς.
1562 1193 1742 1259 Idem
1773 1193 1923 1259 ibid.
1950 1192 2090 1260 Fol.
2109 1196 2214 1281 36.
2233 1194 2302 1259 b:

613 1298 865 1380 Μήποτε
894 1299 959 1362 δὲ
988 1298 1177 1380 φησὶν
1207 1295 1560 1380 Ἰάμβλιχος
1600 1300 1681 1383 τῷ
1723 1295 2080 1384 Ἀνδρονίκῳ
2125 1323 2304 1362 κατα-

610 1405 937 1479 κολουθῶν,
965 1400 1035 1464 τὸ
1062 1399 1221 1483 μέγα
1264 1400 1359 1463 καὶ
1386 1399 1614 1481 μικρὸν,
1651 1399 1746 1463 καὶ
1774 1399 1842 1463 τὸ
1867 1399 2024 1464 πολὺ
2053 1400 2148 1464 καὶ
2176 1402 2304 1465 ὀλί-

609 1530 742 1588 γον,
773 1504 844 1568 οὖ
871 1505 1059 1584 μόνον
1097 1503 1243 1585 πρός
1286 1528 1341 1567 τι
1384 1501 1568 1576 ἐστὶν,
1600 1503 1764 1567 ἀλλὰ
1808 1504 1904 1567 καὶ
1944 1503 2141 1567 ποσὸν
2178 1504 2303 1585 ἄρι-

614 1632 780 1671 στον.
826 1608 973 1671 ὅταν
1000 1608 1116 1688 γὰρ
1144 1604 1418 1687 λέγωμεν
1444 1604 1621 1687 μέγα,
1652 1605 1848 1670 ποσὸν
1878 1606 2158 1687 ἀόριστον
2202 1609 2301 1685 δη-

610 1714 851 1790 λοῦμεν·
896 1710 966 1774 οὗ
995 1711 1110 1792 γὰρ
1141 1712 1418 1788 δηλοῦται
1452 1709 1621 1794 πόσῳ
1645 1704 1682 1787 ἢ
1713 1708 1827 1772 τίνι
1867 1706 2108 1790 μεγέθει
2148 1707 2306 1791 μέγα

612 1812 802 1889 ἐστὶν,
831 1812 869 1890 ἠ
897 1812 1067 1897 πόσῳ
1095 1809 1311 1890 πλήθει
1337 1811 1511 1875 πολύ.
1558 1811 1704 1875 ὅταν
1734 1812 1799 1875 δὲ
1840 1816 2039 1891 μεῖζον
2076 1812 2172 1876 καὶ
2208 1837 2301 1892 μι-

612 1916 890 1998 κρότερον
931 1914 1224 1997 λέγωμεν,
1266 1917 1416 1979 κατὰ
1456 1914 1565 1995 τὴν
1609 1913 1755 1996 πρὸς
1798 1915 2042 1994 ἄλληλα
2087 1915 2306 2000 σχέσιν

612 2022 937 2100 θεωρεῖται.
968 2018 1002 2080 6
1033 2016 1100 2081 δέ
1127 2041 1201 2099 γε
1226 2014 1647 2098 Ἀριστοτέλης
1674 2020 1822 2081 κατὰ
1848 2016 1916 2081 τὸ
1946 2019 2092 2099 πρός
2118 2043 2175 2082 τι
2200 2020 2306 2099 μό-

613 2148 720 2187 νον
740 2119 807 2186 r&
830 2120 987 2204 μέγα
1017 2121 1112 2185 καὶ
1140 2117 1209 2185 τὸ
1232 2120 1440 2202 μικρὸν
1470 2121 1821 2202 ἐθεώρησεν,
1847 2121 2049 2202 ὥσπερ
2071 2122 2104 2184 6
2129 2124 2306 2184 Πλω-

610 2230 769 2293 τῖνος
797 2228 945 2289 κατὰ
974 2222 1039 2288 τὸ
1066 2226 1268 2291 ἁπλῶς
1297 2224 1335 2264 ⁸*
1344 2224 1531 2303 μόνον
1562 2225 1885 2306 (*ποσόν).
1926 2221 1995 2286 τὸ
2018 2226 2133 2304 γὰρ
2161 2224 2307 2304 πρός

611 2353 667 2391 τι
692 2325 870 2409 μέγα,
902 2326 1034 2390 ἀντὶ
1060 2329 1167 2390 τοῦ
1187 2330 1388 2406 μεῖζον
1415 2326 1713 2407 λέγεσθαί
1734 2332 1902 2407 φησι.
1977 2327 2069 2389 Et
2095 2323 2309 2412 paullo

611 2428 893 2509 inferius,
930 2450 1072 2492 cum
1122 2427 1488 2494 sententiam
1536 2426 1865 2492 Iamblichi
1908 2426 2176 2516 explicat
2199 2452 2310 2492 :—

611 2533 898 2612 βούλεται
937 2533 1005 2596 δὲ
1047 2533 1086 2595 6
1135 2536 1292 2599 θεῖος
1332 2528 1685 2613 Ἰάμβλιχος
1728 2532 1804 2594 τᾶ,
1842 2532 1956 2611 μὲν
2002 2528 2128 2594 καθ’
2159 2532 2307 2595 αὑτᾶ

610 2634 767 2719 μέγα
810 2634 907 2698 καὶ
939 2631 1168 2715 μικρὸν,
1201 2633 1298 2697 καὶ
1325 2632 1483 2696 πολὺ
1512 2633 1609 2696 καὶ
1646 2633 1879 2715 ὀλίγον,
1913 2634 1982 2696 ἐν
2009 2638 2131 2700 τοῖς
2175 2631 2302 2698 καθ’

614 2740 762 2803 αὐτὰ
789 2736 886 2801 καὶ
916 2733 1121 2803 ἀύλοις
1152 2737 1337 2800 εἴδεσι
1366 2738 1733 2816 θεωρεῖσθαι,
1764 2738 1839 2799 τὰ
1879 2736 1992 2815 μὲν
2023 2738 2170 2800 κατὰ
2196 2735 2306 2817 τὴν

611 2839 910 2923 ὑπεροχὴν
939 2842 1040 2917 τῆς
1067 2837 1381 2918 δυνάμεως,
1413 2840 1489 2901 τὰ
1522 2838 1587 2901 δὲ
1624 2840 1776 2901 κατὰ
1818 2833 1887 2902 τὸ
1926 2840 2151 2916 πλῆθος
2187 2843 2305 2902 τῶν

615 2947 884 3025 καθαρῶν
909 2942 1133 3024 λόγων.
1165 2938 1240 3004 τὰ
1264 2937 1329 3003 δὲ
1356 2941 1503 3022 πρός
1529 2965 1608 3014 τι,
1639 2938 1788 3021 άπερ
1819 2942 1965 3003 κατὰ
1993 2940 2306 3022 σύγκρισιν

612 3044 857 3128 λέγεται
902 3045 970 3109 ἐν
1000 3049 1122 3111 τοῖς
1166 3043 1397 3111 ἐνύλοις
1438 3044 1605 3126 ὁρᾷν,
1638 3044 1707 3106 ἐν
1734 3042 1821 3110 οῖς
1850 3042 1946 3106 καὶ
1972 3040 2041 3105 τὸ
2067 3046 2306 3122 μᾶλλον

617 3148 712 3212 καὶ
737 3147 939 3228 ἧττον,
972 3146 1068 3210 καὶ
1094 3146 1379 3210 τάναντία
1425 3144 1547 3224 ἅμα
1587 3142 1733 3208 κατὰ
1773 3144 1881 3224 τὴν
1917 3142 2061 3226 πρὸς
2102 3144 2307 3225 ἕτερον

615 3250 711 3316 καὶ
737 3250 942 3332 ἕτερον
971 3247 1301 3332 ἀναφοράν.
1349 3248 1701 3330 προσιόντος
1729 3244 1841 3331 γὰρ
1868 3250 1974 3311 τοῦ
2013 3248 2200 3315 εἴδους
2236 3249 2307 3328 τῇ

613 3356 726 3434 ὕλῃ
755 3353 1072 3434 σύμμικτός
1108 3377 1195 3419 τις
1234 3349 1331 3416 ἀπ’
1364 3352 1590 3433 ἀμφοῖν
1618 3352 1844 3432 γίνεται
1871 3351 2127 3430 δύναμις.
2178 3347 2303 3414 καθ’

615 3460 765 3522 ὅσον
810 3456 921 3538 μὲν
958 3454 1071 3538 γὰρ
1114 3453 1565 3536 μεταλαμβάνει
1610 3457 1715 3518 τοῦ
1758 3456 1967 3533 εἴδους,
2009 3455 2308 3532 ὁμοιοῦται

612 3558 755 3642 πρὸς
796 3556 956 3635 αὐτὸ,
1004 3558 1101 3623 καὶ
1145 3559 1374 3640 γίνεται
1416 3556 1574 3622 πολὺ
1614 3557 1711 3620 καὶ
1752 3554 1910 3637 μέγα
1951 3552 2019 3619 τὸ
2058 3556 2301 3620 ἄνυλον.

617 3659 764 3726 κατὰ
801 3660 871 3726 δὲ
905 3661 1013 3741 τὴν
1040 3661 1263 3725 οἰκείαν
1292 3660 1583 3742 ἀπειρίαν,
1614 3662 1785 3724 τοῦτο
1813 3663 2052 3739 μᾶλλον
2082 3659 2175 3722 καὶ
2202 3657 2304 3738 ἧτ-

616 3788 740 3837 τον,
769 3764 866 3827 καὶ
892 3767 992 3843 τῆς
1018 3763 1163 3844 πρός
1191 3787 1247 3826 τι
1275 3761 1564 3846 σχέσεως,
1592 3762 1686 3826 καὶ
1712 3766 1814 3842 τῆς
1842 3762 1940 3826 ἐπὶ
1967 3760 2042 3826 τὰ
2066 3762 2308 3827 ἐναντία

616 3871 954 3949 μεταβολῆς
1007 3865 1473 3947 μεταλαμβάνει.
1561 3867 1790 3931 Τούτου
1847 3866 1918 3946 δὴ
1965 3866 2073 3930 οὖν
2122 3874 2309 3949 φησιν

620 3968 1059 4053 (lamblichus,
1110 3967 1458 4055 obloquens
1510 3967 1763 4033 Plotino
1815 3966 1896 4032 de
1952 3967 2311 4033 definitione

616 4071 857 4159 magni)
888 4074 1070 4139 οὕτως
1112 4071 1374 4154 ἔχοντος,
1405 4071 1511 4136 οὐκ
1554 4073 1738 4153 ὀρθῶς
1777 4069 2311 4151 ὑπολαμβάνουσιν

616 4177 674 4239 οὶ
701 4177 903 4241 ἅπλῶς
930 4178 1113 4238 ταῦτα
1137 4172 1334 4238 πάντα
1359 4174 1676 4256 ἡγούμενοι
1701 4172 2011 4255 λέγεσθαι,
2044 4175 2246 4257 ὥσπερ
2275 4176 2308 4238 6

619 4282 951 4344 mortuos.
997 4276 1094 4340 καὶ
1121 4273 1233 4358 γὰρ
1260 4276 1298 4357 ἡ
1327 4276 1611 4356 συνήθεια
1640 4276 1737 4340 ἐπὶ
1763 4281 1881 4341 τῶν
1907 4274 2053 4359 πρός
2080 4302 2136 4341 τι
2163 4285 2310 4341 πολ-

618 4378 788 4447 λάκις
814 4380 1010 4446 αὐτοῖς
1035 4382 1266 4462 χρῆται,
1301 4379 1395 4442 καὶ
1424 4381 1482 4443 οἱ
1512 4378 1767 4463 κέγχρον
1794 4377 2068 4463 μεγάλην
2096 4378 2309 4461 λέγον-

619 4507 715 4549 τες
743 4485 892 4547 κατὰ
919 4481 1027 4561 τὴν
1056 4479 1202 4563 πρὸς
1227 4480 1295 4544 τὸ
1325 4482 1607 4564 ὁμογενὲς
1635 4482 1966 4564 σύγκρισιν,
1990 4483 2067 4548 ὣς
2091 4482 2160 4546 τὸ
2188 4488 2313 4563 μεῖ-

620 4593 720 4660 ζον
747 4585 1071 4664 δηλούσαν,
1104 4586 1252 4647 κατὰ
1288 4582 1357 4647 τὸ
1398 4585 1545 4665 πρός
1585 4609 1642 4648 τι
1684 4583 1989 4666 λέγουσιν·
2037 4585 2201 4649 ἀλλὰ
2241 4584 2310 4648 τὸ

619 4686 891 4769 μέγεθός,
923 4695 1111 4770 φησιν
1140 4688 1174 4750 6
1205 4666 1533 4761 Πλωτῖνος,
1566 4686 1672 4752 οὔκ
1715 4685 1846 4751 ἔστι
1888 4692 2004 4751 τῶν
2044 4693 2193 4769 πρός
2233 4713 2308 4763 τι,

622 4791 785 4854 ἀλλὰ
811 4788 879 4852 τὸ
907 4794 1127 4869 μεῖζον,
1161 4789 1361 4870 ὥσπερ
1394 4788 1490 4852 καὶ
1518 4788 1586 4853 τὸ
1617 4787 1953 4854 διπλάσιον.
2001 4786 2038 4869 ἢ
2068 4790 2181 4874 οὐχ
2210 4792 2308 4854 οὕ-

620 4916 732 4957 τως
775 4889 939 4973 ἔχει,
987 4891 1263 4955 διατείνει
1297 4893 1412 4973 γὰρ
1439 4891 1476 4970 ἡ
1506 4896 1611 4955 τοῦ
1641 4890 1928 4974 μεγέθους
1971 4892 2170 4957 ἔννοια
2213 4895 2317 4958 ἐπί

621 5018 686 5057 τε
712 4996 788 5057 τὰ
818 4990 942 5057 καθ’
976 4995 1156 5057 ἑαυτὰ
1179 4991 1423 5075 μεγέθη,
1456 4994 1552 5057 καὶ
1579 4997 1655 5058 τὰ
1681 4993 1826 5077 πρὸς
1868 4996 2130 5073 ἄλληλα.
2173 4996 2312 5060 οὐδὲ

622 5101 735 5180 γὰρ
764 5096 840 5161 ἂν
866 5101 1066 5176 μεῖζον
1095 5095 1340 5179 ἐλέγετο
1367 5098 1449 5178 μὴ
1473 5098 1730 5183 μετέχον
1756 5102 1861 5163 τοῦ
1886 5098 2190 5182 μεγέθους,
2216 5100 2313 5164 καὶ

621 5201 1000 5281 παραδηλοῦν
1027 5198 1135 5276 τὴν
1163 5202 1310 5263 κατὰ
1348 5199 1417 5263 τὸ
1454 5199 1706 5283 μέγεθος
1751 5200 2071 5283 ὑπεροχήν.
2113 5200 2313 5268 Ἀλλὰ

622 5303 697 5364 τὰ
739 5298 941 5364 πολλά
983 5308 1175 5383 φασιν
1206 5329 1256 5365 κ.
1283 5327 1333 5364 τ.
1353 5309 1416 5367 λ.
1503 5302 1722 5389 Pergit
1764 5301 1910 5367 inde
1957 5303 2311 5391 Simplicius

620 5401 702 5467 ad
745 5400 1008 5467 aliorum
1053 5402 1443 5484 seutentiam,
1483 5428 1688 5492 neque
1730 5404 1810 5470 ad
1855 5404 2166 5471 Plotinum
2211 5429 2306 5471 re-

621 5519 905 5570 vertitur.

3966 531 4089 601 35¹

2483 702 2547 767 p.
2590 700 2618 744 1
2637 680 2776 760 148,
2810 701 2874 764 9.
2924 683 3109 747 καίτοι
3139 682 3234 746 καὶ
3263 681 3450 747 καλὸν
3486 684 3837 766 λεγόμενον,
3869 687 4087 769 φανείη

2397 783 2473 847 ἂν
2498 781 2644 866 πρὸς
2672 784 2827 847 ἄλλο
2859 784 3130 868 αἰσχρὸν,
3163 786 3293 849 οῖον
3325 786 3632 869 ἀνθρώπου
3679 786 3900 856 κάλλος
3939 788 4088 874 πρὸς

2396 889 2568 949 θεῶν·
2611 885 2875 966 πιθήκων
2903 889 3092 969 φησὶν
3119 889 3153 951 6
3183 888 3502 957 κάλλιστος
3530 889 3779 973 αἰσχρὸς
3806 891 4081 972 συμβάλ-

2391 994 2526 1051 λειν
2564 986 2741 1073 ἑτέρῳ
2784 986 3002 1076 γένει]
3052 989 3306 1055 Laudat
3335 990 3622 1057 Plotinus
3651 993 3841 1058 verba
3873 993 4080 1059 Plato-

2392 1088 2510 1169 nis,
2539 1088 2638 1153 vel
2675 1089 2883 1177 potius
2913 1091 3219 1156 Heracliti
3264 1093 3436 1180 apud
3468 1095 3785 1161 Platonem
3812 1095 3878 1161 in
3912 1096 4079 1185 Hip-

2392 1190 2498 1280 pia
2525 1192 2673 1278 maj.
2707 1214 2768 1279 p.
2796 1193 2941 1279 289.
2962 1217 3018 1258 a.
3052 1216 3114 1281 p.
3139 1196 3289 1276 426.
3322 1196 3522 1262 Bekk.
3614 1199 3941 1287 Integrum
3980 1198 4077 1266 lo-

2392 1316 2534 1359 cum
2580 1317 2930 1383 apponam:
2979 1296 3142 1363 Εἶεν.
3188 1297 3490 1378 μανθάνω,
3522 1297 3569 1363 ὦ
3594 1299 3815 1377 Ἱππία,
3847 1304 3924 1371 ὡς
3967 1304 4083 1385 ἄρα

2391 1399 2507 1483 χρὴ
2532 1400 2682 1480 ἡμᾶς
2710 1399 3047 1482 ἀντιλέγειν
3072 1398 3218 1483 πρὸς
3245 1399 3350 1466 τὸν
3377 1406 3561 1466 ταῦτα
3593 1405 3894 1484 ἐρωτῶντα
3915 1405 4075 1470 τάδε·

2391 1498 2438 1564 ὦ
2467 1502 2761 1584 ἄνθρωπε,
2784 1503 3039 1584 ἀγνοεῖς,
3065 1504 3157 1567 ὅτι
3184 1501 3252 1567 τὸ
3282 1509 3386 1568 τοῦ
3411 1502 3806 1586 Ἡρακλείτου
3833 1508 3899 1571 εὖ
3927 1507 4074 1591 ἔχει,

2392 1605 2470 1672 ὥς
2499 1606 2614 1686 ἄρα
2640 1604 2900 1684 πιθήκων
2930 1608 2963 1670 6
2995 1605 3312 1674 κάλλιστος
3341 1606 3587 1690 αἰσχρὸς
3614 1609 3953 1695 ἀνθρωπείῳ
3983 1608 4083 1692 γέ-

2391 1732 2481 1771 νει
2507 1706 2905 1788 συμβάλλειν,
2933 1709 3027 1772 καὶ
3053 1714 3284 1792 χυτρῶν
3304 1710 3340 1789 ἡ
3364 1710 3658 1791 καλλίστη
3688 1712 3910 1794 αἰσχρὰ
3935 1737 4083 1794 παρ-

2390 1808 2581 1874 θένων
2608 1809 2773 1892 γένει
2800 1810 3198 1891 συμβάλλειν,
3224 1812 3303 1879 ὥς
3326 1820 3515 1895 φησιν
3540 1811 3776 1881 Ἱππίας
3803 1816 3836 1877 6
3866 1816 4076 1897 σοφός.

2392 1912 2498 1976 Ita
2527 1911 2853 1978 Bekkerus
2888 1912 3081 1977 edidit
3110 1912 3191 1977 de
3217 1915 3572 2001 conjectura
3603 1914 3986 2003 Sydenbami
4013 1934 4079 1981 et

2388 2013 2470 2079 de
2495 2015 2848 2081 Heindorfii
2868 2014 3135 2103 judicio,
3158 2015 3268 2103 qui
3290 2039 3425 2080 eam
3456 2016 3872 2083 indubitatam
3894 2018 4071 2083 dicit:

2393 2124 2437 2156 “
2467 2118 2695 2183 Nescio
2748 2141 2828 2183 an
2886 2132 3140 2206 proestet
3196 2120 3578 2202 ἀνθρώπων,”
3629 2119 3956 2186 Bekkerus
4012 2121 4076 2186 in

2392 2220 2868 2285 Commentariis
2895 2220 3123 2287 criticis
3150 2220 3344 2287 addit.
3421 2223 3544 2287 Sed
3573 2245 3785 2289 omnes
3816 2222 4079 2290 Codices

2394 2320 2675 2387 Platonis
2701 2323 3095 2388 consentiunt
3123 2323 3186 2387 in
3217 2325 3385 2411 ἄλλῳ
3414 2324 3614 2406 γένειε
3662 2338 3725 2389 et
3753 2348 3902 2390 vero
3932 2325 4080 2391 Plo-

2392 2424 2591 2490 tinum
2623 2425 2686 2490 in
2718 2449 2832 2491 suo
2855 2425 3118 2491 Platone
3144 2426 3235 2492 ita
3262 2425 3479 2515 legisse
3506 2427 3715 2515 arguit
3742 2428 3956 2516 ipsius,
3980 2443 4080 2493 ut-

2390 2542 2536 2615 pote
2565 2529 2919 2594 memoriter
2951 2529 3084 2594 haec
3113 2528 3394 2594 citantis:
3444 2530 3621 2617 ἑτέρῳ
3648 2530 3835 2613 γένει.
3900 2530 4080 2596 Simi-

2389 2629 2530 2694 liter
2561 2628 2725 2695 idem
2754 2631 2956 2697 firmat
2998 2630 3318 2697 lectionem
3365 2631 3774 2720 plurimorum
3808 2633 4080 2699 Platonis

2388 2732 2676 2798 codicum
2714 2733 3094 2814 συμβάλλειν
3135 2757 3248 2821 pro
3290 2736 3934 2816 συμβαλεῖν.-Οιιοά
3976 2759 4075 2804 ar-

2387 2849 2690 2922 gumento
2733 2834 2834 2916 sit,
2877 2834 2975 2900 vel
3018 2836 3104 2901 ad
3146 2836 3417 2902 criticam
3461 2836 3863 2903 factitandam
3905 2838 4080 2905 baud

2390 2936 2693 3003 inutiliter
2734 2940 3078 3027 comparari
3128 2939 3441 3006 Plotinum
3486 2963 3631 3005 cum
3679 2940 3964 3022 Platone,
4009 2959 4083 3009 ut

2380 3039 2516 3129 jam
2546 3039 2627 3105 de
2654 3040 3159 3129 interpretatione
3197 3042 3351 3107 nihil
3380 3042 3676 3109 dicamus.
3766 3046 4083 3111 Caeterum

2392 3142 2527 3208 baec
2572 3143 2910 3210 admonent
2939 3145 3133 3211 Ennii
3174 3147 3345 3234 apud
3376 3147 3736 3213 Ciceronem
3775 3147 3856 3213 de
3885 3149 3969 3213 N.
3989 3150 4077 3214 D.

2484 3267 2724 3411 3⁸Simia
2751 3372 2925 3430 quam
2954 3353 3174 3425 similis,
3204 3353 3534 3430 turpissima
3558 3355 3761 3425 bestia,
3790 3357 3996 3417 nobis!

2388 3455 2473 3520 ad
2499 3478 2689 3544 quem
2734 3454 2942 3521 locum
2977 3472 3040 3520 et
3079 3456 3199 3521 alia
3227 3470 3290 3520 et
3319 3456 3521 3543 ipsum
3553 3457 3833 3525 Platonis
3872 3460 4079 3527 locum

2390 3559 2794 3648 apposuimus
2821 3583 2886 3647 p.
2913 3561 3052 3624 161.
3083 3558 3186 3623 ed.
3219 3574 3411 3623 nostr.
3440 3573 3505 3623 et
3533 3559 3790 3625 Mooeri.

2478 3685 2542 3747 p.
2574 3679 2760 3748 1150,
2793 3679 2854 3744 7.
2897 3660 2985 3727 Τὸ
3026 3663 3139 3742 μὲν
3182 3662 3288 3726 οὖν
3331 3665 3583 3745 συνεχὲς
3626 3690 3678 3725 κ.
3697 3688 3748 3727 τ.
3774 3664 3868 3753 λ.]
3918 3664 4075 3730 Sim-

2393 3763 2534 3853 plic.
2569 3763 2633 3827 in
2664 3762 2921 3829 Aristot.
2953 3765 3214 3850 Categg.
3253 3786 3318 3851 p.
3348 3783 3458 3849 33.
3492 3787 3567 3828 a:
3616 3764 3785 3833 οὗτος
3824 3768 3937 3847 μὲν
3974 3769 4083 3834 οὖν

2392 3868 2582 3934 ἄλλος
2622 3867 2825 3949 λόγων
2862 3868 3096 3949 τρόπος,
3130 3867 3209 3934 ὡς
3248 3868 3281 3930 6
3321 3871 3479 3937 θεῖος
3518 3865 3868 3952 Ἰάμβλιχός
3906 3878 4079 3953 φησι.

2393 3970 2547 4051 Περὶ
2591 3970 2657 4033 δὲ
2698 3973 2804 4033 τοῦ
2852 3973 3171 4050 μοναδικοῦ
3220 3970 3469 4052 ἀριθμοῦ
3509 3974 3780 4052 διαπορεῖ
3818 3971 4004 4038 πάλιν
4045 3977 4080 4038 6

2395 4077 2724 4147 Πλωτῖνος,
2756 4070 2881 4136 καθ’
2914 4072 2987 4136 ὃν
3027 4070 3206 4137 πέντε
3249 4073 3418 4137 ἵπποι
3460 4077 3831 4156 θεωροῦνται,
3874 4077 3973 4141 καὶ
4009 4080 4085 4141 τᾶ,

2395 4175 2561 4238 ἄλλα
2603 4175 2879 4242 ὡσαύτως
2928 4178 3076 4239 κατὰ
3121 4176 3407 4240 σύνθεσιν
3449 4176 3723 4257 μονάδων
3766 4184 4080 4261 μετρεῖται,

2394 4276 2647 4362 πότερον
2692 4277 3028 4363 ἐνυπάρχει,
3073 4276 3112 4358 ἢ
3154 4279 3332 4364 χωρὶς
3380 4278 3465 4345 ὢν
3503 4286 3722 4363 μετρεῖ,
3767 4286 3932 4347 ποσὰ
3977 4283 4086 4348 οὐκ

2397 4380 2568 4445 ἔσται
2605 4380 2679 4445 τὰ
2716 4382 3093 4460 ὑποκείμενα,
3126 4381 3205 4462 μὴ
3231 4381 3563 4466 μετέχοντα
3590 4388 3694 4448 τοῦ
3720 4389 3929 4450 ποσοῦ.
3977 4386 4080 4451 ἔπ-

2398 4509 2525 4548 ειτα
2566 4483 2752 4565 μέτρα
2777 4484 2889 4563 μὲν
2915 4483 3068 4548 ἔστω
3098 4482 3173 4547 τὰ
3203 4483 3608 4567 κεχωρισμένα
3636 4487 3714 4553 ὡς
3738 4492 4080 4569 μετροῦντα,

2397 4583 2492 4650 διὰ
2535 4586 2598 4649 τί
2634 4611 2831 4659 ποσα;
2878 4585 2916 4664 ἦ
2953 4583 3067 4668 γὰρ
3112 4585 3514 4666 αὖτοποσότης
3559 4587 3629 4652 οὗ
3672 4587 3906 4658 πάντως
3955 4593 4084 4656 ἐστὶ

2394 4685 2610 4754 ποσόν.
2658 4691 2828 4752 τοῦτο
2876 4688 2941 4750 δὲ
2986 4687 3154 4755 αὐτὸς
3194 4690 3307 4769 μὲν
3344 4690 3526 4764 λύων,
3556 4692 3609 4754 εἰ
3647 4692 3714 4755 ἐν
3749 4697 3871 4759 τοῖς
3913 4694 4084 4759 οὖσιν

2396 4793 2564 4858 ὄντες
2590 4790 2778 4874 φησὶν
2805 4791 2864 4854 οἱ
2892 4790 3125 4871 ἀριθμοὶ
3170 4792 3252 4858 είς
3290 4795 3577 4873 μηδεμίαν
3605 4793 3803 4871 ἄλλην
3830 4819 4078 4878 κατηγο-

2393 4895 2529 4975 ρίαν
2558 4891 2906 4975 ἀνάγονται,
2936 4891 3125 4958 ποσὸν
3154 4893 3230 4957 ἀν
3259 4892 3401 4958 εἶεν.
3446 4895 3480 4957 6
3525 4896 3590 4957 δὲ
3630 4892 3980 4979 Ἰάμβλιχος
4024 4926 4079 4962 κ.

2396 5021 2450 5060 τ.
2468 5004 2531 5061 λ.
2622 4998 2936 5061 Caeterum
2978 4995 3060 5060 cf.
3106 4995 3191 5060 ad
3234 4995 3423 5060 verba
3463 5001 3793 5076 μοναδικῶν
3821 4999 4082 5080 ἀριθμῶν

2396 5101 2660 5164 τίθεσθαι
2702 5122 2765 5184 p.
2792 5099 2943 5184 569.
2977 5120 3036 5163 a.
3059 5098 3120 5163 b.
3153 5098 3264 5163 inf.
3340 5098 3580 5187 Tangit
3609 5115 3945 5185 utrumque
3987 5101 4076 5167 lo·

2392 5224 2535 5266 cum
2584 5200 2939 5289 Simplicius
2970 5200 3008 5265 l.
3035 5224 3091 5267 c.
3122 5199 3234 5266 fol.
3259 5220 3368 5287 32.
3391 5201 3457 5267 b.
3532 5200 3738 5266 Verba
3782 5202 4082 5291 Simplicii

2398 5327 2590 5392 supra
2616 5304 2900 5392 apposita
2926 5318 3068 5369 sunt
3098 5327 3162 5391 p.
3183 5307 3330 5391 569.

2482 5445 2572 5457 —
2594 5427 2690 5493 15.
2725 5410 2806 5475 εἷς
2834 5409 2956 5486 εἴδη
2984 5405 3388 5489 διαιρουμένου
3418 5403 3603 5488 δόξει]
3634 5405 3781 5471 Post
3807 5407 3943 5475 baec
3971 5425 4081 5477 aut

2301 5580 2306 5585 ,
2397 5508 2781 5589 addendum,
2832 5524 2944 5575 aut
2999 5523 3165 5574 certe
3214 5507 3686 5598 intelligendum
3740 5509 3909 5589 εἶναι,
3963 5515 4076 5581 nisi
