5118 6613
1076 525 1155 587 68

1078 698 1321 777 ἀγαθοῖς
1360 698 1510 774 μετὰ
1554 694 1855 776 ῥαστώνης
1901 694 1934 755 ὁ
1979 694 2114 773 βίος
2158 693 2252 757 καὶ
2296 691 2618 774 ἀπράγμων
2663 691 2757 754 καὶ

1078 799 1318 863 ἄλυπος.
1407 794 1521 859 Ad
1578 794 1939 859 sententiam
2000 808 2241 859 autem:
2290 796 2460 858 Deos
2497 809 2562 858 et
2616 816 2760 880 quae

1082 901 1361 965 Deorum
1394 898 1515 962 sint
1544 897 1711 961 omni
1740 920 1817 960 ex
1847 911 2023 983 parte
2051 897 2285 985 optime
2314 920 2377 961 se
2405 896 2655 975 habere,
2676 896 2758 961 cf.

1080 1001 1274 1089 ipsius
1318 1000 1595 1066 Platonis
1631 1000 1947 1087 disputata
1983 998 2062 1064 de
2107 999 2382 1087 Republ.
2431 1001 2527 1063 11.
2564 1017 2668 1064 20.
2698 1021 2764 1086 p.

1084 1104 1234 1190 381.

1170 1230 1232 1294 p.
1264 1226 1405 1291 139,
1424 1226 1490 1291 3.
1537 1208 1819 1270 Λείπεται
1847 1207 2048 1270 τοίνυν
2078 1233 2130 1270 κ.
2154 1231 2203 1267 τ.
2223 1206 2312 1290 λ.]
2353 1204 2654 1293 Disputat
2691 1203 2770 1268 de

1087 1307 1183 1373 his
1211 1323 1274 1373 et
1308 1308 1708 1395 sequentibus
1751 1307 2012 1372 decretis
2056 1307 2442 1371 Tiedemann
2488 1308 2552 1370 in
2593 1306 2773 1372 Geist

1087 1411 1199 1476 der
1227 1411 1452 1499 specul.
1486 1409 1884 1497 Philosophie
1916 1412 2056 1474 III.
2086 1433 2148 1499 p.
2172 1430 2317 1496 330.
2351 1434 2488 1497 sqq.
2517 1433 2769 1497 compa-

1088 1537 1231 1579 rans
1261 1516 1403 1578 III.
1431 1530 1578 1599 2.5.
1609 1529 1673 1579 et
1723 1534 1819 1577 11.
1867 1513 2011 1578 III.
2036 1533 2093 1581 2.
2124 1533 2224 1577 11.
2272 1515 2410 1577 111.
2438 1534 2500 1597 3.
2528 1533 2592 1599 3.
2671 1512 2769 1577 Si-

1088 1616 1258 1681 milia
1301 1616 1665 1681 Plotinianis
1706 1615 1968 1680 decretis
2005 1617 2086 1680 de
2122 1615 2287 1679 malo
2313 1638 2389 1679 ex
2423 1617 2770 1679 Persarum

1087 1720 1261 1784 libris
1322 1719 1594 1797 SsuficiS‚
1631 1719 1905 1805 itemque
1948 1742 2026 1782 ex
2072 1719 2380 1782 Indorum
2423 1717 2665 1804 scriptis
2705 1719 2770 1783 in

1089 1822 1359 1887 medium
1392 1823 1630 1910 profert
1661 1821 1978 1887 Tholuck.
2009 1821 2075 1884 in
2118 1820 2349 1885 Libro:
2400 1823 2527 1886 Seu
2610 1844 2769 1900 mus,

1088 1928 1223 1990 aive
1260 1926 1649 2014 Theosophia
1678 1926 2025 1990 Persarum
2052 1924 2504 2001 Pantheistica,
2535 1947 2600 2011 p.
2626 1943 2770 2008 254.

1091 2053 1223 2116 sqq.
1250 2052 1453 2116 neque
1480 2027 1767 2115 Dionysii
1796 2026 2221 2113 Areopagitae,
2253 2026 2364 2112 qui
2392 2026 2640 2105 dicitur,
2664 2027 2773 2090 ob-

1089 2130 1261 2209 litus,
1291 2131 1402 2217 qui
1430 2154 1571 2218 pag.
1594 2151 1744 2215 494.
1772 2129 1869 2193 ed.
1905 2129 2195 2194 Cotelerii
2223 2129 2332 2208 ita,
2361 2129 2466 2193 οὐκ
2494 2130 2610 2211 ἄρα
2637 2131 2773 2194 οὔτε

1092 2236 1159 2299 ἑν
1188 2236 1424 2314 δαίμοσι
1454 2235 1588 2297 οὔτε
1616 2235 1683 2297 ἐν
1712 2234 1849 2313 ἡμῖν
1875 2232 1942 2295 τὸ
1972 2233 2168 2306 κακὸν,
2194 2233 2270 2299 ὦς
2300 2230 2371 2296 ὃν
2401 2233 2599 2305 κακὸν,
2632 2230 2768 2295 ἀλλ’

1093 2338 1170 2404 ὡς
1197 2336 1472 2418 ἔλλειψις
1510 2336 1605 2398 καὶ
1643 2336 1851 2416 ἐρημία
1884 2337 1984 2412 τῆς
2021 2340 2138 2398 τῶν
2167 2336 2397 2399 οἰκείων
2425 2337 2647 2416 ἀρετῶν
2675 2359 2769 2398 τε-

1091 2440 1405 2518 λειότητος.
1464 2438 1568 2502 Cf.
1597 2437 1680 2501 ib.
1712 2460 1776 2525 p.
1797 2454 1947 2522 497.

1176 2578 1264 2590 —
1283 2555 1348 2625 5.
1381 2540 1485 2621 Μὴ
1516 2540 1741 2605 ὂν-οὕ
1771 2566 1828 2604 τι
1856 2540 1924 2603 τὸ
1964 2547 2269 2608 παντελῶς
2292 2540 2372 2620 μὴ
2400 2540 2501 2627 ὄν]
2535 2540 2775 2604 Prima-

1091 2645 1253 2708 rium
1283 2642 1603 2708 decretum
1631 2656 1694 2707 et
1722 2666 1801 2706 ex
1827 2642 2034 2706 media
2064 2643 2462 2729 antiquorum
2504 2641 2777 2725 philoso-

1093 2743 1365 2832 phorum
1408 2741 1689 2806 doctrina
1736 2740 2160 2827 desumptum,
2195 2740 2274 2805 de
2316 2765 2445 2827 quo
2488 2741 2672 2806 Plato
2713 2742 2779 2805 in

1096 2844 1463 2910 Par-menide
1490 2843 1748 2929 aliisque
1787 2843 2088 2930 Dialogis,
2121 2842 2487 2908 Aristoteles
2513 2844 2582 2908 in
2612 2844 2782 2932 Phy-

1095 2948 1233 3013 sicis
1261 2961 1325 3011 et
1354 2946 1803 3033 Metaphysicis
1823 2946 2162 3033 disputant.
2251 2947 2405 3010 Non
2434 2969 2542 3010 ens
2572 2962 2782 3011 autem

1095 3050 1249 3139 quid
1295 3050 1394 3129 sit,
1427 3048 1813 3114 solummodo
1856 3072 1932 3112 ex
1976 3049 2302 3128 contrario,
2331 3051 2521 3123 Ente,
2562 3049 2786 3114 intelli-

1093 3156 1304 3243 gitur;
1350 3151 1430 3217 de
1487 3175 1616 3238 quo
1670 3152 1817 3216 alibi
1871 3151 2115 3240 copiose
2168 3152 2425 3240 exponit
2473 3152 2780 3218 PlotinuS.

1097 3256 1239 3322 Vid.
1271 3279 1410 3321 v.c.
1437 3256 1580 3320 III.
1605 3255 1661 3320 8.
1686 3276 1748 3341 9.
1781 3255 1899 3321 IV.
1933 3274 1991 3338 7.
2024 3275 2119 3338 14.
2168 3256 2281 3320 VI.
2301 3277 2365 3337 4.
2397 3274 2454 3322 2.
2487 3257 2610 3320 VI.
2632 3277 2694 3342 9.
2723 3274 2782 3322 2.

1098 3360 1361 3425 Proclus
1388 3359 1453 3424 in
1483 3358 1692 3423 Alcib.
1723 3382 1816 3447 pr.
1842 3382 1909 3445 p.
1933 3377 2033 3424 22.
2068 3360 2162 3424 καὶ
2188 3360 2305 3440 μὴν
2329 3362 2425 3423 καὶ
2452 3361 2484 3422 ὁ
2513 3361 2777 3439 Τίμαιος,

1096 3464 1398 3547 ἀνάλογον
1427 3469 1548 3530 τοῖς
1584 3464 1720 3526 οὖσι
1746 3465 1847 3529 τὰς
1887 3463 2138 3545 γνώσεις
2176 3464 2532 3542 διελόμενος,
2577 3461 2780 3540 νοήσει

1093 3571 1204 3647 μὲν
1229 3568 1379 3649 ἡμᾶς
1422 3567 1517 3630 καὶ
1551 3568 1716 3652 λόγῳ
1755 3565 2218 3648 παρακελεύεται
2257 3567 2330 3628 τὰ
2363 3566 2509 3629 ὄντα
2539 3566 2774 3646 κρίνειν,

1095 3673 1230 3751 δόξῃ
1261 3673 1326 3735 δὲ
1352 3670 1447 3734 καὶ
1466 3668 1740 3749 αἰσθήσει
1758 3671 1842 3732 »τᾶ
1858 3668 1937 3748 μὴ
1961 3670 2107 3731 ὄντα
2127 3668 2429 3749 γινόμενα,
2460 3668 2557 3730 καὶ
2588 3668 2774 3730 ἀπολ-

1094 3776 1340 3853 λύμενα.
1432 3773 1604 3836 Bene
1644 3770 2035 3835 Moshemius
2074 3769 2139 3833 in
2182 3769 2447 3833 Dissert.
2478 3768 2557 3833 de
2595 3770 2781 3832 Crea-

1098 3875 1263 3939 tione
1306 3896 1385 3937 ex
1428 3872 1622 3937 nihilo
1669 3876 1808 3957 §.7.
1837 3897 1900 3959 p.
1928 3874 2086 3954 164:
2138 3880 2181 3912 “
2210 3873 2276 3936 τὸ
2322 3871 2392 3936 ὂν
2434 3871 2785 3958 antiquissi-

1100 3975 1217 4040 mis
1270 3975 1638 4039 Graecorum
1687 3973 2070 4061 philosophis
2114 3975 2179 4038 id
2228 3975 2571 4052 dicebatur,
2610 3973 2783 4060 quod

1099 4078 1503 4156 immutabile,
1547 4085 1860 4153 emtam,
1884 4097 2178 4161 perenne,
2195 4079 2419 4160 fimum
2459 4092 2522 4141 et
2565 4077 2783 4162 ᾱςῘΞηὶ-

1102 4190 1234 4245 tum
1262 4193 1396 4243 est:
1442 4178 1510 4242 τὸ
1546 4179 1625 4258 μὴ
1662 4175 1733 4241 ὃν
1762 4200 1929 4255 vero,
1960 4177 2128 4265 quod
2170 4193 2338 4241 certa
2369 4190 2431 4242 et
2474 4178 2782 4243 constanti

1104 4297 1328 4348 natura
1370 4281 1543 4345 haud
1581 4278 1914 4367 praeditum
1959 4295 2075 4359 est,
2124 4279 2231 4344 sed
2273 4295 2576 4368 perpetuo
2616 4282 2779 4361 fluit,

1104 4399 1406 4462 mutatur,
1436 4382 1691 4461 labitur,
1719 4395 1782 4444 et
1811 4381 2252 4447 convertitur.”
2313 4384 2646 4461 Quomodo
2673 4408 2783 4449 au-

1103 4505 1227 4552 tem
1255 4487 1335 4567 μὴ
1356 4485 1427 4551 ὂν
1448 4485 1511 4550 11.
1533 4484 1577 4549 l.
1609 4483 1804 4571 accipi
1823 4484 1973 4549 velit
2000 4485 2307 4560 PlotinuS,
2329 4486 2460 4574 ipse
2489 4487 2784 4552 continuo

1103 4588 1387 4677 explicat.

1189 4707 1392 4774 —17.
1436 4692 1573 4755 Τίνι
1616 4691 1721 4754 οὖν
1758 4689 2085 4755 ὑποστάσει
2130 4718 2182 4754 κ.
2203 4716 2258 4754 τ.
2279 4690 2368 4774 λ.]
2419 4692 2474 4755 F
2479 4691 2553 4756 ic.
2601 4692 2787 4757 vertit

1075 4795 1547 4882 fhndamentm·
1583 4791 1852 4879 Engelh.
1884 4793 2242 4867 Summum
2288 4793 2548 4881 Taylor.
2579 4816 2782 4882 recep-

1104 4898 1274 4963 tacle.
1364 4897 1511 4983 Ego
1538 4894 1626 4959 nil
1653 4894 2052 4959 decreverim.
2130 4897 2446 4960 Caeterum
2476 4895 2604 4959 vid.
2635 4896 2790 4961 Dio-

1105 5001 1236 5066 dor.
1291 4999 1514 5063 XIII.
1555 4999 1661 5064 82.
1717 5020 1784 5084 p.
1812 5018 1952 5083 203.
2009 4997 2118 5062 ubi
2168 5013 2262 5062 est
2277 4998 2787 5083 fundanaentum

1107 5102 1342 5191 templi.
1435 5100 1539 5165 Cf.
1574 5099 1798 5187 Polyb.
1834 5102 1890 5164 Ι.
1920 5116 1979 5185 5.
2005 5120 2068 5185 3.
2104 5100 2253 5187 ibiq.
2292 5101 2581 5188 interprr.
2625 5115 2688 5166 et
2727 5102 2783 5166 1.

1107 5208 1182 5270 A.
1228 5203 1482 5270 Ernesti
1537 5202 1603 5266 in
1663 5203 1825 5267 Lex.
1878 5203 2106 5291 Polyb.
2151 5227 2214 5290 p.
2241 5207 2389 5284 640.
2439 5203 2785 5291 Schweigh.

1111 5310 1284 5376 Suid.
1309 5309 1447 5373 III.
1479 5330 1546 5394 p.
1565 5307 1716 5391 560.
1741 5328 1830 5392 sq.
1853 5305 2020 5370 unde
2043 5308 2320 5371 Zonaras
2337 5305 2548 5371 habet.
2594 5305 2787 5370 Adde

1109 5415 1422 5478 Wetsten.
1480 5409 1546 5474 in
1593 5409 1680 5473 N.
1704 5409 1790 5473 T.
1840 5408 1974 5473 Vol.
2016 5409 2119 5475 11.
2169 5433 2238 5498 p.
2262 5428 2404 5478 200.
2450 5423 2513 5474 et
2554 5408 2791 5475 Suiceri

1107 5517 1295 5582 Thes.
1324 5513 1564 5580 Eccles.
1597 5513 1699 5577 11.
1730 5534 1796 5600 p.
1824 5512 2005 5598 1398.

2032 518 2865 585 ANNOTATIONES
2931 518 3045 582 IN
3111 517 3566 584 PLOTINI

2921 710 3061 771 140,
3082 710 3179 754 10.
3208 690 3316 769 τὴν
3343 695 3449 753 τοῦ
3476 689 3682 777 κακοῦ]
3718 691 3896 753 κακοῦ
3921 709 4038 774 pro
4067 692 4254 751 καλοῦ
4281 710 4528 775 expres·

2848 809 3062 857 serunt
3090 792 3274 858 etiam
3308 791 3577 879 Engelh.
3609 806 3673 856 et
3703 789 3963 879 Taylor.
4030 789 4272 854 Eadem
4300 789 4527 855 harum

2849 918 3071 961 vocum
3099 894 3380 959 confusio
3406 894 3699 981 frequens
3727 908 3821 957 est
3847 915 3990 956 cum
4020 892 4084 955 in
4113 891 4248 956 aliis
4278 894 4532 981 scripto-

2851 999 3046 1078 ribus,
3088 1016 3225 1062 tum
3267 997 3331 1061 in
3377 997 3526 1084 ipsis
3570 995 3667 1060 his
3712 995 4139 1069 EnneadibuS,
4181 1019 4240 1058 v.
4270 1019 4325 1061 c.
4368 995 4532 1060 infra

2850 1125 2917 1189 p.
2951 1118 3094 1186 715.
3126 1102 3203 1165 B.
3250 1123 3441 1187 supra
3481 1123 3543 1187 p.
3574 1114 3682 1184 55.
3714 1101 3802 1162 D.
3854 1098 3937 1163 ad
3980 1120 4167 1185 quem
4214 1098 4421 1163 locum
4465 1098 4529 1162 111

2852 1204 3120 1269 editione
3150 1202 3663 1289 Heidelberg-ensi
3706 1201 3846 1266 libri
3882 1200 3961 1265 de
3990 1199 4425 1266 Pulcritudine
4469 1224 4530 1287 p.

2857 1326 3002 1392 293.
3031 1305 3213 1393 plura
3239 1305 3511 1370 laudavi.
3559 1304 3741 1368 Adde
3771 1303 4206 1393 Olympiodor.
4236 1303 4300 1367 in
4332 1304 4531 1369 Alcib.

2855 1433 2948 1497 pr.
3009 1432 3072 1496 p.
3129 1424 3269 1495 115.
3329 1408 3440 1473 ubi
3492 1407 3639 1472 item
3701 1410 3881 1471 κακὸν
3934 1405 4360 1494 reponendum
4421 1430 4535 1495 pro

2857 1514 3060 1576 καλόν.

2940 1651 3028 1663 —
3062 1632 3159 1678 12.
3225 1612 3352 1692 Τὴν
3403 1615 3472 1694 δὴ
3519 1612 3933 1696 ὑποκειμένην]
3981 1611 4187 1678 Vertit
4236 1611 4529 1676 Ficinus:

2854 1727 3153 1782 naturam
3183 1715 3519 1796 subditam,
3551 1739 3752 1802 neque
3783 1730 3989 1780 tamen
4030 1714 4096 1779 in
4136 1714 4310 1780 libris
4352 1716 4536 1797 φύσιν

2854 1820 3138 1907 legimus.
3182 1817 3456 1906 Engelh.
3488 1817 3801 1905 supplevit
3829 1819 4128 1897 Materie,
4158 1830 4222 1882 et
4249 1818 4379 1905 ipse
4408 1817 4536 1882 sine

2855 1922 3051 2001 libris,
3100 1944 3370 2009 quorum
3421 1921 3631 1986 nullus
3685 1924 3834 2001 ὕλην
3888 1920 4159 1985 exhibet.
4249 1922 4537 1986 Fortasse

2858 2025 3145 2091 Plotinus
3199 2023 3494 2112 cogitavit
3550 2024 3762 2088 οὐσίαν
3811 2045 3892 2086 ex
3943 2023 4368 2110 sequentibuS,
4420 2023 4536 2087 nisi

2858 2131 3042 2210 φύσιν
3070 2126 3344 2214 respexit
3371 2126 3435 2190 in
3463 2124 3979 2214 praecedentibus.

2940 2267 3028 2279 —
3061 2247 3162 2313 17.
3229 2229 3523 2309 Σωμᾶτων
3574 2231 3638 2292 δὲ
3698 2230 4252 2311 φύσις-δεύτερον
4303 2228 4529 2312 κακόν.]

2860 2332 3066 2398 Haesit
3110 2332 3175 2395 in
3217 2332 3337 2396 hoc
3382 2331 3519 2396 loco
3566 2330 4008 2418 Engelhardt.,
4052 2347 4218 2395 recte
4265 2352 4539 2409 monens,

2859 2435 3178 2501 Plotinum
3221 2433 3286 2499 in
3333 2434 3431 2499 his
3474 2434 3602 2499 duo
3630 2434 3908 2521 subjecta
3936 2433 4257 2521 cogitasse,
4288 2433 4368 2498 ad
4397 2456 4540 2520 quoe

2861 2537 3104 2625 singula
3134 2537 3412 2602 membra
3438 2536 3747 2624 alligaret:
3796 2539 3980 2619 φύσιν
4009 2551 4072 2601 et
4102 2538 4361 2617 σώματα.
4440 2539 4541 2601 Ita

2861 2657 3068 2706 autem
3113 2655 3316 2705 mutat
3357 2653 3420 2704 et
3458 2639 3639 2704 vertit
3668 2664 3682 2703 ε
3735 2647 3779 2678 “
3806 2642 3936 2704 Die
3971 2640 4195 2703 Natur
4231 2640 4343 2703 der
4379 2640 4542 2702 Kar-

2858 2766 2975 2832 ρετ
3003 2745 3172 2820 aber,
3220 2746 3291 2806 in
3332 2765 3401 2807 so
3417 2744 3590 2828 firn
3634 2744 3726 2807 sie
3770 2765 3856 2806 an
3904 2743 4014 2806 der
4043 2744 4322 2807 Materia
4362 2743 4546 2807 Thea

2863 2848 2995 2921 hat,
3026 2846 3237 2910 warde
3266 2847 3368 2909 ein
3396 2847 3609 2922 Bam,
3638 2846 3786 2908 aber
3811 2844 3983 2909 nicht
4009 2845 4125 2909 das
4166 2854 4328 2909 erate
4368 2867 4541 2932 scyra,

2866 2951 3030 3013 deun
3058 2952 3150 3013 sie
3172 2949 3283 3013 hat
3309 2949 3462 3013 doch
3490 2950 3626 3011 eine
3646 2950 3937 3035 gemisse,
3967 2969 4143 3010 wenn
4170 2948 4334 3011 auch
4373 2949 4545 3012 nicht

2867 3052 3218 3137 wahrhafle
3250 3051 3510 3129 Gestalt,
3539 3051 3675 3113 und
3715 3052 3802 3113 ist
3843 3050 3948 3113 des
3978 3051 4208 3114 Lebens
4248 3049 4420 3113 nicht
4451 3051 4544 3134 (?)

2867 3156 3143 3219 beraubt.
3230 3155 3359 3218 Die
3415 3156 3487 3215 in
3543 3152 3649 3215 ihr
3706 3153 4106 3238 bqfindlichen
4164 3150 4544 3216 Individuen

2866 3259 3015 3323 aber
3043 3257 3379 3321 verderben
3413 3255 3547 3321 sich
3583 3256 3778 3320 selber
3804 3264 3992 3320 mater
4018 3256 4318 3320 einander
4345 3253 4546 3321 durch

2868 3363 2967 3425 die
2998 3384 3118 3426 von
3145 3361 3319 3424 ihrer
3339 3361 3523 3424 selbst
3549 3359 3944 3446 angsehende
3971 3359 4396 3446 ungeordnete
4424 3361 4546 3423 Be-

2866 3485 3144 3552 wegung
3173 3461 3728 3547 (φορᾷ-ἀτάκτῳ),
3760 3462 3895 3524 und
3935 3462 4083 3525 sind
4124 3462 4236 3525 der
4264 3463 4437 3527 Seele
4477 3465 4549 3526 in

2865 3568 3038 3631 ihrer
3087 3565 3641 3654 cigentkumlichen
3705 3564 4149 3628 Wirlcsamkeit
4204 3564 4549 3630 kinderlich.

2867 3669 3187 3753 (nimirum
3251 3669 3548 3752 σώματα),
3589 3666 3833 3754 flielaen
3892 3667 3989 3730 als
4049 3668 4309 3732 Zweites
4361 3669 4540 3747 Base,

2865 3775 3030 3860 cwig
3065 3770 3397 3858 fliessend,
3458 3771 3558 3833 die
3626 3769 4022 3833 Wesenheit.''
4126 3771 4272 3856 Ego
4319 3770 4546 3857 partim

2870 3874 3172 3939 Codicum
3202 3872 3591 3951 auctoritate,
3621 3872 3850 3960 partim
3878 3872 4235 3958 conjectura
4262 3871 4541 3959 legerim:

2869 3977 3163 4058 Σωμάτων
3191 3978 3255 4040 δὲ
3284 3977 3654 4057 φύσις-εἵη.
3706 3975 3831 4057 ἔχει
3870 3976 3981 4054 μὲν
4009 3977 4123 4056 γὰρ
4165 3973 4313 4041 εἶδός
4348 4000 4404 4039 τι
4443 3976 4548 4040 οὐκ

2870 4079 3174 4160 ἀληθινὸν,
3205 4078 3511 4160 ἐστέρηται
3553 4080 3617 4141 δὲ
3660 4081 3819 4156 ζωῆς.
3866 4079 4094 4158 φθείρει
4134 4077 4246 4158 (sc,
4273 4078 4546 4163 σώματα)

2867 4209 2933 4247 τε
2988 4183 3248 4262 ἄλληλα·
3296 4179 3455 4262 φορά
3505 4205 3569 4245 τε
3625 4178 3759 4261 παρ’
3816 4180 4005 4244 αὐτῶν
4060 4180 4172 4261 (50.
4228 4179 4544 4266 σωμάτων)

2869 4287 3112 4351 ἄτακτος
3144 4284 3256 4365 (50.
3293 4284 3461 4366 ἐστί)
3495 4282 3743 4362 ἐμπόδιά
3787 4307 3854 4347 τε
3901 4285 4100 4364 ψυχῆς
4147 4282 4262 4365 (50.
4306 4283 4550 4364 σώματά

2871 4388 3171 4470 {ovo—x.
3191 4410 3247 4448 τ.
3262 4392 3323 4449 λ.
3418 4385 3658 4472 Taylor
3685 4385 3751 4448 h.
3773 4384 3816 4446 l.
3850 4398 3925 4448 ut
3951 4383 4322 4471 plerumque
4364 4409 4428 4450 se
4468 4386 4550 4451 ad

2872 4486 3159 4552 Ficinum
3204 4486 3478 4574 pressule
3519 4487 3863 4576 adplicuit;
3911 4510 3982 4551 ac
4023 4487 4286 4572 proinde
4331 4489 4549 4553 melius

2870 4612 3062 4677 quam
3090 4589 3362 4676 Engelh.
3394 4604 3642 4654 secutus
3670 4603 3759 4654 est
3790 4588 4115 4655 lectionem
4148 4591 4458 4673 ἑστέρηταί
4485 4618 4550 4656 τε

2869 4697 3030 4772 ζωῆς,
3087 4708 3376 4756 vertens:
3429 4695 3496 4757 It
3536 4695 3616 4771 is,
3662 4693 3897 4757 besides
3940 4693 4087 4772 this,
4142 4693 4434 4758 destitute
4482 4697 4571 4780 of*

2870 4797 3002 4881 lg'fit.

2957 4920 3017 4985 p.
3057 4917 3199 4979 141,
3226 4918 3290 4984 3.
3332 4895 3535 4960 Ἀλλὰ
3567 4899 3653 4964 τίς
3686 4899 3724 4977 ἡ
3766 4897 3910 4978 κακή
3929 4927 3944 4972 ;
3994 4926 4047 4963 κ.
4069 4898 4233 4985 τ.λ.]
4282 4897 4418 4963 Pie.
4449 4899 4546 4962 vi-

2869 5000 3004 5065 deri
3046 5000 3240 5087 possit
3283 4998 3503 5086 legisse
3547 5000 3989 5081 δουλωσαμένη.
4078 5000 4282 5065 Possis
4323 5002 4545 5067 etiam:

2867 5102 3067 5168 Ἀλλὰ
3101 5104 3190 5171 τίς
3222 5105 3260 5183 ἡ
3301 5102 3443 5183 κάκη
3468 5132 3484 5177 ;
3535 5110 3579 5143 “
3614 5102 3738 5167 Sed
3766 5126 4055 5189 quaenam
4084 5118 4177 5168 est
4205 5107 4550 5191 pravitas?

2873 5206 3090 5285 Qualis
3140 5220 3234 5270 est
3282 5205 3517 5270 homini
3575 5205 3799 5284 servili,
3853 5205 3955 5269 cui
4009 5206 4281 5292 pravitas
4331 5208 4551 5272 animae

2871 5322 3096 5373 natura
3122 5307 3466 5396 ingenerari
3495 5308 3704 5372 solet.''
3752 5308 3885 5389 (De
3914 5305 4057 5386 κάκη
4087 5330 4203 5394 pro
4232 5311 4402 5375 κακία
4431 5309 4552 5374 vid.

2875 5434 3064 5498 supra
3090 5411 3172 5476 ad
3200 5433 3262 5498 p.
3285 5431 3393 5497 55.
3425 5411 3535 5495 A.)
3628 5410 3751 5474 Sed
3780 5422 3984 5472 tamen
4015 5423 4079 5473 et
4103 5409 4360 5498 vulgata
4385 5435 4549 5477 oom-

2874 5513 3123 5579 modam
3151 5512 3620 5600 explicationem
3649 5510 3858 5591 habet,
3888 5509 3939 5574 si
3968 5524 4107 5598 post
4136 5513 4267 5577 οἷον
4294 5515 4548 5602 cogites:
