5118 6613
1008 523 1139 589 324

1012 679 1276 760 ἑχόντων
1313 671 1460 755 πρὸς
1501 673 1745 752 ἄλληλα
1787 675 1905 734 τῶν
1949 672 2017 734 ἑν
2062 670 2257 736 αὐτοῖς
2298 671 2520 751 μορίων
2561 694 2703 734 συν-

1013 779 1245 858 έστηκε,
1280 776 1348 840 τὸ
1378 778 1442 840 δὲ
1474 778 1536 855 ἐξ
1565 775 1672 839 οὐκ
1716 774 1979 857 ἑχόντων
2008 770 2196 836 θέσιν.
2233 770 2417 836 Ἔστι
2461 774 2526 836 δὲ
2572 776 2705 835 διω-

1009 881 1294 963 ρισμένον
1320 881 1433 960 μὲν
1465 876 1656 966 [οἷον]
1692 877 1936 959 ἀριθμὸς
1980 876 2076 939 καὶ
2117 876 2320 956 λόγος·
2363 876 2615 958 συνεχὲς
2643 876 2709 938 δὲ

1021 984 1205 1068 [οἷον]
1239 986 1497 1064 γραμμὴ,
1528 979 1865 1062 ἐπιφάνεια,
1900 984 2090 1058 σῶμα.
2126 978 2214 1041 ἔτι
2242 979 2308 1041 δὲ
2337 981 2499 1060 παρὰ
2526 982 2712 1042 ταῦτα

1012 1088 1190 1154 τόπος
1220 1085 1315 1149 καὶ
1342 1085 1579 1167 χρόνος.
1611 1080 1708 1145 Cf.
1732 1079 2126 1167 Metaphyss.
2151 1080 2264 1143 IV.
2283 1099 2379 1164 13.
2407 1102 2470 1167 p.
2494 1080 2595 1145 86.
2616 1103 2711 1165 sq.

1014 1189 1193 1278 Sylb.
1224 1204 1288 1253 et
1321 1185 1707 1275 Simplicium
1738 1184 1799 1247 in
1833 1185 2099 1269 Categg.
2130 1180 2175 1244 l.
2199 1180 2240 1245 l.
2274 1179 2382 1245 fol.
2410 1201 2514 1268 31.

1099 1316 1164 1379 p.
1200 1309 1380 1375 1049,
1417 1310 1511 1353 11.
1546 1289 1731 1352 Αὖτοί
1756 1313 1821 1351 τε
1851 1290 1947 1350 διὰ
1973 1287 2037 1350 τί
2058 1285 2254 1349 ποσόν
2275 1286 2319 1371 ς]
2354 1282 2712 1372 Simplicius

1012 1396 1073 1460 in
1109 1398 1374 1481 Categg.
1407 1391 1548 1456 Fol.
1571 1409 1676 1476 32.
1713 1389 1792 1453 b:
1843 1389 1929 1453 ἔτι
1958 1390 2023 1452 δὲ
2053 1390 2086 1451 6
2118 1393 2427 1454 Πλωτῖνος
2455 1393 2616 1467 ζητεῖ
2641 1388 2709 1452 ἐν

1013 1503 1093 1584 τῷ
1121 1500 1329 1583 πρώτῳ
1358 1497 1491 1577 περὶ
1520 1497 1626 1558 τοῦ
1654 1495 1826 1559 ὄντος
1855 1491 1994 1556 εἰτὸ
2017 1491 2269 1573 συνεχὲς
2293 1490 2489 1554 ποσόν
2518 1491 2704 1564 ἐστιν,

1011 1602 1116 1665 οὐκ
1147 1600 1276 1665 ἔστι
1319 1598 1386 1662 τὸ
1431 1595 1818 1679 διωρισμένον
1846 1595 2058 1658 ποσόν·
2108 1595 2162 1656 εἰ
2203 1595 2269 1657 δὲ
2314 1593 2492 1675 ἄμφω
2519 1594 2703 1665 ποσὰ,

1012 1703 1294 1781 δεικτέον,
1326 1703 1386 1765 τί
1421 1700 1489 1764 τὸ
1529 1701 1596 1763 ἑν
1623 1697 1978 1780 ἀμφοτέροις
2022 1698 2241 1761 κοινόν·
2290 1696 2386 1760 καὶ
2425 1697 2558 1759 λύει
2601 1695 2709 1774 τὴν

1012 1809 1250 1889 ζήτησιν
1296 1808 1364 1870 ἑν
1410 1807 1489 1890 τῷ
1533 1804 1705 1888 τρίτῳ
1750 1801 1952 1883 λέγων
1998 1799 2105 1882 (cf.
2152 1798 2345 1886 hujus
2388 1797 2710 1862 Enneadis

1014 1910 1122 1976 lib.
1154 1910 1295 1976 III.
1330 1931 1386 1972 c.
1419 1927 1517 1993 13.
1546 1928 1607 1994 p.
1632 1904 1815 1986 628.)
1844 1904 1936 1968 ὅτι
1982 1908 2191 1966 κοινῶν
2220 1902 2417 1968 αὐτοῖς
2459 1903 2608 1975 ἑστι,
2639 1900 2708 1964 τὸ

1013 2017 1283 2086 τοσόνδε,
1315 2010 1591 2091 δηλονότι
1633 2008 1700 2071 τὸ
1747 2008 1824 2074 ὡς
1863 2006 2080 2087 μέτρον
2111 2006 2208 2069 καὶ
2235 2006 2312 2071 ὥς
2338 2003 2521 2086 πέρας
2559 2008 2706 2068 θεω·

1012 2118 1322 2199 ρούμενον,
1372 2111 1516 2177 καθὸ
1567 2111 1763 2175 ποσὸν
1816 2111 2069 2174 ἕκαστον
2118 2111 2490 2192 γινῶσκεται·
2535 2112 2709 2172 τοῦτο

1014 2217 1258 2303 γὰρούκ
1285 2214 1402 2280 ἀπὸ
1427 2218 1531 2279 τοῦ
1560 2216 1806 2296 ἀριθμοῦ
1832 2216 1912 2298 τῷ
1939 2211 2181 2294 μεγέθει
2211 2212 2454 2291 ἐνεδόθη
2483 2212 2562 2278 ὥς
2589 2235 2710 2275 τισι

1015 2325 1194 2398 δοκεῖ,
1226 2317 1361 2382 ἀλλ’
1394 2318 1560 2383 ἔστιν
1588 2320 1738 2380 ἴδιον
1764 2314 1983 2397 μέτρον
2013 2314 2108 2378 καὶ
2151 2317 2257 2378 τοῦ
2296 2313 2600 2394 ἡνωμένον
2644 2338 2710 2377 τε

1016 2425 1109 2489 καὶ
1138 2427 1242 2487 τοῦ
1269 2419 1858 2503 ἀλληλουχουμένου,
1885 2418 1980 2482 καὶ
2003 2417 2090 2480 ἔτι
2116 2415 2321 2497 μέντοι
2348 2421 2454 2480 τοῦ
2479 2420 2711 2498 διωρισ-

1013 2527 1212 2608 μένου.
1263 2527 1380 2590 ἰδία
1426 2527 1542 2608 γὰρ
1589 2524 1685 2587 καὶ
1733 2524 1913 2604 φύσις
1959 2519 2207 2606 ἑκάστῳ,
2254 2520 2330 2587 ὥς
2378 2520 2474 2584 καὶ
2519 2522 2588 2584 ἑν
2629 2524 2710 2607 τῷ

1012 2631 1189 2695 παντὶ
1234 2631 1435 2713 κόσμῳ
1480 2631 1804 2708 θεωρεῖται.
1848 2628 1955 2688 τοῦ
1979 2626 2093 2704 μὲν
2121 2627 2412 2708 συνεχοῦς
2442 2624 2480 2703 ἡ
2508 2625 2708 2706 φύσις,

1013 2733 1051 2811 ἦ
1080 2737 1344 2797 καλεῖται
1385 2729 1654 2813 μέγεθος,
1688 2730 1835 2791 κατὰ
1880 2727 2096 2790 ἕνωσιν
2139 2727 2236 2790 καὶ
2274 2727 2707 2810 ἀλληλουχίαν·

1014 2840 1119 2899 τοῦ
1147 2836 1211 2898 δὲ
1241 2831 1625 2915 διωρισμένου
1651 2832 1691 2909 ἥ
1717 2855 1803 2897 τις
1834 2835 2098 2893 καλεῖται
2136 2832 2383 2908 πλῆθος,
2415 2832 2564 2893 κατὰ
2591 2855 2706 2893 σω-

1014 2937 1184 3019 ρείαν
1214 2934 1308 2998 καὶ
1335 2932 1687 3014 παράθεσιν.
1735 2933 1830 2995 καὶ
1859 2934 1974 3013 γὰρ
2006 2933 2153 2995 κατᾶ
2189 2931 2302 3010 μὲν
2331 2930 2438 3009 τὴν
2463 2935 2570 2994 τοῦ
2605 2956 2709 3010 με-

1016 3037 1227 3121 γέθους
1273 3035 1506 3111 οὐσίαν,
1558 3036 1639 3101 εἶς
1690 3036 1724 3097 6
1777 3035 1994 3111 κόσμος
2053 3033 2188 3096 ἐστί
2231 3057 2298 3096 τε
2349 3033 2444 3095 καὶ
2490 3038 2713 3101 νοεῖται

1017 3138 1330 3222 σφαιρικὸς
1374 3138 1468 3202 καὶ
1510 3138 1902 3219 συμπεφυκὼς
1946 3137 2152 3220 ἑαυτῷ,
2190 3134 2604 3215 διατεταμένος
2645 3162 2711 3200 τε

1018 3242 1112 3308 καὶ
1143 3241 1717 3325 ἀλληλουχούμενος.
1766 3240 1914 3302 κατὰ
1940 3239 2004 3301 δὲ
2040 3237 2108 3300 τὸ
2148 3240 2392 3317 πλῆθος,
2422 3239 2528 3318 ἥτε
2557 3239 2705 3303 σύν-

1017 3353 1176 3426 ταξις
1218 3346 1313 3410 καὶ
1348 3346 1386 3425 ἡ
1425 3346 1808 3424 διακόσμησις
1844 3344 1882 3424 ἡ
1923 3345 1988 3407 ἐκ
2028 3346 2291 3407 τοσῶνδε
2331 3340 2481 3425 φέρε
2520 3344 2709 3406 εἰπεῖν

1018 3450 1352 3534 στοιχείων,
1386 3448 1482 3512 καὶ
1509 3449 1671 3524 ζώων
1695 3445 1732 3526 ἦ
1763 3452 1966 3528 φυτῶν
1994 3450 2320 3528 θεωρεῖται,
2351 3446 2446 3510 καὶ
2477 3446 2709 3509 ἐναντι-

1018 3552 1241 3633 οτήτων
1277 3548 1315 3631 ἢ
1354 3550 1713 3631 ὁμοιοτήτων
1751 3552 1949 3614 τόσων
1996 3549 2092 3613 καὶ
2134 3550 2349 3613 τόσων·
2395 3551 2449 3613 εἰ
2494 3548 2602 3613 οὖν
2644 3550 2711 3612 ἐν

1014 3662 1142 3723 ταῖς
1170 3655 1396 3720 εἰκόσιν
1423 3656 1574 3719 οὕτω
1612 3656 1797 3717 ταῦτα
1836 3653 2207 3736 κεχώρισται,
2238 3649 2396 3715 πολὺ
2422 3653 2712 3733 πρότερον

1016 3761 1084 3823 ἐν
1112 3764 1235 3825 τοῖς
1277 3755 1617 3836 νοουμένοις
1658 3755 1884 3838 γένεσι·
1935 3756 2031 3819 καὶ
2073 3753 2187 3836 πρὸ
2216 3756 2460 3829 τούτων,
2495 3756 2564 3817 ἐν
2589 3760 2714 3821 τοῖς

1019 3860 1143 3925 καθ’
1176 3863 1324 3925 αὑτὰ
1351 3857 1554 3925 ἀύλοις
1597 3862 1782 3922 εἴδεσι
1820 3857 2091 3937 διέστηκε
2130 3856 2330 3922 κοινὸν
2360 3857 2601 3941 ἔχοντα,
2636 3857 2711 3925 ὣς

1020 3967 1240 4045 εἴρηται
1268 3963 1335 4026 τὸ
1363 3962 1580 4044 μέτρον
1611 3962 1706 4024 καὶ
1733 3960 1936 4043 πέρας.
1977 3959 2345 4042 Ἐγκαλοῦσι
2385 3961 2451 4022 δὲ
2489 3962 2548 4024 oz
2575 3962 2712 4041 περὶ

1018 4067 1126 4129 τὸν
1155 4068 1411 4130 Λούκιον
1442 4066 1537 4128 καὶ
1566 4065 1976 4145 Νικόστρατον
2010 4066 2079 4143 τῇ
2107 4061 2389 4144 διαιρέσει
2421 4090 2470 4126 κ.
2490 4088 2542 4126 τ.
2563 4072 2623 4127 λ.

1107 4191 1173 4254 p.
1213 4186 1401 4253 1050,
1438 4188 1465 4231 1
1489 4188 1537 4231 1.
1584 4168 1689 4231 οὐκ
1719 4166 1793 4230 ἂν
1823 4168 2021 4231 κοινόν
2047 4191 2105 4230 τι
2147 4165 2347 4249 ἔχοιεν
2383 4166 2528 4248 πρὸς
2571 4169 2709 4232 τού-

1021 4299 1155 4338 τους
1199 4274 1432 4347 ἐκεῖνοι,
1466 4270 1670 4350 ἀλλ’ἢ
1701 4273 1890 4349 ὄνομα
1930 4270 2166 4353 μόνον.]
2224 4270 2328 4333 Ita
2368 4292 2508 4333 cum
2549 4270 2707 4335 duo·

1019 4375 1140 4438 bus
1167 4373 1703 4461 praestantioribus
1728 4371 1902 4436 libris
1928 4370 2302 4459 scripsimus.
2393 4373 2496 4436 De
2538 4372 2710 4437 locu·

1020 4476 1185 4541 tione
1215 4479 1404 4557 ὄνομα
1429 4478 1616 4556 μόνον
1635 4474 1910 4540 diximus
1938 4474 2020 4539 ad
2045 4476 2159 4538 IV.
2181 4494 2244 4560 3.
2268 4493 2327 4540 2.
2348 4496 2413 4561 p.
2431 4493 2585 4560 373.
2603 4477 2686 4539 Ε.

1108 4617 1193 4628 -
1223 4599 1320 4657 14.
1365 4585 1660 4661 μετρεῖται
1701 4581 1812 4659 μὲν
1851 4582 1966 4661 γᾶρ
2013 4578 2276 4662 (λόγος)·
2325 4578 2489 4642 ἀλλὰ
2529 4581 2715 4661 λόγος

1022 4681 1106 4745 ὢν
1134 4683 1391 4745 τοσόσδε
1432 4682 1620 4744 ἐστίν.
1666 4679 1703 4761 ᾗ
1731 4683 1797 4745 δὲ
1835 4682 2037 4762 λόγος,
2071 4681 2140 4744 οὗ
2168 4683 2380 4745 ποσόν·
2426 4706 2709 4762 σημαντι-

1024 4786 1128 4847 κὸν
1159 4786 1292 4866 γὰρ,
1325 4784 1527 4865 ὥσπερ
1554 4782 1622 4846 τὸ
1653 4785 1843 4863 ὄνομα
1872 4783 1966 4847 καὶ
1994 4783 2061 4846 τὸ
2089 4785 2365 4866 ῥῆμα-ἡ
2403 4785 2468 4848 δὲ
2510 4784 2715 4866 πληγὴ

1019 4892 1256 4966 μᾶλλον
1301 4887 1335 4949 6
1382 4888 1567 4968 λόγος
1611 4913 1664 4949 κ.
1682 4910 1736 4950 τ.
1756 4886 1847 4970 λ.]
1914 4886 2017 4949 Ita
2060 4885 2364 4949 bonorum
2413 4885 2713 4950 librorum

1018 4988 1384 5054 auctoritate
1412 4988 1582 5052 hunc
1610 4989 1815 5053 locum
1847 4987 2299 5054 constituimus.
2343 4989 2716 5054 Aristoteles

1021 5096 1309 5181 Categor.
1347 5093 1465 5155 IV.
1492 5111 1686 5179 p.31.
1724 5091 1939 5178 Sylb.:
1989 5094 2266 5159 ὡσαύτως
2309 5095 2373 5156 δὲ
2419 5093 2514 5157 καὶ
2543 5095 2577 5156 6
2605 5095 2708 5157 λό-

1020 5224 1125 5279 γος
1158 5198 1303 5283 [τῶν
1333 5194 1731 5277 διωρισμένων
1762 5196 1941 5279 zora]
1993 5197 2084 5259 ὄτι
2125 5196 2238 5274 μὲν
2270 5194 2387 5278 γάρ
2431 5197 2561 5258 ἐστι
2602 5220 2706 5259 πο·

1021 5300 1135 5364 σὸν
1163 5302 1196 5363 6
1225 5296 1427 5381 λόγος,
1459 5295 1743 5380 φανερόν·
1791 5303 2232 5380 καταμετρεῖται
2275 5300 2390 5380 γᾶρ
2429 5301 2713 5378 συλλαβῇ

1019 5402 1277 5485 βραχείᾳ
1321 5401 1418 5464 καὶ
1456 5403 1651 5484 μακρᾷ
1691 5397 1853 5481 λέγω
1884 5400 1948 5463 δὲ
1977 5398 2083 5464 τὸν
2109 5402 2259 5478 μετὰ
2287 5402 2488 5482 φωνῆς
2524 5397 2715 5483 λόγον

1021 5500 1336 5583 γινόμενον
1367 5530 1418 5566 κ.
1443 5528 1495 5567 τ.
1523 5511 1584 5567 λ.
1663 5499 2108 5566 Definitionem
2139 5499 2325 5585 λόγου
2358 5501 2711 5588 (orationis)

1983 495 2814 565 ANNOTATIONES
2881 494 2993 558 IN
3060 493 3380 558 PLOTI
3401 492 3510 555 NI

2793 683 3036 733 mature
3081 679 3402 731 tentarunt
3446 662 3821 752 philosophi,
3862 661 4052 727 Stoici
4094 661 4220 727 alii.
4310 660 4488 727 Plato

2792 770 2856 835 in
2888 769 3220 834 Theaeteto
3247 792 3314 857 p.
3341 770 3482 832 206.
3513 790 3569 831 c.
3591 765 3652 829 d.
3688 788 3750 853 p.
3776 785 3926 852 313.
3961 763 4159 830 Bekk.
4192 765 4353 830 hanc
4381 789 4490 852 po-

2795 875 2927 940 nit:
2976 880 3094 939 Σω.
3139 871 3288 955 φέρε
3332 872 3424 952 δὴ,
3468 871 3531 934 τί
3573 868 3706 950 (alii
3756 884 3820 933 et
3869 867 4132 933 Heindf.
4179 869 4335 945 τίνα,
4384 868 4491 933 sed

2798 975 3069 1042 Bekkeri
3114 975 3436 1041 lectionem
3480 972 3853 1038 confirmant
3881 971 4044 1037 Cod.
4077 970 4397 1036 Bodleian.
4429 988 4494 1035 et

2799 1080 3108 1164 Darmst.]
3140 1081 3286 1144 ποτὲ
3313 1081 3601 1159 βούλεται
3629 1075 3735 1139 τὸν
3761 1073 3952 1158 λόγον
3978 1074 4119 1155 ἡμῖν
4148 1076 4456 1155 σημαίνειν
4469 1104 4486 1149 ;

2797 1192 2971 1268 τριῶν
3000 1187 3114 1267 γὰρ
3146 1184 3214 1248 ἔν
3241 1183 3304 1247 τί
3335 1208 3437 1262 μοι
3479 1186 3643 1246 δοκεῖ
3681 1179 3909 1263 λέγειν.
3960 1183 4138 1244 Θεαι.
4171 1180 4350 1244 τίνων
4379 1180 4486 1258 δῆς

2798 1296 2913 1354 Σω.
2965 1289 3033 1352 τὸ
3078 1291 3190 1369 μὲν
3235 1293 3469 1369 πρῶτον
3520 1287 3608 1365 εἴη
3658 1284 3734 1349 ἂν
3782 1284 3851 1347 τὸ
3904 1284 4014 1363 τὴν
4060 1285 4239 1348 αὐτοῦ
4288 1286 4493 1364 (αὑτοῦ

2797 1391 3063 1457 Heindf.
3094 1405 3158 1455 et
3185 1390 3344 1456 cod.
3382 1391 3681 1470 Darmst.)
3728 1387 3996 1453 διάνοιαν
4025 1389 4262 1471 ἐμφανῆ
4297 1392 4491 1451 ποιεῖν

2793 1499 2890 1560 διὰ
2916 1498 3117 1578 φωνῆς
3141 1496 3290 1573 μετὰ
3315 1491 3588 1576 ῥημάτων
3616 1516 3683 1555 τε
3715 1492 3810 1555 καὶ
3838 1489 4145 1570 ὀνομάτων
4175 1490 4378 1571 ὥσπερ
4409 1492 4491 1557 εἰς

2794 1598 3119 1679 κάτοπτρον
3145 1594 3182 1675 ἢ
3209 1598 3360 1676 ὕδωρ
3388 1595 3497 1674 τὴν
3524 1591 3703 1673 δόξαν
3733 1596 3817 1661 εἷς
3852 1593 3962 1672 τὴν
3989 1595 4086 1657 διὰ
4110 1597 4217 1656 τοῦ
4263 1589 4483 1673 στόμα-

2794 1726 2894 1768 τος
2919 1700 3080 1782 ῥοήυ.
3127 1696 3162 1779 ἢ
3194 1699 3261 1782 (ἦ
3293 1698 3451 1763 Cod.
3491 1700 3799 1780 Darmst.)
3832 1698 3902 1761 οὐ
3933 1702 4099 1762 δοκεῖ
4130 1721 4230 1760 σοι
4267 1696 4335 1759 τὸ
4364 1721 4484 1761 τοι-

2797 1808 2971 1868 οῦτον
3017 1806 3101 1886 (τ.
3142 1807 3370 1867 τοιοῦτο
3404 1803 3712 1886 Darmst.)
3744 1797 3929 1883 λόγος
3968 1799 4157 1872 εἶναις
4210 1798 4489 1885 Respicit

2799 1922 3000 1971 tamen
3046 1906 3229 1970 etiam
3280 1904 3569 1970 Plotinus
3619 1903 3778 1968 hanc
3825 1903 4139 1989 Stagiritae
4182 1901 4487 1966 definitio-

2796 2032 2935 2073 nem
2984 2011 3120 2092 περὶ
3159 2007 3514 2091 Ἐρμηνείας
3540 2032 3594 2072 e.
3624 2008 3739 2072 IV.
3788 2030 3851 2094 p.
3885 2028 3992 2092 59.
4027 2004 4243 2094 Sylb.:
4292 2004 4490 2088 Λόγος

2797 2115 2863 2179 δέ
2892 2115 3022 2177 ἐστι
3048 2112 3218 2195 φωνὴ
3243 2112 3585 2192 σημαντικὴ,
3617 2111 3687 2191 ἧς
3728 2116 3845 2174 τῶν
3881 2116 4078 2192 μερῶν
4104 2135 4161 2173 τι
4204 2135 4482 2190 σημαντι-

2798 2214 2904 2280 κόν
2934 2217 3061 2279 ἑστι
3093 2214 3548 2298 κεχωρισμένον·
3600 2214 3678 2281 ὣς
3714 2212 3916 2294 φάσις,
3948 2209 4086 2276 ἀλλ’
4113 2212 4228 2295 οὐχ
4265 2213 4343 2279 ὥς
4385 2238 4485 2276 κα-

2796 2319 3054 2402 τάφασις
3086 2315 3151 2402 [ἢ
3182 2314 3503 2399 ἀπόφασις·
3541 2315 3734 2403 λέγω]
3765 2315 3913 2389 οἷον,
3946 2316 4251 2396 ἄνθρωπος
4280 2317 4491 2394 σημαί-

2799 2449 2889 2488 νει
2930 2422 3044 2503 μέν
3088 2446 3163 2494 τι,
3213 2418 3351 2484 ἀλλ’
3394 2420 3507 2502 οὐχ
3553 2421 3645 2483 ὅτι
3691 2414 3926 2482 ἐστὶν*
3894 2445 3931 2497 η
3971 2418 4078 2482 οὐκ
4117 2418 4303 2481 ἔστιν·
4352 2416 4487 2481 ἀλλ’

2800 2527 2971 2590 ἔσται
3000 2520 3386 2606 κατάφασις
3355 2549 3391 2601 η
3422 2520 3746 2604 ἀπόφασις,
3779 2523 3886 2585 ἑᾶν
3914 2524 4212 2603 προστεθῇ
4241 2547 4318 2585 τι.
4371 2524 4490 2584 At-

2797 2651 2923 2714 que
2951 2627 3112 2690 hanc
3144 2647 3348 2689 veram
3380 2623 3799 2688 definitionem
3842 2645 3972 2687 esse
4011 2622 4374 2710 pronuntiat
4404 2624 4490 2688 G.

2797 2732 2907 2796 J0.
2939 2728 3191 2794 Vossius
3238 2727 3297 2791 in
3347 2726 3717 2792 Aristarcho
3762 2728 3841 2791 C.
3878 2727 3938 2789 1.
3984 2747 4051 2812 p.
4081 2727 4229 2811 366.
4287 2727 4490 2813 (Opp.

2799 2835 2989 2898 Tom.
3041 2832 3163 2913 ΙΙ.)
3228 2854 3263 2894 e
3322 2829 3627 2906 Chai-isio,
3689 2828 3996 2893 Diomede
4056 2828 4493 2916 Priscianoque

2797 2936 2948 3001 alias
3006 2932 3189 2999 simul
3247 2955 3567 3020 apponens
3624 2930 4029 2995 definitiones.
4124 2933 4233 2995 Tu
4280 2932 4494 2996 confer

2797 3053 3098 3125 praeterea
3121 3033 3536 3121 Porphyrium
3568 3046 3633 3097 et
3664 3032 4046 3121 Simplicium
4077 3031 4139 3097 in
4168 3035 4489 3121 Categorr.

2798 3141 2840 3205 l.
2865 3140 2908 3204 l.
2941 3155 3004 3204 et
3033 3137 3435 3203 Ammonium
3483 3136 3546 3200 in
3589 3138 3723 3219 περὶ
3750 3134 3992 3219 Ἑρμην.
4025 3135 4128 3199 l.l.
4161 3134 4485 3224 Olympio-

2795 3243 2988 3309 dorus
3012 3241 3074 3306 in
3110 3242 3266 3305 Plat.
3302 3240 3513 3306 Alcib.
3545 3263 3641 3328 pr.
3675 3262 3739 3327 p.
3760 3243 3877 3304 66:
3925 3242 4017 3303 ὅτι
4043 3237 4366 3323 πρόσωπον
4392 3245 4492 3322 τῆς

2798 3347 3149 3431 ἀπηχήσεως
3195 3348 3228 3409 6
3271 3343 3475 3428 λόγος.
3569 3344 3746 3409 Idem
3796 3347 3956 3431 Cap.
3992 3344 4109 3409 VI.
4160 3367 4223 3431 p.
4251 3362 4363 3430 53.
4409 3344 4490 3409 de

2802 3449 3085 3537 Apolline
3118 3448 3427 3536 Delphico
3456 3447 3869 3513 vaticinante:
3919 3449 4011 3511 ὅτι
4038 3448 4108 3511 οὐ
4136 3452 4337 3529 πληγῇ
4377 3447 4486 3529 μό-

2800 3579 2907 3618 νον
2936 3552 3109 3637 ἀέρος
3136 3557 3320 3617 ταῦτα
3349 3552 3527 3634 ἔλεγε
3560 3552 3657 3615 καὶ
3685 3555 3872 3634 φωνῇ,
3900 3552 4065 3615 ἀλλὰ
4107 3556 4351 3626 ζωτικῶς
4394 3555 4489 3616 καὶ

2798 3657 3031 3730 ἐνθέως,
3064 3679 3209 3742 quae
3250 3678 3393 3722 cum
3439 3654 3799 3720 Plotinianis
3829 3655 3904 3719 B.
3951 3653 4061 3718 lin.
4092 3674 4152 3741 5.
4184 3679 4278 3743 sq.
4325 3660 4379 3722 εἰ
4424 3659 4488 3721 δὲ

2795 3759 2875 3840 μὴ
2921 3762 3068 3824 κατὰ
3095 3759 3203 3838 τὴν
3230 3758 3467 3841 πληγὴν
3493 3759 3530 3838 ἡ
3559 3759 3753 3841 φωνὴ,
3796 3759 3961 3823 ἀλλὰ
4005 3762 4153 3824 κατὰ
4192 3760 4299 3823 τὸν
4342 3760 4489 3842 ἀέρα

2795 3861 3226 3949 componenda
3255 3876 3422 3926 sunt.

2881 3988 2946 4052 p.
2978 3983 3164 4050 1051,
3197 3980 3261 4046 7.
3293 3966 3358 4028 ἐκ
3387 3968 3488 4043 τῆς
3515 3968 3869 4044 σημαντικῆς
3898 3967 3981 4032 εἷς
4010 3966 4493 4045 συσσημαντικὸν

2799 4069 3023 4147 ἐκείνης
3070 4071 3170 4146 τῆς
3221 4067 3594 4151 κατηγορίας]
3669 4067 3773 4131 Ita
3823 4090 3938 4155 pro
3999 4070 4083 4135 εἰς
4130 4069 4491 4148 σημαντικὸν

2798 4170 3155 4258 scripsimus
3192 4191 3335 4234 cum
3370 4168 3588 4233 Ficino
3615 4192 3693 4233 ex
3727 4169 3936 4234 Codd.
3967 4170 4271 4235 bonorum
4306 4171 4489 4236 vesti-

2796 4274 2936 4361 giis.
3028 4273 3246 4362 Hujus
3285 4272 3603 4361 Adjectivi
3646 4272 4003 4359 exemplum
4048 4273 4302 4338 unicum
4354 4274 4486 4339 lau-

2798 4376 2989 4441 datur
3031 4399 3107 4440 ex
3156 4375 3437 4463 Etymol.
3470 4375 3565 4439 M.
3617 4399 3683 4464 p.
3719 4376 3866 4457 649.
3905 4394 4002 4439 20.
4076 4375 4376 4441 Heidelb.
4421 4400 4486 4464 p.

2795 4480 2942 4565 588.
2975 4478 3153 4566 Lips.
3245 4477 3329 4542 Ei
3371 4478 3569 4565 igitur
3606 4478 3722 4542 hoc
3753 4477 4170 4543 Plotinianum
4213 4479 4489 4558 accedat,

2797 4598 2861 4647 et
2906 4580 3265 4647 Schneideri
3313 4582 3542 4646 Lexico
3586 4580 3724 4645 haec
3770 4604 3892 4645 vox
3944 4579 4237 4645 addatur.
4329 4584 4489 4647 Mox

2797 4706 2942 4748 cum
2973 4684 3146 4748 libris
3173 4684 3399 4749 nostris
3426 4682 3711 4771 plurimis
3737 4682 4025 4748 dedimus
4054 4685 4351 4752 ἐνιαύσιος
4377 4707 4492 4772 pro

2803 4788 3162 4854 ἑνιαυσιαῖος
3190 4785 3477 4850 editionis
3504 4799 3568 4850 et
3599 4784 3978 4868 ἐφαπτομένη
4020 4808 4139 4873 pro
4184 4784 4278 4868 ἐφ’
4309 4789 4488 4852 ἁπτο-

2798 4889 2967 4969 μένη,
2999 4889 3271 4976 denique
3299 4904 3441 4977 post
3468 4892 3543 4954 τὰ
3569 4888 3900 4972 μετέχοντα
3937 4910 4015 4952 ex
4056 4887 4229 4952 libris
4269 4889 4493 4954 nostris

2799 4991 3140 5080 adjecimus
3168 4991 3381 5056 πάντα.
3466 4990 3748 5079 Respicit
3774 5006 3980 5054 autem
4010 4990 4073 5053 in
4108 4990 4226 5054 hoc
4251 4989 4385 5056 loco
4412 4992 4494 5057 de

2810 5095 3116 5182 Tempore
3160 5093 3517 5159 Aristotelis
3562 5094 3696 5158 haec
3739 5092 3802 5157 in
3852 5096 4177 5180 Categorr.
4228 5095 4344 5159 IV.
4396 5097 4435 5159 6
4471 5122 4484 5159 ε

2791 5194 2972 5262 Ἔστι
3001 5200 3065 5262 δὲ
3097 5199 3193 5262 καὶ
3219 5200 3254 5261 6
3282 5195 3499 5281 χρόνος
3539 5198 3634 5261 καὶ
3677 5199 3710 5260 6
3751 5193 3930 5263 τόπος
3968 5201 4085 5260 τῶν
4114 5199 4412 5262 τοιούτων·
4457 5202 4491 5262 6

2800 5302 2914 5381 γὰρ
2944 5304 3051 5364 νῦν
3077 5298 3294 5384 χρόνος
3322 5300 3609 5365 συνάπτει
3636 5301 3781 5382 πρός
3809 5324 3874 5363 τε
3904 5299 4010 5363 τὸν
4037 5298 4494 5381 παρεληλυθότα

2801 5404 2898 5466 καὶ
2924 5400 3069 5484 πρὸς
3096 5400 3203 5467 τὸν
3225 5402 3554 5483 μέλλοντα.
3645 5400 3961 5486 Exempla
4002 5424 4256 5488 quoque
4285 5425 4346 5467 v.
4369 5426 4421 5468 c.
4455 5407 4489 5467 6

2798 5505 3078 5589 τρίπηχυς
3106 5504 3167 5569 in
3197 5506 3321 5569 fine
3350 5505 3593 5593 Capitis
3627 5504 3830 5592 quinti
3864 5503 4193 5569 Plotiniani
4235 5527 4315 5569 ex
4350 5506 4488 5570 Ari-
