5118 6613
1333 461 1437 525 LI
1457 462 1533 526 Β.
1568 458 1773 526 VIII.
1821 459 2287 526 ENNEAD.
2336 460 2518 539 QUI
2539 459 2792 524 NTAE.
2837 482 2904 548 p.
2943 478 3384 548 1012—1019.

620 639 694 701 τὰ
722 636 792 700 ἐν
817 636 971 721 αὑτῷ
1016 635 1209 716 ἄστρα
1250 632 1959 719 στρέφων-παρέχεται.
2049 633 2152 698 De
2190 655 2319 698 uno

620 739 740 804 deo
767 751 830 803 et
857 737 1073 803 multis
1116 736 1304 802 simul
1346 737 1437 802 ita
1465 737 1838 802 Dama-scius
1880 736 1961 802 de
1993 735 2320 825 Principiis

620 865 676 907 c.
703 861 851 909 100.
882 863 947 928 p.
970 859 1121 927 314.
1156 838 1394 927 Koppii
1418 864 1433 904 :
1481 842 1565 905 Τί
1587 845 1682 906 δεῖ
1702 845 1908 906 πολλὰ
1934 839 2169 923 λέγειν;
2218 841 2319 905 ὅτε

623 945 718 1009 καὶ
757 944 892 1010 τοὺς
934 942 1104 1010 θεοὺς
1145 942 1327 1008 οὕτως
1365 942 1741 1007 ὑποτίθενται
1782 942 1917 1009 τοὺς
1956 941 2219 1010 πολλοὺς
2263 944 2321 1006 οῖ

619 1046 735 1129 πρὸ
776 1044 1136 1130 ’Ῑαμβλίχου
1184 1041 1408 1129 σχεδόν
1449 1068 1506 1107 τι
1549 1043 1767 1113 πάντες
1810 1042 2162 1128 φιλόσοφοι,
2212 1043 2320 1108 ἕνα

618 1149 732 1228 μὲν
777 1147 930 1212 εἶναι
967 1147 1076 1212 τὸν
1117 1148 1474 1228 ὑπερούσιον
1517 1145 1657 1211 θεὸν
1697 1145 1999 1229 λέγοντες,
2031 1146 2166 1213 τοὺς
2207 1147 2316 1211 ἀλ-

620 1259 763 1319 λους
791 1251 1093 1317 οὑσιῶδεις
1123 1249 1300 1328 εἶναι,
1326 1254 1458 1315 ταῖς
1485 1248 1602 1313 ἀπὸ
1628 1253 1734 1314 τοῦ
1764 1249 1898 1317 ἑνὸς
1935 1247 2320 1332 ἑλλάμψεσιν

629 1351 1035 1432 ε’κθεομένους.
1742 1406 1751 1417 .

705 1477 770 1542 p.
804 1470 989 1537 1017,
1024 1472 1122 1519 12.
1165 1455 1329 1518 ἀλλὰ
1354 1453 1465 1534 ἤδη
1495 1455 1733 1536 ἀπειρία
1774 1454 2071 1536 δυνάμεως
2113 1455 2317 1533 ἀληθι-

616 1562 733 1639 νῆς
770 1558 1168 1641 φαντάζονται
1213 1560 1502 1634 καίουσαι,
1538 1559 1632 1623 καὶ
1659 1560 2031 1643 φθείρουσαι,
2066 1559 2161 1623 καὶ
2189 1560 2318 1622 θλί-

622 1662 897 1750 βουσαι.]
946 1663 1007 1725 Ε
1041 1660 1319 1749 margine
1346 1674 1411 1726 et
1436 1660 1723 1750 plurimis
1760 1661 1932 1726 libris
1970 1660 2171 1747 recepi
2210 1660 2318 1741 ἤδη

624 1786 739 1851 pro
786 1766 944 1845 εἴδητ
991 1788 1027 1828 e
1064 1763 1315 1829 duobus
1363 1764 1702 1829 Marcianis
1746 1766 2018 1830 καίουσαι
2063 1787 2181 1851 pro
2224 1762 2320 1827 καὶ

623 1867 819 1932 οὖσαι.
878 1868 1026 1931 Ηοο
1054 1882 1409 1956 propterea,
1432 1866 1543 1955 qui
1573 1867 1975 1950 φαντάζεσθαι
2004 1865 2139 1931 aliis
2166 1889 2322 1953 quo-

623 1990 747 2055 que
773 1968 838 2033 in
867 1967 1017 2033 locis
1043 1968 1421 2034 contrarium
1450 1985 1545 2035 est
1572 1974 1677 2034 τοῦ
1706 1970 1876 2035 εἶναι.
1966 1968 2141 2052 (Vid.
2176 1971 2316 2033 An-

622 2085 755 2136 not.
790 2086 983 2136 nostr.
1014 2094 1206 2159 supra
1232 2071 1313 2136 ad
1348 2074 1407 2137 Ι.
1440 2075 1502 2138 6.
1532 2092 1598 2159 3.
1628 2095 1690 2160 p.
1711 2093 1816 2158 50.
1850 2074 1964 2158 Β.)
1994 2071 2140 2138 item
2172 2071 2323 2159 quia

622 2172 787 2261 ignis
842 2173 1077 2239 mentio
1125 2174 1245 2239 hoc
1294 2173 1611 2263 postulare
1661 2174 2011 2254 videbatur,
2061 2191 2122 2240 et
2174 2173 2326 2262 quia

627 2279 949 2357 θλίβουσαι
979 2278 1137 2343 bene
1161 2278 1454 2366 congruit
1480 2300 1626 2343 cum
1659 2279 1949 2344 καίουσαι.
2006 2278 2324 2343 Nimirum

624 2383 980 2463 φθείρουσαι
1022 2381 1291 2469 pertinet
1333 2381 1418 2447 ad
1453 2382 1615 2448 vires
1656 2383 1935 2447 omnium
1967 2405 2324 2471 corporum,

624 2507 896 2571 quorum
939 2484 1063 2550 alia
1101 2483 1467 2550 interimunt
1511 2485 1784 2551 urendo:
1834 2485 1954 2551 alia
1983 2484 2320 2565 trudend0,

625 2586 988 2675 premendO,
1019 2587 1666 2676 confringenda—In
1701 2588 2053 2654 definienda
2078 2589 2142 2653 vi
2171 2587 2319 2653 sub-

626 2689 877 2755 stantivi
908 2692 1144 2774 ἀπειρία
1169 2691 1479 2759 haesitavit
1501 2691 1760 2757 Ficinus
1785 2707 1869 2771 et,
1893 2691 2066 2780 quod
2096 2692 2324 2780 saepius

626 2792 827 2858 facere
871 2792 1048 2871 solet,
1080 2794 1363 2859 bifariam
1403 2795 1726 2883 expressit.
1813 2797 1983 2883 Ego,
2013 2795 2124 2884 qui
2167 2795 2319 2860 alte-

614 2919 763 2961 -rum
797 2895 1210 2983 significatum
1255 2898 1336 2963 ab
1372 2898 1489 2963 hoc
1532 2898 1669 2963 loco
1705 2898 1973 2965 alienum
2005 2898 2317 2964 crederem

627 2998 819 3087 ipsius
847 3000 1075 3065 verba:
1123 3002 1441 3089 infinitate
1468 3011 1754 3068 constant
1782 3003 2172 3090 ejusdemque
2201 3024 2317 3065 uu-

626 3101 776 3166 cinis
803 3100 1059 3167 inclusi:
1108 3102 1314 3169 delere
1341 3104 1404 3169 h.
1430 3104 1471 3170 l.
1506 3126 1631 3169 non
1677 3104 1874 3193 magis
1904 3103 2096 3180 volui,
2127 3125 2319 3191 quam

625 3204 770 3271 alibi
801 3205 1046 3285 similia,
1078 3228 1158 3271 ne
1185 3207 1446 3273 eruditis
1486 3206 1819 3274 lectoribus
1845 3207 2114 3296 eligendi
2141 3223 2318 3296 pote-

628 3325 750 3375 stas
780 3311 1145 3397 eriperetur.

706 3450 796 3464 -
821 3414 915 3477 18.
949 3413 1414 3497 ἀπολειφθῆναι]
1450 3412 1637 3491 Quod
1662 3412 1797 3478 Ciz.
1831 3414 2021 3479 habet
2050 3415 2323 3498 ἀποληφ-

614 3520 816 3597 θῆναι,
848 3516 1119 3604 pertinet
1148 3515 1227 3581 ad
1259 3514 1326 3579 id
1356 3515 1734 3580 confusionis
1760 3540 1981 3604 genus,
2004 3516 2177 3604 quod
2206 3539 2321 3604 per

616 3632 905 3683 veterum
937 3634 1340 3683 monumenta
1382 3617 1674 3683 latissime
1715 3636 2052 3707 grassatur,
2083 3619 2163 3685 de
2192 3644 2320 3707 quo

626 3738 765 3809 post
792 3722 944 3787 alios
975 3744 1176 3811 nuper
1200 3722 1387 3787 etiam
1413 3721 1742 3788 admonuit
1768 3722 2160 3788 doctissimus
2183 3725 2320 3787 Ha-

610 3825 751 3890 ·sius
792 3825 877 3890 ad
921 3825 1119 3890 Leon.
1152 3825 1416 3889 Diacon.
1463 3847 1529 3911 p.
1568 3844 1713 3891 211.
1744 3826 1834 3889 D.
1928 3827 2006 3890 In
2041 3824 2320 3890 Platonis

631 3928 957 4016 Symposio
982 3952 1047 4016 p.
1084 3947 1228 3995 220.
1261 3932 1458 4016 A...p.
1492 3932 1643 4010 461.
1680 3927 1879 3994 Bekk.
1911 3950 2078 3992 nunc
2106 3951 2313 3993 recen-

612 4030 810 4095 tiores
834 4047 974 4118 post
1006 4031 1252 4096 Astium
1281 4031 1359 4095 ad
1393 4033 1624 4119 Remp.
1655 4054 1721 4119 p.
1746 4049 1898 4118 543.
1926 4053 2141 4096 omnes
2169 4033 2315 4095 ἀπο-

625 4132 954 4214 ληφθέντες
987 4148 1390 4221 receperunt:
1440 4131 1613 4198 libris
1643 4134 1843 4198 MSS.
1873 4132 2165 4198 omnibus
2206 4156 2313 4197 ex-

626 4234 985 4300 bibentibus
1014 4234 1500 4319 ἀπολειφθέντες.
1592 4235 1780 4315 Quod
1824 4236 2134 4323 posterius
2176 4260 2315 4324 spe-

626 4340 784 4404 ciose
812 4354 979 4404 certe
1007 4337 1171 4403 tueri
1197 4338 1414 4426 possis,
1447 4338 1496 4403 si
1526 4339 1823 4405 adhibere
1853 4339 2003 4404 velis
2026 4340 2313 4428 Xenoph.

631 4443 896 4508 Memm.
933 4443 990 4506 I.
1020 4464 1082 4522 4.
1118 4443 1177 4504 8.
1253 4441 1487 4529 Agesil.
1521 4443 1620 4507 ll.
1654 4461 1755 4528 29.
1846 4441 2175 4508 Judicium
2221 4467 2315 4508 re-

626 4568 772 4633 apse
800 4545 1031 4633 pendet
1059 4544 1141 4609 ab
1170 4543 1448 4622 historia,
1478 4567 1668 4632 quam
1699 4545 2081 4632 ignoramus.

708 4672 774 4737 p.
809 4649 993 4724 1018,
1026 4649 1087 4712 6.
1115 4652 1352 4728 μᾶλλον
1380 4651 1495 4730 γὰρ
1525 4650 1714 4713 οἰκεία
1741 4649 1779 4728 ἡ
1810 4649 2012 4734 καλή.]
2064 4649 2320 4714 Ficinus

627 4751 880 4839 insuper
921 4749 1244 4838 expressit,
1291 4750 1464 4836 quod
1510 4750 1573 4814 in
1626 4751 1809 4815 unius
1852 4749 1993 4815 libri
2042 4752 2319 4841 margine

616 4854 856 4943 legitur
889 4855 982 4920 καὶ
1009 4855 1047 4933 ἢ
1077 4853 1365 4934 καλλονή.
1414 4852 1669 4941 Reliqui
1700 4853 1837 4918 libri
1871 4871 2175 4942 respuunt
2203 4857 2322 4922 hoc

627 4973 1058 5045 augmentum.
1176 4955 1285 5021 Ad
1332 4973 1771 5044 argumentum
1822 4957 2086 5021 universi
2131 4958 2321 5045 hujus

629 5060 741 5126 loci
771 5058 1001 5124 adhibe
1031 5059 1260 5124 librum
1288 5057 1368 5123 de
1399 5059 1832 5124 Pulcritudine
1870 5083 2061 5146 supra
2091 5063 2150 5126 Ι.
2173 5064 2230 5126 6.
2254 5084 2315 5149 3.

627 5181 690 5229 et
717 5189 780 5240 4.
817 5186 878 5250 p.
898 5180 1003 5248 52.
1037 5185 1126 5249 sq.
1159 5177 1223 5227 et
1250 5161 1330 5227 ad
1364 5185 1507 5226 eum
1538 5179 1851 5228 annotata.

709 5303 796 5316 —
822 5282 884 5347 7.
921 5267 1044 5328 Διὰ
1070 5264 1788 5347 τοῦτο-Ζεὺς-πρῶτος
1815 5267 2147 5352 πορεύεται]
2197 5267 2318 5330 Est

628 5369 791 5434 idem
819 5365 1167 5433 celebratus
1194 5366 1367 5432 locus
1395 5366 1459 5430 in
1493 5366 1772 5433 Platonis
1796 5367 2063 5433 Phaedro
2085 5391 2145 5456 p.
2172 5372 2318 5449 246.

627 5498 685 5542 e.
711 5489 775 5538 et
803 5495 868 5559 p.
895 5487 1038 5554 247.
1070 5492 1134 5557 p.
1159 5491 1268 5552 41.
1300 5494 1432 5558 sqq.
1469 5469 1666 5535 Bekk.
1698 5469 1880 5536 toties
1908 5471 1990 5536 ab
2018 5470 2151 5536 aliis
2179 5471 2315 5558 phi·

3974 484 4102 551 309

2402 631 2678 719 losophis
2704 647 2766 696 et
2796 632 2878 697 ab
2907 631 3043 720 ipso
3071 649 3281 698 nostro
3310 649 3706 700 memoratus.
3781 636 3926 703 vid.
3954 661 4016 703 v.
4044 663 4096 704 c.

2405 757 2594 822 supra
2622 735 2740 800 IV.
2772 754 2834 816 4.
2867 756 2930 820 9.
2959 757 3028 822 p.
3047 755 3199 822 403.
3223 739 3300 801 C.
3337 736 3489 824 ibiq.
3521 736 3738 803 laudd.
3768 754 3831 804 et
3860 762 3926 827 p.
3949 762 4098 826 419.

2407 837 2483 902 C.
2516 849 2581 901 et
2609 859 2674 924 p.
2696 851 2849 921 544.
2883 838 2960 902 C.
3004 853 3077 902 ut
3118 836 3240 902 alia
3280 838 3584 918 omittam,
3617 863 3763 926 quae
3805 857 3868 906 et
3912 865 4104 929 supra

2406 938 2670 1004 excitavi
2713 953 2775 1003 et
2817 938 2898 1004 ad
2932 939 3188 1005 Phoedri
3230 942 3437 1005 locum
3479 942 3864 1032 collegerunt
3897 945 4099 1010 Hein-

2405 1042 2569 1108 dorf.
2599 1066 2665 1131 p.
2694 1062 2836 1128 251.
2870 1066 3006 1131 sqq.
3040 1061 3104 1108 et
3133 1046 3275 1109 Ast.
3308 1066 3370 1131 p.
3399 1049 3541 1129 296.
3571 1069 3709 1134 sqq.
3745 1061 3808 1112 et
3851 1046 3935 1112 ad
3973 1048 4097 1113 cal-

2404 1168 2538 1211 cem
2570 1145 2757 1232 Reip.
2789 1169 2852 1234 p.
2881 1147 3030 1232 653.
3062 1170 3202 1234 sqq.
3292 1147 3477 1226 Quod
3520 1148 3931 1216 Heindorfius
3974 1156 4098 1218 δαι-

2405 1247 2606 1329 μόνων
2635 1248 2882 1312 nomine
2923 1247 3162 1313 animos
3195 1272 3452 1338 quoque
3494 1253 3933 1340 comprehendi
3975 1278 4099 1343 pu-

2408 1363 2535 1416 tat:
2584 1350 2647 1415 in
2688 1374 2763 1415 eo
2805 1351 3115 1416 Plotinum
3161 1353 3444 1440 quidem,
3476 1354 3588 1442 qui
3633 1354 3860 1422 diserte
3900 1361 4105 1442 ψυχὰς

2405 1452 2609 1531 addit,
2641 1476 2766 1518 non
2796 1454 3241 1543 suffragantem
3271 1456 3482 1523 habet.
3558 1459 3721 1537 Quae
3748 1459 3921 1547 apud
3956 1461 4099 1525 Pla-

2408 1572 2616 1622 tonem
2655 1574 3043 1646 sequuntur:
3092 1561 3278 1642 ἄκραν
3319 1561 3434 1625 ὑπὸ
3480 1562 3608 1644 (ἐπὶ
3654 1561 3952 1649 Heindf.)
3997 1563 4105 1643 τὴν

2406 1660 2765 1744 ὑπουράνιον
2810 1662 3117 1744 (οὐράνιον
3162 1661 3465 1749 Heindf.)
3513 1665 3706 1748 ἀψΐδα
3754 1669 4105 1747 πορεύονται

2403 1763 2551 1845 πρὸς
2585 1765 2834 1832 ἄναντες
2860 1764 3190 1846 &bn—haec
3234 1765 3446 1831 multis
3489 1766 3902 1856 interpretum
3932 1785 4104 1834 vete-

2405 1888 2545 1930 rum
2593 1865 3121 1953 disputationibus
3165 1867 3369 1933 locum
3422 1868 3726 1950 feoerunt,
3770 1884 3834 1936 et
3881 1895 4102 1936 secun-

2406 1967 2558 2032 dum
2604 1968 2892 2034 Proclum
2939 1970 3002 2035 in
3055 1970 3334 2035 Platonis
3382 1971 3690 2060 Theolog.
3727 1975 3847 2040 IV.
3886 1977 3986 2040 16.
4035 1999 4104 2062 p.

2410 2089 2555 2157 215.
2618 2070 2803 2136 Plato
2833 2073 2949 2138 sibi
2978 2072 3458 2139 informaverat:
3506 2075 3640 2143 τοὺς
3675 2082 3831 2158 τρεῖς
3866 2079 4108 2145 τούτους

2408 2172 2780 2256 διακόσμους,
2811 2176 2917 2240 τὸν
2958 2175 3383 2259 ὑπερουράνιον
3423 2174 3629 2255 τόπον,
3671 2178 3780 2258 τὴν
3822 2180 4104 2261 οὐρανίαν

2409 2280 2761 2359 περιφορὰν,
2793 2278 2901 2357 τὴν
2928 2278 3285 2361 ὑπουράνιον
3313 2283 3521 2363 ἁψῖδα.
3612 2281 3770 2344 Mox
3818 2280 4106 2347 Plotinus

2410 2379 2542 2468 ipse
2573 2379 2944 2445 mentionem
2976 2379 3126 2445 facit
3152 2381 3313 2449 τινὸς
3341 2381 3595 2465 ἀοράτου
3623 2382 3831 2448 τόπους
3866 2399 3929 2448 et
3959 2384 4105 2449 Plo-

2411 2482 2521 2547 tini
2545 2483 2744 2548 nostri-
2767 2483 2829 2547 in
2860 2483 3075 2548 iisdem
3099 2483 3627 2572 disputationibus
3654 2485 3735 2551 de
3764 2487 3901 2553 loco
3924 2489 4107 2554 Pbae-

2408 2584 2506 2650 dri
2533 2586 2769 2652 mentio
2795 2586 2889 2651 fit.
2980 2588 3085 2652 Ita
3111 2587 3273 2652 enim
3308 2588 3569 2653 Proclus
3600 2588 3637 2652 l.
3657 2591 3735 2654 l.:
3786 2593 3819 2655 ὁ
3846 2592 3960 2670 μὲν
3987 2594 4104 2675 γὰρ

2410 2690 2475 2754 ἑκ
2526 2694 2628 2770 τῆς
2665 2688 2913 2771 Ἀσίνης
2961 2688 3303 2775 φιλόσοφος
3355 2691 3679 2774 (nimirum
3726 2693 4106 2759 Theodorus

2410 2792 2762 2878 Asinaeus),
2807 2799 2887 2882 τῷ
2932 2796 3224 2881 Πλωτίνῳ
3265 2794 3631 2876 πειθόμενος,
3683 2798 3751 2862 τὸ
3796 2803 4108 2882 προσεχῶς

2408 2896 2524 2962 ἀπὸ
2584 2902 2691 2961 τοῦ
2748 2898 3079 2980 ἀποῤῥήτου
3142 2899 3443 2981 προελθὸν
3500 2900 3860 2982 ὑπουράνιον
3916 2904 4109 2983 ἁψῖδα

2405 3002 2815 3084 προσείρηκεν,
2863 3003 2940 3069 ὣς
2992 3005 3060 3067 ἐν
3104 3006 3185 3089 τῷ
3236 3004 3371 3084 περὶ
3421 3002 3728 3084 ὀνομάτων
3774 3012 4112 3087 φιλοσοφεῖ

2404 3103 2540 3185 περὶ
2583 3106 2825 3169 τούτων.
2947 3106 3183 3170 Nostro
3230 3105 3483 3192 quidem
3532 3106 3668 3171 loco
3710 3105 3937 3172 diserte
3982 3108 4103 3173 hu-

2394 3205 2507 3294 -jus
2550 3209 2769 3291 ἁψῖδος
2812 3207 2985 3273 nulla
3026 3209 3282 3286 menti0,
3319 3232 3432 3273 nec
3475 3208 3644 3286 alibi,
3674 3209 3846 3297 quod
3893 3209 4103 3290 sciam,

2406 3309 2472 3374 in
2523 3309 2635 3375 his·
2665 3311 3120 3393 Enneadibus3
3183 3329 3256 3378 ut
3297 3314 3558 3378 fortasse
3600 3314 3719 3378 hoc
3762 3314 4104 3379 testimoni-

2407 3435 2516 3476 um
2564 3413 2771 3478 Procli
2821 3430 3195 3502 argumento
3244 3416 3343 3493 sit,
3386 3415 3451 3480 in
3501 3414 3699 3479 altera
3746 3414 3853 3479 illa
3898 3414 4101 3481 Ploti-

2409 3515 2736 3581 nianornm
2790 3517 3091 3583 librorum
3144 3517 3376 3584 ἐκδόσει
3426 3519 3637 3606 (cujus
3682 3517 3804 3582 alia
3846 3541 4102 3606 quoque

2405 3618 2667 3707 vestigia
2720 3619 3122 3706 offendimus)
3181 3620 3318 3683 haec
3377 3620 3631 3684 uberius
3699 3619 3928 3684 alicubi
3984 3644 4098 3686 ex-

2403 3722 2607 3809 posita
2644 3722 3209 3788 fuisse.—Addam
3254 3722 3433 3787 binos
3476 3721 3681 3787 locos:
3731 3722 3915 3788 Philo
3942 3722 4096 3789 Jud.

2404 3823 2484 3889 de
2514 3823 2883 3890 Cherubim.
2915 3825 3052 3891 Vol.
3094 3827 3189 3891 ΙΙ.
3236 3849 3297 3914 p.
3338 3847 3432 3907 14.
3465 3826 3703 3891 Pfeiffi:
3752 3832 3858 3891 τοῦ
3883 3828 4104 3895 παντὸς

2405 3927 2661 4009 οὐρανοῦ
2704 3928 2961 4013 ἔσχατος
3004 3931 3176 4011 ἁψίς.
3269 3930 3446 3995 Stob.
3477 3928 3746 4017 Eclogg.
3777 3928 4004 4017 PhySS.
4041 3932 4100 3995 Ι.

2408 4046 2507 4111 27.
2559 4053 2623 4117 p.
2656 4045 2806 4115 550.
2857 4033 3055 4095 Heer.
3104 4029 3183 4095 de
3231 4030 3429 4097 luna:
3494 4032 3701 4112 κοιλῆν
3743 4033 3946 4117 ἔχοντι
3995 4032 4103 4113 τὴν

2405 4134 2617 4215 ἁψῖδα.
2667 4131 2858 4197 Unde
2887 4136 3133 4216 ἁψίδιον
3161 4133 3659 4209 deminutivum
3708 4134 3789 4199 de
3816 4159 3945 4223 quo
3976 4135 4099 4200 vid.

2406 4237 2641 4300 Coraes
2681 4236 2744 4301 in
2785 4235 3093 4305 Ἀτάκτοις
3122 4238 3219 4301 ΙΙ.
3251 4261 3314 4325 p.
3341 4256 3445 4322 77.
3521 4239 3816 4303 Ceterum
3842 4237 3925 4303 cf.
3960 4237 4105 4302 Plo·

2406 4338 2517 4404 tin.
2553 4340 2667 4405 lV.
2707 4360 2760 4405 1.
2797 4363 2859 4427 p.
2888 4343 3043 4425 360.
3071 4341 3160 4404 A.

2490 4466 2556 4530 p.
2597 4463 2783 4527 1019,
2825 4460 2923 4527 17.
2969 4448 3091 4511 τοῖς
3135 4444 3201 4506 δὲ
3247 4446 3344 4508 διὰ
3382 4444 3604 4512 παντὸς
3647 4446 3777 4509 οἷον
3807 4447 4105 4509 οἰνωθεῖσι

2407 4548 2503 4610 καὶ
2530 4550 2896 4627 πληρωθεΐσι
2923 4550 3029 4609 τοῦ
3058 4546 3358 4631 νέκταρος]
3401 4545 3747 4634 Imaginem
3780 4570 3818 4611 a
3842 4547 4105 4613 Platone

2406 4672 2520 4712 suo
2547 4663 2641 4712 est
2672 4663 3020 4726 mutuatus,
3051 4670 3193 4712 cum
3226 4648 3305 4711 de
3337 4648 3612 4713 Phaedro
3641 4673 3702 4737 p.
3728 4666 3874 4733 247.
3900 4653 4008 4715 fin.
4042 4675 4103 4739 p.

2404 4771 2510 4836 43.
2534 4748 2734 4814 Bekk.
2767 4765 2902 4814 tum
2928 4749 3009 4814 de
3034 4750 3365 4837 Symposio
3388 4773 3451 4837 p.
3477 4770 3621 4838 203.
3646 4774 3714 4838 p.
3730 4770 3877 4836 429.
3900 4752 4101 4818 Bekk.

2407 4853 2594 4932 Quod
2625 4856 2924 4918 οἷνωθεῖσι
2967 4875 3109 4917 cum
3151 4854 3438 4918 Nectaris
3481 4854 3795 4918 mentione
3838 4856 4099 4942 conjun-

2402 4956 2576 5044 gitur
2604 4956 2669 5021 h.
2692 4955 2763 5034 1.,
2795 4956 3091 5020 admonet
3120 4955 3424 5043 Appuleii
3460 4956 3957 5044 MetamorphoS.
3986 4959 4103 5022 VI.

2412 5078 2554 5146 125.
2584 5082 2649 5146 p.
2675 5061 2825 5141 426.
2852 5083 2945 5147 sq.
2978 5060 3312 5125 Oudend.:
3350 5070 3394 5100 ‘⁶
3421 5062 3613 5124 Tunc
3642 5058 3935 5146 poculum
3967 5082 4107 5125 nec-

2405 5162 2576 5240 tariS,
2605 5163 2772 5249 quod
2802 5164 3024 5227 vinum
3052 5164 3308 5227 deorum
3338 5173 3450 5242 est,
3481 5165 3527 5228 J
3530 5162 3633 5228 ovi
3662 5161 3916 5249 quidem
3955 5187 4107 5228 suus

2405 5264 2728 5353 pocillator
2769 5265 2872 5330 ille
2916 5265 3184 5331 rusticus
3227 5289 3408 5353 puer,
3450 5265 3688 5344 ceteris,
3721 5289 3868 5330 vero
3908 5267 4105 5332 Liber

2405 5367 2796 5433 ministrabat
2828 5369 2884 5432 :⁹⁹
2961 5368 3068 5434 ubi
3125 5367 3578 5457 Oudendorpio
3633 5369 4104 5457 suffragandum

2404 5486 2587 5559 put0,
2618 5471 2727 5558 qui
2773 5472 2962 5536 verba
3003 5473 3343 5559 quod—est
3388 5495 3428 5536 a
3476 5471 3862 5559 glossematis
3903 5477 4104 5564 suspi-
