5118 6613
1112 571 1197 638 52

1119 724 1418 790 Phaedon.
1451 746 1519 811 p.
1551 725 1652 804 64.
1685 745 1748 812 p.
1790 742 1895 805 40.
1941 722 2144 811 wytt.
2189 736 2253 787 et
2292 723 2492 810 Gorg.
2534 744 2600 810 p.
2629 739 2777 807 524.

1200 952 1261 1016 p.
1296 928 1431 1001 108,
1466 947 1562 1014 13.
1607 929 2031 1012 μεγαλοψυχία
2087 929 2152 991 δὲ
2208 928 2277 1007 δὴ
2324 927 2625 1010 ὑπεροψία
2667 931 2783 990 τῶν

1115 1030 1280 1115 τῇδε]
1318 1028 1497 1093 Plato
1540 1028 1747 1094 Alcib.
1783 1030 1837 1093 Ι.
1870 1049 2008 1111 140.
2038 1053 2092 1094 c.
2160 1029 2425 1094 Aristot.
2478 1028 2672 1094 Rhet.
2721 1029 2778 1093 Ι.

1112 1152 1219 1218 33.
1290 1131 1444 1196 Eth.
1476 1131 1719 1196 Nicom.
1753 1133 1811 1196 Ι.
1838 1151 1935 1195 10.
1973 1132 2088 1196 IV.
2120 1152 2181 1219 3.
2220 1131 2305 1196 Ei
2345 1130 2647 1195 contraria
2685 1157 2779 1211 μι-

1116 1235 1431 1317 κροψυχία,
1454 1235 1723 1321 affectus
1745 1235 2161 1321 demissusqtae
2186 1238 2456 1298 animus.
2501 1233 2579 1298 cf.
2605 1233 2783 1298 Grae-

1112 1336 1251 1400 vius
1291 1336 1369 1400 ad
1417 1336 1549 1401 Cic.
1586 1338 1792 1424 Epist.
1839 1336 1919 1400 ad
1957 1339 2086 1400 Att.
2121 1337 2254 1401 IX.
2285 1356 2379 1401 11.
2412 1358 2478 1422 p.
2507 1338 2609 1420 65.
2649 1334 2779 1413 ubi,

1113 1438 1282 1525 quod
1304 1437 1506 1503 Codd.
1524 1437 1716 1526 vulgo
1736 1438 2028 1504 exhibent
2043 1440 2442 1522 μακροψνχία,
2461 1460 2585 1502 11011
2605 1439 2782 1503 Grae-

1112 1563 1254 1605 cum
1302 1564 1431 1605 esse
1471 1539 1670 1605 docet.
1746 1539 1889 1605 Vid.
1920 1540 2102 1604 etiam
2143 1564 2330 1630 supra
2369 1539 2450 1605 ad
2479 1563 2540 1627 p.
2570 1557 2674 1626 54.
2702 1543 2779 1605 C.

1114 1644 1309 1709 Plura
1334 1642 1593 1730 apposui
1620 1642 1685 1706 in
1714 1642 1842 1709 Ed.
1872 1642 2076 1730 pecul.

1196 1782 1282 1795 —
1310 1765 1408 1827 14.
1436 1747 1474 1825 ἡ
1502 1748 1567 1810 δὲ
1594 1747 2031 1827 φρόνησις-ἑν
2059 1747 2411 1827 ἀποπροφῇ
2448 1749 2566 1807 τῶν
2594 1742 2769 1828 κάτω]

1113 1848 1296 1913 Plato
1337 1847 1417 1912 de
1446 1849 1648 1935 Legg.
1682 1849 1818 1912 ΙΙΙ.
1850 1870 1911 1934 p.
1938 1867 2075 1932 129.
2147 1843 2455 1911 Aristotel.
2488 1844 2682 1909 Rhet.
2716 1846 2776 1909 Ι.

1112 1971 1215 2037 33.
1262 1949 1418 2014 Eth.
1449 1951 1569 2014 VI.
1597 1965 1662 2036 5.
1686 1972 1756 2036 p.
1787 1967 1924 2015 102.
1956 1973 2092 2036 sqq.
2139 1948 2436 2037 Sylburg.
2486 1946 2599 2011 Ad
2627 1949 2777 2011 ἀπο-

1115 2056 1346 2135 στροφῇ
1374 2058 1490 2116 τῶν
1519 2051 1670 2116 κάτω
1698 2051 1780 2116 cf.
1809 2051 1952 2115 infr.
1981 2076 2048 2140 p.
2078 2054 2187 2138 56.
2216 2053 2301 2116 E.
2331 2065 2395 2116 et
2420 2073 2566 2137 quoe
2593 2072 2783 2138 supra

1111 2155 1291 2242 posui
1320 2154 1396 2218 ad
1432 2155 1487 2218 1.
1517 2171 1577 2217 2.
1606 2175 1671 2236 4.
1703 2176 1768 2240 p.
1797 2175 1897 2236 14.
1930 2155 2004 2217 B.

1196 2293 1283 2306 -
1309 2273 1406 2343 15.
1435 2257 1783 2340 γίνεται-ἦ
1835 2257 2439 2340 ψυχὴ-ὁμοιωθῆναι
2494 2259 2575 2342 τῷ
2633 2257 2774 2342 θεῷ]

1113 2358 1298 2424 Plato
1344 2358 1424 2423 de
1472 2359 1637 2445 Rep.
1683 2358 1777 2422 X.
1821 2382 1890 2446 p.
1921 2362 2069 2445 613.
2106 2381 2160 2422 a.
2204 2357 2340 2422 coll.
2378 2359 2494 2422 VI.
2533 2380 2601 2444 p.
2630 2372 2781 2443 500.

1111 2486 1166 2527 c.
1196 2461 1258 2526 d.
1307 2463 1504 2549 Legg.
1540 2462 1656 2526 1v.
1686 2484 1752 2548 p.
1786 2462 1927 2543 716.
1961 2461 2021 2526 b.
2045 2484 2100 2525 c.
2133 2475 2195 2526 et
2222 2459 2499 2547 inprimis
2529 2459 2777 2525 Theaet.

1110 2587 1178 2651 p.
1217 2567 1354 2647 176.
1396 2564 1577 2628 b—e.
1643 2562 1906 2628 Aristid.
1951 2564 2127 2628 Orat.
2174 2561 2417 2627 Platon.
2450 2563 2535 2626 T.
2572 2564 2673 2627 11.
2718 2585 2778 2650 p.

1119 2681 1255 2750 154.
1287 2666 1478 2730 Jebb.
1524 2664 1842 2729 Plutarch.
1872 2664 1937 2728 d.
1973 2665 2138 2729 S.N.
2160 2666 2238 2727 V.
2269 2688 2336 2752 p.
2361 2679 2459 2750 15.
2488 2678 2551 2728 et
2579 2687 2642 2751 p.
2675 2682 2780 2749 27.

1111 2766 1211 2831 ed.
1241 2769 1453 2854 Wytt.
1484 2782 1542 2830 et
1573 2765 1654 2831 cf.
1686 2768 2146 2853 Morgenstern.
2192 2765 2271 2830 de
2314 2765 2475 2831 Plat-
2517 2767 2683 2853 Rep.
2713 2789 2780 2853 p.

1119 2886 1261 2954 153.
1295 2892 1430 2955 sqq.
1460 2868 1727 2954 denique
1755 2867 2214 2955 componendus
2238 2890 2381 2932 cum
2412 2882 2623 2932 nostro
2647 2867 2781 2933 loco

1111 2970 1268 3035 alius
1313 2970 1698 3035 Plotinianus
1747 2984 1837 3034 est
1878 2993 1946 3058 p.
1980 2987 2118 3056 719.
2148 2971 2295 3034 infr.
2326 2993 2390 3058 p.
2424 2985 2567 3053 720.
2610 2993 2777 3058 supr.

1112 3096 1383 3159 quocum
1439 3073 1834 3160 comparandi
1881 3073 2267 3161 Porphyrius
2324 3073 2404 3137 de
2457 3072 2776 3161 gradibus,

1112 3175 1343 3262 quibus
1378 3174 1735 3263 pervenitur
1779 3175 1859 3238 ad
1895 3176 2104 3240 Deum
2140 3175 2204 3239 in
2236 3178 2543 3240 Sententt.
2574 3198 2636 3239 n.
2670 3195 2777 3262 34.

1116 3276 1442 3342 Iamblich.
1475 3279 1551 3344 de
1581 3279 1779 3366 Myst.
1810 3278 1961 3367 AEg.
1993 3280 2088 3344 X.
2124 3293 2186 3364 7.
2214 3301 2283 3366 p.
2312 3279 2451 3361 178.
2526 3277 2672 3344 Gal.
2716 3294 2779 3344 et

1111 3380 1315 3468 Epist.
1348 3382 1408 3445 Ι.
1437 3380 1517 3446 ad
1543 3381 1823 3447 Corinth.
1851 3383 1909 3446 Ι.
1925 3401 2034 3468 30.
2084 3382 2330 3470 Inspice
2357 3380 2540 3446 etiam
2572 3382 2778 3447 Procli

1114 3484 1272 3548 Inst.
1300 3482 1519 3549 Theol.
1549 3507 1685 3572 cap.
1718 3504 1853 3570 194.
1882 3506 1947 3573 p.
1975 3503 2117 3572 290.
2149 3483 2251 3549 ed.
2282 3498 2469 3549 nostr.
2516 3485 2619 3549 De
2646 3507 2780 3549 sen-

1112 3586 1304 3652 tentia
1329 3586 1564 3675 aliquid
1582 3587 1715 3675 jam
1745 3610 1991 3652 monere
2017 3609 2117 3652 me
2139 3586 2383 3652 memini
2406 3585 2486 3651 ad
2506 3602 2780 3652 extrema

1110 3690 1299 3755 verba
1324 3690 1540 3777 capitis
1568 3689 1768 3777 quinti
1797 3714 1988 3780 supra
2012 3714 2079 3780 p.
2107 3709 2216 3776 55.
2248 3692 2332 3754 Α.

1194 3815 1258 3879 p.
1282 3811 1421 3877 109,
1446 3812 1504 3858 2.
1528 3797 1663 3860 νοῦς
1679 3793 1896 3857 δέ-τὸ
1920 3793 2138 3861 κάλλος
2155 3794 2300 3873 αὐτῇ
2321 3794 2538 3857 οἰκεῖον
2553 3793 2768 3877 κ.τ.λ.]

1114 3894 1329 3959 Cicero
1358 3892 1592 3958 Acadd.
1622 3896 1718 3958 11.
1746 3914 1839 3960 12.
1867 3895 1995 3959 “id
2024 3895 2193 3981 quod
2216 3893 2775 3960 accoommodatum

1111 3993 1190 4059 ad
1220 4009 1504 4059 naturam
1533 4011 1826 4081 appareat
1857 3997 2095 4080 (Graeci
2132 4000 2348 4063 οἰκεῖον
2376 3995 2778 4085 appellant).”

1114 4095 1215 4160 Cf.
1251 4119 1439 4184 supra
1463 4110 1755 4161 annotata
1780 4098 1860 4161 ad
1889 4121 1953 4185 p.
1984 4113 2088 4182 54.
2119 4099 2204 4163 D.

1193 4235 1282 4249 -
1310 4218 1373 4281 4.
1436 4201 1786 4279 ὁμοιωθῆναι
1844 4199 1996 4264 εἶναι
2044 4204 2177 4284 θεῷ,
2223 4201 2513 4266 ὅτι-τῶν
2555 4201 2773 4287 ὄντων]

1110 4307 1154 4341 “
1177 4300 1333 4366 Cod.
1360 4300 1639 4365 Vossian.
1660 4300 1834 4366 addit
1858 4301 2007 4367 εἶναι
2027 4315 2168 4366 ante
2190 4306 2324 4388 θεῷ,
2341 4302 2556 4368 bene.”
2578 4305 2664 4367 D.
2681 4304 2772 4367 W.

1112 4404 1484 4491 Recepimus
1525 4426 1604 4468 ex
1644 4403 1958 4468 codicibus
1994 4403 2214 4468 nostris
2245 4404 2578 4491 plerisque,
2605 4418 2671 4469 et
2697 4427 2775 4468 ex

1111 4505 1348 4586 Fit-ino,
1392 4506 1502 4593 qui
1543 4530 1578 4570 e
1623 4505 1923 4571 Mediceis
1967 4504 2136 4570 libris
2179 4506 2497 4592 adoptavit
2538 4521 2601 4573 et
2641 4528 2775 4571 ver-

1110 4607 1298 4673 tendo
1344 4607 1631 4674 reddidit.
1720 4608 1832 4673 Ad
1885 4607 2242 4674 sententiam
2293 4608 2372 4672 cf.
2424 4608 2653 4674 Plotin.
2701 4609 2776 4672 de

1111 4711 1289 4775 Bono
1315 4720 1377 4775 et
1411 4713 1551 4776 Uno
1576 4735 1643 4799 p.
1675 4710 1820 4795 768.
1851 4712 1927 4777 A.
1976 4710 2405 4798 Augustinum
2449 4710 2510 4773 in
2566 4710 2769 4798 Epist.

1108 4811 1191 4876 ad
1220 4813 1589 4878 Marcellum
1622 4815 1762 4900 138.
1794 4838 1859 4902 p.
1882 4833 2034 4895 412.
2061 4813 2206 4877 etin
2239 4812 2517 4877 Confess,
2551 4813 2645 4877 X.
2668 4832 2774 4899 53.

1108 4914 1188 4979 cf.
1221 4928 1286 4979 et
1313 4938 1503 5003 supra
1529 4939 1589 5004 p.
1620 4935 1726 5002 51.
1761 4916 1846 4980 G.

1192 5054 1281 5068 —
1297 5019 1362 5082 6.
1391 5019 1428 5098 ἡ
1458 5020 1522 5082 δὲ
1554 5018 1724 5101 ἑτέρα
1760 5019 1956 5101 φύσις,
1987 5016 2054 5081 τὸ
2090 5015 2372 5104 αἰσχρὸν]
2407 5016 2567 5079 Haec
2607 5014 2771 5080 flux-

1108 5133 1292 5185 erunt
1329 5142 1406 5184 ex
1446 5118 1721 5184 Platonis
1762 5118 2041 5184 doctrina
2085 5118 2285 5199 ἑτέρου
2335 5116 2461 5181 sive
2506 5117 2771 5198 θατέρου.

1109 5222 1253 5288 Vid.
1285 5222 1596 5286 Timaeum
1622 5239 1730 5306 35.
1762 5245 1855 5309 sq.
1924 5220 2242 5285 Plutarch.
2289 5218 2369 5283 de
2395 5217 2673 5283 virtutib.
2704 5241 2766 5305 p.

1105 5347 1257 5408 441.
1287 5348 1378 5413 sq.
1455 5322 1683 5389 Pollux
1715 5325 1794 5387 V.
1822 5324 1958 5406 169.
1993 5345 2085 5409 sq.
2119 5336 2181 5386 et
2206 5321 2287 5386 cf.
2319 5323 2463 5387 Ast.
2496 5318 2575 5384 ad
2607 5319 2768 5385 Plat.

1108 5428 1360 5494 Phaedr.
1390 5450 1456 5515 p.
1492 5443 1632 5513 290.
1676 5424 1836 5491 adde
1879 5423 2104 5490 Plotin.
2150 5446 2338 5512 supra
2363 5446 2429 5511 p.
2456 5443 2562 5509 54.
2598 5423 2675 5487 F.
2704 5446 2767 5510 p.

1104 5531 1254 5617 463.
1283 5532 1363 5595 A.
1392 5553 1457 5618 p.
1488 5544 1638 5616 559.
1666 5530 1751 5593 A.

2069 547 2887 617 ANNOTATIONES
2955 550 3064 614 IN
3130 548 3569 615 PLOTINI

2950 737 3116 805 —7.
3150 721 3307 784 ὥστε
3357 723 3587 786 κάκεῖνο
3636 719 3880 808 ταύτὸν]
3930 726 3976 759 “
3996 718 4154 784 Cod.
4206 720 4380 784 V0s8.
4438 716 4533 804 [et

2866 838 2990 889 tres
3035 822 3158 901 alii,
3206 822 3372 908 iique
3417 822 3586 888 boni.
3630 822 3756 887 vid.
3808 845 3967 887 varr.
4015 821 4216 910 lectt.]
4263 823 4526 908 κάκείνῳ.

2868 926 3154 991 Fortasse
3198 924 3528 1011 legendum
3569 927 3860 1003 κάκείνως,
3897 924 3939 989 i.
3971 947 4025 989 e.
4057 925 4241 990 etiam
4284 924 4389 989 illa
4429 948 4529 990 ra-

2869 1028 3090 1093 tione.”
3116 1029 3204 1094 D.
3230 1029 3324 1092 W.
3370 1027 3540 1093 Guil.
3576 1027 3877 1092 Rinckius
3917 1041 4129 1092 tuetur
4169 1027 4233 1091 in
4275 1028 4392 1093 hac
4419 1051 4531 1091 vo·

2864 1129 3006 1194 cula
3032 1129 3352 1195 lectionem
3380 1129 3717 1217 vulgatam.
3787 1130 4026 1194 Locum
4057 1145 4265 1195 autem
4298 1131 4384 1195 ita
4410 1129 4533 1194 dis-

2867 1233 3066 1319 tingui
3114 1248 3174 1297 et
3217 1232 3339 1320 legi
3379 1233 3597 1319 jubet:
3645 1233 3711 1297 τὸ
3755 1233 4026 1316 αἰσχρὸν,
4061 1232 4129 1297 τὸ
4173 1232 4221 1297 δ’
4262 1233 4402 1298 αὐτὸ
4437 1234 4531 1298 καὶ

2865 1341 3095 1417 πρῶτον
3139 1337 3336 1400 κακόν·
3384 1338 3539 1400 ὥστε
3582 1337 3812 1399 κάκεῖνο
3855 1336 4068 1399 ταύτόν
4109 1334 4158 1398 τ’
4200 1337 4426 1417 ἀγαθόν
4466 1361 4531 1400 τε

2867 1437 2961 1500 καὶ
2992 1436 3254 1516 καλὸν,ἦ
3287 1465 3337 1501 κ.
3357 1464 3411 1502 τ.
3432 1445 3492 1501 λ.
3541 1439 3685 1524 Ego
3711 1450 3952 1501 mutare
3978 1437 4042 1500 in
4070 1437 4370 1525 ejusmodi
4398 1437 4532 1502 loca

2865 1538 3139 1626 religioni
3184 1539 3356 1604 duxi.
3446 1539 3670 1604 Eidem
3717 1538 3984 1604 Rinckio
4023 1538 4224 1627 placet
4261 1542 4366 1604 οὖν
4398 1563 4530 1627 prae

2866 1642 2939 1705 αὖ
2976 1655 3038 1705 et
3066 1642 3153 1722 δή.
3242 1645 3461 1728 Atque
3502 1640 3657 1706 illud
3701 1642 3954 1706 Ficinus
3994 1642 4310 1728 expressit.
4397 1643 4530 1707 Nos

2865 1742 3217 1808 melioribus
3243 1743 3413 1808 libris
3441 1744 4020 1832 obtemperavimus.

2945 1882 3032 1896 —
3053 1866 3113 1930 9.
3147 1849 3242 1911 καὶ
3269 1846 3336 1910 τὸ
3365 1853 3593 1928 πρῶτον
3623 1847 3826 1911 θετέον
3853 1847 3961 1926 τὴν
3983 1848 4438 1927 καλλονὴν-τᾶ
4463 1851 4528 1912 δὲ

2865 1949 3025 2013 ἄλλα
3050 1949 3157 2029 ἤδη
3187 1949 3364 2033 καλά]
3401 1951 3521 2013 Est
3549 1949 3718 2013 locus
3753 1948 4100 2035 primarius
4192 1949 4374 2014 Plato
4397 1949 4535 2036 ipse·

2863 2048 2981 2114 hoc
3007 2050 3345 2126 decretum,
3370 2074 3498 2137 quo
3519 2052 3820 2115 Pulcrum
3847 2054 4054 2139 ipsum
4081 2052 4243 2116 idem
4269 2074 4400 2116 esse
4414 2074 4528 2139 po-

2862 2155 3045 2217 m'tur
3068 2176 3144 2218 ac
3170 2154 3442 2234 Bonum,
3469 2176 3635 2217 nunc
3674 2153 3924 2220 strictim
3957 2153 4176 2240 tangit,
4203 2176 4371 2220 nuuc
4412 2154 4528 2218 du-

2863 2254 3130 2320 bitanter
3169 2256 3425 2343 profert,
3465 2278 3631 2320 nunc
3664 2278 3811 2320 vero
3852 2279 3888 2320 e
3936 2256 4062 2320 suis
4104 2256 4301 2322 causis
4349 2279 4526 2344 repe-

2865 2358 3049 2423 titum
3101 2357 3326 2423 certius
3373 2357 3786 2445 fidentiusque
3832 2359 4169 2423 confirmat.
4261 2360 4368 2423 Tu
4425 2358 4526 2423 adi

2866 2460 3085 2547 Lysid.
3116 2483 3180 2548 p.
3219 2463 3361 2528 216.
3395 2462 3480 2526 D.
3530 2461 3729 2548 Hipp.
3757 2462 3901 2547 maj.
3927 2483 3991 2547 p.
4020 2463 4163 2545 296.
4190 2484 4280 2548 sq.
4314 2460 4520 2526 Alcib.

2864 2586 2964 2651 pr.
3013 2588 3076 2650 p.
3117 2582 3254 2649 115.
3310 2586 3401 2651 sq.
3457 2576 3519 2628 et
3562 2563 3722 2649 inpr.
3774 2562 4102 2627 Philebum
4159 2585 4222 2650 p.
4274 2565 4377 2644 64.
4429 2587 4519 2650 sq.

2865 2665 3076 2730 Etiam
3107 2665 3392 2731 Plotinus
3436 2665 3596 2731 redit
3625 2665 3954 2753 saepissime
3994 2665 4074 2728 ad
4118 2665 4286 2730 hunc
4322 2665 4524 2730 locum

2863 2767 2972 2855 qui
3014 2783 3107 2833 est
3133 2769 3209 2832 de
3243 2770 3423 2833 Bono
3464 2769 3783 2856 eodemque
3811 2771 4026 2855 primo
4062 2769 4301 2855 pulcro,
4335 2769 4526 2856 deque

2855 2870 3171 2958 gradibus
3203 2871 3679 2958 pulcritudinis.
3755 2870 3893 2935 vid.
3941 2893 4004 2958 p.
4044 2890 4185 2956 291.
4216 2872 4299 2934 D.
4326 2872 4408 2935 E.
4456 2895 4522 2959 p.

2862 2973 3009 3058 556.
3046 2974 3120 3037 C.
3145 2973 3231 3037 D.
3263 2995 3327 3059 p.
3360 2987 3507 3057 557.
3539 2995 3630 3059 sq.
3663 2996 3728 3060 p.
3765 2990 3907 3056 714.
3940 2997 4029 3059 sq.
4077 2972 4415 3059 praesertim
4456 2996 4518 3061 p.

2865 3093 3008 3158 724.
3042 3098 3133 3161 sq.
3183 3076 3326 3138 Hos
3357 3073 3523 3139 locos
3552 3075 3808 3140 tractavi
3838 3075 3900 3139 in
3929 3075 4055 3140 Ed.
4086 3074 4288 3163 pecul.
4312 3097 4375 3162 p.
4402 3093 4527 3160 294

2861 3178 3093 3263 —298.

2945 3315 3033 3328 —
3056 3297 3150 3344 12.
3175 3279 3291 3344 Καὶ
3311 3282 3385 3345 τὸ,
3405 3280 3898 3364 σῶματα-ψνχὴ
3913 3279 4019 3361 ἤδη
4038 3279 4220 3365 ποιεῖ]
4249 3279 4525 3345 “Anima

3615 3383 3652 3410 Ὦ

2861 3381 3064 3446 reddit
3091 3405 3349 3468 corpora
3375 3381 3611 3469 pulcra.
3721 3384 3907 3448 Hanc
3935 3383 4299 3447 sententiam
4327 3382 4519 3472 expli-

2860 3497 2960 3549 cat
2987 3484 3360 3550 Plutarchus
3386 3484 3449 3549 in
3478 3485 3826 3572 fragmento
3851 3484 3992 3550 libri
4018 3484 4220 3549 amissi
4243 3508 4364 3572 pro
4378 3486 4525 3573 pul-

2860 3589 3191 3668 critudine,
3234 3611 3335 3674 ap.
3388 3588 3559 3653 Stob.
3616 3589 3809 3652 Serm.
3859 3590 3960 3673 63.
4001 3611 4067 3675 p.
4099 3588 4248 3669 408.
4276 3610 4341 3674 p.
4371 3588 4517 3672 496.

2863 3689 3175 3754 Gaisford.
3207 3712 3393 3777 quem
3422 3688 3622 3754 locum
3656 3712 3843 3777 supra
3870 3689 4138 3755 laudavi.
4209 3689 4307 3754 Cf.
4341 3690 4521 3754 etiam

2862 3792 3086 3857 Plotin.
3128 3815 3193 3879 p.
3231 3809 3375 3878 715.
3412 3794 3487 3858 C.
3563 3793 3982 3879 Conjunctum
4025 3807 4231 3857 autem
4274 3805 4368 3856 est
4406 3791 4523 3855 hoc

2862 3894 3174 3960 decretum
3205 3917 3345 3959 cum
3369 3893 3562 3960 altero
3582 3893 3934 3959 Platonico:
3966 3916 4191 3982 corpus
4209 3894 4287 3958 ab
4305 3895 4522 3956 anima

2850 4000 3053 4086 gigni
3071 4024 3094 4071 ‚-
3140 3997 3220 4062 de
3244 4021 3374 4083 quo
3399 3996 3524 4061 vid.
3550 3996 3717 4061 Tim.
3743 4020 3806 4082 p.
3838 4013 3975 4079 107.
4001 4020 4092 4084 sq.
4117 4009 4179 4060 et
4201 3994 4516 4060 Plutarch.

2861 4100 2922 4163 in
2952 4102 3185 4179 Quaest.
3220 4099 3504 4164 Platonn.
3539 4122 3602 4186 p.
3635 4118 3817 4164 1002.
3852 4100 3928 4163 F.

2943 4222 3151 4288 —13.
3186 4205 3269 4266 ὧν
3310 4201 3384 4265 ἃν
3429 4201 3761 4290 ἐφάψηται]
3809 4200 4154 4264 Aristaenet.
4206 4198 4410 4285 Epist.
4459 4200 4515 4263 Ι.

2867 4322 2964 4368 12.
2991 4323 3052 4388 3.
3077 4327 3140 4391 p.
3162 4320 3266 4388 57.
3303 4303 3577 4367 Boisson.
3612 4305 3708 4368 καὶ
3735 4303 3987 4369 κάλλους
4014 4301 4356 4384 ἑφάππται.
4400 4300 4517 4364 Al-

2859 4404 3134 4492 ciphron.
3157 4405 3362 4493 Epist.
3391 4406 3529 4470 III.
3565 4424 3659 4470 12.
3680 4427 3743 4491 p.
3767 4423 3873 4489 50.
3900 4406 4135 4490 Wagn.
4171 4403 4521 4486 ἐφάψασθαι

2858 4510 3148 4587 μουσικῆς.
3211 4509 3302 4571 Et
3330 4506 3546 4572 tralate
3575 4506 3903 4594 saepissime
3934 4528 4036 4592 ap.
4070 4505 4415 4583 Platonem,
4448 4519 4518 4568 ut

2857 4609 2922 4673 in
2974 4608 3222 4673 Phaedr.
3277 4633 3340 4695 p.
3391 4624 3535 4695 273.
3567 4612 3653 4673 A.
3709 4607 4007 4673 Phaedon.
4061 4631 4124 4693 p.
4164 4608 4259 4671 18.
4306 4609 4513 4694 Wytt.

2864 4713 3145 4799 Sympos.
3193 4733 3256 4798 p.
3307 4729 3449 4776 212.
3504 4734 3568 4798 p.
3614 4713 3761 4792 446.
3818 4708 4016 4774 Bekk.
4086 4707 4399 4773 Plutarch.
4453 4707 4517 4770 in

2860 4816 3071 4878 Numa
3098 4837 3151 4878 c.
3186 4815 3243 4877 8.
3279 4813 3648 4896 ἐφάπτεσθαι
3689 4817 3847 4889 θεοῦ,
3876 4821 4072 4876 mente
4098 4812 4304 4875 Deum
4345 4830 4515 4873 asse-

2855 4919 2989 5003 qui.
3077 4914 3365 4980 Hermias
3406 4914 3470 4978 in
3517 4914 3855 4978 Phaedrum
3898 4936 3961 5001 p.
4004 4932 4104 4998 75.
4152 4911 4517 4994 ἐφάπτεσθαι

2856 5023 2956 5098 τῆς
2981 5018 3289 5101 γενέσεως.
3336 5017 3418 5081 cf.
3451 5016 3678 5082 Plotin.
3714 5017 3770 5080 Ι.
3800 5036 3851 5080 1.
3883 5039 3947 5103 p.
3978 5031 4041 5100 5.
4075 5028 4136 5080 et
4164 5014 4278 5078 VI.
4316 5031 4373 5079 2.
4411 5031 4509 5077 20.

2858 5121 2975 5184 VI.
3011 5138 3069 5185 2.
3105 5138 3205 5185 22.

2938 5258 3026 5270 —
3049 5237 3144 5306 15.
3168 5219 3802 5307 ἆναβατέον-καλόν]
3830 5217 4054 5282 Plotin.
4077 5239 4140 5303 p.
4164 5217 4310 5299 708.
4335 5239 4389 5281 c.
4420 5215 4512 5279 16.

2854 5321 2970 5405 χρὴ
3018 5324 3084 5386 δὲ
3125 5322 3205 5401 μὴ
3249 5321 3343 5386 ἀεὶ
3385 5323 3451 5386 ἐν
3484 5324 3564 5407 τῷ
3606 5323 3812 5404 πολλᾷ
3855 5320 4038 5403 τούτῳ
4088 5321 4248 5403 καλῷ
4293 5317 4512 5398 μένειν,

2856 5424 3235 5503 μεταβαίνειν
3261 5423 3308 5488 δ’
3343 5423 3428 5488 ἔτι
3455 5422 3599 5503 πρὸς
3625 5420 3692 5484 τὸ
3720 5421 3839 5485 ἄνω
3868 5417 4130 5496 ἀΐξαντα,
4164 5420 4259 5484 καὶ
4289 5419 4516 5502 ἀφέντα

2858 5529 3045 5590 τοῦτο.
