5118 6613
1055 500 1175 566 190

1058 652 1220 718 tonis
1262 651 1330 722 in
1384 651 1633 719 Timaeo
1673 675 1741 741 p.
1794 671 1903 738 37.
1965 651 2085 722 sub
2141 653 2248 720 fin.
2295 677 2358 743 p.
2388 658 2498 740 36.
2543 653 2748 720 Bekk.

1061 755 1316 821 Proclus
1357 755 1422 822 in
1463 754 1694 821 Theol.
1729 753 1892 820 Plat.
1927 757 2069 822 111.
2109 758 2207 823 16.
2237 780 2300 846 p.
2339 777 2497 842 147:
2544 759 2614 822 τὸ
2641 761 2753 839 μὲν

1057 860 1166 925 οὖν
1195 857 1267 923 ἂν
1291 857 1359 922 τὸ
1387 860 1737 941 πρῶτιστον,
1770 860 1973 941 ὥσπερ
2009 862 2249 942 εἴρηται,
2283 861 2565 942 κινήσεως
2604 864 2752 942 ὁμοῦ

1062 962 1159 1026 καὶ
1188 960 1456 1027 στάσεως
1484 957 1777 1042 ἐξῄρηται.
1822 963 1855 1024 6
1887 963 1952 1026 δὲ
1974 963 2119 1026 αἰὼν
2135 961 2304 1042 μένει
2333 966 2481 1028 κατὰ
2504 964 2613 1028 τὸν
2639 965 2746 1028 Τί-

1057 1089 1235 1144 μαιον
1266 1065 1333 1127 ἐν
1362 1064 1470 1127 ἑνί·
1520 1060 1608 1127 διὸ
1648 1063 1743 1127 καὶ
1786 1065 1820 1128 6
1855 1065 2070 1148 χρόνος
2111 1067 2179 1130 ἐν
2215 1065 2441 1146 κινήσει
2463 1068 2746 1148 μιμούμε-

1059 1192 1159 1233 νος
1186 1166 1295 1246 τὴν
1324 1165 1538 1245 νοητὴν
1564 1169 1671 1230 τοῦ
1698 1168 1909 1233 αΖῶνος
1937 1166 2174 1232 στάσιν·
2223 1169 2327 1232 οὐκ
2363 1169 2477 1252 ἄρα
2507 1172 2655 1234 κατὰ
2681 1167 2749 1234 τὸ

1056 1271 1296 1351 πρῶτως
1323 1266 1394 1332 ὃν
1424 1270 1456 1331 ὁ
1487 1269 1632 1332 αἰὼν
1663 1296 1715 1334 κ.
1741 1294 1794 1333 τ.
1816 1276 1880 1332 λ.
1979 1270 2163 1335 Unde
2194 1271 2436 1359 Taylor
2462 1270 2748 1360 profecit,

1055 1371 1167 1459 qui
1194 1370 1258 1434 in
1291 1383 1439 1434 nota
1464 1369 1550 1436 ad
1575 1368 1710 1436 haec
1735 1369 1961 1435 Plotini
1991 1370 2183 1437 verba
2201 1371 2324 1438 ita:
2358 1375 2569 1454 ΡΖαίο,
2591 1374 2752 1440 how-

1054 1496 1220 1554 ever,
1251 1473 1394 1540 does
1421 1482 1531 1537 not
1567 1473 1648 1560 by
1677 1473 1775 1536 the
1812 1494 1926 1537 one
1953 1475 2025 1537 in
2064 1474 2190 1540 this
2211 1476 2398 1563 place
2436 1498 2620 1540 mean
2651 1478 2751 1541 the

1050 1577 1340 1666 ineffahze
1345 1575 1667 1664 principle
1693 1576 2032 1666 oftmngs,
2056 1578 2165 1642 but
2188 1578 2286 1643 ιιι»
2304 1600 2419 1643 one
2439 1580 2748 1669 «fitting,
2838 1588 2881 1620 κ

1050 1702 1127 1748 or
1176 1680 1276 1744 the
1332 1680 1588 1745 summit
1631 1679 1720 1764 qs
1745 1678 1844 1743 the
1897 1680 2272 1769 intellig-fibla
2324 1682 2534 1761 order,
2575 1704 2650 1747 as
2691 1686 2751 1749 is

1051 1784 1260 1848 shewn
1288 1784 1369 1869 by
1398 1782 1666 1848 Proclus
1685 1784 1755 1845 in
1775 1782 1874 1847 the
1902 1783 2477 1849 above-mentioned
2502 1787 2751 1850 Work.”

1054 1885 1372 1954 Nimirum
1402 1884 1521 1948 hoc
1555 1883 1692 1974 ipso
1729 1883 1889 1964 loco,
1921 1888 2088 1953 unde
2127 1886 2263 1952 haec
2301 1887 2747 1976 decerpsimus,

1062 1987 1248 2055 Adde
1274 1988 1380 2052 lib.
1415 1989 1491 2052 V.
1521 2011 1572 2051 c.
1607 2006 1711 2075 33.
1746 2011 1812 2075 p.
1845 2008 1997 2074 31¹·
2051 1990 2164 2055 ubi
2212 1991 2430 2058 eadem
2476 1990 2751 2057 Platonis

1051 2091 1243 2158 verba
1272 2089 1524 2178 attingit
1553 2088 1808 2156 Proclus
1851 2090 2292 2180 Plotinumque
2319 2093 2469 2159 citat
2494 2110 2559 2159 et
2587 2117 2746 2183 prae-

1049 2209 1361 2284 ceptorem
1392 2215 1578 2258 suum
1603 2192 2016 2259 Theodorum
2046 2200 2152 2275 (sc.
2175 2196 2530 2282 Asinoeum)
2557 2223 2573 2263 :
2623 2202 2656 2263 6
2680 2202 2745 2264 δὲ

1050 2300 1363 2379 Θεόδωρος
1420 2296 1636 2360 στάσιν
1687 2298 1868 2362 αὑτὸν
1930 2300 2065 2382 (τὸν
2112 2303 2327 2386 αἰῶνα)
2374 2301 2745 2382 ἐπονομάζει.

1049 2401 1202 2466 Alia
1227 2423 1307 2466 ex
1335 2399 1454 2466 hoc
1480 2399 1617 2464 loco
1645 2399 1904 2466 exhibui
1933 2425 2125 2491 supra
2152 2426 2218 2492 p.
2249 2422 2400 2490 327.
2433 2405 2516 2470 A.

1136 2528 1199 2591 p.
1229 2505 1380 2588 605,
1429 2504 1486 2567 8.
1534 2507 1743 2589 πλανῷ
1791 2503 1866 2569 ἂν
1918 2504 2025 2584 τὴν
2060 2507 2294 2591 ψυχὴν,
2355 2509 2438 2575 εἷς
2488 2507 2747 2588 ἔκβασιν

1046 2611 1152 2672 τοῦ
1193 2606 1500 2694 πλείονος]
1568 2605 1830 2692 Taylor,
1877 2606 1988 2694 qui
2043 2616 2253 2674 πλανῶ
2309 2610 2695 2698 reperisset
2678 2635 2745 2676 m

1044 2711 1363 2790 Editione,
1393 2710 1590 2774 haeret
1637 2709 1699 2774 in
1744 2710 1862 2775 hoc
1900 2711 2058 2791 loco,
2087 2736 2273 2800 quem
2303 2737 2420 2802 pro
2448 2714 2744 2782 lacunoso

1045 2814 1256 2892 habet,
1288 2828 1350 2877 et
1381 2835 1445 2878 se
1475 2835 1600 2877 non
1630 2836 1850 2901 capere
1880 2815 2221 2881 versionem
2253 2817 2452 2883 Ficini
2483 2819 2548 2886 h.
2572 2819 2614 2885 l.
2646 2820 2740 2885 di-

1042 2917 1147 2982 cit.
1239 2917 1519 2984 Lacunoe
1556 2932 1767 2982 autem
1815 2916 2117 2984 indicium
2167 2920 2234 2985 in
2283 2920 2457 2986 libris
2513 2906 2740 2989 nostris

1041 3018 1306 3090 nullum.
1395 3020 1490 3083 Ac
1525 3018 1576 3083 si
1618 3024 1849 3106 πλανᾷ,
1893 3021 2217 3137 optativo,
2248 3024 2573 3106 rescribas,
2604 3026 2738 3092 haec

1044 3120 1355 3188 enascitur
1384 3120 1721 3190 sententia:
1775 3124 1900 3190 Sed
1929 3123 1979 3189 si
2007 3124 2165 3190 illud
2196 3128 2290 3191 ἀεὶ
2315 3128 2613 3217 (semper)
2639 3154 2739 3195 ac-

1041 3224 1311 3315 cipiatur
1344 3225 1458 3309 ita,
1503 3239 1577 3290 ut
1620 3225 1890 3291 declaret
1932 3227 2421 3319 incorruptibile,
2460 3231 2524 3296 in
2573 3256 2739 3298 erro-

1043 3354 1175 3401 rem
1206 3330 1413 3397 trahat
1455 3329 1749 3415 animam,
1781 3346 1857 3396 ut
1898 3333 2159 3398 excedat
2202 3334 2282 3398 ab
2325 3334 2430 3405 illa
2475 3337 2739 3416 unitate,

1041 3458 1189 3524 quoe
1232 3434 1297 3501 in
1341 3434 1706 3501 aeternitatis
1747 3436 2001 3505 notione
2058 3437 2399 3503 necessario
2443 3438 2624 3518 inest,
2676 3454 2740 3505 et

1043 3554 1344 3628 evagetur
1379 3537 1465 3603 ad
1502 3536 1923 3626 pluralitatem
1960 3544 2129 3629 (quae
2155 3541 2358 3609 aliena
2383 3542 2464 3606 ab
2495 3541 2739 3610 aeterni-

1041 3642 1187 3715 tatis
1214 3642 1465 3709 notione
1492 3644 1638 3723 est).

1125 3785 1213 3796 —
1249 3765 1348 3835 13.
1396 3743 1532 3811 ἀλλ’
1560 3746 1653 3809 ὅτι
1672 3744 1740 3809 τὸ
1757 3747 2161 3827 ὑποδυόμενον
2181 3746 2257 3826 ἦν
2279 3749 2674 3831 φιλοσοφίαν,
2700 3750 2736 3829 ἦ

1041 3848 1345 3933 προσθήκη
1365 3852 1472 3913 τοῦ
1493 3848 1781 3929 ἀληθινοῦ
1799 3848 2067 3933 ἐγένετο]
2098 3848 2284 3914 Plato
2295 3851 2494 3938 Gorg.
2513 3856 2734 3939 p.464.

1042 3953 1119 4016 C.
1159 3954 1428 4021 ὑποδῦσα
1453 3950 1569 4015 ὑπὸ
1607 3960 1750 4037 (pro
1787 3974 1861 4019 eo
1888 3950 2114 4017 lacuna
2153 3951 2217 4017 in
2265 3953 2426 4018 Cod.
2454 3955 2734 4021 Darmst.

1044 4054 1299 4117 ’ἕκαστον
1328 4058 1446 4117 τῶν
1481 4054 1708 4135 μορίων
1746 4060 2157 4135 προσποιεῖται
2188 4055 2340 4120 εἶναι
2368 4062 2561 4133 τοῦτο,
2593 4061 2739 4141 ὅπερ

1048 4157 1285 4239 (omiss.
1316 4154 1381 4220 in
1425 4153 1563 4218 eod.
1605 4153 1794 4239 libro)
1840 4155 2041 4222 ὑπέδυ·
2089 4155 2203 4221 ubi
2242 4159 2510 4231 Heindf.
2539 4184 2606 4246 p.
2629 4180 2738 4247 59.

1045 4271 1383 4345 comparat.
1415 4256 1674 4321 Aristot.
1698 4257 1891 4323 Rhet.
1926 4260 1982 4322 I.
2018 4276 2075 4323 2.
2117 4261 2205 4343 (ξ.
2231 4277 2294 4343 7.
2326 4284 2388 4350 p.
2419 4282 2527 4349 31.
2550 4264 2735 4329 Gais-

1046 4360 1241 4438 ford.)
1268 4385 1284 4424 :
1333 4360 1422 4425 διὸ
1454 4361 1549 4426 καὶ
1577 4362 1891 4425 ὑποδύεται
1911 4360 2025 4425 ὑπὸ
2055 4362 2124 4425 τὸ
2153 4366 2358 4446 σχῆμα
2385 4365 2454 4428 τὸ
2484 4370 2585 4445 τῆς
2609 4371 2734 4431 no-

1045 4468 1267 4544 λιτικῆς
1322 4465 1358 4543 ἡ
1412 4461 1735 4545 Ῥητορική.
1825 4464 1926 4529 De
1985 4463 2221 4553 duplici
2280 4468 2738 4534 constructione

1044 4566 1219 4631 verbi
1238 4588 1380 4630 cum
1407 4568 1489 4635 εἰς
1515 4579 1578 4629 et
1605 4587 1750 4630 cum
1773 4565 1904 4633 solo
1933 4566 2314 4633 Accusativo
2342 4568 2588 4635 monuit
2615 4593 2731 4636 nu-

1047 4692 1160 4758 per
1208 4667 1460 4733 Jacobs.
1513 4666 1595 4732 ad
1646 4668 1882 4735 Achill.
1928 4671 2074 4751 Tat.
2120 4695 2188 4759 p.
2238 4673 2382 4755 617.
2454 4673 2737 4741 Thomas

1054 4775 1232 4859 Mag.
1267 4795 1334 4859 p.
1365 4788 1437 4853 27
1445 4789 1511 4856 3.
1555 4771 1743 4835 Beru.
1785 4770 1994 4855 Εῑσῄει
2025 4774 2133 4838 τὸν
2172 4771 2597 4856 Ἀγαμέμνονα
2644 4776 2738 4840 καὶ

1050 4861 1231 4941 ὑπέδυ
1277 4874 1344 4958 (i.
1365 4897 1421 4939 e.
1466 4873 1948 4961 Agamemnonis
1990 4897 2317 4961 personam
2361 4876 2519 4963 egit)
2570 4876 2734 4941 Ibid.

1051 4977 1533 5057 Λουκιανὸς-ἦν
1560 5003 1645 5044 τις
1671 4977 1980 5059 ὑποκριτὴς
2005 4976 2287 5057 Ἀθηνᾶν,
2318 4976 2355 5057 ἢ
2386 4984 2742 5045 Ποσειδῶνα

1050 5084 1087 5166 ἢ
1119 5085 1240 5149 Δία
1266 5081 1648 5149 ὑποδεδυκώς.
1715 5079 1906 5144 Unde
1934 5081 2072 5168 ejus
2088 5080 2264 5145 verbi
2286 5103 2437 5146 usus
2466 5082 2742 5147 scenicus

1052 5184 1434 5273 intelligitur.
1500 5182 1628 5246 Dio
1659 5182 1911 5247 Cassius
1939 5184 2228 5249 LXIII.
2260 5186 2323 5248 6.
2356 5205 2417 5268 9.
2448 5207 2513 5271 p.
2552 5203 2738 5270 1032.

2023 481 2857 548 ANNOTATIONES
2920 482 3035 546 IN
3099 478 3553 546 PLOTINI

2835 677 2899 742 p.
2952 671 3136 740 2320.
3183 650 3393 720 Reisk.
3448 649 3716 718 Romani
3766 649 3851 716 ad
3900 650 4240 717 Samnites:
4287 653 4534 733 ὀνόματι

2834 759 2947 838 μὲν
2974 759 3364 837 ὑποδυόμενοι
3392 755 3742 841 συμμάχων,
3776 755 3925 838 ἔργα
3954 757 4019 819 δὲ
4046 754 4401 838 πράττοντες
4419 781 4529 820 πο·

2835 862 3081 942 λεμίων.
3177 858 3537 948 Stephanus
3580 857 3764 924 scribi
3806 858 3995 946 jubet
4041 861 4250 940 ὄνομα.
4341 858 4535 924 Malit

2833 963 3094 1029 fortasse
3120 961 3467 1051 quispiam:
3516 963 3762 1043 ὀνόματι
3781 964 3893 1042 μὲν
3909 963 4301 1042 ὑποδυόμενοι
4320 964 4396 1027 τὰ
4414 967 4533 1027 τῦν

2836 1066 3165 1150 συμμάχων
3212 1064 3457 1152 [Possis
3502 1065 3651 1132 fort.
3695 1065 3881 1131 etiam
3927 1065 4119 1145 ὄνομά
4159 1066 4268 1151 τα]
4362 1064 4533 1130 Nam

2833 1169 3113 1234 Timaeus
3154 1168 3219 1233 in
3265 1170 3430 1235 Lex.
3478 1167 3647 1235 Plat.
3692 1191 3758 1257 p.
3804 1170 3949 1233 161.
4000 1166 4307 1234 Ruhnk.:
4356 1167 4452 1232 καὶ
4497 1169 4531 1231 ὅ

2835 1273 3178 1353 πιθανότητι
3205 1274 3604 1354 ὑποδυόμενος
3631 1271 3740 1351 τὴν
3760 1270 4065 1350 ἀλήθειαν.
4130 1272 4220 1335 At
4239 1293 4390 1335 vero
4416 1292 4531 1358 pro

2840 1375 3159 1463 Stephano
3200 1390 3446 1463 pugnat
3498 1373 3878 1440 Plutarchus
3920 1373 3986 1438 in
4023 1376 4229 1438 Arato
4271 1397 4330 1437 c.
4364 1394 4531 1458 9:—

2835 1477 3137 1543 ὑπέδυσαν
3157 1479 3438 1546 ἑκουσίως
3465 1479 3656 1558 ὄνομα
3674 1478 3769 1542 καὶ
3785 1479 4098 1542 πολιτείαν
4117 1477 4223 1556 τὴν
4242 1474 4527 1560 Ἀχαιῶν,

2912 1596 3133 1668 sponte
3189 1602 3531 1645 assumsere
3588 1602 3813 1646 nomen
3884 1603 4145 1668 remque
4215 1577 4530 1668 publicam

3397 1682 3525 1754 Sed
3579 1697 3871 1748 neutrum
3930 1683 4192 1748 fortasse
4263 1705 4527 1748 necesse.

2837 1788 3002 1852 Nam
3055 1783 3282 1873 soepius
3324 1784 3512 1850 etiam
3555 1807 3700 1850 cum
3746 1784 3981 1850 Dativo
4016 1784 4331 1874 jungitur.
4424 1784 4526 1850 Sic

2837 1888 3160 1954 Plutarch.
3206 1888 3272 1952 in
3329 1888 3578 1954 Public.
3626 1909 3731 1953 10.
3779 1888 3887 1953 fin.
3940 1888 4342 1968 ὑποδυομένου
4397 1886 4524 1968 μεθ’

2834 1991 3045 2071 ἡδονῆς
3073 1990 3228 2077 αὑτῷ
3259 1994 3365 2055 τοῦ
3392 1990 3593 2072 δήμου.
3687 1990 3891 2077 Cujus
3932 2013 4084 2055 usus
4110 1989 4299 2079 plura
4323 2012 4528 2054 exem-

2832 2093 2938 2181 pla
2979 2092 3229 2182 collegit
3265 2092 3555 2158 Baehrius
3594 2106 3804 2158 noster
3846 2091 3930 2158 ad
3965 2092 4159 2157 vitam
4202 2091 4417 2160 Alcib.
4461 2115 4525 2180 p.

2836 2216 2980 2282 205.
3016 2221 3107 2284 sq.
3141 2197 3224 2261 cf.
3264 2196 3454 2262 eund.
3502 2197 3584 2262 ad
3628 2195 4007 2284 Philopoem.
4036 2219 4101 2284 p.
4132 2215 4237 2282 33.
4328 2195 4527 2262 Ploti-

2834 2323 2953 2364 nus
2998 2298 3331 2365 simulandi
3373 2313 3680 2388 potestate
3722 2321 4033 2387 usurpans
4073 2298 4194 2365 hoc
4246 2298 4525 2364 Verbum

2831 2402 3228 2490 Adjectivum
3272 2401 3329 2468 ei
3366 2401 3659 2490 adjunxit
3709 2400 3869 2468 sicut
3911 2401 4305 2480 Aristoteles,
4334 2424 4525 2489 quem

2829 2519 3038 2570 noster
3065 2519 3210 2570 ante
3237 2504 3452 2570 oculos
3478 2505 3722 2570 habuit.
3823 2504 3943 2569 Ille
3972 2519 4177 2570 tamen
4208 2503 4529 2592 aliquanto

2827 2607 3073 2697 plenius
3128 2608 3217 2674 ita
3269 2607 3333 2673 in
3395 2608 3790 2696 Metaphyss.
3836 2608 3981 2672 111.
4033 2627 4091 2674 2.
4149 2630 4211 2696 p.
4268 2625 4374 2673 21.
4425 2631 4521 2695 sq.

2834 2711 3007 2799 Sylb.
3028 2714 3285 2776 .-οῧι·ω
3317 2712 3413 2776 καὶ
3439 2715 3520 2799 τῷ
3550 2713 3697 2785 ὄντι,
3728 2708 3765 2791 ᾖ
3806 2708 3896 2785 ὃν,
3931 2710 4061 2775 ἔστι
4087 2715 4223 2776 τινὰ
4253 2714 4394 2776 ἴδια·
4429 2712 4523 2776 καὶ

2826 2813 2986 2880 ταῦτ’
3020 2816 3149 2879 ἔστι
3176 2815 3313 2897 περὶ
3340 2816 3424 2879 ὦν
3462 2818 3569 2877 τοῦ
3602 2816 3947 2896 φιλοσόφου
3984 2813 4427 2897 ἐπισκέψασθαι
4455 2815 4522 2879 τὸ

2826 2917 3063 2998 ἀληθές·
3114 2923 3362 2997 σημεῖον
3392 2919 3476 2982 δὲ·
3525 2918 3584 2981 οἰ
3610 2919 3726 2999 γὰρ
3772 2917 4126 2981 διαλεκτικοὶ
4161 2917 4257 2981 καὶ
4299 2925 4517 3000 σοφισ-

2823 3022 2939 3095 ταὶ,
2972 3021 3040 3085 τὸ
3073 3021 3213 3085 αὐτὸ
3244 3023 3357 3101 μὲν
3383 3022 3738 3085 ὑποδύονται
3767 3024 3971 3103 σχῆμα
3999 3023 4079 3106 τῷ
4108 3022 4431 3106 φιλοσόφῳ
4460 3021 4519 3104 (ἡ

2826 3126 2941 3206 γὰρ
2971 3123 3292 3206 σοφιστικὴ
3331 3122 3661 3205 φαινομένη
3698 3124 3885 3203 μόνον
3926 3125 4117 3205 σοφία
4154 3124 4285 3187 ἐστὶ
4328 3124 4422 3187 καὶ
4464 3126 4521 3187 οἳ

2824 3227 3178 3293 διαλεκτικοὶ
3229 3226 3607 3310 διαλέγονται
3655 3226 3790 3309 περὶ
3839 3225 4147 3311 ἁπάντων)
4203 3225 4403 3291 κοινὸν
4453 3229 4519 3291 δὲ

2825 3335 2974 3395 πᾶσι
3001 3330 3069 3394 τὸ
3100 3333 3172 3395 ὅν
3202 3333 3349 3395 ἐστι.
3395 3330 3775 3412 διαλέγονται
3819 3331 3884 3394 δὲ
3919 3330 4054 3412 περὶ
4087 3331 4311 3393 τούτων
4339 3334 4514 3410 δηλο-

2836 1683 3279 1748 Achaeorum.”

2827 3435 2953 3499 νότι
2983 3434 3078 3497 διὰ
3103 3432 3171 3496 τὸ
3220 3438 3321 3512 τῆς
3358 3434 3729 3515 φιλοσοφίας
3766 3431 3917 3496 εἶναι
3960 3432 4108 3496 αὐτὰ
4150 3434 4358 3497 οἰκεῖα.
4385 3433 4520 3514 περὶ

2822 3540 2934 3618 μὲν
2962 3539 3079 3619 γᾶρ
3106 3537 3173 3601 τὸ
3203 3538 3345 3602 αὐτὸ
3376 3537 3551 3621 γένος
3592 3537 3914 3620 στρέφεται
3941 3538 3977 3617 ἡ
4008 3537 4328 3619 σοφιστικὴ
4359 3538 4455 3601 καὶ
4479 3538 4517 3618 ἦ

2824 3640 3155 3719 διαλεκτικὴ
3204 3644 3275 3719 τῇ
3316 3640 3670 3724 φιλοσοφίᾳ.
3722 3640 3884 3703 ἀλλὰ
3934 3638 4220 3721 διαφέρει,
4268 3642 4370 3718 τῆς
4405 3642 4517 3720 μὲν

2823 3748 2904 3831 τῷ
2933 3744 3129 3829 τρόπῳ
3157 3747 3257 3822 τῆς
3285 3742 3581 3823 δυνάμεως
3608 3745 3709 3821 τῆς
3735 3743 3802 3805 δὲ
3829 3745 3933 3805 τοῦ
3972 3743 4112 3821 βίου
4140 3744 4211 3821 τῇ
4241 3740 4513 3824 προαιρέ-

2825 3873 2938 3912 σει.
3016 3847 3188 3911 Fons
3206 3844 3612 3911 distinctionis
3639 3843 3704 3908 in
3736 3842 4015 3908 Platonis
4039 3842 4303 3931 Gorgia.
4355 3844 4510 3909 Pro-

2823 3949 2956 4014 clus
2998 3949 3064 4014 in
3093 3948 3306 4015 Alcib.
3336 3971 3431 4037 pr.
3462 3970 3530 4035 p.
3561 3967 3669 4033 39.
3708 3961 3897 4011 nostr.
3944 3951 4254 4031 πανταχοῦ
4289 3949 4405 4029 γαρ
4444 3946 4512 4011 τὸ

2822 4056 3195 4135 τελειότερον
3222 4052 3543 4117 ὑποδύεταί
3576 4077 3633 4115 τι
3671 4056 3788 4114 τῶν
3817 4048 4246 4132 ἀτελεστέρων.
4280 4051 4375 4115 καὶ
4402 4076 4510 4117 πε-

2822 4160 3008 4241 ρισπᾷ
3037 4158 3142 4222 τὰς
3167 4155 3248 4235 μὴ
3280 4151 3723 4236 κατορθωμένας
3737 4154 3943 4237 ψυχᾶς
3965 4154 4047 4219 εἷς
4070 4152 4243 4216 ἑαυτὸ
4274 4156 4370 4218 καὶ
4397 4160 4514 4221 τῶν

2822 4259 3156 4338 βελτιόνων
3185 4259 3529 4341 ἀφίστησιν.
3612 4254 3857 4337 Ὠσπερ
3899 4255 4007 4319 οὖν
4046 4256 4114 4319 ἐν
4141 4261 4263 4324 τοῖς
4290 4260 4391 4335 τῆς
4419 4265 4517 4340 φι-

2824 4362 3122 4443 λοσοφίας
3166 4366 3391 4442 νοεροΐς
3426 4358 3797 4441 θεωρήμασιν
3837 4359 4117 4438 ἐμπόδιόν
4146 4360 4312 4424 ἐστιν
4338 4360 4377 4439 ἡ
4405 4387 4512 4425 σο-

2827 4463 3068 4546 φιστικὴ
3097 4464 3208 4543 ζωὴ
3240 4464 3389 4543 καὶὴ
3418 4463 3564 4546 πρὸς
3587 4464 3815 4542 ἐκείνην
3834 4462 4106 4540 σύνταξις
4136 4463 4514 4544 ἐφελκύουσα

2822 4567 2955 4633 τοὺς
2982 4564 3407 4647 ἀτελεστέρους
3428 4565 3544 4630 ἀπὸ
3569 4569 3670 4644 τῆς
3685 4571 3801 4629 τῶν
3824 4566 4014 4629 ὄντων
4033 4566 4278 4647 θεωρίας
4306 4567 4387 4633 εἷς
4407 4566 4515 4646 τὴν

2824 4672 3148 4752 σύστοιχον
3187 4674 3308 4735 τοῖς
3344 4667 3679 4750 γινομένοις
3711 4669 3805 4732 καὶ
3844 4667 4255 4751 φθειρομένοις
4283 4677 4511 4750 φαντα-

2825 4775 2983 4837 σίαν.
3033 4774 3182 4837 οὕτω
3213 4771 3472 4851 δὴ-τὸν
3503 4770 3787 4851 ἀληθινὸν
3829 4771 4086 4853 ἐραστὴν
4112 4772 4515 4851 ὑποδυόμενον

2828 4903 2877 4940 κ.
2896 4902 2950 4940 τ.
2971 4882 3031 4939 λ.
3106 4874 3297 4939 Vides
3324 4888 3387 4937 et
3413 4872 3582 4937 hunc
3611 4895 3755 4938 cum
3787 4871 3992 4937 verbis
4022 4887 4159 4938 tum
4196 4873 4514 4939 sententiis

2827 4977 3107 5044 Platonis
3136 4974 3616 5062 Aristotelisque
3645 4976 3811 5040 locos
3840 4974 4167 5040 imitatum.

2913 5105 2974 5168 p.
3007 5082 3156 5159 606,
3194 5100 3294 5165 13.
3339 5079 3428 5143 Τὸ
3470 5077 3516 5143 δ’
3565 5079 3786 5163 ἀγαθὸς
3823 5079 3919 5160 ἦν,
3965 5077 4283 5167 ἀναφέρει]
4332 5078 4517 5147 Plato

2830 5184 2895 5249 in
2927 5184 3174 5249 Timaeo
3215 5206 3279 5272 p.
3317 5201 3415 5267 29.
3447 5195 3604 5247 extr.
3636 5205 3703 5271 p.
3741 5198 3841 5267 25.
3876 5179 4079 5246 Bekk.
4122 5181 4411 5263 Λέγωμεν
4447 5182 4519 5261 δὴ

1056 5290 1335 5355 Reimar.
1367 5285 1446 5350 de
1487 5286 1738 5348 Nerone
1766 5284 2137 5372 imperatore
2175 5299 2238 5351 et
2271 5285 2601 5351 histrione:
2652 5288 2749 5353 καὶ
2833 5287 2903 5353 δι’
2932 5289 3007 5367 ἥν
3049 5313 3183 5353 τινα
3221 5288 3415 5352 αἰτίαν
3449 5285 3693 5368 γένεσιν
3733 5285 3828 5349 καὶ
3872 5283 3940 5347 τὸ
3983 5288 4104 5347 πᾶν
4150 5285 4284 5348 τόδε
4314 5286 4347 5347 6
4381 5289 4514 5362 ξυν-

1056 5394 1123 5459 τὸ
1167 5395 1542 5475 προσωπεῖον
1578 5389 1883 5451 ὑποδύνων
1923 5389 2240 5471 ἀπέβαλλε
2277 5388 2346 5453 τὸ
2382 5394 2482 5470 τῆς
2523 5390 2742 5471 ἡγεμο-

1062 5498 1187 5564 νίας
1233 5497 1477 5574 ἀξίωμα,
1515 5490 1780 5579 DionyS.
1826 5490 2150 5571 Halicarn.
2196 5493 2271 5557 A.
2297 5493 2379 5557 R.
2413 5494 2741 5581 Excerptt.

2834 5393 3002 5458 ιστάς
3046 5389 3384 5469 ξυνέστηκε·
3430 5387 3653 5480 ἀγαθὸς
3688 5387 3782 5467 ἦν,
3817 5387 4018 5471 ἀγαθῷ
4058 5387 4124 5449 δὲ
4158 5384 4345 5452 οὐδεὶς
4385 5388 4523 5469 περὶ

4184 5488 4523 5573 Sequentia

2830 5492 3071 5560 οὐδενὸς
3120 5490 3404 5557 οὐδέποτε
3456 5491 3798 5573 ἐγγίγνεται
3847 5489 4089 5569 φθόνος.
