5118 6613
3 156 21 199 ⁴-
6 0 27 133 ιιι-Η

1110 564 1195 650 36
2062 554 2873 622 ANNOTATIONES
2941 556 3051 621 IN
3116 555 3560 621 PLOTINI

1109 756 1173 822 p.
1205 732 1348 814 864.
1377 752 1439 818 p.
1477 746 1614 812 127.
1647 726 2222 816 Κτίὶςετὶ-ταύτην
2243 730 2306 792 δὲ
2338 728 2471 811 (τὴν
2498 727 2773 809 τροπικὴν

1109 834 1302 918 λέξιν)
1335 834 1534 915 ὥσπερ
1559 833 1789 911 ἥδνσμα
1821 830 2301 912 παρελάμβανον,
2329 829 2568 917 antiqui
2598 829 2774 895 nimi-

1109 959 1250 1001 rum
1279 934 1621 1023 scriptores.

1194 1062 1259 1127 p.
1293 1039 1395 1122 89,
1424 1059 1484 1119 4.
1518 1040 1592 1100 Εἰ
1619 1039 1888 1103 δὲ-πῶς
1930 1035 2033 1100 οὐκ
2075 1037 2324 1099 ἐνταῦθα
2363 1034 2534 1118 λέγοι
2573 1037 2647 1100 ἄν
2686 1037 2769 1125 τι]

1112 1141 1364 1207 Barth.:
1403 1149 1445 1179 “
1467 1138 1698 1218 Quidni
1725 1153 1955 1216 autem,
1973 1136 2082 1216 ais,
2102 1137 2497 1202 honestarum
2527 1136 2776 1202 eximia*

1110 1266 1374 1330 rumque
1402 1264 1607 1307 rerum
1642 1240 1981 1306 recordatio
2020 1239 2291 1304 animum
2328 1239 2512 1304 faciat
2537 1239 2773 1304 beatio-

1109 1369 1239 1411 rem
1258 1346 1322 1410 ?''
1351 1345 1622 1432 Engelh.
1651 1341 1980 1430 cogitando
2007 1341 2413 1430 supplet—dv
2432 1368 2489 1407 τι
2517 1365 2603 1407 sc.
2633 1367 2777 1424 παρ-

1112 1448 1358 1532 έχεσθαι
1384 1449 1597 1528 ταύτην
1626 1446 1732 1526 τὴν
1758 1445 1985 1527 μνήμην
2013 1450 2092 1532 τῷ
2124 1446 2436 1525 εὐδαίμονι.
2496 1446 2642 1509 Non
2671 1467 2777 1509 ne-

1109 1573 1309 1615 cesse:
1343 1549 1527 1614 modo
1554 1547 1838 1638 suppleas
1867 1548 2200 1612 sexcenties
2230 1546 2641 1635 supplendum
2671 1572 2772 1614 τις.

1111 1657 1275 1719 Nam
1305 1653 1508 1736 λέγειν
1534 1678 1589 1716 τι
1625 1666 1717 1716 est
1742 1650 1977 1737 aliquid
2020 1649 2242 1728 dicere,
2270 1649 2440 1737 quod
2483 1648 2776 1714 momenti

1110 1770 1202 1822 est
1230 1756 1311 1821 ad
1341 1777 1471 1820 rem
1497 1753 1952 1819 conficiendam.
2041 1752 2311 1817 Proinde
2337 1751 2453 1817 loci
2482 1752 2778 1817 sententia

1110 1877 1235 1924 est:
1283 1861 1378 1923 At
1416 1856 1465 1922 si
1507 1856 1899 1921 honestarum
1943 1877 2148 1920 rerum
2201 1854 2493 1920 memoria
2532 1852 2637 1920 illa
2674 1853 2773 1932 sit,

1111 1961 1330 2051 quidni
1359 1960 1444 2025 sic
1467 1959 1718 2047 quidem
1740 1958 1972 2046 aliquid
1994 1957 2221 2023 diceret
2242 1956 2581 2041 (nimirum,
2603 1956 2774 2044 quod

1109 2064 1192 2131 ad
1220 2086 1522 2129 summam
1549 2086 1679 2127 rem
1706 2061 1926 2146 facit)?
1957 2063 2076 2126 Est
2103 2073 2311 2124 autem
2338 2060 2533 2125 oratio
2561 2059 2782 2124 adver-

1112 2167 1272 2247 sarii,
1301 2164 1604 2231 contraria
1645 2162 1977 2241 sentientiS‚
2022 2184 2209 2249 quem
2250 2162 2533 2227 Plotinus
2569 2161 2774 2227 redar-

1198 2285 1267 2334 it.

1109 2293 1280 2424 8η-
1301 2372 1362 2436 8.
1394 2374 1447 2435 εἰ
1488 2376 1581 2436 δεῖ
1616 2369 2123 2453 λέγειν-καλῶν]
2167 2366 2422 2432 Barth-2
2470 2373 2516 2405 “
2541 2368 2770 2431 Verum

1109 2474 1365 2540 felicitas
1408 2496 1530 2537 non
1576 2473 1639 2536 in
1683 2470 1990 2560 praeclaris
2030 2469 2149 2534 illis
2189 2468 2532 2534 actionibus
2573 2492 2774 2557 neque

1109 2601 1366 2643 numero
1394 2598 1605 2641 earum
1631 2573 1930 2660 contingit
1957 2571 2298 2637 habenda.”
2383 2572 2594 2637 Etiam
2637 2574 2773 2637 En-

1109 2680 1273 2768 gelh.
1303 2680 1436 2744 haec
1461 2677 1649 2742 verba
1677 2675 2068 2764 respondenti
2098 2674 2314 2739 tribuit
2335 2674 2585 2739 Plotino
2613 2674 2775 2739 simi-

1110 2781 1248 2847 liter
1288 2798 1477 2869 atque
1505 2779 1760 2845 Ficinus
1800 2791 1862 2842 et
1890 2777 2207 2842 BarthiuS.
2295 2776 2460 2841 Mihi
2503 2799 2775 2841 commo-

1110 2882 1252 2947 dius
1300 2883 1590 2948 videntur
1634 2879 1983 2945 adversario
2026 2877 2237 2958 tribui,
2283 2878 2400 2943 hoc
2448 2902 2664 2944 sensu:
2726 2878 2776 2944 si

1109 2985 1359 3050 omnino
1412 2983 1658 3071 quidem
1716 2983 1934 3048 beatus
1985 2980 2283 3046 dicendus
2331 2994 2444 3059 est,
2497 2981 2607 3068 qui
2653 3005 2778 3046 non

1110 3088 1311 3153 factus
1347 3103 1438 3151 est
1479 3087 1752 3171 (beatus)
1792 3083 2214 3172 perpetrandis
2258 3082 2468 3148 multis
2509 3084 2777 3150 honestis

1110 3189 1465 3255 actionibus.
1540 3187 1812 3252 Proinde
1838 3209 2196 3275 responsum
2227 3184 2456 3251 Plotini
2482 3186 2775 3275 inciperet

1112 3317 1150 3358 a
1178 3291 1378 3358 verbis
1402 3290 1439 3373 ἢ
1471 3291 1535 3359 ὃς
1563 3293 1628 3356 ἐκ
1653 3295 1914 3356 πολλῶν.

1195 3433 1281 3445 -
1305 3416 1402 3461 12.
1434 3398 1486 3460 εἰ
1510 3400 1746 3476 μᾶλλον
1771 3394 1839 3457 τὸ
1871 3394 1938 3457 ἑν
1963 3393 2195 3457 πλείονι
2226 3421 2280 3457 κ.
2300 3419 2355 3456 τ.
2379 3395 2467 3478 λ.]
2495 3393 2642 3456 Non
2668 3392 2775 3457 ab·

1112 3496 1301 3563 surda
1335 3512 1429 3563 est
1457 3495 1638 3562 lectio
1666 3499 1779 3583 τῷε
1824 3518 1905 3560 an
1945 3494 2101 3559 illud
2143 3495 2339 3583 magis
2379 3515 2467 3575 eo,
2509 3495 2673 3582 quod
2711 3494 2775 3559 in

1107 3599 1272 3688 pluri
1303 3614 1575 3688 tempore
1602 3612 1716 3676 est,
1745 3598 1940 3687 magis
1981 3611 2074 3663 est
2101 3620 2231 3662 esse
2265 3598 2559 3662 beatum?
2606 3599 2776 3663 Utut

1109 3703 1208 3782 sit,
1231 3705 1463 3768 πλείονι
1489 3701 1568 3767 de
1595 3700 1898 3789 producto
1926 3715 2199 3788 tempore
2221 3715 2315 3765 est
2330 3699 2774 3788 accipiendum,

1109 3821 1180 3870 ut
1209 3828 1415 3894 supra,
1445 3821 1509 3870 et
1534 3804 1880 3891 ita1accepit
1897 3803 2168 3891 Engelh.
2191 3833 2207 3878 ;
2239 3802 2537 3868 Barthius
2566 3826 2605 3867 a
2630 3826 2775 3867 vero

1110 3907 1432 3972 aberravit.

1194 4046 1282 4058 —
1303 4025 1402 4091 17.
1435 4011 1496 4072 αἱ
1535 4008 1845 4093 διαθέσεις]
1894 4008 2133 4096 Saepius
2170 4008 2353 4073 obvia
2395 4031 2515 4073 vox
2566 4008 2631 4072 in
2679 4008 2776 4073 his

1113 4109 1551 4175 Enneadibus:
1598 4132 1658 4174 v.
1690 4133 1746 4173 c.
1776 4111 1834 4173 1.
1864 4129 1918 4173 1.
1951 4129 2011 4177 2.
2058 4110 2200 4175 ΙΙΙ.
2229 4131 2285 4175 1.
2318 4131 2380 4196 9.
2427 4112 2544 4176 IV.
2574 4130 2639 4190 4.
2671 4111 2772 4177 28.

1113 4214 1258 4278 Hoc
1284 4210 1420 4277 loco
1446 4210 1850 4299 distinguitur
1877 4234 1915 4275 a
1938 4211 2202 4294 πράξεσι,
2235 4226 2297 4277 et
2323 4212 2605 4301 designat
2632 4215 2773 4276 ani-

1110 4318 1200 4380 mi
1227 4316 1656 4403 dispositiones
1683 4337 1729 4377 s.
1752 4315 1951 4378 animi
1978 4316 2341 4403 affectiones.
2411 4317 2686 4380 Zonaras
2711 4315 2777 4379 in

1114 4418 1272 4483 Lex.
1301 4442 1363 4505 p.
1393 4433 1542 4505 512.
1573 4417 1891 4482 commode
1919 4415 2221 4505 explicat:
2268 4418 2548 4485 Διάθεσις
2583 4419 2619 4499 ἥ
2661 4422 2777 4482 τῶν

1111 4523 1256 4603 πρός
1305 4547 1361 4586 τι
1400 4524 1499 4600 τῆς
1538 4522 1737 4603 ψυχῆς
1779 4518 2073 4604 σχέσις,ἢ
2110 4518 2292 4585 πάλιν
2319 4521 2356 4599 ἡ
2382 4522 2527 4601 πρός
2563 4546 2618 4584 τι
2658 4524 2778 4588 πῶς

1113 4628 1214 4702 τῆς
1237 4628 1434 4707 ψυχῆς
1463 4622 1709 4705 ἕμμορος
1737 4623 1977 4702 κίνησις.
2007 4621 2264 4689 διάθεσίς
2292 4623 2420 4685 ἐστι
2443 4622 2537 4685 καὶ
2564 4624 2601 4702 ἦ
2632 4625 2778 4687 κατὰ

1115 4724 1488 4806 συμβεβηκὸς
1537 4724 1732 4789 τοιάδε
1778 4725 2027 4789 ἑκάστου
2079 4724 2329 4805 ποιότης.
2397 4723 2652 4792 διάθεσις
2708 4726 2777 4789 οὐ

1113 4829 1298 4907 μόνον
1327 4829 1635 4909 ἐπιστῆμαι
1677 4828 1772 4892 καὶ
1814 4827 2040 4911 τέχναι,
2071 4829 2231 4891 ἀλλὰ
2269 4827 2363 4890 καὶ
2398 4826 2621 4907 ἀρεταί.
2673 4826 2773 4892 Cf.

1120 4928 1373 4993 Suidam
1400 4953 1465 5018 p.
1492 4947 1637 5016 552.
1668 4953 1757 5018 sq.
1802 4929 1912 4994 ubi
1951 4930 2200 4994 Kuster.
2245 4929 2466 4993 horum
2505 4926 2776 4991 locorum

1116 5030 1348 5096 fontem
1398 5030 1461 5095 in
1502 5030 1829 5120 Philoponi
1875 5030 2309 5096 commentario
2349 5030 2414 5094 in
2454 5028 2773 5096 Aristotel.

1116 5133 1195 5199 de
1244 5133 1477 5200 Anima
1523 5133 1886 5222 indigetavit
1929 5134 2019 5217 (Ι.
2062 5137 2180 5218 4.).
2251 5132 2373 5197 Illa
2416 5131 2510 5196 vis
2552 5132 2779 5220 passim

1115 5235 1351 5302 obtinet
1366 5236 1537 5325 apud
1553 5235 1754 5301 varios
1771 5236 2106 5324 scriptores.
2140 5235 2413 5301 Vid.v.c.
2436 5234 2774 5322 Schweigh.

1118 5339 1281 5404 Lex.
1314 5337 1536 5427 Polyb.
1574 5337 1640 5402 in
1679 5362 1810 5403 voc.
1860 5340 1948 5427 (p.
1980 5358 2054 5425 13
2058 5352 2122 5424 5.
2157 5343 2245 5425 2.)
2287 5351 2351 5403 et
2393 5336 2776 5402 Schleusner.

1120 5443 1371 5508 Novum
1403 5441 1709 5507 Thesaur.
1753 5440 1967 5530 philol.
2009 5439 2140 5505 crit.
2170 5440 2234 5504 in
2263 5440 2497 5504 LXX.
2527 5440 2646 5503 vol.
2681 5440 2776 5504 ΙΙ.

1118 5566 1183 5630 p.
1246 5545 1347 5610 88.
1426 5543 1752 5610 Videamus
1806 5544 1885 5609 de
1944 5542 2350 5632 Philosophis.
2409 5542 2655 5608 Arrian.
2715 5541 2777 5608 in

2856 725 3193 815 Epicteteis
3224 727 3364 791 111.
3397 745 3500 812 23.
3533 745 3647 794 20:
3684 726 3840 792 Ἰδοὺ
3866 727 4122 796 διάθεσις
4152 730 4518 816 (ἀνθρόπου)

2857 830 3275 912 ὠφελήσαντος
3295 831 3662 912 ἆνθρῶπουςε
3699 832 3859 894 “En
3878 829 4118 894 animus
4146 831 4409 897 hominis
4440 835 4522 915 (s.

2857 931 3043 997 animi
3092 931 3359 997 adfectio
3409 931 3700 1018 hominis)
3742 932 3851 1018 qui
3894 932 4170 998 homines
4213 948 4305 998 est
4332 934 4524 1021 juva-

2859 1035 3095 1099 turus.”
3167 1036 3341 1098 Zeno
3382 1056 3486 1121 ap.
3534 1034 3708 1099 Stob.
3742 1034 3805 1097 in
3846 1033 4106 1123 Eclogg.
4138 1037 4294 1101 Eth.
4329 1037 4429 1101 11.
4460 1057 4524 1125 7.

2857 1160 2918 1225 p.
2949 1156 3091 1201 100.
3138 1138 3407 1201 Heeren.
3442 1136 3756 1204 Διαθέσεις
3795 1139 3907 1218 μὲν
3939 1138 4149 1223 (εἶναι)
4181 1142 4286 1206 τὰς
4327 1141 4525 1208 κακίας

2858 1240 3071 1317 πάσας,
3105 1239 3251 1319 ἔξεις
3288 1241 3353 1303 δὲ
3388 1241 3574 1319 μόνον
3601 1239 3703 1305 τάς
3743 1266 3816 1322 γε
3855 1241 4279 1324 εὐκαταφορίαι·
4308 1269 4362 1305 κ.
4383 1268 4437 1306 τ.
4459 1250 4523 1307 λ.

2860 1351 2906 1384 “
2929 1341 3305 1408 Affectiones
3349 1341 3600 1428 quidem
3650 1365 3780 1406 esse
3816 1341 3970 1407 vitia
4010 1343 4238 1421 omnia,
4280 1343 4529 1409 habitus

4106 1447 4142 1473 Ὦ

2858 1469 3005 1511 vero
3033 1459 3272 1510 tantum
3311 1444 3498 1509 animi
3526 1442 3959 1532 proclivitates,
3987 1459 4100 1509 etc.
4214 1445 4522 1511 Plutarch.

2859 1550 2939 1614 de
2979 1547 3167 1613 audd.
3206 1560 3397 1636 poett.
3436 1570 3502 1635 p.
3533 1567 3635 1627 24.
3665 1548 3747 1611 E.
3780 1547 3944 1615 εὐθὺς
3986 1547 4199 1611 οἰέσθω
4241 1547 4528 1631 λέγεσθαι

2861 1657 3040 1717 ταῦτα
3058 1651 3189 1732 περὶ
3205 1655 3304 1729 τῆς
3324 1652 3528 1732 ἀρετῆς
3551 1650 3644 1714 καὶ
3673 1649 3968 1730 θειοτάτης
3992 1651 4163 1728 ἕξεως
4186 1652 4251 1714 ἑν
4269 1652 4428 1730 ἡμῖν,
4451 1650 4528 1731 ἣν

2861 1756 3144 1836 ὀρθότητα
3182 1755 3368 1835 λόγου
3412 1753 3506 1817 καὶ
3544 1754 3829 1834 ἀκρότητα
3869 1757 4107 1834 λογικῆς
4146 1754 4399 1834 φύσεως,
4434 1753 4527 1817 καὶ

2861 1856 3122 1921 διάθεσιν
3150 1857 3628 1937 ὁμολογουμένην
3655 1858 3854 1938 ψυχῆς
3876 1860 4141 1934 νοοῦμεν.
4198 1854 4309 1919 Ad
4339 1878 4525 1942 quem

2857 1957 3059 2022 locum
3090 1957 3423 2045 Wyttenb.
3452 1956 3517 2020 in
3547 1956 3826 2021 Animm.
3856 1980 3922 2044 p.
3956 1975 4098 2038 244.
4146 1956 4244 2021 ed.
4287 1957 4433 2021 min.
4464 1971 4527 2022 et

2859 2059 2978 2126 alia
3003 2059 3280 2148 apposite
3308 2057 3590 2136 contulit,
3621 2071 3684 2124 et
3712 2082 3858 2123 vero
3882 2058 4050 2123 haec:
4102 2066 4145 2098 ‘⁶
4166 2059 4387 2124 Tertia
4422 2059 4527 2124 illa

2859 2175 2951 2227 est
2979 2162 3228 2251 propria
3254 2164 3607 2228 Stoicorum
3649 2161 3924 2226 definitio
3951 2183 4053 2248 ap.
4085 2161 4277 2249 Diog.
4308 2162 4524 2227 Laert.

2860 2266 3016 2331 VII.
3048 2266 3166 2351 89:
3212 2264 3317 2345 τήν
3359 2290 3425 2329 τε
3467 2267 3679 2347 ἀρετὴν
3714 2264 3976 2329 διάθεσιν
4018 2263 4169 2328 εἶναι
4201 2267 4526 2348 ὀμολογου·

2857 2368 3060 2449 μένην,
3112 2389 3298 2455 quam
3355 2367 3444 2432 ita
3496 2366 3704 2432 reddit
3762 2366 3979 2432 Cicero
4031 2369 4225 2432 Tusc.
4277 2369 4391 2433 IV.
4429 2387 4524 2452 15.

2862 2478 2907 2510 “
2937 2470 3146 2535 Virtus
3187 2482 3279 2534 est
3305 2471 3572 2555 adfictio
3597 2471 3797 2533 animi
3824 2483 4108 2534 constans
4137 2470 4527 2535 conveniens-

2857 2574 3162 2660 que”—et
3192 2573 3434 2636 Invent.
3467 2573 3567 2636 II.
3595 2592 3702 2658 53.
3763 2578 3808 2612 “
3831 2570 4045 2636 Virtus
4071 2584 4164 2636 est
4191 2574 4392 2636 animi
4418 2573 4527 2637 Ιια-

2857 2676 3021 2740 bitus
3057 2690 3296 2740 naturae
3329 2674 3515 2739 modo
3552 2689 3741 2761 atque
3782 2673 3999 2738 rationi
4027 2676 4526 2740 consentaneus.”

2861 2778 3018 2855 Quae
3061 2790 3385 2864 propterea
3424 2777 3739 2865 adscripsi,
3785 2791 3857 2842 ut
3898 2775 4077 2842 simul
4121 2775 4525 2864 intelligatur,

2858 2878 3171 2966 quomodo
3221 2877 3473 2943 Tullius
3520 2879 3784 2944 διάθεσιν
3825 2895 3890 2944 et
3945 2881 4065 2959 ἕξιν
4116 2878 4343 2945 Latine
4397 2903 4528 2945 ver-

2862 2980 3061 3047 terit.”
3136 2980 3384 3046 Plotino
3411 2981 3472 3045 h.
3503 2981 3548 3045 l.
3579 2984 3641 3045 αἱ
3668 2981 3957 3050 διαθέσεις
3985 2996 4149 3060 sunt,
4180 3005 4323 3069 quae
4350 2983 4527 3049 nobis

2861 3082 3182 3148 vernacule
3199 3082 3493 3148 dicuntur
3508 3085 3723 3147 {unere
3741 3085 4324 3172 Beschaffenheitm,
4355 3086 4526 3150 Gais-

2859 3187 3287 3251 seszustaende.
3374 3185 3749 3250 Tenendum
3799 3201 4005 3251 autem
4054 3186 4172 3251 hoc
4216 3186 4527 3274 philosphi

2860 3289 3050 3356 nostri
3092 3288 3387 3378 placitum
3434 3287 3526 3354 vel
3573 3289 3838 3354 maxime
3882 3303 3995 3368 est,
4036 3313 4178 3354 cum
4220 3313 4349 3377 quo
4392 3291 4528 3377 ejus

2858 3392 3104 3458 decreta
3144 3392 3223 3457 de
3258 3392 3641 3457 beatitudine
3678 3392 3758 3458 ab
3786 3393 4241 3479 Epicureorum
4269 3393 4527 3458 decretis

2866 3495 3258 3583 (quibuscum
3307 3495 3372 3559 in
3415 3495 3616 3560 verbis
3659 3495 3936 3560 nonnihil
3981 3495 4295 3561 affinitatis
4343 3495 4527 3561 inter-

2860 3597 3074 3664 cedere
3100 3597 3295 3663 videri
3335 3602 3606 3685 poterat)
3642 3596 3834 3685 probe
3875 3596 4360 3685 distinguantur,
4391 3613 4525 3663 tum

2858 3700 3029 3787 quod
3073 3699 3191 3765 hoc
3241 3700 3442 3789 ipsum
3494 3700 3749 3765 effatum
3801 3699 3882 3764 ad
3937 3699 4289 3765 Christiana
4345 3701 4527 3765 effata

2858 3802 3114 3892 propius
3140 3803 3428 3868 accedere
3455 3802 3723 3867 videtur.

2942 3928 3003 3994 p.
3038 3926 3142 3990 90,
3170 3925 3234 3991 3.
3283 3907 3378 3970 καὶ
3427 3906 3616 3970 ἄλλον
3658 3903 4012 3992 πράξαντος]
4059 3905 4260 3971 Ficin.
4305 3905 4523 3970 Barth.

2858 4021 2922 4072 et
2977 4007 3242 4096 Engelh.
3302 4007 3574 4072 reddunt
3601 4032 3617 4071 z
3689 4015 3734 4047 ‘⁶
3763 4009 3944 4072 etiam
4012 4008 4191 4071 aliud
4244 4009 4528 4096 agente.”

2861 4109 3025 4175 Nolo
3078 4109 3330 4198 praecise
3386 4108 3718 4198 refragari;
3792 4132 4007 4196 quaero
4060 4108 4521 4173 tantummodo:

2859 4235 3011 4276 num
3053 4212 3213 4277 forte
3253 4212 3342 4277 ita
3381 4211 3572 4300 accipi
3611 4225 3822 4299 queat,
3855 4225 3924 4276 ut
3954 4210 4032 4276 sit
4060 4211 4155 4276 καὶ
4194 4212 4382 4275 ἄλλου
4412 4213 4527 4276 σώ-

2862 4339 3077 4382 σαντος
3102 4314 3142 4378 i.
3172 4338 3224 4379 e.
3257 4322 3302 4354 “
3326 4337 3468 4379 cum
3496 4313 3595 4379 vel
3616 4316 3784 4378 alius
3811 4313 4071 4401 patriam
4102 4312 4504 4378 servarit''—?

2944 4453 3030 4466 —
3044 4431 3109 4503 5.
3136 4417 3243 4497 ἡδὺ
3270 4415 3339 4482 δι’
3372 4417 3574 4503 αὐτὴν]
3602 4416 3759 4495 Fic.,
3780 4415 3889 4504 qui
3918 4415 4076 4480 male
4101 4414 4423 4481 lectionem
4453 4415 4523 4480 δι’

2862 4520 3040 4600 οὔτ-ἦν
3068 4535 3444 4606 sequeretur,
3475 4518 3905 4607 amplificando
3933 4518 4393 4606 quodammodo
4419 4518 4528 4583 ob-

2861 4620 3130 4687 scuravit
3163 4620 3369 4686 locum
3403 4620 3808 4686 luculentum.
3894 4622 4058 4687 Nam
4105 4625 4160 4687 εἴ
4200 4648 4256 4688 τι
4295 4623 4402 4703 ἡδὺ
4437 4636 4528 4687 est

2860 4726 2916 4804 ὅ,
2937 4751 2993 4789 τι
3018 4725 3144 4805 ἡδύ.
3205 4725 3521 4790 Debebat:
3555 4723 3663 4788 sed
3692 4723 3943 4790 habitus
3970 4738 4033 4790 et
4062 4724 4434 4802 beatitatem,
4466 4737 4528 4788 et

2861 4826 2910 4892 si
2939 4826 3092 4915 quid
3122 4850 3232 4913 per
3259 4850 3392 4892 eam
3413 4825 3596 4892 dulce
3622 4841 3735 4905 est,
3764 4826 3949 4892 efficit
3980 4827 4051 4910 (i.
4081 4851 4136 4891 e.
4166 4840 4229 4890 et
4256 4826 4524 4891 beatitu-

2860 4929 3067 4994 dinem
3103 4929 3320 5018 ipsam,
3348 4944 3407 4994 et
3437 4929 3742 5018 quidquid
3784 4928 4128 4995 dulcedinis
4154 4951 4226 4993 ea
4253 4941 4526 5015 paratur,

2862 5030 3043 5096 efficit
3080 5079 3096 5097 .

3042 5035 3072 5116 )
3515 5120 3716 5184 LIB.
3761 5120 3876 5185 VI.

2944 5259 3011 5324 p.
3042 5256 3146 5322 97,
3178 5252 3240 5320 7.
3271 5243 3462 5303 ΠΕΡΙ
3511 5244 3677 5303 Tor
3726 5235 4027 5322 ΚΑΛΟΤ]
4070 5236 4189 5298 Est
4229 5233 4332 5299 hic
4371 5234 4526 5300 liber

2861 5339 3157 5420 omnium,
3190 5354 3498 5428 quotquot
3525 5362 3801 5429 unquam
3831 5335 4114 5403 Plotinus
4152 5337 4523 5425 composuit,

2860 5440 3116 5528 primus.
3205 5445 3389 5508 Certe
3425 5443 3628 5531 primo
3669 5442 3801 5507 loco
3827 5438 4079 5528 ponitur
4106 5461 4144 5502 a
4174 5440 4526 5528 Porphyrio

2865 5542 2972 5626 (de
3001 5544 3144 5610 Vita
3188 5544 3416 5610 Plotini
3456 5548 3614 5634 Cap.
3647 5545 3764 5610 IV.
3792 5566 3857 5632 p.
3887 5562 3994 5629 99.
4023 5541 4123 5606 ed.
4153 5541 4430 5628 Fabric.)
4461 5542 4523 5606 in

5107 2340 5117 2781 ——-—-—-—----
5101 2006 5116 2273 -ξι
5101 1976 5108 1985 .
5095 1670 5108 1947 ....—.....-
5095 1576 5104 1615 -
5093 1352 5102 1555 .---
