5118 6613
1342 551 1536 615 Lm.
1582 548 1701 613 v1.
1750 547 2208 612 ENNEAD.
2257 544 2712 612 TERTIAE.
2759 566 2821 631 p.
2856 541 3222 629 561—568.

554 727 640 791 ita
673 722 1025 813 exprimas:
1070 723 1215 788 Hoc
1244 743 1412 800 vero,
1435 721 1602 810 quod
1629 721 1826 785 nihilo
1852 722 2024 785 abest
2057 721 2251 801 (rece-

553 827 675 912 dit)
707 828 788 891 ab
817 848 966 890 esse.
1058 822 1410 910 Exemplis,
1441 847 1589 910 quae
1624 822 1924 908 Stephani
1956 822 2152 886 Thes.
2183 842 2251 907 p.

553 932 745 1016 4569.
777 928 879 994 ed.
911 927 1116 1015 Valpy
1137 926 1412 1004 exhibet,
1436 926 1598 991 adde
1632 926 1956 990 Plutarch.
1990 926 2257 1012 Sympo-

554 1034 730 1098 siacc.
768 1033 827 1097 Ι.
871 1051 928 1095 1.
967 1053 1032 1117 p.
1064 1033 1214 1115 613.
1249 1031 1328 1094 B.
1360 1052 1422 1117 p.
1454 1045 1603 1113 475.
1639 1052 1728 1115 sq.
1762 1031 1977 1117 Wytt.
2010 1027 2084 1107 ἣν
2120 1031 2248 1109 (φι-

549 1136 880 1218 λοσοφίαν)
907 1135 1041 1199 οὔτε
1069 1133 1228 1200 τινὸς
1255 1137 1488 1200 παιδιᾶς
1520 1134 1657 1197 οὔτε
1685 1132 1844 1199 τινὸς
1869 1133 2078 1211 ἡδονῆς
2109 1133 2250 1196 ἀπο-

558 1244 801 1303 στατεῖν
851 1236 1023 1311 εἰκὸς,
1078 1238 1242 1300 ἀλλὰ
1283 1238 1433 1300 πᾶσι
1478 1240 1773 1317 παρεῖναι.
1843 1233 1928 1297 cf.
1964 1236 2253 1321 SympOS.

558 1342 715 1406 VII.
749 1363 817 1428 p.
845 1357 991 1423 702.
1022 1338 1344 1403 Plutarch.
1365 1341 1656 1403 Amator.
1690 1359 1753 1424 p.
1778 1339 1924 1422 758.
1951 1337 2028 1401 B.
2056 1360 2119 1423 p.
2145 1355 2252 1421 39.

557 1443 763 1531 Wytt.
796 1445 867 1508 οὗ
900 1443 1017 1522 μὴν
1047 1443 1182 1506 οὐδὲ
1216 1446 1536 1509 νοσοῦντος
1585 1443 1895 1524 ἀνθρώπου
1934 1442 2069 1509 θεὸς
2109 1443 2254 1505 ἀπο-

554 1544 983 1611 στατεῖ-ἀλλ’
1016 1546 1152 1609 οὐδὲ
1181 1546 1608 1612 ἀποθανόντος.
1699 1542 1989 1608 Plotinus
2015 1543 2151 1632 ipse
2181 1567 2248 1631 p.

553 1668 705 1736 437.
737 1651 830 1714 B:
878 1648 948 1713 τὸ
980 1650 1045 1711 δὲ
1071 1648 1151 1727 μὴ
1182 1647 1349 1714 εὐθὺς
1392 1645 1528 1711 ἀλλ’
1560 1649 1812 1728 ὕστερον
1841 1647 1945 1711 οὐκ
1985 1648 2248 1711 ἀποστα-

552 1757 768 1833 τεῖτῆς
806 1754 1065 1834 φύσεως.
1156 1748 1337 1813 Idem
1382 1749 1546 1813 infra
1590 1771 1653 1835 p.
1681 1768 1832 1836 357.
1875 1751 1975 1814 E:
2024 1751 2254 1833 ἄλογον

554 1859 668 1938 γὰρ
698 1856 794 1918 καὶ
822 1855 1078 1932 ἀνόητον
1105 1852 1315 1933 πάντη,
1349 1854 1447 1917 καὶ
1467 1853 1625 1917 πολὺ
1648 1858 1753 1916 τοῦ
1782 1855 1951 1921 ὄντος
1981 1855 2245 1918 ἀποστα-

550 1962 707 2022 τοῦν.
800 1956 993 2021 Unde
1052 1955 1199 2020 satis
1247 1955 1534 2020 firmatur
1579 1955 1838 2042 vulgata
1879 1953 1997 2020 loci
2056 1955 2249 2020 nostri

554 2060 753 2125 lectio.

636 2187 700 2251 p.
733 2165 887 2248 563,
918 2182 983 2246 9.
1028 2164 1167 2226 ἀλλ’
1200 2160 1351 2225 εἶναι
1390 2162 1617 2227 τούτοις
1633 2159 1701 2223 τὸ
1733 2159 1903 2233 εἶναι,
1939 2159 2005 2223 τὸ
2034 2160 2115 2240 μὴ
2144 2161 2245 2225 οῦ-

556 2292 654 2332 σιν
694 2267 872 2352 εἶναι]
942 2262 1237 2328 Similiter
1270 2261 1533 2328 Proclus
1579 2261 1786 2327 Instit.
1817 2262 2040 2327 Theol.
2074 2285 2130 2328 c.
2163 2263 2244 2328 L.

550 2393 617 2459 p.
651 2370 767 2433 80:
814 2372 986 2432 τοῦτο
1016 2365 1084 2431 δέ
1106 2369 1273 2431 ἐστιν
1302 2369 1370 2431 ἐν
1398 2369 1478 2452 τῷ
1502 2365 1582 2445 μὴ
1607 2365 1758 2430 εἶναι
1784 2365 1853 2428 τὸ
1886 2365 2037 2430 εἶναι
2061 2366 2243 2449 ἔχειν.

633 2510 720 2522 -
737 2492 797 2556 9.
844 2472 882 2551 ἡ
908 2476 1025 2534 τῶν
1046 2469 1335 2549 σωμάτων
1365 2469 1568 2553 φύσις]
1640 2468 1743 2532 De
1764 2467 1881 2532 hac
1905 2466 2250 2554 periphrasi

551 2597 742 2664 supra
768 2573 1004 2639 dictum
1035 2570 1117 2636 ad
1160 2594 1306 2659 pag.
1338 2590 1441 2657 50.
1476 2573 1552 2636 C.
1651 2572 1841 2636 Nunc
1885 2570 2002 2635 hoc
2045 2593 2245 2635 unum

549 2677 817 2744 addam:
864 2676 947 2741 ab
975 2675 1091 2739 hac
1121 2673 1391 2739 formula
1419 2697 1541 2738 non
1580 2672 1849 2738 multum
1896 2672 2247 2761 discrepare

549 2782 716 2846 illam
740 2806 755 2846 z
804 2780 874 2845 τὸ
901 2784 1100 2864 χρῆμα
1116 2783 1217 2859 τῆς
1238 2781 1633 2860 ἀρετῆς-τῆς
1652 2780 1865 2858 ἡδονῆς
1887 2789 1951 2841 et
1980 2775 2239 2851 similesr.

549 2884 630 2950 de
656 2884 891 2972 quibus
917 2881 1206 2969 exposuit
1235 2881 1628 2946 doctissimus
1657 2883 1904 2968 Baguet
1934 2880 2015 2945 ad
2047 2881 2240 2945 Dion.

550 2988 870 3076 chrysost.
903 2985 1106 3050 VIII.
1143 3007 1204 3071 p.
1240 3002 1345 3069 92.
1377 3008 1468 3071 sq.
1552 2985 1628 3048 In
1662 2984 2065 3070 sequentibus
2093 2984 2239 3049 Plo-

547 3090 715 3155 tinus
742 3087 1007 3154 colorem
1039 3086 1226 3152 duxit
1269 3111 1304 3151 e
1334 3087 1613 3151 Platonis
1665 3087 1957 3175 Sophista
1995 3111 2057 3175 p.
2093 3091 2236 3169 246.

547 3216 605 3257 a.
635 3216 699 3281 p.
742 3212 884 3278 190.
921 3189 1159 3254 Bekk.:
1209 3192 1267 3254 οἱ
1309 3192 1421 3269 μὲν
1458 3193 1540 3256 εἰς
1584 3195 1696 3272 γῆν
1741 3193 1805 3270 ἐξ
1850 3192 2103 3273 οὐρανοῦ
2147 3193 2241 3257 καὶ

545 3302 650 3363 τσῦ
695 3294 950 3378 ἀοράτου
999 3292 1194 3359 πάντα
1241 3294 1500 3369 ἕλκουσι,
1548 3301 1674 3361 ταῖς
1718 3295 1932 3378 χερσὶν
1981 3296 2243 3379 ἀτεχνῶς

546 3403 763 3482 πέτρας
792 3401 890 3463 καὶ
934 3402 1068 3480 δρῦς
1111 3395 1682 3479 περιλαμβάνοντες·
1728 3404 1846 3461 τῶν
1884 3401 2000 3479 γὰρ
2043 3401 2239 3463 τοιού-

545 3530 663 3568 των
694 3502 1101 3581 ἐφαπτόμενοι
1137 3499 1378 3563 πάντων
1407 3501 1860 3583 διισχυρίζονται
1885 3505 2058 3565 τοῦτο
2090 3501 2242 3566 εἶναι

543 3610 728 3686 μόνον
758 3605 792 3669 ὃ
812 3602 1064 3686 παρέχει
1084 3602 1440 3684 προσβολὴν
1460 3604 1555 3666 καὶ
1586 3602 1825 3685 ἐπαφήν
1841 3628 1993 3677 τινα,
2024 3605 2241 3669 ταύτὸν

545 3714 715 3788 σόμα
759 3706 854 3771 καὶ
904 3705 1118 3768 οὐσίαν
1157 3705 1499 3785 ὁριζόμενοι,
1551 3710 1668 3768 τῶν
1713 3704 1760 3768 δ’
1803 3706 2010 3770 ἄλλων
2054 3709 2111 3770 εἴ
2150 3708 2238 3775 τίς

542 3822 694 3893 φησι
731 3810 813 3890 μὴ
856 3814 1026 3887 σῶμα
1079 3807 1225 3890 ἔχον
1271 3806 1441 3881 εἶναι,
1499 3813 2006 3889 καταφρονοῦντες
2047 3834 2228 3873 τοπα-

538 3913 736 3993 ράπαν
759 3911 854 3976 καὶ
875 3911 1048 3974 οὐδὲν
1070 3909 1381 3976 ἐθέλοντες
1402 3910 1558 3972 ἄλλο
1581 3911 1839 3974 ἀκούειν.
1916 3909 2018 3974 Cf.
2041 3909 2227 3975 etiam

545 4014 853 4079 Theaetet.
886 4035 952 4098 p.
991 4029 1133 4096 155.
1165 4034 1222 4075 e.
1253 4034 1320 4098 p.
1355 4030 1498 4093 204.
1532 4011 1738 4076 Bekk.
1771 4026 1834 4076 et
1868 4012 2102 4077 Plotin.
2137 4036 2238 4077 su-

538 4140 652 4205 pra
683 4138 750 4205 p.
782 4134 928 4200 229.
960 4116 1034 4180 C.
1056 4117 1142 4179 D.
1165 4130 1228 4178 et
1261 4115 1576 4203 Porphyr.
1600 4117 1907 4179 Sententt.
1936 4116 2230 4181 XXXV.

623 4347 688 4411 p.
736 4325 889 4407 564,
942 4342 1004 4407 3.
1084 4322 1990 4414 ἀηδέστερα-εύχαριστότερα]
2057 4326 2236 4390 Inter

537 4448 602 4489 se
643 4424 950 4513 opposita.
1042 4426 1145 4489 De
1184 4425 1303 4490 hoc
1343 4450 1401 4491 v.
1439 4425 1714 4490 Pierson.
1757 4426 1836 4491 ad
1885 4428 2229 4492 Herodian.

540 4529 825 4593 Gramm.
871 4549 938 4613 p.
971 4548 1116 4608 441·
1173 4528 1516 4617 Phrynich.
1564 4551 1628 4617 p.
1672 4531 1767 4593 18.
1813 4529 1896 4593 ib.
1948 4531 2228 4596 Lobeck.

539 4634 750 4696 Sturz.
784 4631 943 4695 Lex.
979 4631 1279 4718 Xenoph.
1318 4633 1415 4696 11.
1441 4656 1505 4720 p.
1530 4651 1676 4714 424.
1710 4656 1803 4719 sq.
1840 4632 2231 4700 Schleusner.

536 4736 695 4800 Lex.
731 4736 819 4799 N.
854 4734 936 4797 T.
967 4733 1032 4797 in
1075 4735 1423 4817 εὖχάριστος
1450 4749 1514 4800 et
1544 4734 1967 4799 Valckenaerii
2000 4736 2228 4802 Scholl.

533 4838 595 4902 in
625 4839 711 4902 N.
742 4839 833 4902 T.
866 4838 966 4901 II.
999 4860 1063 4923 p.
1094 4858 1200 4918 44.

614 4966 679 5030 p.
704 4944 856 5026 565,
874 4958 938 5019 4.
987 4940 1103 5004 Καὶ
1120 4942 1235 5023 γὰρ
1255 4939 1323 5004 τὸ
1346 4944 1448 5020 τῆς
1471 4940 1805 5020 αἰσθήσεως
1826 4944 2027 5025 ψυχῆς
2058 4943 2225 5005 ἐστιν

530 5042 866 5131 εὖδούσης.]
902 5041 1008 5106 Cf.
1039 5064 1230 5129 supra
1257 5065 1322 5129 p.
1356 5061 1494 5128 175.
1538 5045 1614 5108 C.
1645 5042 1860 5129 ibique
1887 5057 2126 5108 annott.
2162 5059 2225 5108 et

529 5147 612 5212 ad
638 5171 703 5234 p.
734 5165 885 5233 307.
918 5146 1006 5210 G.
1097 5146 1391 5209 Ceterum
1423 5145 1503 5209 de
1544 5160 1758 5210 nostro
1797 5145 1933 5209 loco
1960 5144 2038 5210 cf.
2074 5147 2222 5211 Var.

533 5248 710 5314 Lect.
802 5246 871 5312 Si
919 5250 1132 5329 ἐνεργῆ
1187 5245 1283 5311 vel
1335 5250 1602 5329 ἐνεργεῖν
1653 5249 1900 5326 retineS‚
1948 5247 2036 5313 ita
2087 5248 2222 5313 haec

531 5349 827 5416 vertenda
868 5364 1050 5413 sunt:
1098 5351 1210 5413 Ea
1235 5350 1508 5436 efficacia
1540 5355 1618 5433 (s,
1648 5352 1904 5437 afficere,
1933 5354 2217 5438 (sperari)

527 5455 895 5540 opinantur,
940 5474 1082 5540 quae
1117 5474 1248 5517 esse
1294 5453 1531 5532 vident,
1578 5476 1719 5518 cum
1768 5456 2014 5518 somnia
2063 5456 2214 5520 sint.

531 5555 761 5620 Vereor
789 5566 862 5620 ut
889 5553 1062 5620 locus
1080 5578 1268 5620 sanus
1294 5554 1394 5620 sit.

3911 554 4032 621 179

2427 756 2513 770 -
2548 736 2647 783 12.
2668 715 2845 781 Ἀλλ’
2880 713 3192 780 ἐπανιτέον
3215 715 3313 778 ἐπὶ
3339 712 3447 792 τὴν
3468 712 3647 799 ὕλην]
3683 709 3867 790 Quod
3896 709 4028 775 Fic.

2340 823 2403 887 in
2450 825 2777 888 Lemmate
2822 818 3013 906 hujus
3054 815 3273 904 capitis
3322 813 3747 902 Porphyrium
3792 812 4030 891 laudat,

2341 923 2720 990 monendum
2753 936 2870 1000 est,
2900 944 3031 985 esse
3059 918 3265 984 locum
3295 942 3331 983 e
3368 916 3702 983 Sententiis
3743 940 3792 980 c.
3831 915 4027 981 XXI.

2343 1031 2453 1094 Tu
2486 1029 2722 1100 confer.
2755 1049 2901 1113 quoe
2931 1046 3123 1111 supra
3150 1021 3475 1109 posuimus
3502 1020 3584 1085 ad
3614 1019 3861 1083 initium
3891 1016 4034 1082 libri

2337 1134 2471 1216 περὶ
2497 1136 2642 1214 ὕλης
2673 1131 2770 1195 II.
2800 1150 2866 1211 4.
2905 1149 2961 1193 1.
2996 1150 3061 1214 p.
3095 1143 3238 1213 159.
3283 1127 3456 1190 Fons
3483 1140 3693 1189 autem
3725 1122 4032 1188 universae

2343 1236 2535 1324 hujus
2564 1231 3002 1321 disputationis
3029 1230 3110 1294 de
3139 1228 3415 1294 Materia
3450 1243 3513 1293 et
3554 1227 3616 1291 in
3655 1226 4036 1292 nobilissimo

2344 1338 2479 1405 loco
2533 1336 2758 1403 Timaei
2811 1334 3115 1400 Platonici
3176 1357 3242 1421 p.
3286 1355 3396 1419 49.
3448 1357 3582 1420 sqq.
3638 1357 3704 1420 p.
3732 1351 3841 1418 57.
3889 1356 4029 1419 sqq.

2346 1440 2551 1507 Bekk.

2425 1570 2489 1633 p.
2519 1547 2675 1632 566,
2717 1545 2814 1608 18.
2862 1544 3129 1623 ἀμενηνὰ
3170 1544 3287 1624 γὰρ
3328 1541 3424 1605 καὶ
3468 1540 3716 1624 ἀσθενῆ]
3770 1536 3872 1603 Cf.
3914 1538 4027 1601 VI.

2339 1650 2402 1712 6.
2438 1650 2501 1712 8.
2534 1649 2653 1711 VI.
2685 1649 2748 1711 6.
2777 1646 2879 1710 18.
2926 1642 3363 1732 Olympiodor.
3394 1643 3456 1708 in
3489 1642 3623 1706 Alc.
3658 1665 3755 1730 pr.
3787 1665 3853 1729 p.
3887 1659 4028 1726 217.

2340 1775 2469 1838 sq.:
2519 1751 2613 1815 Οὐ
2656 1753 2771 1832 γὰρ
2807 1751 2992 1812 οἴεται
3034 1747 3207 1814 αὐτὸς
3242 1748 3276 1810 ὁ
3321 1746 3586 1811 Πλάτων
3615 1748 3909 1826 ἀμενηνᾶς
3938 1745 4034 1809 καὶ

2333 1857 2610 1920 ἀσθενεῖς
2663 1853 2759 1916 καὶ
2814 1854 3105 1934 ἀδρανεῖς,
3153 1848 3290 1914 ἀλλ’
3341 1848 3703 1916 ὑποστάσεις
3743 1850 4033 1929 βούλεται

2335 1959 2513 2025 αὐτὰς
2543 1957 2716 2022 εἶναι.
2762 1954 2871 2019 ubi
2912 1953 3046 2018 haec
3079 1952 3284 2041 posui,
3314 1975 3460 2040 quae
3502 1952 3736 2039 pariter
3764 1952 3843 2017 ad
3877 1951 4023 2016 Plo-

2333 2061 2535 2125 tinum
2566 2058 2825 2122 faciunt.
2901 2064 2945 2097 ‘⁶
2981 2055 3237 2121 Proclus
3265 2055 3329 2119 in
3378 2055 3549 2121 hunc
3591 2055 3932 2143 Dialogum
3965 2080 4028 2145 p.

2341 2168 2496 2245 164:
2543 2166 2664 2226 πᾶν
2704 2163 2818 2242 γὰρ
2858 2159 2925 2223 τὸ
2959 2159 3174 2224 ἔνυλον
3204 2157 3452 2240 ἀδρανές
3481 2161 3611 2223 ἐστι
3649 2160 3744 2222 καὶ
3780 2160 4032 2227 ἀσθενὲς

2338 2265 2407 2349 (i.
2441 2288 2496 2330 e.
2544 2286 2753 2351 segne,
2801 2284 3022 2327 nervos
3078 2283 3203 2324 non
3247 2259 3482 2324 habens
3537 2273 3600 2324 et
3657 2259 4026 2345 infirmum.)

2337 2368 2554 2449 ἀμενῆς
2581 2366 2710 2431 sive
2750 2364 3041 2447 ἀμενηνὸς
3069 2378 3132 2429 et
3173 2363 3382 2451 ipsum
3412 2362 3794 2449 explicatur:
3845 2365 4024 2428 ἀσθε-

2339 2470 2457 2539 νές.
2501 2468 2783 2558 Hesycb.
2832 2468 2892 2532 1.
2925 2492 2990 2555 p.
3025 2482 3172 2550 271.
3206 2465 3397 2532 Alb.:
3443 2465 3744 2547 Ἀμενηνᾶ
3782 2468 4027 2546 ἀσθενῆ,

2340 2576 2487 2638 κατὰ
2516 2572 2799 2654 στέρησιν
2835 2575 2938 2650 τῆς
2970 2569 3284 2650 δυνάμεως·
3331 2568 3510 2651 μένος
3546 2572 3662 2653 γὰρ
3700 2570 3737 2649 ἡ
3767 2569 4027 2648 δύναμις.

2330 2674 2369 2756 ἢ
2398 2678 2634 2760 ἄψυχα.
2711 2673 2896 2738 Adde
2924 2673 3194 2737 eundem
3224 2673 3287 2737 in
3320 2671 3722 2752 ἀμενήνωσεν,
3755 2670 3864 2735 ubi
3893 2672 4030 2735 He-

2331 2778 2609 2844 liodorus
2634 2778 2700 2842 in
2740 2776 2970 2864 Odyss.
3005 2805 3056 2841 κ.
3087 2794 3234 2861 521.
3267 2778 3532 2856 ἀμενηνὰ
3558 2772 3829 2861 explicat
3858 2777 4024 2840 ἀδια-

2332 2885 2531 2964 νόητα.
2584 2883 2690 2948 Cf.
2713 2882 3002 2969 interprr.
3029 2878 3346 2968 Apollonii
3377 2880 3539 2943 Lex.
3569 2880 3766 2943 Hom.
3793 2902 3858 2966 p.
3884 2898 4027 2959 104.

2326 3003 2386 3050 et
2417 3009 2480 3073 p.
2517 2985 2663 3049 228.
2711 2983 2904 3049 Tollii
2949 2983 3185 3071 Heynii
3231 2983 3416 3048 Obss.
3446 2981 3528 3047 ad
3570 2980 3757 3047 Iliad.
3792 3007 3839 3046 ε.
3875 2982 4022 3066 887.

2329 3090 2408 3153 In
2443 3087 2668 3175 Odyss.
2703 3114 2753 3150 τ.
2779 3089 2932 3172 562.
2962 3110 3077 3174 pro
3107 3089 3416 3167 ἀμενηνῶν
3438 3088 3686 3169 ὀνείρων
3712 3084 3938 3151 Suidas
3964 3100 4027 3150 et

2330 3191 2598 3256 Photius
2651 3189 2951 3255 exhibent
2992 3189 3339 3274 ψευστάων.
3424 3188 3567 3253 Vid.
3622 3191 3884 3254 Porson.
3941 3187 4024 3253 ad

2326 3316 2470 3359 eum
2524 3293 2755 3360 locum.
2844 3292 3038 3359 Adde
3086 3292 3337 3360 Orionis
3386 3291 3752 3381 Etymolog.
3801 3317 3866 3382 p.
3921 3292 4019 3359 28.

2328 3401 2555 3462 Zonar.
2592 3400 2753 3462 Lex.
2784 3421 2828 3485 p
2891 3416 3032 3479 142.
3125 3397 3249 3462 Sed
3280 3395 3614 3484 simplicior
3641 3410 3704 3460 et
3730 3395 4023 3461 omnibus

2328 3500 2596 3565 Homeri
2625 3501 3017 3587 aliorumque
3060 3499 3210 3564 locis
3251 3499 3770 3565 accommodatior
3800 3513 3893 3563 est
3934 3498 4023 3563 al·

2325 3618 2458 3668 tera
2500 3603 2899 3691 etymologia,
2945 3625 3134 3689 quam
3179 3601 3370 3667 refert
3415 3601 3781 3689 Etymolog.
3823 3602 3927 3667 M.
3955 3624 4019 3688 p.

2326 3709 2429 3770 81.
2467 3708 2544 3792 83
2568 3733 2582 3770 ε
2629 3705 2667 3787 ἦ
2693 3709 2853 3788 παρὰ
2882 3705 2949 3769 τὸ
2975 3704 3135 3785 μένω
3163 3706 3434 3786 μενηνός,
3460 3706 3537 3772 ὡς
3562 3703 3720 3769 πέτω
3749 3705 4017 3785 πετηνός.

2320 3814 2464 3890 Qua
2493 3812 2555 3874 in
2589 3834 2654 3873 re
2683 3808 2867 3897 plane
2896 3830 2998 3872 me
3025 3830 3171 3872 eum
3200 3807 3350 3872 facit
3379 3806 3492 3893 qui
3520 3806 3713 3894 hujus
3739 3807 4015 3872 vocabu-

2320 3914 2523 3979 lorum
2552 3913 2796 4001 generis
2822 3910 3091 3998 origines
3120 3909 3628 3998 significatusque
3656 3909 3841 3974 docte
3869 3931 4008 3996 per-

2323 4033 2573 4081 secutus
2589 4032 2681 4081 est
2701 4015 3182 4081 Doederleinius
3199 4037 3376 4079 meus
3396 4014 3458 4078 in
3483 4013 3851 4080 Lectionum
3877 4012 4016 4078 Ho-

2324 4118 2690 4183 mericarum
2740 4115 3006 4205 Specim.
3041 4118 3183 4182 111.
3217 4140 3361 4205 pag.
3393 4117 3587 4203 3—8.
3682 4116 3857 4180 Hinc
3900 4139 4013 4181 no-

2324 4221 2490 4286 mina
2518 4222 2800 4285 Deorum
2833 4219 3187 4285 Palicorum
3219 4220 3391 4308 apud
3425 4219 3682 4286 Siculos.
3749 4218 4017 4284 Illorum

2321 4324 2484 4389 enim
2514 4323 2672 4389 alter
2698 4326 3067 4389 Amenanus
3103 4322 3261 4388 alter
3287 4323 3614 4389 Adi-anus.
3684 4322 3825 4388 Vid.
3856 4322 4012 4387 Plu-

2321 4427 2518 4492 tarchi
2551 4425 2783 4490 Timol.
2823 4445 2917 4490 12.
2952 4426 3181 4491 Annot.
3213 4448 3381 4490 meas
3423 4425 3488 4489 in
3530 4425 3663 4492 Cic.
3696 4425 3778 4490 de
3809 4426 3893 4489 N.
3925 4426 4010 4489 D.

2320 4530 2466 4593 111.
2494 4549 2598 4594 22.
2630 4553 2697 4617 p.
2723 4530 3083 4614 601—603.
3114 4540 3177 4592 et
3205 4528 3375 4593 Phil.
3401 4530 3552 4593 Car.
3574 4529 3800 4593 Hessii
3823 4527 4009 4592 Obss.

2315 4631 2378 4696 in
2426 4630 2748 4696 Plutarchi
2793 4630 3025 4695 Timol.
3071 4653 3135 4718 p.
3167 4647 3276 4717 59.
3308 4631 3437 4718 sq.”
3483 4629 3842 4696 Philostrat.
3864 4631 4009 4717 jun.

2319 4735 2555 4799 XVII.
2591 4757 2655 4821 p.
2699 4754 2841 4819 139.
2870 4732 2970 4797 ed.
3003 4733 3260 4798 Jacobs.
3290 4745 3354 4797 et
3386 4732 3707 4798 Welcker.
3740 4732 3820 4797 de
3851 4732 4004 4797 Phi-

2313 4838 2886 4919 Ιοοῐεῑο-ξυννεφῆ
2914 4836 3107 4919 ὀφρὺν
3137 4837 3234 4902 ἐπὶ
3262 4839 3343 4900 τὼ
3381 4839 3677 4920 ὀφθαλμὼ
3708 4836 4007 4920 ἐφέλκων,

2312 4939 2465 5004 κάτω
2508 4966 2624 5005 που
2668 4940 2763 5005 καὶ
2802 4942 2871 5004 ἐν
2905 4940 3086 5021 βάθει
3123 4941 3301 5008 ὄντας
3345 4942 3441 5004 καὶ
3482 4940 3776 5021 ἀμενηνὸν
3819 4943 3999 5023 ὁρῶν-

2311 5069 2432 5110 τας.

2395 5168 2457 5232 p.
2491 5146 2643 5230 568‚
2672 5164 2737 5229 3.
2781 5149 3091 5226 Μαρτυρεῖ
3136 5147 3202 5209 δὲ
3253 5145 3349 5210 καὶ
3392 5146 3429 5225 ἥ
3479 5146 3777 5229 λεγομένη
3821 5147 3999 5229 πυρὸς

2308 5250 2678 5331 φθορὰ-εἷς
2737 5253 3040 5330 στοιχεῖον
3098 5248 3281 5332 ἄλλο]
3366 5248 3844 5337 Theophrastus
3895 5249 3998 5313 De

2312 5352 2472 5437 Igne
2505 5351 2563 5415 1.
2593 5373 2656 5437 p.
2693 5366 2836 5435 705.
2873 5347 3268 5414 Schneider-i:
3317 5350 3385 5414 τὸ
3413 5354 3479 5415 δὲ
3505 5356 3619 5433 πῦρ
3646 5355 3871 5435 γεννᾷν
3903 5354 3999 5416 καὶ

2306 5457 2575 5537 φθείρειν
2601 5452 2868 5535 πέφυκεν
2897 5455 3060 5518 αὑτό·
3107 5458 3331 5538 γεννᾷν
3367 5456 3499 5534 μὲν,
3531 5453 3599 5516 τὸ
3646 5453 3899 5519 ἔλαττον
3926 5454 3995 5518 τὸ

2304 5557 2513 5631 πλέον,
2555 5558 2824 5716 φέείρειν
2874 5557 2957 5631 δὲ,
3004 5556 3073 5621 τὸ
3121 5555 3313 5620 πλέον
3360 5555 3429 5619 τὸ
3476 5555 3729 5621 ἔλαττον
3777 5583 3825 5620 κ.
3855 5585 3909 5623 τ.
3929 5568 3991 5625 λ.

2423 5667 2481 5716 A
2515 5669 2558 5716 a
