5118 6613
1080 461 1199 526 268

1140 657 1199 720 p.
1216 634 1296 716 89
1309 654 1333 697 1
1345 680 1364 712 ‚
1380 656 1405 699 1
1419 652 1477 699 2.
1490 633 1559 697 τὸ
1575 634 1816 700 διεστὼς
1833 630 2141 716 ἀμήχανον
2157 634 2306 697 ὅσον
2323 633 2564 720 ninom]
2589 634 2763 696 Mar-

1078 737 1231 824 gini‚
1262 738 1323 801 in
1358 761 1488 824 quo
1531 739 1692 802 ὅσων
1719 739 1935 810 τόπων,
1974 735 2114 800 libri
2149 759 2274 800 non
2319 737 2763 824 suffragantur.

1081 841 1265 906 Ratio
1292 857 1495 905 tamen
1537 840 1794 926 patitur,
1840 841 1892 904 si
1931 840 2164 927 cogites
2206 839 2517 921 διάστημα.
2612 841 2767 903 Fre·

1079 959 1341 1031 quentat
1391 942 1699 1023 PlotinuS,
1750 943 2029 1008 Platonis
2072 941 2431 1030 exemplum
2481 965 2766 1030 sequenS,

1081 1047 1241 1111 hanc
1287 1045 1678 1111 locutionem.
1756 1046 1897 1110 vid.
1941 1046 2022 1111 ad
2066 1069 2131 1134 p.
2162 1047 2266 1131 56.
2311 1047 2395 1109 E.
2471 1045 2658 1109 Plato
2702 1045 2763 1108 in

1085 1147 1405 1214 Charmid.
1435 1171 1502 1236 p.
1539 1168 1682 1235 155.
1709 1150 1787 1213 C.
1819 1172 1885 1236 p.
1910 1169 2056 1235 703.
2101 1147 2302 1213 Bekk.
2351 1146 2661 1231 ἐνέβλεψέ
2702 1148 2770 1211 τέ

1078 1278 1180 1332 μοι
1213 1254 1539 1340 (Excerpt.
1573 1251 1731 1316 Cod.
1768 1253 2045 1316 Darmst.
2074 1251 2391 1334 ἀνέβλεψε
2417 1250 2494 1332 μέ
2519 1254 2606 1333 τι)
2648 1256 2771 1318 τοῖς

1083 1357 1417 1437 ὀφθαλμοῖς
1455 1354 1762 1440 ἀμήχανόν
1797 1381 1854 1418 τι
1899 1357 2027 1419 οῖον
2074 1353 2181 1419 ubi
2224 1353 2352 1417 vid.
2399 1352 2665 1418 Heindf.
2703 1377 2767 1441 p.

1082 1460 1189 1522 61.
1215 1456 1521 1523 Phaedon.
1546 1478 1726 1546 p.39.
1754 1459 1966 1545 Wytt.
1990 1482 2004 1521 z
2040 1458 2108 1521 τὸ
2133 1457 2600 1538 σῶμα-ὀλίγου
2621 1458 2770 1521 ὅλον

1081 1561 1247 1640 μένει
1276 1560 1583 1644 ἀμήχανον
1610 1563 1759 1624 ὅσον
1786 1564 2008 1643 χρόνον
2047 1560 2187 1643 (ubi
2236 1559 2523 1624 Stobaeus
2559 1574 2766 1623 extre-

1081 1686 1255 1728 mum
1300 1662 1671 1728 vocabulum
1719 1685 1840 1727 non
1878 1663 2084 1728 habet.
2131 1661 2258 1726 vid.
2294 1658 2619 1748 Wyttenb.
2661 1683 2770 1725 an-

1084 1782 1215 1831 not.
1250 1789 1312 1853 p.
1340 1770 1482 1830 206.

1171 1893 1234 1954 p.
1267 1870 1415 1954 892,
1453 1888 1549 1952 15.
1594 1866 1630 1949 ᾗ
1660 1869 1833 1932 οὐδὲν
1864 1868 1982 1932 ἔδει
2008 1867 2321 1958 πλάττειν]
2369 1870 2568 1932 Recte
2599 1869 2653 1932 F
2657 1867 2764 1931 ici-

1083 1995 1231 2037 nus:
1282 1978 1332 2011 “
1361 1971 1463 2035 cui
1501 1993 1625 2034 non
1668 1993 1829 2058 opus
1855 1970 1979 2036 fuit
2014 1970 2340 2036 formare.'’
2433 1974 2770 2036 Construc-

1084 2074 1265 2139 tionis
1303 2072 1586 2161 exempla
1616 2095 1651 2137 e
1678 2073 2096 2160 Xenophonte
2131 2073 2437 2161 congessit
2482 2072 2769 2138 Sturzius

1080 2179 1142 2242 in
1176 2178 1334 2243 Lex.
1366 2174 1656 2262 Xenopb.
1694 2176 1750 2239 Ι.
1780 2198 1844 2263 p.
1866 2176 2015 2258 629.
2064 2173 2241 2240 Plato
2281 2177 2539 2239 Menon.
2574 2198 2636 2260 p.
2667 2194 2764 2258 79.

1084 2283 1161 2346 C.
1191 2305 1258 2369 p.
1282 2296 1388 2366 50.
1426 2278 1829 2344 Stallbaum.:
1879 2283 1971 2342 δεῖ
1994 2279 2101 2342 οὖν
2131 2303 2230 2341 σοι
2262 2278 2447 2342 πάλιν
2478 2281 2541 2357 ἐξ
2584 2280 2768 2362 ἀρχῆς

1078 2389 1265 2464 -τῆς
1303 2385 1476 2463 αὐτῆς
1528 2381 1878 2464 ἐρωτήσεως.
1948 2381 2049 2445 Cf.
2094 2380 2328 2444 Matth.
2375 2381 2487 2445 Gr.
2532 2381 2651 2446 Gr.
2701 2384 2761 2466 ξ.

1080 2510 1228 2576 39¹·
1260 2512 1323 2575 p.
1351 2507 1491 2571 719.
1524 2486 1624 2550 ed.
1654 2485 1760 2550 alt.
1839 2484 2127 2550 Plotinus
2160 2507 2351 2572 supra
2382 2509 2443 2573 p.
2476 2504 2532 2548 2.
2563 2488 2640 2550 C.
2681 2488 2764 2550 εἴ·

1075 2618 1186 2674 περ
1217 2597 1311 2656 δεῖ
1342 2595 1598 2674 χρῆσθαι
1645 2594 1726 2677 τῷ
1767 2588 1999 2674 ὀργάνῳ
2033 2590 2447 2671 γιγνωσκούσῃ
2480 2588 2597 2669 (ita
2625 2587 2765 2652 libri

1076 2696 1206 2760 fere
1234 2716 1447 2758 omnes
1476 2715 1592 2779 pro
1621 2693 2077 2775 γιγνώσκουσαν
2105 2691 2421 2776 editionis)
2444 2694 2520 2756 τὰ
2550 2693 2767 2771 ἔξωθεν

1077 2797 1392 2876 παθήματα
1421 2797 1484 2875 ἐξ
1514 2794 1864 2873 αἰσθήσεως,
1897 2793 2006 2858 ubi
2036 2793 2200 2859 conf.
2230 2807 2443 2858 annot.

1163 2922 1228 2986 p.
1260 2900 1407 2984 893,
1442 2918 1540 2977 14.
1614 2899 1815 2978 ὥσπερ
1867 2901 2114 2962 εἴδωλον
2170 2898 2510 2976 οὖσα-τῆς
2556 2898 2623 2961 ἐν
2679 2897 2769 2960 ἑνὶ

1078 3006 1228 3081 μιᾶς·
1273 3001 1401 3063 οῖον
1445 3002 1498 3063 εἰ
1538 2999 1603 3062 ἐκ
1648 3001 1960 3063 δακτυλίου
2005 2998 2138 3066 ἑνὸς
2185 2999 2405 3063 πολλοὶ
2454 2999 2618 3080 κηροὶ
2660 2997 2767 3061 τὸν

1081 3103 1259 3169 αὐτὸν
1287 3104 1473 3165 τύπον
1501 3099 1942 3180 ἆπομαξάμενοι
1973 3100 2260 3186 φέροιεν.]
2330 3100 2435 3163 Ita
2476 3099 2765 3164 dedimus

1080 3204 1306 3293 partim
1324 3226 1405 3268 ex
1427 3201 1628 3267 Ficini
1650 3202 1949 3281 versione,
1968 3201 2195 3290 partim
2226 3225 2304 3265 ex
2335 3201 2541 3268 Codd.
2566 3204 2761 3268 MSS.

1084 3305 1324 3373 Similes
1350 3304 1468 3370 loci
1499 3320 1647 3371 sunt
1675 3328 1865 3394 supra
1895 3308 1953 3370 1.
1987 3305 2050 3369 6.
2081 3324 2142 3388 5.
2192 3305 2309 3369 lv.
2339 3326 2404 3390 3.
2440 3325 2502 3388 7.
2554 3306 2675 3370 IV.
2700 3329 2762 3387 4,

1084 3428 1185 3495 23.
1279 3407 1577 3495 Inprimis
1615 3406 1867 3471 consule
1905 3419 2202 3471 annotata
2240 3405 2322 3470 ad
2359 3407 2474 3471 IV.
2508 3408 2570 3470 6.
2608 3424 2669 3470 2.
2701 3430 2763 3494 p.

1078 3531 1227 3600 305.
1259 3515 1338 3578 Β.

1163 3641 1229 3706 p.
1261 3618 1409 3702 894,
1441 3638 1500 3702 9.
1550 3616 1643 3680 καὶ
1685 3615 1752 3678 τὸ
1798 3614 2035 3697 σπέρμα
2076 3615 2379 3679 ὅλον-τὸ
2429 3616 2609 3703 ὅλον]
2661 3616 2763 3680 Cf.

1077 3744 1214 3808 cap.
1242 3741 1301 3807 3.
1332 3744 1395 3808 p.
1418 3738 1567 3805 479.
1601 3721 1653 3784 C
1683 3743 1696 3782 :
1749 3720 1845 3783 καὶ
1872 3722 1989 3801 γὰρ
2018 3721 2086 3782 ἐν
2113 3722 2193 3805 τῷ
2217 3718 2509 3799 σπέρματι
2528 3719 2770 3786 πλείους

1083 3827 1144 3887 αἱ
1193 3823 1481 3903 δυνάμεις,
1516 3823 1612 3886 καὶ
1654 3822 1721 3886 ἓν
1764 3823 1859 3885 καὶ
1899 3824 1962 3901 ἐξ
2011 3821 2145 3890 ἑνὸς
2181 3824 2391 3885 τούτου
2432 3824 2638 3886 πολλὰ
2682 3822 2770 3885 ἓν.

1084 3925 1188 3990 Cf.
1216 3925 1403 3989 etiam
1432 3924 1919 4010 disputationem
1964 3926 2009 3987 J
2013 3924 2229 3988 oannis
2269 3923 2677 3988 Grammatici
2705 3925 2768 3988 in

1086 4028 1395 4093 Aristotel.
1426 4028 1505 4093 de
1529 4029 1826 4092 Generat.
1854 4026 2151 4091 Animall.
2174 4026 2282 4090 lib.
2306 4027 2404 4091 11.
2437 4050 2490 4090 c.
2518 4046 2574 4090 1.
2621 4028 2772 4091 Per-

1086 4130 1238 4195 tinet
1281 4129 1416 4195 haec
1451 4129 1754 4194 sententia
1791 4129 1873 4194 ad
1917 4129 2260 4194 doctrinam
2306 4128 2387 4193 de
2429 4128 2772 4194 rationibus

1086 4231 1478 4298 seminalibus
1509 4234 1744 4316 (λόγοις
1771 4236 2234 4316 οπερματικοῖς),
2258 4231 2339 4296 de
2367 4231 2600 4319 quibus
2630 4231 2774 4296 Plo-

1074 4335 1566 4423 §nupturibus
1593 4335 1763 4412 lods,
1790 4349 1864 4399 ut
1896 4335 1992 4398 11.
2025 4353 2090 4420 3.
2125 4349 2219 4415 17.
2253 4334 2394 4397 III.
2427 4354 2482 4396 1.
2518 4348 2579 4416 7.
2628 4335 2769 4399 111.

1090 4442 1148 4503 8.
1186 4439 1303 4502 IV.
1334 4457 1401 4524 3.
1438 4459 1534 4503 10.
1572 4439 1691 4502 IV.
1718 4459 1784 4521 4.
1815 4458 1920 4525 39.
2002 4436 2308 4520 (Consule
2335 4459 2481 4524 quae
2509 4451 2772 4502 annota-

1085 4542 1287 4606 vimus
1328 4541 1409 4607 ad
1453 4557 1833 4629 postremum
1878 4540 2082 4605 locum
2130 4564 2193 4627 p.
2223 4560 2374 4627 433.
2426 4541 2539 4624 Β.)
2585 4555 2648 4604 et
2691 4543 2773 4606 V.

1172 4784 1260 4799 —-
1293 4765 1394 4811 12.
1435 4745 1608 4811 Ἀλλ’
1664 4748 1732 4811 ἐν
1772 4751 1842 4827 τῇ
1890 4745 2197 4826 ἐπιστήμῃ,
2244 4750 2397 4811 εἴποι
2439 4773 2526 4814 τις
2573 4747 2666 4821 ἂν,
2707 4750 2776 4811 τὸ

1087 4849 1262 4931 μέρος
1305 4850 1418 4932 οὐχ
1455 4850 2112 4928 ὅλον-ἐνδυναμοΰται
2143 4847 2388 4922 δὲ,ὀῖον
2432 4849 2780 4929 πλησιάσαν

1089 4956 1168 5039 τῷ
1221 4952 1396 5039 ὅλῳ]
1446 4952 1673 5014 Vocem
1729 4954 2047 5031 ἐνδύναμος
2100 4950 2351 5015 Lexicis
2399 4950 2549 5014 addi
2591 4952 2780 5038 jussit

1091 5052 1365 5119 Lobeck.
1426 5053 1508 5117 ad
1567 5053 1910 5141 Phrynich.
1972 5077 2034 5141 p.
2085 5055 2229 5137 605.
2275 5069 2403 5117 not.
2491 5055 2780 5142 Usurpat

1088 5159 1272 5223 etiam
1323 5155 1685 5244 DionysiuS‚
1742 5157 1855 5244 qui
1903 5154 2060 5220 falso
2104 5155 2335 5220 dicitur
2380 5157 2778 5243 Areopagita‚

1091 5260 1170 5325 de
1207 5259 1468 5325 Divinn.
1512 5259 1877 5324 Nominibb.
1910 5282 2048 5346 cap.
2079 5260 2194 5323 IV.
2232 5260 2287 5342 ξ.
2318 5278 2425 5343 32.
2502 5260 2778 5324 Verbum

1096 5365 1432 5443 ἐνδυναμόω
1462 5377 1527 5428 et
1556 5365 2001 5442 ἐνδυναμοῦμαι,
2033 5360 2387 5440 corroborO,
2419 5363 2781 5428 corroboror

1098 5479 1158 5529 et
1201 5464 1506 5530 invalesco
1542 5488 1621 5530 ex
1667 5465 1866 5529 LXX.
1896 5464 2244 5553 interprett.
2289 5465 2483 5529 citant
2528 5465 2684 5531 Biel.
2717 5466 2780 5531 in

2039 459 2865 525 ANNOTATIONES
2930 460 3041 523 IN
3107 459 3552 524 PLOTINI

2856 632 3165 696 Thesaur.
3203 633 3261 696 1.
3297 655 3358 718 p.
3384 650 3537 717 533.
3568 647 3630 697 et
3671 630 4045 696 Schleusner
4070 630 4136 697 in
4163 655 4329 697 novo
4361 632 4536 697 The-

2853 757 3038 800 sauro
3068 736 3165 799 11.
3198 757 3263 822 p.
3287 754 3437 819 359.
3528 735 3650 800 Sed
3690 733 3809 799 hoc
3849 734 3986 800 loco
4021 734 4395 822 peculiarem
4424 735 4536 800 ad-

2853 838 3052 903 sciscit
3095 853 3461 927 potestatem
3494 838 3660 903 hanc
3692 840 4034 926 potentiale
4062 841 4266 918 reddi,
4296 838 4341 905 i.
4365 863 4421 905 e.
4467 863 4543 904 eo

2853 941 3200 1028 pervenire,
3219 956 3294 1006 ut
3316 940 3594 1029 potentia
3614 940 3912 1023 (δυνάμει)
3936 941 4337 1017 existimeris;
4368 942 4542 1029 quod

2852 1058 3018 1109 recte
3067 1044 3383 1132 perspexit
3433 1043 3709 1108 Ficinus.
3800 1045 4142 1131 Propterea
4191 1044 4294 1110 hic
4348 1043 4541 1125 locus,

2857 1162 3149 1235 tanquam
3173 1146 3528 1235 philosophi
3549 1147 3900 1233 argumenti
3926 1147 4144 1213 unicus
4160 1148 4259 1212 vel
4278 1148 4543 1213 maxime

2855 1245 3315 1337 consignandus
3342 1249 3404 1313 in
3437 1248 3687 1313 Lexicis
3713 1263 3823 1314 est.

2942 1356 3257 1418 Caeterum
3288 1350 3470 1416 fallor
3494 1364 3606 1416 aut
3649 1351 3936 1417 Plotinus
3963 1352 4026 1417 in
4059 1353 4154 1418 his
4181 1369 4246 1418 et
4286 1377 4544 1440 sequen-

2857 1457 3026 1522 tibus
3053 1456 3134 1520 ad
3163 1456 3348 1520 finem
3383 1478 3582 1542 usque
3611 1454 3750 1519 libri
3795 1454 4065 1520 Platonis
4107 1457 4294 1535 locos,
4328 1457 4435 1522 ubi
4467 1459 4544 1523 de

2853 1562 3136 1624 scientiis
3181 1556 3584 1640 (ἐπιστήμαις)
3631 1558 3890 1644 exponit
3927 1558 4357 1646 philowphus,
4399 1576 4544 1626 ante

2855 1660 3067 1727 oculos
3096 1659 3350 1731 habuit;
3387 1682 3448 1722 v.
3471 1682 3526 1723 c.
3559 1659 3622 1722 iu
3656 1660 3860 1747 Legg.
3891 1661 4092 1726 VIII.
4130 1684 4198 1748 p.
4226 1662 4369 1747 643.
4402 1686 4540 1750 sqq.

2855 1780 2917 1830 et
2944 1764 3258 1852 praecipue
3285 1762 3350 1826 in
3381 1761 3645 1827 Philebo
3682 1785 3745 1849 p.
3773 1780 3878 1849 55.
3908 1786 4043 1850 sqq.
4074 1788 4139 1852 p.
4176 1782 4313 1849 177.
4352 1765 4541 1831 Stall-

2853 1868 3068 1933 baum.
3160 1866 3479 1932 Plotinum
3523 1890 3672 1930 vero
3717 1865 3979 1931 vicissim
4021 1867 4282 1932 Proclus
4324 1868 4547 1934 habuit

2852 1987 2998 2036 ante
3034 1969 3247 2036 oculos
3280 1970 3343 2034 in
3376 1968 3584 2034 Alcib.
3617 1992 3712 2057 pr.
3747 1971 3805 2054 ξ.
3831 1989 3937 2055 95.
3975 1992 4036 2056 p.
4061 1988 4209 2055 307.
4255 1994 4388 2059 sqq.
4432 1973 4542 2038 ubi

2853 2088 2918 2138 et
2942 2074 3063 2139 alia
3089 2090 3151 2138 et
3181 2074 3316 2138 haec
3342 2073 3550 2160 posuit
3586 2075 3681 2161 (p.
3705 2076 3880 2159 308.)
3909 2098 3926 2138 t
3969 2079 4153 2138 ταῦτα
4173 2077 4239 2139 δὲ
4267 2076 4544 2157 ἐμφαίνει

2855 2179 2963 2257 τὴν
3001 2180 3213 2242 οὐσίαν
3251 2178 3414 2258 ἡμῶν
3462 2176 3762 2260 χωριστὴν
3800 2177 3988 2241 οὖσαν
4026 2174 4296 2256 σώματος
4343 2178 4436 2242 καὶ
4472 2180 4541 2242 ἐν

2856 2284 2999 2362 αὐτῇ
3055 2284 3346 2354 ἑστῶσαν,
3387 2281 3537 2344 ὅπου
3578 2304 3652 2363 γε
3698 2279 3792 2343 καὶ
3832 2280 3870 2358 ἡ
3917 2278 4205 2361 ἐπιστήμη
4249 2283 4547 2361 τελειότης

2848 2387 3012 2465 ἡμῶν
3039 2383 3392 2467 ὑπάρχουσα
3431 2384 3707 2462 τοιαύτην
3746 2384 3932 2465 ἔλαχε
3971 2384 4240 2462 δύναμιν.
4330 2385 4408 2447 Αἱ
4433 2386 4546 2463 μὲν

2850 2491 2966 2570 γὰρ
2994 2491 3407 2568 σωματοειδεῖς
3435 2485 3705 2565 δυνάμεις
3734 2488 3802 2549 ἐν
3828 2490 3956 2551 ταῖς
3980 2486 4375 2564 μεταδόσεσιν
4406 2488 4538 2549 ἑαυ-

2850 2593 2955 2657 τᾶς
2983 2592 3352 2662 ἐλαττοῦσιν,
3383 2588 3421 2667 ἦ
3466 2590 3531 2651 δὲ
3568 2585 3874 2667 ἐπιστήμη,
3919 2587 4026 2666 μία
4059 2585 4326 2666 μένουσα
4370 2590 4464 2652 καὶ
4505 2591 4542 2669 ἡ

2854 2692 3017 2772 αὐτὴ,
3068 2691 3352 2773 αὐτάρκης
3407 2690 3503 2753 καὶ
3552 2688 3957 2756 ἆνελάττωτος
4013 2690 4104 2753 ἑνὶ
4154 2691 4249 2753 καὶ
4294 2698 4545 2758 πολλοῖς

2854 2795 3129 2861 ὡσαύτως
3158 2795 3365 2872 ἑαυτῆς
3400 2794 3810 2872 μεταδίδωσιν.
3902 2794 4074 2857 Οὕτω
4113 2793 4184 2873 δὴ
4226 2794 4332 2858 οὖν
4369 2796 4465 2859 καὶ
4504 2798 4542 2875 ἡ

2852 2897 3021 2981 ψυχὴ
3049 2898 3228 2961 παντὶ
3271 2898 3496 2977 σώματι
3539 2895 3791 2977 πάρεστι
3831 2895 3925 2959 καὶ
3963 2899 4112 2959 πᾶσι
4146 2902 4269 2963 τοῖς
4294 2900 4540 2979 μορίοις,

2855 3000 2949 3064 καὶ
2977 3000 3047 3062 οὐ
3075 3002 3150 3063 τὰ
3186 3001 3298 3079 μὲν
3339 3000 3538 3066 ἄλλως
3581 2999 3755 3076 αὐτῆς
3789 2997 4046 3081 μετέχει,
4092 3001 4168 3062 τᾶ
4210 3001 4276 3063 δὲ
4318 3001 4537 3068 ἄλλως.

2856 3129 2907 3164 κ.
2928 3126 2982 3163 τ.
3002 3107 3064 3163 λ.
3154 3100 3400 3165 Deinde
3428 3100 3755 3188 subjicitur
3782 3097 4139 3187 exemplum
4170 3102 4543 3182 ἀριθμητικοῦ

2853 3202 2965 3285 (cf.
3017 3203 3259 3268 Phileb.
3306 3202 3347 3268 l.
3374 3202 3445 3287 l.)
3508 3201 3949 3267 Definitionem
3999 3202 4390 3283 ἐπισπὶμονος
4447 3205 4541 3269 καὶ

2853 3306 3136 3390 ἐντέχνου
3163 3331 3242 3371 ex
3274 3306 3624 3372 Stoicorum
3651 3305 3888 3371 ratione
3916 3305 4242 3394 proposuit
4283 3310 4544 3372 Marcus

2856 3411 3219 3475 Antoninus
3249 3412 3366 3475 IV.
3393 3431 3500 3496 31.
3528 3411 3610 3475 ad
3640 3434 3827 3497 quem
3857 3408 4108 3476 consule
4152 3411 4542 3477 Gatakerum

2853 3536 2920 3601 p.
2950 3516 3087 3578 166.
3184 3513 3480 3579 Eundem
3533 3513 3831 3579 Antonini
3876 3513 4079 3578 locum
4129 3536 4332 3603 nuper
4379 3538 4544 3579 com-

2854 3616 3038 3681 mode
3103 3615 3391 3681 adhibuit
3454 3616 3744 3696 Cratetis,
3803 3616 3915 3704 qui
3971 3615 4199 3696 fertur,
4261 3617 4541 3704 epistolae

2855 3718 3139 3783 XXIII.
3173 3718 3563 3784 doctissimus
3604 3718 4046 3784 Boissonadius
4083 3720 4148 3784 in
4195 3720 4451 3785 Notices
4479 3737 4542 3786 et

2855 3820 3139 3885 Extraits
3182 3821 3250 3885 d.
3284 3822 3667 3887 Manuscrits
3706 3821 3769 3887 d.
3792 3822 4031 3887 l.’Bibl.
4080 3823 4167 3887 du
4212 3823 4353 3887 Roi.
4399 3823 4537 3888 Vol.

2858 3924 2991 3988 XI.
3024 3946 3087 4011 p.
3110 3942 3218 4008 45.
3287 3922 3568 3988 Platonis
3608 3924 3690 3988 de
3736 3923 4005 3989 Scientia
4044 3924 4433 4003 sententiam,
4478 3925 4542 3989 in

2860 4026 3191 4093 Theaeteto
3232 4041 3295 4091 et
3336 4025 3482 4091 alibi
3526 4026 3892 4113 expositam,
3935 4026 4127 4091 refert
4170 4027 4433 4092 Proclus
4477 4028 4542 4091 in

2857 4129 3138 4194 Euclidis
3175 4128 3444 4194 Elemm.
3489 4129 3634 4194 Lib.
3672 4131 3732 4193 Ι.
3761 4153 3815 4193 c.
3860 4150 3925 4208 4.
3962 4129 4046 4193 cf.
4079 4128 4183 4193 lib.
4220 4130 4362 4194 III.
4395 4153 4449 4194 c.
4484 4152 4541 4194 1.

2859 4231 3255 4320 Peripatetici
3283 4232 3465 4297 etiam
3498 4243 3782 4296 statuunt
3809 4234 4136 4296 ecimtiam
4154 4247 4267 4296 aut
4289 4235 4545 4297 univer-

2856 4336 3048 4399 salem
3092 4348 3205 4400 aut
3258 4336 3677 4424 singularem,
3729 4348 3840 4398 aut
3886 4337 4173 4422 potentia
4218 4350 4327 4400 aut
4379 4346 4542 4401 actu.

2860 4437 3007 4506 Qua
3052 4437 3118 4500 in
3170 4436 3588 4526 disputatione
3634 4439 3908 4503 Joannes
3967 4439 4430 4504 Grammaticus
4479 4439 4540 4502 in

2862 4540 3123 4605 Aristot.
3154 4540 3233 4604 de
3278 4542 3576 4606 Generat.
3609 4540 3897 4605 Animall.
3932 4543 4030 4606 11.
4067 4563 4122 4605 1.
4156 4541 4327 4618 item,
4356 4561 4546 4629 atque

2864 4642 3165 4723 Plotinus,
3197 4645 3552 4709 Geometrae
3589 4645 3944 4733 exemplum
3980 4644 4237 4710 adhibet
4274 4668 4418 4710 cum
4453 4645 4545 4709 di-

2861 4748 2983 4812 cit:
3034 4748 3459 4826 Geometram‚
3519 4747 3774 4834 quando
3823 4747 4058 4835 vigilet,
4105 4758 4251 4813 actu
4300 4770 4546 4837 geome-

2863 4859 3029 4915 tram
3051 4872 3201 4914 esse.

2950 4952 3239 5039 Denique
3267 4952 3329 5016 in
3362 4953 3485 5017 fine
3513 4951 3730 5040 capitis
3752 4953 3956 5017 z—xal
3993 4956 4090 5017 διὰ
4127 4953 4195 5016 τὸ
4226 4958 4397 5032 σῶμα
4428 4954 4549 5016 ἐπι-

2866 5062 3177 5120 σκοτεῖται·
3229 5058 3355 5119 ἐκεῖ
3393 5058 3459 5121 δὲ
3507 5059 3673 5139 φανὰ
3714 5055 3910 5120 πάντα
3953 5055 4048 5120 καὶ
4100 5057 4394 5120 ἕκαστονε
4443 5077 4550 5140 ag—

2864 5181 3046 5223 nosce
3084 5157 3364 5223 Platonis
3401 5159 3686 5223 lectorem
3734 5157 4132 5245 diligentem:
4183 5157 4440 5222 Phaedr.
4484 5180 4546 5243 p.

2870 5263 3014 5346 256.
3043 5260 3086 5324 d
3113 5286 3127 5325 τ
3179 5264 3261 5329 εἷς
3286 5265 3402 5344 γὰρ
3431 5263 3650 5326 σκότον
3680 5261 3775 5325 καὶ
3802 5260 3911 5340 τὴν
3930 5261 4043 5325 ὑπὸ
4072 5265 4181 5343 γῆς
4206 5261 4454 5340 πορείαν
4483 5260 4554 5322 οὐ

2868 5365 3045 5444 νόμος
3089 5365 3253 5428 ἐστὶν
3300 5364 3386 5428 ἔτι
3434 5366 3636 5429 ἐλθεῖν
3677 5370 3800 5430 τοῖς
3840 5364 4255 5446 κατηργμένοις
4297 5363 4407 5441 ἤδη
4453 5366 4556 5441 τῆς

2870 5468 3221 5548 ἐπουρανίου
3242 5469 3501 5549 πορείας,
3535 5469 3698 5532 ἀλλὰ
3726 5466 3923 5549 φανὸν
3948 5469 4090 5548 βίον
4117 5465 4430 5547 διάγοντας
4459 5466 4554 5529 εὐ-
