5118 6613
1031 518 1158 585 372

1040 675 1177 755 μὸν,
1210 673 1304 738 καὶ
1344 672 1537 753 μέσον
1564 675 1774 738 τοῦτον
1801 675 2091 757 ἱδρῦσθαι,
2135 679 2241 740 τοῦ
2280 700 2346 741 τε
2393 675 2527 744 ἑνὸς
2568 677 2741 744 ὄντος

1045 778 1140 842 καὶ
1169 781 1274 841 τοῦ
1302 776 1612 854 αὗτοζῶου,
1643 777 1832 857 βάσιν
1860 779 1926 841 δὲ
1953 779 2100 842 ὄντα
2135 779 2232 842 καὶ
2273 780 2459 843 τόπον
2486 784 2606 842 τῶν
2633 781 2737 842 ὅν-

1043 905 1180 954 των,
1212 879 1379 958 ἄξιον
1409 879 1504 942 καὶ
1531 881 1667 962 περὶ
1695 882 1904 945 τούτου
1934 881 2238 960 συντόμως
2268 885 2473 946 εἰπεῖν.
2524 881 2743 967 Sequi-

1043 998 1151 1049 tur
1178 981 1517 1070 disputatio
1543 981 1810 1071 longior,
1839 1007 1987 1070 quae
2029 984 2203 1072 apud
2247 985 2452 1072 ipsum
2496 984 2744 1071 legatur

1044 1109 1290 1152 necesse
1316 1100 1431 1150 est.
1492 1085 1681 1153 Quod
1713 1085 1974 1152 Proclus
2002 1101 2144 1174 post
2172 1086 2363 1168 βάσιν
2389 1086 2617 1175 adjecit
2647 1088 2743 1152 καὶ

1043 1191 1250 1269 τόπον,
1279 1204 1583 1254 monstrat
1610 1189 1675 1254 h.
1696 1189 1739 1253 l.
1772 1212 1894 1253 non
1927 1190 2164 1254 musico
2204 1189 2313 1254 illo
2356 1213 2539 1255 sensu
2583 1190 2739 1255 acci-

1042 1291 1333 1381 piendam
1383 1315 1538 1369 esse,
1586 1315 1772 1379 quem
1829 1315 2021 1381 supra
2069 1292 2412 1380 attigimuS‚
2467 1292 2577 1358 sed
2625 1316 2744 1382 pro

1033 1396 1493 1483 findamento,
1544 1395 1635 1460 uti
1677 1411 1845 1460 recte
1892 1395 2076 1460 etiam
2125 1409 2337 1460 nostro
2381 1395 2517 1461 loco
2557 1396 2745 1461 vertit

1044 1498 1321 1565 FicinuS.
1413 1497 1656 1563 Eadem
1697 1498 1927 1586 pagina
1963 1514 2242 1563 extrema
2282 1497 2446 1563 idem
2483 1498 2745 1564 Proclus

1043 1602 1152 1670 l.l.
1183 1602 1317 1667 haec
1363 1601 1573 1690 posuit
1596 1601 1899 1683 ε-πάσης
1939 1606 2055 1686 γὰρ
2100 1600 2418 1670 εῖδοποιΐας
2457 1603 2495 1682 ἡ
2537 1606 2745 1684 τετρὰς

1044 1707 1187 1787 αὕτη
1214 1705 1375 1788 πηγὴ
1402 1704 1880 1789 προϋφέστηκεν·

1118 1831 1185 1895 p.
1217 1827 1403 1894 1245,
1424 1830 1490 1890 4.
1520 1809 2132 1888 βούλομαι-πλῆθος
2157 1810 2388 1890 χρυσοῦ
2411 1804 2448 1886 ἢ
2476 1808 2733 1894 οἰκείων]

1044 1909 1149 1975 Ita
1175 1933 1319 1975 cum
1353 1910 1486 1975 Fic.
1518 1910 1729 1998 scripsi
1776 1933 1892 1998 pro
1931 1912 2145 1974 οἰκιῶν.
2239 1908 2422 1974 Illius
2464 1908 2743 1975 lectionis

1044 2011 1374 2100 vestigium
1420 2012 1687 2077 servavit
1734 2012 2070 2077 Vaticanus
2112 2012 2270 2077 liber
2312 2012 2613 2077 exhibens
2656 2017 2742 2078 οἶ-

1045 2142 1234 2182 Κείων.

1123 2254 1213 2270 —
1234 2237 1332 2299 14.
1380 2218 1636 2282 ἕκαστόν
1664 2243 1730 2282 τε
1760 2217 1848 2290 ἓν,
1883 2219 1936 2280 εἰ
1964 2219 2112 2298 ὁμοῦ
2139 2220 2344 2281 πολλὰ
2372 2218 2448 2297 ἦν
2476 2217 2543 2281 τὸ
2577 2219 2645 2282 ἓν
2673 2218 2741 2281 τὸ

1043 2320 1132 2388 ἐπ’
1179 2322 1407 2411 αὐτοῖς]
1463 2322 1568 2385 Ita
1612 2320 1824 2408 scripsi
1873 2343 2016 2385 cum
2066 2319 2352 2410 plurimis
2403 2320 2577 2385 libris
2627 2345 2743 2411 pro

1040 2428 1247 2490 πολλὰ
1289 2428 1456 2506 ὁμοῦ.
1547 2426 1865 2489 Caeterum
1899 2422 2156 2488 Ficinus
2184 2423 2344 2489 hanc
2374 2426 2741 2489 sententiam

1039 2527 1367 2606 convertit,
1407 2551 1552 2615 quae
1599 2526 1943 2592 secundum
1991 2527 2219 2592 Graeca
2264 2526 2353 2593 ita
2396 2550 2462 2592 se
2508 2526 2737 2592 habet:

1042 2630 1230 2710 Quod
1271 2631 1499 2695 sivero
1537 2630 2034 2717 unumquodque
2081 2644 2176 2695 est
2222 2652 2418 2695 unum
2466 2631 2516 2695 si
2557 2631 2741 2695 simul

1042 2732 1243 2799 multa
1285 2750 1461 2798 erant
1497 2756 1714 2811 unum,
1746 2731 1919 2819 quod
1964 2747 2057 2797 est
2100 2732 2164 2796 in
2208 2733 2377 2820 ipsis.
2467 2736 2631 2798 Mox
2674 2733 2738 2798 in

1043 2836 1291 2901 Latinis
1331 2836 1415 2900 ad
1459 2858 1668 2900 vocem
1715 2836 2114 2900 millenarius
2156 2836 2371 2901 addidi
2414 2837 2636 2916 decies,
2679 2852 2743 2902 et

1039 2938 1123 3004 ad
1167 2940 1334 3003 mille
1376 2938 1556 3026 posui
1599 2939 1799 3002 decies
1843 2939 2090 3001 millies.
2181 2941 2343 3003 Mox
2375 2939 2519 3003 dedi
2550 2965 2738 3022 προσ·

1042 3046 1376 3123 φωνεῖσθαι
1425 3063 1542 3128 pro
1590 3045 2053 3123 προφανεῖσθαι,
2109 3063 2221 3105 nec
2272 3041 2402 3107 sine
2452 3041 2737 3106 codicum

1042 3144 1341 3232 suffragio
1384 3160 1448 3209 et
1493 3144 1690 3208 Ficini
1737 3143 2036 3208 versione.
2128 3145 2376 3210 Deinde
2420 3145 2583 3209 idem
2630 3169 2738 3209 ex-

1041 3248 1266 3337 pressit
1295 3249 1645 3314 δεικνύντων
1666 3248 1869 3330 ὥσπερ
1896 3250 1971 3313 τὰ
1992 3249 2274 3333 χρώματα
2300 3248 2436 3317 τοὺς
2465 3249 2744 3331 ἀριθμοὺς

1043 3353 1258 3418 αὐτῶν.
1305 3351 1538 3417 Saltem
1568 3350 1962 3416 scribendum
1988 3351 2238 3417 videtur
2259 3354 2462 3435 ὥσπερ
2489 3356 2566 3416 τὰ
2592 3355 2745 3437 χρό-

1042 3481 1201 3537 ματα
1241 3460 1317 3522 τὰ
1359 3457 1570 3529 αὐτῶν,
1601 3453 1782 3542 quasi
1810 3468 2194 3520 ostentarent
2235 3477 2358 3521 sua
2396 3455 2465 3538 (i.
2496 3478 2552 3520 e.
2599 3479 2745 3520 suos

1043 3561 1364 3645 numeros)
1397 3571 1698 3645 tanquam
1728 3557 1986 3624 coloreS.

1131 3685 1196 3750 p.
1234 3663 1421 3743 1246,
1458 3682 1556 3748 13.
1615 3660 1653 3742 ἢ
1701 3661 2101 3747 αὖτοαγαθὸν]
2150 3661 2328 3728 Alibi
2380 3664 2738 3745 αὖταγαθόν.

1046 3766 1148 3829 De
1179 3779 1448 3852 utroque
1477 3763 1620 3829 vide
1661 3779 1875 3830 annot.
1901 3765 1966 3829 in
2001 3766 2062 3829 1.
2096 3765 2153 3829 8.
2187 3786 2287 3852 13.
2319 3787 2511 3852 supra
2539 3790 2600 3854 p.
2634 3767 2740 3830 80.

1045 3869 1134 3933 D.
1222 3866 1489 3955 Sceptici
1518 3883 1735 3932 contra
1757 3867 1822 3931 in
1851 3866 1972 3932 alia
2000 3868 2210 3933 omnia
2238 3867 2638 3934 discedebant
2664 3868 2744 3933 de

1045 3991 1324 4034 numero.
1359 3967 1502 4032 Vid.
1524 3968 1697 4033 Sexti
1723 3969 2027 4056 Empirici
2048 3969 2366 4057 disputata
2386 3970 2742 4059 Pyrrhonn.

1048 4074 1433 4160 Hypotypp.
1483 4071 1622 4134 111.
1673 4072 1772 4136 18.
1816 4095 2087 4158 quorum
2139 4093 2260 4160 ego
2306 4073 2744 4139 tantummodo

1046 4174 1293 4240 initium
1322 4173 1606 4238 adscribo
1637 4176 1693 4258 ξ.
1725 4191 1862 4259 157.
1896 4196 1961 4261 p.
1991 4177 2131 4238 166.
2164 4174 2451 4241 Fabric.:
2499 4203 2745 4259 παρεισ-

1050 4283 1236 4358 ῆλθεν
1263 4279 1300 4357 ἡ
1331 4279 1479 4341 κατὰ
1521 4280 1627 4340 τοῦ
1670 4278 1916 4359 ἀριθμοῦ
1958 4278 2193 4360 ἆπορία.
2234 4278 2479 4361 λέγεται
2507 4283 2625 4362 γὰρ
2653 4283 2747 4344 ὅτι

1050 4384 1103 4445 εἰ
1147 4381 1313 4445 ἔστιν
1356 4380 1619 4462 ἀριθμὸς,
1663 4379 1794 4459 ἦτοι
1846 4380 1994 4444 αὐτὰ
2040 4383 2114 4443 τὰ
2160 4381 2447 4462 ἆριθμητά
2494 4384 2662 4447 ἐστιν
2710 4385 2744 4446 ὁ

1050 4483 1314 4566 ἆριθμὸς,
1353 4481 1393 4562 ἢ
1433 4483 1636 4564 ἕτερόν
1682 4506 1738 4546 τι
1776 4485 1937 4564 παρὰ
1974 4486 2158 4547 ταῦτα
2206 4484 2444 4563 ἔξωθεν.
2490 4486 2627 4549 οὔτε
2678 4487 2744 4550 δὲ

1048 4588 1198 4652 αὐτὰ
1237 4588 1312 4650 τὰ
1355 4584 1642 4667 ἆριθμητά
1671 4587 1837 4648 ἐστιν
1865 4587 1899 4648 ὁ
1929 4585 2190 4668 ἀριθμὸς,
2222 4588 2300 4654 ὡς
2343 4586 2660 4666 ἀπέδειξαν
2687 4591 2746 4652 οἱ

1049 4688 1470 4771 Πυθαγορικοὶ,
1518 4689 1652 4752 οὗτε
1697 4688 1901 4770 ἕτερόν
1933 4714 1990 4753 τι
2031 4694 2193 4771 παρὰ
2236 4694 2438 4765 ταῦτα,
2485 4693 2563 4759 ὥς
2604 4694 2746 4755 ὑπο-

1045 4790 1369 4872 μνήσομεν.
1415 4791 1588 4855 οὐδὲν
1618 4792 1735 4873 ἄρα
1763 4793 1929 4856 ἐστὶν
1957 4794 1990 4855 ὁ
2022 4793 2281 4874 ἀριθμός.

1132 4916 1197 4982 p.
1236 4894 1421 4974 1248,
1462 4895 1560 4957 16.
1608 4894 1675 4958 ἓν
1715 4893 1907 4977 ψιλὸν
1950 4894 2416 4977 ἆπηρημωμένον
2457 4899 2527 4976 τῇ
2573 4896 2747 4982 οὐσίᾳ

1049 4997 1257 5084 αὑτοῦ]
1305 4997 1406 5061 De
1436 4997 1627 5061 verbo
1657 4999 2102 5078 ἆπερημοῦσθαι
2128 4996 2404 5062 diximus
2431 5021 2622 5084 supra
2662 4997 2742 5062 ad

1051 5100 1150 5165 11.
1185 5101 1252 5164 6.
1292 5119 1343 5163 1.
1379 5122 1445 5187 p.
1478 5101 1728 5184 179.A.
1818 5099 2100 5164 Unitatis
2127 5099 2329 5164 varias
2356 5099 2746 5165 definitiones

1047 5201 1404 5267 dinumerat
1448 5200 1834 5266 lamblichus
1883 5200 1946 5264 in
1995 5201 2353 5266 Nicomach.
2400 5225 2466 5289 p.
2504 5222 2605 5267 11.
2649 5227 2743 5291 sq.

1053 5305 1152 5371 cf.
1192 5307 1379 5370 etiam
1411 5305 1664 5369 Theon.
1701 5306 1953 5390 Smyrn.
1985 5304 2050 5367 in
2081 5304 2329 5369 Platon.
2362 5305 2738 5373 Mathemat.

1047 5431 1100 5472 c.
1137 5409 1282 5491 III,
1313 5407 1483 5495 quod
1524 5406 1923 5472 inscribitur:
1971 5408 2106 5489 περὶ
2152 5409 2285 5476 ἑνὸς
2328 5409 2424 5473 καὶ
2464 5409 2741 5490 μονάδος,

1050 5526 1113 5575 et
1154 5511 1216 5574 in
1256 5533 1400 5576 eum
1445 5509 1648 5575 locum
1683 5508 1960 5574 Bulialdi
1991 5523 2148 5575 nott.
2178 5533 2243 5599 p.
2273 5512 2415 5577 226.
2448 5535 2539 5599 sq.
2632 5514 2744 5579 Ab

2011 501 2837 567 ANNOTATIONES
2901 501 3015 567 IN
3078 500 3529 566 PLOTINI

2826 674 3080 741 unitatis
3107 673 3579 761 investigatione
3606 672 4014 758 proficiscitur
4039 670 4295 738 Proclus
4322 671 4386 736 in
4411 671 4521 737 In-

2827 778 3024 843 stitut.
3046 777 3270 842 Theol.
3298 801 3349 842 c.
3374 777 3619 840 I—VI.
3646 801 3707 862 p.
3739 795 3966 840 2—10.
3997 776 4095 841 ed.
4122 790 4311 841 nostr.
4360 778 4523 855 Quoe

2829 881 3119 968 deinceps
3162 896 3513 968 sequuntur
3541 879 3620 943 ad
3653 879 3839 943 finem
3872 902 4070 967 usque
4114 879 4309 967 hujus
4346 879 4518 966 capi-

2829 986 2931 1065 tis,
2971 985 3020 1049 si
3064 984 3583 1050 constructionem
3629 1000 3887 1071 spectes,
3914 983 4309 1071 impeditiora
4351 999 4521 1062 sunt,

2828 1104 2892 1154 et
2920 1089 3180 1152 fortasse
3209 1087 3426 1151 luxata
3453 1085 3847 1152 librariorum
3879 1086 4061 1151 vitiis.
4127 1084 4390 1173 Singula
4415 1084 4524 1150 ali·

2829 1207 2987 1279 quot
3014 1191 3202 1255 verba
3230 1214 3309 1254 ex
3341 1189 3513 1254 libris
3546 1191 3744 1254 MSS.
3775 1189 4177 1254 correximus.

2913 1317 2979 1381 p.
3014 1312 3198 1379 1250,
3228 1311 3297 1378 5.
3344 1293 3486 1374 πρὸς
3527 1293 3629 1359 οῦς
3667 1293 3803 1373 περὶ
3832 1293 4023 1356 αὐτῶν
4052 1293 4285 1373 καιρίως
4312 1291 4389 1356 ἂν
4416 1291 4522 1356 λέ·-

2828 1400 3021 1484 γοιτο]
3076 1399 3218 1461 Non
3250 1394 3534 1460 dubitavi
3567 1393 3914 1458 Mediceam
3959 1393 4283 1459 lectionem
4325 1393 4520 1482 adop-

2831 1515 2962 1565 tare
2988 1522 3131 1564 cum
3164 1499 3300 1563 Fic.
3332 1522 3448 1587 pro
3477 1497 3732 1583 vulgata
3764 1498 3987 1579 κυρίως.
4036 1497 4128 1560 Et
4158 1498 4351 1580 κύριος
4377 1519 4523 1561 cum

2830 1606 3050 1684 καίριος
3078 1624 3241 1687 saepe
3270 1600 3694 1665 confunditur.
3742 1601 3883 1678 Qua
3911 1598 3991 1663 de
4011 1621 4077 1662 re
4106 1598 4289 1663 etiam
4322 1621 4525 1687 nuper

2829 1705 3073 1769 monuit
3116 1703 3376 1769 Jacobs.
3421 1703 3503 1767 ad
3550 1702 3909 1767 Philostrati
3959 1704 4203 1790 Imagg.
4252 1705 4346 1789 (p.
4379 1707 4520 1787 92.)

2828 1832 2891 1893 p.
2920 1827 3071 1894 531.
3162 1808 3266 1872 De
3308 1806 3531 1870 harum
3576 1828 3799 1870 vocum
3847 1804 4081 1869 familia
4122 1804 4253 1891 agit
4289 1805 4520 1871 Pollux

2828 1912 3151 1975 Onomast.
3177 1912 3298 1975 VI.
3327 1928 3474 1989 204.
3503 1932 3568 1996 p.
3589 1910 3740 1973 688.
3772 1908 4131 1973 Hemsterh.
4199 1906 4375 1973 Hinc
4404 1935 4526 1975 και-

2825 2020 3178 2095 ριολεκτεΐν.
3281 2010 3683 2076 Contrarium
3727 2027 3821 2076 est
3864 2013 4006 2076 ἄνευ
4051 2007 4253 2093 καιροῦ
4291 2011 4520 2095 λέγειν.

2829 2116 2934 2181 Cf.
2956 2114 3250 2180 Matthaei
3279 2114 3359 2180 ad
3392 2117 3438 2178 J
3442 2140 3497 2180 o.
3520 2116 3838 2201 Chrysost.
3866 2117 4073 2179 Oratt.
4104 2112 4353 2180 Selectt.
4383 2114 4519 2180 III.

2828 2234 2957 2285 not.
3000 2219 3138 2304 189.
3171 2242 3237 2306 p.
3262 2237 3372 2304 52.
3462 2221 3679 2283 Poetae
3708 2241 3825 2306 pro
3853 2242 3928 2282 eo
3955 2217 4137 2282 etiam
4186 2218 4383 2300 καίρια
4424 2217 4522 2282 di-

2826 2336 3000 2402 cunt,
3032 2338 3101 2387 ut
3132 2321 3494 2386 Callimach.
3532 2321 3758 2409 Epigr.
3789 2320 4180 2385 XXXVII.
4208 2340 4264 2386 2.
4297 2346 4525 2403 καιριω-

2827 2426 3007 2509 τέρως
3034 2439 3127 2489 est
3154 2424 3327 2512 apud
3361 2425 3662 2512 Xenoph.
3698 2427 3932 2511 Cyrop.
3968 2424 4082 2487 IV.
4111 2443 4179 2509 5.
4208 2443 4304 2510 15.

2912 2566 3002 2579 —
3026 2548 3084 2612 9.
3131 2527 3248 2592 οὐδ’
3296 2529 3333 2608 ἡ
3380 2528 3551 2610 ἑορτὴ
3593 2531 3756 2610 παρὰ
3797 2528 3933 2594 τοὺς
3975 2526 4384 2610 συναχθέντας
4428 2529 4524 2591 καὶ

2831 2632 3292 2713 εὐθυμουμένους
3336 2632 3433 2695 ἐπὶ
3478 2632 3679 2715 ἱεροῖς]
3735 2631 3837 2695 Ita
3882 2630 4188 2693 bonorum
4222 2628 4518 2694 librorum

2828 2735 3194 2800 auctoritate
3224 2733 3437 2821 scripsi
3466 2756 3582 2821 pro
3613 2731 4100 2814 ἐνθυμουμένους.
4161 2733 4284 2798 Est
4311 2747 4519 2797 autem

2826 2838 2944 2903 hoc
2972 2838 3176 2925 ipsum
3207 2836 3491 2901 additum
3523 2860 3600 2901 ex
3626 2837 3995 2901 Graecorum
4028 2835 4295 2900 maxime
4322 2857 4525 2922 popu·

2827 2941 3031 3006 lorum
3074 2963 3268 3020 more,
3295 2939 3405 3027 qui
3434 2940 3594 3004 festa
3621 2939 3751 3002 fere
3787 2938 3993 3003 omnia
4037 2938 4315 3003 hilariter
4343 2961 4522 3025 pera-

2826 3069 2975 3132 gere
3018 3045 3320 3122 solebant‚
3353 3066 3466 3108 nec
3503 3042 3623 3107 diis
3663 3056 3911 3130 gratum
3949 3040 4323 3129 judicabant
4350 3039 4521 3128 quod

2831 3150 3002 3214 triste
3030 3162 3204 3213 esset.
3296 3149 3439 3225 Qua
3464 3146 3545 3210 de
3574 3169 3642 3210 re
3670 3167 3793 3209 non
3825 3160 3939 3222 est,
3970 3143 4141 3231 quod
4173 3141 4376 3207 multa
4416 3142 4525 3208 ad·

2828 3250 2970 3316 dam
3009 3267 3152 3342 post
3183 3250 3521 3339 Spanhem.
3551 3264 3761 3314 annot.
3792 3247 3859 3312 in
3891 3245 4252 3313 Callimach.
4291 3244 4522 3311 Delum

2828 3378 2890 3420 v.
2920 3375 3067 3442 324.
3114 3377 3386 3442 quocum
3432 3354 3513 3418 cf.
3545 3352 3866 3418 Plutarch.
3896 3351 3978 3416 de
4009 3351 4165 3415 Isid.
4197 3366 4259 3416 et
4292 3349 4520 3416 Osirid.

2828 3483 2893 3547 p.
2925 3460 3074 3543 360.
3100 3474 3260 3523 extr.
3291 3468 3355 3522 et
3384 3479 3450 3545 p.
3473 3458 3622 3542 361.
3656 3457 3734 3521 A.
3778 3470 3842 3520 et
3883 3454 3967 3519 ad
4004 3477 4148 3518 eum
4182 3454 4519 3542 Wyttenb.

2829 3561 3212 3626 Animadvv.
3246 3584 3312 3648 p.
3340 3576 3486 3643 207.
3518 3582 3612 3646 sq.
3705 3560 4001 3623 Ceterum
4034 3556 4134 3622 hic
4167 3556 4400 3622 Plotini
4428 3556 4521 3622 lo-

2827 3687 2939 3729 cus
2977 3664 3040 3727 in
3075 3662 3327 3728 Lexicis
3368 3661 3828 3749 consignandus
3870 3676 3985 3740 est,
4017 3661 4189 3749 quod
4221 3661 4319 3726 hic
4352 3662 4524 3745 ἑορτὴ

2828 3766 3210 3832 rarissimum
3276 3765 3689 3853 significatum
3757 3763 3965 3829 habet.
4075 3764 4182 3829 Cf.
4240 3764 4524 3852 proxime

2829 3869 3279 3958 praecedentia:
3329 3869 3423 3933 καὶ
3468 3870 3661 3952 ὄχλον
3691 3869 3786 3931 καὶ
3817 3867 3989 3949 ἑορτὴ
4020 3867 4115 3931 καὶ
4145 3868 4400 3950 στρατὸν
4429 3869 4525 3933 καὶ

2828 3976 3069 4052 πλῆθος.
3162 3973 3281 4036 Est
3308 3971 3502 4059 igitur
3529 3969 3592 4034 h.
3616 3969 3659 4033 l.
3692 3970 3864 4052 ἑορτὴ
3906 3968 4070 4033 idem
4116 3968 4290 4057 quod
4335 3970 4522 4051 πανή-

2830 4103 3014 4159 γυρις,
3047 4074 3175 4139 sive
3203 4080 3430 4154 πλῆθος
3461 4077 3816 4155 ἑορταστῶν.
3864 4070 4128 4137 Proclus
4153 4071 4218 4135 in
4250 4071 4396 4137 Alc.
4426 4096 4521 4162 pr.

2833 4179 3109 4243 XVIII.
3140 4200 3202 4266 p.
3232 4179 3342 4263 56.
3374 4175 3560 4260 χορὸν
3588 4174 3777 4240 infert
3803 4175 4130 4261 disputans
4156 4174 4237 4239 de
4264 4175 4328 4239 vi
4358 4177 4527 4242 vocis

2830 4284 3037 4366 ὄχλος,
3069 4303 3255 4366 quam
3287 4277 3616 4366 distinguit
3646 4301 3684 4342 a
3711 4283 3938 4358 πλῆθος
3966 4276 4343 4365 simpliciter,
4373 4279 4522 4344 item

2831 4408 2870 4449 a
2899 4388 3095 4464 δῆμος,
3127 4381 3398 4469 denique
3440 4405 3478 4446 a
3520 4383 3718 4465 χορός.
3810 4381 4126 4446 Adscribo
4153 4381 4358 4446 locum
4392 4383 4523 4447 Nili

2826 4486 2909 4551 de
2951 4502 3092 4551 octo
3122 4485 3285 4549 vitiis
3326 4508 3379 4549 c.
3418 4485 3517 4549 II.
3566 4507 3628 4571 p.
3661 4503 3811 4564 420.
3847 4484 3941 4566 (in
3976 4484 4301 4572 Opuscull.
4337 4488 4521 4552 Grae-

2827 4612 2987 4655 corr.
3036 4586 3424 4651 sententiosis
3467 4586 3570 4651 ed.
3614 4588 3721 4651 Jo.
3756 4588 3947 4652 Conr.
3996 4586 4270 4669 Orelli):
4329 4587 4525 4673 Ὄψις

2828 4691 3107 4776 γυναικὸς
3132 4690 3322 4771 βέλος
3350 4691 3481 4754 ἐστὶ
3518 4690 4107 4772 πεφαρμακευμένον·
4157 4690 4379 4773 ἔτρωσε
4417 4693 4527 4772 τὴν

2830 4795 3056 4879 ψυχὴν,
3108 4794 3203 4857 καὶ
3254 4793 3359 4857 τὸν
3403 4792 3497 4857 ἰὸν
3541 4791 3882 4856 ἐναπέθετο·
3937 4793 4032 4856 καὶ
4077 4794 4230 4857 ὅσον
4270 4796 4527 4876 χρονίζει

2830 4898 3083 4962 πλείονα
3111 4897 3218 4975 τὴν
3246 4900 3440 4978 σῆψιν
3469 4895 3792 4978 ἐργάζεται.
3823 4897 3856 4958 ὁ
3884 4894 4222 4977 φυλάσσων
4242 4900 4423 4961 ταῦτα
4451 4901 4527 4962 τὰ

2830 5001 2989 5083 βέλη
3018 5002 3086 5064 οὐ
3114 4998 3500 5081 παραβάλλει
3526 5000 3898 5080 πανηγύρεσι
3924 4997 4266 5078 πανδήμοις,
4292 5000 4426 5063 οὐδὲ
4456 5001 4525 5066 ἐν

2830 5110 2959 5171 ταῖς
2989 5106 3215 5184 ἑορταῖς
3242 5102 3506 5184 περιάξει
3534 5102 3813 5185 κεχηνώς·
3849 5099 4040 5183 (Cod.
4076 5099 4337 5165 Palatia.
4371 5102 4528 5166 Hei-

2830 5204 3105 5291 delberg.
3138 5205 3222 5268 N.
3253 5207 3404 5290 356.
3434 5202 3540 5269 fol.
3587 5217 3755 5267 recto
3798 5200 4024 5290 insigni
4056 5202 4351 5268 varietate
4393 5204 4521 5269 ita:

2832 5307 3155 5393 ἐργάζεται·
3204 5310 3237 5371 ὁ
3281 5310 3670 5388 πταιούμενος
3711 5305 3905 5370 literis
3946 5305 4398 5394 pallidioribuS.
4442 5330 4525 5372 an

2830 5413 3238 5491 πτοούμενοςΡ
3282 5415 3465 5475 ταῦτα
3500 5413 3575 5474 τὰ
3611 5407 3772 5490 βέλη
3811 5409 3882 5474 οὔ
3917 5407 4301 5491 παραβάλλει
4338 5436 4527 5490 πανη-

2830 5516 3058 5597 γύρεσι·
3107 5513 3307 5594 δήμοις
3335 5514 3440 5578 οὐκ
3472 5514 3880 5597 ἑμφιλοχωρεῖ
3900 5512 4006 5576 οὐκ
4036 5514 4102 5577 ἐν
4131 5517 4259 5580 ταῖς
4298 5515 4524 5595 ἑορταῖς
