5118 6613
1080 550 1206 610 412

1080 701 1361 765 trandam
1421 716 1486 764 et
1542 697 1984 787 subjiciendam
2045 713 2190 762 ante
2237 696 2449 762 oculos
2498 696 2771 784 quadam

1076 801 1368 890 imagine,
1400 818 1471 866 ut
1499 801 1806 866 dicerent:
1854 823 1995 865 cum
2026 801 2252 865 chorus
2289 803 2425 887 ipse
2462 802 2771 865 virtutum

1078 920 1399 992 raperetur
1426 905 1505 968 ad
1537 920 1855 980 tortorem,
1885 902 2130 967 beatam
2163 902 2349 966 vitam
2386 924 2505 966 non
2538 902 2774 967 subdu-

1078 1032 1215 1073 cere
1258 1031 1344 1085 se,
1374 1030 1579 1095 neque
1605 1029 1855 1071 manere
1879 1020 2061 1070 extra
2086 1005 2338 1083 ostium,
2370 1004 2475 1069 sed
2507 1003 2643 1069 illas
2672 1027 2773 1068 us-

1078 1135 1202 1198 que
1229 1110 1505 1176 comitari
1515 1111 1567 1175 .”

1124 1237 1187 1302 p.
1201 1235 1277 1296 14
1289 1235 1311 1278 1
1324 1234 1384 1291 0,
1400 1215 1462 1278 6.
1478 1215 1894 1294 τοῖς-σοφοῖς
1908 1216 2028 1274 τῶν
2041 1213 2361 1293 προφητῶν
2377 1211 2773 1273 αἰνίττεται-

1077 1318 1348 1404 αἵνιγμα]
1376 1313 1661 1380 Colorem
1693 1312 1880 1378 duxit
1906 1335 1986 1376 ex
2011 1311 2289 1376 Platonis
2312 1311 2559 1376 Timaeo
2583 1334 2644 1399 p.
2667 1329 2768 1393 72.

1073 1441 1138 1505 p.
1172 1439 1312 1484 102.
1347 1416 1580 1482 Bekk.:
1615 1418 1755 1479 ὅθεν
1785 1414 1855 1494 δὴ
1885 1416 1980 1479 καὶ
2007 1414 2075 1478 τὸ
2105 1419 2221 1478 τῶν
2246 1418 2567 1496 προφητῶν
2595 1414 2772 1496 γένος

1076 1520 1171 1584 ἐπὶ
1198 1526 1326 1589 ταῖς
1353 1518 1580 1586 ἐνθέοις
1614 1519 1915 1598 μαντείαις
1958 1520 2153 1599 κριτὰς
2191 1517 2638 1582 ἑπικαθιστάναι
2668 1519 2768 1581 νό-

1070 1644 1197 1702 μος·
1244 1623 1345 1689 οὓς
1382 1621 1621 1702 μάντεις
1648 1622 1858 1688 αὐτοὺς
1887 1621 2321 1700 ἐπονομάζουσί
2343 1647 2517 1696 τινες,
2550 1621 2618 1685 τὸ
2647 1627 2769 1686 πᾶν

1072 1725 1425 1806 ἠγνοηκότες
1474 1725 1566 1788 ὅτι
1613 1728 1714 1803 τῆς
1763 1722 1833 1787 δι’
1883 1726 2168 1805 αἰνιγμῶν
2215 1724 2375 1788 οὗτοι
2426 1723 2621 1806 φήμης
2672 1725 2766 1792 καὶ

1074 1826 1426 1909 φαντάσεως
1451 1827 1771 1907 ὑποκριταὶ,
1802 1826 1896 1890 καὶ
1924 1828 2049 1890 οὔτι
2073 1825 2329 1905 μάντεις,
2363 1831 2661 1908 προφῆται
2700 1828 2765 1889 δὲ

1070 1928 1519 2009 μαντευομένων
1545 1929 1879 1992 δικαιότατα
1907 1928 2265 2008 ὀνομάζων-τ’
2299 1930 2394 1993 ἄν.

1156 2054 1221 2121 p.
1259 2050 1439 2112 1411,
1482 2051 1578 2094 11.
1624 2030 1786 2112 φυγὴ
1812 2028 1997 2111 μόνον
2025 2029 2170 2113 πρὸς
2197 2029 2430 2117 μόνον.]
2481 2029 2760 2118 Taylor:

1511 526 1934 593 ANNOTT.
1983 525 2086 590 IN
2133 523 2510 590 PLOTIN.
2561 524 2742 589 LIB.
2777 526 2911 590 IX.
2956 526 3171 591 ENN.
3207 526 3575 591 SEXTAE.
3621 547 3688 612 p.
3724 545 3908 607 1410,
3946 543 4135 606 1411.

2861 706 2905 737 ‘⁶
2930 699 3120 761 From
3163 697 3288 763 this
3330 697 3583 784 solitary
3612 697 3989 763 subsistent-e
4031 696 4106 762 of
4140 697 4239 762 the
4278 718 4417 775 one,
4448 697 4555 764 the

2860 798 3228 865 solitariness
3256 800 3330 865 of
3347 800 3430 865 all
3459 800 3639 865 other
3666 800 3876 865 divine
3911 813 4164 865 natm-es
4188 800 4241 865 is
4267 799 4545 878 derived,

2856 902 2981 967 and
3021 903 3183 969 their
3215 902 3502 968 ineffable
3543 902 3905 968 association
3936 902 4084 967 with
4113 901 4479 968 themselves
4497 904 4553 967 :”

2857 1005 3179 1070 commode
3228 1005 3568 1071 admonens
3612 1005 3918 1073 Platonici
3966 1004 4084 1070 loci
4125 1004 4191 1069 in
4238 1005 4553 1070 Timaeum

2855 1108 3172 1196 hujusque
3198 1108 3614 1197 interpretem.
3677 1110 3782 1173 Ita
3809 1106 3973 1174 enim
4001 1105 4105 1171 ille
4130 1130 4193 1195 p.
4215 1128 4323 1194 34.
4350 1129 4418 1196 p.
4438 1128 4514 1193 31
4530 1160 4544 1173 .

2858 1210 3097 1276 Bekk.:
3148 1213 3244 1276 καὶ
3286 1214 3476 1298 κύκλῳ
3507 1212 3577 1292 δὴ
3618 1213 3834 1277 κύκλον
3861 1208 4271 1293 στρεφόμενον
4299 1211 4551 1294 οὐρανὸν

2858 1315 2966 1378 ἕνα
3004 1311 3194 1394 μόνον
3238 1315 3454 1395 ἔρημον
3502 1314 3849 1394 κατέστησε,
3895 1312 3966 1378 δι’
4006 1311 4223 1395 ἀρετὴν
4261 1316 4327 1378 δὲ
4371 1313 4549 1380 αὐτὸν

2856 1419 3009 1502 αὑτῶ
3058 1415 3385 1495 δυνάμενον
3436 1418 3859 1499 ξυγγίγνεσθαι
3915 1416 4011 1480 καὶ
4061 1416 4298 1484 οὐδενὸς
4347 1416 4548 1499 ἑτέρου

2853 1516 3310 1601 προσδεόμενον.
3342 1520 3637 1601 γνώριμον
3666 1521 3731 1583 δὲ
3775 1519 3870 1584 καὶ
3897 1521 4083 1601 φίλον
4114 1522 4323 1588 ἱκανῶς
4365 1521 4545 1586 αὐτὸν

2854 1624 3027 1708 αὐτῷ.
3089 1625 3185 1686 διὸ
3226 1619 3423 1686 πάντα
3471 1623 3541 1703 δὴ
3586 1628 3768 1688 ταῦτα
3815 1623 4131 1703 εὐδαιμονα
4182 1623 4322 1689 θεὸν
4367 1624 4545 1689 αὐτὸν

2852 1723 3235 1807 ἐγεννήσατο.
3327 1725 3404 1788 Iu
3435 1747 3622 1811 quem
3651 1724 3854 1789 locum
3893 1723 4167 1802 consule,
4197 1747 4342 1811 quae
4370 1726 4542 1790 eom-

2850 1835 3166 1892 mentatur
3196 1825 3457 1890 Proclus
3487 1851 3551 1915 p.
3585 1846 3722 1913 173.
3767 1841 3831 1892 et
3873 1827 3956 1892 ad
3998 1839 4277 1893 extrema
4318 1827 4542 1894 adhibe

2851 1945 3130 1993 nostrum
3157 1927 3362 2016 ipsum
3399 1930 3516 1994 IV.
3545 1933 3605 1993 8.
3636 1950 3685 1993 1.
3716 1952 3781 2019 p.
3805 1932 3954 2015 469.
3978 1932 4064 1996 D.
