<?xml version="1.0" encoding="UTF-8"?>
<!DOCTYPE html PUBLIC "-//W3C//DTD XHTML 1.0 Transitional//EN"
    "http://www.w3.org/TR/xhtml1/DTD/xhtml1-transitional.dtd">
<html xmlns="http://www.w3.org/1999/xhtml" xml:lang="en" lang="en">
 <head>
  <title>
</title>
<meta http-equiv="Content-Type" content="text/html;charset=utf-8" />
  <meta name='ocr-system' content='tesseract 3.04.00' />
  <meta name='ocr-capabilities' content='ocr_page ocr_carea ocr_par ocr_line ocrx_word'/>
</head>
<body>
  <div class='ocr_page' id='page_1' title='image "./plotinioperaomn00chumgoog_0126.png"; bbox 0 0 5118 6613; ppageno 0'>
   <div class='ocr_carea' id='block_1_1' title="bbox 1086 531 1208 580">
    <p class='ocr_par' dir='ltr' id='par_1_1' title="bbox 1086 531 1208 580">
     <span class='ocr_line' id='line_1_1' title="bbox 1086 531 1208 580; baseline -0.008 0"><span class='ocrx_word' id='word_1_1' title='bbox 1086 531 1208 580; x_wconf 85' lang='lat'><strong>120</strong></span> 
     </span>
    </p>
   </div>
   <div class='ocr_carea' id='block_1_2' title="bbox 1066 682 2784 5510">
    <p class='ocr_par' dir='ltr' id='par_1_2' title="bbox 1066 682 2784 5510">
     <span class='ocr_line' id='line_1_2' title="bbox 1079 682 2782 774; baseline -0.003 -22"><span class='ocrx_word' id='word_1_2' title='bbox 1079 686 1296 774; x_wconf 85' lang='lat' dir='ltr'><strong>giones</strong></span> <span class='ocrx_word' id='word_1_3' title='bbox 1322 699 1385 751; x_wconf 94' lang='lat' dir='ltr'><strong>et</strong></span> <span class='ocrx_word' id='word_1_4' title='bbox 1409 685 1545 774; x_wconf 84' lang='lat' dir='ltr'><strong>ipse</strong></span> <span class='ocrx_word' id='word_1_5' title='bbox 1570 684 1752 773; x_wconf 85' lang='lat' dir='ltr'><strong>attigi</strong></span> <span class='ocrx_word' id='word_1_6' title='bbox 1781 683 1844 748; x_wconf 90' lang='lat' dir='ltr'><strong>in</strong></span> <span class='ocrx_word' id='word_1_7' title='bbox 1880 683 2241 772; x_wconf 86' lang='lat' dir='ltr'><strong>Symbolica</strong></span> <span class='ocrx_word' id='word_1_8' title='bbox 2272 698 2335 749; x_wconf 89' lang='lat' dir='ltr'><strong>et</strong></span> <span class='ocrx_word' id='word_1_9' title='bbox 2375 682 2782 771; x_wconf 86' lang='lat' dir='ltr'><strong>Mythologia</strong></span> 
     </span>
     <span class='ocr_line' id='line_1_3' title="bbox 1086 786 2782 877; baseline -0.004 -22"><span class='ocrx_word' id='word_1_10' title='bbox 1086 792 1147 855; x_wconf 92' lang='lat'><strong>1.</strong></span> <span class='ocrx_word' id='word_1_11' title='bbox 1191 812 1256 877; x_wconf 89' lang='lat' dir='ltr'><strong>p.</strong></span> <span class='ocrx_word' id='word_1_12' title='bbox 1288 808 1435 874; x_wconf 84' lang='lat'><strong>577.</strong></span> <span class='ocrx_word' id='word_1_13' title='bbox 1482 787 1579 853; x_wconf 89' lang='lat' dir='ltr'><strong>ed.</strong></span> <span class='ocrx_word' id='word_1_14' title='bbox 1624 787 1732 853; x_wconf 83' lang='lat' dir='ltr'><strong>alt.</strong></span> <span class='ocrx_word' id='word_1_15' title='bbox 1784 787 1895 870; x_wconf 84' lang='lat' dir='ltr'><strong>(cf.</strong></span> <span class='ocrx_word' id='word_1_16' title='bbox 1933 788 2302 876; x_wconf 70' lang='lat' dir='ltr'><strong>Guigm&#39;aut</strong></span> <span class='ocrx_word' id='word_1_17' title='bbox 2339 788 2679 874; x_wconf 70' lang='lat' dir='ltr'><strong>Religiom</strong></span> <span class='ocrx_word' id='word_1_18' title='bbox 2706 786 2782 849; x_wconf 82' lang='lat' dir='ltr'><strong>de</strong></span> 
     </span>
     <span class='ocr_line' id='line_1_4' title="bbox 1077 888 2780 979; baseline -0.002 -22"><span class='ocrx_word' id='word_1_19' title='bbox 1077 893 1448 979; x_wconf 59' lang='lat' dir='ltr'><strong>tAntzquite</strong></span> <span class='ocrx_word' id='word_1_20' title='bbox 1471 892 1530 956; x_wconf 96' lang='grc' dir='ltr'><strong>Ι.</strong></span> <span class='ocrx_word' id='word_1_21' title='bbox 1550 913 1613 978; x_wconf 88' lang='lat' dir='ltr'><strong>p.</strong></span> <span class='ocrx_word' id='word_1_22' title='bbox 1639 891 1781 955; x_wconf 88' lang='lat'><strong>288.</strong></span> <span class='ocrx_word' id='word_1_23' title='bbox 1803 894 1976 978; x_wconf 86' lang='lat' dir='ltr'><strong>sqq.)</strong></span> <span class='ocrx_word' id='word_1_24' title='bbox 2000 908 2064 955; x_wconf 86' lang='lat' dir='ltr'><strong>et</strong></span> <span class='ocrx_word' id='word_1_25' title='bbox 2080 912 2231 954; x_wconf 87' lang='lat' dir='ltr'><strong>vero</strong></span> <span class='ocrx_word' id='word_1_26' title='bbox 2256 912 2459 977; x_wconf 86' lang='lat' dir='ltr'><strong>nuper</strong></span> <span class='ocrx_word' id='word_1_27' title='bbox 2486 888 2780 954; x_wconf 72' lang='lat' dir='ltr'><strong>Buddhoe</strong></span> 
     </span>
     <span class='ocr_line' id='line_1_5' title="bbox 1080 991 2780 1080; baseline -0.002 -20"><span class='ocrx_word' id='word_1_28' title='bbox 1080 1009 1145 1060; x_wconf 88' lang='lat' dir='ltr'><strong>et</strong></span> <span class='ocrx_word' id='word_1_29' title='bbox 1169 993 1665 1060; x_wconf 87' lang='lat' dir='ltr'><strong>Buddhistarum</strong></span> <span class='ocrx_word' id='word_1_30' title='bbox 1688 994 1877 1059; x_wconf 88' lang='lat' dir='ltr'><strong>rebus</strong></span> <span class='ocrx_word' id='word_1_31' title='bbox 1896 1015 1976 1057; x_wconf 85' lang='lat' dir='ltr'><strong>ex</strong></span> <span class='ocrx_word' id='word_1_32' title='bbox 1997 991 2385 1057; x_wconf 87' lang='lat' dir='ltr'><strong>orientalium</strong></span> <span class='ocrx_word' id='word_1_33' title='bbox 2406 991 2780 1080; x_wconf 87' lang='lat' dir='ltr'><strong>scriptorum</strong></span> 
     </span>
     <span class='ocr_line' id='line_1_6' title="bbox 1081 1094 2783 1185; baseline -0.002 -22"><span class='ocrx_word' id='word_1_34' title='bbox 1081 1097 1501 1163; x_wconf 78' lang='lat' dir='ltr'><strong>monumentis</strong></span> <span class='ocrx_word' id='word_1_35' title='bbox 1541 1096 1883 1185; x_wconf 86' lang='lat' dir='ltr'><strong>plurimum</strong></span> <span class='ocrx_word' id='word_1_36' title='bbox 1928 1094 2085 1160; x_wconf 87' lang='lat' dir='ltr'><strong>lucis</strong></span> <span class='ocrx_word' id='word_1_37' title='bbox 2128 1094 2341 1160; x_wconf 83' lang='lat' dir='ltr'><strong>attulit</strong></span> <span class='ocrx_word' id='word_1_38' title='bbox 2386 1095 2783 1161; x_wconf 85' lang='lat' dir='ltr'><strong>doctissimus</strong></span> 
     </span>
     <span class='ocr_line' id='line_1_7' title="bbox 1081 1198 2779 1287; baseline -0.003 -20"><span class='ocrx_word' id='word_1_39' title='bbox 1081 1201 1570 1267; x_wconf 66' lang='lat' dir='ltr'><strong>Abel-Remusat</strong></span> <span class='ocrx_word' id='word_1_40' title='bbox 1622 1200 1689 1263; x_wconf 89' lang='lat' dir='ltr'><strong>in</strong></span> <span class='ocrx_word' id='word_1_41' title='bbox 1747 1200 2083 1287; x_wconf 63' lang='lat' dir='ltr'><strong>Mel-anges</strong></span> <span class='ocrx_word' id='word_1_42' title='bbox 2134 1201 2518 1286; x_wconf 73' lang='lat' dir='ltr'><strong>Asiatiques.</strong></span> <span class='ocrx_word' id='word_1_43' title='bbox 2583 1198 2779 1263; x_wconf 88' lang='lat' dir='ltr'><strong>Paris.</strong></span> 
     </span>
     <span class='ocr_line' id='line_1_8' title="bbox 1091 1301 2784 1392; baseline -0.002 -24"><span class='ocrx_word' id='word_1_44' title='bbox 1091 1305 1281 1389; x_wconf 85' lang='lat'><strong>1825.</strong></span> <span class='ocrx_word' id='word_1_45' title='bbox 1325 1326 1391 1392; x_wconf 89' lang='lat' dir='ltr'><strong>p.</strong></span> <span class='ocrx_word' id='word_1_46' title='bbox 1424 1321 1667 1367; x_wconf 83' lang='lat'>100-1</span> <span class='ocrx_word' id='word_1_47' title='bbox 1674 1322 1781 1388; x_wconf 84' lang='lat'><strong>51.</strong></span> <span class='ocrx_word' id='word_1_48' title='bbox 1875 1302 2064 1381; x_wconf 83' lang='lat' dir='ltr'><strong>Quod</strong></span> <span class='ocrx_word' id='word_1_49' title='bbox 2108 1323 2255 1366; x_wconf 85' lang='lat' dir='ltr'><strong>vero</strong></span> <span class='ocrx_word' id='word_1_50' title='bbox 2313 1302 2642 1379; x_wconf 80' lang='lat' dir='ltr'><strong>Neander,</strong></span> <span class='ocrx_word' id='word_1_51' title='bbox 2689 1301 2784 1365; x_wconf 83' lang='lat' dir='ltr'><strong>vir</strong></span> 
     </span>
     <span class='ocr_line' id='line_1_9' title="bbox 1076 1403 2780 1493; baseline -0.002 -21"><span class='ocrx_word' id='word_1_52' title='bbox 1076 1406 1471 1483; x_wconf 68' lang='lat' dir='ltr'><strong>clarissimae,</strong></span> <span class='ocrx_word' id='word_1_53' title='bbox 1501 1421 1689 1493; x_wconf 87' lang='lat' dir='ltr'><strong>negat</strong></span> <span class='ocrx_word' id='word_1_54' title='bbox 1728 1405 2116 1470; x_wconf 80' lang='lat' dir='ltr'><strong>Manichaeos</strong></span> <span class='ocrx_word' id='word_1_55' title='bbox 2159 1404 2472 1469; x_wconf 89' lang='lat' dir='ltr'><strong>orientalis</strong></span> <span class='ocrx_word' id='word_1_56' title='bbox 2507 1403 2780 1492; x_wconf 87' lang='lat' dir='ltr'><strong>philoso-</strong></span> 
     </span>
     <span class='ocr_line' id='line_1_10' title="bbox 1080 1507 2781 1597; baseline -0.002 -23"><span class='ocrx_word' id='word_1_57' title='bbox 1080 1510 1250 1597; x_wconf 79' lang='lat' dir='ltr'><strong>phiae</strong></span> <span class='ocrx_word' id='word_1_58' title='bbox 1295 1508 1546 1574; x_wconf 89' lang='lat' dir='ltr'><strong>decreta</strong></span> <span class='ocrx_word' id='word_1_59' title='bbox 1584 1507 1923 1574; x_wconf 80' lang='lat' dir='ltr'>Platonicis</span> <span class='ocrx_word' id='word_1_60' title='bbox 1959 1531 2101 1573; x_wconf 92' lang='lat' dir='ltr'><strong>cum</strong></span> <span class='ocrx_word' id='word_1_61' title='bbox 2140 1507 2382 1595; x_wconf 87' lang='lat' dir='ltr'><strong>placitis</strong></span> <span class='ocrx_word' id='word_1_62' title='bbox 2417 1507 2781 1571; x_wconf 86' lang='lat' dir='ltr'><strong>commiscu-</strong></span> 
     </span>
     <span class='ocr_line' id='line_1_11' title="bbox 1078 1610 2783 1699; baseline -0.003 -21"><span class='ocrx_word' id='word_1_63' title='bbox 1078 1613 1220 1690; x_wconf 90' lang='lat' dir='ltr'><strong>isse,</strong></span> <span class='ocrx_word' id='word_1_64' title='bbox 1254 1612 1415 1694; x_wconf 86' lang='lat' dir='ltr'><strong>(vid.</strong></span> <span class='ocrx_word' id='word_1_65' title='bbox 1445 1612 1524 1699; x_wconf 87' lang='lat' dir='ltr'><strong>ej.</strong></span> <span class='ocrx_word' id='word_1_66' title='bbox 1555 1613 1945 1699; x_wconf 60' lang='lat' dir='ltr'><strong>Allgoemeine</strong></span> <span class='ocrx_word' id='word_1_67' title='bbox 1969 1611 2323 1676; x_wconf 66' lang='lat' dir='ltr'><strong>Geschickte</strong></span> <span class='ocrx_word' id='word_1_68' title='bbox 2344 1612 2458 1675; x_wconf 80' lang='lat' dir='ltr'><strong>der</strong></span> <span class='ocrx_word' id='word_1_69' title='bbox 2491 1610 2783 1675; x_wconf 71' lang='lat' dir='ltr'><strong>Chri-stli-</strong></span> 
     </span>
     <span class='ocr_line' id='line_1_12' title="bbox 1079 1712 2783 1804; baseline -0.002 -23"><span class='ocrx_word' id='word_1_70' title='bbox 1079 1717 1233 1781; x_wconf 74' lang='lat' dir='ltr'><strong>chen</strong></span> <span class='ocrx_word' id='word_1_71' title='bbox 1275 1716 1580 1804; x_wconf 64' lang='lat' dir='ltr'><strong>Religion</strong></span> <span class='ocrx_word' id='word_1_72' title='bbox 1623 1715 1761 1779; x_wconf 68' lang='lat' dir='ltr'><strong>und</strong></span> <span class='ocrx_word' id='word_1_73' title='bbox 1802 1715 2040 1778; x_wconf 76' lang='lat' dir='ltr'><strong>Kircloe</strong></span> <span class='ocrx_word' id='word_1_74' title='bbox 2072 1716 2130 1779; x_wconf 94' lang='lat'><strong>1.</strong></span> <span class='ocrx_word' id='word_1_75' title='bbox 2168 1730 2225 1777; x_wconf 84' lang='lat'><strong>2.</strong></span> <span class='ocrx_word' id='word_1_76' title='bbox 2265 1737 2328 1801; x_wconf 87' lang='lat' dir='ltr'><strong>p.</strong></span> <span class='ocrx_word' id='word_1_77' title='bbox 2362 1715 2543 1799; x_wconf 87' lang='lat'><strong>813,)</strong></span> <span class='ocrx_word' id='word_1_78' title='bbox 2591 1712 2783 1799; x_wconf 83' lang='lat' dir='ltr'>possit</span> 
     </span>
     <span class='ocr_line' id='line_1_13' title="bbox 1078 1814 2780 1907; baseline -0.002 -24"><span class='ocrx_word' id='word_1_79' title='bbox 1078 1818 1387 1907; x_wconf 80' lang='lat' dir='ltr'><strong>quispiam</strong></span> <span class='ocrx_word' id='word_1_80' title='bbox 1426 1817 1574 1882; x_wconf 82' lang='lat' dir='ltr'><strong>huic</strong></span> <span class='ocrx_word' id='word_1_81' title='bbox 1626 1817 1946 1882; x_wconf 85' lang='lat' dir='ltr'><strong>sententiae</strong></span> <span class='ocrx_word' id='word_1_82' title='bbox 1990 1839 2307 1905; x_wconf 87' lang='lat' dir='ltr'><strong>opponere</strong></span> <span class='ocrx_word' id='word_1_83' title='bbox 2356 1815 2568 1880; x_wconf 87' lang='lat' dir='ltr'><strong>Photii</strong></span> <span class='ocrx_word' id='word_1_84' title='bbox 2619 1814 2780 1879; x_wconf 87' lang='lat' dir='ltr'><strong>libro</strong></span> 
     </span>
     <span class='ocr_line' id='line_1_14' title="bbox 1077 1918 2778 2009; baseline -0.002 -22"><span class='ocrx_word' id='word_1_85' title='bbox 1077 1921 1333 1987; x_wconf 89' lang='lat' dir='ltr'><strong>laudato</strong></span> <span class='ocrx_word' id='word_1_86' title='bbox 1377 1944 1442 2009; x_wconf 92' lang='lat' dir='ltr'><strong>p.</strong></span> <span class='ocrx_word' id='word_1_87' title='bbox 1486 1921 1593 2007; x_wconf 85' lang='lat'><strong>38.</strong></span> <span class='ocrx_word' id='word_1_88' title='bbox 1643 1943 1736 2007; x_wconf 89' lang='lat' dir='ltr'><strong>sq.</strong></span> <span class='ocrx_word' id='word_1_89' title='bbox 1785 1920 1999 1997; x_wconf 85' lang='lat' dir='ltr'><strong>verba,</strong></span> <span class='ocrx_word' id='word_1_90' title='bbox 2046 1918 2443 1984; x_wconf 76' lang='lat' dir='ltr'><strong>memorantis</strong></span> <span class='ocrx_word' id='word_1_91' title='bbox 2490 1919 2778 2007; x_wconf 87' lang='lat' dir='ltr'><strong>Scythia-</strong></span> 
     </span>
     <span class='ocr_line' id='line_1_15' title="bbox 1075 2021 2778 2111; baseline -0.002 -21"><span class='ocrx_word' id='word_1_92' title='bbox 1075 2048 1230 2090; x_wconf 89' lang='lat' dir='ltr'><strong>num</strong></span> <span class='ocrx_word' id='word_1_93' title='bbox 1292 2023 1790 2090; x_wconf 62' lang='lat' dir='ltr'><strong>Manichaeorum</strong></span> <span class='ocrx_word' id='word_1_94' title='bbox 1853 2022 2192 2111; x_wconf 82' lang='lat' dir='ltr'><strong>principem</strong></span> <span class='ocrx_word' id='word_1_95' title='bbox 2250 2038 2313 2087; x_wconf 90' lang='lat' dir='ltr'><strong>et</strong></span> <span class='ocrx_word' id='word_1_96' title='bbox 2381 2021 2778 2087; x_wconf 68' lang='lat' dir='ltr'><strong>Alexandriae</strong></span> 
     </span>
     <span class='ocr_line' id='line_1_16' title="bbox 1075 2125 2777 2214; baseline -0.002 -21"><span class='ocrx_word' id='word_1_97' title='bbox 1075 2128 1385 2193; x_wconf 70' lang='lat' dir='ltr'><strong>habitasse</strong></span> <span class='ocrx_word' id='word_1_98' title='bbox 1417 2127 1556 2212; x_wconf 89' lang='lat' dir='ltr'><strong>(ubi</strong></span> <span class='ocrx_word' id='word_1_99' title='bbox 1599 2126 1983 2191; x_wconf 80' lang='lat' dir='ltr'><strong>Platonicam</strong></span> <span class='ocrx_word' id='word_1_100' title='bbox 2020 2125 2475 2214; x_wconf 77' lang='lat' dir='ltr'><strong>philosophiam</strong></span> <span class='ocrx_word' id='word_1_101' title='bbox 2506 2126 2777 2212; x_wconf 86' lang='lat' dir='ltr'><strong>viguisse</strong></span> 
     </span>
     <span class='ocr_line' id='line_1_17' title="bbox 1072 2228 2777 2317; baseline -0.002 -21"><span class='ocrx_word' id='word_1_102' title='bbox 1072 2232 1391 2314; x_wconf 88' lang='lat' dir='ltr'><strong>novimus)</strong></span> <span class='ocrx_word' id='word_1_103' title='bbox 1423 2245 1487 2296; x_wconf 89' lang='lat' dir='ltr'><strong>et</strong></span> <span class='ocrx_word' id='word_1_104' title='bbox 1514 2252 1593 2295; x_wconf 88' lang='lat' dir='ltr'><strong>ex</strong></span> <span class='ocrx_word' id='word_1_105' title='bbox 1638 2228 2054 2294; x_wconf 88' lang='lat' dir='ltr'><strong>Aristotelicis</strong></span> <span class='ocrx_word' id='word_1_106' title='bbox 2091 2228 2265 2294; x_wconf 89' lang='lat' dir='ltr'><strong>libris</strong></span> <span class='ocrx_word' id='word_1_107' title='bbox 2308 2228 2638 2317; x_wconf 70' lang='lat' dir='ltr'><strong>profecisse</strong></span> <span class='ocrx_word' id='word_1_108' title='bbox 2675 2253 2777 2293; x_wconf 88' lang='lat' dir='ltr'><strong>eo-</strong></span> 
     </span>
     <span class='ocr_line' id='line_1_18' title="bbox 1074 2331 2770 2422; baseline -0.003 -22"><span class='ocrx_word' id='word_1_109' title='bbox 1074 2357 1347 2422; x_wconf 88' lang='lat' dir='ltr'><strong>rumque</strong></span> <span class='ocrx_word' id='word_1_110' title='bbox 1374 2332 1739 2399; x_wconf 80' lang='lat' dir='ltr'><strong>sententiam</strong></span> <span class='ocrx_word' id='word_1_111' title='bbox 1766 2333 2114 2419; x_wconf 78' lang='lat' dir='ltr'><strong>corrupisse</strong></span> <span class='ocrx_word' id='word_1_112' title='bbox 2147 2333 2346 2413; x_wconf 79' lang='grc' dir='ltr'>(οὗτος</span> <span class='ocrx_word' id='word_1_113' title='bbox 2368 2334 2434 2422; x_wconf 64' lang='grc' dir='ltr'><strong>ἐκ</strong></span> <span class='ocrx_word' id='word_1_114' title='bbox 2460 2338 2580 2396; x_wconf 74' lang='grc' dir='ltr'><strong>τῶν</strong></span> <span class='ocrx_word' id='word_1_115' title='bbox 2604 2331 2770 2413; x_wconf 81' lang='grc' dir='ltr'>Ἀρι-</span> 
     </span>
     <span class='ocr_line' id='line_1_19' title="bbox 1072 2435 2775 2520; baseline -0.003 -17"><span class='ocrx_word' id='word_1_116' title='bbox 1072 2443 1436 2503; x_wconf 73' lang='grc' dir='ltr'>στοτελικόν</span> <span class='ocrx_word' id='word_1_117' title='bbox 1472 2435 1982 2520; x_wconf 73' lang='grc' dir='ltr'>παρακουσμάτων</span> <span class='ocrx_word' id='word_1_118' title='bbox 2020 2435 2300 2518; x_wconf 75' lang='grc' dir='ltr'>ἐντριβὴς</span> <span class='ocrx_word' id='word_1_119' title='bbox 2336 2435 2445 2514; x_wconf 74' lang='grc' dir='ltr'><strong>τὴν</strong></span> <span class='ocrx_word' id='word_1_120' title='bbox 2482 2440 2775 2517; x_wconf 72' lang='grc' dir='ltr'>γλῶσσαν</span> 
     </span>
     <span class='ocr_line' id='line_1_20' title="bbox 1074 2537 2774 2625; baseline -0.004 -19"><span class='ocrx_word' id='word_1_121' title='bbox 1074 2539 1338 2624; x_wconf 71' lang='grc' dir='ltr'><strong><em>γεγονὼς</em></strong></span> <span class='ocrx_word' id='word_1_122' title='bbox 1381 2544 1643 2625; x_wconf 74' lang='grc' dir='ltr'><strong>κ.τ.λ.).</strong></span> <span class='ocrx_word' id='word_1_123' title='bbox 1732 2539 1821 2603; x_wconf 87' lang='lat' dir='ltr'><strong>At</strong></span> <span class='ocrx_word' id='word_1_124' title='bbox 1862 2561 2012 2602; x_wconf 83' lang='lat' dir='ltr'><strong>vero</strong></span> <span class='ocrx_word' id='word_1_125' title='bbox 2052 2551 2293 2602; x_wconf 86' lang='lat' dir='ltr'><strong>constat</strong></span> <span class='ocrx_word' id='word_1_126' title='bbox 2347 2537 2511 2601; x_wconf 89' lang='lat' dir='ltr'><strong>inter</strong></span> <span class='ocrx_word' id='word_1_127' title='bbox 2556 2559 2774 2601; x_wconf 90' lang='lat' dir='ltr'><strong>omnes</strong></span> 
     </span>
     <span class='ocr_line' id='line_1_21' title="bbox 1074 2639 2775 2732; baseline -0.004 -23"><span class='ocrx_word' id='word_1_128' title='bbox 1074 2667 1267 2732; x_wconf 91' lang='lat' dir='ltr'><strong>quam</strong></span> <span class='ocrx_word' id='word_1_129' title='bbox 1310 2642 1510 2707; x_wconf 89' lang='lat' dir='ltr'><strong>multa</strong></span> <span class='ocrx_word' id='word_1_130' title='bbox 1551 2640 1708 2706; x_wconf 84' lang='lat' dir='ltr'><strong>falsa</strong></span> <span class='ocrx_word' id='word_1_131' title='bbox 1747 2640 2157 2706; x_wconf 89' lang='lat' dir='ltr'><strong>occidentales</strong></span> <span class='ocrx_word' id='word_1_132' title='bbox 2201 2640 2538 2728; x_wconf 83' lang='lat' dir='ltr'><strong>Graecique</strong></span> <span class='ocrx_word' id='word_1_133' title='bbox 2585 2639 2775 2727; x_wconf 85' lang='lat' dir='ltr'><strong>scrip-</strong></span> 
     </span>
     <span class='ocr_line' id='line_1_22' title="bbox 1075 2741 2773 2831; baseline -0.005 -19"><span class='ocrx_word' id='word_1_134' title='bbox 1075 2763 1261 2826; x_wconf 88' lang='lat' dir='ltr'><strong>tores,</strong></span> <span class='ocrx_word' id='word_1_135' title='bbox 1290 2744 1559 2809; x_wconf 81' lang='lat' dir='ltr'><strong>maxime</strong></span> <span class='ocrx_word' id='word_1_136' title='bbox 1600 2743 1990 2831; x_wconf 83' lang='lat' dir='ltr'><strong>posteriores,</strong></span> <span class='ocrx_word' id='word_1_137' title='bbox 2026 2744 2106 2808; x_wconf 92' lang='lat' dir='ltr'><strong>de</strong></span> <span class='ocrx_word' id='word_1_138' title='bbox 2149 2741 2521 2807; x_wconf 79' lang='lat' dir='ltr'><strong>Manichaeis</strong></span> <span class='ocrx_word' id='word_1_139' title='bbox 2562 2741 2773 2829; x_wconf 88' lang='lat' dir='ltr'><strong>prodi·</strong></span> 
     </span>
     <span class='ocr_line' id='line_1_23' title="bbox 1073 2843 2771 2935; baseline -0.003 -22"><span class='ocrx_word' id='word_1_140' title='bbox 1073 2849 1318 2920; x_wconf 84' lang='lat' dir='ltr'><strong>derint;</strong></span> <span class='ocrx_word' id='word_1_141' title='bbox 1367 2869 1440 2911; x_wconf 81' lang='lat' dir='ltr'><strong>ac</strong></span> <span class='ocrx_word' id='word_1_142' title='bbox 1466 2846 1728 2935; x_wconf 88' lang='lat' dir='ltr'><strong>proinde</strong></span> <span class='ocrx_word' id='word_1_143' title='bbox 1756 2860 2010 2934; x_wconf 85' lang='lat' dir='ltr'><strong>praestat</strong></span> <span class='ocrx_word' id='word_1_144' title='bbox 2039 2843 2366 2910; x_wconf 77' lang='lat' dir='ltr'><strong>orientales</strong></span> <span class='ocrx_word' id='word_1_145' title='bbox 2392 2846 2600 2910; x_wconf 85' lang='lat' dir='ltr'><strong>fontes</strong></span> <span class='ocrx_word' id='word_1_146' title='bbox 2638 2867 2771 2908; x_wconf 87' lang='lat' dir='ltr'><strong>sec-</strong></span> 
     </span>
     <span class='ocr_line' id='line_1_24' title="bbox 1075 2945 2775 3039; baseline -0.004 -22"><span class='ocrx_word' id='word_1_147' title='bbox 1075 2951 1216 3030; x_wconf 89' lang='lat' dir='ltr'><strong>tari,</strong></span> <span class='ocrx_word' id='word_1_148' title='bbox 1260 2971 1531 3039; x_wconf 87' lang='lat' dir='ltr'><strong>quorum</strong></span> <span class='ocrx_word' id='word_1_149' title='bbox 1581 2949 1761 3036; x_wconf 84' lang='lat' dir='ltr'><strong>copia</strong></span> <span class='ocrx_word' id='word_1_150' title='bbox 1804 2948 2086 3036; x_wconf 81' lang='lat' dir='ltr'><strong>suppetit</strong></span> <span class='ocrx_word' id='word_1_151' title='bbox 2130 2947 2300 3036; x_wconf 91' lang='lat' dir='ltr'><strong>apud</strong></span> <span class='ocrx_word' id='word_1_152' title='bbox 2348 2948 2651 3035; x_wconf 73' lang='lat' dir='ltr'><strong>Hydeum</strong></span> <span class='ocrx_word' id='word_1_153' title='bbox 2693 2945 2775 3012; x_wconf 90' lang='lat' dir='ltr'><strong>de</strong></span> 
     </span>
     <span class='ocr_line' id='line_1_25' title="bbox 1072 3049 2772 3141; baseline -0.004 -22"><span class='ocrx_word' id='word_1_154' title='bbox 1072 3053 1404 3141; x_wconf 84' lang='lat' dir='ltr'><strong>Religione</strong></span> <span class='ocrx_word' id='word_1_155' title='bbox 1447 3064 1603 3116; x_wconf 87' lang='lat' dir='ltr'><strong>vett.</strong></span> <span class='ocrx_word' id='word_1_156' title='bbox 1652 3053 1984 3116; x_wconf 76' lang='lat' dir='ltr'><strong>Persarum</strong></span> <span class='ocrx_word' id='word_1_157' title='bbox 2039 3075 2098 3137; x_wconf 90' lang='lat' dir='ltr'><strong>p.</strong></span> <span class='ocrx_word' id='word_1_158' title='bbox 2136 3052 2280 3135; x_wconf 87' lang='lat'><strong>276.</strong></span> <span class='ocrx_word' id='word_1_159' title='bbox 2328 3049 2772 3115; x_wconf 88' lang='lat' dir='ltr'><strong>Herbelotium</strong></span> 
     </span>
     <span class='ocr_line' id='line_1_26' title="bbox 1072 3152 2770 3242; baseline -0.003 -21"><span class='ocrx_word' id='word_1_160' title='bbox 1072 3156 1139 3221; x_wconf 89' lang='lat' dir='ltr'><strong>in</strong></span> <span class='ocrx_word' id='word_1_161' title='bbox 1190 3155 1635 3242; x_wconf 69' lang='lat' dir='ltr'><strong>Bibliotheque</strong></span> <span class='ocrx_word' id='word_1_162' title='bbox 1686 3152 2003 3219; x_wconf 80' lang='lat' dir='ltr'><strong>Orientale</strong></span> <span class='ocrx_word' id='word_1_163' title='bbox 2049 3155 2105 3218; x_wconf 92' lang='lat'><strong>1.</strong></span> <span class='ocrx_word' id='word_1_164' title='bbox 2153 3177 2213 3241; x_wconf 89' lang='lat' dir='ltr'><strong>p.</strong></span> <span class='ocrx_word' id='word_1_165' title='bbox 2259 3169 2514 3238; x_wconf 85' lang='lat'>549—5</span> <span class='ocrx_word' id='word_1_166' title='bbox 2517 3169 2626 3237; x_wconf 87' lang='lat'><strong>51.</strong></span> <span class='ocrx_word' id='word_1_167' title='bbox 2669 3152 2770 3217; x_wconf 90' lang='lat' dir='ltr'><strong>ed.</strong></span> 
     </span>
     <span class='ocr_line' id='line_1_27' title="bbox 1075 3258 2772 3349; baseline -0.003 -23"><span class='ocrx_word' id='word_1_168' title='bbox 1075 3262 1249 3349; x_wconf 88' lang='lat' dir='ltr'><strong>Hag.</strong></span> <span class='ocrx_word' id='word_1_169' title='bbox 1282 3258 1510 3325; x_wconf 89' lang='lat' dir='ltr'><strong>Comit.</strong></span> <span class='ocrx_word' id='word_1_170' title='bbox 1553 3272 1617 3324; x_wconf 91' lang='lat' dir='ltr'><strong>et</strong></span> <span class='ocrx_word' id='word_1_171' title='bbox 1661 3259 1970 3325; x_wconf 71' lang='lat' dir='ltr'><strong>Silvestre</strong></span> <span class='ocrx_word' id='word_1_172' title='bbox 2006 3259 2082 3322; x_wconf 82' lang='lat' dir='ltr'><strong>de</strong></span> <span class='ocrx_word' id='word_1_173' title='bbox 2118 3258 2291 3344; x_wconf 59' lang='lat' dir='ltr'><strong>San-:y</strong></span> <span class='ocrx_word' id='word_1_174' title='bbox 2318 3259 2391 3321; x_wconf 76' lang='lat' dir='ltr'><strong>in</strong></span> <span class='ocrx_word' id='word_1_175' title='bbox 2430 3258 2772 3321; x_wconf 67' lang='lat' dir='ltr'><strong>Menwires</strong></span> 
     </span>
     <span class='ocr_line' id='line_1_28' title="bbox 1070 3362 2767 3451; baseline -0.002 -22"><span class='ocrx_word' id='word_1_176' title='bbox 1070 3387 1188 3430; x_wconf 73' lang='lat' dir='ltr'><strong>sur</strong></span> <span class='ocrx_word' id='word_1_177' title='bbox 1230 3365 1509 3428; x_wconf 72' lang='lat' dir='ltr'><strong>diverses</strong></span> <span class='ocrx_word' id='word_1_178' title='bbox 1550 3364 1896 3451; x_wconf 60' lang='lat' dir='ltr'><strong>antiquit&amp;</strong></span> <span class='ocrx_word' id='word_1_179' title='bbox 1939 3362 2015 3426; x_wconf 77' lang='lat' dir='ltr'><strong>de</strong></span> <span class='ocrx_word' id='word_1_180' title='bbox 2055 3362 2122 3425; x_wconf 80' lang='lat' dir='ltr'><strong>la</strong></span> <span class='ocrx_word' id='word_1_181' title='bbox 2165 3362 2362 3425; x_wconf 78' lang='lat' dir='ltr'><strong>Perse</strong></span> <span class='ocrx_word' id='word_1_182' title='bbox 2392 3383 2456 3448; x_wconf 87' lang='lat' dir='ltr'><strong>p.</strong></span> <span class='ocrx_word' id='word_1_183' title='bbox 2486 3378 2598 3441; x_wconf 84' lang='lat'><strong>42.</strong></span> <span class='ocrx_word' id='word_1_184' title='bbox 2630 3383 2767 3446; x_wconf 92' lang='lat' dir='ltr'><strong>sqq.</strong></span> 
     </span>
     <span class='ocr_line' id='line_1_29' title="bbox 1066 3463 2776 3533; baseline -0.003 -1"><span class='ocrx_word' id='word_1_185' title='bbox 1066 3468 1156 3533; x_wconf 77' lang='lat' dir='ltr'><strong>cf.</strong></span> <span class='ocrx_word' id='word_1_186' title='bbox 1188 3468 1372 3532; x_wconf 74' lang='lat' dir='ltr'><strong>etiam</strong></span> <span class='ocrx_word' id='word_1_187' title='bbox 1406 3468 1499 3531; x_wconf 75' lang='lat' dir='ltr'><strong>Is.</strong></span> <span class='ocrx_word' id='word_1_188' title='bbox 1530 3467 1675 3531; x_wconf 85' lang='lat' dir='ltr'><strong>Jac.</strong></span> <span class='ocrx_word' id='word_1_189' title='bbox 1709 3465 2018 3532; x_wconf 70' lang='lat' dir='ltr'><strong>Schmidt.</strong></span> <span class='ocrx_word' id='word_1_190' title='bbox 2051 3464 2268 3528; x_wconf 79' lang='lat' dir='ltr'><strong>Helm·</strong></span> <span class='ocrx_word' id='word_1_191' title='bbox 2287 3464 2389 3527; x_wconf 74' lang='lat' dir='ltr'><strong>die</strong></span> <span class='ocrx_word' id='word_1_192' title='bbox 2422 3463 2776 3527; x_wconf 64' lang='lat' dir='ltr'><strong>Varwandt-</strong></span> 
     </span>
     <span class='ocr_line' id='line_1_30' title="bbox 1071 3565 2776 3659; baseline -0.005 -22"><span class='ocrx_word' id='word_1_193' title='bbox 1071 3573 1284 3657; x_wconf 75' lang='lat' dir='ltr'><strong>schqfl</strong></span> <span class='ocrx_word' id='word_1_194' title='bbox 1303 3565 2493 3659; x_wconf 64' lang='lat' dir='ltr'><strong>dergrostisdttheoeopltischenLekren</strong></span> <span class='ocrx_word' id='word_1_195' title='bbox 2513 3568 2629 3630; x_wconf 67' lang='lat' dir='ltr'><strong>mit</strong></span> <span class='ocrx_word' id='word_1_196' title='bbox 2654 3566 2776 3628; x_wconf 68' lang='lat' dir='ltr'><strong>den</strong></span> 
     </span>
     <span class='ocr_line' id='line_1_31' title="bbox 1072 3669 2774 3764; baseline -0.005 -24"><span class='ocrx_word' id='word_1_197' title='bbox 1072 3674 1766 3764; x_wconf 67' lang='lat' dir='ltr'><strong>Religions-Systemen</strong></span> <span class='ocrx_word' id='word_1_198' title='bbox 1796 3673 1906 3736; x_wconf 75' lang='lat' dir='ltr'><strong>des</strong></span> <span class='ocrx_word' id='word_1_199' title='bbox 1940 3672 2216 3748; x_wconf 56' lang='lat' dir='ltr'><strong>Oriente,</strong></span> <span class='ocrx_word' id='word_1_200' title='bbox 2247 3669 2610 3757; x_wconf 65' lang='lat' dir='ltr'><strong>sorzngiick</strong></span> <span class='ocrx_word' id='word_1_201' title='bbox 2635 3669 2774 3732; x_wconf 79' lang='lat' dir='ltr'><strong>dem</strong></span> 
     </span>
     <span class='ocr_line' id='line_1_32' title="bbox 1073 3771 2775 3864; baseline -0.004 -22"><span class='ocrx_word' id='word_1_202' title='bbox 1073 3778 1574 3842; x_wconf 66' lang='lat' dir='ltr'><strong>Buddhaismus.</strong></span> <span class='ocrx_word' id='word_1_203' title='bbox 1598 3776 1823 3864; x_wconf 89' lang='lat' dir='ltr'><strong>Leipz.</strong></span> <span class='ocrx_word' id='word_1_204' title='bbox 1851 3774 2012 3839; x_wconf 87' lang='lat'>1828</span> <span class='ocrx_word' id='word_1_205' title='bbox 2037 3798 2052 3837; x_wconf 91' lang='lat'>:</span> <span class='ocrx_word' id='word_1_206' title='bbox 2102 3771 2272 3836; x_wconf 92' lang='lat' dir='ltr'><strong>unde</strong></span> <span class='ocrx_word' id='word_1_207' title='bbox 2292 3771 2427 3836; x_wconf 84' lang='lat' dir='ltr'><strong>haec</strong></span> <span class='ocrx_word' id='word_1_208' title='bbox 2450 3794 2567 3859; x_wconf 91' lang='lat' dir='ltr'><strong>pro</strong></span> <span class='ocrx_word' id='word_1_209' title='bbox 2593 3771 2775 3836; x_wconf 89' lang='lat' dir='ltr'><strong>certis</strong></span> 
     </span>
     <span class='ocr_line' id='line_1_33' title="bbox 1071 3872 2776 3966; baseline -0.004 -22"><span class='ocrx_word' id='word_1_210' title='bbox 1071 3880 1362 3966; x_wconf 76' lang='lat' dir='ltr'><strong>colligere</strong></span> <span class='ocrx_word' id='word_1_211' title='bbox 1389 3901 1744 3966; x_wconf 86' lang='lat' dir='ltr'><strong>possumus,</strong></span> <span class='ocrx_word' id='word_1_212' title='bbox 1764 3878 2035 3964; x_wconf 89' lang='lat' dir='ltr'><strong>primum</strong></span> <span class='ocrx_word' id='word_1_213' title='bbox 2069 3874 2347 3940; x_wconf 85' lang='lat' dir='ltr'><strong>Manetis</strong></span> <span class='ocrx_word' id='word_1_214' title='bbox 2368 3872 2596 3961; x_wconf 77' lang='lat' dir='ltr'><strong>placita</strong></span> <span class='ocrx_word' id='word_1_215' title='bbox 2617 3897 2776 3959; x_wconf 84' lang='lat' dir='ltr'><strong>prae-</strong></span> 
     </span>
     <span class='ocr_line' id='line_1_34' title="bbox 1073 3977 2768 4070; baseline -0.003 -24"><span class='ocrx_word' id='word_1_216' title='bbox 1073 3997 1380 4070; x_wconf 89' lang='lat' dir='ltr'><strong>ceptaque</strong></span> <span class='ocrx_word' id='word_1_217' title='bbox 1433 3980 1630 4044; x_wconf 83' lang='lat' dir='ltr'><strong>mixta</strong></span> <span class='ocrx_word' id='word_1_218' title='bbox 1678 3980 1868 4043; x_wconf 86' lang='lat' dir='ltr'><strong>fuisse</strong></span> <span class='ocrx_word' id='word_1_219' title='bbox 1919 4003 1955 4042; x_wconf 93' lang='lat' dir='ltr'><strong>e</strong></span> <span class='ocrx_word' id='word_1_220' title='bbox 2002 3977 2374 4043; x_wconf 86' lang='lat' dir='ltr'><strong>Zoroasticis</strong></span> <span class='ocrx_word' id='word_1_221' title='bbox 2427 3979 2768 4065; x_wconf 82' lang='lat' dir='ltr'><strong>Magorum</strong></span> 
     </span>
     <span class='ocr_line' id='line_1_35' title="bbox 1072 4080 2765 4154; baseline -0.004 -4"><span class='ocrx_word' id='word_1_222' title='bbox 1072 4084 1338 4150; x_wconf 86' lang='lat' dir='ltr'><strong>decretis</strong></span> <span class='ocrx_word' id='word_1_223' title='bbox 1393 4098 1458 4148; x_wconf 89' lang='lat' dir='ltr'><strong>et</strong></span> <span class='ocrx_word' id='word_1_224' title='bbox 1513 4080 1810 4147; x_wconf 86' lang='lat' dir='ltr'><strong>doctrinis</strong></span> <span class='ocrx_word' id='word_1_225' title='bbox 1870 4080 2404 4154; x_wconf 85' lang='lat' dir='ltr'><strong>Christianorum;</strong></span> <span class='ocrx_word' id='word_1_226' title='bbox 2463 4080 2765 4145; x_wconf 83' lang='lat' dir='ltr'><strong>alterum:</strong></span> 
     </span>
     <span class='ocr_line' id='line_1_36' title="bbox 1074 4182 2771 4274; baseline -0.002 -23"><span class='ocrx_word' id='word_1_227' title='bbox 1074 4187 1439 4274; x_wconf 80' lang='lat' dir='ltr'><strong>primarium</strong></span> <span class='ocrx_word' id='word_1_228' title='bbox 1471 4185 1662 4249; x_wconf 84' lang='lat' dir='ltr'><strong>fuisse</strong></span> <span class='ocrx_word' id='word_1_229' title='bbox 1689 4184 1753 4248; x_wconf 93' lang='lat' dir='ltr'><strong>in</strong></span> <span class='ocrx_word' id='word_1_230' title='bbox 1776 4207 1851 4248; x_wconf 89' lang='lat' dir='ltr'><strong>ea</strong></span> <span class='ocrx_word' id='word_1_231' title='bbox 1872 4182 2155 4247; x_wconf 88' lang='lat' dir='ltr'><strong>doctrina</strong></span> <span class='ocrx_word' id='word_1_232' title='bbox 2175 4182 2473 4272; x_wconf 86' lang='lat' dir='ltr'><strong>placitum</strong></span> <span class='ocrx_word' id='word_1_233' title='bbox 2497 4182 2771 4248; x_wconf 91' lang='lat' dir='ltr'><strong>duorum</strong></span> 
     </span>
     <span class='ocr_line' id='line_1_37' title="bbox 1074 4284 2774 4377; baseline -0.002 -23"><span class='ocrx_word' id='word_1_234' title='bbox 1074 4290 1543 4377; x_wconf 82' lang='lat' dir='ltr'><strong>principiorum,</strong></span> <span class='ocrx_word' id='word_1_235' title='bbox 1575 4286 1700 4351; x_wconf 92' lang='lat' dir='ltr'><strong>Dei</strong></span> <span class='ocrx_word' id='word_1_236' title='bbox 1734 4301 1800 4351; x_wconf 88' lang='lat' dir='ltr'><strong>et</strong></span> <span class='ocrx_word' id='word_1_237' title='bbox 1840 4284 2154 4351; x_wconf 85' lang='lat' dir='ltr'><strong>Materiae.</strong></span> <span class='ocrx_word' id='word_1_238' title='bbox 2247 4285 2435 4350; x_wconf 89' lang='lat' dir='ltr'><strong>Hanc</strong></span> <span class='ocrx_word' id='word_1_239' title='bbox 2478 4285 2774 4372; x_wconf 88' lang='lat' dir='ltr'><strong>posterio-</strong></span> 
     </span>
     <span class='ocr_line' id='line_1_38' title="bbox 1073 4387 2776 4476; baseline -0.004 -18"><span class='ocrx_word' id='word_1_240' title='bbox 1073 4414 1207 4459; x_wconf 83' lang='lat' dir='ltr'><strong>rem</strong></span> <span class='ocrx_word' id='word_1_241' title='bbox 1238 4391 1738 4457; x_wconf 80' lang='lat' dir='ltr'><strong>Manicbaeorum</strong></span> <span class='ocrx_word' id='word_1_242' title='bbox 1778 4389 2140 4454; x_wconf 84' lang='lat' dir='ltr'><strong>sententiam</strong></span> <span class='ocrx_word' id='word_1_243' title='bbox 2180 4387 2391 4476; x_wconf 83' lang='lat' dir='ltr'><strong>attigit</strong></span> <span class='ocrx_word' id='word_1_244' title='bbox 2426 4388 2613 4453; x_wconf 87' lang='lat' dir='ltr'><strong>etiam</strong></span> <span class='ocrx_word' id='word_1_245' title='bbox 2660 4388 2776 4453; x_wconf 91' lang='lat' dir='ltr'><strong>Ni-</strong></span> 
     </span>
     <span class='ocr_line' id='line_1_39' title="bbox 1072 4489 2776 4561; baseline -0.004 0"><span class='ocrx_word' id='word_1_246' title='bbox 1072 4495 1284 4561; x_wconf 79' lang='lat' dir='ltr'><strong>colans</strong></span> <span class='ocrx_word' id='word_1_247' title='bbox 1329 4492 1760 4559; x_wconf 85' lang='lat' dir='ltr'><strong>Methonensis</strong></span> <span class='ocrx_word' id='word_1_248' title='bbox 1803 4492 1867 4556; x_wconf 91' lang='lat' dir='ltr'><strong>in</strong></span> <span class='ocrx_word' id='word_1_249' title='bbox 1902 4491 2309 4557; x_wconf 71' lang='lat' dir='ltr'><strong>Refutatione</strong></span> <span class='ocrx_word' id='word_1_250' title='bbox 2354 4489 2776 4556; x_wconf 85' lang='lat' dir='ltr'><strong>Institutionis</strong></span> 
     </span>
     <span class='ocr_line' id='line_1_40' title="bbox 1074 4593 2776 4684; baseline -0.004 -20"><span class='ocrx_word' id='word_1_251' title='bbox 1074 4597 1309 4664; x_wconf 84' lang='lat' dir='ltr'><strong>Theol.</strong></span> <span class='ocrx_word' id='word_1_252' title='bbox 1332 4596 1573 4675; x_wconf 88' lang='lat' dir='ltr'><strong>Procli,</strong></span> <span class='ocrx_word' id='word_1_253' title='bbox 1602 4619 1806 4684; x_wconf 87' lang='lat' dir='ltr'><strong>nuper</strong></span> <span class='ocrx_word' id='word_1_254' title='bbox 1842 4593 2182 4660; x_wconf 89' lang='lat' dir='ltr'><strong>admodum</strong></span> <span class='ocrx_word' id='word_1_255' title='bbox 2213 4617 2251 4658; x_wconf 87' lang='lat' dir='ltr'><strong>a</strong></span> <span class='ocrx_word' id='word_1_256' title='bbox 2280 4593 2598 4658; x_wconf 90' lang='lat' dir='ltr'><strong>Voemelio</strong></span> <span class='ocrx_word' id='word_1_257' title='bbox 2637 4616 2776 4658; x_wconf 91' lang='lat' dir='ltr'><strong>meo</strong></span> 
     </span>
     <span class='ocr_line' id='line_1_41' title="bbox 1076 4696 2776 4788; baseline -0.004 -22"><span class='ocrx_word' id='word_1_258' title='bbox 1076 4701 1322 4788; x_wconf 84' lang='lat' dir='ltr'><strong>editap.</strong></span> <span class='ocrx_word' id='word_1_259' title='bbox 1340 4718 1439 4783; x_wconf 86' lang='lat'><strong>72.</strong></span> <span class='ocrx_word' id='word_1_260' title='bbox 1485 4701 1634 4765; x_wconf 82' lang='lat' dir='ltr'><strong>Jam</strong></span> <span class='ocrx_word' id='word_1_261' title='bbox 1665 4698 1913 4764; x_wconf 88' lang='lat' dir='ltr'><strong>utillud</strong></span> <span class='ocrx_word' id='word_1_262' title='bbox 1943 4720 2196 4785; x_wconf 86' lang='lat' dir='ltr'><strong>ponam,</strong></span> <span class='ocrx_word' id='word_1_263' title='bbox 2216 4698 2400 4785; x_wconf 90' lang='lat' dir='ltr'><strong>cujus</strong></span> <span class='ocrx_word' id='word_1_264' title='bbox 2426 4720 2616 4761; x_wconf 87' lang='lat' dir='ltr'><strong>causa</strong></span> <span class='ocrx_word' id='word_1_265' title='bbox 2642 4696 2776 4761; x_wconf 85' lang='lat' dir='ltr'><strong>haec</strong></span> 
     </span>
     <span class='ocr_line' id='line_1_42' title="bbox 1076 4799 2779 4887; baseline -0.002 -19"><span class='ocrx_word' id='word_1_266' title='bbox 1076 4804 1159 4869; x_wconf 91' lang='lat' dir='ltr'><strong>de</strong></span> <span class='ocrx_word' id='word_1_267' title='bbox 1189 4803 1560 4868; x_wconf 78' lang='lat' dir='ltr'><strong>Mauichaeis</strong></span> <span class='ocrx_word' id='word_1_268' title='bbox 1596 4800 1975 4866; x_wconf 73' lang='lat' dir='ltr'><strong>adumbrata</strong></span> <span class='ocrx_word' id='word_1_269' title='bbox 2011 4815 2181 4878; x_wconf 88' lang='lat' dir='ltr'><strong>sunt,</strong></span> <span class='ocrx_word' id='word_1_270' title='bbox 2211 4800 2355 4865; x_wconf 91' lang='lat' dir='ltr'><strong>licet</strong></span> <span class='ocrx_word' id='word_1_271' title='bbox 2384 4799 2779 4887; x_wconf 87' lang='lat' dir='ltr'><strong>Porphyrius</strong></span> 
     </span>
     <span class='ocr_line' id='line_1_43' title="bbox 1076 4901 2775 4993; baseline -0.004 -21"><span class='ocrx_word' id='word_1_272' title='bbox 1076 4907 1214 4973; x_wconf 83' lang='lat' dir='ltr'><strong>loco</strong></span> <span class='ocrx_word' id='word_1_273' title='bbox 1241 4905 1492 4970; x_wconf 82' lang='lat' dir='ltr'><strong>classico</strong></span> <span class='ocrx_word' id='word_1_274' title='bbox 1529 4928 1721 4993; x_wconf 83' lang='lat' dir='ltr'><strong>supra</strong></span> <span class='ocrx_word' id='word_1_275' title='bbox 1756 4901 2013 4968; x_wconf 87' lang='lat' dir='ltr'><strong>laudato</strong></span> <span class='ocrx_word' id='word_1_276' title='bbox 2052 4903 2285 4967; x_wconf 89' lang='lat' dir='ltr'><strong>nullius</strong></span> <span class='ocrx_word' id='word_1_277' title='bbox 2320 4925 2546 4967; x_wconf 89' lang='lat' dir='ltr'><strong>nomen</strong></span> <span class='ocrx_word' id='word_1_278' title='bbox 2585 4925 2775 4990; x_wconf 90' lang='lat' dir='ltr'><strong>appo-</strong></span> 
     </span>
     <span class='ocr_line' id='line_1_44' title="bbox 1076 5006 2770 5097; baseline -0.004 -21"><span class='ocrx_word' id='word_1_279' title='bbox 1076 5010 1293 5090; x_wconf 80' lang='lat' dir='ltr'><strong>suerit,</strong></span> <span class='ocrx_word' id='word_1_280' title='bbox 1349 5008 1460 5097; x_wconf 91' lang='lat' dir='ltr'><strong>qui</strong></span> <span class='ocrx_word' id='word_1_281' title='bbox 1508 5008 1574 5073; x_wconf 90' lang='lat' dir='ltr'><strong>in</strong></span> <span class='ocrx_word' id='word_1_282' title='bbox 1627 5007 2001 5072; x_wconf 84' lang='lat' dir='ltr'><strong>Manichaeis</strong></span> <span class='ocrx_word' id='word_1_283' title='bbox 2055 5006 2281 5071; x_wconf 87' lang='lat' dir='ltr'><strong>diserte</strong></span> <span class='ocrx_word' id='word_1_284' title='bbox 2338 5021 2770 5070; x_wconf 87' lang='lat' dir='ltr'><strong>enumeretur:</strong></span> 
     </span>
     <span class='ocr_line' id='line_1_45' title="bbox 1077 5107 2766 5180; baseline -0.005 -1"><span class='ocrx_word' id='word_1_285' title='bbox 1077 5131 1284 5180; x_wconf 84' lang='lat' dir='ltr'><strong>tamen</strong></span> <span class='ocrx_word' id='word_1_286' title='bbox 1315 5134 1458 5177; x_wconf 89' lang='lat' dir='ltr'><strong>cum</strong></span> <span class='ocrx_word' id='word_1_287' title='bbox 1487 5109 1651 5175; x_wconf 83' lang='lat' dir='ltr'><strong>idern</strong></span> <span class='ocrx_word' id='word_1_288' title='bbox 1681 5110 1912 5175; x_wconf 78' lang='lat' dir='ltr'><strong>ibidem</strong></span> <span class='ocrx_word' id='word_1_289' title='bbox 1943 5133 2049 5174; x_wconf 89' lang='lat' dir='ltr'><strong>eos</strong></span> <span class='ocrx_word' id='word_1_290' title='bbox 2080 5108 2413 5174; x_wconf 89' lang='lat' dir='ltr'><strong>Gnosticos</strong></span> <span class='ocrx_word' id='word_1_291' title='bbox 2445 5107 2611 5172; x_wconf 86' lang='lat' dir='ltr'><strong>dicat</strong></span> <span class='ocrx_word' id='word_1_292' title='bbox 2644 5109 2766 5172; x_wconf 84' lang='lat' dir='ltr'><strong>Zo-</strong></span> 
     </span>
     <span class='ocr_line' id='line_1_46' title="bbox 1080 5210 2773 5297; baseline -0.005 -13"><span class='ocrx_word' id='word_1_293' title='bbox 1080 5216 1329 5283; x_wconf 84' lang='lat' dir='ltr'><strong>roastris</strong></span> <span class='ocrx_word' id='word_1_294' title='bbox 1346 5216 1756 5297; x_wconf 79' lang='grc' dir='ltr'>ἀποκαλύψεις</span> <span class='ocrx_word' id='word_1_295' title='bbox 1775 5235 1985 5277; x_wconf 89' lang='lat' dir='ltr'><strong>secum</strong></span> <span class='ocrx_word' id='word_1_296' title='bbox 2005 5212 2238 5291; x_wconf 87' lang='lat' dir='ltr'><strong>tulisse,</strong></span> <span class='ocrx_word' id='word_1_297' title='bbox 2255 5210 2543 5277; x_wconf 86' lang='lat' dir='ltr'><strong>Plotinus</strong></span> <span class='ocrx_word' id='word_1_298' title='bbox 2562 5226 2773 5276; x_wconf 89' lang='lat' dir='ltr'><strong>autem</strong></span> 
     </span>
     <span class='ocr_line' id='line_1_47' title="bbox 1074 5314 2773 5409; baseline -0.004 -24"><span class='ocrx_word' id='word_1_299' title='bbox 1074 5322 1211 5409; x_wconf 73' lang='lat' dir='ltr'><strong>ipoe</strong></span> <span class='ocrx_word' id='word_1_300' title='bbox 1239 5343 1315 5384; x_wconf 91' lang='lat' dir='ltr'><strong>eo</strong></span> <span class='ocrx_word' id='word_1_301' title='bbox 1342 5332 1620 5406; x_wconf 89' lang='lat' dir='ltr'><strong>tempore</strong></span> <span class='ocrx_word' id='word_1_302' title='bbox 1649 5316 1818 5381; x_wconf 88' lang='lat' dir='ltr'><strong>hunc</strong></span> <span class='ocrx_word' id='word_1_303' title='bbox 1846 5339 2032 5380; x_wconf 91' lang='lat' dir='ltr'><strong>suum</strong></span> <span class='ocrx_word' id='word_1_304' title='bbox 2062 5315 2294 5380; x_wconf 88' lang='lat' dir='ltr'><strong>librum</strong></span> <span class='ocrx_word' id='word_1_305' title='bbox 2334 5314 2773 5403; x_wconf 84' lang='lat' dir='ltr'><strong>composuerit,</strong></span> 
     </span>
     <span class='ocr_line' id='line_1_48' title="bbox 1074 5416 2778 5510; baseline -0.002 -23"><span class='ocrx_word' id='word_1_306' title='bbox 1074 5446 1210 5510; x_wconf 91' lang='lat' dir='ltr'><strong>quo</strong></span> <span class='ocrx_word' id='word_1_307' title='bbox 1250 5420 1590 5486; x_wconf 87' lang='lat' dir='ltr'><strong>Manichaei</strong></span> <span class='ocrx_word' id='word_1_308' title='bbox 1619 5420 1752 5508; x_wconf 88' lang='lat' dir='ltr'><strong>jam</strong></span> <span class='ocrx_word' id='word_1_309' title='bbox 1792 5418 1861 5483; x_wconf 89' lang='lat' dir='ltr'><strong>in</strong></span> <span class='ocrx_word' id='word_1_310' title='bbox 1899 5419 2191 5483; x_wconf 78' lang='lat' dir='ltr'><strong>Romano</strong></span> <span class='ocrx_word' id='word_1_311' title='bbox 2227 5419 2379 5484; x_wconf 89' lang='lat' dir='ltr'><strong>orbe</strong></span> <span class='ocrx_word' id='word_1_312' title='bbox 2416 5416 2778 5483; x_wconf 59' lang='lat' dir='ltr'><strong>evaluerunt</strong></span> 
     </span>
    </p>
   </div>
   <div class='ocr_carea' id='block_1_3' title="bbox 1074 5523 2778 5613">
    <p class='ocr_par' dir='ltr' id='par_1_3' title="bbox 1074 5523 2778 5613">
     <span class='ocr_line' id='line_1_49' title="bbox 1074 5523 2778 5613; baseline -0.002 -23"><span class='ocrx_word' id='word_1_313' title='bbox 1074 5528 1242 5613; x_wconf 84' lang='lat' dir='ltr'><strong>(qua</strong></span> <span class='ocrx_word' id='word_1_314' title='bbox 1278 5524 1359 5589; x_wconf 89' lang='lat' dir='ltr'><strong>de</strong></span> <span class='ocrx_word' id='word_1_315' title='bbox 1400 5546 1468 5589; x_wconf 89' lang='lat' dir='ltr'><strong>re</strong></span> <span class='ocrx_word' id='word_1_316' title='bbox 1495 5524 1579 5589; x_wconf 83' lang='lat' dir='ltr'><strong>cf.</strong></span> <span class='ocrx_word' id='word_1_317' title='bbox 1614 5524 1864 5613; x_wconf 69' lang='lat' dir='ltr'><strong>Heynii</strong></span> <span class='ocrx_word' id='word_1_318' title='bbox 1909 5524 2262 5588; x_wconf 76' lang='lat' dir='ltr'><strong>Commeat.</strong></span> <span class='ocrx_word' id='word_1_319' title='bbox 2293 5523 2370 5588; x_wconf 80' lang='lat' dir='ltr'><strong>de</strong></span> <span class='ocrx_word' id='word_1_320' title='bbox 2411 5523 2778 5588; x_wconf 68' lang='lat' dir='ltr'><strong>Alexandro</strong></span> 
     </span>
    </p>
   </div>
   <div class='ocr_carea' id='block_1_4' title="bbox 2058 508 3582 576">
    <p class='ocr_par' dir='ltr' id='par_1_4' title="bbox 2058 508 3582 576">
     <span class='ocr_line' id='line_1_50' title="bbox 2058 508 3582 576; baseline -0.002 -1"><span class='ocrx_word' id='word_1_321' title='bbox 2058 508 2886 576; x_wconf 86' lang='lat' dir='ltr'>ANNOTATIONES</span> <span class='ocrx_word' id='word_1_322' title='bbox 2951 511 3065 574; x_wconf 93' lang='lat' dir='ltr'><strong>IN</strong></span> <span class='ocrx_word' id='word_1_323' title='bbox 3128 509 3582 574; x_wconf 89' lang='lat' dir='ltr'><strong>PLOTINI</strong></span> 
     </span>
    </p>
   </div>
   <div class='ocr_carea' id='block_1_5' title="bbox 2856 680 4565 4174">
    <p class='ocr_par' dir='ltr' id='par_1_5' title="bbox 2856 680 4565 4174">
     <span class='ocr_line' id='line_1_51' title="bbox 2865 680 4565 771; baseline -0.002 -23"><span class='ocrx_word' id='word_1_324' title='bbox 2865 683 3102 749; x_wconf 84' lang='lat' dir='ltr'><strong>Severo</strong></span> <span class='ocrx_word' id='word_1_325' title='bbox 3129 683 3475 771; x_wconf 75' lang='lat' dir='ltr'><strong>religiones</strong></span> <span class='ocrx_word' id='word_1_326' title='bbox 3501 682 3806 745; x_wconf 72' lang='lat' dir='ltr'><strong>miscella-r</strong></span> <span class='ocrx_word' id='word_1_327' title='bbox 3823 680 4176 769; x_wconf 52' lang='lat' dir='ltr'><strong>probantu</strong></span> <span class='ocrx_word' id='word_1_328' title='bbox 4224 693 4289 744; x_wconf 90' lang='lat' dir='ltr'><strong>et</strong></span> <span class='ocrx_word' id='word_1_329' title='bbox 4321 702 4429 745; x_wconf 77' lang='lat' dir='ltr'><strong>sex</strong></span> <span class='ocrx_word' id='word_1_330' title='bbox 4457 701 4565 745; x_wconf 78' lang='lat' dir='ltr'><strong>ex-</strong></span> 
     </span>
     <span class='ocr_line' id='line_1_52' title="bbox 2865 782 4560 871; baseline -0.001 -21"><span class='ocrx_word' id='word_1_331' title='bbox 2865 808 3087 851; x_wconf 90' lang='lat' dir='ltr'><strong>cursus</strong></span> <span class='ocrx_word' id='word_1_332' title='bbox 3133 786 3193 850; x_wconf 87' lang='lat' dir='ltr'><strong>ei</strong></span> <span class='ocrx_word' id='word_1_333' title='bbox 3245 783 3767 850; x_wconf 79' lang='lat' dir='ltr'><strong>commentationi</strong></span> <span class='ocrx_word' id='word_1_334' title='bbox 3817 783 4066 848; x_wconf 89' lang='lat' dir='ltr'><strong>additos</strong></span> <span class='ocrx_word' id='word_1_335' title='bbox 4115 783 4177 847; x_wconf 90' lang='lat' dir='ltr'><strong>in</strong></span> <span class='ocrx_word' id='word_1_336' title='bbox 4231 782 4560 871; x_wconf 87' lang='lat' dir='ltr'><strong>Opuscull.</strong></span> 
     </span>
     <span class='ocr_line' id='line_1_53' title="bbox 2869 887 4561 975; baseline -0.001 -22"><span class='ocrx_word' id='word_1_337' title='bbox 2869 888 3116 953; x_wconf 86' lang='lat' dir='ltr'><strong>Acadd.</strong></span> <span class='ocrx_word' id='word_1_338' title='bbox 3175 887 3311 953; x_wconf 93' lang='lat' dir='ltr'><strong>Vol.</strong></span> <span class='ocrx_word' id='word_1_339' title='bbox 3359 889 3478 953; x_wconf 90' lang='lat' dir='ltr'><strong>VI.</strong></span> <span class='ocrx_word' id='word_1_340' title='bbox 3533 910 3599 975; x_wconf 89' lang='lat' dir='ltr'><strong>p.</strong></span> <span class='ocrx_word' id='word_1_341' title='bbox 3649 888 4036 972; x_wconf 75' lang='lat'><strong>169—281.)</strong></span> <span class='ocrx_word' id='word_1_342' title='bbox 4096 887 4288 974; x_wconf 87' lang='lat' dir='ltr'><strong>inque</strong></span> <span class='ocrx_word' id='word_1_343' title='bbox 4344 887 4561 952; x_wconf 84' lang='lat' dir='ltr'><strong>eodem</strong></span> 
     </span>
     <span class='ocr_line' id='line_1_54' title="bbox 2867 989 4563 1078; baseline 0 -23"><span class='ocrx_word' id='word_1_344' title='bbox 2867 991 3029 1057; x_wconf 89' lang='lat' dir='ltr'><strong>libro</strong></span> <span class='ocrx_word' id='word_1_345' title='bbox 3057 991 3254 1057; x_wconf 89' lang='lat' dir='ltr'><strong>multa</strong></span> <span class='ocrx_word' id='word_1_346' title='bbox 3292 990 3373 1056; x_wconf 88' lang='lat' dir='ltr'><strong>de</strong></span> <span class='ocrx_word' id='word_1_347' title='bbox 3412 991 3664 1055; x_wconf 89' lang='lat' dir='ltr'><strong>duobus</strong></span> <span class='ocrx_word' id='word_1_348' title='bbox 3701 989 4033 1078; x_wconf 86' lang='lat' dir='ltr'><strong>Principiis</strong></span> <span class='ocrx_word' id='word_1_349' title='bbox 4066 989 4378 1077; x_wconf 87' lang='lat' dir='ltr'><strong>disputet:</strong></span> <span class='ocrx_word' id='word_1_350' title='bbox 4423 989 4563 1077; x_wconf 87' lang='lat' dir='ltr'><strong>qui·</strong></span> 
     </span>
     <span class='ocr_line' id='line_1_55' title="bbox 2865 1092 4564 1181; baseline 0 -22"><span class='ocrx_word' id='word_1_351' title='bbox 2865 1095 3009 1159; x_wconf 89' lang='lat' dir='ltr'><strong>dem</strong></span> <span class='ocrx_word' id='word_1_352' title='bbox 3056 1118 3179 1159; x_wconf 88' lang='lat' dir='ltr'><strong>non</strong></span> <span class='ocrx_word' id='word_1_353' title='bbox 3225 1093 3603 1181; x_wconf 83' lang='lat' dir='ltr'><strong>negaverim,</strong></span> <span class='ocrx_word' id='word_1_354' title='bbox 3648 1116 3794 1158; x_wconf 91' lang='lat' dir='ltr'><strong>eum</strong></span> <span class='ocrx_word' id='word_1_355' title='bbox 3837 1093 4023 1158; x_wconf 87' lang='lat' dir='ltr'><strong>etiam</strong></span> <span class='ocrx_word' id='word_1_356' title='bbox 4068 1092 4150 1157; x_wconf 91' lang='lat' dir='ltr'><strong>de</strong></span> <span class='ocrx_word' id='word_1_357' title='bbox 4195 1092 4564 1159; x_wconf 76' lang='lat' dir='ltr'><strong>Manichaeis</strong></span> 
     </span>
     <span class='ocr_line' id='line_1_56' title="bbox 2867 1194 4561 1284; baseline -0.001 -23"><span class='ocrx_word' id='word_1_358' title='bbox 2867 1196 3186 1284; x_wconf 84' lang='lat' dir='ltr'><strong>cogitasse,</strong></span> <span class='ocrx_word' id='word_1_359' title='bbox 3215 1220 3356 1261; x_wconf 91' lang='lat' dir='ltr'><strong>cum</strong></span> <span class='ocrx_word' id='word_1_360' title='bbox 3388 1211 3757 1284; x_wconf 81' lang='lat' dir='ltr'><strong>argumenta</strong></span> <span class='ocrx_word' id='word_1_361' title='bbox 3787 1194 3991 1259; x_wconf 88' lang='lat' dir='ltr'><strong>suain</strong></span> <span class='ocrx_word' id='word_1_362' title='bbox 4027 1195 4219 1282; x_wconf 83' lang='lat' dir='ltr'><strong>hujus</strong></span> <span class='ocrx_word' id='word_1_363' title='bbox 4256 1195 4396 1260; x_wconf 87' lang='lat' dir='ltr'><strong>libri</strong></span> <span class='ocrx_word' id='word_1_364' title='bbox 4434 1196 4561 1260; x_wconf 83' lang='lat' dir='ltr'><strong>for·</strong></span> 
     </span>
     <span class='ocr_line' id='line_1_57' title="bbox 2869 1298 4564 1386; baseline -0.001 -22"><span class='ocrx_word' id='word_1_365' title='bbox 2869 1323 3032 1364; x_wconf 87' lang='lat' dir='ltr'><strong>mam</strong></span> <span class='ocrx_word' id='word_1_366' title='bbox 3063 1300 3392 1386; x_wconf 82' lang='lat' dir='ltr'><strong>redigeret.</strong></span> <span class='ocrx_word' id='word_1_367' title='bbox 3484 1299 3764 1364; x_wconf 85' lang='lat' dir='ltr'><strong>Gnostici</strong></span> <span class='ocrx_word' id='word_1_368' title='bbox 3795 1298 3961 1363; x_wconf 83' lang='lat' dir='ltr'><strong>varie</strong></span> <span class='ocrx_word' id='word_1_369' title='bbox 3988 1322 4028 1363; x_wconf 90' lang='lat' dir='ltr'><strong>a</strong></span> <span class='ocrx_word' id='word_1_370' title='bbox 4056 1298 4240 1363; x_wconf 82' lang='lat' dir='ltr'><strong>variis</strong></span> <span class='ocrx_word' id='word_1_371' title='bbox 4274 1298 4564 1364; x_wconf 83' lang='lat' dir='ltr'><strong>dividun-</strong></span> 
     </span>
     <span class='ocr_line' id='line_1_58' title="bbox 2868 1401 4560 1492; baseline -0.001 -23"><span class='ocrx_word' id='word_1_372' title='bbox 2868 1417 2995 1480; x_wconf 88' lang='lat' dir='ltr'><strong>tur,</strong></span> <span class='ocrx_word' id='word_1_373' title='bbox 3025 1403 3368 1492; x_wconf 84' lang='lat' dir='ltr'><strong>praesertim</strong></span> <span class='ocrx_word' id='word_1_374' title='bbox 3397 1426 3475 1467; x_wconf 83' lang='lat' dir='ltr'><strong>ex</strong></span> <span class='ocrx_word' id='word_1_375' title='bbox 3504 1426 3635 1490; x_wconf 91' lang='lat' dir='ltr'><strong>quo</strong></span> <span class='ocrx_word' id='word_1_376' title='bbox 3666 1425 3868 1489; x_wconf 85' lang='lat' dir='ltr'><strong>nuper</strong></span> <span class='ocrx_word' id='word_1_377' title='bbox 3897 1402 4012 1465; x_wconf 84' lang='lat' dir='ltr'><strong>viri</strong></span> <span class='ocrx_word' id='word_1_378' title='bbox 4041 1401 4209 1467; x_wconf 85' lang='lat' dir='ltr'><strong>docti</strong></span> <span class='ocrx_word' id='word_1_379' title='bbox 4242 1425 4356 1491; x_wconf 87' lang='lat' dir='ltr'><strong>per</strong></span> <span class='ocrx_word' id='word_1_380' title='bbox 4391 1403 4560 1468; x_wconf 74' lang='lat' dir='ltr'><strong>Ger·</strong></span> 
     </span>
     <span class='ocr_line' id='line_1_59' title="bbox 2867 1504 4564 1593; baseline 0 -23"><span class='ocrx_word' id='word_1_381' title='bbox 2867 1506 3132 1572; x_wconf 86' lang='lat' dir='ltr'><strong>maniam</strong></span> <span class='ocrx_word' id='word_1_382' title='bbox 3166 1505 3515 1571; x_wconf 86' lang='lat' dir='ltr'><strong>accuratius</strong></span> <span class='ocrx_word' id='word_1_383' title='bbox 3541 1506 3606 1570; x_wconf 90' lang='lat' dir='ltr'><strong>in</strong></span> <span class='ocrx_word' id='word_1_384' title='bbox 3633 1527 3849 1569; x_wconf 85' lang='lat' dir='ltr'><strong>eorum</strong></span> <span class='ocrx_word' id='word_1_385' title='bbox 3882 1504 4314 1570; x_wconf 69' lang='lat' dir='ltr'><strong>haereticorum</strong></span> <span class='ocrx_word' id='word_1_386' title='bbox 4337 1504 4564 1593; x_wconf 78' lang='lat' dir='ltr'><strong>placita</strong></span> 
     </span>
     <span class='ocr_line' id='line_1_60' title="bbox 2859 1609 4558 1696; baseline -0.001 -22"><span class='ocrx_word' id='word_1_387' title='bbox 2859 1609 3336 1696; x_wconf 79' lang='lat' dir='ltr'><strong>inquisiverunt.</strong></span> <span class='ocrx_word' id='word_1_388' title='bbox 3402 1609 3539 1673; x_wconf 91' lang='lat' dir='ltr'><strong>Vid.</strong></span> <span class='ocrx_word' id='word_1_389' title='bbox 3574 1609 3770 1674; x_wconf 84' lang='lat' dir='ltr'><strong>Ferd.</strong></span> <span class='ocrx_word' id='word_1_390' title='bbox 3803 1609 4041 1673; x_wconf 69' lang='lat' dir='ltr'><strong>Christ.</strong></span> <span class='ocrx_word' id='word_1_391' title='bbox 4083 1609 4334 1673; x_wconf 76' lang='lat' dir='ltr'><strong>Baueri</strong></span> <span class='ocrx_word' id='word_1_392' title='bbox 4370 1611 4558 1673; x_wconf 91' lang='lat' dir='ltr'><strong>Com-</strong></span> 
     </span>
     <span class='ocr_line' id='line_1_61' title="bbox 2863 1710 4559 1790; baseline -0.001 -13"><span class='ocrx_word' id='word_1_393' title='bbox 2863 1728 3055 1778; x_wconf 85' lang='lat' dir='ltr'><strong>ment.</strong></span> <span class='ocrx_word' id='word_1_394' title='bbox 3100 1715 3156 1779; x_wconf 96' lang='lat' dir='ltr'><strong>I.</strong></span> <span class='ocrx_word' id='word_1_395' title='bbox 3205 1712 3285 1777; x_wconf 89' lang='lat' dir='ltr'><strong>de</strong></span> <span class='ocrx_word' id='word_1_396' title='bbox 3329 1712 3771 1777; x_wconf 84' lang='lat' dir='ltr'><strong>Gnosticorum</strong></span> <span class='ocrx_word' id='word_1_397' title='bbox 3819 1710 4293 1776; x_wconf 85' lang='lat' dir='ltr'><strong>Christianismo</strong></span> <span class='ocrx_word' id='word_1_398' title='bbox 4340 1710 4559 1790; x_wconf 85' lang='lat' dir='ltr'><strong>Ideali,</strong></span> 
     </span>
     <span class='ocr_line' id='line_1_62' title="bbox 2867 1813 4562 1903; baseline -0.001 -23"><span class='ocrx_word' id='word_1_399' title='bbox 2867 1815 3186 1903; x_wconf 83' lang='lat' dir='ltr'><strong>Tubingae</strong></span> <span class='ocrx_word' id='word_1_400' title='bbox 3223 1816 3407 1899; x_wconf 88' lang='lat'><strong>1827.</strong></span> <span class='ocrx_word' id='word_1_401' title='bbox 3452 1838 3518 1903; x_wconf 90' lang='lat' dir='ltr'><strong>p.</strong></span> <span class='ocrx_word' id='word_1_402' title='bbox 3549 1834 3657 1901; x_wconf 85' lang='lat'><strong>33.</strong></span> <span class='ocrx_word' id='word_1_403' title='bbox 3699 1837 3836 1902; x_wconf 90' lang='lat' dir='ltr'><strong>sqq.</strong></span> <span class='ocrx_word' id='word_1_404' title='bbox 3881 1813 3995 1901; x_wconf 92' lang='lat' dir='ltr'><strong>qui</strong></span> <span class='ocrx_word' id='word_1_405' title='bbox 4038 1813 4125 1879; x_wconf 90' lang='lat' dir='ltr'><strong>sic</strong></span> <span class='ocrx_word' id='word_1_406' title='bbox 4167 1813 4390 1879; x_wconf 90' lang='lat' dir='ltr'><strong>doctus</strong></span> <span class='ocrx_word' id='word_1_407' title='bbox 4432 1815 4562 1903; x_wconf 85' lang='lat' dir='ltr'><strong>ipse</strong></span> 
     </span>
     <span class='ocr_line' id='line_1_63' title="bbox 2867 1918 4556 2005; baseline -0.001 -21"><span class='ocrx_word' id='word_1_408' title='bbox 2867 1918 2986 1984; x_wconf 87' lang='lat' dir='ltr'><strong>tria</strong></span> <span class='ocrx_word' id='word_1_409' title='bbox 3034 1918 3150 1983; x_wconf 90' lang='lat' dir='ltr'><strong>sibi</strong></span> <span class='ocrx_word' id='word_1_410' title='bbox 3193 1918 3553 1983; x_wconf 83' lang='lat' dir='ltr'><strong>informavit</strong></span> <span class='ocrx_word' id='word_1_411' title='bbox 3597 1918 4042 1984; x_wconf 88' lang='lat' dir='ltr'><strong>Gnosticorum</strong></span> <span class='ocrx_word' id='word_1_412' title='bbox 4090 1940 4357 2005; x_wconf 86' lang='lat' dir='ltr'><strong>genera:</strong></span> <span class='ocrx_word' id='word_1_413' title='bbox 4422 1926 4466 1957; x_wconf 89' lang='lat'><strong>“</strong></span> <span class='ocrx_word' id='word_1_414' title='bbox 4502 1937 4556 1982; x_wconf 90' lang='lat'><strong>1.</strong></span> 
     </span>
     <span class='ocr_line' id='line_1_64' title="bbox 2867 2020 4557 2109; baseline -0.001 -21"><span class='ocrx_word' id='word_1_415' title='bbox 2867 2024 3021 2101; x_wconf 83' lang='lat' dir='ltr'><strong>Eos,</strong></span> <span class='ocrx_word' id='word_1_416' title='bbox 3061 2022 3122 2085; x_wconf 88' lang='lat' dir='ltr'><strong>in</strong></span> <span class='ocrx_word' id='word_1_417' title='bbox 3169 2022 3401 2109; x_wconf 89' lang='lat' dir='ltr'><strong>quibus</strong></span> <span class='ocrx_word' id='word_1_418' title='bbox 3443 2021 3679 2086; x_wconf 83' lang='lat' dir='ltr'><strong>mixtus</strong></span> <span class='ocrx_word' id='word_1_419' title='bbox 3725 2021 4200 2086; x_wconf 80' lang='lat' dir='ltr'><strong>Christianismo</strong></span> <span class='ocrx_word' id='word_1_420' title='bbox 4243 2020 4557 2087; x_wconf 82' lang='lat' dir='ltr'><strong>Ethnicis·</strong></span> 
     </span>
     <span class='ocr_line' id='line_1_65' title="bbox 2863 2124 4558 2213; baseline 0 -24"><span class='ocrx_word' id='word_1_421' title='bbox 2863 2148 3005 2190; x_wconf 91' lang='lat' dir='ltr'><strong>mus</strong></span> <span class='ocrx_word' id='word_1_422' title='bbox 3048 2124 3136 2189; x_wconf 90' lang='lat' dir='ltr'><strong>ita</strong></span> <span class='ocrx_word' id='word_1_423' title='bbox 3179 2124 3530 2213; x_wconf 81' lang='lat' dir='ltr'><strong>praevaluit,</strong></span> <span class='ocrx_word' id='word_1_424' title='bbox 3573 2138 3648 2190; x_wconf 91' lang='lat' dir='ltr'><strong>ut</strong></span> <span class='ocrx_word' id='word_1_425' title='bbox 3701 2124 4176 2189; x_wconf 83' lang='lat' dir='ltr'><strong>Christianismo</strong></span> <span class='ocrx_word' id='word_1_426' title='bbox 4221 2124 4408 2189; x_wconf 86' lang='lat' dir='ltr'><strong>etiam</strong></span> <span class='ocrx_word' id='word_1_427' title='bbox 4453 2124 4558 2189; x_wconf 79' lang='lat' dir='ltr'><strong>vix</strong></span> 
     </span>
     <span class='ocr_line' id='line_1_66' title="bbox 2862 2226 4556 2315; baseline 0 -24"><span class='ocrx_word' id='word_1_428' title='bbox 2862 2227 3065 2293; x_wconf 89' lang='lat' dir='ltr'><strong>locum</strong></span> <span class='ocrx_word' id='word_1_429' title='bbox 3095 2228 3311 2301; x_wconf 83' lang='lat' dir='ltr'><strong>daret;</strong></span> <span class='ocrx_word' id='word_1_430' title='bbox 3358 2250 3489 2315; x_wconf 92' lang='lat' dir='ltr'><strong>quo</strong></span> <span class='ocrx_word' id='word_1_431' title='bbox 3526 2251 3604 2292; x_wconf 85' lang='lat' dir='ltr'><strong>ex</strong></span> <span class='ocrx_word' id='word_1_432' title='bbox 3643 2250 3872 2315; x_wconf 87' lang='lat' dir='ltr'><strong>genere</strong></span> <span class='ocrx_word' id='word_1_433' title='bbox 3909 2227 4086 2293; x_wconf 83' lang='lat' dir='ltr'><strong>fuere</strong></span> <span class='ocrx_word' id='word_1_434' title='bbox 4121 2228 4337 2293; x_wconf 90' lang='lat' dir='ltr'><strong>Simon</strong></span> <span class='ocrx_word' id='word_1_435' title='bbox 4366 2243 4431 2294; x_wconf 87' lang='lat' dir='ltr'><strong>et</strong></span> <span class='ocrx_word' id='word_1_436' title='bbox 4461 2226 4556 2293; x_wconf 90' lang='lat' dir='ltr'><strong>Si-</strong></span> 
     </span>
     <span class='ocr_line' id='line_1_67' title="bbox 2862 2330 4559 2418; baseline 0 -23"><span class='ocrx_word' id='word_1_437' title='bbox 2862 2330 3131 2396; x_wconf 89' lang='lat' dir='ltr'><strong>moniani</strong></span> <span class='ocrx_word' id='word_1_438' title='bbox 3173 2330 3426 2418; x_wconf 84' lang='lat' dir='ltr'><strong>ophitae</strong></span> <span class='ocrx_word' id='word_1_439' title='bbox 3456 2343 3520 2396; x_wconf 87' lang='lat' dir='ltr'><strong>et</strong></span> <span class='ocrx_word' id='word_1_440' title='bbox 3550 2330 3889 2396; x_wconf 85' lang='lat' dir='ltr'><strong>Manichaei</strong></span> <span class='ocrx_word' id='word_1_441' title='bbox 3919 2354 3959 2396; x_wconf 85' lang='lat' dir='ltr'><strong>a</strong></span> <span class='ocrx_word' id='word_1_442' title='bbox 3986 2330 4302 2397; x_wconf 85' lang='lat' dir='ltr'><strong>Gnosticis</strong></span> <span class='ocrx_word' id='word_1_443' title='bbox 4329 2354 4559 2418; x_wconf 54' lang='lat' dir='ltr'><strong>nequ&amp;</strong></span> 
     </span>
     <span class='ocr_line' id='line_1_68' title="bbox 2859 2432 4560 2522; baseline -0.001 -23"><span class='ocrx_word' id='word_1_444' title='bbox 2859 2457 3049 2521; x_wconf 87' lang='lat' dir='ltr'><strong>quam</strong></span> <span class='ocrx_word' id='word_1_445' title='bbox 3093 2432 3440 2522; x_wconf 83' lang='lat' dir='ltr'><strong>separandi.</strong></span> <span class='ocrx_word' id='word_1_446' title='bbox 3533 2453 3595 2500; x_wconf 84' lang='lat'><strong>2.</strong></span> <span class='ocrx_word' id='word_1_447' title='bbox 3643 2436 3797 2511; x_wconf 83' lang='lat' dir='ltr'><strong>Eos,</strong></span> <span class='ocrx_word' id='word_1_448' title='bbox 3841 2433 3951 2521; x_wconf 91' lang='lat' dir='ltr'><strong>qui</strong></span> <span class='ocrx_word' id='word_1_449' title='bbox 3997 2434 4322 2499; x_wconf 79' lang='lat' dir='ltr'><strong>arctiorem</strong></span> <span class='ocrx_word' id='word_1_450' title='bbox 4373 2434 4560 2498; x_wconf 86' lang='lat' dir='ltr'><strong>inter-</strong></span> 
     </span>
     <span class='ocr_line' id='line_1_69' title="bbox 2859 2535 4555 2603; baseline 0.001 -1"><span class='ocrx_word' id='word_1_451' title='bbox 2859 2537 3078 2602; x_wconf 85' lang='lat' dir='ltr'><strong>cedere</strong></span> <span class='ocrx_word' id='word_1_452' title='bbox 3121 2552 3474 2601; x_wconf 77' lang='lat' dir='ltr'><strong>statuerunt</strong></span> <span class='ocrx_word' id='word_1_453' title='bbox 3517 2535 3678 2602; x_wconf 88' lang='lat' dir='ltr'><strong>inter</strong></span> <span class='ocrx_word' id='word_1_454' title='bbox 3726 2538 3774 2600; x_wconf 87' lang='lat' dir='ltr'><strong>J</strong></span> <span class='ocrx_word' id='word_1_455' title='bbox 3782 2537 4129 2601; x_wconf 87' lang='lat' dir='ltr'><strong>udaismum</strong></span> <span class='ocrx_word' id='word_1_456' title='bbox 4176 2552 4238 2602; x_wconf 91' lang='lat' dir='ltr'><strong>et</strong></span> <span class='ocrx_word' id='word_1_457' title='bbox 4293 2536 4555 2603; x_wconf 88' lang='lat' dir='ltr'><strong>Christi-</strong></span> 
     </span>
     <span class='ocr_line' id='line_1_70' title="bbox 2859 2638 4561 2719; baseline 0.001 -15"><span class='ocrx_word' id='word_1_458' title='bbox 2859 2640 3168 2705; x_wconf 89' lang='lat' dir='ltr'><strong>anismum</strong></span> <span class='ocrx_word' id='word_1_459' title='bbox 3198 2639 3734 2717; x_wconf 87' lang='lat' dir='ltr'><strong>necessitudinem,</strong></span> <span class='ocrx_word' id='word_1_460' title='bbox 3764 2639 3939 2705; x_wconf 84' lang='lat' dir='ltr'><strong>velut</strong></span> <span class='ocrx_word' id='word_1_461' title='bbox 3981 2638 4305 2719; x_wconf 80' lang='lat' dir='ltr'><strong>Basilides,</strong></span> <span class='ocrx_word' id='word_1_462' title='bbox 4337 2639 4561 2706; x_wconf 75' lang='lat' dir='ltr'><strong>Valen-</strong></span> 
     </span>
     <span class='ocr_line' id='line_1_71' title="bbox 2860 2742 4555 2830; baseline 0.001 -22"><span class='ocrx_word' id='word_1_463' title='bbox 2860 2743 3050 2822; x_wconf 88' lang='lat' dir='ltr'><strong>tinus,</strong></span> <span class='ocrx_word' id='word_1_464' title='bbox 3083 2743 3467 2808; x_wconf 83' lang='lat' dir='ltr'><strong>Bardesanes</strong></span> <span class='ocrx_word' id='word_1_465' title='bbox 3505 2742 3760 2829; x_wconf 88' lang='lat' dir='ltr'><strong>aliique.</strong></span> <span class='ocrx_word' id='word_1_466' title='bbox 3846 2763 3909 2828; x_wconf 85' lang='lat'><strong>3.</strong></span> <span class='ocrx_word' id='word_1_467' title='bbox 3952 2744 4107 2822; x_wconf 89' lang='lat' dir='ltr'><strong>Eos,</strong></span> <span class='ocrx_word' id='word_1_468' title='bbox 4135 2742 4249 2830; x_wconf 86' lang='lat' dir='ltr'><strong>qui</strong></span> <span class='ocrx_word' id='word_1_469' title='bbox 4292 2742 4555 2809; x_wconf 76' lang='lat' dir='ltr'><strong>Christi-</strong></span> 
     </span>
     <span class='ocr_line' id='line_1_72' title="bbox 2857 2844 4560 2925; baseline 0.002 -16"><span class='ocrx_word' id='word_1_470' title='bbox 2857 2846 3165 2911; x_wconf 86' lang='lat' dir='ltr'><strong>anismum</strong></span> <span class='ocrx_word' id='word_1_471' title='bbox 3197 2845 3285 2910; x_wconf 90' lang='lat' dir='ltr'><strong>ita</strong></span> <span class='ocrx_word' id='word_1_472' title='bbox 3312 2844 3700 2925; x_wconf 78' lang='lat' dir='ltr'><strong>extollerent,</strong></span> <span class='ocrx_word' id='word_1_473' title='bbox 3728 2861 3801 2911; x_wconf 91' lang='lat' dir='ltr'><strong>ut</strong></span> <span class='ocrx_word' id='word_1_474' title='bbox 3829 2849 3875 2911; x_wconf 83' lang='lat' dir='ltr'>J</span> <span class='ocrx_word' id='word_1_475' title='bbox 3881 2845 4164 2911; x_wconf 89' lang='lat' dir='ltr'><strong>udaismo</strong></span> <span class='ocrx_word' id='word_1_476' title='bbox 4191 2869 4271 2912; x_wconf 84' lang='lat' dir='ltr'><strong>ex</strong></span> <span class='ocrx_word' id='word_1_477' title='bbox 4300 2848 4560 2912; x_wconf 79' lang='lat' dir='ltr'><strong>adverso</strong></span> 
     </span>
     <span class='ocr_line' id='line_1_73' title="bbox 2862 2949 4558 3037; baseline 0.001 -23"><span class='ocrx_word' id='word_1_478' title='bbox 2862 2950 3176 3014; x_wconf 83' lang='lat' dir='ltr'><strong>videretur</strong></span> <span class='ocrx_word' id='word_1_479' title='bbox 3203 2950 3550 3037; x_wconf 88' lang='lat' dir='ltr'><strong>oppositus,</strong></span> <span class='ocrx_word' id='word_1_480' title='bbox 3579 2973 3709 3036; x_wconf 87' lang='lat' dir='ltr'><strong>qua</strong></span> <span class='ocrx_word' id='word_1_481' title='bbox 3743 2949 3807 3012; x_wconf 88' lang='lat' dir='ltr'><strong>in</strong></span> <span class='ocrx_word' id='word_1_482' title='bbox 3849 2972 3917 3013; x_wconf 89' lang='lat' dir='ltr'><strong>re</strong></span> <span class='ocrx_word' id='word_1_483' title='bbox 3952 2949 3997 3013; x_wconf 83' lang='lat' dir='ltr'><strong>s‘</strong></span> <span class='ocrx_word' id='word_1_484' title='bbox 4200 2971 4328 3014; x_wconf 87' lang='lat' dir='ltr'><strong>rem</strong></span> <span class='ocrx_word' id='word_1_485' title='bbox 4366 2950 4558 3016; x_wconf 75' lang='lat' dir='ltr'><strong>fuisse</strong></span> 
     </span>
     <span class='ocr_line' id='line_1_74' title="bbox 2864 3051 4553 3119; baseline 0.001 -3"><span class='ocrx_word' id='word_1_486' title='bbox 2864 3053 3247 3116; x_wconf 86' lang='lat' dir='ltr'><strong>Marcionem</strong></span> <span class='ocrx_word' id='word_1_487' title='bbox 3288 3051 3634 3117; x_wconf 84' lang='lat' dir='ltr'><strong>novimus.”</strong></span> <span class='ocrx_word' id='word_1_488' title='bbox 3720 3052 3823 3115; x_wconf 91' lang='lat' dir='ltr'><strong>De</strong></span> <span class='ocrx_word' id='word_1_489' title='bbox 3864 3051 4236 3117; x_wconf 79' lang='lat' dir='ltr'><strong>Manichaeis</strong></span> <span class='ocrx_word' id='word_1_490' title='bbox 4262 3052 4553 3119; x_wconf 81' lang='lat' dir='ltr'><strong>vidimus.</strong></span> 
     </span>
     <span class='ocr_line' id='line_1_75' title="bbox 2859 3154 4561 3243; baseline 0.002 -24"><span class='ocrx_word' id='word_1_491' title='bbox 2859 3154 3049 3233; x_wconf 85' lang='lat' dir='ltr'><strong>Quod</strong></span> <span class='ocrx_word' id='word_1_492' title='bbox 3078 3154 3127 3218; x_wconf 89' lang='lat' dir='ltr'><strong>si</strong></span> <span class='ocrx_word' id='word_1_493' title='bbox 3159 3178 3306 3219; x_wconf 89' lang='lat' dir='ltr'><strong>vero</strong></span> <span class='ocrx_word' id='word_1_494' title='bbox 3346 3154 3711 3242; x_wconf 68' lang='lat' dir='ltr'><strong>quaerimus,</strong></span> <span class='ocrx_word' id='word_1_495' title='bbox 3743 3178 3903 3241; x_wconf 90' lang='lat' dir='ltr'><strong>quos</strong></span> <span class='ocrx_word' id='word_1_496' title='bbox 3947 3178 4026 3219; x_wconf 84' lang='lat' dir='ltr'><strong>ex</strong></span> <span class='ocrx_word' id='word_1_497' title='bbox 4063 3154 4317 3243; x_wconf 88' lang='lat' dir='ltr'><strong>reliquis</strong></span> <span class='ocrx_word' id='word_1_498' title='bbox 4354 3158 4561 3222; x_wconf 86' lang='lat' dir='ltr'><strong>Gnos-</strong></span> 
     </span>
     <span class='ocr_line' id='line_1_76' title="bbox 2858 3256 4553 3347; baseline 0.002 -25"><span class='ocrx_word' id='word_1_499' title='bbox 2858 3257 2993 3323; x_wconf 89' lang='lat' dir='ltr'><strong>ticis</strong></span> <span class='ocrx_word' id='word_1_500' title='bbox 3033 3256 3346 3347; x_wconf 82' lang='lat' dir='ltr'><strong>praecipue</strong></span> <span class='ocrx_word' id='word_1_501' title='bbox 3384 3257 3502 3323; x_wconf 89' lang='lat' dir='ltr'><strong>hoc</strong></span> <span class='ocrx_word' id='word_1_502' title='bbox 3542 3257 3702 3322; x_wconf 89' lang='lat' dir='ltr'><strong>libro</strong></span> <span class='ocrx_word' id='word_1_503' title='bbox 3741 3256 4013 3346; x_wconf 84' lang='lat' dir='ltr'><strong>tetigerit</strong></span> <span class='ocrx_word' id='word_1_504' title='bbox 4055 3257 4379 3325; x_wconf 87' lang='lat' dir='ltr'><strong>Plotinus:</strong></span> <span class='ocrx_word' id='word_1_505' title='bbox 4429 3261 4553 3326; x_wconf 90' lang='lat' dir='ltr'><strong>sin·</strong></span> 
     </span>
     <span class='ocr_line' id='line_1_77' title="bbox 2856 3360 4556 3449; baseline 0.003 -23"><span class='ocrx_word' id='word_1_506' title='bbox 2856 3361 3102 3449; x_wconf 81' lang='lat' dir='ltr'><strong>gularia</strong></span> <span class='ocrx_word' id='word_1_507' title='bbox 3153 3360 3450 3449; x_wconf 68' lang='lat' dir='ltr'><strong>quaedam</strong></span> <span class='ocrx_word' id='word_1_508' title='bbox 3503 3360 3732 3449; x_wconf 79' lang='lat' dir='ltr'><strong>placita</strong></span> <span class='ocrx_word' id='word_1_509' title='bbox 3785 3361 4156 3449; x_wconf 84' lang='lat' dir='ltr'><strong>pensitanda</strong></span> <span class='ocrx_word' id='word_1_510' title='bbox 4209 3379 4373 3429; x_wconf 89' lang='lat' dir='ltr'><strong>sunt.</strong></span> <span class='ocrx_word' id='word_1_511' title='bbox 4476 3366 4556 3431; x_wconf 80' lang='lat' dir='ltr'><strong>In</strong></span> 
     </span>
     <span class='ocr_line' id='line_1_78' title="bbox 2860 3463 4559 3553; baseline 0.002 -24"><span class='ocrx_word' id='word_1_512' title='bbox 2860 3465 3093 3553; x_wconf 85' lang='lat' dir='ltr'><strong>quibus</strong></span> <span class='ocrx_word' id='word_1_513' title='bbox 3119 3465 3390 3553; x_wconf 87' lang='lat' dir='ltr'><strong>primum</strong></span> <span class='ocrx_word' id='word_1_514' title='bbox 3423 3476 3516 3529; x_wconf 89' lang='lat' dir='ltr'><strong>est</strong></span> <span class='ocrx_word' id='word_1_515' title='bbox 3544 3463 3725 3545; x_wconf 87' lang='lat' dir='ltr'><strong>illud,</strong></span> <span class='ocrx_word' id='word_1_516' title='bbox 3753 3464 3926 3552; x_wconf 85' lang='lat' dir='ltr'><strong>quod</strong></span> <span class='ocrx_word' id='word_1_517' title='bbox 3953 3488 4060 3530; x_wconf 83' lang='lat' dir='ltr'><strong>eos</strong></span> <span class='ocrx_word' id='word_1_518' title='bbox 4088 3465 4239 3531; x_wconf 87' lang='lat' dir='ltr'><strong>dicit</strong></span> <span class='ocrx_word' id='word_1_519' title='bbox 4276 3465 4559 3533; x_wconf 83' lang='lat' dir='ltr'><strong>introdu-</strong></span> 
     </span>
     <span class='ocr_line' id='line_1_79' title="bbox 2859 3567 4556 3657; baseline 0.002 -24"><span class='ocrx_word' id='word_1_520' title='bbox 2859 3591 2998 3633; x_wconf 90' lang='lat' dir='ltr'><strong>cere</strong></span> <span class='ocrx_word' id='word_1_521' title='bbox 3041 3567 3609 3655; x_wconf 84' lang='lat' dir='ltr'><strong>transmigrationes</strong></span> <span class='ocrx_word' id='word_1_522' title='bbox 3655 3569 4062 3651; x_wconf 70' lang='grc' dir='ltr'>(παροικήσειε</span> <span class='ocrx_word' id='word_1_523' title='bbox 4102 3592 4240 3657; x_wconf 88' lang='lat' dir='ltr'><strong>cap.</strong></span> <span class='ocrx_word' id='word_1_524' title='bbox 4281 3574 4343 3636; x_wconf 94' lang='lat'><strong>6.</strong></span> <span class='ocrx_word' id='word_1_525' title='bbox 4387 3571 4556 3656; x_wconf 87' lang='lat' dir='ltr'><strong>init.)</strong></span> 
     </span>
     <span class='ocr_line' id='line_1_80' title="bbox 2859 3670 4559 3759; baseline 0.002 -23"><span class='ocrx_word' id='word_1_526' title='bbox 2859 3670 3033 3759; x_wconf 91' lang='lat' dir='ltr'><strong>quod</strong></span> <span class='ocrx_word' id='word_1_527' title='bbox 3064 3671 3639 3737; x_wconf 84' lang='lat' dir='ltr'><strong>Valentinianorum</strong></span> <span class='ocrx_word' id='word_1_528' title='bbox 3673 3671 3994 3737; x_wconf 90' lang='lat' dir='ltr'><strong>decretum</strong></span> <span class='ocrx_word' id='word_1_529' title='bbox 4033 3672 4223 3736; x_wconf 81' lang='lat' dir='ltr'><strong>fuisse</strong></span> <span class='ocrx_word' id='word_1_530' title='bbox 4259 3672 4559 3739; x_wconf 87' lang='lat' dir='ltr'><strong>docemur</strong></span> 
     </span>
     <span class='ocr_line' id='line_1_81' title="bbox 2857 3774 4557 3859; baseline 0.002 -20"><span class='ocrx_word' id='word_1_531' title='bbox 2857 3775 2940 3839; x_wconf 87' lang='lat' dir='ltr'><strong>ab</strong></span> <span class='ocrx_word' id='word_1_532' title='bbox 2985 3776 3230 3840; x_wconf 87' lang='lat' dir='ltr'><strong>Irenaeo</strong></span> <span class='ocrx_word' id='word_1_533' title='bbox 3272 3774 3377 3839; x_wconf 89' lang='lat' dir='ltr'><strong>lib.</strong></span> <span class='ocrx_word' id='word_1_534' title='bbox 3428 3776 3488 3840; x_wconf 98' lang='grc' dir='ltr'><strong>Ι.</strong></span> <span class='ocrx_word' id='word_1_535' title='bbox 3530 3798 3589 3839; x_wconf 89' lang='lat' dir='ltr'><strong>c.</strong></span> <span class='ocrx_word' id='word_1_536' title='bbox 3625 3790 3684 3859; x_wconf 91' lang='lat'><strong>7.</strong></span> <span class='ocrx_word' id='word_1_537' title='bbox 3732 3797 3874 3839; x_wconf 89' lang='lat' dir='ltr'><strong>cum</strong></span> <span class='ocrx_word' id='word_1_538' title='bbox 3921 3774 4120 3840; x_wconf 82' lang='lat' dir='ltr'><strong>multa</strong></span> <span class='ocrx_word' id='word_1_539' title='bbox 4162 3776 4437 3842; x_wconf 86' lang='lat' dir='ltr'><strong>dicerent</strong></span> <span class='ocrx_word' id='word_1_540' title='bbox 4477 3778 4557 3843; x_wconf 88' lang='lat' dir='ltr'><strong>de</strong></span> 
     </span>
     <span class='ocr_line' id='line_1_82' title="bbox 2860 3877 4558 3966; baseline 0.002 -23"><span class='ocrx_word' id='word_1_541' title='bbox 2860 3877 3340 3966; x_wconf 88' lang='lat' dir='ltr'><strong>transmigrandi</strong></span> <span class='ocrx_word' id='word_1_542' title='bbox 3369 3877 3570 3943; x_wconf 85' lang='lat' dir='ltr'><strong>officio</strong></span> <span class='ocrx_word' id='word_1_543' title='bbox 3597 3877 3942 3965; x_wconf 84' lang='lat' dir='ltr'><strong>animisque</strong></span> <span class='ocrx_word' id='word_1_544' title='bbox 3980 3878 4057 3942; x_wconf 84' lang='lat' dir='ltr'><strong>ad</strong></span> <span class='ocrx_word' id='word_1_545' title='bbox 4097 3877 4320 3944; x_wconf 87' lang='lat' dir='ltr'><strong>altiora</strong></span> <span class='ocrx_word' id='word_1_546' title='bbox 4362 3895 4558 3946; x_wconf 87' lang='lat' dir='ltr'><strong>trans-</strong></span> 
     </span>
     <span class='ocr_line' id='line_1_83' title="bbox 2859 3981 4555 4069; baseline 0.002 -24"><span class='ocrx_word' id='word_1_547' title='bbox 2859 3981 3165 4056; x_wconf 82' lang='lat' dir='ltr'><strong>ferendis;</strong></span> <span class='ocrx_word' id='word_1_548' title='bbox 3227 3981 3490 4046; x_wconf 87' lang='lat' dir='ltr'><strong>alterum</strong></span> <span class='ocrx_word' id='word_1_549' title='bbox 3538 3981 3708 4069; x_wconf 86' lang='lat' dir='ltr'><strong>quod</strong></span> <span class='ocrx_word' id='word_1_550' title='bbox 3753 3982 4290 4062; x_wconf 78' lang='grc' dir='ltr'>μετευσωμάτωσιν</span> <span class='ocrx_word' id='word_1_551' title='bbox 4331 4007 4370 4047; x_wconf 87' lang='lat' dir='ltr'><strong>a</strong></span> <span class='ocrx_word' id='word_1_552' title='bbox 4415 3983 4555 4049; x_wconf 80' lang='lat' dir='ltr'><strong>Pla-</strong></span> 
     </span>
     <span class='ocr_line' id='line_1_84' title="bbox 2856 4082 4554 4174; baseline 0.002 -25"><span class='ocrx_word' id='word_1_553' title='bbox 2856 4100 3002 4149; x_wconf 86' lang='lat' dir='ltr'><strong>tone</strong></span> <span class='ocrx_word' id='word_1_554' title='bbox 3030 4100 3344 4173; x_wconf 89' lang='lat' dir='ltr'><strong>sumptam</strong></span> <span class='ocrx_word' id='word_1_555' title='bbox 3374 4082 3709 4148; x_wconf 89' lang='lat' dir='ltr'><strong>inculcasse</strong></span> <span class='ocrx_word' id='word_1_556' title='bbox 3744 4083 4043 4150; x_wconf 89' lang='lat' dir='ltr'><strong>dicuntur</strong></span> <span class='ocrx_word' id='word_1_557' title='bbox 4071 4085 4339 4168; x_wconf 87' lang='lat' dir='ltr'><strong>(Plotin.</strong></span> <span class='ocrx_word' id='word_1_558' title='bbox 4367 4087 4554 4174; x_wconf 86' lang='lat' dir='ltr'><strong>ibid.)</strong></span> 
     </span>
    </p>
   </div>
   <div class='ocr_carea' id='block_1_6' title="bbox 2855 4186 4554 4375">
    <p class='ocr_par' dir='ltr' id='par_1_6' title="bbox 2855 4186 4554 4375">
     <span class='ocr_line' id='line_1_85' title="bbox 2855 4186 4553 4275; baseline 0.002 -24"><span class='ocrx_word' id='word_1_559' title='bbox 2855 4189 2903 4251; x_wconf 87' lang='lat' dir='ltr'><strong>J</strong></span> <span class='ocrx_word' id='word_1_560' title='bbox 2905 4210 3004 4251; x_wconf 89' lang='lat' dir='ltr'><strong>am</strong></span> <span class='ocrx_word' id='word_1_561' title='bbox 3030 4186 3181 4251; x_wconf 87' lang='lat' dir='ltr'><strong>audi</strong></span> <span class='ocrx_word' id='word_1_562' title='bbox 3203 4186 3356 4251; x_wconf 89' lang='lat' dir='ltr'><strong>mihi</strong></span> <span class='ocrx_word' id='word_1_563' title='bbox 3377 4187 3712 4273; x_wconf 90' lang='lat' dir='ltr'><strong>Origenem</strong></span> <span class='ocrx_word' id='word_1_564' title='bbox 3737 4186 3801 4250; x_wconf 93' lang='lat' dir='ltr'><strong>in</strong></span> <span class='ocrx_word' id='word_1_565' title='bbox 3820 4187 4030 4275; x_wconf 86' lang='lat' dir='ltr'><strong>Epist.</strong></span> <span class='ocrx_word' id='word_1_566' title='bbox 4047 4187 4130 4252; x_wconf 90' lang='lat' dir='ltr'><strong>ad</strong></span> <span class='ocrx_word' id='word_1_567' title='bbox 4152 4189 4395 4254; x_wconf 87' lang='lat' dir='ltr'><strong>Romm.</strong></span> <span class='ocrx_word' id='word_1_568' title='bbox 4417 4190 4553 4255; x_wconf 86' lang='lat' dir='ltr'><strong>Vol.</strong></span> 
     </span>
     <span class='ocr_line' id='line_1_86' title="bbox 2862 4287 4554 4375; baseline 0.004 -25"><span class='ocrx_word' id='word_1_569' title='bbox 2862 4288 2979 4351; x_wconf 94' lang='lat' dir='ltr'><strong>IV.</strong></span> <span class='ocrx_word' id='word_1_570' title='bbox 3009 4311 3071 4375; x_wconf 91' lang='lat' dir='ltr'><strong>p.</strong></span> <span class='ocrx_word' id='word_1_571' title='bbox 3103 4305 3253 4375; x_wconf 84' lang='lat'><strong>549.</strong></span> <span class='ocrx_word' id='word_1_572' title='bbox 3287 4287 3384 4352; x_wconf 87' lang='lat' dir='ltr'><strong>ed.</strong></span> <span class='ocrx_word' id='word_1_573' title='bbox 3417 4288 3638 4353; x_wconf 88' lang='lat' dir='ltr'><strong>Ruaei:</strong></span> <span class='ocrx_word' id='word_1_574' title='bbox 3688 4297 3733 4328; x_wconf 75' lang='lat'><strong>‘⁶</strong></span> <span class='ocrx_word' id='word_1_575' title='bbox 3767 4288 3892 4353; x_wconf 88' lang='lat' dir='ltr'><strong>Sed</strong></span> <span class='ocrx_word' id='word_1_576' title='bbox 3922 4289 4057 4354; x_wconf 81' lang='lat' dir='ltr'><strong>haec</strong></span> <span class='ocrx_word' id='word_1_577' title='bbox 4093 4289 4397 4355; x_wconf 83' lang='lat' dir='ltr'><strong>Basilides</strong></span> <span class='ocrx_word' id='word_1_578' title='bbox 4434 4315 4554 4357; x_wconf 87' lang='lat' dir='ltr'><strong>non</strong></span> 
     </span>
    </p>
   </div>
   <div class='ocr_carea' id='block_1_7' title="bbox 2859 4388 4559 5611">
    <p class='ocr_par' dir='ltr' id='par_1_7' title="bbox 2859 4388 4559 5611">
     <span class='ocr_line' id='line_1_87' title="bbox 2859 4388 4558 4480; baseline 0.004 -27"><span class='ocrx_word' id='word_1_579' title='bbox 2859 4388 3190 4454; x_wconf 86' lang='lat' dir='ltr'><strong>advertens</strong></span> <span class='ocrx_word' id='word_1_580' title='bbox 3218 4388 3299 4453; x_wconf 91' lang='lat' dir='ltr'><strong>de</strong></span> <span class='ocrx_word' id='word_1_581' title='bbox 3327 4390 3464 4477; x_wconf 90' lang='lat' dir='ltr'><strong>lege</strong></span> <span class='ocrx_word' id='word_1_582' title='bbox 3492 4389 3760 4456; x_wconf 89' lang='lat' dir='ltr'><strong>naturali</strong></span> <span class='ocrx_word' id='word_1_583' title='bbox 3788 4389 4016 4455; x_wconf 87' lang='lat' dir='ltr'><strong>debere</strong></span> <span class='ocrx_word' id='word_1_584' title='bbox 4042 4390 4326 4480; x_wconf 85' lang='lat' dir='ltr'><strong>intelligi,</strong></span> <span class='ocrx_word' id='word_1_585' title='bbox 4355 4394 4438 4459; x_wconf 90' lang='lat' dir='ltr'><strong>ad</strong></span> <span class='ocrx_word' id='word_1_586' title='bbox 4463 4396 4558 4459; x_wconf 77' lang='lat' dir='ltr'><strong>in·-</strong></span> 
     </span>
     <span class='ocr_line' id='line_1_88' title="bbox 2860 4494 4554 4585; baseline 0.003 -26"><span class='ocrx_word' id='word_1_587' title='bbox 2860 4509 3037 4583; x_wconf 86' lang='lat' dir='ltr'><strong>eptas</strong></span> <span class='ocrx_word' id='word_1_588' title='bbox 3078 4509 3142 4559; x_wconf 91' lang='lat' dir='ltr'><strong>et</strong></span> <span class='ocrx_word' id='word_1_589' title='bbox 3183 4494 3404 4583; x_wconf 87' lang='lat' dir='ltr'><strong>impias</strong></span> <span class='ocrx_word' id='word_1_590' title='bbox 3445 4495 3691 4560; x_wconf 84' lang='lat' dir='ltr'><strong>fabulas</strong></span> <span class='ocrx_word' id='word_1_591' title='bbox 3733 4518 4077 4561; x_wconf 87' lang='lat' dir='ltr'><strong>sermonem</strong></span> <span class='ocrx_word' id='word_1_592' title='bbox 4119 4497 4554 4585; x_wconf 71' lang='lat' dir='ltr'><strong>Apostolicun</strong></span> 
     </span>
     <span class='ocr_line' id='line_1_89' title="bbox 2863 4598 4558 4684; baseline 0.005 -23"><span class='ocrx_word' id='word_1_593' title='bbox 2863 4599 3083 4679; x_wconf 87' lang='lat' dir='ltr'><strong>(Rom.</strong></span> <span class='ocrx_word' id='word_1_594' title='bbox 3133 4598 3296 4662; x_wconf 92' lang='lat' dir='ltr'><strong>VII.</strong></span> <span class='ocrx_word' id='word_1_595' title='bbox 3342 4602 3438 4684; x_wconf 93' lang='lat'><strong>9.)</strong></span> <span class='ocrx_word' id='word_1_596' title='bbox 3501 4598 3692 4663; x_wconf 86' lang='lat' dir='ltr'><strong>traxit</strong></span> <span class='ocrx_word' id='word_1_597' title='bbox 3744 4613 3807 4663; x_wconf 91' lang='lat' dir='ltr'><strong>et</strong></span> <span class='ocrx_word' id='word_1_598' title='bbox 3860 4598 3924 4662; x_wconf 86' lang='lat' dir='ltr'><strong>iu</strong></span> <span class='ocrx_word' id='word_1_599' title='bbox 3973 4604 4558 4681; x_wconf 69' lang='grc' dir='ltr'>μετευσωματόσεως</span> 
     </span>
     <span class='ocr_line' id='line_1_90' title="bbox 2860 4699 4556 4789; baseline 0.002 -24"><span class='ocrx_word' id='word_1_600' title='bbox 2860 4700 3116 4788; x_wconf 87' lang='lat' dir='ltr'><strong>dogma,</strong></span> <span class='ocrx_word' id='word_1_601' title='bbox 3140 4699 3203 4764; x_wconf 91' lang='lat' dir='ltr'><strong>id</strong></span> <span class='ocrx_word' id='word_1_602' title='bbox 3224 4716 3339 4778; x_wconf 91' lang='lat' dir='ltr'><strong>est,</strong></span> <span class='ocrx_word' id='word_1_603' title='bbox 3360 4701 3530 4787; x_wconf 89' lang='lat' dir='ltr'><strong>quod</strong></span> <span class='ocrx_word' id='word_1_604' title='bbox 3562 4700 3787 4766; x_wconf 86' lang='lat' dir='ltr'><strong>animae</strong></span> <span class='ocrx_word' id='word_1_605' title='bbox 3813 4701 3876 4766; x_wconf 89' lang='lat' dir='ltr'><strong>in</strong></span> <span class='ocrx_word' id='word_1_606' title='bbox 3909 4701 4031 4767; x_wconf 87' lang='lat' dir='ltr'><strong>alia</strong></span> <span class='ocrx_word' id='word_1_607' title='bbox 4053 4715 4248 4789; x_wconf 88' lang='lat' dir='ltr'><strong>atque</strong></span> <span class='ocrx_word' id='word_1_608' title='bbox 4273 4702 4396 4769; x_wconf 88' lang='lat' dir='ltr'><strong>alia</strong></span> <span class='ocrx_word' id='word_1_609' title='bbox 4422 4728 4556 4771; x_wconf 88' lang='lat' dir='ltr'><strong>cor-</strong></span> 
     </span>
     <span class='ocr_line' id='line_1_91' title="bbox 2862 4803 4557 4893; baseline 0.002 -24"><span class='ocrx_word' id='word_1_610' title='bbox 2862 4827 3016 4890; x_wconf 86' lang='lat' dir='ltr'><strong>pora</strong></span> <span class='ocrx_word' id='word_1_611' title='bbox 3072 4803 3613 4882; x_wconf 85' lang='lat' dir='ltr'><strong>transfundantur,</strong></span> <span class='ocrx_word' id='word_1_612' title='bbox 3655 4828 3738 4868; x_wconf 85' lang='lat' dir='ltr'><strong>ex</strong></span> <span class='ocrx_word' id='word_1_613' title='bbox 3789 4804 3908 4870; x_wconf 89' lang='lat' dir='ltr'><strong>hoc</strong></span> <span class='ocrx_word' id='word_1_614' title='bbox 3966 4805 4334 4893; x_wconf 89' lang='lat' dir='ltr'><strong>Apostolico</strong></span> <span class='ocrx_word' id='word_1_615' title='bbox 4385 4807 4557 4872; x_wconf 82' lang='lat' dir='ltr'><strong>dicto</strong></span> 
     </span>
     <span class='ocr_line' id='line_1_92' title="bbox 2862 4907 4559 4975; baseline 0.002 -3"><span class='ocrx_word' id='word_1_616' title='bbox 2862 4921 3124 4972; x_wconf 90' lang='lat' dir='ltr'><strong>conatur</strong></span> <span class='ocrx_word' id='word_1_617' title='bbox 3160 4907 3543 4972; x_wconf 77' lang='lat' dir='ltr'><strong>adstruere.”</strong></span> <span class='ocrx_word' id='word_1_618' title='bbox 3631 4909 3767 4973; x_wconf 88' lang='lat' dir='ltr'><strong>Nec</strong></span> <span class='ocrx_word' id='word_1_619' title='bbox 3801 4907 4009 4972; x_wconf 89' lang='lat' dir='ltr'><strong>minus</strong></span> <span class='ocrx_word' id='word_1_620' title='bbox 4045 4907 4212 4973; x_wconf 90' lang='lat' dir='ltr'><strong>idem</strong></span> <span class='ocrx_word' id='word_1_621' title='bbox 4256 4909 4559 4975; x_wconf 82' lang='lat' dir='ltr'><strong>Basilides</strong></span> 
     </span>
     <span class='ocr_line' id='line_1_93' title="bbox 2862 5010 4555 5098; baseline 0.002 -23"><span class='ocrx_word' id='word_1_622' title='bbox 2862 5010 3179 5098; x_wconf 88' lang='lat' dir='ltr'><strong>hujusque</strong></span> <span class='ocrx_word' id='word_1_623' title='bbox 3221 5024 3551 5075; x_wconf 86' lang='lat' dir='ltr'><strong>sectatores</strong></span> <span class='ocrx_word' id='word_1_624' title='bbox 3588 5010 3652 5074; x_wconf 90' lang='lat' dir='ltr'><strong>in</strong></span> <span class='ocrx_word' id='word_1_625' title='bbox 3697 5010 3825 5075; x_wconf 90' lang='lat' dir='ltr'><strong>suis</strong></span> <span class='ocrx_word' id='word_1_626' title='bbox 3862 5010 4390 5098; x_wconf 86' lang='lat' dir='ltr'><strong>disputationibus</strong></span> <span class='ocrx_word' id='word_1_627' title='bbox 4427 5014 4555 5078; x_wconf 86' lang='lat' dir='ltr'><strong>fre-</strong></span> 
     </span>
     <span class='ocr_line' id='line_1_94' title="bbox 2860 5112 4557 5201; baseline 0.002 -24"><span class='ocrx_word' id='word_1_628' title='bbox 2860 5113 3247 5199; x_wconf 87' lang='lat' dir='ltr'><strong>quentabant</strong></span> <span class='ocrx_word' id='word_1_629' title='bbox 3274 5112 3620 5181; x_wconf 80' lang='grc' dir='ltr'>ἀυτιτύπους</span> <span class='ocrx_word' id='word_1_630' title='bbox 3648 5113 3776 5178; x_wconf 84' lang='lat' dir='ltr'><strong>sive</strong></span> <span class='ocrx_word' id='word_1_631' title='bbox 3805 5114 4106 5201; x_wconf 88' lang='lat' dir='ltr'><strong>imagines</strong></span> <span class='ocrx_word' id='word_1_632' title='bbox 4132 5114 4280 5180; x_wconf 85' lang='lat' dir='ltr'><strong>vitae</strong></span> <span class='ocrx_word' id='word_1_633' title='bbox 4307 5114 4557 5181; x_wconf 84' lang='lat' dir='ltr'><strong>inferio-</strong></span> 
     </span>
     <span class='ocr_line' id='line_1_95' title="bbox 2860 5215 4557 5307; baseline 0.002 -27"><span class='ocrx_word' id='word_1_634' title='bbox 2860 5215 2969 5294; x_wconf 89' lang='lat' dir='ltr'><strong>ris,</strong></span> <span class='ocrx_word' id='word_1_635' title='bbox 3011 5239 3391 5304; x_wconf 86' lang='lat' dir='ltr'><strong>repercussae</strong></span> <span class='ocrx_word' id='word_1_636' title='bbox 3433 5239 3511 5280; x_wconf 87' lang='lat' dir='ltr'><strong>ex</strong></span> <span class='ocrx_word' id='word_1_637' title='bbox 3558 5215 3686 5281; x_wconf 83' lang='lat' dir='ltr'><strong>vita</strong></span> <span class='ocrx_word' id='word_1_638' title='bbox 3729 5240 4020 5304; x_wconf 87' lang='lat' dir='ltr'><strong>suprema</strong></span> <span class='ocrx_word' id='word_1_639' title='bbox 4061 5217 4189 5282; x_wconf 88' lang='lat' dir='ltr'><strong>sive</strong></span> <span class='ocrx_word' id='word_1_640' title='bbox 4230 5241 4310 5283; x_wconf 89' lang='lat' dir='ltr'><strong>ex</strong></span> <span class='ocrx_word' id='word_1_641' title='bbox 4353 5219 4557 5307; x_wconf 83' lang='lat' dir='ltr'><strong>primo</strong></span> 
     </span>
     <span class='ocr_line' id='line_1_96' title="bbox 2859 5318 4556 5406; baseline 0.003 -23"><span class='ocrx_word' id='word_1_642' title='bbox 2859 5318 3176 5383; x_wconf 88' lang='lat' dir='ltr'><strong>octonario</strong></span> <span class='ocrx_word' id='word_1_643' title='bbox 3205 5321 3304 5401; x_wconf 77' lang='grc' dir='ltr'><strong>(ἐκ</strong></span> <span class='ocrx_word' id='word_1_644' title='bbox 3330 5324 3431 5399; x_wconf 80' lang='grc' dir='ltr'><strong>τῆς</strong></span> <span class='ocrx_word' id='word_1_645' title='bbox 3456 5321 3685 5402; x_wconf 72' lang='grc' dir='ltr'>πρώτης</span> <span class='ocrx_word' id='word_1_646' title='bbox 3712 5320 4014 5403; x_wconf 78' lang='grc' dir='ltr'><strong>ὀγδοάδος.</strong></span> <span class='ocrx_word' id='word_1_647' title='bbox 4060 5321 4347 5386; x_wconf 78' lang='lat' dir='ltr'><strong>Irenaeus</strong></span> <span class='ocrx_word' id='word_1_648' title='bbox 4370 5323 4429 5386; x_wconf 95' lang='grc' dir='ltr'><strong>Ι.</strong></span> <span class='ocrx_word' id='word_1_649' title='bbox 4453 5343 4556 5406; x_wconf 86' lang='lat'><strong>24.</strong></span> 
     </span>
     <span class='ocr_line' id='line_1_97' title="bbox 2863 5420 4558 5511; baseline 0.003 -26"><span class='ocrx_word' id='word_1_650' title='bbox 2863 5422 2964 5485; x_wconf 95' lang='lat' dir='ltr'><strong>II.</strong></span> <span class='ocrx_word' id='word_1_651' title='bbox 2992 5423 3092 5487; x_wconf 91' lang='lat'><strong>16.</strong></span> <span class='ocrx_word' id='word_1_652' title='bbox 3135 5420 3424 5486; x_wconf 86' lang='lat' dir='ltr'><strong>Clemens</strong></span> <span class='ocrx_word' id='word_1_653' title='bbox 3451 5421 3643 5486; x_wconf 81' lang='lat' dir='ltr'><strong>Alex.</strong></span> <span class='ocrx_word' id='word_1_654' title='bbox 3670 5424 3966 5487; x_wconf 74' lang='lat' dir='ltr'><strong>Sti-emm.</strong></span> <span class='ocrx_word' id='word_1_655' title='bbox 3990 5424 4109 5487; x_wconf 88' lang='lat' dir='ltr'><strong>IV.</strong></span> <span class='ocrx_word' id='word_1_656' title='bbox 4130 5446 4198 5511; x_wconf 90' lang='lat' dir='ltr'><strong>p.</strong></span> <span class='ocrx_word' id='word_1_657' title='bbox 4221 5427 4372 5510; x_wconf 85' lang='lat'><strong>637.</strong></span> <span class='ocrx_word' id='word_1_658' title='bbox 4408 5426 4558 5491; x_wconf 89' lang='lat' dir='ltr'><strong>Pot-</strong></span> 
     </span>
     <span class='ocr_line' id='line_1_98' title="bbox 2861 5522 4557 5611; baseline 0.004 -24"><span class='ocrx_word' id='word_1_659' title='bbox 2861 5522 3029 5608; x_wconf 90' lang='lat' dir='ltr'><strong>teri.)</strong></span> <span class='ocrx_word' id='word_1_660' title='bbox 3118 5525 3269 5588; x_wconf 88' lang='lat' dir='ltr'><strong>Jam</strong></span> <span class='ocrx_word' id='word_1_661' title='bbox 3299 5545 3449 5589; x_wconf 86' lang='lat' dir='ltr'><strong>vero</strong></span> <span class='ocrx_word' id='word_1_662' title='bbox 3486 5544 3631 5587; x_wconf 89' lang='lat' dir='ltr'><strong>cum</strong></span> <span class='ocrx_word' id='word_1_663' title='bbox 3673 5522 4049 5611; x_wconf 88' lang='lat' dir='ltr'><strong>Ophitarum</strong></span> <span class='ocrx_word' id='word_1_664' title='bbox 4093 5524 4254 5590; x_wconf 89' lang='lat' dir='ltr'><strong>ratio</strong></span> <span class='ocrx_word' id='word_1_665' title='bbox 4282 5525 4557 5593; x_wconf 85' lang='lat' dir='ltr'><strong>Valenti-</strong></span> 
     </span>
    </p>
   </div>
  </div>
 </body>
</html>
