5118 6613
1037 539 1166 627 306

2000 540 2827 606 ANNOTATIONES
2902 541 3015 606 IN
3079 528 3526 608 PLo‘TINI

1052 711 1214 776 θείου
1261 713 1443 793 νόμον
1482 714 1743 796 τιμωρός.
1832 713 2035 791 Quem
2078 712 2284 779 locum
2333 736 2372 778 a
2411 713 2736 781 Clemente
2819 737 2970 802 erga
3015 714 3340 780 Platonem
3383 715 3734 784 reverentia
3784 716 4159 804 prohibitus,
4205 716 4514 783 rarissime

1053 815 1346 881 Stromm.
1384 816 1485 881 11.
1515 838 1582 904 p.
1598 836 1752 902 499.
1827 816 2090 897 Potteri,
2135 816 2397 906 aliisque
2437 818 2734 906 frequen·

1049 931 1252 983 tatum
1313 917 1605 1007 Sophocli
1662 918 2086 986 adhibuerunt
2139 920 2485 1010 interprett.
2589 920 2737 986 vid.

1054 1019 1416 1087 Markland.
1456 1037 1521 1087 et
1558 1021 1952 1088 Doederlein.
1999 1022 2080 1088 ad
2129 1024 2419 1112 Sophocl.
2452 1023 2556 1089 l.l.
2592 1024 2738 1090 Pot-

1053 1139 1165 1188 ter.
1212 1123 1292 1189 ad
1341 1123 1646 1192 Clement.
1689 1125 1736 1191 l.
1766 1125 1809 1190 1.
1854 1140 1939 1209 et,
1981 1127 2249 1193 rationes
2292 1127 2743 1216 mythologicas

1052 1226 1222 1314 quod
1269 1227 1512 1308 attinet,
1561 1227 1980 1317 symbolicam
2029 1246 2302 1296 nostram
2350 1232 2447 1296 11.
2492 1254 2556 1319 p.
2589 1232 2740 1316 506.

1050 1354 1140 1419 sq.
1171 1331 1273 1396 ed.
1304 1330 1475 1396 alter.

1138 1456 1205 1521 p.
1231 1453 1417 1520 1009,
1446 1456 1512 1517 4.
1557 1437 1687 1501 οἷον
1725 1436 2069 1526 ἀγάλματα]
2116 1439 2337 1527 Hujus
2378 1436 2551 1503 verbi
2594 1435 2737 1502 Pla-

1054 1536 1241 1602 tonici
1268 1537 1393 1602 vim
1424 1538 1793 1626 variumque
1823 1563 2004 1606 usum
2032 1565 2222 1630 supra
2249 1540 2517 1629 explicui
2547 1563 2610 1629 p.
2632 1558 2739 1626 57.

1056 1640 1143 1707 D.
1187 1643 1279 1723 (et
1320 1641 1402 1706 ad
1444 1641 1589 1708 libr.
1621 1642 1703 1708 de
1733 1642 1991 1710 Pulcrit.
2023 1667 2088 1732 p.
2109 1647 2259 1730 369.
2292 1645 2387 1709 ed.
2411 1642 2739 1728 Heidelb.)

1058 1742 1162 1809 Cf.
1206 1744 1389 1809 etiam
1436 1769 1501 1834 p.
1523 1747 1676 1832 465.
1710 1748 1788 1811 C.
1816 1761 1879 1812 et
1907 1770 1972 1835 p.
1989 1765 2140 1833 520.
2171 1747 2505 1814 F.—-Mox
2535 1745 2743 1810 Verba

1056 1846 1558 1928 θέαμα-θεατῶν
1606 1871 1720 1914 1100
1770 1848 1975 1916 minus
2024 1874 2062 1915 a
2108 1849 2365 1915 Platone
2417 1863 2744 1914 mutuatus

1056 1965 1146 2015 est
1180 1950 1483 2017 Plotinus.
1575 1951 1695 2017 Ille
1737 1953 1900 2019 enim
1943 1952 2007 2019 in
2052 1953 2375 2019 Phoedone
2402 1976 2466 2040 p.
2500 1971 2644 2038 113.
2674 1974 2741 2039 p.

1064 2072 1207 2118 111.
1262 2052 1463 2120 Bekk.
1516 2054 1650 2121 ita:
1713 2056 1906 2137 θέαμα
1955 2058 2315 2138 εὐδαιμόνων
2362 2061 2608 2131 θεατῶν,
2660 2054 2740 2120 ad

1054 2179 1241 2244 quem
1273 2158 1731 2248 Wyttenbach.
1774 2184 1838 2248 p.
1866 2161 2017 2248 308.
2048 2160 2396 2248 suspicatur
2424 2159 2741 2224 Plotinum

1056 2276 1334 2326 nostrum
1387 2261 1669 2328 Platonis
1725 2262 1863 2329 1000
1911 2262 2166 2329 laudato
2215 2263 2265 2327 si
2316 2285 2439 2327 non
2499 2261 2740 2350 legisse,

1053 2378 1219 2428 certe
1265 2364 1565 2453 cogitasse
1611 2368 2137 2449 ὑπερενδαιμόνων,
2198 2365 2389 2453 idque
2442 2388 2744 2453 apparere

1055 2488 1133 2530 ex
1177 2465 1315 2532 loco
1355 2468 1546 2557 hujus
1589 2468 1731 2534 libri
1775 2492 1842 2557 p.
1873 2486 2024 2557 547.
2057 2471 2135 2534 B.
2181 2473 2347 2557 (cap.
2377 2473 2583 2556 seq.);
2632 2469 2742 2534 ubi

1054 2567 1203 2634 item
1233 2585 1326 2637 est
1353 2574 1868 2655 ὗπερενδαίμονας.
1960 2572 2066 2638 Cf.
2111 2571 2391 2660 ejusdem
2425 2571 2739 2638 Philoma-

1057 2673 1205 2739 thioe
1236 2675 1376 2741 111.
1410 2699 1474 2763 p.
1502 2678 1645 2740 106.

1139 2814 1228 2825 —
1262 2795 1358 2842 10.
1408 2777 2246 2868 σνμφόρησιν-προτάσεων]
2295 2779 2400 2844 Cf.
2446 2802 2635 2867 supra
2680 2780 2739 2844 I.

1056 2898 1117 2963 3.
1146 2898 1211 2958 4.
1240 2895 1305 2944 et
1329 2895 1391 2965 5.
1436 2878 1588 2967 ibiq.
1634 2894 1846 2947 annot.
1893 2880 2038 2946 item
2074 2883 2195 2947 IV.
2226 2904 2290 2962 4.
2319 2902 2425 2964 44.
2477 2885 2553 2947 V.
2582 2900 2644 2967 5.
2682 2905 2737 2949 1.

1055 2997 1120 3046 et
1148 2982 1264 3046 VI.
1299 2981 1358 3047 8.
1391 3001 1452 3067 3.

1147 3123 1232 3136 —
1260 3104 1359 3151 12.
1405 3085 1481 3166 ἣν
1508 3086 1580 3166 δὴ
1609 3087 1705 3151 καὶ
1742 3088 1776 3150 ὁ
1807 3086 2069 3152 Πλάτων
2109 3088 2355 3151 κατιδὼν
2384 3090 2593 3171 φησίν,
2625 3088 2745 3155 οὐδ’

1056 3192 1182 3271 ἥτις
1210 3191 1377 3255 ἐστὶν
1401 3192 1560 3270 άλλη
1591 3192 1659 3254 ἐν
1685 3191 1905 3276 ἄλλᾳ]
1958 3191 2038 3255 In
2071 3188 2394 3255 Phaedone
2426 3214 2493 3279 p.
2527 3194 2633 3278 83.
2677 3215 2742 3279 p.

1057 3295 1164 3381 56.
1196 3291 1441 3359 Bekk.:
1489 3294 1526 3357 ὅ
1567 3319 1625 3359 τι
1667 3291 1716 3359 δ’
1748 3292 1823 3359 ἂν
1852 3292 1923 3359 δι’
1952 3295 2159 3360 ἄλλων
2188 3297 2382 3375 σκοπῇ
2427 3296 2494 3361 ἑν
2537 3297 2749 3365 ἄλλοις

1059 3398 1132 3464 ὂν
1168 3401 1345 3474 ἄλλο,
1389 3399 1573 3480 μηδὲν
1613 3398 1890 3480 ἡγεῖσθαι
1931 3398 2164 3478 ἀληθές.
2253 3397 2356 3462 Ad
2384 3422 2531 3486 quoe
2559 3400 2751 3465 verba

1059 3502 1512 3591 Wyttenbach.
1548 3524 1612 3589 p.
1642 3520 1802 3586 219:
1854 3510 1899 3542 “
1927 3501 1971 3566 i.
1994 3525 2052 3567 e.
2095 3502 2403 3591 quidquid
2444 3524 2593 3568 vero
2623 3525 2750 3591 per

1056 3607 1190 3671 alia
1215 3605 1559 3670 consideret
1604 3603 1673 3688 (i.
1707 3627 1764 3668 e.
1807 3626 2171 3692 corporeum
2201 3626 2327 3693 per
2351 3626 2575 3671 smus
2615 3628 2748 3670 cor-

1046 3712 1289 3799 pori-Q)
1319 3731 1512 3797 quum
1553 3709 1627 3772 in
1673 3708 1824 3773 aliis
1866 3708 2154 3773 semibus
2192 3708 2375 3772 aliud
2413 3720 2746 3796 appareat,

1055 3814 1222 3878 nihil
1267 3813 1489 3877 horum
1547 3832 1767 3876 verum
1809 3811 2108 3898 putare.”
2195 3812 2370 3876 Tum
2429 3825 2748 3900 comparat

1057 3916 1210 3982 alios
1250 3915 1415 3981 locos
1458 3936 1604 3981 cum
1647 3913 1843 4001 ipsius
1873 3912 2173 3991 Platonis,
2206 3926 2340 3979 tum
2372 3930 2745 3980 sectatorum

1058 4021 1196 4110 ejus
1238 4033 1302 4085 et
1343 4019 1535 4107 ipsius
1579 4016 1931 4106 philosophi
1980 4018 2173 4082 nostri
2220 4017 2384 4084 infra
2411 4019 2534 4084 VI.
2568 4038 2630 4102 7.
2675 4043 2740 4108 p.

1062 4142 1205 4209 727.
1246 4125 1320 4189 C.
1411 4121 1535 4187 His
1576 4144 1695 4207 ego
1735 4119 1960 4208 adjicio
2003 4118 2209 4185 locum
2255 4122 2594 4203 Damascii,
2635 4124 2746 4210 qui

1058 4227 1231 4294 haud
1260 4226 1452 4291 dubie
1479 4223 1647 4289 illam
1679 4222 1958 4288 Platonis
2001 4223 2363 4289 sententiam
2407 4237 2552 4290 ante
2594 4248 2742 4291 ocu·

1059 4333 1151 4397 los
1196 4329 1418 4396 habuit
1458 4350 1601 4394 cum
1649 4326 1783 4391 haec
1825 4325 2117 4392 scriberet
2160 4328 2293 4409 περὶ
2340 4330 2542 4413 άρχῶν
2586 4330 2744 4396 Cod.

1062 4437 1249 4500 Mon.
1292 4432 1403 4497 fol.
1437 4433 1584 4518 265.
1629 4442 1824 4496 rect.:
1872 4429 2123 4495 Βέλτιον
2172 4430 2287 4512 ἄρα
2335 4435 2416 4518 τῷ
2468 4435 2746 4521 διορισμῷ

1059 4540 1237 4604 αὐτοῦ
1282 4535 1577 4618 ἐμμένειν,
1625 4536 1772 4600 κατὰ
1816 4534 1924 4615 τὴν
1969 4533 2386 4616 Πυθαγορικὴν
2427 4536 2748 4615 συνήθειαν

1061 4642 1156 4707 καὶ
1201 4641 1310 4720 τὴν
1358 4639 1537 4704 αὐτοῦ
1583 4642 1688 4702 τοῦ
1738 4636 2083 4718 Πλάτωνος,
2134 4640 2296 4703 ἄλλα
2346 4643 2623 4708 νοοῦντος
2671 4645 2746 4707 τὸ

1059 4746 1242 4810 ἔνυλα
1285 4741 1618 4825 πράγματα,
1652 4741 1746 4804 καὶ
1776 4740 1956 4820 αὐτὴν
1979 4741 2088 4821 τὴν
2115 4743 2286 4823 ὕλην.
2333 4743 2402 4807 ἔν
2427 4769 2493 4808 τε
2520 4746 2638 4827 γὰρ
2665 4750 2744 4831 τῷ

1058 4849 1318 4913 Φαίδωνι
1346 4847 1525 4912 οὕτως
1552 4842 1824 4924 ὀνομάζει
1850 4846 1924 4907 τὰ
1944 4845 2126 4918 ἄλλα,
2151 4847 2226 4908 τὰ
2255 4848 2376 4925 εἴδη
2398 4849 2472 4910 τὰ
2493 4850 2746 4928 αἰσθητὰ

1008 4967 1013 4974 ’
1055 4949 1273 5033 λέγων·
1318 4949 1482 5013 ἄλλα
1512 4946 1607 5010 καὶ
1637 4946 1705 5009 ἐν
1733 4945 1940 5012 ἄλλοις
1965 4943 2385 5027 Ἀριστοτέλης
2422 4950 2488 5011 δὲ
2526 4951 2596 5013 ἐν
2623 4957 2745 5019 τοῖς

1053 5052 1420 5137 Ἀρχυτείοις
1463 5051 1692 5130 ἱστορεῖ
1729 5047 1823 5112 καὶ
1867 5048 2231 5129 Πυθαγόραν
2259 5050 2414 5113 ἄλλο
2458 5050 2567 5130 τὴν
2592 5054 2743 5133 ὕλην

1056 5162 1261 5222 καλεῖν
1289 5156 1366 5222 ὦς
1390 5152 1646 5236 ῥευστὴν
1676 5151 1771 5215 καὶ
1800 5151 1894 5216 ἀεὶ
1925 5147 2081 5238 [καὶ]
2112 5152 2266 5215 ἄλλο
2298 5153 2393 5216 καὶ
2421 5155 2577 5218 ἄλλο
2606 5180 2737 5239 γιγ-

1054 5261 1324 5340 νόμενον·
1371 5258 1526 5320 ὥστε
1570 5254 1745 5332 δῆλός
1787 5254 1918 5317 ἐστι
1962 5253 2057 5316 καὶ
2096 5254 2130 5316 ὁ
2171 5253 2433 5318 Πλάτων
2459 5258 2640 5336 ταύτῃ
2667 5260 2741 5322 τὰ

1050 5364 1215 5428 ἄλλα
1242 5355 1933 5444 ἀφοριζόμενος-01110
1962 5354 2189 5420 deinde
2222 5372 2572 5444 sequuntur
2601 5383 2737 5425 ver-

1052 5464 1134 5528 ba
1163 5460 1431 5528 Plotini:
1480 5461 1636 5526 ὅπως
1678 5457 1938 5537 δὲ-τῇν
1968 5458 2169 5548 1ἀρχὴν
2205 5458 2588 5539 ποιήσασθαι,
2620 5462 2739 5529 1100

1050 5566 1249 5654 magis
1275 5562 1542 5629 tenenda
1572 5573 1739 5642 sunt,
1769 5560 1942 5649 quod
1977 5559 2408 5649 philosophus,
2435 5562 2737 5653 singulari

2822 818 3026 906 palam
3073 819 3403 906 profitetur
3450 819 3650 907 (quod
3701 819 4035 908 saepissime
4079 834 4289 886 tamen
4335 820 4517 906 facit)

2824 945 2889 987 se
2935 921 3443 1010 philosophorum
3495 923 3596 989 dei
3648 922 3901 989 inventa
3947 923 4219 1004 firmare,
4264 946 4517 1012 augere,

2824 1024 3100 1112 expolire
3129 1024 3306 1090 velle.

2910 1150 2973 1216 p.
3004 1147 3113 1192 101
3132 1149 3188 1206 1,
3215 1128 3291 1215 3]
3338 1128 3452 1194 Διὸ
3483 1130 3578 1193 καὶ
3607 1132 3712 1198 τὰς
3751 1129 3909 1198 ἰδέας
3947 1131 4094 1195 ὄντα
4122 1129 4341 1212 ἔλεγον
4369 1128 4522 1194 εἶναι

2826 1233 2886 1296 ol
2926 1234 3173 1298 παλαιοὶ
3225 1235 3320 1298 καὶ
3368 1235 3619 1320 οὗσίας.]
3676 1234 3929 1299 Plotiuo
3975 1237 4034 1299 οῖ
4077 1235 4324 1299 παλαιοὶ
4374 1248 4525 1299 sunt

2826 1356 2949 1398 non
2997 1333 3197 1400 solum
3244 1336 3654 1424 antiquissimi
3700 1335 4076 1424 philosophi,
4116 1350 4191 1401 ut
4239 1335 4522 1402 Heracli-

2826 1453 2950 1516 tus,
2978 1437 3086 1527 qui
3119 1440 3265 1504 ὅντα
3293 1453 3626 1527 negaverat
3654 1463 3786 1504 esse
3816 1463 3911 1520 ea,
3941 1462 4088 1527 quae
4115 1455 4404 1505 concreta
4428 1462 4522 1505 es-

2827 1556 2963 1605 sent
2990 1555 3053 1605 et
3082 1540 3362 1606 sensibus
3387 1542 3574 1607 obvia
3596 1542 3876 1628 (Platon.
3902 1543 4141 1629 Cratyl.
4168 1560 4387 1631 p.402.
4411 1546 4516 1624 A.)

2831 1642 2953 1708 Sed
2985 1643 3168 1709 etiam
3201 1644 3386 1710 Plato
3426 1661 3489 1710 et
3532 1645 3821 1733 aequales.
3911 1649 4014 1711 Ac
4045 1645 4327 1711 Platonis
4368 1644 4517 1710 doc-

2827 1746 2989 1811 trina
3030 1747 3309 1812 idearum
3355 1747 3709 1814 continetur
3750 1749 4140 1837 potissimum
4170 1749 4233 1814 in
4267 1748 4522 1814 Parme-

2828 1850 2972 1915 nide
3007 1854 3219 1938 (quem
3250 1851 3392 1916 vide
3424 1851 3582 1918 hanc
3610 1852 4014 1940 quaestionem
4048 1851 4221 1939 quod
4264 1850 4517 1934 attinet)

2826 1975 2893 2040 p.
2918 1973 3058 2040 130.
3090 1954 3152 2019 b.
3206 1973 3344 2041 133.
3377 1954 3441 2019 b.
3495 1974 3677 2042 1135.
3711 1956 3800 2039 b.)
3865 1956 3970 2020 Cf.
4005 1953 4249 2042 Cratyl.
4277 1975 4347 2041 p.
4362 1973 4513 2039 439.

2828 2056 2917 2119 D.
2950 2057 3034 2121 E.
3077 2071 3140 2120 et
3182 2056 3436 2122 consule
3466 2058 3836 2124 Buttmanni
3867 2061 4225 2124 Excursum
4265 2056 4345 2122 ad
4379 2060 4523 2124 Me-

2828 2179 3050 2222 nonem
3085 2158 3229 2223 111.
3260 2182 3324 2247 p.
3353 2175 3474 2243 74:
3526 2169 3570 2201 “
3602 2161 3707 2226 De
3733 2160 4059 2226 abstractis
4085 2182 4296 2225 rerum
4327 2157 4525 2224 notio-

2828 2259 3013 2324 nibus
3070 2260 3413 2326 secundum
3469 2277 3739 2327 mentem
3795 2261 4132 2327 Platonis.”
4218 2264 4522 2351 Wytten-

2829 2361 3119 2426 bachium
3148 2362 3230 2426 ad
3253 2362 3557 2429 Phoedon.
3593 2387 3656 2452 p.
3683 2380 4041 2447 270—272.
4063 2380 4128 2429 et
4154 2362 4519 2430 Smllbaum.

2832 2466 3127 2554 Prolegg.
3159 2467 3221 2530 in
3257 2466 3492 2533 Phileb.
3540 2490 3608 2554 p.
3637 2467 3891 2532 XXII.
3922 2490 4065 2532 cum
4095 2482 4245 2532 nota
4269 2488 4336 2552 5.
4383 2464 4522 2530 Ari-

2828 2567 3108 2634 stotelem
3137 2568 3309 2657 quod
3337 2569 3579 2648 attinet,
3605 2569 3748 2635 vide
3781 2568 4176 2659 Metaphyss.
4205 2570 4265 2634 1.
4288 2570 4349 2634 6.
4382 2567 4519 2634 coll.

2832 2672 3050 2737 XIII.
3078 2694 3144 2754 4.
3175 2696 3240 2761 p.
3265 2676 3410 2759 265.
3454 2671 3789 2752 Brandisii,
3821 2672 4053 2737 Ethica
4081 2671 4328 2737 Nicom.
4364 2672 4424 2736 1.
4453 2692 4520 2750 4.

2829 2775 3046 2840 Ethic.
3077 2775 3351 2840 Eudem.
3387 2775 3436 2838 1.
3470 2775 3528 2839 8.
3612 2776 3716 2840 De
3766 2776 4060 2840 Generat.
4109 2790 4173 2839 et
4218 2776 4518 2862 Corrupt.

2831 2879 2934 2944 11.
2961 2899 3025 2964 3.
3095 2878 3199 2943 Cf.
3230 2880 3438 2943 Henr.
3470 2877 3755 2943 Richteri
3798 2877 3878 2943 de
3925 2876 4096 2942 Ideis
4125 2876 4407 2942 Platonis
4447 2877 4523 2941 11-

2829 2982 3053 3048 bellus.
3087 2982 3258 3070 Lips.
3297 2983 3480 3064 1827.
3572 2982 3700 3062 Qui
3745 2981 4007 3069 scriptor
4048 2980 4350 3069 distingui
4387 2981 4526 3046 vult

2830 3087 3002 3174 apud
3034 3087 3357 3153 Platonem
3399 3086 3561 3151 inter
3608 3086 3760 3155 εἶδος
3787 3101 3851 3150 et
3879 3086 4024 3160 ἰδέα,
4057 3097 4121 3150 et
4145 3085 4352 3150 ideam
4385 3085 4529 3151 Pla-

2831 3190 2964 3255 toni
2994 3214 3125 3255 esse
3152 3189 3303 3256 dicit
3330 3189 3592 3255 formam
3637 3211 3847 3254 rerum
3892 3189 4267 3270 universam,
4294 3189 4359 3254 in
4396 3213 4527 3277 qua

2833 3293 3206 3382 sempiterna
3253 3315 3466 3358 earum
3525 3291 3788 3358 essentia
3843 3308 3908 3357 et
3963 3308 4190 3357 natura
4242 3309 4525 3381 apparet.

2835 3397 3017 3464 Idem
3069 3422 3133 3486 p.
3165 3400 3271 3463 66.
3315 3420 3451 3485 sqq.
3509 3412 3717 3485 negat,
3765 3396 3896 3462 ullo
3943 3396 4009 3461 in
4060 3395 4197 3462 loco
4245 3396 4525 3462 Platonis

2830 3502 3219 3566 substantias
3248 3499 3369 3564 dici
3399 3500 3593 3564 ideas.
3685 3500 3873 3579 Quod
3902 3498 4067 3564 enim
4097 3500 4312 3564 οὐσίαν
4342 3499 4526 3565 Plato

2833 3602 2987 3668 ideis
3015 3602 3272 3680 tribuat,
3306 3602 3424 3667 hoc
3452 3625 3530 3667 ex
3561 3601 3755 3690 ipsius
3786 3602 4067 3668 Platonis
4093 3603 4397 3668 sententia
4428 3603 4521 3668 ni-

2832 3705 2920 3771 hil
2949 3704 3120 3770 aliud
3149 3705 3494 3793 designare,
3520 3705 3637 3770 nisi
3667 3705 3837 3771 ideas
3862 3730 3995 3771 esse
4020 3730 4323 3794 perennes
4357 3712 4521 3795 (per-

2832 3812 3053 3899 petuo)
3087 3808 3153 3873 in
3182 3807 3518 3874 intellectu.
3585 3809 3991 3874 Aristotelem
4019 3808 4197 3875 aliter
4223 3810 4526 3898 accepisse

2832 3915 3038 3982 οὐσίας
3063 3912 3374 3979 notionem
3405 3935 3476 3977 ac
3511 3911 3774 4000 proinde
3803 3936 3925 3978 non
3957 3912 4160 3977 ubivis
4208 3928 4371 3978 recte
4412 3936 4520 3979 ex-

2834 4017 3088 4106 plicasse
3120 4016 3393 4083 Platonis
3429 4016 3510 4081 de
3549 4016 3704 4081 ideis
3741 4016 4021 4082 decreta:
4074 4015 4527 4081 Alexandrinos

2831 4135 3038 4186 autem
3071 4119 3470 4208 philosophos
3510 4119 3699 4184 latius
3740 4143 4114 4207 propagasse
4146 4119 4523 4207 opinionem,

2833 4223 3207 4288 substantias
3272 4247 3425 4301 esse,
3487 4246 3645 4311 quas
3705 4222 3888 4288 Plato
3941 4223 4112 4288 ideas
4171 4222 4519 4311 appellarit.

2833 4327 2996 4391 Haec
3020 4326 3515 4392 Richterus.—J
3519 4348 3618 4391 am
3649 4325 3921 4414 primum
3948 4350 4067 4414 ego
4097 4349 4220 4392 non
4251 4326 4521 4391 multum

2833 4430 3041 4496 tribuo
3088 4429 3185 4508 iis,
3228 4429 3340 4517 qui
3385 4428 3841 4517 anquirendum
3888 4429 4265 4508 existimant,
4313 4447 4521 4494 utrum

2834 4532 3018 4599 Plato
3045 4531 3214 4597 ideas
3242 4532 3304 4597 in
3336 4521 3545 4598 mente
3579 4531 3791 4597 divina
3832 4532 4222 4597 solummodo
4263 4531 4521 4597 colloca-

2834 4636 3010 4714 verit,
3032 4659 3113 4700 an
3134 4650 3315 4699 extra
3343 4651 3612 4700 mentem
3641 4658 3754 4723 per
3783 4658 3847 4700 se
3877 4658 3980 4700 eas
4006 4651 4248 4700 exstare
4276 4634 4520 4700 dixerit.

2832 4739 3080 4806 Deinde
3109 4738 3437 4804 Aristoteli
3468 4762 3566 4803 me
3602 4737 3720 4803 hac
3748 4738 3812 4803 in
3839 4760 4024 4804 causa
4053 4738 4357 4803 vindicem
4396 4759 4521 4803 non

2829 4844 3044 4922 offere,
3077 4858 3296 4930 utpote
3324 4841 3434 4928 qui
3466 4841 3674 4920 sciam,
3705 4862 3850 4905 eum
3884 4840 4164 4907 Platonis
4197 4840 4368 4906 ideas
4403 4863 4515 4928 ap·

2828 4948 3087 5036 pellasse
3113 4948 3503 5028 τερετίσματα
3529 4944 3571 5009 1.
3595 4968 3652 5009 0.
3681 4966 3896 5034 nugas
3919 4967 4189 5010 canora-5
4218 4969 4264 5009 s.
4295 4946 4520 5010 inanes

2827 5053 3144 5116 cantiones
3176 5047 3532 5131 (Aristotel.
3563 5048 3829 5137 Analyt.
3859 5064 4085 5136 poster.
4132 5071 4195 5136 p.
4240 5049 4400 5114 228:
4445 5052 4520 5114 τὸ

2828 5157 2942 5238 γὰρ
2974 5158 3095 5235 εἴδη
3123 5151 3396 5238 χαιρέτω·
3443 5154 3832 5234 τερετίσματα
3858 5151 3974 5235 γάρ
4004 5154 4152 5217 ἐστι.
4225 5151 4330 5217 Cf.
4363 5151 4516 5218 Tib.

2828 5256 3192 5323 Hemsterh.
3233 5254 3311 5318 ad
3343 5255 3578 5319 Thom.
3611 5254 3869 5342 Magist.
3918 5278 3979 5343 p.
4012 5256 4162 5340 908.
4209 5270 4272 5320 et
4314 5255 4379 5320 in
4423 5259 4512 5321 A·

2824 5359 3100 5425 necdott.
3138 5349 3329 5423 ed.'1.
3353 5358 3529 5423 Geel.
3558 5380 3618 5445 p.
3642 5375 3753 5443 32.
3785 5360 3905 5444 sq.)
3939 5356 4115 5445 quod
4146 5357 4519 5426 Scholiastes

2824 5461 3125 5530 Aristidis
3168 5483 3234 5549 p.
3273 5463 3416 5545 167.
3462 5457 3737 5525 Fromel.
3789 5459 3879 5524 ita
3932 5460 4156 5527 effert:
4222 5461 4306 5542 μὴ
4364 5462 4518 5530 εἶναι

2824 5568 3002 5636 ἰδέας.
3089 5562 3544 5630 Alexandrinos
3591 5562 3858 5650 denique
3900 5562 4306 5653 philosophos
4346 5587 4518 5632 nunc
