5118 6613
1052 515 1173 578 262

1051 708 1232 750 naras
1260 685 1322 750 in
1356 686 1514 750 Lex.
1548 685 1664 750 Gr.
1699 707 1762 772 p.
1789 705 1812 748 1
1824 705 1862 769 3
1867 705 1969 769 54.
2005 685 2417 751 Philostratus
2435 687 2515 748 V.
2536 682 2738 770 Apol-

1050 789 1178 853 lon.
1206 788 1344 852 111.
1377 808 1472 873 15.
1504 813 1565 876 p.
1603 808 1745 872 105.
1772 788 1978 853 Olear.
2005 814 2020 852 ε
2066 793 2651 872 μετεωροποροῦντας
2671 790 2735 852 δὲ

1054 896 1200 957 ἰδεῖν
1244 892 1358 955 ἀπὸ
1398 895 1498 971 τῆς
1537 895 1646 974 γῆς
1690 893 1773 958 εἷς
1812 891 2019 975 πήχεις
2055 894 2177 957 δύο.
2272 890 2629 979 Simplicius
2671 892 2732 956 in

1053 994 1329 1082 Epicteti
1370 994 1629 1059 Enchir.
1665 995 2094 1060 XXXVIII.
2140 1018 2199 1083 p.
2232 1015 2377 1081 243.
2406 1018 2463 1059 a.
2495 1019 2558 1082 p.
2585 996 2734 1080 387.

1055 1097 1378 1184 Schwgh.:
1429 1101 1483 1162 εἰ
1519 1101 1635 1180 γὰρ
1673 1099 1711 1178 ἡ
1760 1100 2094 1180 ἀνθρωπίνη
2136 1100 2305 1182 ψυχὴ
2355 1104 2739 1162 τελειωθεῖσα

1052 1201 1146 1265 καὶ
1177 1203 1260 1267 εἰς
1287 1200 1427 1265 θεὸν
1455 1203 1810 1284 ἀναχθεῖσα,
1841 1206 2313 1282 μετεωροπολεῖν
2346 1200 2609 1282 λέγεται,
2643 1201 2738 1264 καὶ

1048 1302 1244 1368 πάντα
1263 1303 1368 1368 τὸν
1388 1307 1610 1384 κόσμον
1623 1309 1877 1368 διοικεῖν.
1968 1302 2151 1382 Quod
2172 1303 2407 1367 dictum
2430 1302 2549 1366 Sch
2559 1302 2736 1388 weig-

1048 1406 1365 1471 haeuserus
1389 1406 1929 1493 magniloquentia?
1949 1406 2295 1470 Stoicorum
2328 1404 2597 1470 tribuere
2627 1428 2733 1469 ve-

1048 1507 1141 1586 lit,
1173 1508 1495 1574 immemor
1523 1508 1640 1573 loci
1673 1509 2006 1582 Platonici;
2053 1509 2235 1596 cujus
2258 1509 2305 1573 si
2325 1530 2561 1573 memor
2584 1523 2737 1586 erat,

1049 1611 1398 1677 abstinebat
1415 1612 1598 1677 etiam
1618 1636 1656 1677 a
1676 1614 2064 1699 conjectura:
2099 1613 2316 1692 διήκειν
2336 1635 2452 1700 pro
2473 1618 2731 1677 διοικεῖν.

1053 1715 1176 1780 Sed
1205 1715 1283 1779 de
1311 1715 1426 1779 hac
1468 1715 1727 1779 lectione
1765 1738 1955 1803 supra
1996 1715 2123 1780 dixi
2170 1716 2248 1779 ad
2282 1739 2346 1802 p.
2372 1718 2522 1801 376.
2555 1716 2639 1780 G.
2674 1731 2735 1779 et

1049 1818 1210 1883 dixit
1254 1818 1476 1884 Astius
1516 1819 1595 1883 ad
1638 1818 1889 1883 Phaedr.
1937 1818 1978 1882 l.
2005 1818 2045 1882 l.
2076 1842 2140 1905 p.
2167 1839 2332 1905 2933
2378 1819 2486 1905 qui
2527 1835 2731 1883 tamen

1053 1922 1425 1987 Plotinianos
1452 1922 1690 2009 aliquot
1735 1922 1900 1986 locos
1936 1945 2078 1986 cum
2117 1920 2483 1998 laudaverit,
2513 1919 2733 1985 iisdem

1050 2048 1174 2090 non
1214 2041 1308 2090 est
1344 2049 1493 2091 usus
1535 2026 1616 2090 ad
1662 2024 1939 2090 lectionis
1978 2030 2444 2106 μετεωροπορεῖν
2470 2023 2735 2088 auctori·

1048 2143 1239 2193 tatem
1285 2128 1739 2193 vindicandam.
1827 2129 1993 2192 Ante
2036 2126 2248 2192 oculos
2302 2126 2493 2191 habet
2547 2127 2733 2190 etiam

1053 2232 1435 2297 lamblichus
1462 2231 1633 2321 apud
1665 2230 2186 2319 olympiodorum
2211 2231 2273 2295 in
2294 2228 2605 2295 Alcibiad.
2637 2252 2734 2317 pr.

1044 2359 1107 2424 p.
1135 2336 1238 2401 60.
1275 2335 1462 2401 verba
1495 2334 1791 2407 Platonis,
1824 2333 1966 2399 licet
1998 2358 2073 2398 ea
2100 2333 2315 2422 paullo
2354 2332 2607 2398 liberius
2634 2355 2730 2396 re-

1045 2438 1224 2503 citet:
1275 2439 1458 2504 ἔλυσε
1485 2440 1551 2502 δὲ
1581 2438 1756 2505 αὐτὸς
1788 2438 2106 2520 παγκάλως
2143 2437 2359 2521 λέγων,
2391 2439 2481 2502 ὅτι
2511 2440 2580 2501 ἐν
2609 2436 2733 2501 ἑτέ·

1042 2567 1166 2623 ροις
1192 2544 1379 2624 φησὶν
1409 2545 1442 2606 ὁ
1473 2540 1755 2615 Πλάτων,
1787 2541 1879 2605 ὅτι
1920 2544 1982 2605 αἱ
2009 2543 2121 2621 μὲν
2151 2540 2512 2621 τελειοτέραι
2541 2539 2737 2623 ψυχαὶ

1048 2646 1611 2726 συνεπιτροπεύουσι
1654 2642 1846 2727 (adde
1887 2643 2137 2707 Lexicis
2173 2642 2291 2707 hoc
2329 2642 2621 2726 verbum)
2664 2645 2737 2706 τὰ

1046 2751 1186 2827 τῇδε
1212 2751 1291 2832 τῷ
1334 2751 1449 2833 θεῷ
1495 2747 1590 2810 καὶ
1629 2751 2080 2812 συνδιοικοῦσιν·
2131 2750 2192 2810 αἱ
2234 2749 2298 2809 δὲ
2349 2744 2737 2825 ἀτελέστεραι

1048 2851 1125 2915 ὦς
1181 2850 1440 2930 ὄργανόν
1484 2851 1619 2912 εἰσι.
1670 2850 1765 2912 καὶ
1807 2850 1988 2916 οὕτως
2027 2853 2239 2932 χρῆται
2284 2849 2483 2914 αὐταῖς
2526 2850 2558 2910 ὁ
2603 2847 2737 2913 θεὸς

1048 2950 1194 3032 πρὸς
1220 2953 1295 3014 τὰ
1324 2952 1597 3014 ἐνταῦθα.
1684 2951 1786 3014 De
1824 2950 2085 3037 imperio
2122 2951 2345 3014 animae
2383 2950 2445 3012 in
2477 2971 2737 3036 corpora

1046 3051 1189 3116 vide
1247 3051 1518 3117 Platonis
1579 3051 1953 3116 Phaedonem
1996 3076 2058 3140 p.
2096 3053 2199 3117 80.
2232 3054 2311 3116 A.
2364 3069 2423 3115 et
2481 3052 2542 3115 in
2590 3074 2733 3115 eum

1051 3154 1500 3242 Wyttenbach.
1529 3169 1737 3219 annot.
1770 3178 1833 3242 p.
1857 3175 2001 3235 204.

1092 3279 1158 3345 p.
1181 3257 1326 3341 876,
1352 3278 1378 3323 1
1395 3278 1421 3322 Ι
1437 3304 1452 3321 .
1474 3258 1542 3323 τὸ
1559 3263 1817 3342 πρᾶττον
1833 3264 1938 3324 τοῦ
1959 3258 2361 3342 πραττομένου
2376 3262 2478 3338 τῆς
2498 3260 2735 3341 φύσεως

1049 3362 1526 3447 ἀναπιμπλᾶσα.]
1564 3361 1673 3425 Ad
1705 3384 1949 3426 sensum
1972 3362 2129 3427 bene
2154 3361 2511 3426 Marsilius:
2549 3370 2592 3400 ‘⁶
2614 3362 2729 3425 im-

1045 3463 1178 3550 plet
1201 3473 1388 3552 atque
1413 3466 1862 3529 contaminaff:
1894 3466 1972 3530 ad
2008 3463 2374 3552 elegantiam
2406 3488 2528 3528 non
2562 3464 2731 3543 item,

1044 3567 1552 3654 quandoquidem
1584 3568 1843 3632 verbum
1873 3569 2129 3655 implere
2158 3567 2475 3656 polluendi
2506 3567 2735 3654 signifi-

1044 3683 1251 3737 catum
1282 3693 1729 3758 nonnunquam
1762 3671 1970 3736 habet.
2017 3671 2158 3735 Liv.
2193 3672 2310 3735 IV.
2342 3680 2562 3756 30—“
2592 3693 2736 3735 con-

1046 3788 1215 3838 tactu
1239 3774 1679 3839 morbi—urbs
1697 3775 1922 3840 deinde
1942 3775 2294 3861 impletur-3⁹
2339 3774 2484 3839 vid.
2505 3774 2731 3839 Ruhn-

1047 3874 1192 3939 ken.
1223 3875 1303 3940 ad
1334 3875 1494 3940 Tim.
1535 3880 1678 3941 Lex.
1706 3877 1949 3942 Platon.
1981 3901 2044 3965 p.
2064 3898 2170 3963 31.
2204 3877 2308 3941 ubi
2335 3878 2647 3944 ἀνάπλεως
2673 3892 2736 3941 et

1050 3979 1540 4058 ἀναπίμπλασθαι
1569 3979 1856 4066 explicat.
1931 3980 2037 4044 Cf.
2071 3980 2402 4045 Heindorf.
2433 3980 2511 4044 ad
2547 3979 2736 4044 Phae-

1049 4078 1196 4142 don.
1216 4103 1281 4166 p.
1307 4101 1330 4144 1
1347 4099 1449 4145 20.
1471 4083 1801 4169 Wyttenb.
1822 4083 1900 4146 ad
1922 4082 2243 4147 Plutarch.
2263 4107 2327 4170 p.
2353 4103 2496 4170 293.
2542 4082 2738 4147 Adde

1049 4180 1412 4267 Apollodori
1460 4183 1755 4248 Biblioth.
1804 4185 1857 4248 1.
1895 4206 1958 4268 9.
1990 4203 2091 4247 21.
2128 4207 2193 4270 p.
2228 4187 2330 4269 89.
2379 4185 2614 4272 Heynii
2657 4184 2737 4248 de

1053 4284 1336 4371 Harpyis
1363 4301 1425 4350 et
1467 4285 1904 4351 Phineot—r&
1937 4289 2052 4367 μὶν
2093 4289 2345 4353 πλείονα
2383 4287 2734 4370 ἀνήρπαζον,

1049 4387 1230 4468 ὀλίγα
1263 4389 1328 4452 δὲ
1370 4390 1489 4453 ὅσα
1530 4392 1715 4470 ὀσμῆς
1750 4389 2023 4454 ἀνάπλεα
2063 4389 2430 4464 κατέλειπον,
2475 4392 2631 4454 ὥστε
2658 4391 2738 4470 μὴ

1051 4490 1339 4555 δύνασθαι
1387 4491 1923 4574 προσενέγκασθαι.
2013 4492 2206 4557 Adde
2265 4491 2471 4557 Procli
2526 4492 2733 4557 Instit.

1053 4591 1278 4656 Theol.
1313 4594 1532 4659 XIII.
1561 4618 1627 4682 p.
1655 4613 1757 4677 24.
1787 4595 1886 4660 ed.
1924 4611 2115 4660 nostr.

1137 4741 1225 4752 —
1272 4705 1371 4768 18.
1436 4703 1561 4771 Τάς
1615 4730 1681 4767 τε
1732 4710 1849 4768 τῶν
1905 4704 2173 4787 ἀστέρων
2221 4708 2425 4788 ψυχὰς
2447 4741 2530 4755 -
2549 4706 2737 4769 εὐδαι-

1052 4807 1296 4895 μονίαν]
1354 4806 1655 4871 Consului
1712 4806 1857 4871 huic
1915 4806 2049 4871 loco
2094 4807 2455 4894 interposita
2501 4808 2733 4871 Paren-

1053 4907 1233 4987 thesi,
1263 4908 1437 4996 quod
1477 4909 1702 4997 saepius
1727 4909 1858 4972 fieri
1888 4909 2075 4973 debet
2112 4909 2176 4973 in
2220 4909 2572 4974 Plotiniana
2604 4933 2739 4974 ora-

1055 5011 1242 5075 tione.
1311 5012 1588 5099 Respicit
1617 5025 1823 5076 autem
1858 5013 2088 5076 Noster
2120 5012 2390 5076 Platonis
2419 5012 2734 5076 Timoeum

1053 5136 1119 5201 p.
1142 5134 1248 5196 41.
1277 5129 1434 5179 extr.
1460 5130 1523 5180 et
1551 5138 1616 5202 p.
1640 5135 1747 5194 42.
1778 5138 1813 5178 a
1840 5138 1853 5177 ε
1902 5114 2195 5194 ξυστήσας
2222 5116 2287 5179 δὲ
2316 5115 2383 5178 τὸ
2413 5119 2533 5178 πᾶν
2556 5120 2738 5179 διεῖλε

1054 5220 1258 5300 ψυχὰς
1285 5219 1623 5299 ἰσαρίθμους
1649 5224 1769 5285 τοῖς
1796 5219 2050 5300 ἄστροις.

1141 5342 1207 5407 p.
1241 5324 1387 5404 877,
1413 5341 1472 5405 9.
1520 5321 1715 5385 Οὐδὲν
1744 5323 1860 5402 γὰρ
1897 5320 2111 5394 δεινὸν,
2141 5319 2221 5400 μή
2261 5345 2406 5384 ποτε
2440 5320 2575 5402 περὶ
2618 5322 2735 5385 ‹505-

1054 5451 1237 5506 ματος
1262 5423 1639 5506 προσδοκήσῃ
1663 5423 1957 5511 τοιούτου]
1991 5424 2092 5487 De
2113 5446 2262 5487 voce
2291 5423 2481 5491 δεινὸς
2505 5423 2736 5510 prima-

1060 5527 1150 5592 ria
1193 5545 1285 5594 est
1327 5527 1667 5616 disputatio
1712 5526 1981 5591 Platonis
2019 5525 2083 5590 in
2125 5528 2470 5614 Protagora
2497 5549 2563 5615 p.
2586 5547 2734 5613 34¹·

2019 512 2870 577 ANNOTATIONES

2939 511 2973 575 1
2987 512 3049 575 N
3116 511 3164 575 P
3178 512 3234 576 L
3248 514 3306 575 O
3320 511 3382 574 T
3400 511 3433 574 1
3452 510 3511 573 N
3530 510 3563 573 1

2823 686 2903 747 A.
2924 684 3000 748 Β.
3032 683 3113 748 cf.
3147 682 3330 747 etiam
3364 684 3500 748 Ast.
3523 683 3604 748 ad
3626 680 3964 769 Rempubl.
3995 704 4058 769 p.
4085 701 4235 767 354.
4278 682 4505 747 Videa-

2823 810 2963 851 mus
2990 787 3070 851 de
3097 786 3402 862 formuliS,
3432 812 3575 875 quae
3606 787 3728 851 huc
3759 786 4016 851 faciunt.
4104 789 4205 850 Ac
4234 785 4504 872 primum

2824 890 3189 955 Herodotus
3222 892 3377 955 VII.
3407 909 3560 976 245:
3609 890 3781 955 οὐδὲν
3807 891 3990 954 δεινοὶ
4020 890 4266 954 ἔσονταί
4288 915 4399 964 τοι,
4429 890 4510 970 μὴ

2821 999 2922 1074 τῆς
2978 996 3164 1074 ἄλλης
3211 993 3507 1062 Ἑλλάδος
3550 992 3944 1073 ἁλισκομένης
3991 992 4106 1056 ὑπὸ
4158 996 4262 1056 τοῦ
4309 997 4501 1069 πεζοῦ,

2820 1097 3121 1179 βοηθέωσι
3148 1100 3344 1178 ταύτῃ.
3439 1096 3612 1161 Nihil
3649 1097 4051 1160 metuendum
4082 1112 4196 1173 est,
4229 1117 4306 1159 ne
4333 1093 4509 1158 illi—

2825 1215 3209 1264 succurrant.
3303 1199 3509 1283 (Alter
3551 1199 3723 1264 locus
3764 1199 3821 1263 I.
3863 1218 3999 1283 155.
4053 1198 4178 1263 huc
4215 1221 4340 1262 non
4382 1213 4508 1263 tra-

2822 1304 3066 1368 hendus
3083 1319 3238 1381 erat,
3258 1303 3351 1368 uti
3379 1303 3613 1368 factum
3636 1318 3730 1367 est
3756 1302 3819 1366 in
3852 1325 4013 1366 novo
4037 1301 4230 1365 Thes.
4256 1301 4503 1387 Steph.)

2828 1407 2990 1472 Ibid.
3024 1407 3180 1470 VII.
3212 1425 3366 1491 157:
3417 1410 3683 1470 τοιοῦτον
3729 1406 3838 1485 ἤδη
3877 1404 4073 1469 δεινὸν
4129 1406 4375 1485 γίνεται,
4426 1403 4504 1485 μὴ

2823 1509 2978 1589 πέσῃ
3005 1514 3171 1573 πᾶσα
3197 1510 3234 1587 ἡ
3259 1506 3502 1576 Ἑλλάς.
3552 1508 3734 1573 Plato
3774 1509 3975 1594 Gorg.
4004 1525 4154 1592 520.
4187 1507 4285 1571 D:
4333 1508 4505 1571 οὐδὲν

2823 1613 3017 1676 δεινὸν
3061 1611 3235 1696 αὐτῷ,
3278 1611 3507 1691 μήποτε
3544 1613 3802 1691 ἀδικηθῇ,
3835 1608 4112 1697 Apolog.
4153 1632 4215 1696 p.
4244 1611 4362 1673 28:
4410 1611 4505 1674 οὗ·

2823 1717 2925 1779 ὀὲν
2946 1718 3010 1779 δὲ
3054 1715 3250 1779 δεινὸν
3275 1715 3356 1794 μὴ
3388 1717 3455 1778 έν
3489 1714 3619 1793 ἐμοὶ
3658 1718 3805 1794 ‹ri-fi:
3854 1719 3897 1751 “
3928 1735 4132 1799 neque
4172 1711 4330 1776 adeo
4371 1735 4499 1776 me·

2819 1822 3121 1886 tuendum
3152 1836 3304 1895 erat,
3330 1843 3408 1884 ne
3435 1818 3542 1883 illa
3570 1818 3661 1882 vis
3689 1819 3755 1882 in
3776 1841 3873 1882 me
3895 1818 4240 1883 deficeret.”
4289 1817 4500 1882 Wolf-

2816 1925 2932 1989 iuS.
3011 1924 3153 1988 vid.
3203 1921 3617 2010 Engelhardt.
3667 1920 3748 1985 ad
3803 1943 3946 1985 eum
3998 1920 4204 1985 locum
4253 1944 4320 2008 p.
4360 1923 4500 2005 183.

2821 2027 3123 2093 Phaedon.
3159 2050 3221 2114 p.
3251 2028 3354 2107 84.
3380 2027 3436 2090 B
3464 2051 3480 2089 z
3527 2026 3699 2090 οὐδὲν
3727 2025 3922 2089 δεινὸν
3937 2026 4017 2105 μὴ
4045 2029 4287 2106 φοβηθῇ
4319 2036 4358 2058 ”
4381 2047 4499 2089 non

2820 2146 2913 2195 est
2967 2127 3336 2217 periculum,
3388 2151 3513 2192 non
3560 2142 3654 2192 est
3691 2127 4059 2203 timendum,
4111 2150 4187 2191 ne
4235 2126 4505 2191 timeat?

2828 2232 3295 2321 Wyttenbach.‚
3327 2254 3514 2318 quem
3546 2231 3671 2295 vid.
3701 2254 3762 2318 p.
3792 2250 3934 2296 222.
3968 2254 4062 2316 sq.
4130 2229 4308 2294 Idem
4354 2229 4499 2293 Plo-

2820 2337 2931 2401 tini
2968 2337 3101 2401 haec
3143 2336 3353 2411 verba,
3383 2358 3527 2422 quae
3567 2350 3923 2413 tractamus»,
3963 2334 4052 2398 ita
4081 2333 4304 2398 vertit:
4351 2335 4502 2398 Non

2820 2443 2987 2505 enim
3025 2442 3377 2528 periculum
3428 2460 3578 2518 esse,
3617 2461 3695 2503 ne
3736 2437 4076 2525 aliquando
4114 2438 4236 2501 tale
4279 2460 4504 2524 corpus

2821 2555 3143 2633 exspectet.
3237 2542 3421 2623 Quod
3451 2566 3600 2607 vero
3640 2544 3848 2607 τούτου
3878 2540 4119 2627 scripsit
4159 2562 4276 2627 pro
4313 2544 4499 2606 τοιού-

2822 2675 2944 2723 του,
2978 2665 3071 2713 est
3100 2670 3427 2735 operarum
3461 2647 3704 2723 vitium,
3736 2668 3857 2709 non
3889 2644 4029 2709 libri
4066 2642 4251 2708 ullius
4279 2644 4481 2708 lectio.

2907 2776 2973 2839 p.
3008 2755 3155 2835 878,
3179 2775 3240 2833 4.
3286 2754 3519 2818 πολλὰς
3548 2752 3666 2814 ἔδει
3697 2750 3792 2813 καὶ
3818 2752 4022 2831 ψυχὰς
4045 2749 4139 2811 καὶ
4159 2749 4302 2827 μίαν
4332 2748 4501 2822 εἶναι,

2823 2858 2917 2922 καὶ
2957 2859 3022 2920 ἐκ
3058 2860 3159 2935 τῆς
3193 2860 3348 2936 μιᾶς,
3379 2858 3484 2921 τὰς
3523 2857 3757 2920 πολλᾶς
3796 2853 4162 2939 διαφόρους]
4227 2851 4507 2938 Respicit

2822 2957 2953 3022 haec
2982 2973 3043 3021 et
3074 2956 3289 3021 similia
3323 2957 3383 3019 in
3415 2955 3513 3019 his
3543 2954 3952 3019 Enneadibus
3989 2952 4372 3018 lamblichus
4399 2977 4504 3040 ap.

2825 3061 2999 3125 Stob.
3028 3059 3293 3145 Eclogg.
3321 3059 3546 3147 Physs.
3581 3060 3627 3121 l.
3649 3076 3758 3143 52.
3791 3082 3855 3145 p.
3885 3077 4030 3141 902.
4069 3058 4253 3121 Heer.
4280 3082 4295 3120 ε
4329 3062 4506 3120 Πλω-

2821 3170 2978 3231 τῖνος
3002 3165 3115 3243 μὲν
3145 3164 3239 3226 καὶ
3270 3164 3611 3244 Πορφύριος
3651 3161 3745 3225 καὶ
3771 3159 4049 3240 Ἀμέλιος
4086 3159 4202 3224 ἀπὸ
4231 3164 4333 3240 τῆς
4358 3162 4504 3242 ὑπὲρ

2819 3265 2925 3330 τὸν
2965 3265 3218 3347 οὐρανὸν
3263 3268 3462 3349 ψυχῆς
3499 3262 3694 3330 πάσας
3733 3264 3948 3330 ἐπίσως
3986 3263 4395 3340 εἶσοικίζουσιν
4425 3265 4507 3330 εἰς

2819 3373 2893 3434 τὰ
2923 3371 3185 3448 σώματα.
3261 3369 3434 3432 Πολὺ
3463 3370 3527 3431 δὲ
3556 3369 3954 3449 διαφερόντως
3981 3366 4171 3431 ἔοικεν
4201 3369 4234 3430 ὁ
4261 3369 4506 3445 Τίμαιος

2818 3472 2927 3551 τὴν
2953 3474 3187 3554 πρώτην
3212 3473 3546 3535 ὑπόστασιν
3588 3475 3704 3533 τῶν
3730 3475 3948 3551 ψυχῶν
3976 3474 4168 3532 ποιεῖν
4205 3469 4312 3532 τὸν
4340 3473 4501 3549 δημι-

2820 3574 3037 3657 ουργὸν
3080 3576 3497 3655 διασπείροντα
3538 3572 3673 3653 περὶ
3718 3570 3912 3635 πάντα
3946 3572 4058 3650 μὲν
4100 3574 4174 3635 τὰ
4205 3574 4507 3653 κρείττονα

2818 3676 2984 3759 γένη,
3018 3675 3142 3740 καθ’
3174 3678 3323 3740 ὅλον
3353 3678 3417 3739 δὲ
3445 3675 3550 3739 τὸν
3578 3674 3851 3756 οὐρανὸν,
3886 3677 3968 3740 εἰς
3997 3675 4113 3737 ὅλα
4140 3699 4207 3736 τε
4236 3677 4312 3738 τὸ,
4338 3699 4502 3737 στοι-

2818 3787 2958 3865 χεῖα
3001 3784 3108 3844 τοῦ
3144 3781 3378 3846 παντός.
3457 3777 3599 3841 Vid.
3650 3775 3931 3841 Platonis
3956 3776 4264 3840 Timaeum
4313 3800 4374 3864 p.
4400 3795 4506 3856 42.

2820 3905 2884 3969 p.
2910 3902 3017 3965 45.
3049 3905 3142 3967 sq.
3177 3878 3375 3943 Bekk.
3458 3879 3634 3944 Idem
3671 3878 4054 3943 lamblichus
4082 3878 4232 3942 ibid.
4264 3902 4326 3965 p.
4349 3898 4505 3963 924:

2822 3985 3036 4052 -τοὺς
3075 3987 3140 4048 δὲ
3179 3984 3311 4064 περὶ
3351 3987 3666 4046 Πλωτῖνον
3708 3986 3809 4062 τῆς
3846 3981 4114 4049 στάσεως
4146 3982 4500 4064 προϊσταμέ-

2825 4112 2960 4154 νους
2987 4089 3210 4166 ἐκείνης
3235 4090 3336 4165 τῆς
3361 4087 3719 4167 χωριζούσης
3747 4085 3925 4151 αὐτὰς
3955 4086 4089 4165 (τὰς
4124 4088 4355 4169 ψυχὰς)
4390 4086 4507 4149 ἀπὸ

2823 4196 2928 4256 τοῦ
2967 4193 3173 4273 λόγου,
3219 4187 3256 4269 ἢ
3309 4191 3405 4253 καὶ
3452 4191 3727 4271 ἀφιείσης
3772 4191 3853 4253 εἰς
3895 4188 4003 4267 τὴν
4047 4186 4289 4269 γένεσιν
4330 4185 4368 4266 ἢ
4414 4190 4507 4253 καὶ

2824 4296 3189 4376 ἀφαιρούσης
3218 4293 3334 4357 ἀπὸ
3380 4296 3480 4372 τῆς
3518 4293 3793 4358 διανοίας.
3840 4290 3944 4372 ἀφ’
3990 4290 4059 4370 ἧς
4095 4289 4280 4354 πάλιν
4320 4295 4508 4369 διττῆς

2825 4399 2992 4477 δόξης
3020 4398 3286 4479 γίγνεται
3329 4394 3631 4477 διάκρισις.
3699 4393 3880 4457 Ἤτοι
3916 4397 4030 4476 γὰρ
4056 4394 4260 4457 λύεται
4291 4393 4508 4473 ἑκάστη

2823 4501 3063 4579 δύναμις
3087 4500 3308 4580 ἄλογος
3337 4501 3419 4565 εἷς
3446 4498 3554 4576 τὴν
3579 4498 3730 4575 ὅλην
3757 4497 3907 4576 ζωὴν
3935 4500 4040 4559 τοῦ
4065 4496 4286 4564 παντὸς
4312 4495 4414 4578 ἀφ’
4439 4496 4509 4575 ἧς

2823 4599 3243 4683 ἀπεμερίσθηῇ
3274 4603 3368 4664 καὶ
3387 4600 3649 4680 μάλιστα
3667 4599 3835 4679 μένει
3855 4598 4282 4679 ἀμετάβλητος,
4308 4601 4509 4681 ὥσπερ

2821 4708 3051 4787 ἡγεῖται
3080 4707 3438 4787 Πορφύριος·
3484 4699 3522 4781 ἢ
3559 4703 3653 4765 καὶ
3691 4706 4058 4785 χωρισθεῖσα
4100 4699 4217 4765 ἀπὸ
4252 4704 4352 4780 τῆς
4379 4706 4505 4765 δια·

2826 4809 3044 4888 νοίαςὴ
3072 4810 3184 4887 ὅλη
3211 4809 3433 4888 ἄλογος
3447 4805 3561 4884 ζωὴ
3587 4804 3754 4884 μένει
3786 4805 3882 4868 καὶ
3904 4804 4048 4881 αὐτὴ
4071 4804 4412 4879 διασώζεται
4441 4806 4509 4867 έν

2822 4915 2904 4997 τῷ
2937 4914 3156 4996 κόσμῳ,
3193 4911 3393 4990 ὥσπερ
3433 4911 3492 4971 οἱ
3534 4908 3924 4971 παλαιότατοι
3965 4912 4083 4969 τῶν
4119 4906 4326 4986 ἱερέων
4358 4908 4504 4971 ἀπο-

2824 5015 3157 5095 φαίνονται.
3236 5010 3547 5075 Nimirum
3582 5009 3893 5097 AEgyptii.
3945 5008 4083 5072 vid.
4112 5008 4506 5074 Heeren.l.l.

2822 5117 2903 5180 ab
2959 5138 3157 5201 eoque
3212 5113 3469 5178 citatum
3537 5111 3854 5175 Hermetis
3900 5112 4351 5197 Fragmentum
4400 5135 4502 5199 ap.

2827 5218 3002 5283 Stob.
3029 5217 3179 5282 ibid.
3214 5239 3304 5280 nr.
3324 5237 3388 5300 5.
3417 5238 3486 5303 p.
3514 5216 3655 5279 806.
3688 5238 3825 5301 sqq.
3904 5212 4233 5301 Porphyrii
4265 5228 4508 5280 senten·

2825 5322 2970 5386 tiam
3007 5319 3178 5407 quod
3216 5318 3459 5395 attinet,
3492 5317 3634 5381 vide
3676 5318 3812 5404 ejus
3854 5315 4129 5381 libellum
4171 5317 4507 5382 sententia-

2825 5447 2964 5490 rum
2997 5424 3124 5487 sive
3152 5422 3231 5486 de
3263 5420 3583 5486 Gradibus
3615 5442 3680 5506 p.
3712 5423 3817 5503 96.
3908 5419 4165 5483 Tertius
4203 5437 4299 5485 est
4340 5421 4513 5488 locus

2828 5524 3155 5591 Iamblichi
3182 5547 3285 5611 ap.
3311 5524 3628 5588 Stobaeum
3663 5522 3812 5587 ibid.
3843 5546 3909 5609 p.
3937 5523 4056 5586 886
4084 5546 4098 5585 z
4150 5524 4246 5587 καὶ
4278 5528 4513 5591 Πλωτῖ-
