5118 6613
1155 598 1274 666 132

1152 752 1221 816 τὸ
1262 753 1493 833 νοητὸν,
1525 775 1604 817 ne
1648 752 1711 816 in
1740 775 1891 818 voce
1933 751 2300 822 διαστάσεως
2342 753 2568 819 sinistri
2611 752 2848 841 aliquid

1151 855 1403 943 cogites,
1495 854 1671 920 Alibi
1701 855 1864 919 enim
1893 855 2202 923 διάστασις
2229 856 2535 944 significat
2577 856 2847 945 degene-

1150 982 1283 1024 rem
1340 957 1695 1023 discessum.
1787 958 2048 1023 Procius
2104 958 2168 1022 in
2220 957 2420 1024 Alcib.
2480 982 2575 1047 pr.
2623 982 2685 1047 p.
2718 976 2842 1046 57:

1151 1065 1353 1145 ὥσπερ
1401 1062 1507 1125 οὖν
1549 1061 1617 1126 τὸ
1667 1063 1846 1126 ἄλλοι
1889 1061 1997 1140 τὴν
2040 1060 2354 1127 διάστασιν
2398 1063 2590 1127 αὐτῶν
2633 1063 2848 1143 ἐδήλου

1153 1168 1248 1230 καὶ
1286 1166 1393 1244 τὴν
1423 1163 1856 1246 διεσπαρμένην
1894 1165 2064 1243 ζωὴν,
2098 1166 2247 1229 οὕτω
2291 1165 2385 1230 καὶ
2429 1169 2509 1252 τῷ
2553 1164 2625 1229 δι’
2656 1168 2846 1249 ὄχλου

1147 1269 1423 1351 γίνεσθαι
1473 1271 1552 1354 τῷ
1598 1269 1889 1353 νεανίσκῳ
1940 1268 2048 1346 τὴν
2093 1270 2176 1334 εἰς
2225 1267 2405 1332 αὐτὸν
2454 1266 2551 1333 ἀπ’
2604 1269 2847 1334 ἐκείνων

1145 1371 1410 1451 ἥκουσαν
1467 1369 1746 1451 ἐπήρειαν
1803 1371 2183 1434 ἐνδείκνυται.
2303 1370 2578 1435 Omnino
2632 1383 2843 1435 autem

1145 1474 1452 1540 διάστασις
1498 1488 1591 1538 est
1633 1494 2082 1559 nonnunquam
2131 1474 2557 1549 intervallum,
2605 1488 2676 1537 ut
2735 1495 2839 1561 ap.

1144 1576 1470 1641 Platonem
1513 1574 1579 1638 in
1626 1575 1796 1640 Tim.
1874 1575 2021 1640 vid.
2055 1574 2376 1640 Plutarch.
2424 1575 2505 1639 de
2547 1575 2842 1640 animorr.

1139 1694 1414 1768 generat.
1437 1678 1500 1742 in
1529 1678 1780 1743 Timaeo
1810 1699 1874 1763 p.
1902 1696 2088 1742 1020.
2122 1679 2208 1742 A.
2241 1693 2303 1743 et
2332 1679 2656 1757 dimensiO,
2680 1677 2834 1760 (vid.

1141 1806 1331 1871 supra
1369 1804 1433 1869 p.
1461 1801 1599 1846 101.
1634 1783 1723 1845 A.
1767 1794 1831 1845 et
1872 1780 1956 1845 cf.
2004 1804 2065 1868 p.
2096 1799 2414 1867 331,332.
2462 1795 2525 1845 et
2566 1781 2731 1845 infra
2772 1804 2834 1869 p.

1137 1889 1287 1971 360.
1319 1887 1397 1950 B.
1431 1884 1541 1971 qui
1570 1882 1744 1948 locus
1771 1883 2025 1948 omnino
2053 1905 2198 1947 cum
2229 1899 2440 1948 nostro
2467 1906 2834 1971 comparan-

1136 1988 1273 2053 duS.
1339 1989 1444 2052 Cf.
1474 1986 1657 2051 etiam
1704 1986 2016 2051 Aristotel.
2062 2009 2161 2074 ap.
2197 1987 2519 2052 Stobaeum
2567 1985 2831 2075 Eclogg.

1138 2090 1333 2178 Phys.
1366 2092 1426 2155 I.
1472 2113 1532 2177 p.
1556 2110 1703 2175 344
1751 2089 1852 2154 ed.
1902 2091 2206 2172 Heeren.)
2253 2111 2704 2177 nonnunquam
2746 2110 2839 2154 ee-

1131 2196 1322 2259 cretio
1368 2192 1645 2277 (divisio)
1691 2192 1873 2279 cujus
1921 2192 2299 2257 contrarium
2350 2195 2522 2273 μίξις,
2576 2191 2833 2267 mixtim

1135 2297 1457 2363 Plutarch.
1488 2297 1569 2361 de
1600 2296 1806 2361 Placc.
1842 2295 2079 2360 Philos.
2115 2297 2175 2360 Ι.
2197 2315 2303 2381 30.
2337 2318 2398 2383 p.
2422 2296 2566 2381 885.
2598 2318 2665 2383 p.
2686 2299 2835 2380 562.

1130 2424 1221 2488 sq.
1256 2401 1462 2487 Wytt.
1499 2398 1907 2480 Ἐμπεδοκλῆς
1945 2401 2132 2482 φύσιν
2159 2402 2343 2480 μηδὲν
2374 2399 2544 2474 εἶναι,
2577 2401 2737 2480 μίξιν
2767 2403 2832 2465 δὲ

1128 2511 1245 2568 τῶν
1275 2504 1590 2587 στοιχείων
1619 2503 1714 2566 καὶ
1743 2501 2057 2567 διάστασιν
2090 2501 2479 2584 (mixtionem
2511 2517 2576 2567 et
2618 2502 2827 2567 divul-

1127 2605 1358 2670 sionem
1418 2604 1918 2688 elementorum).
1995 2607 2266 2670 Hermes
2319 2628 2422 2692 ap.
2475 2606 2653 2670 Stob.
2705 2608 2831 2671 Ec-

1126 2707 1295 2796 logg.
1331 2709 1389 2772 Ι.
1407 2726 1515 2791 52.
1546 2729 1611 2795 p.
1637 2708 1787 2793 968.
1821 2709 2012 2771 Heer.
2057 2708 2188 2772 εἶπε
2227 2709 2323 2772 καὶ
2368 2708 2582 2776 εὐθέως
2627 2735 2829 2789 κοσμι-

1129 2818 1239 2886 κῷς
1267 2815 1367 2889 τῆς
1398 2810 1484 2874 ἔτι
1511 2811 1794 2890 μελαίνης
1817 2812 2084 2877 ἑνῶσεως
2113 2810 2420 2878 διάστασις
2447 2810 2709 2893 ἐγένετο,
2734 2814 2831 2877 καὶ

1127 2913 1321 2997 ἐφάνη
1348 2914 1460 2993 μὲν
1489 2913 1521 2974 ὁ
1552 2912 1799 2994 οὐρανὸς
1824 2913 1967 2978 ἄνω.
2059 2914 2204 2990 Quo
2241 2912 2304 2975 in
2345 2912 2480 2977 loco
2512 2915 2818 2978 Heeren.:

1121 3017 1406 3098 μελαίνης
1462 3013 1729 3079 restituit
1771 3037 1850 3078 ex
1892 3014 2031 3079 cod.
2080 3018 2165 3081 A.
2224 3038 2341 3103 pro
2396 3016 2669 3097 μελένης,
2717 3017 2826 3082 sed

1124 3116 1544 3183 Ruhnkenius
1614 3115 1692 3181 ad
1756 3116 2032 3204 Longin.
2090 3117 2171 3182 de
2231 3117 2494 3183 Sublim.
2569 3142 2630 3207 p.
2676 3122 2820 3186 280.

1127 3224 1342 3310 Toup.
1374 3243 1435 3309 p.
1462 3235 1605 3303 277.
1647 3219 1893 3284 Weisk.
1940 3219 2231 3285 exhibet:
2283 3225 2559 3301 κοσμικῆς
2601 3226 2701 3302 τῆς
2741 3223 2827 3287 ἔτι

1122 3327 1419 3411 γενέσεως
1447 3330 1637 3389 διαστ.
1663 3326 1822 3408 ἐγεν.
1873 3324 2204 3411 Longinus
2221 3323 2353 3412 ipse
2375 3323 2454 3388 de
2479 3324 2657 3390 Subl.
2688 3327 2823 3391 IX.

1123 3435 1183 3494 6.
1214 3453 1277 3518 p.
1303 3449 1406 3515 30.
1454 3426 1696 3492 Weisk.
1744 3427 2082 3511 ἀνατροπὴν
2125 3430 2191 3492 δὲ
2234 3430 2382 3493 ὅλου
2442 3426 2822 3511 (Ruhnken.

1119 3533 1371 3620 corrigit
1402 3534 1501 3596 ἂν.
1530 3534 1595 3596 δὲ
1624 3529 1694 3596 δι’
1726 3532 1903 3618 ὅλου)
1951 3532 2046 3596 καὶ
2090 3531 2403 3597 διάστασιν
2446 3536 2552 3595 τοῦ
2596 3532 2819 3612 κόσμου

1118 3638 1436 3717 λαβόντος.

1201 3762 1266 3827 p.
1299 3758 1450 3825 393,
1476 3739 1538 3803 6.
1583 3738 1674 3801 ὅτι
1700 3737 1780 3818 μὴ
1824 3736 1989 3816 θέμις
2022 3738 2253 3819 φθόνον
2289 3738 2359 3800 ἐν
2386 3742 2508 3804 τοῖς
2537 3742 2695 3805 θεοῖς
2733 3737 2813 3802 εἳ-

1120 3844 1271 3931 ναι.]
1320 3841 1465 3906 vid.
1498 3839 1683 3905 Plato
1727 3839 1975 3904 Timaeo
2003 3863 2071 3927 p.
2101 3860 2201 3925 29.
2236 3840 2318 3903 D.
2384 3840 2670 3904 Maxime
2710 3863 2820 3904 au-

1120 3961 1244 4010 tem
1287 3945 1422 4009 haec
1479 3967 1515 4007 e
1562 3942 1836 4007 Phaedro
1880 3966 1943 4030 p.
1980 3960 2121 4026 247.
2167 3965 2223 4007 a.
2283 3944 2508 4025 φθόνος
2549 3946 2667 4026 γὰρ
2707 3944 2817 4024 ἔξω

1116 4052 1303 4132 χοροῦ
1351 4049 1512 4112 θείου
1563 4047 1816 4119 ἵσταται,
1861 4045 2202 4110 imitatione
2247 4044 2616 4132 scriptorum
2666 4046 2820 4112 cele-

1115 4152 1296 4214 brata
1314 4163 1479 4213 sunt.
1530 4147 1672 4213 vid.
1701 4147 1850 4212 Tib.
1884 4148 2247 4212 Hemsterh.
2265 4147 2348 4211 ad
2370 4148 2637 4213 Lucian.
2665 4151 2820 4213 Pro-

1121 4252 1313 4316 meth.
1344 4254 1402 4336 ξ.
1441 4253 1538 4315 18.
1562 4264 1713 4315 tom.
1747 4251 1807 4317 Ι.
1829 4272 1890 4337 p.
1908 4269 2051 4316 201.
2082 4249 2414 4315 Heindorf.
2446 4251 2527 4316 ad
2559 4250 2818 4317 Phaedr.

1118 4355 1219 4420 l.l.
1253 4379 1312 4443 p.
1336 4371 1480 4441 251.
1532 4367 1596 4418 et
1640 4352 1969 4440 Wyttenb.
2008 4351 2089 4416 ad
2139 4355 2394 4441 Eunap.
2438 4377 2506 4441 p.
2533 4373 2675 4419 102.
2722 4378 2814 4441 sq.

1118 4457 1225 4545 qui
1257 4456 1486 4521 ibidem
1526 4456 1780 4521 alteram
1810 4455 2167 4534 formulam,
2200 4479 2329 4543 qua
2358 4479 2508 4521 usus
2536 4470 2631 4520 est
2675 4457 2821 4521 Plo-

1118 4561 1284 4625 tinus
1329 4561 1386 4625 Ι.
1423 4561 1486 4624 6.
1520 4577 1575 4624 2.
1620 4582 1682 4647 p.
1706 4576 1813 4644 52.
1854 4562 1931 4622 A.
1981 4558 2098 4640 (ita
2140 4558 2303 4623 enim
2352 4574 2446 4624 est
2503 4558 2815 4646 corrigen-

1119 4664 1340 4748 dum):
1391 4664 1500 4742 ἔξω
1531 4664 1692 4727 θείου
1718 4664 1948 4744 λόγους
1996 4685 2139 4726 cum
2168 4661 2274 4726 illa
2301 4661 2703 4750 comparavit.

1205 4804 1289 4817 —
1319 4787 1345 4829 1
1363 4787 1417 4831 1.
1464 4768 1686 4849 αἰσχρὰ
1709 4764 1804 4829 καὶ
1833 4767 1988 4828 καλᾶ
2015 4767 2162 4849 ὀρᾷν
2183 4767 2814 4845 σώματα-ἐπιτηδεύ-

1116 4868 1670 4951 ματα-μαθήματα
1699 4894 1751 4930 κ.
1777 4891 1830 4930 τ.
1858 4866 1952 4954 λ.]
2000 4870 2176 4932 Ante
2205 4866 2417 4949 oculos
2443 4866 2637 4932 habet
2666 4866 2821 4931 Dio-

1120 4974 1289 5037 timae
1331 4971 1522 5035 verba
1555 4970 1618 5033 in
1674 4968 1981 5034 Convivio
2025 4969 2306 5036 Platonis
2348 4992 2414 5057 p.
2440 4989 2584 5035 210.
2617 4972 2708 5035 A.
2732 4971 2813 5036 B.

1117 5100 1182 5164 p.
1202 5094 1352 5157 442.
1384 5072 1742 5137 Bekker.—

1206 5216 1292 5228 —
1318 5196 1416 5264 13.
1466 5176 1601 5240 οὐδὲ
1631 5177 1875 5258 θεωρίας
1902 5174 2132 5263 τοίνυν]
2181 5173 2437 5239 Ficinus
2479 5173 2698 5260 legisse
2728 5174 2817 5238 vi-

1118 5283 1305 5347 detur
1333 5280 1602 5362 θεωρίαν,
1627 5277 1799 5365 quod
1828 5278 2049 5366 placet,
2085 5291 2155 5341 ut
2196 5277 2521 5342 Platonico
2549 5275 2685 5341 loco
2711 5300 2813 5341 ac-

1121 5383 1588 5450 commodatius.
1665 5382 1956 5468 Namque
1992 5379 2170 5444 Plato
2197 5381 2492 5445 continuo
2520 5395 2663 5467 post
2693 5383 2816 5445 ἐπι-

1119 5490 1447 5568 τηδεύματα
1468 5484 1645 5574 ponit
1674 5487 1778 5551 τὰς
1810 5482 2164 5563 ἑπιστῆμαςε
2215 5482 2503 5547 Plotinus
2524 5486 2600 5546 τὰ
2625 5482 2811 5562 μαθή-

1119 5618 1298 5673 ματα.
1374 5589 1622 5654 Deinde
1651 5587 1837 5653 Plato
1866 5584 2115 5674 subjicit
2138 5589 2271 5651 τινὰ
2298 5585 2623 5666 ἐπιστήμην
2650 5585 2810 5663 μίαν,
2891 5584 3060 5672 jecta
3100 5584 3315 5648 addit:

2127 582 2970 647 ANNOTATIONES
3038 581 3151 646 IN
3219 579 3666 645 PLOTINI

2934 776 3124 841 quam
3158 752 3454 818 continuo
3493 750 3725 839 excipit
3760 750 3830 814 τὸ
3871 749 4059 815 καλὸν
4102 750 4246 815 αὐτὸ
4292 748 4419 816 καθ’
4452 751 4625 816 αὖτόι

2936 856 3261 921 Plotinus:
3310 857 3555 938 θεωρίας
3581 870 3644 920 et
3672 867 3987 941 postremo
4013 854 4174 918 θεόν.
4265 852 4459 919 Vides
4494 877 4632 943 pro-

2933 959 3100 1039 inde,
3150 959 3542 1047 Singularem
3587 958 3838 1040 θεωρίαν
3884 955 4105 1021 melius
4146 955 4521 1045 respondere
4561 962 4628 1039 τῇ

2934 1063 3222 1144 ἐπιστήμῃ
3249 1066 3354 1147 μιᾷ
3385 1060 3684 1138 Platonis,
3714 1082 3904 1147 quam
3937 1058 4279 1124 Pluralem.

3018 1189 3082 1253 p.
3104 1181 3256 1251 395,
3285 1184 3386 1245 14.
3430 1166 3683 1246 ἀγνοῶν,
3717 1165 3808 1227 ὅτι
3849 1166 3929 1249 τῷ
3967 1163 4047 1243 μὴ
4086 1161 4296 1246 φέρειν
4331 1166 4407 1228 τᾶ
4445 1165 4626 1249 ἄναγ-

2933 1274 3069 1333 καῖα
3096 1267 3567 1351 διαφέρει-τῶν
3595 1266 3810 1354 λίθων]
3860 1264 3968 1330 Nil
4012 1265 4250 1330 mutavi
4293 1265 4356 1330 in
4405 1266 4625 1355 hujus·

2929 1371 3100 1435 modi
3159 1370 3316 1447 loco,
3366 1392 3552 1457 quem
3612 1369 3698 1434 ita
3756 1368 4034 1457 expediri
4091 1391 4271 1456 posse
4325 1370 4621 1437 arbitrer:

2928 1475 3011 1538 N
3003 1476 3236 1538 esc-iens
3277 1493 3343 1537 se
3385 1494 3454 1536 eo
3499 1473 3684 1555 (solo)
3714 1473 3972 1559 differre
4018 1472 4128 1555 (ab
4171 1470 4420 1557 altero),
4463 1475 4627 1561 quod

2932 1576 3118 1665 (ipse)
3151 1577 3475 1662 nonfirat
3508 1574 3873 1662 (patienter)
3914 1576 4291 1652 necessaria,
4319 1578 4625 1664 siquidem

2927 1700 3038 1743 nec
3085 1680 3241 1743 dicit
3286 1679 3447 1765 (proe
3491 1701 3556 1742 se
3599 1677 3743 1754 fert,
3775 1676 3893 1741 sibi
3940 1692 4212 1763 arrogat,
4260 1693 4332 1743 ut
4374 1703 4455 1743 sc.
4501 1678 4623 1745 leni

2922 1781 3119 1846 ironia
3149 1796 3365 1847 utatur
3391 1780 3509 1845 hoc
3526 1780 3718 1845 verbo
3747 1778 4064 1863 Plotinus)
4097 1800 4162 1844 se
4183 1783 4428 1847 moleste
4427 1784 4623 1869 firre

2926 1884 3290 1968 (discessum
3322 1907 3400 1948 ex
3427 1882 3535 1948 illo
3562 1882 3852 1969 aedificio)
3883 1884 3993 1971 qui
4023 1883 4335 1949 moderate
4361 1886 4621 1951 delecta-

2925 1995 3034 2051 tur
3054 1988 3487 2075 pulcritudine
3512 1986 3815 2074 lapidum.
3893 1985 4207 2050 Nimirum
4225 1993 4480 2054 ποιεῖται
4505 2014 4623 2078 pro

2923 2096 3309 2172 περιποιεῖται
3341 2090 3582 2177 (Viger.
3612 2090 3705 2153 X.
3731 2108 3829 2169 14.
3860 2112 3925 2176 p.
3953 2090 4096 2153 288.
4122 2088 4274 2176 ibiq.
4297 2091 4617 2179 Hoogev.)

2924 2207 2989 2257 et
3015 2192 3240 2257 deinde
3282 2195 3317 2257 ὀ
3354 2195 3622 2275 ἀγαπῶν.
3714 2191 3838 2256 Sed
3868 2204 4074 2257 tamen
4118 2191 4254 2257 haec
4294 2194 4455 2259 ratio
4497 2195 4618 2260 du·

2924 2317 3063 2359 rum
3095 2294 3250 2410 quid
3281 2295 3491 2361 habet.
3582 2294 3792 2381 Igitur
3829 2294 3950 2358 alia
3974 2294 4249 2360 ineunda
4275 2311 4390 2375 est,
4420 2314 4493 2364 ut
4522 2299 4618 2365 vel

2918 2398 3207 2486 conjicias
3234 2404 3500 2463 πονεῖται
3537 2420 3653 2485 pro
3680 2403 3954 2471 ποιεῖται,
3984 2413 4047 2463 et
4089 2397 4258 2463 dicas
4301 2404 4612 2485 δυσχεραί-

2919 2526 3045 2567 νειν
3094 2525 3130 2565 e
3170 2499 3538 2588 glossemate
3582 2516 3822 2578 natum,
3869 2498 4003 2564 vel:
4053 2503 4217 2583 εἴπερ
4262 2504 4358 2567 καὶ
4401 2505 4483 2585 μὴ
4526 2510 4619 2572 δυ»

2917 2606 3254 2688 σχεραίνων
3280 2606 3592 2687 πορεύεται
3635 2606 3670 2666 ὁ
3712 2605 3959 2684 άγαπῶν
3990 2631 4043 2667 κ.
4066 2629 4117 2667 τ.
4137 2611 4196 2668 λ.
4286 2606 4614 2694 Siquidem

2913 2728 3025 2770 nec
3052 2707 3298 2772 moleste
3313 2709 3751 2794 proficiscetur
3781 2705 4084 2789 (discedet
4125 2729 4203 2771 ex
4233 2707 4527 2795 aedificio)
4557 2714 4615 2778 ie

2912 2811 3045 2898 qui,
3067 2823 3217 2882 cet.;
3261 2825 3328 2874 et
3356 2824 3523 2875 certe
3542 2808 3663 2873 hoc
3685 2807 3783 2873 vel
3814 2808 4189 2874 simillimum
4220 2809 4377 2897 quid
4399 2810 4617 2901 legisse

2915 2912 3164 2976 videtur
3186 2911 3461 2977 Ficinus.
3535 2915 4003 2998 Argumentum
4029 2912 4201 2998 quod
4230 2913 4453 2980 attinet
4474 2916 4615 2983 vide

2915 3037 3106 3103 supra
3132 3013 3411 3080 libellum
3439 3016 3516 3080 de
3541 3015 3845 3080 rationali
3872 3017 4071 3090 exitu,
4101 3030 4166 3080 et
4208 3040 4352 3104 quae
4385 3018 4474 3084 ibi
4501 3043 4611 3110 ap-

2911 3117 3090 3206 posui
3120 3136 3192 3204 p:
3210 3119 3313 3204 85.

2974 3257 3063 3269 -
3091 3237 3190 3303 17.
3235 3219 3350 3284 ὑπὸ
3390 3223 3591 3304 ψυχῆς
3635 3222 3898 3302 ἀδελφῆς
3942 3222 4359 3303 άγαθῆς-τήν
4389 3226 4612 3306 κόσμου

2911 3323 3148 3412 ψυχὴν]
3197 3324 3395 3395 Juvat
3437 3346 3749 3412 apponere
3791 3346 3936 3411 quae
3979 3325 4287 3391 Tholuck.
4330 3326 4611 3416 disputat

2913 3426 2976 3490 in
3034 3426 3195 3491 libro
3250 3428 3601 3512 Seu-fiemus
3660 3450 3722 3514 p.
3760 3445 3904 3513 232.
3966 3450 4099 3514 sq.:
4172 3436 4216 3469 ‘⁶
4247 3430 4393 3494 Non
4443 3432 4606 3498 enim

2913 3552 3108 3617 prope
3135 3530 3216 3594 ab
3254 3553 3329 3594 eo
3374 3529 3683 3614 (decreto)
3712 3530 3964 3609 absunt,
3992 3553 4139 3617 quae
4184 3531 4416 3599 habent
4454 3536 4608 3601 Inda·

2903 3633 2984 3698 de
3012 3633 3385 3698 Pur-Atma
3413 3648 3474 3698 et
3503 3633 3997 3698 Dschiv-Atma.
4090 3633 4261 3699 Illud
4288 3637 4460 3725 apud
4493 3640 4604 3703 In-

2902 3736 3017 3801 dos
3060 3736 3485 3823 aequiparatur
3524 3734 3966 3801 omniscientiae
4004 3735 4276 3812 divinae;
4323 3740 4608 3826 quietum

2902 3855 2996 3904 est
3025 3853 3088 3903 et
3116 3838 3476 3927 expeditum
3522 3838 3604 3903 ab
3642 3839 3809 3903 omni
3850 3839 4232 3914 mutatione;
4279 3842 4399 3907 hoc
4428 3866 4609 3909 mun-

2902 3942 3058 4006 dum
3097 3956 3406 4028 penetrat,
3439 3941 3771 4019 hominem,
3806 3941 4115 4021 animalia,
4146 3943 4390 4032 plantas
4417 3970 4603 4035 vege-

2903 4059 2997 4110 tas
3039 4045 3328 4122 reddenS,
3372 4060 3667 4131 arctaque
3709 4044 4159 4110 necessitudine
4202 4070 4266 4111 se
4314 4048 4606 4138 adjungit

2904 4148 3096 4213 menti
3140 4163 3204 4213 et
3242 4147 3521 4213 sensibus
3564 4147 3872 4211 humanis.
3932 4147 4081 4212 vid.
4114 4148 4328 4236 Ayeen
4356 4151 4603 4218 Akbari

2905 4274 3065 4315 vers.
3116 4252 3428 4315 Gladwin.
3475 4249 3684 4314 Lond.
3740 4251 3927 4316 1800.
3973 4251 4056 4314 T.
4091 4253 4209 4317 vl.
4256 4275 4321 4341 p.
4343 4256 4495 4341 389.
4539 4272 4602 4322 et

2904 4355 3067 4418 Dow
3095 4355 3374 4440 Histmy
3401 4353 3869 4438 oinndostan
3905 4369 4088 4436 1772.
4118 4375 4181 4433 4.
4274 4358 4366 4421 Et
4403 4381 4598 4445 quum

2907 4457 3067 4521 Ssufi
3101 4472 3226 4519 tam
3259 4454 3531 4519 studiose
3559 4453 3889 4532 inculcent,
3918 4455 4185 4522 animam
4217 4459 4438 4524 mundi
4464 4484 4597 4526 arc-

2901 4557 3134 4624 tissima
3176 4557 3541 4645 cognatione
3571 4581 3642 4622 ac
3672 4557 4120 4623 necessitudine
4161 4583 4303 4625 cum
4349 4563 4602 4629 numine

2900 4683 3241 4727 connexam
3280 4684 3410 4725 esse
3439 4675 3502 4725 et
3530 4659 3906 4748 copulatam,
3936 4683 4060 4726 non
4104 4662 4383 4751 ineptum
4415 4665 4598 4747 foret,

2902 4764 2985 4828 ad
3014 4779 3221 4851 patres
3246 4762 3383 4827 illos
3414 4762 3684 4828 ecclesias
3724 4763 4096 4829 Christianae
4123 4765 4346 4848 redire,
4370 4769 4602 4856 quibus

2906 4888 3269 4954 persuasum
3313 4881 3469 4945 erat,
3496 4880 3724 4953 praeter
3769 4866 4071 4954 Spiritum
4106 4870 4427 4951 Sanctum,
4458 4895 4602 4961 per-

2902 4992 3116 5058 peram
3152 4969 3310 5033 hanc
3351 4968 3415 5031 in
3460 4990 3591 5032 rem
3621 4984 3895 5057 raptum,
3927 4968 4108 5035 aliam
4153 4995 4285 5037 esse
4327 4974 4598 5042 animam

2903 5071 3308 5150 mundanam,
3351 5071 3492 5136 licet
3539 5070 3714 5137 nullo
3764 5073 3951 5138 modo
3996 5096 4036 5137 a
4078 5075 4221 5139 Deo
4267 5075 4594 5159 diversam,

2901 5174 3003 5239 cui
3032 5173 3409 5262 dispensatio
3434 5174 3756 5240 commissa
3793 5198 4000 5240 rerum
4046 5177 4323 5242 omnium
4355 5203 4598 5247 earum-

2901 5299 3028 5363 que
3056 5277 3443 5342 sustentatio.
3503 5279 3707 5364 Cujus
3726 5279 4057 5344 commenti
4088 5281 4437 5349 testimonia
4456 5308 4600 5350 oon-

2899 5379 3090 5467 gessit
3123 5380 3513 5444 doctissimus
3556 5380 3950 5446 Moshemius
3990 5382 4073 5447 ad
4118 5384 4598 5454 Cudworthium

2901 5505 2967 5569 p.
2992 5484 3178 5546 688.”
3267 5482 3447 5547 Idem
3492 5482 3880 5548 Tholuckius
3915 5508 3980 5548 m
4024 5487 4421 5555 annotatione
4448 5491 4596 5556 sub-

3366 5593 3410 5625 “
3439 5585 3625 5650 Venit
3663 5586 3813 5650 mihi
3859 5588 3994 5653 haec
4037 5589 4327 5656 scribenti
4357 5594 4600 5660 Plotini
