5118 6613
1091 519 1174 602 38

1084 702 1295 752 autem
1314 685 1597 775 dialogis,
1617 687 1890 765 Philebo,
1914 686 2207 765 Plaaedro,
2230 690 2581 776 Symposim
2605 710 2763 775 prae-

1082 790 1266 878 cipue
1313 789 1586 867 duobus,
1641 812 1798 876 quos
1849 802 2126 854 extremo
2173 789 2310 854 loco
2361 789 2542 878 posui
2592 790 2765 854 haud

1078 914 1289 980 panca
1316 895 1390 957 in
1415 914 1598 958 suam
1626 914 1758 956 rem
1799 892 1908 956 hoe
1944 894 2081 979 ipso
2105 893 2265 957 libro
2291 894 2592 958 convertit
2618 893 2762 958 Plo-

1082 997 1608 1062 tinum—Stoicos
1634 1016 1816 1059 nemo
1843 995 2034 1059 nescit
2062 995 2300 1059 honesti
2330 994 2645 1060 notionem
2669 994 2762 1059 in·

1082 1098 1333 1164 clusisse
1360 1096 1660 1163 vocabulo
1688 1102 1793 1161 τοῦ
1819 1102 2020 1172 καλοῦ,
2053 1109 2126 1162 ut
2153 1121 2213 1162 v.
2249 1120 2303 1162 c.
2339 1097 2668 1163 Cleanthes
2693 1096 2758 1161 in

1081 1200 1317 1289 hymno
1353 1200 1418 1264 in
1445 1200 1687 1266 Jovem.
1781 1200 1991 1286 Atque
2033 1199 2393 1289 Philosophi
2436 1215 2580 1265 ante
2626 1202 2752 1265 Ze—

1077 1326 1303 1369 nonem
1350 1302 1647 1381 Stoicum,
1677 1301 1788 1390 qui
1826 1302 2064 1390 primus
2093 1326 2306 1368 vocem
2351 1308 2603 1384 καθῆκον
2640 1326 2757 1392 pro

1077 1408 1273 1494 officio
1300 1405 1648 1493 usurpavit,
1680 1404 1783 1470 alii
1810 1405 1943 1469 aliis
1972 1405 2325 1471 nominibus
2353 1406 2624 1470 officium
2652 1405 2757 1471 de-

1075 1508 1388 1574 clararunt
1414 1508 1480 1572 in
1520 1508 1619 1572 his
1659 1522 1722 1573 et
1749 1507 2003 1573 vocibus
2034 1513 2218 1573 καλοῦ
2244 1520 2307 1573 et
2337 1511 2563 1591 ἀγαθοῦ
2594 1508 2749 1592 (vid.

1074 1635 1195 1677 van
1249 1611 1539 1699 Lynden.
1591 1610 1658 1674 in
1700 1610 1955 1698 Disput.
2011 1611 2090 1676 de
2141 1610 2424 1675 Panaetio
2475 1634 2539 1698 p.
2589 1612 2752 1696 89.).

1075 1715 1470 1803 Chrysippus
1484 1735 1633 1777 vero
1652 1712 1940 1801 pluribus
1962 1712 2134 1778 libris
2154 1713 2312 1778 hanc
2331 1712 2755 1801 gravissimam

1074 1817 1414 1882 doctrinam
1443 1815 1804 1903 complexus
1832 1831 1982 1881 erat.
2020 1816 2318 1903 (Diogen.
2353 1817 2558 1880 Iaaert.
2588 1817 2749 1881 VII.

1081 1939 1110 1983 1
1126 1941 1221 1985 10.
1254 1921 1603 2002 Χρύσιππος
1631 1920 1698 1983 ἐν
1717 1926 1839 1987 τοῖς
1863 1919 1997 2002 περὶ
2025 1924 2127 1983 τοῦ
2151 1923 2354 1998 καλοῦ,
2378 1919 2457 1984 cf.
2484 1918 2753 2005 Bagueti

1075 2024 1425 2088 Comment.
1459 2021 1539 2085 de
1578 2021 1915 2109 Chrysippi
1953 2022 2119 2099 vita,
2160 2021 2463 2086 Doctrina
2504 2035 2569 2086 et
2610 2019 2750 2085 reli-

1072 2125 1235 2213 quiis
1258 2128 1316 2211 §.
1343 2125 1523 2188 LIV.
1547 2139 1612 2189 et
1638 2124 1953 2211 praecipue
1978 2125 2036 2206 ξ.
2065 2125 2281 2189 CVII.
2299 2148 2367 2212 p.
2395 2143 2539 2210 259.
2562 2126 2746 2211 sqq.).

1073 2228 1490 2316 Explicabant
1516 2241 1725 2291 autem
1753 2226 1920 2291 varie
1958 2226 2026 2291 τὸ
2067 2227 2255 2291 καλὸν
2291 2226 2457 2292 illius
2499 2226 2750 2291 rationis

1071 2345 1419 2410 sectatores,
1448 2329 1543 2394 uti
1586 2328 1950 2415 intelligitur
1994 2353 2072 2394 ex
2114 2328 2406 2417 primario
2449 2329 2749 2418 Diogenis

1071 2433 1308 2500 Laertii
1351 2433 1489 2498 loco
1534 2432 1602 2496 in
1662 2434 1916 2497 Zenone
1963 2433 2125 2496 VII.
2172 2452 2311 2497 100.
2358 2431 2627 2520 indeque
2683 2432 2746 2497 in

1073 2536 1270 2602 Suida
1299 2537 1395 2601 11.
1429 2559 1493 2624 p.
1530 2555 1674 2621 233.
1706 2537 1895 2600 Kust.
1928 2548 1992 2599 et
2025 2536 2250 2599 Zonar.
2279 2534 2441 2599 Lex.
2472 2558 2538 2622 p.
2566 2555 2744 2622 1159.

1072 2639 1244 2704 Illud
1277 2638 1624 2704 Stoicorum
1662 2636 1959 2725 placitum
1987 2638 2207 2703 Solum
2243 2640 2582 2723 sapientem
2621 2659 2750 2702 esse

1065 2745 1358 2828 pulcrum
1398 2740 1561 2822 (Cic.
1609 2739 1689 2803 de
1734 2739 1922 2803 Finn.
1953 2740 2096 2803 ΙΙΙ.
2128 2742 2263 2824 22.)
2308 2739 2573 2827 propriis
2608 2762 2744 2804 ver-

1068 2843 1164 2907 bis
1200 2842 1472 2907 declarat
1502 2841 1789 2907 Clemens
1819 2840 2220 2905 Alexandria.
2255 2840 2512 2929 Paedag.
2548 2842 2647 2907 II.
2680 2865 2745 2929 p.

1073 2964 1214 3032 243.
1240 2946 1408 3010 Pott.
1443 2945 1532 3009 διὸ
1564 2945 1658 3008 καὶ
1684 2946 1863 3024 μόνος
1892 2947 1925 3008 ὁ
1950 2948 2265 3011 σπουδαῖος
2287 2945 2466 3012 καλὸς
2494 2945 2749 3027 κάγαθὸς

1069 3051 1253 3116 ὅντως
1281 3049 1464 3112 ἐστίν.
1500 3047 1605 3112 Cf.
1640 3049 1865 3111 Strom.
1897 3046 1991 3110 11.
2022 3070 2083 3132 p.
2110 3065 2259 3127 440.
2309 3047 2468 3124 Quae
2496 3071 2574 3111 ex
2607 3046 2748 3112 Pla-

1070 3164 1212 3215 tone
1255 3149 1592 3215 fluxerunt.
1663 3148 1804 3213 vid.
1849 3151 2104 3236 Protag.
2138 3171 2201 3235 p.
2235 3168 2384 3234 309.
2416 3151 2742 3215 C.—Pro-

1069 3252 1233 3318 xime
1274 3252 1423 3318 item
1460 3276 1500 3318 a
1538 3251 1814 3318 Platonis
1854 3250 2445 3339 Platonicorumque
2487 3251 2746 3318 decretis

1068 3357 1242 3422 abest
1288 3356 1446 3421 illud
1503 3355 1847 3421 Stoicorum
1897 3355 2237 3433 decretum,
2286 3378 2400 3442 per
2446 3354 2746 3443 pulcritu-

1067 3458 1276 3524 dinem
1325 3459 1679 3524 mortalium
1737 3457 1974 3523 animos
2027 3480 2171 3522 cum
2221 3459 2362 3522 Deo
2417 3457 2743 3524 conciliari.

1068 3562 1257 3643 Quod
1285 3563 1536 3651 quidem
1565 3561 1712 3651 ipsis
1739 3560 2025 3626 attribuit
2058 3559 2443 3625 lamblichus
2478 3560 2557 3624 de
2589 3561 2746 3625 Ani-

1065 3689 1170 3731 ma
1218 3666 1389 3754 apud
1443 3666 1613 3732 Stob.
1668 3665 1731 3730 in
1778 3663 2042 3752 Eclogg.
2075 3665 2156 3726 T.
2191 3665 2247 3727 Ι.
2298 3686 2361 3751 p.
2397 3664 2541 3748 918.
2590 3665 2745 3728 Plu-

1066 3770 1269 3835 turchi
1297 3783 1506 3833 autem
1533 3768 1771 3856 aliquot
1797 3766 1915 3833 loci
1943 3768 2023 3831 de
2052 3765 2472 3853 pulcritudine
2499 3780 2746 3832 exstant

1067 3870 1239 3959 apud
1279 3871 1598 3935 Stobaeum
1638 3871 1705 3934 in
1734 3868 2070 3955 Florilegio
2107 3869 2169 3932 in
2202 3867 2398 3934 titulis
2423 3871 2570 3951 ὑπὲρ
2600 3869 2741 3933 κάλ-

1067 3982 1211 4040 λους
1237 3987 1300 4037 et
1329 3975 1475 4037 κατὰ
1503 3972 1755 4039 κάλλους
1786 3971 2098 4055 (LXIII.
2131 3984 2192 4035 et
2224 3972 2477 4036 LXIV.
2507 3995 2572 4059 p.
2591 3973 2741 4052 408.

1068 4076 1153 4139 cf.
1183 4094 1330 4154 410.
1374 4097 1438 4160 p.
1470 4073 1622 4157 496.
1669 4087 1732 4137 et
1767 4089 1913 4158 502.
1968 4072 2316 4158 Gaisford.)
2363 4073 2630 4161 indeque
2676 4074 2743 4138 in

1069 4175 1391 4242 Plutarchi
1431 4175 1633 4262 fragg.
1682 4197 1744 4262 p.
1794 4174 1941 4259 857.
1987 4196 2078 4260 sq.
2125 4173 2224 4238 ed.
2258 4175 2594 4262 Wyttenb.
2639 4176 2738 4240 ed.

1068 4279 1217 4343 min.
1244 4281 1448 4344 Oxou.
1481 4300 1611 4365 quo
1631 4275 1877 4341 nomine
1905 4290 2119 4340 utrum
2140 4276 2466 4364 peculiaris
2485 4279 2742 4365 quidam

1070 4380 1386 4448 Plutarchi
1426 4379 1692 4462 libellus,
1733 4403 1814 4444 an
1857 4393 2295 4466 argumentum
2343 4379 2534 4468 hujus
2575 4381 2740 4446 dun-

1068 4498 1241 4549 taxat
1284 4483 1400 4548 loci
1444 4505 1526 4548 ex
1569 4482 1752 4549 titulo
1797 4482 2107 4547 Sermonis
2155 4482 2465 4547 Stobaeani
2512 4483 2741 4570 signifi-

1066 4600 1265 4665 cetur,
1289 4586 1594 4651 incretum
1622 4609 1750 4650 esse
1779 4599 1990 4650 monet
2009 4584 2172 4650 idem
2196 4585 2736 4672 wyttenbachius,

1069 4689 1244 4754 Novi
1281 4689 1664 4754 Testamenti
1692 4689 2015 4776 scriptores
2042 4710 2184 4753 cum
2216 4686 2563 4752 Stoicorum
2594 4689 2737 4754 Pla-

1066 4790 1536 4878 tonicorumque
1581 4790 1876 4879 loquendi
1929 4814 2045 4856 usu
2090 4791 2157 4855 in
2206 4790 2322 4854 hac
2363 4814 2512 4854 voce
2564 4814 2741 4856 usur-

1065 4894 1275 4983 panda
1301 4907 1675 4981 congruunt,
1704 4894 1994 4958 nimirum
2016 4893 2082 4958 in
2109 4916 2204 4970 e0,
2236 4906 2307 4957 ut
2335 4892 2402 4955 τὸ
2437 4893 2624 4958 καλὸν
2649 4893 2743 4958 di-

1066 5011 1212 5063 cant
1266 5020 1383 5085 pro
1430 4998 1726 5062 Honesto.
1819 4996 1941 5075 Sic,
1998 5009 2068 5060 ut
2110 4995 2226 5060 hoc
2284 5008 2450 5074 utar,
2496 4996 2742 5062 Paulus

1067 5101 1420 5190 Apostolus,
1442 5098 1627 5186 plane
1656 5098 1746 5164 uti
1769 5097 2077 5177 Plotinus,
2100 5097 2158 5162 ei
2184 5096 2442 5185 opponit
2463 5096 2531 5160 τὸ
2564 5098 2740 5163 κακὸν

1069 5206 1257 5269 Rom.
1292 5203 1450 5268 VII.
1488 5221 1588 5268 21.
1631 5201 1768 5266 coll.
1802 5225 1891 5266 νε.
1920 5202 2017 5265 18.
2069 5199 2251 5264 Idem
2293 5199 2360 5263 in
2403 5198 2613 5286 Epist.
2657 5200 2737 5265 ad

1069 5305 1279 5372 Galat.
1313 5304 1428 5369 lv.
1457 5305 1554 5369 18.
1587 5302 1800 5368 eodem
1832 5326 2013 5367 sensu
2048 5301 2358 5390 eleganter
2390 5300 2607 5389 jungit
2635 5328 2736 5367 κα-

1067 5409 1183 5474 λὸν
1229 5412 1408 5495 καλῷ.
1498 5408 1599 5472 De
1647 5407 1723 5471 V.
1758 5407 1842 5470 T.
1899 5407 2263 5471 Graecorum
2315 5406 2739 5492 Interpretum

1069 5509 1249 5575 simili
1275 5509 1568 5600 loquendi
1596 5532 1717 5575 usu
1758 5507 1943 5597 plura
1968 5507 2143 5574 dabit
2170 5506 2416 5574 Brelius
2443 5505 2509 5572 in
2540 5507 2733 5573 Thes.

2052 516 2810 583 ANNOTATIONE
2829 517 2873 582 S
2942 516 3044 581 IN
3112 516 3554 581 PLOTINI

2849 689 2947 753 ΙΙ.
2968 710 3035 776 Ρ.
3053 708 3188 755 102.
3218 688 3511 753 Eundem
3537 688 3726 753 secuti
3750 702 3895 753 sunt
3911 687 4207 754 Ecclesiae
4234 687 4513 754 doctores

2846 790 2927 855 ad
2980 804 3316 855 extremam
3368 814 3567 879 usque
3617 791 4327 856 aetatem—Platonicos
4366 790 4514 856 item

2844 895 3213 959 recentiores
3254 893 3373 958 hoc
3415 895 3551 981 ipso
3603 909 3969 981 argumento
4016 891 4217 981 pulcri
4261 892 4514 959 mirifice

2844 995 3032 1061 fuisse
3054 996 3385 1062 delectatos
3404 1011 3676 1084 arguunt
3698 996 3889 1084 ipsius
3911 995 4145 1061 Plotini
4162 996 4508 1061 Enneades.

2845 1098 2973 1177 Qui
3007 1097 3257 1163 familiae
3300 1120 3525 1185 parens
3553 1097 3908 1186 Porphyrii,
3942 1096 4303 1171 Iamblichi;
4352 1100 4509 1162 Pro·

2839 1200 3042 1288 clique
3070 1200 3589 1289 disputationibus
3615 1199 3821 1266 locum
3854 1199 4025 1280 fecit,
4053 1222 4319 1287 quarum
4361 1222 4508 1286 par·

2841 1303 2954 1369 tim
2980 1304 3211 1369 mentio
3238 1305 3345 1370 fiet
3374 1304 3438 1368 in
3473 1303 3971 1369 annotationibus
4007 1303 4072 1367 in
4110 1303 4277 1367 hunc
4305 1302 4508 1389 ipsum

2838 1405 3087 1472 librum.
3134 1407 3339 1471 Nihil
3323 1407 3516 1495 lgitur
3537 1407 3786 1485 mirum,
3808 1405 3957 1493 ipsis
3975 1406 4273 1470 Ecclesiae
4295 1406 4513 1470 Chris-

2839 1511 3031 1575 tianae
3059 1511 3379 1598 patr-alme,
3408 1510 3519 1597 qui
3552 1509 3806 1597 quidem
3842 1510 3924 1573 ad
3961 1509 4328 1574 Graecorum
4356 1508 4511 1573 Phi·

2839 1611 3128 1700 Iosophos
3170 1636 3235 1677 se
3276 1626 3734 1700 aggregassent,
3762 1612 3930 1676 hunc
3958 1611 4224 1676 eundem
4250 1610 4326 1674 de
4353 1611 4508 1675 Pul-

2837 1737 2944 1780 cro
2989 1718 3128 1802 ipso
3172 1715 3375 1780 locum
3416 1713 3842 1802 pel-placuisse.
3936 1713 4035 1779 Sic
4079 1726 4149 1777 ut
4186 1713 4304 1778 hoc
4345 1729 4504 1789 utar,

2838 1816 3104 1882 eundem
3140 1818 3346 1905 attigit
3374 1817 3661 1883 Clemens
3689 1815 4211 1881 Alexandrinus
4194 1839 4259 1880 m
4291 1816 4508 1882 Paeda·

2837 1943 3003 2006 gogo
3029 1920 3391 2008 praesertim,
3417 1920 3480 1984 in
3512 1919 3651 1985 libri
3680 1919 3846 1984 tertii
3873 1918 4071 1996 initio,
4099 1917 4273 2006 quod
4299 1917 4508 1983 inscri-

2837 2022 3009 2087 bitur
3056 2023 3190 2105 περὶ
3238 2022 3491 2090 κάλλους
3534 2023 3838 2103 ἀληθινοῦ.
3927 2021 4109 2085 Licet
4153 2043 4299 2085 vero
4346 2021 4503 2085 hanc

2835 2124 3177 2189 doctrinam
3226 2148 3351 2190 non
3400 2124 3686 2190 subtilius
3738 2147 3941 2211 neque
3996 2122 4503 2211 philosophorum

2836 2250 3006 2292 more
3054 2226 3318 2314 explicet
3365 2226 3684 2292 Clemens:
3735 2241 3939 2292 tamen
3993 2226 4157 2291 idem
4208 2225 4506 2291 nonnulla

2832 2330 3040 2410 habet,
3077 2354 3221 2417 quae
3259 2329 3664 2395 reconditiora
3706 2344 3851 2394 sunt
3888 2328 4277 2415 maximeque
4319 2328 4504 2414 perti-

2830 2433 3039 2498 nentia
3064 2433 3146 2497 ad
3184 2456 3352 2498 sacra
3378 2446 3779 2497 monumenta
3805 2433 3851 2495 J
3856 2431 4201 2497 udaeorum.
4279 2432 4503 2518 Neque

2836 2559 2978 2600 vero
3021 2535 3225 2600 minus
3266 2534 3368 2600 ille
3409 2548 3551 2600 ante
3580 2534 3897 2599 Plotinum
3928 2534 4278 2599 Plotiniano
4315 2535 4500 2600 modo

2830 2638 3073 2704 fabulas
3101 2637 3514 2702 Ethnicorum
3540 2636 3811 2725 attigisse
3840 2637 4137 2701 dicendus
4165 2652 4276 2701 est.
4366 2638 4500 2702 Aw-

2831 2742 3030 2804 relius
3067 2763 3215 2805 vero
3257 2742 3671 2828 Augustinus
3713 2739 4046 2804 identidem
4081 2739 4161 2804 ad
4203 2739 4502 2827 pulcritu-

2830 2842 2992 2907 dinis
3020 2842 3388 2907 mentionem
3430 2842 3690 2907 recurrit
3714 2841 3777 2905 in
3810 2842 3991 2906 variis
4033 2841 4222 2907 libris.
4312 2843 4501 2907 Nunc

2832 2944 3147 3009 classicum
3172 2944 3366 3032 ipsius
3391 2944 3596 3008 locum
3623 2944 4008 3032 proferemus
4038 2943 4327 3032 undeque
4353 2969 4500 3012 con-

2831 3061 2971 3125 stet,
3002 3046 3259 3112 eandem
3299 3047 3614 3111 materiam
3657 3047 3738 3112 ab
3780 3046 3997 3111 eodem
4035 3047 4374 3134 expositam
4401 3049 4499 3113 fu-

2829 3150 2947 3214 isse
2994 3149 3370 3236 quibusdam
3406 3149 3832 3237 peculiaribus
3887 3150 4086 3214 libris.
4180 3151 4281 3214 Ita
4336 3150 4499 3216 enim

2826 3252 2928 3318 ille
2955 3252 3021 3317 in
3052 3251 3522 3318 Confessionum
3549 3251 3656 3317 lib.
3691 3252 3804 3318 IV.
3837 3274 3974 3340 cap.
4007 3272 4102 3340 13.
4134 3253 4314 3318 Tom.
4344 3253 4401 3318 1.
4431 3276 4496 3343 p.

2834 3374 2974 3436 104.
3007 3355 3107 3421 ed.
3142 3355 3367 3420 Paris.:
3418 3362 3466 3395 ‘⁶
3490 3356 3650 3420 Haec
3689 3377 3856 3420 nunc
3906 3378 4031 3420 non
4057 3363 4392 3434 noveram,
4437 3372 4499 3422 et

2827 3459 3109 3523 amabam
3146 3461 3372 3548 pulcra
3400 3457 3689 3522 inferiora
3716 3471 3778 3522 et
3804 3458 3969 3522 ibam
3997 3457 4062 3522 in
4089 3459 4495 3547 profundum,

2828 3577 2892 3625 et
2918 3561 3195 3626 dicebam
3234 3560 3442 3626 amicis
3485 3560 3670 3625 meis:
3717 3583 3869 3624 num
3914 3583 4193 3626 amamus
4238 3561 4493 3650 aliquid,

2828 3663 2942 3727 nisi
2969 3664 3302 3751 pulcrum?
3349 3662 3518 3742 Quid
3547 3678 3661 3742 est,
3689 3662 3861 3750 quod
3902 3685 4015 3728 nos
4048 3663 4236 3729 allicit
4264 3679 4325 3729 et
4356 3688 4498 3730 con-

2826 3766 2990 3831 ciliat
3017 3766 3224 3846 rebus,
3255 3789 3412 3852 quas
3439 3770 3760 3830 amamus?
3793 3765 3930 3830 Nisi
3952 3765 4115 3830 enim
4142 3780 4299 3831 esset
4318 3767 4384 3832 in
4411 3767 4496 3834 eis

2826 3868 3015 3934 decus
3040 3884 3102 3934 et
3131 3868 3378 3956 species,
3409 3867 3581 3933 nullo
3607 3868 3794 3933 modo
3822 3891 3934 3933 nos
3960 3868 4042 3933 ad
4070 3892 4133 3933 se
4160 3883 4492 3934 moverent.

2828 3973 2919 4036 Et
2945 3971 3503 4036 animadvertebam
3532 3986 3595 4036 et
3622 3969 3907 4036 videbam
3938 3973 4008 4035 in
4037 3973 4197 4058 ipsis
4223 3973 4496 4058 corpori-

2825 4075 2939 4139 bus
2965 4074 3207 4162 aliquid
3231 4076 3413 4161 quasi
3441 4083 3634 4138 totum
3671 4083 3731 4138 et
3769 4074 3905 4138 ideo
3934 4074 4231 4160 pulcrum
4249 4098 4271 4136 .-
4315 4073 4496 4138 aliud

2825 4186 3052 4254 autem,
3079 4177 3241 4263 quod
3266 4176 3401 4241 ideo
3428 4176 3682 4257 deceret,
3698 4178 3991 4264 quoniam
4008 4185 4152 4263 apte
4169 4196 4495 4241 accommo-

2824 4279 3088 4343 daretur
3104 4280 3319 4356 alicui,
3348 4281 3512 4344 sicut
3522 4301 3688 4366 pars
3715 4281 3994 4366 emporis
4017 4281 4104 4343 ad
4128 4281 4493 4344 universum

2822 4402 3029 4461 suum,
3073 4395 3182 4446 aut
3224 4381 3702 4447 calceamentum
3751 4379 3832 4445 ad
3878 4380 4096 4467 pedem
4147 4395 4211 4446 et
4253 4381 4485 4447 similia.

2825 4485 2915 4548 Et
2958 4483 3045 4548 ita
3091 4483 3494 4549 consideratio
3538 4482 3854 4548 scaturivit
3890 4482 3955 4547 in
3996 4483 4204 4549 animo
4239 4508 4379 4551 meo
4414 4507 4492 4549 ex

2823 4586 3042 4651 intimo
3073 4586 3257 4651 corde
3300 4608 3456 4665 meo,
3487 4595 3547 4650 et
3571 4587 3800 4674 scripsi
3827 4586 4018 4651 libros
4055 4588 4129 4652 de
4156 4589 4408 4667 Pulcra,
4435 4596 4494 4652 et

2824 4688 3008 4776 Apto,
3028 4699 3186 4777 puto
3213 4689 3367 4753 duos
3393 4698 3509 4753 aut
3536 4698 3682 4753 tres.
3770 4689 3879 4754 Tu
3921 4689 4057 4765 scis,
4091 4691 4267 4754 Deus
4286 4740 4301 4753 .
4348 4711 4491 4754 nam

2823 4791 3052 4856 excidit
3077 4791 3249 4856 mihi.
3338 4792 3487 4855 Non
3513 4791 3676 4856 enim
3702 4790 4002 4856 habemus
4029 4815 4153 4869 eos,
4184 4790 4292 4855 sed
4319 4790 4492 4855 aber-

2823 4908 3117 4958 raverunt
3142 4916 3182 4957 a
3206 4892 3404 4972 nobiS,
3432 4892 3637 4958 nescio
3654 4894 4025 4980 quomodo.”
4108 4895 4279 4971 Quos
4307 4891 4358 4957 si
4384 4892 4491 4956 ha-

2825 4995 3109 5060 beremus
3164 4994 3372 5073 libros,
3430 4996 3660 5061 latinos
3729 4994 3928 5083 quasi,
3981 5016 4269 5081 magnam
4325 5009 4490 5060 certe

2822 5111 3083 5185 partem,
3110 5097 3476 5163 haberemus
3503 5097 3885 5164 Plotinianos
3926 5119 4112 5183 super
4146 5095 4361 5161 eodem
4389 5120 4490 5162 ar·

2820 5216 3119 5288 gumento
3146 5199 3422 5289 scriptos.
3481 5201 3715 5279 Quanti
3742 5199 3903 5265 enim
3931 5197 4147 5262 fecerit
4168 5199 4488 5264 Plotinum

2819 5303 3239 5391 Augustinus,
3269 5326 3458 5390 quam
3481 5303 3871 5368 vehementer
3898 5322 4042 5364 eum
4069 5311 4384 5367 auctorem
4410 5302 4489 5368 sit

2821 5421 3086 5485 secutus,
3128 5406 3318 5471 fidem
3366 5405 3603 5471 faciunt
3647 5404 3763 5470 loci
3815 5417 3877 5467 et
3917 5401 4149 5489 quibus
4190 5426 4333 5469 eum
4379 5405 4488 5470 ad-

2822 5505 3048 5596 scripto
3077 5508 3322 5575 nomine
3347 5521 3549 5589 ornat,
3578 5521 3642 5574 et
3666 5505 3790 5586 alii,
3817 5527 3975 5592 quos
4001 5528 4081 5570 ex
4114 5506 4485 5573 Enneadum
