5118 6613
1583 534 1897 600 INDEX
1943 535 2287 601 RERUM
2335 538 2465 602 ET
2509 536 3073 604 VERBORUM.

577 710 897 773 Democriti
922 709 1105 770 oratio
1332 711 1451 769 Fic.
1480 729 1537 788 p.
1563 724 1676 786 525

579 792 897 853 Democriti
925 794 1103 851 atomi
1335 792 1454 850 Fic.
1482 811 1538 870 p.
1566 807 1678 865 272

576 876 832 934 defectus
859 894 1043 933 rerum
1072 893 1254 933 causae
1329 873 1454 932 Fic.
1484 893 1541 950 p.
1561 873 1680 946 438

576 958 827 1017 defectus
855 955 1053 1015 melior
1079 967 1138 1014 et
1163 955 1411 1014 deterior
1433 953 1559 1032 quis

1333 1035 1453 1094 Fic.
1480 1055 1537 1114 p.
1570 1053 1679 1112 129

577 1117 832 1178 definitio
860 1117 1041 1196 qualis
1068 1136 1193 1176 esse
1219 1116 1425 1176 debeat
1557 1117 1674 1192 697

577 1199 971 1260 definitionum
1001 1219 1155 1258 error
1567 1213 1676 1273 177

574 1280 932 1342 definitiones
967 1278 1294 1340 essentiales
1319 1278 1550 1337 inventu
1579 1298 1680 1337 cur

655 1361 910 1422 difficiles
1564 1376 1677 1437 179

573 1443 903 1504 deformitas
928 1442 1065 1520 quid
1363 1441 1481 1500 Fic.
1511 1462 1570 1521 p.
1596 1459 1674 1517 93

575 1524 951 1584 deformitatis
977 1521 1230 1582 definitio
1600 1538 1674 1599 75

575 1607 611 1666 d
717 1604 930 1665 neratio
952 1625 1134 1664 rerum
1159 1603 1363 1682 duplex
1397 1603 1462 1662 F.
1481 1623 1540 1682 p.
1561 1603 1675 1679 238

575 1687 613 1748 11
668 1687 903 1746 iberatio
943 1687 1015 1745 de
1054 1685 1258 1764 quibus
1300 1685 1467 1744 rebus
1510 1684 1675 1744 insti-

656 1781 846 1828 tuatur
1333 1767 1381 1825 F
1383 1767 1449 1824 10.
1479 1787 1533 1844 p.
1554 1783 1673 1842 407

575 1851 751 1909 densa
770 1869 871 1909 cur
892 1847 1141 1908 medium
1167 1859 1365 1925 petant
1401 1847 1465 1904 F.
1484 1868 1541 1926 p.
1564 1847 1676 1905 168

575 1929 856 1992 deteriora
898 1929 1187 2008 quomodo
1238 1928 1494 1988 universo
1542 1949 1678 1987 con-

659 2012 873 2071 ducant
1609 2026 1672 2087 15

575 2095 738 2154 Deus
764 2091 902 2171 quid
1367 2089 1484 2149 Fic.
1513 2110 1572 2169 p.
1605 2108 1675 2167 17

575 2175 736 2234 Deus
763 2188 853 2232 est
878 2192 1046 2233 causa
1072 2192 1255 2233 causae
1562 2187 1672 2249 753

573 2256 711 2316 deus
737 2256 1026 2334 quomodo
1053 2254 1262 2333 ubique
1302 2265 1361 2313 et
1399 2273 1675 2331 nusquam

655 2339 733 2397 sit
1560 2351 1676 2411 750

575 2418 713 2478 deus
759 2415 1098 2498 principium
1145 2429 1202 2476 et
1249 2415 1376 2475 finis
1418 2416 1675 2474 omnium

657 2518 840 2559 rerum
1326 2496 1443 2556 Fic.
1473 2517 1531 2576 p.
1567 2497 1676 2555 116

576 2582 714 2641 deus
740 2591 938 2657 suapte
966 2591 1166 2637 natura
1194 2578 1419 2637 libertas
1561 2593 1674 2655 745

575 2662 714 2722 deus
743 2680 999 2720 summus
1041 2659 1348 2739 intellectui
1378 2658 1679 2738 praeficitur

656 2763 692 2802 a
717 2742 957 2802 Platone
1561 2757 1677 2817 729

576 2824 715 2884 deus
740 2823 971 2883 sibimet
1000 2842 1112 2880 non
1143 2821 1470 2881 dominatur
1560 2821 1678 2897 746

577 2905 717 2965 deus
735 2924 852 2963 uno
880 2903 994 2962 ictu
1019 2902 1353 2982 virtutisque
1384 2916 1678 2962 momento

653 2999 860 3046 cuncta
885 2984 1166 3063 disposuit
1556 2985 1673 3060 692

576 3068 713 3127 deus
740 3085 913 3146 purus
940 3079 1101 3124 actus
1326 3066 1447 3125 Fic.
1478 3085 1537 3144 p.
1563 3065 1675 3123 280

576 3150 714 3208 deus
741 3148 932 3208 existit
958 3147 1035 3217 id,
1065 3147 1215 3225 quod
1244 3148 1423 3207 voluit
1561 3163 1672 3222 747

577 3230 713 3290 deus
738 3249 851 3309 0110
877 3227 1097 3287 1011000
1138 3248 1199 3288 se
1237 3229 1422 3309 ipsum
1465 3227 1676 3287 intelli-

576 3326 753 3453 deffit
767 3392 1056 3471 quomodo
1117 3391 1327 3452 formas
1387 3327 1678 3471 1010117103οἵ

656 3476 908 3533 materiae
1325 3473 1444 3532 Fic.
1474 3493 1531 3551 p.
1560 3490 1672 3548 272

576 3556 715 3616 deus
738 3557 824 3615 sui
852 3553 1028 3634 ipsius
1056 3575 1217 3614 amor
1557 3570 1677 3632 749

574 3638 710 3697 deus
738 3657 995 3696 summus
1015 3636 1301 3715 quomodo
1323 3635 1676 3696 intellectum

653 3730 889 3798 generet
1556 3717 1677 3792 464

575 3800 714 3859 deus
740 3799 832 3859 cui
862 3820 975 3858 non
1006 3799 1153 3858 adsit
1560 3799 1674 3876 765

574 3881 713 3941 110118
721 3879 1045 3940 extiteritne
1055 3882 1379 3960 priusquam
1389 3880 1547 3937 fieret
1559 3895 1591 3954 7
1599 3893 1676 3954 50

574 3963 709 4022 deus
725 3982 841 4021 non
860 3963 934 4021 ab
950 3961 1173 4021 actione
1190 3963 1377 4020 bonus
1406 3961 1469 4019 F.
1490 3981 1545 4037 p.
1564 3980 1586 4018 1
1605 3961 1676 4019 16

575 4044 711 4103 deus
763 4042 899 4102 licet
946 4062 1014 4102 ex
1063 4063 1134 4101 eo
1181 4041 1371 4100 omnia
1423 4043 1673 4109 effluant,

654 4125 804 4184 haud
833 4137 1024 4183 tamen
1056 4123 1326 4182 minuitur
1557 4124 1670 4198 767

571 4206 708 4266 deus
734 4225 991 4266 summus
1012 4205 1299 4283 quomodo
1322 4216 1537 4263 naturae
1560 4224 1675 4262 suae

655 4287 880 4347 libertas
906 4287 1094 4366 potius
1121 4286 1354 4355 dicatur,
1373 4306 1540 4364 011010
1571 4286 1672 4343 do·

656 4368 843 4428 minus
1559 4383 1677 4442 700

574 4450 713 4509 deus
754 4469 788 4509 a
822 4448 1062 4508 Platone
1099 4468 1200 4507 cur
1226 4448 1432 4507 decens
1471 4460 1530 4506 et
1570 4467 1677 4526 op-

653 4543 960 4609 portunum
989 4529 1205 4589 dicatur
1559 4544 1677 4608 749

574 4613 711 4672 deus
738 4613 1005 4670 omnibus
1033 4612 1288 4690 providet
1558 4628 1589 4668 2
1606 4629 1670 4686 13

574 4693 712 4752 deus
739 4712 909 4771 super
932 4705 1144 4752 statum
1325 4690 1442 4750 Fic.
1471 4711 1530 4770 p.
1555 4692 1671 4768 653

572 4775 711 4834 deus
738 4786 937 4833 centro
965 4774 1196 4852 spbaerae
1225 4785 1583 4850 comparatur

1329 4854 1446 4913 Fic.
1476 4874 1533 4933 p.
1565 4871 1670 4930 117

572 4937 710 4995 deus
738 4937 835 4994 ubi
863 4934 1154 5015 perspicue
1181 4935 1368 4995 luceat
1557 4937 1673 5013 765

572 5019 708 5078 deus
734 5037 904 5096 supra
928 5017 1310 5097 cognitionem
1338 5015 1649 5076 collocatus

1265 5098 1272 5105 ’
1325 5097 1445 5157 Fic.
1472 5119 1530 5178 p.
1556 5099 1669 5176 653

572 5181 709 5240 deus
736 5198 853 5239 non
882 5192 971 5238 est
998 5180 1199 5249 bonus,
1222 5178 1323 5238 sed
1352 5180 1562 5238 bonum
1592 5180 1675 5258 ip-

651 5281 778 5320 sum
1555 5275 1672 5336 532

571 5342 710 5402 deus
737 5354 935 5401 centro
961 5340 1163 5401 similis
1559 5341 1676 5415 766

574 5424 713 5483 deus
737 5423 796 5481 in
819 5423 1121 5483 condendo
1143 5422 1359 5481 mundo
1384 5421 1673 5481 consulta·

655 5507 810 5564 tione
836 5525 955 5564 non
983 5517 1073 5563 est
1098 5524 1231 5562 usus
1555 5505 1672 5579 548

570 5586 711 5646 110118
737 5585 931 5645 animo
960 5605 1075 5644 non
1103 5584 1306 5643 dicitur
1332 5581 1532 5643 similis

1366 5663 1487 5723 Fic.
1516 5685 1571 5744 p.
1602 5681 1668 5740 17

661 5768 851 5822 vol..
889 5767 1013 5820 111.

1769 709 1909 768 deus
1939 708 1996 768 in
2027 712 2248 769 cunctis
2756 712 2868 770 108

1766 791 1905 849 deus
1942 811 2058 850 000
2102 792 2283 851 aufert
2312 793 2474 851 rebus
2503 791 2588 850 vel
2621 791 2869 851 minimis

1848 871 2097 950 proprias
2127 873 2378 932 actiones
2529 873 2647 932 Fic.
2676 893 2729 950 p.
2747 873 2869 947 446

1767 953 1906 1012 deus
1918 974 2031 1012 non
2047 953 2352 1035 aspicitura
2363 952 2728 1033 voluptuariis
2754 973 2784 1013 2
2798 973 2870 1030 14

1764 1034 1903 1094 deus
1931 1037 2217 1114 quomodo
2245 1037 2466 1117 singula
2491 1034 2773 1112 intelligat

2521 1117 2638 1176 Fic.
2668 1137 2727 1196 p.
2745 1135 2863 1193 443

1764 1197 1901 1257 deus
1938 1218 2054 1257 non
2089 1210 2343 1257 mutatur
2367 1203 2643 1278 cujusque
2685 1200 2866 1276 preci-

1845 1280 1949 1338 bus
2507 1279 2633 1338 Fic.
2665 1300 2721 1357 p.
2746 1280 2865 1356 356

1762 1360 1900 1418 deus
1912 1359 2119 1439 ubique
2136 1360 2313 1428 adest,
2327 1380 2442 1418 non
2455 1361 2728 1419 accedens
2747 1377 2779 1437 5
2790 1379 2820 1418 2
2830 1377 2860 1436 7

1763 1440 1899 1500 deus
1937 1442 2154 1500 virtutis
2189 1440 2550 1521 principium,
2581 1441 2869 1521 exemplar

1844 1536 1902 1582 et
1929 1522 2050 1601 ipsa
2077 1522 2253 1582 virtus
2552 1523 2675 1582 Fic.
2704 1543 2762 1602 p.
2793 1539 2861 1599 17

1764 1603 1900 1662 deus
1928 1624 1963 1663 a
1990 1617 2149 1662 motu
2176 1603 2391 1664 alienus
2508 1603 2632 1663 Fic.
2661 1623 2720 1682 p.
2744 1605 2860 1681 653

1762 1687 1901 1744 deus
1928 1684 2130 1744 virtute
2157 1705 2300 1764 opus
2329 1705 2444 1742 non
2472 1686 2648 1744 habet
2794 1705 2814 1744 1
2832 1704 2862 1744 2

1761 1766 1898 1825 deus
1926 1786 1961 1825 a
1990 1780 2149 1824 motu
2177 1780 2237 1825 et
2262 1765 2452 1844 quiete
2479 1766 2698 1825 alienus
2747 1782 2865 1846 529

1762 1847 1900 1907 deus
1932 1868 2044 1905 non
2077 1849 2248 1907 habet
2277 1846 2509 1906 virtutes
2558 1848 2678 1908 Fic.
2707 1868 2766 1927 p.
2796 1867 2861 1925 17

1763 1929 1902 1987 deus
1945 1931 2004 1987 in
2031 1928 2248 1988 entium
2281 1927 2482 1988 ordine
2518 1949 2636 1988 non
2675 1928 2862 1989 conti·

1842 2024 2011 2069 netur
2745 2027 2857 2088 531

1762 2090 1900 2150 110118
1929 2111 2047 2150 000
2078 2091 2368 2151 mutabilia
2401 2090 2750 2151 mutabiliter
2776 2094 2862 2150 in-

1843 2172 2052 2251 telligit
2518 2174 2569 2231 F
2570 2173 2638 2231 10.
2668 2194 2722 2252 p.
2743 2191 2866 2249 444

1762 2254 1901 2312 deus
1947 2252 2336 2334 contingentia
2382 2252 2617 2313 firmiter
2664 2254 2865 2334 praevi-

1841 2336 1940 2394 det
2787 2334 2864 2394 ib.

1764 2414 1902 2474 detis
1949 2415 2177 2475 libertas
2231 2416 2399 2475 simul
2445 2429 2506 2476 et
2550 2415 2866 2476 dominatio

1842 2517 2065 2556 summa
2747 2515 2864 2575 700

1761 2578 1900 2638 deus
1945 2598 2202 2637 summus
2249 2599 2352 2639 nec
2393 2577 2563 2639 scribi
2608 2598 2713 2639 000
2752 2578 2864 2639 dici

1845 2671 2032 2738 potest
2746 2661 2858 2735 761

1762 2740 1854 2799 dei
1883 2739 2146 2810 essentia,
2174 2741 2453 2812 voluntas,
2482 2744 2632 2801 aetio
2657 2739 2806 2800 idem

1761 2902 1850 2962 dei
1878 2915 2036 2961 actus
2064 2902 2244 2981 qualis
2514 2903 2633 2963 Fic.
2662 2923 2721 2982 p.
2747 2837 2866 2962 32}

1760 2984 1849 3043 dei
1878 2995 2080 3043 natura
2105 3005 2231 3064 quoe
2743 2985 2859 3063 695

1760 3064 1850 3124 dei
1872 3066 2024 3124 dona
2045 3066 2152 3124 tria
2173 3066 2336 3125 rebus
2357 3066 2489 3125 data
2532 3064 2652 3125 Fic.
2674 3087 2730 3144 p.
2751 3086 2775 3126 1
2793 3083 2860 3142 17

1760 3146 1852 3206 dei
1892 3145 1987 3225 qui
2028 3146 2454 3216 obliviscuntur,
2497 3146 2709 3225 duplici
2750 3167 2866 3207 ser-

1844 3246 2015 3286 mone
2041 3229 2109 3287 ad
2140 3228 2297 3288 illum
2328 3229 2628 3289 revocandi
2743 3230 2864 3304 482

1759 3308 1851 3369 dei
1882 3310 2235 3390 propriorum
2265 3311 2715 3391 unumquodque
2740 3332 2864 3370 om-

1840 3393 1938 3450 nia
1963 3392 2224 3452 continet
2745 3393 2860 3470 693

1762 3472 1852 3531 1101
1880 3475 2128 3553 dignitas
2158 3473 2214 3532 in
2244 3494 2358 3552 quo
2386 3473 2665 3534 consistat
2747 3475 2865 3548 728

1762 3555 1852 3614 dei
1882 3555 2184 3614 consilium
2213 3555 2484 3614 rationale
2511 3555 2644 3633 quid
2743 3554 2860 3631 693

1761 3634 1853 3694 dei
1899 3634 2077 3694 filium
2127 3636 2310 3694 80111111
2359 3649 2489 3694 00111
2534 3635 2865 3693 substantiae

1843 3716 1989 3774 inter
2015 3717 2282 3775 mortales
2307 3716 2690 3795 comparuisse
2745 3730 2865 3792 554

1762 3796 1854 3856 dei
1883 3797 2134 3876 praevisio
2160 3796 2296 3875 quid
2743 3797 2860 3874 693

1761 3878 1849 3937 dei
1879 3890 1937 3938 et
1965 3891 2180 3937 naturae
2208 3877 2264 3935 in
2294 3897 2356 3937 se
2387 3889 2586 3936 mutuo
2606 3876 2863 3957 benigni-

1842 3972 1928 4018 tas
1955 3971 2015 4018 et
2042 3957 2434 4018 benevolentia
2744 3976 2858 4035 747

1760 4042 1852 4101 dei
1880 4039 2087 4099 nullius
2116 4042 2288 4099 virtus
2317 4040 2602 4099 defectum
2630 4040 2844 4119 patitur

2742 4122 2861 4180 662

1758 4203 1847 4263 dei
1906 4203 2194 4262 voluntate
2254 4204 2508 4262 nondum
2571 4202 2864 4263 existentis

1840 4285 2114 4362 numquid
2144 4285 2243 4343 fiat
2746 4300 2858 4362 755

1758 4367 1847 4425 dei
1884 4365 2061 4445 patris
2088 4368 2301 4440 ἐξουσία
2329 4366 2479 4424 110110
2519 4364 2861 4446 investigan-

1841 4448 1913 4506 da

1757 4528 1848 4588 dei
1877 4548 1980 4608 per
2006 4528 2189 4587 simile
2214 4528 2517 4607 descriptio
2743 4462 2864 4605 {gg

1758 4609 1818 4668 in
1846 4611 1957 4668 Dei
2004 4609 2300 4687 praesentia
2328 4610 2613 4687 quodnam
2646 4608 2858 4668 trinum

1838 4703 2050 4749 statuat
2077 4689 2335 4749 Plotinus
2743 4692 2850 4766 761

1757 4772 1846 4831 dei
1877 4771 1936 4830 in
1964 4784 2246 4831 creaturas
2275 4771 2461 4850 largus
2489 4790 2650 4829 amor
2739 4788 2859 4848 554

1757 4852 1848 4913 dei
1877 4853 2156 4921 voluntas,
2185 4853 2306 4931 ipsa
2335 4866 2533 4910 natura
2563 4852 2655 4911 dei
2742 4869 2811 4928 75
2823 4872 2855 4928 5

1755 4934 1845 4993 1101
1874 4947 2074 4993 natura
2098 4933 2452 5015 geometricis
2480 4933 2673 5012 figuris
2701 4931 2856 4992 illus-

1838 5028 2016 5074 tratur
2740 5029 2852 5090 753

1755 5098 1843 5158 dei
1874 5096 2127 5176 epitheta
2506 5094 2628 5155 Fic.
2661 5117 2714 5174 p.
2749 5114 2858 5170 124

1754 5178 1843 5239 dei
1873 5179 2103 5237 verbum
2512 5177 2630 5236 Fic.
2659 5197 2715 5254 p.
2747 5195 2851 5255 193

1754 5262 1862 5320 1100
1889 5258 2128 5318 similem
2162 5257 2271 5317 fieri
2302 5258 2437 5336 quid
2785 5277 2807 5316 1
2827 5276 2849 5315 1

1756 5342 1863 5401 deo
1880 5362 1980 5401 0111·
1992 5361 2137 5419 opus
2159 5340 2376 5398 nullum
2395 5338 2712 5418 assignetur
2740 5341 2856 5415 728

1756 5421 1812 5480 in
1842 5423 1949 5480 deo
1977 5421 2247 5500 quidnam
2276 5420 2360 5479 sui
2388 5419 2569 5498 ipsius
2595 5420 2856 5501 princeps

1837 5502 2164 5561 nominetur
2739 5517 2851 5578 755

1755 5583 1864 5642 deo
1892 5581 2160 5641 ineffabili
2183 5581 2354 5640 modo
2375 5581 2698 5640 tribuuntur
2717 5583 2855 5641 alia.

1836 5684 1958 5722 rum
1989 5683 2170 5722 rerum
2199 5663 2472 5723 attributa
2737 5681 2847 5740 741

2510 5750 2625 5816 31

3936 561 4062 629 425

2949 711 3060 772 deo
3121 712 3369 773 fruituris
3428 714 3612 793 qualis
3670 716 4052 776 conformatio

3031 814 3177 872 opus
3204 797 3278 854 sit
3930 815 3962 875 5
3971 814 4045 874 53

2949 875 3058 933 1100
3086 877 3279 934 omnia
3304 880 3606 954 praesentia
3933 882 4050 957 298

2947 975 2982 1013 0
3007 957 3137 1014 Deo
3162 969 3370 1016 cuncta
3397 959 3650 1036 pendent
3936 979 4049 1038 109

2947 1037 3055 1096 deo
3082 1057 3185 1096 0111·
3211 1038 3388 1098 facilis
3414 1059 3598 1099 rerum
3627 1039 3885 1099 omnium
3913 1060 4050 1100 cura

3694 1121 3813 1181 Fic.
3846 1143 3903 1200 p.
3924 1124 4047 1197 446

2946 1198 3054 1258 deo
3084 1218 3188 1257 nos
3217 1199 3507 1259 assimilari
3536 1221 3638 1281 per
3661 1202 3897 1263 virtutes
3973 1223 4042 1263 12

2943 1280 3052 1338 deo
3081 1280 3372 1339 adhoerens
3399 1302 3546 1340 unus
3573 1284 3638 1342 fit
3657 1284 3885 1363 spiritus
3924 1285 4046 1363 679

2943 1373 3106 1420 extra
3133 1362 3321 1420 Deum
3351 1361 3492 1420 nihil
3518 1365 3650 1444 fingi
3681 1377 3870 1443 potest
3927 1381 4043 1443 752

2943 1443 3113 1501 deum
3141 1442 3273 1520 quid
3303 1442 3470 1501 nobis
3496 1446 3758 1505 ostendat
3926 1465 4039 1523 233

2942 1524 3113 1583 deum
3146 1523 3357 1583 nullam
3386 1525 3632 1604 speciem
3662 1528 3867 1587 habere
3928 1545 4044 1607 759

2944 1604 3015 1663 ad
3040 1606 3211 1664 deum
3240 1605 3531 1684 quomodo
3564 1609 3787 1667 animus
3814 1609 4047 1668 accedat

2945 1766 3114 1825 deum
3156 1767 3437 1846 appellare
3465 1789 3639 1827 unum
3668 1770 3802 1849 quid
3830 1706 4044 1851 81311156-

3024 1860 3118 1906 001
3928 1854 4042 1928 762

2945 1928 3113 1987 deum
3142 1928 3351 2007 ubique
3377 1949 3518 1999 0880,
3543 1931 3833 2010 perspicue
3854 1945 4045 1993 tamen

3019 2009 3274 2069 lucerein
3284 2031 3509 2070 summo
3522 2012 3908 2092 intelligentiae
3929 2016 4041 2092 765

2942 2090 3110 2151 deum
3155 2111 3269 2149 non
3312 2092 3642 2172 intelligere,
3671 2094 3805 2154 licet
3844 2114 4043 2175 perpe-

3024 2185 3156 2230 tuus
3180 2171 3384 2231 existat
3409 2188 3584 2242 actus,
3616 2178 3886 2252 probatur
3927 2194 4045 2254 729

2942 2253 3110 2313 deum
3142 2255 3291 2313 mala
3316 2274 3432 2313 non
3460 2256 3643 2315 facere
3672 2258 3944 2335 probatur

3736 2339 3855 2398 Fic.
3886 2359 3941 2417 p.
3967 2340 4044 2398 80

2944 2415 3113 2473 deum
3171 2434 3394 2494 semper
3438 2429 3500 2476 et
3554 2417 3763 2496 ubique
3810 2438 4045 2499 regnare

3024 2497 3313 2573 quomodo
3340 2495 3773 2578 intelligendum
3925 2519 4037 2578 723

2942 2577 3112 2636 deum
3141 2597 3255 2657 quo
3295 2578 3481 2638 medio
3522 2600 3862 2661 cognoscere
3900 2581 4042 2640 1001-

3023 2657 3243 2736 piamus
3928 2663 4035 2739 761

2941 2738 3080 2798 deus
3103 2751 3166 2798 ut
3184 2752 3441 2800 centrum
3466 2742 3749 2821 quoddam
3777 2743 4044 2804 omnibus

3023 2819 3173 2880 inest
3689 2823 3812 2885 Fic.
3842 2845 3902 2904 p.
3929 2842 4039 2904 197

2942 2901 3114 2961 deum
3142 2901 3342 2963 intueri
3375 2917 3442 2963 ut
3468 2903 3776 2965 debeamus
3926 2923 4045 2985 529

2943 2982 3112 3042 deum
3156 2983 3251 3062 qui
3293 2987 3711 3066 contemplatus
3752 2987 3880 3057 fuit,
3919 2989 4045 3047 nul-

3025 3064 3138 3123 lam
3160 3068 3210 3124 ei
3236 3066 3435 3126 tribuit
3450 3069 3896 3150 contingentiam
3928 3085 4045 3146 754

2941 3146 3110 3205 deum
3141 3166 3256 3207 non
3279 3148 3484 3208 habere
3508 3151 3774 3229 speciem,
3803 3171 4046 3229 quomo·

3026 3228 3101 3286 do
3130 3227 3560 3312 intelligendum
3741 3232 3860 3290 Fic.
3889 3252 3947 3312 p.
3976 3233 4045 3291 18

2944 3309 3112 3369 deum
3157 3331 3334 3369 unum
3376 3331 3520 3380 0880,
3557 3331 3800 3392 eumque
3837 3313 4046 3393 ubique

3025 3403 3210 3449 totum
3926 3395 4045 3454 660

2942 3471 3012 3529 ad
3041 3472 3231 3529 Deum
3261 3491 3517 3532 accessus
3928 3477 4046 3552 760

2942 3552 3188 3611 deumex
3206 3572 3266 3611 se
3280 3554 3405 3631 ipso
3421 3573 3543 3612 esse
3553 3554 3707 3631 quod
3717 3554 3908 3614 existit
3927 3573 3957 3632 7
3967 3576 3999 3632 5
4014 3577 4035 3615 1

2942 3633 3108 3692 deum
3179 3633 3236 3690 10
3306 3634 3481 3692 001101
3545 3637 4041 3715 transmigratione

3021 3715 3312 3792 quomodo
3339 3734 3754 3794 consequamur
3926 3720 4042 3796 769

2940 3794 3107 3854 deum
3130 3795 3394 3874 quicquid
3416 3797 3669 3875 sequitur
3690 3800 3899 3876 absque
3920 3806 4042 3879 ejus

3021 3878 3321 3956 praesentia
3360 3878 3672 3938 conservari
3700 3899 3804 3939 nec
3833 3880 4042 3939 moveri

3021 3977 3189 4036 posse
3921 3962 4038 4020 662

2941 4038 3107 4098 deum
3132 4059 3421 4119 nunquam
3452 4040 3749 4120 incoepisse
3774 4062 3917 4112 esse,
3936 4062 4042 4102 000

3021 4121 3372 4180 defecturum
3921 4139 4042 4201 554

2941 4203 3173 4261 deorum
3203 4214 3262 4261 et
3282 4202 3603 4262 daemonum
3627 4203 3919 4263 distinctio
3961 4221 4036 4283 95

2944 4284 3181 4342 deorum
3224 4304 3687 4364 unumquemque
3720 4285 3927 4365 ubique
3962 4287 4041 4345 si·

3021 4363 3139 4422 mul
3169 4364 3404 4423 existere
3922 4368 4038 4427 662

2939 4446 3175 4503 deorum
3204 4445 3318 4504 vita
3965 4466 4035 4525 73

2937 4527 3173 4618 deorum
3239 4539 3300 4585 et
3359 4525 3677 4586 divinorum
3743 4528 4038 4588 bominum

3019 4619 3134 4665 vita

2936 4687 3169 4746 deorum
3232 4687 3669 4767 doemonumque
3724 4690 3919 4749 formae
3977 4705 4042 4750 ut

3015 4768 3276 4827 differant
3730 4772 3848 4831 Fic.
3878 4792 3933 4850 p.
3958 4789 4033 4850 95

2934 4850 3167 4909 deorum
3179 4850 3366 4909 cultus
3374 4851 3550 4910 amori
3561 4857 3898 4930 conjunctus
3921 4871 3990 4928 23
3999 4873 4032 4928 3

2936 4931 3168 4990 deorum
3209 4944 3572 5012 contemptus
3609 4932 3736 4990 fons
3777 4933 4036 4992 omnium

3017 5012 3290 5072 malorum
3920 5032 4031 5090 233

2936 5095 3193 5153 dextrum
3233 5107 3291 5152 et
3319 5091 3630 5161 sinistrum,
3660 5094 3813 5172 quod
3841 5109 4038 5153 nostra

3016 5173 3359 5254 cogitatione
3382 5187 3490 5245 081,
3521 5174 3662 5233 011111
3690 5194 3815 5234 esse
3915 5193 4027 5253 571

2933 5254 3226 5315 dialectica
3253 5256 3311 5314 in
3339 5256 3543 5335 quibus
3567 5269 3818 5314 versetur
3960 5276 4032 5316 22

2935 5336 3229 5397 (1101001100
3270 5358 3386 5396 000
3420 5351 3507 5396 001
3532 5336 3902 5418 philosophiae
3944 5338 4035 5398 in-

3016 5432 3393 5478 strumentum
3960 5440 4027 5479 21

2936 5499 3227 5559 dialectica
3256 5499 3521 5558 naturalis
3691 5499 3806 5558 Fic.
3838 5521 3894 5578 p.
3922 5502 4037 5579 269

2934 5580 3227 5641 dialectica
3241 5581 3528 5659 quomodo
3542 5580 3892 5661 sophismata
3905 5602 4038 5663 cog·-

3017 5675 3217 5721 008001
3962 5683 4027 5723 21

3921 4627 4033 4686 771
4162 4660 4176 4669 .
