5118 6613
1005 539 1136 610 394

1997 512 2828 608 ANNOTATIONES
2885 514 2994 580 IN
3051 513 3501 581 PLoTINI

1100 717 1166 781 p.
1198 709 1382 779 1327,
1414 707 1509 778 15.
1559 690 1695 755 οὐδὲ
1724 688 2229 773 γαργαλιζομένου
2257 688 2430 771 λέγει
2460 692 2566 752 τοῦ
2595 690 2712 753 σώ-
2801 686 2908 753 1110
2935 689 3072 753 loco
3108 689 3383 755 enotavit
3410 688 3554 753 Tib.
3590 686 4108 753 Hemsterhusius
4144 690 4208 754 in
4250 690 4503 779 egregia

1014 797 1251 887 ματος]
1323 795 1428 859 Ita
1473 793 1687 881 scripsi
1740 815 1884 858 cum
1926 791 2178 880 optimis
2226 790 2399 856 libris
2440 814 2558 878 pro
2600 794 2717 874 γὰρ

1015 899 1407 980 μαλιζομένου
1450 896 1758 975 editionis,
1788 910 1852 961 et
1891 899 2008 979 γὰρ
2048 894 2441 975 γαλιζομένου
2484 894 2717 981 margi·

1017 1001 1131 1066 nis.
1224 1000 1402 1066 Plato
1433 1000 1695 1065 Conviv.
1726 1023 1789 1087 p.
1818 999 1955 1084 189.
1982 1002 2067 1062 A.
2107 1022 2169 1086 p.
2192 1017 2344 1079 400.
2378 997 2619 1062 Bekk.:
2668 1000 2721 1062 εῑ

1019 1105 1087 1169 τὸ
1127 1107 1373 1186 κόσμιον
1411 1109 1517 1168 τοῦ
1553 1105 1825 1184 σώματος
1866 1104 2139 1182 ἐπιθυμεῖ
2175 1103 2453 1166 τοιούτων
2495 1103 2723 1185 ψόφων

1021 1209 1117 1272 καὶ
1145 1213 1575 1291 γαργαλισμῶν
1607 1235 1660 1271 κ.
1680 1232 1731 1270 τ.
1752 1214 1815 1269 λ.
1889 1204 2213 1269 Plutarch.
2244 1203 2324 1269 de
2355 1206 2492 1269 Esu
2525 1207 2719 1270 Carn.

1018 1334 1083 1398 p.
1114 1330 1261 1397 997.
1297 1312 1409 1375 B.:
1462 1310 1556 1375 καὶ
1595 1308 1698 1392 ἀφ’
1729 1306 1798 1389 ἧς
1827 1307 1896 1373 τὸ
1934 1308 2218 1391 (Jacobs.
2253 1309 2458 1373 Leett.
2495 1307 2716 1372 Stobb.

1020 1437 1085 1502 p.
1124 1416 1276 1499 156:
1325 1415 1392 1477 τὸ
1432 1416 1691 1498 ἐπαφῆς)
1728 1413 2131 1494 θρυπτόμενον
2175 1411 2271 1476 καὶ
2314 1411 2720 1491 θηλυνόμενον

1021 1521 1174 1581 τιθεῖ
1203 1517 1395 1599 (idem
1419 1520 1627 1601 τίκτει)
1655 1513 2045 1598 ψηλαφήσεις
2067 1513 2162 1578 καὶ
2182 1515 2558 1597 γυναικώδεις
2579 1539 2722 1596 γαρ-

1020 1622 1368 1702 γαλισμούς.
1459 1618 1637 1683 Plato
1666 1617 1932 1682 Philebo
1965 1640 2030 1705 p.
2057 1619 2162 1697 46.
2204 1639 2267 1704 p.
2307 1636 2451 1701 209.
2485 1614 2715 1681 Bekk.:

1022 1728 1140 1787 Σω.
1172 1722 1334 1805 Λέγε
1365 1724 1453 1802 δὴ,
1486 1726 1590 1790 τᾶς
1615 1724 1747 1803 μὲν,
1779 1723 1926 1785 ὅταν
1954 1721 2200 1788 πλείους
2224 1722 2410 1785 λύπαι
2436 1726 2555 1784 τῶν
2582 1721 2717 1800 ἦδο-

1025 1830 1144 1888 νῶν
1186 1827 1527 1907 γίγνωνται,
1569 1829 1673 1892 τὰς
1715 1828 1817 1905 τῆς
1857 1824 2067 1907 ψώρας
2107 1826 2458 1906 λεγόμενας,
2502 1828 2609 1888 νῦν
2653 1823 2723 1902 δὴ

1022 1928 1235 1995 ταύτας
1275 1927 1446 2002 εἶναι,
1481 1930 1577 1992 καὶ
1613 1931 1719 1995 τὰς
1746 1934 1865 1991 τῶν
1891 1933 2342 2010 γαργαλισμῶν,
2374 1929 2601 1992 ὁπόταν
2631 1930 2725 1991 ἐν-

1024 2030 1122 2098 τὸς
1139 2030 1216 2096 ,τὸ
1244 2029 1444 2111 ζέονῇ
1483 2032 1578 2096 καὶ
1619 2031 1687 2095 τὸ
1732 2037 2128 2114 φλεγμαῖνον,
2160 2035 2230 2111 τῇ
2273 2032 2476 2115 τρίψει
2519 2033 2584 2095 δὲ
2630 2032 2727 2096 καὶ

1022 2136 1091 2213 τῇ
1125 2132 1328 2213 κνήσει
1354 2133 1434 2214 μὴ
1464 2136 1778 2216 ἐφικνῆταί
1800 2159 1909 2202 τις.
1986 2134 2091 2198 Ita
2124 2132 2369 2197 dudum
2403 2133 2723 2220 vulgatam

1024 2235 1251 2315 κινήσει
1280 2237 1735 2323 Wyttenbach.
1768 2236 1853 2302 ad
1883 2235 2053 2301 Plut.
2093 2259 2156 2323 p.
2196 2255 2380 2322 1013.
2414 2251 2478 2302 et
2510 2238 2727 2301 Heus-

1023 2336 1167 2401 dius
1202 2352 1618 2404 correxerant.
1714 2338 2010 2404 Similiter
2035 2339 2101 2404 in
2133 2338 2414 2404 Platonis
2458 2341 2725 2427 Sympo-

1025 2440 1115 2504 sio
1142 2464 1209 2528 p.
1236 2442 1378 2529 185.
1404 2466 1460 2507 e.
1488 2467 1554 2531 p.
1578 2462 1728 2530 394.
1761 2442 1961 2508 Bekk.
1993 2465 2161 2508 nunc
2189 2442 2429 2507 editum
2459 2458 2553 2507 est
2585 2442 2719 2522 κνή-

1024 2569 1163 2607 σαιο
1195 2567 1313 2631 pro
1343 2546 1623 2626 κινήσαις.
1712 2545 1899 2610 Plato
1938 2545 2206 2611 Phaedro
2248 2544 2329 2610 de
2372 2545 2721 2609 animarum

1023 2646 1352 2733 πτεροφυία
1387 2671 1454 2735 p.
1488 2668 1635 2733 251.
1662 2673 1734 2713 c:
1777 2651 1979 2729 κνῆσίς
2009 2675 2075 2714 τε
2115 2650 2209 2714 καὶ
2238 2649 2723 2732 ἀγανάκτησις-

1024 2754 1116 2823 ζεῖ
1154 2774 1220 2814 τε
1266 2752 1361 2814 καὶ
1406 2752 1733 2833 ἀγανακτεῖ
1770 2753 1866 2816 καὶ
1907 2755 2324 2835 γαργαλίζεται
2369 2754 2608 2835 φύουσα
2650 2754 2725 2817 τὰ

1026 2852 1232 2933 πτερά.
1323 2852 1491 2917 Ibid.
1523 2875 1589 2941 p.
1620 2872 1765 2939 253.
1798 2855 1872 2919 E.
1906 2855 1986 2920 de
2021 2855 2274 2941 auriga:
2324 2857 2470 2920 ὅταν
2498 2881 2722 2938 γαργα-

1027 2958 1249 3034 λισμοῦ
1294 2981 1360 3019 τε
1410 2958 1507 3020 καὶ
1560 2959 1748 3022 πόθου
1804 2957 2060 3040 κέντρων
2105 2961 2484 3037 ὑποπλησθῇ.
2576 2956 2723 3021 Ρ111-

1026 3055 1224 3122 tarch.
1279 3057 1359 3122 de
1420 3059 1612 3124 Sanit.
1668 3061 1901 3125 tuenda
1951 3083 2017 3148 p.
2057 3061 2196 3124 126.
2235 3061 2325 3124 Β;
2398 3063 2601 3143 ὥσπερ
2652 3064 2727 3124 τὰ

1023 3166 1343 3242 ψωριῶντα
1391 3169 1664 3243 κνησμῶν
1712 3163 1805 3227 ἀεὶ
1856 3167 2088 3227 δεῖσθαι
2136 3164 2230 3227 καὶ
2273 3169 2722 3246 γαργαλισμῶν.

1031 3260 1212 3327 Idem
1272 3264 1352 3329 de
1413 3265 1704 3330 Discrim.
1759 3264 1969 3330 Amici
2028 3280 2091 3330 et
2123 3264 2344 3330 -Adul.
2402 3288 2464 3353 p.
2497 3268 2599 3330 61.
2636 3266 2724 3330 D.

1031 3389 1093 3454 p.
1130 3386 1271 3453 233.
1307 3370 1556 3457 Wytt.:
1615 3374 1725 3454 κνᾷ
1780 3369 1875 3434 καὶ
1924 3371 2287 3451 γαργαλίζει.
2377 3372 2621 3455 Atque,
2660 3368 2724 3432 ni

1027 3468 1272 3534 animus
1302 3494 1399 3536 me
1428 3471 1608 3551 fallit,
1640 3472 1783 3536 hinc
1814 3471 2118 3536 medicina
2149 3472 2428 3559 paranda
2457 3488 2550 3537 est
2584 3472 2728 3536 Phi-

1029 3569 1154 3635 loni
1204 3574 1440 3639 Judaeo
1493 3575 1686 3663 Legis
1736 3574 2052 3663 Allegorr.
2103 3576 2243 3640 111.
2283 3577 2421 3640 118.
2474 3600 2539 3664 p.
2571 3578 2724 3662 336.

1030 3676 1271 3742 Pfeiff.:
1324 3678 1439 3744 Διὸ
1470 3680 1565 3743 καὶ
1600 3686 1721 3748 τοῖς
1749 3679 2002 3762 λέγουσι
2041 3680 2547 3760 καταστηματικὴν
2577 3680 2729 3744 εἶναι

1029 3780 1137 3858 τὴν
1162 3782 1380 3862 ἡδονὴν
1410 3783 1478 3847 οὗ
1508 3782 1892 3865 συμφέρεται·
1939 3784 2149 3864 ἠρεμία
2175 3787 2292 3867 γᾶρ
2314 3786 2463 3868 λίθῳ
2491 3786 2605 3864 μὲν
2634 3783 2729 3848 καὶ

1030 3884 1187 3969 ξύλῳ
1219 3886 1314 3948 καὶ
1351 3886 1530 3948 παντὶ
1570 3886 1788 3971 ἀψύχῳ
1819 3888 2056 3960 οἰκεῖον,
2089 3887 2411 3969 ἀλλότριον
2446 3889 2510 3952 δὲ
2547 3887 2727 3967 ἡδονῇ

1031 3986 1240 4067 (ἡδονὴ
1287 3986 1388 4050 ed.
1441 3987 1641 4051 Pfeiff.
1684 3987 1952 4072 vitiose).
2013 3994 2430 4071 γαργαλισμοῦ
2471 3992 2588 4072 γὰρ
2635 3989 2731 4054 καὶ

1030 4090 1425 4168 σπασμώδους
1477 4090 1728 4172 ἐφίεται,
1781 4091 1874 4153 καὶ
1928 4089 2017 4154 ἐπ’
2073 4093 2247 4155 ἐνίων
2306 4093 2411 4155 οὐκ
2465 4093 2726 4174 ἠρεμίας,

1031 4190 1198 4252 ἀλλὰ
1248 4194 1536 4255 συντόνου
1590 4192 1685 4256 καὶ
1735 4198 2000 4276 σφοδρᾶς
2050 4196 2323 4262 αἰκίσεώς
2378 4196 2508 4258 ἐστι
2556 4196 2733 4279 χρεία

1034 4294 1237 4374 (χρεῖα
1280 4293 1487 4359 Pseiff.
1536 4292 1748 4378 male).
1839 4293 1961 4358 Alii
2008 4296 2331 4376 ἀσκήσεως.
2425 4296 2732 4361 Ruhnke-

1030 4393 1173 4457 nius
1224 4395 1303 4460 ad
1350 4396 1577 4461 'l'imaei
1633 4399 1793 4461 Lex.
1845 4397 2092 4463 Platon.
2139 4422 2200 4487 p.
2241 4421 2334 4484 19.
2380 4399 2500 4464 ita:
2567 4407 2609 4440 ‘⁶
2636 4403 2733 4465 At

1034 4498 1278 4572 ἄκκισις,
1325 4499 1497 4586 quod
1545 4501 1883 4587 Mangeius
1936 4501 2203 4566 Philoni.
2241 4505 2327 4567 T.
2368 4503 2423 4567 1.
2482 4525 2546 4590 p.
2586 4502 2730 4567 118.

1034 4599 1341 4681 obtrudit,
1391 4604 1632 4668 Graecis
1678 4604 2088 4669 inauditum.''
2175 4608 2389 4692 Lego:
2437 4613 2729 4688 γαργαλι-

1035 4708 1190 4783 σμοῦ
1213 4708 1329 4787 γὰρ
1360 4708 1455 4770 καὶ
1485 4710 1877 4787 σπασμώδους
1906 4710 2157 4791 ἐφίεται,
2186 4710 2282 4773 καὶ
2311 4707 2400 4773 ἐπ’
2428 4711 2604 4773 ἐνίων
2628 4711 2733 4773 οὐκ

1033 4807 1290 4890 ἠρεμίας,
1338 4811 1503 4874 ἀλλὰ
1548 4813 1836 4876 συντόνου
1881 4813 1977 4876 καὶ
2025 4817 2291 4894 σφοδρᾶς
2334 4813 2429 4876 ἀεὶ
2474 4811 2735 4891 κνήσεώς

1035 4908 1166 4974 ἐστι
1192 4915 1399 4995 χρείας
1452 4913 1811 4979 vehemente
1840 4933 1902 4978 et
1923 4916 2162 4979 intenta
2190 4917 2485 4979 continuo
2514 4916 2733 4979 titilla-

1033 5015 1198 5078 tione
1227 5038 1386 5102 opus
1416 5031 1526 5081 est.
1622 5017 1727 5081 Ita
1761 5018 1921 5081 enim
1959 5018 2177 5083 Cicero
2207 5018 2585 5106 Epicuream
2621 5040 2728 5081 vo·

1033 5139 1168 5181 cem
1208 5119 1627 5200 γαργαλισμὸν
1655 5122 1859 5185 vertit.
1939 5120 2084 5185 Vid.
2118 5120 2199 5184 de
2229 5122 2381 5184 Nat.
2413 5122 2641 5184 Deorr.
2672 5121 2729 5183 I.

1030 5240 1136 5299 40.
1167 5244 1230 5308 p.
1261 5223 1399 5306 183.
1428 5221 1515 5284 ib.
1549 5222 1768 5286 DaviS.
1799 5238 1861 5287 et
1892 5239 2083 5287 nostr.
2116 5239 2330 5287 annot.
2376 5222 2458 5287 cf.
2492 5223 2728 5287 Moser‘.

1034 5321 1116 5385 ad
1165 5322 1298 5387 Cic.
1351 5323 1432 5388 de
1485 5325 1690 5411 Legg.
1739 5327 1800 5389 1.
1842 5341 1935 5409 17.
1984 5342 2144 5390 extr.
2194 5349 2260 5413 p.
2300 5328 2441 5390 116.
2540 5326 2734 5390 Adde

1034 5425 1302 5490 Bakium
1334 5427 1413 5492 ad
1448 5428 1767 5495 Cleomed.
1803 5431 2093 5494 Meteora
2122 5430 2220 5494 11.
2258 5448 2315 5493 1.
2356 5452 2421 5516 p.
2451 5450 2600 5515 431.
2634 5454 2729 5516 sq.

981 5514 986 5521 ’
1034 5529 1114 5594 ad
1148 5530 1338 5594 verba
1364 5531 1680 5618 Epicurea
1708 5531 2122 5615 γαργαλισμὸς
2150 5534 2437 5613 σώματος,
2468 5554 2616 5619 quae
2652 5556 2732 5597 ex

2803 790 3224 879 disputatione
3273 791 3355 856 ad
3406 791 3638 857 Thom.
3689 790 3981 878 Magistr.
4026 815 4093 880 p.
4132 795 4498 877 179-181;

2804 896 2904 959 cui
2947 917 3109 960 nunc
3138 894 3483 983 jungendis
3527 910 3620 958 est
3651 893 4000 959 Lobeckius
4042 894 4124 959 ad
4157 896 4505 984 Phrynichi

2806 995 3071 1085 Eclogg.
3105 1020 3170 1083 p.
3203 1016 3305 1082 97.
3397 997 3584 1063 Addo
3612 995 3816 1062 locum
3851 997 4064 1062 Basilii
4095 1000 4321 1087 Magni
4358 1023 4501 1065 cum

2807 1100 3011 1165 verbis
3042 1118 3176 1165 tum
3207 1101 3524 1166 sententiis
3553 1123 3699 1165 cum
3723 1098 3991 1165 Philone
4018 1100 4064 1166 l.
4092 1100 4134 1167 l.
4166 1117 4232 1167 et
4254 1102 4506 1168 Plotino

2807 1203 2873 1268 h.
2905 1202 2943 1267 l.
2975 1204 3485 1290 comparandum.
3562 1204 3814 1269 Etenim
3847 1203 3950 1269 ille
3978 1204 4043 1269 in
4075 1206 4318 1270 Homil.
4384 1209 4508 1270 At-

2806 1307 2994 1372 tende
3024 1307 3176 1372 Tibi
3209 1310 3332 1372 Isr.
3362 1331 3428 1394 p.
3445 1328 3593 1394 351.
3626 1310 3700 1371 Β.
3724 1310 3798 1372 C.
3833 1306 3968 1372 haec
3997 1307 4348 1396 eloquitur:
4398 1312 4506 1374 ἐὰν

2806 1411 2913 1475 οὖν
2957 1410 3260 1495 προσέχῃς
3302 1416 3553 1498 σεαυτῷ,
3602 1412 3696 1475 καὶ
3737 1416 4001 1492 μνησθῇς
4043 1414 4135 1476 ὅτι
4178 1417 4351 1476 τοῦτο
4394 1413 4508 1492 μέν

2808 1539 2908 1577 σοι
2934 1514 3002 1577 τὸ
3030 1514 3224 1596 παρὸν
3249 1515 3356 1595 ἡδὺ
3386 1518 3468 1583 εἰς
3496 1516 3704 1597 πικρὸν
3735 1514 4088 1595 καταντήσει
4114 1516 4316 1599 πέρας,
4343 1516 4438 1581 καὶ
4470 1519 4505 1580 ὁ

2809 1621 2915 1681 νῦν
2945 1620 3011 1681 ἐκ
3037 1622 3139 1696 τῆς
3165 1618 3374 1698 ἡδονῆς
3405 1620 3787 1701 ἐγγινόμενος
3814 1622 3894 1704 τῷ
3925 1619 4153 1699 σώματι
4179 1621 4342 1700 ἡμῶν
4365 1645 4506 1702 γαρ-

2807 1719 3104 1802 γαλισμὸς
3131 1721 3298 1788 οὗτος
3325 1720 3607 1803 γεννήσει
3635 1722 3741 1785 τὸν
3771 1723 4022 1801 ἰοβόλον
4053 1724 4333 1804 σκώληκα
4366 1722 4506 1788 ἀθά-

2811 1848 2992 1887 νατον
3023 1823 3347 1899 κολάζοντα
3373 1825 3523 1905 ἡμᾶς
3546 1827 3613 1888 ἐν
3638 1828 3708 1905 τῇ
3733 1823 4205 1907 γεέννῃ-εὐθὺς
4232 1824 4510 1910 οἰχήσον-

2809 1951 2907 1990 ται
2951 1931 3312 2010 φυγαδεῖσαι
3355 1930 3418 1992 αἱ
3459 1928 3684 2007 ἡδοναὶ,
3724 1928 3819 1992 καὶ
3862 1927 4170 2008 θαυμαστή
4205 1954 4294 1996 τις
4337 1929 4510 1993 ἔνδον

2809 2028 3042 2111 γαλήνη
3079 2030 3216 2111 περὶ
3254 2029 3364 2108 τὴν
3393 2031 3599 2113 ψυχὴν
3629 2032 3726 2095 καὶ
3760 2031 3983 2114 ἡσυχία
4010 2031 4350 2113 γενήσεται,
4382 2034 4511 2096 οἷον

2811 2133 3240 2215 θεραπαινίδων
3279 2132 3632 2197 ἀκολάστων
3668 2134 3928 2215 θορύβου
3967 2134 4510 2216 κατασιγασθέντος

2810 2236 3126 2314 δεσποίνης
3152 2234 3309 2304 τινὸς
3338 2238 3651 2318 σώφρονος
3678 2237 3990 2321 παρουσίᾳ.

2896 2360 2959 2422 p.
3000 2337 3183 2422 1328,
3226 2358 3319 2417 14.
3365 2339 3434 2402 οὗ
3466 2341 3613 2402 κατὰ
3641 2340 3749 2418 τὴν
3776 2345 3893 2403 τῶν
3929 2339 4291 2421 ἀγαλμάτων
4321 2343 4508 2424 φύσιν

2808 2441 2985 2529 ὄντα]
3031 2439 3145 2503 Ad
3175 2440 3540 2505 sententiam
3570 2457 3737 2507 recte
3766 2441 3952 2506 vertit
3983 2441 4119 2507 Fic.
4205 2444 4502 2530 Proprie:

2808 2557 2884 2607 ut
2940 2555 3163 2609 statua:
3219 2567 3364 2609 cum
3422 2568 3498 2609 eo
3553 2546 3915 2633 comparari
3973 2545 4230 2631 possint.
4319 2546 4506 2611 Plato

2813 2647 3099 2733 Sympos.
3141 2672 3201 2735 p.
3237 2667 3377 2713 211.
3425 2671 3490 2734 p.
3520 2665 3671 2733 445.
3706 2647 3935 2713 Bekk.:
3991 2648 4026 2712 δ
4070 2650 4242 2732 (αὐτὸ
4285 2650 4354 2714 τὸ
4401 2677 4500 2714 κα-

2809 2749 2953 2834 λὸν)
2987 2749 3095 2816 ἐάν
3123 2776 3266 2815 ποτε
3304 2754 3451 2831 ἴδῃς,
3483 2753 3552 2815 οὗ
3584 2755 3731 2816 κατὰ
3758 2753 4011 2835 χρυσίον
4039 2777 4106 2815 τε
4151 2753 4247 2818 καὶ
4290 2754 4510 2833 ἐσθῆτα

2814 2854 2910 2917 καὶ
2941 2853 3075 2921 τοὺς
3105 2855 3319 2923 καλοὺς
3345 2854 3557 2922 παῖδάς
3583 2881 3651 2919 τε
3693 2856 3789 2919 καὶ
3831 2857 4178 2924 νεανίσκους
4214 2858 4370 2936 δόξει
4411 2882 4511 2921 σοι

2814 2955 2967 3020 εἶναι
3011 2983 3060 3020 κ.
3080 2983 3136 3021 τ.
3156 2965 3217 3021 λ.
3316 2957 3468 3041 (Qui
3521 2956 3695 3023 locus
3746 2959 4033 3024 universe
4079 2959 4265 3024 etiam
4320 2981 4508 3046 argu-

2813 3059 3005 3123 menti
3048 3064 3235 3124 eausa
3275 3075 3486 3125 nostro
3524 3084 3670 3126 cum
3706 3061 3844 3125 loco
3881 3062 4225 3147 comparari
4256 3062 4504 3144 debet:)

2812 3160 2895 3226 cf.
2930 3162 3277 3249 Rempubl.
3309 3164 3514 3229 VIII.
3552 3188 3613 3251 p.
3645 3185 3797 3250 555.
3828 3188 3887 3229 a.
3927 3180 3992 3230 et
4018 3165 4271 3230 consule
4304 3166 4509 3255 Viger.

2811 3264 2891 3330 de
2923 3265 3298 3332 Idiotismm.
3340 3290 3400 3354 p.
3435 3269 3579 3354 637.
3611 3283 3675 3334 et
3706 3267 3945 3333 Matth.
3979 3269 4096 3334 Gr.
4133 3291 4228 3357 gr.
4274 3271 4330 3354 ξ.
4361 3269 4508 3356 581.

2811 3368 2910 3433 ed.
2942 3369 3046 3435 alt.
3078 3370 3230 3458 ibiq.
3261 3370 3566 3436 laudatos.
4156 3362 4160 3366 ¹

2899 3495 2963 3558 p.
3000 3492 3186 3560 1329,
3215 3494 3281 3561 3.
3329 3476 3423 3540 καὶ
3451 3474 3581 3559 τάχ’
3612 3474 3689 3539 ἂν
3717 3476 3894 3551 σώζοι
3922 3474 3991 3538 τὸ
4023 3476 4330 3559 ἀνάλογον
4355 3478 4392 3556 ἡ
4425 3480 4504 3545 εῖ-

2815 3578 2962 3666 κὸν]
3008 3576 3047 3640 1.
3074 3601 3130 3641 e.
3161 3579 3251 3642 Et
3278 3577 3540 3642 fortasse
3568 3577 3704 3642 haec
3732 3579 4114 3663 comparatio
4147 3579 4509 3644 convenien-

2814 3679 2961 3744 tiam
2994 3680 3264 3746 servabit
3292 3681 3481 3763 (sive:
3527 3680 3661 3746 haec
3688 3704 3728 3745 a
3756 3704 3855 3747 me
3882 3682 4165 3747 adhibita
4191 3706 4505 3769 eompara-

2816 3782 2904 3848 tio
2946 3782 3173 3850 domus
3209 3783 3572 3871 dominique
3615 3783 3906 3849 retinebit
3943 3808 4016 3850 ae
4055 3785 4337 3851 tuebitur
4363 3808 4513 3850 con-

2813 3887 3166 3974 gruentiam
3195 3910 3336 3952 cum
3362 3910 3430 3952 re
3458 3905 3836 3973 comparata,
3861 3887 3911 3952 si
3939 3891 4087 3972 etc.)
4149 3888 4295 3954 Vid.
4320 3890 4512 3975 Wyt-

2816 3990 2986 4055 tenb.
3016 3990 3095 4055 ad
3130 3990 3303 4055 Plut.
3336 3990 3417 4055 de
3452 3992 3750 4055 Profectt.
3780 3990 3843 4053 in
3867 3989 4118 4056 Virtute
4149 3995 4242 4078 (p.
4269 4006 4370 4077 75.
4394 3993 4514 4075 Α.)

2817 4117 2881 4180 p.
2913 4111 3065 4178 552,
3093 4094 3203 4181 qui
3235 4093 3321 4158 ita
3349 4093 3530 4158 docet
3557 4119 3571 4158 :
3624 4105 3664 4127 “
3686 4095 3871 4175 λόγος
3901 4094 4074 4170 σώζει
4101 4119 4177 4168 τι,
4208 4095 4518 4158 sentencia

2814 4206 3030 4260 servat
3056 4198 3322 4284 aliquid,
3352 4196 3417 4261 id
3447 4213 3563 4277 est,
3592 4199 3821 4260 retinet
3858 4219 3933 4260 ac
3972 4206 4209 4275 tuetur,
4241 4220 4368 4261 non
4410 4197 4519 4261 tol-

2815 4299 2893 4362 lit
2914 4321 2989 4363 ac
3009 4301 3267 4388 negat‚”
3283 4298 3545 4364 laudans
3571 4298 4029 4364 Aristid.0rat.
4052 4299 4217 4363 Plat.
4243 4300 4301 4364 1.
4330 4321 4395 4384 p.
4410 4317 4515 4385 32.

2819 4399 3005 4466 Plato
3054 4402 3186 4488 ipse
3230 4403 3506 4489 Republ.
3550 4404 3643 4467 X.
3692 4425 3757 4488 p.
3789 4402 3935 4467 621.
3992 4425 4054 4487 p.
4084 4420 4237 4487 515.
4271 4400 4512 4467 Bekk.:

2821 4505 2917 4568 καὶ
2965 4507 3411 4585 οὕτως-μῦθος
3463 4508 3657 4586 ἐσώθη
3711 4507 3808 4570 καὶ
3865 4506 3969 4570 οὐκ
4028 4507 4325 4571 ἀπώλετο.
4413 4503 4518 4569 Cf.

2819 4609 2966 4670 Ast.
2993 4607 3073 4670 ad
3106 4606 3352 4672 Platon.
3388 4611 3675 4694 Symp03.
3705 4632 3767 4695 p.
3807 4628 3950 4695 255.

2902 4747 2992 4760 -
3026 4729 3126 4774 10.
3171 4710 3486 4790 μεθυσθεὶς
3512 4717 3618 4775 τοῦ
3644 4712 3949 4797 νέκταρος]
3999 4710 4184 4775 Plato
4214 4709 4518 4776 Convivio

2819 4835 2883 4898 p.
2917 4833 3058 4898 203.
3092 4836 3154 4899 p.
3179 4832 3326 4898 429.
3358 4813 3563 4879 Bekk.
3638 4814 3849 4879 Verba
3876 4814 4013 4899 ipsa
4039 4813 4300 4901 apposui
4330 4835 4513 4900 supra

2818 4913 2900 4978 ad
2932 4938 3072 5002 pag.
3096 4932 3244 4997 721.
3263 4917 3352 4979 D.
3447 4919 3606 4981 Mox
3635 4915 3673 4997 ἢ
3703 4917 4041 5003 σεμνοτέρῳ
4073 4917 4226 4982 εἶναι
4252 4917 4516 4996 τοιαύτης

2815 5017 3000 5098 μέθης
3028 5033 3121 5082 est
3151 5018 3431 5105 proprie:
3481 5044 3671 5106 quam
3700 5020 4047 5109 graviorem
4079 5043 4231 5098 esse,
4256 5034 4329 5084 ut
4354 5018 4515 5106 ejus-

2819 5120 2987 5184 modi
3019 5120 3378 5186 ebrietatem
3410 5123 3525 5188 sibi
3553 5123 3913 5211 indulgeat:
3963 5123 4114 5201 sive,
4138 5122 4320 5187 nimis
4347 5144 4517 5186 reve-

2818 5224 3083 5288 rendum
3115 5248 3246 5289 esse
3275 5240 3393 5290 etc.

2905 5351 2964 5412 p.
3005 5347 3192 5412 1330,
3224 5333 3263 5391 6
3345 5328 3490 5408 μήτε
3536 5331 3604 5393 ἐν
3646 5333 3725 5415 τῷ
3771 5329 4187 5414 ἄλλῳ-ἀλλο
4239 5330 4306 5393 ἐν
4349 5331 4517 5414 ἄλλῳ

2820 5429 3017 5514 εἶναι’]
3061 5430 3218 5494 Vide
3243 5430 3523 5495 Platonis
3549 5430 3850 5494 Phaedon.
3884 5455 3947 5517 p.
3969 5430 4072 5516 83.
4100 5454 4162 5516 p.
4184 5433 4289 5515 56.
4314 5429 4513 5495 Bekk.

2816 5546 2880 5596 et
2910 5532 3363 5619 Wyttenbach.
3398 5532 3477 5597 ad
3510 5556 3654 5597 eum
3686 5531 4025 5620 Dialogum
4059 5555 4122 5618 p.
4150 5550 4293 5619 219.
4327 5557 4513 5620 quem
