5118 6613
1018 573 1148 658 508
2089 569 2566 638 ADDENDA
2608 570 2739 635 ΕΤ
2786 570 3441 639 CORRIGENDA.

1023 749 1193 809 verba
1216 759 1429 817 autem,
1458 744 1798 806 Homericos
1826 745 2069 808 maxime
2095 745 2252 806 locos
2291 765 2326 804 a
2352 745 2593 805 Platone
2626 765 2919 824 expressos
2956 766 3099 818 esse,
3128 759 3611 819 commonstrare,
3658 745 4049 806 Godofredum
4078 747 4322 828 denique
4354 750 4503 810 Her-

1025 866 1297 906 mannum
1328 865 1509 925 nuper
1534 845 1839 904 admodum
1873 844 1960 920 (in
1990 842 2401 904 Dissertatione
2427 843 2498 901 de
2525 842 2711 901 officio
2739 842 3061 923 interpretis
3099 865 3157 923 p.
3187 864 3277 903 10.
3308 844 3488 923 aqq.),
3517 843 3614 922 qui
3645 842 3781 902 satis
3820 843 4119 904 manifesta
4145 846 4511 926 Empedoclis

1023 942 1359 1024 placitorum
1387 942 1622 1023 vestigia
1659 941 1719 1001 in
1762 941 1871 1002 illie
1913 942 2050 1002 locis
2091 942 2276 1000 inesse
2315 940 2485 1010 dicat,
2515 941 2718 999 horum
2748 941 3003 1000 Platonis
3041 943 3335 1000 verborum
3374 962 3639 1021 magnam
3684 955 3901 1021 partem
3942 945 4146 1021 (usque
4186 944 4257 1002 ad
4288 944 4508 1004 Platon.

1025 1040 1243 1101 Phaedr.
1274 1062 1333 1121 p.
1366 1058 1499 1117 247.
1522 1043 1607 1115 b.)
1637 1059 1706 1099 ex
1735 1039 1986 1116 ejusdem
2016 1039 2382 1119 Empedoclis
2424 1038 2777 1116 aliorumque
2817 1041 3107 1117 epicorum
3145 1052 3207 1098 et
3243 1039 3481 1098 fortasse
3521 1041 3691 1098 etiam
3722 1040 3977 1119 AEschyli
4004 1043 4254 1100 versibus
4280 1043 4509 1102 decum-

1026 1151 1143 1198 tam
1170 1150 1231 1198 et
1254 1138 1388 1198 hinc
1423 1139 1559 1198 inde
1599 1158 1634 1197 a
1660 1137 1899 1198 Platone
1939 1137 2297 1197 immutatam
2330 1136 2620 1213 judicare;
2663 1155 2847 1214 eoque
2885 1136 3118 1196 ductum
3153 1136 3368 1217 judicio
3413 1138 3532 1196 haec
3557 1137 3851 1197 Platonica
3890 1137 3961 1197 ad
3990 1150 4301 1198 metrorum
4339 1140 4509 1199 etiam

1027 1235 1182 1317 leges
1208 1255 1514 1296 revocasse.

1107 1334 1196 1394 Ad
1224 1337 1429 1393 Annot.
1461 1333 1520 1392 in
1549 1354 1605 1412 p.
1637 1349 1776 1409 520.
1804 1333 1869 1391 F.
1901 1331 2072 1391 Basil.
2154 1333 2326 1395 Quod
2354 1332 2539 1392 locum
2580 1330 2774 1391 Severi
2800 1329 3163 1391 Alexandrini
3191 1332 3403 1411 Ethop.
3435 1331 3666 1401 tentavi,
3698 1332 3906 1391 nollem
3936 1333 4188 1403 factum;
4231 1347 4291 1392 et
4316 1348 4515 1413 postea

1030 1429 1139 1492 vidi
1168 1434 1292 1492 haec
1328 1432 1525 1492 eadem
1569 1429 1769 1489 iisdem
1799 1430 1978 1489 verbis
2015 1430 2129 1511 legi
2169 1430 2317 1509 apud
2347 1429 2654 1489 Libanium
2680 1430 2850 1488 Tom.
2880 1430 2984 1488 1v.
3015 1450 3073 1508 p.
3108 1447 3276 1507 1097.
3305 1430 3526 1498 Reisk„
3557 1449 3741 1509 neque
3767 1430 3945 1511 magia
3972 1430 4277 1492 lectionem
4306 1434 4512 1494 diacre·

1028 1550 1164 1610 pare
1189 1532 1248 1590 in
1281 1530 1592 1588 novissima
1618 1527 1801 1587 Severi
1828 1527 2076 1587 editione
2104 1530 2237 1586 Chr.
2261 1526 2464 1586 Walzii
2501 1529 2796 1604 (Rhetorr.
2827 1527 3041 1587 Graecc.
3070 1528 3203 1586 Vol.
3232 1529 3281 1587 Ι.
3311 1550 3368 1608 p.
3393 1530 3561 1604 546.)

1110 1627 1201 1687 Ad
1233 1627 1405 1685 finem
1433 1628 1819 1684 Annotationis
1859 1627 1918 1684 in
1962 1625 2193 1685 titulum
2235 1625 2360 1686 libri
2398 1630 2503 1704 περὶ
2543 1634 2630 1684 τοῦ
2669 1632 2829 1697 νοητοῦ
2869 1629 3080 1694 κάλλους
3122 1627 3204 1704 (p.
3235 1642 3370 1703 541.
3399 1626 3605 1699 Basil.)
3638 1625 3894 1685 Hei-dero
3930 1639 3991 1685 et
4021 1627 4390 1708 schellingio,
4418 1628 4515 1707 qui

1029 1723 1242 1784 ibidem
1283 1734 1688 1792 memorantur,
1716 1723 1954 1781 addatur
1992 1742 2146 1783 nunc
2188 1725 2497 1783 Goetheus.
2580 1721 2816 1783 Etenim
2854 1721 2948 1782 hic
2984 1724 3150 1803 hujus
3190 1723 3317 1784 libri
3360 1735 3534 1803 caput
3570 1723 3813 1802 primum
3850 1724 3950 1802 (V.
3984 1725 4040 1783 8.
4070 1729 4146 1801 1.)
4179 1726 4517 1786 Germanice

1029 1820 1216 1891 vertit,
1247 1819 1454 1879 Latina
1477 1819 1658 1879 Ficini
1685 1819 1929 1880 maxime
1969 1833 2197 1881 secutus
2230 1821 2319 1898 (in
2347 1820 2605 1902 epistolis
2645 1821 2719 1880 ad
2745 1820 3038 1880 Zelterum
3068 1822 3222 1880 Part.
3251 1822 3302 1880 1.
3331 1841 3385 1900 p.
3417 1825 3784 1899 190—-192),
3813 1833 3873 1880 et
3903 1834 4136 1901 uterque
4179 1825 4235 1882 in
4267 1823 4355 1882 his
4384 1823 4516 1882 Plo·

1029 1918 1135 1979 tini
1160 1917 1381 1999 placitis
1406 1915 1677 1977 doctrinae
1703 1918 1775 1977 de
1801 1918 2219 1999 pulchritudine
2245 1940 2526 1978 summam
2556 1918 2741 1978 inesse
2759 1918 2996 1996 judicat,
3031 1918 3131 1992 (cf.
3159 1919 3366 1978 Zelteri
3395 1921 3560 1977 verba
3587 1939 3644 1998 p.
3671 1919 3803 1996 185.
3832 1919 3947 1997 aq.)

1113 2018 1200 2077 Ad
1226 2019 1433 2076 Annot.
1464 2015 1525 2073 in
1564 2014 1757 2075 locum
1798 2036 1855 2095 p.
1890 2017 2026 2094 726.
2057 2019 2130 2077 Β.
2159 2017 2252 2076 ed.
2285 2016 2456 2077 Basll.
2497 2017 2570 2075 ad
2608 2016 2774 2075 verba
2810 2015 3057 2075 Plotini:
3112 2017 3214 2075 οὐδὲ
3253 2019 3670 2093 γαργαλιζομένου
3709 2018 3846 2092 λέγει
3885 2025 3972 2074 τοῦ
4012 2020 4260 2089 σῦματος,
4291 2018 4349 2076 in
4393 2019 4518 2078 loco

1033 2113 1287 2175 Philonia
1309 2112 1496 2172 Judaei
1519 2112 1660 2193 Leg.
1677 2112 1955 2193 Allegorr.
1978 2117 2090 2176 111.
2120 2136 2178 2195 p.
2207 2135 2228 2174 1
2247 2117 2339 2175 18.
2367 2115 2613 2195 primum
2642 2114 2845 2173 verba:
2891 2117 3037 2171 ἀλλὰ
3063 2114 3284 2172 συντόνου
3308 2116 3395 2171 καὶ
3422 2118 3637 2192 σφοδρᾶς
3660 2117 3740 2172 ἀεὶ
3764 2117 4004 2186 κνῆστεως
4029 2118 4293 2175 vertenda
4318 2131 4513 2176 erant:

1032 2212 1366 2273 vehemente
1398 2221 1458 2269 et
1494 2209 1718 2271 intento
1758 2212 2031 2273 continue
2059 2217 2308 2291 pruritu,
2340 2235 2473 2273 nam
2509 2215 2882 2272 titillationem
2908 2223 3141 2291 usurpat
3166 2210 3368 2271 Cicero
3396 2211 3586 2291 potius
3612 2212 3684 2270 de
3710 2220 4063 2290 γαργαλισμᾷ.
4134 2212 4363 2272 Deinde
4391 2227 4517 2273 ten-

1031 2310 1206 2371 tanda
1244 2321 1367 2369 erat
1404 2309 1583 2368 altera
1620 2311 1981 2372 emendatio:
2025 2315 2105 2371 ἁεὶ
2143 2316 2386 2383 κινήσεως,
2414 2309 2877 2391 quandoquidem
2909 2309 3073 2370 Philo
3110 2309 3320 2369 ibidem
3361 2321 3658 2388 comparat
3683 2307 4117 2388 Cyrenaicorum
4160 2311 4519 2382 sententiam,

1031 2408 1379 2488 voluptatem
1418 2406 1478 2465 in
1527 2418 1686 2466 motu
1732 2410 1809 2484 (tn
1846 2411 2058 2486 κινήσει)
2103 2408 2464 2490 ponentium,
2509 2430 2641 2469 cum
2682 2406 2967 2469 sententia
3004 2408 3438 2486 Epicureorum,
3475 2407 3825 2487 voluptatem
3868 2426 3991 2467 esee
4031 2406 4292 2467 stabilem
4338 2412 4521 2483 (ἡδονὴν

1034 2505 1514 2582 καταστηματικὴν)
1543 2504 1873 2565 dicentium.

1120 2709 1296 2767 Indici
1331 2709 1639 2765 Groecitatis
1668 2708 1998 2765 Plotinianoe
2027 2703 2170 2763 adde
2206 2718 2339 2762 ante
2371 2703 2590 2762 literam
2621 2703 2673 2760 B
2702 2701 2850 2761 baec:
2896 2702 3079 2774 ἄψυχα
3104 2702 3134 2772 ἢ
3162 2701 3372 2776 ἔμψυχα
3398 2707 3470 2760 τὰ
3497 2703 3686 2778 ἄστρα.
3728 2702 3807 2759 11.
3842 2719 3898 2776 3.
3934 2721 3984 2760 2.
4067 2704 4218 2762 Ante
4253 2711 4522 2779 κυριεύομαι

1038 2825 1232 2866 vocem
1259 2808 1434 2872 κύκνος.
1477 2804 1555 2862 11.
1585 2803 1641 2862 6.
1671 2822 1720 2862 1.
