5118 6613
1065 546 1197 613 354

1069 704 1166 765 διὰ
1192 703 1363 764 τοῦτο
1394 698 1497 762 οὐκ
1528 695 1900 780 ἐπιδέχονται
1941 694 2009 759 τὸ
2051 700 2290 776 μᾶλλον
2319 696 2415 759 καὶ
2452 694 2521 759 τὸ
2561 695 2754 774 ἦττον.

1071 803 1234 866 ἄλλα
1275 802 1526 866 δυνατόν
1566 807 1719 882 φησι
1760 797 1906 879 πρὸς
1949 801 2119 862 τοῦτο
2165 796 2393 879 λέγειν,
2431 798 2509 864 ὥς
2552 796 2647 860 καὶ
2692 797 2759 859 ἐν

1069 910 1191 972 τοῖς
1235 908 1464 983 νοητοῖς
1494 902 1836 977 διασώζεται
1863 900 1900 980 ἡ
1931 899 2088 979 τάξις
2114 904 2220 964 τοῦ
2245 902 2435 982 λόγου
2463 903 2565 979 τῆς
2590 900 2757 962 ποιό-

1069 1032 1257 1086 τητος,
1290 1008 1344 1069 εἰ
1374 1006 1468 1069 καὶ
1500 1001 1620 1068 κατ’
1652 1004 1865 1068 οὐσίαν
1895 1005 2023 1067 ἐκεῖ
2058 1001 2253 1066 πάντα
2295 1001 2564 1085 ὑπάρχει.
2613 1003 2761 1065 κατὰ

1068 1112 1184 1193 γὰρ
1212 1112 1420 1172 τοῦτον
1448 1106 1555 1171 τὸν
1582 1108 1792 1189 λόγον,
1819 1106 1954 1187 περὶ
1980 1105 2087 1185 τὴν
2115 1106 2329 1169 οὐσίαν
2356 1106 2393 1184 ἡ
2424 1103 2636 1172 στάσις
2666 1103 2760 1168 καὶ

1066 1213 1103 1292 ἡ
1134 1214 1357 1290 κίνησις
1386 1215 1706 1292 θεωρεῖται,
1738 1209 2108 1284 διασόζουσα
2150 1209 2226 1275 ὣς
2270 1210 2337 1271 ἐν
2381 1212 2612 1286 νοητοῖς
2653 1207 2761 1271 τὸν

1065 1317 1256 1398 λόγον
1284 1319 1385 1394 τῆς
1413 1314 1855 1396 ἐνυπαρχούσης
1900 1313 1967 1374 ἐν
2008 1310 2185 1397 ἑτέρῳ
2233 1309 2328 1374 καὶ
2371 1311 2507 1392 περὶ
2553 1309 2759 1391 ἕτερον

1069 1419 1391 1499 ἐνεργείας.
1436 1413 1575 1479 ἀλλ’
1607 1416 1780 1489 ὅλως,
1813 1414 1883 1478 οὐ
1924 1415 2060 1496 περὶ
2101 1420 2219 1477 τῶν
2260 1419 2485 1492 νοητῶν
2524 1416 2690 1478 ἐστιν
2724 1414 2758 1476 6

1066 1521 1447 1601 προκείμενος
1493 1518 1689 1601 λόγος.
1757 1522 1939 1581 ταῦτα
1985 1519 2099 1597 μὲν
2146 1517 2254 1581 οῦν
2295 1518 2623 1598 ἀρκούντως
2675 1519 2755 1580 εἵ-

1067 1648 1256 1704 ρηται.
2750 1661 2757 1672 ,

1155 1747 1216 1812 p.
1249 1744 1270 1786 1
1291 1725 1433 1807 156,
1471 1742 1571 1787 10.
1618 1722 1733 1786 Καὶ
1763 1721 1832 1800 δὴ
1863 1722 1958 1785 καὶ
1984 1721 2271 1802 μουσικήν
2300 1730 2489 1803 φησιν
2518 1724 2550 1785 6
2583 1721 2758 1785 Πλά-

1069 1854 1186 1892 των
1216 1856 1265 1891 κ.
1287 1852 1341 1890 τ.
1365 1827 1463 1915 λ.]
1497 1824 1655 1889 Vide
1685 1824 2094 1912 Eryximachi
2122 1823 2458 1887 orationem
2492 1821 2553 1887 in
2589 1826 2755 1888 Con-

1069 1929 1235 1994 vivio
1271 1953 1335 2017 p.
1377 1931 1516 1993 186.
1550 1941 1714 1992 extr.
1760 1943 1825 1993 et
1868 1951 1933 2016 p.
1972 1933 2188 2010 187.a.
2218 1941 2279 1991 et
2311 1950 2373 2015 p.
2407 1927 2545 1991 188.
2581 1927 2645 1991 b.
2693 1950 2756 2014 p.

1067 2052 1216 2120 397.
1249 2048 1313 2097 et
1338 2053 1487 2119 399.
1524 2029 1813 2095 Bekkeri.

1156 2159 1219 2224 p.
1251 2156 1276 2199 1
1297 2155 1437 2220 157,
1469 2154 1566 2220 13.
1615 2131 1939 2215 διαιρετέον
1967 2135 2072 2200 τὰς
2111 2134 2224 2214 μὲν
2251 2135 2529 2216 ψυχικᾶς,
2561 2135 2666 2199 τὰς
2693 2133 2758 2195 δὲ

1068 2240 1423 2324 σωματικὰς]
1456 2236 1812 2323 Simplicius
1840 2234 1882 2300 1.
1904 2258 1958 2299 c.
1995 2258 2053 2322 p.
2074 2238 2179 2319 69.
2203 2236 2275 2300 b:
2308 2241 2620 2302 Πλωτῖνος
2646 2238 2758 2314 μὲν

1069 2344 1174 2407 οῦν
1203 2347 1416 2423 διαιρεῖ
1453 2344 1556 2408 τὰς
1597 2343 1710 2419 μὲν
1737 2339 2008 2420 σώματος
2049 2340 2380 2419 ποιότητας,
2411 2342 2515 2404 τὰς
2544 2340 2608 2401 δὲ
2635 2344 2754 2420 slev-

1065 2450 1175 2530 χῆς
1216 2446 1435 2527 λέγων,
1467 2445 1537 2508 οὐ
1564 2444 1871 2521 ποιότητος
1914 2444 2062 2505 κατὰ
2098 2441 2384 2521 ἀλήθειαν
2412 2441 2759 2519 ποιούμενος

1066 2549 1246 2615 οὕτως
1274 2548 1588 2629 διαίρεσιν,
1619 2547 1782 2610 ἀλλὰ
1818 2543 2131 2608 διάστασιν
2157 2546 2346 2624 μόνην
2373 2542 2760 2625 παραδεικνὺς

1067 2657 1183 2715 τῶν
1215 2652 1281 2714 ἐν
1310 2651 1397 2716 οἷς
1428 2649 1649 2729 ἐστινὴ
1672 2649 1928 2726 ποιότης,
1952 2651 2122 2710 τοῦτο
2152 2650 2216 2712 δὲ
2248 2647 2317 2710 οὐ
2343 2647 2604 2710 δείκνυσι
2631 2672 2758 2709 ποι-

1067 2755 1271 2834 ότητος
1301 2750 1611 2834 διαφοράν.
1645 2750 1733 2814 διὸ
1763 2751 1856 2814 καὶ
1882 2748 2307 2831 Ἀριστοτέλης
2331 2751 2398 2813 ἐν
2418 2756 2546 2815 ταῖς
2574 2754 2759 2826 παθη-

1066 2861 1251 2922 τικαῖς
1291 2856 1582 2934 ποιότησι,
1615 2856 1720 2919 τὰς
1760 2854 1873 2933 μὲν
1902 2855 2103 2936 ψυχῆς
2147 2854 2346 2926 εἰπὼν,
2378 2855 2482 2918 τὰς
2518 2854 2602 2925 δὲ,
2637 2853 2754 2915 σώ-

1065 2984 1267 3039 ματος,
1291 2959 1361 3022 οὐ
1382 2960 1752 3039 παρεξῆλθεν
1775 2957 1857 3023 εἰς
1886 2956 2043 3019 ἄλλο
2066 2954 2241 3037 γένος
2266 2955 2592 3034 ποιότητος,
2617 2952 2755 3016 ἀλλ’

1068 3062 1138 3124 ἐν
1178 3065 1257 3146 τῷ
1303 3060 1454 3145 αὐτῷ
1498 3058 1808 3138 μεμένηκε,
1849 3063 2040 3125 καλῶς
2084 3058 2265 3131 εἰδὼς,
2300 3058 2376 3123 ὧς
2415 3058 2452 3135 ἦ
2495 3057 2758 3139 ὑποδοχὴ

1068 3169 1186 3227 τῶν
1216 3165 1386 3227 εἰδῶν
1417 3158 1917 3240 ἐναλλαττομένη,
1949 3163 2050 3237 τῆς
2090 3161 2201 3240 μὲν
2232 3159 2596 3239 ἐπικειμένης
2635 3161 2756 3243 χῶ-

1066 3292 1191 3350 ρας,
1223 3271 1474 3331 ποιεῖται
1511 3265 1842 3346 ἑτερότητα,
1874 3266 1978 3326 τοῦ
2005 3264 2070 3327 δὲ
2101 3261 2531 3346 ἐνυπάρχοντος
2573 3265 2759 3329 εἴδους

1063 3369 1101 3450 ἢ
1145 3373 1527 3455 χαρακτῆρος,
1573 3367 1850 3446 οὐδεμίαν
1895 3371 2056 3429 ποιεῖ
2093 3363 2407 3449 διαφοράν.
2463 3365 2648 3429 πάλιν
2693 3368 2757 3430 δὲ

1066 3477 1171 3541 τᾶς
1197 3476 1302 3536 τοῦ
1330 3473 1602 3551 σώματος
1642 3472 1787 3533 κατὰ
1825 3473 1931 3536 τὰς
1967 3467 2271 3549 αἰσθήσεις
2309 3473 2535 3551 διαιρεῖ,
2568 3473 2648 3556 τῷ
2691 3495 2756 3533 τε

1067 3577 1220 3662 αὐτῷ
1247 3577 1612 3657 περιπίπτων
1641 3575 1858 3659 ἀτόπῳ·
1904 3573 1999 3636 καὶ
2028 3572 2113 3636 ἔτι
2139 3570 2343 3651 μέντοι
2370 3572 2438 3636 τὸ
2472 3573 2539 3635 ἐν
2569 3581 2757 3653 φησιν

1063 3678 1415 3762 Ἰάμβλιχος
1459 3678 1957 3758 κατακερματίζων
1988 3677 2071 3741 εἰς
2096 3677 2172 3738 τᾶ
2202 3677 2349 3738 κατὰ
2387 3674 2633 3756 ἀριθμὸν
2663 3676 2754 3739 ἕτ-

1066 3808 1194 3864 ερα,
1226 3781 1320 3845 καὶ
1349 3781 1482 3863 οὐχὶ
1514 3783 1596 3848 εἰς
1623 3783 1697 3843 τὰ
1724 3782 1805 3864 τῷ
1837 3781 1978 3843 εἴδει
2004 3776 2379 3860 διαφέροντα.
2426 3777 2494 3841 τὸ
2525 3781 2641 3860 γᾶρ
2666 3782 2754 3842 αἰ-

1068 3884 1291 3964 σθητὸν
1316 3883 1353 3965 ᾖ
1383 3883 1684 3962 αἰσθητὸν,
1720 3882 1787 3946 ἕν
1817 3885 1982 3946 ἐστιν
2014 3882 2185 3955 εἶδος,
2228 3882 2336 3946 κᾶν
2374 3907 2460 3948 τις
2499 3881 2568 3945 τὸ
2613 3907 2754 3945 συν-

1068 3985 1417 4069 εζευγμένον
1448 3985 1666 4064 ἑκάστῃ
1696 3984 1971 4064 αἰσθήσει
2001 3984 2078 4052 ὦς
2104 3988 2255 4048 ἴδιον
2285 3987 2573 4063 αἰσθητὸν
2601 3993 2754 4064 λαμ-

1065 4091 1249 4171 βάνῃ,
1278 4093 1425 4154 κατὰ
1453 4088 1698 4170 ἀριθμὸν
1728 4088 1876 4152 αὐτὰ
1919 4089 2213 4170 διακρίνει.
2262 4093 2438 4166 δηλοῖ
2475 4090 2540 4152 δὲ
2585 4093 2756 4153 τοῦτο

1069 4194 1164 4257 καὶ
1204 4191 1643 4273 Ἀριστοτέλης.
1690 4193 1794 4258 τὰς
1821 4193 1937 4272 γὰρ
1965 4193 2284 4268 παθητικὰς
2326 4193 2639 4270 ποιότητας
2681 4194 2757 4259 ὣς

1068 4295 1351 4373 αἰσθητὰς
1394 4291 1732 4357 συντάττων
1759 4293 1906 4375 πρὸς
1932 4294 2040 4372 τὴν
2070 4296 2368 4371 αἴσθησιν,
2403 4301 2608 4362 κοινῶς
2649 4297 2754 4359 αὐ-

1067 4401 1170 4464 τᾶς
1198 4395 1343 4477 πρὸς
1371 4396 1519 4463 ὅλας
1544 4399 1648 4462 τὰς
1677 4395 1984 4475 αἰσθήσεις
2026 4395 2310 4478 ἀνήγαγε·
2357 4400 2461 4464 τᾶς
2504 4401 2569 4462 δὲ
2610 4399 2757 4479 πρὸς

1068 4498 1322 4577 ἑκάστην
1367 4498 1846 4580 συνεζευγμένας,
1893 4498 2086 4562 οὐκέτι
2128 4498 2516 4581 προσέθηκεν,
2561 4504 2637 4567 ὡς
2677 4501 2756 4580 μὴ

1064 4598 1352 4667 ποιούσας
1379 4600 1487 4677 τὴν
1517 4599 1638 4663 κατ’
1662 4600 1813 4668 εἶδος
1844 4598 2173 4682 ἑτερότητα,
2207 4603 2368 4666 ἀλλὰ
2397 4604 2617 4689 ἀριθμῷ
2649 4602 2757 4684 μό-

1068 4729 1173 4768 νον
1203 4704 1617 4785 διαφερούσας·
1668 4705 1982 4783 ἐπιστῆσαι
2023 4707 2088 4767 δὲ
2126 4706 2290 4782 ἄξιον
2322 4708 2374 4769 εἰ
2409 4706 2488 4785 μὴ
2526 4707 2621 4770 καὶ
2661 4710 2754 4771 αἰ·

1066 4805 1312 4885 σθήσεις
1348 4803 1470 4869 κατ’
1504 4805 1657 4872 εἶδος
1696 4805 1982 4884 ἀλλήλων
2013 4805 2381 4887 διαφέρουσι,
2415 4810 2509 4871 καὶ
2536 4811 2612 4872 τὰ
2638 4812 2758 4873 ἴδια

1064 4915 1182 4974 τῶν
1212 4908 1549 4989 αἰσθήσεων
1579 4911 1850 4987 αἰσθητὰ,
1876 4910 1958 4972 ὧν
1986 4911 2019 4972 6
2051 4914 2361 4975 Πλωτῖνος
2389 4910 2495 4988 τὴν
2528 4910 2647 4973 κατ’
2676 4911 2755 4974 εἶ-

1064 5017 1163 5079 δος
1192 5014 1483 5093 διαφορὰν
1513 5013 1579 5074 ἐκ
1606 5017 1724 5075 τῶν
1755 5010 2093 5090 αἰσθήσεων
2124 5014 2512 5094 ἐπεχείρησεν
2543 5016 2755 5077 ἐπιδεῖ-

1063 5123 1177 5197 ξαι·
1224 5118 1293 5180 οὐ
1335 5115 1450 5198 γάρ
1496 5117 1626 5180 ἐστι
1672 5112 1790 5179 κατ’
1824 5116 2072 5195 ἀριθμὸν
2109 5117 2145 5194 ἡ
2190 5120 2425 5193 τοιαύτη
2474 5120 2749 5198 διαφορὰ,

1066 5223 1148 5288 εἰς
1190 5221 1379 5300 ἄτομα
1425 5219 1519 5283 καὶ
1563 5218 1707 5297 αὐτὴ
1744 5217 2115 5300 διαιρουμένη
2145 5215 2280 5281 τόδε
2310 5217 2377 5280 τὸ
2409 5219 2628 5298 ὁρατὸν
2659 5220 2753 5283 καὶ

1063 5321 1220 5387 τόδε·
1253 5325 1306 5387 εἰ
1334 5325 1398 5386 δὲ
1426 5320 1848 5403 Ἀριστοτέλης
1873 5321 1953 5400 μὴ
1978 5320 2156 5403 μέχρι
2184 5323 2354 5383 τοῦδε
2384 5325 2625 5398 διεῖλεν,
2658 5322 2753 5384 οὐ-

1063 5429 1165 5490 δὲν
1195 5426 1558 5507 θαυμαστὸν,
1589 5424 1765 5507 μέχρι
1793 5428 1892 5502 τῆς
1918 5426 2146 5506 πρώτης
2176 5426 2258 5490 εἰς
2286 5426 2409 5502 εἴδη
2449 5429 2566 5487 τῶν
2596 5426 2750 5488 ἀνω-

1062 5528 1215 5592 τάτω
1261 5534 1452 5610 γενῶν
1494 5526 1834 5610 διαιρέσεως
1882 5526 2160 5608 προάγων
2202 5526 2309 5590 τὸν
2351 5524 2562 5607 λόγον,
2607 5529 2753 5609 ὅπερ

2026 520 2874 587 ANNOTATIONES
2926 520 3038 583 IN
3093 518 3527 583 PLOTINI

2845 694 2965 759 ἔδει
3008 694 3104 758 καὶ
3145 693 3250 757 τὸν
3288 696 3606 755 Πλωτῖνον
3633 689 3914 772 φυλάξαι,
3953 690 4062 769 τὴν
4100 695 4218 754 τῶν
4261 691 4538 756 ἀνωτάτω

2845 803 3038 880 γενῶν
3066 797 3418 875 ποιούμενον
3449 794 3754 875 διαίρεσιν·
3798 796 3902 860 τὰς
3930 795 3995 857 δὲ
4023 797 4124 872 τῆς
4148 798 4349 879 ψυχῆς
4374 792 4541 859 ποιό-

2846 923 3020 979 τητας
3048 900 3196 962 κατὰ
3223 900 3296 960 τᾶ
3324 893 3501 977 μόρια
3540 900 3641 975 τῆς
3667 900 3867 979 ψυχῆς
3909 894 4205 974 διίστησιν
4233 898 4266 959 6
4297 902 4534 961 Πλωτῖ·

2848 1027 2970 1068 νος.
3018 1001 3204 1064 καίτοι
3247 998 3498 1064 δυνατὸν
3529 999 3624 1062 καὶ
3654 1000 3722 1062 ἐν
3749 999 3991 1062 πλείοσι
4031 999 4256 1080 μορίοις
4296 1000 4402 1078 τὴν
4430 1001 4537 1065 αὐ·

2845 1104 2952 1182 τὴν
2983 1102 3134 1168 εἶναι
3174 1100 3475 1180 ποιότητα,
3508 1103 3585 1169 ὦς
3625 1100 3694 1165 τὸ
3741 1100 3985 1180 εὐήντον
4019 1100 4329 1186 [εὐήνυτον
4349 1104 4405 1188 Ρ]
4440 1104 4537 1168 καὶ

2847 1203 3127 1289 σκληρόν.
3176 1206 3272 1269 καὶ
3319 1207 3386 1268 ἐν
3427 1204 3516 1268 ἑνὶ
3552 1207 3804 1277 πολλᾶς,
3836 1205 3982 1267 ὅταν
4018 1201 4053 1284 ᾖ
4096 1207 4533 1287 πολυδύναμον,

2845 1311 2922 1376 ὡς
2961 1312 3028 1373 ἐν
3057 1312 3136 1394 τῷ
3176 1311 3397 1393 λογικῷ
3441 1310 3677 1374 πολλᾶς
3721 1304 4042 1386 ἐπιστήμας
4084 1307 4181 1371 καὶ
4223 1305 4539 1390 διαφόρους

2844 1417 2965 1478 τοῖς
2994 1414 3198 1475 εἴδεσι.
3243 1413 3393 1490 μετὰ
3422 1412 3487 1474 δὲ
3515 1414 3685 1474 τοῦτο
3714 1412 3818 1476 τὰς
3845 1413 3951 1473 τοῦ
3977 1414 4325 1491 λογιστικοῦ
4361 1414 4533 1476 πλεί-

2845 1540 2944 1581 ους
2971 1516 3169 1587 οὔσας,
3205 1515 3353 1577 κατὰ
3379 1515 3484 1580 τὰς
3511 1511 3833 1592 ἐπιστήμας
3870 1516 4084 1593 διαιρεῖ
4117 1512 4212 1575 καὶ
4254 1517 4401 1578 κατὰ
4434 1518 4538 1582 τὰς

2843 1616 3060 1700 τέχνας
3082 1618 3165 1683 εἰς
3186 1612 3257 1679 τὰ
3281 1616 3511 1699 ἔσχατα
3532 1616 3900 1693 ἀποπίπτων,
3921 1615 4016 1678 καὶ
4044 1615 4149 1679 οὐκ
4177 1617 4446 1696 ἐμμένων
4465 1622 4536 1698 τῇ

2844 1725 2950 1785 τοῦ
2988 1718 3442 1801 Ἀριστοτέλους
3482 1720 3704 1782 τούτων
3730 1716 4075 1800 περιλήψει,
4109 1716 4233 1783 καθ’
4265 1718 4333 1783 ἓν
4361 1717 4538 1802 γένος

2844 1823 3126 1907 γινομένῃ
3156 1822 3223 1886 τὸ
3252 1826 3353 1902 τῆς
3381 1823 3571 1901 ἕξεως·
3606 1823 3740 1885 οὐδὲ
3771 1823 3994 1884 ἐννοῶν
4017 1821 4110 1884 ὅτι
4138 1822 4208 1885 οὐ
4236 1818 4538 1903 πρόκειται

2846 1931 2950 1991 νῦν
2976 1926 3152 2009 μέχρι
3180 1924 3402 1991 παντὸς
3427 1923 3713 2006 προάγειν
3734 1930 3852 1987 τῶν
3879 1929 4073 2007 γενῶν
4094 1924 4201 2003 τὴν
4223 1925 4531 2006 διαίρεσιν,

2844 2031 3007 2093 ἀλλὰ
3030 2028 3103 2092 τὰ
3126 2028 3365 2092 πάντων
3392 2028 3753 2110 γενικώτατα
3782 2027 3878 2090 καὶ
3898 2024 3971 2089 τὰ
3988 2027 4215 2093 τούτοις
4240 2032 4529 2111 προσεχῆ,

2843 2135 2926 2196 ὧν
2965 2135 3162 2196 ἐκεῖνα
3205 2136 3628 2213 κατηγορεῖται,
3660 2133 3843 2193 ταῦτα
3885 2130 4041 2208 μόνα
4088 2132 4196 2192 νῦν
4233 2126 4532 2211 πρόκειται

2842 2231 3246 2317 παραδιδόναι,
3277 2235 3432 2297 ὥστε
3463 2234 3597 2297 οὐδὲ
3628 2233 3773 2296 ὅταν
3803 2234 3907 2298 τὰς
3942 2233 4009 2295 ἐν
4036 2235 4117 2317 τῷ
4149 2234 4531 2319 ἐπιθυμητικᾷ

2842 2340 3196 2420 προστίθησι
3239 2341 3533 2416 δυνάμεις,
3563 2334 3922 2400 ἀποδεκτέον
3950 2334 4057 2413 τὴν
4082 2334 4259 2418 μέχρι
4285 2340 4532 2400 τοσοῦδε

2843 2446 2943 2520 τῆς
2971 2440 3308 2522 διαιρέσεως
3333 2441 3612 2521 πρόοδον.
3660 2440 4023 2520 διαρίθμησις
4049 2436 4164 2521 γάρ
4194 2440 4360 2502 ἐστιν
4389 2441 4532 2517 αὕτη
4582 2435 4591 2444 ’

2843 2550 2960 2608 τῶν
2989 2542 3282 2627 ἐσχάτων,
3306 2543 3375 2606 οὐ
3404 2543 3685 2623 διαίρεσις
3712 2546 3830 2604 τῶν
3856 2542 4101 2622 πρώτων
4128 2547 4338 2622 γενῶν.
4381 2543 4535 2609 ὅλως

2845 2650 2909 2711 δὲ
2954 2651 3121 2711 πᾶσα
3166 2649 3463 2727 διαίρεσις,
3498 2647 3644 2708 κατὰ
3682 2632 3788 2723 τὴῦ
3816 2645 4039 2707 οἰκείαν
4068 2643 4320 2710 ἑκάστου
4348 2647 4534 2728 φύσιν

2845 2750 3047 2832 ὤφελε
3076 2750 3367 2831 γίνεσθαι.
3415 2751 3585 2833 ποσῷ
3618 2748 3730 2826 μὲν
3758 2750 3873 2829 γὰρ
3901 2747 3937 2825 ἦ
3969 2750 4116 2811 κατὰ
4141 2750 4218 2811 τᾶ
4243 2750 4418 2829 μόρια
4447 2754 4529 2813 δι-

2845 2854 3069 2934 αίρεσις
3106 2853 3399 2933 ἁρμόττει.
3444 2849 3726 2932 μεριστὸν
3764 2852 3880 2932 γὰρ
3918 2854 4090 2913 τοῦτο
4137 2851 4232 2914 καὶ
4277 2851 4373 2915 ἐπὶ
4416 2858 4534 2916 τῶν

2844 2957 3165 3035 συνθέτων,
3207 2953 3243 3035 ἢ
3283 2961 3399 3019 τῶν
3445 2953 3772 3034 ἀσωμάτων
3812 2955 3943 3033 μὲν,
3980 2955 4248 3037 ἐχουσῶν
4293 2954 4360 3017 δέ
4403 2980 4535 3018 τινα

2846 3062 2912 3123 ἐν
2943 3062 3174 3126 ἑαυταῖς
3212 3059 3417 3126 οὐσίας
3455 3061 3675 3140 ὕφεσιν
3702 3058 3807 3120 οὐκ
3845 3058 4164 3138 ἀλλότριον
4193 3059 4308 3139 γὰρ
4335 3061 4530 3123 τοῦτο.

2843 3164 2986 3226 ὅταν
3017 3162 3085 3226 δέ
3122 3188 3208 3229 τις
3242 3163 3524 3240 ποιότητα
3565 3160 3643 3240 μὴ
3690 3162 3765 3226 ὡς
3808 3160 4089 3240 ποιότητα
4116 3163 4326 3241 διαιρῇ,
4359 3165 4530 3225 τοῦτο

2843 3264 2909 3330 δέ
2940 3267 3104 3330 ἐστιν
3126 3267 3202 3333 ὡς
3229 3266 3380 3345 ὅλην
3405 3266 3715 3347 πανταχοῦ
3739 3266 4050 3345 παροῦσαν
4081 3260 4205 3328 καθ’
4230 3264 4380 3328 ὅσον
4404 3265 4532 3329 ἐστὶ

2841 3371 3006 3445 ποιὰ,
3041 3370 3136 3431 καὶ
3166 3369 3242 3435 ὡς
3269 3367 3375 3446 τὴν
3406 3368 3587 3447 αὐτὴν
3615 3367 3822 3440 οὖσαν,
3850 3367 3916 3431 ἔν
3943 3392 4011 3430 τε
4037 3373 4159 3433 τοῖς
4184 3373 4408 3449 μικροῖς
4437 3368 4532 3431 καὶ

2840 3471 3141 3554 μεγάλοις,
3176 3473 3269 3536 καὶ
3302 3474 3368 3536 ἐν
3398 3473 3742 3536 ὁποιοισοῦν
3769 3469 4033 3551 μέρεσιν,
4065 3471 4142 3537 ῶς
4172 3470 4281 3549 τὴν
4308 3473 4528 3554 γλυκύ·

2841 3600 2986 3653 τητα
3014 3579 3118 3638 τοῦ
3146 3574 3401 3654 μέλιτος,
3437 3576 3504 3637 ἐν
3532 3576 3894 3637 ὁποσοισοῦν
3921 3578 4026 3636 τοῦ
4050 3572 4288 3653 μέλιτος
4313 3575 4530 3656 ὄγκοις,

2843 3678 2912 3741 οῦ
2956 3678 3061 3741 οὐκ
3104 3679 3289 3759 ὀρθῶς
3331 3682 3583 3741 ποιεῖται
3627 3675 3733 3755 τὴν
3763 3677 4069 3757 διαίρεσιν·
4117 3677 4187 3740 οὐ
4214 3680 4330 3759 γᾶρ
4356 3674 4395 3757 ᾖ
4422 3675 4525 3740 πέ-

2843 3788 3014 3862 φυκε,
3036 3782 3214 3859 ταύτῃ
3243 3779 3478 3859 τέμνειν
3508 3778 3688 3857 αὐτὴν
3712 3779 4016 3860 ἐπιχειρεῖ.
4046 3778 4271 3858 μήποτε
4301 3781 4365 3843 δὲ
4394 3778 4529 3843 οὐδὲ

2842 3888 3012 3947 τοῦτο
3041 3885 3153 3962 μὲν
3182 3884 3416 3962 ἀληθὲς,
3451 3883 3542 3945 ὅτι
3578 3886 3746 3945 πᾶσα
3774 3882 4010 3961 ποιότης
4051 3880 4121 3945 δι’
4152 3884 4299 3945 ὅλου
4342 3884 4525 3965 κεχώ-

2840 4011 2981 4068 ρηκε
3010 3990 3114 4049 τοῦ
3140 3989 3331 4059 ποιοῦ,
3365 3988 3529 4065 εἴπερ
3557 3984 3625 4047 τὸ
3653 3983 3936 4066 τέταρτον
3966 3983 4118 4051 εἶδος
4154 3990 4254 4065 τῆς
4291 3986 4526 4065 ποιότη-

2842 4116 2941 4156 τος
2971 4087 3116 4154 κατὰ
3144 4089 3211 4153 τὸ
3243 4091 3526 4167 ἐπιπολῆς
3556 4090 3881 4169 ἐθεωρεῖτο,
3918 4088 4012 4151 καὶ
4042 4090 4094 4157 εἰ
4121 4088 4188 4152 τὸ
4216 4090 4527 4171 τρίγωνον,

2845 4194 2938 4256 καὶ
2988 4198 3105 4256 τῶν
3154 4194 3359 4256 ἄλλων
3410 4197 3527 4254 τῶν
3577 4193 3856 4253 τοιούτων
3908 4190 4228 4274 σχημάτων
4278 4192 4534 4254 ἕκαστον

2845 4296 2989 4379 ἔχον
3026 4297 3138 4375 μὲν
3182 4298 3468 4376 γραμμὰς,
3512 4294 3657 4378 ἔχον
3701 4296 3767 4358 δὲ
3815 4295 3910 4358 καὶ
3954 4296 4190 4377 γωνίας,
4232 4295 4347 4378 οὐχ
4385 4297 4533 4359 ὅλον

2841 4401 3150 4481 πανταχοῦ
3174 4397 3477 4479 πάρεστιν.
3510 4397 3579 4460 οὐ
3602 4399 3716 4478 γὰρ
3742 4399 3807 4460 ἐν
3829 4397 4017 4483 ταύτῷ
4042 4402 4232 4462 πᾶσαι
4261 4400 4323 4461 αἱ
4350 4423 4534 4480 γραμ·

2841 4502 2964 4582 μαὶ,
2997 4501 3131 4564 οὐδὲ
3161 4502 3222 4564 αἱ
3250 4501 3459 4582 γωνίαι
3485 4503 3635 4580 μετὰ
3662 4506 3779 4563 τῶν
3809 4506 4090 4582 γραμμῶν
4122 4503 4294 4564 εἰσιν.
4330 4502 4533 4565 ἔπειτα

2843 4605 2957 4687 οὐχ
2982 4605 3018 4683 ἡ
3050 4602 3191 4681 αὐτὴ
3218 4605 3472 4683 ποιότης,
3498 4604 3626 4666 οἷον
3653 4603 3689 4680 ἡ
3720 4605 4099 4684 σωφροσύνη,
4124 4602 4161 4683 ἢ
4188 4604 4225 4683 ἡ
4252 4606 4527 4683 μελανία,

2842 4710 3011 4789 ψυχῇ
3055 4708 3150 4769 καὶ
3181 4706 3407 4784 σώματι
3446 4705 3750 4785 πάρεστιν.
3798 4705 3971 4770 οὐδὲν
4000 4707 4106 4770 οῦν
4136 4708 4356 4770 ἄτοπον
4384 4711 4533 4771 κατὰ

2842 4814 3012 4874 τοῦτο
3061 4806 3322 4891 ψυχικὰς
3373 4809 3466 4871 καὶ
3520 4805 3851 4886 σωματικὰς
3900 4810 4213 4887 ποιότητας
4263 4814 4527 4892 διαιρεῖν.

2841 4910 3003 4976 ἀλλὰ
3045 4913 3113 4976 τὸ
3160 4911 3276 4974 ἀπὸ
3322 4917 3438 4974 τῶν
3480 4913 3793 4992 ἐνεργειῶν
3833 4913 4133 4994 διαφόρων
4162 4913 4359 4976 οὐσῶν
4396 4938 4527 4977 τεκ·

2836 5017 3153 5097 μαίρεσθαι
3195 5011 3297 5081 τὰς
3342 5015 3660 5096 διαφόρους
3704 5016 4037 5093 ποιότητας,
4068 5016 4214 5079 ὅταν
4249 5017 4531 5097 γίνωνται

2842 5116 2962 5181 κατ’
2996 5115 3190 5190 αὐτὰς,
3225 5117 3298 5179 τὰ
3321 5118 3455 5198 περὶ
3483 5123 3599 5180 τῶν
3630 5116 3931 5196 δυνάμεων
3960 5120 4043 5185 εἰς
4082 5116 4182 5185 τὰς
4218 5120 4531 5199 ποιότητας

2837 5219 3135 5304 μετάγειν,
3161 5222 3223 5283 αἱ
3249 5222 3362 5298 μὲν
3390 5217 3501 5302 γὰρ
3531 5220 3802 5301 δυνάμεις
3831 5222 4081 5302 ἀφανεῖς
4109 5222 4284 5285 οὖσαι
4318 5224 4383 5286 ἐκ
4410 5229 4529 5289 τῶν

2841 5325 3152 5405 ἐνεργειῶν
3175 5323 3243 5390 ἃς
3267 5322 3616 5404 ἐπιφέρουσι
3646 5324 4195 5405 διαγιγνώσκονται.
4231 5326 4379 5388 αἰδὲ
4404 5352 4531 5391 ποι-

2840 5427 3057 5504 ότητες,
3085 5429 3318 5506 ἐμφανῆ
3346 5423 3487 5489 ποιὰ
3517 5427 3944 5489 ἐπιδεικνύουσι
3965 5425 4061 5489 διὰ
4078 5432 4194 5488 τῶν
4215 5427 4531 5507 ὁρωμένων

2839 5534 3024 5591 ποιῶν
3053 5527 3267 5608 ἑτέρων
3297 5530 3504 5591 ὄντων.
3556 5528 3651 5591 καὶ
3695 5527 3863 5591 αὗται
3908 5526 4054 5592 κατὰ
4093 5525 4165 5591 τὰ
4206 5533 4529 5611 κυριώτατα
