5118 6613
1342 543 1543 610 LIB.
1590 543 1735 609 111.
1781 544 2235 610 ENNEAD.
2284 545 2766 624 QUARTAE.
2810 567 2879 633 p.
2910 545 3276 632 697—702.
3924 564 4049 632 209

636 740 698 804 p.
729 732 877 800 702,
902 730 963 801 5.
1013 721 1134 780 Δεῖ
1157 715 1227 795 δὴ
1254 718 1335 802 τῷ
1361 716 2005 802 λόγῳ-διδασκαλίας
2027 717 2123 781 καὶ
2151 721 2258 782 τοῦ

549 822 784 902 σαφοῦς
817 816 1015 901 χάριν,
1046 819 1367 900 γίγνεσθαι
1407 820 1665 898 νομίζειν
1695 845 1747 883 κ.
1773 844 1826 881 τ.
1843 819 1938 907 λ.]
1989 821 2251 884 Senten-

547 921 635 985 tia
681 920 874 1006 hujus
920 918 1038 983 loci
1090 933 1217 984 est:
1286 921 1556 1008 Oportet
1598 934 1812 986 autem
1860 921 2112 986 credere
2153 921 2254 985 hic

546 1021 752 1087 verbis
800 1020 1098 1108 explicari
1155 1021 1508 1109 ingressum
1558 1022 1783 1088 animae
1846 1023 2128 1109 (mundi)
2187 1023 2252 1087 in

538 1146 768 1213 corpus
799 1123 1252 1208 (mundanum)
1286 1125 1603 1214 hujusque
1629 1126 2070 1191 animationem
2113 1142 2250 1192 tan-

546 1225 875 1292 tummodo
913 1225 1215 1292 doctrinae
1262 1242 1456 1314 atque
1503 1229 1963 1317 perspicuitatis
2005 1230 2247 1317 gratia:

543 1352 760 1417 reapse
787 1328 965 1393 nullo
990 1351 1112 1393 non
1145 1343 1429 1419 tempore
1454 1331 1764 1418 ejusmodi
1800 1331 2146 1420 ingressum
2188 1348 2252 1398 et

544 1431 981 1497 animationem
1000 1432 1231 1497 factam
1261 1455 1415 1497 esse.
1481 1434 1964 1521 comparandus
1983 1449 2079 1500 est
2104 1458 2247 1501 cum

547 1548 758 1600 nostro
785 1534 923 1600 loco
951 1534 1165 1600 similis
1194 1536 1312 1600 VI.
1337 1550 1400 1621 5.
1433 1535 1495 1600 8.
1528 1559 1592 1624 p.
1623 1539 1774 1623 665.
1796 1537 1872 1600 A.
1910 1536 2019 1601 ubi
2048 1537 2113 1601 in
2144 1559 2252 1601 ex-

543 1637 834 1726 plicanda
853 1638 1291 1725 conjunctione
1307 1640 1529 1703 formoe
1562 1638 1719 1721 (sive
1749 1639 1996 1726 speciei)
2021 1654 2084 1704 et
2114 1662 2247 1704 ma-

545 1740 717 1806 teriae
737 1740 1019 1806 similiter
1046 1756 1259 1806 monet
1289 1742 1548 1806 lectores
1585 1764 1732 1806 suos
1775 1740 2089 1820 Plotinus,
2121 1764 2248 1806 non

544 1866 757 1932 reapse
784 1843 923 1908 loco
948 1857 1355 1931 temporeque
1382 1845 1694 1931 sejunctas
1722 1867 1825 1908 eas
1854 1843 2112 1931 cogitari
2142 1843 2251 1908 de-

543 1945 710 2026 bere,
742 1945 850 2010 sed
880 1946 1085 2011 verbis
1111 1945 1549 2011 tantummodo
1577 1946 1824 2034 sejungi
1850 1946 1915 2010 in
1938 1945 2243 2025 doctrina,

541 2071 672 2135 quo
725 2048 1138 2136 intelligentia
1193 2048 1560 2114 discentium
1620 2049 1981 2136 adjuvetur.
2083 2050 2248 2114 Sunt

539 2151 847 2238 ejusmodi
890 2152 1128 2217 monita
1167 2150 1423 2216 omnino
1465 2151 1737 2216 tenenda
1778 2151 2093 2230 omnibuS,
2133 2150 2245 2237 qui

543 2253 1001 2343 Metaphysicae
1031 2269 1195 2320 recte
1234 2276 1490 2342 operam
1530 2252 1681 2319 dare
1708 2254 2063 2320 instituant.
2139 2254 2241 2317 Cf.

538 2371 752 2422 annot.
784 2373 1059 2422 nostram
1100 2356 1182 2421 ad
1231 2380 1290 2442 p.
1315 2377 1466 2443 473.
1514 2358 1596 2423 B.
1642 2380 1852 2443 supra.
1946 2359 2246 2422 Ceterum

539 2459 903 2525 Bruckerus
950 2459 1016 2524 in
1077 2459 1251 2525 Hist.
1315 2459 1474 2524 Crit.
1534 2459 1762 2525 Philos.
1829 2460 1932 2525 II.
1985 2481 2050 2547 p.
2089 2477 2239 2541 407.

539 2577 944 2650 posteaquam
977 2561 1136 2627 hanc
1167 2562 1534 2626 sententiam
1575 2561 1774 2627 Ficini
1806 2562 2014 2627 verbis
2043 2584 2244 2649 appo-

536 2665 681 2742 suit,
711 2665 802 2731 ita
830 2664 1076 2752 pergit:
1128 2672 1173 2704 “
1210 2665 1443 2751 Incipit
1473 2665 1574 2729 hic
1621 2663 1904 2729 Plotinus
1943 2663 2238 2729 audacio-

539 2766 712 2832 ribus
738 2766 1056 2853 gressibus
1085 2790 1125 2831 a
1156 2766 1413 2831 Platone
1442 2765 1729 2848 deficere,
1755 2782 1828 2832 ut
1868 2767 2248 2855 syncretisti-

535 2891 679 2934 cum
729 2871 1019 2957 Systema
1066 2893 1143 2934 eo
1188 2869 1387 2956 magis
1432 2868 1703 2934 fulciret.
1792 2871 1901 2934 Ex
1962 2868 2245 2934 Platonis

534 2971 698 3036 enim
731 2985 1068 3060 systemate
1097 2986 1318 3036 notum
1362 2986 1477 3052 est,
1505 2971 1812 3060 placuisse
1833 2971 1891 3036 ei
1921 2971 2242 3036 materiam

533 3074 860 3138 informem
906 3089 969 3137 et
1017 3073 1373 3138 inordinato
1421 3074 1741 3161 brutoque
1786 3087 1959 3139 motu
2005 3075 2244 3141 anima-

533 3192 661 3241 tam
697 3176 997 3264 jacuisse,
1037 3175 1237 3241 donec
1276 3175 1626 3242 voluntaria
1670 3176 2014 3242 accessione
2061 3179 2241 3242 Deus

529 3278 899 3367 demiurgus
927 3300 1064 3344 eam
1102 3277 1420 3357 conderet,
1451 3278 1849 3367 immissaque
1879 3279 2088 3345 anima
2113 3279 2240 3345 for-

530 3398 725 3446 maret
756 3396 822 3447 et
849 3381 1207 3446 ordinatum
1247 3380 1504 3468 quidem
1548 3396 1792 3446 motum
1834 3383 2237 3470 imprimeret.

531 3483 728 3549 Valde
757 3484 876 3549 hoc
902 3484 1339 3571 refragabatur
1366 3483 1717 3565 Aristoteli,
1750 3498 2054 3549 aeternum
2099 3485 2246 3549 abs-

528 3610 653 3674 que
682 3586 814 3652 ulla
832 3587 1232 3674 generatione
1250 3586 1351 3651 vel
1381 3586 1754 3651 formatione
1778 3586 1892 3651 sibi
1925 3586 2239 3651 mundum

527 3688 922 3777 concipienti,
977 3690 1180 3753 multo
1238 3712 1387 3753 vero
1459 3688 1659 3776 magis
1733 3688 2239 3755 Christianorum

532 3791 889 3878 Systemati,
917 3791 1178 3878 duplex,
1208 3791 1384 3878 quod
1417 3790 1604 3856 Plato
1633 3791 2051 3879 supponebat,
2069 3791 2241 3879 prin-

524 3894 759 3981 cipium
812 3892 994 3958 valde
1037 3892 1381 3981 exagitanti
1426 3893 1933 3981 debellantique;
1983 3894 2237 3980 utrique

2339 738 2406 798 4.
2442 718 2542 782 26.
2636 716 2763 797 Qui
2805 717 2973 783 idem
3017 716 3251 782 ibidem
3294 739 3363 804 p.
3391 733 3541 803 312.
3616 716 4045 784 Plotinianum

2341 820 2422 885 de
2479 819 2706 885 animae
2763 820 3027 885 essentia
3086 819 3407 885 decretum
3459 840 3605 883 cum
3669 820 4049 887 Cartesiano

2340 938 2683 1010 comparat.
2733 923 3126 989 Cf.eundem
3156 946 3222 1012 p.
3249 941 3401 1009 320.
3420 945 3555 1010 sqq.
3578 921 3690 987 ubi
3712 946 3829 988 suo
3857 923 4047 989 modo

2342 1025 2476 1091 haec
2507 1025 2865 1091 Plotiniana
2891 1025 3142 1091 decreta
3184 1024 3453 1090 examini
3493 1025 4041 1113 subjicit.—Cete-

2341 1150 2480 1191 rum
2527 1127 2608 1192 de
2650 1128 2908 1193 Mundo
2950 1126 3330 1215 sempiterno
3360 1126 3490 1191 vid.
3525 1126 4042 1216 philosophorum

2340 1229 2676 1295 sententias
2731 1253 2833 1316 ap.
2888 1228 3340 1318 Wyttenbach.
3398 1242 3544 1295 ante
3601 1229 3914 1296 Phoedon.
3975 1255 4043 1321 p.

2421 1474 2512 1487 —
2538 1453 2601 1519 7.
2632 1435 2759 1501 οὐδ’
2790 1436 2933 1515 ἐνῆν
2959 1433 3523 1518 ὅτε-ὑφεωτήκει]
3556 1433 3880 1500 Addenda
3905 1433 4041 1501 haec

2335 1538 2717 1603 constructio
2739 1536 2912 1602 verbi
2944 1539 3168 1602 ἐνεῖναι
3194 1535 3318 1601 illis
3343 1550 3458 1614 est,
3479 1559 3639 1623 quas
3659 1535 3854 1624 hujus
3869 1537 4047 1603 verbi

2335 1639 2485 1705 alias
2513 1663 2877 1727 congessere
2904 1638 3023 1703 viri
3060 1638 3229 1704 docti
3274 1639 3339 1703 in
3388 1638 3691 1725 Stephan.
3723 1640 4038 1705 Thesaur.

2335 1742 2435 1808 ed.
2471 1743 2678 1808 Lond.
2710 1741 2897 1829 Valp.
2927 1764 2990 1830 p.
3022 1742 3217 1828 3585.
3251 1765 3345 1828 sq.
3378 1754 3443 1807 et
3471 1764 3676 1830 nuper
3708 1743 4044 1830 Kriigerus

2334 1846 2399 1909 in
2448 1844 2653 1910 Indic.
2696 1846 2904 1910 Graec.
2950 1843 3218 1931 Dionys.
3252 1843 3764 1932 Historiograph.
3795 1866 3861 1932 p.
3890 1861 3973 1930 47
3976 1863 4041 1931 5·

2337 1948 2663 2013 Admonet
2712 1964 2924 2013 autem
2970 1946 3076 2013 illa
3120 1947 3427 2012 sententia
3475 1946 3600 2012 loci
3645 1947 3928 2013 Platonis
3975 1948 4045 2014 in

2335 2048 2598 2137 Cratylo
2626 2074 2687 2137 p.
2718 2070 2873 2136 399.
2906 2051 2966 2115 E
2993 2073 3009 2113 ε
3059 2048 3228 2129 οἶμαί
3250 2074 3308 2113 τι
3330 2053 3601 2114 τοιοῦτον
3627 2050 3764 2118 τοὺς
3791 2050 3898 2130 τὴν
3924 2057 4044 2133 ψυ-

2330 2154 2448 2237 χὴν
2477 2153 2912 2231 ὀνομάσαντας,
2945 2153 3023 2220 ὣς
3059 2155 3233 2216 τοῦτο
3278 2152 3395 2233 ἄρα
3439 2151 3588 2216 ὅταν
3624 2155 3782 2234 παρῇ
3812 2156 3893 2238 τῷ
3925 2154 4043 2218 σό-

2332 2282 2473 2337 ματι
2501 2257 2693 2320 αἴτιόν
2716 2257 2847 2319 ἐστι
2874 2259 2982 2318 τοῦ
3007 2258 3113 2333 (ἣν
3134 2254 3289 2340 αὐτῷ
3324 2253 3497 2336 (αὐτὸ
3522 2252 3686 2318 Cod.
3722 2255 4036 2340 Darmst.)

2333 2359 2442 2438 τὴν
2483 2362 2591 2423 τοῦ
2635 2360 2923 2422 ἀναπνεῖν
2961 2357 3210 2437 δύναμιν
3237 2355 3507 2439 παρέχον
3556 2356 3651 2420 καὶ
3693 2358 4034 2441 ἀναψῦχον·

2333 2458 2457 2540 ἅμα
2485 2463 2552 2524 δὲ
2583 2460 2963 2525 ἐκλείποντος
2993 2459 3372 2540 (ἐκλιπόντος
3413 2457 3727 2540 Darmst.)
3759 2463 3865 2522 τοῦ
3891 2460 4036 2524 ‹iva-

2330 2564 2639 2646 ψύχοντος
2664 2560 2732 2626 τὸ
2763 2566 2937 2641 σῶμα
2966 2560 3308 2625 ἀπόλλυταί
3330 2584 3397 2624 τε
3438 2561 3533 2624 καὶ
3577 2564 3850 2645 τελευτᾷ.
3895 2561 4039 2625 ὅθεν

2333 2663 2403 2744 δή
2445 2690 2547 2743 μοι
2599 2666 2876 2727 δοκοῦσιν
2922 2661 3066 2726 αὐτὸ
3115 2660 3327 2745 ψυχὴν
3378 2661 3657 2726 καλέσαι.
3746 2661 4037 2727 Eandem

2332 2764 2775 2853 etymologiam
2832 2762 3117 2851 sequitur
3176 2763 3577 2852 Chrysippus
3629 2786 3734 2851 ap.
3782 2764 4035 2830 Plutar-

2328 2867 2521 2932 chum
2552 2868 2634 2932 de
2674 2866 2965 2932 Stoicorn
2997 2888 3314 2953 repugnn.
3344 2889 3414 2954 p.
3450 2881 3638 2952 1052.
3669 2868 3751 2931 F.
3795 2889 3862 2955 p.
3889 2887 4034 2954 290.

2331 2971 2539 3057 Wytt.
2589 2971 2693 3035 De
2719 2969 2944 3034 animae
2973 2982 3181 3034 tamen
3210 2968 3475 3033 essentia
3494 2990 3640 3033 cum
3663 2970 4041 3058 Anaxagora

2333 3072 2730 3160 Chrysippus
2749 3072 2964 3137 fecisse
2986 3070 3242 3137 videtur
3261 3072 3552 3159 Bag-ueto
3580 3071 3662 3136 de
3693 3072 4038 3162 Chrysippi

2331 3174 2590 3261 Reliqq.
2618 3197 2688 3262 p.
2730 3175 2872 3241 182.
2952 3174 3057 3239 Cf.
3092 3174 3279 3239 etiam
3324 3174 3490 3239 infra
3534 3173 3858 3240 Plotinum
3901 3179 4039 3259 περὶ

2327 3279 2659 3347 ἀθανασίας
2686 3282 2889 3363 ψυχῆς
2914 3300 3020 3366 ap.
3053 3277 3293 3343 Euseb.
3343 3276 3494 3365 ibiq.
3537 3292 3751 3343 annot.
3786 3277 3871 3343 ad
3916 3279 4034 3345 IV.

2330 3380 2816 3467 7.—Expressit
2844 3379 3063 3443 eadem
3090 3378 3196 3444 illa
3228 3379 3512 3444 Platonis
3539 3380 3733 3445 verba
3777 3378 4030 3445 Plutar-

2326 3482 2483 3547 chus
2517 3483 2583 3546 in
2615 3482 2845 3569 fragm.
2876 3481 2958 3546 de
2987 3481 3226 3546 Anima
3253 3504 3320 3567 p.
3358 3500 3495 3566 133.
3528 3481 3609 3545 ad
3648 3481 3802 3547 calc.
3850 3482 3931 3547 de
3964 3485 4031 3548 S.

2326 3585 2411 3650 N.
2437 3586 2515 3648 V.
2542 3586 2623 3649 cf.
2656 3582 2983 3648 Plutarchi
3010 3584 3224 3670 Opera
3255 3582 3512 3647 Morall.
3547 3585 3739 3648 Tom.
3762 3585 3840 3649 V.
3864 3600 4026 3671 part.

2329 3689 2425 3752 II.
2459 3712 2523 3775 p.
2551 3706 2674 3771 427
2691 3735 2706 3751 .
2726 3687 2825 3751 ed.
2850 3688 3060 3773 Wytt.
3095 3685 3400 3772 Origenes
3428 3684 3510 3750 de
3534 3684 3866 3772 Principiis
3885 3685 4027 3751 libr.

2330 3792 2426 3855 11.
2456 3814 2513 3855 c.
2545 3791 2625 3855 8:
2676 3796 2719 3828 “
2761 3787 3115 3852 Videndum
3162 3810 3314 3874 ergo
3356 3801 3472 3867 est,
3518 3809 3598 3851 ne
3639 3787 3824 3868 forte,
3868 3789 4029 3854 sicut

2323 3894 2602 3959 diximus
2630 3916 2707 3956 ex
2736 3892 2876 3979 ipso
2904 3890 3155 3955 nomine
3183 3889 3508 3971 declarari,
3537 3893 3617 3957 ab
3637 3913 3728 3969 eo,
3750 3893 4030 3979 quodra-

528 4019 673 4061 vero
700 4018 781 4061 ex
802 3995 1059 4061 consilio
1087 3996 1410 4061 Ammonii
1446 3996 1682 4061 Plotini
1714 3996 2232 4084 reliquorumque
2293 3998 2588 4084 fiioeemft
2617 3997 2939 4081 afirvore
2955 3994 3276 4081 justorum
3306 4011 3371 4059 et
3398 3993 3594 4058 divini
3624 3993 3787 4080 ignis
3828 3994 4022 4082 parti-

529 4097 975 4163 Alexandrinae
1018 4097 1431 4186 philosophiae
1475 4098 1869 4163 conditorum
1929 4112 2230 4187 attempe-
2314 4098 2648 4185 cipatione,
2706 4097 2899 4182 ψυχὴ,
2959 4096 3026 4162 id
3072 4111 3169 4163 est
3208 4099 3452 4175 anima,
3508 4095 3825 4184 appellata
3881 4098 4025 4164 sit.’'

527 4199 720 4266 randa
745 4214 880 4264 erat
908 4200 1233 4265 Platonica
1263 4201 1568 4280 doctrina,
1596 4201 1995 4266 reformanda
2014 4201 2228 4288 itaque
2316 4200 2509 4265 Vides
2544 4201 2610 4265 in
2655 4199 2963 4264 diversam
2993 4198 3178 4289 plane
3206 4214 3451 4286 partem
3481 4222 3812 4264 excurrere
3851 4199 4023 4265 istud

525 4318 677 4382 erat,
706 4317 771 4368 et
798 4302 1211 4367 deserendum
1242 4303 1500 4390 quidem
1542 4303 1781 4392 duplex
1809 4303 1969 4368 illud
2000 4303 2228 4392 princi-

522 4405 720 4492 pium,
749 4405 1068 4471 materiam
1103 4429 1251 4471 vero
1277 4407 1359 4472 ab
1389 4421 1624 4472 aeterno
1654 4430 1733 4471 ex
1764 4407 1884 4471 deo
1912 4429 2228 4472 emanasse

519 4507 916 4592 generatione
932 4508 1144 4573 divina
1163 4509 1925 4597 pronuntiandum—Ita
1949 4532 2097 4574 vero
2119 4510 2228 4574 de·-

520 4610 848 4675 sideratam
879 4609 1020 4674 iniri
1067 4633 1248 4698 posse
1290 4612 1682 4678 concordiam
1729 4611 2067 4699 sperabant
2110 4612 2222 4676 ho-

520 4712 715 4778 mines
756 4712 1215 4800 nugacissimi.”
1303 4714 1491 4779 Talia
1531 4714 1803 4803 exempli
1851 4736 2040 4778 causa
2075 4712 2221 4778 hinc

516 4814 658 4887 inde
684 4836 1002 4902 apponere
1031 4814 1211 4880 nobis
1236 4814 1498 4903 placuit,
1528 4839 1671 4881 cum
1701 4816 1765 4880 in
1796 4814 2061 4903 gratiam
2092 4814 2216 4879 his-

2313 4301 2711 4392 etymologiae
2757 4302 3056 4367 studium.
3129 4302 3231 4367 Cf.
3265 4301 3536 4366 eundem
3574 4302 3912 4390 Origenem
3955 4303 4019 4367 in

2313 4406 2655 4470 Exhortat.
2703 4404 2787 4470 ad
2840 4404 3227 4491 Martyrium
3276 4406 3363 4470 T.
3408 4405 3466 4470 1.
3513 4427 3580 4493 p.
3613 4408 3761 4469 282.
3794 4406 3873 4470 B.
3919 4405 4019 4471 ed.

2314 4507 2526 4586 Ruaei,
2573 4522 2637 4572 et
2683 4505 3062 4572 Tertullian.
3110 4505 3191 4570 de
3236 4505 3468 4571 Anima
3509 4529 3649 4595 cap.
3683 4508 3914 4573 XXV.
3948 4529 4013 4595 p.

2316 4611 2460 4696 283.
2489 4610 2589 4674 ed.
2623 4608 2864 4697 Rigalt.

2394 4750 2482 4763 -
2518 4734 2617 4799 15.
2662 4714 2811 4795 ὅπερ
2846 4715 3056 4777 ἰδοῦσα
3096 4714 3134 4793 ἦ
3176 4712 3793 4796 ψυχὴ-ἑμόρφωσεν
3836 4714 4011 4804 αὐτό]

2311 4812 2619 4880 Brucker.
2669 4814 2843 4879 Hist.
2881 4813 3116 4879 Philos.
3153 4815 3250 4879 11.
3299 4836 3368 4901 p.
3402 4813 3529 4895 408
3560 4839 3576 4877 ε
3625 4820 3667 4852 “
3700 4813 4015 4880 Notabilis

517 4916 690 4981 toriae
719 4914 1133 5002 philosophiae
1169 4916 1617 4997 studiosorum,
1649 4933 1785 4983 tum
1830 4915 2217 4981 ne’nimium
2308 4916 2484 4982 locus
2511 4917 2613 4982 hic
2646 4930 2776 4982 est:
2825 4939 2905 4981 ex
2934 4939 3010 4981 eo
3038 4916 3203 4981 enim
3240 4914 3648 5003 dispalescere
3690 4930 4008 5002 putamus,

516 5017 767 5083 studere
807 5016 1134 5083 videamur
1171 5018 1268 5084 his
1310 5018 1752 5085 Alexandrinis
1807 5017 2217 5107 philosophis,
2305 5019 2712 5085 Ammonium
2759 5018 3211 5107 Plotinumque
3254 5019 3415 5082 hanc
3446 5017 3668 5082 mundi
3697 5041 3776 5082 ex
3803 5018 4011 5083 anima

513 5121 560 5184 si
588 5120 968 5208 ejuscemodi
1010 5120 1423 5187 recentiorum
1462 5122 1740 5187 convicia
1766 5120 2010 5187 silentio
2038 5136 2213 5186 tran·
2305 5122 2582 5188 Genesin
2630 5121 2921 5187 habuisse
2950 5121 3034 5187 ab
3066 5120 3447 5209 AEgyptiaca
3473 5120 3821 5208 disciplina,
3850 5142 4006 5206 qua-

515 5223 814 5287 sierimus.
885 5224 1208 5288 Caeterum
1238 5223 1320 5289 de
1348 5225 1446 5289 his
1475 5240 1537 5289 et
1568 5224 1973 5312 sequentibus
2001 5223 2217 5312 dispu-
2300 5224 2376 5289 lis
2417 5248 2493 5290 eo
2539 5242 2820 5313 tempore
2850 5223 3078 5312 viguit,
3107 5246 3254 5288 cum
3298 5226 3344 5287 J
3351 5222 3517 5288 udaei
3567 5244 3704 5287 eam
3746 5244 4004 5307 quoque

518 5339 601 5389 tat
629 5325 818 5390 etiam
848 5325 1257 5392 Tiedemann.
1290 5326 1354 5391 in
1386 5325 1585 5393 libro:
1638 5329 1815 5393 Geist
1843 5327 1958 5391 der
1982 5328 2211 5414 spelcu-
2300 5327 2648 5416 reciperent
2696 5340 2762 5392 et
2807 5325 3292 5392 Cabbalisticum
3353 5340 3624 5413 systema
3676 5323 4001 5410 fingerent,

516 5425 746 5493 Iativm
778 5429 1180 5516 Philo-sophie
1212 5430 1351 5495 111.
1384 5454 1448 5519 p.
1481 5449 1630 5516 309.
1662 5453 1799 5517 sqq.
1846 5451 2214 5516 comparans
2301 5429 2453 5494 &c.”

514 5527 711 5594 locum
761 5532 936 5594 Enn.
985 5532 1101 5596 IV.
1130 5529 1240 5597 lib.
1272 5552 1336 5618 5.
1369 5554 1425 5597 c.
1458 5548 1520 5615 7.
1568 5533 1686 5598 IV.
1715 5551 1782 5614 4.
1818 5551 1916 5618 23.
1952 5550 2057 5613 24.
2090 5531 2209 5596 IV.

609 5637 798 5691 VOL.
839 5638 965 5691 111.

2382 5568 2473 5581 —
2504 5549 2533 5594 1
2546 5531 2607 5595 8.
2668 5531 2993 5614 γενόμενος
3039 5530 3111 5611 δὴ
3167 5530 3297 5595 οῖον
3338 5528 3497 5595 οἶκός
3542 5552 3629 5595 τις
3673 5527 3854 5596 καλὸς
3905 5531 3997 5596 καὶ

2470 5638 2523 5690 Ε
2562 5643 2601 5690 e
