<?xml version="1.0" encoding="UTF-8"?>
<!DOCTYPE html PUBLIC "-//W3C//DTD XHTML 1.0 Transitional//EN"
    "http://www.w3.org/TR/xhtml1/DTD/xhtml1-transitional.dtd">
<html xmlns="http://www.w3.org/1999/xhtml" xml:lang="en" lang="en">
 <head>
  <title>
</title>
<meta http-equiv="Content-Type" content="text/html;charset=utf-8" />
  <meta name='ocr-system' content='tesseract 3.04.00' />
  <meta name='ocr-capabilities' content='ocr_page ocr_carea ocr_par ocr_line ocrx_word'/>
</head>
<body>
  <div class='ocr_page' id='page_1' title='image "./plotinioperaomn00chumgoog_0399.png"; bbox 0 0 5118 6613; ppageno 0'>
   <div class='ocr_carea' id='block_1_1' title="bbox 1374 562 3332 659">
    <p class='ocr_par' dir='ltr' id='par_1_1' title="bbox 1374 562 3332 659">
     <span class='ocr_line' id='line_1_1' title="bbox 1374 562 3332 659; baseline 0.006 -32"><span class='ocrx_word' id='word_1_1' title='bbox 1374 562 1576 628; x_wconf 91' lang='lat' dir='ltr'><strong>LIB.</strong></span> <span class='ocrx_word' id='word_1_2' title='bbox 1610 563 1770 628; x_wconf 90' lang='lat' dir='ltr'><strong>VII.</strong></span> <span class='ocrx_word' id='word_1_3' title='bbox 1817 563 2281 630; x_wconf 90' lang='lat' dir='ltr'><strong>ENNEAD.</strong></span> <span class='ocrx_word' id='word_1_4' title='bbox 2334 565 2739 632; x_wconf 87' lang='lat' dir='ltr'><strong>SEXTAE.</strong></span> <span class='ocrx_word' id='word_1_5' title='bbox 2786 589 2850 654; x_wconf 91' lang='lat' dir='ltr'><strong>p.</strong></span> <span class='ocrx_word' id='word_1_6' title='bbox 2887 569 3332 659; x_wconf 83' lang='lat'><strong>1289—1297.</strong></span> 
     </span>
    </p>
   </div>
   <div class='ocr_carea' id='block_1_2' title="bbox 607 734 2304 827">
    <p class='ocr_par' dir='ltr' id='par_1_2' title="bbox 607 734 2304 827">
     <span class='ocr_line' id='line_1_2' title="bbox 607 734 2304 827; baseline -0.003 -27"><span class='ocrx_word' id='word_1_7' title='bbox 607 762 672 827; x_wconf 88' lang='lat' dir='ltr'><strong>p.</strong></span> <span class='ocrx_word' id='word_1_8' title='bbox 707 737 868 802; x_wconf 85' lang='lat'><strong>226:</strong></span> <span class='ocrx_word' id='word_1_9' title='bbox 918 735 1050 800; x_wconf 77' lang='grc' dir='ltr'>ἔστι</span> <span class='ocrx_word' id='word_1_10' title='bbox 1075 738 1193 818; x_wconf 76' lang='grc' dir='ltr'><strong>γᾶρ</strong></span> <span class='ocrx_word' id='word_1_11' title='bbox 1220 736 1405 818; x_wconf 74' lang='grc' dir='ltr'>φύσει</span> <span class='ocrx_word' id='word_1_12' title='bbox 1449 734 1735 818; x_wconf 77' lang='grc' dir='ltr'>ἐλευθέρα</span> <span class='ocrx_word' id='word_1_13' title='bbox 1760 737 1797 816; x_wconf 83' lang='grc' dir='ltr'><strong><em>ἦ</em></strong></span> <span class='ocrx_word' id='word_1_14' title='bbox 1828 737 2024 818; x_wconf 79' lang='grc' dir='ltr'>ἀρετὴ,</span> <span class='ocrx_word' id='word_1_15' title='bbox 2054 739 2134 819; x_wconf 78' lang='grc' dir='ltr'>μὴ</span> <span class='ocrx_word' id='word_1_16' title='bbox 2163 741 2304 804; x_wconf 74' lang='grc' dir='ltr'>ἆνε-</span> 
     </span>
    </p>
   </div>
   <div class='ocr_carea' id='block_1_3' title="bbox 2391 578 4091 831">
    <p class='ocr_par' dir='ltr' id='par_1_3' title="bbox 2391 578 4091 831">
     <span class='ocr_line' id='line_1_3' title="bbox 3964 578 4091 662; baseline 0 0"><span class='ocrx_word' id='word_1_17' title='bbox 3964 578 4091 662; x_wconf 82' lang='lat'><strong>385</strong></span> 
     </span>
     <span class='ocr_line' id='line_1_4' title="bbox 2391 738 4089 831; baseline 0.006 -27"><span class='ocrx_word' id='word_1_18' title='bbox 2391 738 2522 805; x_wconf 89' lang='lat' dir='ltr'><strong>Ed.</strong></span> <span class='ocrx_word' id='word_1_19' title='bbox 2567 741 2644 807; x_wconf 82' lang='grc' dir='ltr'><strong>ὥς</strong></span> <span class='ocrx_word' id='word_1_20' title='bbox 2682 741 2858 822; x_wconf 78' lang='grc' dir='ltr'>φωτί,</span> <span class='ocrx_word' id='word_1_21' title='bbox 2887 741 3058 828; x_wconf 88' lang='lat' dir='ltr'><strong>quod</strong></span> <span class='ocrx_word' id='word_1_22' title='bbox 3103 764 3220 829; x_wconf 93' lang='lat' dir='ltr'><strong>pro</strong></span> <span class='ocrx_word' id='word_1_23' title='bbox 3260 742 3812 831; x_wconf 82' lang='lat' dir='ltr'><strong>interpretamento</strong></span> <span class='ocrx_word' id='word_1_24' title='bbox 3852 746 4089 814; x_wconf 87' lang='lat' dir='ltr'><strong>haben-</strong></span> 
     </span>
    </p>
   </div>
   <div class='ocr_carea' id='block_1_4' title="bbox 604 837 4090 929">
    <p class='ocr_par' dir='ltr' id='par_1_4' title="bbox 604 837 4090 929">
     <span class='ocr_line' id='line_1_5' title="bbox 604 837 4090 929; baseline 0.003 -25"><span class='ocrx_word' id='word_1_25' title='bbox 604 837 831 926; x_wconf 84' lang='grc' dir='ltr'>χομένη</span> <span class='ocrx_word' id='word_1_26' title='bbox 874 844 1000 905; x_wconf 86' lang='grc' dir='ltr'>τοῖς</span> <span class='ocrx_word' id='word_1_27' title='bbox 1039 839 1315 922; x_wconf 78' lang='grc' dir='ltr'>χείροσιν</span> <span class='ocrx_word' id='word_1_28' title='bbox 1354 838 1914 919; x_wconf 79' lang='grc' dir='ltr'>ὖποκατακλιθῆναι.</span> <span class='ocrx_word' id='word_1_29' title='bbox 2003 840 2117 905; x_wconf 92' lang='lat' dir='ltr'><strong>Ad</strong></span> <span class='ocrx_word' id='word_1_30' title='bbox 2148 865 2307 929; x_wconf 89' lang='lat' dir='ltr'><strong>quos</strong></span> <span class='ocrx_word' id='word_1_31' title='bbox 2390 842 2565 907; x_wconf 91' lang='lat' dir='ltr'><strong>dum.</strong></span> <span class='ocrx_word' id='word_1_32' title='bbox 2627 841 2894 908; x_wconf 87' lang='lat' dir='ltr'><strong>Videtur</strong></span> <span class='ocrx_word' id='word_1_33' title='bbox 2919 858 3129 908; x_wconf 89' lang='lat' dir='ltr'><strong>autem</strong></span> <span class='ocrx_word' id='word_1_34' title='bbox 3157 844 3411 910; x_wconf 87' lang='lat' dir='ltr'><strong>Plotino</strong></span> <span class='ocrx_word' id='word_1_35' title='bbox 3437 848 3804 914; x_wconf 86' lang='lat' dir='ltr'><strong>obversatus</strong></span> <span class='ocrx_word' id='word_1_36' title='bbox 3830 873 3961 916; x_wconf 87' lang='lat' dir='ltr'><strong>esse</strong></span> <span class='ocrx_word' id='word_1_37' title='bbox 3987 850 4090 916; x_wconf 90' lang='lat' dir='ltr'><strong>hic</strong></span> 
     </span>
    </p>
   </div>
   <div class='ocr_carea' id='block_1_5' title="bbox 605 939 2307 1031">
    <p class='ocr_par' dir='ltr' id='par_1_5' title="bbox 605 939 2307 1031">
     <span class='ocr_line' id='line_1_6' title="bbox 605 939 2307 1031; baseline 0.003 -25"><span class='ocrx_word' id='word_1_38' title='bbox 605 942 770 1008; x_wconf 88' lang='lat' dir='ltr'><strong>locos</strong></span> <span class='ocrx_word' id='word_1_39' title='bbox 796 940 877 1006; x_wconf 89' lang='lat' dir='ltr'><strong>de</strong></span> <span class='ocrx_word' id='word_1_40' title='bbox 906 940 1023 1005; x_wconf 87' lang='lat' dir='ltr'><strong>hac</strong></span> <span class='ocrx_word' id='word_1_41' title='bbox 1050 939 1508 1006; x_wconf 87' lang='lat' dir='ltr'><strong>constructione</strong></span> <span class='ocrx_word' id='word_1_42' title='bbox 1537 941 1930 1009; x_wconf 88' lang='lat' dir='ltr'><strong>insolentiore</strong></span> <span class='ocrx_word' id='word_1_43' title='bbox 1957 942 2141 1031; x_wconf 90' lang='lat' dir='ltr'><strong>plura</strong></span> <span class='ocrx_word' id='word_1_44' title='bbox 2168 945 2307 1011; x_wconf 82' lang='lat' dir='ltr'><strong>dix-</strong></span> 
     </span>
    </p>
   </div>
   <div class='ocr_carea' id='block_1_6' title="bbox 537 1068 2302 5679">
    <p class='ocr_par' dir='ltr' id='par_1_6' title="bbox 605 1068 786 1111">
     <span class='ocr_line' id='line_1_7' title="bbox 605 1068 786 1111; baseline -0.006 -1"><span class='ocrx_word' id='word_1_45' title='bbox 605 1068 786 1111; x_wconf 79' lang='lat' dir='ltr'><strong>imus.</strong></span> 
     </span>
    </p>

    <p class='ocr_par' dir='ltr' id='par_1_7' title="bbox 599 1146 2302 2457">
     <span class='ocr_line' id='line_1_8' title="bbox 687 1146 2302 1235; baseline 0.001 -20"><span class='ocrx_word' id='word_1_46' title='bbox 687 1187 778 1200; x_wconf 91' lang='lat'>—</span> <span class='ocrx_word' id='word_1_47' title='bbox 805 1168 903 1235; x_wconf 83' lang='lat'><strong>13.</strong></span> <span class='ocrx_word' id='word_1_48' title='bbox 951 1149 1117 1212; x_wconf 69' lang='grc' dir='ltr'>ἀλλὰ</span> <span class='ocrx_word' id='word_1_49' title='bbox 1145 1147 1242 1211; x_wconf 86' lang='grc' dir='ltr'>καὶ</span> <span class='ocrx_word' id='word_1_50' title='bbox 1267 1147 1457 1234; x_wconf 81' lang='grc' dir='ltr'>ῥῖνες]</span> <span class='ocrx_word' id='word_1_51' title='bbox 1504 1146 1634 1211; x_wconf 91' lang='lat' dir='ltr'><strong>Ed.</strong></span> <span class='ocrx_word' id='word_1_52' title='bbox 1664 1162 1728 1214; x_wconf 93' lang='lat' dir='ltr'><strong>et</strong></span> <span class='ocrx_word' id='word_1_53' title='bbox 1757 1147 2012 1235; x_wconf 90' lang='lat' dir='ltr'><strong>plurimi</strong></span> <span class='ocrx_word' id='word_1_54' title='bbox 2041 1147 2184 1214; x_wconf 85' lang='lat' dir='ltr'>libri</span> <span class='ocrx_word' id='word_1_55' title='bbox 2210 1153 2302 1233; x_wconf 82' lang='grc' dir='ltr'><strong>ῥί-</strong></span> 
     </span>
     <span class='ocr_line' id='line_1_9' title="bbox 607 1249 2300 1337; baseline -0.001 -19"><span class='ocrx_word' id='word_1_56' title='bbox 607 1278 723 1321; x_wconf 86' lang='grc' dir='ltr'>νες.</span> <span class='ocrx_word' id='word_1_57' title='bbox 811 1251 993 1316; x_wconf 85' lang='lat' dir='ltr'>Idem</span> <span class='ocrx_word' id='word_1_58' title='bbox 1041 1249 1261 1314; x_wconf 83' lang='lat' dir='ltr'><strong>vitium</strong></span> <span class='ocrx_word' id='word_1_59' title='bbox 1306 1264 1641 1337; x_wconf 87' lang='lat' dir='ltr'><strong>occuparat</strong></span> <span class='ocrx_word' id='word_1_60' title='bbox 1671 1249 1947 1316; x_wconf 85' lang='lat' dir='ltr'><strong>Pollucis</strong></span> <span class='ocrx_word' id='word_1_61' title='bbox 1976 1254 2300 1319; x_wconf 88' lang='lat' dir='ltr'><strong>Onomast.</strong></span> 
     </span>
     <span class='ocr_line' id='line_1_10' title="bbox 605 1351 2302 1443; baseline 0 -22"><span class='ocrx_word' id='word_1_62' title='bbox 605 1357 708 1421; x_wconf 92' lang='grc' dir='ltr'><strong>ΙΙ.</strong></span> <span class='ocrx_word' id='word_1_63' title='bbox 742 1357 846 1441; x_wconf 90' lang='lat'><strong>76.</strong></span> <span class='ocrx_word' id='word_1_64' title='bbox 876 1378 941 1442; x_wconf 89' lang='lat' dir='ltr'><strong>p.</strong></span> <span class='ocrx_word' id='word_1_65' title='bbox 970 1373 1112 1438; x_wconf 86' lang='lat'><strong>191.</strong></span> <span class='ocrx_word' id='word_1_66' title='bbox 1159 1367 1305 1417; x_wconf 87' lang='grc'><strong>81110</strong></span> <span class='ocrx_word' id='word_1_67' title='bbox 1347 1351 1785 1418; x_wconf 84' lang='lat' dir='ltr'>correctionem</span> <span class='ocrx_word' id='word_1_68' title='bbox 1815 1356 1864 1418; x_wconf 87' lang='lat' dir='ltr'><strong>J</strong></span> <span class='ocrx_word' id='word_1_69' title='bbox 1870 1356 2302 1443; x_wconf 86' lang='lat' dir='ltr'><strong>ungermanni,</strong></span> 
     </span>
     <span class='ocr_line' id='line_1_11' title="bbox 604 1454 2300 1548; baseline -0.001 -23"><span class='ocrx_word' id='word_1_70' title='bbox 604 1481 791 1548; x_wconf 90' lang='lat' dir='ltr'><strong>quem</strong></span> <span class='ocrx_word' id='word_1_71' title='bbox 825 1456 989 1522; x_wconf 87' lang='lat' dir='ltr'><strong>vide.</strong></span> <span class='ocrx_word' id='word_1_72' title='bbox 1050 1459 1142 1521; x_wconf 88' lang='lat' dir='ltr'><strong>Et</strong></span> <span class='ocrx_word' id='word_1_73' title='bbox 1171 1454 1484 1521; x_wconf 88' lang='lat' dir='ltr'><strong>meliorem</strong></span> <span class='ocrx_word' id='word_1_74' title='bbox 1516 1456 1883 1544; x_wconf 87' lang='lat' dir='ltr'><strong>scripturam</strong></span> <span class='ocrx_word' id='word_1_75' title='bbox 1915 1457 2142 1524; x_wconf 87' lang='lat' dir='ltr'><strong>sistunt</strong></span> <span class='ocrx_word' id='word_1_76' title='bbox 2168 1458 2300 1524; x_wconf 89' lang='lat' dir='ltr'><strong>duo</strong></span> 
     </span>
     <span class='ocr_line' id='line_1_12' title="bbox 601 1558 2300 1644; baseline 0 -16"><span class='ocrx_word' id='word_1_77' title='bbox 601 1562 745 1629; x_wconf 81' lang='lat' dir='ltr'>libri</span> <span class='ocrx_word' id='word_1_78' title='bbox 771 1560 1080 1627; x_wconf 87' lang='lat' dir='ltr'><strong>Marciani</strong></span> <span class='ocrx_word' id='word_1_79' title='bbox 1107 1561 1171 1623; x_wconf 90' lang='lat' dir='ltr'><strong>in</strong></span> <span class='ocrx_word' id='word_1_80' title='bbox 1202 1558 1445 1624; x_wconf 89' lang='lat' dir='ltr'><strong>nostris.</strong></span> <span class='ocrx_word' id='word_1_81' title='bbox 1538 1562 1833 1625; x_wconf 89' lang='lat' dir='ltr'><strong>Ceterum</strong></span> <span class='ocrx_word' id='word_1_82' title='bbox 1864 1563 1926 1625; x_wconf 73' lang='grc' dir='ltr'>αἱ</span> <span class='ocrx_word' id='word_1_83' title='bbox 1951 1563 2111 1644; x_wconf 83' lang='grc' dir='ltr'>ῥῖνες</span> <span class='ocrx_word' id='word_1_84' title='bbox 2152 1576 2300 1628; x_wconf 87' lang='lat' dir='ltr'><strong>sunt</strong></span> 
     </span>
     <span class='ocr_line' id='line_1_13' title="bbox 600 1660 2301 1752; baseline -0.001 -20"><span class='ocrx_word' id='word_1_85' title='bbox 600 1687 811 1748; x_wconf 73' lang='lat' dir='ltr'><strong>nares,</strong></span> <span class='ocrx_word' id='word_1_86' title='bbox 839 1688 988 1752; x_wconf 78' lang='lat' dir='ltr'><strong>quae</strong></span> <span class='ocrx_word' id='word_1_87' title='bbox 1013 1662 1257 1750; x_wconf 83' lang='lat' dir='ltr'><strong>vulgari</strong></span> <span class='ocrx_word' id='word_1_88' title='bbox 1300 1660 1598 1749; x_wconf 91' lang='lat' dir='ltr'><strong>loquendi</strong></span> <span class='ocrx_word' id='word_1_89' title='bbox 1637 1685 1758 1727; x_wconf 90' lang='lat' dir='ltr'><strong>usu</strong></span> <span class='ocrx_word' id='word_1_90' title='bbox 1801 1661 2198 1750; x_wconf 81' lang='lat' dir='ltr'>appellantur</span> <span class='ocrx_word' id='word_1_91' title='bbox 2226 1669 2301 1731; x_wconf 76' lang='grc' dir='ltr'>τὰ</span> 
     </span>
     <span class='ocr_line' id='line_1_14' title="bbox 602 1764 2300 1855; baseline -0.003 -18"><span class='ocrx_word' id='word_1_92' title='bbox 602 1773 760 1855; x_wconf 83' lang='grc' dir='ltr'>ῥινία</span> <span class='ocrx_word' id='word_1_93' title='bbox 789 1769 1089 1854; x_wconf 86' lang='lat' dir='ltr'><strong>(Aristot.</strong></span> <span class='ocrx_word' id='word_1_94' title='bbox 1122 1766 1469 1855; x_wconf 85' lang='lat' dir='ltr'><strong>Physiogn.</strong></span> <span class='ocrx_word' id='word_1_95' title='bbox 1502 1767 1645 1831; x_wconf 91' lang='lat'><strong>111.</strong></span> <span class='ocrx_word' id='word_1_96' title='bbox 1673 1770 1835 1852; x_wconf 84' lang='lat'><strong>57.).</strong></span> <span class='ocrx_word' id='word_1_97' title='bbox 1886 1766 2043 1831; x_wconf 90' lang='lat' dir='ltr'>Vide</span> <span class='ocrx_word' id='word_1_98' title='bbox 2071 1764 2152 1831; x_wconf 92' lang='lat' dir='ltr'><strong>de</strong></span> <span class='ocrx_word' id='word_1_99' title='bbox 2181 1767 2300 1833; x_wconf 92' lang='lat' dir='ltr'><strong>hoc</strong></span> 
     </span>
     <span class='ocr_line' id='line_1_15' title="bbox 605 1868 2296 1958; baseline -0.002 -19"><span class='ocrx_word' id='word_1_100' title='bbox 605 1872 1155 1939; x_wconf 86' lang='lat' dir='ltr'><strong>Deminutivorum</strong></span> <span class='ocrx_word' id='word_1_101' title='bbox 1175 1893 1294 1934; x_wconf 88' lang='lat' dir='ltr'><strong>usu</strong></span> <span class='ocrx_word' id='word_1_102' title='bbox 1316 1868 1598 1935; x_wconf 87' lang='lat' dir='ltr'><strong>Loheck.</strong></span> <span class='ocrx_word' id='word_1_103' title='bbox 1617 1869 1697 1934; x_wconf 88' lang='lat' dir='ltr'><strong>ad</strong></span> <span class='ocrx_word' id='word_1_104' title='bbox 1722 1868 2296 1958; x_wconf 87' lang='lat' dir='ltr'><strong>Phrynich.Eclog.</strong></span> 
     </span>
     <span class='ocr_line' id='line_1_16' title="bbox 602 1972 2301 2065; baseline -0.002 -23"><span class='ocrx_word' id='word_1_105' title='bbox 602 2001 665 2065; x_wconf 88' lang='lat' dir='ltr'><strong>p.</strong></span> <span class='ocrx_word' id='word_1_106' title='bbox 701 1996 847 2044; x_wconf 85' lang='lat'><strong>211.</strong></span> <span class='ocrx_word' id='word_1_107' title='bbox 937 1975 1222 2041; x_wconf 89' lang='lat' dir='ltr'><strong>Partium</strong></span> <span class='ocrx_word' id='word_1_108' title='bbox 1268 1973 1423 2052; x_wconf 86' lang='lat' dir='ltr'><strong>nasi,</strong></span> <span class='ocrx_word' id='word_1_109' title='bbox 1458 1996 1619 2060; x_wconf 90' lang='lat' dir='ltr'><strong>quas</strong></span> <span class='ocrx_word' id='word_1_110' title='bbox 1659 1972 1956 2038; x_wconf 89' lang='lat' dir='ltr'><strong>continuo</strong></span> <span class='ocrx_word' id='word_1_111' title='bbox 1998 1989 2301 2038; x_wconf 90' lang='lat' dir='ltr'><strong>memorat</strong></span> 
     </span>
     <span class='ocr_line' id='line_1_17' title="bbox 602 2074 2295 2167; baseline -0.005 -21"><span class='ocrx_word' id='word_1_112' title='bbox 602 2080 912 2157; x_wconf 73' lang='lat' dir='ltr'><strong>Plotium,</strong></span> <span class='ocrx_word' id='word_1_113' title='bbox 943 2076 1389 2167; x_wconf 80' lang='lat' dir='ltr'><strong>appellationes</strong></span> <span class='ocrx_word' id='word_1_114' title='bbox 1431 2075 1685 2142; x_wconf 86' lang='lat' dir='ltr'><strong>exhibet</strong></span> <span class='ocrx_word' id='word_1_115' title='bbox 1726 2074 1893 2140; x_wconf 91' lang='lat' dir='ltr'><strong>idem</strong></span> <span class='ocrx_word' id='word_1_116' title='bbox 1937 2074 2165 2140; x_wconf 83' lang='lat' dir='ltr'><strong>Pollux</strong></span> <span class='ocrx_word' id='word_1_117' title='bbox 2198 2076 2295 2141; x_wconf 91' lang='lat'><strong>11.</strong></span> 
     </span>
     <span class='ocr_line' id='line_1_18' title="bbox 603 2178 2296 2271; baseline -0.004 -21"><span class='ocrx_word' id='word_1_118' title='bbox 603 2202 705 2270; x_wconf 89' lang='lat'><strong>79.</strong></span> <span class='ocrx_word' id='word_1_119' title='bbox 737 2206 803 2271; x_wconf 88' lang='lat' dir='ltr'><strong>p.</strong></span> <span class='ocrx_word' id='word_1_120' title='bbox 829 2200 973 2268; x_wconf 82' lang='lat'><strong>192.</strong></span> <span class='ocrx_word' id='word_1_121' title='bbox 1063 2182 1361 2246; x_wconf 89' lang='lat' dir='ltr'><strong>Ceterum</strong></span> <span class='ocrx_word' id='word_1_122' title='bbox 1391 2180 1666 2268; x_wconf 89' lang='lat' dir='ltr'><strong>speciosa</strong></span> <span class='ocrx_word' id='word_1_123' title='bbox 1690 2192 1785 2244; x_wconf 86' lang='lat' dir='ltr'><strong>est</strong></span> <span class='ocrx_word' id='word_1_124' title='bbox 1811 2178 1994 2244; x_wconf 87' lang='lat' dir='ltr'><strong>lectio</strong></span> <span class='ocrx_word' id='word_1_125' title='bbox 2027 2178 2296 2244; x_wconf 87' lang='lat' dir='ltr'><strong>Medicei</strong></span> 
     </span>
     <span class='ocr_line' id='line_1_19' title="bbox 600 2282 2294 2371; baseline -0.003 -18"><span class='ocrx_word' id='word_1_126' title='bbox 600 2290 715 2353; x_wconf 81' lang='lat' dir='ltr'><strong>A:</strong></span> <span class='ocrx_word' id='word_1_127' title='bbox 785 2287 900 2371; x_wconf 72' lang='grc' dir='ltr'><strong>οὐχ</strong></span> <span class='ocrx_word' id='word_1_128' title='bbox 944 2286 981 2366; x_wconf 83' lang='grc' dir='ltr'>ἡ</span> <span class='ocrx_word' id='word_1_129' title='bbox 1032 2286 1188 2349; x_wconf 76' lang='grc' dir='ltr'>οὖσα</span> <span class='ocrx_word' id='word_1_130' title='bbox 1231 2284 1319 2359; x_wconf 66' lang='grc' dir='ltr'>ἓν,</span> <span class='ocrx_word' id='word_1_131' title='bbox 1366 2305 1573 2370; x_wconf 90' lang='lat' dir='ltr'><strong>neque</strong></span> <span class='ocrx_word' id='word_1_132' title='bbox 1616 2282 1875 2371; x_wconf 82' lang='lat' dir='ltr'><strong>vulgata</strong></span> <span class='ocrx_word' id='word_1_133' title='bbox 1917 2296 2125 2347; x_wconf 89' lang='lat' dir='ltr'><strong>tamen</strong></span> <span class='ocrx_word' id='word_1_134' title='bbox 2171 2305 2294 2348; x_wconf 92' lang='lat' dir='ltr'><strong>non</strong></span> 
     </span>
     <span class='ocr_line' id='line_1_20' title="bbox 599 2390 779 2457; baseline -0.017 1"><span class='ocrx_word' id='word_1_135' title='bbox 599 2390 779 2457; x_wconf 84' lang='lat' dir='ltr'><strong>bona.</strong></span> 
     </span>
    </p>

    <p class='ocr_par' dir='ltr' id='par_1_8' title="bbox 598 2487 2298 3094">
     <span class='ocr_line' id='line_1_21' title="bbox 684 2487 2298 2582; baseline -0.006 -22"><span class='ocrx_word' id='word_1_136' title='bbox 684 2511 965 2582; x_wconf 68' lang='lat' dir='ltr'><strong>p.‘1295‚</strong></span> <span class='ocrx_word' id='word_1_137' title='bbox 996 2493 1056 2557; x_wconf 94' lang='grc'><strong>6.</strong></span> <span class='ocrx_word' id='word_1_138' title='bbox 1103 2489 1242 2556; x_wconf 88' lang='grc' dir='ltr'>ἀλλ’</span> <span class='ocrx_word' id='word_1_139' title='bbox 1275 2492 1444 2556; x_wconf 81' lang='grc' dir='ltr'>ἔστιν</span> <span class='ocrx_word' id='word_1_140' title='bbox 1469 2491 1508 2570; x_wconf 81' lang='grc' dir='ltr'>ἡ</span> <span class='ocrx_word' id='word_1_141' title='bbox 1546 2488 1846 2572; x_wconf 75' lang='grc' dir='ltr'>λεγομένη</span> <span class='ocrx_word' id='word_1_142' title='bbox 1892 2490 1960 2553; x_wconf 75' lang='grc' dir='ltr'><strong>ἐν</strong></span> <span class='ocrx_word' id='word_1_143' title='bbox 1996 2491 2077 2574; x_wconf 74' lang='grc' dir='ltr'>τῷ</span> <span class='ocrx_word' id='word_1_144' title='bbox 2118 2487 2298 2553; x_wconf 73' lang='grc' dir='ltr'>παντὶ</span> 
     </span>
     <span class='ocr_line' id='line_1_22' title="bbox 600 2591 2295 2682; baseline -0.006 -17"><span class='ocrx_word' id='word_1_145' title='bbox 600 2600 777 2682; x_wconf 83' lang='grc' dir='ltr'>φιλία</span> <span class='ocrx_word' id='word_1_146' title='bbox 817 2602 990 2661; x_wconf 84' lang='grc' dir='ltr'>τοῦτο</span> <span class='ocrx_word' id='word_1_147' title='bbox 1035 2623 1087 2660; x_wconf 89' lang='grc' dir='ltr'><strong>κ.</strong></span> <span class='ocrx_word' id='word_1_148' title='bbox 1108 2622 1161 2662; x_wconf 94' lang='grc' dir='ltr'><strong>τ.</strong></span> <span class='ocrx_word' id='word_1_149' title='bbox 1187 2595 1281 2680; x_wconf 91' lang='grc' dir='ltr'><strong>λ.]</strong></span> <span class='ocrx_word' id='word_1_150' title='bbox 1333 2591 1748 2680; x_wconf 77' lang='lat' dir='ltr'><strong>Philosophus</strong></span> <span class='ocrx_word' id='word_1_151' title='bbox 1793 2607 1999 2655; x_wconf 89' lang='lat' dir='ltr'><strong>noster</strong></span> <span class='ocrx_word' id='word_1_152' title='bbox 2029 2591 2103 2655; x_wconf 90' lang='lat' dir='ltr'><strong>V.</strong></span> <span class='ocrx_word' id='word_1_153' title='bbox 2145 2611 2198 2654; x_wconf 90' lang='lat'><strong>1.</strong></span> <span class='ocrx_word' id='word_1_154' title='bbox 2232 2610 2295 2674; x_wconf 92' lang='lat'><strong>9.</strong></span> 
     </span>
     <span class='ocr_line' id='line_1_23' title="bbox 598 2695 2297 2790; baseline -0.002 -25"><span class='ocrx_word' id='word_1_155' title='bbox 598 2725 660 2790; x_wconf 89' lang='lat' dir='ltr'><strong>p.</strong></span> <span class='ocrx_word' id='word_1_156' title='bbox 687 2720 840 2785; x_wconf 88' lang='lat'><strong>490.</strong></span> <span class='ocrx_word' id='word_1_157' title='bbox 870 2702 956 2764; x_wconf 90' lang='lat' dir='ltr'><strong>A.</strong></span> <span class='ocrx_word' id='word_1_158' title='bbox 1002 2696 1125 2763; x_wconf 85' lang='lat' dir='ltr'><strong>ita:</strong></span> <span class='ocrx_word' id='word_1_159' title='bbox 1172 2701 1254 2784; x_wconf 73' lang='grc' dir='ltr'>τῷ</span> <span class='ocrx_word' id='word_1_160' title='bbox 1296 2699 1363 2762; x_wconf 71' lang='grc' dir='ltr'><strong>δὲ</strong></span> <span class='ocrx_word' id='word_1_161' title='bbox 1403 2696 1803 2777; x_wconf 81' lang='grc' dir='ltr'>Ἐμπεδοκλεῖ</span> <span class='ocrx_word' id='word_1_162' title='bbox 1839 2695 1908 2758; x_wconf 84' lang='grc' dir='ltr'>τὸ</span> <span class='ocrx_word' id='word_1_163' title='bbox 1950 2696 2063 2775; x_wconf 74' lang='grc' dir='ltr'>μὲν</span> <span class='ocrx_word' id='word_1_164' title='bbox 2107 2700 2297 2761; x_wconf 87' lang='grc' dir='ltr'>νεῖκος</span> 
     </span>
     <span class='ocr_line' id='line_1_24' title="bbox 598 2795 2293 2889; baseline -0.008 -18"><span class='ocrx_word' id='word_1_165' title='bbox 598 2810 825 2889; x_wconf 83' lang='grc' dir='ltr'>διαιρεῖ,</span> <span class='ocrx_word' id='word_1_166' title='bbox 855 2806 894 2885; x_wconf 81' lang='grc' dir='ltr'><em>ἡ</em></span> <span class='ocrx_word' id='word_1_167' title='bbox 924 2805 990 2868; x_wconf 67' lang='grc' dir='ltr'><strong>δὲ</strong></span> <span class='ocrx_word' id='word_1_168' title='bbox 1018 2804 1197 2886; x_wconf 87' lang='grc' dir='ltr'>φιλία</span> <span class='ocrx_word' id='word_1_169' title='bbox 1240 2803 1385 2865; x_wconf 82' lang='grc' dir='ltr'>ἑνοῖ.</span> <span class='ocrx_word' id='word_1_170' title='bbox 1429 2798 1747 2878; x_wconf 72' lang='grc' dir='ltr'>ἀσώματον</span> <span class='ocrx_word' id='word_1_171' title='bbox 1775 2799 1839 2862; x_wconf 74' lang='grc' dir='ltr'><strong>δὲ</strong></span> <span class='ocrx_word' id='word_1_172' title='bbox 1870 2797 1964 2861; x_wconf 81' lang='grc' dir='ltr'>καὶ</span> <span class='ocrx_word' id='word_1_173' title='bbox 1990 2795 2131 2862; x_wconf 81' lang='grc' dir='ltr'>αὗτὸ</span> <span class='ocrx_word' id='word_1_174' title='bbox 2159 2798 2293 2859; x_wconf 79' lang='grc' dir='ltr'>τοῦ·</span> 
     </span>
     <span class='ocr_line' id='line_1_25' title="bbox 598 2897 2294 2989; baseline -0.008 -14"><span class='ocrx_word' id='word_1_175' title='bbox 598 2934 686 2975; x_wconf 85' lang='grc' dir='ltr'>το.</span> <span class='ocrx_word' id='word_1_176' title='bbox 779 2906 914 2972; x_wconf 85' lang='lat' dir='ltr'><strong>Ubi</strong></span> <span class='ocrx_word' id='word_1_177' title='bbox 960 2905 1041 2970; x_wconf 90' lang='lat' dir='ltr'><strong>de</strong></span> <span class='ocrx_word' id='word_1_178' title='bbox 1083 2903 1205 2968; x_wconf 93' lang='lat' dir='ltr'><strong>hoc</strong></span> <span class='ocrx_word' id='word_1_179' title='bbox 1252 2902 1481 2989; x_wconf 87' lang='lat' dir='ltr'><strong>placito</strong></span> <span class='ocrx_word' id='word_1_180' title='bbox 1523 2899 1951 2989; x_wconf 87' lang='lat' dir='ltr'><strong>Empedocleo</strong></span> <span class='ocrx_word' id='word_1_181' title='bbox 1995 2897 2294 2964; x_wconf 79' lang='lat' dir='ltr'><strong>diximus.</strong></span> 
     </span>
     <span class='ocr_line' id='line_1_26' title="bbox 599 3004 1920 3094; baseline -0.008 -17"><span class='ocrx_word' id='word_1_182' title='bbox 599 3012 701 3077; x_wconf 88' lang='lat' dir='ltr'><strong>Cf.</strong></span> <span class='ocrx_word' id='word_1_183' title='bbox 729 3010 917 3076; x_wconf 88' lang='lat' dir='ltr'><strong>etiam</strong></span> <span class='ocrx_word' id='word_1_184' title='bbox 953 3010 1053 3073; x_wconf 93' lang='lat' dir='ltr'><strong>II.</strong></span> <span class='ocrx_word' id='word_1_185' title='bbox 1084 3029 1145 3088; x_wconf 91' lang='lat'><strong>4.</strong></span> <span class='ocrx_word' id='word_1_186' title='bbox 1172 3023 1234 3089; x_wconf 91' lang='lat'><strong>7.</strong></span> <span class='ocrx_word' id='word_1_187' title='bbox 1263 3029 1326 3094; x_wconf 91' lang='lat' dir='ltr'><strong>p.</strong></span> <span class='ocrx_word' id='word_1_188' title='bbox 1351 3008 1492 3071; x_wconf 92' lang='grc'><strong>162.</strong></span> <span class='ocrx_word' id='word_1_189' title='bbox 1523 3004 1678 3092; x_wconf 90' lang='lat' dir='ltr'><strong>ibiq.</strong></span> <span class='ocrx_word' id='word_1_190' title='bbox 1708 3017 1920 3068; x_wconf 91' lang='lat' dir='ltr'><strong>annot.</strong></span> 
     </span>
    </p>

    <p class='ocr_par' dir='ltr' id='par_1_9' title="bbox 594 3102 2297 4031">
     <span class='ocr_line' id='line_1_27' title="bbox 674 3102 2297 3195; baseline -0.007 -17"><span class='ocrx_word' id='word_1_191' title='bbox 674 3150 759 3166; x_wconf 91' lang='lat'><strong>--</strong></span> <span class='ocrx_word' id='word_1_192' title='bbox 786 3132 887 3180; x_wconf 90' lang='grc'><strong>12.</strong></span> <span class='ocrx_word' id='word_1_193' title='bbox 919 3110 1232 3195; x_wconf 80' lang='grc' dir='ltr'>ἀτιμάσας]</span> <span class='ocrx_word' id='word_1_194' title='bbox 1269 3110 1371 3173; x_wconf 87' lang='lat' dir='ltr'><strong>De</strong></span> <span class='ocrx_word' id='word_1_195' title='bbox 1399 3108 1601 3173; x_wconf 88' lang='lat' dir='ltr'><strong>tribus</strong></span> <span class='ocrx_word' id='word_1_196' title='bbox 1627 3105 1845 3172; x_wconf 80' lang='lat' dir='ltr'><strong>formis</strong></span> <span class='ocrx_word' id='word_1_197' title='bbox 1872 3102 2143 3186; x_wconf 72' lang='grc' dir='ltr'>ἀτιμάζω,</span> <span class='ocrx_word' id='word_1_198' title='bbox 2175 3105 2297 3168; x_wconf 68' lang='lat' dir='ltr'><strong>dn-</strong></span> 
     </span>
     <span class='ocr_line' id='line_1_28' title="bbox 597 3210 2288 3302; baseline -0.007 -17"><span class='ocrx_word' id='word_1_199' title='bbox 597 3220 724 3302; x_wconf 82' lang='grc' dir='ltr'><strong>μάω</strong></span> <span class='ocrx_word' id='word_1_200' title='bbox 752 3233 817 3285; x_wconf 85' lang='grc'><strong>01</strong></span> <span class='ocrx_word' id='word_1_201' title='bbox 845 3216 1064 3298; x_wconf 81' lang='grc' dir='ltr'>ἀτιμόω</span> <span class='ocrx_word' id='word_1_202' title='bbox 1092 3215 1222 3280; x_wconf 81' lang='lat' dir='ltr'><strong>vid.</strong></span> <span class='ocrx_word' id='word_1_203' title='bbox 1256 3214 1435 3280; x_wconf 83' lang='lat' dir='ltr'><strong>Suid.</strong></span> <span class='ocrx_word' id='word_1_204' title='bbox 1468 3214 1528 3279; x_wconf 86' lang='grc' dir='ltr'><strong>Ι.</strong></span> <span class='ocrx_word' id='word_1_205' title='bbox 1556 3237 1623 3302; x_wconf 89' lang='lat' dir='ltr'><strong>p.</strong></span> <span class='ocrx_word' id='word_1_206' title='bbox 1646 3231 1795 3299; x_wconf 85' lang='lat'><strong>371.</strong></span> <span class='ocrx_word' id='word_1_207' title='bbox 1823 3212 2011 3276; x_wconf 84' lang='lat' dir='ltr'><strong>Kust.</strong></span> <span class='ocrx_word' id='word_1_208' title='bbox 2059 3210 2288 3273; x_wconf 80' lang='lat' dir='ltr'><strong>Zonar.</strong></span> 
     </span>
     <span class='ocr_line' id='line_1_29' title="bbox 597 3312 2289 3409; baseline -0.009 -18"><span class='ocrx_word' id='word_1_209' title='bbox 597 3325 761 3391; x_wconf 86' lang='lat' dir='ltr'><strong>Lex.</strong></span> <span class='ocrx_word' id='word_1_210' title='bbox 794 3325 914 3389; x_wconf 87' lang='lat' dir='ltr'><strong>Gr.</strong></span> <span class='ocrx_word' id='word_1_211' title='bbox 960 3346 1026 3409; x_wconf 88' lang='lat' dir='ltr'><strong>p.</strong></span> <span class='ocrx_word' id='word_1_212' title='bbox 1056 3337 1206 3407; x_wconf 83' lang='lat'><strong>337.</strong></span> <span class='ocrx_word' id='word_1_213' title='bbox 1257 3318 1396 3402; x_wconf 90' lang='lat' dir='ltr'><strong>(ubi</strong></span> <span class='ocrx_word' id='word_1_214' title='bbox 1436 3318 1498 3381; x_wconf 90' lang='lat' dir='ltr'><strong>in</strong></span> <span class='ocrx_word' id='word_1_215' title='bbox 1544 3316 1772 3404; x_wconf 80' lang='lat' dir='ltr'><strong>fragm.</strong></span> <span class='ocrx_word' id='word_1_216' title='bbox 1820 3313 2060 3379; x_wconf 83' lang='lat' dir='ltr'><strong>AEliani</strong></span> <span class='ocrx_word' id='word_1_217' title='bbox 2099 3312 2289 3378; x_wconf 90' lang='lat' dir='ltr'><strong>corri-</strong></span> 
     </span>
     <span class='ocr_line' id='line_1_30' title="bbox 596 3415 2290 3516; baseline -0.008 -24"><span class='ocrx_word' id='word_1_218' title='bbox 596 3426 873 3516; x_wconf 82' lang='lat' dir='ltr'><strong>gendum</strong></span> <span class='ocrx_word' id='word_1_219' title='bbox 917 3438 1011 3489; x_wconf 89' lang='lat' dir='ltr'><strong>est</strong></span> <span class='ocrx_word' id='word_1_220' title='bbox 1055 3424 1162 3487; x_wconf 80' lang='grc' dir='ltr'><strong>οὗκ</strong></span> <span class='ocrx_word' id='word_1_221' title='bbox 1202 3422 1500 3503; x_wconf 79' lang='grc' dir='ltr'>ἠτίμασαν</span> <span class='ocrx_word' id='word_1_222' title='bbox 1542 3421 1601 3483; x_wconf 78' lang='lat'><strong>02</strong></span> <span class='ocrx_word' id='word_1_223' title='bbox 1643 3420 1824 3502; x_wconf 88' lang='grc' dir='ltr'>φαν.)</span> <span class='ocrx_word' id='word_1_224' title='bbox 1879 3415 2157 3480; x_wconf 84' lang='lat' dir='ltr'><strong>Lexicon</strong></span> <span class='ocrx_word' id='word_1_225' title='bbox 2187 3438 2290 3502; x_wconf 88' lang='lat' dir='ltr'><strong>ap.</strong></span> 
     </span>
     <span class='ocr_line' id='line_1_31' title="bbox 599 3521 2289 3606; baseline -0.009 -10"><span class='ocrx_word' id='word_1_226' title='bbox 599 3533 951 3596; x_wconf 89' lang='lat' dir='ltr'><strong>Hermann.</strong></span> <span class='ocrx_word' id='word_1_227' title='bbox 996 3525 1077 3590; x_wconf 93' lang='lat' dir='ltr'><strong>de</strong></span> <span class='ocrx_word' id='word_1_228' title='bbox 1117 3523 1366 3589; x_wconf 90' lang='lat' dir='ltr'><strong>emend.</strong></span> <span class='ocrx_word' id='word_1_229' title='bbox 1407 3537 1523 3588; x_wconf 89' lang='lat' dir='ltr'><strong>rat.</strong></span> <span class='ocrx_word' id='word_1_230' title='bbox 1560 3524 1846 3586; x_wconf 85' lang='lat' dir='ltr'><strong>Gramm.</strong></span> <span class='ocrx_word' id='word_1_231' title='bbox 1876 3521 1996 3585; x_wconf 87' lang='lat' dir='ltr'><strong>Gr.</strong></span> <span class='ocrx_word' id='word_1_232' title='bbox 2042 3542 2107 3606; x_wconf 90' lang='lat' dir='ltr'><strong>p.</strong></span> <span class='ocrx_word' id='word_1_233' title='bbox 2136 3538 2289 3604; x_wconf 84' lang='lat'><strong>340.</strong></span> 
     </span>
     <span class='ocr_line' id='line_1_32' title="bbox 595 3620 2285 3715; baseline -0.008 -15"><span class='ocrx_word' id='word_1_234' title='bbox 595 3635 764 3699; x_wconf 88' lang='lat' dir='ltr'><strong>Bast.</strong></span> <span class='ocrx_word' id='word_1_235' title='bbox 798 3633 1001 3697; x_wconf 89' lang='lat' dir='ltr'><strong>Lettr.</strong></span> <span class='ocrx_word' id='word_1_236' title='bbox 1035 3628 1195 3694; x_wconf 89' lang='lat' dir='ltr'><strong>Crit.</strong></span> <span class='ocrx_word' id='word_1_237' title='bbox 1238 3650 1302 3715; x_wconf 91' lang='lat' dir='ltr'><strong>p.</strong></span> <span class='ocrx_word' id='word_1_238' title='bbox 1342 3646 1479 3692; x_wconf 88' lang='lat'><strong>101.</strong></span> <span class='ocrx_word' id='word_1_239' title='bbox 1540 3624 1819 3690; x_wconf 86' lang='lat' dir='ltr'><strong>Boisson.</strong></span> <span class='ocrx_word' id='word_1_240' title='bbox 1864 3622 1946 3688; x_wconf 86' lang='lat' dir='ltr'><strong>ad</strong></span> <span class='ocrx_word' id='word_1_241' title='bbox 1991 3620 2285 3687; x_wconf 89' lang='lat' dir='ltr'><strong>Philostr.</strong></span> 
     </span>
     <span class='ocr_line' id='line_1_33' title="bbox 599 3723 2289 3823; baseline -0.009 -21"><span class='ocrx_word' id='word_1_242' title='bbox 599 3736 873 3802; x_wconf 86' lang='lat' dir='ltr'><strong>Heroica</strong></span> <span class='ocrx_word' id='word_1_243' title='bbox 929 3757 995 3823; x_wconf 91' lang='lat' dir='ltr'><strong>p.</strong></span> <span class='ocrx_word' id='word_1_244' title='bbox 1035 3748 1187 3813; x_wconf 93' lang='grc'><strong>420.</strong></span> <span class='ocrx_word' id='word_1_245' title='bbox 1240 3744 1304 3795; x_wconf 89' lang='grc'><strong>01</strong></span> <span class='ocrx_word' id='word_1_246' title='bbox 1361 3730 1733 3795; x_wconf 85' lang='lat' dir='ltr'><strong>Buttmann.</strong></span> <span class='ocrx_word' id='word_1_247' title='bbox 1783 3729 1905 3793; x_wconf 87' lang='lat' dir='ltr'><strong>Gr.</strong></span> <span class='ocrx_word' id='word_1_248' title='bbox 1950 3748 2048 3813; x_wconf 82' lang='lat' dir='ltr'><strong>gr.</strong></span> <span class='ocrx_word' id='word_1_249' title='bbox 2095 3723 2289 3812; x_wconf 88' lang='lat' dir='ltr'><strong>ampl.</strong></span> 
     </span>
     <span class='ocr_line' id='line_1_34' title="bbox 598 3828 2290 3925; baseline -0.008 -20"><span class='ocrx_word' id='word_1_250' title='bbox 598 3841 657 3925; x_wconf 64' lang='lat'><strong>§-</strong></span> <span class='ocrx_word' id='word_1_251' title='bbox 694 3859 836 3906; x_wconf 89' lang='grc'><strong>121.</strong></span> <span class='ocrx_word' id='word_1_252' title='bbox 863 3858 925 3919; x_wconf 88' lang='lat'><strong>4.</strong></span> <span class='ocrx_word' id='word_1_253' title='bbox 987 3835 1089 3900; x_wconf 91' lang='grc' dir='ltr'><strong>ΙΙ.</strong></span> <span class='ocrx_word' id='word_1_254' title='bbox 1120 3857 1185 3921; x_wconf 90' lang='lat' dir='ltr'><strong>p.</strong></span> <span class='ocrx_word' id='word_1_255' title='bbox 1206 3833 1354 3920; x_wconf 84' lang='lat'><strong>363.</strong></span> <span class='ocrx_word' id='word_1_256' title='bbox 1418 3830 1764 3920; x_wconf 81' lang='lat' dir='ltr'><strong>Singularis</strong></span> <span class='ocrx_word' id='word_1_257' title='bbox 1790 3845 1883 3897; x_wconf 90' lang='lat' dir='ltr'><strong>est</strong></span> <span class='ocrx_word' id='word_1_258' title='bbox 1915 3828 2290 3915; x_wconf 81' lang='lat' dir='ltr'><strong>Lexicogra-</strong></span> 
     </span>
     <span class='ocr_line' id='line_1_35' title="bbox 594 3935 2068 4031; baseline -0.008 -22"><span class='ocrx_word' id='word_1_259' title='bbox 594 3943 757 4031; x_wconf 88' lang='lat' dir='ltr'><strong>phus</strong></span> <span class='ocrx_word' id='word_1_260' title='bbox 782 3942 849 4006; x_wconf 93' lang='lat' dir='ltr'><strong>in</strong></span> <span class='ocrx_word' id='word_1_261' title='bbox 878 3937 1151 4005; x_wconf 87' lang='lat' dir='ltr'><strong>Bekkeri</strong></span> <span class='ocrx_word' id='word_1_262' title='bbox 1180 3935 1521 4001; x_wconf 88' lang='lat' dir='ltr'><strong>Anecdott.</strong></span> <span class='ocrx_word' id='word_1_263' title='bbox 1555 3936 1706 4000; x_wconf 87' lang='lat' dir='ltr'><strong>Grr.</strong></span> <span class='ocrx_word' id='word_1_264' title='bbox 1740 3936 1797 4000; x_wconf 93' lang='lat'><strong>1.</strong></span> <span class='ocrx_word' id='word_1_265' title='bbox 1831 3957 1897 4022; x_wconf 91' lang='lat' dir='ltr'><strong>p.</strong></span> <span class='ocrx_word' id='word_1_266' title='bbox 1925 3949 2068 4015; x_wconf 89' lang='lat'><strong>207.</strong></span> 
     </span>
    </p>

    <p class='ocr_par' dir='ltr' id='par_1_10' title="bbox 594 4034 2287 4342">
     <span class='ocr_line' id='line_1_36' title="bbox 677 4034 2284 4125; baseline -0.008 -15"><span class='ocrx_word' id='word_1_267' title='bbox 677 4085 766 4097; x_wconf 92' lang='lat'>-</span> <span class='ocrx_word' id='word_1_268' title='bbox 795 4045 891 4109; x_wconf 89' lang='lat'><strong>18.</strong></span> <span class='ocrx_word' id='word_1_269' title='bbox 937 4043 1006 4107; x_wconf 86' lang='grc' dir='ltr'>τὸ</span> <span class='ocrx_word' id='word_1_270' title='bbox 1036 4040 1379 4125; x_wconf 77' lang='grc' dir='ltr'>ἀγαθοειδές</span> <span class='ocrx_word' id='word_1_271' title='bbox 1407 4039 1621 4122; x_wconf 87' lang='grc' dir='ltr'>φησιν]</span> <span class='ocrx_word' id='word_1_272' title='bbox 1674 4037 1851 4103; x_wconf 83' lang='lat' dir='ltr'><strong>Plato</strong></span> <span class='ocrx_word' id='word_1_273' title='bbox 1871 4036 1937 4100; x_wconf 90' lang='lat' dir='ltr'><strong>in</strong></span> <span class='ocrx_word' id='word_1_274' title='bbox 1967 4036 2135 4121; x_wconf 86' lang='lat' dir='ltr'><strong>Rep.</strong></span> <span class='ocrx_word' id='word_1_275' title='bbox 2170 4034 2284 4098; x_wconf 91' lang='lat' dir='ltr'><strong>VI.</strong></span> 
     </span>
     <span class='ocr_line' id='line_1_37' title="bbox 595 4138 2287 4238; baseline -0.008 -24"><span class='ocrx_word' id='word_1_276' title='bbox 595 4173 654 4238; x_wconf 92' lang='lat' dir='ltr'><strong>p.</strong></span> <span class='ocrx_word' id='word_1_277' title='bbox 685 4169 835 4237; x_wconf 87' lang='lat'><strong>509.</strong></span> <span class='ocrx_word' id='word_1_278' title='bbox 865 4171 925 4211; x_wconf 91' lang='grc'><strong>8.</strong></span> <span class='ocrx_word' id='word_1_279' title='bbox 968 4145 1052 4209; x_wconf 82' lang='lat' dir='ltr'><strong>cf.</strong></span> <span class='ocrx_word' id='word_1_280' title='bbox 1085 4144 1142 4208; x_wconf 92' lang='lat'><strong>1.</strong></span> <span class='ocrx_word' id='word_1_281' title='bbox 1176 4162 1237 4210; x_wconf 88' lang='grc'><strong>2.</strong></span> <span class='ocrx_word' id='word_1_282' title='bbox 1268 4164 1333 4225; x_wconf 90' lang='lat'><strong>4.</strong></span> <span class='ocrx_word' id='word_1_283' title='bbox 1382 4143 1520 4206; x_wconf 89' lang='lat'><strong>111.</strong></span> <span class='ocrx_word' id='word_1_284' title='bbox 1556 4143 1613 4206; x_wconf 89' lang='lat'><strong>8.</strong></span> <span class='ocrx_word' id='word_1_285' title='bbox 1652 4161 1747 4206; x_wconf 89' lang='grc'><strong>10.</strong></span> <span class='ocrx_word' id='word_1_286' title='bbox 1780 4140 1928 4227; x_wconf 89' lang='lat' dir='ltr'><strong>ibiq.</strong></span> <span class='ocrx_word' id='word_1_287' title='bbox 1959 4152 2171 4204; x_wconf 87' lang='lat' dir='ltr'><strong>annot.</strong></span> <span class='ocrx_word' id='word_1_288' title='bbox 2206 4138 2287 4202; x_wconf 87' lang='lat' dir='ltr'><strong>V.</strong></span> 
     </span>
     <span class='ocr_line' id='line_1_38' title="bbox 594 4247 1526 4342; baseline -0.012 -22"><span class='ocrx_word' id='word_1_289' title='bbox 594 4276 658 4342; x_wconf 85' lang='lat'><strong>3.</strong></span> <span class='ocrx_word' id='word_1_290' title='bbox 680 4273 744 4340; x_wconf 89' lang='grc'><strong>3.</strong></span> <span class='ocrx_word' id='word_1_291' title='bbox 788 4253 868 4316; x_wconf 90' lang='lat' dir='ltr'><strong>V.</strong></span> <span class='ocrx_word' id='word_1_292' title='bbox 889 4270 950 4337; x_wconf 84' lang='lat'><strong>3.</strong></span> <span class='ocrx_word' id='word_1_293' title='bbox 977 4250 1039 4313; x_wconf 91' lang='lat'><strong>6.</strong></span> <span class='ocrx_word' id='word_1_294' title='bbox 1085 4248 1160 4312; x_wconf 90' lang='lat' dir='ltr'><strong>V.</strong></span> <span class='ocrx_word' id='word_1_295' title='bbox 1184 4247 1244 4311; x_wconf 91' lang='lat'><strong>6.</strong></span> <span class='ocrx_word' id='word_1_296' title='bbox 1270 4270 1332 4327; x_wconf 91' lang='lat'><strong>4.</strong></span> <span class='ocrx_word' id='word_1_297' title='bbox 1366 4259 1430 4310; x_wconf 92' lang='lat' dir='ltr'><strong>et</strong></span> <span class='ocrx_word' id='word_1_298' title='bbox 1458 4264 1526 4329; x_wconf 84' lang='lat'><strong>5.</strong></span> 
     </span>
    </p>

    <p class='ocr_par' dir='ltr' id='par_1_11' title="bbox 537 4344 2287 5252">
     <span class='ocr_line' id='line_1_39' title="bbox 675 4344 2286 4445; baseline -0.009 -25"><span class='ocrx_word' id='word_1_299' title='bbox 675 4380 747 4445; x_wconf 91' lang='lat' dir='ltr'><strong>p.</strong></span> <span class='ocrx_word' id='word_1_300' title='bbox 782 4354 969 4438; x_wconf 83' lang='lat'><strong>1296,</strong></span> <span class='ocrx_word' id='word_1_301' title='bbox 1007 4368 1104 4415; x_wconf 87' lang='lat'><strong>10.</strong></span> <span class='ocrx_word' id='word_1_302' title='bbox 1166 4348 1517 4433; x_wconf 86' lang='grc' dir='ltr'>συνέθραυε]</span> <span class='ocrx_word' id='word_1_303' title='bbox 1588 4348 1693 4412; x_wconf 86' lang='grc'><strong>118</strong></span> <span class='ocrx_word' id='word_1_304' title='bbox 1740 4344 2092 4434; x_wconf 84' lang='lat' dir='ltr'><strong>scripsimus</strong></span> <span class='ocrx_word' id='word_1_305' title='bbox 2139 4364 2286 4407; x_wconf 89' lang='lat' dir='ltr'><strong>cum</strong></span> 
     </span>
     <span class='ocr_line' id='line_1_40' title="bbox 593 4445 2284 4547; baseline -0.009 -22"><span class='ocrx_word' id='word_1_306' title='bbox 593 4458 874 4547; x_wconf 87' lang='lat' dir='ltr'><strong>plurimis</strong></span> <span class='ocrx_word' id='word_1_307' title='bbox 905 4454 1108 4520; x_wconf 84' lang='lat' dir='ltr'><strong>codd.</strong></span> <span class='ocrx_word' id='word_1_308' title='bbox 1136 4475 1254 4540; x_wconf 92' lang='lat' dir='ltr'><strong>pro</strong></span> <span class='ocrx_word' id='word_1_309' title='bbox 1283 4450 1631 4534; x_wconf 89' lang='grc' dir='ltr'>συνέθρανε,</span> <span class='ocrx_word' id='word_1_310' title='bbox 1654 4465 1717 4515; x_wconf 87' lang='grc'><strong>01</strong></span> <span class='ocrx_word' id='word_1_311' title='bbox 1745 4448 1904 4514; x_wconf 89' lang='lat' dir='ltr'><strong>illud</strong></span> <span class='ocrx_word' id='word_1_312' title='bbox 1935 4470 2131 4535; x_wconf 83' lang='lat' dir='ltr'><strong>marg.</strong></span> <span class='ocrx_word' id='word_1_313' title='bbox 2158 4445 2284 4510; x_wconf 86' lang='lat' dir='ltr'><strong>Ed.</strong></span> 
     </span>
     <span class='ocr_line' id='line_1_41' title="bbox 592 4553 2281 4640; baseline -0.009 -11"><span class='ocrx_word' id='word_1_314' title='bbox 592 4562 760 4629; x_wconf 88' lang='lat' dir='ltr'><strong>baud</strong></span> <span class='ocrx_word' id='word_1_315' title='bbox 792 4558 985 4625; x_wconf 88' lang='lat' dir='ltr'><strong>dubie</strong></span> <span class='ocrx_word' id='word_1_316' title='bbox 1017 4555 1203 4620; x_wconf 90' lang='lat' dir='ltr'><strong>etiam</strong></span> <span class='ocrx_word' id='word_1_317' title='bbox 1234 4553 1502 4631; x_wconf 82' lang='lat' dir='ltr'><strong>volebat,</strong></span> <span class='ocrx_word' id='word_1_318' title='bbox 1534 4553 1638 4617; x_wconf 88' lang='lat' dir='ltr'><strong>sed</strong></span> <span class='ocrx_word' id='word_1_319' title='bbox 1671 4574 1880 4640; x_wconf 85' lang='lat' dir='ltr'><strong>operae</strong></span> <span class='ocrx_word' id='word_1_320' title='bbox 1923 4573 2047 4615; x_wconf 90' lang='lat' dir='ltr'><strong>non</strong></span> <span class='ocrx_word' id='word_1_321' title='bbox 2093 4572 2281 4638; x_wconf 88' lang='lat' dir='ltr'><strong>paru-</strong></span> 
     </span>
     <span class='ocr_line' id='line_1_42' title="bbox 537 4656 2287 4748; baseline -0.005 -21"><span class='ocrx_word' id='word_1_322' title='bbox 537 4716 546 4727; x_wconf 86' lang='lat'><strong>.</strong></span> <span class='ocrx_word' id='word_1_323' title='bbox 589 4680 793 4734; x_wconf 89' lang='lat' dir='ltr'><strong>erunt.</strong></span> <span class='ocrx_word' id='word_1_324' title='bbox 867 4660 1149 4748; x_wconf 87' lang='lat' dir='ltr'><strong>Hesych.</strong></span> <span class='ocrx_word' id='word_1_325' title='bbox 1181 4658 1281 4722; x_wconf 92' lang='lat'><strong>11.</strong></span> <span class='ocrx_word' id='word_1_326' title='bbox 1311 4680 1376 4745; x_wconf 93' lang='lat' dir='ltr'><strong>p.</strong></span> <span class='ocrx_word' id='word_1_327' title='bbox 1409 4656 1607 4742; x_wconf 85' lang='lat'><strong>1308:</strong></span> <span class='ocrx_word' id='word_1_328' title='bbox 1656 4657 2114 4738; x_wconf 83' lang='grc' dir='ltr'>συνθραύεσθαι·</span> <span class='ocrx_word' id='word_1_329' title='bbox 2146 4679 2287 4719; x_wconf 83' lang='grc' dir='ltr'>συν-</span> 
     </span>
     <span class='ocr_line' id='line_1_43' title="bbox 590 4757 2281 4857; baseline -0.01 -19"><span class='ocrx_word' id='word_1_330' title='bbox 590 4775 923 4857; x_wconf 80' lang='grc' dir='ltr'>τρίβεσθαι.</span> <span class='ocrx_word' id='word_1_331' title='bbox 966 4766 1075 4831; x_wconf 90' lang='lat' dir='ltr'><strong>ubi</strong></span> <span class='ocrx_word' id='word_1_332' title='bbox 1106 4762 1435 4829; x_wconf 91' lang='lat' dir='ltr'><strong>Albertius</strong></span> <span class='ocrx_word' id='word_1_333' title='bbox 1457 4762 1520 4826; x_wconf 89' lang='lat' dir='ltr'><strong>in</strong></span> <span class='ocrx_word' id='word_1_334' title='bbox 1551 4777 1677 4827; x_wconf 89' lang='lat' dir='ltr'><strong>not.</strong></span> <span class='ocrx_word' id='word_1_335' title='bbox 1710 4761 1890 4826; x_wconf 89' lang='lat' dir='ltr'><strong>binos</strong></span> <span class='ocrx_word' id='word_1_336' title='bbox 1932 4758 2098 4823; x_wconf 86' lang='lat' dir='ltr'><strong>locos</strong></span> <span class='ocrx_word' id='word_1_337' title='bbox 2123 4757 2281 4822; x_wconf 91' lang='lat' dir='ltr'><strong>Dio-</strong></span> 
     </span>
     <span class='ocr_line' id='line_1_44' title="bbox 592 4859 2281 4959; baseline -0.011 -17"><span class='ocrx_word' id='word_1_338' title='bbox 592 4877 686 4941; x_wconf 90' lang='lat' dir='ltr'><strong>nis</strong></span> <span class='ocrx_word' id='word_1_339' title='bbox 707 4872 903 4940; x_wconf 88' lang='lat' dir='ltr'><strong>Cassii</strong></span> <span class='ocrx_word' id='word_1_340' title='bbox 931 4894 996 4959; x_wconf 91' lang='lat' dir='ltr'><strong>p.</strong></span> <span class='ocrx_word' id='word_1_341' title='bbox 1022 4887 1168 4955; x_wconf 83' lang='lat'><strong>392.</strong></span> <span class='ocrx_word' id='word_1_342' title='bbox 1201 4879 1265 4931; x_wconf 93' lang='lat' dir='ltr'><strong>et</strong></span> <span class='ocrx_word' id='word_1_343' title='bbox 1293 4889 1360 4954; x_wconf 91' lang='lat' dir='ltr'><strong>p.</strong></span> <span class='ocrx_word' id='word_1_344' title='bbox 1387 4867 1536 4931; x_wconf 90' lang='grc'><strong>628.</strong></span> <span class='ocrx_word' id='word_1_345' title='bbox 1569 4863 1843 4930; x_wconf 87' lang='lat' dir='ltr'><strong>Reimari</strong></span> <span class='ocrx_word' id='word_1_346' title='bbox 1874 4861 2107 4927; x_wconf 87' lang='lat' dir='ltr'><strong>laudat.</strong></span> <span class='ocrx_word' id='word_1_347' title='bbox 2157 4859 2281 4924; x_wconf 88' lang='lat' dir='ltr'><strong>Sed</strong></span> 
     </span>
     <span class='ocr_line' id='line_1_45' title="bbox 589 4964 2282 5057; baseline -0.009 -16"><span class='ocrx_word' id='word_1_348' title='bbox 589 4977 718 5044; x_wconf 84' lang='lat' dir='ltr'><strong>vid.</strong></span> <span class='ocrx_word' id='word_1_349' title='bbox 749 4978 957 5042; x_wconf 85' lang='lat' dir='ltr'><strong>Sturz.</strong></span> <span class='ocrx_word' id='word_1_350' title='bbox 993 4974 1159 5037; x_wconf 82' lang='lat' dir='ltr'><strong>Lex.</strong></span> <span class='ocrx_word' id='word_1_351' title='bbox 1193 4969 1496 5057; x_wconf 88' lang='lat' dir='ltr'><strong>Xenoph.</strong></span> <span class='ocrx_word' id='word_1_352' title='bbox 1531 4969 1644 5033; x_wconf 91' lang='lat' dir='ltr'><strong>IV.</strong></span> <span class='ocrx_word' id='word_1_353' title='bbox 1676 4990 1742 5055; x_wconf 90' lang='lat' dir='ltr'><strong>p.</strong></span> <span class='ocrx_word' id='word_1_354' title='bbox 1769 4965 1906 5050; x_wconf 87' lang='lat'><strong>187.</strong></span> <span class='ocrx_word' id='word_1_355' title='bbox 1936 4964 2091 5052; x_wconf 89' lang='lat' dir='ltr'><strong>ibiq.</strong></span> <span class='ocrx_word' id='word_1_356' title='bbox 2146 4965 2282 5027; x_wconf 90' lang='lat' dir='ltr'><strong>Xe-</strong></span> 
     </span>
     <span class='ocr_line' id='line_1_46' title="bbox 589 5069 2279 5170; baseline -0.011 -22"><span class='ocrx_word' id='word_1_357' title='bbox 589 5081 779 5170; x_wconf 88' lang='lat' dir='ltr'><strong>noph.</strong></span> <span class='ocrx_word' id='word_1_358' title='bbox 826 5075 1065 5166; x_wconf 85' lang='lat' dir='ltr'><strong>Agesil.</strong></span> <span class='ocrx_word' id='word_1_359' title='bbox 1112 5074 1216 5139; x_wconf 89' lang='lat'><strong>11.</strong></span> <span class='ocrx_word' id='word_1_360' title='bbox 1253 5094 1350 5154; x_wconf 90' lang='lat'><strong>14.</strong></span> <span class='ocrx_word' id='word_1_361' title='bbox 1396 5087 1460 5138; x_wconf 91' lang='lat' dir='ltr'><strong>et</strong></span> <span class='ocrx_word' id='word_1_362' title='bbox 1503 5069 1798 5158; x_wconf 86' lang='lat' dir='ltr'><strong>Euripid.</strong></span> <span class='ocrx_word' id='word_1_363' title='bbox 1848 5071 2055 5134; x_wconf 88' lang='lat' dir='ltr'><strong>Orest.</strong></span> <span class='ocrx_word' id='word_1_364' title='bbox 2092 5070 2279 5152; x_wconf 86' lang='lat'><strong>1569.</strong></span> 
     </span>
     <span class='ocr_line' id='line_1_47' title="bbox 597 5205 776 5252; baseline -0.022 0"><span class='ocrx_word' id='word_1_365' title='bbox 597 5209 620 5252; x_wconf 90' lang='lat'><strong>1</strong></span> <span class='ocrx_word' id='word_1_366' title='bbox 722 5205 776 5250; x_wconf 89' lang='lat'><strong>1.</strong></span> 
     </span>
    </p>

    <p class='ocr_par' dir='ltr' id='par_1_12' title="bbox 585 5203 2280 5679">
     <span class='ocr_line' id='line_1_48' title="bbox 629 5203 2279 5363; baseline -0.011 -11"><span class='ocrx_word' id='word_1_367' title='bbox 629 5203 749 5339; x_wconf 70' lang='lat'><strong>5-7-</strong></span> <span class='ocrx_word' id='word_1_368' title='bbox 781 5304 873 5351; x_wconf 85' lang='lat'><strong>12.</strong></span> <span class='ocrx_word' id='word_1_369' title='bbox 908 5282 1022 5349; x_wconf 80' lang='grc' dir='ltr'><strong>Διδ</strong></span> <span class='ocrx_word' id='word_1_370' title='bbox 1046 5282 1140 5347; x_wconf 80' lang='grc' dir='ltr'>καὶ</span> <span class='ocrx_word' id='word_1_371' title='bbox 1171 5282 1337 5347; x_wconf 79' lang='grc' dir='ltr'>εἴτις</span> <span class='ocrx_word' id='word_1_372' title='bbox 1366 5277 1544 5343; x_wconf 79' lang='grc' dir='ltr'>αὐτὸν</span> <span class='ocrx_word' id='word_1_373' title='bbox 1573 5274 1901 5363; x_wconf 76' lang='grc' dir='ltr'>ἀπεικάζοι]</span> <span class='ocrx_word' id='word_1_374' title='bbox 1933 5275 2038 5338; x_wconf 85' lang='lat' dir='ltr'><strong>Ita</strong></span> <span class='ocrx_word' id='word_1_375' title='bbox 2065 5270 2279 5359; x_wconf 84' lang='lat' dir='ltr'><strong>scripsi</strong></span> 
     </span>
     <span class='ocr_line' id='line_1_49' title="bbox 586 5377 2277 5480; baseline -0.01 -25"><span class='ocrx_word' id='word_1_376' title='bbox 586 5415 701 5480; x_wconf 89' lang='lat' dir='ltr'><strong>pro</strong></span> <span class='ocrx_word' id='word_1_377' title='bbox 729 5385 1045 5464; x_wconf 77' lang='grc' dir='ltr'>ἀπεικάζει,</span> <span class='ocrx_word' id='word_1_378' title='bbox 1072 5407 1202 5472; x_wconf 90' lang='lat' dir='ltr'><strong>quo</strong></span> <span class='ocrx_word' id='word_1_379' title='bbox 1231 5382 1575 5447; x_wconf 89' lang='lat' dir='ltr'><strong>Modorum</strong></span> <span class='ocrx_word' id='word_1_380' title='bbox 1614 5379 1775 5445; x_wconf 86' lang='lat' dir='ltr'><strong>ratio</strong></span> <span class='ocrx_word' id='word_1_381' title='bbox 1803 5377 1915 5443; x_wconf 90' lang='lat' dir='ltr'><strong>sibi</strong></span> <span class='ocrx_word' id='word_1_382' title='bbox 1947 5389 2277 5453; x_wconf 86' lang='lat' dir='ltr'><strong>constaret,</strong></span> 
     </span>
     <span class='ocr_line' id='line_1_50' title="bbox 585 5477 2280 5584; baseline -0.01 -26"><span class='ocrx_word' id='word_1_383' title='bbox 585 5508 841 5584; x_wconf 89' lang='lat' dir='ltr'><strong>propter</strong></span> <span class='ocrx_word' id='word_1_384' title='bbox 860 5486 1183 5576; x_wconf 88' lang='lat' dir='ltr'><strong>sequentia</strong></span> <span class='ocrx_word' id='word_1_385' title='bbox 1204 5477 2158 5570; x_wconf 56' lang='lat' dir='ltr'><strong>‹pavrdsotro—dpqlm-Deinde</strong></span> <span class='ocrx_word' id='word_1_386' title='bbox 2186 5499 2280 5541; x_wconf 89' lang='lat' dir='ltr'><strong>re-</strong></span> 
     </span>
     <span class='ocr_line' id='line_1_51' title="bbox 585 5583 2279 5679; baseline -0.011 -16"><span class='ocrx_word' id='word_1_387' title='bbox 585 5595 745 5663; x_wconf 86' lang='lat' dir='ltr'><strong>tinui</strong></span> <span class='ocrx_word' id='word_1_388' title='bbox 764 5616 906 5659; x_wconf 91' lang='lat' dir='ltr'><strong>cum</strong></span> <span class='ocrx_word' id='word_1_389' title='bbox 930 5590 1223 5656; x_wconf 87' lang='lat' dir='ltr'><strong>omnibus</strong></span> <span class='ocrx_word' id='word_1_390' title='bbox 1239 5588 1414 5653; x_wconf 86' lang='lat' dir='ltr'><strong>libris</strong></span> <span class='ocrx_word' id='word_1_391' title='bbox 1432 5589 1631 5653; x_wconf 89' lang='lat' dir='ltr'><strong>MSS.</strong></span> <span class='ocrx_word' id='word_1_392' title='bbox 1659 5590 1738 5654; x_wconf 83' lang='grc' dir='ltr'><strong>ὤς</strong></span> <span class='ocrx_word' id='word_1_393' title='bbox 1757 5585 1997 5679; x_wconf 73' lang='grc' dir='ltr'>φέγγει.</span> <span class='ocrx_word' id='word_1_394' title='bbox 2044 5583 2279 5669; x_wconf 80' lang='lat' dir='ltr'><strong>Margo</strong></span> 
     </span>
    </p>
   </div>
   <div class='ocr_carea' id='block_1_7' title="bbox 682 5716 1041 5774">
    <p class='ocr_par' dir='ltr' id='par_1_13' title="bbox 682 5716 1041 5774">
     <span class='ocr_line' id='line_1_52' title="bbox 682 5716 1041 5774; baseline -0.011 -3"><span class='ocrx_word' id='word_1_395' title='bbox 682 5719 872 5774; x_wconf 82' lang='lat' dir='ltr'><strong>voL.</strong></span> <span class='ocrx_word' id='word_1_396' title='bbox 910 5716 1041 5769; x_wconf 90' lang='lat'><strong>111.</strong></span> 
     </span>
    </p>
   </div>
   <div class='ocr_carea' id='block_1_8' title="bbox 2377 943 4089 3511">
    <p class='ocr_par' dir='ltr' id='par_1_14' title="bbox 2381 943 4089 1960">
     <span class='ocr_line' id='line_1_53' title="bbox 2388 943 4087 1041; baseline 0.006 -32"><span class='ocrx_word' id='word_1_397' title='bbox 2388 943 2564 1011; x_wconf 89' lang='lat' dir='ltr'><strong>locus</strong></span> <span class='ocrx_word' id='word_1_398' title='bbox 2592 945 2874 1011; x_wconf 88' lang='lat' dir='ltr'><strong>Platonis</strong></span> <span class='ocrx_word' id='word_1_399' title='bbox 2901 946 2964 1011; x_wconf 92' lang='lat' dir='ltr'><strong>in</strong></span> <span class='ocrx_word' id='word_1_400' title='bbox 2997 946 3318 1014; x_wconf 83' lang='lat' dir='ltr'><strong>Phaedone</strong></span> <span class='ocrx_word' id='word_1_401' title='bbox 3345 973 3413 1038; x_wconf 91' lang='lat' dir='ltr'><strong>p.</strong></span> <span class='ocrx_word' id='word_1_402' title='bbox 3442 970 3465 1013; x_wconf 91' lang='lat'><strong>1</strong></span> <span class='ocrx_word' id='word_1_403' title='bbox 3483 971 3581 1016; x_wconf 92' lang='lat'><strong>10.</strong></span> <span class='ocrx_word' id='word_1_404' title='bbox 3607 953 3689 1016; x_wconf 89' lang='lat' dir='ltr'><strong>B.</strong></span> <span class='ocrx_word' id='word_1_405' title='bbox 3719 976 3787 1041; x_wconf 91' lang='lat' dir='ltr'><strong>p.</strong></span> <span class='ocrx_word' id='word_1_406' title='bbox 3819 972 3960 1019; x_wconf 90' lang='lat'><strong>111.</strong></span> <span class='ocrx_word' id='word_1_407' title='bbox 3993 977 4087 1041; x_wconf 90' lang='lat' dir='ltr'><strong>sq.</strong></span> 
     </span>
     <span class='ocr_line' id='line_1_54' title="bbox 2390 1047 4088 1140; baseline 0.005 -26"><span class='ocrx_word' id='word_1_408' title='bbox 2390 1047 2631 1114; x_wconf 82' lang='lat' dir='ltr'><strong>Bekk.:</strong></span> <span class='ocrx_word' id='word_1_409' title='bbox 2687 1049 2943 1132; x_wconf 77' lang='grc' dir='ltr'>Λέγεται</span> <span class='ocrx_word' id='word_1_410' title='bbox 2969 1053 3190 1126; x_wconf 83' lang='grc' dir='ltr'>τοίνυν,</span> <span class='ocrx_word' id='word_1_411' title='bbox 3223 1051 3362 1134; x_wconf 79' lang='grc' dir='ltr'>ἔφη,</span> <span class='ocrx_word' id='word_1_412' title='bbox 3393 1050 3440 1117; x_wconf 78' lang='grc' dir='ltr'><em>ὦ</em></span> <span class='ocrx_word' id='word_1_413' title='bbox 3470 1057 3683 1137; x_wconf 80' lang='grc' dir='ltr'>ἑταῖρε,</span> <span class='ocrx_word' id='word_1_414' title='bbox 3714 1062 3949 1140; x_wconf 79' lang='grc' dir='ltr'>πρῶτον</span> <span class='ocrx_word' id='word_1_415' title='bbox 3975 1059 4088 1138; x_wconf 73' lang='grc' dir='ltr'>μὲν</span> 
     </span>
     <span class='ocr_line' id='line_1_55' title="bbox 2393 1151 4085 1247; baseline 0.004 -30"><span class='ocrx_word' id='word_1_416' title='bbox 2393 1151 2551 1217; x_wconf 82' lang='grc' dir='ltr'>εἶναι</span> <span class='ocrx_word' id='word_1_417' title='bbox 2595 1154 2833 1233; x_wconf 77' lang='grc' dir='ltr'>τοιαύτη</span> <span class='ocrx_word' id='word_1_418' title='bbox 2860 1154 2899 1233; x_wconf 84' lang='grc' dir='ltr'><em>ἡ</em></span> <span class='ocrx_word' id='word_1_419' title='bbox 2925 1157 3002 1236; x_wconf 81' lang='grc' dir='ltr'><strong>γῆ</strong></span> <span class='ocrx_word' id='word_1_420' title='bbox 3046 1154 3191 1234; x_wconf 70' lang='grc' dir='ltr'>αὐτὴ</span> <span class='ocrx_word' id='word_1_421' title='bbox 3236 1156 3400 1230; x_wconf 75' lang='grc' dir='ltr'>ἰδεῖν,</span> <span class='ocrx_word' id='word_1_422' title='bbox 3434 1160 3492 1221; x_wconf 74' lang='grc' dir='ltr'>εἴ</span> <span class='ocrx_word' id='word_1_423' title='bbox 3515 1183 3601 1226; x_wconf 88' lang='grc' dir='ltr'>τις</span> <span class='ocrx_word' id='word_1_424' title='bbox 3641 1160 3872 1225; x_wconf 76' lang='grc' dir='ltr'>ἄνωθεν</span> <span class='ocrx_word' id='word_1_425' title='bbox 3900 1164 4085 1247; x_wconf 69' lang='grc' dir='ltr'>θεῷτο</span> 
     </span>
     <span class='ocr_line' id='line_1_56' title="bbox 2386 1253 4081 1345; baseline 0.006 -27"><span class='ocrx_word' id='word_1_426' title='bbox 2386 1253 2589 1334; x_wconf 77' lang='grc' dir='ltr'>αὐτὴν,</span> <span class='ocrx_word' id='word_1_427' title='bbox 2644 1256 2847 1338; x_wconf 82' lang='grc' dir='ltr'>ὥσπερ</span> <span class='ocrx_word' id='word_1_428' title='bbox 2899 1255 2976 1321; x_wconf 77' lang='grc' dir='ltr'><strong>ἂν</strong></span> <span class='ocrx_word' id='word_1_429' title='bbox 3022 1255 3452 1323; x_wconf 81' lang='grc' dir='ltr'>δωδεκάσκυτοι</span> <span class='ocrx_word' id='word_1_430' title='bbox 3500 1267 3770 1345; x_wconf 84' lang='grc' dir='ltr'>σφαῖραι,</span> <span class='ocrx_word' id='word_1_431' title='bbox 3822 1264 4081 1343; x_wconf 85' lang='grc' dir='ltr'>ποικίλη,</span> 
     </span>
     <span class='ocr_line' id='line_1_57' title="bbox 2383 1359 4086 1450; baseline 0.006 -29"><span class='ocrx_word' id='word_1_432' title='bbox 2383 1359 2660 1441; x_wconf 74' lang='grc' dir='ltr'>χρώμασι</span> <span class='ocrx_word' id='word_1_433' title='bbox 2703 1359 3106 1440; x_wconf 79' lang='grc' dir='ltr'>διειλημμένη,</span> <span class='ocrx_word' id='word_1_434' title='bbox 3138 1362 3222 1425; x_wconf 79' lang='grc' dir='ltr'><strong>ὧν</strong></span> <span class='ocrx_word' id='word_1_435' title='bbox 3252 1361 3347 1425; x_wconf 87' lang='grc' dir='ltr'>καὶ</span> <span class='ocrx_word' id='word_1_436' title='bbox 3374 1364 3449 1427; x_wconf 77' lang='grc' dir='ltr'>τὰ</span> <span class='ocrx_word' id='word_1_437' title='bbox 3479 1361 3689 1428; x_wconf 76' lang='grc' dir='ltr'>ἐνθάδε</span> <span class='ocrx_word' id='word_1_438' title='bbox 3733 1364 3887 1430; x_wconf 80' lang='grc' dir='ltr'>εἶναι</span> <span class='ocrx_word' id='word_1_439' title='bbox 3925 1368 4086 1450; x_wconf 73' lang='grc' dir='ltr'>χρό-</span> 
     </span>
     <span class='ocr_line' id='line_1_58' title="bbox 2381 1461 4083 1553; baseline 0.007 -31"><span class='ocrx_word' id='word_1_440' title='bbox 2381 1485 2541 1540; x_wconf 89' lang='grc' dir='ltr'>ματα</span> <span class='ocrx_word' id='word_1_441' title='bbox 2583 1461 2786 1543; x_wconf 77' lang='grc' dir='ltr'>ὥσπερ</span> <span class='ocrx_word' id='word_1_442' title='bbox 2815 1463 3118 1544; x_wconf 81' lang='grc' dir='ltr'>δείγματα,</span> <span class='ocrx_word' id='word_1_443' title='bbox 3150 1464 3239 1530; x_wconf 80' lang='grc' dir='ltr'><strong>οἶς</strong></span> <span class='ocrx_word' id='word_1_444' title='bbox 3267 1463 3336 1544; x_wconf 76' lang='grc' dir='ltr'><strong>δὴ</strong></span> <span class='ocrx_word' id='word_1_445' title='bbox 3365 1467 3423 1529; x_wconf 78' lang='lat' dir='ltr'><strong>oz</strong></span> <span class='ocrx_word' id='word_1_446' title='bbox 3449 1472 3701 1548; x_wconf 77' lang='grc' dir='ltr'>γραφεῖς</span> <span class='ocrx_word' id='word_1_447' title='bbox 3744 1473 4083 1553; x_wconf 78' lang='grc' dir='ltr'>καταχρῶν-</span> 
     </span>
     <span class='ocr_line' id='line_1_59' title="bbox 2384 1563 4089 1641; baseline 0.007 -16"><span class='ocrx_word' id='word_1_448' title='bbox 2384 1587 2497 1627; x_wconf 88' lang='grc' dir='ltr'>ται.</span> <span class='ocrx_word' id='word_1_449' title='bbox 2589 1563 2750 1641; x_wconf 83' lang='lat' dir='ltr'><strong>Quae</strong></span> <span class='ocrx_word' id='word_1_450' title='bbox 2797 1563 2980 1629; x_wconf 90' lang='lat' dir='ltr'><strong>docte</strong></span> <span class='ocrx_word' id='word_1_451' title='bbox 3024 1565 3357 1632; x_wconf 86' lang='lat' dir='ltr'><strong>illustravit</strong></span> <span class='ocrx_word' id='word_1_452' title='bbox 3405 1568 3633 1634; x_wconf 90' lang='lat' dir='ltr'><strong>Plotini</strong></span> <span class='ocrx_word' id='word_1_453' title='bbox 3682 1592 3807 1635; x_wconf 93' lang='lat' dir='ltr'><strong>non</strong></span> <span class='ocrx_word' id='word_1_454' title='bbox 3854 1570 4089 1637; x_wconf 88' lang='lat' dir='ltr'><strong>oblitus</strong></span> 
     </span>
     <span class='ocr_line' id='line_1_60' title="bbox 2387 1665 4085 1758; baseline 0.007 -30"><span class='ocrx_word' id='word_1_455' title='bbox 2387 1665 2920 1752; x_wconf 83' lang='lat' dir='ltr'><strong>Wyttenbachius</strong></span> <span class='ocrx_word' id='word_1_456' title='bbox 2945 1667 3011 1732; x_wconf 89' lang='lat' dir='ltr'><strong>in</strong></span> <span class='ocrx_word' id='word_1_457' title='bbox 3040 1682 3252 1734; x_wconf 89' lang='lat' dir='ltr'><strong>annot.</strong></span> <span class='ocrx_word' id='word_1_458' title='bbox 3283 1693 3347 1757; x_wconf 89' lang='lat' dir='ltr'><strong>p.</strong></span> <span class='ocrx_word' id='word_1_459' title='bbox 3374 1690 3739 1758; x_wconf 85' lang='lat'><strong>304—307.</strong></span> <span class='ocrx_word' id='word_1_460' title='bbox 3766 1690 3831 1739; x_wconf 92' lang='lat' dir='ltr'><strong>et</strong></span> <span class='ocrx_word' id='word_1_461' title='bbox 3857 1673 4085 1740; x_wconf 91' lang='lat' dir='ltr'><strong>iterum</strong></span> 
     </span>
     <span class='ocr_line' id='line_1_61' title="bbox 2384 1768 4085 1865; baseline 0.006 -32"><span class='ocrx_word' id='word_1_462' title='bbox 2384 1768 2596 1856; x_wconf 88' lang='lat' dir='ltr'><strong>attigit</strong></span> <span class='ocrx_word' id='word_1_463' title='bbox 2622 1769 2684 1834; x_wconf 87' lang='lat' dir='ltr'><strong>in</strong></span> <span class='ocrx_word' id='word_1_464' title='bbox 2710 1769 3093 1838; x_wconf 84' lang='lat' dir='ltr'><strong>Animadvv.</strong></span> <span class='ocrx_word' id='word_1_465' title='bbox 3121 1772 3186 1836; x_wconf 90' lang='lat' dir='ltr'><strong>in</strong></span> <span class='ocrx_word' id='word_1_466' title='bbox 3213 1771 3532 1839; x_wconf 86' lang='lat' dir='ltr'><strong>Plutarch.</strong></span> <span class='ocrx_word' id='word_1_467' title='bbox 3564 1775 3644 1839; x_wconf 92' lang='lat' dir='ltr'><strong>de</strong></span> <span class='ocrx_word' id='word_1_468' title='bbox 3673 1781 3750 1840; x_wconf 88' lang='grc' dir='ltr'><strong>Ει</strong></span> <span class='ocrx_word' id='word_1_469' title='bbox 3772 1776 4085 1865; x_wconf 82' lang='lat' dir='ltr'><strong>Delphico</strong></span> 
     </span>
     <span class='ocr_line' id='line_1_62' title="bbox 2384 1872 2982 1960; baseline 0.005 -25"><span class='ocrx_word' id='word_1_470' title='bbox 2384 1894 2447 1960; x_wconf 91' lang='lat' dir='ltr'><strong>p.</strong></span> <span class='ocrx_word' id='word_1_471' title='bbox 2474 1872 2619 1958; x_wconf 87' lang='grc'><strong>285.</strong></span> <span class='ocrx_word' id='word_1_472' title='bbox 2650 1872 2750 1937; x_wconf 87' lang='lat' dir='ltr'><strong>ed.</strong></span> <span class='ocrx_word' id='word_1_473' title='bbox 2772 1873 2982 1938; x_wconf 83' lang='lat' dir='ltr'><strong>Oxon.</strong></span> 
     </span>
    </p>

    <p class='ocr_par' dir='ltr' id='par_1_15' title="bbox 2377 1977 4085 3511">
     <span class='ocr_line' id='line_1_63' title="bbox 2469 1977 4083 2064; baseline 0.006 -26"><span class='ocrx_word' id='word_1_474' title='bbox 2469 1998 2530 2063; x_wconf 91' lang='lat' dir='ltr'><strong>p.</strong></span> <span class='ocrx_word' id='word_1_475' title='bbox 2564 1993 2750 2061; x_wconf 87' lang='lat'><strong>1297,</strong></span> <span class='ocrx_word' id='word_1_476' title='bbox 2780 1996 2834 2041; x_wconf 94' lang='lat'><strong>1.</strong></span> <span class='ocrx_word' id='word_1_477' title='bbox 2878 1977 3010 2059; x_wconf 76' lang='grc' dir='ltr'><strong>Χρὴ</strong></span> <span class='ocrx_word' id='word_1_478' title='bbox 3039 1979 3807 2064; x_wconf 78' lang='grc' dir='ltr'>δὲ-μεταβαίνειν-πρὸς</span> <span class='ocrx_word' id='word_1_479' title='bbox 3847 1982 3917 2046; x_wconf 85' lang='grc' dir='ltr'>τὸ</span> <span class='ocrx_word' id='word_1_480' title='bbox 3960 1984 4083 2048; x_wconf 78' lang='grc' dir='ltr'><strong>ἄνω</strong></span> 
     </span>
     <span class='ocr_line' id='line_1_64' title="bbox 2384 2076 4084 2169; baseline 0.007 -28"><span class='ocrx_word' id='word_1_481' title='bbox 2384 2076 2656 2165; x_wconf 72' lang='grc' dir='ltr'>ἀΐξαντα]</span> <span class='ocrx_word' id='word_1_482' title='bbox 2708 2078 2891 2145; x_wconf 89' lang='lat' dir='ltr'><strong>Plato</strong></span> <span class='ocrx_word' id='word_1_483' title='bbox 2915 2080 3167 2145; x_wconf 86' lang='lat' dir='ltr'><strong>Theaet.</strong></span> <span class='ocrx_word' id='word_1_484' title='bbox 3198 2104 3260 2169; x_wconf 91' lang='lat' dir='ltr'><strong>p.</strong></span> <span class='ocrx_word' id='word_1_485' title='bbox 3289 2081 3525 2163; x_wconf 84' lang='lat' dir='ltr'><strong>144.b:</strong></span> <span class='ocrx_word' id='word_1_486' title='bbox 3572 2083 3720 2165; x_wconf 87' lang='grc' dir='ltr'>πρὸς</span> <span class='ocrx_word' id='word_1_487' title='bbox 3758 2086 3863 2152; x_wconf 76' lang='grc' dir='ltr'>τὰς</span> <span class='ocrx_word' id='word_1_488' title='bbox 3901 2087 4084 2168; x_wconf 76' lang='grc' dir='ltr'>ὀργᾶς</span> 
     </span>
     <span class='ocr_line' id='line_1_65' title="bbox 2383 2182 4085 2271; baseline 0.006 -27"><span class='ocrx_word' id='word_1_489' title='bbox 2383 2182 2701 2263; x_wconf 72' lang='grc' dir='ltr'>ὀξύῤῥοποί</span> <span class='ocrx_word' id='word_1_490' title='bbox 2725 2185 2843 2247; x_wconf 76' lang='grc' dir='ltr'>εἱσι</span> <span class='ocrx_word' id='word_1_491' title='bbox 2873 2183 2968 2247; x_wconf 85' lang='grc' dir='ltr'>καὶ</span> <span class='ocrx_word' id='word_1_492' title='bbox 2988 2182 3265 2267; x_wconf 77' lang='grc' dir='ltr'>ᾅττοντες</span> <span class='ocrx_word' id='word_1_493' title='bbox 3283 2184 3568 2268; x_wconf 88' lang='grc' dir='ltr'>φέρονται</span> <span class='ocrx_word' id='word_1_494' title='bbox 3594 2188 3797 2270; x_wconf 82' lang='grc' dir='ltr'>ὥσπερ</span> <span class='ocrx_word' id='word_1_495' title='bbox 3817 2191 3893 2253; x_wconf 76' lang='grc' dir='ltr'>τὰ</span> <span class='ocrx_word' id='word_1_496' title='bbox 3914 2189 4085 2271; x_wconf 89' lang='grc' dir='ltr'>ἀνερ-</span> 
     </span>
     <span class='ocr_line' id='line_1_66' title="bbox 2379 2282 4083 2372; baseline 0.006 -26"><span class='ocrx_word' id='word_1_497' title='bbox 2379 2282 2639 2363; x_wconf 82' lang='grc' dir='ltr'>μάτιστα</span> <span class='ocrx_word' id='word_1_498' title='bbox 2675 2291 2895 2350; x_wconf 86' lang='grc' dir='ltr'>πλοῖα3</span> <span class='ocrx_word' id='word_1_499' title='bbox 2946 2288 3163 2372; x_wconf 90' lang='lat' dir='ltr'><strong>(quem</strong></span> <span class='ocrx_word' id='word_1_500' title='bbox 3207 2285 3417 2353; x_wconf 90' lang='lat' dir='ltr'><strong>locum</strong></span> <span class='ocrx_word' id='word_1_501' title='bbox 3453 2288 3538 2354; x_wconf 90' lang='lat' dir='ltr'><strong>ob</strong></span> <span class='ocrx_word' id='word_1_502' title='bbox 3573 2302 3850 2355; x_wconf 82' lang='lat' dir='ltr'><strong>extrema</strong></span> <span class='ocrx_word' id='word_1_503' title='bbox 3891 2291 4083 2356; x_wconf 82' lang='lat' dir='ltr'><strong>verba</strong></span> 
     </span>
     <span class='ocr_line' id='line_1_67' title="bbox 2382 2387 4074 2481; baseline 0.005 -32"><span class='ocrx_word' id='word_1_504' title='bbox 2382 2408 2575 2473; x_wconf 84' lang='lat' dir='ltr'><strong>supra</strong></span> <span class='ocrx_word' id='word_1_505' title='bbox 2616 2388 2873 2453; x_wconf 85' lang='lat' dir='ltr'><strong>tractavi</strong></span> <span class='ocrx_word' id='word_1_506' title='bbox 2917 2387 2997 2452; x_wconf 89' lang='lat' dir='ltr'><strong>ad</strong></span> <span class='ocrx_word' id='word_1_507' title='bbox 3042 2390 3100 2453; x_wconf 92' lang='lat'><strong>1.</strong></span> <span class='ocrx_word' id='word_1_508' title='bbox 3134 2389 3192 2454; x_wconf 89' lang='lat'><strong>8.</strong></span> <span class='ocrx_word' id='word_1_509' title='bbox 3227 2390 3319 2475; x_wconf 90' lang='lat'><strong>8.)</strong></span> <span class='ocrx_word' id='word_1_510' title='bbox 3363 2391 3573 2456; x_wconf 89' lang='lat' dir='ltr'><strong>Alcib.</strong></span> <span class='ocrx_word' id='word_1_511' title='bbox 3604 2414 3698 2479; x_wconf 91' lang='lat' dir='ltr'><strong>pr.</strong></span> <span class='ocrx_word' id='word_1_512' title='bbox 3730 2416 3797 2481; x_wconf 91' lang='lat' dir='ltr'><strong>p.</strong></span> <span class='ocrx_word' id='word_1_513' title='bbox 3823 2394 3963 2458; x_wconf 91' lang='lat'><strong>118.</strong></span> <span class='ocrx_word' id='word_1_514' title='bbox 3996 2392 4074 2458; x_wconf 88' lang='lat' dir='ltr'><strong>b:</strong></span> 
     </span>
     <span class='ocr_line' id='line_1_68' title="bbox 2381 2487 4074 2584; baseline 0.004 -32"><span class='ocrx_word' id='word_1_515' title='bbox 2381 2487 2472 2552; x_wconf 85' lang='grc' dir='ltr'><strong>διὸ</strong></span> <span class='ocrx_word' id='word_1_516' title='bbox 2501 2489 2597 2553; x_wconf 86' lang='grc' dir='ltr'>καὶ</span> <span class='ocrx_word' id='word_1_517' title='bbox 2624 2488 2815 2573; x_wconf 80' lang='grc' dir='ltr'>ᾄττεις</span> <span class='ocrx_word' id='word_1_518' title='bbox 2842 2492 2959 2573; x_wconf 79' lang='grc' dir='ltr'>ἄρα</span> <span class='ocrx_word' id='word_1_519' title='bbox 2984 2491 3132 2574; x_wconf 81' lang='grc' dir='ltr'>πρὸς</span> <span class='ocrx_word' id='word_1_520' title='bbox 3155 2496 3232 2557; x_wconf 73' lang='grc' dir='ltr'>τὰ</span> <span class='ocrx_word' id='word_1_521' title='bbox 3254 2494 3549 2561; x_wconf 83' lang='grc' dir='ltr'>πολιτικά.</span> <span class='ocrx_word' id='word_1_522' title='bbox 3611 2494 3797 2573; x_wconf 84' lang='lat' dir='ltr'><strong>Quod</strong></span> <span class='ocrx_word' id='word_1_523' title='bbox 3821 2494 4074 2584; x_wconf 85' lang='lat' dir='ltr'><strong>Olymp.</strong></span> 
     </span>
     <span class='ocr_line' id='line_1_69' title="bbox 2380 2589 4078 2686; baseline 0.005 -33"><span class='ocrx_word' id='word_1_524' title='bbox 2380 2589 2627 2657; x_wconf 86' lang='lat' dir='ltr'><strong>reddit:</strong></span> <span class='ocrx_word' id='word_1_525' title='bbox 2690 2596 2875 2679; x_wconf 76' lang='grc' dir='ltr'>ὁρμᾷς</span> <span class='ocrx_word' id='word_1_526' title='bbox 2924 2595 3023 2659; x_wconf 75' lang='grc' dir='ltr'><strong>ἐπὶ</strong></span> <span class='ocrx_word' id='word_1_527' title='bbox 3068 2597 3143 2659; x_wconf 72' lang='grc' dir='ltr'>τὸ</span> <span class='ocrx_word' id='word_1_528' title='bbox 3189 2600 3468 2661; x_wconf 77' lang='grc' dir='ltr'>πολιτικὰ</span> <span class='ocrx_word' id='word_1_529' title='bbox 3511 2602 3847 2681; x_wconf 77' lang='grc' dir='ltr'>πράγματα,</span> <span class='ocrx_word' id='word_1_530' title='bbox 3893 2598 4078 2686; x_wconf 87' lang='lat' dir='ltr'><strong>plane</strong></span> 
     </span>
     <span class='ocr_line' id='line_1_70' title="bbox 2381 2694 4078 2781; baseline 0.006 -25"><span class='ocrx_word' id='word_1_531' title='bbox 2381 2707 2455 2757; x_wconf 90' lang='lat' dir='ltr'><strong>ut</strong></span> <span class='ocrx_word' id='word_1_532' title='bbox 2512 2695 2795 2781; x_wconf 82' lang='lat' dir='ltr'><strong>Hesych.</strong></span> <span class='ocrx_word' id='word_1_533' title='bbox 2855 2696 2920 2762; x_wconf 93' lang='lat' dir='ltr'><strong>in</strong></span> <span class='ocrx_word' id='word_1_534' title='bbox 2979 2694 3253 2781; x_wconf 80' lang='grc' dir='ltr'>διᾴττειν,</span> <span class='ocrx_word' id='word_1_535' title='bbox 3319 2714 3384 2763; x_wconf 89' lang='grc'><strong>01</strong></span> <span class='ocrx_word' id='word_1_536' title='bbox 3450 2699 3659 2766; x_wconf 88' lang='lat' dir='ltr'><strong>Schol.</strong></span> <span class='ocrx_word' id='word_1_537' title='bbox 3717 2700 4078 2766; x_wconf 81' lang='lat' dir='ltr'><strong>Philostrati</strong></span> 
     </span>
     <span class='ocr_line' id='line_1_71' title="bbox 2383 2797 4076 2886; baseline 0.005 -26"><span class='ocrx_word' id='word_1_538' title='bbox 2383 2797 2640 2862; x_wconf 89' lang='lat' dir='ltr'><strong>Heroic.</strong></span> <span class='ocrx_word' id='word_1_539' title='bbox 2685 2821 2751 2886; x_wconf 90' lang='lat' dir='ltr'><strong>p.</strong></span> <span class='ocrx_word' id='word_1_540' title='bbox 2782 2803 2929 2865; x_wconf 93' lang='lat'><strong>600.</strong></span> <span class='ocrx_word' id='word_1_541' title='bbox 2976 2799 3262 2865; x_wconf 87' lang='lat' dir='ltr'><strong>Boisson.</strong></span> <span class='ocrx_word' id='word_1_542' title='bbox 3353 2801 3458 2868; x_wconf 86' lang='lat' dir='ltr'><strong>Cf.</strong></span> <span class='ocrx_word' id='word_1_543' title='bbox 3507 2817 3722 2869; x_wconf 88' lang='lat' dir='ltr'><strong>annot.</strong></span> <span class='ocrx_word' id='word_1_544' title='bbox 3768 2819 3964 2870; x_wconf 86' lang='lat' dir='ltr'><strong>nostr.</strong></span> <span class='ocrx_word' id='word_1_545' title='bbox 4010 2804 4076 2869; x_wconf 93' lang='lat' dir='ltr'><strong>in</strong></span> 
     </span>
     <span class='ocr_line' id='line_1_72' title="bbox 2380 2898 4080 2994; baseline 0.006 -30"><span class='ocrx_word' id='word_1_546' title='bbox 2380 2898 2740 2988; x_wconf 83' lang='lat' dir='ltr'><strong>Olympiod.</strong></span> <span class='ocrx_word' id='word_1_547' title='bbox 2784 2924 2850 2989; x_wconf 93' lang='lat' dir='ltr'><strong>p.</strong></span> <span class='ocrx_word' id='word_1_548' title='bbox 2890 2923 3033 2989; x_wconf 88' lang='grc'><strong>134.</strong></span> <span class='ocrx_word' id='word_1_549' title='bbox 3119 2903 3313 2969; x_wconf 89' lang='lat' dir='ltr'><strong>Adde</strong></span> <span class='ocrx_word' id='word_1_550' title='bbox 3342 2905 3679 2994; x_wconf 82' lang='lat' dir='ltr'><strong>Lexicogr.</strong></span> <span class='ocrx_word' id='word_1_551' title='bbox 3709 2905 3773 2973; x_wconf 94' lang='lat' dir='ltr'><strong>in</strong></span> <span class='ocrx_word' id='word_1_552' title='bbox 3805 2907 4080 2974; x_wconf 83' lang='lat' dir='ltr'><strong>Bekkeri</strong></span> 
     </span>
     <span class='ocr_line' id='line_1_73' title="bbox 2380 3003 4075 3099; baseline 0.005 -32"><span class='ocrx_word' id='word_1_553' title='bbox 2380 3003 2724 3069; x_wconf 86' lang='lat' dir='ltr'><strong>Anecdott.</strong></span> <span class='ocrx_word' id='word_1_554' title='bbox 2760 3007 2910 3071; x_wconf 88' lang='lat' dir='ltr'><strong>Grr.</strong></span> <span class='ocrx_word' id='word_1_555' title='bbox 2944 3007 3004 3072; x_wconf 91' lang='grc' dir='ltr'><strong>Ι.</strong></span> <span class='ocrx_word' id='word_1_556' title='bbox 3032 3029 3098 3094; x_wconf 86' lang='lat' dir='ltr'><strong>p.</strong></span> <span class='ocrx_word' id='word_1_557' title='bbox 3124 3009 3270 3088; x_wconf 94' lang='lat'><strong>460.</strong></span> <span class='ocrx_word' id='word_1_558' title='bbox 3325 3008 3599 3096; x_wconf 87' lang='lat' dir='ltr'><strong>Republ.</strong></span> <span class='ocrx_word' id='word_1_559' title='bbox 3627 3011 3721 3076; x_wconf 91' lang='lat' dir='ltr'><strong>X.</strong></span> <span class='ocrx_word' id='word_1_560' title='bbox 3756 3034 3820 3099; x_wconf 92' lang='lat' dir='ltr'><strong>p.</strong></span> <span class='ocrx_word' id='word_1_561' title='bbox 3845 3013 3994 3077; x_wconf 88' lang='lat'><strong>621.</strong></span> <span class='ocrx_word' id='word_1_562' title='bbox 4017 3014 4075 3078; x_wconf 84' lang='lat'><strong>6.</strong></span> 
     </span>
     <span class='ocr_line' id='line_1_74' title="bbox 2379 3108 4079 3201; baseline 0.006 -31"><span class='ocrx_word' id='word_1_563' title='bbox 2379 3128 2446 3193; x_wconf 90' lang='lat' dir='ltr'><strong>p.</strong></span> <span class='ocrx_word' id='word_1_564' title='bbox 2474 3127 2620 3194; x_wconf 82' lang='lat'><strong>515.</strong></span> <span class='ocrx_word' id='word_1_565' title='bbox 2655 3108 2855 3173; x_wconf 86' lang='lat' dir='ltr'><strong>Bekk.</strong></span> <span class='ocrx_word' id='word_1_566' title='bbox 2900 3109 2981 3174; x_wconf 90' lang='lat' dir='ltr'><strong>de</strong></span> <span class='ocrx_word' id='word_1_567' title='bbox 3023 3110 3350 3176; x_wconf 88' lang='lat' dir='ltr'><strong>animabus</strong></span> <span class='ocrx_word' id='word_1_568' title='bbox 3390 3112 3453 3176; x_wconf 85' lang='lat' dir='ltr'><strong>in</strong></span> <span class='ocrx_word' id='word_1_569' title='bbox 3498 3136 3856 3201; x_wconf 88' lang='lat' dir='ltr'><strong>corpoream</strong></span> <span class='ocrx_word' id='word_1_570' title='bbox 3888 3115 4079 3181; x_wconf 82' lang='lat' dir='ltr'><strong>vitam</strong></span> 
     </span>
     <span class='ocr_line' id='line_1_75' title="bbox 2380 3211 4076 3302; baseline 0.006 -29"><span class='ocrx_word' id='word_1_571' title='bbox 2380 3211 2741 3277; x_wconf 86' lang='lat' dir='ltr'><strong>ruentibus:</strong></span> <span class='ocrx_word' id='word_1_572' title='bbox 2791 3213 2885 3277; x_wconf 82' lang='grc' dir='ltr'>καὶ</span> <span class='ocrx_word' id='word_1_573' title='bbox 2915 3215 3190 3279; x_wconf 75' lang='grc' dir='ltr'>ἐντεῦθεν</span> <span class='ocrx_word' id='word_1_574' title='bbox 3221 3216 3496 3297; x_wconf 76' lang='grc' dir='ltr'>ἐξαπίνης</span> <span class='ocrx_word' id='word_1_575' title='bbox 3533 3217 3728 3281; x_wconf 79' lang='grc' dir='ltr'>ἄλλον</span> <span class='ocrx_word' id='word_1_576' title='bbox 3765 3217 3927 3299; x_wconf 78' lang='grc' dir='ltr'>ἄλλῃ</span> <span class='ocrx_word' id='word_1_577' title='bbox 3966 3220 4076 3302; x_wconf 85' lang='grc' dir='ltr'><strong>φέ-</strong></span> 
     </span>
     <span class='ocr_line' id='line_1_76' title="bbox 2377 3316 4073 3403; baseline 0.004 -23"><span class='ocrx_word' id='word_1_578' title='bbox 2377 3321 2592 3397; x_wconf 90' lang='grc' dir='ltr'>ρεσθαι</span> <span class='ocrx_word' id='word_1_579' title='bbox 2613 3318 2735 3382; x_wconf 79' lang='grc' dir='ltr'><strong>ἀνω</strong></span> <span class='ocrx_word' id='word_1_580' title='bbox 2767 3320 2849 3386; x_wconf 79' lang='grc' dir='ltr'>εἷς</span> <span class='ocrx_word' id='word_1_581' title='bbox 2873 3318 2982 3398; x_wconf 77' lang='grc' dir='ltr'>τὴν</span> <span class='ocrx_word' id='word_1_582' title='bbox 3000 3316 3265 3401; x_wconf 81' lang='grc' dir='ltr'>γένεσιν,</span> <span class='ocrx_word' id='word_1_583' title='bbox 3290 3316 3564 3402; x_wconf 77' lang='grc' dir='ltr'>ᾅττοντες</span> <span class='ocrx_word' id='word_1_584' title='bbox 3584 3320 3788 3402; x_wconf 81' lang='grc' dir='ltr'>ὥσπερ</span> <span class='ocrx_word' id='word_1_585' title='bbox 3809 3321 4073 3403; x_wconf 89' lang='grc' dir='ltr'>ἀστέρες.</span> 
     </span>
     <span class='ocr_line' id='line_1_77' title="bbox 2377 3418 4075 3511; baseline 0.004 -29"><span class='ocrx_word' id='word_1_586' title='bbox 2377 3418 2480 3483; x_wconf 90' lang='lat' dir='ltr'><strong>De</strong></span> <span class='ocrx_word' id='word_1_587' title='bbox 2521 3418 2736 3498; x_wconf 89' lang='lat' dir='ltr'><strong>stellis,</strong></span> <span class='ocrx_word' id='word_1_588' title='bbox 2774 3419 3062 3485; x_wconf 88' lang='lat' dir='ltr'><strong>meteoris</strong></span> <span class='ocrx_word' id='word_1_589' title='bbox 3106 3419 3396 3486; x_wconf 86' lang='lat' dir='ltr'><strong>Clemens</strong></span> <span class='ocrx_word' id='word_1_590' title='bbox 3425 3420 3614 3487; x_wconf 85' lang='lat' dir='ltr'><strong>Alex.</strong></span> <span class='ocrx_word' id='word_1_591' title='bbox 3644 3423 3957 3511; x_wconf 88' lang='lat' dir='ltr'><strong>Protrept.</strong></span> <span class='ocrx_word' id='word_1_592' title='bbox 4011 3448 4075 3510; x_wconf 90' lang='lat' dir='ltr'><strong>p.</strong></span> 
     </span>
    </p>
   </div>
   <div class='ocr_carea' id='block_1_9' title="bbox 2378 3521 4072 3594">
    <p class='ocr_par' dir='ltr' id='par_1_16' title="bbox 2378 3521 4072 3594">
     <span class='ocr_line' id='line_1_78' title="bbox 2378 3521 4072 3594; baseline 0.004 -9"><span class='ocrx_word' id='word_1_593' title='bbox 2378 3522 2479 3586; x_wconf 89' lang='lat'><strong>81.</strong></span> <span class='ocrx_word' id='word_1_594' title='bbox 2513 3523 2795 3587; x_wconf 84' lang='lat' dir='ltr'><strong>Potteri:</strong></span> <span class='ocrx_word' id='word_1_595' title='bbox 2838 3529 2961 3591; x_wconf 80' lang='grc' dir='ltr'><strong>πῶς</strong></span> <span class='ocrx_word' id='word_1_596' title='bbox 2998 3524 3096 3589; x_wconf 83' lang='grc' dir='ltr'>δαὶ</span> <span class='ocrx_word' id='word_1_597' title='bbox 3124 3524 3220 3588; x_wconf 83' lang='grc' dir='ltr'>καὶ</span> <span class='ocrx_word' id='word_1_598' title='bbox 3247 3525 3307 3587; x_wconf 74' lang='grc' dir='ltr'><strong>οἱ</strong></span> <span class='ocrx_word' id='word_1_599' title='bbox 3331 3521 3702 3594; x_wconf 72' lang='grc' dir='ltr'>διαΐσσοντες</span> <span class='ocrx_word' id='word_1_600' title='bbox 3744 3526 3841 3590; x_wconf 84' lang='grc' dir='ltr'>καὶ</span> <span class='ocrx_word' id='word_1_601' title='bbox 3877 3528 3936 3590; x_wconf 75' lang='lat'><strong>01</strong></span> <span class='ocrx_word' id='word_1_602' title='bbox 3975 3554 4072 3592; x_wconf 82' lang='grc' dir='ltr'><strong>κο-</strong></span> 
     </span>
    </p>
   </div>
   <div class='ocr_carea' id='block_1_10' title="bbox 2363 3624 4075 5564">
    <p class='ocr_par' dir='ltr' id='par_1_17' title="bbox 2363 3624 4075 5564">
     <span class='ocr_line' id='line_1_79' title="bbox 2374 3624 4075 3708; baseline 0.002 -18"><span class='ocrx_word' id='word_1_603' title='bbox 2374 3628 2569 3705; x_wconf 84' lang='grc' dir='ltr'>μῆται,</span> <span class='ocrx_word' id='word_1_604' title='bbox 2603 3629 2699 3690; x_wconf 74' lang='grc' dir='ltr'><strong>διὰ</strong></span> <span class='ocrx_word' id='word_1_605' title='bbox 2724 3624 2912 3693; x_wconf 75' lang='grc' dir='ltr'>πάθος</span> <span class='ocrx_word' id='word_1_606' title='bbox 2939 3624 3113 3707; x_wconf 83' lang='grc' dir='ltr'>ἀέρος</span> <span class='ocrx_word' id='word_1_607' title='bbox 3137 3624 3556 3708; x_wconf 71' lang='grc' dir='ltr'>γεγενημένοις</span> <span class='ocrx_word' id='word_1_608' title='bbox 3608 3626 3903 3692; x_wconf 89' lang='lat' dir='ltr'><strong>Similiter</strong></span> <span class='ocrx_word' id='word_1_609' title='bbox 3925 3628 4075 3693; x_wconf 85' lang='lat' dir='ltr'><strong>Plu-</strong></span> 
     </span>
     <span class='ocr_line' id='line_1_80' title="bbox 2375 3727 4070 3816; baseline 0.002 -24"><span class='ocrx_word' id='word_1_610' title='bbox 2375 3727 2568 3792; x_wconf 82' lang='lat' dir='ltr'><strong>tarch.</strong></span> <span class='ocrx_word' id='word_1_611' title='bbox 2609 3727 2673 3792; x_wconf 83' lang='lat' dir='ltr'><strong>in</strong></span> <span class='ocrx_word' id='word_1_612' title='bbox 2721 3727 2922 3815; x_wconf 75' lang='lat' dir='ltr'><strong>Agid.</strong></span> <span class='ocrx_word' id='word_1_613' title='bbox 2955 3728 3094 3792; x_wconf 90' lang='lat' dir='ltr'><strong>XI.</strong></span> <span class='ocrx_word' id='word_1_614' title='bbox 3141 3750 3205 3815; x_wconf 91' lang='lat' dir='ltr'><strong>p.</strong></span> <span class='ocrx_word' id='word_1_615' title='bbox 3236 3747 3398 3814; x_wconf 86' lang='lat'><strong>304:</strong></span> <span class='ocrx_word' id='word_1_616' title='bbox 3449 3730 3839 3813; x_wconf 70' lang='grc' dir='ltr'>ἑὸν-ἀστὴρ</span> <span class='ocrx_word' id='word_1_617' title='bbox 3885 3729 4070 3816; x_wconf 73' lang='grc' dir='ltr'>διᾴξῃ.</span> 
     </span>
     <span class='ocr_line' id='line_1_81' title="bbox 2374 3830 4075 3918; baseline 0.003 -23"><span class='ocrx_word' id='word_1_618' title='bbox 2374 3831 2465 3895; x_wconf 85' lang='grc' dir='ltr'><strong>Ε1</strong></span> <span class='ocrx_word' id='word_1_619' title='bbox 2496 3831 2766 3896; x_wconf 88' lang='lat' dir='ltr'><strong>Nonnus</strong></span> <span class='ocrx_word' id='word_1_620' title='bbox 2795 3830 3092 3918; x_wconf 89' lang='lat' dir='ltr'><strong>Dionyss.</strong></span> <span class='ocrx_word' id='word_1_621' title='bbox 3119 3837 3192 3911; x_wconf 87' lang='grc' dir='ltr'><strong>β.</strong></span> <span class='ocrx_word' id='word_1_622' title='bbox 3221 3853 3285 3894; x_wconf 71' lang='lat' dir='ltr'><strong>V.</strong></span> <span class='ocrx_word' id='word_1_623' title='bbox 3317 3849 3473 3915; x_wconf 90' lang='grc'><strong>1923</strong></span> <span class='ocrx_word' id='word_1_624' title='bbox 3521 3830 3768 3914; x_wconf 83' lang='grc' dir='ltr'>ἀστέρες</span> <span class='ocrx_word' id='word_1_625' title='bbox 3808 3835 4075 3917; x_wconf 80' lang='grc' dir='ltr'>ἀῖκτῆρες</span> 
     </span>
     <span class='ocr_line' id='line_1_82' title="bbox 2374 3932 4075 4017; baseline 0.003 -19"><span class='ocrx_word' id='word_1_626' title='bbox 2374 3946 2438 3998; x_wconf 89' lang='grc'><strong>01</strong></span> <span class='ocrx_word' id='word_1_627' title='bbox 2465 3955 2610 3998; x_wconf 81' lang='lat' dir='ltr'><strong>mox</strong></span> <span class='ocrx_word' id='word_1_628' title='bbox 2641 3932 3002 4000; x_wconf 75' lang='grc' dir='ltr'>διαΐσσουσα</span> <span class='ocrx_word' id='word_1_629' title='bbox 3029 3933 3350 4017; x_wconf 79' lang='grc' dir='ltr'>ἀστεροπή.</span> <span class='ocrx_word' id='word_1_630' title='bbox 3396 3933 3709 4001; x_wconf 87' lang='lat' dir='ltr'><strong>Plutarch.</strong></span> <span class='ocrx_word' id='word_1_631' title='bbox 3734 3936 3817 4001; x_wconf 92' lang='lat' dir='ltr'><strong>de</strong></span> <span class='ocrx_word' id='word_1_632' title='bbox 3837 3938 4075 4004; x_wconf 84' lang='lat' dir='ltr'><strong>Anima</strong></span> 
     </span>
     <span class='ocr_line' id='line_1_83' title="bbox 2373 4035 4071 4125; baseline 0.005 -25"><span class='ocrx_word' id='word_1_633' title='bbox 2373 4036 2435 4101; x_wconf 91' lang='lat' dir='ltr'><strong>in</strong></span> <span class='ocrx_word' id='word_1_634' title='bbox 2469 4038 2790 4125; x_wconf 84' lang='lat' dir='ltr'><strong>Fragmm.</strong></span> <span class='ocrx_word' id='word_1_635' title='bbox 2837 4035 2961 4102; x_wconf 85' lang='lat' dir='ltr'><strong>vol.</strong></span> <span class='ocrx_word' id='word_1_636' title='bbox 2991 4038 3070 4103; x_wconf 86' lang='lat' dir='ltr'><strong>V.</strong></span> <span class='ocrx_word' id='word_1_637' title='bbox 3114 4060 3177 4124; x_wconf 91' lang='lat' dir='ltr'><strong>p.</strong></span> <span class='ocrx_word' id='word_1_638' title='bbox 3211 4054 3359 4121; x_wconf 86' lang='lat'><strong>724.</strong></span> <span class='ocrx_word' id='word_1_639' title='bbox 3425 4037 3634 4124; x_wconf 81' lang='lat' dir='ltr'><strong>wytt.</strong></span> <span class='ocrx_word' id='word_1_640' title='bbox 3677 4040 3743 4104; x_wconf 88' lang='lat' dir='ltr'><strong>et</strong></span> <span class='ocrx_word' id='word_1_641' title='bbox 3781 4039 3847 4103; x_wconf 90' lang='lat' dir='ltr'><strong>in</strong></span> <span class='ocrx_word' id='word_1_642' title='bbox 3895 4042 4071 4108; x_wconf 90' lang='lat' dir='ltr'><strong>Stob.</strong></span> 
     </span>
     <span class='ocr_line' id='line_1_84' title="bbox 2374 4139 4066 4229; baseline 0.003 -25"><span class='ocrx_word' id='word_1_643' title='bbox 2374 4139 2667 4228; x_wconf 86' lang='lat' dir='ltr'><strong>Florileg.</strong></span> <span class='ocrx_word' id='word_1_644' title='bbox 2702 4142 2976 4206; x_wconf 86' lang='lat' dir='ltr'><strong>CXIX.</strong></span> <span class='ocrx_word' id='word_1_645' title='bbox 3011 4164 3074 4228; x_wconf 91' lang='lat' dir='ltr'><strong>p.</strong></span> <span class='ocrx_word' id='word_1_646' title='bbox 3099 4144 3249 4221; x_wconf 93' lang='lat'><strong>604.</strong></span> <span class='ocrx_word' id='word_1_647' title='bbox 3284 4139 3454 4223; x_wconf 87' lang='lat' dir='ltr'><strong>(vol.</strong></span> <span class='ocrx_word' id='word_1_648' title='bbox 3491 4141 3632 4207; x_wconf 93' lang='lat'><strong>111.</strong></span> <span class='ocrx_word' id='word_1_649' title='bbox 3679 4164 3744 4229; x_wconf 88' lang='lat' dir='ltr'><strong>p.</strong></span> <span class='ocrx_word' id='word_1_650' title='bbox 3776 4146 3924 4229; x_wconf 82' lang='lat'><strong>465.</strong></span> <span class='ocrx_word' id='word_1_651' title='bbox 3968 4145 4066 4209; x_wconf 87' lang='lat' dir='ltr'><strong>ed.</strong></span> 
     </span>
     <span class='ocr_line' id='line_1_85' title="bbox 2374 4243 4071 4330; baseline 0.001 -21"><span class='ocrx_word' id='word_1_652' title='bbox 2374 4243 2723 4330; x_wconf 84' lang='lat' dir='ltr'><strong>Gaisford.)</strong></span> <span class='ocrx_word' id='word_1_653' title='bbox 2747 4269 2762 4308; x_wconf 91' lang='grc'><strong>3</strong></span> <span class='ocrx_word' id='word_1_654' title='bbox 2808 4249 2843 4310; x_wconf 81' lang='grc' dir='ltr'>ὁ</span> <span class='ocrx_word' id='word_1_655' title='bbox 2871 4245 2943 4325; x_wconf 77' lang='grc' dir='ltr'><strong>δὴ</strong></span> <span class='ocrx_word' id='word_1_656' title='bbox 2972 4245 3067 4309; x_wconf 86' lang='grc' dir='ltr'>καὶ</span> <span class='ocrx_word' id='word_1_657' title='bbox 3092 4246 3284 4328; x_wconf 79' lang='grc' dir='ltr'>λόγον</span> <span class='ocrx_word' id='word_1_658' title='bbox 3313 4244 3460 4328; x_wconf 76' lang='grc' dir='ltr'>ἔχει,</span> <span class='ocrx_word' id='word_1_659' title='bbox 3494 4246 3811 4327; x_wconf 88' lang='grc' dir='ltr'>καθαπερεὶ</span> <span class='ocrx_word' id='word_1_660' title='bbox 3846 4246 4071 4329; x_wconf 82' lang='grc' dir='ltr'>κάμπης</span> 
     </span>
     <span class='ocr_line' id='line_1_86' title="bbox 2370 4345 4069 4435; baseline 0.003 -23"><span class='ocrx_word' id='word_1_661' title='bbox 2370 4347 2530 4416; x_wconf 80' lang='grc' dir='ltr'>τινὸς</span> <span class='ocrx_word' id='word_1_662' title='bbox 2572 4350 2833 4429; x_wconf 77' lang='grc' dir='ltr'>ἀνείσης,</span> <span class='ocrx_word' id='word_1_663' title='bbox 2864 4350 2994 4412; x_wconf 79' lang='grc' dir='ltr'>οἷον</span> <span class='ocrx_word' id='word_1_664' title='bbox 3022 4345 3285 4431; x_wconf 75' lang='grc' dir='ltr'>ἐξᾴττειν</span> <span class='ocrx_word' id='word_1_665' title='bbox 3314 4347 3409 4412; x_wconf 81' lang='grc' dir='ltr'>καὶ</span> <span class='ocrx_word' id='word_1_666' title='bbox 3453 4348 3699 4413; x_wconf 88' lang='grc' dir='ltr'>ἀναθεῖν</span> <span class='ocrx_word' id='word_1_667' title='bbox 3725 4349 3834 4428; x_wconf 78' lang='grc' dir='ltr'>τὴν</span> <span class='ocrx_word' id='word_1_668' title='bbox 3861 4352 4069 4435; x_wconf 77' lang='grc' dir='ltr'>ψυχὴν</span> 
     </span>
     <span class='ocr_line' id='line_1_87' title="bbox 2371 4449 4069 4532; baseline 0.001 -15"><span class='ocrx_word' id='word_1_669' title='bbox 2371 4451 2776 4519; x_wconf 81' lang='grc' dir='ltr'>ἀποπνέοντος</span> <span class='ocrx_word' id='word_1_670' title='bbox 2814 4455 2920 4515; x_wconf 82' lang='grc' dir='ltr'>τοῦ</span> <span class='ocrx_word' id='word_1_671' title='bbox 2962 4452 3251 4530; x_wconf 75' lang='grc' dir='ltr'>σώματος,</span> <span class='ocrx_word' id='word_1_672' title='bbox 3283 4449 3705 4516; x_wconf 84' lang='grc' dir='ltr'>ἀναπνέουσαν</span> <span class='ocrx_word' id='word_1_673' title='bbox 3747 4452 3929 4532; x_wconf 74' lang='grc' dir='ltr'>αὐτὴν</span> <span class='ocrx_word' id='word_1_674' title='bbox 3973 4455 4069 4520; x_wconf 83' lang='grc' dir='ltr'>καὶ</span> 
     </span>
     <span class='ocr_line' id='line_1_88' title="bbox 2371 4551 4067 4639; baseline 0.002 -21"><span class='ocrx_word' id='word_1_675' title='bbox 2371 4555 2812 4639; x_wconf 75' lang='grc' dir='ltr'>ἀναψύχουσαν</span> <span class='ocrx_word' id='word_1_676' title='bbox 2862 4551 3002 4635; x_wconf 87' lang='grc'><strong>(11111</strong></span> <span class='ocrx_word' id='word_1_677' title='bbox 3057 4565 3203 4616; x_wconf 87' lang='grc'><strong>81110</strong></span> <span class='ocrx_word' id='word_1_678' title='bbox 3254 4552 3592 4631; x_wconf 86' lang='lat' dir='ltr'><strong>Koenium,</strong></span> <span class='ocrx_word' id='word_1_679' title='bbox 3648 4553 3944 4620; x_wconf 86' lang='lat' dir='ltr'><strong>Valcken.</strong></span> <span class='ocrx_word' id='word_1_680' title='bbox 4001 4574 4067 4622; x_wconf 92' lang='lat' dir='ltr'><strong>et</strong></span> 
     </span>
     <span class='ocr_line' id='line_1_89' title="bbox 2373 4654 4063 4743; baseline 0.002 -22"><span class='ocrx_word' id='word_1_681' title='bbox 2373 4656 2636 4721; x_wconf 83' lang='lat' dir='ltr'><strong>Gesner.</strong></span> <span class='ocrx_word' id='word_1_682' title='bbox 2663 4654 3022 4743; x_wconf 82' lang='lat' dir='ltr'><strong>legebatur:</strong></span> <span class='ocrx_word' id='word_1_683' title='bbox 3071 4654 3342 4734; x_wconf 75' lang='grc' dir='ltr'>ἐξάπτειν</span> <span class='ocrx_word' id='word_1_684' title='bbox 3373 4655 3468 4719; x_wconf 87' lang='grc' dir='ltr'>καὶ</span> <span class='ocrx_word' id='word_1_685' title='bbox 3495 4657 3854 4740; x_wconf 83' lang='grc' dir='ltr'>ἀναθεῖναι.)</span> <span class='ocrx_word' id='word_1_686' title='bbox 3931 4660 4063 4724; x_wconf 90' lang='lat' dir='ltr'><strong>Lo·</strong></span> 
     </span>
     <span class='ocr_line' id='line_1_90' title="bbox 2370 4755 4061 4850; baseline 0.002 -28"><span class='ocrx_word' id='word_1_687' title='bbox 2370 4780 2512 4822; x_wconf 90' lang='lat' dir='ltr'><strong>cum</strong></span> <span class='ocrx_word' id='word_1_688' title='bbox 2544 4757 2714 4823; x_wconf 89' lang='lat' dir='ltr'><strong>hunc</strong></span> <span class='ocrx_word' id='word_1_689' title='bbox 2743 4756 3093 4845; x_wconf 88' lang='lat' dir='ltr'><strong>similesque</strong></span> <span class='ocrx_word' id='word_1_690' title='bbox 3123 4755 3531 4823; x_wconf 87' lang='lat' dir='ltr'><strong>Plutarcheos</strong></span> <span class='ocrx_word' id='word_1_691' title='bbox 3571 4758 3751 4846; x_wconf 87' lang='lat' dir='ltr'><strong>attigi</strong></span> <span class='ocrx_word' id='word_1_692' title='bbox 3779 4759 3842 4824; x_wconf 92' lang='lat' dir='ltr'><strong>in</strong></span> <span class='ocrx_word' id='word_1_693' title='bbox 3877 4763 4061 4850; x_wconf 82' lang='lat' dir='ltr'><strong>Sym-</strong></span> 
     </span>
     <span class='ocr_line' id='line_1_91' title="bbox 2367 4859 4063 4949; baseline 0.002 -23"><span class='ocrx_word' id='word_1_694' title='bbox 2367 4861 2569 4927; x_wconf 87' lang='lat' dir='ltr'><strong>bolica</strong></span> <span class='ocrx_word' id='word_1_695' title='bbox 2610 4862 2751 4926; x_wconf 90' lang='lat'><strong>111.</strong></span> <span class='ocrx_word' id='word_1_696' title='bbox 2796 4885 2863 4949; x_wconf 91' lang='lat' dir='ltr'><strong>p.</strong></span> <span class='ocrx_word' id='word_1_697' title='bbox 2900 4864 3051 4947; x_wconf 88' lang='grc'><strong>569.</strong></span> <span class='ocrx_word' id='word_1_698' title='bbox 3096 4883 3190 4948; x_wconf 88' lang='lat' dir='ltr'><strong>sq.</strong></span> <span class='ocrx_word' id='word_1_699' title='bbox 3229 4859 3326 4925; x_wconf 92' lang='lat' dir='ltr'><strong>ed.</strong></span> <span class='ocrx_word' id='word_1_700' title='bbox 3367 4859 3472 4925; x_wconf 87' lang='lat' dir='ltr'><strong>alt.</strong></span> <span class='ocrx_word' id='word_1_701' title='bbox 3521 4860 3652 4939; x_wconf 87' lang='lat' dir='ltr'><strong>ubi,</strong></span> <span class='ocrx_word' id='word_1_702' title='bbox 3697 4861 3828 4927; x_wconf 85' lang='lat' dir='ltr'><strong>haec</strong></span> <span class='ocrx_word' id='word_1_703' title='bbox 3875 4864 4063 4930; x_wconf 85' lang='lat' dir='ltr'><strong>verba</strong></span> 
     </span>
     <span class='ocr_line' id='line_1_92' title="bbox 2365 4963 4063 5053; baseline 0.002 -25"><span class='ocrx_word' id='word_1_704' title='bbox 2365 4986 2509 5028; x_wconf 93' lang='lat' dir='ltr'><strong>cum</strong></span> <span class='ocrx_word' id='word_1_705' title='bbox 2566 4963 2847 5029; x_wconf 86' lang='lat' dir='ltr'><strong>Platonis</strong></span> <span class='ocrx_word' id='word_1_706' title='bbox 2896 4963 3157 5053; x_wconf 83' lang='lat' dir='ltr'><strong>Cratylo</strong></span> <span class='ocrx_word' id='word_1_707' title='bbox 3201 4986 3270 5052; x_wconf 91' lang='lat' dir='ltr'><strong>p.</strong></span> <span class='ocrx_word' id='word_1_708' title='bbox 3312 4982 3460 5049; x_wconf 87' lang='lat'><strong>399.</strong></span> <span class='ocrx_word' id='word_1_709' title='bbox 3501 4963 3585 5029; x_wconf 89' lang='lat' dir='ltr'><strong>D.</strong></span> <span class='ocrx_word' id='word_1_710' title='bbox 3634 4967 4063 5053; x_wconf 89' lang='lat' dir='ltr'><strong>componenda</strong></span> 
     </span>
     <span class='ocr_line' id='line_1_93' title="bbox 2365 5065 4059 5154; baseline 0.002 -22"><span class='ocrx_word' id='word_1_711' title='bbox 2365 5090 2497 5132; x_wconf 87' lang='lat' dir='ltr'><strong>esse</strong></span> <span class='ocrx_word' id='word_1_712' title='bbox 2544 5067 2701 5145; x_wconf 84' lang='lat' dir='ltr'><strong>dixi,</strong></span> <span class='ocrx_word' id='word_1_713' title='bbox 2750 5082 2815 5133; x_wconf 91' lang='lat' dir='ltr'><strong>et</strong></span> <span class='ocrx_word' id='word_1_714' title='bbox 2866 5067 3099 5148; x_wconf 82' lang='grc' dir='ltr'>κάμπην</span> <span class='ocrx_word' id='word_1_715' title='bbox 3146 5065 3267 5132; x_wconf 82' lang='grc'><strong>1100</strong></span> <span class='ocrx_word' id='word_1_716' title='bbox 3311 5089 3568 5154; x_wconf 88' lang='lat' dir='ltr'><strong>quoque</strong></span> <span class='ocrx_word' id='word_1_717' title='bbox 3620 5065 3759 5131; x_wconf 93' lang='lat' dir='ltr'><strong>loco</strong></span> <span class='ocrx_word' id='word_1_718' title='bbox 3806 5089 4059 5135; x_wconf 80' lang='lat' dir='ltr'><strong>erucam</strong></span> 
     </span>
     <span class='ocr_line' id='line_1_94' title="bbox 2365 5168 4060 5259; baseline 0.001 -23"><span class='ocrx_word' id='word_1_719' title='bbox 2365 5194 2518 5252; x_wconf 87' lang='lat' dir='ltr'><strong>esse,</strong></span> <span class='ocrx_word' id='word_1_720' title='bbox 2549 5171 2718 5236; x_wconf 91' lang='lat' dir='ltr'><strong>unde</strong></span> <span class='ocrx_word' id='word_1_721' title='bbox 2745 5170 2976 5259; x_wconf 89' lang='lat' dir='ltr'><strong>papilio</strong></span> <span class='ocrx_word' id='word_1_722' title='bbox 3004 5169 3383 5249; x_wconf 83' lang='lat' dir='ltr'><strong>excluditur,</strong></span> <span class='ocrx_word' id='word_1_723' title='bbox 3412 5168 3682 5258; x_wconf 84' lang='lat' dir='ltr'><strong>imagine</strong></span> <span class='ocrx_word' id='word_1_724' title='bbox 3719 5169 3799 5235; x_wconf 92' lang='lat' dir='ltr'><strong>de</strong></span> <span class='ocrx_word' id='word_1_725' title='bbox 3835 5172 4060 5238; x_wconf 82' lang='lat' dir='ltr'><strong>animae</strong></span> 
     </span>
     <span class='ocr_line' id='line_1_95' title="bbox 2363 5270 4063 5360; baseline 0.002 -22"><span class='ocrx_word' id='word_1_726' title='bbox 2363 5274 2659 5339; x_wconf 69' lang='lat' dir='ltr'><strong>humanas</strong></span> <span class='ocrx_word' id='word_1_727' title='bbox 2701 5273 3228 5340; x_wconf 87' lang='lat' dir='ltr'><strong>vicissitudinibus</strong></span> <span class='ocrx_word' id='word_1_728' title='bbox 3270 5272 3555 5360; x_wconf 85' lang='lat' dir='ltr'><strong>usurpari</strong></span> <span class='ocrx_word' id='word_1_729' title='bbox 3597 5270 3796 5338; x_wconf 86' lang='lat' dir='ltr'><strong>solita.</strong></span> <span class='ocrx_word' id='word_1_730' title='bbox 3903 5274 4063 5341; x_wconf 84' lang='lat' dir='ltr'><strong>Phi-</strong></span> 
     </span>
     <span class='ocr_line' id='line_1_96' title="bbox 2363 5375 4059 5465; baseline 0.002 -24"><span class='ocrx_word' id='word_1_731' title='bbox 2363 5375 2600 5443; x_wconf 82' lang='lat' dir='ltr'><strong>lostrat.</strong></span> <span class='ocrx_word' id='word_1_732' title='bbox 2630 5378 2756 5443; x_wconf 91' lang='lat' dir='ltr'><strong>Vit.</strong></span> <span class='ocrx_word' id='word_1_733' title='bbox 2794 5377 3091 5465; x_wconf 87' lang='lat' dir='ltr'><strong>Apollon.</strong></span> <span class='ocrx_word' id='word_1_734' title='bbox 3127 5379 3243 5442; x_wconf 90' lang='lat' dir='ltr'><strong>IV.</strong></span> <span class='ocrx_word' id='word_1_735' title='bbox 3275 5395 3385 5459; x_wconf 90' lang='grc'><strong>42.</strong></span> <span class='ocrx_word' id='word_1_736' title='bbox 3428 5400 3493 5465; x_wconf 89' lang='lat' dir='ltr'><strong>p.</strong></span> <span class='ocrx_word' id='word_1_737' title='bbox 3530 5377 3675 5443; x_wconf 86' lang='grc'><strong>226.</strong></span> <span class='ocrx_word' id='word_1_738' title='bbox 3716 5398 3806 5463; x_wconf 84' lang='lat' dir='ltr'><strong>sq.</strong></span> <span class='ocrx_word' id='word_1_739' title='bbox 3848 5378 4059 5444; x_wconf 89' lang='lat' dir='ltr'><strong>Olear.</strong></span> 
     </span>
     <span class='ocr_line' id='line_1_97' title="bbox 2364 5479 4061 5564; baseline 0.001 -19"><span class='ocrx_word' id='word_1_740' title='bbox 2364 5480 2445 5546; x_wconf 88' lang='lat' dir='ltr'><strong>de</strong></span> <span class='ocrx_word' id='word_1_741' title='bbox 2486 5479 2666 5546; x_wconf 86' lang='lat' dir='ltr'><strong>leone</strong></span> <span class='ocrx_word' id='word_1_742' title='bbox 2711 5480 3165 5548; x_wconf 85' lang='lat' dir='ltr'><strong>mansuefacto:</strong></span> <span class='ocrx_word' id='word_1_743' title='bbox 3214 5481 3284 5545; x_wconf 79' lang='grc' dir='ltr'><strong>οὗ</strong></span> <span class='ocrx_word' id='word_1_744' title='bbox 3324 5483 3441 5564; x_wconf 73' lang='grc' dir='ltr'><strong>γὰρ</strong></span> <span class='ocrx_word' id='word_1_745' title='bbox 3484 5479 3552 5543; x_wconf 84' lang='grc' dir='ltr'>τὸ</span> <span class='ocrx_word' id='word_1_746' title='bbox 3595 5484 3713 5544; x_wconf 75' lang='grc' dir='ltr'>τῶν</span> <span class='ocrx_word' id='word_1_747' title='bbox 3757 5480 4061 5562; x_wconf 78' lang='grc' dir='ltr'>θυομένων</span> 
     </span>
    </p>
   </div>
   <div class='ocr_carea' id='block_1_11' title="bbox 2366 5583 4055 5765">
    <p class='ocr_par' dir='ltr' id='par_1_18' title="bbox 2366 5583 4055 5765">
     <span class='ocr_line' id='line_1_98' title="bbox 2366 5583 4055 5670; baseline -0.004 -20"><span class='ocrx_word' id='word_1_748' title='bbox 2366 5586 2510 5667; x_wconf 77' lang='grc' dir='ltr'>αἷμα</span> <span class='ocrx_word' id='word_1_749' title='bbox 2537 5588 2922 5670; x_wconf 80' lang='grc' dir='ltr'>ἀνελιχμᾶτο,</span> <span class='ocrx_word' id='word_1_750' title='bbox 2952 5584 3071 5652; x_wconf 77' lang='grc' dir='ltr'>οὐδ’</span> <span class='ocrx_word' id='word_1_751' title='bbox 3104 5586 3202 5651; x_wconf 78' lang='grc' dir='ltr'><strong>ἐπὶ</strong></span> <span class='ocrx_word' id='word_1_752' title='bbox 3228 5586 3304 5648; x_wconf 72' lang='grc' dir='ltr'>τὸ</span> <span class='ocrx_word' id='word_1_753' title='bbox 3331 5583 3661 5665; x_wconf 86' lang='grc' dir='ltr'>διειρόμενα</span> <span class='ocrx_word' id='word_1_754' title='bbox 3702 5609 3768 5649; x_wconf 91' lang='grc' dir='ltr'><strong>τε</strong></span> <span class='ocrx_word' id='word_1_755' title='bbox 3814 5584 3910 5649; x_wconf 83' lang='grc' dir='ltr'>καὶ</span> <span class='ocrx_word' id='word_1_756' title='bbox 3949 5586 4055 5668; x_wconf 84' lang='grc' dir='ltr'>ῥα.</span> 
     </span>
     <span class='ocr_line' id='line_1_99' title="bbox 2538 5698 2670 5765; baseline -0.015 0"><span class='ocrx_word' id='word_1_757' title='bbox 2538 5698 2584 5765; x_wconf 85' lang='grc'><strong>3</strong></span> <span class='ocrx_word' id='word_1_758' title='bbox 2616 5711 2670 5763; x_wconf 92' lang='grc'><strong>11</strong></span> 
     </span>
    </p>
   </div>
  </div>
 </body>
</html>
