5118 6613
1378 545 1580 611 LIB.
1629 546 1726 612 II.
1772 547 2231 615 ENNEAD.
2281 549 2746 623 TERTIAE.
2790 581 2855 647 p.
2886 562 3251 651 462—465.

564 719 814 783 tatem.”
881 715 1014 783 Ubi
1032 716 1198 782 idem
1222 687 1546 783 Plotinum
1566 718 2113 808 Iamblicbumque
2137 720 2271 787 lau-

565 821 692 885 dat.
783 820 969 885 Alios
1010 836 1219 885 autem
1270 820 1622 886 Platonicos
1662 821 1841 887 aliter
1881 823 2137 889 sensisse
2164 848 2265 889 ar-

560 923 703 1012 guit
729 922 833 988 hic
864 923 1035 989 locus
1059 924 1267 988 Procli
1297 924 1361 988 in
1389 923 1670 990 Platonis
1699 927 1986 991 Parmen.
2015 929 2094 992 L.
2119 929 2262 993 Ill.

561 1050 626 1115 p.
658 1029 760 1112 63.
793 1026 896 1091 ed.
931 1027 1186 1092 Cousin.
1222 1027 1458 1092 PariS.:
1511 1030 1618 1093 ἐὰν
1637 1031 1754 1112 γάρ
1784 1031 1933 1094 οὕτω
1963 1029 2257 1114 λέγωμεν,

560 1132 698 1196 οὔτε
724 1136 844 1195 τῶν
874 1136 1065 1195 κακῶν
1083 1130 1241 1198 ἰδέας
1271 1132 1633 1211 εἰσοίσομεν,
1653 1133 1731 1199 ὥς
1758 1157 1915 1200 τινες
1941 1139 2061 1197 τῶν
2082 1140 2258 1200 Πλα-

557 1239 819 1298 τωνικῶν
840 1261 891 1298 κ.
913 1259 967 1297 τ.
988 1239 1050 1297 λ.
1124 1232 1267 1296 Alia
1292 1231 1526 1298 contuli
1545 1233 1628 1298 ad
1659 1233 1893 1299 Plotini
1918 1234 2144 1300 librum
2177 1237 2257 1303 de

561 1334 818 1401 Pulcrit.
869 1359 933 1422 p.
973 1351 1329 1421 172—175.
1364 1359 1454 1423 sq.
1499 1335 1905 1403 Theodoreto
1941 1337 2048 1403 l.l.
2082 1341 2253 1406 Hoe-

557 1437 823 1503 schelius
862 1439 997 1504 haec
1037 1438 1231 1504 altera
1274 1439 1624 1526 Augustini
1667 1463 1746 1504 ex
1794 1442 2257 1509 Commentario

556 1541 618 1606 in
648 1543 899 1629 Evang.
951 1542 1213 1608 Joannis
1245 1540 1568 1607 adhibuit:
1635 1550 1679 1582 “
1712 1544 1883 1608 Bene
1924 1559 2105 1610 utens
2140 1546 2254 1612 bo-

558 1666 676 1709 nus
720 1644 899 1710 malis
930 1659 995 1710 et
1020 1645 1256 1711 faciens
1291 1645 1456 1710 bona
1493 1645 1573 1710 de
1616 1646 1794 1711 malis
1829 1648 1911 1712 ad
1939 1647 2254 1716 faciendos

555 1749 750 1814 bonos
767 1772 845 1814 ex
865 1748 1043 1813 malis
1062 1763 1126 1813 et
1145 1747 1583 1814 discernendos
1604 1749 1800 1814 bonos
1816 1774 1855 1814 a
1875 1751 2107 1817 malis.”
2150 1754 2253 1820 Ad

555 1851 787 1918 Plotini
814 1865 1023 1917 autem
1069 1850 1435 1916 sententiam
1477 1851 1559 1916 de
1604 1852 1765 1916 Mali
1795 1870 2020 1919 natura
2058 1880 2255 1945 prope

554 1956 698 2021 satis
726 1955 964 2021 accedit
994 1954 1365 2021 Gennadius
1404 1956 2135 2044 constantinopolitanus
2171 1960 2253 2026 de

554 2058 958 2124 Providentia
984 2081 1051 2146 p.
1087 2078 1183 2123 11.
1214 2057 1314 2123 ed.
1349 2057 1545 2146 princ.
1581 2059 1942 2126 Thorlacii:
1991 2061 2164 2128 Ἀλλ’
2199 2067 2253 2130 εἰ

549 2167 644 2227 δεῖ
678 2164 933 2243 τάληθὲς
1007 2165 1214 2237 εἰπεῖν,
1277 2164 1414 2228 οὔτε
1472 2164 1608 2227 ἐστί
1650 2188 1709 2228 τι
1763 2165 1800 2245 ἦ
1855 2167 2048 2245 κακία,
2089 2169 2252 2233 ἀλλά

550 2264 827 2347 στέρησις
863 2267 1071 2347 ἀρετῆς
1105 2267 1312 2345 μόνον.
1406 2264 1683 2331 Omnino
1727 2266 1826 2331 hic
1860 2267 2124 2356 scriptor
2152 2285 2247 2335 ta-

547 2368 663 2432 cite
709 2383 1036 2433 mutuatus
1082 2390 1214 2433 esse
1259 2367 1508 2434 videtur
1558 2369 1860 2435 nonnulla
1906 2394 1946 2435 a
1994 2371 2247 2440 Plotino

551 2486 779 2536 nostro.

629 2597 691 2662 p.
721 2577 876 2657 464.
908 2574 953 2639 l.
982 2595 1043 2658 4.
1093 2575 1207 2640 Διδ
1237 2577 1375 2639 οὔτε
1404 2575 1741 2641 ἀπολέσθω
1769 2578 1845 2640 τὰ
1878 2577 2075 2664 κακά.]
2117 2583 2240 2646 At-

546 2677 685 2765 tigit
716 2676 997 2743 Platonis
1023 2678 1388 2743 sententiam
1429 2677 1494 2742 in
1535 2678 1866 2744 Theaeteto
1894 2703 1958 2767 p.
1999 2685 2138 2764 176.
2173 2705 2237 2771 p.

546 2797 690 2865 247.
726 2780 1040 2856 Bekkeri3
1087 2804 1275 2869 quam
1308 2804 1498 2869 supra
1527 2781 1757 2870 protuli
1788 2783 1869 2847 ad
1895 2784 1953 2849 I.
1989 2785 2046 2848 8.
2080 2787 2141 2850 6.
2171 2809 2238 2874 p.

544 2903 649 2969 75.
683 2884 769 2949 G.
804 2884 915 2971 qui
943 2883 1118 2949 locus
1155 2884 1408 2949 omnino
1449 2908 1594 2950 cum
1638 2902 1853 2951 nostro
1881 2911 2243 2976 comparan-

539 2988 660 3053 dus
686 3000 802 3067 est,
832 3003 895 3052 et
926 3011 1071 3076 quae
1093 2987 1171 3052 ad
1203 3011 1347 3053 eum
1376 2987 1574 3075 posui.
1655 2989 1951 3055 Proxime
1981 3015 2241 3079 sequen-

538 3092 660 3156 tia:
706 3092 776 3157 τὸ
827 3093 893 3157 δὲ
936 3092 1073 3175 παρ’
1126 3094 1299 3172 ἀξίαν
1348 3094 1495 3156 ὅταν
1547 3094 1764 3176 ἀγαθοὶ
1817 3097 1966 3160 κακὰ
2022 3096 2228 3180 ἔχωσι,

535 3200 757 3278 φαῦλοι
784 3197 850 3260 δὲ
877 3197 953 3259 τὰ
981 3196 1224 3259 ἐναυτία
1253 3222 1304 3259 κ.
1327 3220 1377 3258 τ.
1397 3202 1460 3260 λ.
1492 3195 1624 3260 haec
1650 3195 1844 3283 igitur
1872 3198 2047 3285 quod
2089 3200 2232 3265 atti-

532 3318 673 3365 net:
719 3298 784 3364 in
826 3296 947 3364 hoc
973 3312 1347 3385 argumento
1375 3297 1718 3386 praesertim
1747 3298 2078 3388 diligenter
2107 3302 2232 3369 ela-

528 3403 771 3469 boravit
801 3401 987 3466 Philo
1014 3403 1062 3465 J
1067 3400 1287 3466 udaeus
1318 3403 1601 3467 Sermon.
1637 3402 1738 3467 11.
1770 3403 1851 3468 de
1875 3406 2220 3472 Providen-

528 3505 615 3570 tia
662 3506 744 3570 ad
790 3503 1252 3570 Alexandrum.
1342 3506 1448 3569 Ita
1495 3504 1659 3570 enim
1704 3505 1807 3571 ille
1851 3507 2069 3596 incipit
2117 3532 2220 3597 ap.

528 3609 874 3675 Eusebium
910 3608 975 3673 in
1025 3609 1102 3673 P.
1130 3610 1216 3673 E.
1245 3609 1451 3674 VIII.
1493 3629 1593 3690 14.
1634 3632 1698 3695 p.
1727 3609 1891 3695 386:
1939 3614 2228 3694 πρόνοιαν

530 3713 681 3779 εἶναι
701 3712 904 3795 λέγεις
938 3714 1006 3776 ἐν
1034 3712 1294 3791 τοσαύτῃ
1326 3717 1446 3776 τῶν
1472 3711 1834 3795 πραγμάτων
1870 3719 2100 3799 ταραχῇ
2133 3717 2228 3780 καὶ

528 3818 859 3900 συγχύσεις
907 3815 970 3878 τί
1012 3817 1130 3897 γὰρ
1175 3819 1292 3878 τῶν
1335 3816 1483 3878 κατὰ
1526 3814 1635 3880 τὸν
1681 3817 2053 3898 ἀνθρώπινον
2085 3821 2228 3899 βίον

526 3918 934 3991 διατέτακταις
982 3919 1045 3982 τί
1064 3919 1178 3997 μὲν
1206 3918 1313 3981 οὖν
1343 3918 1448 3982 οὐκ
1476 3919 1716 3998 ἀταξίας
1743 3917 1912 4002 γέμει
1943 3921 2038 3984 καὶ
2077 3926 2226 4003 φθο-

524 4028 666 4105 ρᾶςς
712 4020 752 4103 ἢ
800 4019 981 4102 μόνος
1026 4022 1282 4102 ἀγνοεῖς,
1329 4022 1422 4085 ὅτι
1466 4026 1589 4089 τοῖς
1632 4023 1746 4102 μὲν
1794 4024 2090 4091 κακίστοις
2129 4025 2225 4089 καὶ

521 4125 941 4209 πονηροτάτοις
986 4123 1329 4204 ἐπικωμάζει
1361 4126 1438 4188 τὰ
1479 4125 1699 4207 ἀγαθὰ,
1744 4129 2020 4200 πλοῦτος,
2054 4125 2217 4190 εὗδο·

519 4231 633 4309 ξία,
682 4230 847 4309 τιμαὶ
901 4231 1064 4311 παρὰ
1117 4233 1239 4295 τοῖς
1293 4226 1611 4307 πλήθεσιν,
1667 4228 1980 4312 ἡγεμονία,
2036 4228 2223 4295 πάλιν

517 4334 710 4415 ὑγεία,
744 4330 1119 4412 εὗαισθησία,
1152 4328 1394 4407 κάλλος,
1426 4330 1598 4414 ἰσχὺς
1625 4333 1958 4400 ἀπόλαυσις
1984 4333 2222 4413 ἡδονῶν

519 4436 821 4503 ἀκόλυτος
849 4433 944 4499 διά
969 4459 1037 4498 τε
1064 4439 1456 4516 παρασκευῶν
1483 4436 1834 4517 περιουσίαν
1866 4436 1962 4500 καὶ
1988 4439 2084 4501 διὰ
2112 4437 2222 4516 τὴν

519 4536 970 4621 εἰρηνικωτάτην
997 4538 1270 4617 σόματος
1298 4537 1637 4619 εὖμοιρίανς
1687 4540 1746 4602 οἱ
1775 4539 1841 4602 δὲ
1870 4539 2220 4622 φρονήσεως

517 4642 612 4706 καὶ
640 4642 851 4724 ἀρετῆς
884 4638 1117 4721 ἁπάσης
1156 4640 1407 4721 ἐρασταί
1448 4664 1515 4702 τε
1567 4640 1662 4704 καὶ
1701 4642 1952 4722 ἀσκηταὶ
1994 4641 2216 4711 πάντες

516 4745 690 4818 εἰσὶν,
721 4744 935 4826 ὀλίγου
972 4741 1085 4807 δέω
1124 4742 1332 4826 φάναι,
1372 4740 1640 4823 πένητες,
1686 4744 1961 4827 ἀφανεῖς,
1993 4745 2213 4825 ἄδοξοι,

515 4846 1055 4923 ταπεινοί-ῥιπάς
1074 4844 1301 4909 deinde
1325 4843 1579 4909 uberius
1606 4845 2004 4932 persequitur
2026 4846 2217 4934 scrip-

514 4963 610 5013 tor
636 4947 1200 5037 eloquentissimus,
1233 4969 1357 5012 non
1385 4945 1576 5012 habet
1619 4947 1976 5013 Eusebius:
2024 4947 2216 5015 habet

511 5065 721 5116 autem
778 5050 1022 5137 integra
1069 5073 1267 5138 nuper
1308 5050 1477 5115 edita
1522 5050 1723 5117 versio
1766 5051 2096 5117 Armenica
2145 5076 2208 5142 p,

508 5157 613 5236 46.
644 5177 784 5242 sqq.
819 5153 987 5219 unde
1013 5154 1418 5242 intelligimus
1449 5154 1778 5220 Philonem
1804 5155 1937 5220 haec
1965 5155 2211 5244 copiose

508 5271 936 5345 pertractasse,
996 5272 1061 5323 et
1115 5257 1415 5345 appositis
1471 5259 1771 5346 exemplis
1837 5256 2206 5346 Polycratis,

3934 592 4053 662 145

2353 726 2621 807 μάλιστα
2664 732 2812 796 ὅταν
2863 732 3133 821 ἔμψυχα]
3209 737 3440 828 Scripsi
3488 743 3556 807 ἐν
3606 743 3800 811 δέοντι
3856 747 4050 813 αὐτῶν

2356 831 2503 918 (pro
2532 833 2719 921 αὐτῷ)
2740 857 2882 900 cum
2913 835 3153 924 aliquot
3180 838 3354 906 libris
3373 857 3437 908 et
3467 844 3710 925 Ficino,
3732 847 3830 912 vel
3858 872 4048 938 prop-

2352 949 2446 998 ter
2494 937 2781 1023 proxime
2824 941 3166 1028 sequentia.
3272 946 3594 1013 Sententia
3638 964 3848 1016 autem
3874 977 3889 1016 ε
3951 955 4047 1019 καὶ

2347 1038 2456 1118 τὴν
2475 1043 3105 1126 πρόνοιαν-φθάνειν
3125 1047 3353 1133 pendet
3373 1049 3518 1115 item
3544 1052 3625 1118 ab
3642 1055 4047 1121 antecedente

2345 1143 2533 1224 ὀρθῶς
2577 1145 2705 1229 ἔχει
2762 1169 2967 1235 neque
3012 1149 3280 1216 debebat
3337 1153 3594 1220 Ficinus
3651 1156 4046 1246 interponere

2330 1246 2660 1330 probabile
2685 1259 2796 1315 est.
2881 1253 3321 1320 Memorantur
3349 1258 3511 1322 enim
3543 1259 3662 1325 hoc
3690 1261 3828 1334 loco
3856 1262 4041 1328 dubi-

2345 1348 2607 1414 tationes
2655 1366 2720 1416 et
2770 1369 3171 1437 monstratur,
3221 1359 3376 1446 quid
3432 1360 3650 1427 deceat
3706 1365 4040 1452 providen-

2344 1450 2517 1532 tiam,
2546 1453 2598 1517 si
2642 1455 2760 1520 hoc
2804 1458 3052 1524 nomine
3080 1459 3272 1549 digna
3300 1486 3432 1528 esse
3459 1463 3626 1530 velit.
3721 1469 4036 1536 Caeterum

2342 1553 2503 1620 hanc
2549 1558 2991 1641 Providentiae,
3023 1586 3088 1628 se
3130 1587 3246 1652 per
3288 1582 3514 1631 cuncta
3545 1567 3944 1657 porrigentis,
3975 1588 4039 1639 et

2341 1657 2439 1722 vel
2491 1660 2767 1740 minima,
2814 1664 2924 1729 sed
2967 1665 3213 1753 singula
3271 1682 3479 1733 tamen
3534 1669 3781 1737 diverso
3826 1675 4035 1755 modo,

2337 1763 2636 1843 curantis,
2654 1767 2952 1833 rationem
2978 1770 3287 1857 copiosius
3304 1795 3378 1836 ex
3386 1773 3612 1860 plicare
3634 1775 3846 1842 studet
3864 1778 4037 1843 Gen-

2339 1864 2565 1931 nadius
2607 1868 2688 1933 de
2732 1870 3135 1937 Providentia
3176 1896 3239 1961 p.
3270 1896 3331 1956 4.
3365 1898 3498 1962 sqq.
3532 1875 3622 1940 ita
3663 1876 4026 1965 disputans:

2337 1969 2374 2049 ἦ
2402 1972 2520 2053 γάρ
2549 1973 2800 2054 πρόνοια
2826 1978 2927 2054 τῆς
2956 1976 3340 2042 ἀθιαλείπτου
3370 1979 3654 2058 κινήσεως
3680 1985 3787 2045 τοῦ
3811 1981 4034 2050 παντὸς

2336 2077 2548 2139 τούτου
2578 2077 2674 2141 καὶ
2701 2083 2821 2141 τῶν
2848 2079 3028 2143 αὐτοῦ
3052 2086 3248 2163 μερῶν
3276 2079 3359 2145 ὧν
3390 2083 3455 2146 ἐκ
3483 2087 3585 2162 τῆς
3611 2088 3840 2152 τοιᾶςδε
3868 2085 4026 2165 κινή-

2335 2202 2488 2245 σεως
2517 2179 2667 2243 αὗτά
2692 2181 2929 2263 γίνεταί
2943 2207 3010 2246 τε
3038 2184 3315 2248 ὁπωσοῦν
3345 2185 3441 2249 καὶ
3469 2188 3558 2265 (ᾗ,
3583 2187 3679 2249 καὶ
3705 2190 3806 2265 τῆς
3835 2188 4026 2252 αὐτῶν

2332 2279 2630 2363 γενέσεως
2660 2284 2754 2347 καὶ
2782 2288 2927 2365 ζωῆς
2955 2287 3085 2349 ἐστι
3123 2288 3373 2368 πρόνοια
3402 2287 3673 2355 ἑκάστοις
3700 2290 4026 2371 ἀμερίστως

2334 2368 2837 2451 συνδιανεμομένη
2886 2373 3164 2453 γνῶσεως
3210 2374 3517 2456 ὑπερβολῇ
3566 2374 3662 2438 καὶ
3706 2375 4020 2455 δυνάμεως,

2331 2468 2437 2534 ἅτε
2486 2475 2588 2551 τῆς
2639 2472 3015 2556 ὑπεραγάθου
3059 2473 3361 2555 θελήσεως
3403 2475 3705 2556 ἀκάματον
3748 2476 3864 2540 ἀπὸ
3903 2484 4021 2543 τῶν

2327 2572 2720 2656 ὑψηλοτέρων
2745 2575 2922 2659 μέχρι
2951 2577 3046 2641 καὶ
3073 2582 3190 2642 τῶν
3220 2577 3494 2662 ἐσχάτων
3521 2579 3628 2643 τὸν
3651 2582 3857 2660 ἑαυτῆς
3885 2583 4017 2664 δρό-

2324 2700 2442 2755 μον
2482 2679 2862 2759 ἐξανυούσης,
2896 2681 2963 2743 ἐν
2991 2679 3210 2760 ἑκάστῃ
3247 2683 3468 2765 χρόνου
3506 2683 3656 2763 ῥοπῇ
3686 2684 3753 2750 ὅς
3781 2685 3913 2748 ἐστι
3951 2685 4019 2749 τὸ

2325 2778 2440 2843 ὑπὸ
2483 2779 2725 2845 πάντων
2771 2782 2893 2863 ἅμα
2934 2783 3295 2867 μετέχεσθαι
3342 2786 3489 2848 κατὰ
3538 2785 3646 2865 τὴν
3696 2785 3795 2850 ἀπ’
3846 2788 4021 2868 αὐτῆς

2328 2882 2557 2970 ἑκάστῳ
2586 2884 2896 2966 διδομένην
2933 2890 3039 2950 τοῦ
3073 2886 3349 2971 μετέχειν
3388 2890 3585 2971 ἰσχύν,
3616 2890 3767 2968 μετὰ
3807 2894 3908 2969 τῆς
3953 2892 4019 2956 ἐν

2324 2989 2405 3072 τῷ
2436 2987 2617 3051 παντὶ
2641 2988 2885 3053 πάντων
2912 2989 3317 3072 εὖαρμοστίας.
3406 2989 3734 3073 ’Ῑδιῶτερον
3761 2994 3874 3073 μὲν
3896 2996 4017 3058 τοί-

2325 3113 2434 3152 νυν
2476 3095 2595 3154 τῶν
2638 3092 2875 3171 ἀτόμων
2902 3097 3289 3174 προμηθεῖται
3327 3094 3568 3158 ἐκείνων
3598 3094 3748 3178 άπερ
3786 3094 4020 3175 ἀμέσως

2318 3194 2401 3259 εἰς
2430 3192 2612 3258 αὐτὸν
2652 3193 2980 3270 τάττονται,
3018 3196 3114 3260 καὶ
3152 3194 3390 3275 ἀμέσως
3422 3197 3600 3260 αὐτοῦ
3626 3221 3774 3261 ποτε
3802 3201 4013 3263 δύναν-

2314 3321 2413 3360 ται
2463 3297 2809 3372 ἀπολαύειν,
2855 3297 2954 3364 οἶα
2986 3299 3057 3379 δὴ
3100 3302 3201 3379 τῆς
3241 3303 3483 3383 λογικῆς
3526 3301 3717 3381 άτομα
3757 3303 4013 3384 φύσεως.

2315 3400 2411 3464 καὶ
2440 3402 2537 3465 διά
2570 3405 2743 3465 τοῦτο
2781 3406 2898 3466 ποῦ
2928 3404 3042 3482 μὲν
3084 3408 3201 3467 τῶν
3229 3403 3456 3485 λογίων
3498 3403 3666 3467 ἐστὶν
3708 3405 3881 3485 ἱερῶν
3920 3405 4007 3480 τὸ,

2311 3503 2490 3586 χωρὶς
2517 3508 2625 3569 τοῦ
2650 3506 2812 3569 θείου
2835 3504 3163 3585 θελήματος
3188 3506 3334 3586 μηδὲ
3364 3507 3678 3587 στρούθιον
3706 3510 3776 3586 τῇ
3806 3509 4012 3590 παγίδι

2315 3607 2643 3686 ἐμπίπτειν,
2683 3611 2802 3672 ποῦ
2832 3608 2898 3671 δὲ
2930 3606 3022 3682 τὸ,
3052 3608 3236 3688 μηδὲν
3278 3611 3359 3693 τῷ
3395 3611 3510 3693 θεῷ
3547 3613 3665 3671 τῶν
3701 3614 3870 3688 βοῶν
3902 3610 4007 3689 μέ·

2312 3718 2465 3786 λειν,
2495 3710 2654 3776 πάνυ
2683 3713 3076 3791 ἀληθεύοντος
3105 3708 3754 3792 ἑκατέρου.-Τοιαῦτα
3779 3716 3861 3799 τῷ
3892 3718 4007 3801 θεῷ

2309 3815 2444 3898 περὶ
2472 3816 2666 3881 αὐτῶν
2693 3816 2840 3899 (τῶν
2868 3817 3111 3900 θηρίων)
3130 3813 3304 3895 μέλει
3332 3813 3606 3879 ἐπέκεινα
3632 3817 3697 3880 δὲ
3719 3816 3894 3881 οὐδὲν
3915 3820 4008 3884 ὅτι

2308 3919 2493 3999 μηδὲν
2522 3918 2701 4000 (fort.
2729 3920 2905 4003 μηδὲ)
2954 3917 3227 3983 ἐπέκεινα
3261 3922 3363 3998 τῆς
3405 3920 3660 3983 ἐνταῦθα
3699 3923 3843 3998 ζωῆς
3885 3928 4008 3990 τοῖς

2307 4023 2592 4090 τοιούτοις
2646 4021 2822 4090 τέλος
2879 4022 3067 4086 ἐστίν.
3238 4021 3327 4085 Τὸ
3385 4023 3450 4086 δὲ
3508 4026 3626 4085 τῶν
3681 4022 4005 4104 ἀνθρώπων

2305 4129 2549 4207 πρᾶγμα
2574 4126 2689 4209 οὐχ
2715 4125 2928 4205 ὁμοίως
2964 4129 3086 4191 τοῖς
3114 4124 3327 4192 ἄλλοις
3351 4129 3657 4207 γεννητοῖς
3687 4125 3783 4189 καὶ
3811 4131 4001 4210 φθαρ-

2306 4233 2428 4295 τοῖς
2458 4228 2588 4312 ἔχει
2616 4230 2780 4293 ἀλλὰ
2808 4232 3111 4311 συγκεῖται
3137 4229 3249 4308 μὲν
3271 4229 3338 4291 ἐκ
3356 4230 3571 4307 θνητοῦ
3589 4227 3685 4291 καὶ
3707 4228 4004 4295 ἀθανάτου

2304 4329 2414 4410 τὴν
2443 4331 2635 4415 ἀρχὴν
2664 4332 2969 4412 ἄνθρωπος
2997 4357 3051 4396 κ.
3076 4356 3133 4394 τ.
3157 4337 3219 4394 λ.

2389 4470 2478 4484 -
2511 4451 2611 4499 12.
2659 4439 2911 4516 Πρῶτον
2945 4434 3289 4498 τοίνυν-εἰ
3321 4434 3507 4513 μηδὲν
3545 4433 3756 4498 τούτου
3802 4436 3999 4501 ἐλλεί-

2303 4536 2433 4624 πει]
2482 4536 2702 4601 Habet
2727 4534 2864 4600 haec
2904 4535 3345 4600 Theodoretus
3375 4534 3414 4600 l.
3447 4533 3492 4598 l.
3524 4558 3590 4622 p.
3620 4535 3767 4621 873.
3833 4542 3997 4618 Amr-

2304 4637 2444 4703 τέον
2463 4660 2679 4703 omnes
2695 4638 2836 4703 libri
2859 4638 3072 4704 nostri.
3126 4640 3366 4704 Contra
3392 4637 3769 4704 Theodoreti
3785 4662 4000 4705 omnes

2301 4739 2568 4806 λεκτέον.
2658 4741 2830 4805 Cave
2857 4739 3149 4827 corrigas.
3241 4739 3459 4804 Habet
3499 4738 3664 4803 enim
3714 4740 3996 4806 Platoni·

2301 4865 2435 4907 cam
2466 4842 2896 4908 auctoritatem
2928 4857 2993 4907 et
3019 4841 3230 4930 potius
3260 4842 3646 4907 Theodoreti
3667 4859 3998 4910 contextus

2299 4969 2336 5009 e
2362 4960 2573 5011 nostro
2599 4945 3029 5011 emendandus
3056 4962 3168 5012 est.
3262 4947 3367 5011 Ita
3400 4944 3563 5010 enim
3610 4946 3673 5010 in
3722 4947 3996 5012 Phaedro

2298 5073 2364 5138 p.
2402 5053 2547 5133 246.
2580 5050 2643 5115 d.
2676 5052 2785 5132 τὴν
2812 5050 2860 5116 δ’
2893 5052 3089 5116 αἰτίαν
3123 5054 3224 5131 τῆς
3250 5056 3368 5115 τῶν
3404 5056 3635 5131 πτερῶν
3663 5052 3988 5132 ἀποβολῆς,

2298 5153 2369 5219 δι’
2398 5154 2474 5235 ἣν
2499 5158 2702 5238 ψυχῆς
2730 5155 2993 5238 ἀποῤῥεῖ,
3024 5152 3330 5233 λάβωμεν,
3358 5152 3463 5218 ubi
3493 5152 3619 5218 vid.
3643 5154 3726 5217 H
3720 5154 3992 5239 eindoffi

2292 5279 2360 5345 p.
2396 5275 2544 5343 250.
2620 5255 2789 5322 Alibi
2817 5255 2970 5321 dicit
2994 5258 3160 5342 λόγῳ
3182 5256 3521 5337 λαμβάνειν
3543 5278 3658 5342 pro
3677 5257 3983 5343 cogitare,

509 5360 981 5449 Dionysiorum,
1011 5375 1075 5425 et
1103 5384 1181 5425 ex
1208 5360 1404 5425 altera
1430 5376 1608 5448 parte
1636 5361 1910 5426 Zenonis
1940 5361 2202 5442 Eleatae,
2289 5361 2637 5440 recordari,
2671 5375 2744 5425 ut
2770 5359 2850 5424 de
2880 5361 3086 5447 Legg.
3116 5360 3179 5424 I.
3214 5377 3308 5425 10.
3341 5357 3451 5423 ubi
3474 5356 3596 5422 vid.
3625 5358 3795 5421 Astii
3819 5358 3980 5423 Ani-

512 5463 886 5542 Anaxarchi,
915 5461 1179 5528 aliorum
1215 5462 1574 5528 illustrasse.

591 5589 658 5655 p.
689 5568 840 5653 465.
874 5567 934 5631 6.
998 5570 1162 5633 ἀλλὰ
1207 5568 1300 5633 καὶ
1344 5570 1420 5632 τὰ
1459 5567 1609 5651 μέρη
1653 5570 1839 5651 ὀρθῶς
1890 5570 2205 5654 ἕχει-καὶ

705 5691 888 5746 VOL.
928 5693 1054 5748 ῙῙῙ.

2290 5462 2542 5527 madvv.
2574 5484 2635 5549 p.
2664 5463 2771 5547 58.
2848 5459 3016 5527 Alibi
3038 5459 3222 5526 etiam
3242 5460 3577 5542 λαμβάνειν
3602 5464 3704 5546 νῷ,
3729 5463 3977 5549 διανοίᾳ.

2292 5567 2416 5634 Sed
2447 5582 2654 5632 tamen
2686 5565 2916 5653 saepius
2956 5564 3142 5630 etiam
3177 5563 3309 5629 sine
3350 5561 3653 5652 ejusmodi
3695 5564 3985 5630 substan-

2442 5693 2499 5745 U
