5118 6613
1537 582 1730 647 LIB.
1780 583 1919 647 111.
1965 584 2418 650 ENNEAD.
2466 584 2854 650 PRIMAE.
2900 608 2960 673 p.
2990 604 3093 672 39.

594 751 727 817 baec
754 750 941 817 etiam
985 754 1048 818 τί
1083 753 1149 817 τὸ
1198 751 1403 827 ἀΐδιον,
1437 755 1530 819 καὶ
1571 755 1638 819 τὸ
1682 755 1761 835 μὴ
1804 760 2085 827 τοιοῦτον,
2116 755 2270 842 quid

595 864 895 920 oetemum
937 865 998 920 et
1042 856 1195 944 quid
1237 878 1364 920 non
1406 859 1508 921 eit.
1599 860 1753 923 Post
1800 856 2270 944 aliquammulta

596 973 888 1046 rogaturt
932 955 970 1037 ἢ
1012 958 1226 1022 ταύτὸν
1253 961 1589 1042 φιλοσοφία
1634 961 1726 1024 καὶ
1769 958 2133 1039 διαλεκτική;
2180 981 2268 1022 an

593 1061 756 1125 idem
788 1061 1184 1149 phihsophia
1212 1082 1286 1125 ac
1312 1062 1631 1126 dicdectica
1650 1065 1682 1126 ?
1725 1086 1795 1127 ac
1837 1061 2264 1150 respondetur,

597 1162 993 1228 Dialecticam
1024 1186 1152 1227 esse
1180 1166 1548 1247 φιλοσοφίας
1586 1164 1761 1248 μέρος
1796 1165 1863 1229 τὸ
1903 1168 2263 1245 τιμιώτατον,

582 1265 993 1353 philosophice
1035 1275 1288 1353 partem
1331 1270 1942 1354 proestantz'ssimam.
2043 1270 2269 1332 Postea

592 1367 757 1432 idem
802 1366 1051 1432 subdit:
1095 1370 1132 1449 ἡ
1175 1372 1289 1451 γὰρ
1339 1371 1667 1450 διαλεκτικὴ
1719 1371 1812 1434 καὶ
1858 1371 1895 1450 ἦ
1945 1372 2133 1452 σοφία
2182 1371 2268 1434 ἔτι

594 1473 866 1545 καθόλου,
900 1472 994 1535 καὶ
1023 1469 1212 1539 &taos
1260 1471 1452 1536 πάντα
1482 1476 1564 1539 εἷς
1589 1478 1803 1556 χρῆσιν
1844 1471 2171 1555 προσφέρει
2198 1476 2267 1553 τῇ

593 1574 899 1656 φρονήσει,
930 1574 1278 1637 Dialectica
1307 1596 1452 1638 vero
1478 1584 1538 1638 et
1569 1578 1880 1663 sapientia
1908 1577 2096 1640 etiam
2124 1575 2266 1638 uni-

593 1677 824 1741 versali
867 1685 927 1740 et
966 1677 1369 1740 immateriali
1414 1680 1659 1742 ratione
1707 1680 1919 1742 omnia
1960 1679 2031 1741 in
2080 1699 2264 1741 usum

579 1780 943 1867 prudentiae
985 1779 1250 1866 profert.
1337 1782 1438 1844 Ac
1486 1779 1669 1867 plura
1716 1779 1943 1845 ibidem
1994 1778 2057 1843 in
2107 1779 2264 1844 hanc

592 1886 861 1946 mentem
890 1880 1077 1968 legas·
1167 1882 1491 1947 Hactenus
1519 1882 1807 1956 Vossius;
1856 1882 1964 1969 qui
1993 1881 2155 1946 idem
2186 1882 2266 1947 de

596 1984 871 2049 Mathesi
901 1982 1004 2047 lib.
1034 1984 1171 2048 111.
1202 2006 1337 2071 cap.
1363 2004 1421 2049 2.
1453 2008 1519 2072 p.
1542 1986 1645 2049 61.
1722 1987 1842 2049 Per
1869 2007 2056 2071 quam
2084 1984 2265 2066 (Dia-

592 2085 874 2173 lecticen)
912 2084 1091 2150 Plato
1118 2086 1404 2174 intelligit
1442 2110 1564 2152 non
1592 2088 1872 2167 Τοπικῆν,
1905 2087 2031 2151 sive
2069 2102 2261 2152 artem

586 2189 990 2277 probabiliter
1004 2191 1076 2252 in
1096 2199 1423 2277 utramque
1445 2199 1693 2277 partem
1720 2190 2086 2266 disserendi,
2106 2189 2264 2254 sicut

592 2314 806 2356 vocem
849 2291 1009 2356 hanc
1051 2292 1409 2356 Aristoteles
1452 2307 1750 2380 usui-pau
1800 2314 2014 2356 verum
2058 2298 2257 2356 Μετα-

591 2394 863 2476 φυσικὴν,
893 2416 1021 2458 non
1063 2397 1262 2462 ἅπλῶς
1301 2395 1565 2482 quidem,
1594 2395 1703 2458 sed
1727 2404 2031 2482 quatenus
2057 2396 2263 2459 utitur

589 2496 797 2561 eadem
825 2498 1086 2585 Logices
1112 2498 1521 2561 instrumento
1539 2521 1562 2561 .·
1608 2511 1679 2561 ut
1706 2497 1956 2561 omnino
1991 2496 2109 2561 hoc
2147 2518 2260 2560 no·

589 2621 731 2664 men
761 2598 1007 2663 Platoni
1036 2599 1508 2687 Metaphysicen
1552 2613 1614 2663 et
1658 2599 1934 2686 Logicen
1978 2621 2259 2686 compre-

589 2700 840 2766 hendat.
916 2702 1007 2766 Ac
1037 2701 1310 2766 similiter
1337 2725 1411 2766 eo
1438 2701 1740 2766 vocabulo
1766 2702 1859 2766 uti
1887 2701 2072 2766 etiam
2102 2701 2259 2764 Pla-

589 2806 777 2869 tonici
804 2803 1022 2869 solent.
1112 2806 1274 2868 Haec
1302 2804 1638 2892 posteriora
1664 2804 1782 2869 hoc
1810 2804 2005 2892 magis
2047 2804 2259 2892 adjici-

590 2906 752 2971 enda
796 2907 1029 2987 censui,
1070 2906 1238 2993 quia,
1284 2921 1356 2972 ut
1398 2906 1549 2971 alios
1595 2906 1960 2971 recentiores
2007 2921 2261 2987 taceam,

590 3009 721 3097 ipse
761 3011 831 3073 J.
855 3010 931 3075 A.
963 3008 1283 3074 Fabricius
1323 3008 1406 3073 ad
1450 3008 1783 3097 Porphyrii
1826 3009 1906 3073 de
1936 3008 2079 3073 Vita
2118 3008 2262 3073 Plo-

592 3111 703 3176 tini
730 3134 869 3199 cap.
905 3130 1003 3193 24.
1034 3133 1100 3198 p.
1125 3131 1262 3191 140.
1309 3111 1515 3176 minus
1556 3125 1838 3177 accurate
1866 3111 2260 3198 Metaphysi-

589 3235 723 3279 cam
750 3215 943 3279 solam
972 3236 1012 3278 a
1039 3213 1299 3278 Platone
1329 3212 1702 3301 Plotinoque
1744 3212 1861 3278 hoc
1898 3212 2263 3278 Dialectices

589 3318 835 3383 nomine
860 3317 1146 3406 usurpari
1173 3317 1339 3382 dicit.
1417 3316 1597 3381 Illam
1626 3316 2092 3405 explicationem
2120 3339 2263 3382 con-

585 3421 791 3487 firmat
832 3419 1003 3486 locus
1031 3420 1257 3500 Procli,
1286 3419 1398 3507 qui
1438 3420 1499 3484 in
1543 3419 1821 3486 Platonis
1851 3418 2261 3506 Theologiam

591 3524 690 3588 11.
727 3544 828 3589 11.
870 3547 932 3612 p.
971 3543 1113 3588 110.
1150 3523 1275 3589 ita:
1326 3523 1419 3587 καὶ
1445 3526 1594 3604 μετὰ
1620 3527 1801 3587 ταῦτα
1827 3522 2010 3587 πάλιν
2040 3524 2122 3589 εἷς
2147 3529 2254 3586 λο-

587 3628 831 3709 γισμοὺς
872 3627 988 3693 ἀπὸ
1031 3631 1132 3707 τῆς
1177 3630 1384 3709 νοερᾶς
1426 3627 1711 3711 ὕμνῳδίας
1755 3624 2133 3704 καταβάντες,
2168 3624 2262 3687 καὶ

587 3729 693 3809 τὴν
714 3729 1073 3812 ἀνέλεγκτον
1098 3730 1505 3813 προβαλόντες
1532 3732 1889 3807 διαλεκτικῆς
1917 3725 2255 3806 ἐπιστήμην,

588 3831 972 3913 θεωρήσωμεν
1010 3833 1285 3912 ἑπόμενοι
1323 3835 1393 3911 τῇ
1439 3830 1547 3916 θέᾳ
1589 3836 1706 3894 τῶν
1748 3831 1990 3912 πρῶτων
2036 3831 2254 3903 αἰτίων,

588 3935 741 4001 ὅπως
790 3936 1056 4016 ἐξῃρῆται
1103 3940 1220 3998 τῶν
1269 3935 1428 3998 ὅλων
1477 3934 1510 3996 ὁ
1558 3934 1881 4015 πρώτιστος
1929 3933 2080 3999 θεός.
2168 3934 2258 3997 Et

586 4051 725 4123 post
751 4034 886 4100 haec
914 4058 1127 4101 rursus
1154 4036 1234 4101 ad
1262 4038 1535 4100 rationes
1561 4036 1640 4099 ab
1660 4035 2057 4099 intellectuali
2086 4034 2258 4122 leym-

584 4138 773 4202 nodia
798 4138 1221 4203 descendentes
1248 4148 1308 4203 et
1334 4139 1634 4202 inv-ictam
1662 4137 2026 4202 Dialecticoe
2050 4139 2252 4202 scien·

586 4242 737 4303 tiam
793 4241 1143 4328 objicientes
1207 4240 1636 4328 (posteaquam
1699 4238 2254 4327 proposuerimus),

576 4344 856 4428 primam
911 4365 1248 4408 causarum
1301 4343 1866 4431 contemplationem
1920 4352 2255 4430 sequentes,

586 4443 1091 4532 contemplemur,
1114 4446 1429 4532 quomodo
1455 4445 1558 4509 ille
1587 4444 1823 4532 primus
1852 4446 2028 4509 Deus
2054 4468 2131 4510 ex
2161 4444 2258 4509 bis

586 4547 883 4611 universis
924 4546 1004 4611 sit
1044 4564 1385 4636 exemptus.
1475 4548 1700 4635 Neque
1745 4570 1893 4611 vero
1931 4545 2086 4612 illud
2129 4569 2255 4612 non

588 4649 923 4714 tenendum
951 4665 1065 4730 est,
1096 4650 1447 4717 Platonicos
1483 4649 1782 4739 juniore&
1812 4649 1943 4737 qui,
1975 4649 2083 4714 ubi
2126 4673 2255 4715 suae

587 4774 622 4815 e
660 4751 999 4840 disciplinas
1040 4776 1159 4817 usu
1199 4752 1565 4842 loquuntur,
1607 4751 1882 4840 magistri
1922 4752 2001 4816 ad
2046 4774 2252 4817 exem-

586 4851 783 4939 plum,
816 4854 1091 4942 Logicen
1120 4870 1184 4920 et
1212 4856 1685 4944 Metaphysicen
1728 4854 1974 4920 nomine
2002 4853 2251 4919 Dialec-

585 4956 731 5022 tioes
759 4973 1087 5046 usurpant,
1117 4981 1561 5047 nonnunquam
1602 4959 1720 5025 hoc
1760 4957 2096 5047 posteriore
2135 4979 2249 5022 no-

584 5059 748 5124 mine
773 5060 863 5126 ita
891 5060 1008 5141 uti,
1040 5076 1113 5126 ut
1142 5062 1613 5151 Peripateticam
1644 5060 2007 5126 sententiam
2033 5058 2254 5124 intelli-

582 5176 754 5248 gant,
784 5176 973 5251 atque
1014 5164 1171 5230 adeo
1211 5189 1355 5231 cum
1392 5165 1661 5254 quodam
1703 5163 1880 5252 quasi
1917 5174 2250 5228 contemtu.

587 5265 797 5330 Testis
822 5281 915 5331 est
940 5265 1105 5332 idem
1129 5267 1392 5334 Proclus
1419 5268 1635 5333 eodem
1664 5290 1849 5355 opere
1872 5266 1926 5330 1.
1946 5285 2012 5348 4.
2041 5288 2105 5352 p.
2123 5266 2249 5330 18.:

586 5367 656 5431 οὗ
682 5371 798 5450 γὰρ
824 5372 895 5448 τῇ
923 5371 1058 5451 περὶ
1084 5377 1199 5435 τῶν
1227 5373 1409 5440 ὅντως
1445 5373 1633 5436 ὄντων
1658 5369 1939 5434 ὑποθέσει
1974 5367 2255 5451 προσήκει

587 5469 653 5533 τὸ
684 5474 948 5536 τοιοῦτον
973 5478 1090 5537 τῶν
1115 5477 1315 5557 λόγων
1342 5475 1512 5549 εἶδος,
1542 5475 1678 5539 οὔτε
1718 5478 1838 5540 τοῖς
1879 5476 2257 5539 διαλεκτικοῖς

588 5574 927 5652 γυμνασίοις
952 5574 991 5655 ἡ
1011 5581 1127 5641 τῶν
1155 5578 1400 5661 ἀφανῶν
1429 5577 1524 5644 καὶ
1550 5581 1856 5661 χωριστῶν
1883 5575 2084 5640 αἰτίων
2111 5598 2251 5638 συν-

3953 605 4028 674 13

2355 759 2662 838 αρμόζεται
2713 758 2930 839 νόησις.
3020 756 3221 823 Haud
3265 754 3429 820 enim
3470 773 3904 844 argumentum
3946 758 4028 824 de

2353 882 2496 923 vere
2526 859 2794 924 Entibus
2829 859 3001 925 decet
3039 858 3399 947 hujusmodi
3426 859 3754 925 verborum
3788 852 4026 943 (dicen-

2352 960 2571 1048 dique)
2612 985 2832 1050 genuS,
2870 984 3064 1051 neque
3104 964 3441 1027 dialecticis
3483 964 4027 1029 exercitationibus

2350 1065 2492 1151 ipsa
2517 1065 2924 1129 obscurarum
2952 1075 3011 1130 et
3042 1065 3150 1148 (ab
3179 1065 3346 1130 omni
3379 1064 3661 1147 materia)
3691 1076 4023 1152 separata·

2350 1191 2495 1232 rum
2541 1189 2878 1232 causarum
2926 1170 3096 1233 notio
3142 1170 3444 1233 convenit.
3532 1167 3666 1232 Ubi
3712 1183 3915 1232 tamen
3960 1167 4025 1232 in

2351 1269 2567 1334 addito
2595 1272 2937 1352 γυμνασίοις
2963 1270 3144 1335 etiam
3177 1269 3472 1335 nonnulla
3498 1270 3592 1335 vis
3618 1269 3797 1336 inest.
3844 1269 4026 1336 Idem

2354 1374 2613 1438 Proclus
2655 1374 2720 1438 in
2770 1372 2993 1438 Scholl.
3047 1373 3114 1437 in
3159 1373 3485 1462 Cratylum
3535 1376 3595 1458 ξ.
3625 1395 3684 1455 4.
3730 1396 3794 1461 p.
3830 1393 3887 1441 2.
3933 1398 4023 1462 sq.

2353 1476 2635 1541 Boisson.
2693 1477 2787 1540 καὶ
2813 1476 2995 1541 πάλιν
3023 1477 3129 1555 τὴν
3156 1479 3266 1557 μὲν
3294 1481 3398 1540 τοῦ
3422 1476 3871 1559 Ἀριστοτέλους
3898 1481 4020 1542 δια·

2350 1579 2639 1659 λεκτικῆν,
2689 1579 2765 1645 ὧς
2810 1579 3101 1661 ἕριστικῆν
3149 1578 3554 1659 ἀποπέμπεται
3599 1579 3662 1662 (ὁ
3708 1578 4020 1665 Πλάτων),

2349 1682 2456 1759 τὴν
2500 1683 2564 1746 δὲ
2606 1686 2722 1745 τῶν
2767 1684 2955 1745 ὄντων
2998 1685 3102 1749 τὰς
3146 1683 3331 1765 ἆρχᾶς
3375 1683 3610 1763 ὁρῶσαν
3654 1682 4021 1761 διαλεκτικὴν

2350 1784 2571 1867 ἀγαπᾷ,
2596 1784 2672 1850 ὣς
2696 1783 2871 1866 μέρος
2898 1785 3279 1866 φιλοσοφίας.
3326 1785 3417 1848 Et
3438 1806 3653 1848 rursus
3669 1784 4023 1848 Aristotelis

2348 1886 2753 1949 Dialecticam
2798 1897 2872 1949 ut
2912 1884 3239 1973 litigiosam
3268 1885 3433 1974 ejicit
3459 1909 3498 1951 a
3527 1909 3591 1950 se
3619 1885 3818 1966 Plato,
3846 1887 4022 1950 illam

2350 2009 2495 2052 vero
2543 1988 2947 2068 dialecticam,
2994 2010 3133 2076 quae
3179 1991 3414 2053 entium
3452 1989 3785 2077 principia
3829 1990 4018 2068 videt,

2346 2101 2518 2155 amat
2548 2100 2846 2179 tanquam
2861 2100 3115 2178 partem
3131 2091 3559 2181 phibsophiae.
3606 2093 3783 2155 Idem
3814 2107 4019 2155 tamen

2346 2208 2784 2281 argumentum
2806 2192 3003 2257 multo
3022 2193 3365 2257 accuratius
3394 2207 3726 2280 pertractat
3745 2193 3811 2257 in
3836 2195 4022 2258 Com-

2348 2310 2537 2360 ment.
2580 2294 2642 2359 in
2694 2294 3119 2360 Parmenidem
3165 2294 3301 2360 loco
3343 2294 3637 2383 longiore,
3676 2318 3866 2383 quam
3909 2295 4018 2382 qui

2346 2395 2471 2461 huc
2499 2397 2812 2462 transferri
2848 2397 3076 2484 possit;
3124 2420 3326 2484 neque
3368 2397 3484 2462 hoc
3526 2420 3788 2476 necesse,
3817 2419 4017 2484 quan·

2345 2498 2683 2587 doquidem
2711 2499 2930 2564 Thom.
2951 2498 3186 2587 Taylor
3211 2499 3272 2564 in
3304 2501 3503 2566 Select
3533 2501 3752 2565 Works
3778 2501 3866 2587 of
3874 2501 4018 2564 Plo-

2347 2605 2519 2667 tinus
2546 2604 2627 2668 ad
2657 2617 2932 2667 nostrum
2953 2601 3122 2667 hunc
3149 2601 3377 2668 librum
3394 2605 3567 2690 p.18.
3591 2626 3684 2690 sq.
3708 2617 3772 2667 et
3790 2602 4012 2667 iterum

2344 2727 2407 2791 p.
2439 2719 2588 2789 577.
2617 2728 2752 2792 sqq.
2795 2704 2955 2768 hanc
2998 2704 3201 2769 Procli
3245 2704 3723 2792 disputationem
3766 2703 4016 2769 Plotino

2345 2806 2653 2871 adhibuit.
2741 2806 3007 2895 Legitur
3033 2826 3240 2872 autem
3284 2831 3357 2872 ea
3398 2830 3463 2895 p.
3494 2810 3596 2890 46.
3643 2831 3777 2894 sqq.
3811 2807 4016 2873 Procli

2347 2911 2625 2997 Operum
2672 2921 2843 2974 tomo
2896 2925 3119 2996 quarto
3161 2910 3258 2975 ed.
3294 2911 3549 2976 Cousin.
3597 2911 3795 2975 Paris.
3831 2911 4012 2977 1821.

2347 3015 2555 3099 Atque
2586 3027 2655 3077 ut
2682 3012 2770 3077 ibi
2797 3012 3070 3077 locorum
3098 3013 3163 3077 in
3195 3012 3460 3077 Phaedro
3487 3026 3548 3077 et
3582 3012 3871 3100 Sophista
3897 3013 4013 3078 ob-

2344 3115 2585 3178 viorum
2615 3114 2982 3179 mentionem
3014 3112 3208 3201 injicit
3238 3112 3514 3179 Platonis
3552 3113 3655 3178 ille
3693 3114 4012 3202 interpres,

2345 3239 2556 3282 eorum
2586 3215 2898 3295 nimirum,
2929 3239 3085 3303 quos
3130 3239 3318 3303 supra
3352 3216 3775 3281 laudavimus:
3821 3217 3908 3281 ita
3949 3241 4012 3305 p.

2346 3342 2403 3406 9.
2451 3343 2540 3407 sq.
2587 3319 2719 3384 haec
2760 3319 2973 3408 ponit:
3021 3323 3054 3383 ὁ
3090 3321 3458 3402 Παρμενίδης
3499 3322 3896 3400 συμβουλεύει
3936 3326 4015 3408 τῷ

2345 3421 2639 3504 Σωκράτει
2678 3422 2791 3504 πρὸ
2829 3426 2929 3502 τῆς
2970 3424 3113 3502 ὅλης
3154 3424 3397 3504 θεωρίας
3439 3422 3854 3504 γυμνάσασθαι
3880 3425 4014 3505 περὶ

2345 3526 2451 3606 τὴν
2481 3526 2863 3605 διαλεκτικὴν,
2898 3528 3059 3607 εἴπερ
3090 3526 3253 3589 ἐστὶν
3283 3526 3529 3607 ἐραστὴς
3555 3528 3656 3604 τῆς
3682 3531 3798 3589 τῶν
3826 3529 4014 3590 ὄντων

2346 3630 2640 3709 ἀληθείας,
2673 3628 3033 3707 διαλεκτικὴν
3062 3629 3288 3707 ἐκείνην
3317 3632 3511 3691 καλῶν
3537 3627 3671 3707 περὶ
3707 3627 3775 3706 ἧς
3813 3627 3908 3691 καὶ
3946 3629 4014 3692 ἐν

2344 3732 2551 3798 ἄλλοις
2590 3731 2737 3810 ἡμᾶς
2780 3732 3039 3808 ἐδίδαξεν
3066 3728 3238 3796 αὐτὸς
3264 3731 3297 3792 ὁ
3327 3727 3651 3809 Σωκράτης,
3682 3729 3759 3796 ὥς
3788 3730 3855 3792 ἐν
3882 3734 4009 3792 Πο-

2341 3835 2529 3918 λιτεία
2561 3832 2718 3915 (vid.
2747 3835 2988 3919 supra),
3019 3832 3095 3898 ὡς
3122 3833 3188 3896 ἐν
3217 3835 3506 3913 Σοφιστῇ,
3539 3831 3616 3898 ὡς
3642 3832 3708 3895 ἑν
3737 3829 4004 3917 Φιλήβῳ.

2344 3935 2423 3999 In
2451 3933 2708 4000 eandem
2737 3947 3004 3999 mentem
3034 3934 3308 4022 disputat
3336 3932 3595 3998 Proclus
3621 3932 3797 3997 initio
3827 3933 4014 3997 Com-

2340 4036 2620 4102 mentarii
2646 4037 2712 4101 in
2733 4036 2930 4102 Alcib.
2963 4060 3061 4124 pr.
3092 4059 3149 4101 c.
3175 4054 3273 4101 10.
3305 4058 3370 4123 p.
3397 4051 3498 4118 27.
3522 4058 3660 4122 sqq.
3689 4034 3790 4099 ed.
3819 4049 4011 4099 nostr.

2342 4140 2451 4205 ubi
2487 4154 2691 4204 ternas
2721 4139 2985 4204 Socratis
3019 4135 3369 4226 disciplinas
3405 4152 3874 4203 commemorat:
3914 4137 4013 4202 ob-

2338 4244 2702 4322 stetricium,
2731 4245 3126 4322 amatoriam,
3155 4242 3722 4306 dialecticam—nai
3761 4239 3867 4304 τὸν
3900 4241 4012 4320 μὲν

2341 4349 2436 4410 διὰ
2477 4350 2577 4425 τῆς
2618 4347 2885 4428 ἐρωτικῆς
2912 4343 3138 4427 ἀνάγει,
3169 4344 3275 4408 τὸν
3302 4346 3369 4408 δὲ
3411 4347 3505 4408 διὰ
3546 4348 3646 4423 τῆς
3685 4346 4011 4423 μαιευτικῆς

2342 4449 2424 4515 εἷς
2451 4447 2778 4529 ἀνάμνησιν
2799 4449 3064 4513 ἀνακινεῖ
3086 4453 3203 4510 τῶν
3225 4448 3424 4510 ἀϊδίων
3444 4447 3643 4528 λόγων
3664 4449 3765 4524 τῆς
3790 4449 4006 4528 ψυχῆς,

2339 4549 2446 4614 τὸν
2488 4551 2553 4613 δὲ
2597 4553 2742 4614 κατὰ
2786 4550 2892 4629 τὴν
2935 4549 3299 4628 διαλεκτικὴν
3338 4546 3591 4629 μέθοδον
3626 4549 3707 4613 εἷς
3749 4546 3858 4627 τὴν
3893 4552 4011 4611 τῶν

2339 4655 2527 4717 ὄντων
2550 4652 2819 4736 περιάγει
2844 4653 3109 4733 θεωρίαν,
3143 4650 3251 4714 ubi
3280 4663 3421 4715 tene
3446 4647 3714 4731 περιάγει
3755 4663 3829 4713 ut
3870 4671 4012 4737 pro-

2337 4754 2542 4841 prium
2576 4753 2937 4833 dialectices,
2969 4777 3110 4841 quae
3142 4756 3422 4836 ἐκτροπᾶς
3462 4766 3525 4816 et
3568 4750 3864 4833 εζλιγμοὺς
3903 4751 4012 4815 ha-

2336 4855 2459 4921 bet.
2547 4855 2793 4922 Deinde
2830 4856 3122 4921 admonet
3159 4855 3432 4921 locorum
3459 4854 3524 4919 in
3555 4852 3905 4941 Republica
3947 4867 4010 4919 et

2334 4958 2398 5023 in
2429 4958 2719 5039 Phaedro,
2750 4982 2907 5047 quos
2934 4982 3122 5047 supra
3147 4958 3486 5047 attigimus.
3558 4964 3779 5044 Atque
3806 4978 3885 5021 ex
3912 4955 4010 5020 his

2336 5061 2644 5142 omnibus,
2670 5084 2814 5148 quae
2857 5060 3066 5148 paullo
3093 5061 3346 5127 uberius
3387 5060 3807 5149 exposuimus,
3828 5059 4005 5147 judi-

2336 5185 2474 5228 care
2525 5161 2686 5241 licet,
2733 5177 3038 5251 quatenus
3085 5164 3338 5230 Ficinus
3386 5177 3551 5230 recte
3595 5160 4010 5250 pronuntiarit

2338 5287 2527 5352 supra
2562 5287 2705 5352 pag.
2732 5266 2857 5343 16.,
2886 5288 3028 5331 cum
3072 5266 3253 5332 dicit:
3300 5270 3530 5332 rectius
3570 5266 3738 5331 hunc
3778 5264 4006 5328 librum

2335 5363 2779 5453 inscripsissent
2819 5367 2894 5430 de
2934 5370 3286 5433 animorum
3326 5369 3534 5434 reditu
3560 5369 3647 5432 ad
3671 5367 4006 5444 Divinam,

2337 5490 2524 5554 quem
2553 5466 2685 5555 ipse
2711 5490 2964 5555 quoque
2991 5467 3139 5534 huic
3167 5468 3326 5534 libro
3354 5468 3603 5533 titulum
3645 5465 4006 5554 proeposuit,

2337 5571 2629 5637 nimirum
2657 5583 2729 5636 ut
2756 5571 3160 5637 recentiorum
3204 5570 3499 5637 lectorum
3541 5567 4006 5656 intelligentiam
