5118 6613
1329 580 1530 646 LIB.
1582 582 1726 647 111.
1775 583 2245 649 ENNEAD.
2295 586 2767 664 QUARTAE.
2815 608 2879 672 p.
2914 602 3280 672 703-707·
3940 611 4057 659 211

566 763 657 825 ὅτι
683 759 797 839 μὲν
825 755 935 820 οὖν
965 755 1101 818 ἐστί
1125 776 1214 820 τις
1243 754 1311 817 ἐν
1338 757 1510 837 ψυχῇ
1540 754 1841 833 είκαστικῆ
1875 755 2134 835 δύναμις,
2168 760 2268 835 δῆ-

566 870 681 927 λον
713 859 842 942 (καὶ
870 859 989 940 γὰρ
1016 857 1053 935 ἡ
1081 855 1390 937 ζωγραφία
1419 857 1515 919 καὶ
1546 857 1607 920 αἶ
1637 860 1904 920 τοιαῦται
1942 856 2014 940 [f.
2038 856 2272 921 adden-

565 964 717 1029 dum
750 960 993 1047 τέχναι]
1025 960 1238 1037 ταύτης
1266 957 1607 1038 ἐξήρτηνται
1629 962 1730 1037 τῆς
1760 957 2086 1044 δυνάμεως)
2122 962 2272 1043 ἀφο-

563 1062 841 1146 μοιωτικῆ
877 1062 1032 1125 οὖσα
1059 1065 1177 1123 τῶν
1216 1058 1505 1141 δευτέρων
1531 1060 1679 1142 πρὸς
1707 1063 1782 1123 τὰ
1818 1063 2142 1142 κρείττονα,
2175 1063 2271 1126 καὶ

561 1175 679 1234 τῶν
718 1169 785 1232 ἐν
825 1164 1109 1230 συνθέσει
1147 1163 1497 1246 φερομένων
1537 1166 1708 1227 εἰδῶν
1735 1163 1883 1246 πρὸς
1920 1168 1997 1228 τὰ
2037 1168 2267 1231 ἀπλού-

563 1269 1027 1353 περω-ἀλλά
1055 1266 1151 1330 καὶ
1194 1269 1270 1329 τὰ
1305 1267 1551 1347 δεύτερα
1587 1267 1649 1344 ἐξ
1694 1266 1869 1345 αὐτῆς
1910 1263 1947 1345 ἢ
1988 1266 2092 1350 ἀφ’
2126 1270 2259 1332 ἑαυ.

555 1380 657 1456 τῆς
699 1375 964 1453 ἐξομοιοῖ
1002 1370 1146 1452 πρὸς
1187 1370 1401 1448 ἑαυτὴν
1442 1372 1538 1433 διὰ
1581 1374 1683 1448 τῆς
1726 1370 1903 1450 αὐτῆς
1937 1371 2256 1450 δυνάμεως,

565 1480 661 1544 καὶ
690 1479 777 1543 ἔτι
804 1476 951 1559 πρὸς
988 1478 1064 1539 τὰ
1106 1475 1345 1556 κρείττω
1387 1476 1612 1553 ἑαυτῆς·
1663 1474 1753 1538 διὸ
1788 1480 1942 1539 θεῶν
1971 1501 2039 1540 τε
2071 1476 2262 1558 ἀγάλ-

563 1606 722 1661 ματα
751 1580 845 1644 καὶ
886 1579 1182 1659 δαιμόνων
1223 1577 1767 1658 δημιουργεῖ-καὶ
1795 1578 1998 1659 ὥσπερ
2026 1579 2064 1658 ἦ
2092 1585 2264 1642 τελε-

566 1684 739 1763 στικῆ
777 1684 875 1747 διὰ
914 1681 985 1760 δὴ
1023 1685 1201 1743 τινῶν
1241 1682 1570 1759 συμβόλων
1600 1679 1696 1743 καὶ
1739 1679 2086 1761 ἀποῤῥήτων
2115 1705 2262 1744 συν-

567 1784 840 1867 θημάτων
867 1786 943 1848 τὰ
970 1786 1109 1861 τῆδε
1139 1780 1458 1862 ἀγάλματα
1485 1787 1607 1847 τοῖς
1636 1786 1792 1848 θεοῖς
1822 1781 2137 1858 ἀπεικάζει,
2172 1783 2266 1847 καὶ

567 1886 864 1967 ἐπιτήδεια
908 1890 1072 1949 ποιεῖ
1115 1883 1261 1966 πρὸς
1311 1883 1614 1966 ὑποδοχὴν
1660 1890 1779 1947 τῶν
1823 1885 2000 1948 θείων
2040 1883 2265 1964 ἐλλάμ-

557 1996 750 2074 ψεων,
773 1990 925 2053 οὕτω
954 1989 1020 2051 δὲ
1060 1986 1157 2050 καὶ
1182 2014 1234 2050 κ.
1254 2011 1307 2050 τ.
1333 1993 1396 2049 λ.
1469 1984 1655 2049 Unde
1697 1984 2068 2072 intelligitur
2110 1985 2267 2051 illud

564 2089 887 2157 consilium
922 2086 1255 2153 Iamblichi
1293 2111 1398 2174 ap.
1431 2086 1624 2151 Phot.
1655 2086 1699 2151 l.
1725 2086 1766 2151 l.
1796 2114 1811 2152 ε
1862 2088 1993 2152 ἔστι
2019 2091 2133 2169 μὲν
2160 2090 2268 2153 οὖν

564 2196 599 2259 ὁ
628 2192 856 2259 σκοπὸς
874 2190 1210 2276 ’ῐαμβλίχῳ
1238 2189 1370 2254 θεῖά
1398 2214 1464 2254 τε
1492 2196 1677 2268 δεῖξαι
1708 2193 1783 2255 τὰ
1814 2193 2032 2255 εἴδωλα
2052 2192 2268 2273 (ταῦτα

565 2299 680 2380 γὰρ
705 2293 1050 2376 ὑποβάλλει
1076 2296 1157 2379 τῷ
1181 2293 1427 2370 ὀνόματι
1455 2296 1561 2355 τοῦ
1581 2292 1954 2375 ἀγάλματος)
1978 2293 2073 2357 καὶ
2105 2295 2266 2360 θείας

563 2401 881 2484 μετουσίας
910 2397 1206 2463 ἀνάπλεα.
1297 2398 1524 2482 Neque
1554 2396 1838 2461 Plotinus
1865 2396 2104 2462 alienus
2130 2412 2265 2462 erat

563 2505 646 2571 ab
687 2526 764 2569 ea
798 2501 1113 2589 opinione,
1142 2521 1222 2563 ex
1262 2515 1488 2564 natura
1527 2499 1922 2577 imitamenti‚
1953 2499 2126 2586 quod
2167 2500 2264 2564 fa-

560 2606 677 2673 cile
718 2603 1024 2670 afficiatur
1065 2624 1106 2666 a
1145 2616 1413 2688 cognata
1455 2600 1570 2666 sibi
1615 2602 1844 2679 anima,
1890 2624 2069 2689 posse
2112 2601 2264 2666 deo·

562 2731 705 2776 rum
721 2706 850 2772 vim
882 2729 921 2771 a
949 2702 1293 2768 simulacris
1313 2726 1530 2769 eorum
1556 2703 2028 2791 quodammodo
2049 2703 2262 2793 recipi.

563 2814 771 2893 Quam
828 2806 1196 2873 sententiam
1257 2805 1484 2871 deinde
1543 2807 1839 2894 majorem
1887 2806 1950 2870 in
2005 2805 2264 2871 modum

563 2924 950 2980 exornarunt
987 2908 1307 2984 Julianus,
1358 2908 1765 2987 lamblichus»,
1808 2908 2091 2984 Procius,
2125 2911 2270 2973 Ma-

560 3017 760 3093 rinus,
790 3013 918 3078 alii.
993 3011 1363 3076 Convellere
1392 3010 1773 3076 studuerunt
1815 3010 2113 3076 Ecclesiae
2144 3012 2265 3075 Pa.

560 3134 688 3185 tres
714 3133 781 3183 et
807 3117 854 3181 J
859 3114 1186 3180 udaeorum
1218 3114 1524 3180 doctores.
1598 3116 1709 3179 Tu
1742 3114 1885 3178 vide
1926 3113 2266 3178 Clementis

561 3216 980 3288 Alexandrini
1021 3219 1233 3282 Protr.
1278 3240 1342 3303 p.
1375 3237 1482 3302 49.
1531 3239 1670 3303 sqq.
1721 3215 1977 3280 Potteri.
2070 3215 2266 3281 Unde

558 3324 768 3390 locum
792 3320 1023 3387 excitat
1045 3320 1231 3386 Rich.
1256 3319 1579 3385 Bentleius
1601 3321 1665 3383 in
1688 3318 1990 3407 Epistolis
2017 3341 2084 3406 p.
2119 3322 2262 3405 163.

559 3426 772 3494 Lond.
803 3448 872 3513 p.
911 3426 1053 3511 136.
1089 3423 1272 3512 Lips.
1303 3438 1603 3510 tanquam
1634 3446 1669 3486 e
1699 3422 2070 3509 Paedagogo
2100 3445 2268 3485 sum-

559 3546 721 3595 tum.
797 3530 1032 3594 Exstat
1057 3526 1121 3590 in
1153 3527 1551 3613 Protreptico
1580 3548 1646 3611 p.
1675 3539 1781 3610 51.
1816 3523 1963 3587 infr.
1999 3524 2261 3588 Potteri.

639 3655 707 3721 p.
739 3632 890 3715 706,
928 3651 985 3694 1.
1028 3627 1375 3710 προσπαθές
1430 3626 1948 3714 τι-προσπαθές]
1995 3626 2105 3689 Ad
2165 3649 2263 3691 re-

563 3735 828 3824 petitum
861 3730 1207 3815 προσπαθές
1233 3729 1412 3794 initio
1439 3729 1633 3817 hujus
1660 3728 1902 3816 capim,
1935 3728 2043 3793 ubi
2074 3728 2258 3793 etiam

561 3834 911 3904 inanimatis
937 3832 1330 3910 attribuitur,
1362 3830 1790 3896 adhibendum
1825 3845 1919 3895 est
1966 3829 2260 3895 Scholion

563 3938 767 4006 Procli
796 3960 874 4002 ex
906 3934 1385 4002 Commentariis
1411 3934 1477 3998 in
1513 3933 1795 3999 Platonis
1817 3948 1881 3998 et
1902 3932 2261 3997 Aristotelis

565 4041 826 4108 Politica
868 4062 969 4126 ap.
1004 4036 1334 4126 Wyttenb.
1380 4036 1463 4101 ad
1513 4034 1832 4101 Plutarch.
1879 4035 1959 4099 de
2004 4034 2261 4099 Amico-

559 4167 696 4211 rum
743 4140 1064 4208 multitud.
1104 4162 1171 4228 p.
1203 4143 1354 4225 645,
1388 4138 1497 4204 ubi
1539 4138 1918 4221 προσπάθεια
1960 4136 2261 4202 tribuitur

558 4246 761 4312 brutis
789 4242 1196 4310 animalibus:
1246 4243 1423 4325 φιλία
1453 4241 1644 4306 Deis:
1695 4255 1963 4327 utraque
1991 4239 2257 4303 homini-

556 4350 699 4430 bus,
729 4361 953 4435 utpote
979 4343 1045 4410 in
1075 4343 1284 4408 medio
1315 4343 1479 4408 inter
1509 4346 1683 4409 Deos
1719 4342 2072 4429 bestiasque
2115 4363 2260 4406 con-

558 4450 811 4518 stitutis.

640 4576 707 4642 p.
742 4568 893 4636 707,
922 4570 987 4637 3.
1031 4549 1397 4632 Ἀνθρῶπων
1430 4549 1497 4613 δὲ
1543 4547 1763 4631 ψυχαὶ,
1805 4550 2024 4612 εἴδωλα
2066 4548 2259 4611 αὐτῶν

559 4660 807 4728 ίδοῦσαι,
841 4654 971 4718 οῖον
1017 4653 1320 4717 Διονύσου
1359 4653 1427 4716 ἐν
1467 4652 1771 4736 κατόπτρῳ
1823 4676 1877 4714 κ.
1900 4674 1954 4714 τ.
1979 4649 2077 4736 λ.]
2127 4650 2257 4713 Pro

556 4757 838 4824 fontibus
885 4755 1195 4820 universae
1252 4752 1445 4839 hujus
1494 4750 1935 4839 disputationis
1980 4749 2253 4815 habendi

556 4875 702 4926 sunt
730 4858 972 4945 aliquot
999 4856 1118 4921 loci
1149 4854 1453 4921 Platonis.
1512 4854 1765 4919 Primus
1793 4853 1971 4917 estin
2005 4852 2256 4917 Timaeo

554 4985 616 5051 p.
644 4983 751 5049 43.
786 4984 880 5048 sq.
923 4982 993 5047 p.
1031 4962 1140 5039 46.
1172 4981 1268 5044 sq.
1317 4955 1520 5022 Bekk.
1566 4956 1670 5020 cui
1721 4954 2118 5020 adhibendus
2159 4971 2253 5018 est

557 5063 818 5130 Proclus
845 5062 909 5126 in
942 5062 1258 5126 Timaeum
1292 5083 1357 5147 p.
1389 5059 1541 5145 338.
1571 5081 1706 5145 sqq.
1802 5057 1984 5122 Idem
2015 5055 2247 5121 ibidem

553 5188 616 5253 p.
656 5169 799 5250 163.
831 5163 980 5228 infr.
1013 5162 1203 5228 πάλαι
1242 5164 1306 5226 δὲ
1346 5162 1440 5226 καὶ
1469 5167 1593 5229 τοῖς
1621 5162 1932 5242 θεολόγοις
1959 5159 2026 5223 τὸ
2064 5159 2245 5223 ἔσοπ-

551 5294 690 5351 τρον
749 5267 1213 5347 ἐπιτηδειότητος
1261 5266 1657 5347 παρείληπται
1714 5265 2048 5344 σύμβολον,
2105 5262 2252 5344 πρὸς

551 5372 657 5452 τὴν
683 5372 902 5452 νοερᾶν
932 5366 1359 5448 ἀποπλήρωσιν
1387 5371 1494 5430 τοῦ
1529 5367 1772 5433 παντός.
1864 5363 1981 5428 Διὸ
2023 5364 2117 5428 καὶ
2145 5364 2252 5429 τὸν

538 5469 894 5555 Ἥφαιστόν
938 5470 1234 5550 ἔσοπτρόν
1263 5477 1419 5551 φασι
1448 5471 1695 5547 ποιῆσαι
1723 5471 1803 5553 τῷ
1836 5467 2134 5551 Διονύσῳ,
2168 5467 2252 5532 είς

550 5573 584 5637 δ
613 5571 933 5655 ἐμβλέψας
962 5574 996 5634 ὁ
1026 5570 1182 5645 θεὸς,
1217 5572 1313 5634 καὶ
1341 5572 1593 5636 εἴδωλον
1615 5571 1827 5633 ἑαυτοῦ
1855 5567 2245 5647 θεασάμενος,

2356 761 2661 838 προῆλθεν
2691 760 2775 825 εἰς
2803 758 2954 837 ὅλην
2981 758 3092 838 τὴν
3116 760 3405 841 μεριστὴν
3427 764 3830 845 δημιουργίαν.
3907 767 4064 829 Pro-

2357 858 2561 923 ditum
2593 858 2789 945 igitur
2833 874 2969 925 erat
3010 860 3074 924 in
3119 861 3394 949 antiquis
3436 865 3873 952 Cosmogoniis
3902 867 4057 931 Dio-

2358 984 2585 1049 nysum
2614 984 2733 1025 sua
2775 961 2980 1049 ipsum
3011 963 3238 1042 forma,
3266 987 3455 1051 quam
3502 966 3567 1030 in
3614 966 3870 1054 speculo
3913 992 4061 1033 con-

2358 1064 2679 1150 spexisset,
2734 1063 3112 1130 delectatum
3163 1065 3357 1153 hujus
3398 1067 3619 1133 formae
3668 1069 4060 1136 imitatricem

2356 1164 2519 1231 hanc
2547 1189 2760 1231 rerum
2806 1181 3092 1233 naturam
3133 1191 3519 1256 procreasse.
3608 1171 3803 1237 Unde
3844 1195 4060 1238 conse·

2349 1291 2549 1356 quens
2579 1285 2734 1348 erat,
2756 1286 2827 1335 ut
2856 1271 3150 1335 humanae
3177 1271 3401 1336 animae
3432 1272 3790 1338 dicerentur
3817 1289 3880 1339 et
3906 1274 4057 1362 ipsae

2349 1393 2525 1435 suam
2556 1371 2890 1459 imaginem
2934 1371 3001 1436 in
3044 1372 3164 1437 hoc
3205 1372 3472 1460 Dionysi
3517 1374 3770 1462 speculo
3809 1377 4056 1465 conspi-

2351 1489 2507 1538 catoe
2550 1496 2790 1561 suaque
2830 1473 3258 1561 pulcritudine
3299 1475 3628 1542 oblectatae
3672 1477 3753 1541 ad
3799 1501 4061 1566 corpora

2352 1575 2673 1641 induenda
2742 1576 3047 1664 impetum
3108 1577 3343 1665 cepisse
3401 1579 3801 1667 desuperque
3866 1580 4060 1669 lapsae

2349 1701 2501 1743 esse.
2593 1680 3011 1767 Conjunctam
3042 1681 3203 1745 hanc
3232 1680 3510 1746 fabulam
3543 1706 3674 1747 esse
3703 1705 3851 1747 cum
3890 1686 4055 1748 Nar-

2353 1781 2491 1845 cissi
2521 1781 2674 1861 fat0,
2701 1781 2848 1847 alibi
2885 1784 3365 1848 commonstravi
3396 1784 3477 1849 ad
3508 1807 3576 1873 p.
3603 1787 3712 1870 56.
3746 1787 3822 1849 F.
3900 1787 4052 1874 Spe-

2353 1882 2478 1947 culi
2523 1900 2733 1948 autem
2794 1884 3155 1971 Dionysiaci
3201 1885 3525 1973 antiquam
3583 1909 3715 1951 esse
3767 1901 4054 1953 tesseram

2354 2008 2476 2049 non
2509 1987 2700 2052 modo
2728 1986 2992 2051 Proclus
3012 2001 3232 2052 auctor
3258 2002 3375 2065 est,
3406 1987 3448 2051 l.
3467 1986 3537 2069 L,
3567 1988 3678 2054 sed
3706 1988 4059 2077 loquuntur

2353 2087 2537 2152 etiam
2601 2089 2821 2176 priscoe
2865 2089 3017 2154 artis
3064 2105 3494 2170 monumenta,
3536 2091 3600 2155 in
3647 2091 3869 2179 primis
3896 2093 4059 2158 Vasa

2351 2191 2523 2278 picta
2554 2193 2924 2257 Graecorum
2969 2208 3033 2257 et
3076 2193 3214 2280 ipsa
3249 2194 3503 2280 specula
3546 2194 3609 2258 in
3656 2193 4059 2281 religionibus

2351 2293 2634 2358 adhiberi
2665 2294 2846 2359 solita
2872 2318 3018 2359 cum
3045 2298 3459 2360 Etruscorum
3480 2311 3615 2360 tum
3646 2297 4050 2372 Graecorum;

2352 2396 2433 2462 de
2460 2398 2695 2485 quibus
2722 2413 2786 2463 et
2828 2399 2962 2487 ipse
3000 2399 3184 2486 plura
3226 2399 3545 2487 disputavi
3590 2401 3651 2465 in
3700 2401 4060 2489 Symbolica

2354 2516 2417 2565 et
2464 2499 2868 2589 Mythologia
2913 2502 3055 2565 ΙΙΙ.
3096 2525 3158 2588 p.
3190 2521 3342 2587 301.
3387 2526 3453 2590 p.
3484 2520 3635 2588 392.
3668 2526 3761 2589 sq.
3805 2526 3870 2590 p.
3902 2522 4056 2590 425.

2355 2625 2492 2690 sqq.
2522 2622 2672 2686 497.
2703 2627 2845 2690 sqq.
2876 2626 2939 2690 p.
2969 2606 3117 2688 556.
3151 2627 3247 2691 sq.
3268 2604 3369 2669 ed.
3402 2603 3577 2670 alter.
3614 2619 3678 2669 et
3707 2627 3909 2693 nuper
3952 2629 4058 2672 ex·

2353 2705 2564 2793 posuit
2583 2704 2972 2769 doctissimus
3001 2707 3390 2772 Franciscus
3412 2708 3785 2796 Ing-kirami
3814 2707 3879 2772 in
3911 2708 4056 2773 Μο-

2351 2810 2639 2872 numenti
2669 2809 2979 2872 Etruschi
3008 2809 3235 2896 passim
3267 2826 3353 2888 et,
3386 2809 3744 2875 Plotiniano
3772 2809 3892 2876 hoc
3920 2809 4057 2876 loco

2352 2908 2638 2974 adhibito
2665 2933 2727 2997 p.
2760 2910 2907 2996 383.
2942 2924 3006 2974 et
3033 2934 3096 2997 p.
3124 2929 3277 2996 425.
3356 2912 3528 2977 Hinc
3558 2912 3743 2976 multi
3765 2911 3883 2977 loci
3915 2914 4060 2977 Pla-

2354 3011 2698 3077 tonicorum
2732 3013 3106 3100 explicandi.
3199 3013 3323 3091 Sic,
3357 3028 3429 3078 ut
3458 3015 3576 3079 hoc
3607 3028 3770 3091 utar,
3796 3016 4059 3080 Procius

2351 3114 2416 3177 in
2451 3114 2661 3180 Alcib.
2693 3116 2881 3202 prior.
2916 3139 2982 3204 p.
3026 3118 3169 3180 108.
3194 3116 3294 3182 ed.
3319 3132 3513 3182 nostr.
3546 3119 3637 3182 ὅτι
3664 3118 3703 3197 ἡ
3732 3119 3930 3200 πρώτη
3958 3122 4060 3199 τῆς

2356 3217 2606 3297 οἰήσεως
2652 3220 2811 3283 αἰτία
2855 3221 2952 3283 καὶ
2997 3224 3102 3283 τοῦ
3142 3221 3333 3302 τύφου
3382 3221 3477 3284 καὶ
3521 3223 3624 3298 τῆς
3665 3220 3889 3300 ἀπάτης
3932 3226 4060 3290 ταῖς

2353 3326 2584 3404 ψυχαῖς
2612 3320 2680 3383 τὸ
2711 3321 2881 3401 σῶμά
2912 3323 3043 3385 ἐστι
3072 3321 3169 3386 καὶ
3195 3321 3234 3402 ἡ
3260 3323 3395 3401 ὕλη,
3418 3321 3570 3400 καὶὴ
3598 3322 3735 3403 περὶ
3764 3322 3946 3402 αὐτὴν
3973 3324 4056 3387 εί·

2356 3423 2575 3502 δωλικῆ
2627 3425 2998 3505 σκιαγραφία
3052 3429 3171 3487 τῶν
3229 3426 3418 3488 εῖδῶν.
3496 3421 3934 3510 Olympiodor.
3990 3423 4055 3487 in

2350 3524 2623 3588 eundem
2668 3548 2731 3611 p.
2768 3539 2914 3607 217.
3004 3523 3225 3589 Alium
3279 3524 3558 3611 ejusdem
3616 3523 4055 3612 Olympiodori

2349 3626 2554 3690 locum
2586 3650 2662 3690 ex
2696 3628 2944 3691 Comm.
2973 3627 3039 3689 in
3078 3626 3381 3691 Phaedon.
3412 3626 3494 3690 ad
3526 3626 3660 3691 haec
3702 3625 4054 3691 Plotiniana

2349 3728 2641 3793 adhibuit
2673 3726 3134 3791 Platonicorum
3181 3726 3573 3790 decretorum
3618 3726 4051 3815 intelligentis-

2348 3833 2541 3897 simus
2574 3831 2701 3894 Th.
2733 3829 2993 3918 Taylor‚
3026 3827 3197 3892 unde
3224 3827 3469 3892 initium
3505 3828 3568 3893 h.
3591 3829 3630 3892 l.
3664 3828 4045 3894 adscribam:

2349 3943 2392 3974 “
2427 3935 2508 3998 In
2539 3933 2725 3997 order
2754 3947 2821 3997 to
2850 3930 2958 3997 the
2987 3928 3175 3994 soul's
3221 3930 3476 3995 descent
3518 3932 3566 3996 it
3611 3931 3665 3995 is
3701 3954 4047 4019 necessary,

2345 4035 2483 4101 that
2502 4035 2612 4100 she
2641 4033 2869 4099 should
2899 4033 3032 4097 first
3059 4032 3355 4097 establish
3383 4055 3464 4097 an
3495 4033 3699 4121 image
3727 4034 3802 4098 of
3824 4034 4058 4099 herself

2344 4138 2409 4202 in
2442 4137 2549 4202 the
2588 4137 2799 4226 body;
2847 4135 2973 4200 and
3009 4134 3075 4198 in
3106 4133 3214 4199 the
3258 4135 3484 4200 second
3528 4136 3726 4223 place,
3758 4136 3894 4202 that
3939 4137 4048 4201 she

2347 4240 2574 4305 should
2620 4238 3010 4327 sympathize
3043 4236 3190 4302 with
3223 4238 3329 4301 the
3372 4237 3577 4325 image
3619 4239 3956 4325 according
3985 4255 4049 4302 to

2345 4368 2384 4408 a
2428 4342 2767 4407 similitude
2809 4341 2885 4405 of
2921 4341 3103 4406 form.
3196 4342 3328 4404 For
3370 4363 3559 4427 every
3590 4340 3751 4405 form
3800 4340 4048 4405 hastens

2344 4446 2479 4511 into
2515 4469 2555 4510 a
2600 4467 2907 4509 sameness
2950 4442 3097 4507 with
3142 4441 3330 4519 itself‚
3383 4442 3660 4531 through
3708 4466 3790 4507 an
3837 4442 4048 4509 innate

2343 4570 2771 4635 convergency
2819 4561 2885 4610 to
2927 4544 3152 4610 itself.''
3242 4547 3563 4609 Caeterum
3609 4545 3743 4610 hoec
3787 4544 3867 4608 de
3910 4545 4041 4609 ani-

2345 4675 2589 4716 marum
2622 4650 2801 4737 lapsu
2832 4664 2896 4713 et
2924 4647 3195 4711 vitarum
3227 4646 3407 4711 fluxu
3443 4647 3653 4734 attigit
3695 4646 3879 4711 etiam
3918 4648 3964 4709 J
3970 4671 4039 4711 u-

2344 4753 2547 4817 lianus
2601 4754 2770 4838 Imp.
2821 4753 3001 4815 Orat.
3056 4751 3173 4814 IV.
3234 4772 3302 4837 p.
3351 4767 3494 4815 222.
3546 4749 3884 4837 Spanbem.
3934 4748 4041 4812 ubi

2340 4854 2503 4919 idem
2541 4854 2653 4918 has
2680 4851 2927 4917 fabulas
2973 4865 3356 4937 tesserasque
3400 4850 3480 4914 ad
3529 4849 3812 4915 Platonis
3843 4850 4039 4914 Ploti-

2343 4957 2555 5043 nique‚
2585 4956 2732 5019 item
2768 4953 3106 5042 Porphyrii
3143 4971 3204 5019 et
3250 4951 3580 5018 Iamblichi
3610 4968 3878 5018 mentem
3913 4976 4042 5017 esse

2340 5058 2743 5148 explicandas
2768 5058 2951 5122 dicit:

2421 5164 2586 5227 —6.
2638 5161 2788 5244 κάρα
2816 5163 2881 5225 δὲ
2912 5161 3115 5227 αὐταῖς
3148 5159 3485 5242 ἐστήρικται
3513 5161 3786 5244 ὑπεράνω
3813 5163 3917 5222 τοῦ
3945 5159 4042 5221 οὗ·

2335 5267 2545 5351 ρανοΰ]
2603 5263 2790 5329 Iliad.
2827 5268 2878 5328 δ.
2910 5282 3061 5348 443.
3096 5260 3176 5325 de
3207 5262 3441 5326 Eride:

2566 5381 2610 5425 Ο
2612 5368 3219 5445 ὗρανῷέστὴριξεκιίρη,
3247 5368 3621 5438 καὶέπὶχθονι
3650 5365 3835 5431 βαίνει.

2339 5464 2520 5529 Libri
2550 5476 2761 5527 autem
2796 5462 2996 5525 MSS.
3030 5460 3222 5525 nostri
3254 5482 3468 5525 omnes
3499 5458 3729 5522 habent
3762 5458 3930 5539 κάρα,
3961 5459 4043 5524 de

2333 5589 2466 5653 qua
2492 5566 2697 5723 fornia
2730 5562 2933 5628 Schol.
2968 5562 3171 5627 minor
3201 5563 3262 5626 in
3311 5561 3491 5626 Iliad
3521 5585 3584 5624 π.
3618 5578 3784 5645 392:
3833 5561 3903 5625 οὐ
3932 5561 4036 5625 λέ-

2449 5673 2501 5724 Ε
2540 5678 2578 5723 e
2737 5723 2741 5728 .
