5118 6613
1031 518 1160 604 326

1042 692 1145 753 τοῦ
1186 691 1452 769 βεβαίως
1494 691 1779 771 ἐνεργεῖν,
1809 689 1964 769 ὅμως
2003 689 2270 753 τοιαῦταί
2305 692 2477 764 εἰσιν,
2511 688 2616 772 ἀφ’
2645 691 2728 753 ὧν

1046 789 1114 855 τὸ
1145 792 1289 875 ἕχον
1317 790 1557 857 δύναται
1587 793 1626 856 ἃ
1653 790 1915 871 δύναται,
1946 794 2104 856 ὥστε
2133 794 2195 856 αἱ
2222 797 2485 857 τοιαῦται
2513 794 2726 857 ἀδυνα-

1042 895 1171 973 μίαι
1198 895 1573 979 περιέχονται
1618 897 1685 960 ἐν
1711 899 1781 976 τῇ
1825 897 1972 960 κατὰ
2008 895 2117 974 τὴν
2143 892 2424 976 ποιότητα
2467 895 2725 976 δυνάμει.

1048 1000 1103 1063 εἰ
1130 1001 1196 1063 δὲ
1227 1001 1321 1064 καὶ
1352 1002 1498 1064 κατὰ
1520 997 1949 1082 Ἀριστοτέλην
1976 995 2045 1062 τὸ
2077 1002 2403 1081 πολλαχῶς
2428 1002 2529 1078 τῆς
2554 997 2728 1063 δυνά-

1044 1124 1197 1179 μεως
1237 1098 1572 1182 διελόμεθα,
1605 1102 1701 1165 καὶ
1745 1102 1926 1167 οὕτως
1969 1102 2002 1163 6
2049 1105 2154 1164 τοῦ
2192 1102 2506 1164 Πλωτίνου
2549 1098 2733 1183 λόγος

1046 1202 1143 1266 καὶ
1172 1205 1268 1268 ἐπὶ
1295 1207 1397 1284 τῆς
1423 1202 1719 1282 δυνάμεως
1761 1201 2138 1281 συνθήσεται,
2173 1202 2268 1266 καὶ
2312 1203 2408 1267 ἐπὶ
2449 1205 2550 1280 τῆς
2593 1204 2729 1266 ἀδυ-

1046 1307 1275 1385 ναμίας.
1332 1310 1555 1390 ἑξαχῶς
1601 1308 1802 1371 τοίνυν
1851 1304 2178 1387 λεγομένης
2223 1302 2357 1387 παρ’
2405 1305 2586 1369 αὐτοῦ
2634 1309 2735 1385 τῆς

1045 1411 1358 1492 δυνάμεως,
1389 1413 1548 1492 ἄλλη
1589 1412 1704 1492 μέν
1741 1414 1907 1476 ἐστιν
1934 1412 1972 1492 ἡ
2006 1409 2123 1476 ἀπὸ
2165 1415 2271 1475 τοῦ
2312 1411 2571 1492 δυνάμει,
2607 1410 2732 1476 καθ’

1042 1512 1116 1592 ἣν
1144 1513 1274 1579 οἶόν
1301 1541 1367 1580 τε
1398 1519 1466 1582 ἐν
1496 1516 1910 1599 ἐπιτηδειότητι
1955 1517 2125 1592 εἶναι,
2159 1518 2236 1585 ὡς
2259 1515 2505 1585 δυνατὸς
2532 1519 2567 1581 ὁ
2596 1523 2733 1585 παῖς

1044 1619 1403 1699 ἀναγνῶναι,
1436 1621 1512 1687 ὡς
1554 1618 1989 1701 ἐπιτηδειότητα
2032 1622 2205 1704 ἔχων.
2254 1621 2347 1684 καὶ
2376 1623 2536 1700 ἄλλη
2565 1621 2603 1700 ἡ
2633 1625 2733 1700 τῆς

1046 1718 1504 1801 ἐπιτηδειότητος
1541 1720 1862 1802 τελειότης,
1908 1722 2060 1806 ἀρχὴ
2109 1723 2263 1787 οὐσα
2309 1722 2609 1802 κινήσεως,
2657 1724 2734 1789 ὣς

1047 1822 1292 1891 δυνατὸς
1334 1826 1690 1909 ἀναγνῶναι,
1733 1829 1766 1890 6
1811 1825 2123 1907 γράμματα
2166 1826 2348 1892 εἰδώς·
2399 1828 2541 1906 αὕτη
2587 1829 2652 1890 δὲ
2694 1828 2731 1906 ἡ

1046 1924 1303 2005 δύναμις,
1353 1927 1448 1991 καὶ
1492 1927 1837 2011 ἐντελέχεια
1881 1926 2146 2010 λέγεται,
2190 1932 2285 1991 καὶ
2327 1925 2471 2008 πρὸς
2514 1925 2732 2008 ταύτην

1046 2028 1260 2108 ἀτελὴς
1285 2031 1322 2109 ἡ
1349 2032 1546 2111 πρώτη
1575 2027 1814 2109 δύναμις
1839 2029 1934 2093 καὶ
1960 2031 2251 2109 ἀδυναμία
2295 2029 2465 2093 ἔσται
2491 2027 2605 2093 ὑπὸ
2633 2034 2734 2109 τῆς

1044 2131 1291 2198 ἀτελοῦς
1318 2132 1614 2212 δυνάμεως
1639 2132 2050 2216 περιεχομένη·
2099 2134 2300 2200 ἄλλως
2342 2135 2407 2197 δὲ
2450 2132 2734 2215 λέγονται

1044 2232 1178 2316 παρ’
1212 2235 1366 2321 αὐτῷ
1412 2235 1703 2316 δυνάμεις,
1733 2237 1835 2314 ἥτε
1878 2236 2144 2316 ποιητικὴ
2174 2237 2269 2300 καὶ
2295 2239 2332 2316 ἡ
2360 2237 2665 2317 παθητικὴ,
2697 2238 2734 2317 ἡ

1044 2338 1176 2414 μὲν,
1207 2337 1299 2400 ὅτι
1341 2335 1439 2401 ἀπ’
1470 2338 1645 2419 αὐτῆς
1691 2341 1773 2405 εἷς
1818 2338 2041 2420 ἕτερον,
2072 2340 2108 2419 ἡ
2138 2341 2223 2413 δὲ,
2255 2341 2347 2404 ὅτι
2393 2339 2495 2423 ἀφ’
2531 2341 2734 2424 ἑτέρου

1045 2442 1127 2506 εἷς
1156 2440 1319 2503 αὐτό.
1353 2441 1448 2505 καὶ
1474 2439 1658 2505 πάλιν
1684 2442 1722 2521 ἡ
1753 2444 1820 2505 ἐν
1847 2444 1928 2527 τῷ
1958 2441 2218 2525 πάσχειν
2249 2445 2488 2523 δύναμις
2515 2446 2728 2509 ἀδυνα-

1041 2543 1147 2621 μία
1198 2542 1368 2607 ἔσται
1412 2548 1517 2607 τοῦ
1558 2551 1770 2619 ποιεῖν,
1819 2547 1886 2609 ἐν
1934 2543 2104 2630 ἑτέρα
2148 2546 2390 2626 δυνάμει
2440 2548 2616 2625 οὐσα,
2664 2550 2735 2628 τῇ

1044 2648 1191 2709 κατὰ
1231 2645 1300 2709 τὸ
1347 2645 1629 2730 πάσχειν·
1672 2649 1872 2735 ἄλλως
1914 2650 1979 2711 δὲ
2022 2647 2208 2713 πάλιν
2253 2647 2499 2729 δύναμιν
2539 2650 2727 2731 λέγει,

1043 2748 1168 2812 καθ’
1199 2748 1273 2826 ἣν
1299 2751 1480 2828 μόνος
1520 2775 1607 2816 τις
1646 2747 1682 2828 ἢ
1728 2750 1977 2813 κάλλιον
2002 2756 2121 2814 τῶν
2149 2752 2355 2815 ἀλλων
2382 2758 2557 2826 ποιεῖ,
2592 2754 2668 2819 ὦς
2696 2755 2729 2816 6

1041 2852 1298 2930 βαδίζων
1324 2854 1476 2916 ὅσον
1504 2852 1611 2916 οὐκ
1653 2854 1859 2926 ἄλλος,
1894 2853 1989 2917 καὶ
2018 2855 2051 2916 6
2081 2853 2499 2934 διανηξάμενος
2539 2854 2726 2919 πέλα-

1040 2978 1148 3034 γος
1175 2954 1326 3015 ὅσον
1354 2953 1466 3036 οὐχ
1496 2954 1714 3035 ἔτερος,
1748 2955 1844 3017 καὶ
1869 2953 2054 3019 πάλιν
2081 2956 2118 3035 ἡ
2148 2957 2449 3024 ἀντίθετος
2490 2954 2727 3037 ταύτην·

1039 3055 1107 3119 τὸ
1155 3058 1271 3139 γὰρ
1315 3056 1640 3136 δυνάμενόν
1667 3083 1724 3121 τι
1762 3064 1968 3141 χεῖρον
2009 3064 2223 3123 παθεῖν
2258 3061 2520 3141 λέγομεν
2570 3061 2732 3145 ἔχειν

1039 3155 1246 3223 τούτου
1289 3155 1553 3238 δύναμιν,
1585 3161 1662 3227 ὦς
1703 3165 1782 3246 τῷ
1828 3161 2113 3247 ἀνθρώπῳ
2139 3166 2244 3225 τοῦ
2271 3166 2591 3245 φθαρῆναι.
2639 3168 2734 3232 καὶ

1040 3267 1223 3345 δῆλον
1252 3265 1344 3328 ὅτι
1372 3264 1646 3348 στέρησίς
1674 3267 1840 3331 ἐστιν
1867 3266 1904 3346 ἡ
1935 3262 2174 3345 δύναμις
2216 3266 2378 3344 αὕτη,
2414 3267 2509 3331 καὶ
2553 3270 2733 3336 οὕτως

1040 3369 1076 3448 ἡ
1107 3369 1396 3449 ἀδυναμία
1437 3375 1555 3432 τῶν
1599 3372 1934 3449 βελτιόνων
1973 3367 2214 3449 δύναμις
2259 3370 2429 3433 ἔσται
2469 3371 2617 3453 πρὸς
2659 3375 2734 3437 τὰ

1041 3473 1304 3555 χείρονα,
1361 3471 1457 3535 καὶ
1509 3474 1766 3537 καθόλου
1812 3473 1850 3553 ἡ
1902 3471 2120 3554 ἑτέρων
2170 3473 2459 3552 ἀδυναμία
2520 3474 2730 3539 ἄλλων

1042 3577 1211 3641 ἔσται
1239 3574 1497 3655 δύναμις,
1531 3575 1627 3639 καὶ
1653 3576 1758 3640 οὐκ
1788 3577 2087 3655 ἐξίσταται
2115 3574 2495 3639 παντάπασιν
2521 3577 2559 3657 ἦ
2590 3578 2726 3641 ἀδυ-

1042 3681 1222 3759 ναμία
1249 3683 1355 3744 τοῦ
1380 3679 1569 3762 λόγου
1597 3683 1699 3759 τῆς
1724 3677 2040 3759 δυνάμεως,
2071 3677 2211 3744 ἀλλ’
2239 3677 2334 3742 ὑπ’
2367 3678 2546 3743 αὐτοῦ
2590 3705 2726 3761 κρα-

1037 3788 1242 3846 τεῖται.
1287 3784 1361 3845 τὰ
1388 3784 1504 3864 γὰρ
1541 3783 1724 3860 ἀτελῆ
1763 3782 2153 3859 συνείληπται
2197 3782 2264 3845 ἐν
2291 3786 2414 3847 τοῖς
2454 3783 2724 3848 τελείοις·

1038 3884 1135 3949 ἀπ’
1182 3885 1373 3948 αὐτῶν
1416 3887 1531 3966 γὰρ
1577 3884 1703 3967 ἔχει
1754 3884 1864 3963 τὴν
1908 3885 2102 3948 αἰτίαν
2149 3887 2255 3948 τοῦ
2305 3884 2476 3948 εἶναι·
2530 3886 2624 3948 καὶ
2670 3884 2731 3948 αὶ

1038 3987 1349 4066 ἀδυναμίαι
1375 3986 1481 4050 οὐν
1507 3985 1882 4069 περιέχονται
1912 3988 1979 4051 ἐν
2005 3990 2085 4072 τῷ
2115 3991 2215 4065 τῆς
2242 3986 2538 4066 δυνάμεως
2565 3990 2729 4073 λόγῳ

1041 4095 1116 4159 ὡς
1145 4091 1221 4156 ἂν
1248 4096 1349 4171 τῆς
1376 4092 1703 4172 πρωτίσ-Γης
1747 4090 1841 4152 καὶ
1893 4087 2262 4167 τελειοτάτης
2290 4088 2602 4169 δυνάμεως,
2636 4090 2731 4153 καὶ

1042 4196 1138 4259 ἐπὶ
1165 4198 1239 4259 τὰ
1268 4192 1674 4274 ἀσθενέστερα
1703 4189 2029 4271 διηκούσης.
2075 4193 2170 4254 διᾶ
2197 4195 2368 4254 τοῦτο
2401 4191 2496 4255 καὶ
2522 4193 2561 4272 ἦ
2591 4194 2726 4272 ἀρε-

1039 4299 1111 4380 τὴ
1137 4301 1417 4383 γινώσκει
1458 4297 1566 4377 τὴν
1608 4297 1831 4361 κακίαν.
1876 4298 1928 4359 εἰ
1971 4297 2036 4358 δὲ
2080 4299 2272 4369 τοῦτο,
2306 4296 2401 4359 καὶ
2427 4297 2465 4374 ἡ
2492 4298 2729 4375 ποιότης

1037 4406 1141 4469 τᾶς
1169 4402 1486 4480 ἀδυναμίας
1511 4399 1785 4483 περιέξει,
1818 4401 1914 4463 διὰ
1942 4398 2009 4462 τὸ
2040 4399 2136 4462 καὶ
2163 4395 2375 4464 ταύτας
2402 4400 2729 4462 ὁποιασοῦν

1040 4505 1191 4569 εἶναι
1221 4503 1511 4583 δυνάμεις.
1556 4499 1593 4583 ἢ
1624 4503 1719 4568 καὶ
1749 4504 1811 4567 αἱ
1839 4501 2150 4581 ἀδυναμίαι
2181 4501 2275 4565 καὶ
2305 4504 2367 4565 αἱ
2396 4501 2722 4583 στερήσεις,

1037 4607 1306 4686 δυνάμεις
1336 4609 1481 4670 κατὰ
1501 4611 1672 4670 τοῦτο
1692 4606 1993 4687 λέγονται,
2018 4606 2110 4668 ὅτι
2136 4608 2371 4669 ποιοῦσι
2400 4607 2474 4668 τὰ
2503 4607 2727 4668 ἑαυτῶν

1038 4712 1206 4794 ἔργα,
1234 4710 1538 4789 ποιότητες
1564 4709 1739 4772 οὐσαι
1769 4708 1862 4772 καὶ
1892 4708 2080 4781 αὐταὶ,
2113 4707 2207 4771 καὶ
2233 4707 2434 4774 ποιοὺς
2460 4705 2720 4790 παρεχό-

1033 4839 1207 4895 μεναι
1249 4812 1382 4878 τοὺς
1425 4811 1691 4894 ἔχοντας,
1739 4810 1834 4874 καὶ
1873 4812 2106 4892 μορφᾶς
2150 4810 2498 4893 ἐπάγουσαι,
2532 4814 2586 4875 εἰ
2629 4812 2724 4875 καὶ

1036 4916 1396 5000 ἀσχήμονας,
1449 4914 1544 4978 καὶ
1587 4909 1732 4977 διότι
1779 4914 1892 4992 μὲν
1936 4912 2137 4979 ποιοὺς
2178 4912 2540 4997 παρέχονται
2590 4913 2725 4980 τοὺς

1030 5018 1390 5102 μετέχοντας
1430 5017 1641 5090 αὐτῶν,
1688 5013 1992 5096 ποιότητες
2034 5014 2337 5097 λέγονται.
2401 5015 2526 5079 καθ’
2573 5018 2723 5081 ὅσον

1033 5125 1099 5188 δὲ
1145 5122 1240 5186 καὶ
1277 5122 1352 5184 τὰ
1395 5122 1581 5183 οἰκεῖα
1624 5118 1771 5201 ἔργα
1814 5120 2195 5194 ἀποτελοῦσι,
2224 5117 2584 5201 ῥηθήσονται
2627 5120 2723 5183 καὶ

1031 5224 1320 5305 δυνάμεις.
1365 5224 1518 5288 ὅλως
1560 5224 1625 5286 δὲ
1671 5219 1797 5285 καθ’
1831 5220 2088 5301 ἑκάστην
2122 5223 2476 5304 κατηγορίαν
2502 5220 2617 5285 ὑπὸ
2647 5221 2717 5285 τὸ

1992 516 2827 581 ANNOTATIONES
2890 516 3002 579 IN
3063 516 3525 581 PLOTINI

2812 693 3020 753 ποιοῦν
3049 689 3207 754 εῖναί
3231 698 3401 771 φησι,
3432 688 3650 771 λέγων·
3693 686 3729 769 ἢ
3759 691 3963 757 ἅπλῶς
4001 691 4120 755 ὅσα
4151 694 4299 755 κατὰ
4328 690 4504 756 δύνα-

2811 816 2913 870 μιν
2942 791 3199 874 φυσικὴν
3225 789 3262 871 ἢ
3291 793 3616 872 ἀδυναμίαν
3642 791 3907 875 λέγεται.

2903 917 2965 982 p.
2994 897 3180 978 1058,
3218 914 3311 976 17.
3343 897 3472 975 Τὴν
3500 898 3565 960 δὲ
3593 893 3893 975 ποιότητα,
3926 894 4030 977 ἀφ’
4063 896 4131 976 ἦς
4174 899 4208 961 ὁ
4249 895 4505 980 λεγόμε-

2818 1022 2918 1064 νος
2944 998 3128 1073 ποιὸς,
3162 1003 3254 1062 δεῖ
3277 998 3615 1080 λαμβάνειν
3642 1005 3875 1080 πρῶτον
3905 1000 3992 1066 τίς
4032 1000 4187 1064 οὐσα
4226 1001 4362 1068 τοὺς
4404 1010 4508 1066 λε·

2816 1099 3103 1183 γομένους
3143 1101 3344 1168 ποιοὺς
3385 1101 3708 1184 παρέχεται
3755 1102 3997 1190 κ.τ.λ.]
4049 1104 4151 1167 Ita
4188 1126 4266 1167 ex
4300 1103 4508 1168 Codd.

2816 1202 3105 1267 dedimus
3134 1227 3248 1290 pro
3274 1211 3475 1286 πρῶτα
3512 1206 3599 1274 τὶς
3636 1206 3806 1270 οὐσα.
3888 1205 4259 1271 Aristoteles
4285 1207 4351 1271 in
4384 1210 4504 1273 Ca·

2819 1321 2988 1392 tegg.
3037 1330 3174 1393 cap.
3206 1308 3326 1371 VI.
3368 1326 3575 1393 1—3:
3638 1306 3919 1389 ποιότητα
3962 1311 4027 1372 δὲ
4070 1310 4233 1392 λέγω
4280 1310 4404 1376 καθ’
4433 1311 4509 1392 ἦν

2817 1411 2982 1473 ποιοί
3005 1434 3161 1477 τινες
3184 1407 3395 1498 [εἶναι]
3420 1410 3724 1493 λέγονται.
3759 1410 3942 1476 Ἔστι
3970 1413 4034 1474 δὲ
4062 1412 4100 1491 ἡ
4127 1410 4364 1493 ποιότης
4390 1418 4509 1480 τῶν

2817 1516 3166 1595 πλεοναχῶς
3191 1512 3555 1595 λεγομένων.
3596 1511 3719 1577 ’Ἓν
3745 1516 3859 1593 μὲν
3886 1515 3993 1578 οὐν
4024 1514 4177 1582 εἶδος
4204 1515 4511 1597 ποιότητος

2819 1615 2933 1693 ἕξις
2960 1615 3054 1679 καὶ
3083 1615 3341 1682 διάθεσις
3365 1617 3763 1698 λεγέσθωσαν
3792 1645 3845 1681 κ.
3868 1642 3924 1681 τ.
3943 1626 4002 1681 λ.
4081 1621 4243 1684 Mox
4274 1619 4339 1683 in
4368 1643 4505 1684 ver-

2816 1717 2911 1782 bis
2955 1719 3049 1782 καὶ
3091 1718 3333 1792 λεπτὸν,
3364 1718 3412 1783 si
3442 1718 3646 1784 Ficini
3683 1719 4022 1784 versionem
4065 1722 4366 1802 conferas,
4394 1747 4504 1788 ex·

2816 1821 3033 1886 cidisse
3062 1822 3230 1886 dicas
3259 1821 3353 1887 vel
3384 1823 3634 1902 πιμελὴς
3663 1823 3756 1886 vel
3790 1822 4070 1906 λιπαρόν.
4148 1824 4384 1890 Nullus
4410 1841 4503 1892 ta·

2819 1946 2956 1989 men
3004 1923 3300 1988 librorum
3350 1939 3696 1988 nostrorum
3731 1925 3885 2011 quid
3916 1925 4185 2012 amplius
4211 1927 4414 2007 offert,
4443 1945 4507 1994 et

2818 2027 2972 2092 solet
3021 2027 3249 2114 saepius
3296 2027 3385 2091 ita
3430 2027 3800 2093 Plotinianae
3852 2028 4138 2093 brevitati
4188 2031 4508 2097 consulere

2820 2130 3097 2210 FicinuS,
3134 2146 3204 2196 ut
3247 2130 3327 2195 de
3369 2154 3484 2195 suo
3525 2130 3758 2219 aliquid
3805 2131 4072 2218 adjiciat.
4164 2135 4327 2198 Mox
4362 2157 4505 2199 cum

2821 2233 3025 2298 Codd.
3058 2233 3187 2298 fere
3214 2234 3504 2299 omnibus
3531 2233 3740 2320 scripsi
3773 2234 3876 2317 ἀφ’
3906 2234 3976 2314 ἧς
4000 2235 4068 2299 τὸ
4095 2237 4241 2320 ἕχον
4268 2235 4508 2303 δύναται

2820 2337 2860 2401 ἃ
2888 2335 3129 2402 δύναται
3158 2360 3273 2424 pro
3300 2354 3596 2423 corrupto
3623 2337 3691 2401 τὸ
3722 2338 4003 2421 ἔσχατον.

2906 2462 2973 2526 p.
3002 2459 3186 2525 1059‚
3221 2458 3315 2505 12.
3360 2438 3535 2504 Ἀλλ’
3567 2441 3683 2522 ἄρα
3726 2444 3874 2505 κατὰ
3915 2444 4020 2508 τὰς
4063 2438 4153 2505 ἐπ’
4185 2443 4365 2511 αὐτᾶς
4406 2448 4511 2514 τὰς

2820 2543 3025 2610 οὐσίας
3068 2542 3356 2623 δυνάμεις,
3386 2542 3516 2607 οῖον
3552 2543 3588 2622 ἡ
3627 2542 3869 2621 πυκτικῆ
3913 2539 4202 2631 δύναμις]
4250 2545 4508 2610 Ficinus

2817 2643 3085 2709 correxit
3135 2673 3182 2709 κ.
3229 2670 3283 2709 τ.
3327 2642 3451 2725 μετ’
3499 2645 3677 2712 αὐτὸς
3723 2670 3775 2708 τ.
3823 2646 3910 2709 οὐ.
3965 2651 4016 2710 δ.
4061 2645 4276 2734 itaque
4323 2649 4510 2715 vertit

2815 2747 3023 2827 etiam,
3054 2747 3222 2812 haud
3252 2747 3445 2813 dubie
3471 2762 3819 2812 commotus
3847 2748 4285 2835 sequentibus:
4336 2755 4508 2819 δύνα-

2813 2877 2908 2930 μις
2944 2856 3333 2933 προστιθεῖσα
3377 2856 3504 2919 ταῖς
3549 2851 3778 2919 οὐσίαις
3820 2850 3947 2931 μεθ’
3980 2854 4189 2921 ἑαυτὰς
4224 2854 4505 2941 (quidam

2815 2952 2956 3017 libri
3000 2954 3127 3034 μεθ’
3159 2957 3358 3037 αὐτὰς)
3403 2954 3471 3018 τὸ
3514 2960 3708 3021 ποιαῖς
3751 2954 3919 3019 εἶναι.
4010 2954 4169 3020 cod.
4199 2956 4402 3024 Vatic.
4445 2972 4510 3026 et

2822 3055 2954 3120 Cic.
2989 3056 3216 3121 habent
3248 3058 3521 3125 ἐπακτάς.
3612 3056 3800 3135 Quod
3830 3056 3879 3121 si
3910 3057 4303 3126 substituetis
4328 3065 4506 3129 ἐπακ-

2819 3160 2971 3238 τοὺς,
3024 3161 3350 3225 commoda
3407 3175 3696 3225 nascatur
3746 3161 4049 3227 sententia
4079 3187 4094 3226 :
4157 3166 4508 3232 secundum

2819 3263 3126 3349 potentias
3168 3264 3452 3358 esse-vitice
3491 3264 4043 3330 adventicius—ut
4077 3265 4344 3333 facultas
4384 3292 4505 3358 pu-

2817 3364 2975 3453 gilis.
3051 3369 3197 3453 Ego
3227 3382 3430 3431 tamen
3462 3382 3700 3432 tentare
3730 3366 3933 3432 locum
3965 3367 4157 3434 nolui.
4228 3372 4511 3460 Respicit

2815 3485 3024 3533 autem
3067 3469 3354 3535 Plotinus
3401 3469 3535 3535 haec
3576 3470 3935 3536 Aristotelis
3974 3474 4234 3562 Categg.
4269 3476 4390 3541 VI.
4424 3498 4504 3560 7:

2805 3570 3061 3653 Ἕτερον
3090 3575 3155 3637 δὲ
3183 3573 3358 3656 γένος
3398 3571 3720 3654 ποιότητος,
3755 3572 3880 3638 καθ’
3911 3573 3944 3638 δ
3973 3578 4278 3646 πυκτικοὺς
4305 3577 4343 3659 ἢ
4373 3585 4504 3663 δρο-

2814 3676 3014 3755 μικοὺς
3048 3673 3085 3755 ἢ
3114 3676 3402 3758 ὑγιεινοὺς
3442 3674 3480 3756 ἢ
3522 3678 3799 3743 νοσώδεις
3839 3676 4120 3760 λέγομεν·
4169 3681 4263 3745 καὶ
4304 3686 4509 3752 ἀπλῶς

2817 3780 2936 3843 ὅσα
2966 3782 3113 3842 κατὰ
3139 3780 3386 3858 δύναμιν
3415 3780 3672 3861 φυσικὴν
3699 3776 3735 3859 ἦ
3766 3781 4092 3860 ἀδυναμίαν
4117 3783 4381 3867 λέγεται.

2903 3905 2966 3968 p.
2990 3884 3173 3956 1060,
3196 3902 3257 3964 5.
3291 3881 3502 3965 αἶσχος
3530 3884 3594 3945 δὲ
3627 3882 3722 3946 καὶ
3749 3880 3929 3949 νόσος
3958 3884 4053 3947 καὶ
4082 3885 4384 3964 ἀσθένεια,
4411 3891 4508 3955 καὶ

2818 3986 3107 4064 ἀδυναμία
3158 3986 3357 4069 ὅλως]
3417 3983 3704 4049 Ficinum
3755 3984 3973 4072 legisse
4017 3988 4305 4076 conjicias
4358 4019 4410 4056 κ.
4443 3994 4505 4056 ἀ.

2816 4088 2992 4154 ὅπως.
3055 4088 3130 4150 In
3166 4087 3370 4152 Codd.
3404 4102 3610 4151 tamen
3641 4086 3814 4152 nulla
3841 4087 4125 4155 varietas.
4188 4093 4400 4179 Igitur
4425 4119 4507 4161 ex

2815 4187 3309 4274 praecedentibus
3336 4193 3457 4257 πῶς
3483 4189 3690 4253 animo
3718 4190 4127 4277 repetendum
4157 4208 4252 4259 est
4277 4211 4341 4260 et
4371 4220 4509 4262 ver-

2815 4290 3070 4356 tendum
3095 4317 3109 4357 :
3158 4307 3221 4356 et
3248 4292 3610 4380 impotentia
3637 4294 3708 4356 in
3739 4294 4133 4360 universum.

2899 4432 2985 4444 —
3015 4397 3107 4458 18.
3158 4398 3252 4461 καὶ
3279 4398 3316 4477 ἡ
3346 4398 3634 4477 ἀδυναμία
3678 4396 3773 4460 καὶ
3799 4397 3837 4477 ἡ
3868 4396 4232 4465 νόσος-καὶ
4258 4402 4296 4481 ἡ
4326 4400 4509 4472 νόσος

2815 4499 2909 4562 καὶ
2947 4499 2983 4579 ἡ
3021 4500 3240 4584 κακίω]
3292 4499 3554 4563 Aristot.
3587 4501 3850 4586 Categg.
3873 4501 3989 4564 VI.
4025 4519 4101 4585 7:
4148 4505 4394 4585 ὑγιεινοὶ
4438 4508 4507 4571 δὲ

2810 4599 3094 4682 λέγονται
3136 4606 3214 4688 τῷ
3261 4605 3505 4682 δύναμιν
3535 4603 3699 4685 ἔχειν
3726 4603 3983 4685 φυσικὴν
4018 4609 4125 4668 τοῦ
4163 4609 4347 4687 μηδὲν
4386 4608 4500 4673 πά-

2812 4728 2987 4785 σχειν
3031 4703 3145 4767 ὑπὸ
3196 4709 3314 4767 τῶν
3360 4702 3661 4788 τυχόντων
3703 4707 3931 4789 ῥᾳδίως·
3980 4709 4259 4776 νοσώδεις
4308 4712 4374 4773 δὲ
4421 4715 4502 4797 τῷ

2811 4807 3135 4885 ἀδυναμίαν
3165 4807 3329 4890 ἔχειν
3356 4808 3613 4889 φυσικὴν
3642 4812 3746 4872 τοῦ
3784 4811 3967 4889 μηδὲν
4006 4809 4268 4894 πάσχειν
4294 4815 4504 4897 ῥᾳδίως

2809 4907 2922 4971 ὑπὸ
2967 4912 3086 4972 τῶν
3128 4906 3444 4992 τυχόντων.
3538 4910 3719 4974 Idem
3757 4910 3820 4974 in
3855 4913 4065 4999 Topp.
4094 4914 4291 4978 VIII.
4328 4934 4386 4981 2.
4429 4940 4499 5005 p.

2808 5031 2954 5091 404.
2990 5010 3202 5099 Sylb.:
3249 5012 3617 5096 προφέρουσι
3660 5016 3793 5096 γὰρ,
3836 5016 3928 5078 ὅτι
3970 5019 4039 5095 τῇ
4082 5018 4274 5102 ὑγιείᾳ
4317 5015 4496 5083 ἐλάτ-

2807 5139 2934 5178 τονι
2966 5116 3094 5178 ὄντι
3119 5116 3322 5200 ἀγαθῷ
3349 5119 3450 5194 τῆς
3479 5115 3704 5195 εὐεξίας
3727 5122 3928 5196 μεῖζον
3952 5117 4131 5182 κακὸν
4157 5120 4496 5186 ἀντίκειται·

2806 5217 2913 5297 τὴν
2941 5220 3055 5300 γὰρ
3085 5215 3270 5281 νόσον
3295 5223 3494 5299 μεῖζον
3524 5218 3675 5283 εἶναι
3703 5219 3883 5283 κακὸν
3903 5224 4004 5299 τῆς
4034 5223 4324 5305 καχεξίας.
4391 5224 4496 5290 De

1031 5327 1171 5391 αὐτὸ
1217 5323 1392 5408 γένος
1435 5322 1721 5406 ἐλέγοντο
1768 5322 1863 5387 καὶ
1905 5324 1967 5385 αἱ
2011 5322 2318 5404 στερήσεις
2366 5323 2712 5406 ἀνάγεσθαι,
2803 5320 3021 5384 morbo
3049 5318 3193 5383 vide
3221 5319 3405 5385 etiam
3439 5320 3760 5385 Platonem
3793 5320 3857 5385 in
3890 5322 4137 5387 Timaeo
4177 5345 4244 5410 p.
4277 5325 4380 5409 89.
4424 5350 4494 5415 p.

1027 5427 1127 5511 ὐφ’
1174 5426 1207 5491 δ
1254 5428 1347 5491 καὶ
1391 5429 1453 5492 αῖ
1499 5427 1667 5505 ἔξεις.
1713 5430 1921 5508 σαφῶς
1966 5427 2031 5489 δὲ
2078 5426 2172 5489 καὶ
2217 5427 2251 5489 6
2295 5424 2717 5508 Ἀριστοτέλης

2807 5441 2948 5509 135.
2982 5423 3186 5488 Bekk.
3279 5422 3492 5511 Magis
3536 5437 3739 5488 tamen
3789 5423 3912 5488 huc
3955 5425 4105 5488 facit
4149 5424 4494 5516 disputatio

1028 5530 1239 5610 ὁμοίως
1281 5527 1348 5592 τὸ
1393 5531 1540 5593 κατὰ
1576 5526 1921 5608 ἀδυναμίαν,
1956 5528 2158 5609 ὥσπερ
2186 5526 2255 5591 τὸ
2294 5531 2442 5594 κατὰ
2468 5525 2715 5608 δύναμιν
2797 5527 2861 5591 in
2912 5524 3203 5614 Sophista
3245 5549 3310 5613 p.
3351 5527 3493 5592 228.
3538 5549 3605 5613 p.
3641 5546 3785 5612 150.
3826 5549 3961 5614 sqq.
4007 5526 4204 5592 Bekk.
4255 5528 4366 5595 ubi
4413 5533 4494 5597 de
