5118 6613
1567 518 1763 585 LIB.
1814 521 1870 585 Ι.
1916 519 2379 589 ENNEAD.
2427 523 2878 590 TERTIAE.
2928 548 2994 613 p.
3024 546 3173 607 411.

617 689 833 756 raclito
878 687 1067 755 Stoici
1114 689 1512 776 profecerint.
1605 691 1952 760 Stoicorum
2003 710 2214 762 autem
2257 711 2321 761 et

616 792 886 858 maxime
916 791 1258 881 Chrysippi
1287 792 1368 858 de
1397 794 1561 857 Fato
1589 791 1755 858 locos
1782 796 2076 884 expedire
2104 796 2319 863 studui

616 894 679 960 in
722 909 959 960 annott.
990 894 1056 959 in
1104 894 1389 960 Ciceron.
1429 895 1510 961 de
1555 897 1707 962 Nat.
1742 899 1969 965 Deorr.
2017 902 2079 965 Ι.
2118 921 2220 986 15.
2249 924 2312 989 p.

618 999 723 1084 67.
753 1019 888 1086 sqq.
937 998 1023 1064 cf.
1070 997 1225 1063 ibid.
1272 999 1745 1087 Wyttenbachii
1795 1002 2164 1068 Scholarum
2209 1025 2318 1069 ex-

613 1117 825 1191 cerpta
862 1101 945 1167 ad
990 1099 1136 1168 Lib.
1172 1103 1316 1167 111.
1347 1126 1483 1189 cap.
1514 1105 1577 1168 6.
1620 1126 1682 1192 p.
1708 1105 1856 1190 778.
1887 1130 1981 1193 sq.
2070 1107 2318 1186 Quibus

613 1225 785 1271 nunc
811 1205 975 1271 adde
1002 1205 1341 1272 doctissimi
1362 1208 1651 1296 Bag-neti
1677 1208 1995 1297 disputata
2014 1211 2091 1275 de
2110 1212 2314 1298 Chry-

611 1312 783 1400 sippi
822 1311 985 1391 Vita,
1015 1312 1306 1377 ἀοσινὸηα
1333 1322 1393 1377 et
1421 1314 1711 1401 reliquii-5
1751 1337 1823 1401 p.
1851 1336 1952 1400 94.
1986 1339 2120 1403 sqq.
2150 1330 2212 1380 et
2241 1339 2308 1404 p.

616 1415 758 1480 218.
791 1436 933 1502 sqq.
1020 1414 1235 1479 Etiam
1266 1414 1587 1480 Diodorus
1620 1416 1946 1482 Tarsensis
1980 1418 2307 1505 scripserat

613 1520 758 1582 κατ-ἆ
807 1520 1193 1600 ἀστρονόμων
1236 1520 1332 1583 καὶ
1381 1517 1791 1602 ἀστρολόγων*
1817 1521 1914 1585 καὶ
1962 1521 2310 1604 εἱμαρμένης

612 1633 765 1685 teste
811 1620 1007 1685 Suida
1059 1620 1117 1684 I.
1152 1643 1217 1708 p.
1237 1639 1387 1707 594.
1435 1621 1625 1685 Kust.
1670 1617 1947 1709 itemque
1980 1623 2117 1706 περὶ
2158 1649 2305 1706 προ-

611 1723 791 1791 νοίας.
879 1721 1020 1787 vid.
1065 1721 1243 1788 Suid.
1291 1722 1335 1789 l.
1368 1721 1409 1786 l.
1450 1737 1515 1788 et
1558 1722 1644 1787 cf.
1690 1721 1961 1788 Fabricii
2005 1723 2305 1790 Biblioth-

609 1825 724 1891 Gr.
790 1825 927 1890 IX.
979 1848 1045 1915 p.
1078 1826 1222 1912 278.
1284 1824 1557 1891 Harlesii
1615 1840 1679 1890 et
1730 1827 1929 1891 Lucae
1987 1826 2301 1893 Holstenii

605 1926 897 2016 Epistoll.
929 1951 992 2017 p.
1015 1949 1115 2015 95.
1160 1949 1298 1993 100.
1331 1942 1397 1994 et
1428 1929 1571 1994 106.
1605 1927 1704 1993 ed.
1749 1929 2135 1994 Boissonadii
2179 1930 2301 1996 hu·

594 2028 831 2119 jusque
855 2044 1159 2097 annotatt.
1213 2031 1320 2096 Cf.
1351 2030 1539 2095 etiam
1585 2029 1859 2096 Sallustii
1899 2030 2179 2097 libellum
2216 2034 2299 2100 de

603 2132 745 2198 Diis
771 2148 834 2199 et
865 2133 1121 2199 Mundo
1149 2158 1201 2200 c.
1223 2155 1289 2219 9.
1316 2134 1487 2221 quod
1516 2148 1708 2223 caput
1733 2133 2127 2200 inscribitur:
2159 2139 2296 2221 περὶ

3980 543 4099 613 ¹35

2406 696 2618 785 itaque
2647 713 2710 763 et
2749 720 2879 784 quo
2906 697 2988 762 ad
3016 712 3249 762 aeterna
3275 720 3347 763 ac
3376 696 3649 762 divinam
3678 698 4094 786 cognitionem

2402 800 2746 879 attollatur,
2777 817 2839 866 et
2876 824 3005 888 quo
3038 800 3120 866 ad
3146 801 3282 867 haec
3309 800 3485 866 fluxa
3510 816 3575 866 et
3603 816 3913 867 terrenum
3948 802 4092 869 vitae

2400 903 2816 969 conditionem
2846 903 3233 994 deprimatur
3260 919 3324 969 et
3349 917 3584 992 vergat.
3675 906 3838 970 Haec
3865 928 4095 993 magno

2400 1029 2703 1072 consensu
2745 1006 3075 1072 veteriores
3116 1004 3301 1071 etiam
3348 1006 3626 1081 tradunt,
3674 1021 3748 1070 ut
3788 1005 3933 1071 alibi
3992 1006 4087 1071 di-

2401 1129 2573 1173 cam:
2622 1131 2813 1197 supra
2841 1108 2966 1172 vim
2997 1105 3296 1172 naturalis
3322 1106 3478 1194 Iegis
3504 1119 3568 1171 et
3591 1105 3826 1171 ordinis
3860 1106 4092 1173 eminet

2401 1208 2670 1275 divinior
2716 1223 2781 1274 et
2836 1209 3027 1274 libera
3085 1232 3282 1287 mens,
3330 1232 3480 1296 quae
3531 1207 3892 1273 affinitatem
3941 1230 4086 1273 cum

2395 1312 2601 1399 primo
2629 1311 2882 1376 numine
2910 1327 3257 1389 conservat,
3287 1324 3351 1375 et
3391 1309 3456 1374 in
3499 1333 3628 1397 qua
3663 1325 4090 1377 consummata

2394 1432 2587 1501 atque
2628 1414 2710 1478 ad
2754 1412 2877 1478 Dei
2920 1412 3408 1491 similitudinem,
3448 1434 3576 1500 qua
3615 1427 3840 1501 potest,
3884 1412 4087 1478 efficta

2395 1532 2529 1582 tota
2561 1516 2885 1582 hominum
2927 1530 3168 1582 constat
3208 1515 3552 1581 beatitudo.
3640 1517 3802 1581 Haec
3843 1529 3938 1581 est
3979 1515 4087 1582 illa

2393 1622 2670 1701 θεοπτικὴ
2697 1624 2914 1705 ψυχῆς,
2943 1622 3067 1700 ἥτις
3104 1620 3270 1684 ἔστιν
3299 1620 3416 1684 ἀπὸ
3455 1624 3561 1683 τοῦ
3598 1621 3831 1701 πρῶτον
3872 1625 4084 1700 νοητοῦ

2389 1723 2731 1807 μετέχουσα
2776 1726 2872 1788 καὶ
2921 1728 3021 1804 τῆς
3069 1728 3175 1788 τοῦ
3215 1728 3428 1804 νοητοῦ
3483 1723 3814 1804 δυνάμεως
3862 1721 4079 1802 altera,

2386 1848 2534 1913 quae
2577 1849 2654 1891 ex
2698 1826 2992 1914 oequabili
3038 1824 3332 1891 caelorum
3375 1825 3637 1890 circuitu
3682 1825 3961 1892 derivata
4016 1826 4081 1890 in

2388 1952 2501 1993 nos
2540 1930 2881 2010 descendit,
2911 1930 3062 1995 ratis
3103 1945 3167 1995 et
3208 1928 3352 1994 fixis
3392 1928 3647 2017 originis
3690 1928 3787 1994 sui
3835 1928 4082 2018 legibus

2384 2031 2771 2119 obsequitur,
2812 2046 3031 2121 utpote
3073 2054 3218 2119 quae
3261 2031 3447 2115 φύσιν
3491 2032 3917 2115 γενεσισυργὸν
3959 2031 4071 2097 ad-

2379 2149 2528 2221 epta
2568 2134 2669 2212 sit,
2697 2134 2981 2221 adeoque
3020 2132 3256 2197 servilis
3295 2147 3358 2196 et
3403 2131 3607 2197 ordini
3650 2146 3894 2199 naturae
3930 2134 4079 2200 sub-

602 2241 917 2322 Προνοίας,
953 2240 1048 2304 καὶ
1077 2238 1465 2321 Εἱμαρμένης,
1500 2240 1595 2302 καὶ
1621 2240 1839 2323 Τύχης.
1920 2239 2044 2304 Sed
2074 2240 2154 2305 de
2182 2241 2294 2305 ho-
2367 2236 2553 2324 jecta.
2644 2239 2808 2301 Haec
2859 2236 2939 2300 ab
2992 2234 3316 2323 AEgyptiis
3356 2234 3567 2322 opinio
3607 2234 3970 2315 dimanavit,
4002 2251 4075 2303 ut

600 2363 743 2406 rum
770 2341 1036 2407 decretis
1080 2341 1591 2430 philosophorum
1635 2340 1937 2406 nonnulla
1972 2342 2293 2432 adponen-
2378 2338 2650 2405 ostendit
2693 2337 3076 2404 lamblichus
3130 2337 3212 2402 de
3263 2339 3530 2425 Myster.
3581 2339 3744 2404 Sect.
3777 2339 3976 2405 VIII.
4009 2344 4073 2419 6,

601 2458 706 2509 tur
733 2444 901 2510 infra
944 2444 1028 2510 ad
1070 2442 1310 2531 aliquot
1344 2443 1512 2509 locos
1538 2444 1732 2532 hujus
1760 2442 1900 2510 libri
1933 2444 2287 2513 Plotiniani.

603 2547 731 2614 Hic
759 2547 1040 2613 nonnihil
1069 2547 1415 2636 subjiciam,
1438 2571 1583 2635 quae
1611 2546 1692 2612 ad
1721 2548 1914 2636 hujus
1934 2548 2075 2613 libri
2105 2572 2294 2638 argu-

599 2665 879 2715 mentum
920 2650 1206 2715 universe
1250 2649 1557 2737 pertinere
1603 2649 1916 2730 videntur,
1953 2650 2019 2715 in
2061 2652 2296 2739 quibus

598 2754 869 2819 maxime
909 2752 1372 2841 exspectabitur
1419 2751 1715 2818 indicatio
1770 2752 2073 2818 librorum
2133 2752 2296 2820 loco-

597 2875 841 2937 rumve,
877 2855 1046 2923 unde
1091 2856 1656 2945 Pythagoreorum,
1703 2856 2294 2946 Platonicorumque

596 2973 782 3047 atque
831 2960 1388 3047 Peripateticorum
1431 2959 1513 3024 de
1562 2961 1727 3024 Fato
1774 2961 2092 3026 sententia:
2140 2985 2287 3050 cog-

595 3063 761 3128 nosci
788 3063 1047 3153 possint.
1121 3066 1225 3129 Ac
1253 3062 1650 3128 commodum
1681 3087 1746 3128 se
1773 3064 1957 3130 offert
1985 3064 2136 3129 mihi
2175 3067 2291 3130 Ti-

594 3166 751 3230 berii
809 3166 1283 3232 Hemsterhusii
1343 3166 1671 3255 explicatio
1726 3190 1807 3231 ex
1865 3167 2029 3232 notis
2082 3170 2285 3233 MSS.

590 3267 655 3333 in
701 3268 1033 3335 Iamblichi
1087 3268 1567 3358 protrepticum,
1612 3292 1771 3357 quas
1826 3292 2070 3335 mecum
2115 3293 2283 3336 com-

593 3370 934 3436 municavit
987 3371 1085 3437 vir
1125 3372 1496 3437 clarissimus
1544 3372 1827 3459 mihique
1881 3373 2284 3439 amicissimus

590 3473 864 3539 Jacobus
913 3474 1079 3553 Geel,
1111 3488 1175 3539 et
1217 3498 1373 3562 quas
1415 3474 1537 3539 alio
1575 3489 1856 3563 tempore
1898 3475 2191 3563 integras,
2231 3475 2283 3540 si

590 3579 769 3644 Deus
810 3579 1119 3658 annuerit,
1167 3580 1250 3644 ad
1295 3579 1627 3645 Iamblichi
1673 3580 1902 3646 librum
1946 3581 2281 3647 adhibebo.

592 3682 695 3748 Ita
719 3699 930 3748 autem
957 3682 1062 3747 ille
1089 3682 1170 3747 ad
1222 3683 1548 3750 Iamblichi
1587 3683 1792 3749 l'ocum
1821 3709 1887 3773 p.
1915 3705 1972 3770 7.
1999 3684 2147 3751 infr.
2181 3686 2278 3751 ed.

588 3786 873 3851 Arcerii:
920 3793 970 3828 “
996 3784 1079 3851 Id
1100 3788 1262 3851 enim
1295 3786 1734 3853 existimabant
1764 3787 2168 3876 Pythagorei,
2190 3788 2282 3854 ni-

587 3888 674 3954 hil
712 3889 779 3954 in
813 3890 934 3955 hoc
968 3889 1259 3955 universo
1292 3914 1424 3955 esse
1465 3890 1967 3970 immodulatum,
1999 3891 2105 3957 sed
2150 3915 2282 3957 om-

587 3992 689 4057 nia
715 3993 899 4059 certis
926 3992 1169 4081 legibus
1196 4008 1259 4058 et
1287 4008 1631 4082 temperato
1657 4011 1870 4060 tenore
1897 3994 2069 4060 fieri:
2118 3994 2273 4083 quin

583 4094 768 4160 etiam
810 4094 1037 4172 stellas,
1076 4118 1233 4182 quas
1275 4095 1520 4184 vulgari
1560 4097 1809 4162 nomine
1851 4111 2125 4163 errantes
2165 4119 2277 4186 ap-

583 4196 839 4285 pellant,
869 4212 1220 4263 constantes
1247 4212 1311 4263 et
1351 4214 1519 4264 ratos
1548 4223 1792 4265 servare
1820 4215 2049 4280 motus,
2081 4199 2267 4265 adeo-

581 4324 704 4387 que
730 4304 1063 4384 περιφορὰν
1089 4302 1366 4370 ὡσαύτως
1389 4306 1753 4385 περιϊοῦσαν,
1789 4317 1863 4368 ut
1888 4302 2105 4368 docuit
2133 4304 2265 4367 Da-

578 4403 770 4468 visius
825 4402 908 4468 ad
960 4402 1095 4471 Cic.
1142 4403 1427 4469 Tuscull.
1462 4406 1518 4470 1.
1561 4405 2100 4491 25.—Quoesitum
2150 4421 2266 4485 est,

578 4504 893 4570 hominine
920 4505 1209 4571 voluntas
1251 4506 1473 4572 inesset
1516 4521 1757 4574 naturae
1784 4507 2030 4597 legibus
2066 4523 2129 4573 et
2170 4528 2271 4574 or-

579 4607 709 4672 dini
735 4608 1008 4674 obnoxia
1033 4623 1098 4674 et
1126 4609 1440 4690 obstricta,
1464 4633 1545 4676 an
1567 4634 1718 4676 vero
1745 4612 1955 4700 potius
1985 4610 2179 4676 libera
2204 4626 2268 4677 et

577 4733 721 4797 quae
751 4734 944 4800 supra
968 4711 1082 4777 fati
1103 4711 1228 4776 vim
1251 4735 1323 4777 ac
1350 4713 1774 4779 necessitatem
1805 4713 2081 4779 excellat.
2144 4713 2268 4780 Va-

575 4812 681 4878 riis
720 4813 1073 4879 animorum
1116 4813 1381 4881 dissidiis
1411 4816 1547 4881 hoec
1584 4814 1849 4904 quaestio
1880 4816 2041 4881 inter
2067 4817 2268 4882 omnis

573 4914 825 4981 familiae
850 4916 1254 5007 philosophos
1271 4919 1509 5006 jactata
1536 4920 1659 4984 fuit
1687 4934 1751 4984 et
1794 4919 2048 5008 agitata.
2140 4920 2265 4985 Sed

570 5017 736 5099 vide,
768 5033 844 5084 ut
866 5019 1248 5108 Pythagorei
1277 5021 1493 5088 saltem
1520 5023 1888 5089 recentiores
1908 5021 2144 5110 duplici
2173 5022 2261 5086 in-

569 5120 782 5201 ducta,
811 5138 1021 5187 mente
1047 5123 1193 5188 hinc
1232 5148 1296 5189 se
1333 5125 1628 5213 expedire
1666 5125 2018 5190 moliantur.
2091 5125 2256 5190 Uni-

567 5248 783 5304 versae,
829 5248 976 5314 quae
1017 5241 1287 5306 exstant,
1332 5249 1429 5290 res
1472 5242 1770 5315 tanquam
1814 5227 2115 5292 catenulis
2159 5229 2253 5292 in-

565 5350 745 5394 nexae
800 5327 1118 5393 communi
1174 5329 1448 5417 quodam
1506 5330 1756 5396 vinculo
1818 5329 2250 5395 continentur:

563 5431 889 5520 :equaliter
915 5431 998 5496 ab
1027 5432 1307 5519 utrisque
1335 5432 1633 5513 terminiS,
1667 5457 1912 5498 summo
1940 5447 2004 5497 et
2042 5432 2259 5498 infimo

557 5556 756 5622 genus
784 5534 1111 5600 hominum
1140 5535 1204 5599 in
1231 5534 1438 5601 medio
1465 5535 1737 5624 positum
1767 5536 1973 5602 distat.
2040 5536 2257 5602 Habet

2382 2449 2450 2527 7.
2474 2457 2539 2507 et
2566 2442 2647 2507 ad
2677 2464 2819 2507 eum
2853 2441 2980 2505 Th.
3015 2440 3269 2506 Galeus.
3358 2439 3471 2506 Ab
3512 2439 3792 2527 ejusdem
3834 2442 4073 2530 opinio-

2380 2545 2477 2611 nis
2503 2546 2678 2611 fonte
2705 2544 2972 2610 defluxit
2999 2542 3384 2632 Astrologia,
3407 2567 3551 2631 quae
3569 2543 3910 2609 nativitatis
3928 2568 4075 2610 con-

2379 2649 2713 2714 stituendae
2760 2647 3073 2714 scientiam
3116 2647 3431 2735 proecipue
3486 2647 3838 2734 profitetur,
3897 2648 4072 2735 quod

2377 2751 2667 2841 pluribus
2694 2751 2970 2817 ostendit.
3012 2750 3403 2838 Porphyrius
3447 2750 3581 2832 περὶ
3623 2756 3741 2815 τῶν
3785 2749 3880 2833 ἐφ’
3932 2753 4072 2832 ἡμῖν

2376 2856 2548 2945 apud
2592 2857 2764 2922 Stob.
2799 2855 3020 2944 Eclog.
3053 2856 3278 2944 Physs.
3308 2878 3377 2945 p.
3404 2874 3550 2941 203.
3587 2855 3667 2922 cf.
3697 2856 3884 2922 etiam
3915 2859 4069 2923 Ma-

2375 2961 2611 3026 nethon
2654 2960 2719 3024 in
2751 2958 3230 3048 Apotelesmatt.
3260 2959 3369 3024 lib.
3407 2961 3469 3024 1.
3500 2973 3564 3024 et
3590 2959 3842 3048 passim.
3933 2961 4069 3049 Ipsi

2374 3087 2631 3152 quoque
2658 3062 2964 3129 inferioris
3005 3062 3239 3127 ordinis
3265 3062 3600 3142 daemones,
3630 3087 3829 3151 quum
3856 3064 3924 3128 in
3952 3064 4068 3130 has

2373 3165 2505 3231 caeli
2550 3166 2853 3254 regiones,
2897 3189 3043 3253 quse
3086 3165 3458 3231 immutabili
3502 3181 3790 3231 motuum
3831 3166 4070 3232 ratione

2369 3269 2733 3350 volvuntur,
2786 3270 3194 3350 devenerunt,
3246 3283 3489 3334 natura:
3553 3269 3898 3336 necessitati
3948 3271 4062 3337 ob-

2367 3388 2735 3460 temperant.
2842 3374 3194 3461 Egregium
3247 3396 3321 3437 ea
3377 3373 3459 3437 de
3514 3397 3581 3437 re
3637 3375 4062 3463 fragmentum

2370 3477 2709 3566 Porphyrii
2736 3478 2872 3560 περὶ
2912 3482 3014 3557 τῆς
3054 3480 3121 3542 ἐκ
3157 3477 3383 3559 λογίων
3415 3481 3785 3560 φιλοσοφίας
3820 3501 4066 3544 conser-

2365 3581 2539 3646 vavit
2583 3579 2971 3667 Philoponus
3024 3581 3105 3643 de
3165 3578 3400 3643 Mundi
3450 3578 3755 3645 creatione
3801 3581 3915 3645 IV.
3951 3600 4056 3647 20.

2366 3683 2614 3749 Eodem
2642 3682 2974 3747 inclinabat
3017 3681 3363 3747 Stoicorum
3409 3682 3732 3763 sententia,
3776 3707 3920 3748 cum
3963 3707 4063 3749 res

2365 3801 2430 3851 et
2477 3786 2749 3852 actiones
2793 3786 3085 3850 humanae
3127 3783 3274 3850 vitoe
3312 3784 3690 3851 divellebant
3730 3786 3795 3851 in
3839 3791 3915 3853 τὰ
3958 3787 4054 3872 ἐφ’

2365 3890 2522 3970 ἡμῖν,
2573 3889 2672 3953 καὶ
2712 3891 2788 3953 τὰ
2825 3888 2932 3953 οὐκ
2974 3887 3069 3970 ἐφ’
3108 3889 3267 3969 ἡμῖν.
3358 3889 3436 3952 In
3481 3889 3893 3976 posteriorum
3941 3914 4060 3957 nu.

2357 4014 2532 4057 mero
2575 3992 2784 4058 cuncti
2828 4005 3087 4056 eventus
3131 3991 3545 4080 ponebantur,
3590 3994 3699 4080 qui
3758 4017 3836 4058 ex
3880 3994 4054 4061 fatali

2357 4094 2736 4161 naturalium
2782 4111 3068 4161 motuum
3112 4095 3250 4183 lege
3292 4095 3687 4184 pendebant:
3737 4098 3906 4163 unde
3947 4098 4054 4164 illa

2359 4197 2673 4287 Epicteti:
2725 4201 2832 4264 ἐὰν
2877 4201 2941 4263 δὲ
2979 4198 3125 4280 πρὸς
3170 4198 3353 4264 ταῦτά
3398 4224 3485 4267 τις
3527 4202 3790 4284 ἐπιχειρῇ
3843 4201 4050 4284 ῥέπειν

2354 4301 2460 4366 τὸν
2504 4306 2666 4375 νοῦν,
2716 4302 2812 4366 καὶ
2848 4302 3075 4365 πείθειν
3123 4302 3334 4366 ἑαυτὸν
3378 4303 3590 4367 ἑκόντα
3634 4303 3920 4387 δέχεσθαι
3969 4308 4044 4369 τὰ

2354 4409 2666 4489 ἀναγκαῖα,
2714 4404 2868 4469 πάνυ
2903 4405 3148 4486 μετρίως
3191 4405 3285 4468 καὶ
3327 4411 3617 4485 μουσικῶς
3659 4410 4046 4488 διαβιῶσεται

2351 4508 2458 4573 τὸν
2483 4510 2643 4590 βίον.
2732 4509 3057 4586 Quatenus
3098 4521 3306 4571 autem
3351 4505 3414 4569 in
3458 4505 3814 4573 hominibus
3842 4509 4041 4574 domi-

2352 4625 2536 4676 netur
2578 4611 2616 4691 ἦ
2660 4611 2974 4692 εἱμαρμένη
3016 4611 3328 4691 περιφορὰ,
3379 4608 3732 4696 Simplicius
3772 4613 4043 4679 ostendit

2351 4713 2430 4778 ad
2464 4712 2743 4801 Epictet.
2771 4735 2841 4799 p.
2864 4730 2964 4792 24.
2988 4713 3093 4775 26.
3183 4712 3382 4776 Recte
3422 4735 3569 4776 vero
3612 4717 3686 4779 τὰ
3725 4716 4038 4799 ἀναγκαῖα,

2350 4841 2496 4905 quae
2539 4814 2905 4881 naturaliter
2945 4814 3259 4892 eveniunt,
3299 4829 3362 4879 et
3406 4813 3527 4880 κατ’
3559 4815 3823 4899 ἀνάγκην
3865 4819 4040 4907 apud

2352 4921 2680 4997 Nostrum,
2710 4941 2788 4983 ex
2817 4916 3166 4982 necessariis
3186 4931 3427 4982 naturae
3447 4916 3692 5004 legibus
3716 4921 4040 5010 (repetun-

2350 5026 2484 5109 tur)
2511 5047 2525 5087 :
2583 5022 2646 5086 id
2678 5021 2844 5087 enim
2875 5044 3005 5085 esse
3036 5019 3459 5085 necessitatem
3492 5034 3556 5085 et
3585 5022 3850 5106 ἀνάγκην
3877 5048 4028 5089 non·

2348 5148 2672 5213 nunquam
2709 5122 2952 5189 erudite
2974 5122 3217 5187 monuit
3233 5122 3330 5186 vir
3347 5145 3648 5203 summus,
3667 5127 3726 5192 I.
3741 5128 3857 5191 Fr.
3872 5129 4032 5194 Gro-

2343 5230 2574 5293 novius
2612 5226 2912 5291 Observv.
2946 5226 3046 5290 11.
3073 5244 3134 5291 2.
3210 5225 3394 5290 Idem
3435 5227 3722 5292 observat
3761 5231 4030 5295 (ἕωθεν-

2342 5332 2464 5395 dus
2491 5329 2573 5394 de
2602 5327 2865 5416 Epicuri
2894 5326 3170 5416 Physiol.
3199 5350 3267 5416 p.
3294 5345 3436 5411 711.
3529 5330 3691 5395 Inde
3723 5346 3818 5396 est
3858 5336 4033 5421 quod

2340 5435 2387 5498 J
2389 5455 2567 5498 ovem
2591 5434 2828 5514 φύσεως
2848 5431 3112 5514 ἀνάγκην
3134 5431 3475 5518 Euripides
3494 5432 3767 5519 appellat
3789 5437 4028 5506 Troad.

2344 5560 2432 5602 vs.
2465 5536 2615 5601 886.
2685 5533 2830 5599 Vid.
2875 5533 3218 5621 Spauhem.
3255 5532 3320 5597 in
3367 5532 3612 5599 Callim.
3653 5537 3742 5600 H.
3775 5537 3837 5601 in
3886 5543 4030 5609 Del,
