5118 6613
1129 575 1252 638 104

1125 729 1448 817 Opuscull.
1503 730 1813 795 Graecorr.
1867 728 2252 796 sententiose.
2305 730 2406 796 ed.
2457 731 2553 796 Io.
2618 732 2807 796 Conr.

1128 830 1342 898 Orellii
1373 833 1432 897 I.
1464 856 1529 920 p.
1564 849 1666 916 27.
1714 835 1790 896 τὰ
1830 837 1947 897 τῶν
1991 838 2190 898 καλῦν
2232 832 2538 916 φιλήματα
2581 832 2809 916 φυλάτ-

1126 940 1337 1000 τεσθαι
1363 940 1471 1010 δεῖ,
1502 936 1580 1003 ὥς
1610 939 1686 1000 τᾶ
1722 940 1840 999 τῶν
1869 937 2133 1016 ἰοβόλων
2161 935 2403 1016 δήματα.
2494 935 2815 1002 Sententia

1127 1036 1327 1102 efficta
1353 1060 1431 1102 ex
1460 1036 1596 1102 loco
1634 1037 2098 1123 Xenophonteo
2137 1037 2202 1102 in
2235 1038 2626 1104 Memorabb.
2661 1039 2717 1104 I.
2749 1059 2811 1126 3.

1134 1158 1231 1206 12.
1265 1153 1328 1206 et
1356 1147 1681 1230 po‘e'tarum
1725 1139 2005 1205 versibus
2038 1140 2205 1205 varie
2245 1155 2567 1207 exornata.
2613 1142 2817 1207 Locos

1127 1244 1348 1309 horum
1379 1242 1629 1331 collegit
1654 1241 1921 1308 Dorvill.
1949 1241 2030 1307 ad
2061 1243 2300 1309 Charit.
2339 1244 2439 1309 II.
2475 1245 2536 1309 8.
2567 1267 2632 1331 p.
2664 1245 2811 1330 823.

1128 1347 1303 1435 Lips.
1336 1349 1482 1434 Ego
1501 1346 1690 1411 alium
1715 1345 1924 1410 locum
1945 1369 2278 1434 apponam,
2297 1345 2360 1410 in
2383 1370 2513 1434 quo
2534 1346 2815 1412 Verbum

1126 1451 1207 1516 ab
1228 1449 1335 1514 illo
1354 1449 1662 1536 adjectivo
1677 1447 1935 1514 ductum
1953 1448 2202 1536 legitur.
2233 1448 2491 1515 Alcaeus
2508 1451 2781 1515 Messen.
2791 1495 2813 1528 ,

1127 1554 1190 1618 in
1236 1551 1499 1617 Anthol.
1537 1553 1653 1617 Gr.
1700 1574 1798 1615 nr.
1846 1552 1965 1617 IV.
1997 1551 2135 1616 Vol.
2180 1552 2239 1617 1.
2272 1575 2338 1639 p.
2370 1569 2518 1639 337.
2568 1552 2807 1618 Iacobs.

1129 1659 1399 1736 ζοβολεῖν
1429 1654 1517 1720 ἐπ’
1554 1655 1699 1734 ἐμὴν
1729 1656 1968 1737 κραδίην
1997 1655 2139 1737 ἔρως
2165 1656 2423 1737 ὄρνυται.
2469 1654 2658 1720 Philo
2683 1657 2730 1718 J
2737 1678 2807 1719 u·

1126 1759 1304 1824 daeus
1329 1757 1410 1822 de
1440 1756 1841 1822 Providentia
1873 1759 2069 1822 Serm.
2104 1757 2202 1822 II.
2233 1780 2335 1845 ap.
2363 1758 2600 1822 Euseb.
2636 1759 2806 1823 Ρ.Ε.

1126 1863 1329 1927 VIII.
1369 1882 1463 1943 14.
1511 1881 1579 1948 p.
1632 1863 1776 1946 695.
1829 1859 2105 1924 similiter
2147 1863 2222 1924 τὰ
2269 1862 2487 1940 ἰοβόλα
2546 1859 2812 1925 solitarie

1127 1979 1424 2053 usurpat;
1471 1963 1583 2052 qui
1627 1961 1800 2027 locus
1836 1962 2089 2027 omnino
2130 1985 2271 2027 cum
2311 1962 2428 2027 hoc
2461 1962 2812 2028 Plotiniano

1123 2067 1533 2132 conferendus
1602 2080 1712 2131 est.
1822 2066 1927 2131 Cf.
1952 2119 1959 2128 .
1985 2065 2169 2131 etiam
2241 2064 2387 2130 infr.
2447 2063 2681 2131 Plotin.
2737 2089 2801 2154 p.

1128 2173 1271 2257 263.

1207 2297 1271 2362 p.
1306 2272 1452 2350 266,
1484 2272 1545 2337 6.
1581 2274 1678 2336 ἐπὶ
1719 2275 1866 2336 πᾶσι
1909 2273 1975 2336 δὲ
2011 2275 2146 2338 νοῦς
2187 2271 2562 2358 δημιουργός]
2596 2268 2802 2335 Procl.

1121 2376 1184 2441 in
1217 2375 1381 2442 Plat.
1419 2373 1733 2439 Timaeum
1763 2398 1829 2462 p.
1863 2394 1966 2461 93.
2002 2396 2095 2461 sq.
2131 2379 2441 2441 Πλωτῖνος
2473 2374 2507 2436 ὁ
2552 2374 2807 2456 φιλόσο-

1124 2488 1238 2562 φος
1279 2477 1474 2543 διττὸν
1498 2479 1611 2557 μὲν
1647 2479 1985 2542 ὑποτίθεται
2025 2476 2132 2541 τὸν
2159 2475 2527 2558 δημιουργὸν,
2566 2475 2673 2539 τὸν
2698 2478 2812 2555 μὲν

1123 2587 1204 2669 τῷ
1249 2584 1458 2667 νοητῷ,
1499 2579 1607 2644 τὸν
1641 2582 1707 2643 δὲ
1740 2579 1809 2643 τὸ
1850 2581 2179 2662 ἡγεμονοῦν
2208 2582 2313 2642 τοῦ
2351 2579 2593 2644 παντός.
2640 2577 2812 2660 λέγει

1123 2687 1189 2750 δὲ
1212 2687 1416 2766 ὀρθῶς.
1469 2681 1718 2746 Deinde
1736 2679 2056 2745 Amelium
2079 2679 2229 2744 dicit
2248 2680 2500 2744 tertium
2522 2679 2807 2768 opificem

1122 2786 1433 2852 addidisse
1474 2796 1538 2849 et
1576 2799 1700 2848 tres
1742 2781 2089 2847 intellectus
2120 2784 2305 2864 (τρεῖς
2333 2786 2495 2867 νοῦς)
2526 2781 2655 2847 sive
2688 2797 2810 2847 tres

1123 2911 1298 2976 reges
1329 2887 1513 2969 (τρεῖς
1538 2885 1862 2971 βασιλέας)
1894 2884 2188 2972 posuisse.
2260 2883 2445 2962 Quod
2476 2883 2803 2972 improbat.

1123 2993 1258 3056 Nec
1300 2988 1506 3052 minus
1546 2987 1726 3066 illud,
1772 2987 1944 3074 quod
1985 3002 2128 3075 post
2167 2985 2487 3051 Amelium
2524 2986 2811 3076 Porphy-

1122 3094 1274 3169 rius,
1311 3091 1422 3179 qui
1465 3112 1607 3154 cum
1650 3088 1900 3155 Plotino
1937 3113 2001 3153 se
2042 3089 2384 3154 consentire
2426 3089 2807 3176 opinaretur,

1124 3196 1391 3261 animam
1436 3215 1633 3281 supra.
1668 3191 2047 3256 mundanam
2088 3192 2225 3274 (τὴν
2262 3193 2468 3277 ψυχὴν
2497 3193 2607 3273 τὴν
2633 3195 2810 3275 ὑπερ·

1128 3300 1378 3381 κόσμον)
1411 3296 1691 3385 opificem
1715 3297 2126 3382 (δημιουργόν)
2149 3294 2401 3375 dixerit,
2424 3294 2662 3361 addens
2686 3321 2700 3360 ε
2742 3298 2809 3361 ἑν

1124 3405 1245 3468 τίσι
1271 3406 1580 3468 Πλωτῖνος
1607 3399 1713 3479 τὴν
1740 3400 1948 3483 ψυχὴν
1975 3405 2138 3463 ποιεῖ
2171 3401 2557 3482 δημιουργόν;
2605 3421 2809 3488 neque

1123 3505 1239 3569 hoc
1269 3503 1466 3590 magis
1492 3525 1634 3568 cum
1666 3501 1945 3567 Platonis
1980 3502 2243 3566 decretis
2269 3501 2577 3567 conciliari
2607 3525 2806 3590 posse,

1124 3607 1233 3696 qui
1263 3609 1473 3673 Deum
1514 3621 1577 3671 et
1606 3605 1985 3671 intellectum
2026 3628 2268 3693 semper
2294 3605 2576 3693 opificem
2606 3605 2804 3670 dicat:

1122 3711 1389 3776 animam
1434 3732 1776 3797 nunquam.
1865 3710 1968 3773 De
2005 3707 2355 3772 differentia
2387 3708 2548 3773 inter
2580 3708 2811 3772 Plotini

1124 3814 1351 3902 scripta
1391 3828 1455 3878 et
1482 3812 1713 3877 Amelii
1752 3811 1896 3876 vide
1939 3810 2300 3900 Longinum
2345 3834 2447 3899 ap.
2494 3811 2809 3900 Porphyr.

1124 3917 1203 3981 de
1234 3916 1338 3980 vit.
1374 3914 1600 3980 Plotini
1640 3939 1696 3979 c.
1731 3934 1831 3980 20.
1865 3937 1928 4002 p.
1963 3934 2100 3999 130.
2145 3938 2237 4001 sq.
2297 3914 2590 3980 Fabricii.
2640 3914 2812 3979 Cud-

1124 4018 1399 4084 worthus
1426 4016 1491 4080 in
1523 4018 1854 4104 Systemat.
1881 4015 2092 4080 Intell.
2115 4040 2176 4104 p.
2200 4017 2342 4101 637.
2371 4017 2468 4082 ed.
2495 4017 2805 4081 Moshem.

1124 4119 1445 4208 sequentia
1501 4119 1690 4183 verba
1742 4117 1973 4181 Plotini
2030 4120 2264 4185 εἰκότως
2319 4119 2609 4183 οῦν-καὶ
2666 4124 2811 4184 κατὰ

1125 4221 1503 4303 συμβεβηκὸς
1547 4220 1887 4299 κινουμένου
1929 4219 2017 4283 ita
2065 4219 2284 4283 infert:
2336 4229 2380 4259 “
2404 4222 2536 4285 Nec
2585 4221 2666 4286 ab
2714 4221 2812 4286 his

1129 4325 1447 4408 (nimirum
1508 4322 2025 4409 Harpocratione,
2084 4321 2311 4399 Attice,
2372 4323 2643 4402 Amelio,
2701 4325 2812 4411 qui

1126 4444 1249 4493 tres
1283 4428 1455 4491 Deos
1481 4438 1838 4514 posuerant,
1869 4423 1994 4489 vid.
2034 4423 2238 4488 Procli
2282 4423 2393 4488 loc.
2427 4424 2632 4511 laud.)
2668 4426 2812 4491 Plo-

1126 4531 1294 4595 tinus
1319 4545 1412 4594 est
1439 4528 1695 4606 alienuS,
1727 4527 1837 4614 qui
1875 4526 2137 4592 alterum
2169 4526 2391 4591 horum
2423 4528 2612 4592 trium
2641 4529 2810 4617 prin-

1125 4632 1450 4721 cipiorum,
1483 4635 1623 4696 νοῦν
1650 4630 1965 4710 nimirum,
1997 4653 2103 4694 seu
2132 4630 2393 4717 primam
2426 4647 2716 4710 mentem,
2746 4646 2811 4697 et

1125 4733 1614 4822 intelligentiam,
1660 4735 1933 4815 δεύτερον
1984 4733 2141 4807 θεὸν,
2187 4734 2521 4797 secundum
2575 4734 2807 4812 Deum,

1127 4850 1448 4924 nuncupat
1465 4838 1521 4901 :⁹⁹
1566 4836 1879 4923 (sequitur
1920 4834 2091 4900 locus
2134 4834 2364 4899 Plotini
2409 4836 2486 4900 V.
2528 4851 2590 4920 5.
2639 4855 2700 4920 3.
2740 4859 2805 4923 p.

1125 4958 1271 5027 522.
1322 4937 1568 5004 Deinde
1613 4938 1702 5003 ita
1748 4938 1952 5026 pergit
2001 4937 2435 5024 Cudworth.:)
2483 4937 2689 5002 “Alio
2744 4938 2808 5002 in

1127 5044 1261 5109 loco
1290 5042 1477 5107 trium
1509 5041 1691 5105 simul
1720 5041 2000 5105 Deorum
2032 5039 2181 5104 facit
2202 5040 2602 5119 mentionem,
2625 5063 2808 5104 mun-

1126 5147 1405 5233 dumque
1425 5144 1592 5208 hunc
1616 5143 1843 5207 horum
1872 5142 2146 5207 omnium
2171 5143 2499 5229 imaginem
2523 5166 2653 5207 esse
2673 5166 2816 5207 con-

1127 5249 1381 5315 stituit.”
1429 5246 1762 5333 (Sequitur
1788 5261 1997 5310 noster
2023 5245 2214 5310 locuS.
2294 5245 2455 5309 Inde
2483 5259 2691 5309 autem
2723 5245 2815 5308 in-

1128 5352 1447 5439 telligitur,
1473 5349 1929 5415 Cudworthum
1954 5347 2316 5413 sententiam
2348 5371 2520 5413 suam
2551 5371 2591 5412 a
2609 5347 2814 5412 Procli

1122 5455 1490 5520 auctoritate
1540 5452 1884 5541 sejungere.
1978 5453 2293 5516 Caeterum
2336 5451 2416 5516 cf.
2457 5452 2571 5514 VI.
2618 5471 2679 5534 9,
2713 5470 2811 5515 10.

1132 5558 1275 5622 infr.
1306 5581 1366 5645 p.
1400 5559 1601 5642 769.).

2104 557 2927 625 ANNOTATIONES
2990 557 3101 624 IN
3156 556 3606 623 PLOTINI

2981 856 3044 921 p.
3077 832 3224 911 282,
3256 848 3320 916 7.
3351 837 3545 896 ΠΕΡΙ
3572 832 3828 920 ΤΛΗΣ]
3872 829 4305 896 Duodecimus
4345 828 4449 896 hic
4489 844 4582 894 est

2896 935 3195 1002 librorum
3246 934 3547 1013 omnium,
3591 957 3749 1021 quos
3799 933 4088 1022 deinceps
4140 931 4582 1020 conscripserat

2899 1038 3208 1120 Plotinus,
3235 1037 3650 1125 laudatusque
3675 1036 3740 1101 in
3765 1035 4098 1124 Porphyrii
4123 1033 4584 1101 Commentario

2898 1142 2980 1208 de
3007 1142 3153 1208 Vita
3183 1140 3412 1206 Plotini
3442 1164 3498 1205 c.
3531 1158 3633 1221 24.
3676 1141 3811 1221 περὶ
3852 1145 3970 1203 τῶν
4011 1141 4114 1203 δύο
4155 1141 4338 1214 ὕλων,
4378 1137 4583 1202 obser-

2899 1260 3084 1310 vante
3111 1244 3296 1310 etiam
3325 1242 3616 1308 Fabricio
3636 1241 4052 1308 diversitatem
4078 1240 4243 1306 tituli
4271 1239 4352 1305 ad
4381 1238 4423 1304 l.
4443 1238 4486 1304 l.
4512 1262 4578 1327 p.

2905 1368 3044 1429 141.
3082 1349 3228 1435 Ipse
3254 1359 3462 1411 autem
3495 1344 3885 1433 Porphyrius
3914 1344 4237 1431 scripserat
4257 1366 4364 1408 sex
4391 1341 4581 1407 libros

2899 1452 3033 1533 περὶ
3074 1454 3218 1531 ὕλης
3264 1462 3419 1516 teste
3473 1447 3667 1512 Suida
3713 1447 3776 1511 in
3826 1453 4102 1530 Πορφυρ.
4150 1447 4288 1511 III.
4331 1468 4397 1533 p.
4435 1445 4574 1531 158.

2901 1555 3153 1618 Kuster.
3183 1575 3342 1639 quos
3384 1565 3589 1616 tamen
3633 1550 3765 1615 dies
3806 1549 3985 1615 nobis
4027 1548 4301 1614 abstulit.
4377 1549 4581 1612 Inser-

2894 1655 3076 1722 viisse
3115 1679 3220 1720 eos
3264 1653 3631 1743 explicando
3666 1653 3786 1718 hoc
3835 1651 3972 1740 ipso
4015 1651 4175 1717 libro
4221 1650 4575 1716 Plotiniano

2894 1758 3105 1847 arguit
3134 1756 3306 1822 locus
3336 1759 3560 1821 AEneae
3590 1755 3808 1821 Gazaei
3836 1754 3900 1819 in
3925 1754 4364 1844 Theophrasto
4389 1777 4460 1841 p.
4473 1754 4576 1840 56.

2896 1861 2995 1927 ed.
3031 1864 3217 1948 Casp.
3250 1858 3499 1925 Barth:
3549 1859 3644 1923 καὶ
3684 1858 3754 1923 τὸ
3791 1860 4107 1923 Πλωτίνου
4137 1859 4452 1940 διανοίγων
4477 1864 4578 1938 βι-

2895 1966 3099 2046 βλίον,
3132 1965 3273 2028 ὅθεν
3301 1966 3376 2027 τὰ
3404 1964 3551 2026 κατὰ
3579 1963 3764 2044 φύσιν
3790 1986 3905 2026 που
3939 1958 4127 2042 λέγει,
4160 1960 4487 2042 ἀγέννητον
4512 1960 4580 2038 δὴ

2898 2066 3050 2132 εἶναι
3076 2067 3184 2145 τὴν
3208 2069 3379 2145 ὕλην,
3413 2065 3509 2129 καὶ
3550 2063 3618 2128 τὸ
3662 2066 3728 2128 ἐν
3757 2065 3968 2146 ἀρχαῖς
4005 2062 4248 2137 τιθέναι,
4281 2064 4358 2129 ὥς
4399 2064 4579 2126 ἄθεον

2892 2170 3082 2252 δόγμα
3110 2167 3517 2250 παραιτητέον.
3561 2167 3665 2230 De
3693 2188 3822 2252 quo
3843 2164 3980 2229 loco
4000 2179 4227 2253 praeter
4245 2163 4575 2229 Barthium

2892 2284 3217 2336 monuerat
3258 2271 3420 2334 Luc.
3469 2267 3839 2333 Holstenius
3888 2266 3969 2331 de
4016 2266 4142 2331 Vit.
4203 2281 4268 2331 et
4322 2266 4578 2354 Scriptis

2896 2372 3232 2462 Porphyrii
3276 2396 3330 2437 c.
3380 2374 3516 2437 IX.
3561 2394 3628 2459 p.
3657 2372 3764 2456 56.
3802 2369 3900 2434 ed.
3958 2368 4322 2456 Cantabrig.
4369 2384 4435 2433 et
4479 2370 4574 2434 Io.

2894 2478 3089 2541 Laur.
3125 2474 3437 2540 Moshem.
3469 2474 3531 2538 in
3563 2472 3826 2538 Dissert.
3858 2472 3937 2536 de
3982 2471 4310 2538 Creatione
4345 2471 4576 2536 Mundi

2893 2602 2971 2644 ex
3021 2577 3239 2644 Nihilo
3283 2577 3363 2642 ad
3419 2576 3588 2643 Calc.
3640 2574 4009 2641 Cudworthi
4055 2577 4224 2663 Syst.
4270 2573 4479 2639 Intell.
4511 2597 4574 2662 p.

2893 2700 3037 2768 995.
3084 2684 3403 2747 Summam
3447 2702 3660 2744 eorum
3707 2702 3814 2743 sex
3850 2677 3930 2743 de
3972 2678 4242 2742 Materia
4276 2676 4574 2742 librorum

2893 2784 3188 2849 exhibent
3237 2783 3515 2871 ejusdem
3566 2780 3900 2869 Porphyrii
3950 2779 4252 2863 Ἀφορμαὶ
4307 2780 4453 2863 πρὸς
4506 2783 4580 2844 τὸ,

2895 2890 3094 2968 νοητὰ,
3126 2885 3462 2972 praesertim
3496 2884 3796 2950 sententia
3827 2885 4038 2948 XXI.
4087 2882 4248 2948 Vide
4286 2906 4432 2970 quae
4469 2906 4574 2948 su·

2892 3013 3008 3077 pra
3055 2988 3120 3052 in
3166 2988 3326 3053 hanc
3374 3011 3504 3053 rem
3555 2986 3931 3053 contulimus
3974 2986 4056 3050 ad
4100 2987 4271 3050 Enn.
4320 2987 4377 3051 I.
4412 2986 4475 3050 8.
4509 3007 4575 3072 5.

2892 3105 3030 3157 init.

2979 3196 3222 3259 Locum
3258 3217 3406 3258 vero
3446 3193 3615 3258 hunc
3656 3193 3731 3256 de
3773 3192 4060 3257 Materia
4101 3190 4248 3256 inde
4290 3214 4329 3255 a
4379 3189 4578 3279 philo-

2892 3296 3129 3387 sophiae
3157 3320 3299 3363 cum
3325 3294 3698 3374 Barbaricae,
3721 3319 3865 3384 quoe
3886 3294 4135 3374 dicitur,
4168 3309 4303 3359 tum
4335 3293 4578 3360 Graecoe

2890 3400 3233 3489 originibus
3261 3399 3342 3465 ad
3381 3415 3658 3465 extrema
3697 3421 3895 3485 usque
3935 3414 4214 3485 tempora
4241 3396 4410 3462 varie
4449 3419 4577 3462 esse

2893 3519 3245 3582 tractatum,
3275 3526 3458 3567 nemo
3487 3515 3579 3567 est
3607 3501 3717 3588 qui
3756 3501 4002 3566 nesciat.
4093 3503 4298 3580 Quam
4340 3500 4406 3565 in
4447 3523 4577 3565 rem

2892 3605 3162 3695 paucula
3189 3620 3435 3671 tantum
3463 3604 3873 3670 delibabimus
3902 3602 4085 3668 simul
4114 3603 4341 3691 scripta
4366 3603 4581 3668 lauda-

2896 3709 3045 3787 turi,
3094 3708 3262 3774 unde
3317 3708 3503 3796 plura
3557 3721 3833 3795 repetere
3891 3720 4124 3794 queant
4172 3706 4578 3795 philosophiae

2896 3812 3118 3878 veteris
3160 3826 3451 3876 amantes
3543 3811 3634 3874 Ac
3677 3809 3946 3897 primum
3979 3809 4194 3885 IndoS,
4226 3808 4576 3886 Chaldaeos,

2898 3918 3119 3982 Persas
3147 3915 3263 3980 hoc
3291 3913 3372 3978 de
3398 3925 3768 4000 argumento
3787 3911 4126 3999 disputare,
4150 3935 4272 3976 non
4294 3927 4388 3976 est
4406 3910 4578 3999 quod

2893 4017 2995 4083 hic
3023 4040 3351 4105 exponam.
3441 4015 3749 4080 Indorum
3790 4014 4133 4079 doctrinam
4166 4014 4400 4103 optime
4437 4037 4580 4101 cog-

2895 4120 3137 4186 noveris
3165 4143 3244 4183 ex
3272 4117 3746 4184 celebratissimo
3787 4116 4065 4205 episodio
4096 4116 4383 4181 carminis
4423 4116 4579 4204 epici

2896 4221 3421 4299 MahA-BhArata,
3451 4221 3620 4307 quod
3649 4219 4004 4284 inscribitur
4034 4218 4577 4308 Bhagavad-Gita,

2896 4338 2959 4389 et
3007 4323 3261 4411 quidem
3313 4322 3580 4386 carmine
3626 4322 3865 4387 decimo
3914 4323 4112 4388 tertio.
4205 4322 4346 4387 vid.
4382 4325 4469 4387 A.
4494 4325 4576 4388 G.

2899 4424 3224 4513 Schlegelii
3273 4424 3604 4489 editionem
3654 4440 3716 4490 et
3759 4426 3837 4490 cf.
3885 4425 4060 4490 Guil.
4107 4426 4182 4489 de
4231 4426 4580 4491 Humboldt

2893 4527 3348 4617 praelectionem
3377 4526 3648 4591 Berolin.
3680 4528 3860 4593 1826.
3893 4551 3959 4616 p.
3987 4549 4096 4613 49.
4138 4527 4577 4593 Chaldaeorum

2894 4632 3142 4696 decreta
3190 4629 3271 4694 de
3324 4629 3597 4694 Materia
3644 4629 3932 4717 attigerat
3988 4630 4378 4718 Porphyrius
4425 4645 4580 4695 teste

2896 4737 3102 4799 AEnea
3131 4732 3173 4797 l.
3197 4732 3238 4796 l.
3269 4754 3381 4796 nec
3410 4731 3672 4797 dubium
3704 4748 3816 4810 est,
3841 4732 4106 4797 eundem
4136 4732 4394 4797 aliorum
4425 4756 4581 4820 quo-

2894 4862 3018 4925 que
3075 4836 3452 4924 populorum
3505 4834 3800 4923 dogmata
3856 4835 4147 4924 attigisse.
4232 4833 4292 4898 E
4343 4834 4584 4899 Graecis

2891 4939 3169 5004 Timaeus
3198 4940 3464 5016 Locrus,
3495 4937 3594 5002 vel
3630 4937 3911 5025 quisquis
3953 4940 4089 5025 ejus
4129 4936 4320 5002 libelli
4362 4951 4582 5002 auctor

2896 5060 3009 5121 est,
3039 5065 3100 5129 p.
3131 5061 3279 5127 544.
3315 5039 3517 5105 Galaei
3551 5042 3644 5128 (p.
3683 5057 3828 5126 379.
3877 5040 4148 5105 Bekkeri
4189 5040 4253 5104 in
4299 5038 4581 5105 Platonis

2901 5143 3156 5232 Operib.
3201 5145 3279 5209 P.
3317 5144 3456 5208 III.
3504 5143 3641 5207 Vol.
3674 5144 3847 5229 III.)
3893 5146 4111 5207 ταύταν
4160 5146 4226 5207 δὲ
4275 5146 4387 5207 τᾶν
4425 5145 4580 5208 ὕλαν

2898 5247 3087 5312 ἀΐδιον
3136 5249 3248 5326 μὲν
3298 5247 3438 5329 ἔφα,
3484 5248 3554 5310 οὗ
3600 5250 3720 5326 μᾶν
3763 5247 4060 5319 ἆκίνατον,
4114 5246 4469 5327 ἀμόρφωτον
4515 5248 4582 5309 δὲ

2901 5348 3024 5414 καθ’
3058 5351 3241 5414 αὑτὸν
3271 5351 3367 5413 καὶ
3409 5348 3872 5433 ἀσχημάτιστον,
3906 5346 4236 5429 ὃεχομέναν
4272 5349 4338 5410 δὲ
4376 5351 4581 5412 πᾶσαν

2897 5452 3155 5535 μορφάν·
3201 5455 3310 5516 τᾶν
3337 5454 3401 5516 δὲ
3426 5452 3560 5532 περὶ
3588 5454 3663 5515 τὸ
3699 5452 3943 5528 σώματα
3976 5452 4262 5531 μεριστᾶν
4292 5447 4456 5529 εἶμεν
4486 5449 4582 5514 καὶ

2901 5561 3003 5622 τᾶς
3052 5553 3275 5635 θατέρω
3333 5555 3563 5634 φύσιος.
3636 5551 4092 5633 ποταγορεύοντι
4149 5553 4214 5614 δὲ
4270 5553 4381 5615 τᾶν
4428 5554 4583 5616 ὕλαν
