5118 6613
1352 527 1555 593 LIB.
1589 527 1749 593 VII.
1811 526 2262 591 ENNEAD.
2317 525 2731 592 SEXTAE.
2780 548 2846 613 p.
2879 528 3326 612 1268—1270.

591 710 668 772 τὸ
710 704 1019 786 μέλλοντα
1065 702 1176 783 ἤδη
1221 704 1292 782 τῇ
1338 702 1680 784 προγνώσει
1731 705 2007 782 παρεῖναι
2053 703 2133 786 τῷ
2184 703 2299 786 θεῷ

591 817 798 892 φησιν.
846 805 881 870 δ
909 808 1027 889 γὰρ
1057 808 1125 870 ἐν
1154 809 1276 872 τοῖς
1303 804 1642 887 γινομένοις
1673 804 1928 884 ὕστερον
1953 803 2295 885 ὑφίσταται,

593 914 768 977 τοῦτο
813 913 882 975 ἐν
927 911 1133 995 ἐκείνῳ
1178 908 1331 990 φησὶ
1372 913 1649 990 παρεῖναι
1700 908 1812 971 ἀεί.
1874 905 2004 970 εἶτα
2054 905 2150 969 καὶ
2193 904 2300 968 τὸν

590 1012 816 1098 τρόπον
858 1011 1212 1096 προσέθηκε,
1258 1016 1381 1078 πῶς
1423 1009 1491 1074 τὸ
1542 1009 1776 1091 μέλλον
1819 1011 1938 1095 θεῷ
1985 1006 2295 1091 πάρεστιν,

591 1120 685 1184 ὅτι
721 1121 803 1204 τῷ
843 1122 1006 1182 νοεῖν
1045 1115 1140 1179 καὶ
1179 1117 1255 1178 τὰ
1285 1112 1455 1193 μήπω
1493 1115 1660 1177 ὄντα.
1710 1111 1938 1195 ἀνάγκη
1964 1109 2081 1194 γάρ
2111 1118 2300 1193 φησιν

592 1223 741 1287 οὕτω
779 1224 1058 1302 παρεῖναι
1096 1216 1174 1285 ὦς
1201 1215 1681 1299 προνενοημένον
1710 1218 1794 1283 εἷς
1820 1215 1888 1278 τὸ
1926 1217 2200 1297 ὕστερον.
2247 1217 2302 1280 εί

593 1325 702 1389 οῦν
730 1322 928 1389 πάντα
956 1325 1037 1409 τῷ
1068 1324 1184 1407 θεῷ
1214 1323 1285 1400 τῇ
1314 1321 1674 1402 προγνώσει,
1703 1319 1798 1384 καὶ
1827 1322 1902 1383 τὰ
1928 1316 2100 1398 μήπω
2130 1319 2295 1392 ὄντα,

595 1426 673 1495 ὥς
715 1429 863 1491 ὄντα
903 1424 1212 1507 πάρεστιν,
1246 1422 1371 1487 οἶδε
1414 1421 1598 1502 δήπου
1644 1421 1768 1486 καθ’
1802 1419 1875 1485 δν
1908 1417 2130 1503 τρόπον
2161 1420 2295 1485 ἔκα-

596 1555 744 1594 στον
782 1534 900 1593 τῶν
942 1525 1247 1607 ἐσομένων
1277 1525 1375 1590 καὶ
1416 1524 1542 1590 καθ’
1574 1525 1675 1592 οὓς
1710 1522 1932 1607 λόγους
1967 1521 2295 1606 γινήσεται.

600 1632 695 1698 καὶ
726 1629 1081 1715 γινομένων,
1112 1630 1235 1692 τίσι
1268 1625 1477 1710 λόγοις
1514 1625 1640 1692 καθ’
1674 1625 1929 1706 ἑκάστην
1955 1626 2097 1706 βίου
2137 1627 2293 1708 αἵρε-
2388 1637 2428 1660 “

2388 1740 2429 1763 “
2461 1731 2718 1809 νόμενον
2744 1727 2858 1809 μὲν
2879 1731 2996 1811 γὰρ
3021 1729 3115 1793 καὶ
3143 1729 3274 1795 οῖον
3302 1732 3683 1811 ἅπλούμενον
3705 1730 3834 1815 ἔχει
3859 1737 4082 1797 δεικνῦ-
4174 1765 4186 1775 ·

592 1863 764 1919 μενα.
841 1834 1056 1901 Πάντα
1096 1834 1214 1917 γάρ
1257 1842 1446 1917 φησιν
1489 1836 1523 1897 6
1568 1838 1880 1899 Πλωτῖνος
1920 1830 2029 1912 ἤδη
2071 1831 2168 1911 ἦν,
2203 1832 2298 1896 καὶ
2388 1842 2429 1865 “

597 1760 697 1800 σιν
724 1738 800 1799 τὰ
826 1736 989 1816 παρὰ
1026 1735 1126 1812 τῆς
1156 1730 1646 1814 ἀπαραλογίστου
1673 1730 1955 1811 προνοίας
1995 1729 2114 1808 ἕξει
2155 1726 2295 1793 ἑπό-

595 1941 690 2007 ἀεὶ
729 1941 823 2022 ἦν·
877 1939 946 2004 τὸ
989 1941 1108 2022 γὰρ
1147 1937 1256 2018 ἤδη
1299 1941 1477 2017 δηλοῖ
1508 1935 1576 2000 τὸ
1623 1937 1764 2018 πρὶν
1808 1933 2115 2017 γενέσθω,
2150 1961 2300 2017 παρ-

594 2050 747 2111 εῖναι
785 2047 901 2131 θεῷ
942 2046 1017 2106 τὰ
1057 2044 1311 2123 ὕστερον
1349 2036 1631 2120 ἐσόμενα.
1686 2038 1782 2103 καὶ
1823 2039 1925 2102 ἴνα
1961 2037 2042 2118 μὴ
2083 2035 2152 2100 τὸ
2189 2036 2299 2118 ἤδη

594 2151 779 2232 ἀρχῆς
805 2172 966 2214 τινος
1003 2145 1159 2211 εἶναι
1190 2143 1574 2225 σημαντικὸν,
1607 2143 1843 2223 νομίσοι
1870 2167 1974 2216 τις,
2008 2140 2296 2225 ἐπήγαγε,

598 2253 693 2317 καὶ
730 2252 825 2316 ἀεὶ
861 2250 956 2330 ἦν.
1004 2248 1101 2314 καὶ
1143 2246 1295 2312 οὕτω
1334 2249 1524 2330 φησὶν
1560 2246 1654 2327 ἢν,
1687 2244 1767 2313 ώς
1800 2248 1989 2310 εἰπεῖν
2023 2241 2296 2326 ὕστερον,

596 2351 735 2418 τόδε
778 2356 877 2419 διὰ
913 2353 1069 2418 τόδε.
1119 2349 1450 2429 τουτέστιν,
1488 2348 1574 2415 ὧν
1616 2352 1721 2417 τὰς
1764 2350 1954 2416 αἰτίας
1994 2349 2160 2428 ἡμεῖς
2200 2352 2303 2428 τῆς

594 2456 892 2540 γενέσεως
926 2459 1078 2537 μετὰ
1118 2455 1227 2533 τὴν
1263 2453 1513 2536 ὕπαρξιν
1552 2457 1830 2533 νοοῦμεν,
1861 2452 1954 2515 ὅτι
1988 2451 2174 2535 τυχὸν
2201 2454 2299 2517 διὰ

595 2560 705 2641 τὴν
741 2563 847 2624 τοῦ
885 2556 1076 2642 λόγου
1117 2557 1426 2640 ἐνέργειαν
1464 2554 1655 2637 μόνον
1689 2561 1808 2620 τῶν
1849 2556 2105 2619 ἐνταῦθα
2135 2557 2298 2632 ζώων

593 2663 772 2749 χερσὶ
803 2666 1016 2747 χρῆται
1053 2663 1088 2726 6
1127 2663 1453 2743 ἅνθρωπος,
1485 2661 1716 2742 ὄργανα
1752 2662 1832 2746 τῷ
1863 2658 2031 2743 λόγῳ
2060 2661 2166 2721 τοῦ
2194 2662 2293 2738 δη-

593 2770 876 2849 μιουργοῦ
913 2769 1018 2833 τὰς
1058 2770 1266 2849 χεῖρας
1307 2765 1711 2844 πεποιηκότος.
1766 2766 1938 2826 τοῦτο
1985 2761 2093 2824 οῦν
2133 2760 2298 2841 ἡμεῖς

594 2872 745 2950 μετὰ
781 2868 890 2949 τὴν
926 2869 1174 2950 ὕπαρξιν
1215 2867 1499 2949 ἔγνωμεν.
1545 2867 1681 2931 τόδε
1712 2868 1808 2930 διὰ
1834 2867 1971 2930 τόδε
1997 2868 2171 2929 τοῦτο
2203 2863 2299 2928 ἀεὶ

596 2973 665 3037 ἐν
691 2974 762 3051 τῇ
792 2971 1017 3053 γνώσει
1052 2974 1158 3033 τοῦ
1194 2973 1334 3033 θεοῦ
1368 2967 1803 3051 προῦφέστηκε.
1859 2968 1954 3032 καὶ
1998 2966 2068 3030 οὗ
2109 2966 2297 3046 μόνον

597 3072 692 3157 ἐφ’
724 3074 887 3138 ὅλων
917 3075 1107 3150 εἰδῶν,
1141 3072 1306 3135 ἀλλὰ
1335 3071 1431 3135 καὶ
1461 3072 1558 3135 ἐπὶ
1586 3077 1705 3135 τῶν
1735 3069 1860 3134 καθ’
1897 3069 2153 3134 ἕκαστον
2183 3070 2300 3154 ἰδίᾳ

595 3177 1051 3257 συμβαινόντων
1108 3176 1142 3238 6
1201 3173 1377 3241 αὐτὸς
1430 3175 1637 3256 λόγος.
1713 3174 2103 3255 ἐξηγούμενος
2151 3176 2299 3254 γοῦν

598 3276 811 3346 ἑαυτὸν
851 3277 1170 3362 ἐπήγαγεν.
1230 3278 1641 3357 ἐκτεινόμενον
1677 3275 1795 3359 γάρ
1834 3282 1986 3359 φησι
2030 3275 2127 3340 καὶ
2169 3273 2299 3339 οῖον

596 3384 976 3464 ἀπλούμενον
1021 3382 1149 3466 ἔχει
1194 3385 1507 3455 δεικνῦναι,
1550 3381 1687 3444 τόδε
1727 3382 1878 3459 μετὰ
1919 3380 2076 3443 τόδε.
2127 3402 2294 3442 τουτ-

598 3486 764 3551 έστιν
795 3488 878 3554 εἷς
905 3484 1152 3569 γένεσιν
1177 3486 1497 3567 ἀγόμενον.
1542 3483 1634 3546 ὅτι
1661 3482 1848 3567 τυχὸν
1873 3484 2025 3563 μετὰ
2051 3482 2159 3560 τὴν
2179 3486 2298 3545 τῶν

596 3591 912 3674 στοιχείων
931 3594 1163 3671 κρᾶσιν,
1183 3590 1222 3668 ἡ
1252 3590 1540 3668 σύμπηξις
1569 3587 1665 3651 καὶ
1693 3587 2019 3653 ἀλλοίωσις
2044 3586 2293 3668 γίνεται*

598 3691 724 3757 εἶτα
762 3693 801 3773 ἦ
838 3691 1173 3759 διάπλασις·
1224 3691 1353 3755 εἶτα
1378 3692 1417 3771 ἦ
1444 3692 1738 3774 ψύχωσις.
1787 3689 1883 3754 καὶ
1922 3689 2020 3753 ἐπὶ
2056 3686 2297 3752 πάντων

596 3792 894 3862 ώσαύτως.
928 3797 1078 3875 ὁμοῦ
1106 3796 1170 3859 δὲ
1200 3795 1273 3858 ὅν
1300 3802 1472 3876 φησι,
1496 3798 1619 3858 πᾶν
1640 3794 1796 3858 τόδε.
1837 3795 2009 3856 τοῦτο
2031 3790 2099 3855 δέ
2128 3792 2295 3855 ἐστιν

597 3898 742 3983 ἔχον
777 3900 845 3963 ἐν
883 3899 1038 3984 αὐτῷ
1077 3898 1187 3976 τὴν
1235 3897 1452 3961 αἰτίαν.
1500 3898 1649 3976 ὁμοῦ
1685 3893 1753 3960 δέ
1790 3902 1999 3977 φησιν,
2032 3895 2163 3958 ἀντὶ
2193 3898 2299 3957 τοῦ

597 4002 664 4065 ἐν
713 4005 784 4082 τῇ
825 4005 932 4066 τοῦ
974 4004 1115 4066 θεοῦ
1164 4002 1489 4083 προγώσει.
1552 4001 1778 4080 ἀμερῶς
1819 4000 1936 4079 γὰρ
1981 3998 2048 4060 ἐν
2101 3996 2296 4075 ἐκείνῃ

595 4103 833 4169 πάντων
862 4107 921 4168 οἱ
947 4106 1125 4187 λόγοι
1151 4102 1415 4187 πάρεισι.

885 4217 979 4275 .Ῐο.
1010 4217 1370 4293 Philoponus
1398 4214 1665 4273 adversus
1695 4213 2006 4272 Proclum:

680 4313 801 4378 IV.
839 4313 935 4377 16.
983 4313 1060 4377 Εἰ
1086 4312 1194 4376 οῦν
1224 4314 1373 4375 κατὰ
1400 4314 1505 4376 τὰς
1534 4309 1807 4389 εὐσεβεῖς
1840 4308 1975 4390 περὶ
2014 4311 2157 4371 θεοῦ
2198 4307 2286 4372 εὖ·

597 4419 760 4484 νοίας
796 4416 970 4483 αὐτὸς
1014 4417 1225 4480 ἑαυτοῦ
1260 4411 1549 4496 πλήρωμά
1588 4413 1755 4476 ἐστιν
1789 4413 1823 4475 6
1863 4411 2015 4486 θεὸς,
2046 4409 2295 4491 μηδενὸς

595 4524 699 4583 τοῦ
738 4517 834 4583 ὑπ’
868 4521 1046 4583 αὐτοῦ
1086 4515 1467 4600 παρηγμένον
1513 4517 1596 4583 εἷς
1636 4514 1951 4578 τελείωσιν
1995 4515 2290 4595 δεόμενος,

595 4624 780 4699 δῆλον
804 4622 881 4689 ὡς
900 4606 1125 4685 οὖδὲέκ
1145 4624 1246 4700 τῆς
1266 4625 1384 4683 τῶν
1404 4616 1765 4701 πραγμάτων
1787 4614 2088 4699 ὑπάρξεως
2109 4642 2295 4699 προσ-

593 4723 897 4803 λαμβάνει
943 4749 999 4786 τι
1046 4725 1129 4791 εἰς
1173 4722 1507 4787 τελείωσιν.
1578 4721 1715 4784 οὔτε
1765 4722 1831 4784 ἐκ
1874 4724 1980 4784 τοῦ
2019 4719 2099 4799 μὴ
2143 4719 2296 4784 εἶναι

595 4829 778 4890 ταῦτα
821 4827 995 4893 αὐτὸς
1034 4828 1246 4889 ἑαυτοῦ
1274 4822 1666 4905 ἀτελέστερος
1695 4822 1885 4894 ἔσται,
1918 4824 2121 4905 ὥσπερ
2151 4826 2298 4888 κατὰ

597 4932 915 4993 Πλωτῖνον
954 4929 1050 4992 καὶ
1089 4931 1164 4992 τὰ
1205 4925 1376 5007 μήπω
1415 4928 1562 4990 ὄντα
1601 4926 1678 4992 ὧς
1716 4928 1863 4988 ὄντα
1891 4929 1971 5012 τῷ
1995 4916 2115 5011 Δθεῷ
2144 4924 2290 5007 πάρ·

596 5054 782 5095 εστιν.
860 5029 1294 5113 Παρεθήκαμεν
1332 5029 1441 5093 οῦν
1480 5030 1634 5115 αὐτῷ
1676 5028 1771 5092 καὶ
1811 5029 2102 5111 πρότερον
2126 5053 2290 5108 περι-

595 5133 782 5214 κοπὴν
826 5135 893 5198 ἐκ
932 5137 1040 5198 τοῦ
1079 5133 1268 5215 λόγου
1309 5136 1416 5196 τοῦ
1456 5132 1593 5214 περὶ
1638 5137 1756 5195 τῶν
1805 5137 2032 5211 νοητῶν
2080 5126 2117 5210 ἦ
2159 5131 2294 5213 περὶ

595 5236 879 5319 τάγαθοῦ,
909 5236 978 5317 ἧς
1017 5237 1112 5300 καὶ
1151 5239 1260 5300 νῦν
1284 5238 1620 5316 μνησθῆναι
1657 5237 1842 5314 ἀξιον.
1890 5234 2025 5317 περὶ
2052 5237 2169 5317 γὰρ
2196 5238 2296 5313 τῆς

594 5341 999 5421 δημιουργικῆς
1046 5342 1153 5402 τοῦ
1202 5343 1343 5404 θεοῦ
1392 5337 1691 5418 δυνάμεως
1740 5340 2180 5421 διαλεγόμενος,
2228 5338 2296 5402 ἑν

597 5441 843 5508 ἐκείνοις
879 5439 1063 5506 ταῦτά
1100 5450 1308 5524 φησιν·
1359 5439 1619 5505 “Ἀλλᾶ
1655 5440 1773 5521 μὴν
1812 5444 1865 5506 εί
1906 5446 2001 5506 δεῖ
2041 5439 2295 5520 ἑκάστην

598 5555 638 5577 “
671 5543 978 5629 ἐνέργειαν
996 5544 1078 5626 μὴ
1099 5546 1284 5624 ἀτελῆ
1310 5544 1481 5619 εἶναι,
1505 5543 1586 5624 μὴ
1611 5542 1777 5624 θέμις
1798 5548 1903 5608 τοῦ
1931 5548 2073 5609 θεοῦ
2098 5545 2295 5609 ὁτιοῦν

3959 546 4089 616 379

2390 710 2432 733 “
2460 699 2675 764 άλλοτι
2716 701 2991 779 νομίζειν,
3022 697 3059 780 ἢ
3092 701 3242 765 ὅλον
3279 725 3346 765 τε
3385 700 3481 765 καὶ
3517 705 3662 781 πᾶν,
3692 706 3788 767 δεῖ
3825 704 3894 767 ἐν
3936 705 4081 769 6⁶1·oe-

2390 812 2430 836 “
2460 806 2568 866 οῦν
2596 807 2714 866 τῶν
2749 802 2929 867 αὐτοῦ
2964 801 3160 867 πάντα
3199 802 3577 888 ἐνυπάρχειν.
3624 808 3720 870 δεῖ
3749 805 3952 872 τοίνυν
3992 807 4088 872 καὶ

2388 915 2428 940 “
2460 909 2568 969 τοῦ
2593 906 2688 970 ἀεὶ
2716 904 2888 969 εἶναι.
2938 910 3031 970 δεῖ
3056 907 3151 971 καὶ
3179 911 3284 971 τοῦ
3308 907 3641 987 μέλλοντος
3664 908 3775 990 ἤδη
3795 910 4089 991 παρόντος

2389 1019 2430 1042 “
2462 1008 2634 1074 εἶναι.
2682 1008 2754 1074 οὗ
2792 1010 2863 1089 δὴ
2904 1011 3157 1091 ὕστερόν
3193 1036 3251 1074 τι
3290 1012 3359 1074 ἐν
3399 1012 3624 1098 ἐκείνῳ.
3672 1012 3836 1076 ἀλλᾶ
3869 1010 3939 1075 τὸ
3975 1011 4085 1092 ἤδη

2388 1122 2429 1144 “
2462 1113 2591 1175 ἐκεῖ
2625 1111 2842 1194 παρὸν,
2871 1114 3125 1194 ὕστερον
3166 1114 3234 1178 ἑν
3271 1114 3440 1199 ἄλλῳ
3467 1115 3712 1196 γίνεται.
3759 1116 3815 1180 εἰ
3841 1116 3950 1180 οῦν
3975 1116 4086 1196 ἤδη

2387 1225 2429 1252 “
2458 1214 2713 1298 πάρεστι
2761 1215 2830 1279 τὸ
2887 1214 3145 1295 μέλλον,
3200 1214 3428 1299 ἀνάγκη
3479 1219 3628 1281 οὕτω
3676 1223 3954 1300 παρεῖναι
4009 1221 4088 1286 ὣς

2388 1328 2428 1350 “
2456 1317 2938 1399 προνενοημένου
2970 1320 3053 1385 εἷς
3079 1318 3147 1382 τὸ
3175 1320 3450 1401 ὕστερον.
3495 1324 3666 1384 τοῦτο
3704 1319 3773 1385 δέ
3810 1322 3987 1398 ἐστιν,
4008 1323 4087 1389 ὥς

2386 1430 2427 1454 “
2457 1421 2643 1500 μηδὲν
2683 1424 2914 1484 δεῖσθαι
2950 1421 3202 1501 μηδενὸς
3241 1422 3392 1486 τότε.
3439 1426 3610 1487 τοῦτο
3640 1422 3708 1487 δέ
3746 1424 3877 1489 ἐστι
3901 1427 4087 1505 μηδὲν

2386 1534 2429 1557 “
2461 1524 2875 1606 ἐλλείψοντος.
2922 1522 3119 1589 πάντα
3162 1525 3278 1607 ἀρα
3320 1524 3429 1606 ἤδη
3466 1525 3542 1605 ἦν
3583 1526 3680 1589 καὶ
3714 1526 3810 1590 ἀεὶ
3849 1526 3944 1607 ἦν.
3991 1528 4089 1592 καὶ

2460 1628 2643 1693 οὕτως
2667 1625 2745 1706 ἦν
2775 1628 2853 1694 ὧς
2888 1629 3077 1691 εἰπεῖν
3113 1628 3368 1710 ὕστερον
3396 1630 3533 1693 τόδε
3574 1631 3671 1693 διδ
3698 1630 3856 1694 τόδε.
3902 1630 4084 1696 ἐκτει-

2460 1857 2558 1897 ναι
2597 1835 2734 1896 τόδε
2766 1836 2917 1912 μετὰ
2954 1835 3110 1897 τόδε.
3158 1835 3306 1913 ὁμοῦ
3346 1834 3413 1898 δὲ
3449 1838 3571 1898 πᾶν
3613 1835 3768 1898 τόδε.
3813 1839 3984 1899 τοῦτο
4020 1834 4087 1899 δέ

2388 1946 2428 1969 “
2462 1937 2631 2000 ἐστιν
2661 1935 2806 2020 ἕχον
2837 1936 2904 1999 ἐν
2935 1938 3119 2022 ἑαυτῷ
3153 1936 3249 2001 καὶ
3276 1936 3384 2015 τὴν
3414 1934 3670 2000 αἰτίαν.”

2553 2050 2652 2108 Jo.
2684 2049 3040 2125 Philoponuz
3068 2049 3343 2108 adversus
3372 2050 3640 2108 Proclurn
3669 2050 3836 2108 XVI.
3866 2068 3922 2126 3.

2473 2146 2551 2207 Et
2591 2144 2699 2209 οῦν
2731 2144 2811 2224 μὴ
2841 2146 3250 2227 συμμερίζεται
3284 2150 3407 2213 τοῖς
3431 2150 3723 2228 γνωστοῖς
3749 2146 3787 2226 ἡ
3815 2149 3922 2211 τοῦ
3948 2150 4090 2210 θεοῦ

2383 2254 2623 2331 γνῶσις,
2670 2247 2808 2312 ἀλλ’
2855 2247 3240 2328 ἀμεταβάτως
3284 2250 3351 2312 ἐν
3393 2251 3474 2334 τῷ
3520 2248 3610 2312 ἑνὶ
3650 2247 3934 2328 μένουσα.
3990 2250 4088 2313 καὶ

2387 2348 2726 2432 ἀδιαιρέτως
2765 2352 3025 2433 γνώσκει
3072 2349 3290 2428 πάντα,
3335 2352 3407 2416 οὗ
3453 2352 3642 2431 μόνον
3685 2355 3761 2415 τὰ
3803 2353 4081 2425 καθόλου,

2383 2454 2551 2518 ἀλλὰ
2595 2454 2690 2518 καὶ
2734 2455 2882 2518 αὐτὰ
2920 2456 2995 2518 τὸ
3039 2452 3164 2518 καθ’
3205 2453 3429 2519 ἕκαστά
3469 2478 3539 2517 τε
3581 2454 3678 2518 καὶ
3714 2456 4081 2534 ἀτομώτατα.

2383 2559 2531 2621 οὕτω
2563 2559 2628 2621 δὲ
2655 2558 2916 2639 γνώσκει
2944 2556 3201 2621 ἕκαστον
3230 2559 3263 2620 6
3300 2555 3452 2630 θεὸς,
3478 2557 3681 2638 ὥσπερ
3703 2557 3799 2621 καὶ
3824 2556 4082 2637 ὑπέστη-

2384 2684 2496 2725 σεν
2525 2659 2807 2724 ἕκαστον.
2855 2661 3082 2742 ἀμερῶς
3109 2684 3177 2724 τε
3217 2660 3313 2724 καὶ
3350 2658 3754 2740 ἀμεταβάτως·
3801 2660 3873 2725 οὗ
3897 2662 4087 2740 μόνον

2382 2765 2457 2827 τὰ
2491 2764 2772 2841 καθόλου,
2803 2763 2969 2827 ἀλλὰ
3008 2763 3105 2827 καὶ
3141 2765 3217 2827 τὰ
3255 2763 3620 2843 ἀτομώτατα.
3667 2762 3763 2827 καὶ
3792 2765 3861 2829 ἐν
3887 2764 4084 2849 χρόνῳ

2382 2864 2451 2929 τὸ
2497 2865 2651 2931 εἶναι
2695 2865 2932 2949 ἔχοντα.
2995 2866 3092 2930 καὶ
3136 2867 3282 2930 ποτὲ
3326 2868 3439 2946 μὲν
3488 2867 3657 2943 ὄντα,
3702 2867 3849 2930 ποτὲ
3878 2867 3958 2958 Ιδὲ
4005 2865 4087 2945 μὴ

2382 2970 2549 3033 ὄντα.
2593 2967 2675 3049 μὴ
2713 2969 3174 3051 συγκινούμενος
3211 2972 3283 3049 τῇ
3314 2975 3432 3033 τῶν
3465 2968 3798 3052 γινομένων
3838 2967 4082 3048 κινήσει,

2387 3071 2497 3136 κᾶν
2527 3075 2604 3137 τὰ
2631 3072 2921 3154 γινόμενα
2947 3073 3093 3136 ποτὲ
3120 3073 3235 3152 μὲν
3264 3074 3375 3153 εἴη,
3406 3073 3553 3136 ποτὲ
3580 3073 3646 3136 δὲ
3673 3070 3755 3151 μὴ
3783 3073 3894 3152 εἴη.
3940 3074 3995 3136 εί
4022 3074 4088 3136 δὲ

2381 3175 2420 3255 ἦ
2454 3179 2561 3239 τοῦ
2600 3179 2740 3239 θεοῦ
2777 3177 3071 3255 βούλησις
3110 3175 3265 3261 αὐτῷ
3293 3177 3374 3262 τῷ
3407 3174 3559 3240 εἶναι
3597 3173 3854 3257 παράγει
3881 3173 3916 3238 δ
3942 3176 4089 3255 βού-

2382 3285 2575 3353 λεται,
2622 3279 2701 3346 ὥς
2747 3284 2936 3361 φησιν
2980 3280 3014 3342 6
3059 3280 3356 3361 Πρόκλος,
3402 3278 3439 3359 ἡ
3482 3278 3776 3359 βούλησις
3825 3277 3940 3360 ἄρα
3984 3282 4089 3343 τοῦ

2384 3386 2525 3446 θεοῦ
2566 3384 2795 3464 ἀμερῶς
2845 3382 2942 3446 καὶ
2988 3381 3389 3462 ἀμεταβάτως.
3453 3382 3602 3445 κατὰ
3650 3378 3721 3443 τὸ
3775 3380 3844 3445 ἓν
3891 3379 4088 3447 πάντα

2379 3486 2725 3566 ὖφίσ-ι-ησιν.
2796 3484 2867 3547 οὐ
2927 3482 3389 3565 συμμεριζομένη
3448 3488 3569 3550 τοῖς
3625 3482 4081 3565 παραγομένοις.

2382 3587 2520 3651 οὐδὲ
2559 3586 2871 3667 κινουμένη
2904 3587 3041 3669 περὶ
3080 3585 3245 3651 αὐτά.
3292 3583 3432 3649 ἀλλ’
3464 3587 3733 3653 ἑνοειδῶς
3756 3588 3835 3649 τὰ
3859 3592 4088 3665 πεπλη-

2382 3687 2637 3769 θισμένα
2677 3694 2855 3753 ποιεῖ.
2913 3689 3010 3753 καὶ
3045 3691 3121 3753 τὸ
3153 3692 3405 3770 μεριστὰ
3442 3690 3685 3770 ἀμερῶς.
3741 3689 3836 3753 καὶ
3872 3689 4087 3769 ἀμετα-

2379 3790 2582 3871 βάτως
2607 3795 2683 3857 τὰ
2715 3793 2785 3856 ἐν
2810 3790 3145 3872 μεταβάσει
3172 3795 3277 3855 τοῦ
3303 3792 3525 3874 χρόνου
3551 3791 3620 3855 τὸ
3652 3790 3807 3856 εἶναι
3845 3792 4081 3876 ἔχοντα.

2382 3896 2437 3959 εἰ
2473 3895 2539 3958 δὲ
2577 3894 2673 3958 καὶ
2709 3898 2786 3960 τὰ
2822 3894 3170 3974 ἀτομώτατα
3206 3894 3433 3977 ἀμερῶς
3458 3919 3527 3959 τε
3564 3894 3661 3959 καὶ
3700 3894 4088 3976 ἀμεταβάτως

2379 4003 2542 4061 ποιεῖ
2565 3998 2604 4077 ἡ
2631 4001 2737 4061 τοῦ
2765 4001 2908 4063 θεοῦ
2930 3998 3245 4079 βούλησις,
3275 3997 3356 4077 μὴ
3396 3996 3706 4078 κινουμένη
3739 3997 3881 4080 περὶ
3914 3998 4078 4064 αὐτά.

2380 4103 2455 4164 τὰ
2482 4101 2549 4164 δὲ
2575 4100 2786 4183 μερικά
2813 4126 2882 4165 τε
2926 4101 3023 4166 καὶ
3061 4102 3408 4182 ἀτομώτατα
3433 4102 3579 4165 ποτὲ
3616 4102 3729 4181 μὲν
3759 4100 3909 4176 ἔστι,
3940 4104 4087 4165 ποτὲ

2381 4204 2448 4267 δὲ
2484 4203 2591 4267 οὐκ
2631 4203 2820 4279 ἔστιν,
2854 4203 3159 4288 ἐνδέχεται
3199 4206 3332 4286 ἄρα,
3367 4203 3464 4268 καὶ
3500 4203 3609 4284 τὴν
3636 4204 3773 4287 περὶ
3808 4209 3916 4269 τοῦ
3940 4206 4086 4268 ποτὲ

2381 4308 2553 4375 ὄντος
2600 4308 2825 4389 κόσμου
2867 4312 2974 4372 τοῦ
3018 4312 3158 4372 θεοῦ
3205 4309 3529 4388 βούλησιν,
3569 4309 3716 4372 ποτὲ
3755 4310 3869 4388 μὲν
3909 4306 4083 4385 εἶναι,

2379 4411 2527 4474 ποτὲ
2566 4412 2633 4475 δὲ
2673 4409 2756 4491 μὴ
2799 4410 2970 4485 εἶναι,
3002 4409 3081 4490 μὴ
3126 4412 3193 4475 δὲ
3234 4409 3302 4473 τὸ
3343 4412 3634 4493 πρότερον
3677 4411 3842 4493 ἔχειν
3882 4411 3980 4476 καὶ
4015 4411 4084 4475 τὸ

2378 4515 2651 4596 ὕστερον,
2684 4513 2790 4578 ἅτε
2831 4513 2903 4593 δὴ
2942 4512 3024 4593 μὴ
3066 4514 3133 4577 δὲ
3178 4511 3528 4593 κινουμένην
3568 4514 3704 4596 περὶ
3741 4515 3816 4578 τὰ
3850 4511 3946 4577 ὑπ’
3978 4513 4081 4577 αὖ·

2380 4620 2480 4696 τῆς
2522 4617 2828 4698 γινόμενα.
2884 4617 3110 4683 τούτοις
3152 4613 3202 4680 δ’
3243 4615 3439 4682 αὐτοῖς
3483 4616 3580 4680 καὶ
3622 4615 3731 4679 τὸν
3765 4620 4085 4681 Πλωτῖνον

2383 4745 2433 4782 κ.
2452 4743 2504 4782 τ.
2527 4726 2590 4783 λ.

2464 4844 2528 4908 p.
2571 4838 2760 4903 1270,
2797 4839 2899 4884 11.
2963 4818 3021 4900 ἢ,
3070 4823 3124 4885 εἰ
3167 4820 3433 4900 δοίημεν,
3478 4820 3713 4909 χωρίς.]
3790 4819 3921 4884 Fic.
3972 4843 4081 4884 ex-

2379 4923 2605 5011 pressit
2648 4926 2718 4988 οὐ
2760 4925 2960 5008 χωρίς,
3005 4923 3181 5011 quod
3228 4922 3413 4988 etiam
3470 4946 3550 4988 ex
3594 4921 3971 4987 correctione
4019 4922 4084 4986 in

2381 5027 2621 5092 Medic.
2654 5030 2740 5092 A.
2789 5026 3041 5114 legitur,
3097 5039 3192 5092 est
3241 5023 3484 5091 restitui
3537 5024 3675 5090 vult
3728 5023 3971 5110 Taylor
4019 5024 4083 5088 in

2379 5131 2641 5219 epistola
2677 5131 2762 5195 ad
2791 5154 2890 5196 me
2919 5129 3088 5196 data.
3166 5127 3377 5195 Ceteri
3406 5127 3548 5194 libri
3578 5149 3702 5191 non
3733 5126 4081 5213 suffragan-

2381 5247 2502 5299 tur.
2597 5233 2665 5298 Si
2695 5247 2900 5298 tamen
2930 5232 3182 5321 negatio
3208 5230 3590 5319 requiratur,
3620 5229 3881 5295 fortasse
3912 5231 4084 5317 cogi-

2380 5339 2512 5402 tari
2539 5335 2734 5425 possit
2763 5337 2853 5411 οὗ,
2883 5350 3182 5424 tanquam
3210 5334 3547 5423 repetitum
3575 5356 3655 5399 ex
3681 5331 4085 5400 antecedente

2380 5440 2598 5519 οὐκέτι,
2629 5439 2804 5528 quod
2833 5440 2896 5505 in
2927 5437 3422 5527 breviloquentia
3451 5435 3803 5504 Plotiniaua
3831 5459 3956 5503 non
3985 5437 4081 5503 in-

2380 5542 2669 5609 auditum
2699 5542 2795 5608 sit.
3732 5546 3739 5553 ’

2491 5655 2705 5721 302
