5118 6613
1137 523 1261 598 154

1136 679 1442 761 κοβαφίαν
1468 676 1685 764 objicit
1711 675 2197 743 Atheniensium
2227 675 2496 756 feminis,
2534 690 2835 764 tanquam

1134 792 1348 846 notam
1380 779 1679 858 mollitiei,
1713 778 2084 868 Apollonius
2124 782 2429 868 Tyaneus
2472 802 2574 867 ap.
2617 778 2835 845 Philo·

1138 896 1407 949 stratum
1436 883 1499 949 in
1529 884 1667 970 ejus
1700 883 1845 947 Vita
1875 884 1990 948 IV.
2031 903 2132 947 21.
2166 905 2229 970 p.
2274 901 2409 969 159.
2443 882 2657 948 Olear.

1222 1010 1287 1074 p.
1317 987 1470 1068 486,
1508 1006 1566 1052 2.
1614 987 1719 1051 οὐκ
1757 987 2003 1066 ἐποίησε
2043 987 2158 1066 μὲν
2195 986 2263 1050 τὸ
2313 990 2504 1068 δρᾶμα
2549 986 2842 1069 ἕτερον-

1139 1090 1514 1180 ἆπέπεμψε]
1593 1090 1826 1154 Facere
1884 1087 2204 1173 (reddere)
2266 1086 2841 1153 solet—dimittere

1139 1192 1313 1259 solet.
1404 1194 1505 1257 De
1534 1215 1664 1279 quo
1691 1191 1923 1256 Aoristi
1966 1213 2086 1256 usu
2117 1190 2248 1256 vid.
2280 1191 2469 1257 modo
2500 1191 2838 1256 Heindorf.

1138 1295 1219 1361 ad
1253 1295 1501 1361 Platon.
1533 1293 1792 1360 Phaedr.
1823 1317 1887 1381 p.
1926 1309 2002 1377 27
2005 1308 2074 1380 5.
2106 1294 2378 1359 eundem
2407 1294 2488 1359 ad
2533 1294 2839 1360 Phaedon.

1137 1422 1183 1487 p
1224 1539 1312 1551 —
1340 1519 1441 1565 12.
1463 1501 1559 1565 καὶ
1576 1504 1681 1565 τοῦ
1703 1505 1948 1583 ποιητοῦ
1966 1506 2074 1565 τοῦ
2095 1500 2662 1588 παντὸς-κυρίους]
2692 1499 2844 1565 Vul-

1134 1619 1349 1693 gata-m
1378 1601 1597 1668 addito
1644 1607 1749 1667 τοῦ
1784 1618 1929 1691 post
1955 1609 2200 1684 ποιητοῦ
2242 1601 2439 1691 possis
2466 1603 2726 1668 fortasse
2753 1604 2843 1668 ita

1135 1707 1437 1796 accipere,
1469 1729 1543 1771 ac
1578 1705 1629 1771 si
1676 1706 1988 1794 scripserit
2017 1706 2309 1772 Plotinus
2339 1707 2435 1771 καὶ
2463 1712 2570 1772 τοῦ
2596 1712 2841 1788 ποιητοῦ

1138 1814 1245 1875 τοῦ
1270 1809 1494 1877 παντὸς
1524 1809 1723 1891 κυρίου
1751 1813 1924 1874 τοῦτο
1953 1815 2282 1885 ποιοῦντος,
2307 1824 2500 1897 atque
2528 1833 2671 1874 cum
2701 1810 2838 1898 opi-

1138 1912 1244 1978 fex
1279 1913 1561 1997 (auctor)
1594 1912 1786 1998 hujus
1817 1912 2085 1977 universi
2131 1914 2212 1995 (S.
2245 1912 2495 1998 mundi)
2527 1913 2646 1977 hoc
2675 1913 2834 1995 (scil.

1137 2015 1358 2081 drama
1400 2016 1821 2101 mundanum)
1868 2016 2305 2104 composuerit.
2394 2015 2602 2080 Malui
2632 2031 2839 2082 tamen

1138 2141 1284 2183 cum
1314 2117 1536 2183 Ficino
1564 2118 1808 2193 facere3
1855 2118 1943 2184 ita
1974 2133 2046 2183 ut
2074 2117 2365 2184 Plotinus
2387 2117 2485 2183 his
2516 2119 2720 2184 verbis
2746 2143 2841 2184 re-

1136 2221 1354 2310 spiciat
1383 2221 1466 2286 ad
1493 2220 1844 2287 libertatem
1877 2221 2197 2303 moralem,
2228 2244 2422 2309 quam
2451 2223 2632 2288 Deus
2659 2238 2833 2288 acto-

1134 2325 1311 2390 ribus
1346 2324 1580 2390 fabulae
1618 2325 1954 2391 mundanae
2001 2326 2072 2410 (i.
2099 2350 2153 2392 e.
2204 2325 2590 2411 hominibus)
2622 2325 2685 2390 in
2716 2326 2835 2392 hac

1135 2427 1266 2492 vita
1313 2428 1698 2515 impertierit.
1791 2428 2086 2494 Proxime
2137 2429 2302 2494 idem
2338 2428 2558 2516 junxit
2602 2444 2838 2493 utram-

1136 2553 1262 2616 que
1316 2529 1642 2595 lectionem
1696 2533 1894 2597 τόπων
1943 2545 2007 2596 et
2057 2535 2311 2616 τρόπων,
2354 2554 2466 2596 nec
2511 2529 2669 2596 illud
2721 2531 2833 2596 ab·

1136 2632 1341 2697 surde.

1224 2758 1288 2823 p.
1317 2736 1470 2818 487,
1503 2754 1564 2822 5.
1615 2738 1720 2802 οὗκ
1773 2741 1827 2804 εἰ
1870 2739 2040 2806 λίθος
2083 2740 2173 2818 εἵη
2218 2737 2521 2827 ἕκαστος]
2572 2736 2839 2802 Videtur

1140 2837 1494 2903 Platonicos
1530 2839 1697 2905 locos
1741 2839 1995 2919 imitari,
2028 2839 2201 2905 velut
2242 2839 2412 2905 hunc
2447 2840 2651 2928 Hipp.
2686 2840 2833 2927 maj.

1136 2965 1201 3029 p.
1239 2960 1383 3027 229.
1414 2941 1479 3007 d.
1505 2944 1710 3008 ε-καὶ
1738 2942 1913 3008 οὐδέν
1942 2969 2042 3008 σοι
2076 2948 2314 3022 μᾶλλον
2344 2949 2638 3027 γεγωνεῖν
2665 2945 2838 3009 δύνα-

1134 3071 1259 3124 μαι,
1306 3043 1342 3124 ἢ
1388 3048 1445 3111 εἴ
1476 3071 1579 3126 μοι
1625 3045 2004 3128 παρεκάθησο
2045 3048 2233 3121 λίθος,
2282 3047 2379 3111 καὶ
2423 3047 2593 3115 οὗτος
2624 3049 2838 3127 μυλίας

1135 3148 1282 3228 μήτε
1331 3146 1455 3214 ὦτα
1500 3147 1630 3229 μήτ’
1679 3147 2023 3232 ἐγκέφαλον
2070 3149 2245 3233 ἔχων.
2336 3148 2510 3214 Hinc
2553 3150 2722 3238 lapis
2773 3164 2837 3215 et

1135 3251 1304 3338 lapis
1348 3253 1607 3318 molaris
1657 3274 1775 3340 pro
1832 3251 2083 3318 bomine
2125 3250 2383 3340 stupido
2433 3267 2498 3317 et
2547 3254 2832 3321 vecorde.

1143 3354 1284 3420 Vid.
1317 3357 1566 3421 Erasm.
1592 3355 1853 3444 Adagg.
1882 3379 1949 3444 p.
1969 3375 2118 3442 322.
2150 3373 2298 3443 324.
2332 3357 2481 3420 668.
2557 3358 2651 3422 Et
2677 3360 2839 3424 λίθοι

1140 3459 1234 3524 καὶ
1277 3461 1429 3539 ξύλα
1470 3459 1552 3524 de
1589 3458 1775 3523 rebus
1822 3457 2057 3523 nullius
2100 3458 2304 3545 pret-ii.
2343 3458 2603 3525 Aristid.
2640 3461 2737 3525 ΙΙ.
2770 3484 2835 3549 p.

1144 3579 1287 3646 177.
1320 3562 1397 3627 C.
1428 3561 1509 3626 cf.
1567 3560 1907 3626 Frommel.
1945 3560 2028 3624 ad
2074 3559 2402 3625 Scholiast.
2451 3561 2719 3627 Aristid.
2765 3587 2830 3651 p.

1132 3666 1287 3746 418.
1319 3688 1415 3752 sq.

1221 3805 1310 3818 —
1341 3769 1397 3830 8.
1458 3765 1705 3848 Ὥσπερ
1734 3766 1871 3831 οὐδὲ
1902 3767 1970 3831 ἐν
1993 3768 2232 3850 σύριγγι
2256 3768 2427 3849 φωνὴ
2446 3769 2830 3854 μία-φθόγ-

1136 3895 1236 3953 γοι
1263 3869 1506 3952 πάντες]
1560 3870 1615 3932 F
1619 3867 1823 3933 istulae
1866 3868 2204 3955 pastoritiae
2231 3869 2497 3936 formam
2544 3869 2838 3939 describit

1142 3970 1371 4036 Pollux
1409 3971 1527 4035 lv.
1561 3973 1662 4053 67.
1696 3988 1758 4035 et
1787 3972 2132 4058 praesertim
2157 3974 2277 4037 IV.
2298 3975 2403 4059 69.
2439 3974 2547 4038 ubi
2579 3998 2657 4039 ex
2689 3976 2839 4040 Ari-

1137 4073 1439 4161 stophane
1476 4072 1774 4138 laudatur
1813 4078 2105 4155 καλαμίνη
2150 4077 2380 4160 σύριγξ,
2417 4076 2693 4165 itemque
2730 4079 2839 4143 ali-

1139 4176 1308 4242 unde
1348 4176 1754 4260 αὐτοσχέδιος.
1832 4176 1974 4241 vid.
2019 4176 2105 4241 ibi
2151 4177 2442 4267 intel-prr.
2486 4195 2551 4245 et
2591 4181 2839 4247 Brouk-

1138 4280 1276 4344 hus.
1310 4296 1374 4344 et
1403 4279 1687 4366 Golbery
1716 4278 1797 4344 ad
1827 4279 1963 4345 haec
1993 4280 2240 4345 Tibulli
2269 4283 2367 4346 II.
2398 4304 2461 4369 5.
2492 4303 2604 4370 31.

1184 4426 1189 4431 ·
1274 4400 1509 4471 Fistula,
1541 4400 1630 4459 cui
1658 4419 1881 4481 semper
1909 4401 2184 4461 decrescit
2209 4402 2498 4463 arundinis
2525 4404 2686 4473 ordo,

1358 4500 1437 4558 Et
1462 4499 1712 4558 calamus
1739 4518 1867 4559 cera
1883 4498 2143 4579 jungitur
2169 4521 2348 4581 usque
2376 4504 2581 4562 minor.

1142 4595 1370 4680 Neque
1408 4616 1557 4659 vero
1609 4609 1855 4660 tantum
1899 4594 2291 4682 pastoritium
2351 4597 2838 4664 instrumentum

1141 4710 1275 4761 erat
1305 4695 1543 4784 syrinx,
1572 4695 1683 4760 sed
1709 4696 1857 4761 alibi
1886 4719 2142 4785 quoque
2170 4698 2548 4778 adhibitum,
2580 4699 2841 4767 docente

1146 4796 1416 4863 Dorvill.
1461 4798 1546 4862 ad
1590 4798 1914 4864 Chariton.
1953 4800 2070 4864 V1.
2119 4818 2180 4865 2.
2229 4822 2292 4888 p.
2324 4818 2475 4886 515.
2521 4802 2698 4890 Lips.
2739 4805 2839 4892 [p.

1144 4900 1291 4985 516.
1335 4900 1439 4965 ed.
1477 4902 1724 4990 Amst.]
1817 4903 1899 4966 In
1943 4901 2273 4966 modorum
2321 4918 2536 4968 autem
2583 4927 2843 4971 numero

1147 5004 1407 5086 σύριγμα
1461 5020 1763 5069 memorat
1822 5002 2059 5069 Pollux
2121 5005 2239 5069 lv.
2286 5005 2389 5091 83.
2440 5020 2506 5070 et
2561 5009 2846 5091 συριγμὸς

1151 5104 1506 5171 Athenaeus
1547 5108 1743 5171 XIV.
1772 5131 1835 5196 p.
1869 5108 2016 5194 638.
2061 5131 2119 5174 a.
2175 5109 2267 5173 uti
2312 5108 2567 5196 quidem
2614 5112 2843 5198 proba-

1148 5209 1272 5289 bile
1322 5209 1521 5275 visum
1575 5210 2161 5298 Schweigbaeusem.
2224 5211 2381 5279 Vid.
2431 5212 2569 5300 ejus
2606 5227 2843 5279 annott.

1157 5314 1290 5378 Vol.
1324 5314 1487 5379 VII.
1517 5337 1583 5403 p.
1610 5315 1758 5397 484.
1850 5315 2159 5383 Fistulam
2190 5339 2337 5383 vero
2368 5338 2495 5381 una
2520 5340 2666 5382 cum
2696 5317 2848 5384 tibia

1150 5415 1232 5480 ab
1281 5416 1607 5483 hominum
1649 5417 2076 5485 modestorum
2133 5419 2430 5489 conviviis
2473 5421 2668 5488 arceri
2703 5423 2845 5489 vult

1153 5520 1444 5586 Clemens
1485 5520 1679 5589 Alex.
1731 5521 1995 5612 Paedag.
2046 5524 2145 5591 11.
2188 5544 2252 5607 4.
2299 5547 2363 5612 p.
2400 5539 2538 5612 192.
2600 5528 2839 5593 Potter.

2113 501 2957 571 ANNOTATIONES
3027 502 3140 567 IN
3207 502 3644 570 PLOTINI

2925 690 2995 740 ut
3051 675 3264 742 bestiis
3307 676 3506 764 magis
3549 698 3738 764 quam
3798 675 4155 741 bominibus
4198 676 4621 742 convenientia

2924 802 3192 866 organa:
3243 782 3461 863 θηρίοις
3508 785 3748 861 μᾶλλον
3790 777 3828 861 ἢ
3888 781 4216 862 ἀνθρώποις
4276 779 4619 860 κατάλληλα

2929 885 3025 948 καὶ
3052 885 3383 966 ἀνθρώποις
3414 889 3537 951 τοῖς
3580 882 3980 966 ἆλογοτέροις.
4026 886 4130 950 τὰς
4170 885 4283 963 μὲν
4324 886 4443 966 γὰρ
4488 882 4619 947 ἑλά-

2927 995 3078 1068 φους
3105 992 3233 1054 ταῖς
3252 988 3482 1069 σύριγξι
3505 989 3815 1066 κηλεῖσθαι
3837 985 4312 1066 παρειλήφαμεν,
4337 985 4447 1050 ubi
4476 1007 4616 1050 con-

2927 1087 3062 1154 sule
3104 1102 3315 1153 annot.
3408 1088 3556 1175 Ego
3613 1086 3896 1153 Platonis
3951 1087 4343 1164 admonebo;
4391 1089 4501 1175 qui
4556 1089 4618 1154 in

2928 1193 3276 1279 Protagora
3303 1214 3369 1279 p.
3392 1210 3545 1277 3¹0·
3577 1213 3642 1277 p.
3681 1192 3819 1255 160.
3846 1189 4049 1256 Bekk.
4075 1214 4090 1255 z
4141 1197 4336 1272 κηλῶν
4358 1217 4423 1256 τε
4454 1191 4618 1274 φωνῇ

2927 1297 3131 1378 ὥσπερ
3157 1294 3438 1377 Ὀρφεὺς,
3471 1297 3530 1359 οἱ
3559 1297 3624 1358 δὲ
3647 1297 3795 1359 κατὰ
3823 1294 3933 1374 τὴν
3949 1294 4158 1377 φωνὴν
4188 1295 4432 1360 ἕπονται
4462 1322 4618 1376 κεκη-

2926 1398 3192 1480 λημένοι.
3265 1397 3555 1462 Severius
3581 1412 3792 1461 autem
3823 1397 4291 1485 quodammodo
4316 1398 4455 1485 ipso
4485 1398 4620 1464 Cle-

2928 1515 3136 1567 mente
3163 1501 3286 1567 alio
3313 1501 3450 1566 loco
3489 1500 3780 1566 Plotinus
3808 1500 4176 1588 pronuntiat
4203 1501 4328 1565 ita:
4376 1523 4440 1588 p.
4470 1522 4617 1588 435.

2927 1603 3228 1670 Α.-οὗδ’
3279 1606 3313 1668 ὁ
3357 1604 3541 1686 λόγος
3581 1602 3698 1666 ὑπὸ
3735 1607 4019 1684 μουσικῆς
4058 1602 4357 1685 θέλγεται,
4405 1603 4541 1668 ἀλλ’
4584 1605 4621 1683 ἡ

2926 1708 3149 1790 ἄλογος
3166 1706 3361 1790 ψυχή.
3410 1706 3505 1770 καὶ
3522 1707 3592 1770 οὐ
3617 1705 3973 1786 θαυμάζεται
3991 1708 4029 1786 ἡ
4046 1708 4291 1789 γοητεία
4310 1707 4347 1787 ἦ
4364 1710 4617 1787 τοιαύτη,

2883 1895 2896 1912 ⁸
2928 1811 3115 1875 καίτοι
3157 1814 3409 1892 φιλοῦσι
3448 1811 3819 1890 κηλούμενοι,
3852 1809 3963 1874 κᾶν
3997 1809 4079 1890 μὴ
4110 1814 4284 1874 τοῦτο
4327 1812 4621 1875 αἰτιῶνται

2926 1916 3088 1997 παρὰ
3130 1919 3248 1977 τῶν
3289 1917 3360 1994 τῇ
3401 1915 3651 1992 μουσικῇ
3695 1911 4038 1996 χρωμένων.
4131 1914 4367 1978 Nostro
4409 1928 4623 1978 contra

2925 2016 3061 2081 loco
3090 2015 3317 2081 fistulae
3356 2013 3759 2080 similitudine
3807 2015 4006 2079 utitur
4047 2013 4458 2104 philosophus
4493 2017 4617 2105 Ly-

2923 2119 3221 2209 copolites
3263 2118 3344 2183 ad
3384 2116 3823 2206 explicandum
3859 2118 3967 2183 τὸν
3994 2121 4186 2201 λόγον
4208 2118 4316 2183 τὸν
4343 2123 4449 2183 τοῦ
4475 2145 4622 2186 παν-

2922 2224 3040 2298 τὸς,
3074 2222 3202 2287 sive
3230 2220 3534 2287 rationem
3567 2220 3630 2284 in
3662 2221 3779 2285 hac
3808 2243 4018 2285 rerum
4048 2221 4449 2287 universitate
4479 2246 4617 2310 reg-

2921 2324 3653 2390 natricem.—Caeterum
3678 2325 3909 2408 σύριγὲ,
3934 2326 4211 2408 συρίζειν,
4243 2326 4516 2407 συρικτής
4541 2327 4620 2391 ab

2923 2427 3216 2516 Orphicis
3257 2428 3323 2492 in
3367 2426 3597 2492 caelesti
3640 2442 3704 2491 et
3748 2426 4068 2492 mundana
4108 2427 4345 2493 musica
4385 2427 4617 2494 descri-

2922 2530 3129 2598 benda
3160 2545 3514 2618 usurpatur.
3564 2529 3706 2594 Vid.
3741 2529 3943 2616 Orpb.
3978 2531 4222 2618 Hymn.
4253 2532 4458 2597 VIII.
4495 2533 4618 2618 (7.)

2929 2654 3028 2700 11.
3078 2635 3314 2721 Fragg.
3349 2633 3550 2721 Orpb.
3584 2633 3937 2698 XXVIII.
3976 2654 4074 2719 13,
4114 2654 4217 2717 14:

3046 2741 3173 2798 Ζεὺς
3195 2742 3255 2796 δέ
3279 2763 3337 2796 τε
3363 2741 3569 2796 πάντων
3593 2741 3712 2795 ἐστὶ
3738 2741 3872 2806 θεὸς,
3902 2743 4110 2797 παντων
4135 2764 4192 2797 τε
4219 2744 4491 2817 κεραστὴς,

3048 2838 3319 2910 Πνεῦμασι
3347 2837 3588 2910 συρίζων,
3618 2840 3858 2910 φωνῇσιν
3883 2836 3929 2893 τ’
3959 2835 4295 2910 ἧερομίκτοις.

2925 2949 3060 3015 Ubi
3115 2948 3274 3014 bene
3328 2948 3685 3013 Gesnerus:
3750 2956 3793 2987 “
3826 2948 4074 3014 Eodem
4134 2950 4405 3038 pertinet
4460 2953 4618 3019 illud

2925 3054 3200 3134 συρίζειν,
3221 3052 3403 3117 sibilo
3426 3073 3647 3116 vocare
3666 3077 3686 3115 :
3717 3074 4018 3138 quorsum
4043 3052 4194 3118 data
4215 3054 4376 3119 Pani
4399 3057 4618 3143 (quem

2922 3177 3067 3220 cum
3095 3157 3261 3219 Jove
3289 3153 3759 3219 confundebant
3789 3154 3919 3219 vid.
3949 3154 4029 3219 ad
4062 3178 4222 3221 vers.
4249 3161 4378 3243 13.)
4413 3162 4620 3242 σύριγξ

2924 3282 3060 3340 sua,
3090 3281 3219 3346 qua
3246 3257 3613 3323 concordem
3642 3256 3808 3322 illam
3828 3280 4037 3323 rerum
4061 3258 4429 3326 discordiam
4452 3260 4620 3327 illam

2923 3361 3263 3450 pugnantis
3306 3384 3515 3426 secum
3561 3377 3801 3426 naturae
3850 3360 4239 3428 harmoniam
4300 3364 4622 3453 pingunt.”

2925 3465 3154 3551 Neque
3215 3486 3360 3527 vero
3422 3462 3713 3527 Plotinus
3784 3463 3902 3527 hoc
3952 3464 4087 3530 loco
4146 3460 4523 3553 Orphicum,
4568 3493 4617 3534 s.

2925 3565 3349 3654 Theologum,
3380 3589 3445 3630 se
3473 3565 3605 3644 dat,
3638 3589 3843 3653 neque
3888 3567 4322 3655 Pythagoreos
4363 3587 4427 3635 et
4474 3572 4618 3636 Pla·

2925 3686 3134 3736 tonem
3164 3670 3369 3758 ipsum
3402 3669 3467 3733 in
3497 3684 3802 3734 concentu
3840 3669 4060 3734 mundi
4102 3670 4477 3738 declarando
4504 3697 4617 3739 an-

2924 3774 3115 3863 tiquis
3171 3795 3623 3859 nonnunquam
3672 3772 3937 3852 tesseris,
3992 3797 4038 3838 s.
4085 3775 4406 3861 symboIiS,
4453 3800 4617 3858 usos,

2922 3876 3223 3956 imitatur,
3250 3876 3356 3941 sed
3381 3875 3741 3963 scriptorem
3773 3875 4232 3963 perspicuitatis
4247 3878 4618 3959 studiosum,

2923 3997 2987 4048 et
3015 3982 3125 4070 qui
3141 3979 3524 4046 harmoniam
3551 3978 3771 4043 mundi
3797 3977 4089 4044 moralem
4115 3979 4378 4068 simplici
4392 3983 4619 4050 fistulae

2925 4084 3327 4151 similitudine
3382 4082 3694 4147 declarare
3752 4082 4072 4157 instituat3
4122 4084 4217 4149 uti
4256 4085 4622 4172 saepiuscule

2922 4191 3071 4256 facit
3102 4189 3307 4267 Plato,
3341 4211 3402 4251 v.
3436 4210 3489 4251 c.
3522 4186 3585 4250 in
3615 4185 3724 4250 illo
3755 4186 4066 4274 Symposii
4094 4185 4232 4252 loco
4259 4210 4328 4275 p.
4364 4195 4613 4276 215.A.

2926 4296 3000 4360 Β.
3033 4318 3100 4382 p.
3129 4309 3279 4378 452.
3313 4289 3517 4355 Bekk.
3552 4289 3658 4355 ubi
3688 4290 3839 4378 ipsae
3877 4290 4156 4373 σύριγγες
4198 4310 4622 4361 memorantur

2924 4412 2988 4462 et
3012 4394 3278 4461 tibicinis
3305 4393 3585 4458 artificia.

3012 4522 3077 4587 p.
3101 4500 3253 4583 489,
3273 4517 3340 4582 3.
3387 4500 3465 4561 El
3485 4498 3591 4561 οὖν
3609 4496 3827 4562 ἄτοπος
3846 4522 3895 4558 κ.
3915 4520 3969 4559 τ.
3986 4496 4076 4580 λ.]
4116 4497 4407 4563 Fortasse
4434 4501 4622 4591 scrip-

2926 4615 3090 4667 serat
3136 4599 3467 4666 Plotinus:
3519 4602 3630 4679 Εἵη
3674 4600 3780 4663 οὖν
3812 4596 3909 4662 vel
3946 4601 4056 4679 Είη
4098 4598 4174 4664 ἂν
4203 4601 4311 4665 οὖν
4339 4602 4558 4671 ἄτοπος
4586 4606 4623 4685 ἡ

2928 4704 3231 4789 εἰσαγωγὴ
3276 4709 3393 4768 τῶν
3435 4707 3673 4786 ψυχῶν,
3721 4703 3803 4766 ὧν
3849 4704 3913 4765 αἱ
3952 4704 4065 4782 μὲν
4096 4729 4149 4766 κ.
4173 4711 4352 4771 τ.λ.;
4403 4706 4624 4772 Fuerit

2926 4807 3189 4896 proinde
3216 4804 3489 4872 absurda
3519 4804 3654 4869 haec
3676 4803 4063 4896 introductio
4083 4804 4454 4886 animarum,
4473 4832 4626 4898 qua-

2927 4935 3074 4976 rum
3104 4910 3332 4998 partim
3364 4922 3478 4973 etc.
3560 4907 3706 4972 Sine
3735 4906 3909 4971 libris
3930 4923 4174 4973 mutare
4197 4909 4390 4974 nolui.
4456 4913 4626 4977 Tur-

2930 5015 3145 5080 batum
3175 5013 3238 5077 in
3279 5012 3343 5077 b.
3369 5010 3414 5076 l.
3445 5034 3576 5076 esse
3614 5009 3888 5075 indicare
3916 5009 4168 5075 videtur
4206 5010 4485 5078 lectionis
4520 5038 4626 5080 va-

2931 5117 3137 5182 rietaS.
3228 5114 3521 5180 Proxime
3564 5126 3774 5178 autem
3817 5112 4078 5179 fortasse
4125 5113 4501 5202 legendum:
4548 5120 4631 5183 Τί

2931 5223 2997 5285 δὲ
3028 5222 3274 5285 κωλύει;
3324 5216 3495 5297 Quid
3533 5240 3680 5282 vero
3723 5216 4016 5304 prohibet
4051 5215 4426 5284 histrionum
4472 5244 4627 5309 quo-

2932 5346 3058 5411 que
3086 5336 3264 5410 gesta
3292 5344 3408 5410 pro
3442 5320 3729 5410 partibus
3768 5319 4046 5384 babere?
4089 5321 4376 5408 Attingit
4415 5338 4627 5404 autem

2934 5427 3052 5491 hoc
3079 5424 3219 5491 loco
3247 5423 3412 5489 illam
3443 5423 3797 5513 primariam
3832 5422 4265 5510 quaestionem,
4295 5425 4454 5512 quid
4483 5426 4630 5494 inde

2930 5540 3371 5614 consequatur,
3416 5526 3469 5593 si
3510 5526 3916 5592 admittamus
3958 5525 4168 5592 omnia
4209 5526 4343 5594 fieri
4400 5528 4465 5594 in
4511 5530 4628 5597 hoc
