5118 6613
1063 509 1187 591 276

1061 682 1162 747 hic
1193 678 1447 769 quidem
1491 676 1705 745 addit:
1757 688 1802 719 “
1834 682 2053 746 Posset
2091 682 2274 747 etiam
2306 682 2428 770 legi
2459 684 2750 765 γεγωνόν.

1064 787 1167 851 Cf.
1199 785 1495 851 Valcken.
1521 783 1601 848 ad
1633 783 1969 872 Hippolyt.
1989 786 2180 869 584.”
2224 786 2495 874 Optime.
2587 786 2751 848 Nam

1061 888 1150 954 ita
1178 890 1359 978 plane
1391 887 1552 966 Cod,
1579 885 2072 967 Schellershem.,
2091 889 2272 976 cujus
2300 912 2461 954 varr.
2495 887 2663 952 lectt.
2689 886 2753 952 in

1062 993 1182 1057 mei
1200 991 1467 1079 exempli
1491 990 1767 1078 margine
1783 1006 2062 1056 enotatas
2078 991 2295 1056 habeo.
2363 991 2754 1073 (Scholiastae

1061 1095 1144 1160 ad
1204 1095 1477 1159 Heroica
1523 1092 1625 1157 l.l.
1667 1093 1896 1158 adhibe
1950 1094 2229 1159 Lobeck.
2278 1095 2358 1160 ad
2409 1093 2753 1183 Phrynich.

1060 1222 1124 1286 p.
1184 1202 1355 1279 120.)
1422 1199 1485 1262 T
1490 1197 1805 1262 heodoret.
1870 1198 2257 1285 Therapeut.
2316 1199 2433 1262 VI.
2494 1220 2558 1282 p.
2605 1199 2752 1280 877.

1064 1301 1315 1366 Schulz.
1341 1325 1356 1365 ε
1390 1300 1508 1365 οὐδ’
1529 1302 1852 1383 οὐρανόθεν
1869 1301 2283 1384 γεγωνοτάτην
2314 1303 2409 1366 καὶ
2435 1306 2622 1366 πᾶσιν
2645 1303 2750 1366 ἆν-

1061 1407 1312 1488 θρῶποις
1340 1406 1675 1485 σύμμετρον
1704 1405 1896 1483 ἀφῆκε
1926 1404 2155 1487 φωνήν.
2250 1406 2403 1468 Huc
2425 1404 2577 1468 facit
2607 1403 2750 1469 Cle·

1060 1530 1234 1572 mens
1265 1506 1451 1571 Alex.
1489 1505 1738 1593 Paedag.
1774 1507 1872 1573 11.
1906 1530 1971 1593 p.
2003 1526 2147 1593 203.
2183 1508 2353 1571 Pott.
2393 1509 2571 1589 ἄμφω
2600 1509 2666 1571 δὲ
2697 1510 2755 1571 οἱ

1060 1614 1474 1693 διαλεγόμενοι
1500 1610 1569 1673 τὸ
1600 1610 1842 1693 φθέγμα
1869 1611 1937 1674 τὸ
1978 1616 2153 1693 σφῶν
2182 1615 2250 1691 τῇ
2282 1613 2609 1696 συμμετρίᾳ
2636 1636 2750 1675 πα-

1057 1716 1528 1798 ραμετρούντων·
1591 1715 1752 1786 τό,τε
1809 1717 1925 1795 γὰρ
1973 1713 2244 1796 γεγωνὸν
2293 1718 2394 1792 τῆς
2448 1720 2755 1797 προφορᾶς

1057 1816 1556 1897 μανιωδέστατον·
1601 1819 1762 1890 τό,τε
1801 1816 2166 1896 ἆνήκουστον
2209 1816 2354 1897 πρὸς
2388 1817 2523 1884 τοὺς
2564 1816 2754 1885 πέλας

1059 1917 1453 2002 φθέγγεσθαι,
1494 1918 1874 1997 ἆναισθήτου.
1966 1916 2144 1981 Idem
2195 1919 2518 1982 Stromatt.
2561 1919 2637 1982 V.
2684 1941 2747 2005 p.

1060 2022 1209 2102 648.
1243 2022 1484 2086 Potter.
1509 2045 1523 2085 ε
1574 2023 1949 2101 ἑρμηνεύεται
1976 2022 2088 2101 μὲν
2116 2026 2233 2104 γὰρ
2266 2020 2602 2106 (Ἀβραάμ)
2633 2048 2747 2086 πα-

1058 2125 1165 2207 τὴρ
1195 2124 1470 2191 ἔκλεκτος
1498 2124 1696 2207 ἠχοῦς·
1743 2125 1883 2208 ἠχεῖ
1904 2126 2017 2204 μὲν
2044 2128 2159 2206 γὰρ
2190 2127 2223 2188 6
2266 2124 2529 2207 γεγωνὸς
2568 2126 2753 2207 λόγος

1064 2229 1251 2313 (Leg.
1296 2229 1328 2290 6
1373 2228 1643 2308 γεγωνὸς
1687 2230 1804 2308 λ.).
1894 2228 2210 2292 Caeterum
2257 2227 2336 2291 cf.
2393 2229 2748 2307 Potterum,

1055 2330 1167 2417 qui
1195 2354 1274 2394 ex
1307 2329 1587 2394 Philonis
1615 2328 1763 2394 locis
1806 2329 2014 2410 docet,
2044 2329 2374 2395 formulam
2406 2333 2438 2394 6
2474 2331 2752 2413 γεγωνὸς

1055 2436 1240 2517 λόγος
1274 2432 1437 2497 idem
1485 2432 1828 2520 significare
1867 2449 2059 2520 atque
2097 2436 2130 2498 6
2166 2433 2526 2516 προφορικὸς
2566 2435 2752 2515 λόγος

1059 2539 1166 2621 (de
1209 2561 1338 2624 quo
1382 2559 1573 2623 supra
1616 2536 1885 2601 vidimus
1926 2536 2008 2601 ad
2056 2539 2112 2602 I.
2166 2556 2223 2602 2.
2267 2556 2331 2623 3.
2371 2537 2512 2620 fin.)
2604 2538 2751 2600 Hoc

1055 2640 1190 2705 loco
1216 2656 1425 2705 autem
1463 2638 1748 2703 Plotinus
1775 2645 1855 2727 τῷ
1883 2643 2172 2723 γεγωνότι
2199 2643 2365 2727 λόγῳ
2394 2638 2548 2703 nihil
2579 2637 2751 2703 aliud

1054 2741 1353 2807 declarari
1386 2741 1543 2820 vult,
1573 2741 1689 2805 nisi
1732 2741 2096 2818 orationem,
2127 2765 2273 2829 quoe
2301 2742 2524 2806 auditu
2553 2740 2747 2828 perci-

1055 2844 1250 2932 pitur.
1314 2843 1645 2909 Contraria
1671 2845 1834 2908 enim
1866 2860 2253 2931 sequuntur:
2301 2846 2463 2909 ἀλλὰ
2487 2849 2556 2924 τῇ
2579 2847 2748 2927 ψυχῇ

1056 2945 1892 3029 -εὕχεσθαι-δυναμένους.
1980 2949 2141 3025 Quae
2169 2946 2266 3010 vel
2308 2970 2409 3010 me
2453 2968 2576 3011 non
2622 2967 2751 3009 mo-

1056 3063 1242 3112 nente
1273 3049 1568 3112 Lectores
1614 3048 1952 3113 admonent
1982 3049 2312 3113 verborum
2344 3047 2636 3137 Apostoli
2667 3046 2747 3111 ad

1058 3150 1294 3239 Ephes.
1328 3152 1448 3216 VI.
1480 3154 1574 3215 18.
1624 3154 2097 3235 προσευχόμενοι
2141 3154 2208 3216 ἐν
2249 3154 2536 3232 πνεύματι
2566 3168 2629 3217 et
2672 3152 2749 3215 V.

1063 3278 1160 3345 19.
1193 3256 1435 3343 ᾅδοντες
1480 3257 1575 3323 καὶ
1613 3256 1959 3339 ψάλλοντες
1997 3259 2065 3323 ἐν
2108 3261 2179 3339 τῇ
2227 3260 2430 3344 καρδίᾳ
2470 3260 2636 3345 ὖμῷν
2669 3262 2749 3346 τῷ

982 3385 996 3396 ·
1059 3365 1251 3448 κυρίῳ,
1308 3375 1371 3426 et
1430 3359 1723 3425 similium
1783 3383 1895 3448 per
1954 3362 2036 3425 N.
2067 3361 2447 3425 Testamenti
2507 3360 2698 3424 libros
2728 3386 2746 3436 ;

1054 3486 1213 3551 quos
1244 3464 1468 3528 mirum
1500 3477 1594 3528 est
1624 3462 1899 3528 nondum
1938 3462 2253 3551 sigillatim
2295 3486 2437 3529 cum
2488 3462 2748 3529 Platone

1052 3585 1115 3632 et
1146 3567 1482 3632 Platonicis
1510 3566 1772 3655 ipsoque
1804 3566 2054 3631 Plotino
2082 3567 2163 3631 ad
2193 3568 2385 3632 verba
2413 3583 2477 3632 et
2506 3580 2745 3631 senten-

1055 3671 1171 3735 tias
1198 3686 1586 3758 comparatos
1622 3693 1753 3735 esse
1791 3694 1830 3734 a
1876 3670 2239 3758 TheologiS,
2272 3670 2378 3735 sed
2424 3671 2592 3758 ipsos
2636 3694 2745 3758 po-

1055 3778 1178 3839 tius
1219 3774 1285 3839 in
1333 3776 1783 3862 Xenophonte,
1816 3775 2112 3853 Arriano,
2157 3773 2426 3863 Polybio
2453 3790 2573 3839 cet.
2602 3798 2747 3840 cum

1056 3877 1241 3941 sacris
1313 3877 1717 3965 scriptoribus
1793 3877 2235 3966 componendis
2297 3878 2750 3943 elaborasse.—

1061 3981 1222 4043 Mox
1252 3977 1358 4044 illa
1399 3981 1615 4058 μόνους
1650 3980 1798 4062 πρὸς
1833 3982 2021 4061 μόνον
2049 3980 2362 4069 pertinent
2399 3981 2477 4046 ad
2524 3981 2752 4046 doctri-

1058 4104 1201 4145 nam
1233 4080 1616 4147 Platonicam
1643 4085 2110 4170 segregationis
2139 4098 2201 4149 et
2227 4085 2590 4149 solitudinis
2616 4107 2748 4148 mo-

1058 4184 1238 4258 ralis;
1286 4184 1366 4248 de
1409 4208 1538 4271 qua
1578 4207 1769 4271 supra
1811 4183 2046 4250 dictum
2093 4200 2189 4250 est
2229 4186 2312 4251 ad
2358 4188 2500 4251 111.
2544 4207 2604 4252 1.
2648 4206 2748 4251 10.

1059 4311 1121 4375 p.
1152 4306 1295 4371 234.
1330 4288 1407 4351 F.

1143 4412 1208 4477 p.
1244 4390 1391 4473 906,
1427 4406 1484 4471 7.
1534 4389 1730 4452 Παντὶ
1759 4393 1839 4476 τῷ
1870 4389 2188 4477 κινουμένῳ
2218 4394 2312 4455 δεῖ
2333 4416 2389 4454 τι
2420 4390 2572 4455 εἶναι
2612 4390 2646 4454 ὃ
2674 4390 2754 4470 μὴ

1063 4492 1361 4579 κινεῖται·]
1434 4492 1538 4555 Ita
1582 4490 1872 4556 dedimus
1913 4516 1949 4557 e
1993 4491 2167 4557 libris
2208 4495 2406 4558 MSS.
2444 4507 2507 4558 et
2552 4493 2752 4558 Ficini

1061 4594 1339 4659 versione
1368 4615 1486 4679 pro
1512 4593 1722 4658 πάντα.
1802 4595 1974 4660 Vidit
2001 4596 2185 4661 etiam
2220 4595 2479 4684 Taylor.
2554 4597 2756 4662 Prox-

1062 4697 1218 4761 ima:
1269 4699 1532 4761 ἐκποδὼν
1561 4699 1626 4761 δὲ
1654 4699 1792 4778 ἡμῖν
1812 4698 2233 4781 ἕστωγένεσις
2260 4701 2296 4779 ἡ
2327 4702 2394 4764 ἐν
2415 4702 2614 4786 χρόνῳ
2645 4723 2750 4764 su-

1064 4825 1179 4889 pra
1205 4799 1618 4888 explicuimus
1637 4801 1717 4864 ad
1743 4824 1805 4887 p.
1829 4819 1978 4886 473.
2003 4803 2082 4866 B.
2149 4804 2309 4866 Mox
2342 4829 2358 4867 :
2403 4808 2483 4890 τῷ
2501 4806 2568 4868 δὲ
2587 4805 2753 4890 λόγῳ

1062 4906 1168 4984 τὴν
1197 4903 1441 4986 γένεσιν
1468 4901 1919 4984 προσάπτοντας
1947 4904 2161 4978 αὐτοῖς,
2195 4906 2383 4972 αἰτίας
2414 4905 2509 4969 καὶ
2539 4904 2757 4983 τάξεως

1065 5010 1259 5075 αὐτοῖς
1287 5008 1604 5080 ἀποδῶσει,
1625 5004 1723 5069 vel
1744 5004 2080 5093 legendum
2109 4990 2395 5071 ἀποδόσει
2415 5030 2559 5071 cum
2593 5007 2754 5071 Cod.

1068 5114 1209 5175 Vat.
1244 5124 1315 5175 ut
1346 5106 1651 5195 intelligas
1678 5108 2139 5190 προσάπτομενε
2185 5109 2440 5195 quando
2461 5132 2606 5173 vero
2621 5133 2756 5173 ver-

1065 5216 1330 5280 botenus
1376 5212 1452 5295 (s,
1500 5211 1660 5274 inter
1711 5210 2119 5298 loquendum)
2166 5211 2624 5298 generationem
2671 5213 2759 5277 eis

1065 5316 1490 5407 adjungimus,
1539 5317 1705 5395 (eam
1749 5313 2152 5400 adjungimus
2197 5318 2442 5401 reapse)
2488 5314 2756 5381 attribu-

1066 5422 1232 5486 tione
1260 5444 1462 5485 causae
1505 5417 1865 5505 ordinisque
1912 5416 2004 5499 (h.
2038 5441 2090 5480 e.
2128 5439 2344 5504 reapse
2387 5416 2541 5480 nihil
2587 5416 2755 5482 aliud

1066 5522 1480 5612 generationis
1524 5520 1715 5587 verbo
1751 5520 2126 5586 attributum
2171 5520 2258 5585 eis
2300 5518 2609 5600 volumus,
2641 5519 2755 5585 nisi

2030 506 2886 576 ANNOTATIONES
2955 510 3064 574 IN
3132 509 3581 574 PLOTINI

2837 704 3083 746 causam
3135 680 3565 769 ordinemque)
3595 707 3611 746 ι
3660 679 3757 744 vel
3806 696 3950 745 ante
4006 681 4305 746 ἀποδόσει
4360 681 4530 770 cogi-

2840 784 3097 848 tandum
3132 798 3224 849 est
3251 786 3357 862 τὶς,
3389 785 3560 873 quod
3592 785 3850 849 fortasse
3879 783 4063 848 etiam
4105 784 4398 849 haustum
4439 800 4534 850 est

2838 912 2878 952 a
2904 887 3292 975 praecedente
3320 890 3532 964 αὐτοῖς,
3565 903 3630 953 et
3666 887 4120 970 προσάπτοντας
4160 909 4274 975 ρει·
4306 911 4532 953 anaco-

2841 990 3061 1055 luthon
3090 990 3515 1079 accipiendum
3547 1014 3664 1079 pro
3691 991 4176 1073 προσαπτόντων.
4251 992 4436 1069 Quod
4465 992 4531 1056 in

2840 1093 3241 1181 sequentibus
3295 1117 3413 1181 pro
3467 1093 3869 1175 βουληθέντος
3925 1092 4168 1180 Taylor
4223 1092 4346 1180 legi
4393 1093 4533 1160 vult

2837 1196 3305 1278 βουλευθέντοςε
3369 1221 3572 1284 neque
3627 1195 3768 1261 libri
3829 1197 4027 1260 MSS.
4086 1196 4530 1285 suffragantur,

2842 1322 2951 1364 nec
2979 1322 3221 1364 necesse
3248 1315 3363 1380 est,
3391 1299 3736 1388 quidquam
3768 1297 4015 1386 corrigi.
4105 1301 4422 1365 Caeterum
4452 1324 4532 1365 ex

2839 1403 2935 1466 his
2963 1402 3194 1467 Plotini
3218 1402 3481 1468 decretis
3501 1426 3644 1468 cum
3668 1402 3771 1469 alii
3804 1402 4223 1489 profecerunt,
4242 1418 4379 1468 tum
4397 1405 4451 1492 ej
4461 1427 4534 1469 us

2836 1503 3179 1592 discipulus
3209 1506 3627 1594 Porphyrius.
3740 1504 3928 1584 Quod
3957 1528 4083 1569 non
4113 1506 4280 1593 fugit
4306 1507 4534 1574 doctis-

2837 1606 3059 1671 simum
3095 1606 3549 1672 Cudworthum
3580 1607 3643 1671 in
3688 1609 3855 1694 Syst.
3887 1606 4081 1672 intell.
4117 1631 4180 1695 p.
4202 1611 4352 1695 673.
4385 1634 4526 1699 sqq.

2839 1708 2976 1772 haec
3018 1723 3405 1785 tractantem,
3436 1710 3617 1798 cujus
3656 1708 3884 1773 latinus
3926 1709 4228 1795 interpres
4274 1711 4532 1778 Moshe-

2841 1811 3001 1876 mius
3029 1811 3092 1875 in
3123 1827 3361 1876 annott.
3395 1812 3478 1876 ob
3510 1813 3644 1876 haeec
3671 1812 3806 1899 ipsa
3835 1827 3897 1876 et
3928 1810 4250 1877 Plotinum
4276 1830 4342 1879 et
4370 1818 4525 1881 Por-

2837 1914 3135 2002 phyrium
3169 1913 3617 1979 Sabellianismi
3646 1937 3820 1979 reum
3855 1938 4039 2002 agere
4066 1914 4356 1982 instituit.

2921 2042 2985 2106 p.
3019 2037 3168 2105 907,
3209 2039 3302 2083 10.
3372 2022 3455 2084 Τί
3499 2020 3606 2084 οὖν
3652 2021 3768 2104 χρὴ
3817 2022 3953 2101 περὶ
4006 2025 4112 2084 τοῦ
4154 2023 4530 2088 τελειοτάτου

2837 2122 3068 2207 λέγειν]
3121 2120 3420 2185 Laudant
3474 2120 3608 2185 hoec
3654 2120 3932 2209 Cyrillus
3987 2121 4226 2187 advers.
4285 2125 4523 2191 Julian.

2842 2226 3040 2289 VIII.
3072 2248 3133 2311 p.
3168 2241 3313 2309 173.
3336 2225 3414 2287 B.
3441 2226 3517 2288 C.
3543 2239 3607 2287 et
3639 2223 4022 2289 Theodoret.
4045 2225 4110 2290 in
4138 2226 4529 2316 Therapeut.

2836 2326 2944 2393 lib.
2980 2330 3078 2393 Il.
3114 2351 3178 2416 p.
3207 2344 3352 2412 750.
3387 2325 3520 2391 Vol.
3557 2328 3674 2391 IV.
3710 2326 3964 2391 Schulz.
4056 2330 4277 2415 Atque
4316 2330 4418 2395 ille
4442 2330 4532 2396 ita

2835 2431 3175 2519 praefatur:
3225 2432 3321 2495 καὶ
3360 2431 3478 2511 μὴν
3525 2431 3619 2495 καὶ
3661 2436 3972 2498 Πλωτῖνος
4014 2433 4398 2514 φιλοζητητής
4441 2433 4528 2497 ὣν

2838 2537 2994 2618 ἄγαν
3013 2536 3107 2600 καὶ
3135 2538 3232 2600 διὰ
3259 2533 3475 2614 πάσης,
3502 2534 3579 2600 ὦς
3602 2533 3743 2601 ἔπος
3764 2536 3953 2598 εἰπεῖν
3983 2536 4367 2617 ῑσ-χνομυθίας
4389 2538 4525 2616 ε’λη-

2836 2639 3048 2711 λακὼς,
3082 2639 3231 2701 οὕτω
3257 2662 3373 2700 που
3402 2636 3553 2718 φησὶ
3581 2637 3715 2718 περὶ
3757 2638 4023 2719 τάγαθοῦ
4039 2661 4053 2701 :
4102 2636 4204 2701 hic
4241 2636 4361 2702 ita:
4411 2640 4529 2704 Καὶ

2838 2744 3149 2806 Πλωτῖνος
3177 2741 3242 2803 δὲ
3280 2741 3313 2801 6
3352 2738 3460 2818 τὴν
3488 2736 3816 2805 Πλάτωνος
3854 2740 4229 2821 φιλοσοφίαν
4264 2744 4532 2821 ζηλῶσας

2834 2843 2970 2925 περὶ
3011 2848 3129 2907 τῶν
3170 2847 3346 2924 τριῶν
3390 2842 3646 2924 άρχικῶν
3681 2839 4073 2905 ὑποστάσεων
4099 2843 4354 2922 βιβλίον
4392 2850 4526 2924 ξυν-

2837 2944 3127 3027 έγραψεν,
3152 2946 3219 3009 ἐν
3236 2941 3282 3030 ᾧ
3309 2944 3403 3008 καὶ
3431 2943 3571 3008 τάδε
3602 2943 3739 3027 ἔφη.
3801 2943 4166 3030 Attigerunt
4193 2944 4326 3010 haec
4343 2946 4527 3011 etiam

2839 3049 3040 3135 Hugo
3069 3046 3332 3113 Grotius
3360 3046 3440 3110 de
3464 3045 3741 3110 Veritate
3769 3045 3979 3134 Relig.
4008 3047 4381 3113 Christianae
4411 3050 4526 3113 lv.

2839 3153 2894 3236 ξ.
2928 3170 3024 3217 12.
3057 3175 3123 3239 p.
3153 3151 3298 3216 286.
3330 3150 3430 3214 ed.
3457 3150 3763 3214 Koecher.
3794 3163 3857 3214 et
3888 3149 4259 3215 Cudworth.
4286 3150 4352 3215 in
4386 3154 4530 3239 Sys-

2839 3269 2981 3318 tem.
3018 3252 3312 3319 intellect.
3340 3274 3403 3341 p.
3432 3253 3575 3335 687.
3654 3250 3754 3317 Cf.
3789 3251 3973 3317 etiam
4018 3253 4323 3318 Nostrum
4366 3252 4529 3319 iufra

2839 3376 3071 3444 p.512.
3104 3380 3199 3444 sq.
3228 3371 3295 3421 et
3320 3380 3388 3444 p.
3412 3375 3559 3441 554.

2918 3500 3007 3514 —
3040 3484 3139 3548 15.
3184 3465 3275 3528 ὅτι
3303 3460 3501 3526 τᾶλλα
3527 3460 3650 3542 μετ’
3677 3460 3886 3549 αὐτὸν]
3936 3466 3977 3499 “
4002 3461 4162 3538 Quae
4181 3460 4355 3548 apud
4385 3461 4531 3528 Plo-

2837 3566 3033 3631 tinum
3083 3581 3454 3655 sequuntur,
3489 3563 3729 3662 Cyrillo
3771 3564 3965 3651 digua
3996 3564 4131 3629 visa
4172 3580 4340 3644 sunt,
4384 3588 4530 3654 quae

2834 3684 3157 3735 attexeret.
3244 3671 3336 3734 Et
3363 3669 3584 3733 merito
3607 3667 3861 3755 quidem
3890 3692 3904 3731 ε
3954 3666 4039 3732 sic
4060 3667 4224 3732 enim
4251 3668 4525 3734 habent:

2835 3775 2964 3838 οῖον
2994 3775 3090 3837 καὶ
3126 3775 3164 3854 ἡ
3204 3773 3376 3856 ψυχὴ
3404 3810 3493 3822 —
3518 3809 3607 3820 —
3634 3806 3718 3821 —-·
3750 3772 3828 3838 ὥς
3869 3771 4005 3836 οὐδὲ
4041 3776 4242 3855 ψυχῆς
4279 3773 4374 3837 καὶ
4404 3779 4526 3838 νοῦ.

2836 3875 3082 3955 Quibus
3137 3874 3239 3938 ille
3286 3873 3516 3953 verbiS,
3557 3894 3702 3937 cum
3752 3870 4026 3958 aliquam
4082 3873 4147 3937 S.
4177 3874 4244 3937 S.
4280 3873 4531 3939 Triadis

2841 3980 3122 4044 umbram
3163 3978 3546 4054 informaret,
3577 3976 3684 4041 sed
3727 3999 3872 4063 quae
3904 3976 4159 4041 Arianis
4194 3978 4405 4043 favere
4431 3979 4527 4043 ni-

2839 4082 3032 4147 mium
3051 4083 3387 4161 videretur,
3405 4080 3647 4146 addidit
3666 4079 3943 4167 Cyrillus
3959 4080 4335 4161 antidotum,
4356 4085 4529 4170 quod

2836 4186 3015 4250 facile
3041 4184 3436 4273 praetermisit
3475 4182 3810 4251 Eusebius.
3898 4188 4065 4248 Νοῦν
4091 4187 4204 4263 μὲν
4229 4189 4347 4267 γὰρ
4380 4186 4540 4252 εἶναί

2839 4299 2990 4373 φησι
3016 4291 3124 4353 τὸν
3148 4287 3273 4353 καθ’
3296 4290 3444 4370 ἡμᾶς
3474 4287 3640 4352 Θεὸν
3655 4288 3868 4369 λόγον.
3899 4286 4028 4374 inq.
4053 4286 4276 4373 Cyn-ill.
4311 4291 4533 4354 ἑπείτοι

2841 4394 2935 4457 καὶ
2977 4394 3142 4472 ἡμεῖς
3187 4392 3352 4456 αὐτοὶ
3396 4392 3630 4473 Σοφίαν
3674 4389 4058 4469 ὀνομάζομεν.
4101 4390 4262 4469 πλὴν
4311 4393 4419 4456 οὐκ
4464 4395 4531 4458 ἐν

2838 4492 3136 4575 μείοσινῆ
3171 4492 3479 4575 δευτέροις,
3515 4492 3661 4558 κατά
3701 4518 3757 4556 τι
3794 4498 3943 4575 γοῦν
3981 4494 4136 4559 ὅλως
4160 4498 4263 4571 τῆς
4289 4499 4396 4558 τοῦ
4421 4520 4535 4560 πα-

2839 4596 2974 4679 τρὸς
2999 4599 3291 4680 ὑπεροχῆς
3335 4597 3430 4661 καὶ
3473 4598 3661 4676 δόξης·
3707 4597 3844 4659 οὔτε
3865 4630 3869 4634 <
3883 4595 4001 4675 μὴν
4046 4596 4123 4662 ὧς
4165 4597 4270 4660 οὐκ
4314 4597 4535 4681 ἔχοντα

2838 4701 2906 4765 τὸ
2932 4702 3263 4774 αὐτοτελὲς,
3296 4703 3494 4783 φαμὲν
3525 4700 3707 4764 αὐτὸν
3726 4703 4105 4764 τελειοῦσθαι
4136 4701 4431 4781 ἐνορῶντα
4450 4706 4532 4788 τῷ

2839 4806 3014 4886 πατρὶ
3045 4807 3195 4868 καθὰ
3232 4804 3300 4882 δὴ
3328 4805 3555 4870 τούτοις
3582 4808 3746 4867 δοκεῖ
3772 4805 3881 4867 Sto.
3913 4801 4287 4890 iterumque,
4319 4806 4535 4869 ἐκεῖνοι

2839 4911 2969 4988 μὲν,
3002 4908 3116 4972 ὧδέ
3141 4934 3208 4972 τε
3238 4906 3591 4987 δοξάζοντες,
3627 4908 3722 4970 καὶ
3750 4910 3833 4974 εἷς
3871 4907 4259 4986 ἀνομοιότητα
4286 4909 4533 4990 φύσεων

2845 5014 3271 5093 κατασύραντες
3299 5013 3374 5073 τὰ
3400 5010 3561 5093 παρά
3598 5036 3671 5094 γε
3702 5011 3881 5093 σφίσι
3910 5008 4385 5089 τεθαυμασμένα,
4413 5018 4534 5093 ψυ-

2843 5120 3014 5196 χραῖς
3044 5116 3138 5177 καὶ
3164 5116 3642 5195 μειρακειῶδεσιν
3673 5116 4035 5196 ἑπαυχοῦσιν
4064 5114 4338 5180 ἐννοίαις·
4370 5114 4536 5194 ἡμεῖς

2844 5219 2909 5280 δὲ
2926 5216 3281 5281 παντέλειον
3305 5217 3463 5281 εἶναί
3480 5226 3679 5300 φαμεν
3694 5216 3800 5280 τὸν
3818 5215 4080 5298 Πατέρα,
4104 5217 4317 5294 ὁμοίως
4345 5220 4411 5282 δὲ
4428 5218 4537 5283 τὸν

2842 5319 3015 5398 Τῖὸν,
3029 5320 3105 5386 ὣς
3127 5321 3192 5383 ἐκ
3209 5322 3445 5384 τελείου
3461 5319 3714 5384 τέλειον·
3745 5319 3976 5399 καὶμὴν
4001 5320 4096 5382 καὶ
4112 5318 4180 5382 τὸ
4201 5325 4451 5400 Πνεῦμα
4465 5323 4538 5384 τὸ

2844 5421 3033 5504 ἅγιον.
3123 5423 3215 5485 Et
3251 5420 3709 5499 TheodoretuS,
3742 5420 3848 5500 τὴν
3877 5419 4205 5487 Πλάτωνος
4243 5421 4532 5498 διάνοιαν,

2840 5522 3069 5610 inquit,
3113 5525 3595 5590 ἀναπτύσσοντες
3637 5525 3732 5587 καὶ
3774 5526 3807 5586 6
3848 5527 4157 5589 Πλωτῖνος
4186 5523 4282 5587 καὶ
4311 5527 4344 5588 ὁ
4376 5530 4539 5590 Νου-
