<?xml version="1.0" encoding="UTF-8"?>
<!DOCTYPE html PUBLIC "-//W3C//DTD XHTML 1.0 Transitional//EN"
    "http://www.w3.org/TR/xhtml1/DTD/xhtml1-transitional.dtd">
<html xmlns="http://www.w3.org/1999/xhtml" xml:lang="en" lang="en">
 <head>
  <title>
</title>
<meta http-equiv="Content-Type" content="text/html;charset=utf-8" />
  <meta name='ocr-system' content='tesseract 3.04.00' />
  <meta name='ocr-capabilities' content='ocr_page ocr_carea ocr_par ocr_line ocrx_word'/>
</head>
<body>
  <div class='ocr_page' id='page_1' title='image "./plotinioperaomn00chumgoog_0331.png"; bbox 0 0 5118 6613; ppageno 0'>
   <div class='ocr_carea' id='block_1_1' title="bbox 10 86 23 846">
    <p class='ocr_par' dir='ltr' id='par_1_1' title="bbox 10 86 23 846">
     <span class='ocr_line' id='line_1_1' title="bbox 10 86 23 846; baseline 0 0"><span class='ocrx_word' id='word_1_1' title='bbox 10 86 23 846; x_wconf 95' lang='lat' dir='ltr'> </span> 
     </span>
    </p>
   </div>
   <div class='ocr_carea' id='block_1_2' title="bbox 1372 507 3351 600">
    <p class='ocr_par' dir='ltr' id='par_1_2' title="bbox 1372 507 3351 600">
     <span class='ocr_line' id='line_1_2' title="bbox 1372 507 3351 600; baseline 0.002 -28"><span class='ocrx_word' id='word_1_2' title='bbox 1372 507 1568 573; x_wconf 79' lang='lat' dir='ltr'><strong>Lm.</strong></span> <span class='ocrx_word' id='word_1_3' title='bbox 1617 508 1752 574; x_wconf 79' lang='lat' dir='ltr'><strong>lx.</strong></span> <span class='ocrx_word' id='word_1_4' title='bbox 1801 507 2257 574; x_wconf 85' lang='lat' dir='ltr'><strong>ENNEAD.</strong></span> <span class='ocrx_word' id='word_1_5' title='bbox 2304 509 2753 589; x_wconf 81' lang='lat' dir='ltr'><strong>QUINTAE.</strong></span> <span class='ocrx_word' id='word_1_6' title='bbox 2799 535 2863 600; x_wconf 85' lang='lat' dir='ltr'>p.</span> <span class='ocrx_word' id='word_1_7' title='bbox 2904 514 3351 600; x_wconf 82' lang='lat'><strong>1034—1038.</strong></span> 
     </span>
    </p>
   </div>
   <div class='ocr_carea' id='block_1_3' title="bbox 3969 538 4098 606">
    <p class='ocr_par' dir='ltr' id='par_1_3' title="bbox 3969 538 4098 606">
     <span class='ocr_line' id='line_1_3' title="bbox 3969 538 4098 606; baseline -0.031 0"><span class='ocrx_word' id='word_1_8' title='bbox 3969 538 4098 606; x_wconf 82' lang='lat'>3¹7</span> 
     </span>
    </p>
   </div>
   <div class='ocr_carea' id='block_1_4' title="bbox 600 680 4088 777">
    <p class='ocr_par' dir='ltr' id='par_1_4' title="bbox 600 680 4088 777">
     <span class='ocr_line' id='line_1_4' title="bbox 600 680 4088 777; baseline 0.003 -33"><span class='ocrx_word' id='word_1_9' title='bbox 600 682 772 744; x_wconf 83' lang='grc' dir='ltr'>τοῦτο</span> <span class='ocrx_word' id='word_1_10' title='bbox 802 680 868 743; x_wconf 75' lang='grc' dir='ltr'>δὲ</span> <span class='ocrx_word' id='word_1_11' title='bbox 897 682 1179 756; x_wconf 84' lang='grc' dir='ltr'>δείκνυσι,</span> <span class='ocrx_word' id='word_1_12' title='bbox 1210 686 1443 762; x_wconf 82' lang='grc' dir='ltr'>πρῶτον</span> <span class='ocrx_word' id='word_1_13' title='bbox 1469 683 1584 760; x_wconf 80' lang='grc' dir='ltr'>μὲν</span> <span class='ocrx_word' id='word_1_14' title='bbox 1613 683 1680 745; x_wconf 82' lang='grc' dir='ltr'>ἐκ</span> <span class='ocrx_word' id='word_1_15' title='bbox 1716 685 1818 761; x_wconf 88' lang='grc' dir='ltr'>τῆς</span> <span class='ocrx_word' id='word_1_16' title='bbox 1861 683 2194 765; x_wconf 77' lang='grc' dir='ltr'>ἐναργείας,</span> <span class='ocrx_word' id='word_1_17' title='bbox 2227 683 2304 750; x_wconf 81' lang='grc' dir='ltr'>ὡς</span> <span class='ocrx_word' id='word_1_18' title='bbox 2390 709 2498 748; x_wconf 92' lang='grc' dir='ltr'>νον</span> <span class='ocrx_word' id='word_1_19' title='bbox 2527 684 2711 750; x_wconf 88' lang='lat' dir='ltr'><strong>scribi</strong></span> <span class='ocrx_word' id='word_1_20' title='bbox 2743 684 2899 763; x_wconf 86' lang='lat' dir='ltr'><strong>vult,</strong></span> <span class='ocrx_word' id='word_1_21' title='bbox 2924 688 3233 768; x_wconf 75' lang='grc' dir='ltr'>ἀνθρώπου</span> <span class='ocrx_word' id='word_1_22' title='bbox 3261 689 3431 762; x_wconf 79' lang='grc' dir='ltr'>ἴδιον,</span> <span class='ocrx_word' id='word_1_23' title='bbox 3456 686 3798 775; x_wconf 85' lang='lat' dir='ltr'><strong>speciosum</strong></span> <span class='ocrx_word' id='word_1_24' title='bbox 3831 690 4088 777; x_wconf 87' lang='lat' dir='ltr'><strong>quidem</strong></span> 
     </span>
    </p>
   </div>
   <div class='ocr_carea' id='block_1_5' title="bbox 566 784 2297 5609">
    <p class='ocr_par' dir='ltr' id='par_1_5' title="bbox 566 784 2297 5609">
     <span class='ocr_line' id='line_1_5' title="bbox 599 784 2297 869; baseline 0.002 -23"><span class='ocrx_word' id='word_1_25' title='bbox 599 785 715 865; x_wconf 74' lang='grc' dir='ltr'>γὰρ</span> <span class='ocrx_word' id='word_1_26' title='bbox 756 784 1080 848; x_wconf 91' lang='grc' dir='ltr'>ἐπιτοπολύ</span> <span class='ocrx_word' id='word_1_27' title='bbox 1122 791 1274 865; x_wconf 89' lang='grc' dir='ltr'>φησι</span> <span class='ocrx_word' id='word_1_28' title='bbox 1314 786 1820 867; x_wconf 78' lang='grc' dir='ltr'>προϋπαρχόντων</span> <span class='ocrx_word' id='word_1_29' title='bbox 1862 791 1980 849; x_wconf 82' lang='grc' dir='ltr'>τῶν</span> <span class='ocrx_word' id='word_1_30' title='bbox 2025 784 2297 869; x_wconf 82' lang='grc' dir='ltr'>πραγμά-</span> 
     </span>
     <span class='ocr_line' id='line_1_6' title="bbox 598 885 2296 970; baseline 0.003 -23"><span class='ocrx_word' id='word_1_31' title='bbox 598 909 735 959; x_wconf 85' lang='grc' dir='ltr'>των,</span> <span class='ocrx_word' id='word_1_32' title='bbox 777 887 881 952; x_wconf 72' lang='grc' dir='ltr'>τὰς</span> <span class='ocrx_word' id='word_1_33' title='bbox 924 885 1248 966; x_wconf 75' lang='grc' dir='ltr'>ἐπιστήμας</span> <span class='ocrx_word' id='word_1_34' title='bbox 1288 885 1706 966; x_wconf 81' lang='grc' dir='ltr'>λαμβάνομεν.</span> <span class='ocrx_word' id='word_1_35' title='bbox 1753 887 1889 950; x_wconf 79' lang='grc' dir='ltr'>οῦσι</span> <span class='ocrx_word' id='word_1_36' title='bbox 1936 889 2051 970; x_wconf 76' lang='grc' dir='ltr'>γὰρ</span> <span class='ocrx_word' id='word_1_37' title='bbox 2099 888 2296 954; x_wconf 77' lang='grc' dir='ltr'>αὐτοῖς</span> 
     </span>
     <span class='ocr_line' id='line_1_7' title="bbox 596 985 2289 1072; baseline 0.003 -21"><span class='ocrx_word' id='word_1_38' title='bbox 596 985 948 1066; x_wconf 78' lang='grc' dir='ltr'>πελάζομεν,</span> <span class='ocrx_word' id='word_1_39' title='bbox 982 989 1078 1051; x_wconf 84' lang='grc' dir='ltr'>καὶ</span> <span class='ocrx_word' id='word_1_40' title='bbox 1114 989 1214 1053; x_wconf 84' lang='grc' dir='ltr'>ὅτε</span> <span class='ocrx_word' id='word_1_41' title='bbox 1257 989 1407 1068; x_wconf 84' lang='grc' dir='ltr'>ἦμεν</span> <span class='ocrx_word' id='word_1_42' title='bbox 1434 992 1635 1068; x_wconf 82' lang='grc' dir='ltr'>κομιδῆ</span> <span class='ocrx_word' id='word_1_43' title='bbox 1661 989 1885 1072; x_wconf 89' lang='grc' dir='ltr'>βρέφη,</span> <span class='ocrx_word' id='word_1_44' title='bbox 1918 993 1993 1055; x_wconf 75' lang='grc' dir='ltr'>τὰ</span> <span class='ocrx_word' id='word_1_45' title='bbox 2018 993 2132 1071; x_wconf 78' lang='grc' dir='ltr'>μὲν</span> <span class='ocrx_word' id='word_1_46' title='bbox 2163 994 2289 1056; x_wconf 91' lang='grc' dir='ltr'>ἐπι-</span> 
     </span>
     <span class='ocr_line' id='line_1_8' title="bbox 597 1091 2292 1175; baseline 0.004 -23"><span class='ocrx_word' id='word_1_47' title='bbox 597 1093 785 1170; x_wconf 73' lang='grc' dir='ltr'>στητὰ</span> <span class='ocrx_word' id='word_1_48' title='bbox 810 1091 1064 1172; x_wconf 82' lang='grc' dir='ltr'>ὕστερον</span> <span class='ocrx_word' id='word_1_49' title='bbox 1090 1091 1229 1171; x_wconf 84' lang='grc' dir='ltr'>ἡμῖν</span> <span class='ocrx_word' id='word_1_50' title='bbox 1256 1094 1552 1175; x_wconf 90' lang='grc' dir='ltr'>γενόμενα</span> <span class='ocrx_word' id='word_1_51' title='bbox 1591 1092 1686 1156; x_wconf 84' lang='grc' dir='ltr'>καὶ</span> <span class='ocrx_word' id='word_1_52' title='bbox 1714 1094 1849 1156; x_wconf 91' lang='grc' dir='ltr'>τότε</span> <span class='ocrx_word' id='word_1_53' title='bbox 1877 1094 1971 1173; x_wconf 84' lang='grc' dir='ltr'>ἦν,</span> <span class='ocrx_word' id='word_1_54' title='bbox 2004 1093 2292 1175; x_wconf 75' lang='grc' dir='ltr'>ἐπιστήμη</span> 
     </span>
     <span class='ocr_line' id='line_1_9' title="bbox 596 1192 2290 1278; baseline 0.004 -23"><span class='ocrx_word' id='word_1_55' title='bbox 596 1194 662 1256; x_wconf 78' lang='grc' dir='ltr'>δὲ</span> <span class='ocrx_word' id='word_1_56' title='bbox 706 1192 898 1257; x_wconf 79' lang='grc' dir='ltr'>αὐτῶν</span> <span class='ocrx_word' id='word_1_57' title='bbox 941 1194 1100 1257; x_wconf 76' lang='grc' dir='ltr'>οὔπω</span> <span class='ocrx_word' id='word_1_58' title='bbox 1146 1193 1240 1274; x_wconf 86' lang='grc' dir='ltr'>ἦν.</span> <span class='ocrx_word' id='word_1_59' title='bbox 1291 1195 1385 1257; x_wconf 82' lang='grc' dir='ltr'>καὶ</span> <span class='ocrx_word' id='word_1_60' title='bbox 1431 1194 1469 1274; x_wconf 86' lang='grc' dir='ltr'>ἡ</span> <span class='ocrx_word' id='word_1_61' title='bbox 1512 1196 1624 1274; x_wconf 77' lang='grc' dir='ltr'>μὲν</span> <span class='ocrx_word' id='word_1_62' title='bbox 1652 1198 1753 1273; x_wconf 86' lang='grc' dir='ltr'>τῆς</span> <span class='ocrx_word' id='word_1_63' title='bbox 1799 1197 2127 1278; x_wconf 78' lang='grc' dir='ltr'>ἐκλείψεως</span> <span class='ocrx_word' id='word_1_64' title='bbox 2166 1198 2290 1261; x_wconf 90' lang='grc' dir='ltr'>ἐπι-</span> 
     </span>
     <span class='ocr_line' id='line_1_10' title="bbox 595 1293 2293 1380; baseline 0.005 -22"><span class='ocrx_word' id='word_1_65' title='bbox 595 1293 786 1375; x_wconf 86' lang='grc' dir='ltr'>στήμη</span> <span class='ocrx_word' id='word_1_66' title='bbox 812 1299 908 1359; x_wconf 76' lang='grc' dir='ltr'>διὰ</span> <span class='ocrx_word' id='word_1_67' title='bbox 937 1299 1153 1361; x_wconf 83' lang='grc' dir='ltr'>Θαλοῦ</span> <span class='ocrx_word' id='word_1_68' title='bbox 1179 1299 1432 1379; x_wconf 79' lang='grc' dir='ltr'>ὕστερον</span> <span class='ocrx_word' id='word_1_69' title='bbox 1459 1297 1648 1377; x_wconf 86' lang='grc' dir='ltr'>ἦλθεν</span> <span class='ocrx_word' id='word_1_70' title='bbox 1678 1300 1761 1364; x_wconf 77' lang='grc' dir='ltr'>εἷς</span> <span class='ocrx_word' id='word_1_71' title='bbox 1788 1298 1923 1365; x_wconf 81' lang='grc' dir='ltr'>τοὺς</span> <span class='ocrx_word' id='word_1_72' title='bbox 1951 1299 2230 1379; x_wconf 80' lang='grc' dir='ltr'>ἔλληνας,</span> <span class='ocrx_word' id='word_1_73' title='bbox 2255 1300 2293 1380; x_wconf 85' lang='grc' dir='ltr'><strong><em>ἦ</em></strong></span> 
     </span>
     <span class='ocr_line' id='line_1_11' title="bbox 592 1396 2294 1484; baseline 0.004 -24"><span class='ocrx_word' id='word_1_74' title='bbox 592 1399 657 1460; x_wconf 84' lang='grc' dir='ltr'>δὲ</span> <span class='ocrx_word' id='word_1_75' title='bbox 688 1396 958 1480; x_wconf 78' lang='grc' dir='ltr'>ἔκλειψις</span> <span class='ocrx_word' id='word_1_76' title='bbox 986 1398 1131 1478; x_wconf 79' lang='grc' dir='ltr'>αὐτὴ</span> <span class='ocrx_word' id='word_1_77' title='bbox 1163 1399 1258 1462; x_wconf 84' lang='grc' dir='ltr'>καὶ</span> <span class='ocrx_word' id='word_1_78' title='bbox 1286 1402 1354 1462; x_wconf 84' lang='grc' dir='ltr'>τὸ</span> <span class='ocrx_word' id='word_1_79' title='bbox 1386 1399 1702 1480; x_wconf 83' lang='grc' dir='ltr'>ἐπιστητὸν</span> <span class='ocrx_word' id='word_1_80' title='bbox 1728 1404 2108 1484; x_wconf 82' lang='grc' dir='ltr'>προϋπῆρχεν</span> <span class='ocrx_word' id='word_1_81' title='bbox 2129 1402 2294 1466; x_wconf 74' lang='grc' dir='ltr'>ἀλλὰ</span> 
     </span>
     <span class='ocr_line' id='line_1_12' title="bbox 593 1502 2291 1588; baseline 0.003 -23"><span class='ocrx_word' id='word_1_82' title='bbox 593 1505 763 1566; x_wconf 87' lang='grc' dir='ltr'>τοῦτο</span> <span class='ocrx_word' id='word_1_83' title='bbox 792 1504 905 1582; x_wconf 75' lang='grc' dir='ltr'>μὲν</span> <span class='ocrx_word' id='word_1_84' title='bbox 933 1502 1385 1585; x_wconf 85' lang='grc' dir='ltr'>ἐναργέστερον·</span> <span class='ocrx_word' id='word_1_85' title='bbox 1416 1507 1550 1568; x_wconf 81' lang='grc' dir='ltr'>τινᾶ</span> <span class='ocrx_word' id='word_1_86' title='bbox 1575 1507 1642 1568; x_wconf 78' lang='grc' dir='ltr'>δὲ</span> <span class='ocrx_word' id='word_1_87' title='bbox 1669 1507 1744 1568; x_wconf 76' lang='grc' dir='ltr'>τὰ</span> <span class='ocrx_word' id='word_1_88' title='bbox 1771 1507 1952 1588; x_wconf 85' lang='grc' dir='ltr'>ὀλίγα</span> <span class='ocrx_word' id='word_1_89' title='bbox 1983 1508 2167 1579; x_wconf 86' lang='grc' dir='ltr'>ἐστιν,</span> <span class='ocrx_word' id='word_1_90' title='bbox 2194 1505 2291 1588; x_wconf 84' lang='grc' dir='ltr'>ἐφ’</span> 
     </span>
     <span class='ocr_line' id='line_1_13' title="bbox 595 1605 2292 1693; baseline 0.005 -25"><span class='ocrx_word' id='word_1_91' title='bbox 595 1606 679 1668; x_wconf 79' lang='grc' dir='ltr'>ὧν</span> <span class='ocrx_word' id='word_1_92' title='bbox 706 1605 827 1685; x_wconf 77' lang='grc' dir='ltr'>ἅμα</span> <span class='ocrx_word' id='word_1_93' title='bbox 854 1610 934 1693; x_wconf 69' lang='grc' dir='ltr'>τῷ</span> <span class='ocrx_word' id='word_1_94' title='bbox 966 1608 1256 1693; x_wconf 73' lang='grc' dir='ltr'>ἐπιστητῷ</span> <span class='ocrx_word' id='word_1_95' title='bbox 1285 1608 1322 1686; x_wconf 84' lang='grc' dir='ltr'>ἡ</span> <span class='ocrx_word' id='word_1_96' title='bbox 1353 1607 1641 1689; x_wconf 81' lang='grc' dir='ltr'>ἐπιστήμη</span> <span class='ocrx_word' id='word_1_97' title='bbox 1672 1610 1822 1672; x_wconf 85' lang='grc' dir='ltr'>ἐστι.</span> <span class='ocrx_word' id='word_1_98' title='bbox 1867 1612 1942 1672; x_wconf 77' lang='grc' dir='ltr'>τὰ</span> <span class='ocrx_word' id='word_1_99' title='bbox 1970 1610 2113 1673; x_wconf 78' lang='grc' dir='ltr'>ἄνευ</span> <span class='ocrx_word' id='word_1_100' title='bbox 2146 1612 2292 1690; x_wconf 83' lang='grc' dir='ltr'>ὕλης</span> 
     </span>
     <span class='ocr_line' id='line_1_14' title="bbox 595 1707 2285 1796; baseline 0.004 -26"><span class='ocrx_word' id='word_1_101' title='bbox 595 1709 668 1771; x_wconf 74' lang='grc' dir='ltr'>τὰ</span> <span class='ocrx_word' id='word_1_102' title='bbox 698 1710 879 1787; x_wconf 75' lang='grc' dir='ltr'>νοητὰ</span> <span class='ocrx_word' id='word_1_103' title='bbox 909 1707 1021 1789; x_wconf 88' lang='lat' dir='ltr'><strong>(cf.</strong></span> <span class='ocrx_word' id='word_1_104' title='bbox 1051 1708 1234 1773; x_wconf 88' lang='lat' dir='ltr'><strong>etiam</strong></span> <span class='ocrx_word' id='word_1_105' title='bbox 1270 1709 1496 1774; x_wconf 91' lang='lat' dir='ltr'><strong>Plotin.</strong></span> <span class='ocrx_word' id='word_1_106' title='bbox 1520 1711 1638 1774; x_wconf 96' lang='lat' dir='ltr'>VI.</span> <span class='ocrx_word' id='word_1_107' title='bbox 1671 1731 1735 1795; x_wconf 91' lang='lat'>9.</span> <span class='ocrx_word' id='word_1_108' title='bbox 1756 1715 1879 1796; x_wconf 91' lang='lat'><strong>4.)‚</strong></span> <span class='ocrx_word' id='word_1_109' title='bbox 1911 1712 2033 1792; x_wconf 80' lang='grc' dir='ltr'>ἅμα</span> <span class='ocrx_word' id='word_1_110' title='bbox 2059 1717 2130 1793; x_wconf 79' lang='grc' dir='ltr'>τῇ</span> <span class='ocrx_word' id='word_1_111' title='bbox 2163 1712 2285 1777; x_wconf 85' lang='grc' dir='ltr'>κατ’</span> 
     </span>
     <span class='ocr_line' id='line_1_15' title="bbox 593 1808 2289 1894; baseline 0.004 -22"><span class='ocrx_word' id='word_1_112' title='bbox 593 1808 901 1891; x_wconf 75' lang='grc' dir='ltr'>ἐνέργειαν</span> <span class='ocrx_word' id='word_1_113' title='bbox 938 1811 1032 1873; x_wconf 81' lang='grc' dir='ltr'>ἀεὶ</span> <span class='ocrx_word' id='word_1_114' title='bbox 1080 1812 1314 1892; x_wconf 74' lang='grc' dir='ltr'>ἑστώσῃ</span> <span class='ocrx_word' id='word_1_115' title='bbox 1355 1811 1642 1894; x_wconf 86' lang='grc' dir='ltr'>ἐπιστήμη</span> <span class='ocrx_word' id='word_1_116' title='bbox 1689 1814 1874 1888; x_wconf 80' lang='grc' dir='ltr'>ἐστὶν,</span> <span class='ocrx_word' id='word_1_117' title='bbox 1918 1817 2038 1878; x_wconf 77' lang='grc' dir='ltr'>εἴτε</span> <span class='ocrx_word' id='word_1_118' title='bbox 2081 1816 2176 1878; x_wconf 82' lang='grc' dir='ltr'>καὶ</span> <span class='ocrx_word' id='word_1_119' title='bbox 2220 1817 2289 1879; x_wconf 94' lang='grc' dir='ltr'>ἐν</span> 
     </span>
     <span class='ocr_line' id='line_1_16' title="bbox 590 1912 2286 2004; baseline 0.004 -29"><span class='ocrx_word' id='word_1_120' title='bbox 590 1912 729 1995; x_wconf 79' lang='grc' dir='ltr'>ἡμῖν</span> <span class='ocrx_word' id='word_1_121' title='bbox 756 1914 894 1977; x_wconf 86' lang='grc' dir='ltr'>ἐστί</span> <span class='ocrx_word' id='word_1_122' title='bbox 914 1937 1001 1980; x_wconf 91' lang='grc' dir='ltr'>τις</span> <span class='ocrx_word' id='word_1_123' title='bbox 1029 1915 1264 1996; x_wconf 81' lang='grc' dir='ltr'>τοιαύτη</span> <span class='ocrx_word' id='word_1_124' title='bbox 1294 1916 1388 1979; x_wconf 85' lang='grc' dir='ltr'>ἀεὶ</span> <span class='ocrx_word' id='word_1_125' title='bbox 1416 1916 1538 1979; x_wconf 78' lang='grc' dir='ltr'>ἄνω</span> <span class='ocrx_word' id='word_1_126' title='bbox 1567 1914 1854 1995; x_wconf 80' lang='grc' dir='ltr'>μένουσα,</span> <span class='ocrx_word' id='word_1_127' title='bbox 1889 1918 1965 1983; x_wconf 83' lang='grc' dir='ltr'>ὦς</span> <span class='ocrx_word' id='word_1_128' title='bbox 1993 1919 2286 2004; x_wconf 78' lang='grc' dir='ltr'>Πλωτίνῳ</span> 
     </span>
     <span class='ocr_line' id='line_1_17' title="bbox 592 2015 2283 2109; baseline 0.004 -29"><span class='ocrx_word' id='word_1_129' title='bbox 592 2018 687 2081; x_wconf 85' lang='grc' dir='ltr'>καὶ</span> <span class='ocrx_word' id='word_1_130' title='bbox 712 2015 1047 2103; x_wconf 78' lang='grc' dir='ltr'>Ἰαμβλίχῳ</span> <span class='ocrx_word' id='word_1_131' title='bbox 1090 2023 1268 2096; x_wconf 84' lang='grc' dir='ltr'>δοκεῖ,</span> <span class='ocrx_word' id='word_1_132' title='bbox 1301 2022 1419 2084; x_wconf 82' lang='grc' dir='ltr'>εἴτε</span> <span class='ocrx_word' id='word_1_133' title='bbox 1462 2021 1530 2083; x_wconf 90' lang='grc' dir='ltr'>ἐν</span> <span class='ocrx_word' id='word_1_134' title='bbox 1568 2024 1648 2105; x_wconf 72' lang='grc' dir='ltr'>τῷ</span> <span class='ocrx_word' id='word_1_135' title='bbox 1690 2019 1811 2084; x_wconf 82' lang='grc' dir='ltr'>κατ’</span> <span class='ocrx_word' id='word_1_136' title='bbox 1845 2019 2153 2103; x_wconf 76' lang='grc' dir='ltr'>ἐνέργειαν</span> <span class='ocrx_word' id='word_1_137' title='bbox 2183 2027 2283 2109; x_wconf 73' lang='grc' dir='ltr'>νῷ,</span> 
     </span>
     <span class='ocr_line' id='line_1_18' title="bbox 590 2120 2283 2203; baseline 0.003 -19"><span class='ocrx_word' id='word_1_138' title='bbox 590 2124 649 2185; x_wconf 86' lang='grc' dir='ltr'>εἴ</span> <span class='ocrx_word' id='word_1_139' title='bbox 680 2145 767 2188; x_wconf 92' lang='grc' dir='ltr'>τις</span> <span class='ocrx_word' id='word_1_140' title='bbox 807 2121 903 2185; x_wconf 87' lang='grc' dir='ltr'>καὶ</span> <span class='ocrx_word' id='word_1_141' title='bbox 941 2121 1049 2200; x_wconf 80' lang='grc' dir='ltr'>τὴν</span> <span class='ocrx_word' id='word_1_142' title='bbox 1090 2123 1300 2202; x_wconf 86' lang='grc' dir='ltr'>νόησιν</span> <span class='ocrx_word' id='word_1_143' title='bbox 1339 2122 1570 2202; x_wconf 91' lang='grc' dir='ltr'>ἐκείνην</span> <span class='ocrx_word' id='word_1_144' title='bbox 1600 2120 1926 2203; x_wconf 74' lang='grc' dir='ltr'>ἐπιστήμην</span> <span class='ocrx_word' id='word_1_145' title='bbox 1955 2124 2153 2188; x_wconf 82' lang='grc' dir='ltr'>ἕλοιτο</span> <span class='ocrx_word' id='word_1_146' title='bbox 2184 2151 2283 2189; x_wconf 86' lang='grc' dir='ltr'>κα-</span> 
     </span>
     <span class='ocr_line' id='line_1_19' title="bbox 587 2224 2288 2304; baseline 0.002 -16"><span class='ocrx_word' id='word_1_147' title='bbox 587 2229 738 2288; x_wconf 85' lang='grc' dir='ltr'>λεῖν.</span> <span class='ocrx_word' id='word_1_148' title='bbox 784 2224 1027 2288; x_wconf 89' lang='grc' dir='ltr'>δύναται</span> <span class='ocrx_word' id='word_1_149' title='bbox 1067 2225 1132 2287; x_wconf 78' lang='grc' dir='ltr'>δὲ</span> <span class='ocrx_word' id='word_1_150' title='bbox 1180 2225 1275 2287; x_wconf 85' lang='grc' dir='ltr'>καὶ</span> <span class='ocrx_word' id='word_1_151' title='bbox 1307 2228 1403 2288; x_wconf 77' lang='grc' dir='ltr'>διὰ</span> <span class='ocrx_word' id='word_1_152' title='bbox 1430 2225 1539 2304; x_wconf 82' lang='grc' dir='ltr'>τὴν</span> <span class='ocrx_word' id='word_1_153' title='bbox 1568 2231 1685 2289; x_wconf 82' lang='grc' dir='ltr'>τῶν</span> <span class='ocrx_word' id='word_1_154' title='bbox 1716 2232 1927 2290; x_wconf 80' lang='grc' dir='ltr'>κοινῶν</span> <span class='ocrx_word' id='word_1_155' title='bbox 1952 2229 2288 2292; x_wconf 84' lang='grc' dir='ltr'>ὑπόστασιν</span> 
     </span>
     <span class='ocr_line' id='line_1_20' title="bbox 589 2326 2287 2410; baseline 0.002 -19"><span class='ocrx_word' id='word_1_156' title='bbox 589 2329 855 2408; x_wconf 78' lang='grc' dir='ltr'>εἰρῆσθαι</span> <span class='ocrx_word' id='word_1_157' title='bbox 883 2326 990 2406; x_wconf 78' lang='grc' dir='ltr'>τὴν</span> <span class='ocrx_word' id='word_1_158' title='bbox 1022 2329 1086 2405; x_wconf 72' lang='grc' dir='ltr'>ἐξ</span> <span class='ocrx_word' id='word_1_159' title='bbox 1115 2327 1507 2409; x_wconf 89' lang='grc' dir='ltr'>ἀφαιρέσεως.</span> <span class='ocrx_word' id='word_1_160' title='bbox 1555 2328 1677 2407; x_wconf 74' lang='grc' dir='ltr'>ἅμα</span> <span class='ocrx_word' id='word_1_161' title='bbox 1705 2331 1820 2410; x_wconf 73' lang='grc' dir='ltr'>γὰρ</span> <span class='ocrx_word' id='word_1_162' title='bbox 1848 2333 1919 2409; x_wconf 78' lang='grc' dir='ltr'>τῇ</span> <span class='ocrx_word' id='word_1_163' title='bbox 1953 2330 2287 2395; x_wconf 83' lang='grc' dir='ltr'>ὑποστάσει</span> 
     </span>
     <span class='ocr_line' id='line_1_21' title="bbox 586 2431 2285 2512; baseline 0.003 -18"><span class='ocrx_word' id='word_1_164' title='bbox 586 2433 808 2496; x_wconf 89' lang='grc' dir='ltr'>τούτων</span> <span class='ocrx_word' id='word_1_165' title='bbox 839 2432 934 2495; x_wconf 85' lang='grc' dir='ltr'>καὶ</span> <span class='ocrx_word' id='word_1_166' title='bbox 960 2432 998 2512; x_wconf 86' lang='grc' dir='ltr'><em>ἦ</em></span> <span class='ocrx_word' id='word_1_167' title='bbox 1030 2431 1317 2510; x_wconf 81' lang='grc' dir='ltr'>ἐπιστήμη</span> <span class='ocrx_word' id='word_1_168' title='bbox 1349 2433 1533 2496; x_wconf 86' lang='grc' dir='ltr'>ἐστίν.</span> <span class='ocrx_word' id='word_1_169' title='bbox 1573 2433 1794 2511; x_wconf 75' lang='grc' dir='ltr'>ἀληθὲς</span> <span class='ocrx_word' id='word_1_170' title='bbox 1822 2435 1887 2496; x_wconf 75' lang='grc' dir='ltr'>δὲ</span> <span class='ocrx_word' id='word_1_171' title='bbox 1919 2433 2014 2497; x_wconf 80' lang='grc' dir='ltr'>καὶ</span> <span class='ocrx_word' id='word_1_172' title='bbox 2043 2434 2140 2498; x_wconf 83' lang='grc' dir='ltr'>ἐπὶ</span> <span class='ocrx_word' id='word_1_173' title='bbox 2166 2440 2285 2499; x_wconf 81' lang='grc' dir='ltr'>τῶν</span> 
     </span>
     <span class='ocr_line' id='line_1_22' title="bbox 586 2533 2283 2621; baseline 0.002 -24"><span class='ocrx_word' id='word_1_174' title='bbox 586 2533 1073 2614; x_wconf 87' lang='grc' dir='ltr'>ἀναπλασμάτων</span> <span class='ocrx_word' id='word_1_175' title='bbox 1102 2541 1218 2598; x_wconf 80' lang='grc' dir='ltr'>τῶν</span> <span class='ocrx_word' id='word_1_176' title='bbox 1245 2559 1310 2597; x_wconf 92' lang='grc' dir='ltr'>τε</span> <span class='ocrx_word' id='word_1_177' title='bbox 1341 2536 1408 2599; x_wconf 93' lang='grc' dir='ltr'>ἐν</span> <span class='ocrx_word' id='word_1_178' title='bbox 1438 2537 1506 2615; x_wconf 83' lang='grc' dir='ltr'>τῇ</span> <span class='ocrx_word' id='word_1_179' title='bbox 1545 2536 1850 2620; x_wconf 76' lang='grc' dir='ltr'>φαντασίᾳ</span> <span class='ocrx_word' id='word_1_180' title='bbox 1880 2537 1976 2600; x_wconf 85' lang='grc' dir='ltr'>καὶ</span> <span class='ocrx_word' id='word_1_181' title='bbox 2002 2542 2120 2600; x_wconf 79' lang='grc' dir='ltr'>τῶν</span> <span class='ocrx_word' id='word_1_182' title='bbox 2147 2562 2283 2621; x_wconf 90' lang='grc' dir='ltr'>τεχ-</span> 
     </span>
     <span class='ocr_line' id='line_1_23' title="bbox 585 2641 2274 2726; baseline 0.002 -22"><span class='ocrx_word' id='word_1_183' title='bbox 585 2647 791 2720; x_wconf 80' lang='grc' dir='ltr'>νητῶν.</span> <span class='ocrx_word' id='word_1_184' title='bbox 840 2641 962 2721; x_wconf 80' lang='grc' dir='ltr'>ἅμα</span> <span class='ocrx_word' id='word_1_185' title='bbox 989 2644 1103 2723; x_wconf 78' lang='grc' dir='ltr'>γὰρ</span> <span class='ocrx_word' id='word_1_186' title='bbox 1132 2642 1378 2723; x_wconf 85' lang='grc' dir='ltr'>χίμαιρα</span> <span class='ocrx_word' id='word_1_187' title='bbox 1409 2642 1505 2705; x_wconf 86' lang='grc' dir='ltr'>καὶ</span> <span class='ocrx_word' id='word_1_188' title='bbox 1535 2641 1823 2723; x_wconf 87' lang='grc' dir='ltr'>ἐπιστήμη</span> <span class='ocrx_word' id='word_1_189' title='bbox 1854 2646 1955 2722; x_wconf 85' lang='grc' dir='ltr'>τῆς</span> <span class='ocrx_word' id='word_1_190' title='bbox 1980 2645 2274 2726; x_wconf 84' lang='grc' dir='ltr'>χιμαίρας.</span> 
     </span>
     <span class='ocr_line' id='line_1_24' title="bbox 584 2742 2282 2826; baseline 0.003 -18"><span class='ocrx_word' id='word_1_191' title='bbox 584 2747 680 2808; x_wconf 71' lang='grc' dir='ltr'>διὰ</span> <span class='ocrx_word' id='word_1_192' title='bbox 707 2745 768 2807; x_wconf 92' lang='grc' dir='ltr'>τί</span> <span class='ocrx_word' id='word_1_193' title='bbox 792 2744 899 2808; x_wconf 82' lang='grc' dir='ltr'>οῦν</span> <span class='ocrx_word' id='word_1_194' title='bbox 926 2743 1259 2825; x_wconf 84' lang='grc' dir='ltr'>προσέθηκε</span> <span class='ocrx_word' id='word_1_195' title='bbox 1299 2744 1387 2818; x_wconf 85' lang='grc' dir='ltr'>τὸ,</span> <span class='ocrx_word' id='word_1_196' title='bbox 1415 2742 1453 2824; x_wconf 91' lang='grc' dir='ltr'>ἢ</span> <span class='ocrx_word' id='word_1_197' title='bbox 1485 2743 1574 2807; x_wconf 86' lang='grc' dir='ltr'>ἐπ’</span> <span class='ocrx_word' id='word_1_198' title='bbox 1607 2745 1879 2819; x_wconf 79' lang='grc' dir='ltr'>οὗδενός;</span> <span class='ocrx_word' id='word_1_199' title='bbox 1927 2742 1963 2826; x_wconf 86' lang='grc' dir='ltr'>ἢ</span> <span class='ocrx_word' id='word_1_200' title='bbox 1992 2747 2083 2810; x_wconf 90' lang='grc' dir='ltr'>ὅτι</span> <span class='ocrx_word' id='word_1_201' title='bbox 2125 2749 2282 2814; x_wconf 76' lang='grc' dir='ltr'>τινὲς</span> 
     </span>
     <span class='ocr_line' id='line_1_25' title="bbox 583 2845 2274 2929; baseline 0.001 -18"><span class='ocrx_word' id='word_1_202' title='bbox 583 2845 837 2929; x_wconf 80' lang='grc' dir='ltr'>ἀνῄρουν</span> <span class='ocrx_word' id='word_1_203' title='bbox 878 2846 974 2910; x_wconf 83' lang='grc' dir='ltr'>καὶ</span> <span class='ocrx_word' id='word_1_204' title='bbox 1011 2849 1085 2911; x_wconf 73' lang='grc' dir='ltr'>τὰ</span> <span class='ocrx_word' id='word_1_205' title='bbox 1126 2845 1251 2911; x_wconf 86' lang='grc' dir='ltr'>καθ’</span> <span class='ocrx_word' id='word_1_206' title='bbox 1283 2848 1431 2911; x_wconf 84' lang='grc' dir='ltr'>ὅλου</span> <span class='ocrx_word' id='word_1_207' title='bbox 1475 2848 1570 2911; x_wconf 84' lang='grc' dir='ltr'>καὶ</span> <span class='ocrx_word' id='word_1_208' title='bbox 1609 2850 1683 2911; x_wconf 82' lang='grc' dir='ltr'><em>τᾶ</em></span> <span class='ocrx_word' id='word_1_209' title='bbox 1723 2851 1921 2928; x_wconf 78' lang='grc' dir='ltr'>νοητὰ,</span> <span class='ocrx_word' id='word_1_210' title='bbox 1963 2849 2059 2912; x_wconf 79' lang='grc' dir='ltr'>καὶ</span> <span class='ocrx_word' id='word_1_211' title='bbox 2096 2851 2171 2913; x_wconf 73' lang='grc' dir='ltr'>τὰ</span> <span class='ocrx_word' id='word_1_212' title='bbox 2212 2852 2274 2913; x_wconf 84' lang='grc' dir='ltr'>ὁ-</span> 
     </span>
     <span class='ocr_line' id='line_1_26' title="bbox 581 2948 2276 3035; baseline 0.001 -22"><span class='ocrx_word' id='word_1_213' title='bbox 581 2952 823 3013; x_wconf 88' lang='grc' dir='ltr'>πωσοῦν</span> <span class='ocrx_word' id='word_1_214' title='bbox 852 2950 1280 3029; x_wconf 72' lang='grc' dir='ltr'>ἐπινοούμενας</span> <span class='ocrx_word' id='word_1_215' title='bbox 1326 2948 1364 3028; x_wconf 82' lang='grc' dir='ltr'>ἢ</span> <span class='ocrx_word' id='word_1_216' title='bbox 1394 2950 1485 3014; x_wconf 84' lang='grc' dir='ltr'>ὅτι</span> <span class='ocrx_word' id='word_1_217' title='bbox 1527 2949 1637 3014; x_wconf 78' lang='grc' dir='ltr'>κᾶν</span> <span class='ocrx_word' id='word_1_218' title='bbox 1663 2948 1703 3031; x_wconf 83' lang='grc' dir='ltr'><em>ᾗ</em></span> <span class='ocrx_word' id='word_1_219' title='bbox 1731 2954 1914 3015; x_wconf 91' lang='grc' dir='ltr'>ταῦτα</span> <span class='ocrx_word' id='word_1_220' title='bbox 1954 2953 2021 3015; x_wconf 94' lang='grc' dir='ltr'>ἐν</span> <span class='ocrx_word' id='word_1_221' title='bbox 2048 2956 2118 3032; x_wconf 83' lang='grc' dir='ltr'>τῇ</span> <span class='ocrx_word' id='word_1_222' title='bbox 2159 2954 2276 3035; x_wconf 80' lang='grc' dir='ltr'>φύ-</span> 
     </span>
     <span class='ocr_line' id='line_1_27' title="bbox 582 3049 2282 3135; baseline 0.004 -22"><span class='ocrx_word' id='word_1_223' title='bbox 582 3076 697 3125; x_wconf 87' lang='grc' dir='ltr'>σει,</span> <span class='ocrx_word' id='word_1_224' title='bbox 728 3054 834 3118; x_wconf 76' lang='grc' dir='ltr'>τὰς</span> <span class='ocrx_word' id='word_1_225' title='bbox 862 3054 1124 3120; x_wconf 88' lang='grc' dir='ltr'>ἐπινοίας</span> <span class='ocrx_word' id='word_1_226' title='bbox 1167 3052 1359 3116; x_wconf 77' lang='grc' dir='ltr'>αὐτῶν</span> <span class='ocrx_word' id='word_1_227' title='bbox 1386 3055 1640 3135; x_wconf 79' lang='grc' dir='ltr'>ὕστερον</span> <span class='ocrx_word' id='word_1_228' title='bbox 1670 3049 1985 3134; x_wconf 83' lang='grc' dir='ltr'>ἐλάβομεν</span> <span class='ocrx_word' id='word_1_229' title='bbox 1998 3082 2013 3128; x_wconf 85' lang='grc'><strong>;</strong></span> <span class='ocrx_word' id='word_1_230' title='bbox 2064 3055 2159 3119; x_wconf 86' lang='grc' dir='ltr'>καὶ</span> <span class='ocrx_word' id='word_1_231' title='bbox 2187 3058 2282 3119; x_wconf 76' lang='grc' dir='ltr'>διὰ</span> 
     </span>
     <span class='ocr_line' id='line_1_28' title="bbox 580 3156 2283 3240; baseline 0.003 -23"><span class='ocrx_word' id='word_1_232' title='bbox 580 3159 752 3218; x_wconf 90' lang='grc' dir='ltr'>τοῦτο</span> <span class='ocrx_word' id='word_1_233' title='bbox 808 3157 1127 3235; x_wconf 86' lang='grc' dir='ltr'>συμβαίνει</span> <span class='ocrx_word' id='word_1_234' title='bbox 1178 3157 1273 3220; x_wconf 82' lang='grc' dir='ltr'>καὶ</span> <span class='ocrx_word' id='word_1_235' title='bbox 1324 3157 1421 3220; x_wconf 84' lang='grc' dir='ltr'>ἐπὶ</span> <span class='ocrx_word' id='word_1_236' title='bbox 1469 3157 1693 3220; x_wconf 89' lang='grc' dir='ltr'>τούτων</span> <span class='ocrx_word' id='word_1_237' title='bbox 1736 3156 2141 3240; x_wconf 87' lang='grc' dir='ltr'>προϋπάρχειν</span> <span class='ocrx_word' id='word_1_238' title='bbox 2182 3161 2283 3237; x_wconf 86' lang='grc' dir='ltr'>τῆς</span> 
     </span>
     <span class='ocr_line' id='line_1_29' title="bbox 583 3258 2279 3342; baseline 0.002 -19"><span class='ocrx_word' id='word_1_239' title='bbox 583 3258 902 3341; x_wconf 89' lang='grc' dir='ltr'>ἐπιστήμης</span> <span class='ocrx_word' id='word_1_240' title='bbox 950 3259 1019 3324; x_wconf 88' lang='grc' dir='ltr'>τὸ</span> <span class='ocrx_word' id='word_1_241' title='bbox 1074 3261 1406 3341; x_wconf 89' lang='grc' dir='ltr'>ἐπιστητόν.</span> <span class='ocrx_word' id='word_1_242' title='bbox 1465 3262 1646 3328; x_wconf 67' lang='grc' dir='ltr'>οὕτως</span> <span class='ocrx_word' id='word_1_243' title='bbox 1693 3262 1806 3342; x_wconf 75' lang='grc' dir='ltr'>μὲν</span> <span class='ocrx_word' id='word_1_244' title='bbox 1857 3262 1963 3325; x_wconf 77' lang='grc' dir='ltr'>οῦν</span> <span class='ocrx_word' id='word_1_245' title='bbox 2016 3264 2163 3327; x_wconf 76' lang='grc' dir='ltr'>κατὰ</span> <span class='ocrx_word' id='word_1_246' title='bbox 2211 3262 2279 3326; x_wconf 87' lang='grc' dir='ltr'>τὸ</span> 
     </span>
     <span class='ocr_line' id='line_1_30' title="bbox 580 3363 2278 3447; baseline 0.003 -21"><span class='ocrx_word' id='word_1_247' title='bbox 580 3365 868 3445; x_wconf 82' lang='grc' dir='ltr'>πρότερον</span> <span class='ocrx_word' id='word_1_248' title='bbox 897 3363 1246 3445; x_wconf 87' lang='grc' dir='ltr'>ἐπιχείρημα</span> <span class='ocrx_word' id='word_1_249' title='bbox 1290 3367 1454 3427; x_wconf 88' lang='grc' dir='ltr'>δοκεῖ</span> <span class='ocrx_word' id='word_1_250' title='bbox 1491 3367 1693 3442; x_wconf 75' lang='grc' dir='ltr'>δεῖξαι,</span> <span class='ocrx_word' id='word_1_251' title='bbox 1727 3364 1819 3427; x_wconf 91' lang='grc' dir='ltr'>ὅτι</span> <span class='ocrx_word' id='word_1_252' title='bbox 1860 3366 2149 3447; x_wconf 91' lang='grc' dir='ltr'>πρότερον</span> <span class='ocrx_word' id='word_1_253' title='bbox 2177 3369 2278 3445; x_wconf 87' lang='grc' dir='ltr'>τῆς</span> 
     </span>
     <span class='ocr_line' id='line_1_31' title="bbox 581 3464 2277 3549; baseline 0.002 -21"><span class='ocrx_word' id='word_1_254' title='bbox 581 3464 900 3544; x_wconf 82' lang='grc' dir='ltr'>ἐπιστήμης</span> <span class='ocrx_word' id='word_1_255' title='bbox 926 3464 994 3527; x_wconf 87' lang='grc' dir='ltr'>τὸ</span> <span class='ocrx_word' id='word_1_256' title='bbox 1027 3464 1362 3543; x_wconf 78' lang='grc' dir='ltr'>ἐπιστητὸν,</span> <span class='ocrx_word' id='word_1_257' title='bbox 1391 3466 1487 3530; x_wconf 86' lang='grc' dir='ltr'>καὶ</span> <span class='ocrx_word' id='word_1_258' title='bbox 1508 3466 1621 3549; x_wconf 79' lang='grc' dir='ltr'>οὐχ</span> <span class='ocrx_word' id='word_1_259' title='bbox 1650 3465 1771 3546; x_wconf 77' lang='grc' dir='ltr'>ἅμα</span> <span class='ocrx_word' id='word_1_260' title='bbox 1796 3470 1864 3546; x_wconf 78' lang='grc' dir='ltr'>τῇ</span> <span class='ocrx_word' id='word_1_261' title='bbox 1888 3464 2092 3549; x_wconf 87' lang='grc' dir='ltr'>φύσει.</span> <span class='ocrx_word' id='word_1_262' title='bbox 2129 3470 2277 3532; x_wconf 74' lang='grc' dir='ltr'>κατὰ</span> 
     </span>
     <span class='ocr_line' id='line_1_32' title="bbox 578 3566 2276 3654; baseline 0.001 -23"><span class='ocrx_word' id='word_1_263' title='bbox 578 3566 857 3649; x_wconf 83' lang='grc' dir='ltr'>δευτέραν</span> <span class='ocrx_word' id='word_1_264' title='bbox 879 3570 945 3631; x_wconf 75' lang='grc' dir='ltr'>δὲ</span> <span class='ocrx_word' id='word_1_265' title='bbox 975 3567 1270 3647; x_wconf 76' lang='grc' dir='ltr'>ἐπιβολὴν</span> <span class='ocrx_word' id='word_1_266' title='bbox 1298 3574 1622 3651; x_wconf 80' lang='grc' dir='ltr'>πολλαχῶς</span> <span class='ocrx_word' id='word_1_267' title='bbox 1649 3572 1756 3632; x_wconf 90' lang='grc' dir='ltr'>τοῦ</span> <span class='ocrx_word' id='word_1_268' title='bbox 1780 3568 2068 3651; x_wconf 89' lang='grc' dir='ltr'>προτέρου</span> <span class='ocrx_word' id='word_1_269' title='bbox 2098 3578 2276 3654; x_wconf 89' lang='grc' dir='ltr'>λεγο-</span> 
     </span>
     <span class='ocr_line' id='line_1_33' title="bbox 575 3668 2274 3753; baseline 0.001 -20"><span class='ocrx_word' id='word_1_270' title='bbox 575 3668 777 3748; x_wconf 88' lang='grc' dir='ltr'>μένου,</span> <span class='ocrx_word' id='word_1_271' title='bbox 810 3670 887 3736; x_wconf 82' lang='grc' dir='ltr'>ὧς</span> <span class='ocrx_word' id='word_1_272' title='bbox 933 3670 1028 3733; x_wconf 87' lang='grc' dir='ltr'>καὶ</span> <span class='ocrx_word' id='word_1_273' title='bbox 1077 3669 1251 3736; x_wconf 81' lang='grc' dir='ltr'>αὐτὸς</span> <span class='ocrx_word' id='word_1_274' title='bbox 1291 3672 1544 3752; x_wconf 79' lang='grc' dir='ltr'>ὕστερον</span> <span class='ocrx_word' id='word_1_275' title='bbox 1572 3669 1808 3749; x_wconf 76' lang='grc' dir='ltr'>διδάξει,</span> <span class='ocrx_word' id='word_1_276' title='bbox 1844 3670 1969 3734; x_wconf 86' lang='grc' dir='ltr'>καθ’</span> <span class='ocrx_word' id='word_1_277' title='bbox 2002 3671 2111 3735; x_wconf 80' lang='grc' dir='ltr'>ἕνα</span> <span class='ocrx_word' id='word_1_278' title='bbox 2139 3673 2274 3753; x_wconf 79' lang='grc' dir='ltr'>τρό-</span> 
     </span>
     <span class='ocr_line' id='line_1_34' title="bbox 578 3772 2272 3860; baseline 0.001 -23"><span class='ocrx_word' id='word_1_279' title='bbox 578 3798 694 3837; x_wconf 87' lang='grc' dir='ltr'>πον</span> <span class='ocrx_word' id='word_1_280' title='bbox 724 3777 830 3837; x_wconf 86' lang='grc' dir='ltr'>νῦν</span> <span class='ocrx_word' id='word_1_281' title='bbox 860 3773 1013 3860; x_wconf 72' lang='grc' dir='ltr'>αὐτῷ</span> <span class='ocrx_word' id='word_1_282' title='bbox 1060 3777 1291 3857; x_wconf 83' lang='grc' dir='ltr'>χρῆται,</span> <span class='ocrx_word' id='word_1_283' title='bbox 1325 3773 1450 3838; x_wconf 88' lang='grc' dir='ltr'>καθ’</span> <span class='ocrx_word' id='word_1_284' title='bbox 1483 3776 1634 3838; x_wconf 87' lang='grc' dir='ltr'>ὅσον</span> <span class='ocrx_word' id='word_1_285' title='bbox 1661 3772 1730 3838; x_wconf 83' lang='grc' dir='ltr'>τὸ</span> <span class='ocrx_word' id='word_1_286' title='bbox 1761 3776 1874 3854; x_wconf 78' lang='grc' dir='ltr'>μὲν</span> <span class='ocrx_word' id='word_1_287' title='bbox 1903 3774 2085 3857; x_wconf 89' lang='grc' dir='ltr'>φύσει</span> <span class='ocrx_word' id='word_1_288' title='bbox 2129 3778 2272 3857; x_wconf 91' lang='grc' dir='ltr'>πρό-</span> 
     </span>
     <span class='ocr_line' id='line_1_35' title="bbox 576 3878 2220 3959; baseline 0.002 -21"><span class='ocrx_word' id='word_1_289' title='bbox 576 3900 748 3957; x_wconf 90' lang='grc' dir='ltr'>τερον</span> <span class='ocrx_word' id='word_1_290' title='bbox 778 3882 1125 3958; x_wconf 85' lang='grc' dir='ltr'>συναναιρεῖ</span> <span class='ocrx_word' id='word_1_291' title='bbox 1146 3878 1278 3957; x_wconf 74' lang='grc' dir='ltr'>μὲν,</span> <span class='ocrx_word' id='word_1_292' title='bbox 1311 3878 1380 3941; x_wconf 81' lang='grc' dir='ltr'>οὗ</span> <span class='ocrx_word' id='word_1_293' title='bbox 1409 3884 1850 3959; x_wconf 84' lang='grc' dir='ltr'>συναναιρεῖται</span> <span class='ocrx_word' id='word_1_294' title='bbox 1879 3878 1964 3942; x_wconf 85' lang='grc' dir='ltr'>δέ.</span> <span class='ocrx_word' id='word_1_295' title='bbox 1998 3906 2052 3942; x_wconf 87' lang='grc' dir='ltr'>κ.</span> <span class='ocrx_word' id='word_1_296' title='bbox 2074 3905 2128 3942; x_wconf 91' lang='grc' dir='ltr'>τ.</span> <span class='ocrx_word' id='word_1_297' title='bbox 2154 3888 2220 3942; x_wconf 88' lang='grc' dir='ltr'>λ.</span> 
     </span>
     <span class='ocr_line' id='line_1_36' title="bbox 644 3978 2274 4070; baseline 0.001 -28"><span class='ocrx_word' id='word_1_298' title='bbox 644 4000 707 4065; x_wconf 90' lang='lat' dir='ltr'>p.</span> <span class='ocrx_word' id='word_1_299' title='bbox 738 3996 925 4064; x_wconf 85' lang='lat'><strong>1035,</strong></span> <span class='ocrx_word' id='word_1_300' title='bbox 954 3998 1049 4059; x_wconf 91' lang='lat'>14.</span> <span class='ocrx_word' id='word_1_301' title='bbox 1089 3978 1228 4043; x_wconf 84' lang='grc' dir='ltr'>ἀλλ’</span> <span class='ocrx_word' id='word_1_302' title='bbox 1256 3980 1505 4058; x_wconf 81' lang='grc' dir='ltr'>ἔστηκεν</span> <span class='ocrx_word' id='word_1_303' title='bbox 1535 3982 1602 4044; x_wconf 89' lang='grc' dir='ltr'>ἐν</span> <span class='ocrx_word' id='word_1_304' title='bbox 1632 3983 1786 4067; x_wconf 75' lang='grc' dir='ltr'>αὐτῷ</span> <span class='ocrx_word' id='word_1_305' title='bbox 1816 4009 1868 4045; x_wconf 93' lang='grc' dir='ltr'>κ.</span> <span class='ocrx_word' id='word_1_306' title='bbox 1888 4007 1942 4045; x_wconf 92' lang='grc' dir='ltr'>τ.</span> <span class='ocrx_word' id='word_1_307' title='bbox 1960 3983 2056 4070; x_wconf 92' lang='grc' dir='ltr'>λ.]</span> <span class='ocrx_word' id='word_1_308' title='bbox 2090 3980 2274 4046; x_wconf 85' lang='lat' dir='ltr'><strong>Plato</strong></span> 
     </span>
     <span class='ocr_line' id='line_1_37' title="bbox 578 4080 2273 4169; baseline 0 -22"><span class='ocrx_word' id='word_1_309' title='bbox 578 4080 839 4169; x_wconf 84' lang='lat' dir='ltr'><strong>Cratylo</strong></span> <span class='ocrx_word' id='word_1_310' title='bbox 866 4104 933 4169; x_wconf 89' lang='lat' dir='ltr'>p.</span> <span class='ocrx_word' id='word_1_311' title='bbox 965 4099 1115 4166; x_wconf 84' lang='lat'><strong>437.</strong></span> <span class='ocrx_word' id='word_1_312' title='bbox 1152 4084 1238 4146; x_wconf 91' lang='lat' dir='ltr'>A.</span> <span class='ocrx_word' id='word_1_313' title='bbox 1283 4106 1345 4169; x_wconf 90' lang='lat' dir='ltr'>p.</span> <span class='ocrx_word' id='word_1_314' title='bbox 1387 4103 1528 4163; x_wconf 90' lang='lat'>114.</span> <span class='ocrx_word' id='word_1_315' title='bbox 1562 4082 1802 4147; x_wconf 89' lang='lat' dir='ltr'><strong>Bekk.:</strong></span> <span class='ocrx_word' id='word_1_316' title='bbox 1854 4090 2174 4164; x_wconf 84' lang='grc' dir='ltr'>Σκοπῶμεν</span> <span class='ocrx_word' id='word_1_317' title='bbox 2202 4085 2273 4162; x_wconf 75' lang='grc' dir='ltr'>δὴ</span> 
     </span>
     <span class='ocr_line' id='line_1_38' title="bbox 577 4184 2266 4267; baseline 0.001 -19"><span class='ocrx_word' id='word_1_318' title='bbox 577 4187 640 4263; x_wconf 72' lang='grc' dir='ltr'>ἐξ</span> <span class='ocrx_word' id='word_1_319' title='bbox 676 4184 868 4248; x_wconf 76' lang='grc' dir='ltr'>αὐτῶν</span> <span class='ocrx_word' id='word_1_320' title='bbox 906 4185 1320 4265; x_wconf 82' lang='grc' dir='ltr'>ἀναλαβόντες</span> <span class='ocrx_word' id='word_1_321' title='bbox 1360 4191 1593 4267; x_wconf 80' lang='grc' dir='ltr'>πρῶτον</span> <span class='ocrx_word' id='word_1_322' title='bbox 1620 4188 1732 4266; x_wconf 78' lang='grc' dir='ltr'>μὲν</span> <span class='ocrx_word' id='word_1_323' title='bbox 1761 4190 1932 4249; x_wconf 86' lang='grc' dir='ltr'>τοῦτο</span> <span class='ocrx_word' id='word_1_324' title='bbox 1961 4184 2029 4250; x_wconf 83' lang='grc' dir='ltr'>τὸ</span> <span class='ocrx_word' id='word_1_325' title='bbox 2059 4188 2266 4267; x_wconf 87' lang='grc' dir='ltr'>ὄνομα,</span> 
     </span>
     <span class='ocr_line' id='line_1_39' title="bbox 574 4288 2271 4370; baseline 0 -16"><span class='ocrx_word' id='word_1_326' title='bbox 574 4289 679 4367; x_wconf 75' lang='grc' dir='ltr'>τὴν</span> <span class='ocrx_word' id='word_1_327' title='bbox 709 4288 1056 4368; x_wconf 88' lang='grc' dir='ltr'>ἐπιστήμην,</span> <span class='ocrx_word' id='word_1_328' title='bbox 1081 4290 1157 4355; x_wconf 82' lang='grc' dir='ltr'>ὣς</span> <span class='ocrx_word' id='word_1_329' title='bbox 1185 4289 1535 4370; x_wconf 87' lang='grc' dir='ltr'>ἀμφίβολόν</span> <span class='ocrx_word' id='word_1_330' title='bbox 1563 4291 1693 4354; x_wconf 90' lang='grc' dir='ltr'>ἐστι</span> <span class='ocrx_word' id='word_1_331' title='bbox 1724 4291 1818 4354; x_wconf 82' lang='grc' dir='ltr'>καὶ</span> <span class='ocrx_word' id='word_1_332' title='bbox 1845 4294 2084 4369; x_wconf 79' lang='grc' dir='ltr'>μᾶλλον</span> <span class='ocrx_word' id='word_1_333' title='bbox 2114 4290 2271 4354; x_wconf 79' lang='grc' dir='ltr'>ἔοικε</span> 
     </span>
     <span class='ocr_line' id='line_1_40' title="bbox 576 4391 2270 4476; baseline 0.001 -20"><span class='ocrx_word' id='word_1_334' title='bbox 576 4394 940 4472; x_wconf 81' lang='grc' dir='ltr'>σημαίνοντι,</span> <span class='ocrx_word' id='word_1_335' title='bbox 973 4391 1064 4455; x_wconf 92' lang='grc' dir='ltr'>ὅτι</span> <span class='ocrx_word' id='word_1_336' title='bbox 1093 4392 1332 4471; x_wconf 75' lang='grc' dir='ltr'>ἵστησιν</span> <span class='ocrx_word' id='word_1_337' title='bbox 1359 4393 1522 4471; x_wconf 80' lang='grc' dir='ltr'>ἡμῶν</span> <span class='ocrx_word' id='word_1_338' title='bbox 1553 4393 1650 4456; x_wconf 83' lang='grc' dir='ltr'>ἐπὶ</span> <span class='ocrx_word' id='word_1_339' title='bbox 1678 4398 1800 4460; x_wconf 91' lang='grc' dir='ltr'>τοῖς</span> <span class='ocrx_word' id='word_1_340' title='bbox 1826 4392 2134 4476; x_wconf 90' lang='grc' dir='ltr'>πράγμασι</span> <span class='ocrx_word' id='word_1_341' title='bbox 2161 4393 2270 4473; x_wconf 82' lang='grc' dir='ltr'>τὴν</span> 
     </span>
     <span class='ocr_line' id='line_1_41' title="bbox 573 4491 2263 4582; baseline 0.001 -26"><span class='ocrx_word' id='word_1_342' title='bbox 573 4494 780 4578; x_wconf 77' lang='grc' dir='ltr'>ψυχὴν</span> <span class='ocrx_word' id='word_1_343' title='bbox 819 4491 856 4573; x_wconf 80' lang='grc' dir='ltr'>ἦ</span> <span class='ocrx_word' id='word_1_344' title='bbox 902 4494 994 4556; x_wconf 87' lang='grc' dir='ltr'>ὅτι</span> <span class='ocrx_word' id='word_1_345' title='bbox 1038 4494 1527 4576; x_wconf 70' lang='grc' dir='ltr'>ξυμπεριφέρεται</span> <span class='ocrx_word' id='word_1_346' title='bbox 1575 4495 1687 4577; x_wconf 91' lang='lat' dir='ltr'><strong>(cf.</strong></span> <span class='ocrx_word' id='word_1_347' title='bbox 1731 4495 1999 4559; x_wconf 84' lang='lat' dir='ltr'><strong>eundem</strong></span> <span class='ocrx_word' id='word_1_348' title='bbox 2033 4495 2263 4582; x_wconf 79' lang='lat' dir='ltr'>dialog.</span> 
     </span>
     <span class='ocr_line' id='line_1_42' title="bbox 572 4594 2270 4684; baseline 0.004 -24"><span class='ocrx_word' id='word_1_349' title='bbox 572 4619 639 4684; x_wconf 90' lang='lat' dir='ltr'>p.</span> <span class='ocrx_word' id='word_1_350' title='bbox 670 4613 819 4675; x_wconf 86' lang='lat'><strong>412.</strong></span> <span class='ocrx_word' id='word_1_351' title='bbox 850 4596 1264 4677; x_wconf 81' lang='grc' dir='ltr'>Α.)-ἔπειτα</span> <span class='ocrx_word' id='word_1_352' title='bbox 1291 4594 1360 4660; x_wconf 81' lang='grc' dir='ltr'>τὸ</span> <span class='ocrx_word' id='word_1_353' title='bbox 1388 4596 1669 4677; x_wconf 86' lang='grc' dir='ltr'>βέβαιον,</span> <span class='ocrx_word' id='word_1_354' title='bbox 1707 4600 1797 4662; x_wconf 87' lang='grc' dir='ltr'>ὅτι</span> <span class='ocrx_word' id='word_1_355' title='bbox 1834 4597 2075 4678; x_wconf 75' lang='grc' dir='ltr'>βάσεώς</span> <span class='ocrx_word' id='word_1_356' title='bbox 2112 4597 2270 4666; x_wconf 88' lang='grc' dir='ltr'>τινός</span> 
     </span>
     <span class='ocr_line' id='line_1_43' title="bbox 575 4696 2262 4783; baseline 0.001 -19"><span class='ocrx_word' id='word_1_357' title='bbox 575 4703 705 4765; x_wconf 84' lang='grc' dir='ltr'>ἐστι</span> <span class='ocrx_word' id='word_1_358' title='bbox 736 4700 833 4763; x_wconf 85' lang='grc' dir='ltr'>καὶ</span> <span class='ocrx_word' id='word_1_359' title='bbox 861 4696 1129 4765; x_wconf 85' lang='grc' dir='ltr'>στάσεως</span> <span class='ocrx_word' id='word_1_360' title='bbox 1155 4699 1401 4778; x_wconf 86' lang='grc' dir='ltr'>μίμημα,</span> <span class='ocrx_word' id='word_1_361' title='bbox 1435 4698 1573 4763; x_wconf 84' lang='grc' dir='ltr'>ἀλλ’</span> <span class='ocrx_word' id='word_1_362' title='bbox 1607 4701 1677 4764; x_wconf 83' lang='grc' dir='ltr'>οὗ</span> <span class='ocrx_word' id='word_1_363' title='bbox 1706 4705 1909 4783; x_wconf 80' lang='grc' dir='ltr'>φορᾶς.</span> <span class='ocrx_word' id='word_1_364' title='bbox 1946 4701 2046 4765; x_wconf 91' lang='lat' dir='ltr'>Cf.</span> <span class='ocrx_word' id='word_1_365' title='bbox 2079 4700 2262 4766; x_wconf 89' lang='lat' dir='ltr'><strong>etiam</strong></span> 
     </span>
     <span class='ocr_line' id='line_1_44' title="bbox 575 4799 2262 4889; baseline 0.001 -22"><span class='ocrx_word' id='word_1_366' title='bbox 575 4799 855 4868; x_wconf 82' lang='lat' dir='ltr'><strong>Platonis</strong></span> <span class='ocrx_word' id='word_1_367' title='bbox 882 4799 1293 4865; x_wconf 85' lang='lat' dir='ltr'><strong>Definitiones</strong></span> <span class='ocrx_word' id='word_1_368' title='bbox 1335 4825 1397 4889; x_wconf 88' lang='lat' dir='ltr'>p.</span> <span class='ocrx_word' id='word_1_369' title='bbox 1430 4823 1577 4882; x_wconf 88' lang='lat'><strong>414.</strong></span> <span class='ocrx_word' id='word_1_370' title='bbox 1613 4825 1674 4888; x_wconf 89' lang='lat' dir='ltr'><strong>p.</strong></span> <span class='ocrx_word' id='word_1_371' title='bbox 1701 4822 1851 4888; x_wconf 84' lang='lat'><strong>570.</strong></span> <span class='ocrx_word' id='word_1_372' title='bbox 1880 4802 2025 4866; x_wconf 86' lang='lat' dir='ltr'><strong>infr.</strong></span> <span class='ocrx_word' id='word_1_373' title='bbox 2059 4804 2262 4868; x_wconf 86' lang='lat' dir='ltr'><strong>Bekk.</strong></span> 
     </span>
     <span class='ocr_line' id='line_1_45' title="bbox 573 4903 2261 4994; baseline 0.001 -24"><span class='ocrx_word' id='word_1_374' title='bbox 573 4903 900 4971; x_wconf 78' lang='lat' dir='ltr'>Maximus</span> <span class='ocrx_word' id='word_1_375' title='bbox 955 4904 1110 4992; x_wconf 86' lang='lat' dir='ltr'><strong>Tyr.</strong></span> <span class='ocrx_word' id='word_1_376' title='bbox 1174 4904 1440 4969; x_wconf 88' lang='lat' dir='ltr'><strong>Dissert.</strong></span> <span class='ocrx_word' id='word_1_377' title='bbox 1503 4907 1679 4970; x_wconf 93' lang='lat' dir='ltr'><strong>XII.</strong></span> <span class='ocrx_word' id='word_1_378' title='bbox 1724 4926 1786 4987; x_wconf 89' lang='lat'><strong>4.</strong></span> <span class='ocrx_word' id='word_1_379' title='bbox 1847 4928 1914 4993; x_wconf 97' lang='lat' dir='ltr'><strong>p.</strong></span> <span class='ocrx_word' id='word_1_380' title='bbox 1962 4909 2108 4972; x_wconf 88' lang='lat'><strong>216.</strong></span> <span class='ocrx_word' id='word_1_381' title='bbox 2167 4931 2261 4994; x_wconf 91' lang='lat' dir='ltr'>sq.</span> 
     </span>
     <span class='ocr_line' id='line_1_46' title="bbox 574 5006 2267 5091; baseline 0 -18"><span class='ocrx_word' id='word_1_382' title='bbox 574 5008 821 5074; x_wconf 84' lang='lat' dir='ltr'><strong>Reisk.:</strong></span> <span class='ocrx_word' id='word_1_383' title='bbox 871 5006 1121 5088; x_wconf 84' lang='grc' dir='ltr'>Μήποτε</span> <span class='ocrx_word' id='word_1_384' title='bbox 1169 5008 1277 5072; x_wconf 78' lang='grc' dir='ltr'>οὖν</span> <span class='ocrx_word' id='word_1_385' title='bbox 1323 5009 1598 5089; x_wconf 76' lang='grc' dir='ltr'>αἴσθησις</span> <span class='ocrx_word' id='word_1_386' title='bbox 1641 5011 1753 5088; x_wconf 75' lang='grc' dir='ltr'>μὲν</span> <span class='ocrx_word' id='word_1_387' title='bbox 1802 5010 1896 5073; x_wconf 82' lang='grc' dir='ltr'>καὶ</span> <span class='ocrx_word' id='word_1_388' title='bbox 1940 5015 2116 5091; x_wconf 90' lang='grc' dir='ltr'>πεῖρα</span> <span class='ocrx_word' id='word_1_389' title='bbox 2160 5010 2267 5073; x_wconf 77' lang='grc' dir='ltr'>οὐκ</span> 
     </span>
     <span class='ocr_line' id='line_1_47' title="bbox 568 5108 2263 5194; baseline -0.002 -16"><span class='ocrx_word' id='word_1_390' title='bbox 568 5112 960 5194; x_wconf 72' lang='grc' dir='ltr'>ἀνθρώπινον,</span> <span class='ocrx_word' id='word_1_391' title='bbox 990 5108 1174 5193; x_wconf 87' lang='grc' dir='ltr'>λόγος</span> <span class='ocrx_word' id='word_1_392' title='bbox 1202 5112 1266 5174; x_wconf 77' lang='grc' dir='ltr'>δὲ</span> <span class='ocrx_word' id='word_1_393' title='bbox 1297 5111 1606 5192; x_wconf 77' lang='grc' dir='ltr'>ἀνθρώπου</span> <span class='ocrx_word' id='word_1_394' title='bbox 1632 5113 1800 5174; x_wconf 79' lang='grc' dir='ltr'>ἴδιον·</span> <span class='ocrx_word' id='word_1_395' title='bbox 1850 5111 1945 5174; x_wconf 86' lang='grc' dir='ltr'>καὶ</span> <span class='ocrx_word' id='word_1_396' title='bbox 1972 5111 2143 5175; x_wconf 75' lang='grc' dir='ltr'>οὐδὲν</span> <span class='ocrx_word' id='word_1_397' title='bbox 2175 5114 2263 5191; x_wconf 78' lang='grc' dir='ltr'>εἴη</span> 
     </span>
     <span class='ocr_line' id='line_1_48' title="bbox 568 5210 2264 5302; baseline -0.002 -21"><span class='ocrx_word' id='word_1_398' title='bbox 568 5217 725 5281; x_wconf 74' lang='grc' dir='ltr'>ἄλλο</span> <span class='ocrx_word' id='word_1_399' title='bbox 761 5214 986 5298; x_wconf 84' lang='lat' dir='ltr'>(Recte</span> <span class='ocrx_word' id='word_1_400' title='bbox 1029 5212 1106 5277; x_wconf 78' lang='grc' dir='ltr'>ἂν</span> <span class='ocrx_word' id='word_1_401' title='bbox 1146 5212 1455 5300; x_wconf 88' lang='lat' dir='ltr'><strong>interponi</strong></span> <span class='ocrx_word' id='word_1_402' title='bbox 1492 5211 1680 5300; x_wconf 88' lang='lat' dir='ltr'><strong>jubet</strong></span> <span class='ocrx_word' id='word_1_403' title='bbox 1713 5210 2074 5277; x_wconf 82' lang='lat' dir='ltr'><strong>Markland.</strong></span> <span class='ocrx_word' id='word_1_404' title='bbox 2121 5229 2264 5302; x_wconf 91' lang='lat' dir='ltr'><strong>post</strong></span> 
     </span>
     <span class='ocr_line' id='line_1_49' title="bbox 568 5314 2255 5403; baseline -0.001 -20"><span class='ocrx_word' id='word_1_405' title='bbox 568 5316 762 5383; x_wconf 73' lang='grc' dir='ltr'>οὐδέν.</span> <span class='ocrx_word' id='word_1_406' title='bbox 811 5314 971 5379; x_wconf 83' lang='lat' dir='ltr'>Vide</span> <span class='ocrx_word' id='word_1_407' title='bbox 998 5314 1186 5380; x_wconf 87' lang='lat' dir='ltr'><strong>modo</strong></span> <span class='ocrx_word' id='word_1_408' title='bbox 1216 5315 1452 5379; x_wconf 89' lang='lat' dir='ltr'><strong>Matth.</strong></span> <span class='ocrx_word' id='word_1_409' title='bbox 1479 5316 1596 5379; x_wconf 89' lang='lat' dir='ltr'>Gr.</span> <span class='ocrx_word' id='word_1_410' title='bbox 1626 5337 1721 5401; x_wconf 86' lang='lat' dir='ltr'>gr.</span> <span class='ocrx_word' id='word_1_411' title='bbox 1757 5318 1816 5399; x_wconf 64' lang='grc' dir='ltr'>ξ.</span> <span class='ocrx_word' id='word_1_412' title='bbox 1837 5332 1988 5400; x_wconf 86' lang='lat'><strong>514.</strong></span> <span class='ocrx_word' id='word_1_413' title='bbox 2018 5338 2081 5403; x_wconf 94' lang='lat' dir='ltr'><strong>p.</strong></span> <span class='ocrx_word' id='word_1_414' title='bbox 2108 5319 2255 5401; x_wconf 89' lang='lat'><strong>976.</strong></span> 
     </span>
     <span class='ocr_line' id='line_1_50' title="bbox 566 5416 2263 5508; baseline 0.001 -25"><span class='ocrx_word' id='word_1_415' title='bbox 566 5424 687 5508; x_wconf 84' lang='lat' dir='ltr'><strong>sq.)</strong></span> <span class='ocrx_word' id='word_1_416' title='bbox 715 5418 1004 5498; x_wconf 81' lang='grc' dir='ltr'>ἐπιστήμη</span> <span class='ocrx_word' id='word_1_417' title='bbox 1027 5418 1188 5497; x_wconf 79' lang='grc' dir='ltr'>πλὴν</span> <span class='ocrx_word' id='word_1_418' title='bbox 1209 5420 1535 5499; x_wconf 81' lang='grc' dir='ltr'>βεβαιότης</span> <span class='ocrx_word' id='word_1_419' title='bbox 1562 5416 1751 5500; x_wconf 88' lang='grc' dir='ltr'>λόγου</span> <span class='ocrx_word' id='word_1_420' title='bbox 1778 5416 2087 5487; x_wconf 86' lang='grc' dir='ltr'>ὁδεύοντος</span> <span class='ocrx_word' id='word_1_421' title='bbox 2116 5423 2263 5485; x_wconf 74' lang='grc' dir='ltr'>κατὰ</span> 
     </span>
     <span class='ocr_line' id='line_1_51' title="bbox 567 5519 2257 5609; baseline 0 -22"><span class='ocrx_word' id='word_1_422' title='bbox 567 5527 642 5589; x_wconf 75' lang='grc' dir='ltr'>τὰ</span> <span class='ocrx_word' id='word_1_423' title='bbox 669 5524 820 5589; x_wconf 74' lang='grc' dir='ltr'>αὐτὰ</span> <span class='ocrx_word' id='word_1_424' title='bbox 849 5550 903 5586; x_wconf 90' lang='grc' dir='ltr'>κ.</span> <span class='ocrx_word' id='word_1_425' title='bbox 920 5547 971 5585; x_wconf 91' lang='grc' dir='ltr'>τ.</span> <span class='ocrx_word' id='word_1_426' title='bbox 997 5529 1060 5586; x_wconf 87' lang='grc' dir='ltr'>λ.</span> <span class='ocrx_word' id='word_1_427' title='bbox 1149 5519 1334 5599; x_wconf 80' lang='lat' dir='ltr'><strong>Quod</strong></span> <span class='ocrx_word' id='word_1_428' title='bbox 1366 5519 1789 5586; x_wconf 86' lang='lat' dir='ltr'><strong>Marklandus</strong></span> <span class='ocrx_word' id='word_1_429' title='bbox 1820 5544 1938 5609; x_wconf 90' lang='lat' dir='ltr'>pro</span> <span class='ocrx_word' id='word_1_430' title='bbox 1966 5523 2257 5605; x_wconf 69' lang='grc' dir='ltr'>ἀνθρώπι-</span> 
     </span>
    </p>
   </div>
   <div class='ocr_carea' id='block_1_6' title="bbox 2347 789 4089 5613">
    <p class='ocr_par' dir='ltr' id='par_1_6' title="bbox 2378 789 4089 1291">
     <span class='ocr_line' id='line_1_52' title="bbox 2385 789 4089 874; baseline 0.003 -23"><span class='ocrx_word' id='word_1_431' title='bbox 2385 802 2500 864; x_wconf 90' lang='lat' dir='ltr'><strong>est,</strong></span> <span class='ocrx_word' id='word_1_432' title='bbox 2531 810 2738 874; x_wconf 89' lang='lat' dir='ltr'><strong>neque</strong></span> <span class='ocrx_word' id='word_1_433' title='bbox 2767 802 2972 852; x_wconf 89' lang='lat' dir='ltr'><strong>tamen</strong></span> <span class='ocrx_word' id='word_1_434' title='bbox 3005 810 3281 853; x_wconf 86' lang='lat' dir='ltr'><strong>necesse:</strong></span> <span class='ocrx_word' id='word_1_435' title='bbox 3329 803 3496 853; x_wconf 91' lang='lat' dir='ltr'><strong>certe</strong></span> <span class='ocrx_word' id='word_1_436' title='bbox 3540 789 3671 854; x_wconf 86' lang='lat' dir='ltr'><strong>sine</strong></span> <span class='ocrx_word' id='word_1_437' title='bbox 3719 790 3894 855; x_wconf 90' lang='lat' dir='ltr'><strong>libris</strong></span> <span class='ocrx_word' id='word_1_438' title='bbox 3936 792 4089 856; x_wconf 87' lang='lat' dir='ltr'>nihil</span> 
     </span>
     <span class='ocr_line' id='line_1_53' title="bbox 2384 890 4084 980; baseline 0.004 -27"><span class='ocrx_word' id='word_1_439' title='bbox 2384 890 2777 969; x_wconf 80' lang='lat' dir='ltr'><strong>mutaverim,</strong></span> <span class='ocrx_word' id='word_1_440' title='bbox 2827 905 2891 955; x_wconf 92' lang='lat' dir='ltr'><strong>et</strong></span> <span class='ocrx_word' id='word_1_441' title='bbox 2937 892 3276 972; x_wconf 75' lang='grc' dir='ltr'>ἀνθρώπινα</span> <span class='ocrx_word' id='word_1_442' title='bbox 3320 890 3640 972; x_wconf 89' lang='lat' dir='ltr'><strong>dicuntur,</strong></span> <span class='ocrx_word' id='word_1_443' title='bbox 3689 916 3837 980; x_wconf 84' lang='lat' dir='ltr'>quae</span> <span class='ocrx_word' id='word_1_444' title='bbox 3885 893 4084 960; x_wconf 88' lang='lat' dir='ltr'><strong>homi-</strong></span> 
     </span>
     <span class='ocr_line' id='line_1_54' title="bbox 2379 994 4081 1083; baseline 0.004 -25"><span class='ocrx_word' id='word_1_445' title='bbox 2379 1015 2530 1058; x_wconf 90' lang='lat' dir='ltr'>num</span> <span class='ocrx_word' id='word_1_446' title='bbox 2580 994 2835 1083; x_wconf 90' lang='lat' dir='ltr'><strong>propria</strong></span> <span class='ocrx_word' id='word_1_447' title='bbox 2879 1008 3050 1074; x_wconf 88' lang='lat' dir='ltr'><strong>sunt,</strong></span> <span class='ocrx_word' id='word_1_448' title='bbox 3081 1018 3224 1059; x_wconf 90' lang='lat' dir='ltr'>cum</span> <span class='ocrx_word' id='word_1_449' title='bbox 3269 1009 3556 1083; x_wconf 87' lang='lat' dir='ltr'><strong>respectu</strong></span> <span class='ocrx_word' id='word_1_450' title='bbox 3588 996 3805 1062; x_wconf 88' lang='lat' dir='ltr'><strong>habito</strong></span> <span class='ocrx_word' id='word_1_451' title='bbox 3846 998 4081 1064; x_wconf 88' lang='lat' dir='ltr'><strong>anima-</strong></span> 
     </span>
     <span class='ocr_line' id='line_1_55' title="bbox 2378 1095 4084 1187; baseline 0.005 -28"><span class='ocrx_word' id='word_1_452' title='bbox 2378 1095 2554 1175; x_wconf 90' lang='lat' dir='ltr'><strong>lium,</strong></span> <span class='ocrx_word' id='word_1_453' title='bbox 2587 1113 2660 1163; x_wconf 91' lang='lat' dir='ltr'><strong>ut</strong></span> <span class='ocrx_word' id='word_1_454' title='bbox 2691 1098 2749 1161; x_wconf 94' lang='lat' dir='ltr'>h.</span> <span class='ocrx_word' id='word_1_455' title='bbox 2780 1097 2846 1175; x_wconf 91' lang='grc'>1.,</span> <span class='ocrx_word' id='word_1_456' title='bbox 2876 1114 3010 1162; x_wconf 91' lang='lat' dir='ltr'><strong>tum</strong></span> <span class='ocrx_word' id='word_1_457' title='bbox 3058 1097 3356 1176; x_wconf 63' lang='lat' dir='ltr'><strong>deorum,</strong></span> <span class='ocrx_word' id='word_1_458' title='bbox 3375 1113 3447 1163; x_wconf 92' lang='lat' dir='ltr'><strong>ut</strong></span> <span class='ocrx_word' id='word_1_459' title='bbox 3488 1121 3593 1187; x_wconf 90' lang='lat' dir='ltr'>ap.</span> <span class='ocrx_word' id='word_1_460' title='bbox 3628 1100 3955 1166; x_wconf 90' lang='lat' dir='ltr'><strong>Iamblich.</strong></span> <span class='ocrx_word' id='word_1_461' title='bbox 4004 1102 4084 1167; x_wconf 91' lang='lat' dir='ltr'><strong>de</strong></span> 
     </span>
     <span class='ocr_line' id='line_1_56' title="bbox 2382 1199 3837 1291; baseline 0.003 -28"><span class='ocrx_word' id='word_1_462' title='bbox 2382 1199 2695 1288; x_wconf 86' lang='lat' dir='ltr'><strong>Symbolis</strong></span> <span class='ocrx_word' id='word_1_463' title='bbox 2728 1200 3047 1288; x_wconf 83' lang='lat' dir='ltr'><strong>Pythagg.</strong></span> <span class='ocrx_word' id='word_1_464' title='bbox 3070 1201 3144 1264; x_wconf 91' lang='lat' dir='ltr'><strong>V.</strong></span> <span class='ocrx_word' id='word_1_465' title='bbox 3177 1222 3241 1287; x_wconf 89' lang='lat' dir='ltr'>p.</span> <span class='ocrx_word' id='word_1_466' title='bbox 3269 1221 3422 1286; x_wconf 83' lang='lat'><strong>330.</strong></span> <span class='ocrx_word' id='word_1_467' title='bbox 3460 1202 3837 1291; x_wconf 86' lang='lat' dir='ltr'><strong>Kiesslingii.</strong></span> 
     </span>
    </p>

    <p class='ocr_par' dir='ltr' id='par_1_7' title="bbox 2372 1302 4076 2112">
     <span class='ocr_line' id='line_1_57' title="bbox 2462 1302 4076 1397; baseline 0.006 -32"><span class='ocrx_word' id='word_1_468' title='bbox 2462 1327 2523 1390; x_wconf 90' lang='lat' dir='ltr'>p.</span> <span class='ocrx_word' id='word_1_469' title='bbox 2566 1305 2751 1390; x_wconf 86' lang='lat'><strong>1036,</strong></span> <span class='ocrx_word' id='word_1_470' title='bbox 2785 1306 2846 1367; x_wconf 95' lang='lat'>6.</span> <span class='ocrx_word' id='word_1_471' title='bbox 2894 1307 2971 1368; x_wconf 82' lang='grc' dir='ltr'>Εἰ</span> <span class='ocrx_word' id='word_1_472' title='bbox 3013 1305 3119 1368; x_wconf 80' lang='grc' dir='ltr'>οῦν</span> <span class='ocrx_word' id='word_1_473' title='bbox 3157 1305 3195 1384; x_wconf 87' lang='grc' dir='ltr'>ἡ</span> <span class='ocrx_word' id='word_1_474' title='bbox 3246 1302 3452 1384; x_wconf 89' lang='grc' dir='ltr'>νόησις</span> <span class='ocrx_word' id='word_1_475' title='bbox 3499 1306 3566 1371; x_wconf 73' lang='grc' dir='ltr'>ἓν</span> <span class='ocrx_word' id='word_1_476' title='bbox 3610 1309 3848 1397; x_wconf 68' lang='grc' dir='ltr'>ὅντως]</span> <span class='ocrx_word' id='word_1_477' title='bbox 3897 1309 4076 1374; x_wconf 87' lang='lat' dir='ltr'><strong>Edit.</strong></span> 
     </span>
     <span class='ocr_line' id='line_1_58' title="bbox 2381 1403 4076 1498; baseline 0.005 -29"><span class='ocrx_word' id='word_1_478' title='bbox 2381 1403 2643 1482; x_wconf 91' lang='grc' dir='ltr'>ἐνόντος,</span> <span class='ocrx_word' id='word_1_479' title='bbox 2691 1405 2866 1493; x_wconf 89' lang='lat' dir='ltr'><strong>quod</strong></span> <span class='ocrx_word' id='word_1_480' title='bbox 2913 1407 3216 1494; x_wconf 80' lang='lat' dir='ltr'><strong>expressit</strong></span> <span class='ocrx_word' id='word_1_481' title='bbox 3268 1406 3470 1473; x_wconf 91' lang='lat' dir='ltr'><strong>Ficin.</strong></span> <span class='ocrx_word' id='word_1_482' title='bbox 3568 1411 3715 1498; x_wconf 87' lang='lat' dir='ltr'>Ego</span> <span class='ocrx_word' id='word_1_483' title='bbox 3752 1410 4076 1477; x_wconf 88' lang='lat' dir='ltr'><strong>lectionem</strong></span> 
     </span>
     <span class='ocr_line' id='line_1_59' title="bbox 2380 1509 4076 1597; baseline 0.005 -25"><span class='ocrx_word' id='word_1_484' title='bbox 2380 1509 2676 1596; x_wconf 84' lang='lat' dir='ltr'><strong>marginis</strong></span> <span class='ocrx_word' id='word_1_485' title='bbox 2720 1509 2943 1597; x_wconf 85' lang='lat' dir='ltr'><strong>recepi,</strong></span> <span class='ocrx_word' id='word_1_486' title='bbox 2972 1510 3156 1597; x_wconf 89' lang='lat' dir='ltr'><strong>cujus</strong></span> <span class='ocrx_word' id='word_1_487' title='bbox 3199 1509 3530 1597; x_wconf 86' lang='lat' dir='ltr'><strong>vestigium</strong></span> <span class='ocrx_word' id='word_1_488' title='bbox 3575 1511 3642 1576; x_wconf 91' lang='lat' dir='ltr'><strong>in</strong></span> <span class='ocrx_word' id='word_1_489' title='bbox 3672 1514 3835 1578; x_wconf 92' lang='lat' dir='ltr'><strong>Cod.</strong></span> <span class='ocrx_word' id='word_1_490' title='bbox 3868 1516 4076 1583; x_wconf 88' lang='lat' dir='ltr'><strong>Marc.</strong></span> 
     </span>
     <span class='ocr_line' id='line_1_60' title="bbox 2378 1613 4074 1703; baseline 0.001 -28"><span class='ocrx_word' id='word_1_491' title='bbox 2378 1614 2462 1675; x_wconf 93' lang='lat' dir='ltr'>A.</span> <span class='ocrx_word' id='word_1_492' title='bbox 2495 1628 2827 1700; x_wconf 88' lang='lat' dir='ltr'><strong>comparet.</strong></span> <span class='ocrx_word' id='word_1_493' title='bbox 2920 1614 3181 1677; x_wconf 87' lang='lat' dir='ltr'><strong>Mecum</strong></span> <span class='ocrx_word' id='word_1_494' title='bbox 3213 1613 3365 1677; x_wconf 82' lang='lat' dir='ltr'><strong>facit</strong></span> <span class='ocrx_word' id='word_1_495' title='bbox 3392 1613 3650 1703; x_wconf 86' lang='lat' dir='ltr'><strong>Taylor,</strong></span> <span class='ocrx_word' id='word_1_496' title='bbox 3684 1615 3796 1703; x_wconf 92' lang='lat' dir='ltr'><strong>qui</strong></span> <span class='ocrx_word' id='word_1_497' title='bbox 3826 1616 3913 1682; x_wconf 92' lang='lat' dir='ltr'>ita</span> <span class='ocrx_word' id='word_1_498' title='bbox 3940 1640 4074 1682; x_wconf 85' lang='lat' dir='ltr'><strong>ver.</strong></span> 
     </span>
     <span class='ocr_line' id='line_1_61' title="bbox 2375 1714 4075 1807; baseline 0.003 -28"><span class='ocrx_word' id='word_1_499' title='bbox 2375 1715 2486 1780; x_wconf 88' lang='lat' dir='ltr'><strong>tit:</strong></span> <span class='ocrx_word' id='word_1_500' title='bbox 2538 1725 2581 1756; x_wconf 89' lang='lat'><strong>“</strong></span> <span class='ocrx_word' id='word_1_501' title='bbox 2609 1719 2691 1794; x_wconf 86' lang='lat' dir='ltr'>If,</span> <span class='ocrx_word' id='word_1_502' title='bbox 2720 1716 3051 1795; x_wconf 86' lang='lat' dir='ltr'><strong>therefore,</strong></span> <span class='ocrx_word' id='word_1_503' title='bbox 3083 1714 3475 1804; x_wconf 87' lang='lat' dir='ltr'><strong>intelligence</strong></span> <span class='ocrx_word' id='word_1_504' title='bbox 3502 1717 3555 1782; x_wconf 89' lang='lat' dir='ltr'>is</span> <span class='ocrx_word' id='word_1_505' title='bbox 3582 1718 3754 1807; x_wconf 85' lang='lat' dir='ltr'><strong>truly</strong></span> <span class='ocrx_word' id='word_1_506' title='bbox 3776 1742 3917 1801; x_wconf 92' lang='lat' dir='ltr'><strong>one,</strong></span> <span class='ocrx_word' id='word_1_507' title='bbox 3939 1720 4075 1785; x_wconf 88' lang='lat' dir='ltr'><strong>that</strong></span> 
     </span>
     <span class='ocr_line' id='line_1_62' title="bbox 2372 1818 4071 1909; baseline 0.004 -28"><span class='ocrx_word' id='word_1_508' title='bbox 2372 1818 2532 1882; x_wconf 90' lang='lat' dir='ltr'><strong>from</strong></span> <span class='ocrx_word' id='word_1_509' title='bbox 2567 1818 2764 1883; x_wconf 85' lang='lat' dir='ltr'>which</span> <span class='ocrx_word' id='word_1_510' title='bbox 2806 1818 2859 1883; x_wconf 92' lang='lat' dir='ltr'>is</span> <span class='ocrx_word' id='word_1_511' title='bbox 2904 1819 3012 1884; x_wconf 92' lang='lat' dir='ltr'><strong>the</strong></span> <span class='ocrx_word' id='word_1_512' title='bbox 3067 1819 3273 1907; x_wconf 83' lang='lat' dir='ltr'><strong>object</strong></span> <span class='ocrx_word' id='word_1_513' title='bbox 3316 1820 3391 1883; x_wconf 89' lang='lat' dir='ltr'>of</span> <span class='ocrx_word' id='word_1_514' title='bbox 3424 1819 3505 1884; x_wconf 91' lang='lat' dir='ltr'>its</span> <span class='ocrx_word' id='word_1_515' title='bbox 3547 1822 3903 1909; x_wconf 89' lang='lat' dir='ltr'><strong>perception</strong></span> <span class='ocrx_word' id='word_1_516' title='bbox 3949 1824 4071 1887; x_wconf 90' lang='lat' dir='ltr'><strong>and</strong></span> 
     </span>
     <span class='ocr_line' id='line_1_63' title="bbox 2372 1920 4071 1991; baseline 0.004 -8"><span class='ocrx_word' id='word_1_517' title='bbox 2372 1920 2510 1986; x_wconf 89' lang='lat' dir='ltr'><strong>idea</strong></span> <span class='ocrx_word' id='word_1_518' title='bbox 2553 1921 2728 1987; x_wconf 87' lang='lat' dir='ltr'><strong>itself</strong></span> <span class='ocrx_word' id='word_1_519' title='bbox 2762 1945 2866 1986; x_wconf 89' lang='lat' dir='ltr'><strong>are</strong></span> <span class='ocrx_word' id='word_1_520' title='bbox 2910 1923 3090 1986; x_wconf 58' lang='lat' dir='ltr'>one?q</span> <span class='ocrx_word' id='word_1_521' title='bbox 3181 1924 3341 1985; x_wconf 92' lang='lat' dir='ltr'>Mox</span> <span class='ocrx_word' id='word_1_522' title='bbox 3372 1944 3450 1986; x_wconf 86' lang='lat' dir='ltr'>ex</span> <span class='ocrx_word' id='word_1_523' title='bbox 3485 1924 3825 1989; x_wconf 88' lang='lat' dir='ltr'><strong>Marcianis</strong></span> <span class='ocrx_word' id='word_1_524' title='bbox 3864 1926 4071 1991; x_wconf 92' lang='lat' dir='ltr'><strong>Codd.</strong></span> 
     </span>
     <span class='ocr_line' id='line_1_64' title="bbox 2374 2024 3476 2112; baseline 0.004 -25"><span class='ocrx_word' id='word_1_525' title='bbox 2374 2047 2490 2111; x_wconf 90' lang='lat' dir='ltr'>pro</span> <span class='ocrx_word' id='word_1_526' title='bbox 2519 2027 2676 2092; x_wconf 85' lang='grc' dir='ltr'>ὅλως</span> <span class='ocrx_word' id='word_1_527' title='bbox 2700 2027 2812 2105; x_wconf 78' lang='grc' dir='ltr'>μὲν</span> <span class='ocrx_word' id='word_1_528' title='bbox 2841 2028 2874 2089; x_wconf 87' lang='grc' dir='ltr'>ὁ</span> <span class='ocrx_word' id='word_1_529' title='bbox 2908 2031 3042 2093; x_wconf 87' lang='grc' dir='ltr'>νοῦς</span> <span class='ocrx_word' id='word_1_530' title='bbox 3071 2024 3285 2112; x_wconf 87' lang='lat' dir='ltr'><strong>scripsi</strong></span> <span class='ocrx_word' id='word_1_531' title='bbox 3315 2027 3476 2093; x_wconf 83' lang='grc' dir='ltr'>ὅλος.</span> 
     </span>
    </p>

    <p class='ocr_par' dir='ltr' id='par_1_8' title="bbox 2365 2126 4068 3143">
     <span class='ocr_line' id='line_1_65' title="bbox 2462 2126 4058 2216; baseline 0.004 -26"><span class='ocrx_word' id='word_1_532' title='bbox 2462 2150 2524 2212; x_wconf 90' lang='lat' dir='ltr'>p.</span> <span class='ocrx_word' id='word_1_533' title='bbox 2554 2148 2743 2214; x_wconf 86' lang='lat'><strong>1037,</strong></span> <span class='ocrx_word' id='word_1_534' title='bbox 2765 2149 2827 2213; x_wconf 87' lang='lat'>5.</span> <span class='ocrx_word' id='word_1_535' title='bbox 2860 2129 2932 2192; x_wconf 79' lang='grc' dir='ltr'>ἵν’</span> <span class='ocrx_word' id='word_1_536' title='bbox 2967 2128 3035 2192; x_wconf 74' lang='grc' dir='ltr'>ἓν</span> <span class='ocrx_word' id='word_1_537' title='bbox 3059 2131 3205 2192; x_wconf 87' lang='grc' dir='ltr'>ὄντα</span> <span class='ocrx_word' id='word_1_538' title='bbox 3232 2126 3339 2191; x_wconf 85' lang='grc' dir='ltr'>τὸν</span> <span class='ocrx_word' id='word_1_539' title='bbox 3369 2132 3511 2192; x_wconf 90' lang='grc' dir='ltr'>νοῦν</span> <span class='ocrx_word' id='word_1_540' title='bbox 3538 2128 3635 2211; x_wconf 84' lang='grc' dir='ltr'>ἐφ’</span> <span class='ocrx_word' id='word_1_541' title='bbox 3668 2131 3896 2198; x_wconf 80' lang='grc' dir='ltr'>ἑαυτοῖς</span> <span class='ocrx_word' id='word_1_542' title='bbox 3924 2132 4058 2216; x_wconf 78' lang='grc' dir='ltr'>ἔχῃ]</span> 
     </span>
     <span class='ocr_line' id='line_1_66' title="bbox 2376 2229 4068 2318; baseline 0.002 -25"><span class='ocrx_word' id='word_1_543' title='bbox 2376 2231 2477 2293; x_wconf 88' lang='lat' dir='ltr'><strong>Ita</strong></span> <span class='ocrx_word' id='word_1_544' title='bbox 2511 2230 2722 2317; x_wconf 84' lang='lat' dir='ltr'><strong>scripsi</strong></span> <span class='ocrx_word' id='word_1_545' title='bbox 2747 2253 2891 2293; x_wconf 90' lang='lat' dir='ltr'>cum</span> <span class='ocrx_word' id='word_1_546' title='bbox 2922 2229 3095 2294; x_wconf 88' lang='lat' dir='ltr'><strong>libris</strong></span> <span class='ocrx_word' id='word_1_547' title='bbox 3123 2229 3408 2318; x_wconf 89' lang='lat' dir='ltr'><strong>plurimis</strong></span> <span class='ocrx_word' id='word_1_548' title='bbox 3435 2253 3550 2317; x_wconf 90' lang='lat' dir='ltr'>pro</span> <span class='ocrx_word' id='word_1_549' title='bbox 3578 2232 3763 2315; x_wconf 79' lang='grc' dir='ltr'>ἔχειν.</span> <span class='ocrx_word' id='word_1_550' title='bbox 3811 2231 4068 2297; x_wconf 88' lang='lat' dir='ltr'><strong>Ficinus</strong></span> 
     </span>
     <span class='ocr_line' id='line_1_67' title="bbox 2373 2330 4061 2420; baseline 0.002 -25"><span class='ocrx_word' id='word_1_551' title='bbox 2373 2332 2677 2419; x_wconf 85' lang='lat' dir='ltr'><strong>expressit</strong></span> <span class='ocrx_word' id='word_1_552' title='bbox 2727 2348 3027 2418; x_wconf 85' lang='lat' dir='ltr'><strong>praeterea</strong></span> <span class='ocrx_word' id='word_1_553' title='bbox 3074 2330 3290 2396; x_wconf 89' lang='grc' dir='ltr'>ἐνόντα</span> <span class='ocrx_word' id='word_1_554' title='bbox 3334 2354 3452 2420; x_wconf 90' lang='lat' dir='ltr'>pro</span> <span class='ocrx_word' id='word_1_555' title='bbox 3496 2333 3564 2397; x_wconf 77' lang='grc' dir='ltr'>ἓν</span> <span class='ocrx_word' id='word_1_556' title='bbox 3603 2336 3767 2407; x_wconf 84' lang='grc' dir='ltr'>ὄντα,</span> <span class='ocrx_word' id='word_1_557' title='bbox 3799 2349 3863 2397; x_wconf 88' lang='lat' dir='ltr'><strong>et</strong></span> <span class='ocrx_word' id='word_1_558' title='bbox 3907 2334 4061 2399; x_wconf 87' lang='lat' dir='ltr'><strong>illud</strong></span> 
     </span>
     <span class='ocr_line' id='line_1_68' title="bbox 2374 2434 4062 2524; baseline 0.003 -29"><span class='ocrx_word' id='word_1_559' title='bbox 2374 2458 2591 2500; x_wconf 88' lang='lat' dir='ltr'><strong>verum</strong></span> <span class='ocrx_word' id='word_1_560' title='bbox 2621 2435 2891 2500; x_wconf 86' lang='lat' dir='ltr'><strong>videtur.</strong></span> <span class='ocrx_word' id='word_1_561' title='bbox 2960 2436 3106 2498; x_wconf 88' lang='lat' dir='ltr'><strong>Sine</strong></span> <span class='ocrx_word' id='word_1_562' title='bbox 3135 2434 3308 2500; x_wconf 87' lang='lat' dir='ltr'><strong>libris</strong></span> <span class='ocrx_word' id='word_1_563' title='bbox 3336 2451 3541 2501; x_wconf 88' lang='lat' dir='ltr'><strong>tamen</strong></span> <span class='ocrx_word' id='word_1_564' title='bbox 3572 2436 3844 2524; x_wconf 90' lang='lat' dir='ltr'><strong>recipere</strong></span> <span class='ocrx_word' id='word_1_565' title='bbox 3873 2437 4062 2502; x_wconf 89' lang='lat' dir='ltr'><strong>nolui.</strong></span> 
     </span>
     <span class='ocr_line' id='line_1_69' title="bbox 2370 2538 4061 2605; baseline 0.001 -2"><span class='ocrx_word' id='word_1_566' title='bbox 2370 2540 2532 2603; x_wconf 88' lang='lat' dir='ltr'>Mox</span> <span class='ocrx_word' id='word_1_567' title='bbox 2562 2561 2638 2603; x_wconf 92' lang='lat' dir='ltr'>ex</span> <span class='ocrx_word' id='word_1_568' title='bbox 2667 2539 2958 2603; x_wconf 90' lang='lat' dir='ltr'><strong>omnibus</strong></span> <span class='ocrx_word' id='word_1_569' title='bbox 3005 2538 3176 2602; x_wconf 88' lang='lat' dir='ltr'><strong>libris</strong></span> <span class='ocrx_word' id='word_1_570' title='bbox 3216 2555 3280 2604; x_wconf 90' lang='lat' dir='ltr'><strong>et</strong></span> <span class='ocrx_word' id='word_1_571' title='bbox 3321 2563 3357 2604; x_wconf 96' lang='lat' dir='ltr'><strong>e</strong></span> <span class='ocrx_word' id='word_1_572' title='bbox 3403 2539 3603 2604; x_wconf 88' lang='lat' dir='ltr'><strong>Ficini</strong></span> <span class='ocrx_word' id='word_1_573' title='bbox 3641 2539 3920 2604; x_wconf 86' lang='lat' dir='ltr'><strong>versione</strong></span> <span class='ocrx_word' id='word_1_574' title='bbox 3964 2564 4061 2605; x_wconf 89' lang='lat' dir='ltr'><strong>re·</strong></span> 
     </span>
     <span class='ocr_line' id='line_1_70' title="bbox 2365 2641 4062 2730; baseline 0.002 -24"><span class='ocrx_word' id='word_1_575' title='bbox 2365 2642 2499 2730; x_wconf 92' lang='lat' dir='ltr'><strong>cepi</strong></span> <span class='ocrx_word' id='word_1_576' title='bbox 2544 2642 2758 2720; x_wconf 84' lang='lat' dir='ltr'><strong>verba,</strong></span> <span class='ocrx_word' id='word_1_577' title='bbox 2804 2666 2950 2730; x_wconf 84' lang='lat' dir='ltr'>quae</span> <span class='ocrx_word' id='word_1_578' title='bbox 2997 2642 3358 2708; x_wconf 86' lang='lat' dir='ltr'><strong>exciderant</strong></span> <span class='ocrx_word' id='word_1_579' title='bbox 3400 2666 3477 2707; x_wconf 88' lang='lat' dir='ltr'>ex</span> <span class='ocrx_word' id='word_1_580' title='bbox 3527 2641 3701 2707; x_wconf 90' lang='lat' dir='ltr'><strong>Edit.</strong></span> <span class='ocrx_word' id='word_1_581' title='bbox 3737 2670 3752 2707; x_wconf 73' lang='grc' dir='ltr'><strong><em>ε</em></strong></span> <span class='ocrx_word' id='word_1_582' title='bbox 3804 2646 3913 2724; x_wconf 89' lang='grc' dir='ltr'>μία</span> <span class='ocrx_word' id='word_1_583' title='bbox 3956 2646 4062 2709; x_wconf 80' lang='grc' dir='ltr'>οὖν</span> 
     </span>
     <span class='ocr_line' id='line_1_71' title="bbox 2366 2745 4064 2834; baseline 0.001 -25"><span class='ocrx_word' id='word_1_584' title='bbox 2366 2747 2592 2828; x_wconf 80' lang='grc' dir='ltr'>ἀμφοῖν</span> <span class='ocrx_word' id='word_1_585' title='bbox 2622 2745 2915 2829; x_wconf 83' lang='grc' dir='ltr'>ἐνέργεια.</span> <span class='ocrx_word' id='word_1_586' title='bbox 2965 2748 3261 2811; x_wconf 87' lang='lat' dir='ltr'><strong>Ceterum</strong></span> <span class='ocrx_word' id='word_1_587' title='bbox 3295 2746 3393 2810; x_wconf 91' lang='lat' dir='ltr'><strong>hic</strong></span> <span class='ocrx_word' id='word_1_588' title='bbox 3421 2747 3627 2810; x_wconf 85' lang='lat' dir='ltr'><strong>exitus</strong></span> <span class='ocrx_word' id='word_1_589' title='bbox 3653 2746 3874 2834; x_wconf 86' lang='lat' dir='ltr'><strong>capitis</strong></span> <span class='ocrx_word' id='word_1_590' title='bbox 3898 2770 4064 2811; x_wconf 91' lang='lat' dir='ltr'><strong>com-</strong></span> 
     </span>
     <span class='ocr_line' id='line_1_72' title="bbox 2365 2846 4061 2937; baseline 0.001 -27"><span class='ocrx_word' id='word_1_591' title='bbox 2365 2846 2570 2932; x_wconf 88' lang='lat' dir='ltr'><strong>parari</strong></span> <span class='ocrx_word' id='word_1_592' title='bbox 2602 2846 2792 2912; x_wconf 88' lang='lat' dir='ltr'><strong>debet</strong></span> <span class='ocrx_word' id='word_1_593' title='bbox 2820 2871 2963 2912; x_wconf 89' lang='lat' dir='ltr'>cum</span> <span class='ocrx_word' id='word_1_594' title='bbox 2996 2848 3092 2927; x_wconf 82' lang='lat' dir='ltr'><strong>iis,</strong></span> <span class='ocrx_word' id='word_1_595' title='bbox 3114 2871 3261 2935; x_wconf 85' lang='lat' dir='ltr'>quae</span> <span class='ocrx_word' id='word_1_596' title='bbox 3295 2871 3487 2937; x_wconf 88' lang='lat' dir='ltr'><strong>supra</strong></span> <span class='ocrx_word' id='word_1_597' title='bbox 3513 2848 3811 2936; x_wconf 88' lang='lat' dir='ltr'><strong>leguntur</strong></span> <span class='ocrx_word' id='word_1_598' title='bbox 3832 2873 3894 2937; x_wconf 93' lang='lat' dir='ltr'>p.</span> <span class='ocrx_word' id='word_1_599' title='bbox 3913 2849 4061 2935; x_wconf 84' lang='lat'><strong>485.</strong></span> 
     </span>
     <span class='ocr_line' id='line_1_73' title="bbox 2366 2950 4065 3040; baseline 0.002 -26"><span class='ocrx_word' id='word_1_600' title='bbox 2366 2951 2541 3014; x_wconf 90' lang='lat' dir='ltr'><strong>E.F.</strong></span> <span class='ocrx_word' id='word_1_601' title='bbox 2566 2965 2629 3015; x_wconf 90' lang='lat' dir='ltr'><strong>et</strong></span> <span class='ocrx_word' id='word_1_602' title='bbox 2657 2950 2744 3015; x_wconf 89' lang='lat' dir='ltr'>ibi</span> <span class='ocrx_word' id='word_1_603' title='bbox 2773 2967 3071 3016; x_wconf 88' lang='lat' dir='ltr'><strong>annotata</strong></span> <span class='ocrx_word' id='word_1_604' title='bbox 3099 2967 3268 3030; x_wconf 89' lang='lat' dir='ltr'><strong>sunt,</strong></span> <span class='ocrx_word' id='word_1_605' title='bbox 3290 2951 3566 3039; x_wconf 89' lang='lat' dir='ltr'><strong>itemque</strong></span> <span class='ocrx_word' id='word_1_606' title='bbox 3593 2975 3738 3039; x_wconf 83' lang='lat' dir='ltr'>quoe</span> <span class='ocrx_word' id='word_1_607' title='bbox 3766 2952 4065 3040; x_wconf 87' lang='lat' dir='ltr'><strong>leguntur</strong></span> 
     </span>
     <span class='ocr_line' id='line_1_74' title="bbox 2366 3053 3290 3143; baseline 0.004 -26"><span class='ocrx_word' id='word_1_608' title='bbox 2366 3053 2531 3119; x_wconf 87' lang='lat' dir='ltr'><strong>infra</strong></span> <span class='ocrx_word' id='word_1_609' title='bbox 2559 3057 2678 3119; x_wconf 92' lang='lat' dir='ltr'>VI.</span> <span class='ocrx_word' id='word_1_610' title='bbox 2715 3074 2773 3119; x_wconf 72' lang='grc' dir='ltr'>α.</span> <span class='ocrx_word' id='word_1_611' title='bbox 2809 3057 2870 3119; x_wconf 91' lang='grc'>8.</span> <span class='ocrx_word' id='word_1_612' title='bbox 2915 3080 2981 3143; x_wconf 94' lang='lat' dir='ltr'>p.</span> <span class='ocrx_word' id='word_1_613' title='bbox 3015 3059 3162 3122; x_wconf 85' lang='lat'><strong>602.</strong></span> <span class='ocrx_word' id='word_1_614' title='bbox 3199 3080 3290 3143; x_wconf 91' lang='lat' dir='ltr'>sq.</span> 
     </span>
    </p>

    <p class='ocr_par' dir='ltr' id='par_1_9' title="bbox 2360 3160 4060 3451">
     <span class='ocr_line' id='line_1_75' title="bbox 2450 3160 4060 3249; baseline 0.002 -29"><span class='ocrx_word' id='word_1_615' title='bbox 2450 3195 2538 3206; x_wconf 94' lang='lat'>—</span> <span class='ocrx_word' id='word_1_616' title='bbox 2567 3176 2665 3223; x_wconf 88' lang='lat'>12.</span> <span class='ocrx_word' id='word_1_617' title='bbox 2702 3160 3221 3242; x_wconf 81' lang='grc' dir='ltr'>δεῖ-προφέρειν,</span> <span class='ocrx_word' id='word_1_618' title='bbox 3255 3162 3845 3249; x_wconf 78' lang='grc' dir='ltr'>οῖον-ἐπιθεωρεῖν]</span> <span class='ocrx_word' id='word_1_619' title='bbox 3894 3160 4060 3225; x_wconf 86' lang='lat' dir='ltr'><strong>Fici-</strong></span> 
     </span>
     <span class='ocr_line' id='line_1_76' title="bbox 2365 3262 4059 3352; baseline 0.002 -27"><span class='ocrx_word' id='word_1_620' title='bbox 2365 3283 2485 3326; x_wconf 89' lang='lat' dir='ltr'>nus</span> <span class='ocrx_word' id='word_1_621' title='bbox 2527 3278 2591 3327; x_wconf 92' lang='lat' dir='ltr'><strong>et</strong></span> <span class='ocrx_word' id='word_1_622' title='bbox 2624 3262 2865 3350; x_wconf 89' lang='lat' dir='ltr'><strong>Taylor</strong></span> <span class='ocrx_word' id='word_1_623' title='bbox 2892 3278 3330 3352; x_wconf 89' lang='lat' dir='ltr'><strong>expresserunt</strong></span> <span class='ocrx_word' id='word_1_624' title='bbox 3376 3264 3471 3328; x_wconf 87' lang='grc' dir='ltr'>καὶ</span> <span class='ocrx_word' id='word_1_625' title='bbox 3513 3265 3678 3338; x_wconf 67' lang='grc' dir='ltr'>οἴους</span> <span class='ocrx_word' id='word_1_626' title='bbox 3725 3286 3916 3352; x_wconf 89' lang='lat' dir='ltr'><strong>quam</strong></span> <span class='ocrx_word' id='word_1_627' title='bbox 3957 3287 4059 3329; x_wconf 88' lang='lat' dir='ltr'>co-</span> 
     </span>
     <span class='ocr_line' id='line_1_77' title="bbox 2360 3363 3830 3451; baseline 0.001 -23"><span class='ocrx_word' id='word_1_628' title='bbox 2360 3363 2574 3451; x_wconf 88' lang='lat' dir='ltr'><strong>pulam</strong></span> <span class='ocrx_word' id='word_1_629' title='bbox 2607 3365 3005 3444; x_wconf 88' lang='lat' dir='ltr'><strong>addidissem,</strong></span> <span class='ocrx_word' id='word_1_630' title='bbox 3038 3367 3087 3430; x_wconf 87' lang='lat' dir='ltr'>si</span> <span class='ocrx_word' id='word_1_631' title='bbox 3118 3390 3283 3431; x_wconf 91' lang='lat' dir='ltr'><strong>unus</strong></span> <span class='ocrx_word' id='word_1_632' title='bbox 3313 3367 3468 3431; x_wconf 89' lang='lat' dir='ltr'><strong>liber</strong></span> <span class='ocrx_word' id='word_1_633' title='bbox 3495 3365 3830 3431; x_wconf 87' lang='lat' dir='ltr'><strong>addiceret.</strong></span> 
     </span>
    </p>

    <p class='ocr_par' dir='ltr' id='par_1_10' title="bbox 2360 3468 4059 4070">
     <span class='ocr_line' id='line_1_78' title="bbox 2447 3468 4056 3556; baseline 0.002 -26"><span class='ocrx_word' id='word_1_634' title='bbox 2447 3491 2512 3555; x_wconf 92' lang='lat' dir='ltr'>p.</span> <span class='ocrx_word' id='word_1_635' title='bbox 2543 3469 2734 3553; x_wconf 82' lang='lat'><strong>1038,</strong></span> <span class='ocrx_word' id='word_1_636' title='bbox 2770 3487 2827 3534; x_wconf 87' lang='lat'>2.</span> <span class='ocrx_word' id='word_1_637' title='bbox 2878 3468 2949 3532; x_wconf 81' lang='grc' dir='ltr'>ὃν</span> <span class='ocrx_word' id='word_1_638' title='bbox 2987 3471 3175 3551; x_wconf 82' lang='grc' dir='ltr'>φησὶν</span> <span class='ocrx_word' id='word_1_639' title='bbox 3214 3472 3247 3533; x_wconf 87' lang='grc' dir='ltr'>ὁ</span> <span class='ocrx_word' id='word_1_640' title='bbox 3278 3469 3568 3556; x_wconf 92' lang='grc' dir='ltr'>Πλάτων]</span> <span class='ocrx_word' id='word_1_641' title='bbox 3625 3470 3807 3534; x_wconf 91' lang='lat' dir='ltr'><strong>Plato</strong></span> <span class='ocrx_word' id='word_1_642' title='bbox 3843 3469 3907 3533; x_wconf 88' lang='lat' dir='ltr'><strong>in</strong></span> <span class='ocrx_word' id='word_1_643' title='bbox 3941 3470 4056 3533; x_wconf 87' lang='lat' dir='ltr'>Ti-</span> 
     </span>
     <span class='ocr_line' id='line_1_79' title="bbox 2360 3569 4059 3659; baseline 0.002 -26"><span class='ocrx_word' id='word_1_644' title='bbox 2360 3592 2520 3633; x_wconf 86' lang='lat' dir='ltr'>maeo</span> <span class='ocrx_word' id='word_1_645' title='bbox 2547 3593 2613 3658; x_wconf 91' lang='lat' dir='ltr'>p.</span> <span class='ocrx_word' id='word_1_646' title='bbox 2636 3590 2745 3655; x_wconf 83' lang='lat'>39.</span> <span class='ocrx_word' id='word_1_647' title='bbox 2780 3570 2897 3634; x_wconf 93' lang='lat' dir='ltr'>sub</span> <span class='ocrx_word' id='word_1_648' title='bbox 2925 3570 3031 3635; x_wconf 88' lang='lat' dir='ltr'><strong>fin.</strong></span> <span class='ocrx_word' id='word_1_649' title='bbox 3080 3595 3147 3659; x_wconf 95' lang='lat' dir='ltr'>p.</span> <span class='ocrx_word' id='word_1_650' title='bbox 3176 3590 3281 3653; x_wconf 92' lang='lat'>40.</span> <span class='ocrx_word' id='word_1_651' title='bbox 3319 3569 3560 3635; x_wconf 89' lang='lat' dir='ltr'><strong>Bekk.:</strong></span> <span class='ocrx_word' id='word_1_652' title='bbox 3607 3570 3756 3653; x_wconf 82' lang='grc' dir='ltr'>ᾗπερ</span> <span class='ocrx_word' id='word_1_653' title='bbox 3787 3572 3893 3635; x_wconf 82' lang='grc' dir='ltr'>οῦν</span> <span class='ocrx_word' id='word_1_654' title='bbox 3925 3576 4059 3639; x_wconf 92' lang='grc' dir='ltr'>νοῦς</span> 
     </span>
     <span class='ocr_line' id='line_1_80' title="bbox 2363 3672 4058 3760; baseline 0.001 -23"><span class='ocrx_word' id='word_1_655' title='bbox 2363 3672 2614 3741; x_wconf 83' lang='grc' dir='ltr'>ἐνούσας</span> <span class='ocrx_word' id='word_1_656' title='bbox 2658 3673 2817 3742; x_wconf 76' lang='grc' dir='ltr'>ἰδέας</span> <span class='ocrx_word' id='word_1_657' title='bbox 2861 3679 2940 3760; x_wconf 73' lang='grc' dir='ltr'>τῷ</span> <span class='ocrx_word' id='word_1_658' title='bbox 2990 3673 3023 3737; x_wconf 79' lang='grc' dir='ltr'>ὃ</span> <span class='ocrx_word' id='word_1_659' title='bbox 3071 3675 3201 3738; x_wconf 83' lang='grc' dir='ltr'>ἔστι</span> <span class='ocrx_word' id='word_1_660' title='bbox 3244 3680 3410 3750; x_wconf 77' lang='grc' dir='ltr'>ζῶον,</span> <span class='ocrx_word' id='word_1_661' title='bbox 3455 3674 3581 3737; x_wconf 76' lang='grc' dir='ltr'>οἶαί</span> <span class='ocrx_word' id='word_1_662' title='bbox 3619 3698 3686 3737; x_wconf 92' lang='grc' dir='ltr'>τε</span> <span class='ocrx_word' id='word_1_663' title='bbox 3731 3673 3918 3736; x_wconf 80' lang='grc' dir='ltr'>ἔνεισι</span> <span class='ocrx_word' id='word_1_664' title='bbox 3963 3674 4058 3738; x_wconf 86' lang='grc' dir='ltr'>καὶ</span> 
     </span>
     <span class='ocr_line' id='line_1_81' title="bbox 2361 3774 4058 3860; baseline 0.001 -22"><span class='ocrx_word' id='word_1_665' title='bbox 2361 3777 2520 3851; x_wconf 88' lang='grc' dir='ltr'>ὅσαι,</span> <span class='ocrx_word' id='word_1_666' title='bbox 2566 3781 2786 3860; x_wconf 77' lang='grc' dir='ltr'>καθορᾷ</span> <span class='ocrx_word' id='word_1_667' title='bbox 2830 3774 3103 3843; x_wconf 84' lang='grc' dir='ltr'>τοιαύτας</span> <span class='ocrx_word' id='word_1_668' title='bbox 3146 3776 3242 3840; x_wconf 81' lang='grc' dir='ltr'>καὶ</span> <span class='ocrx_word' id='word_1_669' title='bbox 3283 3774 3576 3843; x_wconf 87' lang='grc' dir='ltr'>τοσαύτας</span> <span class='ocrx_word' id='word_1_670' title='bbox 3621 3775 3890 3854; x_wconf 80' lang='grc' dir='ltr'>διενοήθη</span> <span class='ocrx_word' id='word_1_671' title='bbox 3933 3780 4058 3840; x_wconf 85' lang='grc' dir='ltr'>δεῖν</span> 
     </span>
     <span class='ocr_line' id='line_1_82' title="bbox 2364 3876 4053 3965; baseline -0.001 -23"><span class='ocrx_word' id='word_1_672' title='bbox 2364 3880 2459 3942; x_wconf 86' lang='grc' dir='ltr'>καὶ</span> <span class='ocrx_word' id='word_1_673' title='bbox 2487 3876 2623 3942; x_wconf 87' lang='grc' dir='ltr'>τόδε</span> <span class='ocrx_word' id='word_1_674' title='bbox 2654 3885 2849 3961; x_wconf 89' lang='grc' dir='ltr'>σχεῖν.</span> <span class='ocrx_word' id='word_1_675' title='bbox 2944 3879 3188 3942; x_wconf 90' lang='lat' dir='ltr'><strong>Locum</strong></span> <span class='ocrx_word' id='word_1_676' title='bbox 3220 3877 3549 3965; x_wconf 85' lang='lat' dir='ltr'><strong>aliquoties</strong></span> <span class='ocrx_word' id='word_1_677' title='bbox 3577 3878 3826 3965; x_wconf 87' lang='lat' dir='ltr'><strong>respicit</strong></span> <span class='ocrx_word' id='word_1_678' title='bbox 3859 3878 4053 3943; x_wconf 89' lang='lat' dir='ltr'><strong>Ploti-</strong></span> 
     </span>
     <span class='ocr_line' id='line_1_83' title="bbox 2362 3979 4009 4070; baseline 0.002 -26"><span class='ocrx_word' id='word_1_679' title='bbox 2362 4002 2502 4044; x_wconf 90' lang='lat' dir='ltr'><strong>nus.</strong></span> <span class='ocrx_word' id='word_1_680' title='bbox 2592 3979 2734 4044; x_wconf 84' lang='lat' dir='ltr'><strong>vid.</strong></span> <span class='ocrx_word' id='word_1_681' title='bbox 2766 4004 2828 4068; x_wconf 97' lang='lat' dir='ltr'>p.</span> <span class='ocrx_word' id='word_1_682' title='bbox 2858 3999 3004 4067; x_wconf 81' lang='lat'><strong>203.</strong></span> <span class='ocrx_word' id='word_1_683' title='bbox 3035 3998 3195 4046; x_wconf 87' lang='lat' dir='ltr'><strong>extr.</strong></span> <span class='ocrx_word' id='word_1_684' title='bbox 3232 4000 3375 4062; x_wconf 83' lang='lat'><strong>204.</strong></span> <span class='ocrx_word' id='word_1_685' title='bbox 3409 3981 3543 4047; x_wconf 89' lang='lat' dir='ltr'><strong>init.</strong></span> <span class='ocrx_word' id='word_1_686' title='bbox 3576 3998 3640 4047; x_wconf 92' lang='lat' dir='ltr'><strong>et</strong></span> <span class='ocrx_word' id='word_1_687' title='bbox 3669 4006 3728 4070; x_wconf 92' lang='lat' dir='ltr'>p.</span> <span class='ocrx_word' id='word_1_688' title='bbox 3750 3985 3899 4067; x_wconf 84' lang='lat'><strong>356.</strong></span> <span class='ocrx_word' id='word_1_689' title='bbox 3923 3985 4009 4048; x_wconf 91' lang='lat' dir='ltr'>A.</span> 
     </span>
    </p>

    <p class='ocr_par' dir='ltr' id='par_1_11' title="bbox 2347 4082 4054 5512">
     <span class='ocr_line' id='line_1_84' title="bbox 2444 4082 4050 4172; baseline 0.001 -25"><span class='ocrx_word' id='word_1_690' title='bbox 2444 4120 2530 4132; x_wconf 86' lang='lat'>--</span> <span class='ocrx_word' id='word_1_691' title='bbox 2557 4105 2652 4169; x_wconf 85' lang='grc'>13.</span> <span class='ocrx_word' id='word_1_692' title='bbox 2694 4084 2732 4164; x_wconf 87' lang='grc' dir='ltr'>ἡ</span> <span class='ocrx_word' id='word_1_693' title='bbox 2763 4087 2828 4148; x_wconf 79' lang='grc' dir='ltr'>δὲ</span> <span class='ocrx_word' id='word_1_694' title='bbox 2858 4087 2923 4148; x_wconf 88' lang='grc' dir='ltr'>ἐκ</span> <span class='ocrx_word' id='word_1_695' title='bbox 2951 4083 3131 4168; x_wconf 86' lang='grc' dir='ltr'>τύχης</span> <span class='ocrx_word' id='word_1_696' title='bbox 3156 4082 3311 4165; x_wconf 90' lang='grc' dir='ltr'>λύμη</span> <span class='ocrx_word' id='word_1_697' title='bbox 3341 4090 3447 4150; x_wconf 91' lang='grc' dir='ltr'>τοῦ</span> <span class='ocrx_word' id='word_1_698' title='bbox 3475 4088 3710 4172; x_wconf 80' lang='grc' dir='ltr'>εἴδους.]</span> <span class='ocrx_word' id='word_1_699' title='bbox 3763 4086 4050 4151; x_wconf 84' lang='lat' dir='ltr'><strong>Ficinum</strong></span> 
     </span>
     <span class='ocr_line' id='line_1_85' title="bbox 2359 4185 4051 4277; baseline 0.001 -27"><span class='ocrx_word' id='word_1_700' title='bbox 2359 4185 2644 4273; x_wconf 88' lang='lat' dir='ltr'><strong>sequitur</strong></span> <span class='ocrx_word' id='word_1_701' title='bbox 2668 4187 2911 4275; x_wconf 87' lang='lat' dir='ltr'><strong>Taylor</strong></span> <span class='ocrx_word' id='word_1_702' title='bbox 2935 4203 3213 4253; x_wconf 87' lang='lat' dir='ltr'><strong>vertens:</strong></span> <span class='ocrx_word' id='word_1_703' title='bbox 3253 4196 3296 4227; x_wconf 90' lang='lat'><strong>“</strong></span> <span class='ocrx_word' id='word_1_704' title='bbox 3323 4189 3454 4254; x_wconf 90' lang='lat' dir='ltr'><strong>But</strong></span> <span class='ocrx_word' id='word_1_705' title='bbox 3484 4188 3592 4254; x_wconf 90' lang='lat' dir='ltr'><strong>the</strong></span> <span class='ocrx_word' id='word_1_706' title='bbox 3619 4189 3830 4277; x_wconf 89' lang='lat' dir='ltr'><strong>injury</strong></span> <span class='ocrx_word' id='word_1_707' title='bbox 3857 4190 4051 4253; x_wconf 86' lang='lat' dir='ltr'><strong>which</strong></span> 
     </span>
     <span class='ocr_line' id='line_1_86' title="bbox 2357 4289 4052 4370; baseline 0.002 -17"><span class='ocrx_word' id='word_1_708' title='bbox 2357 4289 2462 4354; x_wconf 88' lang='lat' dir='ltr'><strong>the</strong></span> <span class='ocrx_word' id='word_1_709' title='bbox 2488 4290 2650 4354; x_wconf 90' lang='lat' dir='ltr'><strong>form</strong></span> <span class='ocrx_word' id='word_1_710' title='bbox 2683 4289 2969 4370; x_wconf 82' lang='lat' dir='ltr'><strong>sustainS,</strong></span> <span class='ocrx_word' id='word_1_711' title='bbox 2994 4291 3045 4354; x_wconf 90' lang='lat' dir='ltr'>is</span> <span class='ocrx_word' id='word_1_712' title='bbox 3073 4315 3111 4355; x_wconf 92' lang='lat' dir='ltr'><strong>a</strong></span> <span class='ocrx_word' id='word_1_713' title='bbox 3131 4291 3338 4356; x_wconf 90' lang='lat' dir='ltr'><strong>casual</strong></span> <span class='ocrx_word' id='word_1_714' title='bbox 3360 4291 3866 4358; x_wconf 82' lang='lat' dir='ltr'><strong>circumstance.”</strong></span> <span class='ocrx_word' id='word_1_715' title='bbox 3911 4295 4052 4356; x_wconf 86' lang='lat' dir='ltr'>Ma-</span> 
     </span>
     <span class='ocr_line' id='line_1_87' title="bbox 2355 4392 4054 4481; baseline 0.002 -25"><span class='ocrx_word' id='word_1_716' title='bbox 2355 4392 2418 4458; x_wconf 95' lang='lat' dir='ltr'>lo</span> <span class='ocrx_word' id='word_1_717' title='bbox 2459 4417 2763 4481; x_wconf 83' lang='lat' dir='ltr'><strong>quaerere,</strong></span> <span class='ocrx_word' id='word_1_718' title='bbox 2799 4418 2988 4481; x_wconf 87' lang='lat' dir='ltr'><strong>quam</strong></span> <span class='ocrx_word' id='word_1_719' title='bbox 3036 4395 3388 4475; x_wconf 89' lang='lat' dir='ltr'><strong>decernere,</strong></span> <span class='ocrx_word' id='word_1_720' title='bbox 3432 4419 3512 4460; x_wconf 84' lang='lat' dir='ltr'>an</span> <span class='ocrx_word' id='word_1_721' title='bbox 3556 4396 3691 4461; x_wconf 86' lang='lat' dir='ltr'>haec</span> <span class='ocrx_word' id='word_1_722' title='bbox 3735 4398 3925 4461; x_wconf 83' lang='lat' dir='ltr'><strong>verba</strong></span> <span class='ocrx_word' id='word_1_723' title='bbox 3967 4398 4054 4460; x_wconf 89' lang='lat' dir='ltr'>ita</span> 
     </span>
     <span class='ocr_line' id='line_1_88' title="bbox 2355 4497 4049 4586; baseline 0.001 -26"><span class='ocrx_word' id='word_1_724' title='bbox 2355 4497 2711 4585; x_wconf 86' lang='lat' dir='ltr'><strong>interpungi</strong></span> <span class='ocrx_word' id='word_1_725' title='bbox 2742 4513 2805 4562; x_wconf 91' lang='lat' dir='ltr'><strong>et</strong></span> <span class='ocrx_word' id='word_1_726' title='bbox 2834 4498 3126 4584; x_wconf 87' lang='lat' dir='ltr'><strong>explicari</strong></span> <span class='ocrx_word' id='word_1_727' title='bbox 3158 4499 3429 4586; x_wconf 87' lang='lat' dir='ltr'><strong>possint:</strong></span> <span class='ocrx_word' id='word_1_728' title='bbox 3473 4501 3511 4580; x_wconf 84' lang='grc' dir='ltr'>ἡ</span> <span class='ocrx_word' id='word_1_729' title='bbox 3540 4502 3606 4564; x_wconf 79' lang='grc' dir='ltr'>δὲ</span> <span class='ocrx_word' id='word_1_730' title='bbox 3636 4502 3702 4564; x_wconf 86' lang='grc' dir='ltr'>ἐκ</span> <span class='ocrx_word' id='word_1_731' title='bbox 3730 4498 3908 4584; x_wconf 83' lang='grc' dir='ltr'>τύχης</span> <span class='ocrx_word' id='word_1_732' title='bbox 3940 4504 4049 4581; x_wconf 85' lang='lat' dir='ltr'><strong>(se.</strong></span> 
     </span>
     <span class='ocr_line' id='line_1_89' title="bbox 2355 4599 4051 4690; baseline 0.002 -26"><span class='ocrx_word' id='word_1_733' title='bbox 2355 4602 2583 4683; x_wconf 90' lang='grc' dir='ltr'>χωλεία</span> <span class='ocrx_word' id='word_1_734' title='bbox 2628 4602 2786 4678; x_wconf 81' lang='grc' dir='ltr'>ἐστὶ)</span> <span class='ocrx_word' id='word_1_735' title='bbox 2816 4599 2973 4680; x_wconf 87' lang='grc' dir='ltr'>λύμη</span> <span class='ocrx_word' id='word_1_736' title='bbox 3019 4604 3237 4668; x_wconf 74' lang='grc' dir='ltr'>εἷδουςε</span> <span class='ocrx_word' id='word_1_737' title='bbox 3287 4601 3678 4666; x_wconf 88' lang='lat' dir='ltr'><strong>Claudicatio</strong></span> <span class='ocrx_word' id='word_1_738' title='bbox 3708 4625 3877 4681; x_wconf 88' lang='lat' dir='ltr'><strong>ver0,</strong></span> <span class='ocrx_word' id='word_1_739' title='bbox 3906 4627 4051 4690; x_wconf 82' lang='lat' dir='ltr'>quae</span> 
     </span>
     <span class='ocr_line' id='line_1_90' title="bbox 2353 4702 4048 4782; baseline 0.001 -15"><span class='ocrx_word' id='word_1_740' title='bbox 2353 4703 2610 4767; x_wconf 88' lang='lat' dir='ltr'><strong>fortuna</strong></span> <span class='ocrx_word' id='word_1_741' title='bbox 2639 4702 2767 4767; x_wconf 88' lang='lat' dir='ltr'><strong>sive</strong></span> <span class='ocrx_word' id='word_1_742' title='bbox 2795 4725 2940 4767; x_wconf 85' lang='lat' dir='ltr'><strong>casu</strong></span> <span class='ocrx_word' id='word_1_743' title='bbox 2971 4705 3065 4782; x_wconf 84' lang='lat' dir='ltr'>fit,</span> <span class='ocrx_word' id='word_1_744' title='bbox 3093 4719 3187 4767; x_wconf 89' lang='lat' dir='ltr'>est</span> <span class='ocrx_word' id='word_1_745' title='bbox 3227 4726 3393 4768; x_wconf 88' lang='lat' dir='ltr'><strong>noxa</strong></span> <span class='ocrx_word' id='word_1_746' title='bbox 3421 4703 3661 4769; x_wconf 84' lang='lat' dir='ltr'><strong>formae.</strong></span> <span class='ocrx_word' id='word_1_747' title='bbox 3756 4706 4048 4769; x_wconf 88' lang='lat' dir='ltr'><strong>Proxime</strong></span> 
     </span>
     <span class='ocr_line' id='line_1_91' title="bbox 2352 4804 4046 4893; baseline 0.003 -26"><span class='ocrx_word' id='word_1_748' title='bbox 2352 4827 2428 4867; x_wconf 88' lang='lat' dir='ltr'>ex</span> <span class='ocrx_word' id='word_1_749' title='bbox 2463 4804 2671 4869; x_wconf 89' lang='lat' dir='ltr'><strong>Codd.</strong></span> <span class='ocrx_word' id='word_1_750' title='bbox 2715 4806 2844 4868; x_wconf 88' lang='lat' dir='ltr'><strong>fere</strong></span> <span class='ocrx_word' id='word_1_751' title='bbox 2886 4805 3176 4869; x_wconf 88' lang='lat' dir='ltr'><strong>omnibus</strong></span> <span class='ocrx_word' id='word_1_752' title='bbox 3216 4805 3421 4893; x_wconf 88' lang='lat' dir='ltr'><strong>recepi</strong></span> <span class='ocrx_word' id='word_1_753' title='bbox 3463 4806 3683 4888; x_wconf 83' lang='grc' dir='ltr'>μεγέθη</span> <span class='ocrx_word' id='word_1_754' title='bbox 3722 4829 3838 4893; x_wconf 87' lang='lat' dir='ltr'>pro</span> <span class='ocrx_word' id='word_1_755' title='bbox 3877 4809 4046 4890; x_wconf 85' lang='grc' dir='ltr'>γενέ-</span> 
     </span>
     <span class='ocr_line' id='line_1_92' title="bbox 2353 4907 4044 4992; baseline 0.002 -22"><span class='ocrx_word' id='word_1_756' title='bbox 2353 4934 2480 4975; x_wconf 88' lang='grc' dir='ltr'>σεις</span> <span class='ocrx_word' id='word_1_757' title='bbox 2522 4907 2903 4992; x_wconf 84' lang='lat' dir='ltr'><strong>suffragante</strong></span> <span class='ocrx_word' id='word_1_758' title='bbox 2951 4908 3134 4972; x_wconf 87' lang='lat' dir='ltr'><strong>etiam</strong></span> <span class='ocrx_word' id='word_1_759' title='bbox 3170 4908 3411 4985; x_wconf 90' lang='lat' dir='ltr'><strong>Ficin0,</strong></span> <span class='ocrx_word' id='word_1_760' title='bbox 3441 4909 3731 4973; x_wconf 87' lang='lat' dir='ltr'><strong>nimirum</strong></span> <span class='ocrx_word' id='word_1_761' title='bbox 3781 4910 3842 4973; x_wconf 89' lang='lat' dir='ltr'><strong>in</strong></span> <span class='ocrx_word' id='word_1_762' title='bbox 3893 4912 4044 4974; x_wconf 88' lang='lat' dir='ltr'><strong>edit.</strong></span> 
     </span>
     <span class='ocr_line' id='line_1_93' title="bbox 2353 5010 4041 5102; baseline 0.002 -27"><span class='ocrx_word' id='word_1_763' title='bbox 2353 5010 2540 5075; x_wconf 90' lang='lat' dir='ltr'><strong>Basil.</strong></span> <span class='ocrx_word' id='word_1_764' title='bbox 2635 5013 2799 5074; x_wconf 89' lang='lat' dir='ltr'>Nam</span> <span class='ocrx_word' id='word_1_765' title='bbox 2830 5011 2892 5075; x_wconf 92' lang='lat' dir='ltr'><strong>in</strong></span> <span class='ocrx_word' id='word_1_766' title='bbox 2925 5011 3022 5075; x_wconf 92' lang='lat' dir='ltr'>ed.</span> <span class='ocrx_word' id='word_1_767' title='bbox 3055 5012 3251 5100; x_wconf 89' lang='lat' dir='ltr'><strong>princ.</strong></span> <span class='ocrx_word' id='word_1_768' title='bbox 3289 5011 3651 5076; x_wconf 88' lang='lat' dir='ltr'><strong>Florentina</strong></span> <span class='ocrx_word' id='word_1_769' title='bbox 3677 5012 3907 5099; x_wconf 84' lang='lat' dir='ltr'><strong>legitur</strong></span> <span class='ocrx_word' id='word_1_770' title='bbox 3925 5038 4041 5102; x_wconf 80' lang='lat' dir='ltr'>ge-</span> 
     </span>
     <span class='ocr_line' id='line_1_94' title="bbox 2348 5115 4044 5203; baseline 0.002 -26"><span class='ocrx_word' id='word_1_771' title='bbox 2348 5115 2708 5179; x_wconf 72' lang='lat' dir='ltr'><strong>neratione-s·</strong></span> <span class='ocrx_word' id='word_1_772' title='bbox 2736 5136 2853 5201; x_wconf 91' lang='lat' dir='ltr'>pro</span> <span class='ocrx_word' id='word_1_773' title='bbox 2880 5116 3379 5203; x_wconf 72' lang='lat' dir='ltr'><strong>magnitudines.</strong></span> <span class='ocrx_word' id='word_1_774' title='bbox 3430 5117 3507 5179; x_wconf 96' lang='lat' dir='ltr'>In</span> <span class='ocrx_word' id='word_1_775' title='bbox 3542 5129 3807 5202; x_wconf 87' lang='lat' dir='ltr'><strong>utraque</strong></span> <span class='ocrx_word' id='word_1_776' title='bbox 3835 5134 4044 5180; x_wconf 85' lang='lat' dir='ltr'><strong>autern</strong></span> 
     </span>
     <span class='ocr_line' id='line_1_95' title="bbox 2348 5216 4046 5308; baseline 0.002 -26"><span class='ocrx_word' id='word_1_777' title='bbox 2348 5232 2491 5304; x_wconf 89' lang='lat' dir='ltr'><strong>post</strong></span> <span class='ocrx_word' id='word_1_778' title='bbox 2520 5218 2774 5282; x_wconf 72' lang='lat' dir='ltr'><strong>habitus</strong></span> <span class='ocrx_word' id='word_1_779' title='bbox 2801 5216 3057 5281; x_wconf 88' lang='lat' dir='ltr'><strong>additur</strong></span> <span class='ocrx_word' id='word_1_780' title='bbox 3073 5219 3420 5305; x_wconf 70' lang='lat' dir='ltr'><strong>prcffectus,</strong></span> <span class='ocrx_word' id='word_1_781' title='bbox 3443 5233 3513 5282; x_wconf 90' lang='lat' dir='ltr'><strong>ut</strong></span> <span class='ocrx_word' id='word_1_782' title='bbox 3534 5217 3763 5282; x_wconf 88' lang='lat' dir='ltr'><strong>dixeris</strong></span> <span class='ocrx_word' id='word_1_783' title='bbox 3790 5219 4046 5308; x_wconf 89' lang='lat' dir='ltr'><strong>insuper</strong></span> 
     </span>
     <span class='ocr_line' id='line_1_96' title="bbox 2347 5319 4041 5410; baseline 0.004 -28"><span class='ocrx_word' id='word_1_784' title='bbox 2347 5319 2572 5407; x_wconf 85' lang='lat' dir='ltr'><strong>legisse</strong></span> <span class='ocrx_word' id='word_1_785' title='bbox 2609 5341 2751 5383; x_wconf 89' lang='lat' dir='ltr'>eum</span> <span class='ocrx_word' id='word_1_786' title='bbox 2787 5322 2882 5384; x_wconf 87' lang='grc' dir='ltr'>καὶ</span> <span class='ocrx_word' id='word_1_787' title='bbox 2909 5324 3220 5402; x_wconf 87' lang='grc' dir='ltr'>προκοπαί.</span> <span class='ocrx_word' id='word_1_788' title='bbox 3314 5322 3478 5410; x_wconf 91' lang='lat' dir='ltr'><strong>Ejus</strong></span> <span class='ocrx_word' id='word_1_789' title='bbox 3521 5336 3725 5385; x_wconf 87' lang='lat' dir='ltr'><strong>tamen</strong></span> <span class='ocrx_word' id='word_1_790' title='bbox 3771 5322 3935 5386; x_wconf 86' lang='lat' dir='ltr'><strong>vocis</strong></span> <span class='ocrx_word' id='word_1_791' title='bbox 3979 5325 4041 5388; x_wconf 89' lang='lat' dir='ltr'><strong>in</strong></span> 
     </span>
     <span class='ocr_line' id='line_1_97' title="bbox 2348 5421 3442 5512; baseline -0.002 -24"><span class='ocrx_word' id='word_1_792' title='bbox 2348 5423 2551 5488; x_wconf 92' lang='lat' dir='ltr'><strong>Codd.</strong></span> <span class='ocrx_word' id='word_1_793' title='bbox 2586 5421 2828 5487; x_wconf 89' lang='lat' dir='ltr'><strong>nullum</strong></span> <span class='ocrx_word' id='word_1_794' title='bbox 2858 5435 3062 5489; x_wconf 83' lang='lat' dir='ltr'><strong>exstat</strong></span> <span class='ocrx_word' id='word_1_795' title='bbox 3091 5424 3442 5512; x_wconf 86' lang='lat' dir='ltr'><strong>vestigium.</strong></span> 
     </span>
    </p>

    <p class='ocr_par' dir='ltr' id='par_1_12' title="bbox 2432 5525 4045 5613">
     <span class='ocr_line' id='line_1_98' title="bbox 2432 5525 4045 5613; baseline 0.003 -23"><span class='ocrx_word' id='word_1_796' title='bbox 2432 5548 2498 5613; x_wconf 91' lang='lat' dir='ltr'>p.</span> <span class='ocrx_word' id='word_1_797' title='bbox 2529 5527 2714 5611; x_wconf 87' lang='lat'><strong>1038,</strong></span> <span class='ocrx_word' id='word_1_798' title='bbox 2745 5545 2842 5609; x_wconf 86' lang='lat'><strong>17.</strong></span> <span class='ocrx_word' id='word_1_799' title='bbox 2875 5527 3008 5589; x_wconf 85' lang='grc' dir='ltr'>ἀντὶ</span> <span class='ocrx_word' id='word_1_800' title='bbox 3036 5528 3102 5590; x_wconf 76' lang='grc' dir='ltr'>δὲ</span> <span class='ocrx_word' id='word_1_801' title='bbox 3131 5525 3352 5610; x_wconf 89' lang='grc' dir='ltr'>χρόνου</span> <span class='ocrx_word' id='word_1_802' title='bbox 3381 5526 3556 5613; x_wconf 77' lang='grc' dir='ltr'>αἰὼν]</span> <span class='ocrx_word' id='word_1_803' title='bbox 3592 5525 3733 5591; x_wconf 85' lang='lat' dir='ltr'><strong>Vid.</strong></span> <span class='ocrx_word' id='word_1_804' title='bbox 3765 5528 4045 5595; x_wconf 88' lang='lat' dir='ltr'><strong>Platonis</strong></span> 
     </span>
    </p>
   </div>
   <div class='ocr_carea' id='block_1_7' title="bbox 5096 4447 5107 5154">
    <p class='ocr_par' dir='ltr' id='par_1_13' title="bbox 5096 4447 5107 5154">
     <span class='ocr_line' id='line_1_99' title="bbox 5096 4447 5107 5154; baseline 0 0"><span class='ocrx_word' id='word_1_805' title='bbox 5096 4447 5107 5154; x_wconf 95' lang='lat' dir='ltr'> </span> 
     </span>
    </p>
   </div>
  </div>
 </body>
</html>
