5118 6613
1285 561 1489 625 LIB.
1534 561 1738 627 VIII.
1784 560 2244 627 ENNEAD.
2292 561 2742 639 QUINTAE.
2788 587 2854 653 p.
2892 583 3332 649 1002—1004.

567 736 919 803 Themistio
977 734 1369 801 reddendum
1438 733 1743 814 videatur,
1811 734 1927 799 nisi
1993 749 2262 800 statuere

567 840 761 917 malis,
792 862 935 905 eum
983 839 1189 904 lusum
1234 837 1528 926 quaesisse
1570 838 1634 903 in
1678 837 2263 904 πᾶσαν-Πείσωνος

563 945 802 1028 τέχνην,
833 967 1031 1031 eaque
1077 942 1158 1007 de
1208 965 1393 1005 causa
1440 941 1600 1006 hauc
1646 940 2036 1026 scriptionem
2084 940 2260 1006 alteri

563 1046 910 1135 praetulisse
958 1045 1390 1133 Sophistarum
1437 1067 1627 1122 more,
1663 1044 1774 1130 qui
1803 1043 1985 1108 etiam
2021 1043 2167 1108 talia
2194 1043 2259 1108 in

562 1149 796 1215 deliciis
836 1149 1094 1227 habent,
1128 1164 1200 1212 ut
1244 1147 1399 1212 illud
1433 1147 1494 1212 in
1526 1147 1808 1212 Platonis
1839 1147 2145 1212 Convivio
2190 1170 2255 1234 p.

573 1254 731 1339 185:
782 1255 1135 1318 Παυσανίου
1174 1253 1239 1316 δὲ
1277 1250 1678 1330 παυσαμένου.
1773 1249 1958 1327 Quod
1991 1248 2141 1313 mihi
2172 1265 2260 1314 ta-

564 1380 704 1422 men
735 1379 903 1442 aegre
931 1354 1354 1444 persuadeam.

649 1483 711 1547 p.
749 1479 935 1544 1003,
978 1479 1027 1523 1.
1076 1458 1116 1540 ἥ
1157 1456 1366 1522 τι-τὸ
1411 1454 1876 1539 περιέχον-οἷα
1914 1458 2029 1536 ὕλη
2055 1456 2100 1541 ;]
2156 1457 2259 1520 Ita

564 1561 776 1650 scripsi
813 1583 959 1625 cum
993 1559 1189 1624 Vatic.
1231 1582 1348 1647 pro
1373 1556 1411 1638 ἢ
1438 1559 1709 1638 τὶ-ὕλη.
1800 1560 1965 1623 Nam
2014 1573 2254 1646 postea·

563 1688 750 1752 quam
778 1661 1066 1727 Plotinus
1092 1660 1598 1748 interrogaverat,
1623 1658 1777 1746 quid
1805 1659 1867 1723 in
1895 1659 2258 1747 corporibus

563 1767 954 1832 naturalibus
998 1764 1288 1852 pulcrum
1335 1764 1449 1828 sit:
1489 1764 1623 1852 jam
1672 1763 2039 1828 contrariam
2090 1788 2259 1850 quae-

564 1873 821 1937 stionem
868 1868 1067 1958 ponit,
1099 1867 1256 1955 quid
1282 1867 1346 1932 in
1375 1866 1592 1931 iisdem
1640 1865 1718 1931 sit
1752 1865 2048 1930 deforme.
2137 1868 2259 1931 Est

563 1990 771 2039 autem
803 1972 906 2037 hic
933 1972 1105 2036 locus
1133 1971 1506 2058 conjunctus
1542 1991 1683 2033 cum
1716 1967 1866 2032 locis
1894 1967 1972 2032 de
2002 1968 2258 2039 materia

571 2078 729 2161 (περὶ
756 2078 925 2156 ὕλης)
952 2090 1014 2139 et
1036 2074 1112 2138 de
1139 2074 1415 2160 ecrempk
1444 2094 1551 2135 seu
1584 2072 1728 2134 idea
1762 2070 1926 2152 (περὶ
1945 2072 2255 2153 παραδείγ-

565 2176 810 2260 ματοςῆ
838 2178 974 2260 περὶ
1003 2179 1242 2261 εἴδους).
1331 2174 1489 2239 Vide
1533 2197 1678 2261 quoe
1719 2172 1800 2237 ad
1845 2187 2037 2260 caput
2079 2196 2261 2261 supe-

565 2283 716 2362 rius,
749 2282 864 2346 hac
905 2280 1041 2368 ipsa
1083 2278 1312 2367 pagina
1345 2281 1526 2362 (541.
1559 2276 1665 2361 C.)
1696 2299 1839 2341 cum
1870 2299 1949 2340 ex
1982 2275 2259 2341 Platonis

568 2386 838 2465 Timaeo,
870 2400 1003 2449 tum
1036 2406 1115 2447 ex
1145 2381 1243 2446 his
1270 2380 1420 2470 ipsis
1449 2379 1860 2445 Enneadibus
1886 2377 2228 2444 citavimus

651 2526 738 2538 -
755 2507 811 2553 2.
844 2489 1049 2552 Πόθεν
1075 2483 1300 2564 δὴ-τὸ
1329 2488 1431 2563 τῆς
1455 2481 1708 2564 Ἑλένης
1735 2487 1836 2562 τῆς
1863 2481 2261 2565 περιμαχήτου

572 2593 794 2660 κάλλος
816 2592 867 2680 ;]
918 2588 1183 2654 Helenae
1212 2586 1694 2676 pulcritudinem
1724 2608 1912 2673 supra
1942 2584 2125 2650 etiam
2156 2608 2263 2650 ex-

568 2694 758 2783 empli
788 2717 975 2759 causa
1000 2692 1207 2781 posuit
1238 2690 1647 2779 philosophus
1677 2704 1884 2754 noster
1912 2713 1976 2777 p.
2009 2706 2154 2770 274.
2181 2689 2260 2753 F.

572 2797 935 2887 Xenophon
966 2796 1028 2861 in
1063 2798 1354 2884 SympOS.
1386 2794 1460 2858 ΙΙ
1473 2795 1528 2858 I.
1562 2813 1635 2877 9:
1682 2793 1860 2857 πενία
1900 2793 2112 2871 ἥκιστα
2152 2816 2258 2855 πε·

569 2901 913 2985 ριμάχητον.
1003 2899 1149 2965 vid.
1198 2896 1427 2963 Sturzii
1472 2897 1636 2960 Lex.
1682 2894 1971 2982 Xenoph.
2006 2894 2147 2958 111.
2193 2917 2259 2981 p.

570 3023 717 3091 523.
777 3005 880 3068 De
922 3003 1125 3068 activo
1167 3001 1359 3090 hujus
1403 2998 1712 3087 Adjectivi
1758 2996 2106 3086 significatu
2137 2995 2260 3060 du·

569 3108 731 3172 bitat
760 3106 1097 3196 Wyttenb.
1140 3104 1218 3170 ad
1269 3101 1587 3169 Plutarch.
1620 3101 1700 3166 de
1732 3102 1797 3165 S.
1823 3102 1909 3164 N.
1937 3101 2008 3164 V.
2057 3123 2119 3187 p.
2156 3101 2261 3164 60.

572 3234 638 3299 p.
667 3212 818 3296 378.
846 3209 945 3275 ed.
974 3212 1182 3274 Oxon.
1243 3204 1570 3271 Himerius
1599 3207 1774 3269 Orat.
1808 3205 1868 3268 Ι.
1906 3223 1977 3286 17
2006 3210 2262 3284 ε-Δηῖ-

574 3314 936 3396 άνειραν-ὁ
974 3314 1158 3395 λόγος
1202 3308 1604 3394 περιμάχητον
1644 3313 1766 3375 τοῖς
1808 3332 1874 3371 τε
1917 3309 2129 3374 ἄλλοις
2172 3306 2266 3370 καὶ

571 3416 857 3503 Ἀχελῶῳ
903 3421 1079 3489 ποιεῖ,
1133 3413 1240 3479 ubi
1290 3410 1679 3477 Wernsdorf.
1727 3434 1790 3497 p.
1823 3429 1862 3495 3
1867 3430 1973 3495 54.
2022 3409 2263 3497 Sopho-

572 3518 775 3584 cleum
829 3519 1247 3601 ἀμφινείκετον
1295 3516 1530 3598 νύμφην
1579 3513 1658 3578 de
1705 3512 1920 3578 eadem
1971 3510 2268 3576 Deianira

573 3637 911 3709 comparat.
995 3621 1074 3683 In
1105 3618 1321 3707 primis
1347 3615 1764 3682 consulendus
1794 3614 2154 3680 Hemsterh.
2186 3613 2269 3679 ad

577 3726 844 3790 Lucian.
877 3720 1413 3809 Contemplanntt.
1450 3740 1547 3784 11.
1597 3743 1658 3807 p.
1688 3739 1835 3804 504.
1882 3717 1991 3805 qui
2021 3717 2102 3782 de
2133 3717 2270 3804 ejus

578 3826 890 3915 Adjectivi
960 3824 1402 3913 significatione
1472 3846 1663 3910 agens
1745 3820 1880 3885 haec
1957 3820 2219 3885 advocat
2250 3844 2264 3882 ε

582 3939 624 3970 “
658 3930 945 4009 Helenae,
976 3952 1122 4016 quae
1152 3927 1437 3991 Luciano
1471 3928 1618 3990 οὕτω
1649 3923 1719 4004 δή
1747 3950 1803 3988 τι
1830 3924 2267 4006 περισπούδασ-

578 4059 696 4108 τος,
728 4035 886 4097 ‹zm-e
916 4033 1010 4097 καὶ
1038 4033 1306 4111 πόλεμον
1336 4028 1481 4112 ἀμφ’
1514 4028 1659 4107 αὐτὴ
1692 4027 1978 4109 γενέσθω
2010 4023 2268 4110 [Deorr.

578 4135 772 4201 Diall.
802 4135 982 4220 XX.]
1019 4156 1083 4222 p.
1114 4134 1261 4219 265.
1290 4133 1695 4214 περίβλεπτον
1734 4129 1828 4193 καὶ
1869 4126 2270 4210 περιμάχητον

576 4238 685 4317 τὴν
719 4239 907 4320 φύσιν
945 4238 1190 4317 ἐποίησε
1232 4234 1508 4321 Jupiter.
1572 4233 1870 4297 Isocrates
1911 4254 1972 4318 p.
2010 4247 2151 4294 211.
2186 4229 2266 4293 C.

582 4340 673 4423 (in
706 4339 972 4405 Helenoe
1012 4335 1320 4402 Encomio
1351 4356 1409 4420 9.
1446 4359 1509 4423 p.
1533 4353 1684 4421 342.
1747 4331 1997 4419 Langii,
2029 4354 2097 4419 p.
2125 4348 2269 4417 209.

582 4444 842 4527 Coraii).
933 4444 1160 4529 Neque
1189 4457 1394 4505 tamen
1425 4438 1794 4505 crediderim
1822 4436 2026 4500 virum
2069 4435 2271 4513 illum,

582 4548 632 4613 si
660 4547 855 4614 nostri
882 4546 1001 4612 loci
1030 4544 1428 4621 meminisset,
1456 4558 1787 4631 propterea
1821 4537 2115 4604 Isocratei
2157 4536 2275 4601 loci

581 4651 642 4715 in
677 4649 1023 4716 Plotiniano
1064 4648 1183 4713 hoc
1224 4646 1628 4711 imitationem
1673 4644 2031 4732 agniturum
2065 4640 2271 4705 fuisse.

586 4756 882 4819 Ceterum
933 4768 1004 4817 ut
1050 4750 1299 4829 Veneri,
1348 4750 1437 4814 ita
1478 4748 1767 4826 Helenae,
1814 4768 2004 4834 quam
2052 4743 2277 4809 divinis

583 4856 921 4922 honoribus
961 4854 1248 4920 colebant
1277 4850 1763 4929 Lacedaemonii,
1795 4854 1954 4914 hanc
1996 4847 2123 4911 vim
2169 4846 2275 4911 tri-

583 4959 880 5036 buebant,
908 4972 981 5023 ut
1008 4957 1258 5046 pulcras
1283 4955 1615 5021 redderent
1637 4953 1914 5020 feminas.
1964 4949 2274 5038 Exempla

583 5061 774 5128 habes
798 5059 1057 5126 collecta
1084 5060 1146 5124 in
1174 5061 1617 5124 commentatt.
1643 5052 2022 5121 Herodoteis
2051 5051 2274 5117 nostris

589 5166 696 5248 (ad
728 5163 1042 5229 Herodoti
1072 5164 1190 5227 VI.
1224 5164 1365 5246 61.)
1397 5184 1461 5248 p.
1492 5163 1635 5245 269.

666 5305 755 5318 —
769 5283 835 5354 3.
865 5264 903 5346 ἢ
932 5268 1072 5330 ὅσαι
1099 5269 1394 5349 γυναικῶν
1418 5263 1773 5347 Ἀφροδίτης
1800 5262 1996 5341 ὅμοιαι
2033 5258 2266 5344 κάλλει]

586 5368 945 5458 Appuleius
984 5369 1246 5432 Metam.
1280 5367 1395 5430 IV.
1448 5391 1512 5455 p.
1556 5385 1704 5452 301.
1738 5363 2148 5450 Oudendorp.
2167 5386 2277 5426 :—

586 5481 628 5512 “
658 5474 805 5539 Non
834 5471 1051 5552 maria,
1080 5469 1189 5535 sed
1218 5483 1411 5534 terras
1449 5471 1737 5534 Venerem
1764 5468 1958 5532 aliam
1990 5463 2275 5553 virginali

584 5573 733 5642 flore
759 5573 1088 5665 proeditam
1117 5569 1512 5662 pullulasse,”
1539 5592 1728 5659 quem
1764 5569 1970 5636 locum
1997 5567 2275 5635 imitatus

3918 589 4043 655 303

2350 733 2544 799 videri
2576 736 2768 823 possit
2799 737 2894 803 vel
2923 762 3000 804 ex
3030 739 3247 805 eodem
3290 741 3464 805 fonte
3506 738 3758 806 duxisse
3790 741 4039 807 videtur

2351 839 2612 904 Charito
2643 842 2699 904 Ι.
2739 861 2794 906 1.
2829 841 3152 929 judicante
3183 842 3489 908 Dorvillio
3516 867 3582 931 p.
3603 861 3748 930 205.
3782 867 3872 932 sq.
3903 847 4037 910 Ru-

2347 939 2510 1004 finus
2552 941 2616 1005 in
2664 942 2917 1008 Anthol.
2954 945 3071 1009 Gr.
3103 966 3166 1008 n.
3199 946 3435 1010 XVII.
3483 947 3566 1009 Τ.
3602 947 3741 1014 ΙΙΙ.
3790 970 3852 1033 p.
3889 966 4033 1012 102.

2347 1045 2596 1110 Jacobs,
2656 1045 2735 1109 ad
2798 1046 3095 1134 virginem
3132 1073 3147 1111 ι
3220 1048 3440 1116 κάλλος
3505 1050 3662 1134 ἔχεις
3718 1053 4032 1132 Κύπριδος.

2346 1147 2515 1225 Quid
2538 1152 2567 1212 Ρ
2612 1148 2783 1235 quod
2818 1149 3155 1215 Christiani
3186 1159 3386 1238 poetae
3420 1151 3690 1216 Mariam
3730 1151 4031 1240 virginem

2344 1251 2662 1317 audebant
2690 1275 2835 1316 cum
2867 1254 3106 1319 Venere
3134 1276 3508 1341 comparare.
3597 1254 3738 1320 Vid.
3783 1279 3846 1343 p.
3884 1258 4029 1323 226.

2343 1378 2437 1441 sq.
2470 1370 2599 1419 not.
2630 1353 2691 1418 in
2726 1359 2965 1421 Annot.
2999 1357 3061 1421 in
3094 1356 3326 1422 Plotin.
3357 1357 3436 1422 de
3468 1356 3723 1423 Pulcrit.
3754 1359 3853 1423 ed.
3877 1360 4036 1423 Hei-

2344 1457 2939 1524 delb.—-Proxima:
2988 1466 3105 1525 τῶν
3132 1460 3207 1525 ἂν
3238 1463 3320 1528 εἰς
3347 1463 3496 1542 ὄψιν
3526 1463 4036 1543 Ζόντων-ὁραθέν

2342 1560 2418 1625 ἂν
2446 1574 2778 1648 utramque
2807 1584 2937 1627 rem
2970 1585 3330 1650 suspensam
3362 1578 3609 1627 tenent:
3654 1586 3867 1628 eorum
3899 1563 4032 1651 qui,

2344 1663 2394 1727 si
2439 1663 2620 1742 forte,
2666 1664 2728 1727 in
2774 1682 3171 1754 conspectum
3204 1665 4032 1753 veniunt—pulcritudinem

2344 1788 2491 1852 quoe
2514 1766 2784 1854 conspici
2813 1768 3027 1854 possit,
3061 1783 3132 1831 ut
3159 1766 3315 1831 illud
3352 1767 3661 1833 Herodoti
3690 1769 3849 1833 VII.
3889 1790 4028 1855 139.

2345 1871 2596 1951 ὁρῶντες
2637 1870 2713 1935 ἂν
2740 1871 3071 1955 ἐχρήσαντο
3103 1872 3180 1935 ἄν
3207 1869 3247 1934 i.
3272 1894 3329 1934 e.
3362 1874 3415 1935 εἷ
3444 1872 3641 1952 ἑώρων
3668 1873 3727 1935 si
3757 1872 4033 1936 videant.

2344 1972 2446 2035 De
2492 1995 2622 2060 quo
2668 1996 2788 2036 usu
2835 1973 3157 2061 particulae
3202 1973 3279 2039 ἂν
3327 1996 3470 2037 cum
3518 1973 3860 2060 Participio
3906 1974 4032 2038 vid.

2348 2074 2586 2140 Matth.
2619 2076 2737 2140 Gr.
2770 2099 2866 2163 gr.
2904 2080 2963 2162 ξ.
2987 2077 3133 2163 598.
3166 2091 3229 2141 et
3261 2078 3317 2160 ξ.
3346 2079 3495 2140 600.
3541 2090 3604 2139 et
3647 2075 3727 2140 de
3769 2077 4034 2164 repetito

2345 2178 2421 2243 ἂν
2449 2176 2574 2242 vid.
2609 2202 2781 2266 supr.
2813 2202 2876 2267 p.
2902 2181 3007 2264 96.
3096 2180 3386 2243 Ceterum
3433 2177 3689 2243 Ficinus
3731 2180 4034 2267 expressit

2347 2279 2442 2363 ἐφ’
2484 2283 2699 2356 αὐτοῖς,
2741 2281 2915 2368 quod
2961 2296 3166 2346 tamen
3211 2280 3354 2346 libri
3400 2280 3594 2346 nostri
3638 2303 3762 2345 non
3807 2283 4027 2347 confir·

2346 2400 2539 2449 mant.

2431 2524 2518 2536 —
2544 2508 2645 2552 10.
2690 2486 2827 2552 ἀλλ’
2862 2491 2945 2555 εἷς
2987 2486 3055 2553 ἓν
3097 2487 3330 2572 οὖτος;]
3384 2485 3579 2551 Nolui
3620 2484 3684 2550 in
3728 2487 4036 2574 ejusmodi

2346 2590 2481 2655 loco
2511 2589 2890 2654 Ficinianam
2933 2589 3499 2676 interpretationem
3544 2588 3895 2668 immutare,
3928 2591 4034 2655 sed

2349 2710 2550 2757 tamen
2583 2694 2851 2758 arbitror
2879 2708 3152 2780 quatuor
3179 2692 3314 2756 haec
3342 2692 3534 2756 verba
3575 2691 3664 2756 ita
3702 2692 3895 2779 accipi
3926 2692 4038 2757 de-

2349 2797 2515 2875 bere,
2548 2811 2620 2861 ut
2662 2795 2949 2883 opposita
2992 2795 3515 2882 praecedentibus:
3566 2799 3599 2859 ὁ
3629 2798 3694 2859 δὲ
3721 2796 3801 2875 μὴ
3833 2797 3900 2860 ἐν
3924 2798 4038 2876 ὕλῃ

2352 2901 2594 2982 (λόγος)
2640 2897 2959 2986 igiturque
2997 2898 3328 2963 vertenda:
3374 2899 3484 2963 sed
3523 2899 3636 2962 illa
3678 2904 3870 2979 ratio,
3900 2921 4042 2986 quae

2347 3025 2488 3067 cum
2519 3004 2787 3066 materia
2819 3003 2900 3083 (s.
2931 3000 3120 3085 mole)
3151 3003 3224 3065 in
3253 3024 3452 3065 unum
3480 3003 3623 3065 coit.

2433 3127 2496 3192 p.
2535 3124 2724 3185 1004,
2753 3108 2813 3168 6.
2863 3104 3064 3185 ὥσπερ
3109 3102 3186 3167 ἂν
3230 3105 3286 3167 εἴ
3326 3129 3412 3170 τις
3457 3103 3524 3166 τὸ
3574 3105 3821 3167 εἴδωλον
3864 3106 4044 3168 αὑτοῦ

2349 3207 2623 3292 βλέπων]
2682 3209 2890 3293 Supra
2928 3205 3257 3285 Plotium,
3276 3204 3550 3269 Narcissi
3589 3205 3869 3270 fabulam
3910 3223 4043 3271 tan-

2349 3334 2525 3398 gens,
2561 3336 2622 3398 p.
2644 3314 2749 3397 56.
2779 3312 2871 3376 F:
2923 3314 2977 3376 εἷ
3019 3309 3133 3393 γάρ
3162 3336 3247 3377 τις
3285 3310 3589 3392 ἐπιδράμοι
3630 3316 3851 3390 λαβεῖν
3890 3317 4041 3391 βου-

2351 3417 2607 3496 λόμενος
2634 3416 2711 3482 ὥς
2740 3413 3046 3494 ἀληθινὸν,
3078 3415 3176 3478 οἷα
3206 3414 3452 3477 εἰδώλου
3488 3416 3674 3476 καλοῦ
3711 3411 3806 3494 ἐφ’
3835 3415 4044 3484 ὕδατος

2354 3517 2703 3603 ὀχουμένου,
2735 3518 2804 3581 οὗ
2836 3520 2930 3602 (ὁ)
2961 3522 3181 3595 λαβεῖν
3207 3515 3543 3596 βουληθεὶς,
3577 3516 3655 3581 ὥς
3679 3540 3794 3578 που
3820 3516 3907 3582 τὶς
3933 3521 4042 3595 μῦ-

2356 3626 2475 3696 θος,
2507 3626 2658 3686 δοκῶ
2700 3646 2800 3699 μοι
2831 3621 3026 3700 (δοκεῖ
3062 3622 3193 3702 μοι)
3227 3617 3861 3699 αἰνίττεται-ἀφανὴς
3907 3618 4038 3700 ἐγέ-

2359 3724 2765 3788 νετό-Μοκ
2794 3721 2876 3785 ad
2908 3720 3097 3784 verba
3123 3720 3191 3783 τὸ
3223 3722 3291 3784 ἐν
3315 3725 3437 3786 τοῖς
3477 3719 3782 3800 μαθήμασι
3825 3720 4046 3790 κάλλος

2358 3827 2453 3890 καὶ
2478 3825 2547 3889 τὸ
2584 3827 2651 3890 ἐν
2678 3830 2800 3892 τοῖς
2829 3824 3247 3903 ἐπιτηδεύμασι
3288 3820 3519 3886 adhibe
3547 3822 3694 3886 item
3727 3822 4044 3910 superiora

2356 3952 2417 4015 p.
2450 3947 2553 4013 50.
2590 3930 2674 3991 A.
2717 3941 2781 3990 et
2808 3924 2890 3989 cf.
2921 3947 3067 4011 quae
3111 3923 3274 3987 infra
3315 3923 3614 4011 leguntur
3656 3947 3718 4012 p.
3748 3927 3900 4008 556.
3931 3928 4037 3990 A:

2357 4030 2681 4112 ἀναφυγὼν
2711 4029 2806 4093 ἐπὶ
2833 4031 2908 4092 τᾶ
2934 4032 3035 4107 τῆς
3061 4032 3262 4112 ψυχῆς
3291 4027 3503 4108 κάλλη,
3533 4029 3744 4109 ἆρετᾶς
3782 4029 3878 4093 καὶ
3917 4031 4042 4093 ἑπι-

2356 4131 2581 4212 στήμας
2631 4131 2726 4195 καὶ
2769 4132 3212 4211 ἐπιτηδεύματα·
3259 4129 3550 4196 nimirum
3591 4130 3798 4195 omnia
3833 4155 3869 4195 e
3910 4129 4047 4197 loco

2355 4231 2604 4298 classico
2635 4232 2915 4298 Platonis
2947 4235 3234 4320 Sympos.
3281 4256 3346 4320 p.
3380 4252 3519 4297 210.
3561 4257 3627 4320 p.
3656 4254 3805 4319 443.
3842 4232 4045 4299 Bekk.

2357 4335 2569 4401 ducta.
2620 4334 3001 4401 lamblichus
3028 4334 3108 4399 de
3138 4335 3284 4400 Vita
3311 4336 3587 4423 Pythag.
3609 4338 3683 4401 V.
3721 4354 3825 4400 21.
3853 4359 3916 4423 p.
3939 4357 4043 4422 52.

2364 4438 2625 4503 Kiessl.:
2675 4440 2892 4521 γεῦσαί
2913 4464 2979 4502 τε
3006 4438 3238 4507 πάντως
3269 4442 3639 4520 βουλόμενος
3665 4444 3767 4519 τῆς
3794 4446 3911 4505 τῶν
3933 4468 4047 4521 μα-

2363 4539 2635 4620 θημάτων
2666 4544 2957 4620 καλλονῆς
2998 4540 3133 4607 τοὺς
3174 4542 3687 4621 πατριώτας-111
3735 4542 4043 4628 sequenti-

2361 4643 2515 4708 bus:
2567 4646 2655 4724 εἵη
2685 4647 2798 4726 γὰρ
2828 4643 2903 4708 ἂν
2930 4647 3101 4707 τοῦτο
3146 4642 3374 4728 αἶσχος,
3412 4644 3888 4710 Substantivum
3934 4670 4049 4734 pro

2362 4746 2692 4835 Adjectivo
2720 4746 2976 4831 αἰσχρὸν
3002 4745 3270 4832 positum
3300 4762 3414 4826 est,
3435 4747 3608 4834 quod
3635 4747 3697 4811 in
3726 4747 3843 4812 hoc
3873 4773 4050 4816 voca.

2360 4850 2650 4915 bulorum
2696 4872 2922 4938 genere
2966 4848 3195 4936 saepius
3233 4849 3326 4913 fit.
3419 4851 3570 4914 Huc
3600 4850 3910 4938 pertinent
3941 4852 4048 4917 Dii

2361 4953 2744 5041 Pythagorei
2774 4953 2964 5018 verba
2991 4977 3030 5017 a
3061 4952 3311 5017 Stobaeo
3339 4969 3582 5018 servata
3609 4976 3687 5018 ex
3720 4956 3856 5042 ejus
3886 4954 4047 5020 libro

2358 5050 2437 5116 de
2470 5050 2903 5117 Pulcritudine
2933 5051 3230 5140 Florileg.
3264 5052 3401 5116 Tit.
3426 5056 3530 5137 65.
3563 5076 3623 5116 n.
3650 5055 3750 5118 16.
3783 5053 3923 5118 Vol.
3946 5056 4046 5120 11.

2359 5177 2427 5243 p.
2450 5155 2601 5240 498.
2631 5153 2733 5219 ed.
2754 5155 3072 5221 Gaisford.
3100 5154 3426 5220 emendata
3454 5178 3492 5219 a
3515 5155 3760 5221 Koenio
3786 5157 3866 5221 ad
3892 5157 4050 5222 Gre-

2358 5281 2498 5346 gor.
2532 5259 2819 5324 Corinth.
2853 5282 2915 5348 p.
2943 5278 3088 5345 245.
3122 5282 3214 5346 sq.
3245 5259 3345 5323 ed.
3370 5259 3632 5325 Schuetz
3665 5262 3828 5341 ὑμεῖς
3852 5260 3919 5325 δέ
3948 5288 4046 5344 γα,

2361 5362 2419 5426 οἳ
2464 5364 2785 5445 ὀριγνᾶσθε
2833 5368 3162 5443 σωματικᾶς
3210 5365 3442 5437 ἁδονᾶς,
3492 5362 3665 5430 τέλος
3712 5366 4049 5445 ποιεύμενοι

2364 5463 2624 5547 καθάπερ
2664 5466 2952 5540 κνώδαλα,
2984 5465 3090 5530 τὸν
3121 5468 3296 5548 κόρον
3324 5471 3403 5530 τῶ
3441 5473 3790 5548 πλατιασμῶ
3819 5469 3931 5553 ούχ
3958 5470 4049 5534 ὅτι

2360 5565 2600 5650 χάριτος
2625 5565 2662 5647 ἢ
2689 5573 2872 5648 τιμᾶς,
2903 5570 3064 5633 ἀλλὰ
3096 5568 3191 5632 καὶ
3215 5567 3476 5650 μέμψιος
3506 5569 3641 5634 ποτὶ
3672 5569 3919 5636 κολάσει
3960 5576 4045 5636 δι-
