5118 6613
924 570 933 577 .
1021 539 1146 607 292

1023 695 1104 759 ab
1132 694 1213 759 ἔω
1241 691 1425 757 mitto
1449 706 1728 780 repetere
1753 689 2024 757 instituit
2048 690 2113 757 in
2153 691 2445 781 Etymol.
2475 694 2559 759 L.
2594 693 2712 758 Gr.

1023 820 1087 884 p.
1126 797 1272 882 196.

1108 924 1172 986 p.
1206 917 1357 985 972,
1382 917 1447 980 4.
1492 899 1556 962 τί
1577 903 1695 962 τῶν
1725 899 1794 962 ἐν
1821 899 2007 984 τούτῳ
2038 900 2231 963 ἐκεῖνο
2262 900 2413 981 ἐρεῖς
2429 900 2480 985 ς]
2532 898 2710 964 Edit.

1025 1004 1341 1085 τὶ-ἔρεῖς.
1409 1000 1652 1088 Taylor
1678 1000 1924 1066 volebat
1944 1003 2071 1066 οὔτι
2098 1026 2156 1064 τ.
2184 1028 2235 1066 ε.
2255 1029 2304 1066 τ.
2330 1005 2500 1086 ἐρεῖς.
2571 1005 2717 1090 Ego

1023 1105 1317 1170 leniorem
1360 1102 1567 1168 censui
1596 1102 2164 1191 interrogationem,
2196 1128 2342 1192 quae
2367 1105 2539 1193 apud
2574 1105 2719 1171 Plo-

1024 1210 1225 1273 tinum
1256 1206 1590 1295 saepissime
1618 1206 1964 1295 negationis
1990 1206 2184 1271 vicem
2215 1208 2393 1294 gerit.

1111 1349 1198 1360 —
1232 1311 1328 1375 18.
1373 1310 1552 1393 Τάχα
1599 1312 1666 1373 δὲ
1719 1311 1814 1374 καὶ
1855 1309 1924 1373 τὸ
1977 1310 2042 1374 ἓν
2094 1313 2283 1390 ὄνομα
2325 1315 2498 1376 τοῦτο
2541 1312 2718 1393 ἄρσιν

1028 1418 1155 1501 ἔχει
1180 1416 1326 1499 πρὸς
1352 1418 1427 1479 τά
1454 1413 1678 1479 πολλά.
1725 1416 1867 1479 ὅθεν
1897 1417 1992 1479 καὶ
2018 1414 2382 1480 Ἀπόλλωνα
2415 1418 2474 1479 οἱ
2510 1419 2714 1489 Πυθα-

1025 1517 1681 1603 γορικοὶ-ἐσήμαινον,
1713 1517 2019 1600 ἀποφάσει
2052 1524 2169 1583 τῶν
2208 1519 2511 1607 πολλῶν]
2561 1517 2714 1582 Plu-

1026 1622 1220 1687 tarch.
1284 1620 1364 1684 de
1426 1619 1582 1684 Isid.
1632 1633 1696 1683 et
1743 1618 1974 1684 Osirid.
2028 1643 2089 1707 p.
2130 1621 2280 1707 381.
2338 1622 2423 1683 F.
2473 1643 2533 1708 p.
2567 1623 2713 1706 561.

1027 1727 1269 1813 Wytt.:
1304 1727 1363 1789 ol.
1383 1726 1449 1788 δὲ
1475 1724 1874 1805 Πυθαγόρειοι
1904 1723 1999 1788 καὶ
2027 1724 2303 1806 ἀριθμοὺς
2324 1724 2419 1788 καὶ
2441 1722 2719 1806 σχήματα

1024 1834 1177 1893 θεῶν
1205 1831 1548 1907 ἐκόσμησαν
1574 1825 2150 1909 προσηγορίαις-τὸ
2175 1829 2239 1891 δὲ
2271 1827 2338 1891 ἓν
2352 1825 2718 1890 Ἀπόλλωνα

1023 1932 1314 1996 πείθουσα
1350 1928 1654 2011 προφάσει
1685 1929 1780 1992 καὶ
1808 1927 2179 1996 διπλοτάτοις
2203 1927 2476 2009 μονάδος.
2524 1928 2715 2013 Wyt-

1026 2034 1194 2098 tenb.
1229 2033 1294 2096 in
1322 2054 1453 2095 var.
1486 2032 1693 2095 Lecta
1745 2039 1789 2070 “
1825 2030 2092 2118 Corrigo
2118 2031 2380 2110 πλήθους
2409 2030 2715 2112 ἀποφάσει

1021 2139 1116 2203 καὶ
1144 2138 1431 2215 ἁπλότητι
1456 2139 1557 2214 τῆς
1581 2132 1893 2214 μονάδος.”
1943 2134 2125 2199 Idem
2155 2133 2217 2197 in
2241 2132 2709 2197 Animadverss.

1021 2240 1102 2305 ad
1131 2239 1307 2305 illum
1334 2240 1541 2304 locum
1572 2261 1633 2326 p.
1669 2240 1827 2319 264:
1877 2244 1918 2276 “
1952 2236 2235 2323 Apollini
2265 2236 2471 2300 unitas
2495 2236 2715 2301 tribui-

1019 2359 1161 2408 tur:
1196 2341 1617 2408 Nicomachus
1630 2364 1732 2427 ap.
1760 2341 2058 2405 Photium
2085 2339 2245 2405 Cod.
2271 2339 2709 2405 CLXXXVI.

1022 2445 1354 2512 Tenullius
1382 2443 1463 2508 ad
1497 2440 1823 2507 Iamblichi
1854 2441 2196 2507 Arithmet.
2230 2440 2477 2505 Nicom.
2510 2463 2574 2527 p.
2615 2462 2709 2520 ¹4·

1022 2565 1150 2614 not.
1182 2550 1287 2633 98.
1376 2549 1469 2611 Et
1511 2544 1682 2632 quod
1732 2544 2172 2608 correctionem
2216 2559 2516 2623 nostram,
2557 2544 2709 2623 πλή·

1019 2661 1157 2721 θους
1184 2651 1491 2735 ἀποφάσει
1512 2651 1607 2714 καὶ
1624 2650 1911 2729 ἁπλότητι
1938 2653 2039 2729 τῆς
2065 2649 2339 2729 μονάδος.
2363 2649 2711 2725 confirmat,

1016 2758 1151 2844 ipse
1169 2752 1549 2819 Plutarchus
1569 2752 1648 2816 de
1667 2754 1742 2816 ΕΖ
1764 2751 2072 2840 Delphico
2092 2775 2160 2839 p.
2180 2772 2327 2837 393.
2355 2755 2438 2817 C:
2485 2751 2708 2815 Ἀπόλ·

1020 2868 1146 2922 λων
1161 2860 1273 2936 μὲν
1303 2859 1418 2938 γὰρ
1447 2854 1576 2918 οἷον
1605 2855 1965 2936 ἀρνούμενος
1981 2858 2057 2919 τᾶ
2084 2858 2309 2929 πολλὰ,
2344 2855 2439 2918 καὶ
2467 2853 2535 2918 τὸ
2567 2857 2715 2933 πλῆ-

1019 2966 1123 3026 θος
1173 2956 1543 3039 ἀποφάσκων
1591 2955 1814 3019 ἓστίν.”
1867 2957 1949 3021 cf.
1999 2957 2280 3043 ejusdem
2333 2956 2711 3021 Animadvv.

1018 3087 1086 3149 p.
1115 3062 1255 3125 181.
1304 3058 1607 3123 Videmus
1628 3073 1837 3123 autem
1856 3060 2134 3146 potuisse
2151 3059 2711 3148 Wyttenbachium

1017 3162 1381 3253 palmariam
1413 3184 1585 3225 suam
1628 3161 2121 3227 emendationem
2152 3163 2400 3227 firmare
2428 3162 2547 3226 hoc
2576 3162 2713 3250 ipso

1017 3268 1153 3333 loco
1193 3263 1448 3344 Plotini,
1478 3264 1756 3351 itemque
1798 3263 1895 3330 his
1936 3265 2037 3332 J0.
2082 3267 2381 3331 Laurent.
2416 3265 2588 3354 Lydi
2633 3264 2713 3331 de

1020 3374 1260 3437 MenSS.
1291 3371 1547 3434 Romm.
1581 3369 1680 3433 11.
1712 3388 1777 3454 3.
1808 3391 1874 3456 p.
1905 3388 2015 3450 42.
2046 3371 2146 3435 ed.
2183 3369 2519 3434 Roetheri:
2570 3371 2712 3434 ἀνα-

1017 3475 1263 3558 φέρεται
1306 3475 1373 3537 δὲ
1407 3473 1445 3552 ἡ
1486 3474 1671 3551 μονὰς
1708 3474 1790 3539 εἷς
1829 3471 2211 3546 Ἀπόλλωνα,
2258 3473 2585 3546 τουτέστιν,
2631 3474 2712 3538 εἷς

1017 3580 1123 3642 τὸν
1150 3579 1260 3642 ἕνα
1276 3575 1525 3649 Ἥλιον,
1558 3574 1624 3642 ὃς
1641 3573 1964 3640 Ἀπόλλων
1989 3575 2235 3658 λέγεται
2257 3578 2354 3639 διὰ
2379 3574 2447 3639 τὸ
2472 3575 2709 3639 ἄπωθεν

1019 3681 1171 3745 εἶναι
1195 3686 1314 3745 τῶν
1339 3684 1605 3743 πολλῶν.
1696 3679 1857 3756 Quae
1900 3678 2073 3743 haud
2115 3678 2309 3744 dubie
2347 3701 2423 3742 ex
2459 3676 2711 3742 Plutar-

1015 3785 1135 3850 cho
1162 3784 1354 3849 ducta
1390 3797 1557 3861 sunt,
1590 3782 1760 3846 unde
1802 3783 1919 3848 iste
1961 3782 2224 3870 scriptor
2266 3779 2581 3871 permulta
2618 3796 2713 3846 est

1016 3903 1362 3953 mutuatus
1433 3887 1587 3950 Huc
1614 3886 1885 3973 pertinet
1913 3887 2085 3952 Solis
2107 3884 2539 3975 etymologiaa
2561 3907 2711 3949 voce

1014 3992 1204 4056 aolus.
1278 3989 1426 4054 Vid.
1457 3989 1678 4053 Cicero
1715 3987 1795 4053 de
1824 3990 1913 4052 N.
1935 3990 2019 4054 D.
2057 3990 2155 4055 11.
2193 4009 2298 4073 27.
2329 4013 2398 4077 p.
2423 3990 2572 4075 316.
2607 3987 2706 4052 ed.

1014 4108 1206 4157 nostr.
1236 4106 1299 4156 et
1328 4092 1556 4155 Moser.
1593 4090 1743 4177 ibiq.
1775 4104 2018 4156 annott.
2037 4106 2101 4156 et
2133 4091 2435 4156 Roetheri
2463 4105 2706 4155 annott.

1017 4195 1097 4260 ad
1140 4196 1211 4259 J.
1239 4196 1324 4258 L.
1359 4193 1531 4280 Lydi
1559 4193 1607 4257 l.
1629 4193 1670 4257 l.
1705 4193 2186 4281 Pythagoricam
2217 4217 2367 4259 vero
2403 4191 2573 4257 illam
2613 4216 2709 4257 ra-

1016 4300 1245 4364 tionem
1293 4295 1598 4384 significat
1647 4297 1910 4382 scriptor
1962 4299 2027 4360 in
2074 4296 2426 4384 fragmento
2474 4295 2710 4361 Dorico

1014 4425 1114 4488 ap.
1165 4399 1583 4465 Iamblichum
1630 4398 1710 4463 de
1754 4398 1902 4464 Vita
1945 4398 2291 4487 Pythagor.
2340 4403 2400 4483 §-
2452 4400 2595 4479 146.
2641 4421 2702 4484 p.

1025 4525 1161 4591 123.
1191 4527 1258 4592 p.
1282 4505 1434 4589 308.
1469 4502 1803 4591 Kiessling.
1829 4528 1845 4568 τ
1893 4506 2004 4569 τᾶν
2021 4505 2244 4587 ἀριθμῶ
2273 4503 2486 4567 οὐσίαν
2515 4500 2706 4566 ἀΐδιον

1018 4609 1169 4673 εἶναι
1209 4609 1320 4686 μὲν
1363 4607 1576 4688 ἀρχὰν,
1606 4606 2101 4687 προμαθεστάταν
2128 4612 2210 4670 τῶ
2239 4604 2460 4673 παντὸς
2498 4605 2705 4687 ὦρανῶ

1017 4712 1112 4775 καὶ
1139 4716 1269 4793 γᾶς,
1303 4710 1398 4774 καὶ
1423 4714 1526 4776 τᾶς
1551 4709 1770 4788 μεταξὺ
1798 4711 2030 4790 φύσιος·
2079 4709 2166 4773 ἔτι
2193 4711 2259 4773 δὲ
2291 4710 2386 4773 καὶ
2409 4710 2585 4772 θείων
2610 4707 2705 4771 καὶ

1014 4820 1166 4879 θεῶν
1210 4814 1306 4877 καὶ
1346 4813 1639 4891 δαιμόνων
1677 4816 1955 4891 δαιμονᾶς
1995 4813 2182 4894 ῥίζαν.
2260 4810 2362 4875 Cf.
2395 4811 2704 4897 Archytae

1014 4919 1467 5004 Fragmentum
1506 4936 1610 5000 ap.
1644 4915 1818 4978 Stob.
1853 4912 2122 5000 Eclogg.
2154 4913 2368 5002 physs.
2406 4914 2467 4977 1.
2497 4933 2604 4997 43.
2633 4935 2697 4999 p.

1012 5022 1161 5105 716.
1194 5021 1388 5083 Heer.
1421 5032 1484 5082 et
1512 5040 1671 5104 quos
1697 5016 1914 5103 plures
1934 5015 2148 5081 citavit
2174 5015 2400 5080 Thom.
2437 5014 2698 5101 Taylor.

1011 5125 1095 5190 ad
1142 5121 1348 5188 Procli
1391 5123 1549 5186 Inst.
1585 5119 1896 5206 Theolog.
1927 5144 1980 5183 c.
2015 5120 2225 5183 CXV.
2262 5142 2325 5204 p.
2357 5118 2504 5203 376.
2538 5141 2697 5183 vers.

1007 5226 1269 5315 anglicas
1294 5240 1359 5290 et
1385 5222 1465 5288 ad
1497 5221 1649 5287 calc.
1678 5220 1828 5285 edit.
1860 5238 2088 5286 nostrae
2117 5244 2180 5308 p.
2211 5240 2363 5306 331.

1095 5354 1159 5418 p.
1193 5346 1342 5414 973,
1371 5349 1436 5408 4.
1507 5325 1540 5389 ὃ
1595 5324 1833 5388 πάντων
1900 5326 1985 5409 [ἡ]
2051 5324 2315 5403 μάλιστα
2372 5323 2701 5404 ἁπλότητός

1011 5437 1141 5497 ἐστι
1184 5426 1594 5512 σημαντικόν,]
1647 5430 1913 5492 Secutus
1957 5449 2091 5491 sum
2151 5425 2465 5503 Ficinum,
2504 5450 2694 5515 prop-

1009 5552 1302 5620 tereaque
1331 5532 1571 5598 uncinis
1604 5529 1824 5595 inclusi
1863 5532 1899 5610 ἡ
1936 5553 2055 5618 pro
2082 5554 2212 5617 quo
2238 5529 2303 5594 in
2334 5553 2529 5617 marg.
2566 5529 2692 5597 Ed.

1979 519 2826 587 ANNOTATIONES
2879 520 2990 585 IN
3044 520 3480 586 PLOTINI

2802 694 3064 760 offertur
3089 694 3147 775 ἤ.
3241 691 3667 781 simplicitatis
3721 689 4102 776 (ἁπλότητος)
4144 692 4213 756 in
4258 690 4496 780 Apolli-

2803 797 2900 863 nis
2947 796 3327 886 etymologia
3374 795 3743 883 explicanda
3773 795 3963 860 etiam
4012 794 4190 860 Plato
4238 793 4501 860 mentio-

2802 922 2946 965 nem
2990 900 3142 965 facit
3184 902 3247 965 in
3300 899 3564 986 Cratylo
3605 922 3670 987 p.
3706 918 3855 985 405.
3902 899 3976 962 C.
4022 921 4091 986 p.
4126 918 4239 984 49.
4289 895 4494 962 Bekk.

2803 1003 2912 1068 sed
2952 1002 3130 1068 aliter
3147 1005 3404 1068 ε--κατὰ
3432 1005 3499 1066 δὲ
3526 1003 3635 1082 τὴν
3661 1000 4128 1082 μαντικὴν-καὶ
4166 1000 4234 1065 τὸ
4281 998 4499 1080 ἀληθές

2803 1132 2870 1171 τε
2899 1107 2994 1172 καὶ
3022 1109 3254 1172 ἁπλοῦν
3284 1105 3530 1189 (ταύτὸν
3545 1104 3662 1188 γάρ
3692 1106 3888 1190 ἐστιν)
3922 1105 4124 1185 ὥσπερ
4152 1103 4222 1167 οὗ
4251 1105 4310 1168 οἱ
4341 1106 4498 1168 Θετ·

2804 1210 2978 1274 ταλοὶ
3018 1213 3304 1274 καλοῦσιν
3341 1208 3542 1282 αὐτὸν,
3574 1205 3842 1290 ὀρθότατ’
3876 1206 3954 1271 ἂν
3992 1211 4254 1271 καλοῖτο.
4340 1204 4495 1269 ‘An’-

2801 1317 2928 1376 λῶν
2961 1310 3163 1398 (vulg.
3196 1308 3461 1395 εΑπλὸν)
3494 1311 3609 1393 γάρ
3626 1319 3781 1393 φασι
3801 1309 4020 1378 πάντες
4043 1310 4345 1375 Θετταλοὶ
4366 1313 4494 1372 τοῦ-

2802 1441 2908 1479 τον
2936 1414 3042 1479 τὸν
3071 1416 3233 1479 θεόν.
3327 1412 3451 1479 Sed
3494 1412 3785 1478 Plotinus
3825 1412 3921 1477 his
3952 1411 4158 1477 verbis
4201 1433 4326 1475 non
4359 1411 4494 1497 jam

2801 1515 3072 1605 amplius
3099 1515 3476 1604 Apollinem,
3505 1539 3694 1604 quam
3726 1515 3933 1603 ipsum
3972 1518 4188 1580 Unum
4221 1513 4492 1601 attingit.

2803 1620 3334 1710 Wyttenbachius
3362 1635 3573 1684 autem
3613 1620 3696 1684 ad
3734 1618 4059 1684 Plutarch.
4088 1618 4132 1684 l.
4156 1617 4200 1683 l.
4235 1617 4497 1683 miratur

2805 1725 2897 1813 (p.
2935 1726 3111 1807 264.)
3145 1723 3493 1802 Platonem,
3535 1745 3736 1810 quum
3776 1721 4155 1786 Thessalicas
4181 1719 4361 1785 istius
4388 1743 4497 1807 ap-

2801 1825 3150 1914 pellationis
3185 1824 3560 1889 mentionem
3589 1824 3796 1902 faciat,
3828 1846 3951 1888 non
3988 1824 4053 1887 in
4097 1822 4355 1888 eandem
4397 1842 4491 1888 at-

2800 1953 2927 2017 que
2957 1929 3388 2017 Pythagoreos
3430 1927 3937 2015 significationem
3969 1926 4135 1990 vocis
4172 1924 4494 1990 Ἀπόλλων

2800 2032 3075 2098 delatum
3106 2031 3641 2097 esse.—Fortasse
3668 2029 3816 2094 hinc
3845 2029 4156 2116 quispiam
4185 2027 4490 2115 conjiciat,

2802 2136 2916 2200 hos
2946 2136 3394 2224 PythagoreOS,
3417 2132 3529 2220 qui
3558 2132 3716 2197 illud
3739 2130 4055 2220 Apollinis
4082 2144 4335 2219 etymon
4366 2154 4492 2195 sec·

2801 2240 2914 2304 tati
2944 2256 3112 2316 sunt,
3143 2252 3284 2326 post
3311 2236 3637 2301 Platonem
3666 2235 3918 2300 demum
3951 2234 4276 2299 exstitisse.

2886 2380 2972 2392 —
3007 2360 3104 2405 10.
3152 2341 3220 2404 τὸ
3252 2341 3521 2425 ἐνεργείᾳ
3547 2339 3858 2427 βλέπειν,]
3890 2340 3937 2402 J
3941 2359 4172 2403 oannes
4204 2335 4492 2423 Philopo-

2799 2468 2919 2509 nus
2976 2444 3040 2508 in
3092 2442 3302 2509 libello
3355 2443 3501 2508 adv.
3559 2440 3858 2507 Proclum
3919 2439 4317 2506 Diadochum
4377 2461 4493 2526 pro

2799 2546 3144 2612 aeternitate
3172 2545 3414 2611 mundi.
3476 2546 3720 2611 Graece.
3756 2546 3975 2609 Venet.
4015 2561 4161 2630 153.
4202 2543 4312 2608 fol.
4360 2542 4489 2607 edi-

2801 2666 2934 2716 tore
2964 2649 3213 2715 Victore
3245 2649 3638 2714 Trincavello
3688 2652 3747 2715 1.
3780 2650 3857 2714 8:
3906 2649 3975 2714 τὸ
4012 2648 4154 2713 αὐτὸ
4199 2647 4248 2712 δ’
4279 2646 4375 2721 ἀν,
4408 2652 4488 2713 εἴ·

2800 2779 2903 2818 ποι
2930 2780 3015 2821 τις
3045 2753 3139 2817 καὶ
3170 2755 3316 2817 κατὰ
3345 2757 3684 2825 Πλωτῖνον,
3717 2750 3989 2833 ἐνέργειά
4017 2752 4148 2814 ἐστι
4175 2754 4281 2813 τοῦ
4309 2753 4488 2831 φωτί-

2797 2865 3000 2933 ζοντος
3025 2856 3093 2920 τὸ
3123 2860 3250 2938 φῶς
3273 2857 3356 2922 εἰς
3383 2857 3545 2919 ἄλλα
3571 2858 3883 2935 προιοῦσα.
3927 2855 4020 2919 διό
4040 2861 4194 2935 φησι
4223 2853 4318 2917 καὶ
4344 2878 4493 2934 παρ-

2799 2962 2970 3027 όντος
3013 2961 3125 3038 μὲν
3170 2962 3276 3023 τοῦ
3330 2960 3732 3040 ἐνεργοῦντος,
3779 2956 4067 3039 πάρεστιν
4112 2957 4153 3035 ἡ
4202 2955 4493 3037 ἐνέργεια.

2799 3064 3166 3129 ἀπελθόντος
3191 3063 3258 3125 δὲ
3286 3060 3665 3125 συνάπεισιν.

2882 3187 2943 3252 p.
2978 3183 3128 3250 974,
3160 3168 3219 3229 6.
3268 3166 3440 3228 Οὕτω
3474 3164 3677 3228 τοίνυν
3714 3163 3809 3227 καὶ
3845 3163 3883 3243 ἡ
3926 3166 4031 3226 τοῦ
4066 3166 4173 3227 νοῦ
4211 3165 4354 3244 ὄψις
4382 3165 4491 3246 ὁρᾷ

2801 3271 3035 3353 κ.τ.λ.]
3105 3268 3207 3334 cf.
3250 3268 3412 3333 Eun.
3458 3268 3537 3332 V.
3576 3266 3686 3332 lib.
3719 3267 3780 3331 8.
3817 3290 3871 3331 c.
3913 3282 3980 3351 5.
4010 3267 4070 3331 6.
4103 3282 4163 3349 7.
4251 3263 4491 3352 Attigit

2797 3385 3078 3435 nostrum
3109 3371 3314 3435 locum
3349 3372 3783 3435 Tennemann.
3805 3368 3869 3434 in
3902 3369 4075 3435 Hist.
4105 3367 4344 3433 Philos.
4369 3369 4489 3432 VI.

2795 3496 2861 3560 p.
2898 3494 3041 3556 194.
3097 3497 3187 3560 sq.
3248 3473 3522 3560 indeque
3568 3488 3911 3538 monstrare
3960 3471 4193 3549 studet,
4254 3487 4491 3559 quanto

2795 3575 3171 3640 moderatior
3226 3575 3688 3663 modestiorque
3739 3574 4007 3640 alumnis
4057 3573 4185 3638 suis
4231 3571 4489 3659 aliisque

2795 3677 3149 3765 posterioris
3177 3677 3376 3742 aetatis
3420 3676 3805 3765 philosophis
3839 3676 4031 3742 fuerit
4076 3675 4384 3753 Plotinus,
4419 3691 4491 3738 ut

2797 3780 2907 3867 qui
2936 3803 3329 3845 communem
3369 3780 3650 3845 omnium
3691 3794 3960 3845 mentem
4001 3778 4366 3868 participem
4397 3776 4490 3840 di-

2795 3897 2897 3947 cat
2923 3882 3118 3948 divini
3149 3883 3314 3948 illius
3342 3882 3612 3962 luminis,
3642 3905 3785 3947 cum
3817 3883 3954 3970 ejus
3991 3894 4320 3946 sectatores
4353 3880 4486 3964 jac-

2795 3985 3063 4050 taverint
3090 4008 3323 4074 paucos
3365 3984 3703 4050 admodum
3751 3985 3889 4072 ejus
3914 3982 4166 4049 luminis
4195 3982 4492 4046 beneficio

2794 4087 3279 4176 potiri.—Quod
3326 4087 3553 4152 deinde
3592 4087 3824 4175 legitur
3864 4093 4102 4168 μᾶλλον
4135 4087 4486 4149 στιλπνότε·

2793 4217 2922 4272 ρον,
2962 4191 3042 4255 de
3083 4191 3200 4255 hoc
3240 4191 3598 4277 pleonasmo
3636 4190 3733 4255 his
3768 4188 4180 4256 Enneadibus
4221 4209 4350 4252 non
4390 4187 4486 4250 in-

2794 4292 3110 4380 frequenti
3138 4293 3285 4358 alibi
3314 4294 3607 4359 diximus,
3704 4292 3925 4359 Paullo
3950 4306 4096 4357 ante
4128 4291 4268 4355 haec
4307 4291 4487 4376 Tay-

2794 4395 2889 4460 lor
2917 4397 3141 4474 verbis,
3175 4398 3271 4461 καὶ
3301 4400 3369 4461 ἐν
3399 4399 3647 4464 ἐκείνοις
3675 4398 3859 4463 ὄντως
3885 4398 4015 4479 ὁρᾶ,
4039 4392 4326 4459 additum
4348 4391 4488 4456 vult

2792 4501 3003 4565 ἐκεῖνο.
3096 4499 3427 4587 Expressit
3464 4500 3760 4565 Ficinus:
3808 4497 3951 4563 libri
3980 4496 4192 4585 scripti
4221 4518 4344 4562 non
4373 4518 4484 4582 ag-

2791 4618 3078 4666 noscunt.

2852 4701 2862 4710 ⁶
2876 4728 2938 4792 p.
2972 4724 3123 4791 975,
3149 4723 3205 4769 2.
3229 4705 3402 4770 ἔνδον
3425 4706 3542 4785 ἄρα
3566 4703 3664 4783 ἥν,
3689 4705 3786 4768 καὶ
3806 4704 3912 4768 οὐκ
3933 4704 4109 4768 ἔνδον
4128 4702 4232 4790 αὖ]
4288 4709 4332 4740 “
4359 4703 4487 4766 Re-

2788 4807 3081 4873 cordetur
3112 4807 3336 4894 aliquis
3369 4808 3434 4873 h.
3465 4808 3511 4870 l.
3561 4805 3682 4870 loci
3714 4805 4151 4894 Aristophanei
4197 4804 4480 4870 Acharn.

2788 4930 2912 4996 395
2936 4935 2952 4974 :
3001 4912 3107 4974 οὐκ
3135 4910 3327 4983 ἔνδον,
3362 4910 3535 4974 ἔνδον
3565 4909 3751 4983 ἐστὶν,
3774 4912 3827 4974 εἰ
3855 4910 4094 4992 γνώμην
4122 4908 4300 4991 ἔχεις.
4378 4914 4480 4972 Δι.

2786 5020 2907 5081 πῶς
2937 5014 3110 5077 ἔνδον
3150 5011 3252 5075 εἴτ’
3285 5012 3390 5076 οὐκ
3438 5012 3611 5076 ἔνδον
3643 5039 3695 5074 κ.
3714 5037 3769 5076 τ.
3789 5022 3850 5078 λ.
3917 5011 4062 5076 Vid.
4099 5034 4245 5097 quae
4281 5009 4363 5074 de
4406 5034 4482 5073 eo

2786 5115 2921 5181 loco
2949 5114 3262 5203 disputavi
3291 5114 3356 5179 in
3387 5114 3555 5180 Diss,
3589 5114 3669 5178 de
3698 5115 3873 5182 Poesi
3905 5115 4273 5180 Graecorum
4297 5134 4480 5199 paro-

2785 5220 2924 5285 dica
2952 5220 3015 5284 in
3047 5220 3229 5299 libro,
3262 5219 3369 5307 qui
3400 5218 3777 5284 inscribitur.
3851 5219 4124 5285 Studien
4153 5215 4253 5280 ed.
4282 5216 4481 5279 Creu-

2783 5346 2912 5388 zer.
2946 5340 3008 5388 et
3036 5324 3252 5388 Daub.
3279 5324 3361 5387 T.
3383 5323 3502 5386 VI.
3535 5344 3599 5409 p.
3623 5321 3702 5387 28
3705 5322 3807 5405 5.”
3852 5317 4481 5388 Mosen—Proxime

2784 5425 3068 5493 lacunam
3100 5424 3388 5489 editionis
3415 5447 3492 5488 ex
3523 5422 3694 5489 libris
3724 5424 3949 5489 nostris
3969 5421 4237 5511 explevi,
4259 5436 4323 5484 et
4344 5420 4481 5485 haec

2787 5531 2856 5595 οὐ
2895 5529 3011 5612 γάρ
3043 5531 3172 5593 ἐστι
3202 5528 3269 5591 τὸ
3299 5525 3486 5593 πόθεν
3514 5525 3698 5592 etiam
3731 5525 3867 5590 Fic.
3898 5525 4218 5614 expressit.
