5118 6613
1376 545 1579 611 LIB.
1627 546 1770 612 111.
1818 545 2288 612 ENNEAD.
2336 544 2796 612 TERTIAE.
2844 569 2908 635 p.
2940 564 3304 634 499—502.

599 723 841 807 γένεσιν
883 720 1222 801 ἐπιτηδείως
1260 717 1408 802 ἔχει,
1444 720 1561 784 ἀνᾶ
1585 718 1762 801 μέρος
1792 719 2078 802 ἑκατέραν
2105 745 2291 803 προσ-

597 825 921 907 βάλλουσα
973 826 1247 902 δύναμιν,
1297 822 1427 887 ἐπεὶ
1480 822 1576 886 καὶ
1628 825 1776 887 κατα
1821 824 2110 906 πρόνοιαν
2156 827 2298 889 θεοῦ

593 930 738 1011 πρὸς
780 930 958 1010 ἄμφω
996 925 1334 1009 γεγένηται·
1383 926 1534 989 οὕτω
1577 927 1694 1008 γὰρ
1740 925 1809 989 τὸ
1847 928 1960 1007 μὲν
2004 928 2297 992 δύνασθαι

598 1031 777 1110 αὐτὴν
823 1032 923 1095 ἐπὶ
972 1034 1080 1113 γῆς
1128 1030 1553 1094 πολιτεύεσθαι
1597 1027 1720 1093 κατ’
1770 1029 1983 1094 οὐσίαν
2027 1028 2296 1110 κέκτηται

596 1133 841 1221 (Adjeci
866 1134 964 1199 ἐπὶ
991 1137 1099 1217 γῆς
1125 1154 1270 1197 cum
1302 1132 1603 1197 Bentleio.
1669 1132 1834 1196 Nam
1859 1131 2073 1196 confer
2106 1132 2295 1197 modo

589 1237 856 1303 eundem
904 1234 1259 1301 Hieroclem
1305 1235 1369 1299 in
1408 1258 1601 1301 aurea
1626 1257 1882 1301 carmm.
1917 1235 2196 1324 Pythag.
2229 1259 2293 1322 p.

599 1362 735 1427 137.
767 1342 904 1406 οὔτε
933 1341 1031 1404 ἐπὶ
1074 1342 1182 1421 γῆς
1220 1340 1464 1404 δύναται
1502 1341 1946 1416 πολιτεύεσθαι,
1980 1339 2056 1407 ὥς
2098 1338 2290 1422 φυτὸν

589 1446 741 1510 οὖσα
769 1442 1096 1526 οὐράνιον.)
1132 1441 1201 1505 τὸ
1227 1444 1292 1506 δὲ
1321 1444 1579 1507 πλείονα
1598 1443 1822 1526 χρόνον
1851 1443 1973 1507 ἄνω
1998 1441 2225 1526 διάγειν
2251 1440 2289 1523 ἢ

592 1548 743 1613 κάτω
771 1546 919 1629 πρὸς
946 1546 1054 1625 τὴν
1096 1546 1475 1625 αὐτοκίνητον
1514 1545 1691 1625 αὐτῆς
1730 1547 2053 1625 συμβαίνει
2095 1544 2286 1609 διάθε-

590 1675 709 1714 σιν.
756 1649 846 1714 διὸ
877 1651 939 1713 αἶ
965 1649 1078 1728 μὲν
1105 1652 1411 1730 μυριετεῖς,
1444 1650 1508 1711 αὶ
1536 1648 1601 1710 δὲ
1631 1652 2049 1730 τρισχιλιετεῖς
2089 1648 2286 1729 περιό-

589 1757 722 1820 δους
761 1750 1049 1834 λέγονται
1089 1753 1409 1823 ποιεῖσθαι,
1455 1753 1556 1829 τῆς
1596 1750 1804 1832 ἀρετῆς
1832 1748 2288 1829 ἐπιτεμνομένης

589 1856 695 1935 τὴν
733 1854 989 1936 πλάνην,
1028 1853 1122 1918 καὶ
1161 1856 1266 1917 τοῦ
1301 1853 1592 1918 συντόνου
1635 1858 1753 1917 τῶν
1793 1854 2033 1935 ἀγαθῶν
2073 1853 2286 1934 ἔρωτος

588 1958 1022 2041 ὑφαιρουμένου
1067 1961 1168 2036 τῆς
1215 1956 1517 2039 περιγείου
1568 1957 1938 2039 λειτουργίας
1985 1955 2053 2020 τὸ
2099 1963 2283 2021 πολυ-

591 2065 853 2145 χρόνιον.
930 2060 1222 2147 Denique
1250 2059 1329 2125 cf.
1362 2058 1678 2124 Gennadii
1708 2057 1983 2124 libellum
2016 2058 2096 2123 de
2127 2059 2282 2123 Pro-

591 2164 826 2229 vident.
856 2188 921 2251 p.
959 2184 1060 2250 13.
1092 2187 1233 2251 sqq.

670 2290 734 2355 p.
767 2284 919 2353 500,
948 2286 1047 2353 15.
1091 2265 1429 2349 ἀνάγνωσις
1456 2270 1726 2347 φυσικῶν
1746 2262 2135 2353 γραμμάτων]
2171 2262 2276 2328 Cf.

588 2393 777 2458 supra
808 2371 908 2434 II.
937 2389 1001 2456 3.
1036 2387 1098 2452 7.
1125 2369 1235 2434 ubi
1266 2368 1581 2453 γράμματα
1609 2367 1761 2433 dicit
1789 2370 1857 2432 ἐν
1887 2367 2117 2454 οὐρανῷ
2144 2393 2289 2450 γρα-

587 2477 844 2556 φόμενα,
874 2489 938 2537 et
966 2496 1114 2560 quae
1144 2473 1226 2537 ad
1256 2493 1401 2536 eum
1432 2471 1635 2537 locum
1668 2470 2101 2559 adposuimus,

672 2600 738 2664 p.
764 2595 919 2661 501,
942 2594 1002 2658 7.
1053 2577 1184 2641 ἔστι
1226 2578 1292 2641 δὲ
1334 2579 1602 2640 τοιοῦτον
1627 2576 1666 2655 ἡ
1704 2575 2002 2657 ἀναλογία
2033 2602 2084 2638 κ.
2112 2600 2164 2638 τ.
2189 2574 2278 2660 λ.]

592 2677 864 2744 Platonis
905 2678 1213 2742 Timaeum
1255 2691 1399 2741 ante
1442 2676 1655 2741 oculos
1698 2674 1920 2741 habuit
1964 2674 2099 2740 haec
2142 2675 2286 2740 scri-

588 2786 738 2851 bens
784 2782 1210 2873 Lycopolites.
1302 2781 1425 2847 Ille
1467 2782 1631 2847 enim
1678 2782 1742 2846 in
1789 2780 2038 2846 Timaeo
2082 2803 2144 2869 p.
2176 2802 2285 2869 31.

588 2912 679 2977 sq.
710 2913 775 2978 p.
814 2907 913 2972 27.
950 2911 1040 2975 sq.
1075 2885 1318 2951 Bekk.:
1369 2891 1603 2965 δεσμῶν
1633 2887 1698 2950 δὲ
1746 2884 2085 2960 κάλλιστος,
2118 2884 2185 2953 ὃς
2211 2884 2288 2951 ἂν

588 2993 769 3059 αὑτὸν
801 2992 898 3056 καὶ
940 2994 1016 3055 τὰ
1044 2990 1408 3070 ξυνδούμενα
1436 2990 1528 3052 ὅτι
1548 2987 1814 3069 μάλιστα
1835 2988 1903 3054 ἓν
1924 2990 2083 3067 ποιῇ.
2116 2991 2288 3052 τοῦτο

588 3099 653 3162 δὲ
694 3094 965 3177 πέφυκεν
1006 3093 1303 3176 ἀναλογία
1341 3091 1638 3157 κάλλιστα
1680 3093 2017 3156 ἀποτελεῖν.
2063 3092 2290 3155 ὁπόταν

586 3204 702 3284 γὰρ
745 3201 1006 3281 ἀριθμῶν
1035 3202 1211 3280 τριῶν
1241 3198 1297 3260 εἴ
1321 3220 1389 3260 τε
1416 3198 1612 3278 ὄγκων
1643 3198 1761 3259 εἴτε
1790 3193 2096 3274 δυνάμεων
2124 3194 2289 3259 ὧντι-

589 3308 813 3370 νωνοῦν
841 3299 879 3383 ᾖ
903 3301 972 3366 τὸ
1012 3299 1226 3382 μέσον,
1257 3299 1378 3374 &rc
1411 3324 1524 3382 περ
1567 3297 1635 3363 τὸ
1682 3302 1916 3381 πρῶτον
1944 3296 2091 3380 πρὸς
2120 3297 2284 3373 αὐτὸ,

586 3411 756 3472 τοῦτο
788 3404 931 3471 αὐτὸ
969 3404 1115 3487 πρὸς
1157 3403 1226 3467 τὸ
1268 3402 1552 3486 ἔσχατον,
1586 3402 1684 3466 καὶ
1725 3399 1913 3466 πάλιν
1948 3401 2113 3468 αὖθις
2153 3403 2190 3465 ὅ
2232 3426 2290 3466 τι

589 3510 655 3574 τὸ
684 3511 952 3594 ἔσχατον
980 3508 1127 3589 πρὸς
1162 3506 1231 3571 τὸ
1265 3504 1478 3587 μέσον,
1510 3509 1683 3569 τοῦτο
1723 3504 1790 3568 τὸ
1826 3504 2019 3585 μέσον
2046 3504 2192 3588 πρὸς
2217 3503 2285 3568 τὸ

585 3619 838 3695 πρῶτον,
869 3614 1007 3677 τότε
1034 3610 1102 3674 τὸ
1130 3608 1323 3690 μέσον
1344 3611 1457 3689 μὲν
1474 3614 1709 3691 πρῶτον
1739 3607 1835 3671 καὶ
1865 3608 2127 3692 ἔσχατον
2156 3633 2287 3690 γιγ-

585 3718 862 3796 νόμενον,
891 3714 962 3778 τὸ
992 3716 1058 3778 δὲ
1100 3713 1363 3797 ἔσχατον
1393 3712 1490 3776 καὶ
1518 3710 1586 3775 τὸ
1613 3715 1847 3793 πρῶτον
1877 3711 1951 3775 αὖ
1978 3710 2139 3791 μέσα
2168 3711 2280 3790 ἀμ·

587 3821 833 3901 φότερα,
866 3815 1041 3882 πάνθ’
1073 3817 1256 3883 οὕτως
1287 3817 1351 3894 ἐξ
1379 3813 1639 3897 ἀνάγκης
1665 3814 1850 3878 ταύτὸ
1881 3812 2034 3878 εἶναι
2061 3811 2280 3894 ξυμβή-

589 3948 777 3997 σεται,
809 3923 996 3986 ταΰτᾶ
1022 3922 1088 3984 δὲ
1115 3919 1414 4003 γενόμενα
1449 3916 1738 3996 ἀλλήλοις
1767 3916 1834 3982 ἓν
1862 3916 2060 3981 πάντα
2091 3915 2280 3981 ἔσται.

588 4025 688 4090 Cf.
737 4021 1063 4093 Aristotel.
1114 4019 1477 4108 Metaphys.
1526 4020 1645 4085 IV.
1692 4042 1755 4107 p.
1794 4038 1938 4083 101.
1994 4017 2286 4084 BrandiS.

588 4129 764 4193 XII.
813 4150 878 4215 p.
921 4127 1070 4191 281.
1137 4123 1561 4211 Theophrast.
1614 4120 1982 4209 MetaphyS.
2037 4144 2104 4208 p.
2134 4141 2283 4207 317.

590 4229 879 4297 Brandis.
916 4228 1048 4294 Cic.
1081 4227 1162 4293 ad
1194 4226 1387 4293 Attio.
1419 4228 1538 4291 VI.
1576 4244 1637 4290 2.
1684 4225 1849 4290 idem
1879 4225 1960 4290 de
1990 4225 2282 4290 Univers.

584 4354 644 4412 4.
738 4330 992 4397 Dicitur
1039 4344 1251 4395 autem
1300 4326 1587 4394 Ciceroni
1643 4328 2072 4416 Comparatio,
2118 4328 2281 4392 Pro·

582 4438 812 4523 portio,
884 4433 986 4500 Cf.
1032 4432 1219 4498 etiam
1265 4430 1533 4511 Quintil.
1581 4430 1788 4496 Instit.
1837 4432 2013 4497 Orat.
2064 4431 2138 4496 V.
2182 4450 2284 4497 10.

591 4538 790 4627 Apud
833 4538 1097 4603 Sextum
1141 4534 1387 4624 Empir.
1434 4534 1580 4599 adv.
1627 4534 1914 4599 Gramm.
1951 4534 2005 4598 1.
2041 4536 2099 4618 ξ.
2140 4549 2281 4620 179.

588 4640 1156 4709 Grammaticorum
1186 4636 1505 4725 Analogia
1530 4636 1865 4703 excutitur.
1960 4638 2039 4701 In
2069 4659 2285 4724 corpo-

588 4746 670 4811 ris
711 4743 1137 4834 pulcritudine
1180 4741 1328 4807 item
1390 4742 1716 4825 ἀναλογίας
1758 4762 1971 4806 vocem
2022 4762 2285 4827 usurpa.

586 4848 738 4914 bant
765 4861 1026 4925 veteres,
1059 4859 1214 4911 teste
1252 4843 1594 4911 Eustathio
1619 4842 1684 4908 in
1717 4842 1949 4932 OdysS.
1981 4844 2100 4908 VI.
2139 4860 2281 4928 152.

589 4974 651 5039 p.
685 4968 830 5036 255.
866 4948 1056 5015 Basil.
1150 4950 1230 5015 In
1261 4947 1400 5015 loco
1427 4947 1508 5012 de
1537 4948 1718 5012 Bono
1751 4960 2015 5034 usurpat
2054 4946 2284 5011 Noster

588 5053 750 5120 infra
781 5054 895 5118 v1.
931 5069 993 5135 7.
1022 5054 1132 5139 36.
1162 5074 1230 5140 p.
1264 5069 1413 5135 727.
1444 5066 1601 5115 extr.

669 5179 735 5245 p.
763 5173 916 5242 502,
951 5174 1013 5239 7.
1061 5156 1316 5237 Πρόεισι
1371 5157 1437 5218 δὲ
1486 5154 1594 5235 ἤδη
1642 5155 1709 5218 ἐκ
1766 5155 1977 5234 ταύτης
2036 5152 2279 5228 ἕκαστα,

585 5262 877 5340 μενούσης
919 5258 1148 5339 ἐκείνης
1187 5257 1385 5342 ἔνδον]
1440 5257 1546 5322 Ita
1587 5255 1878 5321 dedimus
1921 5277 2063 5320 cum
2108 5253 2284 5320 libris

588 5360 888 5450 plurimis.
978 5359 1234 5425 Etenim
1272 5358 1546 5425 formula
1586 5359 1759 5425 ἔνδον
1800 5357 2005 5439 μένειν
2030 5357 2282 5446 proprie

589 5464 877 5553 usurpari
919 5461 1101 5529 solita
1143 5461 1207 5526 in
1250 5462 1437 5528 laude
1463 5461 1838 5527 feminarum
1874 5460 2025 5546 (vid.
2058 5461 2282 5527 Valck-

590 5588 791 5635 enaer.
821 5565 907 5632 ad
938 5563 1252 5633 Herodot.
1285 5566 1400 5633 IV.
1440 5585 1579 5649 114.
1616 5587 1678 5653 p.
1707 5583 1860 5651 331.
1891 5567 2011 5652 sq.)
2046 5589 2086 5631 a
2127 5565 2278 5631 Pla·

3958 567 4082 639 159

2383 718 2604 784 tonicis
2646 719 3033 808 philosophis
3058 719 3494 806 frequentatur
3532 720 3612 786 dc
3653 723 3993 790 omnibus
3976 725 4073 804 1is,

2390 845 2536 909 quae
2566 821 2630 886 in
2663 822 3035 911 primigenio
3074 847 3188 887 suo
3217 822 3352 887 loco
3393 838 3457 889 et
3500 838 3668 890 statu
3702 844 3975 907 manent,
4007 844 4082 894 ut

2382 924 2722 1012 Principia,
2755 927 2932 990 Deus
2959 948 3240 991 summus
3257 942 3414 991 cet.:
3462 950 3605 993 cum
3637 944 3842 995 cetera
3867 931 3993 996 ab
3977 932 4078 997 iis-

2379 1029 2522 1094 dem
2583 1029 2872 1093 dicantur
2914 1029 3204 1112 προϊέναι.
3294 1030 3454 1095 Nam
3520 1046 3592 1096 ut
3634 1031 3752 1097 hoc
3795 1031 3951 1113 loco,
3992 1034 4081 1100 ita

2382 1132 2587 1198 ubivis
2606 1132 2737 1196 fere
2758 1131 2894 1198 haee
2917 1132 3108 1197 verba
3131 1132 3292 1197 inter
3322 1157 3385 1198 se
3413 1150 3841 1221 opponuntur.
3903 1137 4077 1202 Duc-

2381 1251 2483 1301 tus
2511 1251 2723 1301 autem
2754 1235 2857 1300 ille
2888 1259 3040 1301 usus
3069 1236 3531 1323 quodammodo
3553 1237 3747 1303 videri
3776 1255 3966 1326 queat
3995 1263 4075 1305 ex

2375 1337 2755 1404 nobilissimo
2788 1337 2925 1403 loco
2970 1338 3250 1404 Platonis
3288 1339 3349 1403 in
3399 1340 3674 1406 Phaedro
3703 1365 3768 1428 p.
3803 1344 3950 1425 246.
3982 1344 4064 1409 E.

2376 1441 2570 1508 Μένει
2597 1445 2712 1526 γὰρ
2740 1441 2956 1507 Ἑστία
2995 1444 3062 1508 ἐν
3102 1447 3254 1507 θεῶν
3298 1446 3437 1530 οἴκῳ
3477 1446 3651 1525 μόνη.
3738 1445 3850 1510 Ad
3879 1469 4069 1538 quem

2377 1544 2640 1610 Proclus
2683 1545 2748 1610 in
2792 1544 3120 1632 Cratylum
3156 1547 3216 1630 ξ.
3246 1548 3381 1631 138.
3414 1569 3479 1633 p.
3503 1546 3606 1627 84.
3637 1546 3917 1614 Boisson.
3951 1551 3989 1630 ἡ
4019 1549 4068 1614 δ’

2369 1646 2586 1714 Ἐστία
2629 1648 2833 1730 μένειν
2876 1648 2970 1731 ἐφ’
3006 1652 3213 1729 ἑαυτῆς
3253 1650 3553 1733 ἄχραντον
3592 1650 3700 1731 τὴν
3742 1653 4070 1734 παρθενίαν

2372 1751 2601 1835 ἔχουσα
2620 1752 2715 1817 καὶ
2742 1754 3093 1833 ταυτότητος
3121 1754 3280 1817 αἰτία
3308 1753 3463 1817 οὖσα
3488 1758 3691 1819 πᾶσιν.
3740 1754 3848 1819 Ad
3877 1777 4067 1843 argu·

2371 1871 2650 1920 mentum
2700 1856 2780 1920 cf.
2815 1853 3109 1921 Proclum
3157 1854 3220 1919 in
3267 1855 3414 1921 Alc.
3460 1879 3554 1944 pr.
3599 1875 3697 1940 17.
3732 1880 3795 1945 p.
3826 1877 3930 1944 53.
3964 1858 4066 1923 ed.

2368 1971 2565 2022 nostr.
2596 1957 2876 2045 ejusdem
2911 1959 3070 2023 Inst.
3103 1957 3330 2023 Theol.
3363 1981 3415 2023 c.
3459 1979 3600 2040 141.
3630 1982 3696 2046 p.
3724 1978 3872 2026 210.
3906 1980 3970 2027 et
3998 1961 4061 2026 in

2369 2060 2651 2125 Platonis
2696 2060 3004 2149 Theolog.
3039 2062 3096 2126 1.
3140 2078 3233 2147 15.
3266 2084 3330 2149 p.
3361 2080 3469 2143 41.
3512 2076 3576 2127 et
3621 2062 3826 2150 ipsum
3859 2064 4061 2130 Ploti-

2365 2184 2518 2226 num
2567 2186 2633 2251 p.
2660 2181 2808 2246 470.
2851 2165 2935 2229 D.
2961 2164 3045 2227 E.
3076 2177 3140 2227 et
3170 2187 3235 2251 p.
3263 2183 3411 2250 351.
3445 2164 3534 2229 G.
3583 2164 3716 2244 ubi,
3757 2166 4066 2233 simillimo

2375 2265 2532 2346 loco,
2568 2268 2798 2332 Noster
2826 2292 2841 2330 ε
2888 2266 2967 2347 μὴ
2996 2268 3289 2346 μενούσης
3318 2270 3420 2347 τῆς
3448 2268 3632 2351 ἀρχῆς
3660 2267 3756 2352 ἐφ’
3790 2272 4014 2349 ἑαυτῆς.

2458 2406 2548 2420 —
2579 2369 2640 2433 8.
2686 2369 2815 2433 οἷον
2841 2369 2906 2433 ἐκ
2932 2369 3087 2450 ῥίζης
3112 2369 3460 2448 μιᾶς-οἶον
3480 2371 3658 2453 μικρὰ
3686 2368 3898 2453 δένδρα
3923 2378 4069 2451 βου-

2372 2471 2636 2552 ληθέντα
2674 2469 2883 2558 εἶναι]
2931 2470 3197 2535 Arboris
3235 2472 3574 2535 mundanae
3605 2472 3709 2555 (ut
3745 2488 3910 2537 recte
3952 2497 4067 2563 ap·

2372 2573 2567 2662 pellat
2611 2572 2867 2637 Ficinus
2909 2572 2973 2636 in
3020 2575 3369 2638 Comment.
3403 2598 3473 2660 p.
3503 2578 3681 2659 254.)
3725 2574 4068 2643 similitudo

2371 2700 2502 2764 quo
2530 2675 2856 2763 pertineat,
2887 2675 3111 2740 clarius
3137 2676 3392 2765 patefiet
3433 2678 3817 2765 comparanti
3860 2678 4067 2746 locum

2370 2779 2691 2867 geminum
2720 2778 2882 2844 infra
2913 2780 3053 2844 ΙΙΙ.
3084 2780 3140 2843 8.
3168 2799 3231 2866 9.
3260 2802 3328 2868 p.
3346 2799 3496 2866 351.
3521 2781 3600 2845 F.
3631 2778 3669 2862 ἢ
3697 2781 3849 2861 ζωὴν
3877 2789 4066 2867 φυτοῦ

2370 2883 2659 2965 μεγίστου
2688 2885 2786 2947 διά
2822 2881 3045 2950 παντὸς
3079 2884 3380 2948 ἐλθοῦσαν
3410 2884 3594 2967 ἀρχῆς
3635 2886 3930 2966 μενούσης
3974 2889 4070 2952 καὶ

2374 2986 2446 3051 οὗ
2474 2987 2907 3066 σκεδασθείσης
2948 2987 3085 3067 περὶ
3122 2990 3244 3051 πᾶν
3273 2987 3465 3066 αὖτῆς,
3498 2986 3627 3050 οἷον
3659 2987 3725 3050 ἐν
3752 2988 3877 3069 ῥίζῃ
3909 2991 4067 3071 ἱδρυ-

2371 3088 2553 3169 μένης
2592 3118 2644 3154 κ.
2671 3115 2723 3154 τ.
2749 3097 2814 3154 λ.
2908 3087 3208 3154 Videlicet
3244 3088 3583 3176 utrobique
3621 3112 3810 3177 quem
3854 3090 4070 3158 hodie-

2374 3216 2500 3279 que
2557 3193 2622 3256 in
2668 3191 3181 3281 philosophorum
3233 3191 3456 3258 scholis
3507 3209 3814 3280 usurpant
3861 3196 4073 3284 Orga-

2372 3298 2651 3361 nismum
2709 3294 2952 3360 Mmuli
3009 3309 3073 3359 et
3115 3293 3456 3383 physicum
3526 3294 3933 3383 (naturalem)
4009 3313 4073 3364 et

2373 3400 2640 3464 ethicum
2695 3398 3073 3484 (moralem).
3164 3397 3470 3486 Ejusdem
3533 3397 3798 3463 notionis
3854 3400 4071 3466 eadem

2377 3501 2781 3568 similitudine
2826 3499 3156 3566 declaratae
3198 3500 3558 3590 exemplum
3604 3514 3861 3589 praestat
3900 3502 4073 3569 locus

2371 3603 2475 3669 ille
2497 3603 2916 3671 nobilissimus
2947 3602 3151 3668 Indici
3181 3602 3472 3668 carminis
3493 3603 3874 3692 Bhagavat-
3883 3606 4070 3687 Gna»,

2370 3707 2452 3772 de
2488 3731 2620 3794 quo
2668 3721 2953 3795 poemate
2994 3728 3196 3792 nuper
3234 3721 3414 3771 acute
3458 3704 3857 3793 disputarunt
3892 3709 4067 3774 Guil.

2370 3810 2446 3875 de
2474 3810 2825 3876 Humboldt
2862 3822 2925 3874 et
2964 3810 3042 3874 G.
3066 3809 3296 3895 Hegel.
3387 3809 3629 3874 Locum
3675 3832 3752 3873 ex
3783 3811 4069 3875 Her-deri

2373 3914 2663 3979 nostratis
2716 3911 2994 3977 versione
3054 3910 3311 3977 exhibui
3358 3911 3420 3976 in
3472 3911 3831 4001 Symbolica
3878 3914 3940 3979 I.
3999 3937 4067 4002 p.

2373 4019 2521 4098 644.
2547 4015 2648 4082 ed.
2676 4014 2852 4080 alter.
2883 4013 2992 4079 ubi
3022 4013 3379 4080 Amaathae
3408 4013 3537 4079 sive
3567 4014 3722 4080 ficus
3765 4014 4066 4104 religiosae

2370 4120 2580 4207 imago
2606 4118 2687 4184 ad
2716 4115 3093 4184 consimilem
3119 4117 3483 4183 sententiam
3502 4117 3934 4205 explicandam
3957 4119 4066 4185 ad-

2371 4222 2644 4290 hibetur.
2736 4221 2949 4310 Magis
2972 4221 3067 4287 vel
3099 4221 3305 4287 minus
3333 4221 3607 4287 diversas
3634 4222 3714 4287 de
3742 4223 4067 4289 arboribus

2375 4325 2645 4392 mirificis
2674 4326 3055 4391 narrationes
3082 4325 3382 4391 exhibent
3408 4327 3742 4391 Persarum
3768 4327 4063 4392 aliorum-

2372 4451 2498 4516 que
2541 4427 2920 4517 populorum
2970 4428 3110 4493 libri
3169 4428 3345 4495 sacri.
3433 4429 3671 4518 Tetigit
3719 4430 3881 4496 hanc
3930 4454 4061 4496 rem

2372 4530 2652 4620 Cyrillus
2692 4530 2992 4599 adversus
3033 4533 3080 4597 J
3088 4530 3362 4596 ulianum
3394 4556 3458 4620 p.
3494 4534 3593 4597 88.
3686 4532 3870 4599 Idem
3910 4557 4060 4623 pag.

2371 4656 2478 4721 94.
2508 4634 2574 4699 in
2618 4633 2931 4701 mentione
2971 4634 3210 4700 arboris
3239 4636 3386 4701 vitae
3429 4635 3698 4724 paradisi
3728 4637 4062 4725 providen-

2370 4738 2476 4804 tiae
2524 4737 2944 4803 testimonium
3002 4760 3343 4826 agnoscens
3385 4739 3520 4804 haec
3578 4740 3788 4828 posuit
3814 4742 4059 4807 ε-ἆλλ’

2369 4844 2506 4908 οὐδὲ
2535 4843 2767 4926 φθόνου
2795 4843 2892 4907 καὶ
2907 4844 3244 4923 βασκανίας
3269 4842 3447 4926 ἔργον
3468 4843 3560 4922 ἦν,
3595 4847 3746 4908 καθὰ
3774 4846 4059 4926 τετόλμη-

2369 4972 2472 5012 κεν
2523 4944 2897 5029 (Ἰουλιανός)
2950 4948 3157 5021 εἰπεῖν,
3190 4945 3259 5010 τὸ
3305 4948 3574 5029 ἀπεῖρξαι
3616 4952 3839 5030 φαγεῖν
3881 4946 4061 5012 αὐτὸν

2367 5054 2473 5115 τοῦ
2500 5051 2681 5130 ξύλου
2709 5052 2811 5129 τῆς
2835 5052 2999 5129 ζωῆς,
3024 5049 3122 5113 ἵνα
3140 5049 3222 5130 μὴ
3246 5048 3393 5129 ζήσῃ
3414 5051 3496 5116 εἰς
3517 5048 3623 5113 τὸν
3646 5051 3848 5114 αἰῶνα·
3894 5047 4054 5127 ἀξιά-

2367 5178 2593 5236 γαστος
2620 5153 2686 5217 δὲ
2722 5152 2818 5216 καὶ
2856 5155 2957 5231 τῆς
2997 5150 3086 5216 ἐπ’
3113 5152 3269 5239 αὐτῷ
3298 5153 3367 5232 δὴ
3400 5156 3584 5239 τούτῳ
3629 5153 3985 5235 προμηθείας
4022 5155 4057 5216 ὁ

2368 5253 2583 5338 τρόπος
2612 5258 2700 5335 εἴη
2729 5253 2984 5337 ἀνπαρά
3010 5279 3081 5338 γε
3103 5260 3226 5321 τοῖς
3248 5255 3466 5337 ἀρτίοις
3485 5256 3594 5335 τὴν
3611 5255 3823 5338 φρένα·
3869 5254 4057 5321 Philo

2367 5358 2525 5426 Jud.
2571 5357 2758 5446 Legis
2798 5356 3111 5445 Allegorr.
3161 5357 3220 5421 1.
3269 5381 3329 5444 p.
3368 5376 3505 5443 152.
3553 5381 3685 5443 sqq.
3718 5354 3921 5420 Pfeiff.
3948 5382 4057 5422 :—

2366 5463 2531 5545 ἧμεῖς
2578 5460 2838 5540 ὃὲ--τὴν
2875 5460 3274 5543 γενικωτάτην
3313 5461 3527 5543 ἀρετὴν
3567 5461 3752 5539 ξύλον
3787 5461 4057 5541 εἰρῆσθαι

2367 5568 2515 5644 ξωῆς
2543 5563 3017 5647 λέγομεν.-καὶ
3045 5562 3112 5627 τὸ
3153 5565 3336 5643 ξύλον
3377 5566 3482 5626 τοῦ
3519 5560 3740 5649 εἰδέναι
3776 5564 4054 5645 γνωστὸν
