5118 6613
1032 502 1153 567 282

1121 696 1186 761 p.
1219 691 1364 757 924.
1401 689 1460 738 2.
1502 673 1590 736 Τὸ
1618 673 1731 752 μὲν
1759 671 1866 736 οὖν
1894 673 2236 753 αἰσθητικὸν
2266 675 2440 753 αὐτῆς
2473 674 2724 739 αὐτόθεν

1038 775 1115 841 ἂν
1158 781 1383 859 φαῖμεν
1405 780 1511 839 τοῦ
1545 776 1655 855 ἔξω
1703 774 1856 840 εἶναι
1898 776 2139 864 μόνον’]
2192 777 2295 841 Ita
2328 776 2520 841 verba
2554 775 2721 840 ordi-

1036 879 1179 943 navi
1239 878 1579 943 secundum
1625 877 1815 943 libros
1860 878 2052 943 MSS.
2117 879 2382 944 Αὗτόθεν
2428 879 2600 944 Fic.:
2647 901 2727 944 σα·

1039 985 1181 1070 ipsa
1208 984 1313 1047 sui
1341 982 1722 1053 conditione,·
1760 980 2038 1068 Taylor:
2072 982 2508 1068 immediately.
2556 984 2729 1046 Neu-

1037 1101 1203 1149 trum
1235 1083 1411 1149 male.
1503 1085 1591 1148 Et
1638 1083 1964 1171 utriusque
2008 1107 2158 1149 usus
2196 1084 2596 1170 reperiuntur
2623 1107 2729 1149 ex-

1035 1187 1240 1274 empla
1284 1188 1350 1251 in
1395 1185 1678 1275 Dialogis
1724 1187 2020 1252 Platonis.
2096 1186 2240 1252 Vid.
2277 1186 2613 1251 Heindorf.
2645 1188 2728 1252 ad

1036 1292 1236 1378 Gorg.
1272 1313 1333 1376 p.
1364 1290 1471 1353 81.
1493 1305 1557 1353 et
1584 1288 1666 1353 ad
1699 1289 1949 1354 Theaet.
1977 1313 2041 1378 p.
2064 1290 2216 1375 348.
2250 1290 2601 1355 Stallbaum
2646 1288 2725 1353 ad

1031 1393 1277 1459 Phileb.
1326 1416 1388 1479 p.
1430 1410 1568 1475 170.
1615 1407 1678 1457 et
1719 1392 1801 1457 ad
1849 1394 2139 1480 Sympos.
2193 1415 2260 1480 p.
2295 1411 2439 1479 213.
2472 1396 2566 1457 A:
2617 1393 2724 1458 ubi

1030 1511 1124 1563 est
1148 1499 1386 1576 statim,
1407 1497 1595 1562 illico.
1690 1495 1935 1561 Omitto
1962 1519 2123 1583 quos
2148 1495 2302 1560 alios
2322 1494 2404 1560 de
2433 1495 2552 1560 hac
2574 1519 2725 1560 voce

1027 1600 1366 1665 laudarunt
1396 1599 1508 1663 viri
1549 1598 1717 1664 docti
1751 1598 1834 1664 ad
1876 1598 2176 1687 Stephani
2222 1597 2415 1663 Thes.
2449 1598 2721 1664 Londin.

1025 1729 1086 1792 p.
1124 1723 1311 1789 2423.
1342 1726 1434 1790 sq.
1526 1701 1724 1767 Addo
1768 1700 2333 1789 wyttenbachium
2372 1701 2557 1766 varioe
2602 1701 2724 1788 sig·

1027 1805 1392 1872 nificationis
1418 1829 1634 1870 causas
1665 1822 2079 1893 exponentem
2109 1805 2173 1869 in
2209 1804 2578 1871 Philomath.
2614 1805 2717 1869 11.

1023 1934 1089 1997 p.
1121 1929 1221 1989 14.
1252 1907 1525 1994 indeque
1551 1906 1631 1971 ad
1661 1906 1892 1971 Stoboei
1922 1907 2215 1994 Florileg.
2243 1907 2542 1995 Append.
2576 1907 2714 1971 Vol.

1028 2015 1147 2078 lv.
1178 2037 1239 2100 p.
1260 2030 1366 2098 57.
1397 2010 1498 2075 ed.
1535 2009 1854 2075 Gaisford.
1885 2025 1948 2074 et
1989 2010 2221 2075 Baehrii
2267 2009 2459 2075 nostri
2502 2025 2717 2075 annot.

1024 2118 1086 2181 in
1121 2114 1436 2180 Plutarch.
1474 2112 1778 2178 Alcibiad.
1813 2136 1879 2199 p.
1912 2130 2055 2198 135.
2086 2136 2184 2200 sq.

1108 2257 1195 2268 —
1230 2239 1325 2283 11.
1374 2218 1407 2282 ὃ
1438 2217 1505 2295 δὴ
1539 2216 1633 2280 καὶ
1655 2215 2012 2295 ἀναμνήσεις
2040 2222 2264 2298 φαῖμεν
2293 2217 2369 2280 ἂν
2391 2220 2494 2296 τῆς
2520 2221 2722 2300 ψυχῆς

1026 2324 1227 2407 duaa]
1281 2320 1386 2385 Cf.
1424 2320 1566 2384 ΙΙΙ.
1600 2337 1662 2400 7.
1697 2340 1751 2383 1.
1804 2319 1920 2382 IV.
1950 2338 2013 2403 3.
2037 2321 2140 2385 26.
2191 2320 2310 2383 IV.
2344 2320 2406 2383 8.
2434 2340 2495 2400 4.
2547 2321 2712 2405 V.5.

1030 2445 1124 2491 12.
1164 2427 1235 2489 V.
1279 2445 1340 2509 9.
1376 2444 1442 2509 5.
1531 2420 1718 2500 Quod
1767 2421 2009 2508 Taylor
2054 2422 2334 2510 proxime
2371 2446 2406 2487 e
2437 2424 2715 2487 versione

1019 2528 1220 2594 Ficini
1247 2525 1518 2614 conjicit,
1547 2524 1612 2588 in
1655 2524 1896 2589 Graecis
1940 2540 2080 2613 post
2121 2526 2363 2607 δυνάμει
2389 2526 2714 2592 inserenda

1017 2654 1146 2695 esse
1173 2629 1344 2695 haec:
1392 2626 1667 2709 ζητητέον
1689 2628 1883 2709 &pasti
1908 2627 1977 2692 τὸ
2000 2626 2387 2710 λογιζόμενον
2419 2631 2515 2694 καὶ
2545 2633 2629 2697 εἷς
2657 2656 2706 2694 ε.

1016 2742 1259 2815 στρεφ.,
1287 2730 1497 2795 nullus
1527 2728 1824 2795 librorum
1855 2729 2060 2818 plura,
2091 2754 2278 2818 quam
2311 2731 2503 2797 editio
2529 2733 2710 2797 exhi-

1011 2838 1142 2915 bet,
1173 2852 1236 2901 et
1279 2832 1616 2900 sexcenties
1658 2832 1979 2897 Marsilius
2008 2833 2379 2900 Plotinianae
2420 2836 2711 2901 brevitati

1013 2939 1319 3030 ejusmodi
1376 2936 1815 3002 additamentis
1871 2936 2195 3002 consulere
2253 2937 2519 3003 studuit.
2619 2941 2709 3004 Et

1015 3044 1211 3108 solum
1256 3040 1294 3123 ἢ
1337 3041 1402 3105 h.
1435 3040 1500 3118 1.,
1534 3052 1606 3102 ut
1649 3038 1983 3124 saepissime
2024 3039 2194 3118 alibi,
2226 3041 2531 3106 universae
2574 3066 2708 3107 sen-

1012 3148 1220 3213 tentiae
1250 3145 1413 3209 vices
1437 3141 2033 3230 gerit.—Caeterum
2062 3144 2142 3208 de
2170 3143 2486 3209 intellectu
2517 3169 2582 3209 se
2611 3145 2704 3232 ip-

1012 3273 1149 3316 sum
1195 3262 1510 3337 spectante
1544 3246 1665 3329 (ὄτι
1708 3247 1742 3309 ὁ
1787 3249 1922 3314 νοῦς
1967 3248 2076 3332 ὁρᾷ
2123 3247 2364 3332 ἑαυτὸν)
2400 3247 2524 3312 vid.
2559 3271 2706 3314 mox

1009 3377 1146 3442 cap.
1176 3374 1237 3434 4.
1283 3350 1418 3416 coll.
1469 3350 1568 3414 11.
1599 3370 1662 3434 9.
1704 3368 1755 3415 ι.
1799 3363 1863 3413 et
1906 3372 2052 3436 quae
2095 3349 2182 3414 ibi
2225 3365 2521 3416 annotata
2558 3367 2705 3417 sunt

1010 3484 1070 3547 p.
1107 3476 1254 3522 200.
1287 3457 1367 3518 E.
1401 3467 1463 3518 et
1493 3452 1574 3517 de
1602 3450 1956 3516 discrimine
1982 3451 2145 3517 inter
2167 3458 2309 3518 νοῦν
2331 3470 2394 3518 et
2425 3458 2705 3535 αἴσθησιν

1007 3575 1220 3628 annot.
1250 3559 1328 3624 ad
1362 3583 1427 3647 p.
1457 3575 1606 3644 307.
1641 3557 1730 3622 G.
1758 3570 1822 3620 et
1865 3555 1947 3620 de
1990 3573 2215 3621 natura
2260 3557 2593 3637 αἰσθήσεως
2619 3559 2698 3623 cf.

1008 3692 1071 3753 p.
1096 3682 1246 3750 452.
1282 3663 1367 3727 D.
1403 3673 1468 3725 et
1497 3684 1561 3748 p.
1583 3677 1731 3748 453.
1760 3658 1911 3748 ibiq.
1944 3662 2187 3725 Annot.

1090 3792 1151 3856 p.
1186 3785 1335 3852 925,
1361 3766 1425 3828 8.
1460 3767 1513 3828 εἰ
1540 3762 2511 3854 πρότερον-λέγει-Σωκράτης]
2550 3767 2704 3830 For-

1006 3888 1164 3936 tasse
1208 3866 1543 3955 legendum
1592 3863 1649 3945 ἢ,
1698 3869 1752 3930 εἰ
1791 3865 2700 3951 πρότερον-λέγοι-Σωκρ,

1008 3973 1172 4039 Illud
1200 3968 1633 4054 προσχρωμένη
1660 3968 1724 4031 in
1766 3968 2241 4034 Nominativum
2272 3971 2705 4055 προσχρωμένη

1004 4074 1442 4143 convertimus.
1533 4072 1829 4135 Ceterum
1872 4094 1911 4135 a
1938 4071 2239 4136 consimili
2282 4071 2704 4160 disputatione

1002 4181 1083 4245 de
1124 4177 1384 4253 ratione,
1411 4196 1557 4262 quae
1586 4172 1748 4236 inter
1791 4176 2090 4254 αἴσθησιν,
2121 4175 2371 4256 μνήμην,
2403 4177 2703 4260 λογισμὸν

1004 4281 1266 4357 obtinet,
1297 4274 1709 4366 proficiscitur
1736 4274 2109 4341 Aristoteles
2146 4277 2323 4342 initio
2355 4279 2700 4366 Metaphy-

1005 4388 1294 4461 sicorum,
1314 4404 1460 4469 quae
1480 4402 1624 4444 cum
1649 4377 1745 4443 his
1766 4378 2137 4444 Plotinianis
2159 4379 2536 4445 conferenda
2558 4397 2707 4447 sunt

1001 4492 1079 4568 ei,
1111 4487 1223 4575 qui
1254 4482 1659 4550 Aristotelicae
1686 4481 2099 4572 philosophiae
2127 4482 2395 4547 indolem
2439 4485 2702 4571 ejusque

1000 4591 1409 4659 differentiam
1452 4612 1491 4653 a
1542 4587 1867 4653 Platonica
1907 4604 2194 4653 accurate
2245 4588 2479 4653 discere
2526 4590 2695 4654 velit.

1007 4699 1224 4763 Utitur
1243 4710 1452 4759 autem
1484 4690 1781 4778 Stagirita
1808 4690 2039 4756 ibidem
2072 4692 2163 4775 (I.
2193 4714 2258 4779 p.
2281 4713 2346 4772 4.
2373 4691 2469 4756 ed.
2500 4694 2700 4758 Bran·

1005 4802 1155 4885 dis.)
1186 4813 1250 4863 et
1276 4798 1408 4885 ipse
1447 4793 1696 4859 nomine
1726 4795 2013 4860 Socratis
2053 4808 2119 4858 et
2163 4793 2379 4859 Calliae
2423 4796 2701 4884 insuper,

1003 4930 1078 4970 eo
1121 4901 1331 4980 mod0‚
1375 4920 1563 4986 quem
1624 4920 1816 4984 supra
1863 4896 2277 4986 explicuimus
2318 4896 2396 4961 ad
2436 4899 2510 4961 V.
2549 4919 2606 4963 1.
2639 4921 2701 4980 4.

1006 5033 1074 5097 p.
1126 5006 1276 5091 485.
1320 5004 1391 5067 C.
1483 5003 1695 5066 Strato
1752 5016 1958 5065 tamen
2020 4998 2465 5086 Peripateticus
2515 5001 2701 5066 etiam

1005 5109 1287 5177 sensibus
1314 5102 1782 5192 intelligentiam
1813 5102 2129 5190 quandam
2161 5101 2467 5167 attribuit.
2546 5104 2700 5169 Plu·

1008 5213 1201 5281 tarch.
1232 5211 1294 5275 in
1325 5209 1486 5273 libro
1516 5206 1944 5272 Terrestriane
1984 5228 2063 5270 an
2090 5205 2391 5292 aquatilia
2417 5206 2708 5272 animalia

1007 5319 1129 5382 sint
1170 5311 1489 5380 callidiora
1515 5333 1582 5398 p.
1623 5313 1767 5393 961.
1799 5313 1887 5374 A.
1933 5332 2001 5396 p.
2036 5309 2183 5393 899.
2216 5309 2467 5397 Wytt.:
2519 5313 2708 5376 καίτοι

2004 499 2834 565 ANNOTATIONES
2900 498 3013 564 IN
3075 497 3529 564 PLOTINI

2807 671 3059 755 ὑπάρχει
3089 699 3140 736 κ.
3160 698 3213 737 τ.
3236 680 3295 735 λ.
3386 673 3555 736 Nam
3584 692 3794 759 operae
3822 671 4092 758 pretium
4115 684 4230 750 est,
4256 671 4510 736 univer-

2808 798 2938 840 sam
2968 774 3452 862 disputationem
3479 797 3626 840 cum
3654 774 4024 841 Aristotelea
4049 787 4113 840 et
4154 773 4513 840 Plotiniana

2810 878 3402 943 conferre.—Mox:
3453 882 3508 943 εἰ
3539 882 3604 942 δὲ
3641 880 3737 943 καὶ
3784 879 4074 959 ἑξελίττοι
4113 879 4222 958 τὴν
4247 880 4507 962 μορφὴν,

2812 983 3032 1064 μερίζει
3076 982 3116 1045 ἃ
3157 983 3196 1062 ἦ
3239 983 3549 1063 φαντασία
3593 982 3829 1047 ἔδωκεν.
3921 983 4113 1046 Hanc
4140 981 4267 1045 vim
4310 981 4512 1068 capli-

2813 1085 3022 1163 candi,
3054 1107 3202 1171 quae
3229 1085 3292 1148 in
3322 1085 3513 1149 verbo
3558 1086 3876 1164 ἐξελίττειν
3904 1084 4085 1162 inest,
4117 1097 4257 1171 post
4284 1083 4513 1150 Jacob-

2815 1186 2973 1252 sium
3005 1187 3086 1251 ad
3118 1187 3481 1252 Philostrat.
3515 1188 3757 1274 Imagg.
3790 1209 3852 1274 p.
3880 1188 4022 1271 728.
4047 1186 4182 1253 aliis
4209 1185 4512 1274 exemplis

2814 1315 2850 1355 e
2883 1290 3198 1357 Plutarchi
3227 1306 3290 1356 et
3334 1313 3542 1355 rerum
3582 1290 3953 1379 scriptorum
3997 1315 4117 1356 usu
4161 1290 4512 1377 desumptis

2811 1393 3147 1458 illustravit
3193 1393 3484 1459 Baehrius
3525 1409 3735 1458 noster
3776 1393 3856 1459 ad
3905 1393 4229 1459 Plutarchi
4275 1393 4503 1480 Pyrrh.

2814 1498 3166 1563 XXVIII.
3212 1518 3276 1583 p.
3310 1515 3456 1583 332.
3549 1498 3939 1584 Frequentat
3980 1498 4258 1585 ejusdem
4313 1496 4506 1561 Verbi

2812 1623 2994 1666 usum
3016 1599 3322 1665 Plotinus.
3372 1599 3513 1663 Vid.
3538 1601 3680 1665 III.
3706 1620 3764 1684 7.
3790 1618 3851 1686 5.
3883 1602 4026 1665 111.
4055 1619 4117 1685 7.
4147 1620 4244 1664 10.
4267 1600 4407 1664 III.
4437 1598 4500 1662 8.

2807 1719 2950 1788 7.et
2973 1703 3052 1768 cf.
3072 1725 3218 1790 quae
3262 1725 3451 1789 supra
3472 1702 3794 1790 posuimus
3815 1702 3893 1767 ad
3923 1705 3983 1768 1.
4011 1725 4071 1785 4.
4110 1725 4166 1768 1.
4197 1726 4257 1791 p.
4289 1722 4387 1788 29.
4421 1704 4500 1768 C.

2890 1829 2954 1894 p.
2990 1808 3143 1890 926,
3180 1826 3279 1869 10.
3327 1804 3463 1870 ἀλλ’
3514 1805 3602 1870 ἔτι
3649 1810 3745 1871 δεῖ
3782 1806 3990 1889 λέγειν
4038 1812 4239 1891 ψυχῆς
4292 1805 4493 1889 τοῦτο]

2807 1908 3048 1995 Taylor
3081 1908 3329 1994 conjicit
3354 1933 3368 1973 ε
3419 1934 3478 1972 α.
3511 1935 3558 1973 ε.
3592 1915 3647 1973 δ.
3678 1908 3884 1992 λέγειν
3913 1913 3969 1974 εἴ
3993 1935 4050 1973 τι
4077 1917 4153 1992 ψ.
4182 1936 4233 1973 τ.
4325 1907 4498 1973 Libri

2805 2034 2929 2077 non
2960 2013 3405 2100 suffragantur,
3437 2035 3642 2100 neque
3663 2035 3907 2076 necesse
3935 2027 4043 2076 est.
4122 2011 4380 2076 Ficinus
4407 2027 4497 2075 ta-

2806 2137 2945 2178 men
2997 2114 3365 2179 sententiam
3415 2128 3583 2179 recte
3631 2114 3954 2202 expressit.
4048 2114 4156 2180 Ad
4212 2114 4497 2202 proxima

2804 2218 3264 2282 annotationem
3308 2217 3602 2305 apposuit
3643 2217 3807 2282 idem
3847 2218 3941 2281 vir
3984 2219 4205 2283 doctus
4250 2217 4498 2282 Britan-

2802 2343 2922 2384 nus
2965 2320 3279 2408 praecipue
3320 2320 3607 2386 adhibito
3649 2320 3877 2386 Proclo
3918 2321 3983 2385 in
4027 2322 4384 2385 Comment.
4431 2321 4492 2383 in

2802 2422 2970 2488 Plat.
3001 2423 3169 2489 Tim.
3199 2442 3442 2511 p.321.

2883 2549 2947 2614 p.
2979 2544 3129 2610 927,
3162 2547 3224 2611 9.
3270 2527 3365 2591 καὶ
3391 2528 3483 2591 ὅτι
3508 2527 3588 2608 μὴ
3618 2528 3772 2614 αὐτῷ
3814 2527 3938 2615 ἀεὶ]
3988 2527 4095 2591 Ita
4131 2525 4380 2612 reposui
4412 2549 4492 2589 ex

2799 2626 2972 2692 libris
3002 2629 3203 2693 MSS.
3267 2628 3455 2706 Quod
3487 2628 3730 2715 Taylor
3757 2643 4060 2717 praeterea
4086 2630 4365 2713 χρώμεθα
4386 2627 4494 2690 ad-

2798 2730 3000 2796 ditum
3026 2729 3179 2808 vult,
3199 2731 3493 2818 quoniam
3527 2731 3783 2796 Ficinus
3811 2732 3929 2797 hoc
3957 2732 4217 2797 verbum
4248 2755 4495 2819 expres-

2798 2833 2911 2898 sit:
2960 2833 3090 2898 sine
3118 2833 3292 2899 libris
3320 2834 3550 2899 addere
3577 2834 3771 2915 nolui,
3795 2835 3906 2922 qui
3937 2835 4148 2915 sciam,
4177 2834 4487 2900 Plotinum

2799 2939 2947 3004 talia
2974 2940 3259 3005 omittere
3287 2939 3481 3005 solere
3501 2954 3564 3004 et
3595 2940 3658 3005 h.
3681 2939 3726 3005 l.
3759 2964 3838 3005 ex
3864 2940 4367 3028 praecedentibus
4393 2965 4492 3005 co-

2792 3042 2979 3130 gitari
3009 3065 3205 3130 posse.

2878 3183 2967 3196 —
3000 3166 3102 3210 11.
3150 3150 3424 3227 αἴσθησις
3472 3148 3541 3210 δὲ
3585 3147 3724 3226 ἡμῖν
3768 3147 4045 3228 ἄγγελος,
4090 3148 4383 3227 βασιλεὺς
4425 3149 4490 3210 δὲ

2793 3248 2940 3331 πρὸς
2974 3250 3123 3331 ἡμᾶς
3165 3249 3436 3334 ἐκεῖνος]
3490 3247 3634 3314 Vid.
3669 3270 3862 3337 supra
3889 3271 3954 3337 p.
3983 3269 4094 3333 49.
4122 3250 4203 3314 B.
4233 3264 4298 3315 et
4330 3249 4491 3315 infra

2794 3373 2853 3438 p.
2887 3354 3033 3438 633.
3091 3355 3176 3436 (c.
3231 3352 3542 3437 XVIII.)
3608 3351 3929 3416 Plutarch.
3980 3352 4061 3417 de
4110 3353 4487 3418 Curiositate

2792 3477 2853 3541 p.
2880 3471 3029 3539 521.
3057 3458 3130 3520 C.
3166 3479 3226 3542 p.
3255 3473 3362 3541 97.
3397 3456 3649 3544 Wytt.:
3700 3460 3794 3519 δεῖ
3823 3457 3908 3529 δὲ,
3944 3456 4022 3523 ὥς
4059 3454 4239 3535 οἶμαι,
4271 3457 4352 3537 μὴ
4391 3482 4489 3521 κα-

2794 3558 2981 3641 θάπερ
3010 3557 3373 3641 θεράπαιναν
3402 3559 3719 3640 ἀναγωγόν
3749 3558 3859 3637 ἔξω
3896 3557 4229 3640 ῥέμβεσθαι
4256 3560 4365 3638 τὴν
4394 3563 4483 3624 αἵ-

2794 3666 3011 3741 σθησιν
3041 3660 3177 3725 ἀλλ’
3211 3661 3713 3742 ἀποπεμπομένην
3740 3661 3855 3725 ὑπὸ
3884 3666 3986 3741 τῆς
4025 3666 4226 3745 ψυχῆς
4277 3666 4375 3727 ἐπὶ
4414 3667 4488 3726 τὰ

2791 3763 3126 3846 πράγματα,
3170 3764 3606 3847 συντυγχάνειν
3634 3765 3832 3831 αὐτοῖς
3872 3766 4024 3847 ταχὺ
4069 3767 4164 3828 καὶ
4201 3766 4483 3847 διαγγέλ-

2789 3875 2941 3931 λειν.
2992 3867 3118 3931 εἶτα
3146 3867 3330 3931 πάλιν
3361 3867 3615 3947 κοσμίως
3645 3866 3812 3934 ἐντὸς
3852 3866 4004 3931 εἶναι
4040 3872 4149 3931 τοῦ
4188 3874 4487 3950 λογισμοῦ

2792 3970 2887 4035 καὶ
2926 3969 3252 4053 προσέχειν
3291 3970 3464 4056 αὐτῷ.
3558 3968 3745 4033 Philo
3788 3970 3834 4033 J
3842 3968 4062 4033 udaeus
4104 3970 4292 4057 Legis
4322 3970 4485 4035 Alle-

2787 4096 2958 4160 gorr.
2989 4096 3050 4161 p.
3076 4074 3218 4136 288.
3253 4072 3465 4136 Pfeiff.
3495 4071 3616 4136 alia
3651 4070 3954 4137 sententia
3985 4089 4281 4159 usurpat:
4347 4080 4483 4142 νοῦς

2786 4176 3078 4257 βασιλεὺς
3104 4176 3481 4240 contrarium
3502 4197 3739 4263 ponens
3767 4180 3909 4239 νοῦν
3930 4178 4240 4256 τύραννον,
4267 4175 4331 4239 in
4352 4176 4486 4241 loco

2792 4279 2874 4343 de
2915 4278 3390 4358 MelchisedecO,
3435 4300 3587 4366 rege
3616 4281 3806 4366 pacis
3853 4279 4032 4359 (βασ.
4078 4282 4179 4358 τῆς
4225 4280 4481 4365 εἰρήνης)

2795 4382 2920 4447 Sed
2948 4382 3030 4446 ad
3080 4382 3361 4446 Platonis
3404 4381 3765 4469 Plotinique
3809 4397 4075 4445 mentem
4123 4381 4387 4448 Procius
4419 4383 4482 4447 in

2791 4483 3109 4550 Alcibiad.
3148 4507 3244 4572 pr.
3285 4509 3339 4550 c.
3376 4488 3479 4571 83.
3525 4508 3588 4573 p.
3626 4505 3773 4569 249.
3809 4484 3898 4549 ita
3939 4484 4258 4572 loquitur:
4309 4493 4485 4552 Μετὰ

2787 4592 2852 4653 δὲ
2881 4589 2950 4653 τὸ
2982 4592 3049 4653 ἐν
3076 4597 3303 4673 ψυχαῖς
3330 4594 3556 4670 πλῆθος
3588 4590 3923 4653 ἀνατείνειν
3955 4586 4102 4675 (leg.
4136 4589 4478 4673 ἀνέτεινον)

2785 4692 3010 4757 σαυτὸν
3053 4694 3150 4757 ἐπὶ
3200 4698 3342 4757 νοῦν
3391 4694 3487 4757 καὶ
3519 4696 3623 4760 τὰς
3673 4695 3882 4774 νοερᾶς
3926 4693 4261 4771 βασιλείας.
4355 4694 4480 4758 Sed

2789 4811 3070 4862 nostrum
3101 4797 3306 4862 locum
3336 4797 3502 4862 idem
3532 4796 3747 4862 laudat
3767 4797 3830 4860 in
3863 4798 4213 4862 Comment.
4244 4797 4307 4862 in
4340 4798 4487 4864 Pla-

2792 4915 2921 4965 ton.
2950 4900 3115 4966 Tim.
3148 4923 3210 4987 p.
3237 4917 3352 4984 77:
3405 4905 3539 4968 νοῦς
3568 4903 3631 4964 δὲ
3677 4902 3840 4981 ἡμῶν
3867 4901 4176 4981 βασιλεὺς,
4210 4903 4484 4982 αἴσθησις

2791 5006 2856 5068 δὲ
2885 5005 3162 5086 ἄγγελος,
3195 5002 3382 5085 φησὶν
3427 5006 3460 5066 ὁ
3501 5003 3688 5086 μέγας
3723 5009 4053 5071 Πλωτῖνος.
4144 5003 4306 5067 Inde
4333 5028 4484 5069 vero

2792 5128 2915 5170 non
2945 5104 3309 5192 conjecerim
3341 5107 3503 5185 ἡμῶν
3533 5104 3750 5193 legisse
3778 5128 3944 5185 eum,
3972 5105 4484 5194 quandoquidem

2793 5208 3145 5272 memoriter
3187 5206 3334 5272 talia
3381 5208 3571 5272 citare
3624 5207 3821 5273 solent
3866 5208 4233 5296 posteriores
4277 5210 4484 5298 philo-

2793 5310 2990 5398 sophi.
3084 5313 3186 5375 De
3214 5309 3482 5375 formula
3510 5315 3646 5378 νοῦς
3674 5313 3707 5374 ὁ
3736 5313 4029 5390 βασιλεὺς
4052 5310 4237 5399 plura
4263 5313 4488 5404 collegi

1011 5414 1353 5500 Στράτωνός
1379 5440 1455 5497 γε
1480 5417 1585 5478 τοῦ
1612 5416 1868 5494 φυσικοῦ
1888 5409 2072 5494 λόγος
2101 5413 2288 5486 ἐστὶν,
2314 5413 2713 5479 ἀποδεικνύων
2797 5412 2877 5477 ad
2910 5414 3219 5502 Porphyr.
3253 5412 3332 5478 de
3363 5413 3506 5477 Vita
3547 5412 3781 5478 Plotini
3810 5437 3867 5478 c.
3894 5433 3959 5500 3.
3989 5437 4054 5502 p.
4085 5414 4191 5501 98.
4221 5416 4321 5483 ed.
4355 5420 4488 5485 Fa·

1014 5527 1089 5591 ὡς
1143 5518 1259 5585 οὐδ’
1308 5518 1701 5584 αἰσθάνεσθαι
1750 5515 1817 5579 τὸ
1867 5514 2146 5596 παράπαν
2192 5516 2334 5579 ἄνευ
2388 5521 2492 5581 τοῦ
2550 5522 2712 5582 νοεῖν
2797 5516 2988 5583 bricii.
