5118 6613
1292 526 1488 592 LIB.
1522 528 1724 594 VIII.
1775 528 2221 594 ENNEAD.
2275 527 2746 607 QUINTAE.
2798 553 2864 620 p.
2903 551 3347 618 1009—1012.

583 697 856 786 reliquos
884 696 1125 764 omitt0.
1198 700 1303 763 De
1332 698 1584 763 Plotino
1610 723 1851 786 quaero,
1878 722 1957 765 an
1986 703 2277 766 substan-

584 802 692 867 tiae
726 801 1103 867 vocabulum
1147 825 1281 867 eam
1324 801 1453 867 vim
1494 802 1743 881 habeat,
1775 816 1848 868 ut
1879 804 2280 892 Lycopolites

585 903 1007 993 Philosophus
1069 905 1276 970 minus
1336 905 1828 993 incorporaliter,
1890 905 2019 971 sive
2081 906 2279 995 magis

580 1006 981 1096 corporaliter
1038 1008 1241 1092 (liceat
1298 1008 1460 1074 enim
1518 1009 1839 1074 brevitatis
1896 1032 2084 1075 causa
2141 1010 2277 1075 haec

584 1114 913 1199 usurpare)
948 1135 1137 1199 quam
1172 1111 1376 1191 Plato,
1420 1112 1592 1177 ideas
1631 1112 1934 1199 accepisse
1977 1112 2277 1178 dicendus

582 1213 700 1295 sit3
742 1237 808 1279 v.
835 1237 891 1279 c.
934 1228 1004 1279 ut
1046 1229 1346 1301 tanquam
1392 1215 1754 1307 substantiae
1803 1215 1960 1281 ideae
2007 1216 2277 1282 habeant

582 1316 924 1383 accidentia
950 1318 1124 1382 varia
1153 1334 1216 1382 et
1243 1317 1567 1383 mutabilia
1594 1333 1711 1384 etc.
1782 1321 1928 1384 Hoc
1959 1319 2008 1384 si
2038 1319 2271 1407 signifi-

580 1436 787 1486 catum
820 1419 1020 1485 voluit
1048 1421 1408 1499 RichteruS,
1440 1436 1573 1487 toto
1610 1421 1762 1487 caelo
1804 1445 1842 1487 a
1886 1438 2093 1489 mente
2124 1423 2269 1488 Plo-

581 1523 695 1588 tini
722 1523 1055 1588 aberravit.
1145 1523 1323 1588 Audi
1355 1524 1543 1590 modo
1574 1525 1706 1590 haec
1733 1526 1926 1590 verba
1950 1526 2167 1591 Nostri
2197 1526 2271 1590 li·

579 1627 694 1692 bro
716 1625 1004 1715 proximo
1029 1649 1095 1715 p.
1112 1627 1265 1711 560.
1284 1629 1370 1692 A:
1413 1632 1574 1695 Νοῦς
1599 1630 1712 1708 μὲν
1737 1630 1807 1708 δὴ
1843 1629 1997 1694 ἔστω
2025 1634 2102 1695 τὰ
2129 1633 2275 1696 ὄντα

582 1731 678 1795 καὶ
715 1729 912 1795 πάντα
951 1732 1019 1795 ἐν
1056 1733 1210 1817 αὐτῷ
1250 1731 1365 1814 οὐχ
1404 1731 1481 1798 ὡς
1525 1733 1593 1795 ἐν
1619 1732 1778 1818 τόπῳ
1820 1732 1995 1817 ἔχων,
2029 1732 2165 1797 ἀλλ’
2199 1735 2276 1802 ὡς

583 1832 762 1899 αὑτὸν
792 1833 971 1918 ἔχων,
1004 1834 1099 1898 καὶ
1129 1833 1197 1897 ἓν
1228 1831 1313 1897 ὢν
1342 1834 1557 1900 αὐτοῖς.
1648 1833 1838 1899 Vides
1866 1834 1969 1900 hic
2004 1850 2270 1901 mentem

583 1935 712 2001 sive
740 1933 1121 2002 intellectum
1149 1934 1400 2001 Plotino
1429 1959 1559 2000 esse
1587 1940 1662 2002 τὰ
1688 1938 1859 2003 ὄντας
1899 1952 2111 2004 nostro
2139 1938 2274 2004 loco

579 2037 778 2103 eidem
809 2039 1010 2104 ideas.
1101 2036 1272 2118 Quid
1302 2038 1577 2124 quaeris?
1633 2038 1884 2105 Plotino
1924 2039 2084 2105 ideae
2127 2056 2275 2107 sunt

579 2165 692 2208 nec
719 2141 783 2207 in
815 2157 1044 2222 mente,
1072 2164 1186 2206 nec
1228 2158 1407 2207 extra
1447 2158 1740 2222 mentem,
1773 2143 1879 2208 sed
1924 2160 2073 2211 sunt
2104 2145 2270 2210 idem

575 2263 766 2333 atque
804 2267 1017 2320 mens;
1063 2263 1281 2332 estque
1319 2245 1774 2334 simplicissima,
1809 2246 1944 2312 haec
1988 2248 2178 2328 notio,
2209 2264 2272 2314 et

576 2372 723 2436 quae
763 2348 943 2414 aliter
970 2348 1226 2414 desiniri
1254 2364 1544 2437 nequeat,
1584 2349 1700 2414 nisi
1741 2371 1873 2416 ease
1913 2350 2105 2430 ideaS,
2135 2375 2267 2417 eas-

576 2451 850 2540 demque
878 2475 1009 2517 esse
1035 2454 1207 2517 entia
1233 2466 1297 2517 et
1324 2453 1648 2517 essentias.
1738 2453 1871 2517 Nec
1905 2452 2088 2519 aliam
2120 2455 2267 2539 Pla·

580 2555 741 2620 tonis
768 2554 963 2643 ipsius
993 2554 1356 2619 sententiam
1387 2578 1518 2619 esse
1538 2554 1757 2643 judico
1782 2555 1995 2621 fuisse.
2083 2558 2269 2636 Quod

578 2673 950 2746 argumento
978 2674 1092 2736 est,
1123 2657 1254 2722 falli
1283 2682 1409 2735 εοε,
1439 2657 1550 2745 qui
1583 2658 1863 2724 Platonis
1898 2659 2059 2726 inter
2096 2660 2267 2726 idea·

574 2784 716 2827 rum
764 2761 1110 2827 doctrinam
1160 2778 1223 2826 et
1258 2760 1672 2826 Plotinianam
1720 2761 2128 2828 differentiam
2172 2764 2265 2830 in-

578 2864 890 2930 tercedere
946 2864 1300 2952 opinantur.
1400 2864 1571 2943 Quid
1605 2868 1633 2929 ?
1698 2866 2267 2955 quod—equidem

575 2968 853 3056 profiteri
905 2990 1025 3031 non
1080 2967 1326 3044 dubito,
1375 2966 1511 3031 aliis
1555 2990 1809 3055 quoque
1858 2969 1922 3033 in
1973 2969 2270 3035 doctrinis

575 3070 815 3158 aliquot
857 3069 919 3135 in
964 3069 1220 3135 clariore
1268 3068 1408 3134 luce
1454 3068 1817 3135 collocatum
1867 3070 1943 3135 iri
1996 3071 2269 3137 Platonis

575 3160 845 3252 decreta,
894 3173 944 3238 si
990 3173 1183 3259 ipsius
1227 3173 1593 3262 interpretes
1641 3174 1884 3241 Plotino
1934 3176 2270 3243 studiomus

574 3299 823 3368 operam
853 3275 1004 3343 dare
1031 3276 1244 3343 velint.

680 3419 770 3434 —
815 3401 881 3468 5.
948 3385 1212 3446 Δοκοῦσι
1256 3381 1324 3446 δέ
1366 3407 1468 3462 μοι
1525 3383 1621 3446 καὶ
1673 3384 1731 3447 οἱ
1781 3386 2116 3467 Αἰγυπτίων
2165 3411 2268 3450 σο-

578 3487 685 3570 φοὶ
715 3514 767 3550 κ.
785 3512 840 3551 τ.
862 3486 962 3572 λ.]
1011 3484 1462 3574 AEgyptiorum
1497 3485 1887 3574 scriptionem
1924 3487 2106 3553 Plato
2135 3512 2262 3554 me-

574 3606 777 3654 morat
803 3589 866 3654 in
899 3588 1173 3654 Phaedro
1201 3611 1264 3676 p.
1296 3604 1439 3671 274.
1471 3613 1563 3676 sq.
1597 3605 1661 3654 et
1689 3590 1753 3654 in
1786 3589 2042 3655 Philebo
2070 3616 2136 3680 p.
2164 3592 2264 3657 18.

574 3691 757 3757 Alios
787 3691 1015 3757 multos
1043 3691 1293 3756 laudavi
1321 3714 1466 3756 cum
1494 3692 1575 3757 ad
1607 3693 1737 3758 Cic.
1768 3693 1848 3757 de
1877 3695 1963 3759 N.
1994 3695 2080 3761 D.
2117 3696 2260 3760 ΙΙΙ.

565 3814 682 3875 22.
712 3818 776 3883 p.
801 3796 946 3860 611.
992 3810 1125 3860 tum
1168 3794 1513 3882 praesertim
1543 3795 1605 3860 in
1640 3797 2086 3862 Commentatt.
2124 3799 2258 3863 He-

572 3896 804 3963 rodott.
839 3898 897 3960 Ι.
928 3920 993 3985 p.
1016 3898 1164 3983 369.
1196 3920 1333 3984 sqq.
1422 3898 1646 3986 Nuper
1671 3911 1882 3962 autem
1927 3898 2087 3964 hanc
2130 3922 2260 3963 rem

570 4000 780 4065 denuo
809 3999 1148 4064 multorum
1181 3998 1402 4064 studiis
1428 3999 1710 4065 certatim
1746 4000 2045 4088 ,agitatam
2078 4024 2261 4067 nemo

569 4104 784 4182 nescit,
843 4102 954 4191 qui
1012 4101 1297 4189 Youngii
1364 4102 1562 4190 Angli
1634 4119 1698 4168 et
1772 4103 2262 4191 Champollionis

572 4205 965 4293 Franoogalli
992 4204 1382 4292 aliorumque
1424 4205 1651 4292 scripta
1679 4205 2015 4294 inspexerit
2045 4208 2158 4291 (cf.
2189 4222 2262 4273 ut

570 4308 691 4374 alia
730 4308 1038 4387 omittam,
1086 4307 1377 4373 Silvestre
1420 4309 1499 4373 de
1546 4311 1703 4395 Sacy
1745 4309 1808 4373 in
1850 4311 2119 4375 Journal
2150 4311 2261 4377 des

575 4415 811 4478 Savans
834 4412 1020 4496 1827.
1044 4426 1107 4476 et
1130 4412 1449 4477 Letronne
1471 4411 1532 4476 in
1556 4416 1613 4477 A
1626 4413 1927 4501 ppendice
1948 4414 2028 4479 ad
2051 4417 2260 4481 Precis

569 4516 657 4582 du
692 4518 974 4605 Systeme
1002 4514 1519 4604 hieroglyphique
1547 4539 1663 4604 par
1694 4519 1794 4583 M.
1824 4518 2259 4607 Champollion

569 4618 629 4685 le
646 4619 842 4707 jeune
869 4642 931 4707 p.
952 4619 1099 4704 376.
1131 4642 1271 4705 sqq.
1302 4618 1399 4682 ed.
1424 4619 1703 4701 secund.)
1755 4620 1941 4698 Quod
1973 4619 2259 4687 Plotinus

570 4722 759 4788 homo
788 4721 1137 4810 AEgyptius
1181 4722 1297 4786 hoc
1339 4720 1475 4787 loco
1511 4722 1958 4810 AEgyptiorum
2000 4724 2257 4791 alteram

569 4823 874 4891 scribendi
903 4824 1225 4904 rationem,
1246 4848 1436 4912 quam
1467 4825 1915 4913 alphabeticam
1949 4827 2140 4915 vulgo
2167 4830 2259 4894 di-

568 4931 788 5010 cimus,
818 4929 931 4995 ubi
977 4930 1110 4995 soni
1153 4931 1319 4996 vocis
1364 4954 1475 5019 per
1519 4931 1836 4996 literarum
1883 4932 2113 4998 ductus
2160 4958 2253 4999 re·

566 5046 1046 5122 praesentantur,
1068 5057 1196 5098 non
1228 5049 1590 5123 usurpatam
1619 5035 1807 5100 fuisse
1837 5035 2257 5103 sacerdotibus

568 5135 896 5224 AE'gyptiis
930 5134 1120 5209 dicit;
1164 5136 1281 5201 hoc
1312 5136 1499 5201 modo
1527 5137 1697 5202 haud
1727 5136 1919 5202 dubie
1960 5154 2054 5203 est
2095 5140 2251 5203 acci-

568 5238 892 5326 piendum,
943 5254 1016 5303 ut
1071 5239 1262 5305 libros
1316 5239 1576 5327 intelligi
1627 5239 1799 5318 velit,
1844 5240 1955 5328 qui
2004 5243 2255 5329 proprie

566 5340 721 5406 sacri
763 5340 1155 5420 dicebantur,
1196 5357 1269 5407 ut
1311 5343 1422 5430 qui
1465 5341 1841 5407 reconditam
1887 5342 2251 5430 religionum

563 5441 906 5509 doctrinam
937 5445 1343 5511 continerent.
1393 5445 1571 5529 (vid.
1599 5446 2081 5526 annotationem,
2111 5463 2253 5536 post

564 5545 745 5627 hanc,
777 5546 1073 5634 tertiam).

3940 543 4063 615 307

2451 738 2539 751 —
2562 722 2616 786 7.
2648 704 2727 783 μὴ
2755 706 2958 772 τύποις
2982 705 3338 788 γραμμάτων
3366 705 3758 785 διεξοδεύουσι
3803 734 3855 770 κ.
3876 731 3932 770 τ.
3952 704 4050 791 λ.]

2368 803 2448 868 In
2476 804 2694 870 eadem
2724 829 2791 871 re
2820 808 3097 886 διεξόδοις
3122 806 3321 872 utitur
3351 806 3537 872 Philo
3558 806 3639 872 de
3670 806 3818 872 Vita
3856 805 4056 871 Mosis

2368 908 2427 972 I.
2458 931 2524 995 p.
2546 909 2696 972 606.
2743 908 3038 973 Hermias
3066 909 3128 973 in
3162 909 3438 975 Platonis
3463 910 3796 976 Phoedrum
3822 934 3885 998 p.
3911 930 4051 996 103.

2362 1010 2558 1076 Astii:
2609 1010 2733 1077 καθ’
2766 1011 2800 1076 δ
2830 1015 2895 1076 δὲ
2927 1014 2994 1076 ἐκ
3021 1017 3128 1077 νοῦ
3152 1015 3473 1096 ὑφίσταται
3505 1015 3570 1097 (ἡ
3598 1015 3810 1097 λογικῆ
3849 1014 4048 1098 ψυχὴ)

2363 1114 2490 1199 ἔχει
2516 1114 2586 1179 τὸ
2619 1115 2850 1198 νοερὸν,
2884 1113 3008 1180 καθ’
3044 1115 3077 1179 δ
3107 1119 3326 1184 ἁπλαῖς
3367 1119 3677 1196 ἐπιβολαῖς
3720 1119 3814 1183 καὶ
3854 1118 3923 1183 οὐ
3966 1123 4048 1183 δι-

2362 1221 2629 1297 εξοδικῶς
2672 1221 2827 1300 αἱρεῖ
2865 1222 2942 1283 τὰ
2981 1221 3256 1299 εἴδη-εἰ
3281 1217 3346 1283 in
3377 1242 3546 1306 seqq.
3593 1221 3687 1285 καὶ
3730 1225 4053 1301 διεξοδικῶς

2362 1323 2599 1404 ἐνεργεῖ
2636 1322 2730 1386 καὶ
2770 1322 3211 1405 συλλογίζεται.
3298 1320 3450 1387 Alia
3473 1322 3618 1388 dedi
3644 1324 3725 1389 ad
3760 1323 4049 1393 Proclum

2360 1424 2422 1488 in
2452 1424 2663 1489 Alcib.
2696 1448 2790 1512 pr.
2820 1448 2888 1513 p.
2921 1444 3068 1511 249.
3100 1440 3164 1491 et
3192 1447 3382 1514 supra
3408 1425 3491 1491 ad
3525 1425 3755 1492 Plotin.
3801 1450 3866 1515 p.
3907 1427 4046 1511 189.

2361 1529 2440 1592 B.
2469 1541 2533 1592 et
2564 1551 2627 1614 p.
2648 1528 2800 1610 478.
2833 1530 2921 1592 D.

2444 1667 2530 1681 —
2558 1651 2654 1696 10.
2687 1633 2968 1718 ἐμφῆναι]
3022 1633 3169 1697 Ηοο
3198 1633 3478 1697 revocavi
3508 1655 3586 1696 ex
3617 1631 3901 1721 plurimis
3927 1656 4044 1720 op-

2361 1733 2650 1822 timisque
2679 1733 2852 1799 libris
2879 1757 2995 1822 pro
3018 1736 3292 1818 ἐμφύναι,
3316 1751 3380 1800 et
3408 1734 3731 1801 Diodorus
3755 1735 3878 1801 Sic.
3902 1736 4046 1801 111.

2358 1857 2423 1918 4.
2467 1836 2532 1900 in
2576 1837 2791 1901 eadem
2838 1861 2906 1901 re
2946 1837 3146 1902 utitur
3172 1836 3482 1903 locutione
3519 1840 3583 1918 ἐξ
3627 1838 4050 1923 ἐμφάσεως.-

2361 1941 2522 2020 Quae
2577 1940 2641 2004 in
2700 1940 3103 2028 sequentibus
3151 1940 3344 2029 hujus
3392 1940 3610 2029 capitis
3655 1940 4048 2029 impeditiora

2358 2057 2527 2122 sunt,
2555 2042 2644 2108 eis
2670 2043 3168 2131 interpunctione
3195 2042 3513 2110 consulere
3540 2043 3774 2109 studui.
3847 2044 4048 2110 Linea

2356 2169 2395 2210 a
2420 2146 2545 2209 fine
2572 2145 2793 2234 quinta
2821 2147 2916 2211 καὶ
2943 2147 3012 2211 τὸ
3051 2149 3117 2211 ἐκ
3155 2146 3444 2228 ζητήσεως
3483 2170 3700 2212 vereor
3743 2170 3820 2213 ne
3863 2148 4046 2236 plura

2357 2249 2546 2313 verba
2597 2262 2659 2313 et
2709 2248 2969 2314 fortasse
3022 2249 3341 2315 sententiae
3394 2249 3633 2337 aliquot
3681 2251 4040 2317 exciderint.

2358 2352 2842 2439 Intelligentiam
2886 2350 3265 2439 reliquorum
3308 2352 3566 2440 adjuvat
3605 2353 3807 2419 Ficini
3845 2355 4044 2420 versio

2355 2456 2453 2520 vel
2480 2454 2871 2543 paraphrasis
2897 2455 3128 2543 potius.
3222 2455 3607 2522 lamblichus
3634 2456 3714 2522 de
3742 2457 3888 2522 Vita
3918 2459 4044 2546 Py-

2356 2559 2528 2647 thag.
2556 2560 2632 2623 V.
2662 2582 2728 2648 p.
2749 2579 2855 2646 52.
2891 2558 3118 2625 Kiessl.
3149 2559 3229 2625 de
3260 2560 3647 2649 Pythagora:
3694 2561 3801 2626 τὸν
3830 2565 3932 2643 τῆς
3960 2567 4041 2627 δι-

2355 2663 2684 2730 δασκαλίας
2718 2665 2940 2744 τρόπον
2979 2662 3351 2743 συμβολικὸν
3376 2669 3569 2729 ποιεῖν
3599 2666 3912 2749 ἐπεχείρει,
3945 2667 4041 2731 καὶ

2353 2764 2545 2846 πάντη
2597 2767 2803 2845 ὅμοιον
2850 2771 2974 2834 τοῖς
3022 2768 3090 2830 ἐν
3138 2768 3415 2853 Αἰγύπτῳ
3465 2767 3779 2852 διδάγμασι
3831 2767 3956 2833 καθ’
4001 2770 4041 2832 ἃ

2357 2869 2572 2950 (etiam
2617 2868 2736 2932 mei
2776 2867 2917 2933 libri
2959 2870 3161 2935 MSS.
3208 2868 3464 2956 plurimi
3510 2870 3671 2936 hanc
3715 2870 4042 2936 lectionem

2352 2973 2722 3037 confirmant
2774 2972 3136 3038 exhibentes
3195 2976 3374 3058 καθὰ)
3435 2976 3764 3053 ἐπαιδεύθη.
3858 2974 4037 3038 Idem

2353 3074 2433 3140 de
2465 3074 2788 3162 Mysteriis
2817 3075 2980 3142 VII.
3017 3096 3070 3140 1.
3118 3098 3178 3163 p.
3217 3096 3357 3160 150.
3391 3075 3607 3141 Galei:
3653 3077 3943 3159 πρότερον
3970 3076 4041 3157 δή

2358 3178 2599 3266 (plures
2641 3178 2783 3245 libri
2826 3179 2946 3244 mei
2982 3179 3076 3264 δέ)
3109 3204 3209 3244 σοι
3233 3181 3533 3261 βούλομαι
3560 3185 3677 3245 τῶν
3704 3182 4040 3263 Αἰγυπτίων

2351 3282 2458 3348 τὸν
2485 3286 2707 3367 τρόπον
2744 3288 2846 3365 τῆς
2887 3284 3203 3367 θεολογίας
3244 3287 3670 3366 διερμηνεῦσαι.
3715 3284 3876 3349 οὗτοι
3908 3285 4034 3368 (οὖ-

2351 3413 2451 3455 τος
2495 3387 2657 3453 Cod.
2689 3387 2902 3472 Leid.)
2936 3391 3050 3470 γὰρ
3078 3387 3186 3467 τὴν
3213 3388 3401 3469 φύσιν
3427 3390 3533 3450 τοῦ
3557 3386 3779 3455 παντὸς
3807 3388 3901 3452 καὶ
3929 3388 4039 3467 τὴν

2352 3492 2732 3573 δημιουργίαν
2758 3497 2875 3555 τῶν
2904 3495 3056 3556 θεῶν
3081 3490 3426 3570 μιμούμενοι
3465 3489 3560 3553 καὶ
3588 3490 3753 3554 αὑτοὶ
3781 3496 3899 3554 τῶν
3924 3516 4031 3570 μυ-

2351 3601 2567 3659 στικῶν
2614 3595 2708 3658 καὶ
2754 3591 3281 3676 ἆποκεκρυμμένων
3332 3593 3428 3657 καὶ
3470 3594 3719 3673 ἀφανῶν
3768 3591 4035 3672 νοήσεων

2351 3698 2580 3764 εἰκόνας
2604 3701 2767 3765 τινᾶς
2796 3700 2892 3761 διὰ
2919 3693 3261 3776 συμβόλων,
3287 3697 3489 3777 ὥσπερ
3519 3696 3616 3760 καὶ
3640 3696 3678 3776 ἡ
3707 3697 3887 3779 φύσις
3912 3701 4033 3782 τοῖς

2349 3799 2647 3882 ἐμφανέσι
2686 3803 2870 3864 εἴδεσι
2897 3799 3031 3866 τοὺς
3057 3800 3308 3882 ἀφανεῖς
3332 3799 3551 3881 λόγους
3577 3801 3674 3864 διὰ
3703 3799 4026 3886 (proeposi-

2345 3901 2573 3967 tionem
2614 3901 2891 3990 neglexit
2921 3900 3078 3967 Cod.
3116 3900 3427 3986 Gothan.)
3460 3903 3785 3982 συμβόλων
3812 3904 4031 3984 τρόπον

2344 4007 2478 4070 τινὰ
2526 4006 2952 4070 ἆπεπητῶσατο
2999 4007 3277 4089 (ἆποτυπ.
3328 4005 3580 4070 Monac.
3629 4004 3840 4091 male.)
3928 4007 4032 4073 De

2347 4108 2651 4172 Hermete
2694 4107 3040 4194 scriptionis
3079 4121 3332 4173 auctore
3373 4107 3625 4175 consule
3668 4110 4028 4198 Horapolli·

2345 4232 2484 4274 nem
2515 4208 2580 4273 in
2614 4209 3030 4299 Hieroglyph.
3066 4212 3126 4276 1.
3163 4230 3260 4293 14.

2426 4350 2515 4363 —
2540 4334 2566 4377 1
2582 4333 2639 4381 2.
2675 4311 2973 4396 ’Ὕστερον
2999 4315 3516 4403 δέ-ἐξεύρισ-κον]
3566 4316 3729 4381 Haec
3757 4331 3905 4382 sunt
3931 4339 4026 4398 ea,

2343 4439 2491 4504 quoe
2533 4417 2724 4482 etiam
2768 4417 3110 4495 hieraticie,
3157 4440 3305 4505 quae
3350 4416 3666 4497 dicuntur,
3707 4418 4027 4486 literarum

2342 4519 2558 4586 formis
2585 4519 2650 4584 in
2677 4519 3131 4585 commentariis
3159 4519 3608 4608 AEgyptiorum
3654 4522 3837 4588 sacris
3877 4547 4023 4589 con-

2344 4622 2786 4710 signabantur3
2834 4645 2974 4687 cum
3003 4621 3145 4687 libri
3175 4622 3426 4711 proprie
3452 4624 3630 4703 sacri,
3660 4625 3703 4689 i.
3724 4649 3778 4691 e.
3812 4626 3879 4706 ii,
3909 4628 4020 4715 qui

2343 4725 2717 4791 remuditam
2746 4725 3112 4813 religionum
3140 4723 3485 4791 doctrinam
3506 4727 3912 4810 continerent,
3935 4732 4029 4796 1ιὶ-

2339 4829 2761 4918 erog'lyphicis
2802 4828 3260 4894 characteribus
3292 4828 3639 4912 (ἀγάλματα
3665 4847 3845 4897 vocat
3874 4833 4021 4900 Plo-

2342 4932 2540 5016 tinus)
2586 4931 2915 5020 conscripti
2958 4946 3159 4997 essent
3206 4930 3364 5015 (vid.
3409 4942 3649 5020 supra).
3738 4935 4022 5002 Tertium

2342 5033 2645 5100 scribendi
2674 5057 2896 5122 genus,
2925 5034 3005 5099 ad
3034 5033 3380 5100 communis
3421 5033 3563 5099 vitae
3603 5058 3784 5101 usum
3829 5040 4019 5126 perti-

2342 5161 2514 5220 nens,
2540 5152 2605 5204 et
2629 5137 2833 5227 ipsum
2864 5137 3319 5204 characteribus
3348 5136 3687 5216 literarum,
3720 5161 3842 5203 non
3873 5140 4024 5207 ima-

2338 5242 2591 5330 ginibus
2631 5242 2948 5321 utebatur,
2978 5257 3042 5308 et
3081 5238 3513 5329 appellabatur
3546 5239 3848 5328 populare
3890 5245 4017 5327 (δη.

2337 5343 2624 5427 μοτικόν).

2424 5471 2489 5535 p.
2519 5465 2709 5525 1012,
2733 5448 2793 5511 6.
2828 5447 2945 5528 ἆρα
2971 5448 3248 5532 οἰόμεθα]
3302 5446 3524 5511 Altera
3559 5445 3742 5512 lectio
3779 5448 4021 5532 οἰόμεθα

2335 5567 2400 5615 et
2440 5550 2578 5638 ipsa
2607 5548 2880 5614 Platonis
2919 5549 3068 5615 locis
3108 5549 3340 5615 firmari
3381 5548 3595 5638 possit,
3624 5565 3697 5616 ut
3723 5550 3787 5616 in
3819 5554 4020 5645 Gorg.

2442 5659 2496 5711 R
2530 5664 2570 5711 r
2604 5646 2651 5710 2
