5118 6613
1016 550 1140 619 290

1010 705 1216 771 nescio
1272 726 1355 769 an
1416 701 1726 790 Sophistae
1771 699 2024 767 facetias
2072 699 2400 788 ambiguas
2448 699 2708 765 sectanti

1010 807 1337 875 conveniat
1392 805 1731 894 suspicari:
1811 808 1961 891 κηρῷ
2008 805 2148 886 κόρη
2196 804 2291 867 καὶ
2346 828 2397 866 τ.
2451 805 2500 866 ἑ.
2556 805 2605 867 ἐ.
2656 831 2705 867 κ.

1013 914 1204 976 Certe
1231 910 1281 974 si
1309 933 1388 974 ex
1416 908 1914 997 praecedentibus
1945 907 2166 974 κάλλος
2193 906 2427 993 cogites
2454 906 2534 970 ad
2569 931 2708 971 ‹ruv-

1009 1018 1178 1093 ἣλθε,
1234 1012 1634 1100 refragantur
1681 1010 2004 1098 sequentia
2052 1008 2705 1092 καὶ-κατηνάγκασεν.

1010 1116 1237 1202 Neque
1287 1113 1453 1178 enim
1501 1112 1987 1201 pulcritudinem
2040 1111 2271 1177 fecerat
2326 1111 2548 1199 pictor,
2597 1110 2704 1175 sed

1009 1215 1301 1304 puellam.

1094 1344 1159 1407 p.
1194 1322 1343 1404 965,
1382 1338 1476 1381 11.
1525 1317 1849 1383 διπλάσιον
1878 1319 1946 1382 ἐν
1983 1317 2138 1403 αὐτῷ
2173 1316 2241 1380 τὸ
2275 1320 2497 1398 ψεῦδος
2536 1318 2709 1398 γενό-

1008 1425 1215 1508 μενον]
1269 1424 1482 1487 Ducta
1532 1420 1667 1484 haec
1711 1435 1857 1484 sunt
1900 1444 1935 1484 e
1981 1418 2261 1484 Platonis
2302 1418 2592 1484 doctrina
2625 1417 2706 1483 de

1011 1528 1186 1605 διπλῇ
1208 1526 1441 1609 ἀγνοίᾳ,
1466 1523 1547 1588 de
1569 1523 1799 1611 quibus
1829 1524 1892 1587 in
1922 1523 2211 1611 pluribus
2239 1522 2522 1610 dialogis,
2545 1545 2707 1610 prae-

1009 1626 1219 1690 sertim
1265 1625 1329 1689 in
1358 1624 1691 1691 Alcibiade
1731 1625 1935 1713 priore
1976 1626 2206 1714 agitur.
2297 1625 2408 1688 Tu
2453 1623 2707 1689 consule

1009 1732 1075 1794 in
1104 1730 1271 1794 hunc
1315 1728 1521 1794 Procli
1565 1731 1918 1794 Comment.
1951 1752 2015 1817 p.
2051 1730 2112 1794 8.
2143 1753 2239 1817 sq.
2270 1752 2338 1815 p.
2378 1747 2520 1794 102.
2558 1727 2700 1811 189.

1011 1836 1285 1923 itemque
1316 1834 1752 1923 Olympiodori
1783 1858 1846 1923 p.
1875 1836 1981 1919 98.
2017 1855 2159 1921 103.
2204 1853 2340 1920 132.
2385 1852 2518 1913 ¹42·
2558 1836 2701 1913 146.

1013 1942 1264 2004 —Mox
1318 1939 1559 2003 verbis:
1609 1942 1771 2005 ἀλλὰ
1818 1943 1959 2020 δόξα
2007 1941 2100 2004 ὅτι
2147 1937 2601 2023 παραδεχομένη
2654 1937 2702 2000 si

1015 2044 1302 2111 Plotinus
1351 2047 1631 2132 Etymon
1685 2045 1969 2129 δέχεσθαι
2018 2043 2354 2126 (δέκεσθαι)
2404 2041 2700 2128 respexit,

1010 2148 1458 2214 consentientes
1486 2148 1677 2213 habet
1708 2147 1801 2211 vel
1838 2148 2206 2212 recentiores
2247 2144 2705 2210 Grammaticos

1009 2253 1301 2318 eruditos,
1375 2253 1535 2318 Vide
1589 2252 1895 2340 Lennepii
1942 2249 2309 2338 Etymolog.
2360 2249 2432 2311 L.
2485 2248 2604 2312 Gr.
2637 2271 2700 2335 p.

1017 2359 1159 2444 183.

1094 2499 1182 2510 -
1207 2463 1304 2525 16.
1353 2462 1489 2525 οὔτε
1518 2460 1767 2543 ἀληθείᾳ
1795 2458 1979 2541 νοῦς,]
2031 2460 2340 2522 Accentus
2369 2453 2704 2520 dictamine

1008 2565 1135 2629 iota
1165 2562 1581 2648 subscriptum
1614 2585 1652 2625 a
1683 2585 1781 2625 me
1809 2576 1936 2634 est;
1986 2559 2158 2648 quod
2203 2582 2326 2625 non
2370 2581 2702 2624 memoras-

1010 2688 1161 2743 sem,
1208 2664 1326 2729 nisi
1359 2664 1491 2728 viro
1536 2661 1768 2728 Plotini
1807 2663 2040 2727 amanti
2086 2663 2148 2726 in
2195 2675 2462 2726 mentem
2498 2661 2700 2725 venis·

1010 2782 1102 2832 set
1129 2794 1143 2832 :
1192 2768 1415 2847 ἀληθὴς
1440 2782 1505 2831 et
1536 2768 1783 2847 ἀληθῶς.

1095 2894 1159 2957 p.
1195 2870 1345 2953 966,
1377 2892 1440 2954 9.
1489 2870 1585 2933 καὶ
1624 2871 1658 2932 ὁ
1698 2873 1832 2935 νοῦς
1881 2869 2118 2947 ζήσεται
2160 2868 2255 2931 καὶ
2302 2866 2535 2950 νοήσει]
2600 2868 2702 2930 De

1008 2972 1246 3037 ratione
1290 2971 1452 3035 inter
1479 2993 1612 3050 ens,
1657 2974 1856 3035 vitam
1885 2984 1947 3035 et
1990 2980 2248 3034 mentem
2281 2969 2699 3034 intercedente

1008 3073 1425 3161 comparanda
1445 3095 1584 3137 cum
1620 3072 1714 3136 bis
1747 3072 1951 3138 Procli
1976 3072 2296 3160 disputata
2316 3071 2379 3135 in
2413 3071 2697 3136 Institut.

1010 3175 1233 3242 Theol.
1295 3199 1432 3264 cap.
1482 3178 1602 3241 CI.
1639 3200 1775 3263 sqq.
1836 3199 1897 3262 p.
1952 3194 2095 3261 150.
2149 3199 2308 3261 sqq.,
2356 3174 2465 3238 ubi
2508 3174 2700 3261 hujus

1007 3280 1307 3347 doctrinae
1327 3279 1531 3345 fontes
1547 3279 1836 3367 rivosque
1859 3278 2072 3367 plures
2092 3277 2517 3343 indicavimus.
2585 3280 2702 3342 Ce-

1007 3402 1210 3449 terum
1233 3384 1370 3448 haec
1398 3383 1751 3448 Plotiniana
1774 3406 1890 3448 suo
1911 3405 2081 3446 more
2109 3382 2439 3469 impugnat
2470 3381 2701 3445 Tiede-

1006 3511 1217 3553 manu.
1261 3487 1322 3551 111
1351 3512 1366 3552 :
1419 3488 1616 3553 Geiet.
1646 3488 1759 3551 der
1786 3487 2096 3576 spekulat.
2129 3485 2525 3573 Philosophie
2557 3486 2634 3549 II
2645 3486 2698 3548 Ι.

1007 3618 1070 3680 P·
1106 3612 1258 3673 400·
1290 3614 1426 3677 sqq·

1092 3720 1160 3784 p.
1192 3697 1341 3780 967,
1368 3714 1432 3780 3.
1482 3696 1615 3759 Μία
1631 3697 1834 3759 τοίνυν
1858 3696 2039 3776 φύσις
2064 3695 2206 3773 αὕτη
2224 3692 2545 3772 ἡμῖν-καὶ
2572 3691 2705 3759 θεὸς

1003 3806 1271 3884 δεύτερος
1321 3827 1376 3862 κ.
1397 3824 1448 3861 τ.
1467 3798 1562 3881 λ.]
1633 3795 2134 3885 Interpunctioni
2192 3792 2514 3860 consulere
2566 3809 2697 3859 stu-

1006 3904 1279 3968 duimus.
1368 3901 1840 3986 Argumentum
1881 3898 2053 3986 quod
2083 3897 2307 3963 attinet
2335 3896 2479 3960 vide
2509 3920 2700 3984 supra

1006 4030 1074 4094 p.
1113 4005 1250 4086 148.
1284 4004 1362 4067 C.
1413 4001 1565 4087 ibiq.
1620 3999 1889 4065 laudata.
1985 4002 2063 4065 In
2118 3999 2334 4088 primis
2378 3999 2505 4064 huc
2547 4000 2700 4065 facit

1005 4104 1549 4196 praestantissimus
1568 4103 1740 4167 locus
1763 4103 1969 4168 Procli
1991 4104 2056 4167 in
2081 4102 2358 4166 Platonis
2380 4103 2698 4167 Timaeum

1012 4212 1111 4275 11.
1142 4233 1208 4297 p.
1230 4228 1331 4294 93.
1363 4208 1546 4294 cujus
1575 4221 1813 4294 partem
1846 4230 2035 4294 supra
2061 4206 2323 4293 apposui
2351 4205 2432 4271 ad
2463 4230 2527 4294 p.
2546 4210 2697 4293 485.

1008 4317 1101 4391 A,
1147 4311 1257 4398 qui
1304 4309 1475 4374 locus
1524 4309 1939 4374 conferendus
1981 4324 2075 4374 est
2118 4331 2259 4374 cum
2308 4325 2539 4387 nostre,
2589 4333 2701 4376 nec

1007 4417 1236 4491 minua,
1266 4436 1412 4500 quae
1437 4414 1555 4478 sub
1582 4414 1770 4478 finem
1814 4413 2039 4478 harum
2076 4412 2451 4477 Enneadum
2484 4411 2704 4499 legun-

1010 4535 1115 4583 tur
1175 4518 1293 4581 VI.
1339 4537 1403 4601 9,
1459 4535 1553 4580 10.
1609 4539 1675 4603 p.
1710 4519 1858 4602 769.
1949 4518 2078 4581 Hic
2122 4515 2471 4580 adscribere
2513 4517 2702 4603 juvat

1011 4619 1377 4687 Cudworthi
1413 4619 1603 4683 verba
1631 4619 1692 4683 in
1739 4622 1909 4707 Syst.
1943 4618 2139 4685 intell.
2174 4620 2291 4684 IV.
2319 4620 2422 4703 36.
2454 4641 2515 4705 p.
2549 4621 2699 4706 636.

1007 4747 1097 4811 sq.
1125 4749 1140 4787 z
1190 4731 1234 4762 “
1265 4721 1391 4799 Qui
1419 4721 1767 4787 accuratius
1794 4722 2215 4810 philosophari
2239 4721 2595 4798 studebant,
2614 4721 2701 4786 illi

1007 4837 1134 4891 tres
1179 4848 1433 4911 quoque
1468 4847 1720 4902 causae,
1752 4828 1883 4889 tria
1925 4829 2118 4891 initia
2144 4847 2386 4904 rerum,
2430 4825 2701 4913 denique

1006 4940 1134 4994 tres
1161 4930 1411 5015 opifices
1439 4926 1843 4992 nominabant
1872 4944 1995 4992 tres
2037 4928 2194 5006 illas,
2225 4928 2304 4992 de
2342 4928 2577 5014 quibus
2606 4928 2700 4992 lo-

1005 5033 1282 5120 quimur,
1315 5044 1590 5094 naturaS.
1681 5030 1781 5094 Sic
1823 5030 2048 5096 Proclo
2081 5030 2148 5112 (l.
2174 5030 2246 5113 l.)
2277 5029 2509 5116 dogma
2537 5030 2694 5095 hoc:

1004 5138 1041 5214 ἡ
1069 5142 1186 5200 τῶν
1213 5140 1389 5217 τριῶν
1413 5139 1565 5198 θεῶν
1582 5133 1907 5214 παράδοσις
1931 5133 2216 5215 (traditio
2244 5132 2326 5196 de
2357 5133 2556 5196 tribus
2579 5133 2700 5197 diis

1004 5238 1257 5303 dicitur.
1346 5238 1490 5315 Quo
1530 5235 1819 5324 pertinet,
1851 5236 2024 5323 quod
2066 5235 2227 5299 idem
2274 5234 2354 5300 de
2384 5236 2445 5299 N
2453 5236 2701 5301 umenio

1006 5341 1238 5419 scribit,
1283 5346 1438 5421 τρεῖς
1482 5339 1902 5419 ἆνυμνήσαντα
1942 5341 2129 5412 θεούς,
2159 5361 2352 5426 quum
2388 5348 2513 5402 tres
2557 5340 2701 5403 deos

1002 5443 1306 5506 celebrare
1351 5441 1550 5518 vellet,
1597 5444 2011 5526 τραγῳδοῦντα
2051 5446 2276 5514 καλεῖν,
2311 5442 2558 5528 tragice
2600 5463 2700 5506 eos

1006 5545 1350 5630 appellasse
1387 5544 1649 5617 πάππον,
1690 5545 1963 5626 ἔγγονον,
2006 5546 2327 5624 ἀπόγονον,
2374 5548 2695 5631 (11111711,ιῇ-

2010 525 2825 594 ANNOTATIONES
2894 524 3006 590 IN
3075 523 3516 589 PLOTINI

2790 699 2973 776 lium,
2999 705 3299 787 nepotem.
3388 694 3684 761 Alterum
3714 693 3877 760 enim
3923 695 4184 761 istorum
4223 693 4486 759 deorum

2794 825 2872 866 ex
2901 799 3181 888 principe
3209 798 3331 864 deo
3350 798 3633 886 genitum
3661 822 3814 878 esse,
3837 798 4091 865 tertium
4109 820 4280 879 vero,
4297 819 4487 886 quem

2795 919 3128 993 propterea
3152 902 3450 992 principis
3478 918 3767 990 nepotem
3797 900 4173 990 appellabat,
4207 923 4287 966 ex
4315 916 4489 965 utro-

2793 1031 2940 1095 que,
2972 1024 3101 1073 tam
3130 1006 3356 1094 primo,
3393 1029 3581 1092 quam
3610 1005 3884 1071 secundo
3911 1003 4214 1093 prodiisse
4240 1002 4382 1083 deo,
4408 1026 4487 1067 ex

2790 1109 2897 1174 illo
2929 1126 3222 1197 tanquam
3245 1133 3386 1187 avo,
3419 1133 3492 1173 ex
3528 1109 3644 1173 hoc
3668 1125 3966 1197 tanquam
3997 1123 4275 1195 parente.
4350 1108 4414 1171 Ν
4420 1127 4489 1169 11-

2793 1214 3035 1279 menius
3074 1213 3362 1302 judicare
3417 1212 3674 1277 solebat.
3764 1214 3845 1276 In
3887 1211 4106 1275 eadem
4150 1209 4230 1274 de
4287 1208 4490 1273 tribus

2792 1318 2912 1383 diis
2943 1318 3245 1384 sententia
3272 1318 3869 1404 Harpocrationem‚
3899 1316 4177 1379 Atticum
4201 1323 4266 1377 et
4295 1312 4485 1376 Ame-

2792 1425 2949 1488 lium
3003 1422 3216 1501 fuisse,
3273 1421 3439 1486 idem
3501 1419 3764 1485 Proclus
3821 1418 4136 1484 memoriae
4187 1416 4488 1505 prodidit.

2791 1528 3081 1597 Quorum
3111 1524 3365 1612 quidem
3410 1523 3671 1588 ultimus
3715 1522 3997 1587 Numina
4032 1521 4152 1587 ista
4187 1518 4485 1602 βασιλέας

2789 1637 2962 1713 τρεῖς,
2992 1640 3121 1695 trec
3147 1650 3352 1717 reges,
3382 1642 3445 1692 et
3473 1632 3628 1709 τρεῖς
3649 1625 4046 1708 δημιουργοὺς,
4078 1634 4205 1689 tres
4235 1624 4341 1710 opi
4451 1643 4485 1686 ε

2790 1750 2854 1798 01
2876 1734 3223 1798 conditores
3251 1731 3474 1796 mundi
3502 1728 3861 1817 appellavit.
3920 1729 4072 1792 Nec
4101 1728 4182 1792 ab
4210 1727 4307 1791 his
4337 1727 4484 1791 Plo-

2790 1840 2959 1903 tinus
2986 1853 3079 1901 est
3105 1835 3366 1912 alienuS,
3396 1834 3506 1920 qui
3536 1832 3799 1898 alterum
3830 1831 4018 1896 trium
4051 1831 4277 1895 horum
4316 1829 4486 1917 prin-

2787 1941 3115 2029 cipiorum,
3148 1944 3291 2004 νοῦν
3319 1937 3637 2014 nimirum,
3669 1958 3780 2000 seu
3814 1934 4077 2022 primam
4110 1946 4376 1998 mentem
4419 1946 4484 1998 et

2789 2041 3281 2131 intelligentiam,
3329 2042 3604 2122 δεύτερον
3662 2038 3821 2112 θεὸν,
3880 2036 4221 2102 seeundum
4279 2038 4484 2109 deum,

2788 2148 3171 2233 nuncupat.”
3287 2146 3448 2208 Hoec
3509 2140 3957 2207 Cudwortbus.
4051 2141 4125 2203 In
4185 2138 4482 2204 Numenii

2792 2250 2996 2315 verbis
3023 2248 3293 2313 laudatis
3320 2270 3438 2335 pro
3477 2246 3734 2328 ἔγγονον
3776 2243 3987 2331 potius
4022 2241 4358 2330 legendum
4392 2242 4481 2305 vi-

2789 2353 3012 2419 deatur
3043 2354 3311 2435 ἔκγονον.
3403 2347 3593 2428 Quod
3620 2370 3770 2412 vero
3801 2345 4089 2411 Amelius
4115 2345 4155 2410 l.
4182 2344 4223 2410 l.
4258 2359 4323 2409 et
4351 2344 4482 2433 ipse

2791 2457 3081 2522 Plotinus
3107 2455 3226 2519 hoc
3255 2454 3392 2541 ipso
3418 2451 3555 2517 loco
3574 2449 3891 2531 βασιλέας,
3921 2470 4127 2537 reges,
4156 2463 4481 2536 usurpant,

2788 2561 2890 2626 hic
2921 2582 3071 2623 usus
3099 2555 3397 2644 loquendi
3418 2555 3647 2619 ductus
3675 2567 3767 2618 est
3795 2576 3874 2617 ex
3904 2551 4321 2640 Orphicorum
4356 2575 4485 2616 mo-

2789 2662 3144 2735 numentis;
3194 2658 3499 2746 siquidem
3540 2657 3605 2721 hi
3643 2666 3850 2744 poetae
3888 2655 3953 2720 in
3995 2656 4120 2720 suis
4165 2678 4482 2743 cosmogo-

2786 2766 2905 2832 niis
2941 2769 3272 2846 βασιλειῶν
3318 2760 3693 2825 mentionem
3728 2758 4235 2845 frequentabant.
4327 2759 4486 2824 Vide

2788 2894 2936 2960 quae
2961 2867 3324 2955 collegimus
3350 2865 3413 2928 in
3442 2861 3798 2952 Symbolica
3827 2877 3891 2926 et
3916 2860 4320 2949 Mythologia
4342 2863 4478 2927 Vol.

2793 2976 2934 3040 111.
2963 2997 3028 3061 p.
3056 2991 3207 3059 315.
3239 2993 3374 3056 sqq.
3401 2967 3503 3033 ed.
3536 2966 3712 3031 alter.
3803 2966 4030 3053 Neque
4057 2967 4483 3052 improbabilis

2785 3079 2920 3142 haec
2949 3076 3307 3163 conjectura
3332 3070 3545 3147 fuerit,
3576 3069 3627 3134 si
3666 3069 3860 3147 dicaS,
3900 3068 4087 3133 etiam
4127 3069 4296 3134 illam
4329 3071 4478 3136 Pla-

2787 3180 3005 3245 tonicis
3061 3176 3430 3242 celebratam
3481 3172 3814 3237 formulam
3859 3174 3893 3235 ὅ
3938 3176 4074 3239 νοῦς
4112 3175 4145 3236 ὁ
4190 3176 4483 3253 βασιλεὺς

2788 3283 3064 3372 ejusdem
3096 3279 3352 3368 originis
3379 3300 3528 3344 esse.

2875 3425 2959 3436 —
2990 3389 3048 3451 6.
3081 3388 3114 3449 ὁ
3139 3387 3204 3448 δὲ
3231 3381 3626 3464 ὑπερκάθηται
3656 3381 3752 3444 καὶ
3777 3381 4150 3462 ὑπερίδρυται
4179 3383 4277 3446 ἐπὶ
4301 3386 4480 3462 καλῆς

2784 3492 2965 3557 οὕτως
3008 3489 3136 3552 οῖον
3177 3492 3465 3569 κρηπῖδος,
3496 3483 3534 3563 ἦ
3577 3485 3640 3562 ἐξ
3684 3484 3863 3548 αὐτοῦ
3901 3482 4259 3570 ἐξήρτηται]
4308 3485 4473 3551 Dedi

2791 3597 3060 3674 κρηπῖδος
3087 3612 3204 3676 pro
3235 3589 3526 3671 κρηπῖδος,
3556 3608 3788 3650 morem
3831 3607 4053 3672 gerens
4095 3589 4475 3654 Grammati-

2787 3696 2897 3775 018,
2930 3716 3200 3782 quorum
3230 3692 3396 3756 locos
3412 3690 3626 3755 citavit
3657 3689 4101 3754 Boissonadius
4129 3691 4207 3756 ad
4244 3693 4477 3757 Marini

2788 3800 2916 3862 vit.
2949 3796 3156 3862 Procli
3188 3819 3251 3884 p.
3285 3796 3389 3858 66.
3421 3794 3503 3858 cf.
3546 3791 3914 3858 Buttmanni
3953 3793 4305 3859 Grammat.
4341 3796 4471 3884 ple-

2785 3901 2942 3965 nior.
3006 3905 3067 3985 §.
3115 3921 3221 3981 41.
3274 3913 3405 3962 not.
3446 3917 3544 3961 10.
3608 3895 3792 3961 Plato
3839 3895 3919 3960 de
3971 3897 4168 3985 Legg.
4222 3920 4285 3985 p.
4326 3902 4472 3986 736.

2785 4018 2942 4069 extr.
2996 4027 3058 4092 p.
3086 4023 3236 4089 390.
3277 3999 3517 4065 Bekk.:
3566 4001 3858 4082 σωτηρίας
3900 4024 3967 4063 τε
4010 4003 4127 4083 γὰρ
4172 4003 4325 4087 ἀρχὴ
4369 4031 4474 4083 με-

2785 4111 2962 4191 γίστη
3006 4110 3237 4173 πόλεως
3287 4109 3428 4184 αὕτη
3472 4107 3761 4187 γίγνεται,
3814 4104 3908 4168 καὶ
3952 4104 4049 4168 ἐπὶ
4091 4108 4302 4186 ταύτης
4351 4111 4480 4173 οἷον

2785 4216 3056 4293 κρηπῖδος
3100 4211 3349 4290 μονίμου
3396 4210 3801 4287 ἐποικοδομεῖν
3851 4207 4102 4271 δυνατὸν
4148 4210 4355 4275 ὅντινα
4404 4214 4480 4276 ἂν

2787 4316 3039 4395 ὕστερον
3058 4315 3406 4391 ἐποικοδομῇ
3431 4336 3515 4377 τις
3538 4311 3762 4389 κόσμον
3782 4308 4090 4373 πολιτικὸν
4105 4313 4481 4393 προσήκοντα

2790 4418 2858 4495 τῇ
2904 4417 3139 4493 τοιαύτῃ
3184 4412 3563 4478 καταπόσει.
3656 4413 3857 4490 Quem
3897 4409 4103 4476 locum
4143 4413 4193 4477 si
4224 4437 4477 4505 respex-

2788 4517 2905 4581 isse
2934 4516 3254 4605 putandus
3285 4516 3363 4580 sit
3395 4514 3704 4592 PlotinuS,
3728 4513 4044 4579 Vaticanae
4073 4515 4316 4581 lectioni
4343 4522 4481 4599 μέν.

2787 4646 2933 4684 οντα
2982 4643 3099 4707 pro
3147 4621 3442 4699 βαίνοντα
3484 4617 3628 4682 inde
3673 4617 4103 4683 auctoritatem
4153 4621 4474 4689 concilies:

2787 4722 2887 4786 cui
2919 4738 3125 4787 tamen
3154 4723 3337 4787 etiam
3383 4721 3702 4808 sequentia
3742 4721 4014 4786 obstant.
4105 4724 4480 4812 Respexisse

2786 4843 2996 4890 autem
3044 4826 3292 4890 videtur
3342 4825 3609 4890 eundem
3658 4823 3929 4888 Basilius
3983 4824 4263 4891 Homilia
4307 4828 4365 4892 1.
4413 4830 4475 4895 in

2788 4931 3098 4994 Hexaem.
3147 4954 3211 5016 p.
3245 4930 3301 4992 8.
3349 4928 3446 4992 ed.
3497 4927 3725 4992 Parisa
3772 4927 4017 5010 λέγεται
4067 4931 4134 4992 δὲ
4184 4932 4338 5014 ἀρχὴ
4381 4938 4477 4999 καὶ

2787 5033 2930 5096 ὅθεν
2956 5035 3190 5113 γίνεταί
3211 5058 3268 5095 τι
3305 5036 3410 5095 τοῦ
3442 5030 3878 5114 ἐνυπάρχοντος
3919 5031 4091 5117 αὐτῷ·
4138 5032 4214 5099 ὣς
4253 5036 4350 5099 ἐπὶ
4390 5041 4478 5101 οῖ-

2788 5138 2914 5203 κίας
2932 5136 3222 5213 θεμέλιος,
3250 5137 3346 5199 καὶ
3369 5136 3465 5199 ἐπὶ
3483 5136 3696 5199 πλοίου
3716 5135 3753 5213 ἡ
3770 5136 3990 5215 τροπίς.
4027 5133 4136 5216 (cf.
4160 5134 4242 5198 de
4270 5137 4471 5226 Legg.

2787 5236 2989 5302 locum
3021 5237 3284 5302 alterum
3317 5260 3380 5325 p.
3419 5238 3559 5322 803.
3594 5240 3700 5301 A:
3750 5240 3824 5300 τὰ
3861 5237 4130 5318 τροπίδια
4168 5241 4471 5319 καταβάλ-

2782 5346 3054 5426 λεσθαι.)
3090 5340 3215 5406 καθ’
3248 5341 3280 5404 δ
3307 5343 3545 5423 εἴρηται,
3565 5323 3757 5422 'Am-(31
3781 5339 4002 5419 σοφίας
4029 5341 4227 5420 φόβος
4256 5345 4473 5423 κυρίου·

2785 5446 2913 5508 οἷον
2952 5448 3067 5525 γὰρ
3110 5444 3310 5525 κρηπὶς
3357 5443 3452 5506 καὶ
3489 5442 3720 5522 βάθρον
3758 5440 3903 5521 πρὸς
3945 5442 4053 5520 τὴν
4095 5444 4407 5509 τελείωσιν
4435 5449 4474 5526 ἡ

2787 5545 3093 5624 εὐλάβεια.
3191 5544 3404 5607 Habet
3434 5543 3532 5608 hic
3561 5542 3736 5606 locus
3770 5542 4084 5629 quandam
4116 5541 4474 5610 redundan-
