5118 6613
1106 547 1223 610 108

1102 718 1395 782 Plotium
1418 727 1477 782 et
1504 718 1782 782 absoluto
1808 716 2074 804 quodam
2110 739 2299 783 sensu
2332 720 2611 804 statuit)
2639 718 2787 784 inde

1099 820 1506 885 necessarium
1548 843 1700 898 esse,
1744 834 1818 885 ut
1856 843 1935 885 ex
1975 843 2104 885 uno
2145 821 2353 885 omnia
2394 844 2651 909 prorsus
2700 822 2788 885 ef-

1098 922 1415 1001 fluxerint,
1444 945 1587 987 eum
1620 945 1815 987 unum
1847 922 1925 987 sit
1952 922 2193 987 binario
2219 922 2449 1012 prius.”

1185 1049 1251 1113 p.
1286 1027 1431 1103 288,
1464 1046 1560 1090 10.
1595 1028 1648 1090 εἰ
1690 1028 1753 1090 δὲ
1790 1026 2327 1112 τοῦτο-ἕκαστον]
2365 1026 2421 1090 F
2424 1025 2530 1089 ic.:
2577 1033 2786 1088 “—ex

1102 1128 1357 1192 materia
1401 1143 1465 1193 et
1512 1129 1713 1192 forma
1770 1139 1863 1192 est
1906 1129 2382 1216 numnquodque
2426 1128 2787 1192 caducum.”

1100 1231 1437 1309 Nimirum,
1465 1230 1797 1319 cogitando
1826 1230 2047 1318 repetit
2076 1254 2154 1295 ex
2190 1230 2559 1319 praecedenti
2589 1234 2788 1312 φθορὰ

1102 1333 1497 1420 Adjectivum
1556 1336 1842 1416 φθαρτόν.
1934 1335 2100 1398 Nam
2158 1333 2219 1397 in
2269 1333 2440 1399 libris
2496 1334 2615 1397 hoc
2662 1355 2786 1397 non

1100 1456 1433 1523 comparet.
1505 1436 1745 1524 Taylor
1766 1436 1984 1501 vertit:
2020 1437 2221 1501 “each
2242 1438 2502 1501 sensible
2531 1436 2787 1523 thing:”

1104 1539 1421 1605 Sententia
1448 1555 1659 1604 autem
1689 1562 1829 1603 cum
1861 1538 1958 1603 his
1978 1539 2393 1627 comparanda
2421 1539 2483 1602 in
2512 1537 2790 1603 Platonis

1102 1642 1421 1708 Phaedone
1463 1667 1519 1710 c.
1564 1644 1666 1708 26.
1713 1665 1779 1730 p.
1822 1645 1932 1729 36.
1984 1643 2193 1730 Wytt.
2246 1640 2335 1725 ἆρ’
2392 1643 2497 1706 οὖν
2547 1646 2628 1729 τῷ
2677 1643 2789 1720 μὲν

1102 1746 1444 1811 συντεθέντι
1499 1772 1564 1811 τε
1623 1747 1718 1809 καὶ
1775 1744 2038 1830 συνθέτῳ
2097 1746 2224 1808 ὄντι
2272 1746 2454 1825 φύσει
2501 1742 2787 1824 προσήκει

1101 1854 1274 1914 τοῦτο
1302 1849 1580 1932 πάσχειν,
1613 1851 1971 1930 διαιρεθῆναι
1998 1848 2178 1926 ταύτῃ
2206 1844 2356 1927 ᾗπερ
2385 1845 2693 1926 συνετέθη.

1184 1990 1275 2002 —-
1309 1971 1404 2014 12.
1435 1953 1563 2015 οἷον
1606 1953 1659 2015 εἰ
1700 1952 1739 2030 ἡ
1782 1949 1970 2032 φιάλη
2017 1952 2099 2016 εἰς
2140 1949 2247 2013 τὸν
2284 1948 2777 2033 χρυσὸν-ὕδωρ]

1104 2053 1346 2141 Taylor
1403 2068 1613 2118 monet
1668 2052 1757 2118 ita
1812 2051 1997 2117 etiam
2052 2050 2353 2115 docuisse.
2457 2050 2785 2115 Platonem

1101 2155 1650 2243 Aristotelemque,
1695 2154 1989 2219 nimirum
2039 2152 2250 2218 omnia
2294 2152 2543 2217 metalla
2602 2153 2668 2217 in
2718 2175 2785 2216 a·

1097 2282 1287 2345 quam
1318 2258 1540 2324 resolvi
1566 2281 1767 2346 posse,
1793 2256 2136 2344 laudatque
2162 2256 2297 2321 haec
2324 2257 2516 2321 verba
2545 2255 2786 2321 Alberti

1104 2362 1329 2450 Magni
1370 2362 1543 2451 apud
1585 2361 1934 2426 Becherum
1970 2360 2035 2423 in
2074 2359 2345 2447 Physica
2387 2359 2790 2424 subterranea

1099 2488 1165 2554 p.
1209 2485 1355 2552 319.
1406 2477 1535 2546 40.:
1603 2471 1651 2503 “
1680 2465 1827 2528 Non
1876 2462 2011 2527 dari
2070 2484 2200 2526 rem
2247 2460 2671 2526 elementalem
2724 2460 2788 2524 in

1098 2570 1279 2657 cujus
1322 2569 1543 2633 ultima
1582 2566 2094 2632 substantiatione
2135 2588 2260 2630 non
2300 2564 2645 2652 reperiatur
2673 2586 2786 2629 au-

1099 2674 1302 2738 rum.''

1185 2799 1250 2863 p.
1288 2777 1433 2859 289,
1471 2797 1526 2839 1.
1583 2772 2300 2859 'Eaveboxkfis-m‘aercssfl
2364 2772 2596 2835 Noster
2653 2770 2791 2834 En-

1098 2878 1280 2942 nead.
1312 2880 1389 2942 V.
1423 2899 1473 2941 1.
1500 2899 1563 2963 9.
1593 2882 1673 2964 τῷ
1700 2876 2099 2957 Ἐμπεδοκλεῖ
2121 2874 2189 2938 τὸ
2216 2880 2405 2941 νεῖκος
2430 2876 2541 2953 μὲν
2564 2878 2789 2954 διαιρεῖ,

1098 2983 1137 3061 ἡ
1166 2984 1231 3046 δὲ
1261 2982 1438 3062 φιλία
1464 2981 1532 3044 τὸ
1565 2982 1633 3045 ἕν
1665 2978 1812 3065 (leg.
1846 2981 2024 3063 ἑνοῖ)·
2058 2978 2373 3056 ἀσώματον
2401 2979 2466 3040 δὲ
2495 2977 2592 3041 καὶ
2620 2975 2794 3042 αὐτὸς

1100 3089 1271 3148 τοῦτο
1309 3088 1422 3164 (sc.
1453 3084 1728 3167 τίθεται).
1761 3085 1836 3145 τᾶ
1865 3083 1929 3145 δὲ
1960 3085 2229 3163 στοιχεῖα
2264 3079 2341 3146 ὦς
2377 3082 2506 3159 ὕλη.
2555 3079 2656 3142 Cf.
2692 3078 2789 3141 Io.

1101 3185 1436 3273 Philopon.
1481 3185 1543 3249 in
1584 3182 1905 3249 Aristotel.
1951 3182 2031 3247 de
2071 3183 2365 3247 Generat.
2395 3195 2459 3245 et
2490 3183 2788 3268 Corrupt.

1104 3291 1157 3355 1.
1190 3313 1254 3378 p.
1287 3311 1348 3376 3.
1379 3313 1439 3355 a.
1470 3313 1534 3378 p.
1567 3311 1632 3371 4.
1663 3312 1721 3353 a.
1745 3287 1805 3351 b.
1854 3287 1952 3352 ΙΙ.
1983 3300 2089 3369 47.
2123 3309 2177 3349 a.
2222 3301 2329 3369 57.
2358 3284 2424 3350 b.
2468 3284 2576 3370 58.
2607 3309 2661 3349 a.
2693 3306 2785 3371 sq.

1100 3409 1163 3458 et
1191 3393 1256 3457 in
1287 3393 1551 3458 Aristot.
1596 3391 1678 3456 de
1718 3390 1945 3455 Anima
1984 3388 2094 3454 lib.
2129 3389 2186 3453 Ι.
2217 3386 2325 3452 sol.
2358 3408 2467 3469 41.
2494 3387 2558 3450 b.
2590 3403 2653 3452 et
2679 3385 2788 3450 fol.

1099 3515 1205 3578 42.
1238 3519 1296 3561 a.
1329 3513 1393 3562 et
1420 3496 1623 3584 ipsum
1654 3494 1918 3559 Aristot.
1947 3491 2028 3557 de
2069 3493 2362 3557 Generat.
2394 3505 2458 3555 et
2489 3492 2788 3577 Corrupt.

1105 3600 1204 3664 ΙΙ.
1235 3621 1297 3685 3.
1344 3598 1706 3686 MetaphyS.
1738 3598 1795 3662 1.
1825 3617 1889 3678 4.
1938 3596 2133 3660 Plura
2175 3593 2348 3659 dedit
2395 3593 2681 3659 Sturzius
2724 3593 2788 3656 in

1100 3701 1483 3790 Empedocle
1509 3726 1572 3790 p.
1606 3717 1752 3784 227.
1785 3724 1918 3788 sqq.
1949 3722 2018 3787 p.
2054 3717 2196 3785 250.
2239 3721 2373 3784 sqq.
2452 3696 2579 3775 Qui
2622 3695 2787 3760 idem

1102 3821 1333 3890 p.171.
1365 3805 1483 3869 ita:
1534 3806 1769 3869 “Nam
1815 3826 1961 3869 cum
2012 3817 2201 3867 staret
2243 3799 2541 3865 sententia
2592 3798 2791 3887 philo-

1102 3908 1299 3995 sopho
1329 3906 1757 3994 (Empedocli)
1789 3905 1997 3971 omnia
2030 3919 2167 3970 orta
2205 3927 2335 3969 esse
2372 3927 2451 3967 ex
2485 3925 2632 3979 υῐιο,
2663 3925 2791 3966 ιιοιι

1101 4033 1137 4075 e
1163 4009 1396 4087 multiS,
1427 4009 1693 4097 putabat
1720 4008 1807 4073 illi
1846 4007 1956 4073 uni
1999 4029 2122 4072 non
2160 4006 2435 4096 plurium
2468 4005 2576 4069 sed
2605 4004 2792 4069 unius

1103 4111 1389 4177 elementi
1435 4125 1719 4176 naturam
1762 4134 1894 4175 esse
1936 4109 2350 4175 tribuendam.
2441 4107 2790 4195 Cujusnam

1103 4238 1253 4279 vero
1295 4214 1580 4279 elementi
1618 4230 1904 4279 naturam
1946 4212 2245 4278 tribueret
2277 4210 2667 4300 potissimum
2701 4209 2787 4274 illi

1106 4317 1216 4382 uni
1246 4342 1296 4382 s.
1329 4317 1599 4382 materiae
1628 4316 1794 4395 rudi,
1817 4316 2105 4381 dubitare
2131 4337 2254 4379 non
2284 4313 2622 4379 admodum
2652 4329 2792 4401 pot-

1101 4434 1236 4486 erat
1261 4420 1451 4485 homo
1479 4419 1952 4508 Pythagoricus
2027 4417 2211 4483 Dixit
2235 4417 2430 4505 igitur
2466 4440 2602 4482 eam
2630 4414 2791 4505 ignis

1103 4536 1389 4588 naturam
1440 4523 1693 4603 habere,
1738 4524 1832 4588 ita
1880 4531 1954 4587 ut
2003 4522 2071 4586 τὸ
2123 4522 2209 4595 ἓν,
2256 4519 2422 4604 χάος,
2472 4523 2606 4599 ὕλη,
2653 4523 2787 4601 πῦρ,

1098 4646 1282 4713 poene
1306 4628 1439 4691 sint
1459 4649 1581 4713 pro
1607 4627 1974 4713 synonymis
2000 4624 2342 4689 habenda.”

1188 4766 1277 4777 —
1307 4746 1363 4793 2.
1393 4727 1798 4811 Ἀναξαγόρας
1825 4731 1889 4792 δὲ
1910 4728 1979 4792 τὸ
1999 4729 2188 4810 μίγμα
2207 4730 2359 4808 ὕδωρ
2378 4728 2791 4790 ποιῶν-νοῦν

1104 4830 1361 4918 ἀναίρει]
1393 4828 1658 4912 Ἀναίρει
1699 4853 1777 4894 ex
1813 4830 1974 4894 libro
2009 4829 2248 4916 optimo
2280 4850 2396 4915 pro
2425 4828 2659 4907 ἀναιρεῖ
2677 4825 2786 4890 de-

1102 4931 1331 5012 dimus,
1381 4931 1524 4997 licet
1566 4946 1631 4997 et
1665 4932 1782 4997 hoc
1826 4931 2078 4997 defendi
2121 4930 2330 5019 possit.
2408 4927 2550 4993 Vid.
2603 4929 2791 4992 modo

1106 5038 1315 5101 Sturz.
1344 5036 1497 5100 Lex.
1543 5034 1845 5123 Xenoph.
1886 5036 1942 5100 Ι.
1974 5058 2036 5120 p.
2070 5031 2488 5118 194.—Quod
2531 5030 2614 5095 ad
2659 5053 2789 5095 rem

1103 5137 1463 5214 tenendum,
1510 5137 1670 5201 hanc
1726 5137 1985 5202 eandem
2041 5135 2512 5201 inconstantiam
2570 5133 2635 5197 in
2693 5132 2791 5198 his

1101 5240 1483 5330 philosophis
1510 5240 1750 5305 notavit
1781 5239 1966 5305 Plato
1990 5238 2070 5304 de
2103 5240 2298 5325 Legg.
2333 5238 2509 5302 XII.
2543 5259 2608 5323 p.
2640 5238 2788 5320 967.

1101 5361 1164 5410 et
1185 5348 1631 5430 Anaxagoram
1659 5341 2056 5431 reprehendit
2076 5340 2355 5429 inprimis
2382 5340 2518 5404 loco
2539 5338 2790 5404 classico

1101 5447 1438 5512 Phaedonis
1468 5469 1535 5534 p.
1566 5445 1673 5532 98.
1695 5468 1756 5511 a.
1784 5443 1865 5509 ad
1895 5466 2084 5532 quem
2113 5442 2315 5508 locum
2340 5440 2787 5531 Wyttenbach.

1100 5549 1164 5614 in
1206 5564 1413 5614 annot.
1452 5572 1522 5639 p.
1557 5549 1700 5636 258.
1728 5572 1818 5636 sq.
1864 5545 2267 5613 Aristotelem
2311 5546 2603 5635 Metaph.
2637 5546 2695 5610 1.
2723 5566 2785 5626 4.

2068 544 2889 612 ANNOTATIONES
2955 545 3066 610 IN
3130 545 3576 611 PLOTINI

2869 716 3144 805 aliosque
3172 731 3356 783 testes
3382 719 3696 798 excitavit,
3719 740 3832 783 nec
3854 717 4088 783 Plotini
4115 715 4382 792 oblitus;
4414 716 4556 804 qui-

2869 820 2990 886 bus
3033 820 3381 886 Proclum
3366 844 3428 885 m
3469 822 3640 886 Tim.
3672 845 3735 909 p.
3777 842 3826 886 ¹.
3878 819 4326 910 Simplicium
4310 843 4374 884 ιιι
4409 821 4558 884 Ari-

2873 938 3017 988 stot.
3061 924 3244 1010 Phys.
3275 947 3339 1011 p.
3375 941 3480 1009 73.
3532 923 3809 1011 aliosque
3853 922 4099 988 addidit
4142 923 4270 988 Ed.
4321 922 4553 987 Schau-

2872 1027 3097 1093 bach.
3080 1049 3145 1091 m
3175 1030 3573 1114 Anaxagorae
3603 1029 3921 1114 Fragmm.
3953 1050 4016 1115 p.
4048 1029 4188 1091 106.
4239 1025 4364 1105 Qui
4402 1024 4553 1090 ibid.

2871 1153 2934 1218 p.
2955 1150 3308 1215 104—109.
3331 1129 3420 1194 ita
3437 1129 3741 1216 disputat:
3773 1137 3820 1170 “
3838 1132 4076 1195 Putant
4092 1128 4255 1193 enim
4278 1128 4561 1193 nonnulli

2870 1242 3078 1298 aerem
3107 1232 3204 1297 vel
3248 1232 3481 1297 aethera
3524 1257 3602 1297 ex
3644 1235 4044 1320 Anaxagorae
4087 1232 4390 1296 sententia
4430 1255 4561 1295 esse

2872 1350 3165 1410 mentem,
3198 1335 3464 1424 ideoque
3505 1358 3641 1400 eam
3675 1334 3882 1400 vocari
3914 1337 4281 1400 λεπτότατον
4315 1349 4379 1400 et
4417 1340 4560 1399 καθ-

2873 1440 3172 1521 αρώτατον
3199 1438 3438 1503 πάντων
3465 1437 4173 1523 >mandram—Primum
4204 1453 4411 1503 autem
4443 1437 4563 1502 hoc

2871 1563 2996 1605 non
3041 1540 3322 1628 sequitur
3364 1564 3441 1606 ex
3488 1539 3943 1617 locis—allatis,
3979 1556 4112 1605 tum
4158 1540 4407 1605 obstant
4444 1538 4562 1605 loci

2874 1667 3062 1732 supra
3095 1644 3288 1722 citati,
3314 1643 3583 1731 denique
3614 1644 4016 1731 Anaxagoras
4057 1642 4284 1731 saepius
4317 1642 4563 1731 vitupe-

2871 1762 3045 1812 ratur
3071 1770 3110 1811 a
3137 1747 3468 1824 veteribus,
3492 1756 3828 1835 propterea
3869 1747 4033 1834 quod
4073 1748 4144 1809 in
4186 1745 4560 1834 explicanda

2870 1871 3083 1914 rerum
3110 1859 3349 1915 natura
3375 1851 3498 1914 sibi
3526 1872 3653 1914 non
3681 1859 3932 1928 constet,
3962 1856 4165 1913 mente
4205 1858 4452 1913 tantum
4491 1851 4563 1912 in

2869 1954 3148 2041 singulis
3189 1962 3436 2032 utatur,
3476 1962 3783 2040 praeterea
3826 1974 3972 2017 vero
4013 1952 4178 2015 alias
4214 1973 4461 2029 causas,
4491 1960 4565 2015 ut

2872 2057 3110 2121 aethera
3148 2065 3207 2120 et
3241 2065 3447 2120 aerem
3493 2065 3660 2120 vocet
3677 2082 3700 2129 ,·
3746 2056 3914 2119 unde
3951 2064 4128 2142 patet
4176 2063 4436 2119 mentem
4484 2055 4562 2118 ab

2872 2161 3015 2223 istis
3064 2159 3440 2246 distingui?
3486 2158 3586 2222 Cf.
3632 2180 3820 2244 quem
3871 2156 4033 2222 idem
4071 2180 4136 2244 p.
4175 2177 4314 2242 109.
4351 2170 4566 2221 contra

2875 2261 3190 2326 Ritterum
3246 2261 3374 2344 (int
3428 2261 3782 2325 Geschichte
3824 2260 3937 2324 der
3979 2260 4311 2324 Ioniachen
4355 2259 4566 2324 Philo-

2871 2365 3083 2453 sophie
3109 2387 3174 2452 p.
3209 2383 3355 2449 250.
3388 2369 3513 2451 sq.)
3545 2362 3805 2428 monuit.
3882 2364 4183 2427 Nostrum
4227 2375 4435 2427 autem
4477 2360 4567 2426 lo-

2873 2489 3016 2532 cum
3046 2483 3191 2532 ante
3218 2467 3431 2532 oculos
3458 2465 3679 2531 habuit
3703 2468 3940 2530 AEneas
3969 2466 4239 2530 Gazaeus
4266 2466 4331 2529 in
4357 2463 4566 2529 Theo-

2877 2570 3131 2657 phrasto
3163 2594 3226 2658 p.
3257 2587 3363 2656 57.
3398 2594 3492 2658 sq.
3530 2571 3606 2633 C.
3643 2569 3893 2633 Barth.:
3943 2566 4079 2633 ἀλλ’
4122 2569 4413 2632 ἀδύνατον
4446 2568 4567 2648 ἅμα

2877 2676 2959 2759 τῷ
3019 2678 3348 2760 δημιουργῷ
3406 2671 3902 2756 παραλαμβάνειν
3952 2672 4060 2751 τὴν
4115 2674 4287 2750 ὕλην.
4372 2675 4562 2734 Τοῦτο

2877 2781 3189 2842 Πλωτῖνος
3232 2776 3754 2858 περιεργαζόμενοι·
3800 2773 3908 2852 τὴν
3949 2775 4101 2854 ὕλην
4148 2778 4358 2855 σαφῶς
4410 2772 4565 2837 πάνυ

2877 2878 3181 2961 προλέγει,
3215 2878 3310 2943 καὶ
3337 2877 3443 2942 τὸν
3461 2876 3875 2959 Ἀναξαγόραν
3898 2881 4175 2962 κωμῳδεῖ,
4200 2877 4292 2940 ὅτι
4317 2876 4398 2956 μὴ
4427 2900 4567 2957 προ-

2876 2979 3046 3061 λέγει
3084 2979 3221 3045 ἀλλ’
3259 2980 3380 3060 ἅμα
3421 2979 3528 3044 τὸν
3566 2977 3917 3061 δημιουργὸν
3961 2978 4057 3041 καὶ
4097 2977 4206 3057 τὴν
4245 2979 4398 3058 ὕλην
4443 2980 4565 3042 εἶσ-

2875 3081 3102 3164 ήγαγεν
3132 3084 3421 3147 ἀδύνατον
3450 3084 3513 3146 δὲ
3544 3081 3682 3162 ἅμα·
3716 3086 3812 3146 δεῖ
3834 3084 3949 3163 γὰρ
3980 3080 4131 3145 εἶναι
4155 3082 4566 3162 πρεσβύτερον

2876 3189 2981 3248 τοῦ
3006 3185 3326 3265 ποιήματος
3352 3184 3457 3250 τὸν
3485 3183 3750 3265 ποιητήν.
3831 3184 4146 3248 Caeterum
4190 3182 4271 3247 de
4314 3186 4395 3268 νῷ
4438 3182 4565 3247 sive

2875 3297 3073 3352 mente
3117 3291 3516 3376 Anaxagorae
3562 3286 3642 3353 cf.
3691 3286 3997 3351 Nostrum
4032 3286 4112 3352 V.
4142 3305 4198 3350 1.
4229 3308 4287 3372 9.
4318 3309 4381 3373 p.
4409 3286 4560 3368 480.

2875 3393 2965 3454 A.
2998 3414 3185 3478 quem
3229 3390 3434 3456 locum
3483 3389 3949 3456 Schaubachius
3977 3388 4016 3454 l.
4047 3388 4091 3455 1.
4123 3388 4419 3456 adhibere
4460 3387 4566 3453 de-

2874 3493 3079 3558 bebat.

2959 3634 3048 3646 —
3077 3618 3137 3682 9.
3172 3599 3269 3661 διᾶ
3310 3597 3668 3679 πραγμάτων
3697 3595 4027 3679 ἀνηνύτων]
4061 3599 4105 3633 “
4125 3594 4253 3659 Per
4293 3593 4561 3680 negotia,

2872 3722 3018 3785 quae
3047 3698 3258 3785 perfici
3290 3713 3632 3786 nequeunt,
3660 3698 3926 3786 ideoque
3954 3698 4188 3763 frustra
4213 3696 4431 3761 fiunt-'⁹
4483 3697 4566 3761 In

2873 3802 3076 3867 forma
3115 3824 3328 3866 omnes
3372 3801 3512 3866 libri
3562 3801 3755 3866 nostri
3799 3799 4211 3879 consentiunt,
4249 3822 4454 3887 neque
4497 3798 4562 3863 in

2876 3904 3155 3970 Platonis
3186 3907 3384 3992 Gorg.
3418 3920 3566 3992 507.
3597 3928 3650 3969 e.
3678 3927 3742 3992 p.
3775 3924 3914 3989 133.
3936 3902 4141 3967 Bekk.
4173 3901 4340 3967 ullus
4367 3900 4562 3966 codex

2874 4007 3128 4072 alteram
3173 4008 3363 4072 habet
3393 4006 3748 4088 ἀνήνυστον,
3789 4029 4002 4071 omnes
4041 4005 4331 4086 ἀνήνυτον
4360 4006 4560 4070 κακόν.

2878 4111 3000 4175 Sed
3048 4124 3387 4197 utrumque
3429 4110 3493 4174 in
3527 4108 3879 4174 citeriorum
3920 4110 4287 4174 Graecorum
4325 4106 4566 4193 scriptis

2874 4214 3152 4291 obvium,
3181 4212 3441 4276 docente
3468 4212 3751 4299 Lennep.
3779 4210 3859 4275 ad
3884 4208 4203 4274 Phalarid.
4228 4207 4436 4296 Epist.
4458 4210 4562 4293 96.

2873 4339 2938 4403 p.
2975 4317 3120 4399 278.
3162 4312 3481 4379 Plutarch.
3519 4313 3800 4401 Pompei.
3830 4333 3937 4399 30.
3969 4334 4035 4398 p.
4070 4313 4249 4395 768.:
4298 4316 4416 4394 φεῦ
4449 4317 4565 4376 τῦν

2876 4420 3175 4498 ἀνηνύτων
3193 4417 3427 4481 ἆθλωνε
3462 4417 3615 4481 Heu
3638 4415 3880 4481 infinita
3898 4413 4263 4480 certamina!
4298 4413 4562 4502 Dionys.

2876 4519 3084 4585 Halic.
3117 4522 3205 4585 A.
3232 4520 3317 4583 R.
3350 4519 3471 4584 VI.
3501 4539 3565 4604 5.
3597 4542 3661 4607 p.
3697 4521 3879 4600 1046.
3917 4516 4133 4582 Reisk.
4167 4523 4291 4585 τοῖς
4323 4518 4389 4583 δὲ
4428 4515 4562 4581 κάτ-

2874 4628 3029 4689 ωθεν
3068 4626 3337 4687 ἐπιοῦσιν
3374 4623 3547 4686 οὐδὲν
3579 4624 3615 4686 ὅ
3652 4647 3709 4686 τι
3742 4622 3821 4701 μὴ
3863 4623 4096 4687 πολλὸς
4137 4619 4294 4685 πάνυ
4334 4622 4567 4702 πληγὰς

2877 4728 2972 4792 καὶ
2999 4728 3216 4792 πόνους
3236 4725 3553 4804 ἀνηνύτους
3574 4724 3789 4807 ἔφερε;
3823 4722 4067 4788 labores
4082 4721 4306 4787 irritos.
4358 4721 4569 4786 Theo-

2875 4830 3011 4894 dor.
3046 4825 3376 4892 Metochit.
3410 4825 3753 4891 Miscellan.
3786 4849 3839 4891 c.
3869 4845 4008 4890 110.
4036 4849 4099 4913 p.
4123 4826 4268 4908 726.
4296 4847 4387 4909 sq.
4423 4821 4562 4887 ἀλλ’

2876 4934 3040 4999 ὅστις
3068 4931 3183 5013 ἄρα
3212 4930 3307 4995 καὶ
3344 4930 3709 5010 πεπείραται,
3739 4926 3777 5008 ἢ
3824 4934 4009 4999 κακῶς
4048 4927 4392 5008 ἀπήλλαξεν
4417 4922 4457 5004 ἢ
4486 4925 4566 4993 ὥς

2877 5033 3139 5115 ἀνήλυτα
3180 5037 3380 5096 πονῶν
3416 5031 3683 5115 ἠλέγχθη
3723 5032 3930 5117 (Lege
3967 5052 4109 5095 cum
4159 5029 4317 5095 cod.
4361 5027 4558 5093 Paris.

2876 5136 3185 5221 ἀνήνυτα).
3257 5136 3428 5199 Sext.
3477 5130 4559 5221 Empir.111.56.p.143.Fab1-.

2875 5237 3155 5318 ἀνήνυτοί
3180 5240 3296 5304 εἶσι
3324 5240 3485 5320 παρὰ
3511 5242 3632 5305 τοῖς
3660 5241 4029 5319 δογματικοῖς
4056 5233 4315 5301 στάσεις.

2956 5377 3046 5390 -
3081 5358 3179 5407 12.
3229 5342 3324 5405 καὶ
3376 5343 3431 5405 εἰ
3477 5340 3658 5407 οὕτως
3714 5341 3977 5419 ἄπειρον,
4037 5338 4114 5405 ὥς
4169 5336 4560 5423 ἀδιεξίτητον]

2875 5444 3039 5507 Haec
3067 5441 3286 5508 ultima
3315 5465 3439 5507 vox
3481 5440 3709 5529 saepius
3750 5439 4031 5528 legitur
4017 5463 4082 5503 ιιι
4121 5438 4219 5503 his
4247 5436 4566 5504 Enneadi-

2873 5545 3014 5625 bus,
3047 5559 3120 5610 ut
3151 5545 3263 5610 v1.
3296 5545 3357 5611 6.
3388 5560 3484 5626 17.
3519 5544 3637 5608 VI.
3664 5563 3725 5628 9.
3750 5544 3810 5606 6.
3844 5541 4108 5606 Proclus
4138 5543 4298 5607 Inst.
4333 5539 4562 5606 Theol.
