5118 6613
1547 537 1863 604 INDEX
1905 539 2253 605 RERUM
2298 540 2430 604 ΕΤ
2476 539 3032 606 VERBORUM.

550 708 840 769 materiam
869 729 994 789 quae
1019 710 1108 770 vel
1137 722 1422 790 respuant,
1445 712 1534 772 vel
1563 731 1650 772 re-

547 790 843 932 maziam
881 872 1179 932 informem
1224 792 1422 953 ρθιΕἰεέ
1450 811 1653 954 1111ιὲ112ιέ

628 974 745 1013 11011
774 973 944 1049 posse
970 954 1181 1013 formas
1532 972 1641 1033 591

549 1033 859 1106 materiam,
881 1037 930 1094 si
956 1035 1266 1096 formarum
1294 1036 1650 1117 principium,

629 1136 743 1176 non
776 1136 941 1194 posse
967 1136 1090 1176 esse
1116 1119 1427 1198 subjectam
1530 1134 1642 1196 591

550 1197 839 1257 materiam
867 1217 1009 1269 esse,
1032 1200 1353 1278 quicquid
1336 1220 1396 1258 ιιι
1437 1203 1651 1259 mundo

628 1292 735 1346 est,
794 1291 855 1337 et
915 1279 1125 1339 formas
1187 1281 1650 1361 imaginamentm

627 1360 780 1419 unde
807 1375 1076 1439 sequatur
1531 1378 1641 1440 591

550 1441 838 1501 materiam
893 1442 1104 1501 formas
1157 1442 1456 1522 suscipere,
1504 1463 1650 1522 quo-

630 1522 800 1581 modo
827 1522 1258 1603 intelligendum
1287 1524 1438 1604 apud
1457 1526 1650 1584 Plato-

630 1624 762 1664 nem
1531 1625 1565 1683 3
1579 1625 1602 1664 1
1613 1624 1645 1684 5

550 1684 841 1744 materiam
865 1686 1190 1745 naturaliter
1208 1686 1450 1746 formam
1480 1707 1653 1767 appe-

629 1779 747 1826 tere
1532 1785 1600 1843 71

551 1846 837 1907 materiam
869 1867 985 1906 non
1007 1847 1122 1927 pati
1146 1848 1317 1908 simili
1338 1789 1653 1909 ostenditu3

1423 1976 1446 2000 ,
1532 1949 1649 2006 312

551 2009 840 2070 materiam
870 2023 930 2070 et
955 2011 1195 2069 sormam
1225 2031 1259 2070 a
1284 2031 1453 2072 causa
1488 2031 1651 2090 sepa-

629 2105 748 2151 rata
772 2093 1020 2172 pendere
1531 2095 1649 2153 622

550 2173 841 2233 materiam
885 2193 1000 2232 non
1044 2173 1160 2253 pati
1203 2173 1527 2234 firmissimo
1563 2194 1650 2233 ar·

627 2267 904 2348 gumento
931 2254 1244 2314 declaratur
1331 2277 1336 2282 ·
1530 2275 1647 2332 312

553 2335 846 2395 materiam
890 2335 949 2394 in
990 2337 1322 2430 corporibus
1361 2355 1484 2395 esse
1510 2357 1650 2415 qua·

630 2430 759 2476 tuor
799 2416 1145 2498 argumentis
1186 2417 1505 2476 ostenditur

1305 2497 1423 2557 Fic.
1452 2520 1507 2578 p.
1536 2515 1648 2575 272

552 2578 839 2639 materiam
908 2579 968 2638 in
1037 2579 1253 2639 mundo
1313 2579 1653 2660 intelligibili

630 2680 754 2721 esse
780 2662 1048 2741 probatur
1540 2662 1651 2720 160

550 2742 839 2802 materiam
870 2761 1070 2802 omnes
1097 2741 1352 2802 similiter
1373 2741 1654 2802 definiunt

1538 2826 1649 2884 162

548 2903 836 2964 materiam
861 2904 1115 2964 motione
1135 2918 1195 2963 et
1214 2904 1491 2964 alteritate
1510 2925 1650 2965 con·

628 2985 748 3044 flari
778 2999 842 3044 ut
867 2986 1297 3066 intelligendum
1356 2987 1422 3044 F.
1452 3007 1509 3065 p.
1536 3002 1643 3062 271

551 3069 847 3126 materiam
876 3066 1005 3125 odio
1032 3067 1408 3126 deformitatis
1436 3088 1571 3136 suae.
1595 3080 1655 3127 et

632 3147 981 3227 appetitione
1022 3148 1157 3207 boni
1198 3150 1438 3208 sormam
1479 3167 1652 3229 appe·

633 3242 752 3288 tere
1535 3245 1652 3309 719

554 3314 843 3371 materiam
901 3332 1016 3370 non
1062 3331 1184 3371 esse
1238 3312 1652 3372 dimensionem

631 3394 901 3471 probatur
1302 3395 1424 3454 Fic.
1455 3415 1510 3473 p.
1539 3397 1654 3470 276

552 3473 845 3533 materiam
875 3473 1114 3553 primam
1144 3476 1373 3535 subesse
1400 3474 1653 3554 corpori·

635 3556 739 3614 bus
1541 3559 1646 3617 161

553 3637 845 3695 materiam
862 3636 996 3695 Deo
1014 3651 1353 3697 coaeternam
1375 3658 1489 3697 non
1507 3658 1649 3708 esse,

634 3717 812 3776 tribus
852 3719 1128 3797 probatur
1167 3718 1477 3778 rationibus

1304 3801 1424 3860 Fic.
1454 3821 1509 3879 p.
1538 3801 1652 3860 268

552 3900 619 3938 ex
640 3878 889 3939 Materia
914 3882 1081 3940 rebus
1101 3902 1226 3960 quae
1253 3881 1409 3941 labes
1436 3880 1657 3941 accidat

550 4061 618 4101 ex
646 4041 891 4101 Materia
916 4041 1144 4101 informi
1170 4064 1343 4123 quum
1375 4063 1447 4102 ne
1474 3979 1656 4101 foi-sgia

633 4123 858 4200 quidem
906 4124 1133 4184 formari
1173 4126 1375 4205 possit,
1422 4123 1656 4183 minime

634 4203 804 4263 vitam
832 4225 999 4283 posse
1535 4221 1646 4283 591

558 4298 826 4365 martyres
852 4286 1064 4346 Plotini
1103 4299 1357 4365 tempore
1393 4287 1655 4364 frequen-

635 4378 721 4462 tes
865 4446 898 4461 ..
1342 4367 1460 4426 Fic.
1494 4388 1550 4447 p.
1576 4385 1653 4444 50

556 4460 901 4507 matrimonii
929 4468 1111 4507 causae
1544 4469 1655 4525 ¹44

555 4528 847 4589 medicinae
874 4530 1089 4589 fructus
1311 4529 1430 4590 Fic.
1460 4551 1515 4609 p.
1534 4549 1655 4608 409

557 4609 849 4669 medium
835 4631 891 4668 ιιι
922 4630 1159 4705 corpore
1541 4631 1655 4689 109

553 4691 803 4750 medium
834 4711 1040 4771 corpus
1079 4691 1140 4751 in
1175 4692 1390 4753 visione
1432 4693 1656 4773 priusne

635 4772 874 4850 accipiat
1535 4793 1647 4850 441

556 4853 801 4913 medium
832 4852 980 4912 inter
998 4874 1100 4913 ens
1126 4866 1186 4914 et
1214 4855 1353 4915 nihil
1375 4857 1438 4915 F.
1462 4879 1520 4936 p.
1548 4873 1651 4933 127

557 4932 850 4994 medium
835 4952 892 4991 ιιι
924 4933 1114 4993 anima
1137 4936 1274 5014 quid
1545 4957 1655 5013 109

553 5015 740 5075 media
765 5012 880 5072 vita
905 5034 1032 5091 quae
1577 5020 1654 5096 38

558 5095 743 5156 media
791 5106 989 5154 natura
1034 5095 1184 5155 inter
1222 5096 1561 5177 impartibile
1602 5113 1658 5159 et

636 5174 894 5256 partibile
1540 5182 1655 5256 362

557 5258 814 5317 meliores
843 5256 1199 5337 benigniores
1543 5264 1656 5320 208

560 5340 939 5399 membrorum
1002 5338 1100 5407 vis,
1164 5361 1291 5418 quae
1351 5339 1409 5398 in
1480 5354 1652 5401 attra-

638 5421 826 5481 hendo
866 5420 1219 5480 nutrimento
1259 5421 1525 5490 cernitur,
1568 5423 1656 5481 di·

633 5521 792 5560 ver-³⁸
1535 5522 1658 5580 434

560 5584 936 5643 membrorum
1002 5584 1251 5663 corporis
1314 5583 1541 5643 humani
1598 5599 1658 5644 et

640 5663 880 5742 partium
913 5665 1107 5725 mundi
1136 5665 1363 5727 collatio
1539 5685 1647 5744 231

1735 714 2119 773 membrorum
2156 726 2216 773 et
2255 713 2500 794 partium
2543 712 2603 772 in
2646 713 2833 773 omni-

1817 797 1919 854 bus
1961 797 2127 855 rebus
2168 796 2435 876 splendor
2473 809 2534 854 et
2575 795 2787 855 utilitas

2486 877 2606 936 Fic.
2637 898 2692 957 p.
2715 875 2832 952 428

1735 958 2115 1016 membrorum
2163 958 2415 1018 desectus
2468 969 2528 1017 et
2579 976 2837 1038 perversa

1811 1038 2146 1098 constitutio
2171 1040 2322 1099 unde
2347 1051 2611 1099 causetur
2717 1038 2835 1115 562
2904 1085 2909 1090 .

1734 1121 2115 1179 membrorum
2154 1120 2388 1180 humani
2415 1120 2666 1199 corporis
2702 1140 2838 1199 cog-

1814 1200 1972 1260 natio
2492 1202 2611 1262 Fic.
2639 1223 2695 1282 p.
2720 1217 2831 1277 225

1733 1281 2008 1342 memoria
2033 1281 2169 1360 quid
2715 1301 2836 1359 304

1733 1363 2003 1424 memoria
2025 1363 2132 1422 utri
2152 1362 2356 1422 animae
2381 1365 2690 1425 conveniat
2715 1383 2831 1442 393

1733 1446 2007 1504 memoria
2031 1446 2408 1503 humanorum
2445 1460 2578 1526 post
2615 1445 2833 1506 obitum

1812 1537 2068 1586 remanet
2717 1542 2833 1604 395

1733 1609 2007 1668 memoria
2051 1626 2282 1667 curnam
2331 1628 2417 1678 ea,
2462 1629 2588 1686 quae
2635 1609 2837 1687 soepius

1812 1688 2147 1756 audivimus
2177 1702 2472 1749 teneamus
2714 1704 2837 1765 454

1733 1768 2005 1830 memoria
2032 1771 2319 1848 quomodo
2360 1771 2417 1828 in
2459 1789 2628 1830 sensu
2656 1770 2834 1830 collo·

1811 1864 1970 1911 cetur
2717 1870 2838 1929 394

1733 1932 2006 1993 memoria
2056 1931 2204 1992 sitne
2251 1932 2309 1991 in
2358 1932 2654 1992 animabus
2708 1946 2840 2013 post

1815 2027 2056 2073 mortem
2717 2032 2836 2091 390

1731 2097 2009 2155 memoria
2035 2094 2210 2154 stellae
2238 2114 2355 2154 non
2385 2094 2646 2174 indigent
2714 2113 2832 2171 423

1732 2176 2011 2236 memoria
2036 2176 2093 2236 in
2123 2179 2273 2236 Jove
2299 2177 2610 2236 collocatur
2714 2196 2827 2251 401

1734 2257 2003 2318 memoria
2030 2277 2326 2337 puerorum
2356 2260 2519 2317 firma
2717 2274 2837 2335 454

1734 2339 2060 2399 meminisse
2085 2338 2220 2418 quid
2249 2342 2325 2398 sit
2756 2341 2835 2399 ib.

1735 2421 2059 2480 meminisse
2097 2421 2279 2480 differt
2319 2422 2391 2479 ab
2432 2418 2811 2499 intelligentia

2716 2521 2835 2578 390

1735 2583 2079 2643 mensuratio
2106 2583 2392 2662 quomodo
2420 2582 2642 2641 dicatur
2669 2584 2834 2651 ratio,

1812 2677 1873 2724 et
1889 2677 2080 2724 tamen
2099 2667 2409 2743 ponaturin
2428 2663 2700 2724 relatione
2717 2680 2750 2741 5
2763 2681 2838 2741 74

1736 2765 1898 2805 mens
1926 2746 2062 2824 quid
2528 2746 2647 2804 Fic.
2678 2766 2733 2824 p.
2761 2762 2838 2823 79

1733 2845 1897 2886 mens
1928 2827 2118 2906 imago
2143 2825 2260 2885 Dei
2532 2826 2652 2886 Fic.
2681 2847 2735 2905 p.
2766 2846 2838 2904 19

1737 2929 1897 2968 mens
1940 2909 2175 2967 materia
2213 2908 2518 2966 formarum
2562 2907 2828 2967 idealium

2488 2988 2607 3049 Fic.
2638 3011 2695 3070 p.
2722 2992 2838 3067 269

1736 3090 1896 3130 mens
1925 3070 2079 3130 ideas
2105 3082 2410 3130 contuetur
2721 3072 2839 3147 356

1736 3172 1897 3211 mens
1924 3152 2111 3211 divina
2138 3171 2238 3231 per
2265 3151 2419 3210 ideas
2451 3171 2583 3211 suas
2611 3172 2725 3230 qua
2753 3172 2839 3211 ra-

1816 3234 1976 3293 tione
2012 3245 2142 3315 agat
2169 3232 2227 3291 in
2259 3232 2569 3300 materiam,
2599 3253 2841 3313 quomo-

1815 3316 2003 3396 doque
2022 3335 2155 3395 erga
2175 3316 2466 3374 materiam
2493 3317 2695 3374 affecta
2721 3317 2835 3392 665

1737 3417 1900 3457 mens
1941 3397 2133 3457 divina
2172 3397 2463 3476 quomodo
2505 3396 2843 3456 invenienda

1739 3580 1898 3620 mens
1938 3558 2128 3618 divina
2167 3579 2305 3638 quas
2348 3558 2502 3618 ideas
2543 3560 2749 3618 habeat
2802 3497 2841 3555 9

2487 3641 2606 3700 Fic.
2637 3661 2694 3719 p.
2721 3659 2842 3714 440

1738 3742 1899 3781 mens
1939 3721 2227 3801 quomodo
2268 3720 2586 3780 libertatem
2637 3721 2843 3779 habeat

1739 3904 1899 3943 mens
1946 3896 2006 3943 et
2053 3881 2243 3942 anima
2290 3881 2348 3940 in
2400 3881 2619 3942 unitate
2667 3881 2838 3942 simul

1817 3965 2104 4042 quomodo
2185 3963 2510 4023 distinctam
2597 3966 2844 4023 habeant

1818 4044 2240 4104 multitudinem
2722 4046 2840 4123 598

1739 4146 1899 4186 mens
1925 4146 2055 4185 vera
2081 4146 2371 4204 nunquam
2403 4126 2676 4186 mentitur
2722 4146 2842 4204 519

1738 4228 1899 4266 mens
1925 4221 2138 4267 aeterna
2534 4208 2653 4267 Fic.
2683 4229 2740 4288 p.
2765 4226 2842 4286 79

1738 4309 1900 4348 mens
1928 4288 2177 4349 efficiens
2211 4302 2271 4347 et
2295 4288 2630 4368 exemplaris
2673 4309 2844 4349 causa

2535 4371 2654 4429 Fic.
2685 4391 2742 4450 p.
2760 4390 2842 4448 49

1739 4471 1900 4511 mens
1927 4450 2126 4511 artifex
2155 4451 2348 4510 mundi
2377 4452 2667 4529 quomodo
2702 4472 2842 4511 oon-

1816 4532 2077 4612 cipienda
2489 4532 2612 4592 Fic.
2643 4554 2698 4611 p.
2720 4552 2795 4610 43
2814 4553 2833 4591 1

1738 4632 1900 4672 mens
1926 4635 2041 4694 quo
2069 4628 2200 4674 actu
2229 4627 2423 4694 vergat
2449 4613 2507 4672 in
2539 4614 2710 4673 finem
2755 4633 2842 4672 re-

1819 4715 1941 4754 rum
1971 4695 2233 4755 ultimum
2727 4712 2797 4772 72
2813 4715 2834 4754 1

1739 4795 1901 4835 mens
1922 4776 2210 4855 quomodo
2237 4774 2502 4855 gignatur
2720 4777 2840 4852 488

1739 4877 1902 4917 mens
1929 4857 2122 4916 omnia
2150 4857 2321 4916 habet
2489 4855 2608 4915 Fic.
2637 4878 2698 4937 p.
2719 4858 2840 4934 438

1739 4938 1945 4998 mentis
1998 4952 2157 4998 actus
2203 4939 2429 5017 quando
2483 4937 2838 4998 animadver-

1818 5033 2013 5079 tantur
2055 5098 2069 5113 ·
2239 5100 2252 5113 ·
2536 5020 2652 5078 Fue.
2684 5040 2739 5099 p.
2763 5036 2835 5098 53

1739 5114 1949 5241 323:
1974 5120 2196 5240 31211ῗέ
2200 5101 2510 5260 ⁸geiseriptio
2535 5102 2840 5261 1710115ξὲ

1741 5262 1944 5321 mentis
1960 5261 2212 5322 actiones
2232 5283 2346 5322 non
2363 5262 2750 5340 impediuntur
2762 5280 2838 5340 37

1739 5343 1945 5402 mentis
1965 5343 2250 5403 aeternitas
2265 5345 2555 5484 quomodo
2575 5346 2843 5424 probetur

1819 5443 1853 5482 a
1881 5423 2106 5483 Plotino
2493 5426 2612 5484 Fic.
2641 5448 2696 5506 p.
2721 5443 2838 5504 592

1739 5503 2634 5565 mentissubstantiaindividuaF.
2649 5528 2706 5585 p.
2722 5527 2840 5585 349

1739 5584 1942 5644 mentis
1970 5598 2030 5645 et
2054 5606 2322 5647 sensuum
2352 5590 2645 5666 passiones
2723 5607 2835 5666 553

1739 5665 1943 5726 mentis
1969 5668 2292 5728 constantia
2535 5670 2651 5730 Fic.
2680 5691 2737 5749 p.
2763 5674 2839 5731 80

3898 559 4023 627 437

2917 712 3123 774 mentis
3151 714 3460 811 progenies·

2917 796 3123 856 mentis
3162 808 3222 855 et
3261 797 3493 856 rationis
3532 794 3832 856 discrimen

3669 879 3788 939 Fic.
3815 898 3873 957 p.
3894 897 4015 953 440

2918 956 3096 1016 menti
3117 958 3372 1036 quaedam
3394 980 3496 1039 per
3514 979 3576 1020 se
3594 957 3841 1040 cognita,
3862 979 4018 1038 quae·

2997 1038 3127 1097 dam
3159 1038 3329 1098 insita
3898 1060 4017 1117 520

2918 1132 3169 1179 mentem
3218 1120 3452 1180 materia
3496 1121 3840 1201 superiorem
3889 1141 4016 1181 esse

3000 1201 3148 1260 unde
3176 1203 3443 1280 probetur
3896 1219 4014 1282 592

3894 717 4014 791 489

2916 1294 3171 1342 mentem
3215 1282 3425 1342 formas
3464 1282 3777 1363 disponere,
3809 1304 4016 1362 easque

2998 1363 3145 1443 ipsas
3171 1363 3476 1444 complecti
3897 1366 4008 1442 561

2919 1458 3166 1504 mentem
3197 1445 3594 1506 transcendere
3620 1444 3753 1524 quid
3901 1448 4014 1503 208

2919 1528 3196 1585 mentium
3226 1526 3540 1586 divinarum
3563 1526 3724 1584 dotes
3742 1526 3868 1585 duae
3896 1528 4017 1601 464

2917 1606 3202 1668 mentium.
3214 1620 3274 1666 et
3302 1609 3617 1667 animarum
3645 1607 4016 1667 substantiam

2997 1707 3223 1767 semper
3241 1688 3533 1748 distinctas
3553 1708 3694 1758 esse,
3717 1688 3854 1748 licet
3875 1692 4021 1748 inter

2997 1770 3147 1848 ipsas
3174 1772 3252 1828 sit
3280 1769 3546 1830 mirabilis
3577 1768 3711 1829 unio
3900 1772 4014 1848 653

2921 1852 3199 1910 mentium
3239 1863 3298 1909 et
3345 1851 3631 1910 stellarum
3673 1853 4022 1930 comparatio

3671 1931 3789 1991 Fic.
3821 1952 3881 2011 p.
3903 1935 4023 2011 438

2917 2005 3237 2072 Mercurius
3264 2014 3531 2090 antiquus
3662 2013 3785 2071 Fic.
3817 2034 3876 2092 p.
3902 2031 4020 2092 549

2917 2092 3236 2153 Mercurius
3251 2093 3511 2187 ancipitis
3528 2094 3817 2153 naturaeF.
3832 2117 3887 2172 p.
3904 2115 4020 2174 209

2918 2175 3235 2233 Mercurius
3276 2174 3607 2252 sapientiam
3649 2174 3930 2253 significat

3674 2256 3793 2315 Fic.
3823 2278 3879 2334 p.
3907 2277 4019 2316 210

2921 2335 3226 2396 mercurius
3251 2356 3381 2396 cum
3401 2334 3786 2415 generationis
3814 2337 4020 2397 instru-

3000 2431 3197 2477 mento
3223 2437 3258 2476 a
3285 2417 3561 2477 veteribus
3597 2437 3699 2477 cur
3726 2420 4020 2479 introduc-

2999 2515 3093 2557 tus
3902 2519 4014 2576 321

2918 2582 3228 2639 mercurius
3256 2580 3488 2639 rationis
3513 2592 3709 2639 auctor
3735 2581 3799 2639 F.
3823 2602 3878 2658 p.
3906 2599 4022 2658 209

2919 2663 3253 2721 mercurium
3295 2660 3758 2721 chamaeleontem
3800 2661 4024 2742 fingunt

2997 2741 3264 2837 astrologi
3667 2743 3787 2801 Fic.
3814 2764 3870 2821 p.
3907 2745 4023 2803 206

2919 2823 3227 2883 mercurius
3249 2823 3537 2902 quomodo
3558 2822 3876 2883 indifferens
3913 2844 4022 2898 140

2921 2906 3229 2964 mercurius
3279 2905 3532 2965 medium
3582 2904 3729 2963 inter
3770 2905 4023 2983 planetas

3000 2986 3223 3045 obtinet
3681 2984 3797 3045 Fic.
3828 3007 3885 3065 p.
3913 3007 3932 3045 1
3950 3007 4019 3063 75

2922 3069 3181 3127 mercurii
3205 3067 3449 3127 ambitus
3948 3068 4022 3127 ib.

2923 3148 3179 3208 mercurii
3206 3149 3451 3228 planetae
3478 3150 3631 3208 dona
3698 3150 3816 3209 Fic.
3848 3170 3885 3228 p
3907 3167 4023 3226 550

2922 3228 3182 3290 mercurii
3224 3230 3281 3288 in
3325 3230 3691 3290 conversione
3733 3251 3942 3290 munus

3714 3312 3834 3372 Fic.
3866 3333 3919 3391 p.
3944 3314 4023 3389 36

2923 3392 3180 3453 mercurii
3210 3392 3291 3451 vis
3683 3392 3801 3452 Fic.
3831 3414 3886 3472 p.
3908 3413 4015 3468 231

2926 3474 3182 3534 mercurii
3226 3472 3405 3533 motio
3446 3492 3547 3532 cur
3590 3474 3842 3532 nondum
3884 3477 4021 3532 satis

3002 3555 3353 3653 deprehensa
3673 3555 3792 3614 Fic.
3822 3575 3877 3632 p.
3907 3574 4013 3613 221

2924 3635 3181 3695 mercurii
3199 3634 3580 3695 inconstantia
3596 3635 3745 3695 unde
3763 3637 3823 3695 F.
3839 3658 3892 3714 p.
3908 3638 4022 3694 218

2924 3717 3281 3777 mercuriales
3307 3737 3407 3776 cur
3429 3716 3713 3796 sapientes
3739 3717 3804 3775 F.
3835 3738 3888 3795 p.
3910 3735 4023 3792 207

2925 3798 3216 3857 metallum
3260 3798 3416 3877 quid,
3460 3797 3669 3857 Plotini
3710 3797 3994 3858 sententia

3681 3880 3801 3939 Fic.
3829 3900 3886 3958 p.
3906 3880 4025 3954 306

2925 3959 3139 4019 metalli
3168 3959 3419 4020 definitio
3681 3960 3800 4020 Fic.
3832 3981 3887 4040 p.
3912 3978 4020 4036 173

2925 4041 3152 4101 metalla
3177 4061 3279 4101 0111·
3307 4041 3596 4120 liquefiant
3684 4042 3803 4101 Fic.
3832 4063 3887 4120 p.
3915 4061 3934 4100 1
3951 4060 4027 4118 74

2927 4123 3278 4182 metallorum
3321 4136 3380 4182 et
3419 4122 3669 4204 lapidum
3713 4122 3975 4183 formatio

3679 4205 3798 4265 Fic.
3831 4225 3887 4284 p.
3906 4207 4027 4282 306

2925 4284 3281 4344 metallorum
3314 4287 3551 4344 materia
3671 4286 3789 4346 Fic.
3821 4307 3879 4366 p.
3915 4304 4028 4362 174

2926 4365 3279 4425 metallorum
3309 4378 3486 4459 pater·
3949 4368 4024 4426 ib.

2924 4445 3337 4525 metaphysicus
3380 4446 3488 4506 veri
3532 4446 3767 4526 falsique
3806 4468 4007 4508 censor

3721 4530 3840 4589 Fic.
3993 4548 4022 4605 7

2925 4608 3337 4689 metaphysicns
3365 4622 3432 4667 ut
3459 4611 3557 4669 fiat
3584 4610 3804 4670 animus
3872 4551 3927 4609 p
3948 4549 4026 4670 i3b.

2924 4690 3291 4771 metaphysici
3319 4691 3564 4751 officium
3950 4692 4025 4752 ib.

2924 4773 3304 4852 metaphysica
3331 4772 3661 4832 honoranda
3952 4793 4022 4831 22

2924 4853 3307 4948 metaphysica
3323 4854 3589 4914 omnibus
3606 4852 3855 4913 scientiis
3873 4857 4027 4930 prin·

3002 4935 3150 5014 cipia
3177 4935 3348 4996 tradit
3717 4933 3831 4993 Fic.
3862 4954 3920 5012 p.
3947 4935 4023 5009 38

2924 5015 3307 5110 metaphysica
3333 5031 3423 5077 est
3448 5013 3739 5076 dialectica
3777 5015 3840 5073 F.
3870 5036 3925 5093 p.
3947 5032 4021 5090 37

2926 5097 3343 5177 metaphysica
3330 5118 3387 5157 ιιι
3416 5097 3616 5176 quibus
3643 5108 3891 5154 versetur
3949 5116 3979 5153 2
3998 5116 4017 5153 1

2924 5178 3306 5273 metaphysica
3357 5177 3645 5258 quomodo
3705 5196 3837 5235 cum
3884 5196 4023 5270 erga

3004 5259 3387 5354 prudentiam,
3415 5274 3534 5319 tum
3579 5256 3819 5335 reliquas
3848 5257 4022 5317 virtu·

3002 5357 3087 5403 tes
3115 5342 3315 5401 affecta
3341 5340 3418 5399 sit
3715 5339 3832 5398 Fic.
3864 5360 3919 5418 p.
3945 5343 4023 5416 38

2924 5424 3323 5515 metaphysicae
3350 5418 3669 5495 subjectum
3943 5422 4021 5480 ib.

2923 5503 3315 5596 metaphysicae
3342 5504 3499 5581 quies
3951 5523 3981 5560 2
3998 5523 4018 5562 1

2923 5583 3316 5665 metaphysicae
3356 5596 3417 5642 et
3458 5582 3651 5662 logicas
3691 5583 3987 5644 discrimen

3720 5665 4022 5746 lssep-37
