5118 6613
1308 578 1509 642 LIB.
1554 577 1756 642 VIII.
1802 578 2257 644 ENNEAD.
2306 577 2701 642 PRIMAE.
2745 600 2812 665 p.
2849 593 3203 664 147—150.
3895 593 3971 661 73

529 748 735 816 στάσις
762 747 1058 836 praeferas
1080 773 1094 812 :
1117 751 1335 835 factio
1361 758 1555 830 coeat,
1583 751 1805 815 seditio
1831 750 1961 814 fiat.
2054 748 2207 813 Alio
2276 752 2670 836 pravitatem
2730 754 3060 837 corporum
3115 750 3493 837 refrigerati
3555 754 3614 813 et
3669 749 3972 836 impediti.

524 874 704 916 sensu
752 854 1087 916 συστασίαν
1129 865 1390 939 usurpat
1435 852 1598 916 infra
1642 854 1761 918 VI.
1810 870 1867 935 7.
1918 870 2022 917 20.
2069 851 2204 916 init.

524 953 834 1030 PlotinuS,
863 968 927 1018 et
957 957 1250 1019 σύστασιν
1278 972 1466 1042 atque
1502 954 1821 1023 συστάσεις
1847 954 1969 1025 Vl.
1999 975 2061 1041 3.
2099 974 2202 1041 25.

527 1058 645 1122 VI.
677 1073 743 1141 7.
772 1077 870 1120 11.
958 1055 1181 1121 Alium
1209 1057 1377 1122 vocis
1407 1058 1616 1125 στάσις
1645 1080 1849 1136 usum,
1881 1082 1998 1146 pro
2028 1058 2201 1122 κατά-

520 1186 747 1235 στασις,
777 1158 1154 1247 attingemus
1180 1159 1343 1224 infra
1368 1161 1449 1224 ad
1483 1162 1580 1224 II.
1623 1181 1678 1225 1.
1713 1180 1770 1227 2.
1801 1183 1869 1247 p.
1896 1177 2000 1247 97.
2034 1163 2116 1225 F.

608 1285 674 1350 p.
712 1283 853 1347 149,
886 1279 949 1346 7.
1001 1262 1298 1343 Γενομένη
1341 1267 1456 1346 γὰρ
1502 1263 2202 1346 κυρία-ἐμφαντασθέν-

522 1369 644 1452 τος]
697 1367 878 1453 Saepe
921 1364 1203 1429 dativum
1251 1365 1411 1453 regit
1460 1365 1579 1431 hoc
1624 1366 1904 1431 verbum.
1996 1367 2202 1430 Marc.

525 1467 825 1533 Antonin.
858 1469 954 1531 ΙΙ.
994 1486 1091 1532 12.
1134 1471 1209 1532 τὰ
1247 1468 1409 1550 ἐμφά
1450 1471 1739 1550 ταζόμενα
1781 1469 1954 1555 αὐτῷ,
1987 1467 2097 1532 ubi
2126 1468 2205 1532 de

523 1584 825 1658 potestate
850 1570 1024 1635 verbi
1053 1569 1177 1634 vid.
1210 1570 1440 1636 Gatak.
1490 1595 1551 1659 p.
1573 1591 1681 1655 49.
1730 1573 1947 1659 SyneS.
1992 1570 2072 1635 de
2114 1570 2206 1634 in-

524 1696 718 1738 somn.
750 1696 812 1760 p.
841 1693 980 1759 139.
1014 1696 1070 1737 c.
1120 1672 1331 1738 Petav.
1366 1673 1511 1756 γένη
1555 1672 2205 1755 δαιμόνων-εἰδωλικά

523 1800 588 1840 τε
614 1777 761 1839 ὄντα
791 1776 887 1839 καὶ
922 1780 1044 1842 τοῖς
1085 1775 1415 1856 γινομένοις
1458 1777 1960 1858 ἐμφανταζόμενα.
2010 1774 2203 1839 Ploti-

523 1899 641 1941 nus
674 1878 786 1941 VI.
818 1896 877 1961 7.
911 1894 1014 1943 22.
1058 1899 1123 1963 p.
1160 1892 1306 1960 714.
1353 1883 1458 1943 τοῦ
1502 1878 2017 1961 ἐμφανταζομένου
2059 1878 2203 1942 κάλ·

520 1987 664 2048 λους
715 1978 803 2045 ἐπ’
851 1981 1068 2047 αὐτοῖς.
1146 1978 1321 2044 Sicut
1370 1994 1581 2045 autem
1632 1981 1894 2046 verbum
1942 1978 2205 2067 simplex

523 2082 925 2163 φαντάζεσθαι
965 2082 1321 2169 frequentat
1364 2082 1768 2172 philosophus
1810 2098 2019 2148 noster
2061 2081 2207 2147 Pla-

524 2184 686 2250 tonis
714 2183 794 2249 ad
824 2184 1180 2272 exemplum
1215 2186 1323 2267 (de
1352 2209 1481 2272 quo
1508 2186 1724 2250 monui
1766 2187 1849 2252 ad
1891 2211 1956 2275 p.
1986 2202 2090 2272 50.
2126 2187 2202 2249 Β.

521 2299 587 2352 et
627 2286 814 2375 plura
853 2286 1139 2374 exempla
1182 2288 1444 2377 adposui
1488 2289 1553 2353 in
1602 2289 1870 2354 editione
1912 2288 2206 2377 peculiari

523 2389 664 2454 libri
691 2389 771 2454 de
801 2389 1060 2454 Pulcrit.
1091 2414 1153 2478 p.
1187 2411 1258 2476 13
1263 2396 1545 2477 5.137.)‚
1573 2376 1663 2458 ita
1688 2415 1810 2457 non
1839 2392 2045 2456 minus
2073 2414 2208 2457 ver-

527 2493 612 2558 bo
651 2492 993 2580 composito
1037 2492 1394 2558 delectatur.
1473 2494 1617 2559 Vid.
1648 2497 1721 2560 V.
1767 2519 1823 2560 c.
1857 2496 1999 2560 111.
2046 2496 2103 2559 6.
2144 2512 2204 2577 7.

528 2596 666 2660 111.
712 2597 776 2660 6.
816 2616 914 2676 14.
984 2596 1124 2660 111.
1172 2599 1234 2660 6.
1272 2612 1367 2679 17.
1438 2597 1579 2663 ΙΙΙ.
1625 2599 1688 2662 6.
1726 2598 1827 2662 18.
1893 2600 2014 2663 VI.
2042 2618 2109 2680 4.
2138 2619 2201 2679 4.

526 2698 747 2763 Tertio
775 2696 908 2762 loco
937 2697 1163 2786 legitur
1192 2698 1375 2764 etiam
1417 2700 1874 2766 substantivum
1904 2701 2201 2784 ἐμφάντα·

524 2827 635 2875 σις,
667 2825 796 2888 quo
823 2815 1030 2865 carent
1062 2802 1318 2866 Lexiea.

609 2940 694 2955 —
722 2905 822 2968 16.
865 2902 1065 2968 Ἀλλὰ
1109 2912 1341 2987 κρατεῖν
1385 2904 1760 2970 ἔδει-Ἀλλ’
1801 2907 1872 2972 οὗ
1916 2905 2201 2995 καθαρὸν]

524 3006 798 3071 Notetur
824 3006 1146 3093 particulae
1175 3006 1411 3072 iteratae
1441 3032 1592 3073 usus
1619 3008 1802 3095 plane
1824 3008 2203 3088 Platonicus,

523 3131 710 3197 quem
739 3109 1027 3197 deinceps
1055 3109 1237 3175 multi
1265 3110 1665 3199 adoptarunt.
1755 3112 2071 3177 Locorum
2100 3135 2206 3177 co·

521 3210 689 3300 piam
739 3212 1098 3301 suppeditat
1147 3213 1599 3300 Wyttenbach.
1650 3213 1734 3278 ad
1780 3214 2086 3279 Phaedon.
2138 3238 2205 3302 p.

528 3334 673 3396 142.
732 3316 836 3380 De
880 3317 1018 3404 ejus
1059 3316 1380 3404 particuloe
1424 3316 1486 3381 in
1533 3318 1984 3406 objectionibus
2027 3318 2089 3382 vi
2134 3341 2207 3383 ac

522 3432 825 3506 potestate
852 3441 976 3483 non
1009 3443 1457 3507 usquequaque
1484 3421 1772 3485 convenit
1798 3421 1960 3486 inter
1983 3421 2209 3486 Gram-

524 3521 776 3587 maticos
801 3522 1185 3587 recentiores.
1275 3522 1420 3587 Vid.
1453 3524 1739 3610 Hoogev·
1770 3522 1851 3588 de
1880 3523 2203 3590 Particull.

525 3647 678 3711 p.4.
736 3627 866 3690 IX.
918 3625 1018 3691 ed.
1057 3626 1307 3691 Sch'utz.
1360 3626 1465 3692 alt.
1502 3627 1714 3715 Viger.
1761 3626 1843 3691 de
1895 3627 2204 3692 Idiotism.

524 3748 588 3813 p.
620 3747 764 3812 470.
795 3741 860 3793 et
886 3728 966 3794 ad
993 3752 1135 3793 eum
1170 3731 1513 3794 Hermann.
1582 3728 1775 3794 Adde
1808 3732 2011 3795 Wess.
2045 3729 2199 3795 Alb.

524 3851 644 3893 van
677 3829 929 3918 Hengel
959 3833 1225 3895 Annott.
1257 3830 1321 3894 in
1350 3830 1485 3895 loca
1512 3829 1810 3895 nonnulla
1836 3830 2005 3895 Novi
2032 3830 2202 3895 Test.

525 3931 783 3997 Amstel.
818 3933 1000 4015 1824.
1031 3956 1093 4021 p.
1120 3933 1263 4019 138.
1295 3956 1384 4020 sq.
1445 3933 1803 4020 Utrobique
1830 3947 2038 3998 autem
2068 3933 2131 3997 h.
2161 3932 2206 3998 1.

525 4036 894 4101 vertendum
921 4051 1055 4100 erat
1074 4037 1200 4110 At,·
1248 4034 1754 4124 quandoquidem
1784 4038 2208 4124 responsionis

524 4138 650 4202 vim
693 4139 943 4227 proprie
983 4138 1187 4204 habet.
1279 4138 1404 4203 Sed
1435 4138 1581 4204 talia
1606 4137 1670 4202 in
1700 4138 1901 4203 Ficini
1928 4138 2207 4204 versione

523 4241 633 4328 qui
664 4242 870 4306 ubivis
909 4241 1215 4328 corrigere
1244 4241 1414 4321 velit,
1445 4240 1498 4306 is
1541 4240 1770 4306 calcem
1814 4263 1939 4306 non
1975 4240 2205 4307 videat.

526 4343 831 4423 Quocirca
874 4343 1100 4409 sufficit
1149 4345 1392 4410 Graecae
1434 4342 1667 4431 linguae
1715 4343 2022 4409 studiosos
2062 4343 2206 4410 hinc

522 4445 669 4511 inde
698 4444 919 4511 harum
949 4446 1353 4511 minutiarum
1379 4445 1791 4511 admonuisse.

609 4572 675 4636 p.
702 4567 844 4634 150,
876 4570 933 4614 Ι.
981 4551 1185 4632 κράσει
1211 4554 1409 4634 τοιᾷδε
1437 4549 1753 4637 σωμάτων]
1787 4550 1843 4613 F
1845 4546 2043 4614 icinus
2068 4571 2206 4613 ver-

524 4650 599 4715 tit
626 4677 641 4716 ε
686 4662 855 4717 certa
883 4653 1153 4740 quadam
1181 4674 1510 4739 corporum
1539 4650 1982 4738 complexione.
2050 4653 2206 4716 For-

523 4770 683 4821 tasse
726 4755 844 4820 hoc
887 4777 1224 4843 pronomen
1269 4753 1664 4819 referendum
1707 4754 1786 4819 ad
1828 4776 1924 4833 ea,
1954 4777 2099 4840 quae
2143 4754 2205 4818 in

521 4857 1031 4922 antecedentibus
1072 4856 1152 4920 de
1194 4878 1449 4943 corpore
1491 4855 1688 4921 mixto
1705 4856 1839 4944 jam
1882 4864 2208 4921 mon'uerat

521 4983 604 5025 ex
634 4959 960 5025 Platonico
1009 4982 1128 5024 usu
1174 4960 1309 5046 ejus
1352 4959 1755 5045 pronominis,
1786 4982 1915 5046 quo
1955 4958 2209 5024 inservit

521 5061 917 5126 declarationi
969 5061 1253 5150 subjecti.
1343 5061 1490 5126 Vid.
1543 5062 1878 5150 Wyttenb.
1928 5061 2011 5126 ad
2055 5060 2209 5126 Plu-

522 5165 723 5230 tarch.
767 5163 848 5228 de
891 5164 1081 5229 audd.
1131 5164 1343 5229 Poetis
1391 5168 1524 5250 (15.
1574 5166 1682 5250 Β.)
1732 5187 1793 5251 p.
1836 5182 1975 5250 173.
2024 5179 2085 5229 et
2127 5165 2207 5229 ad

521 5267 831 5332 Phaedon.
863 5289 928 5354 p.
960 5268 1100 5348 148.
1177 5266 1301 5332 Sed
1332 5282 1537 5332 tamen
1566 5267 1749 5331 etiam
1780 5267 1861 5332 ad
1891 5268 2211 5354 sequentia

518 5371 587 5434 h.
622 5368 662 5434 l.
697 5369 911 5433 referri
941 5384 1168 5457 potest.

607 5508 696 5521 --
722 5491 777 5536 2.
832 5472 1395 5553 ἀμβλύτεροι-καὶ
1445 5471 1970 5560 ἐμπεποδισμένοι]
2021 5472 2210 5536 Obtu-

514 5576 720 5640 ,fiores
761 5595 909 5638 vero
948 5576 1138 5638 etiam
1178 5583 1331 5638 sunt
1375 5574 1460 5638 ad
1480 5575 1912 5661 judicandum
1948 5583 2210 5662 propter

624 5682 810 5734 VOL.
849 5681 974 5733 111.

2292 855 2454 918 Haec
2473 853 2607 941 jam
2638 852 2783 917 satis
2809 852 3110 940 impedita
3135 865 3200 917 et
3226 852 3363 940 ipsa
3389 851 3624 916 etiamsi
3653 850 3716 914 in
3756 874 3976 938 paren-

2291 955 2450 1021 thesi
2478 979 2694 1044 ponas,
2726 955 3047 1042 sequentia
3075 970 3283 1020 tamen
3311 953 3411 1019 vel
3438 953 3658 1019 vitiosa
3684 953 3783 1016 vel
3811 968 3976 1019 certe

2291 1058 2584 1124 lacunosa
2611 1074 2790 1125 sunt:
2842 1062 2905 1124 αἱ
2933 1058 2981 1123 δ’
3015 1060 3295 1131 ἐναντίαι,
3329 1058 3583 1139 κούφους
3629 1058 3978 1137 ἆνερματίσ-

2292 1188 2446 1230 τους.
2533 1161 2792 1227 Codices
2834 1161 2988 1226 nihil
3017 1159 3288 1248 praesidii
3318 1159 3630 1224 exhibent.
3724 1158 3978 1223 Ficinus

2293 1265 2440 1329 satis
2479 1264 2866 1329 commodam
2913 1263 3275 1329 sententiam
3321 1261 3610 1350 praestitit
3639 1260 3972 1326 vertendo:

2290 1368 2406 1431 alii
2437 1389 2584 1432 vero
2610 1377 2828 1432 contra
2855 1370 3160 1455 effrenata
3182 1366 3453 1454 quadam
3481 1367 3733 1430 levitate
3733 1366 3978 1450 flmm-

2291 1479 2418 1534 tur.
2510 1469 2635 1534 Sed
2670 1483 2762 1534 est
2801 1472 2863 1535 αἱ
2907 1468 2954 1533 δ’
2987 1471 3269 1543 ἐναντίαι,
3299 1468 3470 1556 quod
3499 1466 3621 1532 alio
3648 1490 3773 1532 non
3803 1489 3976 1532 com·

2289 1573 2472 1637 mode
2502 1572 2750 1651 referas,
2781 1594 2970 1659 quam
3001 1572 3081 1637 ad
3112 1574 3425 1651 ἐπιθυμίαι,
3458 1570 3631 1658 quod
3670 1593 3860 1657 supra
3885 1569 3975 1634 le-

2288 1675 2480 1762 gitur,
2512 1674 2629 1739 nisi
2671 1697 2751 1739 ex
2794 1675 3180 1763 praecedente
3226 1673 3431 1756 κράσει
3472 1673 3536 1737 h.
3559 1672 3599 1736 l.
3645 1671 3977 1761 cogitando

2290 1792 2567 1865 repetere
2617 1776 2768 1842 velis
2815 1778 3068 1860 κράσεις.
3148 1778 3469 1842 Lacunam
3522 1775 3683 1840 forte
3729 1775 3977 1864 expleas

2293 1903 2419 1944 uno
2460 1881 2653 1947 verbo
2698 1886 2957 1958 ποιοῦσι,
3008 1895 3081 1945 ut
3126 1880 3428 1945 sententia
3472 1878 3589 1943 sit:
3653 1880 3976 1944 contrariae

2290 2005 2438 2047 vero
2464 1985 2841 2071 cupiditates
2866 1983 2993 2067 (vel
3015 1986 3350 2049 mixtiones
3379 1982 3686 2068 homines)
3706 1984 3978 2047 reddunt

2288 2087 2450 2151 leves
2479 2097 2539 2151 et
2563 2090 3003 2151 inconstantes.

2374 2225 2462 2238 —
2481 2208 2546 2274 3.
2592 2189 3058 2277 κατεψυγμένοι]
3094 2187 3275 2252 Idem
3306 2187 3566 2252 verbum
3597 2188 3858 2252 recurrit
3884 2188 3977 2252 in-

2288 2291 2389 2356 fra
2433 2293 2550 2356 IV.
2578 2311 2643 2374 4.
2676 2292 2776 2357 28.
2855 2293 3083 2355 Vocem
3131 2292 3589 2373 ἆνερματίστους
3639 2304 3847 2354 autem
3890 2291 3972 2355 ab

2290 2393 2505 2458 eodem
2539 2407 2862 2458 mutuatus
2890 2407 3002 2471 est,
3036 2393 3202 2457 unde
3244 2391 3348 2456 alii
3382 2392 3585 2470 multi,
3616 2417 3656 2457 a
3686 2392 3970 2470 Platone,

2291 2496 2401 2583 qui
2444 2496 2509 2559 in
2540 2496 2849 2561 Theaetet.
2899 2519 2965 2583 p.
3004 2516 3143 2577 144.
3177 2519 3237 2560 a.
3270 2495 3395 2559 ita:
3445 2495 3583 2560 ἀλλ’
3615 2498 3678 2560 οἵ
3715 2522 3781 2560 τε
3823 2499 3976 2575 ὀξεῖς

2292 2601 2492 2682 ὥσπερ
2521 2601 2690 2666 οὗτος
2721 2599 2814 2664 καὶ
2843 2600 3082 2682 ἀγχίνοι
3118 2600 3212 2662 καὶ
3250 2598 3540 2679 μνήμονες
3569 2600 3645 2665 ὥς
3671 2602 3746 2663 τὰ
3773 2602 3976 2663 πολλὰ

2293 2703 2389 2766 καὶ
2415 2701 2561 2784 πρὸς
2587 2705 2690 2769 τὰς
2719 2705 2899 2784 ὀργὰς
2926 2700 3243 2783 ὀξύῤῥοποί
3273 2704 3390 2766 εἰσι
3429 2702 3524 2766 καὶ
3563 2702 3836 2768 ἅττ-οντες
3861 2701 3971 2783 φέ-

2289 2829 2493 2885 ρονται
2537 2805 2738 2886 ὥσπερ
2780 2807 2855 2868 τὰ
2898 2802 3294 2884 ἆνερμάτιστα
3337 2808 3539 2877 πλοῖα,
3588 2812 3661 2867 ut
3701 2824 3977 2891 namgw

2290 2929 2416 2971 non
2456 2907 2798 2971 saburrato
2823 2933 2845 2980 ,-
2895 2905 3061 2970 unde
3089 2905 3467 2992 metaphora-1
3497 2906 3656 2969 ratio
3682 2905 3975 2994 intelligi-

2292 3023 2417 3074 tur.
2463 3009 2568 3074 Cf.
2603 3008 2935 3074 Heindorf.
2966 3008 3046 3073 ad
3075 3007 3178 3072 l.l.
3224 3032 3291 3095 p.
3325 3010 3470 3094 289.
3524 3007 3866 3074 Ruhnken.
3913 3022 3977 3074 et

2295 3114 2509 3199 Toup.
2555 3111 2639 3176 ad
2685 3111 2960 3199 Longin.
3004 3111 3084 3176 de
3132 3111 3307 3176 Subl.
3353 3113 3452 3176 11.
3488 3130 3543 3176 2.
3592 3135 3655 3200 p.
3689 3130 3836 3196 229.
3880 3135 3971 3200 sq.

2294 3213 2536 3280 Weisk.
2587 3215 2951 3281 Boissonad.
2985 3214 3065 3279 ad
3092 3215 3298 3280 Nicet.
3330 3214 3687 3301 Eugenian.
3713 3216 3849 3278 IX.
3871 3233 3974 3301 35.

2291 3319 2526 3405 p.381.
2557 3341 2651 3405 sq.
2740 3318 2854 3383 Ad
2884 3318 3356 3406 explicationem
3399 3318 3548 3382 facit
3593 3321 3871 3383 Zonaras
3911 3342 3976 3406 p.

2297 3440 2439 3506 191.
2483 3421 2726 3500 Lexici,
2756 3421 2924 3485 unde
2954 3421 3433 3486 Ruhnkenianae
3461 3421 3872 3486 emendationi
3912 3421 3976 3486 in

2294 3523 2488 3588 Suida
2516 3522 2819 3589 institutae
2848 3524 2996 3589 item
3019 3524 3477 3588 firmamentum
3505 3523 3757 3589 accedit.
3808 3525 3976 3589 Lex-

2290 3626 2450 3691 icon.
2485 3628 2806 3714 Sangerm.
2855 3625 2919 3690 in
2964 3624 3232 3689 Bekkeri
3278 3624 3571 3690 Anecdd.
3621 3649 3684 3713 p.
3713 3626 3864 3710 398.
3908 3650 3970 3714 p.

2289 3748 2411 3808 401
2425 3782 2438 3794 .
2472 3728 2583 3793 ubi
2609 3727 2805 3793 altero
2830 3727 2967 3792 loco
2995 3728 3414 3810 ἀνερμάτιστος
3443 3732 3601 3796 ναῦς·
3647 3730 3838 3810 κούφη
3867 3728 3976 3794 σά-

2288 3839 2526 3913 βουρος,
2556 3832 2663 3896 οὐκ
2692 3832 2917 3915 ἔχουσα
2961 3831 3128 3912 ἕρμα.
3173 3829 3559 3894 Glossarium
3588 3831 3977 3896 Graeco-bar-

2289 3935 2512 3998 barum
2541 3955 2646 4021 ap.
2671 3932 2980 4020 Cangium
3010 3931 3075 3995 in
3105 3935 3382 4015 σαβούρα
3409 3932 3521 3998 ita:
3557 3934 3977 4015 ἀνερμάτιστος

2294 4041 2451 4111 ναῦς,
2491 4038 2680 4118 κούφη
2725 4037 3047 4117 σαβούρας,
3087 4036 3320 4118 ἑλαφρὴ
3368 4039 3464 4101 διὰ
3507 4041 3608 4116 τῆς
3652 4039 3971 4118 σαβούρας.

2293 4138 2554 4226 Corrige
2584 4162 2618 4203 e
2651 4138 2809 4203 Lex.
2846 4140 3168 4225 Sangerm.
3216 4140 3405 4221 κούφη
3449 4139 3766 4222 σάβουρος,
3803 4140 3977 4226 quod

2291 4241 2516 4307 mirum
2547 4263 2675 4307 non
2701 4240 2926 4306 vidisse
2957 4240 3290 4328 Congium,
3321 4264 3463 4305 cum
3505 4256 3710 4307 tamen
3753 4241 3815 4305 in
3863 4242 3973 4306 σά-

2292 4353 2511 4427 βουρος
2554 4344 2687 4432 ipse
2732 4358 2794 4408 et
2838 4342 2959 4408 alia
3003 4342 3298 4431 proferat,
3330 4356 3393 4408 et
3422 4367 3570 4408 vero
3604 4368 3639 4408 e
3669 4344 3978 4432 Gregorio

2294 4448 2399 4511 M.
2443 4453 2660 4512 πλοῖον
2706 4445 3029 4528 σάβουρον,
3060 4445 3101 4510 i.
3122 4469 3176 4510 e.
3210 4468 3429 4511 navem
3461 4468 3741 4512 vacuam.
3787 4447 3979 4512 Vides

2292 4563 2502 4615 autem
2552 4548 2675 4614 hoc
2724 4549 2928 4637 ipsum
2987 4548 3362 4636 adjectivum
3424 4555 3640 4630 κοῦφος
3683 4550 3977 4637 junctum

2293 4676 2423 4718 esse
2466 4674 2609 4717 cum
2653 4651 3075 4733 ἀνερμάτιστος
3101 4675 3141 4715 a
3167 4665 3378 4716 nostro
3406 4651 3794 4740 philosopho,
3876 4653 3979 4717 De

2291 4778 2442 4820 voce
2485 4758 2783 4837 σαβοῦραι
2824 4754 2907 4818 cf.
2942 4755 3227 4841 Corayus
3265 4754 3329 4818 in
3357 4753 3663 4822 Ἀτάκτοίς
3692 4757 3881 4820 Tom.
3919 4758 3976 4821 1.

2291 4881 2354 4946 p.
2392 4874 2536 4942 271.
2574 4872 2717 4939 272.
2771 4859 3046 4921 Venuste
3078 4856 3263 4922 Philo
3290 4857 3445 4923 Jud.
3490 4856 3569 4921 de
3614 4858 3977 4924 Provident.

2295 4960 2398 5025 11.
2426 4983 2527 5047 ap.
2561 4959 2795 5024 Euseb.
2829 4961 2908 5024 P.
2941 4961 3022 5024 E.
3048 4960 3250 5025 VIII.
3291 4958 3390 5041 14.
3435 4972 3499 5024 et
3542 4959 3606 5023 in
3650 4960 3829 5026 Edit.
3861 4962 3979 5025 Ar-

2292 5085 2453 5127 men.
2503 5063 2723 5126 Venet.
2773 5084 2841 5148 p.
2871 5077 2981 5148 55.
3033 5062 3142 5127 κᾶν
3190 5066 3248 5127 οῑ
3295 5064 3516 5127 πολλοὶ
3566 5067 3980 5145 σφαλλόμενοι

2295 5167 2538 5247 κρίσεως
2583 5166 2837 5245 ἀληθοῦς
2884 5167 3175 5246 νομίζωσι,
3217 5165 3604 5231 δεκασθέντες
3644 5166 3757 5230 ὑπὸ
3804 5170 3982 5230 κακοῦ

2295 5270 2550 5347 διδύμου,
2583 5270 2772 5349 τύφου
2812 5268 2906 5332 καὶ
2947 5272 3114 5346 κενῆς
3152 5270 3339 5348 δόξης,
3377 5272 3503 5333 δεῖν
3529 5272 3981 5350 παρασαλεΰσαι

2294 5372 2392 5434 καὶ
2418 5375 2791 5452 παραγαγεῖν
2821 5372 3280 5451 ἆνερματίστους
3305 5373 3511 5454 ψνχᾶς
3550 5371 3683 5451 περὶ
3711 5371 3751 5433 ἃ
3781 5373 3976 5452 κηραί-

2296 5498 2385 5538 νει
2416 5470 2769 5555 (sollicitum
2800 5476 2914 5555 est)
2949 5472 3125 5555 γένος
3151 5472 3219 5537 τὸ
3247 5478 3535 5537 πλεῖστον
3563 5473 3906 5553 ἀνθρώπων.

2378 5613 2467 5625 —
2494 5595 2590 5660 13.
2638 5577 2775 5640 Τίνι
2832 5576 2938 5641 οὖν
2997 5577 3403 5658 ἐγνωρίσαμεν
3462 5602 3510 5637 κ.
3542 5599 3592 5637 τ.
3623 5575 3719 5663 λ.]
3786 5575 3981 5641 Redit

2446 5682 2495 5733 L
