5118 6613
1095 562 1224 623 410

1096 716 1216 805 leg.
1248 719 1301 779 δ.
1334 738 1387 778 τ.
1418 716 1472 778 ἐ.
1504 718 1583 777 Φ.
1614 709 1807 793 λόγον
1832 708 2073 793 μετέχει
2112 714 2365 789 μᾶλλον.
2411 708 2478 772 τὸ
2524 710 2591 772 δὲ
2631 713 2785 788 μᾶλ·

1095 827 1212 883 λον
1269 818 1568 898 αὔταρκες·
1637 813 1706 877 τὸ
1758 815 1824 877 δέ
1873 811 2339 893 αὐταρκέστερον
2378 837 2441 891 μ.
2483 836 2537 874 τ.
2588 811 2647 874 ἆ.
2688 813 2784 894 μ.)

1098 925 1402 1004 στοιχεῶν
1429 921 1545 1001 γὰρ
1572 921 1678 980 τοῦ
1716 917 1945 998 ἀγαθοῦ
1980 913 2049 978 τὸ
2089 915 2392 994 αὔταρκες.
2470 914 2635 977 Hoec
2677 935 2784 976 ex·

1015 1103 1028 1112 .
1096 1037 1295 1089 trema
1320 1018 1741 1108 comparanda
1782 1032 1930 1082 suut
1956 1039 2100 1081 cum
2133 1014 2337 1080 Procli
2382 1013 2686 1079 sententia
2720 1013 2785 1078 in

1097 1127 1415 1192 Timaeum
1442 1123 1523 1188 ad
1552 1121 1593 1186 l.
1624 1120 1666 1187 l.
1700 1119 1809 1186 ubi
1838 1118 2022 1184 dicit:
2079 1121 2316 1196 Unum,
2342 1118 2700 1204 Pevfi‘ctum
2726 1125 2786 1181 et

1093 1231 1215 1296 sibi
1251 1231 1463 1317 ipsum
1491 1226 1826 1313 Sufficiens
1858 1222 1955 1306 (τὸ
1986 1224 2291 1305 αὔταρκες)
2324 1240 2453 1285 esse
2489 1220 2787 1284 elementa

1092 1331 1479 1397 divinitatis.
1567 1325 1882 1391 Damascii
1923 1323 2129 1389 locum
2173 1337 2385 1388 nostro
2425 1321 2564 1386 loco
2604 1320 2782 1385 adhi-

1091 1435 1234 1500 buit
1274 1450 1336 1499 et
1364 1429 1638 1518 Anglico
1681 1450 1961 1493 sermone
2003 1428 2140 1514 ejus
2180 1425 2517 1513 insigniora
2558 1423 2787 1512 adjecit

1096 1536 1359 1624 Taylor.

1175 1659 1243 1727 p.
1287 1655 1470 1724 1399,
1504 1636 1564 1700 8.
1606 1633 1810 1701 Τόπος
1850 1657 1919 1697 τε
1957 1631 2148 1698 οὐδεὶς
2181 1631 2365 1718 αὐτῷ]
2414 1630 2605 1694 Hanc

1092 1741 1349 1806 tentiam
1380 1739 1443 1804 in
1477 1735 1811 1823 Excerptis
1842 1733 2074 1799 Plotini
2111 1732 2365 1798 exhibet
2391 1732 2791 1820 Nicephorus

1093 1843 1413 1931 Gregoras
1443 1839 1616 1905 Hist.
1649 1840 1808 1926 Byz.
1846 1838 1931 1902 T.
1968 1837 2142 1901 XX.
2178 1845 2232 1900 1‘.
2267 1857 2331 1924 p.
2357 1855 2503 1922 552.
2534 1835 2634 1901 ed.
2662 1836 2783 1899 Ve-

1089 1959 1214 2011 net.
1306 1947 1601 2010 Ceterum
1637 1964 1780 2007 cum
1813 1938 2046 2005 Plotini
2087 1939 2206 2003 hoc
2245 1937 2382 2003 loco
2418 1960 2782 2026 comparan-

1089 2048 1212 2113 dus
1256 2063 1350 2114 est
1394 2045 1787 2134 Porphyrius
1827 2043 1894 2107 in
1939 2046 2247 2108 Sententt.
2293 2065 2348 2106 c.
2391 2042 2784 2108 XXXVII.

1136 2198 1150 2213 .
1186 2169 1333 2231 244.
1439 2197 1454 2211 .

1089 2174 1133 2238 p
1174 2273 1238 2340 p.
1281 2172 1467 2331 1423),
1507 2271 1562 2315 1.
1609 2247 1786 2315 Ἀλλ’
1828 2249 1995 2313 ἔστιν
2036 2247 2443 2335 ὑπερόγαθον]
2493 2247 2635 2312 Vid.
2677 2270 2780 2311 su·

1087 2375 1205 2443 pra
1233 2356 1309 2419 V.
1340 2376 1404 2440 5.
1445 2373 1544 2439 13.
1575 2351 1684 2418 ubi
1721 2351 1785 2415 iu
1816 2352 2060 2415 Annot.
2092 2374 2154 2436 p.
2186 2369 2335 2434 532.
2369 2352 2450 2415 F.
2485 2365 2782 2437 utrosque

1085 2457 1254 2523 locos
1294 2456 1560 2522 conferri
1594 2454 1919 2544 jussimuS.
2008 2453 2116 2518 Cf.
2159 2452 2344 2517 etiam
2389 2451 2784 2540 Nicephorus

1172 2683 1236 2750 p.
1276 2681 1553 2743 1402,1.
1598 2663 1734 2726 οἵαν
1760 2664 1907 2728 ἴσως
1948 2661 2043 2725 καὶ
2072 2661 2280 2726 Μίνως
2305 2657 2654 2739 ποιούμενος
2680 2661 2782 2723 ‹ia-

1085 2766 1289 2847 ριστὴς
1309 2768 1414 2829 roi?
1435 2764 1584 2832 Διὸς
1606 2765 1904 2847 ἐφημίσθη
1927 2763 2252 2829 εἶναι-είς
2272 2759 2776 2849 νόμων-θέσιν.]

1089 2865 1274 2932 Picto
1310 2867 1515 2954 Legg.
1550 2868 1607 2931 1.
1655 2887 1721 2993 p.
1754 2870 1898 2946 624.
1939 2879 2082 2952 post
2121 2863 2233 2929 in.:
2293 2870 2445 2928 Μῦν
2491 2865 2600 2928 οὖν
2654 2863 2777 2928 καθ’

1077 2967 1351 3050 ’Όμηρον
1392 2968 1611 3051 λέγεις,
1641 2969 1719 3035 ὣς
1760 2972 1865 3030 τοῦ
1904 2968 2079 3031 Μίνω
2123 2973 2446 3049 φοιτῶντος
2486 2965 2632 3048 πρὸς
2673 2967 2782 3046 τὴν

1086 3075 1192 3135 τοῦ
1215 3071 1438 3154 πατρὸς
1466 3070 1748 3135 ἑκάστοτε
1786 3070 2113 3133 συνουσίαν
2141 3067 2212 3133 δι’
2245 3068 2457 3133 ἐνάτου
2486 3070 2653 3137 ἔτους
2685 3070 2782 3134 καὶ

1090 3176 1238 3238 κατὰ
1262 3176 1366 3240 τᾶς
1391 3171 1526 3255 παρ’
1560 3173 1786 3236 ἐκείνου
1815 3170 2014 3254 φήμας
2040 3176 2170 3238 ταῖς
2194 3169 2507 3235 πόλεσιν*
2476 3177 2614 3251 υμῖν
2643 3172 2776 3236 θέν-

1086 3301 1185 3345 τος
1212 3276 1346 3343 τοὺς
1375 3273 1586 3357 νόμους
1617 3275 1731 3359 (cf.
1761 3272 2015 3362 Dialog.
2042 3272 2152 3362 qui
2183 3273 2398 3338 Minos
2425 3272 2782 3339 inscribitur

1083 3400 1151 3466 p.
1179 3396 1326 3464 319.
1359 3379 1443 3442 D.
1497 3402 1559 3464 p.
1599 3380 1697 3442 18.
1734 3401 1877 3466 sqq.
1915 3376 2196 3442 Boeckh.
2249 3391 2314 3442 et
2362 3401 2521 3463 quos
2569 3378 2782 3466 plures

1083 3481 1302 3546 laudat
1329 3485 1476 3547 Ast.
1508 3481 1589 3546 ad
1616 3480 1959 3570 1333.].1.
1992 3503 2054 3568 p.
2082 3499 2143 3563 7.
2173 3480 2407 3568 quibus
2432 3479 2597 3545 adde
2626 3480 2779 3546 Plu-

1051 3583 1278 3649 ''tarch.
1338 3584 1402 3649 in
1455 3583 1710 3649 Theseo
1763 3608 1826 3672 p.
1861 3599 2007 3668 7.a.
2066 3605 2131 3670 p.
2175 3603 2279 3669 35.
2326 3582 2426 3648 ed.
2470 3582 2774 3671 Leopold.

1085 3687 1408 3753 Plutarch.
1471 3688 1756 3753 Maxime
1793 3709 1937 3751 cum
1973 3685 2293 3777 Principp.
2324 3684 2557 3751 Philos.
2620 3687 2778 3750 Esse

1084 3790 1256 3856 Diss.
1297 3812 1361 3877 p.
1394 3792 1543 3873 776.
1573 3812 1624 3855 e.
1671 3814 1736 3878 p.
1778 3806 1922 3876 115.
1955 3790 2318 3877 sq.Wytt.:
2374 3787 2665 3870 ἀκούομεν
2707 3791 2779 3870 δὴ

1083 3892 1346 3975 Ὁμήρου
1400 3892 1507 3956 τὸν
1561 3895 1735 3957 Μίνω
1788 3897 1928 3957 θεοῦ
1982 3892 2267 3974 ὀαριστὴν
2316 3894 2774 3960 ὢποκαλοΰντος.

1084 3999 1255 4059 τοῦτο
1300 3995 1369 4059 δέ
1414 3997 1601 4068 ἐστιν,
1635 3997 1712 4063 ὥς
1754 4004 1943 4078 φησιν
1981 3997 2015 4057 6
2055 3994 2337 4070 Πλάτων,
2370 3995 2654 4077 ὁμιλητὴν
2684 3996 2781 4060 καὶ

1085 4098 1370 4177 μαθητήν.
1466 4096 1659 4160 Adde
1707 4097 1948 4161 Julian.
1998 4120 2100 4184 ap.
2146 4097 2450 4185 cyrillum
2504 4097 2614 4161 lib.
2657 4099 2774 4164 VI.

1088 4222 1152 4286 p.
1181 4218 1320 4283 190.
1355 4198 1723 4285 spanhem.)
1807 4200 2074 4263 Homeri
2101 4198 2274 4264 locus
2302 4199 2530 4288 Odyss.
2555 4226 2606 4263 τ.
2639 4216 2776 4285 179.

1087 4325 1182 4388 sq.
1209 4300 1298 4365 ita
1326 4301 1551 4366 habet:

1246 4418 1381 4482 Τῇσι
1408 4413 1454 4469 δ’
1481 4414 1555 4470 ε’νὶ
1581 4414 1814 4478 Rumor,
1842 4417 2041 4488 μτγόλη
2064 4417 2235 4473 πόλις·
2275 4416 2396 4471 ἔνθα
2420 4437 2480 4471 τε
2506 4417 2681 4474 Μίνως

1248 4513 1490 4583 ἐννέωρος
1512 4512 1782 4579 βασίλευε,
1812 4512 1935 4569 Διὸς
1959 4514 2188 4586 μεγάλου
2214 4513 2478 4586 ὀαριστής.

1088 4611 1216 4692 Qui
1242 4612 1415 4677 locus
1442 4635 1633 4698 quam
1675 4612 1891 4679 multis
1922 4629 2200 4679 veterum
2244 4614 2780 4701 recentiorumque

1085 4715 1611 4803 disputationibus
1652 4737 1865 4779 ansam
1908 4717 2268 4803 praebuerit,
2297 4738 2482 4781 nemo
2523 4733 2638 4796 est,
2669 4718 2780 4805 qui

1086 4818 1337 4882 nesciat.
1426 4817 1572 4883 vid.
1619 4818 1806 4883 modo
1849 4817 2170 4906 Apollonii
2203 4820 2364 4883 Lex.
2400 4822 2663 4885 Homer.
2708 4843 2778 4908 p.

1088 4923 1233 5007 263.
1263 4945 1354 5008 sq.
1388 4944 1532 4985 cum
1563 4921 1880 4986 Villoison.
1909 4937 1974 4985 et
2005 4920 2200 4987 Tollii
2237 4937 2472 4986 annott.
2510 4922 2777 5009 Symbo-

1085 5024 1186 5089 lic.
1218 5039 1282 5089 et
1311 5023 1671 5112 Mytbolog.
1702 5039 1895 5089 nostr.
1928 5025 2048 5088 IV.
2095 5046 2162 5111 p.
2196 5045 2297 5109 99.
2328 5023 2478 5111 ibiq.
2525 5024 2782 5090 laudata

1085 5142 1150 5190 et
1185 5126 1529 5214 disputata,
1568 5141 1632 5191 et
1676 5125 1945 5191 Hoeckii
1987 5126 2239 5205 librum,
2270 5127 2381 5212 qui
2423 5126 2781 5192 inscribitur

1088 5230 1290 5294 Kreta
1338 5230 1392 5293 1.
1438 5253 1501 5317 p.
1540 5247 1682 5314 234.
1736 5252 1868 5315 sqq.
1959 5229 2147 5306 Quod
2194 5227 2484 5293 Plotinus
2530 5229 2779 5316 subjicit

1089 5333 1405 5413 ἐφημίσθη,
1437 5331 1740 5418 significat
1768 5346 2037 5395 veterem
2068 5344 2132 5395 et
2159 5354 2199 5395 a
2223 5331 2562 5418 majoribus
2591 5333 2780 5397 tradi-

1085 5448 1214 5496 tam
1240 5434 1494 5497 famam.
1562 5435 1666 5497 De
1691 5455 1820 5520 qua
1844 5432 1906 5495 vi
1937 5432 2104 5497 vocis
2134 5432 2298 5516 φήμη
2327 5433 2456 5520 egit
2486 5435 2778 5521 Wytten-

1087 5534 1264 5600 bach.
1309 5535 1390 5600 ad
1429 5535 1665 5601 Julian.
1705 5559 1770 5624 p.
1799 5552 1904 5622 59.
1949 5556 2015 5624 p.
2055 5555 2197 5621 152.
2243 5535 2343 5600 ed.
2379 5535 2556 5624 Lips.
2594 5552 2657 5602 et
2696 5537 2778 5602 ad

2066 535 2921 602 ANNOTATIONES
2990 535 3101 599 IN
3164 534 3615 600 PLOTINI

2875 706 3194 771 Plutarch.
3239 706 3321 770 de
3365 707 3673 772 Amicorr.
3708 705 4046 771 Multitud.
4090 729 4155 796 p.
4188 709 4335 795 643.
4423 711 4561 775 Ex·

2873 808 3261 897 plicationem
3303 809 3472 874 vocis
3517 810 3811 893 ὀαριστῆς,
3857 832 4001 897 quae
4047 810 4113 874 in
4155 831 4355 899 marg.
4402 812 4562 877 Cod.

2878 913 3079 977 Marc.
3111 914 3203 977 A.
3244 911 3497 999 legitur,
3536 913 3832 994 ὁμιλητὴς,
3880 913 4112 978 habent
4154 929 4382 1002 praeter
4409 915 4564 980 Plu-

2873 1015 3154 1081 tarchum
3205 1016 3613 1082 Grammatici
3654 1016 3826 1104 apud
3871 1015 4172 1081 Eustath.
4203 1016 4268 1080 in
4299 1018 4562 1083 Homer.

2870 1119 2915 1183 l.
2945 1119 2986 1183 l.
3039 1133 3104 1184 et
3148 1118 3533 1206 Apollonius
3580 1118 3643 1183 in
3699 1120 3862 1184 Lex.
3910 1120 4109 1184 Hom.
4158 1141 4225 1206 p.
4268 1120 4411 1201 264.
4460 1119 4557 1185 ed.

2873 1220 3089 1287 Tullii.

2976 1348 3041 1413 p.
3079 1343 3264 1411 1403,
3304 1344 3360 1388 1.
3414 1323 3699 1407 φέρονται
3744 1325 3810 1388 δὲ
3853 1325 3916 1389 αἱ
3969 1328 4123 1390 θεῶν
4168 1326 4424 1410 (ψυχαί)
4470 1327 4563 1392 ἀεὶ

2873 1455 2927 1492 κ.
2958 1454 3008 1491 τ.
3039 1429 3129 1513 λ.]
3201 1428 3588 1492 Obversatur
3636 1424 3888 1491 Plotino
3933 1427 4349 1493 uobilioeimus
4390 1427 4562 1494 locus

2874 1530 3144 1608 Phaedri,
3178 1531 3286 1595 ubi
3314 1528 3500 1595 Plato
3541 1553 3606 1616 p.
3643 1530 3790 1610 246.
3812 1552 3868 1594 e.
3901 1550 4086 1617 p.41.
4122 1530 4364 1596 Bekk.:
4412 1534 4557 1616 ἀγα-

2646 1651 2784 1694 sen-
2870 1631 2981 1698 θὸν
3008 1633 3103 1698 καὶ
3129 1637 3250 1698 πᾶν
3277 1635 3369 1697 ὅτι
3397 1637 3647 1697 τοιοῦτο.
3693 1634 3920 1700 τούτοις
3957 1633 4027 1713 δὴ
4062 1633 4348 1716 τρέφεταί
4371 1659 4439 1700 τε
4467 1636 4562 1700 καὶ

2872 1738 3106 1815 αὔξεται
3146 1736 3412 1817 μάλιστα
3439 1733 3506 1799 τὸ
3532 1740 3634 1815 τῆς
3658 1740 3860 1819 ψυχῆς
3899 1735 4192 1820 πέρωμα,
4225 1740 4454 1825 dom?
4497 1741 4562 1804 δὲ

2874 1839 2970 1903 καὶ
2998 1843 3152 1924 κακῷ
3184 1839 3278 1903 καὶ
3306 1844 3428 1905 τοῖς
3467 1840 3755 1905 ἐναντίοις
3784 1840 3986 1920 φθίνει
4016 1865 4083 1904 τε
4115 1841 4211 1905 καὶ
4237 1843 4558 1905 διόλλυται·

2871 1944 2904 2005 6
2947 1944 3060 2022 μὲν
3095 1942 3166 2022 δὴ
3206 1941 3393 2025 μέγας
3432 1942 3669 2023 ἡγεμὼν
3708 1943 3775 2005 ἐν
3814 1942 4041 2028 οὗρανφΑ
4087 1943 4253 2017 Ζεὺς,
4293 1945 4561 2008 ἐλαύνων

2868 2044 3094 2123 πτηνὸν
3136 2045 3309 2126 ἅρμα,
3354 2046 3593 2127 πρώτως
3633 2045 3960 2124 πορεύεται,
3993 2050 4327 2125 διακοσμῶν
4366 2045 4561 2111 πάντα

2873 2148 2968 2211 καὶ
2994 2148 3472 2227 ἐπιμελούμενος·
3499 2149 3580 2232 τῷ
3609 2144 3658 2209 δ’
3684 2147 3884 2210 ἕπεται
3914 2151 4162 2229 στρατιὰ
4188 2153 4344 2213 θεῶν
4373 2173 4437 2214 τε
4464 2151 4561 2214 καὶ

2870 2253 3163 2331 δαιμόνων
3192 2254 3339 2315 κατὰ
3367 2251 3576 2315 ἕνδεκα
3602 2249 3749 2331 μέρη
3780 2251 4206 2333 κεκοσμημένη.
4282 2253 4383 2317 Cf.
4416 2253 4561 2318 Plo-

2868 2352 2978 2419 tin.
3026 2375 3089 2440 p.
3127 2372 3271 2419 201.
3303 2355 3390 2418 D.
3435 2375 3576 2418 cum
3621 2356 3864 2417 Annot.
3904 2354 4053 2418 item
4096 2377 4161 2439 p.
4193 2357 4442 2442 403.C.
4489 2378 4554 2445 p.

2865 2471 2906 2541 5
2910 2455 3284 2542 51.A.med.
3309 2472 3372 2520 et
3388 2479 3449 2543 p.
3464 2455 3698 2542 725.Α.
3744 2458 3903 2534 Quae
3922 2457 4171 2545 subjicit
4187 2474 4399 2524 nostro
4417 2460 4560 2524 Plo-

2866 2559 3075 2624 tinus:
3119 2558 3187 2623 τὸ
3219 2562 3283 2623 δὲ
3309 2561 3504 2642 πόρῤω
3544 2558 3953 2640 ἀφιστάμενον
3981 2561 4286 2643 ἄνθρωπος
4312 2565 4346 2626 6
4374 2564 4560 2631 πολὺς

2869 2662 2965 2725 καὶ
2994 2663 3215 2743 θηρίον,
3240 2674 3303 2725 et
3330 2661 3465 2748 ipsa
3496 2660 3773 2725 Platonis
3798 2661 4114 2727 assiduum
4146 2664 4433 2729 lectorem
4463 2689 4560 2730 ar-

2865 2777 3107 2851 guunt:
3158 2765 3321 2851 Rep.
3350 2764 3481 2828 IX.
3507 2765 3655 2848 588.
3675 2788 3730 2829 c.
3763 2788 3826 2852 p.
3845 2766 3997 2851 458.
4029 2765 4268 2833 Bekk.:
4316 2770 4557 2833 Πλάττε

2864 2868 3065 2930 τοίνυν
3099 2868 3243 2946 μίαν
3277 2869 3391 2946 μὲν
3420 2866 3583 2931 ἰδέαν
3611 2868 3813 2950 θηρίου
3853 2871 4126 2933 ποικίλου
4169 2871 4263 2934 καὶ
4304 2879 4554 2935 πολυκει

2865 2969 3065 3051 φάλον
3094 2995 3212 3033 κ.τ.
3236 2978 3296 3032 λ.
3345 2969 3449 3033 Cf.
3474 2971 3772 3035 Nostrum
3802 2971 4007 3057 ipsum
4033 2972 4089 3035 1.
4120 2992 4177 3035 1.
4199 2986 4262 3055 7.
4292 2994 4356 3059 p.
4375 2993 4436 3051 4.
4461 2976 4553 3038 G:

2866 3074 2899 3135 6
2931 3074 3234 3154 ἄνθρωπος
3271 3075 3304 3136 6
3335 3073 3558 3154 ἀληθὴς
3595 3071 3838 3157 σχεδόν·
3887 3075 4083 3138 ἐκεῖνα
4110 3076 4176 3139 δὲ
4203 3074 4270 3138 τὸ
4298 3082 4553 3141 λεοντδ-

2866 3179 2962 3241 δες
2990 3176 3086 3238 καὶ
3111 3175 3180 3239 τὸ
3209 3177 3482 3240 ποικῦιον
3511 3178 3666 3244 ὅλως
3694 3176 3919 3259 θηρίον.
4011 3174 4275 3241 Proclus
4314 3175 4380 3240 iu
4410 3177 4555 3243 Alc.

2864 3299 2962 3364 pr.
2995 3277 3109 3360 78:
3158 3280 3374 3359 τρίτον,
3406 3279 3496 3342 ὅτι
3527 3279 3622 3343 καὶ
3651 3281 3719 3344 ἐν
3750 3279 3979 3366 ἑκάστῳ
4014 3279 4176 3360 ἡμῶν
4205 3279 4337 3345 ἐστι
4363 3308 4419 3346 τι
4446 3305 4553 3346 πο-

2863 3380 3211 3462 λυκέφαλον
3241 3383 3461 3463 θηρίον,
3493 3383 3640 3464 ὅπερ
3681 3380 3985 3466 ἀνάλογόν
4024 3384 4157 3446 ἐστι
4196 3387 4277 3469 τῷ
4314 3383 4549 3463 πλήθει.

2861 3482 2940 3547 cf.
2970 3482 3122 3547 ibid.
3152 3506 3217 3571 p.
3245 3503 3380 3569 143.

2933 3608 2996 3673 p.
3029 3605 3208 3668 1404,
3235 3606 3335 3651 10.
3366 3585 3507 3651 ἀλλ’
3533 3587 3662 3651 οἷον
3681 3586 3861 3670 χορὸς
3885 3585 4107 3671 ἐξόδων
4129 3615 4181 3652 κ.
4195 3612 4247 3652 τ.
4260 3589 4353 3674 λ.]
4380 3586 4557 3653 Pluto

2864 3688 3172 3753 Phaedon.
3204 3712 3269 3776 p.
3295 3690 3400 3775 85.
3419 3712 3473 3753 a.
3505 3688 3587 3753 de
3613 3688 3855 3776 cycnis:
3903 3694 4257 3771 θρηνώντας
4298 3690 4403 3755 τὸν
4444 3692 4549 3756 θό-

2865 3817 3045 3856 νατον
3092 3793 3206 3857 ὑπὸ
3254 3793 3444 3871 λύπης
3494 3789 3744 3876 ἐξᾴδειν.
3832 3791 3931 3855 Cf.
3967 3792 4419 3878 Wyttenbach.
4468 3794 4550 3857 ad

2864 3917 3010 3959 eum
3040 3895 3380 3981 Dialogum
3409 3919 3478 3983 p.
3511 3914 3654 3980 193.
3743 3895 3978 3958 Nostro
4005 3894 4143 3959 loco
4166 3908 4233 3959 et
4259 3905 4550 3961 naubare.-

2867 3997 3062 4062 Chori
3090 3997 3553 4062 similitudinem
3580 4011 3750 4061 amat
3777 3995 4081 4061 Plotinus.
4152 3997 4282 4062 Hic
4308 4020 4554 4086 compa-

2865 4101 3099 4166 randus
3126 4115 3219 4166 est
3250 4102 3308 4166 I.
3340 4102 3403 4165 8.
3432 4120 3469 4166 2
3496 4124 3512 4163 t
3556 4101 3893 4184 χορεύουσα
3917 4099 4089 4182 ψυχὴ
4114 4101 4250 4182 περὶ
4279 4107 4440 4166 νοὸν.

2949 4225 3013 4290 p.
3056 4206 3245 4284 1406,
3280 4222 3338 4269 2.
3386 4203 3480 4267 καὶ
3526 4203 3688 4285 φυγὴ
3737 4203 3832 4266 καὶ
3881 4204 4327 4292 πτερορῤύησις]
4374 4203 4558 4269 Plato

2866 4306 3142 4371 Phaedro
3170 4328 3235 4393 p.
3266 4309 3408 4386 246.
3432 4329 3484 4370 c.
3515 4328 3582 4393 p.
3606 4325 3713 4386 40.
3739 4303 3943 4369 Bekk.
3992 4304 4091 4371 Cf.
4119 4307 4418 4371 Nostrum
4451 4309 4551 4373 11.

2867 4430 2927 4494 9.
2959 4431 3021 4489 4.
3087 4408 3200 4472 IV.
3231 4428 3294 4493 3.
3333 4424 3392 4491 7.
3452 4407 3568 4472 IV.
3601 4408 3743 4470 8.1.
3774 4422 3838 4472 et
3865 4426 3932 4488 4.
4023 4408 4185 4472 Mox
4230 4409 4355 4474 καθ’
4388 4409 4423 4475 ὃ
4460 4412 4556 4475 καὶ

2868 4511 3239 4587 συνέζευκται
3272 4509 3469 4591 Ἔρως
3509 4517 3638 4577 ταῖς
3673 4516 3899 4594 ψυχαῖς
3938 4510 4032 4574 καὶ
4071 4513 4139 4575 ἐν
4164 4518 4423 4594 γραφαῖς
4460 4515 4556 4577 καὶ

2868 4618 2936 4680 ἐν
2963 4612 3183 4695 μύθοις.
3274 4612 3446 4677 Illud
3476 4612 3662 4676 vertit
3693 4612 3827 4676 Fic.
3872 4615 3945 4676 in
3982 4615 4264 4699 scripti-3.
4352 4614 4557 4680 Possit

2867 4716 3027 4781 enim
3053 4716 3327 4802 picturas
3356 4739 3402 4778 s.
3422 4714 3666 4778 tabulas
3687 4714 3882 4802 pictas
3903 4730 3967 4779 et
3988 4714 4209 4779 similia
4236 4718 4553 4803 cogitasse.

2865 4822 3022 4884 -ἐν
3049 4822 3268 4899 μύθοις.
3331 4816 3827 4883 celebratissima
3854 4832 3948 4881 est
3974 4816 4191 4881 fabula
4209 4818 4462 4882 Amoris
4489 4835 4555 4883 et

2866 4921 3141 5009 Psyches
3162 4920 3408 5007 prodita
3429 4920 3511 4984 ab
3528 4918 3849 5007 Appuleio
3867 4920 4293 5007 Metamorph.
4316 4920 4428 4985 1v.
4451 4925 4552 5007 83.

2863 5046 2929 5111 p.
2958 5044 3105 5109 300.
3168 5023 3579 5109 Oudendorp.
3607 5037 3671 5087 et
3701 5022 3819 5086 vl.
3849 5042 3987 5108 125.
4018 5045 4083 5109 p.
4105 5040 4272 5107 4293
4320 5021 4399 5087 de
4424 5047 4554 5110 qua

2864 5125 3266 5212 exposuimus
3303 5126 3368 5189 in
3403 5124 3684 5213 Symbol.
3712 5139 3777 5189 et
3807 5125 4082 5213 Mythol.
4121 5126 4261 5190 111.
4308 5147 4372 5212 p.
4399 5130 4547 5210 566.

2949 5368 3036 5381 —
3059 5349 3115 5412 7.
3156 5333 3408 5394 ἐνταῦθα
3433 5331 3498 5394 δὲ
3528 5328 3825 5410 πάνδημος
3851 5329 4555 5414 γίγνεται-Ἀφροδίτης

2864 5433 3170 5519 γενέθλια]
3202 5432 3385 5498 Plato
3406 5435 3693 5520 Sympos.
3716 5455 3783 5519 p.
3816 5433 3959 5497 180.
3978 5433 4062 5495 D.
4093 5454 4157 5519 p.
4178 5434 4324 5517 385.
4354 5431 4552 5496 Bekk.

2864 5551 2926 5601 et
2955 5558 3021 5623 p.
3047 5554 3192 5621 203.
3223 5558 3283 5623 p.
3304 5556 3451 5621 429·
3482 5533 3682 5599 Bekk.
3730 5534 3832 5599 Cf.
3859 5536 4158 5599 Nostrum
4190 5557 4257 5621 p.
4286 5553 4428 5622 293.
4456 5558 4551 5622 sq.
