5118 6613
1066 500 1190 578 264

1066 668 1442 736 Theodorus
1472 664 1821 731 Metochita
1866 667 1925 748 ξ.
1965 661 2080 743 πη’.
2128 686 2188 748 p.
2213 665 2362 746 576.
2417 661 2747 746 Kiessling.

1072 775 1187 839 Καὶ
1216 771 1422 852 μήποτ’
1443 771 1557 851 ἄρα
1584 774 1755 833 τοῦτο
1778 768 1847 847 δὴ
1872 768 2126 831 καθόλου
2153 765 2437 829 Πλάτωνι
2460 767 2555 829 καὶ
2578 771 2755 828 Πλω-

1070 881 1231 963 τίνῳ,
1265 877 1359 939 καὶ
1401 875 1536 937 ὅσοι
1577 870 1698 936 κατ’
1733 871 1940 938 αὐτοὺς
1984 871 2211 949 ἔδοξαν,
2252 869 2525 952 ἀφορμὴν
2567 865 2750 949 παρέ-

1074 1004 1257 1062 σχετο
1282 978 1363 1056 μὴ
1384 976 1535 1040 εἶναι
1561 973 1845 1055 μαθήσεις
1865 977 1969 1041 τὰς
1989 975 2275 1041 δοκούσας
2300 971 2586 1052 μαθήσεις
2612 973 2755 1034 ἀπο-

1073 1083 1415 1165 φαίνεσθαι,
1451 1077 1587 1144 ἀλλ’
1633 1078 1991 1158 ἀναμνήσεις
2021 1081 2090 1157 τῇ
2134 1081 2303 1161 ψυχῇ
2344 1080 2440 1141 διὰ
2475 1079 2581 1143 τᾶς
2623 1078 2755 1139 ἑκα-

1074 1183 1236 1250 στόθ’
1292 1182 1591 1266 ὁρωμένας
1628 1180 2057 1262 ἆνακαθάρσεις
2100 1184 2205 1244 τοῦ
2248 1183 2493 1262 λογικοῦ
2545 1206 2599 1242 κ.
2622 1204 2677 1242 τ.
2697 1184 2759 1240 λ.

1075 1290 1238 1353 Haec
1267 1283 1702 1374 praemittenda
1727 1282 1880 1347 duxi
1914 1282 2156 1347 Libanii
2197 1305 2405 1359 causa,
2433 1281 2495 1345 in
2538 1280 2762 1345 Decla-

1077 1405 1225 1455 mat.
1257 1412 1373 1477 pro
1404 1390 1655 1452 Socrate
1682 1409 1745 1473 p.
1781 1388 1921 1470 256.
1955 1385 2055 1449 ed.
2087 1385 2309 1450 Jacob.
2345 1383 2596 1448 Morell.
2632 1383 2756 1448 ita:

1079 1495 1175 1558 καὶ
1201 1493 1315 1576 χρὴ
1342 1497 1559 1568 ζῶντας
1591 1492 1704 1570 μὶν
1731 1495 2097 1572 φιλοσοφεῖν
2127 1491 2221 1554 καὶ
2249 1489 2503 1553 θανάτου
2531 1489 2763 1568 μνήμην

1081 1595 1230 1682 (leg.
1261 1593 1550 1675 μελέτηνε
1601 1586 1750 1655 nam'
1766 1591 1852 1656 ita
1885 1591 2199 1656 Macarius
2228 1589 2761 1679 Chrysocephalas

1077 1699 1228 1786 legit
1256 1713 1315 1761 et
1345 1695 1565 1778 μελέτη
1593 1694 1847 1760 θανάτου
1872 1710 2017 1759 nota
2046 1719 2122 1759 ex
2157 1694 2494 1759 Phaedone.
2569 1694 2761 1758 Adde

1081 1800 1392 1888 Porphyr.
1439 1798 1520 1863 de
1563 1798 1810 1863 Abstin.
1867 1800 1925 1861 1.
1970 1818 2073 1883 30.
2120 1821 2181 1885 p.
2212 1802 2607 1883 49--μελετᾷ
2651 1801 2763 1878 μὲν

1080 1908 1466 1970 ἀποτίθεσθαι
1493 1907 1612 1967 πᾶν
1643 1905 1759 1967 εἴτε
1788 1901 2168 1984 προσέλαβες
2195 1903 2567 1982 ἀλλόφυλον·
2619 1903 2761 1964 ἑπα-

1085 2006 1466 2087 ναμιμνήσκει
1507 2009 1570 2070 δὲ
1618 2004 1829 2070 ἑαυτὸν
1867 2007 1949 2069 ὧν
1989 2005 2146 2089 ἔχων
2177 2003 2552 2088 ἐπελάθετο.)
2584 2009 2767 2068 ποιεῖ-

1086 2116 1231 2175 σθαι
1272 2110 1378 2172 τὸν
1419 2110 1583 2189 βίον,
1625 2107 2241 2189 ἆναμιμνησκομένους
2282 2110 2356 2171 τὰ
2398 2109 2603 2170 πολλὰ
2648 2112 2765 2170 τῦν

1086 2214 1349 2298 ἀρχαίων
1401 2210 1774 2292 μαθημάτων,
1817 2213 1883 2274 ἐν
1922 2211 2010 2278 οἷς
2050 2212 2303 2274 ἐνταῦθα
2348 2213 2631 2289 δοκοῦμεν
2665 2208 2766 2289 μέ-

1086 2343 1212 2383 νειν
1244 2317 1318 2398 (J
1322 2314 1553 2380 acobus
1584 2312 1934 2390 Morellius,
1965 2313 2062 2376 vir
2088 2311 2477 2376 doctissimus
2504 2312 2595 2377 ita
2630 2312 2764 2376 edi-

1082 2420 1198 2498 dit,
1228 2419 1343 2483 hac
1372 2417 1614 2504 adjecta
1642 2416 1954 2480 versione:
2005 2425 2142 2466 “—
2156 2416 2364 2480 animo
2399 2414 2767 2479 revolventi-

1084 2521 1205 2585 bus
1233 2519 1409 2584 nobis
1435 2517 1764 2606 plerasque
1802 2532 2080 2582 veterum
2121 2518 2474 2607 disciplinas
2513 2522 2586 2582 in
2627 2523 2763 2608 qui-

1082 2623 1198 2686 bus
1224 2622 1355 2685 heic
1385 2641 1635 2683 manere
1665 2620 2010 2684 videmur.''
2075 2620 2244 2699 Quid
2274 2620 2392 2685 hoc
2419 2625 2562 2685 est?
2598 2622 2771 2708 Lege

1085 2724 1386 2788 fidenter:
1438 2724 1505 2785 ἐν
1533 2723 1621 2789 οἷς
1662 2724 1913 2786 ἐνταῦθα
1955 2722 2278 2802 μανθάνειν
2321 2729 2624 2804 δοκοῦμεν,
2657 2723 2772 2788 hac

1089 2823 1428 2889 sententia:
1475 2822 1538 2886 in
1596 2822 1669 2886 iis
1718 2823 1925 2901 rebus,
1972 2847 2117 2911 quae
2168 2824 2288 2902 hic,
2337 2826 2399 2889 in
2459 2825 2574 2890 hac
2627 2826 2774 2903 vita,

1088 2927 1324 2991 discere
1353 2924 1659 3004 videmur,
1689 2924 1839 2989 nihil
1868 2925 2038 2990 aliud
2065 2927 2348 3005 facimus,
2379 2952 2569 3015 quam
2601 2952 2770 2993 reco-

1091 3030 1278 3095 limus
1323 3027 1611 3115 pristinas
1653 3026 1984 3105 doctrinas,
2018 3053 2163 3115 quae
2205 3031 2408 3095 anima
2454 3046 2662 3096 nostra
2711 3031 2771 3095 in

1092 3133 1410 3222 superiore
1439 3132 1768 3219 prioreque
1799 3132 1927 3197 vita
1955 3134 2259 3219 tenebat.)
2338 3137 2651 3200 Caeterurn
2684 3136 2774 3201 uti

1092 3236 1213 3301 hoc
1239 3236 1717 3300 reminiscentiae
1746 3234 2039 3322 placitum
2072 3260 2261 3326 supra
2288 3262 2364 3302 ex
2387 3238 2668 3328 AEgypto
2697 3239 2776 3303 ad

1096 3341 1519 3429 Pythagoram
1567 3339 2019 3427 Platonemque
2063 3341 2411 3429 pervenisse
2439 3356 2500 3406 et
2546 3345 2776 3407 Eusta-

1098 3443 1266 3510 thius
1310 3442 1355 3507 l.
1377 3442 1419 3507 l.
1470 3459 1533 3507 et
1580 3442 1682 3507 alii
1741 3442 1991 3531 plurimi
2046 3445 2338 3510 tradunt:
2394 3446 2481 3510 ita
2534 3446 2780 3533 gemina

1098 3550 1323 3639 placita
1350 3548 1722 3614 offendimus
1749 3548 1810 3612 in
1842 3547 1950 3613 illo
1974 3548 2277 3612 Indorum
2303 3563 2586 3636 poemate
2608 3548 2779 3634 quod

1099 3651 1626 3740 Bhagavad-Gita
1682 3650 2050 3715 inscribitur.
2142 3652 2431 3737 Namque
2480 3651 2567 3714 ita
2617 3665 2780 3715 cant.

1103 3756 1377 3820 XVIII.
1400 3775 1505 3841 73.
1538 3778 1672 3840 sqq.
1707 3754 1822 3818 hoc
1852 3753 2137 3841 ponitur:
2171 3753 2634 3841 intelligentiam
2667 3759 2784 3818 τῶν

1098 3862 1283 3925 ὅντως
1310 3861 1498 3923 ὄντων
1528 3857 1886 3942 neutiquam
1915 3856 2067 3921 effici
2101 3880 2211 3944 per
2254 3857 2632 3922 intellectum
2668 3880 2785 3944 ope

1100 3960 1562 4024 conclusionum
1602 3958 2080 4037 dialecticarum,
2113 3983 2256 4046 quoe
2293 3960 2788 4048 argumentando

1103 4060 1426 4150 paullatim
1457 4077 1519 4126 et
1558 4061 1735 4147 quasi
1763 4083 1876 4149 per
1911 4061 2144 4147 gradus
2171 4063 2250 4127 ad
2280 4064 2463 4127 finem
2497 4062 2785 4141 tendunt,

1105 4187 1319 4228 verum
1350 4188 1469 4251 ope
1497 4164 1634 4250 ejus
1658 4162 2213 4250 contemplationis,
2233 4189 2376 4251 quae
2399 4190 2438 4230 a
2459 4166 2791 4253 purgando

1108 4268 1315 4332 animo
1364 4266 1659 4354 incipiens
1695 4264 2204 4332 reminiscentiam
2248 4269 2383 4350 (τὴν
2427 4269 2786 4353 ἀνάμνησιν)

1111 4372 1356 4437 excitat.
1449 4371 1635 4435 Unde
1675 4371 1905 4458 pariter
1932 4386 2120 4459 atque
2151 4371 2334 4436 Plato
2374 4387 2438 4435 et
2483 4371 2786 4437 Platonici

1114 4485 1301 4562 poeta
1327 4472 1428 4537 ille
1461 4473 1722 4538 Indicus
1749 4474 2041 4562 idemque
2075 4475 2485 4563 philosophus
2513 4477 2797 4540 statuisse

1110 4574 1379 4652 videtur,
1416 4576 1733 4640 veritatem
1780 4576 1860 4639 ab
1903 4576 2140 4664 origine
2182 4577 2438 4642 infuisse
2480 4577 2544 4641 in
2591 4578 2792 4642 homi-

1108 4700 1261 4743 num
1291 4676 1531 4757 animiS,
1559 4694 1772 4765 postea
1799 4702 1947 4742 vero
1970 4678 2265 4745 descensu
2296 4681 2359 4744 in
2389 4704 2650 4769 corpora
2676 4680 2791 4744 ob-

1111 4795 1415 4846 scuratam
1440 4779 1567 4843 sola
1587 4780 2032 4845 reminiscentia
2051 4781 2259 4846 denuo
2278 4782 2571 4848 illustrari
2594 4807 2789 4870 posse.

1114 4883 1275 4948 Vide
1302 4882 1649 4946 acutissime
1678 4883 1757 4947 de
1786 4883 1902 4948 hoc
1924 4884 2150 4971 placito
2170 4885 2591 4973 disputantem
2623 4886 2792 4951 Guil.

1112 4986 1193 5051 de
1219 4983 1570 5049 Humbold.
1589 4985 1650 5049 in
1671 4986 2017 5051 Comment.
2049 4989 2247 5052 Ueber
2274 4989 2376 5052 die
2404 4989 2796 5077 Bltagavad-

1118 5091 1270 5155 Gita
1306 5087 1366 5151 in
1412 5089 1654 5152 Comm.
1690 5090 1879 5153 Acad.
1931 5089 2185 5154 Scientt.
2238 5091 2616 5155 Berolinens.
2654 5114 2796 5155 ann.

1118 5193 1302 5258 1826.
1333 5214 1393 5278 p.
1417 5195 1525 5276 36.
1555 5213 1644 5277 sq.

1198 5319 1265 5383 p.
1292 5296 1438 5371 880,
1467 5313 1562 5377 19.
1611 5295 1713 5358 ὅτε
1740 5298 1952 5376 διαιρεῖ
1975 5296 2123 5360 αὐτὰ
2152 5297 2218 5359 ἐκ
2245 5300 2350 5360 τοῦ
2376 5295 2627 5378 ὑστέρου
2658 5324 2793 5379 κρα-

1117 5399 1310 5482 τῆρος]
1365 5396 1505 5462 Vid.
1554 5396 1830 5462 Platonis
1870 5399 2184 5461 Timaeum
2225 5421 2288 5486 p.
2311 5418 2417 5477 41.
2452 5398 2571 5463 sub
2600 5400 2704 5463 fin.
2736 5423 2802 5488 p,

1116 5520 1220 5580 44.
1270 5499 1468 5564 Bekk.
1516 5516 1578 5564 et
1629 5499 1711 5564 cf.
1757 5516 1967 5565 annot.
2015 5523 2203 5587 supra
2243 5501 2323 5566 ad
2367 5524 2433 5589 p.
2457 5504 2609 5588 376.
2635 5503 2806 5567 G.—

2261 5652 2296 5685 Ο

2036 488 2857 556 ANNOTATIONES
2923 488 3034 551 IN
3098 486 3546 551 PLOTINI

2841 661 3037 724 Mox:
3087 663 3140 724 εἰ
3166 661 3232 723 δὲ
3260 657 3429 740 λέγει
3468 662 3706 737 σπεῖραι
3742 655 3848 719 τὸν
3877 655 4018 719 θεὸν
4051 653 4246 721 αὐτάς.
4337 651 4522 716 Plato

2840 764 3009 828 Tim.
3046 786 3112 850 p.
3141 781 3250 843 42.
3288 784 3349 849 p.
3380 781 3488 846 43.
3534 756 3771 823 Bekk.:
3823 758 4063 838 ἔσ-πειρε
4107 757 4242 823 τοὺς
4285 757 4397 835 μὲν
4443 758 4525 821 εἰς

2840 871 2952 948 γῆν
2982 894 3034 929 κ.
3059 892 3112 929 τ.
3130 873 3195 929 λ.
4486 915 4493 920 .

2926 991 2991 1055 p.
3018 970 3167 1047 881,
3188 988 3254 1054 3.
3301 969 3501 1047 ὥσπερ
3530 966 3675 1028 ὅταν
3706 963 3801 1026 καὶ
3832 960 4114 1044 λέγοντα,
4144 963 4241 1024 καὶ
4267 963 4396 1025 οἶον
4425 966 4523 1040 δη-

2841 1075 3211 1154 μηγοροῦντα
3235 1070 3404 1158 ποιῇ]
3441 1065 3719 1155 Respicit
3749 1064 3950 1129 locum
3973 1063 4275 1129 Platonici
4297 1064 4524 1128 Timaei

2844 1197 2910 1261 p.
2933 1194 3039 1254 41.
3074 1196 3140 1260 p.
3163 1193 3270 1259 43.
3304 1171 3414 1236 ubi
3444 1169 3662 1235 mundi
3683 1168 3893 1254 opifex
3919 1167 4188 1253 reliquos
4209 1167 4360 1231 deos
4380 1165 4528 1231 allo-

2845 1277 3099 1364 quitur:
3150 1277 3276 1340 θεοὶ
3304 1281 3457 1339 θεῶν
3484 1302 3539 1338 κ.
3563 1300 3618 1337 τ.
3642 1282 3702 1337 λ.
3736 1270 3909 1358 quod
3940 1293 4061 1335 non
4091 1272 4352 1335 assecuti
4380 1287 4525 1335 sunt

2847 1379 3099 1456 librarii,
3130 1378 3239 1465 qui
3286 1376 3539 1442 Plotino
3575 1374 3951 1439 affinxerunt
3995 1372 4315 1437 lectionem
4362 1380 4521 1455 δημι-

2847 1488 3191 1566 ουργοῦντα,
3217 1504 3256 1544 a
3283 1504 3411 1567 quo
3438 1477 3692 1544 consilio
3713 1476 3808 1540 vel
3835 1499 4241 1564 praegressum
4267 1477 4530 1560 λέγοντα

2846 1610 2950 1650 eos
2978 1601 3254 1650 avertere
3282 1583 3567 1649 debebat.

2931 1726 3019 1737 --
3044 1709 3104 1769 4.
3136 1687 3223 1753 “A
3252 1690 3367 1770 γὰρ
3408 1688 3475 1751 ἐν
3509 1688 3690 1768 φύσει
3736 1684 3865 1747 ἔστι
3901 1689 4018 1746 τῶν
4056 1684 4235 1756 ὅλων,
4267 1685 4449 1745 ταῦτα
4490 1682 4527 1760 ἡ

2847 1795 3126 1859 ὑπόθεσις
3153 1795 3336 1876 γεννᾷ
3370 1816 3436 1855 τε
3467 1791 3562 1854 καὶ
3587 1789 3770 1872 ποιεῖ]
3824 1788 3986 1851 Sunt
4025 1784 4250 1849 similes
4284 1799 4524 1849 senten-

2850 1893 2953 1959 tiae
2981 1893 3191 1982 plures
3220 1893 3283 1958 in
3313 1893 3407 1957 his
3437 1890 3860 1956 Enneadibus.
3908 1887 4050 1952 Vid.
4083 1912 4147 1975 p.
4170 1908 4317 1974 299.
4349 1888 4426 1951 B.
4452 1888 4526 1950 C.

2849 2021 2914 2086 p.
2941 1999 3091 2083 378.
3126 1998 3231 2063 G:
3283 2002 3375 2062 δεῖ
3415 1996 3485 2074 δὴ
3525 1998 3604 2079 τῷ
3647 1995 3812 2080 λόγῳ
3856 1993 3963 2071 τὴν
4007 1995 4245 2056 εἴσοδον
4287 1991 4383 2054 καὶ
4426 1991 4533 2069 τὴν

2851 2103 3223 2186 ἑμψῦχωσιν,
3255 2098 3634 2165 διδασκαλίας
3664 2097 3759 2161 καὶ
3791 2100 3896 2160 τοῦ
3932 2100 4165 2178 σαφοῦς
4190 2093 4366 2179 χάριν
4398 2095 4523 2175 γίν-

2854 2210 3025 2269 εσθαι
3069 2206 3342 2284 νομίζειν.
3390 2218 3452 2266 et
3489 2200 3804 2288 proecipue
3847 2222 3911 2286 p.
3941 2199 4090 2282 487.
4124 2199 4220 2262 B:
4270 2198 4531 2261 ἐκποδὼν

2853 2309 2918 2372 δὲ
2944 2309 3083 2387 ἡμῖν
3110 2308 3262 2371 ἔστω
3289 2304 3526 2389 γένεσις
3549 2304 3587 2383 ἡ
3619 2304 3686 2366 ἐν
3706 2304 3903 2387 χρόνῳ
3924 2301 4031 2365 τὸν
4051 2303 4239 2382 λόγον
4258 2301 4393 2381 περὶ
4412 2304 4529 2362 τῶν

2855 2419 2948 2482 ἀεὶ
2996 2420 3185 2481 ὄντων
3238 2413 3625 2494 ποιουμένοις·
3672 2414 3751 2497 τῷ
3803 2413 3867 2475 δὲ
3924 2412 4088 2495 λόγῳ
4136 2410 4243 2489 τὴν
4291 2408 4532 2492 γένεσιν

2852 2521 3301 2604 προσάπτοντας
3329 2519 3555 2584 abfore:
3591 2514 3778 2579 Unde
3798 2513 3943 2579 satis
3970 2511 4355 2599 intelligitur,
4378 2511 4532 2599 quid

2854 2624 2971 2688 hoc
2999 2623 3133 2688 loco
3161 2622 3239 2687 sit
3265 2625 3302 2702 ἡ
3330 2623 3627 2687 ὑπόθεσις.
3717 2620 3817 2684 De
3858 2616 4169 2681 locutione
4197 2619 4234 2697 ἡ
4261 2618 4538 2682 ὑπόθεσις

2855 2733 3061 2813 γεννᾷ,
3100 2751 3248 2815 pro:
3296 2728 3491 2791 Ratio
3524 2726 3710 2811 ponit
3751 2725 4029 2811 opificem
4064 2741 4399 2810 generare,
4427 2723 4533 2784 &a

2860 2831 3112 2896 consule
3140 2853 3284 2916 quae
3314 2850 3503 2914 supra
3540 2826 3813 2890 diximus
3848 2823 3928 2888 ad
3958 2847 4018 2911 p.
4037 2844 4184 2905 442.
4208 2826 4285 2889 B.
4316 2823 4428 2888 inf.
4458 2824 4537 2888 ad

2863 2934 3085 2998 verba:
3119 2937 3176 2997 οἱ
3206 2932 3520 3016 ἐκχέοντας
3547 2933 3651 2997 τὰς
3678 2932 3872 3011 ὄψεις.
3939 2932 4405 3015 Argumentum
4430 2951 4541 2991 au-

2865 3053 2985 3103 tem
3020 3036 3284 3124 pertinet
3327 3034 3405 3098 ad
3447 3031 3850 3120 quaestionem
3895 3030 4058 3094 illam
4102 3028 4474 3118 primariam,
4505 3053 4544 3093 a

2863 3137 3244 3225 philosophis
3285 3135 3562 3200 certatim
3615 3133 3947 3221 agitatam:
3998 3147 4206 3196 utrum
4263 3130 4547 3195 Mundus

2863 3242 3066 3306 factus
3093 3255 3251 3305 esset
3276 3263 3315 3304 a
3345 3241 3504 3315 Deo,
3535 3251 3597 3302 et
3628 3253 3839 3301 utrum
3873 3247 4149 3322 tempore
4178 3247 4240 3299 et
4271 3234 4541 3322 quodam

2864 3346 3059 3426 initio,
3086 3369 3165 3409 an
3209 3345 3288 3409 ab
3331 3342 3497 3407 omni
3542 3340 3904 3406 aeternitate.
3996 3337 4258 3403 Proclus
4294 3338 4357 3401 in
4398 3337 4542 3401 Pla-

2866 3449 3027 3513 tonis
3082 3448 3422 3524 Timaeum,
3467 3459 3869 3533 posteaquam
3935 3441 4278 3520 Plutarchi,
4340 3441 4546 3505 Attici.

2868 3550 3208 3625 Crantoris,
3239 3550 3499 3614 aliorum
3530 3546 3859 3612 sententias
3900 3545 4187 3631 protulit,
4218 3545 4305 3609 ita
4345 3545 4548 3633 pergit

2855 3658 2932 3743 'p.
2959 3657 3037 3742 85
3060 3681 3075 3720 t
3128 3659 3438 3721 Πλωτΐνος
3466 3655 3529 3716 δὲ
3560 3653 3657 3716 καὶ
3685 3654 3742 3715 οἱ
3768 3653 3916 3729 μετὰ
3946 3654 4262 3714 Πλωτΐνον
4291 3652 4542 3732 φιλόσο·

2869 3769 2999 3842 φοι,
3029 3761 3370 3841 Πορφύριος
3405 3756 3499 3820 καὶ
3533 3754 3884 3835 Ἰάμβλιχος
3919 3752 3987 3815 τὸ
4031 3754 4322 3817 σύνθετόν
4360 3762 4549 3829 φασιν

2873 3864 2939 3926 ἐν
2967 3863 3192 3927 τούτοις
3222 3859 3313 3941 (in
3346 3858 3592 3923 Timaeo
3632 3854 3937 3934 Platonis)
3989 3858 4309 3933 κεκλῆσθαι
4341 3881 4550 3938 γεννη-

2872 3964 2997 4038 τὸν,
3027 3968 3199 4028 τοῦτο
3234 3965 3298 4027 δὲ
3338 3959 3736 4042 συνυπάρχειν
3767 3957 3861 4022 καὶ
3888 3957 3955 4020 τὸ
3985 3955 4089 4038 ἀφ’
4122 3956 4325 4039 ἑτέρας
4352 3958 4557 4025 οὐσίας

2875 4071 3339 4151 ἀπογεννᾶσθαι.
3414 4066 3617 4143 Quam
3650 4062 3711 4125 in
3744 4084 3870 4125 rem
3902 4060 4082 4149 plura
4104 4060 4351 4147 collegit
4375 4061 4559 4148 Wyt-

2875 4169 3160 4236 tenbach.
3175 4169 3254 4233 de
3275 4167 3506 4232 Placito
3522 4164 3999 4229 immortalitatis
4015 4163 4360 4227 animorum
4388 4166 4561 4244 (ante

2880 4271 3275 4351 Phaedonem)
3310 4293 3374 4356 p.
3397 4269 3648 4333 XXII.
3673 4289 3804 4352 sqq.
3875 4266 4197 4329 Plotinum
4226 4288 4373 4331 vero
4401 4276 4562 4330 recte

2874 4378 2946 4438 in
2973 4376 3057 4439 iis
3086 4374 3436 4450 numerari,
3454 4374 3564 4458 qui
3593 4371 3848 4433 Animoe
3869 4378 3927 4432 et
3947 4368 4183 4432 iuvandi
4199 4371 4557 4456 generatio·

2881 4499 3022 4541 nem.
3049 4479 3187 4541 sine
3213 4479 3398 4541 initio
3425 4498 3555 4540 esse
3581 4476 3940 4550 statuerint,
3971 4474 4085 4537 loci
4115 4474 4360 4538 laudati
4388 4475 4564 4538 dubi-

2882 4589 3019 4644 tare
3046 4602 3159 4643 nos
3187 4602 3312 4644 non
3340 4581 3562 4643 sinam
3578 4604 3606 4655 ,·
3657 4593 3726 4641 ut
3753 4576 3865 4662 qui
3892 4592 3954 4640 et
3985 4576 4084 4641 hic
4122 4593 4185 4640 et
4218 4575 4364 4641 alibi
4406 4576 4562 4640 hanc

2885 4682 3229 4747 universam
3259 4681 3494 4769 opificis
3529 4679 3882 4768 opificiique
3921 4679 4218 4743 mundani
4250 4678 4562 4743 historiam

2882 4784 3269 4849 solummodo
3298 4785 3596 4849 doctrinae
3635 4793 3693 4846 et
3728 4783 4202 4869 perspicuitatis
4240 4803 4433 4846 causa
4475 4782 4565 4845 in-

2883 4904 3128 4953 ventam
3189 4888 3413 4952 diserte
3457 4886 3836 4973 pronuntiat.
3959 4886 4187 4970 Itaque
4245 4883 4561 4948 Platonem

2883 4990 3065 5053 etiam
3114 5012 3296 5054 suum
3338 4989 3804 5074 interpretatur,
3833 5009 4034 5073 neque
4076 4985 4253 5049 aliter
4293 4984 4565 5073 philoso-

2884 5092 3151 5179 phorum
3198 5092 3383 5155 deum
3427 5090 3681 5154 sensisse
3723 5088 4080 5166 arbitratur,
4126 5109 4314 5174 quam
4364 5090 4563 5153 Mun-

2885 5194 3034 5259 dum
3081 5211 3144 5259 et
3180 5194 3475 5259 Animam
3507 5210 3806 5257 oeternum
3847 5215 3999 5269 esse,
4027 5190 4325 5255 rationem
4358 5210 4566 5257 autem

2884 5297 2944 5361 in
2993 5297 3235 5361 Timaeo
3276 5296 3618 5360 institutam
3660 5293 4080 5381 intelligentiae
4135 5295 4571 5360 tantummodo

2887 5400 3262 5488 adjuvandae
3306 5398 3505 5486 gratia
3559 5398 3899 5462 adhibitam
3949 5420 4099 5460 esse.
4187 5397 4333 5474 Qua
4380 5398 4443 5461 in
4503 5423 4571 5464 re

2891 5500 3199 5567 subtiliter
3234 5501 3671 5588 eleganterque
3702 5500 3985 5588 judicare
4030 5498 4348 5567 Plotinum
4392 5504 4567 5591 equi.
