5118 6613
1312 519 1513 585 LIB.
1546 520 1684 585 IX.
1737 519 2194 586 ENNEAD.
2243 519 2634 585 SEXTAE.
2679 540 2746 606 p.
2784 536 3224 606 1399—1409.
3883 541 4006 604 411

532 713 595 759 et
624 717 686 780 p.
722 693 1048 778 298.B.C.
1079 703 1145 757 et
1173 691 1466 756 Proclum
1511 692 1574 756 in
1607 690 1934 779 Cratylum
1983 692 2042 774 ξ.
2084 691 2228 777 183.

533 819 601 883 p.
633 814 768 878 117.
803 795 1085 860 Boisson.

594 921 653 985 p.
680 914 868 981 1407,
887 918 949 983 9.
976 899 1077 962 ἵνα
1095 900 1176 984 τῷ
1198 898 1322 983 ὅλῳ
1345 897 1536 962 αὐτῶν
1555 898 2056 981 περιππξῶμεθα]
2085 896 2225 964 Vid.

535 1003 774 1066 Annot.
807 1001 870 1066 in
906 1001 1021 1065 1v.
1052 1020 1114 1083 4.
1155 1001 1250 1064 16.
1283 1000 1388 1065 fin.
1434 999 1515 1064 ad
1560 1022 1621 1087 p.
1650 1020 1804 1085 409.
1829 1001 1912 1064 D.
1956 1000 2065 1066 ubi
2107 1000 2227 1066 hoc

534 1102 666 1168 loco
693 1103 1028 1191 legendum
1058 1126 1188 1167 esse
1214 1102 1446 1189 conjeci
1471 1102 1668 1177 αὐτὸν,
1695 1101 1803 1166 sed
1825 1116 2056 1181 tamen,
2079 1125 2224 1170 cum

534 1228 744 1271 omnes
783 1205 924 1271 libri
950 1205 1017 1270 in
1046 1204 1304 1292 vulgata
1345 1205 1722 1292 conspirent,
1751 1227 1885 1270 eam
1926 1204 2220 1274 intactam

534 1308 774 1396 reliqui.

615 1447 707 1464 --
752 1430 853 1478 12.
927 1410 1068 1475 θεὸν
1109 1411 1461 1496 γενόμενον]
1515 1407 1778 1496 Taylor‚
1819 1426 2222 1497 posteaquam

538 1513 889 1582 Aristotelis
929 1512 1136 1578 locum
1179 1512 1454 1578 Politice.
1501 1511 1811 1591 adhibuit,
1852 1512 1940 1578 ita
1981 1512 2221 1601 pergit.

537 1625 579 1657 “
603 1616 903 1693 Observe,
930 1629 1059 1694 too,
1083 1615 1217 1682 that
1247 1615 1425 1681 when
1455 1614 1744 1682 Plotinus
1771 1614 1919 1680 calls
1946 1615 2054 1680 the
2081 1638 2226 1680 man

538 1720 676 1784 who
699 1718 752 1783 is
788 1717 928 1784 able
955 1719 1020 1782 in
1051 1717 1175 1782 this
1209 1716 1319 1782 life
1345 1733 1414 1783 to
1441 1741 1542 1782 see
1578 1716 1844 1804 divinity
1873 1740 1912 1782 a
1941 1717 2111 1795 God,
2141 1717 2224 1783 he
2304 1783 2310 1790 ,

535 1844 763 1900 means,
794 1820 930 1888 that
971 1819 1053 1886 he
1095 1820 1148 1884 is
1188 1843 1227 1885 a
1268 1820 1417 1886 God
1460 1818 1607 1907 only
1650 1819 1983 1906 according
2026 1835 2093 1884 to
2132 1824 2221 1886 si-

533 1923 858 1996 militude3
911 1922 1010 1987 for
1051 1923 1113 1987 in
1160 1923 1285 1987 this
1332 1946 1487 2009 way,
1536 1944 1678 1987 men
1725 1922 2223 2009 transcendently

535 2028 677 2091 wise
704 2025 827 2091 and
857 2026 1022 2113 good
1052 2050 1156 2090 are
1184 2024 1380 2089 called
1412 2024 1494 2113 by
1530 2023 1734 2101 Plato,
1766 2024 1947 2089 Gods
1975 2024 2097 2088 and
2130 2024 2219 2090 di·

538 2128 733 2193 vine.''
819 2127 1183 2216 Philosophi
1215 2126 1516 2192 Platonici
1551 2125 1831 2191 nonnulli
1874 2126 1965 2192 ita
2004 2126 2221 2192 distin-

531 2230 841 2317 guebant:
875 2231 984 2317 qui
1013 2230 1175 2294 civili
1205 2229 1436 2295 virtute
1468 2229 1747 2317 (politica
1776 2229 2036 2313 virtute)
2066 2254 2225 2319 prae-

533 2332 701 2396 ditus
743 2332 846 2412 sit,
874 2356 1017 2398 eum
1062 2356 1192 2397 esse
1236 2338 1578 2406 σπουδαῖον,
1610 2332 1721 2419 qui
1751 2332 1877 2395 vim
1920 2347 2221 2421 purgato-

532 2435 687 2499 riam
733 2433 870 2517 (τὴν
919 2435 1268 2515 καθαρτικὴν
1312 2436 1586 2520 δύναμιν)
1634 2436 1881 2512 habeat,
1922 2438 2225 2516 δαιμόνων

533 2560 683 2617 esse,
720 2537 834 2625 qui
877 2539 1146 2620 θεωρίαν,
1188 2561 1330 2602 eum
1380 2544 1542 2602 θεῖον
1581 2561 1711 2602 esse
1755 2537 2219 2626 appellandum.

537 2641 616 2712 In
641 2663 715 2704 ea
740 2662 887 2704 vero
907 2639 1270 2727 quaestione,
1293 2663 1445 2704 num
1476 2640 1664 2705 homo
1691 2641 1753 2704 in
1785 2641 1900 2705 hac
1930 2642 2060 2706 vita
2084 2665 2226 2729 pos—

537 2742 614 2807 sit
643 2747 923 2807 θεοῦσθαι
966 2742 1093 2806 sive
1120 2744 1301 2808 Deus
1343 2744 1625 2821 evadere,
1656 2743 2037 2809 dissidebant
2064 2744 2224 2809 inter

534 2869 598 2909 se
652 2843 836 2909 iidem
897 2843 1252 2932 philosophi
1303 2844 1464 2910 Vide
1516 2846 1851 2934 Porphyrii
1912 2850 2218 2913 Sententt.

535 2949 880 3013 XXXIV.
912 2971 977 3035 p.
1008 2967 1148 3034 235.
1173 2972 1311 3036 sqq.
1358 2947 1683 3013 Iamblich.
1715 2948 1795 3013 de
1826 2951 2094 3036 Myster.
2124 2951 2220 3014 11.

536 3068 597 3116 2.
640 3064 703 3115 et
731 3048 1160 3137 Olympiodor.
1192 3050 1254 3114 in
1290 3050 1528 3116 Platon.
1563 3051 1858 3117 Phaedon.
1890 3051 2089 3117 Addo
2128 3051 2222 3117 lo-

533 3175 673 3217 cum
721 3152 999 3240 Eunapii
1043 3152 1109 3216 in
1151 3154 1482 3241 Excerptt.
1511 3154 1788 3219 Historr.
1833 3178 1900 3242 p.
1932 3157 2076 3221 261.
2121 3155 2219 3220 ed.

533 3257 708 3343 Aug.
740 3253 933 3319 Maii:
982 3255 1091 3342 qui
1118 3256 1382 3344 scriptor
1417 3256 1505 3321 ita
1547 3257 1627 3321 de
1655 3258 1702 3321 J
1707 3256 1915 3323 uliano
1944 3259 2221 3347 Impera-

533 3372 700 3422 tore:
748 3360 814 3425 ὅς
839 3384 912 3441 γε
941 3362 1038 3423 διὰ
1065 3360 1300 3441 φύσεως
1329 3361 1604 3438 ἐξουσίαν
1633 3362 1729 3424 καὶ
1758 3360 2102 3444 ἰσομέγεθες
2143 3366 2222 3449 τῷ

534 3462 670 3548 θείῳ
709 3464 936 3545 ἆγαγῆς
975 3487 1043 3525 τε
1085 3461 1348 3545 ἀνάγκην
1378 3464 1676 3527 ἐπαύσατο
1719 3464 1866 3546 πρὸς
1907 3464 1975 3528 τὸ
2017 3471 2223 3548 χεῖρον

535 3563 850 3638 ἕλκουσαν,
886 3563 980 3627 καὶ
1024 3566 1090 3627 ἐκ
1131 3566 1432 3629 τοσούτων
1460 3567 1795 3649 ἀνενεγκὼν
1826 3566 2092 3646 κυμάτων
2121 3568 2217 3632 οὗ·

534 3668 717 3747 ρανόν
754 3692 820 3730 τε
867 3666 1004 3740 εἶδε,
1048 3667 1142 3730 καὶ
1188 3665 1417 3749 ἐπέγνω
1459 3671 1534 3731 τὰ
1576 3670 1644 3731 ἐν
1690 3669 1844 3755 αὐτῷ
1889 3673 2064 3744 καλὰ,
2100 3675 2223 3737 τοῖς

535 3768 864 3848 ἀσωμάτοις
890 3768 1181 3848 ὁμιλήσας
1210 3775 1382 3849 σῶμα
1411 3770 1569 3853 ἔχων
1600 3770 1707 3833 ἔτι.

604 3893 668 3958 p.
699 3869 886 3952 1408,
903 3890 967 3955 3.
988 3871 1096 3950 τὴν
1118 3871 1441 3952 ἐπιστήμην
1461 3873 1568 3951 τὴν
1590 3874 1657 3935 ἐν
1679 3871 2017 3952 ἀποδείξεσι
2047 3900 2096 3937 κ.
2120 3874 2217 3961 π.]

533 3972 983 4060 Wyttenbach.
1015 3973 1096 4037 ad
1126 3972 1442 4037 Plutarchi
1491 3975 1826 4061 Praeceptt.
1861 3973 2215 4062 Conjugall.

532 4097 593 4160 p.
626 4094 791 4159 900:
843 4082 885 4114 “
911 4073 1239 4154 Ἀπόδειξις
1271 4075 1538 4141 scientiae
1567 4076 1864 4152 effectrix,
1895 4077 2217 4163 proprium

531 4177 937 4265 philosophiae
964 4177 1468 4257 instrumentum,
1499 4201 1688 4266 supra
1715 4177 2015 4265 puerilem
2044 4178 2217 4242 insti-

531 4281 833 4345 tutionem
863 4280 1184 4345 habetur.”
1228 4281 1483 4346 Laudat
1510 4281 1605 4344 vir
1635 4283 1854 4346 doctus
1882 4281 2047 4345 locos
2075 4280 2221 4345 Plu-

533 4382 728 4448 tarchi
757 4381 929 4446 haud
957 4405 1211 4470 paucOS.
1279 4383 1542 4448 Proclus
1571 4383 1633 4447 in
1665 4382 1807 4447 Alc.
1839 4406 1932 4471 pr.
1962 4407 2027 4471 p.
2057 4386 2214 4469 298:

534 4487 610 4553 ὥς
634 4489 751 4568 γὰρ
780 4489 844 4550 αὶ
870 4484 1194 4563 ἀποδείξεις
1222 4488 1284 4550 αἱ
1311 4484 1426 4551 ἀπὸ
1455 4492 1573 4550 τῶν
1596 4484 2072 4567 καθολικωτέρων
2097 4512 2222 4566 μει-

532 4590 709 4664 ζόνως
751 4591 835 4656 εἷς
877 4587 1201 4668 ἐπιστήμην
1225 4589 1374 4668 ἡμᾶς
1399 4589 1785 4672 προάγουσιν,
1817 4591 1966 4653 οὕτω
2011 4589 2081 4668 δὴ
2125 4589 2220 4654 καὶ

534 4692 591 4754 οῖ
617 4689 733 4755 ἀπὸ
762 4695 880 4754 τῶν
909 4696 1118 4754 κοινῶν
1148 4692 1451 4771 ἐπιβολῶν
1480 4692 1725 4775 ἔλεγχοι
1768 4691 1914 4773 πρὸς
1942 4692 2051 4770 τὴν
2078 4691 2215 4756 κάθ-

535 4818 709 4874 αρσιν
756 4791 1031 4872 ἀνύσιμοι
1079 4794 1406 4876 γίγνονται.
1508 4794 1611 4858 Cf.
1669 4791 2103 4880 Olympiodor.
2154 4793 2218 4858 in

535 4895 679 4959 Alc.
707 4917 802 4982 pr.
832 4917 893 4981 p.
922 4912 1029 4979 55.
1060 4908 1123 4959 et
1150 4918 1213 4982 p.
1248 4913 1389 4959 121.
1478 4894 1671 4959 Adde
1699 4895 1970 4983 Diogen.
2002 4896 2220 4961 Laert.

538 4996 822 5081 VII.45.
857 4995 966 5060 ubi
998 4994 1184 5060 Stoici
1214 4994 1512 5075 ἀπόδειξιν
1538 4996 1626 5061 ita
1652 4997 1990 5062 definiunt:
2031 5000 2223 5081 λόγον

534 5102 629 5163 διὸ
655 5104 773 5162 τῶν
797 5102 1035 5178 μᾶλλον
1064 5099 1685 5178 καταλαμβανομένων
1722 5100 1791 5163 τὸ
1826 5101 2005 5180 ἧττον
2044 5127 2220 5166 κατα-

534 5202 993 5281 λαμβανόμενον
1025 5200 1414 5281 παριστάντα·
1462 5215 1536 5266 ut
1576 5224 1718 5266 eum
1764 5200 1968 5267 locum
2013 5225 2220 5268 emen-

535 5302 708 5366 davit
753 5301 1047 5367 Davisius
1091 5301 1170 5366 ad
1221 5300 1357 5367 Cic.
1396 5303 1644 5368 Acadd.
1689 5305 1790 5369 11.
1843 5305 1900 5368 8.
1945 5308 2063 5370 26:
2114 5306 2223 5371 ubi

536 5407 841 5470 Ernestus
869 5405 1053 5469 vertit
1094 5407 1460 5492 argumenti
1501 5407 1827 5471 conclusio.
1917 5408 2018 5472 Cf.
2052 5410 2221 5474 Goe-

536 5531 702 5573 renz.
735 5508 816 5572 ad
848 5506 980 5573 Cic.
1012 5505 1055 5571 l.
1079 5505 1121 5571 l.
1155 5529 1220 5594 p.
1241 5526 1349 5593 54.
1382 5522 1444 5573 et
1473 5508 1806 5574 Rosinium
1847 5508 1931 5574 ad
1957 5511 2224 5600 Epicuri

2319 690 2547 756 librum
2577 693 2713 773 περὶ
2740 693 2979 775 φύσεως
3006 692 3069 756 in
3099 690 3416 757 Volumm.
3451 690 3834 758 Herculann.
3867 694 4008 759 vol.

2319 795 2421 860 ΙΙ.
2450 793 2533 860 ad
2564 792 2856 858 Column.
2890 795 3007 859 lv.
3038 817 3104 882 p.
3130 815 3156 859 1
3175 815 3229 861 1.
3316 796 3615 860 Ceterum
3645 795 3779 860 haec
3809 795 4009 862 Ploti-

2313 897 2500 962 niana
2538 895 2885 983 attigerunt
2911 896 3274 964 Cudworth.
3304 911 3368 962 et
3397 899 3714 963 Moshem.
3744 898 3809 963 in
3841 901 4011 987 Syst.

2315 998 2522 1064 Intell.
2552 1021 2617 1088 p.
2643 1002 2794 1085 637.
2886 999 3121 1066 Confer
3146 1000 3351 1087 ipsum
3380 1002 3691 1070 Nostrum
3719 1025 3913 1091 supra
3937 1025 4008 1091 p.

2317 1103 2457 1182 148.
2485 1102 2564 1165 C.
2594 1115 2659 1165 et
2686 1124 2752 1189 p.
2776 1118 2923 1187 522.
2948 1105 3029 1167 A.

2389 1239 2480 1256 —-
2503 1222 2601 1269 10.
2646 1202 2812 1270 ἀλλὰ
2854 1204 2934 1285 μὴ
2981 1205 3050 1270 ἓν
3091 1205 3294 1290 ἄμφω]
3349 1206 3591 1295 Taylor
3629 1231 3709 1276 ex
3751 1210 4003 1278 conclu-

2309 1304 2494 1370 sionis
2540 1305 2779 1373 ratione
2824 1307 3237 1372 necessarium
3270 1306 3516 1394 judicat
3558 1310 3780 1376 scribi:
3844 1313 4010 1382 ἀλλὰ

2308 1406 2448 1488 μήν.
2539 1407 2791 1474 F1cinus
2831 1426 2896 1474 et
2925 1409 3130 1476 codd.
3164 1410 3358 1480 nostri
3395 1433 3610 1478 omnes
3649 1412 3715 1478 in
3752 1414 4011 1504 vulgata

2311 1525 2726 1595 perseverant.
2814 1511 2927 1579 Ad
2956 1512 3244 1600 proxima
3272 1513 3352 1579 cf.
3385 1537 3576 1602 supra
3597 1515 3715 1583 VI.
3751 1518 3808 1583 8.
3836 1535 3900 1603 7.
3942 1542 4007 1608 p.

2416 1854 2504 1869 —
2545 1818 2648 1883 18.
2705 1819 2775 1884 τὸ
2830 1825 2948 1883 τόν
2999 1821 3778 1910 μυστηρίων-ἐπίταγμα]
3841 1827 4011 1892 Cum

2307 1934 2679 2007 argumento
2721 1922 2912 2009 hujus
2955 1921 3174 2009 capitis
3216 1940 3574 2012 congruunt
3616 1926 3823 2015 plura,
3863 1952 4011 2016 quae

2308 2023 2518 2111 posuit
2565 2024 2947 2090 lamblichus
2991 2024 3057 2090 in
3101 2027 3492 2115 Protreptico
3533 2052 3587 2095 c.
3628 2050 3726 2116 13.
3815 2033 4008 2096 Com-

2307 2143 2490 2216 parat
2529 2144 2741 2194 autem
2785 2152 2930 2216 quae
2972 2129 3089 2195 hoc
3133 2144 3412 2196 extremo
3455 2131 3657 2220 capite
3686 2133 3766 2198 de
3795 2137 4008 2201 ἑνῶσει

2309 2232 2437 2296 sive
2465 2234 2736 2296 ἆπλῶσει
2764 2231 2954 2297 tradit
2984 2232 3263 2297 Plotinus
3304 2256 3447 2298 cum
3479 2236 3812 2301 Persarum
3857 2237 4004 2302 doc-

2312 2335 2476 2400 trina
2529 2334 2810 2422 mysticae
2866 2335 3134 2399 hominis
3189 2358 3333 2400 cum
3385 2336 3505 2401 deo
3556 2338 4009 2425 conjunctionis

2312 2437 2683 2524 unionisque
2730 2436 3046 2503 Tholuck.
3097 2437 3163 2502 in
3213 2437 3421 2504 libro:
3479 2441 3831 2527 Ssufismus
3876 2443 4006 2509 sive

2321 2540 2712 2627 Theosophia
2742 2541 3091 2606 Persarum
3110 2541 3532 2628 pantheistica
3557 2566 3608 2607 c.
3637 2544 3779 2609 111.
3809 2568 3874 2633 p.
3901 2560 4006 2630 79.

2309 2665 2398 2728 sq.
2431 2665 2617 2729 quem
2663 2641 2870 2706 locum
2905 2642 3088 2707 etiam
3135 2642 3529 2710 laudavimus
3555 2645 3639 2711 ad
3669 2648 4007 2737 Porphyrii

2309 2745 2436 2810 vit.
2472 2743 2707 2809 Plotini
2750 2768 2885 2833 cap.
2920 2746 3214 2812 XXIII.
3262 2769 3327 2833 p.
3365 2765 3507 2833 137.
3537 2747 3683 2815 infr.
3716 2751 4006 2817 Fabricii.

2311 2848 2607 2912 Ceterum
2647 2847 2822 2934 quod
2864 2847 3302 2936 mysteriorum
3345 2850 3721 2917 mentionem
3763 2852 4008 2934 attinet,

2307 2948 2557 3014 consule
2589 2950 3064 3037 Wyttenbachii
3100 2955 3346 3017 Annot.
3389 2949 3453 3016 in
3501 2952 3781 3020 Platonis
3825 2954 4004 3021 Phae-

2309 3051 2453 3116 don.
2498 3074 2565 3139 p.
2603 3072 2977 3140 134—1393
3032 3076 3220 3141 quem
3268 3053 3457 3119 etiam
3500 3054 3584 3120 ad
3624 3056 3761 3123 haec
3802 3058 4005 3148 expli-

2310 3153 2509 3218 canda
2549 3153 2840 3219 adhibuit
2883 3155 3052 3220 idem
3102 3156 3419 3224 Tholuck.
3470 3157 3535 3223 in
3586 3158 3783 3226 altero
3825 3161 4008 3245 libro,

2310 3255 2420 3343 qui
2447 3255 2836 3322 inscribitur:
2885 3257 3529 3351 Blutlmzsamndung
3552 3285 3672 3329 aus
3699 3265 3812 3329 der
3839 3289 4004 3331 mor-

2295 3360 2805 3448 genlaendischen
2826 3361 3096 3449 Mystik.
3131 3362 3340 3428 Berol.
3361 3364 3548 3450 1825.
3578 3389 3646 3454 p.
3672 3369 3862 3433 2—6.
3895 3369 4006 3434 ubi

2303 3462 2450 3526 item
2482 3479 2765 3527 nostrum
2809 3462 3017 3528 locum
3058 3465 3287 3552 attigit.
3377 3465 3695 3534 Adhibuit
3723 3485 4004 3536 nostrum

2304 3564 2510 3629 locum
2539 3564 2723 3629 etiam
2755 3565 2990 3631 Bened.
3018 3567 3335 3631 Bendtsen
3366 3568 3432 3631 in
3460 3569 3798 3636 Marmorr.
3826 3574 4007 3661 Mys·

2305 3667 2445 3731 ticc.
2494 3666 2758 3753 Specim.
2794 3668 2849 3731 1.
2896 3691 2959 3755 p.
2998 3688 3093 3732 11.
3184 3669 3529 3734 Primarius
3571 3685 3666 3735 est
3707 3672 3879 3738 locus
3922 3675 4003 3741 de

2304 3769 2521 3833 ordine
2581 3769 2913 3834 Initiorum
2981 3793 3295 3835 sacrorum
3358 3771 3637 3837 Theonis
3696 3776 4003 3863 Smyrnaei

2307 3872 2614 3936 Mathem.
2649 3871 2896 3937 Platon.
2926 3895 2993 3960 p.
3018 3873 3118 3936 18.
3161 3895 3229 3960 p.
3265 3892 3365 3939 21.
3407 3874 3510 3939 ed.
3542 3875 3828 3943 Gelders.
3863 3879 4004 3962 (ubi

2303 3972 2434 4037 vid.
2465 3973 2658 4062 hujus
2685 3968 2896 4039 annot.
2930 3998 2993 4063 p.
3025 3993 3168 4061 123.
3199 3980 3325 4063 sq.)
3416 3976 3614 4042 Plura
3640 3979 3721 4044 de
3748 3980 3866 4046 hoc
3899 4006 4001 4048 ar-

2303 4091 2607 4163 gumento
2631 4077 2861 4142 addere
2888 4078 3033 4143 nolo
3062 4093 3207 4166 post
3233 4102 3328 4160 ea,
3358 4102 3503 4167 quae
3530 4083 3756 4169 partim
3786 4107 3825 4148 a
3854 4085 3999 4150 Plo-

2307 4180 2458 4257 tino,
2487 4179 2715 4266 partim
2743 4179 2890 4246 alibi
2920 4204 2959 4245 a
2986 4203 3087 4245 me
3115 4181 3284 4246 dicta
3311 4199 3474 4247 sunt.

2377 4305 2443 4370 p.
2475 4302 2662 4367 1409,
2687 4303 2785 4368 13.
2816 4286 3081 4367 ὑπερβὰς
3107 4284 3216 4365 ἤδη
3247 4285 3341 4349 καὶ
3369 4285 3475 4350 τὸν
3500 4292 3619 4351 τῶν
3648 4285 3873 4370 ἀρετῶν
3898 4317 4005 4374 χο-

2302 4385 2466 4472 ρόν.]
2497 4385 2661 4449 Haec
2689 4383 2922 4450 locutio
2951 4386 3171 4451 Stoicis
3198 4387 3502 4474 placuisse
3522 4388 3788 4456 videtur.
3837 4393 4003 4458 Nam

2303 4509 2501 4573 quum
2531 4486 2695 4551 inter
2722 4510 2788 4551 se
2820 4511 3129 4553 connexas
3155 4504 3461 4576 ponerent
3489 4491 3749 4556 virtutes
3780 4495 4001 4584 (Diog.

2305 4589 2516 4653 Laert.
2541 4590 2706 4653 VII.
2744 4607 2886 4675 125.
2977 4590 3083 4655 Cf.
3125 4592 3191 4657 J.
3223 4592 3425 4679 Lipsii
3472 4595 3894 4661 Commentar.
3938 4598 4003 4662 in

2308 4693 2601 4756 Senecam
2646 4715 2708 4780 p.
2742 4695 2891 4778 605.
2918 4695 3037 4779 D.)
3072 4693 3411 4782 unicuique
3444 4719 3658 4762 earum
3688 4699 4002 4784 quendam

2305 4793 2485 4880 quasi
2509 4795 2870 4859 comitatum
2902 4794 3235 4861 addebant.
3329 4798 3435 4861 Ita
3459 4799 3623 4862 enim
3654 4800 3701 4862 J
3707 4800 4003 4880 ustitiam,

2306 4911 2380 4961 ut
2408 4895 2677 4974 videtur,
2708 4896 3064 4984 loquentem
3092 4897 3242 4961 facit
3269 4897 3442 4985 apud
3473 4900 3751 4965 Nonium
3785 4902 4004 4968 Cicero

2303 5000 2369 5064 in
2402 4999 2773 5065 Hortensio:
2824 5008 2868 5039 “
2894 5003 3005 5065 An
3033 5023 3177 5065 cum
3209 4998 3420 5063 videat
3459 5023 3559 5064 me
3597 5011 3657 5066 et
3698 5025 3867 5068 meas
3907 5028 4002 5069 co-

2308 5105 2507 5183 mites,
2549 5094 3003 5178 fortitudinem,
3048 5100 3539 5188 magnitudinem
3582 5103 3793 5181 animi,
3838 5108 4001 5193 pati-

2307 5206 2563 5284 entiam,
2599 5203 3027 5282 constantiam,
3071 5204 3461 5291 gravitatem‚
3501 5203 3715 5284 fidem,
3758 5206 3894 5294 ipsa
3937 5233 4003 5274 se

2308 5308 2620 5374 subducat
2636 5309 2700 5371 ?''
2746 5307 2870 5371 Cui
2898 5307 3034 5371 loco
3063 5307 3197 5372 haec
3225 5306 3438 5394 adjicit
3470 5308 3572 5371 M.
3591 5309 3680 5372 A.
3707 5310 4003 5378 Muretus

2308 5411 2488 5475 Varr.
2520 5411 2721 5474 Lectt.
2755 5410 2899 5474 III.
2933 5428 3038 5473 20.
3070 5433 3132 5498 p.
3161 5411 3262 5493 78.
3290 5410 3392 5475 ed.
3424 5408 3764 5476 Ruhnken.
3841 5422 3885 5454 ‘⁴
3909 5418 4004 5482 U-

2308 5512 2838 5674 tebgnturzauoem
2872 5512 3124 5598 (Stoici)
3153 5512 3235 5577 ad
3264 5534 3401 5578 eam
3430 5512 3793 5579 sententiam
3834 5516 4006 5584 illus-

2494 5621 2551 5672 G
