5118 6613
1343 549 1541 615 LIB.
1590 551 1688 615 II.
1736 550 2198 618 ENNEAD.
2246 551 2705 618 TERTIAE.
2751 576 2814 642 p.
2843 555 3205 638 466—471.

626 758 717 771 —
751 740 854 786 10.
915 723 1216 798 Σῶζεσθαι
1237 759 1328 772 -
1353 724 1505 806 φησὶ
1553 728 1677 788 δεῖν
1733 726 1766 787 ὁ
1816 725 1995 804 νόμος
2041 724 2237 806 ἀνδρι-

542 823 849 912 ζομένους]
897 825 1045 889 Ηοο
1099 825 1363 890 verbum
1407 840 1759 891 extremum
1806 841 2070 914 usurpat
2125 825 2237 891 ali·

542 926 789 1014 quoties
817 943 1027 992 noster
1072 928 1494 1017 Philosophus
1523 931 1641 994 VI.
1665 933 1725 994 8.
1753 949 1818 1015 5.
1849 953 1911 1018 p.
1946 931 2096 1017 738,
2126 929 2237 1017 qui

541 1029 714 1095 locus
769 1053 915 1095 cum
963 1044 1176 1096 nostro
1222 1032 1656 1098 conferendus.
1748 1033 1991 1099 Solonis
2039 1033 2239 1121 legem

542 1132 782 1220 ignavis
808 1156 1026 1229 poenas
1043 1134 1422 1222 irrogantem
1449 1159 1528 1201 ex
1545 1137 1917 1218 oratoribuS,
1936 1137 2241 1203 AEschine

541 1249 757 1300 contra
798 1235 1077 1324 Ctesipb.
1113 1259 1176 1325 p.
1221 1255 1322 1322 79.
1357 1252 1421 1302 et
1459 1238 1884 1304 Demosthene
1925 1239 1987 1304 in
2029 1239 2230 1305 Timo·

542 1352 694 1402 crat.
724 1360 790 1424 p.
824 1340 974 1418 461.
1024 1338 1313 1404 exhibuit
1349 1340 1596 1406 Petitus
1637 1342 1717 1406 de
1763 1343 2047 1430 Legibus
2091 1347 2232 1410 Att.

543 1463 611 1529 p.
645 1441 790 1526 665.
832 1464 923 1528 sq.
978 1441 1087 1506 ubi
1137 1441 1285 1507 add.
1330 1443 1709 1532 Wesseling.
1795 1445 1949 1511 Alia
1996 1469 2076 1511 ex
2117 1447 2237 1513 hoc

543 1557 912 1632 argumento
946 1542 1247 1631 leguntur
1284 1546 1458 1634 apud
1488 1547 1894 1614 Aristotelem
1923 1549 1987 1613 in
2018 1549 2234 1615 Ethic.

546 1646 795 1712 Nicom.
847 1646 990 1710 111.
1033 1648 1098 1710 6.
1152 1646 1262 1711 ubi
1317 1647 1737 1713 consulendus
1773 1650 2133 1738 Giphanius
2172 1666 2236 1717 et

547 1751 688 1814 ΙΙΙ.
721 1750 782 1815 8.
846 1749 1041 1814 Adde
1071 1749 1366 1815 Proclum
1396 1751 1462 1816 in
1494 1751 1653 1817 Plat.
1686 1751 1834 1819 Alc.
1864 1777 1962 1841 pr.
1990 1778 2053 1844 p.
2084 1773 2233 1842 337.

543 1866 606 1932 et
636 1851 1070 1940 Olympiodor.
1100 1853 1165 1917 in
1192 1854 1380 1919 eund.
1414 1878 1484 1943 p.
1522 1871 1668 1939 117.
1699 1881 1794 1946 sq.
1827 1881 1890 1945 p.
1928 1878 2070 1926 120.
2094 1882 2189 1946 sq.

626 1979 689 2043 p.
721 1973 874 2038 470,
908 1958 1104 2021 8..01’1
1149 1960 1265 2041 γὰρ
1304 1959 1374 2038 δὴ
1420 1961 1570 2023 οὕτω
1607 1959 1717 2040 τὴν
1752 1962 2040 2043 πρόνοιαν
2086 1961 2240 2027 εἶναι

546 2064 652 2134 δεῖ,
698 2057 854 2124 ὥστε
907 2062 1090 2139 μηδὲν
1137 2061 1286 2141 ἡμᾶς
1337 2060 1518 2150 εἶναι]
1569 2063 1832 2128 Tractat
1885 2064 2005 2129 hoc
2053 2087 2240 2152 argu-

543 2176 823 2227 mentum
859 2161 1045 2226 etiam
1089 2163 1461 2228 Gennadius
1489 2187 1691 2252 nuper
1719 2165 1887 2231 edito
1915 2166 2125 2233 libello
2158 2168 2240 2232 de

547 2268 952 2334 Providentia
991 2292 1058 2356 p.
1097 2270 1195 2334 18.
1230 2292 1360 2356 sq.:
1412 2274 1621 2350 Δῆλον
1660 2273 1725 2336 δὲ
1767 2272 1860 2336 καὶ
1898 2273 1989 2337 ὅτι
2015 2275 2240 2339 τούτων

548 2375 729 2441 οὕτως
769 2375 1034 2457 ἐχόντων
1059 2373 1232 2438 οὐδὲν
1259 2371 1406 2454 πρὸς
1441 2377 1550 2437 τοῦ
1580 2372 1729 2460 (leg.
1762 2373 1860 2458 τὸ)
1896 2374 2143 2439 ἑλέσθαι
2169 2375 2237 2440 τὸ

544 2477 791 2554 βέλτιον
819 2478 1040 2560 ὀφελεῖ
1076 2478 1109 2539 ὁ
1158 2480 1314 2543 θεῖος
1346 2476 1706 2558 προορισμὸς
1742 2475 1878 2544 τοὺς
1903 2473 2236 2559 προῂρημέ-

550 2606 702 2655 νους,
749 2582 804 2644 εἰ
844 2579 926 2661 μὴ
982 2580 1133 2642 ὅσον
1177 2580 1508 2661 προώριστο
1553 2583 1624 2660 τῇ
1670 2581 2006 2661 ἀνθρωπίνῃ
2054 2582 2239 2664 φύσει

548 2688 750 2749 κοινῶς
776 2680 845 2746 τὸ
875 2686 999 2746 δεῖν
1028 2683 1176 2745 κατὰ
1200 2683 1392 2764 λόγον
1421 2684 1516 2746 καὶ
1539 2683 1722 2762 νόμον
1743 2687 1939 2762 βιοῦν,
1960 2684 2056 2747 καὶ
2085 2686 2234 2749 οὕτω

545 2788 823 2864 βιοῦντας
865 2789 1168 2867 θεοφιλεῖς
1207 2784 1379 2860 εἶναι,
1425 2787 1722 2853 τοιούτους
1755 2789 1821 2850 δὲ
1864 2788 2041 2855 ὄντας
2079 2788 2239 2867 ἄμει-

552 2911 657 2952 νον
680 2887 965 2967 ζήσεσθαι
996 2889 1064 2951 ἐν
1091 2890 1171 2973 τῷ
1199 2886 1833 2966 μέλλοντι.-ἑκόντες
1862 2889 1977 2970 ἄρα
2005 2892 2236 2972 αἱροῦν-

545 3016 641 3055 ται
697 2993 1026 3075 ἀμφότεροι
1066 2991 1249 3054 ὅποτε
1290 2993 1763 3073 αἱροῦνται.-εἶ
1807 2990 1876 3056 δέ
1924 3017 2081 3060 τινες
2124 2998 2242 3056 τῶν

545 3094 767 3160 ἐνθέων
793 3095 1141 3179 χωρίζοντες
1157 3096 1233 3158 τὰ
1255 3095 1355 3175 ἐφ’
1373 3096 1512 3174 ἡμῖν
1539 3096 1973 3178 προγινώσκειν
1992 3093 2245 3178 λέγουσι

547 3198 652 3263 τὸν
679 3197 820 3262 θεὸν
848 3198 919 3261 οὗ
956 3197 1306 3279 προορίζειν,
1337 3196 1407 3261 τὸ
1449 3197 1877 3280 ἐπαναγκάζειν
1912 3199 2240 3277 βούλονται

545 3300 916 3386 λέγειν-ὦς
936 3302 969 3364 ὁ
1000 3304 1157 3367 θεῖος
1182 3300 1542 3384 προορισμὸς
1570 3302 1676 3365 οὔκ
1697 3299 2012 3384 ἀναγκάζει
2038 3299 2107 3365 τὸ
2140 3301 2239 3365 αὗ-

547 3406 873 3484 τεξούσιον,
906 3405 983 3471 ὡς
1008 3406 1155 3484 μηδὲ
1183 3408 1413 3468 τοιοῦτο
1440 3404 1657 3469 λοιπὸν
1686 3408 1798 3486 εἵη.
1889 3407 2052 3470 Haec
2084 3427 2240 3492 pau-

546 3507 687 3572 cula
727 3507 876 3571 satis
916 3518 1287 3586 monstrant,
1315 3521 1702 3594 quantopere
1744 3507 1879 3572 haec
1924 3508 2238 3573 Gennadii

544 3610 860 3699 disputata
880 3608 1232 3697 pertineant
1247 3609 1329 3673 ad
1350 3610 1540 3697 hujus
1562 3609 1680 3675 loci
1704 3609 2039 3676 Plotiniani
2053 3633 2239 3699 argu-

544 3727 845 3779 mentum.
1840 3720 1845 3731 ‘

628 3855 715 3867 —
750 3818 850 3882 16.
897 3816 967 3881 σῦ
1011 3815 1252 3896 θεμιτὸν
1281 3814 1463 3900 εὐχὴν
1491 3815 1891 3905 ποιουμένων]
1941 3816 2239 3882 Theodo-

546 3936 656 3987 ret.
688 3944 754 4009 p.
775 3922 920 4004 874.
954 3941 1172 3983 rursus
1192 3919 1432 4005 profert
1460 3919 1651 3983 verba
1689 3925 1813 3988 τοῖς
1839 3912 1953 4001 μὲν
1992 3922 2238 4004 ἀγαθοῖς

546 4022 932 4104 ποιουμένων,
993 4021 1105 4086 ubi
1162 4036 1440 4085 extrema
1495 4020 1800 4109 interpres
1866 4022 1957 4087 ita
2009 4022 2230 4088 vertit:

547 4136 590 4168 ‘⁴
622 4127 834 4193 Malos
873 4148 1019 4190 vero
1059 4138 1131 4189 ut
1175 4123 1410 4189 salvare
1437 4124 1541 4189 alii
1569 4148 1684 4190 suo
1702 4125 1980 4213 periculo
2022 4126 2237 4206 velint,

542 4254 684 4297 cum
728 4241 975 4317 rogant,
1021 4227 1118 4291 fas
1167 4250 1293 4291 non
1336 4229 1464 4292 est”
1508 4228 1792 4293 Pressius
1848 4228 1930 4293 ad
1973 4229 2237 4294 verbum

541 4335 628 4401 ita
655 4348 901 4399 vertas:
952 4339 996 4371 “
1021 4330 1145 4410 Qui
1166 4354 1313 4396 vero
1342 4331 1487 4396 mali
1516 4347 1868 4411 evaserunt,
1897 4356 2004 4398 eos
2023 4347 2238 4421 postu-

545 4438 693 4516 lare,
739 4452 813 4502 ut
856 4435 960 4500 alii
1001 4434 1281 4520 ipsorum
1326 4448 1670 4501 servatores
1712 4435 2004 4515 existant,
2046 4460 2236 4524 seque

542 4539 884 4629 negligant,
924 4538 1021 4603 fas
1062 4560 1187 4601 non
1230 4552 1347 4616 est,
1378 4538 1621 4604 tametsi
1676 4540 1881 4624 (mdi)
1912 4556 2057 4604 vota
2101 4563 2235 4605 sus-

542 4644 835 4733 cipiant.”
920 4640 1130 4706 Aliter
1171 4640 1410 4729 accepit
1461 4641 1667 4707 locum
1730 4641 2007 4707 Ficinus.
2110 4641 2233 4707 Sed

542 4747 829 4837 proxima
856 4759 1135 4832 arguunt
1164 4745 1323 4809 hanc
1350 4768 1481 4810 esse
1510 4743 1875 4810 sententiam
1907 4745 2163 4811 Plotini.

624 4874 693 4939 p.
750 4866 833 4931 47
848 4869 905 4927 1,
951 4870 1014 4935 5.
1102 4849 1260 4916 ὅπως
1316 4848 1513 4916 αὐτοῖς
1569 4848 1692 4913 εἶεν
1751 4849 2231 4938 ἐπιμελούμενοι]

546 4966 585 4989 “
618 4951 1007 5021 Meditantes
1047 4973 1178 5038 qua
1217 4950 1456 5015 ratione
1499 4950 1649 5038 ipsis
1691 4950 1757 5015 id
1801 4949 1963 5015 adsit
2007 4951 2063 5015 :⁹⁹
2108 4950 2233 5015 scil.

544 5057 818 5133 Bonum,
871 5053 1042 5140 quod
1096 5053 1192 5118 vel
1246 5053 1570 5140 sequentia
1623 5067 1934 5140 arguunt:
1985 5052 2093 5118 ἐάν
2150 5079 2238 5122 τις

544 5158 767 5243 ἀγαθὸς
793 5155 930 5239 παρ’
963 5159 1143 5222 αὑτοῦ
1170 5158 1407 5239 φύηται.

622 5300 721 5333 -,
746 5280 845 5326 12.
912 5260 1074 5324 ἀλλὰ
1126 5258 1588 5343 μετέχον-καὶ
1645 5259 1883 5342 σοφίας,
1945 5262 2041 5325 καὶ
2097 5262 2227 5347 νοῦ]

542 5363 845 5430 Brucker.
892 5364 957 5427 in
1004 5362 1176 5428 Hist.
1226 5362 1385 5428 Crit.
1437 5362 1672 5429 Philos.
1719 5363 1820 5429 II.
1854 5386 1921 5452 p.
1950 5382 2099 5449 423.
2142 5364 2236 5428 in-

539 5465 901 5533 constantiae
943 5464 1192 5553 culpam
1223 5487 1302 5530 ex
1330 5465 1450 5530 hoc
1476 5464 1614 5531 loco
1640 5465 1706 5530 in
1738 5464 2058 5530 Plotinum
2088 5488 2233 5532 con-

540 5587 776 5637 vertere
805 5568 1022 5636 studet
1049 5568 1292 5634 dicens:
1344 5577 1391 5609 “
1425 5572 1551 5635 Ast
1588 5591 1780 5656 supra
1807 5568 2072 5651 dixerat,
2103 5570 2237 5635 fieri

3899 574 4019 641 147

2325 724 2461 790 haec
2486 725 2696 791 omnia
2724 741 2966 791 naturoe
2993 725 3407 792 necessitate.''
3495 729 3607 793 Tu
3640 727 3780 794 vide
3820 727 4024 816 philo-

2326 828 2506 916 sophi
2545 829 2743 894 nostri
2774 828 3055 894 libellum
3101 829 3183 895 de
3216 829 3553 895 virtutibus
3584 832 3643 897 1.
3680 850 3740 897 2.
3770 846 3834 897 et
3875 855 4021 920 quoe

2323 930 2411 996 ibi
2453 932 2683 1019 passim
2728 932 3135 1020 apposuimus
3175 957 3242 1021 p.
3282 953 3380 998 11.
3429 957 3566 1022 sqq.
3659 934 3852 1000 Adde
3895 935 4020 1024 pri-

2324 1033 2590 1099 marium
2619 1035 2823 1101 locum
2860 1037 2957 1100 11.
2988 1056 3052 1122 3.
3084 1058 3143 1122 9.
3177 1059 3244 1123 p.
3272 1056 3416 1117 141.
3443 1060 3536 1125 sq.
3565 1036 3678 1103 ubi
3705 1038 3788 1103 de
3815 1037 4023 1103 anima

2323 1159 2363 1201 a
2388 1136 2522 1202 fato
2550 1136 2745 1203 libera
2771 1137 2934 1202 idem
2966 1151 3175 1202 noster
3203 1137 3504 1226 disputat.

2407 1278 2495 1290 —
2543 1262 2570 1306 1
2584 1260 2642 1324 7.
2699 1243 2830 1307 ἐπεὶ
2882 1244 2978 1305 καὶ
3035 1246 3158 1309 τοῖς
3206 1242 3417 1329 ἄλλοις
3431 1279 3520 1291 -
3551 1243 3648 1307 καὶ
3696 1244 4022 1327 ἀνθρώπων

2324 1344 2600 1428 ἀγρίων.]
2682 1344 2900 1409 Habet
2959 1343 3346 1409 Theodoret.
3406 1344 3450 1410 l.
3482 1344 3525 1410 l.
3587 1370 3656 1434 p.
3719 1348 3868 1433 873.
3923 1370 4020 1435 sq.

2327 1444 2583 1510 Schulz.
2660 1445 3030 1510 Admonent
3072 1461 3285 1511 autem
3328 1445 3464 1512 haec
3524 1447 3877 1514 Plotiniana
3920 1474 4024 1515 eo-

2322 1571 2651 1636 rum,quae
2683 1548 2939 1614 Tullius
2961 1548 3232 1614 Balbum
3255 1573 3334 1614 ex
3363 1550 3712 1616 Stoicorum
3739 1553 4025 1620 doctrina

2322 1651 2748 1739 disputantem
2778 1652 2930 1718 facit
2968 1654 3070 1718 De
3100 1656 3187 1719 N.
3216 1655 3305 1719 D.
3340 1654 3440 1719 II.
3471 1674 3751 1742 47—52.
3780 1656 3846 1722 in
3876 1658 4018 1744 qui—

2320 1755 2443 1820 bus
2484 1754 2787 1820 nonnulla
2827 1770 2995 1836 sunt,
3041 1781 3187 1845 quae
3228 1758 3310 1822 ad
3354 1758 3616 1823 verbum
3662 1775 4019 1847 congruunt

2322 1857 2443 1924 hoc
2486 1858 2667 1934 loco;
2717 1883 2774 1923 ν.
2806 1883 2861 1925 c.
2908 1883 3044 1948 cap.
3099 1881 3225 1946 51:
3277 1869 3320 1901 “
3351 1870 3427 1926 ut
3483 1884 3631 1927 vero
3666 1873 4020 1951 perpetuus

2323 1964 2546 2028 mundi
2576 1973 2734 2029 esset
2760 1974 3047 2043 matus,
3078 1987 3326 2053 magna
3360 1965 3647 2031 adhibita
3673 1977 3765 2032 est
3791 1991 3948 2032 cura
3976 1991 4019 2033 a

2318 2066 2727 2154 providentia
2768 2067 3048 2146 deorum,
3080 2077 3154 2132 ut
3191 2089 3435 2154 semper
3462 2079 3663 2134 essent
3691 2080 3752 2136 et
3786 2072 4017 2136 bestia-

2322 2193 2470 2234 rum
2491 2191 2739 2258 genera
2767 2180 2828 2236 et
2854 2172 3155 2236 arborum
3195 2173 3596 2259 omniumque
3621 2175 3874 2238 rerum''
3902 2189 4015 2239 etc.

2327 2273 2595 2360 Copiose
2649 2288 2860 2337 autem
2920 2273 3054 2338 haec
3111 2288 3449 2360 pertractat
3506 2275 3691 2340 Philo
3746 2278 3794 2340 J
3799 2276 4021 2342 udaeus

2327 2377 2525 2442 Serm.
2576 2377 2676 2442 11.
2752 2378 2856 2442 De
2914 2376 3340 2456 Providentia,
3385 2394 3448 2443 et
3491 2378 3598 2457 ita,
3645 2394 3717 2444 ut
3758 2382 4019 2469 propius

2321 2479 2507 2544 etiam
2566 2478 2855 2544 Plotinus
2904 2479 2986 2543 ad
3041 2480 3179 2565 ejus
3223 2478 3688 2546 similitudinem
3741 2484 4013 2550 accedat.

2323 2584 2428 2648 Ita
2474 2582 2639 2647 enim
2684 2582 2787 2647 ille
2832 2582 3006 2672 apud
3050 2583 3399 2648 Eusebium
3446 2585 3525 2649 P.
3556 2587 3641 2650 E.
3674 2586 3878 2652 VIII.
3917 2609 4016 2670 14.

2323 2700 2387 2752 et
2427 2687 2494 2751 in
2529 2708 2694 2752 nova
2738 2710 2893 2752 versi.
2932 2690 3195 2752 Armen.
3238 2687 3387 2753 edit.
3421 2711 3483 2775 p.
3515 2708 3672 2756 112:
3720 2693 3796 2755 τὰ
3823 2690 3871 2755 δ’
3906 2693 4014 2757 ἄλ-

2327 2816 2465 2870 κιμα
2490 2795 2610 2855 τῶν
2638 2792 2855 2872 θηρίων
2880 2790 3157 2873 γέγονεν,
3189 2791 3260 2855 οὐ
3287 2793 3405 2874 γὰρ
3433 2792 3882 2873 ὑποσιωπητέον
3912 2796 4018 2877 (ὥς

2325 2889 2402 2956 ἃν
2432 2894 2486 2956 εἰ
2528 2891 2623 2956 καὶ
2666 2895 2745 2979 τῷ
2783 2896 2986 2960 δεινῶς
3031 2894 3220 2957 εἰπεῖν
3260 2893 3512 2980 οἰομένῳ
3555 2897 3884 2976 προλαβὼν
3912 2897 4020 2977 τὴν

2326 2997 2664 3079 ἀπολογίαν
2691 2994 2984 3081 διέσυρες)
3022 2994 3331 3076 ἀσκήσεως
3374 2996 3550 3061 ἕνεκα
3576 3001 3678 3077 τῆς
3704 2998 3851 3082 πρὸς
3887 3000 4022 3067 τοὺς

2324 3098 2681 3179 πολεμικοὺς
2723 3100 2974 3181 ἀγῶνας.
3022 3101 3097 3163 τὰ
3141 3101 3256 3182 γὰρ
3299 3098 3599 3181 γυμνάσια
3644 3103 3740 3166 καὶ
3782 3105 3846 3166 αί
3881 3128 4022 3168 συν-

2329 3208 2487 3286 εχεῖς
2517 3205 2689 3284 θῆραι
2728 3205 3121 3285 συγκροτοῦσι
3162 3202 3257 3266 καὶ
3296 3206 3606 3284 νευροΰσιν
3645 3205 3711 3269 εὖ
3752 3204 3919 3285 μάλα
3946 3208 4023 3271 τὰ

2325 3306 2592 3386 σώματα,
2625 3305 2720 3370 καὶ
2745 3304 2859 3388 πρὸ
2888 3311 3007 3370 τῶν
3035 3303 3327 3385 σωμάτων
3356 3310 3461 3374 τὰς
3487 3310 3692 3391 ψυχᾶς
3728 3309 4020 3386 ἐθίζουσιν

2325 3411 2559 3494 ἐχθρῶν
2603 3409 2945 3489 ἐξαπιναίας
2973 3410 3226 3491 ἐφόδους
3266 3412 3346 3496 τῷ
3394 3414 3650 3496 καρτερῷ
3692 3415 3794 3490 τῆς
3827 3414 4021 3494 ῥώμης

2325 3514 2597 3595 ἆλογεῖν.
2642 3518 2765 3580 τοῖς
2806 3513 2871 3575 δὲ
2914 3514 3019 3579 τὰς
3063 3513 3277 3594 φύσεις
3319 3514 3628 3594 εἰρηνικοῖς
3672 3513 3904 3594 ἔξεστιν
3948 3516 4019 3580 οὗ

2322 3618 2511 3696 μόνον
2537 3620 2753 3699 τειχῶν
2783 3613 2950 3681 ἐντὸς
2977 3615 3142 3678 ἀλλὰ
3171 3615 3266 3678 καὶ
3306 3614 3658 3680 κλεισιάδων
3688 3622 4019 3697 θαλαμευο-

2322 3718 2524 3800 μένοις
2551 3721 2776 3800 ἀποζῆν
2804 3719 3341 3798 ἀνεπιβουλεύτους
3371 3718 3617 3802 ἔχουσιν
3647 3721 3730 3787 εἰς
3756 3720 4018 3784 ἀπόλαυ-

2323 3847 2426 3887 σιν
2454 3820 2879 3905 ἀφθονωτάτας
2915 3818 3148 3902 ἡμέρων
3177 3819 3400 3904 ἀγέλας
3430 3848 3482 3885 κ.
3505 3846 3558 3886 τ.
3578 3829 3638 3884 λ.
3669 3836 3734 3886 et
3762 3845 3824 3909 p.
3852 3843 3879 3886 1
3895 3845 4012 3905 14:

2321 3931 2439 3990 τῶν
2468 3924 2516 3990 δ’
2549 3928 2810 4007 ἑρπετῶν
2830 3926 2906 3989 τᾶ
2935 3925 3154 4005 ῖοβόλα
3183 3923 3438 4007 γέγονεν
3462 3926 3532 3989 οὗ
3555 3929 3703 3990 κατὰ
3729 3929 4017 4009 πρόνοιαν

2323 4028 2488 4091 ἀλλὰ
2518 4026 2640 4091 κατ’
2673 4027 3168 4106 ἐπακολούθησιν,
3197 4027 3274 4094 ὧς
3314 4029 3410 4092 καὶ
3441 4030 3731 4111 πρότερον
3761 4028 4018 4095 εἶπον-

2319 4130 2551 4210 ἥκουσα
2578 4133 2644 4194 δὲ
2685 4130 2781 4193 καὶ
2818 4129 2953 4212 περὶ
2999 4129 3242 4193 ἐκείνων
3270 4129 3494 4198 διττοὺς
3533 4132 3771 4214 λόγους,
3803 4134 3880 4200 ὡς
3923 4133 4012 4198 ἐπ’

2324 4233 2592 4319 ὠφελείᾳ
2620 4236 2727 4296 τοῦ
2766 4232 3077 4314 ἀνθρώπου
3114 4233 3476 4315 γεγονότων,
3516 4234 3618 4301 οὓς
3643 4235 3751 4299 οὔκ
3780 4234 3857 4300 ἂν
3888 4239 4012 4302 ἐπι-

2322 4337 2680 4418 κρυψαίμην.
2726 4335 2802 4414 ἣν
2830 4332 2878 4399 δ’
2910 4337 2943 4398 ὁ
2971 4336 3084 4415 μὲν
3114 4334 3313 4416 ἔτερος
3338 4336 3595 4400 τοιόσδε·
3642 4337 3789 4420 πρὸς
3812 4343 4018 4404 πολλὰ

2320 4444 2439 4503 τῶν
2470 4442 2685 4521 ἰατρῶν
2725 4435 2967 4521 ἔφασάν
3003 4461 3159 4503 τινες
3196 4441 3272 4501 τὰ
3307 4439 3529 4517 ἰοβόλα
3575 4448 3890 4525 συνεργεῖν
3921 4443 4018 4508 καὶ

2319 4541 2455 4608 τοὺς
2473 4542 2901 4620 μεθοδεύοντας
2926 4539 3036 4620 τὴν
3063 4538 3304 4623 τέχνην,
3338 4542 3421 4608 εἷς
3447 4538 3487 4604 ἃ
3517 4546 3611 4606 δεῖ
3634 4546 4012 4627 καταχρωμέ-

2322 4668 2459 4711 νους
2497 4644 2695 4711 αὐτοῖς
2739 4644 3160 4723 ἐπιστημόνως,
3193 4644 3690 4726 ἀλεξιφαρμάκων
3719 4647 4013 4730 εὐπορεῖν,

2322 4747 2422 4812 ἐπὶ
2456 4750 2527 4827 τῇ
2574 4752 2691 4810 τῶν
2723 4745 2989 4827 μάλιστα
3018 4748 3369 4827 ἐπισφαλῶς
3412 4749 3678 4830 ἐχόντων
3716 4751 4011 4831 ἀπροσδο-

2323 4848 2473 4935 κήτῳ
2532 4850 2933 4932 σωτηρία.-ὁ
2990 4847 3038 4914 δ’
3094 4848 3293 4930 ἔτερος
3348 4850 3534 4932 λόγος
3578 4852 3682 4916 οὐκ
3741 4854 4010 4935 ἰατρικὸς,

2322 4954 2485 5017 ἀλλὰ
2533 4953 2878 5035 φιλόσοφος
2924 4952 3018 5033 ἦν,
3069 4954 3146 5021 ὥς
3190 4952 3365 5016 ἔοικε·
3413 4958 3492 5040 τῷ
3536 4958 3651 5038 γὰρ
3691 4962 3805 5045 θεῷ
3856 4958 4012 5023 ταῦτ’

2324 5056 2594 5137 ἔφασκεν
2635 5056 3022 5136 ηὗτρεπίσθαι
3065 5057 3213 5119 κατὰ
3254 5061 3373 5120 τῶν
3411 5059 3870 5139 ἁμαρτανόντων
3914 5086 4012 5124 κο-

2319 5158 2637 5240 λαστήρια.
2668 5187 2720 5224 κ.
2749 5184 2800 5222 τ.
2831 5166 2892 5223 λ.
3006 5161 3169 5223 Cum
3216 5158 3314 5223 bis
3370 5162 3787 5247 comparanda
3842 5175 4010 5239 sunt,

2320 5284 2467 5348 quoe
2502 5262 2566 5326 in
2608 5260 2788 5327 libro.
2870 5265 3102 5328 Utrum
3125 5263 3321 5328 stella.»
3346 5273 3553 5351 agant
3578 5286 3618 5327 a
3645 5263 4014 5353 philosopho

2321 5379 2535 5429 nostro
2579 5364 2980 5452 disputantur
3026 5366 3157 5449 (II.
3190 5385 3255 5452 3,
3292 5366 3449 5450 18.),
3494 5365 3662 5431 unde
3704 5366 3838 5431 haec
3868 5384 4011 5433 tan-

2324 5466 2653 5532 tummodo
2700 5466 2991 5532 delibabo
3046 5491 3110 5554 p.
3148 5468 3286 5550 148.
3318 5471 3442 5533 A.:
3493 5472 3590 5533 καὶ
3634 5473 3753 5553 γὰρ
3802 5475 4014 5555 χρείαν

2322 5574 2398 5637 τᾶ
2439 5575 2645 5731 ποὲλᾶ
2681 5572 2891 5648 αὐτῶν,
2921 5570 2959 5651 ἢ
2999 5573 3096 5638 καὶ
3138 5571 3334 5637 πάντα
3374 5566 3701 5654 παρέχεται
3743 5578 3823 5661 τῷ
3866 5578 4011 5663 ὅλῳ,

2422 5680 2477 5731 U
