<?xml version="1.0" encoding="UTF-8"?>
<!DOCTYPE html PUBLIC "-//W3C//DTD XHTML 1.0 Transitional//EN"
    "http://www.w3.org/TR/xhtml1/DTD/xhtml1-transitional.dtd">
<html xmlns="http://www.w3.org/1999/xhtml" xml:lang="en" lang="en">
 <head>
  <title>
</title>
<meta http-equiv="Content-Type" content="text/html;charset=utf-8" />
  <meta name='ocr-system' content='tesseract 3.04.00' />
  <meta name='ocr-capabilities' content='ocr_page ocr_carea ocr_par ocr_line ocrx_word'/>
</head>
<body>
  <div class='ocr_page' id='page_1' title='image "./plotinioperaomn00chumgoog_0046.png"; bbox 0 0 5118 6613; ppageno 0'>
   <div class='ocr_carea' id='block_1_1' title="bbox 1058 594 1143 657">
    <p class='ocr_par' dir='ltr' id='par_1_1' title="bbox 1058 594 1143 657">
     <span class='ocr_line' id='line_1_1' title="bbox 1058 594 1143 657; baseline 0 -18"><span class='ocrx_word' id='word_1_1' title='bbox 1058 594 1143 657; x_wconf 91' lang='lat'><strong>40</strong></span> 
     </span>
    </p>
   </div>
   <div class='ocr_carea' id='block_1_2' title="bbox 1046 742 2735 5547">
    <p class='ocr_par' dir='ltr' id='par_1_2' title="bbox 1051 742 2735 2372">
     <span class='ocr_line' id='line_1_2' title="bbox 1059 742 2732 832; baseline -0.002 -21"><span class='ocrx_word' id='word_1_2' title='bbox 1059 768 1213 827; x_wconf 83' lang='grc' dir='ltr'>τητε,</span> <span class='ocrx_word' id='word_1_3' title='bbox 1248 745 1382 828; x_wconf 82' lang='grc' dir='ltr'>ἔφη,</span> <span class='ocrx_word' id='word_1_4' title='bbox 1416 746 1531 827; x_wconf 81' lang='grc' dir='ltr'><strong>ἄρα</strong></span> <span class='ocrx_word' id='word_1_5' title='bbox 1560 743 1700 808; x_wconf 76' lang='grc' dir='ltr'>αὐτὸ</span> <span class='ocrx_word' id='word_1_6' title='bbox 1732 744 1923 823; x_wconf 72' lang='grc' dir='ltr'>δείξει.</span> <span class='ocrx_word' id='word_1_7' title='bbox 1988 742 2193 832; x_wconf 85' lang='grc' dir='ltr'><strong>ΗὶΡΡ.</strong></span> <span class='ocrx_word' id='word_1_8' title='bbox 2224 743 2367 831; x_wconf 89' lang='lat' dir='ltr'><strong>maj.</strong></span> <span class='ocrx_word' id='word_1_9' title='bbox 2395 766 2458 830; x_wconf 88' lang='lat' dir='ltr'><strong>p.</strong></span> <span class='ocrx_word' id='word_1_10' title='bbox 2494 743 2640 808; x_wconf 91' lang='lat'><strong>288.</strong></span> <span class='ocrx_word' id='word_1_11' title='bbox 2666 742 2732 807; x_wconf 79' lang='lat' dir='ltr'><strong>b.</strong></span> 
     </span>
     <span class='ocr_line' id='line_1_3' title="bbox 1058 844 2735 935; baseline -0.002 -22"><span class='ocrx_word' id='word_1_12' title='bbox 1058 847 1224 913; x_wconf 87' lang='lat' dir='ltr'>Alibi</span> <span class='ocrx_word' id='word_1_13' title='bbox 1264 845 1611 935; x_wconf 78' lang='lat' dir='ltr'><strong>paullulum</strong></span> <span class='ocrx_word' id='word_1_14' title='bbox 1654 846 1944 910; x_wconf 86' lang='lat' dir='ltr'><strong>immutat</strong></span> <span class='ocrx_word' id='word_1_15' title='bbox 1978 844 2164 924; x_wconf 90' lang='lat' dir='ltr'><strong>idem,</strong></span> <span class='ocrx_word' id='word_1_16' title='bbox 2195 860 2268 911; x_wconf 87' lang='lat' dir='ltr'><strong>ut</strong></span> <span class='ocrx_word' id='word_1_17' title='bbox 2294 846 2359 909; x_wconf 94' lang='lat' dir='ltr'><strong>in</strong></span> <span class='ocrx_word' id='word_1_18' title='bbox 2391 846 2735 932; x_wconf 74' lang='lat' dir='ltr'><strong>Protagora</strong></span> 
     </span>
     <span class='ocr_line' id='line_1_4' title="bbox 1056 946 2730 1039; baseline -0.003 -23"><span class='ocrx_word' id='word_1_19' title='bbox 1056 974 1123 1039; x_wconf 90' lang='lat' dir='ltr'><strong>p.</strong></span> <span class='ocrx_word' id='word_1_20' title='bbox 1154 969 1300 1037; x_wconf 85' lang='lat'><strong>329.</strong></span> <span class='ocrx_word' id='word_1_21' title='bbox 1330 949 1503 1017; x_wconf 46' lang='lat' dir='ltr'><strong>bats</strong></span> <span class='ocrx_word' id='word_1_22' title='bbox 1546 949 1694 1014; x_wconf 75' lang='grc' dir='ltr'>αὐτὰ</span> <span class='ocrx_word' id='word_1_23' title='bbox 1736 954 1922 1029; x_wconf 83' lang='grc' dir='ltr'>δηλοῖ·</span> <span class='ocrx_word' id='word_1_24' title='bbox 1969 946 2210 1036; x_wconf 82' lang='lat' dir='ltr'><strong>plenius</strong></span> <span class='ocrx_word' id='word_1_25' title='bbox 2252 948 2428 1013; x_wconf 86' lang='lat' dir='ltr'><strong>effert</strong></span> <span class='ocrx_word' id='word_1_26' title='bbox 2469 947 2531 1011; x_wconf 90' lang='lat' dir='ltr'><strong>in</strong></span> <span class='ocrx_word' id='word_1_27' title='bbox 2579 948 2730 1012; x_wconf 88' lang='lat' dir='ltr'><strong>Phi·</strong></span> 
     </span>
     <span class='ocr_line' id='line_1_5' title="bbox 1056 1049 2731 1140; baseline -0.001 -23"><span class='ocrx_word' id='word_1_28' title='bbox 1056 1053 1197 1118; x_wconf 90' lang='lat' dir='ltr'><strong>lebo</strong></span> <span class='ocrx_word' id='word_1_29' title='bbox 1225 1075 1287 1140; x_wconf 89' lang='lat' dir='ltr'><strong>p.</strong></span> <span class='ocrx_word' id='word_1_30' title='bbox 1323 1072 1424 1117; x_wconf 89' lang='lat'><strong>20.</strong></span> <span class='ocrx_word' id='word_1_31' title='bbox 1456 1075 1512 1116; x_wconf 93' lang='lat' dir='ltr'><strong>c.</strong></span> <span class='ocrx_word' id='word_1_32' title='bbox 1555 1053 1776 1133; x_wconf 81' lang='grc' dir='ltr'>προῖὼν</span> <span class='ocrx_word' id='word_1_33' title='bbox 1824 1049 1871 1114; x_wconf 90' lang='grc' dir='ltr'><strong>δ’</strong></span> <span class='ocrx_word' id='word_1_34' title='bbox 1915 1051 2000 1115; x_wconf 80' lang='grc' dir='ltr'>ἔτι</span> <span class='ocrx_word' id='word_1_35' title='bbox 2045 1054 2078 1114; x_wconf 80' lang='grc' dir='ltr'>ὁ</span> <span class='ocrx_word' id='word_1_36' title='bbox 2125 1053 2306 1134; x_wconf 81' lang='grc' dir='ltr'>λόγος</span> <span class='ocrx_word' id='word_1_37' title='bbox 2353 1050 2731 1134; x_wconf 82' lang='grc' dir='ltr'>σαφέστερον</span> 
     </span>
     <span class='ocr_line' id='line_1_6' title="bbox 1057 1152 2727 1240; baseline -0.002 -18"><span class='ocrx_word' id='word_1_38' title='bbox 1057 1159 1248 1236; x_wconf 71' lang='grc' dir='ltr'>δείξει.</span> <span class='ocrx_word' id='word_1_39' title='bbox 1324 1156 1432 1220; x_wconf 86' lang='lat' dir='ltr'><strong>Tu</strong></span> <span class='ocrx_word' id='word_1_40' title='bbox 1474 1155 1602 1219; x_wconf 87' lang='lat' dir='ltr'><strong>vid.</strong></span> <span class='ocrx_word' id='word_1_41' title='bbox 1655 1153 1898 1220; x_wconf 81' lang='lat' dir='ltr'><strong>Scholia</strong></span> <span class='ocrx_word' id='word_1_42' title='bbox 1945 1176 2007 1240; x_wconf 90' lang='lat' dir='ltr'><strong>p.</strong></span> <span class='ocrx_word' id='word_1_43' title='bbox 2046 1173 2151 1239; x_wconf 89' lang='grc'><strong>33.</strong></span> <span class='ocrx_word' id='word_1_44' title='bbox 2183 1168 2245 1218; x_wconf 87' lang='lat' dir='ltr'><strong>et</strong></span> <span class='ocrx_word' id='word_1_45' title='bbox 2282 1174 2422 1240; x_wconf 86' lang='lat'><strong>133.</strong></span> <span class='ocrx_word' id='word_1_46' title='bbox 2465 1152 2727 1218; x_wconf 86' lang='lat' dir='ltr'><strong>Ruhnk.</strong></span> 
     </span>
     <span class='ocr_line' id='line_1_7' title="bbox 1056 1256 2726 1345; baseline -0.002 -21"><span class='ocrx_word' id='word_1_47' title='bbox 1056 1273 1121 1324; x_wconf 91' lang='lat' dir='ltr'><strong>et</strong></span> <span class='ocrx_word' id='word_1_48' title='bbox 1147 1257 1226 1323; x_wconf 87' lang='lat' dir='ltr'><strong>cf.</strong></span> <span class='ocrx_word' id='word_1_49' title='bbox 1262 1257 1442 1323; x_wconf 90' lang='lat' dir='ltr'><strong>Suid.</strong></span> <span class='ocrx_word' id='word_1_50' title='bbox 1476 1259 1531 1323; x_wconf 94' lang='lat'><strong>1.</strong></span> <span class='ocrx_word' id='word_1_51' title='bbox 1564 1280 1629 1345; x_wconf 90' lang='lat' dir='ltr'><strong>p.</strong></span> <span class='ocrx_word' id='word_1_52' title='bbox 1658 1259 1810 1343; x_wconf 86' lang='lat'><strong>385.</strong></span> <span class='ocrx_word' id='word_1_53' title='bbox 1843 1258 2033 1321; x_wconf 86' lang='lat' dir='ltr'><strong>Kust.</strong></span> <span class='ocrx_word' id='word_1_54' title='bbox 2081 1256 2364 1344; x_wconf 91' lang='lat' dir='ltr'><strong>Hesych.</strong></span> <span class='ocrx_word' id='word_1_55' title='bbox 2397 1257 2453 1321; x_wconf 95' lang='lat' dir='ltr'><strong>I.</strong></span> <span class='ocrx_word' id='word_1_56' title='bbox 2483 1279 2546 1343; x_wconf 90' lang='lat' dir='ltr'><strong>p.</strong></span> <span class='ocrx_word' id='word_1_57' title='bbox 2579 1258 2726 1338; x_wconf 89' lang='lat'><strong>624.</strong></span> 
     </span>
     <span class='ocr_line' id='line_1_8' title="bbox 1056 1357 2726 1445; baseline -0.001 -19"><span class='ocrx_word' id='word_1_58' title='bbox 1056 1360 1211 1426; x_wconf 88' lang='lat' dir='ltr'><strong>Alb.</strong></span> <span class='ocrx_word' id='word_1_59' title='bbox 1242 1375 1305 1425; x_wconf 92' lang='lat' dir='ltr'><strong>et</strong></span> <span class='ocrx_word' id='word_1_60' title='bbox 1332 1359 1581 1425; x_wconf 89' lang='lat' dir='ltr'><strong>consule</strong></span> <span class='ocrx_word' id='word_1_61' title='bbox 1626 1358 1854 1425; x_wconf 83' lang='lat' dir='ltr'><strong>Gatak.</strong></span> <span class='ocrx_word' id='word_1_62' title='bbox 1884 1357 1964 1423; x_wconf 86' lang='lat' dir='ltr'><strong>ad</strong></span> <span class='ocrx_word' id='word_1_63' title='bbox 1996 1361 2093 1423; x_wconf 85' lang='lat' dir='ltr'><strong>M.-</strong></span> <span class='ocrx_word' id='word_1_64' title='bbox 2123 1359 2417 1424; x_wconf 87' lang='lat' dir='ltr'><strong>Antonin.</strong></span> <span class='ocrx_word' id='word_1_65' title='bbox 2454 1360 2587 1423; x_wconf 92' lang='lat' dir='ltr'><strong>XI.</strong></span> <span class='ocrx_word' id='word_1_66' title='bbox 2623 1375 2726 1445; x_wconf 89' lang='lat'><strong>15.</strong></span> 
     </span>
     <span class='ocr_line' id='line_1_9' title="bbox 1056 1460 2726 1549; baseline -0.001 -21"><span class='ocrx_word' id='word_1_67' title='bbox 1056 1463 1350 1529; x_wconf 89' lang='lat' dir='ltr'><strong>Valcken.</strong></span> <span class='ocrx_word' id='word_1_68' title='bbox 1378 1461 1458 1527; x_wconf 86' lang='lat' dir='ltr'><strong>ad</strong></span> <span class='ocrx_word' id='word_1_69' title='bbox 1488 1461 1710 1549; x_wconf 86' lang='lat' dir='ltr'><strong>Eurip.</strong></span> <span class='ocrx_word' id='word_1_70' title='bbox 1744 1460 2045 1526; x_wconf 87' lang='lat' dir='ltr'><strong>Phoeniss.</strong></span> <span class='ocrx_word' id='word_1_71' title='bbox 2078 1462 2226 1527; x_wconf 87' lang='lat'><strong>626.</strong></span> <span class='ocrx_word' id='word_1_72' title='bbox 2270 1476 2333 1526; x_wconf 92' lang='lat' dir='ltr'><strong>et</strong></span> <span class='ocrx_word' id='word_1_73' title='bbox 2362 1461 2726 1527; x_wconf 85' lang='lat' dir='ltr'><strong>Boissonad.</strong></span> 
     </span>
     <span class='ocr_line' id='line_1_10' title="bbox 1054 1564 2729 1651; baseline -0.002 -19"><span class='ocrx_word' id='word_1_74' title='bbox 1054 1567 1136 1632; x_wconf 88' lang='lat' dir='ltr'><strong>ad</strong></span> <span class='ocrx_word' id='word_1_75' title='bbox 1164 1566 1522 1631; x_wconf 70' lang='lat' dir='ltr'><strong>Aristaenet.</strong></span> <span class='ocrx_word' id='word_1_76' title='bbox 1557 1565 1612 1628; x_wconf 95' lang='lat' dir='ltr'><strong>I.</strong></span> <span class='ocrx_word' id='word_1_77' title='bbox 1644 1584 1703 1645; x_wconf 87' lang='lat'><strong>4.</strong></span> <span class='ocrx_word' id='word_1_78' title='bbox 1740 1583 1843 1647; x_wconf 94' lang='lat'><strong>27.</strong></span> <span class='ocrx_word' id='word_1_79' title='bbox 1881 1587 1945 1651; x_wconf 95' lang='lat' dir='ltr'><strong>p.</strong></span> <span class='ocrx_word' id='word_1_80' title='bbox 1990 1582 2142 1649; x_wconf 82' lang='lat'><strong>302.</strong></span> <span class='ocrx_word' id='word_1_81' title='bbox 2189 1564 2362 1629; x_wconf 89' lang='lat' dir='ltr'><strong>Hinc</strong></span> <span class='ocrx_word' id='word_1_82' title='bbox 2404 1564 2595 1629; x_wconf 88' lang='lat' dir='ltr'><strong>ducta</strong></span> <span class='ocrx_word' id='word_1_83' title='bbox 2636 1579 2729 1628; x_wconf 85' lang='lat' dir='ltr'><strong>est</strong></span> 
     </span>
     <span class='ocr_line' id='line_1_11' title="bbox 1056 1666 2728 1741; baseline -0.003 -6"><span class='ocrx_word' id='word_1_84' title='bbox 1056 1670 1428 1735; x_wconf 85' lang='lat' dir='ltr'><strong>Latinorum</strong></span> <span class='ocrx_word' id='word_1_85' title='bbox 1484 1666 1753 1732; x_wconf 83' lang='lat' dir='ltr'><strong>formula</strong></span> <span class='ocrx_word' id='word_1_86' title='bbox 1784 1691 1800 1731; x_wconf 71' lang='grc' dir='ltr'>ι</span> <span class='ocrx_word' id='word_1_87' title='bbox 1872 1688 1975 1731; x_wconf 76' lang='lat' dir='ltr'><strong>res</strong></span> <span class='ocrx_word' id='word_1_88' title='bbox 2044 1667 2347 1732; x_wconf 76' lang='lat' dir='ltr'><strong>indicabit</strong></span> <span class='ocrx_word' id='word_1_89' title='bbox 2375 1693 2397 1741; x_wconf 89' lang='lat'><strong>,·</strong></span> <span class='ocrx_word' id='word_1_90' title='bbox 2470 1666 2728 1731; x_wconf 86' lang='lat' dir='ltr'><strong>docente</strong></span> 
     </span>
     <span class='ocr_line' id='line_1_12' title="bbox 1054 1768 2729 1838; baseline -0.002 -1"><span class='ocrx_word' id='word_1_91' title='bbox 1054 1771 1398 1838; x_wconf 83' lang='lat' dir='ltr'><strong>Ruhnken.</strong></span> <span class='ocrx_word' id='word_1_92' title='bbox 1441 1769 1520 1835; x_wconf 88' lang='lat' dir='ltr'><strong>ad</strong></span> <span class='ocrx_word' id='word_1_93' title='bbox 1559 1772 1819 1834; x_wconf 89' lang='lat' dir='ltr'><strong>Terent.</strong></span> <span class='ocrx_word' id='word_1_94' title='bbox 1860 1768 2159 1834; x_wconf 91' lang='lat' dir='ltr'><strong>Eunuch.</strong></span> <span class='ocrx_word' id='word_1_95' title='bbox 2194 1770 2329 1834; x_wconf 94' lang='lat' dir='ltr'><strong>III.</strong></span> <span class='ocrx_word' id='word_1_96' title='bbox 2361 1789 2421 1836; x_wconf 88' lang='lat'><strong>2.</strong></span> <span class='ocrx_word' id='word_1_97' title='bbox 2449 1771 2547 1834; x_wconf 92' lang='lat'><strong>16.</strong></span> <span class='ocrx_word' id='word_1_98' title='bbox 2593 1769 2729 1834; x_wconf 87' lang='lat' dir='ltr'><strong>Nec</strong></span> 
     </span>
     <span class='ocr_line' id='line_1_13' title="bbox 1053 1870 2724 1939; baseline -0.002 0"><span class='ocrx_word' id='word_1_99' title='bbox 1053 1875 1259 1939; x_wconf 90' lang='lat' dir='ltr'><strong>minus</strong></span> <span class='ocrx_word' id='word_1_100' title='bbox 1285 1873 1536 1938; x_wconf 87' lang='lat' dir='ltr'><strong>alteram</strong></span> <span class='ocrx_word' id='word_1_101' title='bbox 1566 1870 1897 1937; x_wconf 84' lang='lat' dir='ltr'><strong>formulam</strong></span> <span class='ocrx_word' id='word_1_102' title='bbox 1930 1871 2213 1936; x_wconf 88' lang='lat' dir='ltr'><strong>Plotinus</strong></span> <span class='ocrx_word' id='word_1_103' title='bbox 2255 1896 2294 1938; x_wconf 90' lang='lat' dir='ltr'><strong>a</strong></span> <span class='ocrx_word' id='word_1_104' title='bbox 2320 1872 2582 1938; x_wconf 88' lang='lat' dir='ltr'><strong>Platone</strong></span> <span class='ocrx_word' id='word_1_105' title='bbox 2606 1871 2724 1936; x_wconf 90' lang='lat' dir='ltr'><strong>ha-</strong></span> 
     </span>
     <span class='ocr_line' id='line_1_14' title="bbox 1052 1974 2724 2062; baseline -0.004 -18"><span class='ocrx_word' id='word_1_106' title='bbox 1052 1978 1192 2044; x_wconf 85' lang='lat' dir='ltr'><strong>bet:</strong></span> <span class='ocrx_word' id='word_1_107' title='bbox 1241 1977 1541 2043; x_wconf 81' lang='grc' dir='ltr'><strong>δέδεικται.</strong></span> <span class='ocrx_word' id='word_1_108' title='bbox 1611 1974 1755 2039; x_wconf 90' lang='lat' dir='ltr'><strong>Vid.</strong></span> <span class='ocrx_word' id='word_1_109' title='bbox 1801 1975 2138 2062; x_wconf 88' lang='lat' dir='ltr'><strong>Wyttenb.</strong></span> <span class='ocrx_word' id='word_1_110' title='bbox 2182 1974 2262 2040; x_wconf 86' lang='lat' dir='ltr'><strong>ad</strong></span> <span class='ocrx_word' id='word_1_111' title='bbox 2307 1974 2608 2040; x_wconf 84' lang='lat' dir='ltr'><strong>Phaedon.</strong></span> <span class='ocrx_word' id='word_1_112' title='bbox 2655 1998 2724 2062; x_wconf 90' lang='lat' dir='ltr'><strong>p.</strong></span> 
     </span>
     <span class='ocr_line' id='line_1_15' title="bbox 1061 2075 2728 2163; baseline -0.001 -22"><span class='ocrx_word' id='word_1_113' title='bbox 1061 2081 1199 2144; x_wconf 91' lang='lat'><strong>160.</strong></span> <span class='ocrx_word' id='word_1_114' title='bbox 1267 2080 1581 2143; x_wconf 65' lang='lat' dir='ltr'><strong>Caeterum</strong></span> <span class='ocrx_word' id='word_1_115' title='bbox 1607 2076 1670 2141; x_wconf 91' lang='lat' dir='ltr'><strong>in</strong></span> <span class='ocrx_word' id='word_1_116' title='bbox 1700 2075 1797 2140; x_wconf 91' lang='lat' dir='ltr'><strong>his</strong></span> <span class='ocrx_word' id='word_1_117' title='bbox 1824 2075 2050 2154; x_wconf 86' lang='lat' dir='ltr'><strong>verbis,</strong></span> <span class='ocrx_word' id='word_1_118' title='bbox 2079 2100 2222 2163; x_wconf 83' lang='lat' dir='ltr'><strong>quae</strong></span> <span class='ocrx_word' id='word_1_119' title='bbox 2252 2089 2606 2155; x_wconf 49' lang='lat' dir='ltr'><strong>tractamuffi</strong></span> <span class='ocrx_word' id='word_1_120' title='bbox 2634 2075 2728 2140; x_wconf 83' lang='lat' dir='ltr'><strong>in-</strong></span> 
     </span>
     <span class='ocr_line' id='line_1_16' title="bbox 1051 2178 2727 2266; baseline -0.002 -19"><span class='ocrx_word' id='word_1_121' title='bbox 1051 2196 1146 2246; x_wconf 84' lang='lat' dir='ltr'><strong>est</strong></span> <span class='ocrx_word' id='word_1_122' title='bbox 1173 2180 1504 2246; x_wconf 87' lang='lat' dir='ltr'><strong>declaratio</strong></span> <span class='ocrx_word' id='word_1_123' title='bbox 1531 2178 1785 2253; x_wconf 82' lang='lat' dir='ltr'><strong>consilii,</strong></span> <span class='ocrx_word' id='word_1_124' title='bbox 1816 2178 1987 2266; x_wconf 93' lang='lat' dir='ltr'><strong>quod</strong></span> <span class='ocrx_word' id='word_1_125' title='bbox 2017 2179 2135 2243; x_wconf 92' lang='lat' dir='ltr'><strong>hoc</strong></span> <span class='ocrx_word' id='word_1_126' title='bbox 2164 2178 2228 2242; x_wconf 91' lang='lat' dir='ltr'><strong>in</strong></span> <span class='ocrx_word' id='word_1_127' title='bbox 2255 2178 2415 2243; x_wconf 90' lang='lat' dir='ltr'><strong>libro</strong></span> <span class='ocrx_word' id='word_1_128' title='bbox 2443 2178 2556 2243; x_wconf 86' lang='lat' dir='ltr'><strong>sibi</strong></span> <span class='ocrx_word' id='word_1_129' title='bbox 2586 2201 2727 2265; x_wconf 92' lang='lat' dir='ltr'><strong>pro-</strong></span> 
     </span>
     <span class='ocr_line' id='line_1_17' title="bbox 1051 2280 2638 2372; baseline -0.002 -24"><span class='ocrx_word' id='word_1_130' title='bbox 1051 2283 1260 2372; x_wconf 81' lang='lat' dir='ltr'><strong>posuit</strong></span> <span class='ocrx_word' id='word_1_131' title='bbox 1288 2282 1596 2360; x_wconf 86' lang='lat' dir='ltr'><strong>Plotinus,</strong></span> <span class='ocrx_word' id='word_1_132' title='bbox 1627 2297 1700 2347; x_wconf 93' lang='lat' dir='ltr'><strong>ut</strong></span> <span class='ocrx_word' id='word_1_133' title='bbox 1726 2298 1891 2346; x_wconf 91' lang='lat' dir='ltr'><strong>recte</strong></span> <span class='ocrx_word' id='word_1_134' title='bbox 1919 2296 2128 2346; x_wconf 88' lang='lat' dir='ltr'><strong>monet</strong></span> <span class='ocrx_word' id='word_1_135' title='bbox 2155 2280 2638 2369; x_wconf 70' lang='lat' dir='ltr'><strong>EngelhardtuS.</strong></span> 
     </span>
    </p>

    <p class='ocr_par' dir='ltr' id='par_1_3' title="bbox 1049 2384 2724 3391">
     <span class='ocr_line' id='line_1_18' title="bbox 1137 2384 2718 2473; baseline -0.003 -22"><span class='ocrx_word' id='word_1_136' title='bbox 1137 2409 1204 2473; x_wconf 87' lang='lat' dir='ltr'><strong>p.</strong></span> <span class='ocrx_word' id='word_1_137' title='bbox 1235 2401 1341 2471; x_wconf 91' lang='lat'><strong>97,</strong></span> <span class='ocrx_word' id='word_1_138' title='bbox 1376 2405 1473 2467; x_wconf 89' lang='lat'><strong>14.</strong></span> <span class='ocrx_word' id='word_1_139' title='bbox 1505 2387 1567 2449; x_wconf 85' lang='grc' dir='ltr'>τί</span> <span class='ocrx_word' id='word_1_140' title='bbox 1605 2386 1711 2449; x_wconf 75' lang='grc' dir='ltr'><strong>οὖν</strong></span> <span class='ocrx_word' id='word_1_141' title='bbox 1739 2385 1809 2465; x_wconf 78' lang='grc' dir='ltr'><strong>δὴ</strong></span> <span class='ocrx_word' id='word_1_142' title='bbox 1836 2384 1903 2449; x_wconf 82' lang='grc' dir='ltr'>τὸ</span> <span class='ocrx_word' id='word_1_143' title='bbox 1939 2386 2251 2465; x_wconf 85' lang='grc' dir='ltr'>πεποιηκός</span> <span class='ocrx_word' id='word_1_144' title='bbox 2280 2413 2333 2449; x_wconf 85' lang='grc' dir='ltr'><strong>κ.</strong></span> <span class='ocrx_word' id='word_1_145' title='bbox 2354 2410 2408 2448; x_wconf 91' lang='grc' dir='ltr'><strong>τ.</strong></span> <span class='ocrx_word' id='word_1_146' title='bbox 2433 2384 2521 2469; x_wconf 89' lang='grc' dir='ltr'><strong>λ.]</strong></span> <span class='ocrx_word' id='word_1_147' title='bbox 2564 2384 2718 2447; x_wconf 86' lang='lat' dir='ltr'><strong>Bre-</strong></span> 
     </span>
     <span class='ocr_line' id='line_1_19' title="bbox 1052 2486 2719 2577; baseline -0.002 -23"><span class='ocrx_word' id='word_1_148' title='bbox 1052 2489 1192 2554; x_wconf 84' lang='lat' dir='ltr'><strong>vius</strong></span> <span class='ocrx_word' id='word_1_149' title='bbox 1218 2489 1307 2554; x_wconf 90' lang='lat' dir='ltr'><strong>ita</strong></span> <span class='ocrx_word' id='word_1_150' title='bbox 1334 2488 1560 2577; x_wconf 83' lang='lat' dir='ltr'><strong>quaerit</strong></span> <span class='ocrx_word' id='word_1_151' title='bbox 1590 2487 1874 2553; x_wconf 86' lang='lat' dir='ltr'><strong>Plotinus</strong></span> <span class='ocrx_word' id='word_1_152' title='bbox 1901 2511 1968 2575; x_wconf 93' lang='lat' dir='ltr'><strong>p.</strong></span> <span class='ocrx_word' id='word_1_153' title='bbox 1994 2489 2147 2573; x_wconf 90' lang='lat'><strong>556.</strong></span> <span class='ocrx_word' id='word_1_154' title='bbox 2173 2511 2229 2552; x_wconf 90' lang='lat' dir='ltr'><strong>c.</strong></span> <span class='ocrx_word' id='word_1_155' title='bbox 2256 2489 2318 2551; x_wconf 86' lang='grc' dir='ltr'>τί</span> <span class='ocrx_word' id='word_1_156' title='bbox 2350 2489 2456 2552; x_wconf 75' lang='grc' dir='ltr'><strong>οὖν</strong></span> <span class='ocrx_word' id='word_1_157' title='bbox 2481 2486 2549 2550; x_wconf 84' lang='grc' dir='ltr'>τὸ</span> <span class='ocrx_word' id='word_1_158' title='bbox 2587 2511 2719 2550; x_wconf 81' lang='grc' dir='ltr'>ποι-</span> 
     </span>
     <span class='ocr_line' id='line_1_20' title="bbox 1049 2588 2720 2676; baseline -0.002 -20"><span class='ocrx_word' id='word_1_159' title='bbox 1049 2595 1206 2672; x_wconf 79' lang='grc' dir='ltr'>ἦσαν</span> <span class='ocrx_word' id='word_1_160' title='bbox 1248 2597 1418 2671; x_wconf 78' lang='grc' dir='ltr'>σῶμα</span> <span class='ocrx_word' id='word_1_161' title='bbox 1459 2591 1644 2655; x_wconf 85' lang='grc' dir='ltr'>καλόν</span> <span class='ocrx_word' id='word_1_162' title='bbox 1663 2589 2180 2666; x_wconf 71' lang='grc' dir='ltr'>ς-Φαντόζεσθαι</span> <span class='ocrx_word' id='word_1_163' title='bbox 2211 2589 2281 2654; x_wconf 93' lang='lat' dir='ltr'><strong>h.</strong></span> <span class='ocrx_word' id='word_1_164' title='bbox 2310 2588 2355 2654; x_wconf 95' lang='lat' dir='ltr'><strong>l.</strong></span> <span class='ocrx_word' id='word_1_165' title='bbox 2389 2609 2720 2676; x_wconf 75' lang='lat' dir='ltr'><strong>apparere,</strong></span> 
     </span>
     <span class='ocr_line' id='line_1_21' title="bbox 1051 2691 2720 2780; baseline -0.002 -21"><span class='ocrx_word' id='word_1_166' title='bbox 1051 2695 1278 2772; x_wconf 70' lang='lat' dir='ltr'><strong>videri,</strong></span> <span class='ocrx_word' id='word_1_167' title='bbox 1312 2692 1697 2757; x_wconf 86' lang='lat' dir='ltr'><strong>Platonicum</strong></span> <span class='ocrx_word' id='word_1_168' title='bbox 1741 2694 2024 2780; x_wconf 88' lang='lat' dir='ltr'><strong>Sympos.</strong></span> <span class='ocrx_word' id='word_1_169' title='bbox 2056 2715 2112 2756; x_wconf 91' lang='lat' dir='ltr'><strong>c.</strong></span> <span class='ocrx_word' id='word_1_170' title='bbox 2144 2709 2243 2777; x_wconf 84' lang='lat'><strong>29.</strong></span> <span class='ocrx_word' id='word_1_171' title='bbox 2289 2691 2408 2756; x_wconf 79' lang='grc' dir='ltr'>οὐδ’</span> <span class='ocrx_word' id='word_1_172' title='bbox 2449 2693 2522 2755; x_wconf 80' lang='grc' dir='ltr'><strong>αὖ</strong></span> <span class='ocrx_word' id='word_1_173' title='bbox 2565 2700 2720 2774; x_wconf 86' lang='grc' dir='ltr'>φαν-</span> 
     </span>
     <span class='ocr_line' id='line_1_22' title="bbox 1050 2793 2718 2875; baseline -0.002 -16"><span class='ocrx_word' id='word_1_174' title='bbox 1050 2794 1410 2875; x_wconf 85' lang='grc' dir='ltr'>τασθήσεται</span> <span class='ocrx_word' id='word_1_175' title='bbox 1439 2794 1580 2858; x_wconf 77' lang='grc' dir='ltr'>αὐτὸ</span> <span class='ocrx_word' id='word_1_176' title='bbox 1610 2793 1677 2858; x_wconf 82' lang='grc' dir='ltr'>τὸ</span> <span class='ocrx_word' id='word_1_177' title='bbox 1709 2793 1915 2871; x_wconf 82' lang='grc' dir='ltr'>καλὸν,</span> <span class='ocrx_word' id='word_1_178' title='bbox 1946 2795 2074 2857; x_wconf 74' lang='grc' dir='ltr'>οἷον</span> <span class='ocrx_word' id='word_1_179' title='bbox 2100 2795 2419 2875; x_wconf 86' lang='grc' dir='ltr'>πρόσωπόν</span> <span class='ocrx_word' id='word_1_180' title='bbox 2442 2819 2498 2857; x_wconf 94' lang='grc' dir='ltr'>τι</span> <span class='ocrx_word' id='word_1_181' title='bbox 2528 2801 2718 2857; x_wconf 82' lang='grc' dir='ltr'><strong>κ.τ.λ.</strong></span> 
     </span>
     <span class='ocr_line' id='line_1_23' title="bbox 1049 2895 2722 2983; baseline -0.002 -20"><span class='ocrx_word' id='word_1_182' title='bbox 1049 2897 1129 2963; x_wconf 85' lang='lat' dir='ltr'><strong>cf.</strong></span> <span class='ocrx_word' id='word_1_183' title='bbox 1161 2895 1393 2962; x_wconf 85' lang='lat' dir='ltr'><strong>Plotin.</strong></span> <span class='ocrx_word' id='word_1_184' title='bbox 1421 2918 1489 2982; x_wconf 92' lang='lat' dir='ltr'><strong>p.</strong></span> <span class='ocrx_word' id='word_1_185' title='bbox 1517 2911 1578 2981; x_wconf 89' lang='lat'><strong>5.</strong></span> <span class='ocrx_word' id='word_1_186' title='bbox 1610 2897 1668 2960; x_wconf 95' lang='lat'><strong>6.</strong></span> <span class='ocrx_word' id='word_1_187' title='bbox 1698 2918 1765 2982; x_wconf 92' lang='lat' dir='ltr'><strong>p.</strong></span> <span class='ocrx_word' id='word_1_188' title='bbox 1792 2895 2007 2981; x_wconf 89' lang='lat' dir='ltr'><strong>52.D.</strong></span> <span class='ocrx_word' id='word_1_189' title='bbox 2039 2918 2100 2983; x_wconf 92' lang='lat' dir='ltr'><strong>p.</strong></span> <span class='ocrx_word' id='word_1_190' title='bbox 2121 2897 2266 2980; x_wconf 88' lang='lat'><strong>489.</strong></span> <span class='ocrx_word' id='word_1_191' title='bbox 2295 2918 2362 2982; x_wconf 93' lang='lat' dir='ltr'><strong>p.</strong></span> <span class='ocrx_word' id='word_1_192' title='bbox 2384 2910 2530 2977; x_wconf 87' lang='lat'><strong>714.</strong></span> <span class='ocrx_word' id='word_1_193' title='bbox 2564 2896 2722 2959; x_wconf 86' lang='lat' dir='ltr'><strong>Gre-</strong></span> 
     </span>
     <span class='ocr_line' id='line_1_24' title="bbox 1050 2996 2720 3086; baseline -0.001 -23"><span class='ocrx_word' id='word_1_194' title='bbox 1050 3022 1182 3086; x_wconf 85' lang='lat' dir='ltr'><strong>gor.</strong></span> <span class='ocrx_word' id='word_1_195' title='bbox 1233 2998 1527 3063; x_wconf 85' lang='lat' dir='ltr'><strong>Nazianz.</strong></span> <span class='ocrx_word' id='word_1_196' title='bbox 1584 2999 1757 3063; x_wconf 88' lang='lat' dir='ltr'><strong>Orat.</strong></span> <span class='ocrx_word' id='word_1_197' title='bbox 1812 2997 2087 3062; x_wconf 90' lang='lat' dir='ltr'><strong>Funebr.</strong></span> <span class='ocrx_word' id='word_1_198' title='bbox 2146 2997 2209 3061; x_wconf 90' lang='lat' dir='ltr'><strong>in</strong></span> <span class='ocrx_word' id='word_1_199' title='bbox 2269 2996 2459 3062; x_wconf 85' lang='lat' dir='ltr'><strong>Basil.</strong></span> <span class='ocrx_word' id='word_1_200' title='bbox 2500 3020 2570 3084; x_wconf 91' lang='lat' dir='ltr'><strong>p.</strong></span> <span class='ocrx_word' id='word_1_201' title='bbox 2617 2997 2720 3062; x_wconf 88' lang='lat'><strong>81.</strong></span> 
     </span>
     <span class='ocr_line' id='line_1_25' title="bbox 1054 3088 2724 3183; baseline -0.002 -16"><span class='ocrx_word' id='word_1_202' title='bbox 1054 3100 1278 3167; x_wconf 80' lang='lat' dir='ltr'><strong>Basil.:</strong></span> <span class='ocrx_word' id='word_1_203' title='bbox 1328 3100 1422 3164; x_wconf 85' lang='grc' dir='ltr'><strong>καὶ</strong></span> <span class='ocrx_word' id='word_1_204' title='bbox 1451 3102 1574 3164; x_wconf 80' lang='grc' dir='ltr'>ὅσω</span> <span class='ocrx_word' id='word_1_205' title='bbox 1601 3100 1791 3165; x_wconf 80' lang='grc' dir='ltr'>πλέον</span> <span class='ocrx_word' id='word_1_206' title='bbox 1812 3101 2006 3167; x_wconf 79' lang='grc' dir='ltr'>αὐτοῖς</span> <span class='ocrx_word' id='word_1_207' title='bbox 2032 3099 2100 3164; x_wconf 87' lang='grc' dir='ltr'>τὸ</span> <span class='ocrx_word' id='word_1_208' title='bbox 2131 3099 2349 3167; x_wconf 84' lang='grc' dir='ltr'>κάλλος</span> <span class='ocrx_word' id='word_1_209' title='bbox 2369 3088 2724 3183; x_wconf 73' lang='grc' dir='ltr'>φαντάζεται</span> 
     </span>
     <span class='ocr_line' id='line_1_26' title="bbox 1054 3201 2724 3291; baseline -0.002 -22"><span class='ocrx_word' id='word_1_210' title='bbox 1054 3233 1106 3270; x_wconf 86' lang='grc' dir='ltr'><strong>κ.</strong></span> <span class='ocrx_word' id='word_1_211' title='bbox 1123 3230 1178 3268; x_wconf 87' lang='grc' dir='ltr'><strong>τ.</strong></span> <span class='ocrx_word' id='word_1_212' title='bbox 1195 3212 1258 3268; x_wconf 89' lang='grc' dir='ltr'><strong>λ.</strong></span> <span class='ocrx_word' id='word_1_213' title='bbox 1287 3202 1371 3267; x_wconf 81' lang='lat' dir='ltr'><strong>cf.</strong></span> <span class='ocrx_word' id='word_1_214' title='bbox 1401 3202 1635 3267; x_wconf 87' lang='lat' dir='ltr'><strong>Thom.</strong></span> <span class='ocrx_word' id='word_1_215' title='bbox 1670 3201 1961 3289; x_wconf 87' lang='lat' dir='ltr'><strong>Magistr.</strong></span> <span class='ocrx_word' id='word_1_216' title='bbox 2003 3225 2073 3291; x_wconf 92' lang='lat' dir='ltr'><strong>p.</strong></span> <span class='ocrx_word' id='word_1_217' title='bbox 2106 3202 2254 3266; x_wconf 88' lang='lat'><strong>888.</strong></span> <span class='ocrx_word' id='word_1_218' title='bbox 2313 3201 2617 3268; x_wconf 89' lang='lat' dir='ltr'><strong>Bernard.</strong></span> <span class='ocrx_word' id='word_1_219' title='bbox 2660 3215 2724 3266; x_wconf 87' lang='lat' dir='ltr'><strong>et</strong></span> 
     </span>
     <span class='ocr_line' id='line_1_27' title="bbox 1051 3304 1924 3391; baseline -0.005 -18"><span class='ocrx_word' id='word_1_220' title='bbox 1051 3306 1343 3373; x_wconf 88' lang='lat' dir='ltr'><strong>Valcken.</strong></span> <span class='ocrx_word' id='word_1_221' title='bbox 1374 3305 1456 3371; x_wconf 88' lang='lat' dir='ltr'><strong>ad</strong></span> <span class='ocrx_word' id='word_1_222' title='bbox 1486 3304 1792 3371; x_wconf 82' lang='lat' dir='ltr'><strong>Phoeniss.</strong></span> <span class='ocrx_word' id='word_1_223' title='bbox 1823 3325 1924 3391; x_wconf 89' lang='grc'><strong>93.</strong></span> 
     </span>
    </p>

    <p class='ocr_par' dir='ltr' id='par_1_4' title="bbox 1046 3408 2724 3990">
     <span class='ocr_line' id='line_1_28' title="bbox 1135 3408 2724 3500; baseline -0.003 -24"><span class='ocrx_word' id='word_1_224' title='bbox 1135 3435 1198 3500; x_wconf 92' lang='lat' dir='ltr'><strong>p.</strong></span> <span class='ocrx_word' id='word_1_225' title='bbox 1230 3411 1335 3496; x_wconf 90' lang='lat'><strong>98,</strong></span> <span class='ocrx_word' id='word_1_226' title='bbox 1365 3430 1432 3496; x_wconf 91' lang='grc'><strong>3.</strong></span> <span class='ocrx_word' id='word_1_227' title='bbox 1461 3414 1537 3476; x_wconf 74' lang='grc' dir='ltr'>τὰ</span> <span class='ocrx_word' id='word_1_228' title='bbox 1575 3412 1687 3491; x_wconf 76' lang='grc' dir='ltr'><strong>μὲν</strong></span> <span class='ocrx_word' id='word_1_229' title='bbox 1721 3411 1995 3492; x_wconf 74' lang='grc' dir='ltr'>γὰρ-τὸ</span> <span class='ocrx_word' id='word_1_230' title='bbox 2038 3409 2280 3488; x_wconf 71' lang='grc' dir='ltr'>σώματα</span> <span class='ocrx_word' id='word_1_231' title='bbox 2320 3408 2574 3494; x_wconf 76' lang='grc' dir='ltr'>μεθέξει]</span> <span class='ocrx_word' id='word_1_232' title='bbox 2622 3409 2724 3473; x_wconf 90' lang='lat' dir='ltr'><strong>De</strong></span> 
     </span>
     <span class='ocr_line' id='line_1_29' title="bbox 1048 3510 2724 3599; baseline -0.003 -19"><span class='ocrx_word' id='word_1_233' title='bbox 1048 3515 1167 3580; x_wconf 89' lang='lat' dir='ltr'><strong>hac</strong></span> <span class='ocrx_word' id='word_1_234' title='bbox 1193 3513 1623 3579; x_wconf 88' lang='lat' dir='ltr'><strong>communione</strong></span> <span class='ocrx_word' id='word_1_235' title='bbox 1648 3511 1779 3577; x_wconf 87' lang='lat' dir='ltr'><strong>vid.</strong></span> <span class='ocrx_word' id='word_1_236' title='bbox 1809 3510 2142 3599; x_wconf 85' lang='lat' dir='ltr'><strong>Wyttenb.</strong></span> <span class='ocrx_word' id='word_1_237' title='bbox 2164 3510 2246 3575; x_wconf 89' lang='lat' dir='ltr'><strong>ad</strong></span> <span class='ocrx_word' id='word_1_238' title='bbox 2270 3510 2511 3576; x_wconf 88' lang='lat' dir='ltr'><strong>Platon.</strong></span> <span class='ocrx_word' id='word_1_239' title='bbox 2540 3511 2724 3575; x_wconf 87' lang='lat' dir='ltr'><strong>Phae-</strong></span> 
     </span>
     <span class='ocr_line' id='line_1_30' title="bbox 1049 3611 2718 3703; baseline -0.003 -20"><span class='ocrx_word' id='word_1_240' title='bbox 1049 3618 1198 3683; x_wconf 88' lang='lat' dir='ltr'><strong>don.</strong></span> <span class='ocrx_word' id='word_1_241' title='bbox 1242 3639 1308 3703; x_wconf 93' lang='lat' dir='ltr'><strong>p.</strong></span> <span class='ocrx_word' id='word_1_242' title='bbox 1344 3617 1483 3682; x_wconf 88' lang='lat'><strong>266.</strong></span> <span class='ocrx_word' id='word_1_243' title='bbox 1519 3629 1664 3699; x_wconf 92' lang='lat'><strong>270.</strong></span> <span class='ocrx_word' id='word_1_244' title='bbox 1706 3637 1798 3702; x_wconf 88' lang='lat' dir='ltr'><strong>sq.</strong></span> <span class='ocrx_word' id='word_1_245' title='bbox 1844 3627 1908 3678; x_wconf 92' lang='lat' dir='ltr'><strong>et</strong></span> <span class='ocrx_word' id='word_1_246' title='bbox 1935 3613 2018 3678; x_wconf 85' lang='lat' dir='ltr'><strong>cf.</strong></span> <span class='ocrx_word' id='word_1_247' title='bbox 2051 3611 2257 3678; x_wconf 89' lang='lat' dir='ltr'><strong>Procli</strong></span> <span class='ocrx_word' id='word_1_248' title='bbox 2304 3614 2462 3678; x_wconf 89' lang='lat' dir='ltr'><strong>Inst.</strong></span> <span class='ocrx_word' id='word_1_249' title='bbox 2494 3613 2718 3679; x_wconf 90' lang='lat' dir='ltr'><strong>Theol.</strong></span> 
     </span>
     <span class='ocr_line' id='line_1_31' title="bbox 1046 3715 2723 3806; baseline -0.004 -21"><span class='ocrx_word' id='word_1_250' title='bbox 1046 3743 1099 3786; x_wconf 92' lang='lat' dir='ltr'><strong>c.</strong></span> <span class='ocrx_word' id='word_1_251' title='bbox 1131 3720 1368 3785; x_wconf 90' lang='lat' dir='ltr'><strong>LXII.</strong></span> <span class='ocrx_word' id='word_1_252' title='bbox 1399 3741 1538 3806; x_wconf 87' lang='lat' dir='ltr'><strong>sqq.</strong></span> <span class='ocrx_word' id='word_1_253' title='bbox 1566 3741 1629 3805; x_wconf 92' lang='lat' dir='ltr'><strong>p.</strong></span> <span class='ocrx_word' id='word_1_254' title='bbox 1661 3719 1768 3803; x_wconf 93' lang='lat'><strong>96.</strong></span> <span class='ocrx_word' id='word_1_255' title='bbox 1799 3740 1931 3804; x_wconf 88' lang='lat' dir='ltr'><strong>sqq.</strong></span> <span class='ocrx_word' id='word_1_256' title='bbox 1962 3715 2060 3780; x_wconf 93' lang='lat' dir='ltr'><strong>ed.</strong></span> <span class='ocrx_word' id='word_1_257' title='bbox 2094 3734 2281 3781; x_wconf 84' lang='lat' dir='ltr'><strong>nostr.</strong></span> <span class='ocrx_word' id='word_1_258' title='bbox 2312 3731 2376 3782; x_wconf 87' lang='lat' dir='ltr'><strong>et</strong></span> <span class='ocrx_word' id='word_1_259' title='bbox 2402 3715 2481 3780; x_wconf 92' lang='lat' dir='ltr'><strong>de</strong></span> <span class='ocrx_word' id='word_1_260' title='bbox 2506 3739 2723 3804; x_wconf 89' lang='lat' dir='ltr'><strong>corpo-</strong></span> 
     </span>
     <span class='ocr_line' id='line_1_32' title="bbox 1047 3819 2720 3909; baseline -0.004 -20"><span class='ocrx_word' id='word_1_261' title='bbox 1047 3845 1187 3889; x_wconf 87' lang='lat' dir='ltr'><strong>rum</strong></span> <span class='ocrx_word' id='word_1_262' title='bbox 1216 3820 1634 3909; x_wconf 86' lang='lat' dir='ltr'><strong>pulcritudine</strong></span> <span class='ocrx_word' id='word_1_263' title='bbox 1663 3819 1891 3885; x_wconf 87' lang='lat' dir='ltr'><strong>Plotin.</strong></span> <span class='ocrx_word' id='word_1_264' title='bbox 1920 3842 1988 3907; x_wconf 93' lang='lat' dir='ltr'><strong>p.</strong></span> <span class='ocrx_word' id='word_1_265' title='bbox 2017 3822 2168 3905; x_wconf 87' lang='grc'><strong>556.</strong></span> <span class='ocrx_word' id='word_1_266' title='bbox 2201 3820 2277 3884; x_wconf 94' lang='grc' dir='ltr'><strong>Β.</strong></span> <span class='ocrx_word' id='word_1_267' title='bbox 2299 3821 2372 3884; x_wconf 91' lang='lat' dir='ltr'><strong>C.</strong></span> <span class='ocrx_word' id='word_1_268' title='bbox 2404 3832 2468 3884; x_wconf 86' lang='lat' dir='ltr'><strong>et</strong></span> <span class='ocrx_word' id='word_1_269' title='bbox 2487 3841 2549 3906; x_wconf 91' lang='lat' dir='ltr'><strong>p.</strong></span> <span class='ocrx_word' id='word_1_270' title='bbox 2576 3834 2720 3902; x_wconf 92' lang='lat'><strong>714.</strong></span> 
     </span>
     <span class='ocr_line' id='line_1_33' title="bbox 1048 3925 1355 3990; baseline -0.02 0"><span class='ocrx_word' id='word_1_271' title='bbox 1048 3949 1105 3990; x_wconf 87' lang='lat' dir='ltr'><strong>c.</strong></span> <span class='ocrx_word' id='word_1_272' title='bbox 1138 3942 1240 3990; x_wconf 88' lang='lat'><strong>22.</strong></span> <span class='ocrx_word' id='word_1_273' title='bbox 1271 3925 1355 3985; x_wconf 92' lang='lat' dir='ltr'><strong>A.</strong></span> 
     </span>
    </p>

    <p class='ocr_par' dir='ltr' id='par_1_5' title="bbox 1046 4023 2723 5034">
     <span class='ocr_line' id='line_1_34' title="bbox 1134 4023 2720 4112; baseline 0.001 -25"><span class='ocrx_word' id='word_1_274' title='bbox 1134 4060 1219 4079; x_wconf 92' lang='lat'><strong>·-</strong></span> <span class='ocrx_word' id='word_1_275' title='bbox 1239 4044 1299 4109; x_wconf 91' lang='grc'><strong>5.</strong></span> <span class='ocrx_word' id='word_1_276' title='bbox 1332 4025 1598 4106; x_wconf 77' lang='grc' dir='ltr'>ὀρετῆςή</span> <span class='ocrx_word' id='word_1_277' title='bbox 1630 4025 1830 4110; x_wconf 83' lang='grc' dir='ltr'>φύσις]</span> <span class='ocrx_word' id='word_1_278' title='bbox 1864 4023 1910 4086; x_wconf 91' lang='lat' dir='ltr'><strong>i.</strong></span> <span class='ocrx_word' id='word_1_279' title='bbox 1940 4046 1992 4087; x_wconf 92' lang='lat' dir='ltr'><strong>e.</strong></span> <span class='ocrx_word' id='word_1_280' title='bbox 2024 4026 2250 4090; x_wconf 74' lang='lat' dir='ltr'><strong>virtus.</strong></span> <span class='ocrx_word' id='word_1_281' title='bbox 2334 4023 2720 4112; x_wconf 84' lang='lat' dir='ltr'><strong>Periphrasis</strong></span> 
     </span>
     <span class='ocr_line' id='line_1_35' title="bbox 1050 4124 2719 4213; baseline -0.002 -21"><span class='ocrx_word' id='word_1_282' title='bbox 1050 4126 1298 4194; x_wconf 88' lang='lat' dir='ltr'><strong>Platoni</strong></span> <span class='ocrx_word' id='word_1_283' title='bbox 1342 4125 1656 4213; x_wconf 86' lang='lat' dir='ltr'><strong>hujusque</strong></span> <span class='ocrx_word' id='word_1_284' title='bbox 1699 4124 2110 4190; x_wconf 83' lang='lat' dir='ltr'><strong>imitatoribus</strong></span> <span class='ocrx_word' id='word_1_285' title='bbox 2151 4126 2484 4191; x_wconf 86' lang='lat' dir='ltr'><strong>familiaris.</strong></span> <span class='ocrx_word' id='word_1_286' title='bbox 2577 4124 2719 4190; x_wconf 91' lang='lat' dir='ltr'><strong>Vid.</strong></span> 
     </span>
     <span class='ocr_line' id='line_1_36' title="bbox 1050 4227 2720 4316; baseline -0.002 -21"><span class='ocrx_word' id='word_1_287' title='bbox 1050 4229 1303 4296; x_wconf 85' lang='lat' dir='ltr'><strong>Phaedr.</strong></span> <span class='ocrx_word' id='word_1_288' title='bbox 1348 4252 1415 4316; x_wconf 93' lang='lat' dir='ltr'><strong>p.</strong></span> <span class='ocrx_word' id='word_1_289' title='bbox 1449 4242 1590 4313; x_wconf 88' lang='lat'><strong>251.</strong></span> <span class='ocrx_word' id='word_1_290' title='bbox 1622 4228 1702 4292; x_wconf 94' lang='lat' dir='ltr'><strong>B.</strong></span> <span class='ocrx_word' id='word_1_291' title='bbox 1767 4229 2053 4315; x_wconf 83' lang='lat' dir='ltr'><strong>Sympos.</strong></span> <span class='ocrx_word' id='word_1_292' title='bbox 2096 4250 2159 4314; x_wconf 94' lang='lat' dir='ltr'><strong>p.</strong></span> <span class='ocrx_word' id='word_1_293' title='bbox 2198 4227 2336 4292; x_wconf 91' lang='lat'><strong>186.</strong></span> <span class='ocrx_word' id='word_1_294' title='bbox 2368 4229 2444 4292; x_wconf 91' lang='grc' dir='ltr'><strong>Β.</strong></span> <span class='ocrx_word' id='word_1_295' title='bbox 2513 4228 2720 4315; x_wconf 84' lang='lat' dir='ltr'><strong>Legg.</strong></span> 
     </span>
     <span class='ocr_line' id='line_1_37' title="bbox 1052 4328 2717 4420; baseline -0.002 -22"><span class='ocrx_word' id='word_1_296' title='bbox 1052 4334 1167 4398; x_wconf 93' lang='lat' dir='ltr'><strong>IV.</strong></span> <span class='ocrx_word' id='word_1_297' title='bbox 1196 4354 1261 4420; x_wconf 92' lang='lat' dir='ltr'><strong>p.</strong></span> <span class='ocrx_word' id='word_1_298' title='bbox 1298 4332 1443 4415; x_wconf 87' lang='lat'><strong>276.</strong></span> <span class='ocrx_word' id='word_1_299' title='bbox 1478 4331 1610 4395; x_wconf 89' lang='lat' dir='ltr'><strong>IX.</strong></span> <span class='ocrx_word' id='word_1_300' title='bbox 1638 4353 1705 4417; x_wconf 93' lang='lat' dir='ltr'><strong>p.</strong></span> <span class='ocrx_word' id='word_1_301' title='bbox 1733 4331 1874 4415; x_wconf 87' lang='lat'><strong>269.</strong></span> <span class='ocrx_word' id='word_1_302' title='bbox 1923 4328 2065 4394; x_wconf 88' lang='lat' dir='ltr'><strong>vid.</strong></span> <span class='ocrx_word' id='word_1_303' title='bbox 2090 4329 2315 4395; x_wconf 91' lang='lat' dir='ltr'><strong>Thom.</strong></span> <span class='ocrx_word' id='word_1_304' title='bbox 2342 4331 2630 4418; x_wconf 86' lang='lat' dir='ltr'><strong>Magistr.</strong></span> <span class='ocrx_word' id='word_1_305' title='bbox 2654 4354 2717 4418; x_wconf 94' lang='lat' dir='ltr'><strong>p.</strong></span> 
     </span>
     <span class='ocr_line' id='line_1_38' title="bbox 1047 4430 2719 4522; baseline -0.002 -23"><span class='ocrx_word' id='word_1_306' title='bbox 1047 4450 1197 4522; x_wconf 87' lang='lat'><strong>905.</strong></span> <span class='ocrx_word' id='word_1_307' title='bbox 1241 4431 1602 4499; x_wconf 86' lang='lat' dir='ltr'><strong>Giacomelli</strong></span> <span class='ocrx_word' id='word_1_308' title='bbox 1629 4431 1709 4497; x_wconf 96' lang='grc' dir='ltr'><strong><em>ΒΔ</em></strong></span> <span class='ocrx_word' id='word_1_309' title='bbox 1743 4432 2069 4519; x_wconf 88' lang='lat' dir='ltr'><strong>Chrysost.</strong></span> <span class='ocrx_word' id='word_1_310' title='bbox 2102 4430 2182 4496; x_wconf 89' lang='lat' dir='ltr'><strong>de</strong></span> <span class='ocrx_word' id='word_1_311' title='bbox 2207 4432 2452 4499; x_wconf 88' lang='lat' dir='ltr'><strong>Sacerd.</strong></span> <span class='ocrx_word' id='word_1_312' title='bbox 2482 4457 2547 4521; x_wconf 93' lang='lat' dir='ltr'><strong>p.</strong></span> <span class='ocrx_word' id='word_1_313' title='bbox 2578 4450 2719 4515; x_wconf 85' lang='lat'><strong>240.</strong></span> 
     </span>
     <span class='ocr_line' id='line_1_39' title="bbox 1049 4534 2723 4624; baseline -0.001 -22"><span class='ocrx_word' id='word_1_314' title='bbox 1049 4535 1342 4602; x_wconf 75' lang='lat' dir='ltr'><strong>Matthaei</strong></span> <span class='ocrx_word' id='word_1_315' title='bbox 1369 4535 1449 4600; x_wconf 91' lang='lat' dir='ltr'><strong>ad</strong></span> <span class='ocrx_word' id='word_1_316' title='bbox 1480 4535 1801 4624; x_wconf 84' lang='lat' dir='ltr'><strong>Chrysost.</strong></span> <span class='ocrx_word' id='word_1_317' title='bbox 1837 4534 2097 4600; x_wconf 92' lang='lat' dir='ltr'><strong>Homill.</strong></span> <span class='ocrx_word' id='word_1_318' title='bbox 2129 4558 2194 4622; x_wconf 93' lang='lat' dir='ltr'><strong>p.</strong></span> <span class='ocrx_word' id='word_1_319' title='bbox 2224 4552 2288 4621; x_wconf 89' lang='grc'><strong>5.</strong></span> <span class='ocrx_word' id='word_1_320' title='bbox 2322 4548 2385 4600; x_wconf 88' lang='lat' dir='ltr'><strong>et</strong></span> <span class='ocrx_word' id='word_1_321' title='bbox 2409 4558 2473 4622; x_wconf 95' lang='lat' dir='ltr'><strong>p.</strong></span> <span class='ocrx_word' id='word_1_322' title='bbox 2505 4558 2569 4622; x_wconf 95' lang='lat'><strong>9.</strong></span> <span class='ocrx_word' id='word_1_323' title='bbox 2620 4537 2723 4600; x_wconf 91' lang='lat' dir='ltr'><strong>Ita</strong></span> 
     </span>
     <span class='ocr_line' id='line_1_40' title="bbox 1051 4637 2721 4723; baseline -0.004 -17"><span class='ocrx_word' id='word_1_324' title='bbox 1051 4641 1185 4706; x_wconf 88' lang='lat' dir='ltr'><strong>Cic.</strong></span> <span class='ocrx_word' id='word_1_325' title='bbox 1213 4639 1294 4704; x_wconf 90' lang='lat' dir='ltr'><strong>de</strong></span> <span class='ocrx_word' id='word_1_326' title='bbox 1319 4640 1404 4704; x_wconf 96' lang='lat' dir='ltr'><strong>N.</strong></span> <span class='ocrx_word' id='word_1_327' title='bbox 1428 4640 1514 4704; x_wconf 93' lang='lat' dir='ltr'><strong>D.</strong></span> <span class='ocrx_word' id='word_1_328' title='bbox 1551 4639 1654 4703; x_wconf 92' lang='lat'><strong>11.</strong></span> <span class='ocrx_word' id='word_1_329' title='bbox 1684 4652 1793 4723; x_wconf 86' lang='lat'><strong>54.</strong></span> <span class='ocrx_word' id='word_1_330' title='bbox 1821 4648 2061 4702; x_wconf 78' lang='lat' dir='ltr'><strong>natura</strong></span> <span class='ocrx_word' id='word_1_331' title='bbox 2088 4638 2222 4701; x_wconf 75' lang='lat' dir='ltr'><strong>alvi</strong></span> <span class='ocrx_word' id='word_1_332' title='bbox 2253 4660 2366 4723; x_wconf 89' lang='lat' dir='ltr'><strong>pro</strong></span> <span class='ocrx_word' id='word_1_333' title='bbox 2393 4638 2578 4711; x_wconf 66' lang='grc' dir='ltr'>αἶνος</span> <span class='ocrx_word' id='word_1_334' title='bbox 2614 4637 2721 4702; x_wconf 91' lang='lat' dir='ltr'><strong>ubi</strong></span> 
     </span>
     <span class='ocr_line' id='line_1_41' title="bbox 1046 4739 2721 4828; baseline 0 -22"><span class='ocrx_word' id='word_1_335' title='bbox 1046 4742 1177 4807; x_wconf 85' lang='lat' dir='ltr'><strong>vid.</strong></span> <span class='ocrx_word' id='word_1_336' title='bbox 1206 4754 1416 4806; x_wconf 86' lang='lat' dir='ltr'><strong>annot.</strong></span> <span class='ocrx_word' id='word_1_337' title='bbox 1446 4754 1636 4806; x_wconf 87' lang='lat' dir='ltr'><strong>nostr.</strong></span> <span class='ocrx_word' id='word_1_338' title='bbox 1671 4742 1895 4828; x_wconf 85' lang='lat' dir='ltr'><strong>Neque</strong></span> <span class='ocrx_word' id='word_1_339' title='bbox 1923 4762 2072 4804; x_wconf 81' lang='lat' dir='ltr'><strong>vero</strong></span> <span class='ocrx_word' id='word_1_340' title='bbox 2110 4739 2548 4806; x_wconf 84' lang='lat' dir='ltr'><strong>confundenda</strong></span> <span class='ocrx_word' id='word_1_341' title='bbox 2590 4740 2721 4806; x_wconf 86' lang='lat' dir='ltr'><strong>haec</strong></span> 
     </span>
     <span class='ocr_line' id='line_1_42' title="bbox 1048 4843 2722 4928; baseline -0.003 -15"><span class='ocrx_word' id='word_1_342' title='bbox 1048 4846 1254 4928; x_wconf 72' lang='grc' dir='ltr'>ἆρετῆς</span> <span class='ocrx_word' id='word_1_343' title='bbox 1278 4845 1316 4925; x_wconf 84' lang='grc' dir='ltr'>ἦ</span> <span class='ocrx_word' id='word_1_344' title='bbox 1346 4846 1523 4927; x_wconf 69' lang='grc' dir='ltr'>φύσις</span> <span class='ocrx_word' id='word_1_345' title='bbox 1549 4856 1643 4908; x_wconf 86' lang='lat' dir='ltr'><strong>est</strong></span> <span class='ocrx_word' id='word_1_346' title='bbox 1668 4865 1812 4908; x_wconf 91' lang='lat' dir='ltr'><strong>cum</strong></span> <span class='ocrx_word' id='word_1_347' title='bbox 1841 4847 1910 4924; x_wconf 75' lang='grc' dir='ltr'>τῆ</span> <span class='ocrx_word' id='word_1_348' title='bbox 1942 4847 2158 4926; x_wconf 80' lang='grc' dir='ltr'>φνσικῇ</span> <span class='ocrx_word' id='word_1_349' title='bbox 2186 4844 2378 4926; x_wconf 75' lang='grc' dir='ltr'><strong>ἀρετῇ.</strong></span> <span class='ocrx_word' id='word_1_350' title='bbox 2443 4843 2551 4907; x_wconf 87' lang='lat' dir='ltr'><strong>Tu</strong></span> <span class='ocrx_word' id='word_1_351' title='bbox 2580 4843 2722 4908; x_wconf 87' lang='lat' dir='ltr'><strong>vide</strong></span> 
     </span>
     <span class='ocr_line' id='line_1_43' title="bbox 1047 4944 2012 5034; baseline -0.002 -23"><span class='ocrx_word' id='word_1_352' title='bbox 1047 4970 1238 5034; x_wconf 75' lang='lat' dir='ltr'><strong>supra</strong></span> <span class='ocrx_word' id='word_1_353' title='bbox 1265 4968 1326 5033; x_wconf 91' lang='lat' dir='ltr'><strong>p.</strong></span> <span class='ocrx_word' id='word_1_354' title='bbox 1362 4964 1466 5010; x_wconf 90' lang='grc'><strong>22.</strong></span> <span class='ocrx_word' id='word_1_355' title='bbox 1499 4944 1564 5009; x_wconf 94' lang='grc' dir='ltr'><strong>Δ.</strong></span> <span class='ocrx_word' id='word_1_356' title='bbox 1592 4944 1746 5033; x_wconf 90' lang='lat' dir='ltr'><strong>ibiq.</strong></span> <span class='ocrx_word' id='word_1_357' title='bbox 1775 4958 2012 5010; x_wconf 89' lang='lat' dir='ltr'><strong>annott.</strong></span> 
     </span>
    </p>

    <p class='ocr_par' dir='ltr' id='par_1_6' title="bbox 1048 5046 2722 5547">
     <span class='ocr_line' id='line_1_44' title="bbox 1130 5046 2719 5134; baseline -0.003 -20"><span class='ocrx_word' id='word_1_358' title='bbox 1130 5070 1296 5134; x_wconf 93' lang='lat'><strong>—-9.</strong></span> <span class='ocrx_word' id='word_1_359' title='bbox 1327 5047 1670 5131; x_wconf 71' lang='grc' dir='ltr'>ἐπιστρέφει</span> <span class='ocrx_word' id='word_1_360' title='bbox 1700 5048 1796 5112; x_wconf 86' lang='grc' dir='ltr'><strong>καὶ</strong></span> <span class='ocrx_word' id='word_1_361' title='bbox 1824 5047 2010 5132; x_wconf 84' lang='grc' dir='ltr'>ἕλκει]</span> <span class='ocrx_word' id='word_1_362' title='bbox 2048 5046 2230 5111; x_wconf 82' lang='lat' dir='ltr'><strong>Plato</strong></span> <span class='ocrx_word' id='word_1_363' title='bbox 2252 5047 2452 5133; x_wconf 83' lang='lat' dir='ltr'><strong>Gorg.</strong></span> <span class='ocrx_word' id='word_1_364' title='bbox 2481 5069 2544 5133; x_wconf 91' lang='lat' dir='ltr'><strong>p.</strong></span> <span class='ocrx_word' id='word_1_365' title='bbox 2569 5059 2719 5129; x_wconf 88' lang='lat'><strong>474.</strong></span> 
     </span>
     <span class='ocr_line' id='line_1_45' title="bbox 1048 5147 2718 5241; baseline -0.005 -21"><span class='ocrx_word' id='word_1_366' title='bbox 1048 5152 1289 5241; x_wconf 89' lang='lat' dir='ltr'><strong>Cratyl.</strong></span> <span class='ocrx_word' id='word_1_367' title='bbox 1332 5173 1401 5237; x_wconf 93' lang='lat' dir='ltr'><strong>p.</strong></span> <span class='ocrx_word' id='word_1_368' title='bbox 1443 5151 1592 5231; x_wconf 90' lang='lat'><strong>416.</strong></span> <span class='ocrx_word' id='word_1_369' title='bbox 1640 5149 1902 5237; x_wconf 83' lang='lat' dir='ltr'><strong>Dionys.</strong></span> <span class='ocrx_word' id='word_1_370' title='bbox 1956 5149 2263 5236; x_wconf 83' lang='lat' dir='ltr'><strong>Areopag.</strong></span> <span class='ocrx_word' id='word_1_371' title='bbox 2315 5150 2416 5213; x_wconf 91' lang='lat' dir='ltr'><strong>De</strong></span> <span class='ocrx_word' id='word_1_372' title='bbox 2459 5147 2718 5213; x_wconf 86' lang='lat' dir='ltr'><strong>Divinn.</strong></span> 
     </span>
     <span class='ocr_line' id='line_1_46' title="bbox 1048 5250 2719 5339; baseline -0.006 -16"><span class='ocrx_word' id='word_1_373' title='bbox 1048 5278 1278 5323; x_wconf 88' lang='lat' dir='ltr'><strong>nomm.</strong></span> <span class='ocrx_word' id='word_1_374' title='bbox 1311 5253 1430 5319; x_wconf 93' lang='lat' dir='ltr'><strong>IV.</strong></span> <span class='ocrx_word' id='word_1_375' title='bbox 1458 5269 1521 5336; x_wconf 88' lang='lat'><strong>7.</strong></span> <span class='ocrx_word' id='word_1_376' title='bbox 1555 5251 1726 5316; x_wconf 89' lang='lat' dir='ltr'><strong>Hinc</strong></span> <span class='ocrx_word' id='word_1_377' title='bbox 1754 5250 2128 5339; x_wconf 81' lang='lat' dir='ltr'><strong>etymologia</strong></span> <span class='ocrx_word' id='word_1_378' title='bbox 2154 5250 2222 5315; x_wconf 86' lang='grc' dir='ltr'>τὸ</span> <span class='ocrx_word' id='word_1_379' title='bbox 2253 5251 2438 5316; x_wconf 84' lang='grc' dir='ltr'>καλὸν</span> <span class='ocrx_word' id='word_1_380' title='bbox 2464 5253 2625 5333; x_wconf 74' lang='grc' dir='ltr'>παρὰ</span> <span class='ocrx_word' id='word_1_381' title='bbox 2651 5251 2719 5314; x_wconf 85' lang='grc' dir='ltr'>τὸ</span> 
     </span>
     <span class='ocr_line' id='line_1_47' title="bbox 1052 5355 2719 5441; baseline -0.004 -15"><span class='ocrx_word' id='word_1_382' title='bbox 1052 5365 1255 5426; x_wconf 81' lang='grc' dir='ltr'>καλεῖν</span> <span class='ocrx_word' id='word_1_383' title='bbox 1298 5359 1381 5426; x_wconf 75' lang='grc' dir='ltr'><strong>εἷς</strong></span> <span class='ocrx_word' id='word_1_384' title='bbox 1425 5356 1617 5420; x_wconf 83' lang='grc' dir='ltr'>ἑαυτό.</span> <span class='ocrx_word' id='word_1_385' title='bbox 1664 5355 1917 5418; x_wconf 90' lang='lat' dir='ltr'><strong>Petron.</strong></span> <span class='ocrx_word' id='word_1_386' title='bbox 1965 5355 2173 5441; x_wconf 89' lang='lat' dir='ltr'><strong>Satyr.</strong></span> <span class='ocrx_word' id='word_1_387' title='bbox 2216 5376 2272 5418; x_wconf 91' lang='lat' dir='ltr'><strong>c.</strong></span> <span class='ocrx_word' id='word_1_388' title='bbox 2302 5372 2442 5440; x_wconf 87' lang='grc'><strong>132.</strong></span> <span class='ocrx_word' id='word_1_389' title='bbox 2472 5376 2539 5440; x_wconf 89' lang='grc' dir='ltr'><strong>Ρ.</strong></span> <span class='ocrx_word' id='word_1_390' title='bbox 2570 5355 2719 5430; x_wconf 88' lang='grc'><strong>626.</strong></span> 
     </span>
     <span class='ocr_line' id='line_1_48' title="bbox 1049 5454 2722 5547; baseline -0.004 -19"><span class='ocrx_word' id='word_1_391' title='bbox 1049 5464 1269 5528; x_wconf 89' lang='lat' dir='ltr'><strong>Burm.</strong></span> <span class='ocrx_word' id='word_1_392' title='bbox 1299 5467 1344 5499; x_wconf 90' lang='lat'><strong>“</strong></span> <span class='ocrx_word' id='word_1_393' title='bbox 1369 5460 1522 5547; x_wconf 83' lang='lat' dir='ltr'><strong>Ipsa</strong></span> <span class='ocrx_word' id='word_1_394' title='bbox 1549 5455 1819 5544; x_wconf 85' lang='lat' dir='ltr'><strong>corporis</strong></span> <span class='ocrx_word' id='word_1_395' title='bbox 1845 5454 2265 5544; x_wconf 87' lang='lat' dir='ltr'><strong>pulcritudine</strong></span> <span class='ocrx_word' id='word_1_396' title='bbox 2291 5478 2392 5520; x_wconf 93' lang='lat' dir='ltr'><strong>me</strong></span> <span class='ocrx_word' id='word_1_397' title='bbox 2419 5455 2500 5520; x_wconf 88' lang='lat' dir='ltr'><strong>ad</strong></span> <span class='ocrx_word' id='word_1_398' title='bbox 2530 5478 2594 5521; x_wconf 89' lang='lat' dir='ltr'><strong>se</strong></span> <span class='ocrx_word' id='word_1_399' title='bbox 2615 5479 2722 5521; x_wconf 87' lang='lat' dir='ltr'><strong>vo-</strong></span> 
     </span>
    </p>
   </div>
   <div class='ocr_carea' id='block_1_3' title="bbox 1048 5557 2553 5647">
    <p class='ocr_par' dir='ltr' id='par_1_7' title="bbox 1048 5557 2553 5647">
     <span class='ocr_line' id='line_1_49' title="bbox 1048 5557 2553 5647; baseline -0.005 -16"><span class='ocrx_word' id='word_1_400' title='bbox 1048 5578 1224 5631; x_wconf 84' lang='lat' dir='ltr'><strong>cante</strong></span> <span class='ocrx_word' id='word_1_401' title='bbox 1252 5561 1536 5629; x_wconf 88' lang='lat' dir='ltr'><strong>trahebat</strong></span> <span class='ocrx_word' id='word_1_402' title='bbox 1567 5559 1714 5647; x_wconf 87' lang='lat' dir='ltr'><strong>(leg.</strong></span> <span class='ocrx_word' id='word_1_403' title='bbox 1739 5558 2052 5645; x_wconf 88' lang='lat' dir='ltr'><strong>trahebar)</strong></span> <span class='ocrx_word' id='word_1_404' title='bbox 2081 5557 2164 5623; x_wconf 88' lang='lat' dir='ltr'><strong>ad</strong></span> <span class='ocrx_word' id='word_1_405' title='bbox 2193 5559 2553 5624; x_wconf 84' lang='lat' dir='ltr'><strong>Venerem.”</strong></span> 
     </span>
    </p>
   </div>
   <div class='ocr_carea' id='block_1_4' title="bbox 2018 568 3520 638">
    <p class='ocr_par' dir='ltr' id='par_1_8' title="bbox 2018 568 3520 638">
     <span class='ocr_line' id='line_1_50' title="bbox 2018 568 3520 638; baseline -0.001 -3"><span class='ocrx_word' id='word_1_406' title='bbox 2018 568 2835 637; x_wconf 83' lang='lat' dir='ltr'><strong>ANNOTATIONES</strong></span> <span class='ocrx_word' id='word_1_407' title='bbox 2899 572 3009 638; x_wconf 90' lang='lat' dir='ltr'><strong>IN</strong></span> <span class='ocrx_word' id='word_1_408' title='bbox 3076 569 3520 636; x_wconf 91' lang='lat' dir='ltr'><strong>PLOTINI</strong></span> 
     </span>
    </p>
   </div>
   <div class='ocr_carea' id='block_1_5' title="bbox 2804 740 4498 5648">
    <p class='ocr_par' dir='ltr' id='par_1_9' title="bbox 2809 740 4498 2038">
     <span class='ocr_line' id='line_1_51' title="bbox 2897 740 4498 829; baseline -0.004 -21"><span class='ocrx_word' id='word_1_409' title='bbox 2897 780 2986 794; x_wconf 93' lang='lat'><em>-</em></span> <span class='ocrx_word' id='word_1_410' title='bbox 3013 763 3108 808; x_wconf 90' lang='lat'><strong>10.</strong></span> <span class='ocrx_word' id='word_1_411' title='bbox 3139 743 3453 829; x_wconf 67' lang='grc' dir='ltr'>ἐπιβάθρα]</span> <span class='ocrx_word' id='word_1_412' title='bbox 3485 749 3529 782; x_wconf 90' lang='lat'><strong>“</strong></span> <span class='ocrx_word' id='word_1_413' title='bbox 3550 741 3847 806; x_wconf 84' lang='lat' dir='ltr'><strong>Refertur</strong></span> <span class='ocrx_word' id='word_1_414' title='bbox 3867 740 3947 806; x_wconf 94' lang='grc' dir='ltr'><strong><em>ΒΔ</em></strong></span> <span class='ocrx_word' id='word_1_415' title='bbox 3973 740 4250 807; x_wconf 77' lang='lat' dir='ltr'><strong>Platonis</strong></span> <span class='ocrx_word' id='word_1_416' title='bbox 4274 745 4498 808; x_wconf 61' lang='grc' dir='ltr'><strong>ἐπανορ.</strong></span> 
     </span>
     <span class='ocr_line' id='line_1_52' title="bbox 2813 844 4486 933; baseline 0 -22"><span class='ocrx_word' id='word_1_417' title='bbox 2813 852 3064 928; x_wconf 81' lang='grc' dir='ltr'>βαθμοῖς</span> <span class='ocrx_word' id='word_1_418' title='bbox 3078 848 3404 930; x_wconf 73' lang='grc' dir='ltr'>χρώμενον.</span> <span class='ocrx_word' id='word_1_419' title='bbox 3436 848 3723 933; x_wconf 84' lang='lat' dir='ltr'><strong>Sympos.</strong></span> <span class='ocrx_word' id='word_1_420' title='bbox 3742 867 3806 931; x_wconf 93' lang='lat' dir='ltr'><strong>p.</strong></span> <span class='ocrx_word' id='word_1_421' title='bbox 3818 864 3897 930; x_wconf 86' lang='lat'><strong>33</strong></span> <span class='ocrx_word' id='word_1_422' title='bbox 3912 864 3966 908; x_wconf 93' lang='grc'><strong>1.</strong></span> <span class='ocrx_word' id='word_1_423' title='bbox 3987 868 4070 910; x_wconf 82' lang='lat' dir='ltr'><strong>sc.</strong></span> <span class='ocrx_word' id='word_1_424' title='bbox 4102 844 4486 911; x_wconf 84' lang='lat' dir='ltr'><strong>Themistius</strong></span> 
     </span>
     <span class='ocr_line' id='line_1_53' title="bbox 2817 946 4484 1035; baseline -0.001 -20"><span class='ocrx_word' id='word_1_425' title='bbox 2817 951 2990 1015; x_wconf 91' lang='lat' dir='ltr'><strong>Orat.</strong></span> <span class='ocrx_word' id='word_1_426' title='bbox 3016 949 3226 1013; x_wconf 87' lang='lat' dir='ltr'><strong>XIII.</strong></span> <span class='ocrx_word' id='word_1_427' title='bbox 3251 971 3318 1035; x_wconf 93' lang='lat' dir='ltr'><strong>p.</strong></span> <span class='ocrx_word' id='word_1_428' title='bbox 3346 963 3482 1030; x_wconf 82' lang='lat'><strong>172.</strong></span> <span class='ocrx_word' id='word_1_429' title='bbox 3504 949 3588 1013; x_wconf 92' lang='lat' dir='ltr'><strong>D.</strong></span> <span class='ocrx_word' id='word_1_430' title='bbox 3615 946 3828 1011; x_wconf 90' lang='lat' dir='ltr'><strong>eadem</strong></span> <span class='ocrx_word' id='word_1_431' title='bbox 3861 960 4128 1011; x_wconf 88' lang='lat' dir='ltr'><strong>tractans</strong></span> <span class='ocrx_word' id='word_1_432' title='bbox 4155 947 4315 1012; x_wconf 88' lang='lat' dir='ltr'><strong>dixit</strong></span> <span class='ocrx_word' id='word_1_433' title='bbox 4343 950 4484 1013; x_wconf 64' lang='lat' dir='ltr'><strong>dva-</strong></span> 
     </span>
     <span class='ocr_line' id='line_1_54' title="bbox 2813 1048 4477 1137; baseline 0 -22"><span class='ocrx_word' id='word_1_434' title='bbox 2813 1055 3048 1137; x_wconf 75' lang='grc' dir='ltr'>βασμῷ.</span> <span class='ocrx_word' id='word_1_435' title='bbox 3112 1049 3397 1115; x_wconf 88' lang='lat' dir='ltr'><strong>Clemens</strong></span> <span class='ocrx_word' id='word_1_436' title='bbox 3439 1048 3625 1114; x_wconf 88' lang='lat' dir='ltr'><strong>Alex.</strong></span> <span class='ocrx_word' id='word_1_437' title='bbox 3680 1050 3905 1113; x_wconf 91' lang='lat' dir='ltr'><strong>Strom.</strong></span> <span class='ocrx_word' id='word_1_438' title='bbox 3954 1050 4028 1112; x_wconf 92' lang='lat' dir='ltr'><strong>V.</strong></span> <span class='ocrx_word' id='word_1_439' title='bbox 4081 1071 4150 1135; x_wconf 92' lang='lat' dir='ltr'><strong>p.</strong></span> <span class='ocrx_word' id='word_1_440' title='bbox 4196 1050 4343 1114; x_wconf 88' lang='lat'><strong>611.</strong></span> <span class='ocrx_word' id='word_1_441' title='bbox 4391 1050 4477 1115; x_wconf 94' lang='lat' dir='ltr'><strong>D.</strong></span> 
     </span>
     <span class='ocr_line' id='line_1_55' title="bbox 2816 1151 4482 1236; baseline 0 -19"><span class='ocrx_word' id='word_1_442' title='bbox 2816 1156 3108 1233; x_wconf 79' lang='grc' dir='ltr'>ἀναβῆναι</span> <span class='ocrx_word' id='word_1_443' title='bbox 3152 1154 3379 1232; x_wconf 75' lang='grc' dir='ltr'>ἐκείνην</span> <span class='ocrx_word' id='word_1_444' title='bbox 3415 1152 3523 1231; x_wconf 79' lang='grc' dir='ltr'>τὴν</span> <span class='ocrx_word' id='word_1_445' title='bbox 3561 1151 3879 1231; x_wconf 80' lang='grc' dir='ltr'>ἀνάβασιν.</span> <span class='ocrx_word' id='word_1_446' title='bbox 3951 1151 4244 1236; x_wconf 85' lang='lat' dir='ltr'><strong>Synesius</strong></span> <span class='ocrx_word' id='word_1_447' title='bbox 4277 1152 4482 1218; x_wconf 89' lang='lat' dir='ltr'><strong>Dione</strong></span> 
     </span>
     <span class='ocr_line' id='line_1_56' title="bbox 2813 1252 4483 1342; baseline 0.001 -23"><span class='ocrx_word' id='word_1_448' title='bbox 2813 1278 2881 1342; x_wconf 91' lang='grc' dir='ltr'><strong>Ρ.</strong></span> <span class='ocrx_word' id='word_1_449' title='bbox 2908 1275 3013 1337; x_wconf 84' lang='grc'><strong>42.</strong></span> <span class='ocrx_word' id='word_1_450' title='bbox 3045 1259 3130 1319; x_wconf 92' lang='lat' dir='ltr'><strong>A.</strong></span> <span class='ocrx_word' id='word_1_451' title='bbox 3165 1258 3494 1340; x_wconf 75' lang='grc' dir='ltr'>ἆναβασμῷ</span> <span class='ocrx_word' id='word_1_452' title='bbox 3523 1253 3736 1337; x_wconf 81' lang='grc' dir='ltr'><strong>χρήσῃ.</strong></span> <span class='ocrx_word' id='word_1_453' title='bbox 3803 1253 3904 1318; x_wconf 84' lang='lat' dir='ltr'><strong>Sic</strong></span> <span class='ocrx_word' id='word_1_454' title='bbox 3930 1252 4093 1317; x_wconf 88' lang='lat' dir='ltr'><strong>enim</strong></span> <span class='ocrx_word' id='word_1_455' title='bbox 4123 1256 4200 1318; x_wconf 92' lang='lat' dir='ltr'><strong>V.</strong></span> <span class='ocrx_word' id='word_1_456' title='bbox 4221 1256 4292 1319; x_wconf 91' lang='lat' dir='ltr'><strong>L.</strong></span> <span class='ocrx_word' id='word_1_457' title='bbox 4322 1278 4483 1321; x_wconf 84' lang='lat' dir='ltr'><strong>mar-</strong></span> 
     </span>
     <span class='ocr_line' id='line_1_57' title="bbox 2811 1353 4476 1445; baseline 0.001 -23"><span class='ocrx_word' id='word_1_458' title='bbox 2811 1358 2971 1444; x_wconf 83' lang='lat' dir='ltr'><strong>ginis</strong></span> <span class='ocrx_word' id='word_1_459' title='bbox 2998 1372 3061 1422; x_wconf 91' lang='lat' dir='ltr'><strong>et</strong></span> <span class='ocrx_word' id='word_1_460' title='bbox 3090 1357 3318 1422; x_wconf 90' lang='lat' dir='ltr'><strong>Thom.</strong></span> <span class='ocrx_word' id='word_1_461' title='bbox 3351 1359 3530 1443; x_wconf 86' lang='lat' dir='ltr'><strong>Mag.</strong></span> <span class='ocrx_word' id='word_1_462' title='bbox 3562 1380 3624 1420; x_wconf 80' lang='lat' dir='ltr'><strong>v,</strong></span> <span class='ocrx_word' id='word_1_463' title='bbox 3657 1353 4021 1436; x_wconf 83' lang='grc' dir='ltr'>ἆναβασμός.</span> <span class='ocrx_word' id='word_1_464' title='bbox 4102 1356 4307 1445; x_wconf 81' lang='lat' dir='ltr'><strong>Vulgo</strong></span> <span class='ocrx_word' id='word_1_465' title='bbox 4335 1361 4476 1423; x_wconf 79' lang='grc' dir='ltr'>ἀνα-</span> 
     </span>
     <span class='ocr_line' id='line_1_58' title="bbox 2811 1459 4482 1547; baseline 0.001 -24"><span class='ocrx_word' id='word_1_466' title='bbox 2811 1465 3118 1547; x_wconf 73' lang='grc' dir='ltr'>βιβασμῷ.</span> <span class='ocrx_word' id='word_1_467' title='bbox 3183 1459 3315 1524; x_wconf 87' lang='lat' dir='ltr'><strong>Alii</strong></span> <span class='ocrx_word' id='word_1_468' title='bbox 3355 1459 3418 1524; x_wconf 92' lang='lat' dir='ltr'><strong>in</strong></span> <span class='ocrx_word' id='word_1_469' title='bbox 3462 1459 3580 1523; x_wconf 89' lang='lat' dir='ltr'><strong>hoc</strong></span> <span class='ocrx_word' id='word_1_470' title='bbox 3621 1473 3988 1546; x_wconf 83' lang='lat' dir='ltr'><strong>argumento</strong></span> <span class='ocrx_word' id='word_1_471' title='bbox 4017 1459 4343 1542; x_wconf 75' lang='grc' dir='ltr'>ἐπιβάθραν</span> <span class='ocrx_word' id='word_1_472' title='bbox 4370 1483 4482 1547; x_wconf 87' lang='grc' dir='ltr'><strong>Ρο-</strong></span> 
     </span>
     <span class='ocr_line' id='line_1_59' title="bbox 2812 1559 4479 1649; baseline -0.002 -22"><span class='ocrx_word' id='word_1_473' title='bbox 2812 1577 3090 1642; x_wconf 87' lang='lat' dir='ltr'><strong>suerunt,</strong></span> <span class='ocrx_word' id='word_1_474' title='bbox 3113 1587 3175 1626; x_wconf 89' lang='lat' dir='ltr'><strong>v.</strong></span> <span class='ocrx_word' id='word_1_475' title='bbox 3193 1586 3245 1627; x_wconf 92' lang='lat' dir='ltr'><strong>c.</strong></span> <span class='ocrx_word' id='word_1_476' title='bbox 3267 1562 3567 1649; x_wconf 82' lang='lat' dir='ltr'><strong>Origenes</strong></span> <span class='ocrx_word' id='word_1_477' title='bbox 3595 1584 3649 1625; x_wconf 92' lang='lat' dir='ltr'><strong>c.</strong></span> <span class='ocrx_word' id='word_1_478' title='bbox 3685 1559 3935 1626; x_wconf 88' lang='lat' dir='ltr'><strong>Celsum</strong></span> <span class='ocrx_word' id='word_1_479' title='bbox 3960 1562 4121 1627; x_wconf 96' lang='lat' dir='ltr'><strong>VII.</strong></span> <span class='ocrx_word' id='word_1_480' title='bbox 4143 1584 4208 1649; x_wconf 90' lang='lat' dir='ltr'><strong>p.</strong></span> <span class='ocrx_word' id='word_1_481' title='bbox 4228 1577 4372 1648; x_wconf 88' lang='lat'><strong>725.</strong></span> <span class='ocrx_word' id='word_1_482' title='bbox 4391 1562 4479 1627; x_wconf 94' lang='lat' dir='ltr'><strong>D.</strong></span> 
     </span>
     <span class='ocr_line' id='line_1_60' title="bbox 2812 1664 4480 1750; baseline 0.001 -21"><span class='ocrx_word' id='word_1_483' title='bbox 2812 1666 2994 1730; x_wconf 76' lang='grc' dir='ltr'>οἱονεὶ</span> <span class='ocrx_word' id='word_1_484' title='bbox 3023 1665 3314 1750; x_wconf 74' lang='grc' dir='ltr'>ἐπιβάθρα</span> <span class='ocrx_word' id='word_1_485' title='bbox 3339 1668 3596 1748; x_wconf 85' lang='grc' dir='ltr'>χρῆσθαι</span> <span class='ocrx_word' id='word_1_486' title='bbox 3617 1664 3811 1731; x_wconf 80' lang='grc' dir='ltr'>αὐτοῖς</span> <span class='ocrx_word' id='word_1_487' title='bbox 3835 1665 3980 1747; x_wconf 88' lang='grc' dir='ltr'>πρὸς</span> <span class='ocrx_word' id='word_1_488' title='bbox 3999 1664 4106 1744; x_wconf 80' lang='grc' dir='ltr'>τὴν</span> <span class='ocrx_word' id='word_1_489' title='bbox 4128 1667 4480 1746; x_wconf 82' lang='grc' dir='ltr'>κατανόησιν</span> 
     </span>
     <span class='ocr_line' id='line_1_61' title="bbox 2810 1766 4472 1850; baseline -0.002 -15"><span class='ocrx_word' id='word_1_490' title='bbox 2810 1772 2910 1847; x_wconf 81' lang='grc' dir='ltr'><strong>Τἣς</strong></span> <span class='ocrx_word' id='word_1_491' title='bbox 2949 1774 3066 1833; x_wconf 78' lang='grc' dir='ltr'>τῶν</span> <span class='ocrx_word' id='word_1_492' title='bbox 3095 1774 3316 1850; x_wconf 83' lang='grc' dir='ltr'>νοητῶν</span> <span class='ocrx_word' id='word_1_493' title='bbox 3344 1769 3598 1850; x_wconf 84' lang='grc' dir='ltr'>φύσεως.</span> <span class='ocrx_word' id='word_1_494' title='bbox 3670 1766 3961 1831; x_wconf 85' lang='lat' dir='ltr'><strong>Similiter</strong></span> <span class='ocrx_word' id='word_1_495' title='bbox 3991 1766 4315 1831; x_wconf 88' lang='lat' dir='ltr'><strong>Iamblich.</strong></span> <span class='ocrx_word' id='word_1_496' title='bbox 4349 1767 4472 1833; x_wconf 89' lang='lat' dir='ltr'><strong>Vit.</strong></span> 
     </span>
     <span class='ocr_line' id='line_1_62' title="bbox 2812 1866 4484 1958; baseline -0.001 -23"><span class='ocrx_word' id='word_1_497' title='bbox 2812 1870 3156 1958; x_wconf 86' lang='lat' dir='ltr'><strong>Pythagor.</strong></span> <span class='ocrx_word' id='word_1_498' title='bbox 3178 1892 3205 1935; x_wconf 88' lang='lat'><strong>1</strong></span> <span class='ocrx_word' id='word_1_499' title='bbox 3219 1890 3319 1955; x_wconf 93' lang='lat'><strong>19.</strong></span> <span class='ocrx_word' id='word_1_500' title='bbox 3362 1867 3514 1934; x_wconf 89' lang='lat' dir='ltr'><strong>Alia</strong></span> <span class='ocrx_word' id='word_1_501' title='bbox 3531 1868 3613 1933; x_wconf 89' lang='lat' dir='ltr'><strong>ad</strong></span> <span class='ocrx_word' id='word_1_502' title='bbox 3633 1866 4038 1934; x_wconf 81' lang='lat' dir='ltr'><strong>Plutarchum</strong></span> <span class='ocrx_word' id='word_1_503' title='bbox 4057 1869 4171 1933; x_wconf 87' lang='lat' dir='ltr'><strong>vit.</strong></span> <span class='ocrx_word' id='word_1_504' title='bbox 4192 1888 4332 1956; x_wconf 88' lang='grc'><strong>273.</strong></span> <span class='ocrx_word' id='word_1_505' title='bbox 4351 1870 4484 1934; x_wconf 80' lang='grc' dir='ltr'><strong>Α.”</strong></span> 
     </span>
     <span class='ocr_line' id='line_1_63' title="bbox 2809 1973 3029 2038; baseline 0 0"><span class='ocrx_word' id='word_1_506' title='bbox 2809 1973 2900 2038; x_wconf 91' lang='lat' dir='ltr'><strong>D.</strong></span> <span class='ocrx_word' id='word_1_507' title='bbox 2935 1975 3029 2038; x_wconf 86' lang='lat' dir='ltr'><strong>W.</strong></span> 
     </span>
    </p>

    <p class='ocr_par' dir='ltr' id='par_1_10' title="bbox 2804 2073 4478 2573">
     <span class='ocr_line' id='line_1_64' title="bbox 2892 2073 4477 2162; baseline 0.001 -23"><span class='ocrx_word' id='word_1_508' title='bbox 2892 2112 2980 2127; x_wconf 91' lang='lat'><strong>—</strong></span> <span class='ocrx_word' id='word_1_509' title='bbox 3006 2095 3103 2141; x_wconf 91' lang='lat'><strong>11.</strong></span> <span class='ocrx_word' id='word_1_510' title='bbox 3137 2077 3213 2143; x_wconf 79' lang='grc' dir='ltr'><strong>ὣς</strong></span> <span class='ocrx_word' id='word_1_511' title='bbox 3243 2076 3451 2161; x_wconf 73' lang='grc' dir='ltr'>εἰπεῖν]</span> <span class='ocrx_word' id='word_1_512' title='bbox 3491 2074 3689 2140; x_wconf 89' lang='lat' dir='ltr'><strong>Ficin.</strong></span> <span class='ocrx_word' id='word_1_513' title='bbox 3722 2074 3788 2139; x_wconf 95' lang='lat' dir='ltr'><strong>h.</strong></span> <span class='ocrx_word' id='word_1_514' title='bbox 3820 2073 3866 2138; x_wconf 95' lang='lat' dir='ltr'><strong>l.</strong></span> <span class='ocrx_word' id='word_1_515' title='bbox 3900 2075 4080 2139; x_wconf 84' lang='lat' dir='ltr'><strong>vertit</strong></span> <span class='ocrx_word' id='word_1_516' title='bbox 4088 2076 4350 2162; x_wconf 56' lang='lat' dir='ltr'><strong>sermm</strong></span> <span class='ocrx_word' id='word_1_517' title='bbox 4386 2075 4477 2141; x_wconf 88' lang='lat' dir='ltr'><strong>in-</strong></span> 
     </span>
     <span class='ocr_line' id='line_1_65' title="bbox 2807 2176 4478 2266; baseline 0.002 -25"><span class='ocrx_word' id='word_1_518' title='bbox 2807 2177 2904 2243; x_wconf 85' lang='lat' dir='ltr'><strong>fra</strong></span> <span class='ocrx_word' id='word_1_519' title='bbox 2945 2201 3008 2265; x_wconf 93' lang='lat' dir='ltr'><strong>p.</strong></span> <span class='ocrx_word' id='word_1_520' title='bbox 3053 2194 3162 2264; x_wconf 94' lang='grc'><strong>53.</strong></span> <span class='ocrx_word' id='word_1_521' title='bbox 3204 2179 3286 2242; x_wconf 90' lang='grc' dir='ltr'><strong>Ε.</strong></span> <span class='ocrx_word' id='word_1_522' title='bbox 3341 2176 3505 2241; x_wconf 89' lang='lat' dir='ltr'><strong>idem</strong></span> <span class='ocrx_word' id='word_1_523' title='bbox 3553 2186 3624 2242; x_wconf 83' lang='lat' dir='ltr'><strong>ut</strong></span> <span class='ocrx_word' id='word_1_524' title='bbox 3671 2179 3766 2241; x_wconf 73' lang='lat' dir='ltr'><strong>ita</strong></span> <span class='ocrx_word' id='word_1_525' title='bbox 3813 2177 4037 2241; x_wconf 73' lang='lat' dir='ltr'><strong>dicam.</strong></span> <span class='ocrx_word' id='word_1_526' title='bbox 4131 2177 4478 2266; x_wconf 88' lang='lat' dir='ltr'><strong>Utrobique</strong></span> 
     </span>
     <span class='ocr_line' id='line_1_66' title="bbox 2809 2278 4476 2346; baseline 0 -1"><span class='ocrx_word' id='word_1_527' title='bbox 2809 2294 2988 2345; x_wconf 88' lang='lat' dir='ltr'><strong>recte.</strong></span> <span class='ocrx_word' id='word_1_528' title='bbox 3066 2283 3174 2345; x_wconf 91' lang='lat' dir='ltr'><strong>Tu</strong></span> <span class='ocrx_word' id='word_1_529' title='bbox 3218 2278 3467 2344; x_wconf 86' lang='lat' dir='ltr'><strong>consule</strong></span> <span class='ocrx_word' id='word_1_530' title='bbox 3508 2278 3588 2344; x_wconf 92' lang='lat' dir='ltr'><strong>de</strong></span> <span class='ocrx_word' id='word_1_531' title='bbox 3621 2279 3737 2344; x_wconf 88' lang='lat' dir='ltr'><strong>hac</strong></span> <span class='ocrx_word' id='word_1_532' title='bbox 3772 2278 4041 2344; x_wconf 83' lang='lat' dir='ltr'><strong>formula</strong></span> <span class='ocrx_word' id='word_1_533' title='bbox 4073 2279 4363 2345; x_wconf 87' lang='lat' dir='ltr'><strong>Valcken.</strong></span> <span class='ocrx_word' id='word_1_534' title='bbox 4393 2281 4476 2346; x_wconf 89' lang='lat' dir='ltr'><strong>ad</strong></span> 
     </span>
     <span class='ocr_line' id='line_1_67' title="bbox 2807 2381 4467 2472; baseline 0.001 -25"><span class='ocrx_word' id='word_1_535' title='bbox 2807 2383 3115 2449; x_wconf 89' lang='lat' dir='ltr'><strong>Herodot.</strong></span> <span class='ocrx_word' id='word_1_536' title='bbox 3148 2384 3245 2448; x_wconf 91' lang='lat' dir='ltr'><strong>II.</strong></span> <span class='ocrx_word' id='word_1_537' title='bbox 3277 2400 3380 2469; x_wconf 87' lang='lat'><strong>53.</strong></span> <span class='ocrx_word' id='word_1_538' title='bbox 3442 2381 3644 2447; x_wconf 87' lang='lat' dir='ltr'><strong>Wolf.</strong></span> <span class='ocrx_word' id='word_1_539' title='bbox 3688 2381 3770 2446; x_wconf 88' lang='lat' dir='ltr'><strong>ad</strong></span> <span class='ocrx_word' id='word_1_540' title='bbox 3815 2382 4137 2448; x_wconf 84' lang='lat' dir='ltr'><strong>Demostb.</strong></span> <span class='ocrx_word' id='word_1_541' title='bbox 4187 2384 4373 2472; x_wconf 84' lang='lat' dir='ltr'><strong>Lept.</strong></span> <span class='ocrx_word' id='word_1_542' title='bbox 4402 2407 4467 2472; x_wconf 92' lang='lat' dir='ltr'><strong>p.</strong></span> 
     </span>
     <span class='ocr_line' id='line_1_68' title="bbox 2804 2484 4123 2573; baseline 0 -23"><span class='ocrx_word' id='word_1_543' title='bbox 2804 2486 2954 2571; x_wconf 91' lang='grc'><strong>361.</strong></span> <span class='ocrx_word' id='word_1_544' title='bbox 2997 2485 3330 2550; x_wconf 83' lang='lat' dir='ltr'><strong>Heindorf.</strong></span> <span class='ocrx_word' id='word_1_545' title='bbox 3361 2484 3441 2550; x_wconf 97' lang='grc' dir='ltr'><strong><em>ΒΔ</em></strong></span> <span class='ocrx_word' id='word_1_546' title='bbox 3473 2484 3673 2573; x_wconf 82' lang='grc' dir='ltr'><strong>ΗίΡΡ.</strong></span> <span class='ocrx_word' id='word_1_547' title='bbox 3708 2485 3850 2572; x_wconf 90' lang='lat' dir='ltr'><strong>maj.</strong></span> <span class='ocrx_word' id='word_1_548' title='bbox 3882 2507 3947 2572; x_wconf 90' lang='lat' dir='ltr'><strong>p.</strong></span> <span class='ocrx_word' id='word_1_549' title='bbox 3979 2505 4123 2571; x_wconf 87' lang='grc'><strong>132.</strong></span> 
     </span>
    </p>

    <p class='ocr_par' dir='ltr' id='par_1_11' title="bbox 2804 2587 4476 3062">
     <span class='ocr_line' id='line_1_69' title="bbox 2890 2587 4476 2677; baseline 0.001 -24"><span class='ocrx_word' id='word_1_550' title='bbox 2890 2610 2954 2674; x_wconf 89' lang='grc' dir='ltr'><strong>Ρ.</strong></span> <span class='ocrx_word' id='word_1_551' title='bbox 2988 2609 3094 2674; x_wconf 90' lang='grc'><strong>99,</strong></span> <span class='ocrx_word' id='word_1_552' title='bbox 3123 2608 3176 2652; x_wconf 89' lang='lat'><strong>1.</strong></span> <span class='ocrx_word' id='word_1_553' title='bbox 3226 2588 3320 2652; x_wconf 85' lang='grc' dir='ltr'><strong>καὶ</strong></span> <span class='ocrx_word' id='word_1_554' title='bbox 3377 2588 3542 2653; x_wconf 81' lang='grc' dir='ltr'>ἔστιν</span> <span class='ocrx_word' id='word_1_555' title='bbox 3586 2587 4176 2677; x_wconf 78' lang='grc' dir='ltr'>αὐτοῖς-ὑπάρχειν]</span> <span class='ocrx_word' id='word_1_556' title='bbox 4231 2591 4476 2655; x_wconf 88' lang='lat' dir='ltr'><strong>Puncto</strong></span> 
     </span>
     <span class='ocr_line' id='line_1_70' title="bbox 2805 2689 4476 2771; baseline 0.002 -17"><span class='ocrx_word' id='word_1_557' title='bbox 2805 2690 3169 2771; x_wconf 88' lang='lat' dir='ltr'><strong>finiendum,</strong></span> <span class='ocrx_word' id='word_1_558' title='bbox 3219 2704 3292 2754; x_wconf 91' lang='lat' dir='ltr'><strong>ut</strong></span> <span class='ocrx_word' id='word_1_559' title='bbox 3338 2689 3633 2754; x_wconf 83' lang='lat' dir='ltr'><strong>Ficinus:</strong></span> <span class='ocrx_word' id='word_1_560' title='bbox 3694 2713 3905 2755; x_wconf 87' lang='lat' dir='ltr'><strong>sensus</strong></span> <span class='ocrx_word' id='word_1_561' title='bbox 3949 2691 4294 2756; x_wconf 83' lang='lat' dir='ltr'><strong>accuratius</strong></span> <span class='ocrx_word' id='word_1_562' title='bbox 4340 2692 4476 2757; x_wconf 88' lang='lat' dir='ltr'><strong>red-</strong></span> 
     </span>
     <span class='ocr_line' id='line_1_71' title="bbox 2807 2791 4475 2883; baseline 0.002 -27"><span class='ocrx_word' id='word_1_563' title='bbox 2807 2791 3081 2856; x_wconf 87' lang='lat' dir='ltr'><strong>dendus:</strong></span> <span class='ocrx_word' id='word_1_564' title='bbox 3129 2798 3172 2831; x_wconf 88' lang='lat'><strong>“</strong></span> <span class='ocrx_word' id='word_1_565' title='bbox 3193 2802 3253 2857; x_wconf 82' lang='lat' dir='ltr'><strong>et</strong></span> <span class='ocrx_word' id='word_1_566' title='bbox 3287 2792 3507 2857; x_wconf 75' lang='lat' dir='ltr'><strong>ltorwm</strong></span> <span class='ocrx_word' id='word_1_567' title='bbox 3527 2792 3781 2879; x_wconf 72' lang='lat' dir='ltr'><strong>judicio</strong></span> <span class='ocrx_word' id='word_1_568' title='bbox 3825 2803 3885 2858; x_wconf 82' lang='lat' dir='ltr'><strong>et</strong></span> <span class='ocrx_word' id='word_1_569' title='bbox 3918 2795 4045 2881; x_wconf 70' lang='lat' dir='ltr'><strong>ipsi</strong></span> <span class='ocrx_word' id='word_1_570' title='bbox 4080 2805 4229 2860; x_wconf 71' lang='lat' dir='ltr'><strong>sunt</strong></span> <span class='ocrx_word' id='word_1_571' title='bbox 4258 2797 4475 2883; x_wconf 73' lang='lat' dir='ltr'><strong>pulcri</strong></span> 
     </span>
     <span class='ocr_line' id='line_1_72' title="bbox 2804 2896 4475 2983; baseline 0.004 -25"><span class='ocrx_word' id='word_1_572' title='bbox 2804 2904 2864 2959; x_wconf 80' lang='lat' dir='ltr'><strong>et</strong></span> <span class='ocrx_word' id='word_1_573' title='bbox 2890 2896 3145 2982; x_wconf 74' lang='lat' dir='ltr'><strong>reliques</strong></span> <span class='ocrx_word' id='word_1_574' title='bbox 3170 2915 3292 2972; x_wconf 77' lang='lat' dir='ltr'><strong>res,</strong></span> <span class='ocrx_word' id='word_1_575' title='bbox 3322 2896 3379 2958; x_wconf 73' lang='grc' dir='ltr'><strong>εἰ</strong></span> <span class='ocrx_word' id='word_1_576' title='bbox 3405 2904 3555 2959; x_wconf 74' lang='lat' dir='ltr'><strong>sunt</strong></span> <span class='ocrx_word' id='word_1_577' title='bbox 3573 2896 3861 2959; x_wconf 71' lang='lat' dir='ltr'><strong>concinni</strong></span> <span class='ocrx_word' id='word_1_578' title='bbox 3880 2906 3940 2961; x_wconf 78' lang='lat' dir='ltr'><strong>et</strong></span> <span class='ocrx_word' id='word_1_579' title='bbox 3958 2896 4046 2959; x_wconf 82' lang='lat' dir='ltr'><strong>ad</strong></span> <span class='ocrx_word' id='word_1_580' title='bbox 4067 2898 4475 2983; x_wconf 67' lang='lat' dir='ltr'><strong>equalitatem</strong></span> 
     </span>
     <span class='ocr_line' id='line_1_73' title="bbox 2806 2997 3646 3062; baseline -0.002 0"><span class='ocrx_word' id='word_1_581' title='bbox 2806 3018 3114 3061; x_wconf 72' lang='lat' dir='ltr'><strong>mensurae</strong></span> <span class='ocrx_word' id='word_1_582' title='bbox 3139 2998 3398 3061; x_wconf 55' lang='lat' dir='ltr'><strong>exacti?</strong></span> <span class='ocrx_word' id='word_1_583' title='bbox 3425 2997 3516 3062; x_wconf 92' lang='lat' dir='ltr'><strong>D.</strong></span> <span class='ocrx_word' id='word_1_584' title='bbox 3552 2998 3646 3060; x_wconf 88' lang='lat' dir='ltr'><strong>W.</strong></span> 
     </span>
    </p>

    <p class='ocr_par' dir='ltr' id='par_1_12' title="bbox 2805 3098 4475 3473">
     <span class='ocr_line' id='line_1_74' title="bbox 2891 3098 4472 3187; baseline 0.004 -24"><span class='ocrx_word' id='word_1_585' title='bbox 2891 3135 2976 3151; x_wconf 89' lang='lat'>—</span> <span class='ocrx_word' id='word_1_586' title='bbox 3003 3120 3064 3181; x_wconf 88' lang='lat'><strong>4.</strong></span> <span class='ocrx_word' id='word_1_587' title='bbox 3108 3101 3194 3174; x_wconf 83' lang='grc' dir='ltr'>τό,</span> <span class='ocrx_word' id='word_1_588' title='bbox 3248 3124 3314 3162; x_wconf 93' lang='grc' dir='ltr'>τε</span> <span class='ocrx_word' id='word_1_589' title='bbox 3369 3100 3517 3163; x_wconf 83' lang='grc' dir='ltr'>ὅλον</span> <span class='ocrx_word' id='word_1_590' title='bbox 3574 3128 3628 3163; x_wconf 85' lang='grc' dir='ltr'><strong>κ.</strong></span> <span class='ocrx_word' id='word_1_591' title='bbox 3661 3125 3710 3162; x_wconf 87' lang='grc' dir='ltr'><strong>τ.</strong></span> <span class='ocrx_word' id='word_1_592' title='bbox 3742 3099 3837 3184; x_wconf 87' lang='grc' dir='ltr'><strong>λ.]</strong></span> <span class='ocrx_word' id='word_1_593' title='bbox 3887 3098 4019 3164; x_wconf 85' lang='lat' dir='ltr'><strong>Cic.</strong></span> <span class='ocrx_word' id='word_1_594' title='bbox 4065 3099 4271 3165; x_wconf 84' lang='lat' dir='ltr'><strong>Acad.</strong></span> <span class='ocrx_word' id='word_1_595' title='bbox 4318 3103 4376 3168; x_wconf 92' lang='lat' dir='ltr'><strong>I.</strong></span> <span class='ocrx_word' id='word_1_596' title='bbox 4407 3118 4472 3187; x_wconf 80' lang='lat'><strong>5.</strong></span> 
     </span>
     <span class='ocr_line' id='line_1_75' title="bbox 2805 3201 4475 3292; baseline 0 -25"><span class='ocrx_word' id='word_1_597' title='bbox 2805 3208 2852 3242; x_wconf 89' lang='lat'><strong>“</strong></span> <span class='ocrx_word' id='word_1_598' title='bbox 2871 3201 3164 3289; x_wconf 86' lang='lat' dir='ltr'><strong>Corporis</strong></span> <span class='ocrx_word' id='word_1_599' title='bbox 3193 3201 3314 3266; x_wconf 89' lang='lat' dir='ltr'><strong>alia</strong></span> <span class='ocrx_word' id='word_1_600' title='bbox 3339 3201 3653 3288; x_wconf 87' lang='lat' dir='ltr'><strong>ponebant</strong></span> <span class='ocrx_word' id='word_1_601' title='bbox 3679 3225 3807 3266; x_wconf 85' lang='lat' dir='ltr'><strong>esse</strong></span> <span class='ocrx_word' id='word_1_602' title='bbox 3836 3202 3897 3266; x_wconf 92' lang='lat' dir='ltr'><strong>in</strong></span> <span class='ocrx_word' id='word_1_603' title='bbox 3924 3216 4078 3283; x_wconf 91' lang='lat' dir='ltr'><strong>toto,</strong></span> <span class='ocrx_word' id='word_1_604' title='bbox 4093 3202 4215 3267; x_wconf 87' lang='lat' dir='ltr'><strong>alia</strong></span> <span class='ocrx_word' id='word_1_605' title='bbox 4241 3203 4306 3267; x_wconf 91' lang='lat' dir='ltr'><strong>in</strong></span> <span class='ocrx_word' id='word_1_606' title='bbox 4334 3227 4475 3292; x_wconf 83' lang='lat' dir='ltr'><strong>par-</strong></span> 
     </span>
     <span class='ocr_line' id='line_1_76' title="bbox 2807 3303 4475 3394; baseline 0.002 -25"><span class='ocrx_word' id='word_1_607' title='bbox 2807 3304 3013 3370; x_wconf 89' lang='lat' dir='ltr'><strong>tibus:</strong></span> <span class='ocrx_word' id='word_1_608' title='bbox 3045 3303 3485 3386; x_wconf 87' lang='lat' dir='ltr'><strong>valetudinem,</strong></span> <span class='ocrx_word' id='word_1_609' title='bbox 3504 3305 3682 3385; x_wconf 89' lang='lat' dir='ltr'><strong>vires,</strong></span> <span class='ocrx_word' id='word_1_610' title='bbox 3701 3305 4192 3394; x_wconf 68' lang='lat' dir='ltr'><strong>pulcritudinem</strong></span> <span class='ocrx_word' id='word_1_611' title='bbox 4218 3308 4289 3371; x_wconf 78' lang='lat' dir='ltr'><strong>in</strong></span> <span class='ocrx_word' id='word_1_612' title='bbox 4318 3310 4475 3374; x_wconf 81' lang='lat' dir='ltr'><strong>toto”</strong></span> 
     </span>
     <span class='ocr_line' id='line_1_77' title="bbox 2810 3410 2921 3473; baseline 0 0"><span class='ocrx_word' id='word_1_613' title='bbox 2810 3410 2921 3473; x_wconf 76' lang='grc'><strong>810.</strong></span> 
     </span>
    </p>

    <p class='ocr_par' dir='ltr' id='par_1_13' title="bbox 2804 3508 4477 4317">
     <span class='ocr_line' id='line_1_78' title="bbox 2890 3508 4477 3599; baseline 0.004 -25"><span class='ocrx_word' id='word_1_614' title='bbox 2890 3548 2979 3562; x_wconf 94' lang='grc'><strong>-</strong></span> <span class='ocrx_word' id='word_1_615' title='bbox 3000 3531 3097 3576; x_wconf 87' lang='grc'><strong>10.</strong></span> <span class='ocrx_word' id='word_1_616' title='bbox 3130 3508 3167 3592; x_wconf 81' lang='grc' dir='ltr'>ἢ</span> <span class='ocrx_word' id='word_1_617' title='bbox 3196 3513 3386 3594; x_wconf 81' lang='grc' dir='ltr'>ἄστρα</span> <span class='ocrx_word' id='word_1_618' title='bbox 3413 3514 3664 3594; x_wconf 79' lang='grc' dir='ltr'>ὁρᾶσθαι</span> <span class='ocrx_word' id='word_1_619' title='bbox 3690 3515 3769 3599; x_wconf 70' lang='grc' dir='ltr'>τῷ</span> <span class='ocrx_word' id='word_1_620' title='bbox 3801 3512 3990 3599; x_wconf 73' lang='grc' dir='ltr'>καλῷ]</span> <span class='ocrx_word' id='word_1_621' title='bbox 4014 3519 4059 3552; x_wconf 90' lang='lat'><strong>“</strong></span> <span class='ocrx_word' id='word_1_622' title='bbox 4080 3514 4368 3580; x_wconf 78' lang='lat' dir='ltr'><strong>Fortasse</strong></span> <span class='ocrx_word' id='word_1_623' title='bbox 4393 3514 4477 3580; x_wconf 86' lang='lat' dir='ltr'><strong>le-</strong></span> 
     </span>
     <span class='ocr_line' id='line_1_79' title="bbox 2804 3612 4475 3705; baseline 0.003 -28"><span class='ocrx_word' id='word_1_624' title='bbox 2804 3613 3078 3701; x_wconf 86' lang='lat' dir='ltr'><strong>gendum</strong></span> <span class='ocrx_word' id='word_1_625' title='bbox 3108 3620 3230 3682; x_wconf 82' lang='grc' dir='ltr'><strong>πῶς</strong></span> <span class='ocrx_word' id='word_1_626' title='bbox 3259 3617 3435 3693; x_wconf 70' lang='grc' dir='ltr'>καλαὶ,</span> <span class='ocrx_word' id='word_1_627' title='bbox 3460 3628 3624 3678; x_wconf 87' lang='lat' dir='ltr'><strong>astra</strong></span> <span class='ocrx_word' id='word_1_628' title='bbox 3658 3612 3954 3702; x_wconf 88' lang='lat' dir='ltr'><strong>adspectu</strong></span> <span class='ocrx_word' id='word_1_629' title='bbox 3994 3616 4308 3702; x_wconf 90' lang='lat' dir='ltr'><strong>quomodo</strong></span> <span class='ocrx_word' id='word_1_630' title='bbox 4337 3617 4475 3705; x_wconf 91' lang='lat' dir='ltr'><strong>pul-</strong></span> 
     </span>
     <span class='ocr_line' id='line_1_80' title="bbox 2805 3717 4471 3805; baseline 0.003 -25"><span class='ocrx_word' id='word_1_631' title='bbox 2805 3723 2912 3781; x_wconf 87' lang='lat' dir='ltr'><strong>&#39;cra</strong></span> <span class='ocrx_word' id='word_1_632' title='bbox 2939 3717 3138 3782; x_wconf 83' lang='lat' dir='ltr'><strong>sunt.”</strong></span> <span class='ocrx_word' id='word_1_633' title='bbox 3165 3717 3256 3780; x_wconf 92' lang='lat' dir='ltr'><strong>D.</strong></span> <span class='ocrx_word' id='word_1_634' title='bbox 3287 3718 3381 3780; x_wconf 83' lang='lat' dir='ltr'><strong>W.</strong></span> <span class='ocrx_word' id='word_1_635' title='bbox 3447 3718 3593 3804; x_wconf 86' lang='lat' dir='ltr'><strong>Ego</strong></span> <span class='ocrx_word' id='word_1_636' title='bbox 3636 3718 4011 3803; x_wconf 89' lang='lat' dir='ltr'><strong>conjeceram</strong></span> <span class='ocrx_word' id='word_1_637' title='bbox 4048 3723 4128 3805; x_wconf 73' lang='grc' dir='ltr'>τῷ</span> <span class='ocrx_word' id='word_1_638' title='bbox 4160 3720 4350 3795; x_wconf 84' lang='grc' dir='ltr'>καλά;</span> <span class='ocrx_word' id='word_1_639' title='bbox 4393 3720 4471 3785; x_wconf 88' lang='lat' dir='ltr'><strong>cf.</strong></span> 
     </span>
     <span class='ocr_line' id='line_1_81' title="bbox 2808 3817 4474 3906; baseline 0.004 -24"><span class='ocrx_word' id='word_1_640' title='bbox 2808 3818 3143 3883; x_wconf 83' lang='lat' dir='ltr'><strong>Heindorf.</strong></span> <span class='ocrx_word' id='word_1_641' title='bbox 3193 3817 3275 3882; x_wconf 89' lang='lat' dir='ltr'><strong>ad</strong></span> <span class='ocrx_word' id='word_1_642' title='bbox 3325 3817 3489 3884; x_wconf 86' lang='lat' dir='ltr'><strong>Plat.</strong></span> <span class='ocrx_word' id='word_1_643' title='bbox 3536 3817 3788 3883; x_wconf 86' lang='lat' dir='ltr'><strong>Phaedr.</strong></span> <span class='ocrx_word' id='word_1_644' title='bbox 3836 3843 3900 3906; x_wconf 93' lang='lat' dir='ltr'><strong>p.</strong></span> <span class='ocrx_word' id='word_1_645' title='bbox 3948 3837 4095 3886; x_wconf 88' lang='lat'><strong>221.</strong></span> <span class='ocrx_word' id='word_1_646' title='bbox 4163 3823 4474 3888; x_wconf 84' lang='lat' dir='ltr'><strong>Caeterum</strong></span> 
     </span>
     <span class='ocr_line' id='line_1_82' title="bbox 2805 3919 4473 4012; baseline 0.004 -28"><span class='ocrx_word' id='word_1_647' title='bbox 2805 3919 2906 3985; x_wconf 93' lang='lat' dir='ltr'><strong>hic</strong></span> <span class='ocrx_word' id='word_1_648' title='bbox 2946 3919 3117 3985; x_wconf 90' lang='lat' dir='ltr'><strong>locus</strong></span> <span class='ocrx_word' id='word_1_649' title='bbox 3158 3920 3448 3986; x_wconf 85' lang='lat' dir='ltr'><strong>admonet</strong></span> <span class='ocrx_word' id='word_1_650' title='bbox 3490 3920 3726 3986; x_wconf 85' lang='lat' dir='ltr'><strong>exordii</strong></span> <span class='ocrx_word' id='word_1_651' title='bbox 3769 3920 4080 3987; x_wconf 87' lang='lat' dir='ltr'><strong>Pindarici</strong></span> <span class='ocrx_word' id='word_1_652' title='bbox 4120 3922 4375 4012; x_wconf 88' lang='lat' dir='ltr'><strong>Olymp.</strong></span> <span class='ocrx_word' id='word_1_653' title='bbox 4411 3926 4473 3990; x_wconf 92' lang='lat'><strong>1.</strong></span> 
     </span>
     <span class='ocr_line' id='line_1_83' title="bbox 2808 4022 4471 4113; baseline 0.002 -25"><span class='ocrx_word' id='word_1_654' title='bbox 2808 4022 3022 4088; x_wconf 85' lang='lat' dir='ltr'><strong>Cicero</strong></span> <span class='ocrx_word' id='word_1_655' title='bbox 3069 4024 3134 4087; x_wconf 88' lang='lat' dir='ltr'><strong>in</strong></span> <span class='ocrx_word' id='word_1_656' title='bbox 3185 4023 3524 4088; x_wconf 86' lang='lat' dir='ltr'><strong>Hortensio</strong></span> <span class='ocrx_word' id='word_1_657' title='bbox 3573 4045 3671 4110; x_wconf 90' lang='lat' dir='ltr'><strong>ap.</strong></span> <span class='ocrx_word' id='word_1_658' title='bbox 3725 4023 3999 4088; x_wconf 89' lang='lat' dir='ltr'><strong>Nonium</strong></span> <span class='ocrx_word' id='word_1_659' title='bbox 4045 4024 4109 4088; x_wconf 90' lang='lat' dir='ltr'><strong>in</strong></span> <span class='ocrx_word' id='word_1_660' title='bbox 4158 4036 4435 4113; x_wconf 70' lang='lat' dir='ltr'><strong>spectare</strong></span> <span class='ocrx_word' id='word_1_661' title='bbox 4449 4053 4471 4092; x_wconf 93' lang='lat'><strong>.·</strong></span> 
     </span>
     <span class='ocr_line' id='line_1_84' title="bbox 2807 4124 4477 4213; baseline 0.002 -23"><span class='ocrx_word' id='word_1_662' title='bbox 2807 4132 2852 4164; x_wconf 79' lang='lat'><strong>‘⁶</strong></span> <span class='ocrx_word' id='word_1_663' title='bbox 2878 4125 3038 4190; x_wconf 90' lang='lat' dir='ltr'><strong>Coeli</strong></span> <span class='ocrx_word' id='word_1_664' title='bbox 3067 4126 3382 4213; x_wconf 83' lang='lat' dir='ltr'><strong>signorum</strong></span> <span class='ocrx_word' id='word_1_665' title='bbox 3410 4124 3833 4190; x_wconf 85' lang='lat' dir='ltr'><strong>admirabilem</strong></span> <span class='ocrx_word' id='word_1_666' title='bbox 3853 4125 4129 4190; x_wconf 87' lang='lat' dir='ltr'><strong>ordinem</strong></span> <span class='ocrx_word' id='word_1_667' title='bbox 4150 4129 4477 4194; x_wconf 70' lang='lat' dir='ltr'><strong>insatiabi-</strong></span> 
     </span>
     <span class='ocr_line' id='line_1_85' title="bbox 2805 4228 4126 4317; baseline -0.001 -25"><span class='ocrx_word' id='word_1_668' title='bbox 2805 4229 3036 4317; x_wconf 76' lang='lat' dir='ltr'><strong>lemque</strong></span> <span class='ocrx_word' id='word_1_669' title='bbox 3051 4228 3544 4316; x_wconf 74' lang='lat' dir='ltr'><strong>pulcritudinem</strong></span> <span class='ocrx_word' id='word_1_670' title='bbox 3570 4228 3767 4315; x_wconf 86' lang='lat' dir='ltr'><strong>magis</strong></span> <span class='ocrx_word' id='word_1_671' title='bbox 3794 4230 4126 4316; x_wconf 81' lang='lat' dir='ltr'><strong>spectant.”</strong></span> 
     </span>
    </p>

    <p class='ocr_par' dir='ltr' id='par_1_14' title="bbox 2804 4330 4475 5032">
     <span class='ocr_line' id='line_1_86' title="bbox 2890 4330 4473 4420; baseline 0.003 -26"><span class='ocrx_word' id='word_1_672' title='bbox 2890 4348 3098 4395; x_wconf 86' lang='lat'><strong>—12.</strong></span> <span class='ocrx_word' id='word_1_673' title='bbox 3129 4330 3377 4395; x_wconf 81' lang='grc' dir='ltr'>ἑκάστου</span> <span class='ocrx_word' id='word_1_674' title='bbox 3420 4332 3720 4420; x_wconf 81' lang='grc' dir='ltr'>φθόγγου]</span> <span class='ocrx_word' id='word_1_675' title='bbox 3764 4330 4166 4396; x_wconf 82' lang='lat' dir='ltr'><strong>Aristoxenus</strong></span> <span class='ocrx_word' id='word_1_676' title='bbox 4213 4332 4277 4396; x_wconf 86' lang='lat' dir='ltr'><strong>in</strong></span> <span class='ocrx_word' id='word_1_677' title='bbox 4320 4333 4473 4399; x_wconf 84' lang='lat' dir='ltr'><strong>Ele·</strong></span> 
     </span>
     <span class='ocr_line' id='line_1_87' title="bbox 2806 4431 4475 4520; baseline 0.003 -23"><span class='ocrx_word' id='word_1_678' title='bbox 2806 4446 3024 4497; x_wconf 91' lang='lat' dir='ltr'><strong>mentt.</strong></span> <span class='ocrx_word' id='word_1_679' title='bbox 3069 4433 3347 4497; x_wconf 88' lang='lat' dir='ltr'><strong>harmon.</strong></span> <span class='ocrx_word' id='word_1_680' title='bbox 3391 4431 3497 4497; x_wconf 89' lang='lat' dir='ltr'><strong>lib.</strong></span> <span class='ocrx_word' id='word_1_681' title='bbox 3536 4434 3589 4497; x_wconf 95' lang='lat' dir='ltr'><strong>I.</strong></span> <span class='ocrx_word' id='word_1_682' title='bbox 3618 4456 3683 4520; x_wconf 93' lang='lat' dir='ltr'><strong>p.</strong></span> <span class='ocrx_word' id='word_1_683' title='bbox 3716 4452 3829 4517; x_wconf 88' lang='lat'><strong>15:</strong></span> <span class='ocrx_word' id='word_1_684' title='bbox 3879 4438 4077 4516; x_wconf 84' lang='grc' dir='ltr'>φωνῆς</span> <span class='ocrx_word' id='word_1_685' title='bbox 4115 4441 4334 4505; x_wconf 79' lang='grc' dir='ltr'>πτῶσις</span> <span class='ocrx_word' id='word_1_686' title='bbox 4377 4438 4475 4502; x_wconf 76' lang='grc' dir='ltr'><strong>ἐπὶ</strong></span> 
     </span>
     <span class='ocr_line' id='line_1_88' title="bbox 2804 4534 4473 4618; baseline 0.003 -19"><span class='ocrx_word' id='word_1_687' title='bbox 2804 4536 2948 4616; x_wconf 83' lang='grc' dir='ltr'>μίαν</span> <span class='ocrx_word' id='word_1_688' title='bbox 2972 4534 3146 4599; x_wconf 81' lang='grc' dir='ltr'>τάσιν</span> <span class='ocrx_word' id='word_1_689' title='bbox 3175 4535 3339 4599; x_wconf 76' lang='grc' dir='ltr'>ἐστὶν</span> <span class='ocrx_word' id='word_1_690' title='bbox 3361 4537 3394 4598; x_wconf 84' lang='grc' dir='ltr'>ὁ</span> <span class='ocrx_word' id='word_1_691' title='bbox 3417 4537 3682 4618; x_wconf 86' lang='grc' dir='ltr'>φθόγγος</span> <span class='ocrx_word' id='word_1_692' title='bbox 3702 4560 3717 4599; x_wconf 84' lang='lat'>:</span> <span class='ocrx_word' id='word_1_693' title='bbox 3761 4537 3929 4601; x_wconf 71' lang='lat' dir='ltr'><strong>Vocis</strong></span> <span class='ocrx_word' id='word_1_694' title='bbox 3944 4558 4127 4602; x_wconf 63' lang='lat' dir='ltr'><strong>camec</strong></span> <span class='ocrx_word' id='word_1_695' title='bbox 4147 4539 4262 4604; x_wconf 67' lang='lat' dir='ltr'><strong>sub</strong></span> <span class='ocrx_word' id='word_1_696' title='bbox 4279 4562 4473 4604; x_wconf 74' lang='lat' dir='ltr'><strong>unam</strong></span> 
     </span>
     <span class='ocr_line' id='line_1_89' title="bbox 2804 4638 4475 4722; baseline 0.004 -21"><span class='ocrx_word' id='word_1_697' title='bbox 2804 4640 3209 4703; x_wconf 72' lang='lat' dir='ltr'><strong>intensionem</strong></span> <span class='ocrx_word' id='word_1_698' title='bbox 3257 4646 3348 4701; x_wconf 78' lang='lat' dir='ltr'><strong>est</strong></span> <span class='ocrx_word' id='word_1_699' title='bbox 3386 4659 3596 4702; x_wconf 77' lang='lat' dir='ltr'><strong>sonus.</strong></span> <span class='ocrx_word' id='word_1_700' title='bbox 3689 4639 3914 4702; x_wconf 85' lang='lat' dir='ltr'><strong>Sextus</strong></span> <span class='ocrx_word' id='word_1_701' title='bbox 3963 4638 4152 4704; x_wconf 87' lang='lat' dir='ltr'><strong>habet</strong></span> <span class='ocrx_word' id='word_1_702' title='bbox 4191 4643 4475 4722; x_wconf 73' lang='grc' dir='ltr'>ἐμμελοῦς</span> 
     </span>
     <span class='ocr_line' id='line_1_90' title="bbox 2807 4738 4473 4827; baseline 0.001 -20"><span class='ocrx_word' id='word_1_703' title='bbox 2807 4745 3005 4823; x_wconf 81' lang='grc' dir='ltr'>φωνῆς</span> <span class='ocrx_word' id='word_1_704' title='bbox 3031 4754 3094 4804; x_wconf 92' lang='lat' dir='ltr'><strong>et</strong></span> <span class='ocrx_word' id='word_1_705' title='bbox 3124 4738 3484 4804; x_wconf 86' lang='lat' dir='ltr'><strong>Marcianus</strong></span> <span class='ocrx_word' id='word_1_706' title='bbox 3530 4739 3787 4827; x_wconf 87' lang='lat' dir='ltr'><strong>Capella</strong></span> <span class='ocrx_word' id='word_1_707' title='bbox 3820 4739 3929 4805; x_wconf 91' lang='lat' dir='ltr'><strong>lib.</strong></span> <span class='ocrx_word' id='word_1_708' title='bbox 3960 4762 4021 4827; x_wconf 95' lang='lat'><strong>9.</strong></span> <span class='ocrx_word' id='word_1_709' title='bbox 4057 4743 4223 4808; x_wconf 84' lang='lat' dir='ltr'><strong>vocis</strong></span> <span class='ocrx_word' id='word_1_710' title='bbox 4262 4743 4473 4808; x_wconf 74' lang='lat' dir='ltr'><strong>modu-</strong></span> 
     </span>
     <span class='ocr_line' id='line_1_91' title="bbox 2804 4840 4463 4930; baseline 0.002 -23"><span class='ocrx_word' id='word_1_711' title='bbox 2804 4843 2967 4908; x_wconf 75' lang='lat' dir='ltr'><strong>latae.</strong></span> <span class='ocrx_word' id='word_1_712' title='bbox 3015 4841 3159 4908; x_wconf 92' lang='lat' dir='ltr'><strong>Vid.</strong></span> <span class='ocrx_word' id='word_1_713' title='bbox 3193 4840 3441 4907; x_wconf 88' lang='lat' dir='ltr'><strong>Fabric.</strong></span> <span class='ocrx_word' id='word_1_714' title='bbox 3481 4841 3561 4906; x_wconf 89' lang='lat' dir='ltr'><strong>ad</strong></span> <span class='ocrx_word' id='word_1_715' title='bbox 3611 4843 3778 4907; x_wconf 83' lang='lat' dir='ltr'><strong>Sext.</strong></span> <span class='ocrx_word' id='word_1_716' title='bbox 3810 4842 4050 4930; x_wconf 88' lang='lat' dir='ltr'><strong>Empir.</strong></span> <span class='ocrx_word' id='word_1_717' title='bbox 4081 4844 4223 4909; x_wconf 83' lang='lat' dir='ltr'><strong>adv.</strong></span> <span class='ocrx_word' id='word_1_718' title='bbox 4257 4844 4463 4910; x_wconf 81' lang='lat' dir='ltr'><strong>Math.</strong></span> 
     </span>
     <span class='ocr_line' id='line_1_92' title="bbox 2806 4945 3331 5032; baseline -0.002 -24"><span class='ocrx_word' id='word_1_719' title='bbox 2806 4945 2924 5009; x_wconf 92' lang='lat' dir='ltr'><strong>VI.</strong></span> <span class='ocrx_word' id='word_1_720' title='bbox 2950 4964 3060 5026; x_wconf 83' lang='lat'><strong>42.</strong></span> <span class='ocrx_word' id='word_1_721' title='bbox 3090 4968 3154 5032; x_wconf 90' lang='lat' dir='ltr'><strong>p.</strong></span> <span class='ocrx_word' id='word_1_722' title='bbox 3185 4947 3331 5030; x_wconf 90' lang='grc'><strong>365.</strong></span> 
     </span>
    </p>

    <p class='ocr_par' dir='ltr' id='par_1_15' title="bbox 2804 5044 4475 5648">
     <span class='ocr_line' id='line_1_93' title="bbox 2888 5044 4468 5140; baseline 0.002 -30"><span class='ocrx_word' id='word_1_723' title='bbox 2888 5083 2977 5097; x_wconf 94' lang='grc'><strong>-</strong></span> <span class='ocrx_word' id='word_1_724' title='bbox 3004 5067 3101 5128; x_wconf 90' lang='grc'><strong>14.</strong></span> <span class='ocrx_word' id='word_1_725' title='bbox 3126 5053 3246 5115; x_wconf 77' lang='grc' dir='ltr'><strong>πῶς</strong></span> <span class='ocrx_word' id='word_1_726' title='bbox 3273 5046 3378 5110; x_wconf 77' lang='grc' dir='ltr'><strong>οὐκ</strong></span> <span class='ocrx_word' id='word_1_727' title='bbox 3406 5046 3559 5110; x_wconf 78' lang='grc' dir='ltr'>ἄλλο</span> <span class='ocrx_word' id='word_1_728' title='bbox 3583 5051 3676 5111; x_wconf 87' lang='grc' dir='ltr'><strong>δεῖ</strong></span> <span class='ocrx_word' id='word_1_729' title='bbox 3699 5047 3795 5111; x_wconf 72' lang='grc' dir='ltr'><strong>ἐπὶ</strong></span> <span class='ocrx_word' id='word_1_730' title='bbox 3816 5050 3895 5134; x_wconf 73' lang='grc' dir='ltr'>τῷ</span> <span class='ocrx_word' id='word_1_731' title='bbox 3923 5044 4225 5134; x_wconf 74' lang='grc' dir='ltr'>συμμέτρῳ</span> <span class='ocrx_word' id='word_1_732' title='bbox 4250 5075 4299 5113; x_wconf 67' lang='grc' dir='ltr'><strong>κ.</strong></span> <span class='ocrx_word' id='word_1_733' title='bbox 4313 5075 4365 5113; x_wconf 89' lang='grc' dir='ltr'><strong>τ.</strong></span> <span class='ocrx_word' id='word_1_734' title='bbox 4376 5052 4468 5140; x_wconf 89' lang='grc' dir='ltr'><strong>λ.]</strong></span> 
     </span>
     <span class='ocr_line' id='line_1_94' title="bbox 2806 5146 4474 5236; baseline 0.003 -24"><span class='ocrx_word' id='word_1_735' title='bbox 2806 5155 2854 5187; x_wconf 90' lang='lat'><strong>“</strong></span> <span class='ocrx_word' id='word_1_736' title='bbox 2881 5149 3105 5213; x_wconf 90' lang='lat' dir='ltr'><strong>Nonne</strong></span> <span class='ocrx_word' id='word_1_737' title='bbox 3132 5147 3302 5213; x_wconf 87' lang='lat' dir='ltr'><strong>aliud</strong></span> <span class='ocrx_word' id='word_1_738' title='bbox 3330 5146 3394 5211; x_wconf 90' lang='lat' dir='ltr'><strong>in</strong></span> <span class='ocrx_word' id='word_1_739' title='bbox 3423 5170 3491 5212; x_wconf 80' lang='lat' dir='ltr'><strong>eo</strong></span> <span class='ocrx_word' id='word_1_740' title='bbox 3527 5149 3691 5236; x_wconf 80' lang='lat' dir='ltr'><strong>quod</strong></span> <span class='ocrx_word' id='word_1_741' title='bbox 3725 5163 4280 5215; x_wconf 86' lang='lat' dir='ltr'><strong>commensuratum</strong></span> <span class='ocrx_word' id='word_1_742' title='bbox 4325 5156 4474 5219; x_wconf 84' lang='lat' dir='ltr'><strong>est.”</strong></span> 
     </span>
     <span class='ocr_line' id='line_1_95' title="bbox 2806 5249 4475 5342; baseline 0.004 -27"><span class='ocrx_word' id='word_1_743' title='bbox 2806 5250 3004 5316; x_wconf 87' lang='lat' dir='ltr'><strong>Ficin.</strong></span> <span class='ocrx_word' id='word_1_744' title='bbox 3058 5249 3488 5318; x_wconf 85' lang='lat' dir='ltr'><strong>Crediderim:</strong></span> <span class='ocrx_word' id='word_1_745' title='bbox 3558 5259 3606 5290; x_wconf 88' lang='lat'><strong>“</strong></span> <span class='ocrx_word' id='word_1_746' title='bbox 3632 5251 3867 5330; x_wconf 83' lang='lat' dir='ltr'><strong>Quidni</strong></span> <span class='ocrx_word' id='word_1_747' title='bbox 3915 5250 4086 5315; x_wconf 88' lang='lat' dir='ltr'><strong>aliud</strong></span> <span class='ocrx_word' id='word_1_748' title='bbox 4121 5264 4363 5342; x_wconf 79' lang='lat' dir='ltr'><strong>proeter</strong></span> <span class='ocrx_word' id='word_1_749' title='bbox 4405 5257 4475 5321; x_wconf 69' lang='lat' dir='ltr'><strong>id</strong></span> 
     </span>
     <span class='ocr_line' id='line_1_96' title="bbox 2804 5352 4474 5445; baseline 0.005 -29"><span class='ocrx_word' id='word_1_750' title='bbox 2804 5352 2974 5441; x_wconf 93' lang='lat' dir='ltr'><strong>quod</strong></span> <span class='ocrx_word' id='word_1_751' title='bbox 3003 5370 3560 5419; x_wconf 87' lang='lat' dir='ltr'><strong>commensuratum</strong></span> <span class='ocrx_word' id='word_1_752' title='bbox 3589 5368 3702 5434; x_wconf 90' lang='lat' dir='ltr'><strong>est,</strong></span> <span class='ocrx_word' id='word_1_753' title='bbox 3721 5353 4200 5442; x_wconf 86' lang='lat' dir='ltr'><strong>pulcritudinem</strong></span> <span class='ocrx_word' id='word_1_754' title='bbox 4229 5372 4474 5445; x_wconf 87' lang='lat' dir='ltr'><strong>oportet</strong></span> 
     </span>
     <span class='ocr_line' id='line_1_97' title="bbox 2805 5455 4473 5545; baseline 0.005 -25"><span class='ocrx_word' id='word_1_755' title='bbox 2805 5455 3064 5522; x_wconf 83' lang='lat' dir='ltr'><strong>dicere.&#39;&#39;</strong></span> <span class='ocrx_word' id='word_1_756' title='bbox 3152 5458 3254 5521; x_wconf 91' lang='lat' dir='ltr'><strong>Ita</strong></span> <span class='ocrx_word' id='word_1_757' title='bbox 3308 5479 3559 5545; x_wconf 86' lang='lat' dir='ltr'><strong>quoque</strong></span> <span class='ocrx_word' id='word_1_758' title='bbox 3615 5456 4021 5544; x_wconf 84' lang='lat' dir='ltr'><strong>Engelhardt.</strong></span> <span class='ocrx_word' id='word_1_759' title='bbox 4096 5457 4235 5523; x_wconf 91' lang='lat' dir='ltr'><strong>Vid.</strong></span> <span class='ocrx_word' id='word_1_760' title='bbox 4288 5461 4473 5528; x_wconf 91' lang='lat' dir='ltr'><strong>modo</strong></span> 
     </span>
     <span class='ocr_line' id='line_1_98' title="bbox 2808 5558 4258 5648; baseline 0.001 -25"><span class='ocrx_word' id='word_1_761' title='bbox 2808 5558 3018 5646; x_wconf 76' lang='lat' dir='ltr'><strong>Viget.</strong></span> <span class='ocrx_word' id='word_1_762' title='bbox 3047 5558 3127 5624; x_wconf 89' lang='lat' dir='ltr'><strong>de</strong></span> <span class='ocrx_word' id='word_1_763' title='bbox 3159 5558 3464 5625; x_wconf 83' lang='lat' dir='ltr'><strong>Idiotism.</strong></span> <span class='ocrx_word' id='word_1_764' title='bbox 3496 5559 3631 5623; x_wconf 87' lang='lat' dir='ltr'><strong>IX.</strong></span> <span class='ocrx_word' id='word_1_765' title='bbox 3662 5578 3726 5639; x_wconf 86' lang='lat'><strong>4.</strong></span> <span class='ocrx_word' id='word_1_766' title='bbox 3765 5578 3862 5644; x_wconf 90' lang='grc'><strong>13.</strong></span> <span class='ocrx_word' id='word_1_767' title='bbox 3889 5581 3953 5647; x_wconf 88' lang='grc' dir='ltr'><strong>Ρ.</strong></span> <span class='ocrx_word' id='word_1_768' title='bbox 3985 5562 4129 5626; x_wconf 90' lang='grc'><strong>620.</strong></span> <span class='ocrx_word' id='word_1_769' title='bbox 4164 5583 4258 5648; x_wconf 82' lang='lat' dir='ltr'><strong>sq.</strong></span> 
     </span>
    </p>
   </div>
   <div class='ocr_carea' id='block_1_6' title="bbox 5096 3458 5103 4100">
    <p class='ocr_par' dir='ltr' id='par_1_16' title="bbox 5096 3458 5103 4100">
     <span class='ocr_line' id='line_1_99' title="bbox 5096 3458 5103 4100; baseline 0 0"><span class='ocrx_word' id='word_1_770' title='bbox 5096 3458 5103 4100; x_wconf 95' lang='lat' dir='ltr'><strong> </strong></span> 
     </span>
    </p>
   </div>
   <div class='ocr_carea' id='block_1_7' title="bbox 5096 4327 5104 5573">
    <p class='ocr_par' dir='ltr' id='par_1_17' title="bbox 5096 4327 5104 5573">
     <span class='ocr_line' id='line_1_100' title="bbox 5096 4327 5104 5573; baseline 0 0"><span class='ocrx_word' id='word_1_771' title='bbox 5096 4327 5104 5573; x_wconf 95' lang='lat' dir='ltr'><strong> </strong></span> 
     </span>
    </p>
   </div>
  </div>
 </body>
</html>
