5118 6613
1297 558 1505 623 ΜΒ.
1551 558 1692 624 lx,
1738 558 2207 624 ENNEAD.
2256 558 2787 624 SECUNDAE.
2825 580 2889 645 p.
2919 558 3281 645 359-364.

542 734 778 800 ταύτόν.
870 732 938 798 Si
980 730 1145 797 enim
1182 727 1570 818 intelligibile
1597 745 1660 796 et
1703 753 1878 796 mens
1914 730 2076 796 idem
2118 744 2232 808 est,

540 837 726 904 etiam
767 837 972 924 ipsum
999 858 1130 901 esse
1164 833 1658 921 uniuscujusque
1699 834 1866 899 idem
1909 848 2005 899 est
2043 849 2235 920 atque

539 938 970 1028 intelligentia,
999 961 1146 1026 quae
1174 951 1268 1002 est
1294 936 1358 1001 in
1387 936 1544 1025 ipso.

626 1068 690 1132 p.
712 1047 866 1130 362,
892 1065 944 1108 1.
977 1046 1179 1127 ψυχῆς
1206 1042 1272 1106 δὲ
1298 1042 1460 1121 ἡμῶν
1487 1039 1555 1104 τὸ
1583 1042 1697 1121 μὲν
1725 1041 1852 1124 aec]
1884 1041 2081 1104 Recte
2102 1039 2168 1104 h.
2187 1038 2228 1104 l.

542 1147 784 1236 Taylor
815 1145 1020 1212 Procli
1052 1145 1347 1210 admonet
1385 1144 1493 1231 qui
1529 1143 1593 1207 in
1638 1144 1799 1208 Inst.
1832 1142 2062 1208 Theol.
2093 1166 2227 1230 cap.

541 1249 658 1315 ult.
724 1250 814 1335 (p.
866 1251 1233 1335 314—316.
1286 1245 1386 1310 ed.
1441 1249 1663 1330 nostr.)
1755 1243 2006 1309 Plotino
2061 1245 2233 1310 oblo-

541 1376 740 1442 quens
768 1353 888 1417 ita:
936 1356 1104 1416 πᾶσα
1124 1350 1328 1432 μερικῆ
1349 1349 1537 1433 ψυχὴ,
1559 1353 1842 1413 κατιοῦσα
1863 1352 1946 1416 εἰς
1964 1348 2228 1431 γένεσιν,

540 1459 653 1537 ὅλη
693 1455 941 1534 κάτεισι,
973 1454 1070 1519 καὶ
1106 1455 1176 1519 οὐ
1212 1452 1281 1516 τὸ
1317 1453 1432 1532 μὲν
1476 1451 1651 1531 αὐτῆς
1681 1453 1804 1516 ἄνω
1845 1450 2031 1532 μένει,
2063 1451 2131 1515 τὸ
2167 1454 2231 1516 δὲ

542 1559 768 1624 κάτεισι
797 1586 849 1623 κ.
871 1583 921 1621 τ.
941 1566 1002 1621 λ.
1074 1553 1344 1642 Anglice
1369 1553 1574 1618 locum
1604 1552 1918 1640 integrum
1947 1552 2232 1618 exhibuit

539 1662 762 1727 doctus
788 1661 1150 1737 BritannuS,
1167 1680 1356 1745 quem
1386 1656 1573 1721 modo
1600 1654 1873 1721 laudavi.
1935 1657 2081 1743 Ego
2107 1656 2170 1721 h.
2189 1654 2229 1720 l.

539 1764 833 1852 quoniam
865 1777 1077 1829 nostra
1105 1759 1313 1826 Procli
1341 1758 1534 1825 editio
1561 1782 1686 1824 non
1715 1758 2006 1823 omnibus
2039 1757 2230 1824 lecto-

538 1868 712 1934 ribus
759 1866 992 1932 Plotini
1035 1864 1114 1930 ad
1163 1886 1383 1928 manus
1423 1886 1555 1927 esse
1603 1861 1818 1950 possit,
1862 1860 2230 1939 adscribam,

539 1996 686 2060 quae
712 1970 799 2035 ibi
833 1968 1130 2058 adposui:
1182 1978 1226 2008 “
1259 1969 1361 2032 De
1398 1966 1622 2031 animae
1660 1966 1958 2030 descensu
1996 1965 2060 2030 in
2098 1989 2230 2030 cor-

540 2094 695 2161 pora
714 2070 816 2135 alii
836 2069 958 2135 alia
977 2068 1388 2135 tradiderunt.
1447 2069 1582 2133 Nec
1603 2067 1721 2155 ipsi
1746 2067 2048 2131 Platonici
2068 2067 2230 2133 inter

540 2199 605 2240 se
625 2176 1005 2240 consensere.
1028 2170 1203 2257 (vid.
1226 2169 1459 2236 Stobaei
1479 2170 1702 2257 Eclog.
1725 2171 1780 2235 1.
1805 2194 1858 2235 c.
1871 2188 1976 2255 52.
1996 2194 2059 2259 p.
2076 2190 2224 2256 902.

539 2301 675 2366 sqq.
701 2278 847 2363 908.
873 2300 1009 2363 sqq.
1036 2289 1099 2340 et
1115 2273 1688 2363 cf.Wyttenbachii
1709 2296 1852 2338 ann.
1879 2272 1956 2337 ad
1980 2273 2227 2337 Platon.

540 2380 846 2446 Phaedon.
888 2402 955 2467 p.
1003 2396 1149 2444 210.
1193 2381 1391 2465 sqq.).
1480 2377 1559 2440 In
1607 2399 1736 2463 quo
1784 2375 2062 2440 dissensu
2106 2375 2230 2441 fuit

535 2485 719 2550 etiam
758 2482 939 2562 illud,
967 2481 1138 2572 quod
1179 2481 1282 2546 alii
1323 2481 1588 2546 animam
1636 2479 2091 2546 contendebant
2129 2491 2223 2544 to·

537 2602 661 2653 tam
690 2586 1101 2652 descendere:
1148 2583 1252 2650 alii
1280 2585 1614 2673 negabant.
1703 2584 1998 2648 Hermias
2035 2586 2223 2649 Com·

534 2707 728 2758 ment.
771 2690 836 2755 in
884 2688 1163 2755 Platonis
1208 2688 1453 2754 Phaedr.
1499 2695 1553 2753 ὁ.
1589 2688 1689 2755 28.
1737 2712 1801 2774 p.
1832 2706 1972 2771 147.
2020 2686 2219 2762 Astii:

534 2795 749 2876 λάβοις
776 2793 824 2860 δ’
854 2791 931 2858 ἂν
961 2795 1255 2866 ἐντεῦθεν,
1280 2793 1371 2856 ὅτι
1392 2794 1541 2856 κατὰ
1568 2790 1872 2855 Πλάτωνα
1898 2795 2065 2855 πᾶσα
2095 2789 2228 2855 κάτ-

536 2923 653 2963 εισι
695 2898 731 2978 ἡ
776 2895 1128 2979 ψυχὴ-καὶ
1169 2894 1301 2978 οὐχ,
1334 2895 1410 2962 ὥς
1448 2902 1601 2977 φησι
1643 2898 1969 2967 Πλωτῖνος,
2000 2892 2070 2956 τὸ
2111 2896 2226 2974 μὲν

533 3001 709 3080 αὐτῆς
739 2997 986 3076 κάτεισι,
1015 2998 1083 3062 τὸ
1113 3000 1178 3063 δὲ
1212 2996 1381 3077 μένει
1415 2998 1558 3061 ἄνω.
1652 2995 1841 3059 Vides
1881 2994 2075 3082 igitur
2110 2994 2226 3060 hac

530 3102 596 3168 in
624 3125 693 3167 re
725 3101 1047 3166 Platonem
1079 3100 1240 3165 inter
1266 3116 1457 3187 atque
1488 3098 1807 3164 Plotinum
1839 3120 1963 3163 non
1998 3121 2223 3163 conve-

531 3206 712 3271 nisse.
802 3207 913 3269 Tu
955 3205 1169 3269 confer
1209 3203 1440 3268 Plotin.
1475 3226 1542 3291 p.
1571 3205 1720 3285 416.
1752 3206 1837 3266 A.
1869 3217 1932 3267 et
1970 3201 2223 3291 passim.

534 3312 699 3377 Cum
734 3308 998 3373 Platone
1025 3323 1231 3374 autem
1262 3308 1412 3374 facit
1435 3305 1717 3385 ProcluS,
1739 3320 1813 3371 ut
1839 3329 1919 3370 ex
1949 3305 2069 3371 hoc
2088 3304 2226 3393 ipso

532 3410 667 3477 loco
696 3409 1085 3499 intelligitur.
1159 3413 1395 3476 Contra
1425 3409 1793 3475 Damascius
1821 3408 2055 3473 Plotini
2085 3431 2222 3473 sen-

534 3515 788 3580 tentiam
832 3529 966 3579 erat
1001 3513 1346 3601 amplexus.
1439 3515 1545 3579 Ita
1583 3513 1747 3578 enim
1795 3511 1900 3578 ille
1942 3512 2005 3576 in
2048 3535 2220 3576 com-

533 3634 794 3685 mentar.
819 3618 968 3682 MS.
998 3616 1062 3681 in
1096 3616 1344 3681 Platon.
1364 3617 1723 3683 Parmenid.
1757 3616 1820 3680 in
1854 3615 2008 3681 Cod.
2037 3618 2218 3681 Mon.

530 3721 638 3786 fol.
670 3720 822 3808 308.
867 3742 1022 3784 vers.
1072 3721 1228 3785 ὥστε
1271 3720 1549 3800 ἀληθινὸς
1591 3722 1625 3784 ὁ
1670 3721 1985 3784 Πλωτίνου
2015 3720 2218 3802 λόγος,

533 3828 609 3894 ὃς
634 3826 706 3889 οὗ
732 3829 903 3888 πᾶσα
936 3823 1199 3888 κάτεισιν
1224 3823 1262 3904 ἤ
1289 3822 1459 3906 ψυχή
1490 3851 1544 3887 κ.
1560 3849 1616 3887 τ.
1636 3831 1702 3887 λ.
1787 3822 1999 3887 Etiam
2043 3822 2216 3887 Iam-

530 3924 775 3991 blichus
805 3928 873 3989 ἐν
899 3928 980 4012 τῷ
1008 3926 1161 4007 Περὶ
1187 3928 1387 4009 ψυχῆς
1411 3922 1908 4005 μεταναστάσεως
1944 3924 2061 3989 ἀπὸ
2100 3926 2218 3990 σῶ-

530 4055 713 4110 ματος
741 4050 937 4093 unum
964 4051 1166 4115 genus
1192 4026 1538 4093 animarum
1568 4040 1893 4115 posuerat:
1942 4030 2091 4110 ὅπερ
2127 4028 2222 4092 καὶ

535 4133 734 4198 κατιὸν
763 4135 845 4200 εἰς
872 4130 1116 4213 γένεσιν
1144 4132 1298 4213 ὅμως
1325 4131 1395 4196 οὐ
1425 4130 1687 4196 κάτεισιν
1716 4146 1789 4195 ut
1815 4129 2044 4195 ibidem
2074 4154 2221 4219 pro·

532 4235 627 4301 dit
655 4234 1024 4300 Damascius
1055 4233 1166 4298 fol.
1194 4254 1271 4320 31
1290 4254 1344 4299 1.
1377 4235 1571 4299 vers.''

615 4376 703 4389 —
732 4359 830 4404 12.
863 4339 958 4402 καὶ
986 4339 1188 4420 ὥσπερ
1209 4337 2088 4427 ἐλλάμπουσα-ἐλλάμπεται]
2116 4337 2218 4403 Cf.

537 4445 592 4508 Ι.
633 4463 688 4507 1.
722 4445 784 4506 8.
814 4441 964 4529 ibiq.
998 4442 1230 4507 Annot.
1276 4464 1340 4529 p.
1374 4458 1437 4528 5.
1472 4443 1553 4507 B.
1643 4440 1827 4506 Adde
1861 4442 1943 4506 ad
1987 4441 2122 4507 haec
2159 4458 2224 4507 et

529 4544 850 4633 sequentia
892 4543 1206 4610 Damascii
1247 4543 1312 4608 in
1360 4544 1633 4610 Platonis
1677 4545 2109 4612 Parmenidem
2154 4570 2220 4633 p.

530 4669 679 4735 314.
708 4647 811 4712 ed.
846 4648 1060 4736 Kopp.
1098 4649 1283 4728 Διττὴ
1323 4649 1419 4713 καὶ
1456 4649 1779 4741 ἔλλαμψις,
1807 4651 1845 4730 ἡ
1877 4651 1991 4730 μὲν
2029 4653 2222 4730 ἀπῃω-

529 4751 749 4834 ρημένη
783 4755 890 4816 τοῦ
927 4751 1356 4833 ἑλλάμποντος,
1390 4753 1485 4817 καὶ
1527 4753 1732 4840 ἐκείνῳ
1773 4758 2040 4818 συνοῦσα
2075 4756 2223 4817 κατὰ

529 4856 671 4934 μίαν
718 4853 1059 4939 συνέχειαν,
1090 4855 1127 4935 ἡ
1158 4857 1222 4918 δὲ
1268 4854 1609 4938 ἑμφνομένη
1659 4859 1738 4941 τῷ
1789 4854 2221 4942 ἐλλαμπομένῳ

530 4958 625 5023 καὶ
683 4959 912 5022 ἐκείνου
966 4956 1308 5040 γιγνομένη,
1372 4957 1468 5021 καὶ
1524 4959 1591 5021 ἐν
1647 4956 2009 5043 ὑποκειμένῳ
2068 4958 2222 5043 αὐτῷ

527 5061 916 5143 ὑφισταμένη.
1009 5060 1114 5127 cf.
1160 5059 1524 5149 Olympiod.
1577 5060 1643 5124 in
1703 5060 1948 5126 Platon.
2012 5061 2219 5126 Alcib.

530 5178 675 5228 sect.
726 5164 844 5228 v1.
891 5186 956 5251 p.
989 5184 1097 5248 59.
1141 5162 1293 5250 ibiq.
1338 5179 1550 5228 annot.
1595 5166 1682 5228 A.
1733 5163 2070 5230 Platonicis
2110 5164 2224 5230 has

530 5264 828 5329 formulas
847 5279 1175 5330 mutuatus
1194 5280 1288 5331 est
1308 5265 1654 5355 Dionysius
1675 5265 2066 5354 Areopagita
2084 5269 2223 5332 Cae.

530 5365 662 5431 lest.
703 5366 1033 5432 Hierarch.
1079 5389 1212 5455 cap.
1250 5388 1305 5432 1.
1350 5383 1414 5433 et
1457 5368 1725 5457 passim;
1773 5368 1875 5433 cui
1920 5370 2224 5453 ἔλλαμψις

529 5471 711 5537 etiam
736 5471 970 5537 dicitur
988 5495 1174 5538 sacra
1194 5475 1517 5562 scriptura
1536 5473 2052 5540 Christianorum.
2079 5474 2219 5540 Vid.

531 5577 774 5642 Annot.
807 5575 871 5640 in
903 5575 1111 5641 Procli
1142 5577 1303 5641 Inst.
1335 5575 1557 5641 Theol.
1586 5601 1642 5642 c.
1676 5578 1781 5663 98.
1808 5601 1875 5666 p.
1910 5596 2048 5665 145.

3898 576 4015 644 123

2404 768 2493 780 —
2528 747 2631 815 15.
2678 731 2774 795 καὶ
2815 731 3217 817 ἄρδεται-τᾷ
3262 731 3453 816 φωτί]
3504 728 3863 794 Addendus
3911 729 4013 796 hic

2320 832 2492 898 locus
2522 831 2756 897 Plotini
2785 845 3084 921 tanquam
3112 831 3440 919 singularis
3467 853 3619 895 usus
3650 830 3823 909 locis,
3852 856 4012 919 quos

2321 935 2551 1001 multos
2584 935 2969 1022 collegerunt
2996 934 3113 999 viri
3153 933 3339 999 docti.
3387 933 3531 999 Vid.
3563 934 3899 1022 Wyttenb.
3928 936 4010 1000 ad

2319 1038 2491 1104 Plut.
2532 1038 2613 1102 de
2659 1039 2724 1102 S.
2749 1039 2832 1102 Ν.
2855 1038 2933 1101 V.
2976 1062 3041 1125 p.
3073 1054 3209 1120 117.
3255 1053 3321 1103 et
3358 1036 3662 1101 Thesaur.
3711 1036 4007 1124 Stephan.

2320 1140 2583 1206 Londin.
2619 1140 2799 1228 Valp.
2833 1163 2894 1228 p.
2930 1141 3120 1226 2238.
3209 1142 3331 1205 Est
3358 1140 3523 1205 enim
3561 1139 3813 1228 proprie
3849 1142 4006 1206 im·-

2308 1267 2497 1334 gare.
2601 1246 2647 1308 J
2655 1243 2912 1331 ungitur
2966 1258 3175 1309 autem
3243 1243 3470 1331 saepius
3524 1241 4010 1310 confunditurve

2316 1372 2459 1414 cum
2492 1349 2683 1414 verbo
2710 1350 2966 1428 αὔξεται,
2998 1362 3072 1412 ut
3100 1347 3163 1411 in
3201 1345 3426 1411 Proclo
3467 1346 3531 1409 in
3570 1343 3782 1410 Alcib.
3812 1344 4005 1432 prior.

2316 1476 2381 1541 p.
2407 1472 2510 1538 29.
2541 1451 2642 1516 ed.
2675 1466 2893 1515 nostr.:
2943 1449 3224 1533 τρέφεται
3249 1452 3367 1532 γὰρ
3393 1449 3619 1516 τούτοις
3648 1450 3744 1512 καὶ
3770 1449 4008 1530 ἄρδεται

2317 1556 2386 1620 τὸ
2415 1560 2516 1636 τῆς
2535 1559 2737 1638 ψυχῆς
2756 1555 2992 1636 πτερόν,
3018 1552 3129 1618 ubi
3151 1574 3317 1617 unus
3335 1550 3493 1616 liber
3521 1553 3772 1631 αὔξεται.
3834 1551 4007 1616 Fons

2317 1658 2381 1723 in
2412 1658 2692 1724 Platonis
2721 1655 2994 1721 Phaedro
3019 1679 3087 1744 p.
3120 1656 3266 1737 246.
3296 1677 3350 1720 e.
3381 1677 3448 1743 p.
3481 1673 3623 1739 250.
3673 1653 3937 1719 Heindf.

2401 1785 2466 1850 p.
2498 1765 2652 1850 363,
2677 1779 2776 1826 12.
2821 1756 3336 1843 ἑλλαμφθήσεται]
3388 1758 3485 1822 Sc.
3516 1759 3785 1821 materia
3824 1779 3868 1820 a
3910 1779 4008 1821 re-

2314 1866 2431 1930 bus
2456 1868 2731 1953 superis,
2762 1878 2835 1929 ut
2864 1877 3030 1929 recte
3052 1864 3289 1951 accepit
3328 1861 3604 1949 Taylor3
3648 1862 3761 1950 qui
3798 1878 4004 1928 tamen

2314 1968 2514 2048 addit,
2544 1969 2969 2056 perpemallffi
2998 1983 3062 2033 et
3095 1968 3305 2033 deesse
3342 1982 3528 2054 putat
3555 1968 3682 2031 ἆεί;
3730 1966 3794 2030 in
3835 1965 4007 2031 libris

2316 2073 2514 2137 MSS.
2548 2072 2739 2159 hujus
2773 2071 3009 2136 voculae
3037 2093 3151 2135 nec
3181 2069 3321 2135 vola
3348 2093 3463 2135 nec
3489 2069 3842 2157 vestigium.

2395 2212 2485 2224 -—
2518 2195 2620 2257 14.
2650 2174 3207 2262 πτεροῤῥυήσασαν]
3245 2172 3350 2238 Cf.
3383 2174 3497 2237 IV.
3522 2192 3584 2259 3.
3614 2190 3672 2255 7.
3710 2172 3826 2237 IV.
3853 2172 3913 2238 8.
3943 2192 4000 2237 1.

2315 2278 2453 2360 (ubi
2483 2292 2576 2342 est
2604 2280 3073 2362 πτεροῤῥύησις).
3108 2278 3228 2341 IV.
3262 2277 3322 2341 8.
3352 2297 3413 2357 4.
3449 2278 3569 2341 VI.
3601 2297 3660 2361 9.
3694 2296 3755 2361 9.
3784 2291 3848 2340 et
3874 2275 3998 2341 vid.

2314 2379 2477 2446 Plat.
2509 2380 2765 2446 Phaedr.
2794 2405 2850 2446 c.
2886 2400 2986 2467 25.
3019 2399 3128 2466 55.
3158 2383 3260 2446 60.
3291 2393 3354 2445 et
3385 2382 3529 2445 Ast.
3572 2380 3654 2444 ad
3687 2402 3831 2444 eum
3860 2378 3998 2445 dia-

2308 2481 2521 2571 logum
2570 2507 2632 2570 p.
2669 2503 2816 2569 293.
2864 2482 3156 2548 Proclum
3200 2482 3265 2547 in
3311 2482 3447 2549 Alc.
3495 2484 3550 2548 1.
3598 2506 3665 2570 p.
3698 2502 3802 2549 20.
3847 2481 3996 2570 ibiq.

2311 2602 2521 2652 annot.
2559 2611 2625 2674 p.
2661 2607 2761 2653 20.
2808 2586 3240 2675 Olympiodor.
3285 2586 3350 2650 in
3394 2585 3662 2650 eundem
3706 2608 3850 2651 cum
3890 2608 4000 2651 an-

2312 2704 2443 2754 not.
2476 2713 2539 2778 p.
2572 2709 2637 2775 5.
2682 2690 2781 2755 ed.
2831 2704 3022 2756 nostr.
3073 2689 3245 2753 Frcf.
3288 2689 3372 2753 cf.
3416 2688 3497 2753 ad
3542 2687 3671 2752 h.l.
3717 2705 3997 2754 nostrum

2310 2792 2617 2857 Neander
2662 2793 2878 2857 Genet.
2907 2791 3400 2880 Entwickelung
3433 2792 3546 2855 der
3588 2792 3807 2857 Gnosi.
3840 2792 3997 2880 Sys·

2310 2906 2462 2960 teme
2487 2919 2554 2984 p.
2589 2915 2733 2981 213.

2393 3020 2459 3085 p.
2491 2999 2644 3084 364,
2672 3019 2735 3080 4.
2767 2998 2903 3061 οὐδὲ
2936 2999 3053 3080 γὰρ
3092 2998 3355 3079 ἀμυδρῶς
3388 2995 3535 3080 ἔχει,
3569 2999 3623 3060 εἰ
3658 2997 3729 3061 ού
3763 3001 4000 3077 μᾶλλον

2312 3105 2470 3168 νεύει
2525 3106 2653 3167 ἐκεῖ
2704 3130 2757 3166 κ.
2782 3127 2837 3165 τ.
2859 3102 2957 3191 λ.]
3011 3101 3268 3167 Ficinus
3322 3102 3618 3189 expressit
3675 3099 4000 3166 lectionem

2311 3204 2627 3292 marginis,
2650 3226 2840 3291 quam
2863 3202 3079 3290 etipse
3110 3201 3333 3267 reduxi
3360 3202 3659 3268 librorum
3689 3203 3814 3269 fide
3834 3228 4002 3271 com-

2310 3308 2688 3385 mendatam,
2718 3308 2833 3372 nisi
2871 3306 3045 3396 quod
3083 3330 3160 3373 ex
3203 3305 3382 3372 Med.
3414 3310 3504 3372 A.
3537 3309 3775 3373 correxi
3819 3313 3998 3378 νεύει.

2312 3411 2589 3499 Taylor:
2638 3421 2681 3452 “
2705 3413 2842 3477 For
2866 3413 2921 3476 it
2946 3412 3090 3476 does
3126 3421 3235 3475 not
3266 3432 3512 3497 possess
3547 3434 3668 3476 nor
3703 3433 3801 3476 see
3837 3413 4000 3477 them

2307 3516 2651 3602 obscur-ely,
2674 3516 2810 3602 {fit
2836 3516 2896 3579 is
2925 3516 3181 3580 without
3208 3514 3333 3579 this
3360 3514 3714 3602 tendenqzsf
3772 3514 4001 3581 Omisit

2306 3618 2502 3707 igitur
2542 3634 2853 3684 extrema:
2910 3621 3205 3699 ἵνα-ἴδῃ.
3300 3617 3564 3683 Videtur
3604 3633 3815 3684 autem
3858 3619 3995 3686 h.l.

2305 3720 2543 3810 duplex
2591 3727 2787 3790 νεῦσις
2828 3719 3177 3808 significari,
3224 3720 3494 3808 primum
3541 3721 3857 3788 inclinatio
3903 3747 3998 3804 ea,

2304 3852 2450 3918 quoe
2476 3829 2550 3893 fit
2577 3828 2867 3892 deorsum
2894 3827 2976 3891 ad
3010 3812 3320 3891 sensibilia
3356 3841 3421 3891 et
3456 3825 3727 3901 caduca3
3772 3825 3998 3892 deinde

2305 3954 2399 4011 ea,
2419 3954 2563 4019 quae
2584 3944 2751 3996 retro
2776 3932 2850 3996 fit
2877 3944 2942 3995 et
2969 3952 3214 3995 sursum
3244 3928 3326 3995 ad
3353 3928 3566 3995 divina
3593 3946 3657 3996 et
3682 3932 3996 4019 perennia.

2308 4036 2471 4100 Haec
2497 4034 2802 4122 posterior
2844 4046 2935 4099 est
2968 4034 3250 4121 Opificis,
3282 4032 3536 4121 quando
3565 4033 3872 4100 mundum
3901 4036 3993 4101 fa-

2305 4162 2444 4205 cere
2469 4138 2764 4217 instituit,
2794 4160 2926 4225 quo
2954 4151 3189 4226 spectet
3217 4138 3282 4201 in
3310 4138 3550 4203 mundo
3574 4138 3857 4205 idearum
3894 4165 4001 4207 ex-

2309 4240 2626 4328 emplaria,
2670 4264 2816 4327 quae
2864 4239 3091 4305 deinde
3139 4240 3448 4328 exprimat
3498 4240 3562 4304 in
3614 4264 3729 4305 suo
3780 4242 4000 4308 mundi

2307 4345 2573 4433 opificio.
2663 4344 2850 4409 Plato
2893 4343 3123 4409 Timaei
3168 4366 3232 4430 p.
3272 4345 3375 4410 28.
3419 4367 3485 4432 p.
3539 4365 3643 4432 23.
3688 4344 3995 4411 Bekkeri:

2306 4449 2441 4511 τόδε
2470 4445 2517 4510 δ’
2556 4448 2631 4511 αὖ
2666 4446 2851 4511 πάλιν
2895 4446 3286 4511 ἐπισκεπτέον
3333 4448 3469 4529 περὶ
3507 4448 3687 4512 αὐτοῦ
3725 4449 3859 4530 (τοῦ
3896 4454 3993 4533 δη-

2304 4552 2642 4633 μιουργοῦ),
2669 4548 2815 4631 πρὸς
2851 4550 3105 4631 πότερον
3146 4555 3264 4612 τῶν
3301 4549 3791 4632 παραδειγμάτων
3830 4554 3863 4615 ὁ
3907 4577 4001 4616 τε-

2307 4654 2689 4732 κταινόμενος
2727 4651 2906 4717 αὐτὸν
2937 4652 3071 4734 (τὸν
3111 4654 3365 4737 κόσμον)
3397 4652 3798 4736 ἀπειργάζετο,
3828 4656 4002 4721 πότε-

2302 4782 2412 4839 ρον
2438 4756 2584 4839 πρὸς
2620 4755 2689 4820 τὸ
2729 4758 2879 4820 κατὰ
2918 4756 3102 4820 ταύτὰ
3146 4757 3242 4820 καὶ
3278 4758 3556 4824 ὡσαύτως
3596 4758 3764 4842 ἔχον,
3791 4757 3830 4838 ἢ
3855 4759 4003 4842 πρὸς

2305 4858 2373 4923 τὸ
2401 4861 2669 4942 γεγονός.
2718 4862 2771 4923 εἰ
2801 4860 2916 4939 μὲν
2956 4859 3027 4938 δὴ
3066 4860 3248 4926 καλός
3286 4861 3452 4922 ἐστιν
3489 4861 3591 4924 ὅδε
3619 4862 3653 4923 ὁ
3684 4862 3903 4940 κόσμος
3944 4863 3997 4935 ὅ,

2306 4987 2373 5025 τε
2420 4960 2769 5045 δημιουργὸς
2815 4959 3057 5043 ἀγαθὸς,
3112 4964 3315 5039 δῆλον,
3369 4962 3446 5029 ὥς
3492 4960 3637 5043 πρὸς
3684 4961 3754 5025 τὸ
3811 4961 4001 5039 ἀΐδιον

2310 5062 2595 5142 ἔβλεπεν,
2629 5090 2679 5126 κ.
2706 5088 2757 5125 τ.
2785 5071 2848 5126 λ.
2913 5061 3217 5125 Proxima
3243 5060 3540 5148 quaestio:
3591 5064 3758 5127 Nam
3786 5063 4001 5151 glorioe

2309 5186 2438 5229 suae
2455 5187 2643 5229 causa
2660 5162 2967 5228 mundum
2993 5163 3208 5228 fecerit
3228 5162 3486 5250 Opifex,
3500 5165 3633 5252 jam
3657 5165 4003 5253 antiquitus

2306 5266 2541 5355 agitata
2590 5266 2901 5354 hodieque
2953 5265 3426 5355 Theologorum
3477 5267 4004 5357 disputationibus

2306 5370 2704 5457 frequentata
2750 5386 2865 5435 est.
2953 5373 3159 5450 Quam
3204 5371 3391 5436 etiam
3443 5370 3651 5458 attigit
3699 5370 4004 5437 Cudwor·

2308 5474 2476 5549 thus,
2501 5474 2838 5540 Plotiniani
2861 5473 2978 5539 loci
3008 5498 3131 5541 non
3162 5474 3395 5542 oblitus
3421 5475 3483 5539 in
3519 5477 3866 5562 Systemate
3898 5478 4006 5541 In-

2309 5579 2434 5646 tell.
2466 5579 2548 5644 V.
2580 5602 2644 5666 5.
2682 5601 2784 5649 20.
2814 5603 2879 5668 p.
2909 5581 3097 5663 1184.
3141 5605 3277 5669 sqq.
3315 5582 3577 5668 ejusque
3620 5579 3821 5645 editor
3860 5605 4000 5670 per-

2378 5689 2432 5740 R
2468 5676 2514 5741 2
