5118 6613
1329 562 1522 629 LIB.
1573 565 1632 629 I.
1678 566 2136 630 ENNEAD.
2187 567 2706 633 SECUNDAE.
2751 591 2814 656 p.
2851 569 3202 654 186—2-190.

567 734 688 800 bus
716 735 1095 798 Doemonum
1137 732 1337 799 multa
1379 736 1559 801 multi
1601 736 1941 825 praesertim
1986 759 2062 801 ex
2095 734 2251 801 Ale·

569 836 889 902 xandrinis
920 836 1325 924 philosophiS,
1367 838 1476 925 qui
1521 855 1661 927 post
1693 839 2013 904 Plotinum
2055 840 2253 905 fuere.

568 939 871 1005 Nonnulli
918 939 1301 1018 dubitanter,
1345 956 1419 1005 ut
1461 941 1539 1006 de
1584 964 1652 1006 re
1690 941 1943 1022 difficili,
1979 956 2125 1007 sunt
2168 941 2256 1006 lo-

565 1042 716 1118 cuti,
773 1058 843 1108 ut
894 1040 1278 1107 lamblichus
1319 1042 1445 1107 alii.
1524 1044 1666 1109 Vid.
1718 1044 2132 1110 Iamblichum
2176 1045 2255 1110 de

570 1144 893 1234 Mysteriis
921 1145 1213 1232 AEgyptt.
1251 1147 1327 1210 V.
1359 1167 1457 1212 10.
1488 1169 1554 1234 p.
1592 1165 1733 1233 125.
1766 1151 1853 1214 V.
1885 1167 1983 1212 11.
2016 1170 2079 1235 p.
2114 1163 2255 1231 127.

572 1263 633 1314 et
666 1247 933 1314 Galeum
963 1247 1028 1311 in
1057 1248 1220 1312 notis
1249 1271 1315 1336 p.
1353 1251 1493 1332 267.
1555 1251 1658 1315 Cf.
1690 1249 1980 1315 Proclum
2013 1250 2077 1314 in
2108 1251 2254 1316 Alc.

570 1372 668 1439 pr.
698 1373 765 1438 p.
801 1352 904 1436 83.
935 1374 1025 1437 sq.
1077 1351 1510 1439 Olympiodor.
1543 1352 1626 1417 ad
1668 1352 1855 1417 eund.
1887 1376 1950 1441 p.
1982 1371 2080 1438 15.
2116 1375 2253 1441 sqq.

571 1453 820 1518 Platoni
875 1453 974 1516 vel
1030 1469 1199 1518 certe
1245 1453 1640 1541 Epinomidis
1695 1455 1932 1520 auctori
1980 1478 2047 1543 p.
2104 1459 2254 1541 984.

570 1556 716 1621 infr.
770 1556 973 1639 ἀέρων
1024 1556 1200 1640 γένος
1245 1555 1539 1621 dicuntur
1586 1557 1934 1632 daemones;
1990 1581 2069 1622 ex
2129 1581 2258 1646 quo

571 1658 728 1737 loco,
760 1673 835 1723 ut
862 1658 1178 1746 primario,
1213 1657 1393 1723 multi
1426 1660 1843 1748 profecerunt.
1930 1662 2255 1725 Animalia

571 1783 825 1849 corpore
852 1772 1059 1825 αὲνεα.
1150 1762 1495 1850 Appuleius
1523 1763 1795 1851 appellat
1825 1764 2137 1828 daemones
2178 1764 2256 1828 de

575 1863 780 1930 Genio
812 1864 1079 1929 Socratis
1107 1887 1170 1952 p.
1202 1866 1341 1929 108.
1419 1865 1710 1932 Similiter
1750 1866 2140 1954 Porphyrius
2178 1865 2258 1931 de

572 1967 823 2033 Abstin.
874 1968 968 2031 11.
1014 1987 1118 2053 39.
1166 1981 1230 2031 et
1262 1987 1369 2048 42.
1415 1992 1475 2056 p.
1516 1988 1655 2053 172.
1703 1985 1767 2035 et
1795 1975 1937 2036 182.
1986 1969 2255 2048 Rhoerii,

571 2093 759 2158 quem
816 2070 1087 2135 consule.
1177 2069 1420 2135 Psellus
1476 2086 1683 2136 autem
1743 2071 1823 2137 de
1879 2073 2255 2138 Doemonum

572 2173 926 2261 operatione
944 2172 1154 2237 lumen
1170 2186 1505 2260 cognatum
1528 2175 1806 2254 (σύζυνον
1827 2177 1980 2260 φῶς)
2003 2174 2270 2244 attribui·

573 2276 711 2341 vult
738 2275 1148 2340 Daemonibus
1176 2298 1241 2363 p.
1270 2296 1378 2360 49.
1408 2276 1507 2341 ed.
1544 2276 1757 2341 Kilon.

657 2400 721 2465 p.
749 2380 894 2456 188,
924 2399 1019 2461 17.
1074 2380 1237 2443 ἀλλὰ
1294 2378 1902 2468 κινήσωμεν-ἔχειν]
1965 2381 2086 2444 Est
2141 2380 2260 2444 hoc

576 2480 941 2546 Plotinianae
981 2481 1317 2546 brevitatis
1410 2480 1700 2568 Intellige
1742 2482 2041 2564 λέγοντες.
2134 2482 2258 2546 Sed

576 2582 721 2648 talia
762 2583 1020 2671 singulis
1064 2584 1193 2648 fere
1230 2583 1475 2671 paginis
1511 2584 1697 2649 obvia
1721 2583 1783 2647 in
1816 2583 1912 2648 his
1944 2584 2260 2649 Enneadi-

573 2686 728 2752 bus:
762 2702 826 2751 et
847 2685 1137 2774 putidum
1166 2687 1329 2752 foret
1349 2687 1574 2775 saepius
1602 2685 1917 2764 incubare,
1946 2685 2258 2774 praecipue

575 2812 717 2855 cum
746 2788 1002 2854 Ficinus
1027 2789 1199 2854 haud
1227 2789 1621 2855 incommoda
1661 2788 2004 2878 periphrasi
2033 2787 2258 2853 intelli·

572 2891 799 2980 gentiae
826 2892 1144 2957 consulere
1172 2892 1383 2959 soleat.

660 3018 723 3083 p.
748 2997 882 3076 189,
897 3014 953 3061 2.
980 2995 1672 3080 συμπεριάγειν-γεηρὰ
1695 2997 1964 3079 σώματα]
1990 2994 2261 3060 Gemina

576 3097 791 3163 docuit
818 3098 1158 3185 EpicuruS,
1190 3098 1283 3163 uti
1312 3112 1552 3163 constat
1579 3121 1656 3163 ex
1700 3097 1836 3184 ejus
1865 3096 2260 3186 Fragmentis

574 3200 872 3266 librorum
916 3201 1050 3283 περὶ
1092 3202 1351 3283 φύσεως,
1388 3200 1754 3266 observante
1796 3200 1981 3265 etiam
2024 3200 2257 3264 editore

576 3303 836 3369 Rosinio
856 3302 924 3368 in
946 3301 1260 3369 Volumm.
1282 3302 1761 3369 HerculanenSS.
1785 3304 1971 3368 Tom.
2000 3304 2053 3367 Ι.
2076 3327 2137 3390 p.
2152 3306 2257 3369 62.

577 3408 720 3486 Quo
745 3406 851 3473 illa
872 3406 1057 3471 etiam
1078 3406 1388 3494 pertinent
1403 3406 1576 3495 apud
1597 3407 1956 3472 Ciceronem
1974 3406 2054 3470 de
2073 3407 2158 3471 N.
2172 3408 2256 3471 D.

577 3511 634 3574 1.
660 3510 759 3575 18.
791 3510 872 3575 de
900 3510 1076 3574 Diis:
1126 3516 1175 3549 “
1202 3511 1337 3574 Nec
1384 3524 1589 3574 tamen
1638 3532 1713 3573 ea
1755 3508 1985 3597 species
2034 3531 2260 3596 corpus

575 3627 686 3687 est,
711 3613 817 3677 sed
848 3612 1026 3700 quasi
1054 3635 1280 3700 eorpus
1311 3613 1460 3677 &0.”
1503 3614 1631 3677 Et:
1666 3619 1709 3651 ‘⁶
1734 3611 2051 3699 Epicurus
2078 3612 2259 3676 docet

573 3739 707 3780 eam
759 3739 889 3780 esse
931 3714 1060 3780 vim
1103 3729 1166 3779 et
1208 3730 1493 3779 naturam
1535 3716 1838 3793 Deorum,
1869 3729 1943 3779 ut
1985 3714 2257 3802 primum

574 3841 699 3883 non
746 3841 950 3896 sensu,
1000 3817 1107 3882 sed
1159 3833 1366 3882 mente
1410 3831 1735 3889 cernaturt,
1795 3840 1907 3881 nec
1954 3816 2259 3882 soliditate

574 3921 845 4008 quadam
875 3945 988 3986 nec
1016 3921 1097 3986 ad
1127 3943 1479 3997 numerum,
1500 3935 1574 3984 ut
1595 3943 1687 3997 ea,
1710 3943 1855 4007 quae
1876 3918 1977 3984 ille
2004 3934 2261 4007 propter

573 4024 927 4090 firmitatem
955 4024 1272 4106 στερέμνια
1297 4020 1590 4111 appellat,
1622 4021 1730 4087 sed
1766 4022 2140 4109 imaginibus
2174 4022 2256 4086 si-

574 4127 921 4192 militudine
949 4141 1012 4192 et
1042 4125 1398 4190 transitione
1424 4123 1795 4213 perceptis?

655 4267 747 4280 —
772 4246 836 4316 5.
869 4229 1196 4297 Πλάτωνος
1224 4228 1541 4316 λέγοντος]
1572 4228 1653 4291 In
1684 4225 1929 4291 Timaeo
1956 4249 2020 4314 Ρ.
2052 4246 2159 4312 31.
2191 4249 2256 4314 Ρ.

573 4351 678 4418 43.
712 4355 780 4420 p.
806 4352 916 4417 51.
947 4355 1039 4419 sq.

656 4473 747 4485 -
774 4436 838 4499 6.
868 4433 936 4500 τὸ
980 4434 1326 4521 ἀντίτυπον]
1361 4434 1745 4521 Frequentat
1776 4431 2062 4497 Plotinus
2089 4431 2261 4496 vario

574 4536 944 4626 significatu,
973 4535 1159 4601 etiam
1186 4534 1266 4601 de
1291 4535 1531 4613 animiS‚
1561 4535 1747 4601 etiam
1786 4534 2258 4601 Substantivum

575 4641 902 4706 ἀντιτυπία.
951 4639 1091 4704 vid.
1125 4640 1222 4703 11.
1257 4641 1319 4704 6.
1353 4660 1412 4706 2.
1445 4639 1546 4703 11.
1578 4661 1640 4723 9.
1672 4640 1736 4702 6.
1769 4638 1912 4702 111.
1946 4641 2009 4703 6.
2040 4639 2103 4702 6.
2136 4637 2254 4702 IV.

572 4761 634 4824 4.
670 4763 773 4828 29.
804 4743 885 4807 V.
918 4743 979 4806 8.
1009 4764 1074 4822 4.
1105 4743 1225 4807 VI.
1262 4762 1315 4805 1.
1352 4743 1452 4807 26.
1488 4741 1608 4805 VI.
1646 4763 1697 4806 1.
1733 4741 1835 4807 28.
1885 4739 1996 4804 ubi
2038 4753 2131 4804 est
2163 4738 2257 4803 al-

573 4860 706 4909 tera
745 4845 948 4910 forma
985 4844 1312 4913 ἀντιτυπές.
1342 4843 1466 4909 VI.
1498 4862 1557 4927 7.
1594 4864 1695 4928 29.
1732 4845 1850 4908 VI.
1882 4843 1943 4907 8.
1977 4858 2037 4923 7.
2111 4843 2258 4907 Hoc

571 4944 707 5012 loco
759 4970 880 5012 vox
941 4947 1201 5035 propius
1255 4946 1493 5012 accedit
1547 4946 1628 5011 ad
1687 4945 2097 5033 significatum
2154 4950 2260 5009 τοῦ

576 5054 857 5132 σκληροῦ.
888 5049 1035 5114 vid.
1067 5048 1331 5114 Ruhnk.
1355 5049 1436 5113 ad
1462 5048 1634 5113 Tim.
1659 5071 1722 5136 p.
1753 5066 1889 5133 157.
1921 5048 2255 5136 Wyttenb.

572 5151 656 5216 ad
686 5151 857 5217 Plut.
905 5152 985 5217 de
1030 5151 1358 5239 Superstit.
1388 5174 1452 5239 p.
1483 5170 1630 5237 999.
1673 5167 1738 5216 et
1779 5173 1923 5237 quae
1968 5149 2148 5238 posui
2191 5149 2257 5214 in

577 5256 958 5319 Commentt.
1000 5254 1338 5319 Herodott.
1367 5276 1433 5337 p.
1470 5272 1614 5338 299.
1690 5251 1943 5317 Proclus
1984 5252 2046 5316 in
2089 5251 2254 5317 Plat.

574 5356 711 5423 Alc.
742 5379 839 5444 pr.
867 5371 978 5442 55.
1008 5379 1072 5445 p.
1106 5376 1243 5443 154.
1276 5357 1367 5421 ὅτι
1406 5359 1480 5421 τὰ
1521 5355 1680 5436 πάθη
1721 5360 1822 5436 τῆς
1863 5360 2123 5437 σκληρᾶς
2163 5356 2258 5419 καὶ

578 5461 893 5526 ἀντιτύπου
921 5460 1158 5542 φύσεώς
1180 5461 1367 5537 ἐστιν,
1387 5458 1490 5523 ἅτε
1515 5459 1700 5523 ἔνυλα
1721 5459 1816 5522 καὶ
1843 5456 2043 5540 γήϊνα,
2065 5456 2259 5522 πάντα

576 5565 688 5643 μὲν
714 5563 793 5630 ὥς
835 5564 1043 5636 εἰπεῖν,
1085 5562 1480 5645 διαφερόντως
1520 5563 1585 5626 δὲ
1624 5563 1700 5625 τά
1739 5563 2032 5641 θυμοειδῆ.
2120 5557 2261 5625 Alia

677 5670 864 5722 VOL.
904 5668 1029 5722 111.

3940 569 4020 655 89

2338 739 2520 827 posui
2561 740 2725 805 infra
2767 740 2846 805 ad
2883 763 3095 806 vocem
3143 743 3478 810 ἀντιτυπίας
3518 764 3584 827 p.
3623 742 3768 806 180.
3801 743 3884 806 G.
3931 742 4018 807 cf.

2337 842 2524 907 etiam
2556 845 2900 908 Hermann.
2932 859 2994 909 et
3022 843 3315 908 Erfurdt.
3352 843 3432 908 ad
3480 843 3771 931 Sophocl.
3805 843 4019 931 Antig.

2347 965 2488 1032 134.
2521 960 2587 1010 et
2619 946 3007 1012 Schleusneri
3038 947 3176 1011 Lex
3208 947 3294 1011 N.
3322 949 3408 1011 T.
3438 946 3499 1009 in
3531 970 3692 1025 voc„
3719 947 3829 1033 qui
3860 947 4024 1011 simi-

2340 1047 2620 1113 litudinis
2648 1048 3057 1136 significatum
3098 1048 3311 1113 multis
3351 1048 3414 1113 in
3448 1047 3596 1113 loeis
3621 1063 3787 1113 recte
3813 1048 4019 1114 vindi-

2342 1150 2520 1215 cavit.
2611 1153 2713 1216 De
2743 1176 2891 1216 voce
2917 1151 3211 1234 ἐπιβάθρα
3238 1150 3472 1216 dictum
3510 1165 3603 1216 est
3633 1174 3821 1239 supra
3847 1152 3929 1218 ad
3962 1153 4021 1216 1.

2341 1255 2400 1318 6.
2432 1273 2490 1317 1.
2520 1254 2834 1342 praeeipue
2861 1254 2927 1318 in
2955 1255 3051 1319 ed.
3084 1253 3285 1342 pecul.
3315 1277 3381 1341 p.
3414 1274 3554 1340 143.
3605 1255 3747 1319 Hoc
3767 1252 3903 1320 loco
3930 1272 4023 1320 est

2339 1354 2838 1421 fundamentum.

2428 1481 2487 1545 p.
2519 1479 2666 1543 190,
2695 1480 2758 1541 4.
2793 1465 3100 1543 Μαρτυρεῖ
3123 1463 3190 1525 δὲ
3219 1461 3313 1525 καὶ
3342 1460 3518 1528 αὐτὸς
3552 1460 3806 1547 τούτοις]
3841 1458 4026 1523 Plato

2340 1559 2403 1624 in
2434 1561 2675 1626 Timaeo
2703 1585 2763 1650 p.
2795 1582 2926 1647 39.:
2986 1569 3111 1646 φῶς
3160 1565 3193 1626 ὁ
3238 1562 3374 1632 θεὸς
3415 1563 3651 1646 ἀνῆψεν
3679 1563 3747 1626 ἐν
3775 1565 3844 1641 τῇ
3882 1561 4026 1644 πρὸς

2344 1668 2456 1746 γῆν
2505 1665 2746 1750 δευτέρᾳ
2791 1672 2909 1730 τῶν
2951 1668 3258 1747 περιόδων,
3306 1664 3340 1729 δ
3388 1666 3458 1745 δὴ
3504 1670 3611 1730 νῦν
3663 1664 4025 1744 κεκλήκαμεν

2341 1768 2515 1847 ἥλων
2545 1795 2596 1831 κ.
2620 1793 2674 1831 τ.
2693 1775 2759 1831 λ.

2427 1907 2517 1920 -
2545 1870 2605 1934 8.
2640 1871 2708 1934 τὸ
2752 1871 3168 1954 φῶς-ἔτερον
3208 1872 3441 1955 φλογὸς
3483 1870 3659 1955 εἶναι]
3698 1869 3802 1934 Cf.
3838 1890 4027 1955 supra

2343 1996 2396 2037 c.
2427 1995 2491 2053 4.
2522 1985 2587 2036 et
2616 1972 2702 2036 ibi
2747 1986 2985 2038 annott.
3029 1973 3110 2038 ad
3154 1997 3219 2061 p.
3253 1994 3356 2060 99.
3389 1975 3465 2038 A.
3513 1987 3575 2038 et
3612 1971 3840 2037 adhibe
3883 1971 4027 2036 Pla-

2346 2072 2506 2137 tonis
2532 2071 2851 2160 disputata
2878 2072 2960 2138 de
2993 2072 3141 2151 sole,
3172 2074 3428 2153 lumine,
3459 2074 3718 2140 veritate
3759 2073 3821 2138 in
3867 2072 4026 2138 libro

2346 2176 2463 2240 VI.
2496 2175 2577 2239 de
2606 2176 2768 2262 Rep.
2799 2198 2867 2263 p.
2895 2191 3046 2261 507.
3077 2200 3167 2263 sq.

2430 2315 2518 2328 -—
2546 2298 2604 2364 9.
2637 2284 2808 2343 τοῦτο
2838 2281 2903 2343 δὲ
2931 2278 2999 2342 τὸ
3028 2284 3153 2361 φῶς
3173 2285 3342 2359 σῶμα
3372 2278 3522 2343 εἶναι
3552 2307 3604 2344 κ.
3635 2305 3689 2343 τ.
3712 2281 3804 2368 λ.]
3840 2280 4026 2343 Hanc

2346 2380 2709 2445 sententiam
2739 2380 3024 2468 pluribus
3052 2381 3255 2445 verbis
3282 2381 3548 2469 explicat
3576 2380 3867 2448 Julianus
3897 2383 4028 2446 Im-

2344 2496 2537 2568 perat.
2570 2483 2743 2546 Orat.
2779 2482 2897 2545 1v.
2928 2505 2990 2568 p.
3023 2502 3161 2567 133.
3195 2505 3288 2570 sq.
3332 2482 3644 2569 Loquitur
3680 2482 3760 2547 de
3787 2482 4026 2570 triplice

2344 2583 2504 2648 sole:
2549 2583 2749 2648 Ἀλλὰ
2780 2586 2875 2648 καὶ
2901 2586 3093 2666 τρίτος
3120 2587 3153 2648 ὁ
3195 2587 3552 2666 φαινόμενος
3588 2586 3792 2650 οὑτοσὶ
3830 2587 4028 2654 δίσκος

2348 2688 2577 2771 (ἡλίου)
2610 2688 2868 2770 ἐναργῶς
2906 2689 3088 2754 αἴτιός
3124 2689 3254 2751 ἐστι
3294 2693 3416 2755 τοῖς
3453 2690 3752 2768 αἰσθητοῖς
3778 2691 3879 2768 τῆς
3906 2714 4024 2752 σω-

2344 2790 2561 2871 τηρίας.
2631 2791 2747 2853 Καὶ
2802 2791 2963 2854 ὅσων
3016 2790 3246 2870 ἔφαμεν
3288 2795 3410 2857 τοῖς
3460 2796 3684 2872 νοεροῖς
3727 2796 3882 2858 θεοῖς
3922 2789 4027 2855 τὸν

2343 2892 2537 2975 μέγαν
2578 2892 2770 2971 ἥλων,
2816 2893 3116 2957 τοσούτων
3156 2894 3251 2957 καὶ
3285 2891 3319 2956 ὃ
3364 2893 3721 2975 φαινόμενος
3762 2894 3868 2957 ὅδε
3909 2899 4029 2961 τοῖς

2343 3001 2641 3078 φανεροῖς.
2688 2994 2838 3077 φέρε
2880 2994 2950 3074 δὴ
2998 3001 3231 3077 πρῶτον
3264 2995 3405 3060 αὐτὸ
3449 2994 3517 3058 τὸ
3561 3000 3688 3078 φῶς
3728 2996 3835 3061 οὐκ
3877 2995 4031 3064 εἶδος

2345 3099 2511 3161 ἐστιν
2553 3099 2871 3178 ἀσώματον
2913 3098 3008 3161 καὶ
3051 3102 3215 3162 θεῖον
3255 3103 3372 3162 τῶν
3410 3096 3530 3162 κατ’
3563 3097 3869 3181 ἐνέργειαν
3903 3102 4024 3163 δια·

2344 3204 2604 3282 φανοῦς;
2626 3238 2713 3250 -
2732 3201 2912 3265 αὐτοῦ
2967 3203 3032 3264 δὲ
3087 3205 3193 3265 τοῦ
3247 3200 3441 3284 φωτὸς
3491 3202 3662 3269 ὄντος
3717 3201 4030 3282 ἀσωμάτου

2347 3304 2591 3386 ἀκρότης
2633 3304 2709 3369 ἂν
2745 3306 2834 3385 εἴη
2876 3329 2964 3371 τις
3010 3304 3106 3369 καὶ
3145 3305 3345 3386 ὥσπερ
3380 3305 3576 3382 ἄνθος,
3611 3305 3856 3372 ἀκτῖνες.
3944 3301 4028 3368 ‘H

2343 3408 2457 3486 μὲν
2484 3408 2591 3471 οὖν
2619 3413 2736 3471 τῶν
2765 3407 3057 3471 Φοινίκων
3087 3409 3228 3486 δόξα
3257 3413 3469 3488 σοφῶν
3500 3410 3575 3472 τὰ
3604 3411 3735 3471 θεῖα
3775 3408 3870 3472 καὶ
3907 3409 4030 3471 ἑπι-

2346 3511 2654 3589 στημόνων
2684 3511 2981 3593 ἄχραντον
3012 3508 3163 3575 εἶναι
3191 3508 3496 3592 ἐνέργειαν
3519 3510 3696 3572 αὐτοῦ
3720 3512 3827 3573 τοῦ
3853 3512 4029 3573 καθα-

2342 3616 2450 3694 ροῦ
2493 3617 2599 3676 νοῦ
2638 3612 2746 3692 τὴν
2785 3614 3130 3696 ἁπανταχοῦ
3165 3616 3492 3694 προϊοῦσαν
3521 3610 3708 3692 αὐγὴν
3738 3611 3874 3692 ἔφη.
3923 3610 4028 3673 οὐκ

2343 3711 2556 3799 ἀπᾴδει
2605 3716 2671 3778 δὲ
2715 3715 2849 3778 οὐδὲ
2893 3716 2927 3777 ὁ
2968 3716 3171 3796 λόγος.
3218 3715 3381 3794 εἴπερ
3419 3712 3559 3777 αὐτὸ
3597 3711 3664 3776 τὸ
3704 3718 3830 3795 φῶς
3866 3713 4024 3777 ἀσώ-

2340 3842 2529 3896 ματον
2574 3819 2712 3883 εἴτις
2754 3817 2930 3881 αὐτοῦ
2968 3818 3112 3895 μηδὲ
3150 3815 3259 3895 τὴν
3296 3815 3491 3898 πηγὴν
3524 3814 3822 3896 ὑπολάβοι
3855 3820 4028 3895 σῶμα

2346 3947 2395 3983 κ.
2419 3944 2472 3982 τ.
2491 3927 2554 3982 λ.
2616 3919 2748 4001 (De
2779 3917 3149 3982 Phoenicum
3178 3917 3439 3981 AEthere
3473 3929 3537 3982 et
3567 3919 3709 3981 Deo
3735 3914 4023 4004 intelligi-

2342 4020 2453 4086 bili
2483 4020 2563 4086 ef.
2589 4020 2987 4085 Damascium
3018 4021 3152 4103 περὶ
3181 4023 3380 4104 ἀρχῶν
3400 4043 3462 4108 p.
3485 4019 3632 4106 385.
3658 4019 3757 4083 ed.
3779 4020 4023 4107 Kopp.)

2346 4122 2469 4188 Illa
2510 4138 2720 4188 autem
2763 4122 2845 4187 de
2884 4124 3119 4187 lumine
3156 4125 3514 4211 incorporeo
3544 4120 3772 4209 placita
3800 4120 4029 4186 Marsi-

2343 4226 2461 4289 lius
2493 4226 2749 4291 Ficinus
2781 4225 3089 4290 illustrare
3128 4225 3399 4291 instituit
3435 4248 3579 4290 cum
3611 4225 3675 4289 in
3721 4246 4027 4290 commen-

2344 4328 2503 4393 tario
2542 4328 2608 4392 in
2647 4328 2817 4393 hunc
2846 4327 3078 4394 Plotini
3116 4327 3346 4394 librum
3375 4351 3436 4416 p.
3472 4329 3574 4412 87.
3606 4351 3698 4414 sq.
3730 4344 3792 4392 et
3820 4350 3885 4415 p.
3916 4347 4020 4413 93.

2345 4444 2481 4495 tum
2509 4429 2575 4494 in
2604 4428 2835 4494 librum
2856 4429 3188 4517 septimum
3213 4429 3490 4495 Platonis
3511 4429 3590 4494 de
3609 4432 3775 4517 Rep.
3793 4452 3857 4516 p.
3875 4433 4024 4514 690.

2345 4532 2472 4598 Ed.
2504 4532 2797 4598 Francos.
2825 4548 2887 4597 et
2915 4532 2979 4596 in
3010 4532 3383 4597 Convivium
3412 4555 3479 4620 p.
3511 4551 3690 4618 1151.
3718 4555 3806 4619 sq.
3839 4531 4024 4611 Quod

2343 4657 2490 4700 vero
2547 4648 2755 4701 noster
2810 4635 3104 4700 continuo
3167 4637 3347 4703 ἄνθος
3398 4650 3660 4722 usurpat
3714 4634 3796 4698 de
3862 4637 4022 4712 luce,

2342 4737 2554 4803 eadem
2587 4761 2741 4804 voce
2770 4737 2862 4802 uti
2895 4737 3163 4803 vidimus
3188 4740 3236 4803 J
3242 4737 3516 4802 ulianum
3555 4737 3620 4801 in
3647 4736 3851 4801 verbis
3877 4760 4025 4823 pro-

2343 4839 2508 4905 xime
2537 4839 2824 4905 laudatis.
2900 4838 3096 4904 Plura
3122 4840 3204 4904 de
3230 4840 3348 4904 hoc
3378 4862 3495 4904 usu
3527 4838 3740 4903 monui
3768 4839 3849 4904 ad
3883 4838 4027 4904 Plo-

2343 4942 2451 5008 tin.
2483 4942 2564 5007 de
2595 4941 2805 5007 Pulcr.
2838 4965 2899 5030 p.
2929 4962 3037 5027 54.
3069 4942 3141 5005 A.
3180 4942 3266 5026 (in
3296 4941 3392 5006 ed.
3423 4940 3625 5030 pecul.
3658 4965 3720 5030 p.
3756 4945 3928 5029 233.)
3961 4954 4026 5007 et

2341 5046 2424 5111 ad
2468 5044 2896 5133 Olympiodor.
2932 5045 2994 5108 in
3034 5044 3244 5110 Alcib.
3294 5067 3390 5129 pr.
3421 5067 3482 5132 p.
3513 5064 3655 5129 109.
3685 5044 3766 5109 ad
3797 5044 4018 5110 verba:

2344 5148 2432 5213 διὸ
2464 5150 2558 5213 καὶ
2588 5149 2777 5231 ἀφρὸς
2810 5149 2903 5212 καὶ
2930 5150 3108 5215 ἄνθος
3142 5153 3248 5211 τοῦ
3282 5150 3468 5215 εἴδους
3502 5148 3632 5211 ἐστὶ
3669 5147 3737 5211 τὸ
3783 5147 4020 5215 κάλλος.

2345 5250 2549 5316 Procl.
2604 5251 2667 5314 in
2712 5249 2902 5315 eund.
2950 5273 3014 5338 p.
3059 5265 3205 5333 247.
3249 5251 3428 5317 ἄνθος
3467 5254 3570 5330 τῆς
3616 5249 3819 5316 οὐσίας
3863 5250 4021 5329 ἡμῖν.

2345 5352 2525 5417 Idem
2557 5351 2711 5417 ibid.
2744 5376 2808 5439 p.
2844 5370 2987 5433 240.
3021 5353 3199 5419 ἄνθος
3224 5356 3330 5415 τοῦ
3356 5357 3477 5416 νοῦ.

2427 5492 2515 5504 -
2541 5472 2641 5520 12.
2672 5456 2767 5519 καὶ
2795 5453 3367 5535 στιλπνότητα,-τὸ
3396 5456 3576 5519 ὅντως
3602 5452 3844 5537 λευκόν]
3878 5452 4019 5517 Ad-

2344 5534 2598 5621 monent
2625 5555 2758 5622 haec
2786 5556 3059 5623 Enniani
3087 5555 3251 5621 illius
3278 5577 3380 5642 ap.
3411 5554 3541 5619 Cic.
3574 5553 3655 5620 de
3685 5555 3769 5621 N.
3793 5557 3882 5621 D.
3918 5556 4018 5623 11.

2389 5664 2449 5717 N
