5118 6613
1494 563 1690 627 LIB.
1737 562 1856 626 IV.
1902 561 2357 627 ENNEAD.
2399 562 2796 628 PRIMAE.
2839 585 2903 650 p.
2937 562 3213 649 63—67.

640 731 843 797 Finib.
903 732 1155 821 passim,
1215 746 1281 798 et
1335 732 1464 798 vid.
1525 733 1835 801 Goerenz.
1892 732 1975 799 ad
2032 756 2178 800 eum
2248 758 2313 824 p.

637 836 783 921 582.

722 975 809 989 -
832 953 892 1022 7.
930 940 1426 1026 ἐγκολπίσασθαι]
1462 938 1606 1006 vid.
1639 939 2007 1029 Alciphron.
2026 940 2233 1029 Epist.
2257 943 2315 1006 Ι.

644 1040 743 1105 18.
774 1064 839 1129 p.
865 1056 971 1127 95.
1004 1043 1308 1129 Wagner.
1342 1041 1638 1130 Sylburg.
1667 1043 1748 1108 ad
1777 1044 1968 1109 Dion.
1999 1043 2201 1109 Halic.
2228 1045 2313 1109 T.

642 1144 759 1208 VI.
789 1167 851 1232 p.
878 1146 1024 1229 964.
1104 1144 1395 1210 Schaefer.
1440 1145 1506 1209 in
1556 1145 1757 1212 Indic.
1799 1146 1883 1211 ad
1927 1147 2191 1236 Dionys.
2237 1147 2317 1212 de

643 1246 985 1334 Composit.
1016 1270 1078 1334 p.
1108 1267 1250 1333 149.
1294 1246 1615 1313 Plutarch.
1638 1248 1718 1313 de
1748 1249 2049 1315 Garrulit.
2079 1273 2146 1338 p.
2165 1250 2315 1337 508.

639 1349 728 1414 D.
756 1371 817 1436 p.
840 1350 948 1430 48.
992 1350 1328 1437 VVyttenb.
1357 1350 1457 1415 ed.
1488 1351 1706 1416 minor.
1729 1358 2069 1434 ε-μὶἰλλον
2097 1355 2162 1418 δὲ
2202 1355 2318 1417 ὤσ-

639 1477 749 1533 περ
773 1454 990 1534 ἑρπετὰ
1016 1453 1149 1521 τοὺς
1177 1453 1531 1536 ἆποῤῥήτους
1556 1456 1773 1537 λόγους
1801 1456 2315 1539 ἐγκολπισάμενοι.

643 1553 790 1621 Vid.
836 1554 1021 1619 etiam
1068 1555 1302 1620 Suiceri
1349 1555 1543 1621 Thes.
1589 1557 1827 1623 Eccles.
1871 1558 1937 1622 in
1984 1561 2312 1642 ἑγκόλπιος.

644 1655 927 1722 Plotinus
976 1673 1186 1723 autem
1236 1658 1301 1724 h.
1336 1657 1381 1724 l.
1432 1659 1511 1725 de
1559 1660 1776 1725 intima
1822 1662 2208 1749 arrogatione
2256 1676 2320 1728 et

641 1760 1072 1848 conjunctione
1094 1776 1355 1850 usurpat
1380 1776 1444 1827 et
1464 1762 1719 1849 quidem
1740 1762 1957 1829 tralate
1984 1764 2064 1829 de
2092 1763 2318 1842 anima,

641 1886 788 1951 quae
807 1864 983 1929 verbi
1010 1863 1374 1952 significatio
1400 1865 1818 1954 consignanda
1844 1881 1937 1932 est
1964 1868 2027 1932 in
2050 1866 2316 1933 Lexicis.

728 1966 818 2031 ib.
868 1965 952 2031 ‘H
999 1969 1064 2032 δὲ
1111 1967 1341 2049 ζήτησις
1390 1966 1651 2049 αὕτη-ἢ
1701 1971 1794 2034 καὶ
1839 1970 2322 2053 προσλαμβάνων

644 2071 829 2158 ζητεῖ]
876 2070 1121 2135 Locum
1150 2094 1295 2136 cum
1323 2093 1448 2135 non
1474 2094 1829 2159 assequerer
1856 2072 2155 2138 intactum
2187 2073 2322 2138 reli-

643 2171 775 2259 qui.
866 2172 1278 2261 Engelhardt.
1303 2173 1392 2237 ita
1417 2173 1791 2261 explicatum
1835 2175 1945 2240 iit:
1996 2176 2319 2255 Voluntas,

646 2297 791 2361 quae
818 2275 900 2339 ad
928 2276 1209 2364 vulgaria
1240 2276 1404 2341 bona
1434 2276 1653 2356 tendit,
1682 2292 2011 2366 propterea
2052 2302 2180 2343 non
2223 2302 2320 2344 re-

637 2375 776 2463 jicit
818 2378 1094 2443 studium
1137 2402 1296 2444 verae
1339 2379 1734 2445 beatitudinis
1764 2381 1865 2463 (ut
1906 2380 2039 2468 ipoe
2081 2381 2143 2445 in
2188 2382 2324 2470 ipso

649 2479 832 2544 beato
866 2480 1165 2546 insit—{v
1201 2484 1384 2568 τούτῳ
1430 2481 1632 2565 εἶναι).
1721 2483 1888 2548 Nam
1930 2483 2182 2549 interior
2213 2485 2323 2550 ho-

651 2581 829 2647 minis
858 2595 1081 2648 natura
1118 2607 1358 2672 semper
1387 2607 1629 2649 summa
1654 2586 1891 2673 expetit
1916 2600 1980 2651 et
2009 2599 2317 2662 sectatum

651 2685 756 2750 sed
800 2685 959 2751 ratio
998 2702 1295 2775 reputans
1335 2688 1561 2752 avertit
1602 2688 1688 2767 id,
1719 2689 1889 2776 quod
1928 2689 1985 2754 ei
2020 2689 2322 2778 displicet,

649 2810 919 2876 eumque
960 2788 1240 2878 impedit,
1271 2806 1485 2856 contra
1525 2790 1616 2868 id,
1645 2791 1818 2878 quod
1846 2792 1903 2856 ei
1928 2791 2150 2880 placet,
2181 2815 2326 2858 con-

652 2891 967 2978 gruitque,
1009 2891 1182 2979 eligit
1225 2908 1289 2958 et
1331 2891 1611 2959 adsciscit
1651 2894 2046 2960 sibi—Addit
2090 2896 2327 2977 ζήτησιν

652 3007 715 3059 et
740 2997 1035 3075 βούλησιν
1074 2995 1137 3059 h.
1164 2994 1206 3060 l.
1254 3019 1383 3061 esse
1428 2997 1703 3061 studium
1746 2996 2095 3085 vulgarium
2134 2999 2328 3064 bono-

654 3120 816 3178 rum,
846 3111 1061 3163 contra
1102 3098 1338 3181 ἔφεσιν,
1382 3099 1823 3187 appetitionem
1864 3100 2004 3166 finis
2052 3101 2185 3184 (τοῦ
2230 3101 2324 3167 τέ-

652 3209 815 3280 λους,
846 3200 1072 3265 summi
1101 3201 1300 3287 boni).

735 3342 823 3352 —
840 3326 900 3390 9.
934 3305 1520 3390 ἅποικονομούμενος]
1573 3308 1653 3371 In
1684 3304 1995 3395 plerisque
2035 3305 2207 3372 libris
2247 3304 2330 3370 ad

653 3407 995 3494 marginem
1039 3406 1385 3495 explicatur
1432 3410 1970 3490 ἀποσκευαζόμενοι·
2009 3409 2051 3474 i.
2084 3433 2138 3474 e.
2185 3433 2225 3474 a
2266 3432 2331 3474 se

653 3524 956 3589 avertens,
987 3510 1285 3597 rejicienS,
1317 3510 1668 3597 repudians.
1762 3513 2122 3601 Opponitur
2163 3512 2328 3578 enim

653 3611 718 3676 h.
745 3610 786 3676 l.
818 3612 1321 3694 προσλαμβάνων,
1350 3612 1495 3678 alibi
1523 3615 1925 3698 προσιέμενος.
2011 3618 2113 3681 De
2141 3615 2331 3680 verbo

655 3714 1177 3793 ἀποσκευάζεσθαι,
1209 3716 1382 3803 quod
1408 3716 1658 3804 proprie
1695 3733 1788 3782 est
1824 3718 2134 3806 deponere
2162 3740 2328 3796 vasa,

3995 583 4072 652 23

2414 772 2417 775 >
2482 771 2572 784 —
2598 753 2696 802 12.
2744 736 2813 800 οὗ
2840 735 3158 823 βούλησις]
3204 733 3518 799 Nimirum
3561 734 3903 800 secundum
3931 735 4077 801 Pla..

2402 838 2583 917 tonis,
2614 861 2759 926 quae
2787 838 3075 902 feruntur
3102 839 3518 923 Definitiones
3555 861 3620 925 p.
3651 858 3798 924 413.
3820 840 3897 904 C.
3927 840 4073 920 βού-

2399 949 2573 1024 λησις
2599 956 2692 1006 est
2723 941 2930 1024 ἔφεσις
2954 944 3102 1022 μετὰ
3129 941 3317 1022 λόγου
3342 942 3538 1022 ὀρθοῦ·
3587 942 3775 1022 ὄρεξις
3809 943 4071 1024 εὔλογος·

2402 1047 2588 1127 ὄρεξις
2612 1047 2762 1125 μετὰ
2787 1047 2975 1126 λόγου
3006 1046 3153 1107 κατὰ
3179 1044 3382 1125 φύσιν.
3417 1042 3776 1108 “Voluntas
3803 1058 3896 1108 est
3915 1042 4079 1108 desi-

2401 1146 2643 1212 derium
2680 1161 2852 1212 recta
2878 1168 3021 1211 cum
3047 1144 3316 1210 ratione:
3364 1145 3666 1233 appetitio
3690 1145 3912 1211 rationi
3938 1169 4082 1211 con-

2402 1264 2713 1315 sentanea:
2757 1248 3059 1337 appetitio
3085 1247 3384 1313 naturalis
3410 1271 3554 1313 cum
3581 1248 3878 1315 ratione.”
3919 1250 4081 1314 Haec

2400 1351 2653 1417 minime
2680 1351 2886 1417 favere
2904 1351 3198 1416 videntur
3225 1349 3620 1436 explicationi
3642 1351 4083 1440 Engelhardti-

2400 1478 2559 1535 anae,
2588 1478 2778 1542 quam
2820 1454 3102 1542 proxime
3143 1452 3207 1517 in
3248 1454 3454 1520 medio
3480 1454 3887 1543 relinquimus
3921 1454 4084 1544 posi-

2403 1570 2549 1623 tam.

2485 1697 2575 1711 —-
2604 1678 2700 1744 17.
2751 1660 3066 1745 ἆνωδυνία]
3125 1659 3313 1740 Quod
3357 1660 3516 1725 hanc
3563 1684 3772 1726 vocem
3828 1660 4082 1727 Ficinus

2404 1763 2590 1830 vertit
2617 1763 3042 1841 indolentiam,
3070 1760 3135 1826 in
3159 1786 3234 1827 eo
3259 1777 3506 1828 secutus
3533 1778 3626 1828 est
3650 1763 3849 1828 Tullii
3874 1779 4086 1829 aucto-

2405 1866 2670 1932 ritatem.
2740 1864 2881 1931 vid.
2916 1864 3094 1931 Offic.
3129 1867 3269 1931 III.
3302 1886 3364 1952 3.
3395 1866 3475 1931 de
3502 1866 3712 1932 Finib.
3747 1867 3845 1932 11.
3878 1886 3941 1948 4.
3981 1884 4079 1932 11.

2406 1993 2470 2058 p.
2506 1971 2645 2034 128.
2682 1970 2985 2035 Goerenz.
3017 1968 3165 2057 ibiq.
3198 1969 3486 2057 inter-prr.

2490 2096 2554 2161 p.
2590 2073 2694 2150 66,
2731 2093 2785 2138 1.
2819 2070 2907 2136 ‘A
2952 2074 3017 2137 δὲ
3056 2074 3322 2154 παρόντα
3365 2099 3416 2136 κ.
3437 2098 3489 2137 τ.
3508 2071 3602 2156 λ.]
3644 2071 3877 2137 Lenior
3912 2074 4087 2139 fieret

2404 2174 2779 2241 constructio
2824 2174 2873 2238 si
2921 2174 3219 2262 scriptum
3249 2180 3757 2254 θεαὶ-ζητεῖται.
3809 2178 4085 2258 Εὕλογον

2405 2279 2510 2343 οὖν
2539 2281 2747 2361 ἇναγκ.
2842 2275 3014 2342 Illud
3041 2276 3341 2364 expressit
3371 2275 3706 2341 Marsilius.

2489 2417 2579 2431 -
2605 2382 2666 2446 6.
2721 2384 2842 2445 Διὰ
2890 2380 3240 2469 τί-ταῦτα]
3309 2380 3407 2443 Sc.
3461 2381 3536 2443 τὰ
3580 2380 3893 2461 ἀναγκαῖα,
3926 2402 4084 2467 Δ(Ῑιιω

2406 2481 2687 2572 proxime
2713 2482 2793 2547 ab
2823 2484 3065 2567 ἀγαθοῖς
3088 2480 3370 2547 distinxit
3399 2481 3704 2546 Plotinus.

2491 2626 2576 2639 —
2599 2600 2658 2668 7.
2707 2586 2819 2669 οὐχ
2845 2587 2936 2649 ὅτι
2962 2584 3106 2667 πρὸς
3132 2585 3199 2649 τὸ
3231 2585 3621 2670 εὐδαιμονεῖν]
3669 2582 4080 2671 Engelhardt.

2408 2688 2807 2777 conjiciebat:
2854 2688 3044 2771 παρὸν
3070 2687 3216 2769 πρὸς
3241 2713 3294 2751 τ.
3323 2713 3373 2752 ε.
3466 2686 3591 2751 Sed
3618 2686 3807 2769 παρὸν
3834 2708 4090 2774 prorsus

2410 2791 2587 2858 nihili
2624 2805 2727 2857 est·
2758 2792 2821 2856 h.
2853 2790 2922 2869 l.,
2965 2813 3078 2855 nec
3120 2789 3420 2877 expressit
3450 2788 3726 2869 Ficinus‚
3757 2805 3970 2876 quem,
3995 2788 4090 2854 uti

2412 2894 2585 2974 solet,
2617 2909 2863 2960 secutus
2889 2906 2983 2959 est
3012 2892 3270 2980 Taylor.

2494 3035 2584 3048 —
2611 3018 2637 3061 1
2654 3018 2708 3062 1.
2739 2996 2776 3077 ἢ
2805 2997 2838 3061 ὃ
2868 2999 3013 3062 ὅταν
3040 2998 3222 3082 παρῇ]
3262 2994 3528 3060 Videtur
3554 2992 3699 3058 inde
3725 2994 3806 3059 ab
3833 2992 3931 3058 his
3958 3016 4092 3059 ver-

2410 3102 2508 3168 bis
2532 3098 2939 3189 philosophus
2976 3114 3184 3165 noster
3210 3096 3400 3163 ordiri
3439 3096 3874 3162 refutationem
3915 3095 4093 3162 aliter

2413 3202 2828 3282 sentientium,
2860 3225 3129 3289 quorum
3165 3214 3527 3288 argumenta
3559 3198 3766 3264 adhuc
3793 3222 4093 3287 exposue-

2412 3320 2528 3374 rat.
2578 3309 2680 3373 Ita
2709 3305 2894 3372 etiam
2923 3303 3192 3393 Engelh.
3226 3298 3289 3368 et
3319 3301 3558 3392 -Taylor
3584 3302 3789 3368 locum
3817 3303 4093 3392 accipere

2414 3410 2724 3476 videntur.
2791 3407 3064 3474 Proinde
3091 3431 3170 3473 ex
3198 3406 3482 3472 codicum
3510 3405 3781 3494 vestigiis
3808 3406 4094 3495 conjicias

2414 3515 2543 3595 ἤτοι
2569 3513 2668 3579 vel
2693 3512 2902 3601 potius
2947 3513 3133 3576 καίτοι
3163 3510 3432 3593 (verum,
3460 3518 3531 3574 at
3558 3529 3724 3587 vern,
3757 3508 3853 3572 vel
3882 3511 4090 3598 atqui)

2416 3619 2931 3783 &av-Zamam&
2976 3715 3061 3804 τι]
3106 3714 3297 3779 Nihil
3336 3713 3696 3802 quidquam,
3732 3734 3914 3802 ganz
3957 3715 4094 3778 und

655 3816 902 3882 demere
928 3817 1357 3898 instrumenta,
1383 3818 1684 3898 utensilia,
1717 3843 1779 3885 se
1808 3820 2170 3908 expeditum
2195 3820 2334 3885 red·
2406 3844 2544 3912 gar
2571 3821 2760 3899 nicht,
2784 3820 2955 3884 nicht
2982 3819 3068 3882 im
3090 3819 3491 3905 gvstngstm,
3513 3814 3592 3879 de
3620 3837 3749 3902 quo
3767 3838 3884 3880 usu
3914 3816 4094 3881 Xen-

657 3917 827 3999 dere,
855 3920 1135 4008 adeoque
1176 3921 1495 4009 projicere,
1524 3945 1835 4011 respuere,
1876 3923 2005 3988 dixi
2047 3921 2130 3988 ad
2174 3924 2332 3989 Pro·

657 4021 824 4087 clum
852 4022 916 4087 in
948 4022 1146 4088 Alcib.
1179 4047 1242 4112 p.
1261 4025 1393 4112 38„
1420 4025 1532 4112 qui
1571 4025 1796 4114 saepius
1835 4041 2119 4113 usurpat,
2149 4026 2331 4091 etiam

657 4124 775 4190 hoc
803 4148 1004 4190 sensu.
1069 4125 1211 4191 vid.
1244 4126 1393 4192 ibid.
1428 4151 1492 4216 p.
1518 4149 1623 4211 41.
1644 4147 1750 4211 44.
1784 4143 1847 4203 et
1874 4127 2082 4194 'Instit.
2117 4129 2330 4195 Theo-

658 4226 781 4315 log.
814 4252 878 4316 p.
900 4248 938 4314 3
957 4249 978 4292 ι
992 4248 1047 4294 2.
1082 4229 1595 4319 Leaticographus
1618 4232 1680 4295 in
1701 4231 1969 4297 Bekkeri
1991 4232 2327 4297 Anecdott.

661 4331 806 4395 Grr.
869 4332 1423 4413 ἀποσκευαζόμενος·
1484 4335 1998 4415 ἆποβαλλόμενος,
2049 4336 2328 4417 ἀποῤῥίπ-

658 4459 797 4513 των,
828 4435 1198 4516 ἀπογυμνῶν.
1244 4435 1325 4501 cf.
1360 4437 1640 4524 Hesych.
1673 4436 1737 4501 in
1769 4461 1902 4502 voc.
1941 4436 2326 4502 Schleusner.

661 4537 820 4602 Leit.
853 4538 939 4603 N.
974 4538 1059 4601 Τ.
1108 4536 1171 4600 in
1210 4561 1341 4604 voc.
1389 4553 1452 4603 et
1482 4538 1876 4604 Valckenaer.
1922 4539 1986 4603 in
2031 4541 2113 4604 N.
2150 4542 2235 4603 T.
2272 4540 2328 4604 1.

658 4661 723 4726 p.
755 4640 903 4723 584.
994 4640 1226 4704 Rarius
1256 4656 1350 4706 est
1379 4643 1912 4723 ἆποικονομεῖσθαι.
2004 4644 2334 4730 Usurpant

658 4758 864 4807 tamen
907 4740 1293 4830 philosophi:
1340 4768 1401 4809 v.
1427 4768 1480 4810 c.
1528 4768 1629 4833 ap.
1668 4745 1840 4811 Stob.
1875 4745 2096 4832 Eclog.
2133 4745 2232 4810 II.
2270 4761 2328 4829 7.

659 4868 725 4933 p.
753 4864 897 4927 214.
922 4845 1302 4927 Hecu—kd?
1333 4849 1481 4913 ὅσον
1511 4851 1680 4929 ἐτίμα
1706 4850 1920 4930 ταύτην
1941 4849 2077 4931 (τὴν
2091 4848 2332 4934 ἀρετὴν)

659 4950 1095 5034 ἆπῳκονομεΐτο
1124 4949 1200 5012 ἂν
1224 4949 1332 5030 τὴν
1361 4953 1583 5016 κακίαν.
1634 4952 1781 5039 Ipse
1799 4951 2086 5017 Plotinus
2104 4951 2255 5037 V.9.
2277 4972 2329 5016 1.

656 5072 725 5138 p.
757 5065 905 5136 555.
941 5051 1017 5114 Β.
1067 5052 1162 5116 καὶ
1199 5052 1266 5116 τὸ
1310 5055 1421 5133 μὲν
1461 5056 1780 5129 διώκοντες,
1814 5054 1882 5118 τὸ
1923 5056 1988 5120 δὲ
2028 5055 2334 5118 ἆποικονο-

655 5156 938 5234 μούμενοι
965 5153 1318 5236 διεγένοντο.
1366 5158 1456 5221 Et
1484 5155 1672 5221 Alex.
1707 5156 2043 5244 Aphrodis.
2073 5155 2153 5220 de
2181 5156 2340 5221 Ani-

657 5278 764 5319 ma
793 5256 891 5319 11.
929 5256 1189 5352 opponit
1217 5259 1324 5337 τὴν
1353 5259 1605 5341 ἐκλογὴν
1632 5273 1695 5323 et
1742 5260 1850 5338 τὴν
1896 5260 2333 5339 ἆποικονομίαν.

658 5356 851 5423 Unde
897 5357 1178 5438 efficitur,
1223 5382 1349 5425 non
1393 5375 1558 5425 recte
1597 5360 1911 5449 ambigere
1960 5361 2335 5450 Lexicogra·

656 5459 820 5549 phos
865 5459 944 5525 de
983 5460 1102 5525 hac
1136 5463 1307 5528 verbi
1351 5476 1675 5552 potestate,
1702 5486 1894 5551 quam
1921 5464 2109 5529 modo
2135 5487 2335 5530 exem·

658 5561 781 5651 plis
807 5562 1209 5630 firmavimus.

2414 3924 2729 4013 ophonteo
2769 3936 2833 3986 et
2871 3919 3187 3986 Platonico
3229 3919 3436 3999 etiam,
3466 3917 3594 3982 vid.
3630 3917 3962 3984 Heindorf.
4009 3919 4094 3984 ad

2419 4027 2576 4093 Plat.
2609 4023 2909 4091 Phoedon.
2948 4026 3007 4108 ξ.
3039 4024 3138 4091 28.
3171 4046 3235 4111 p.
3258 4042 3365 4106 42.
3399 4035 3461 4087 et
3491 4022 3650 4086 Lex.
3680 4021 4088 4110 Xenophont.

2418 4131 2556 4194 III.
2591 4152 2653 4217 p.
2684 4128 2833 4215 356.
2884 4126 3239 4214 Krabinger
3264 4124 3345 4189 ad
3378 4127 3593 4212 Synes.
3627 4123 3707 4188 de
3734 4147 3927 4212 regno
3953 4149 4090 4213 cap.

2415 4252 2477 4318 3.
2511 4254 2576 4318 p.
2609 4233 2746 4313 146.
2797 4228 3090 4294 Similiter
3107 4229 3400 4317 jungitur
3428 4228 3600 4293 οὐδέν
3627 4254 3684 4292 τι
3710 4233 3963 4309 μᾶλλον.
4008 4227 4090 4294 cf.

2418 4333 2656 4399 Heind.
2687 4332 2768 4397 ad
2799 4332 3094 4398 Phaedon.
3128 4355 3192 4420 p.
3222 4347 3361 4417 137.

2504 4460 2569 4525 p.
2599 4437 2705 4520 67,
2732 4456 2787 4500 1.
2838 4437 2933 4501 καὶ
2974 4431 3710 4521 οὐδενὸς-ἐξηρτημένον]
3757 4432 3977 4520 Neque
4015 4434 4096 4498 ab

2417 4540 2550 4604 ulla
2577 4541 2954 4627 infir-iorum
2992 4559 3207 4602 rerum
3233 4537 3506 4622 amplius
3543 4555 3901 4622 suspensus.
3994 4537 4096 4600 De

2418 4666 2545 4729 qua
2597 4642 2659 4707 vi
2710 4644 3036 4708 verborum
3095 4640 3463 4722 ἆπαρτᾶσθαι
3512 4649 3576 4702 et
3629 4640 3980 4720 ἑξαρτᾶσθαι
4029 4663 4088 4703 v.

2420 4745 2755 4832 Wyttenb.
2787 4743 2868 4808 ad
2900 4741 3212 4809 Plutarch.
3245 4764 3309 4829 p.
3339 4757 3482 4825 717.
3515 4739 3613 4806 ed.
3643 4739 3793 4805 min.

2504 4867 2673 4929 —4.
2720 4846 2836 4912 οὐδ’
2869 4850 2922 4911 εἰ
2947 4844 3041 4911 ὑπ’
3073 4846 3251 4909 αὐτ-οὒ
3273 4844 3365 4929 γ.]
3415 4843 3527 4908 vel
3571 4843 3622 4907 si
3662 4843 3795 4931 ipse
3837 4843 3916 4909 sit
3957 4866 4100 4909 con-

2420 4950 2586 5015 ditor
2614 4948 2969 5016 earundem.
3060 4948 3206 5011 Non
3247 4963 3402 5024 erat,
3433 4968 3548 5010 cur
3590 4945 3654 5010 in
3698 4946 3795 5011 his
3838 4945 4100 5012 haereret

2424 5053 2695 5141 Engelh.
2728 5065 2838 5117 aut
2866 5074 2980 5116 cur
3005 5050 3315 5115 omitteret
3345 5048 3602 5138 Taylor.
3682 5051 3844 5115 Mox
3870 5052 4100 5116 πόλεως

2425 5159 2605 5222 αὑτοῦ
2635 5153 3018 5237 κατασκαφὴν
3046 5152 3309 5218 debebat
3329 5151 3377 5216 F
3381 5151 3456 5218 ic.
3482 5165 3751 5217 vertere:
3798 5173 3931 5216 suae
3959 5152 4097 5237 (pap

2426 5258 2590 5345 triae)
2636 5259 2813 5323 urbis
2854 5258 3249 5322 eversionem.
3344 5254 3628 5342 AEschyl.
3673 5256 3842 5340 Sept.
3897 5266 4092 5318 contr.

2427 5361 2633 5427 Theb.
2666 5363 2771 5442 46.
2810 5358 2849 5440 ἢ
2890 5362 3065 5425 πόλει
3111 5361 3491 5440 κατασκαφὰς
3531 5357 3749 5424 θέντες.
3814 5353 4094 5422 AEschin.

2424 5464 2566 5529 adv.
2602 5463 2879 5550 Ctesiph.
2913 5485 2977 5550 p.
3008 5463 3106 5545 76.
3140 5484 3205 5548 p.
3231 5476 3379 5546 544.
3414 5457 3628 5525 Reisk.
3695 5457 3798 5523 Cf.
3826 5456 4099 5522 Wessel-

2423 5566 2551 5654 ing.
2584 5565 2664 5632 ad
2696 5565 2956 5631 Diodor.
2986 5566 3138 5629 XV.
3166 5564 3267 5627 88.
3299 5585 3363 5650 p.
3389 5579 3489 5645 72.
3516 5583 3606 5647 sq.
