5118 6613
1270 538 1466 601 ΜΒ.
1514 537 1656 603 111.
1707 535 2168 602 ENNEAD.
2216 537 2690 617 QUARTAE.
2737 560 2801 626 p.
2839 554 3204 624 723-727-

545 714 670 790 ζῇν,
702 708 874 776 οὗτός
902 710 1068 773 ἐστιν
1098 711 1130 772 ὀ
1169 708 1429 790 σώφρων
1460 709 1556 772 καὶ
1595 707 1765 776 οὗτος
1794 711 1828 773 ὁ
1858 711 2123 790 ἀνδρεῖος
2155 709 2249 772 καὶ

545 814 853 895 φρόνιμος.
940 812 1105 875 Eum
1160 810 1363 873 locum
1412 810 1614 897 tangit
1667 811 1981 877 Aristides
2037 813 2245 875 Oratt.

545 914 792 980 Platon.
842 913 985 978 Vol.
1021 914 1122 978 11.
1160 936 1222 999 p.
1261 913 1401 998 163.
1449 912 1642 977 Jebb.
1689 911 1991 999 expressit
2033 927 2244 976 autem

545 1018 768 1083 Cicero
812 1014 1100 1081 Tuscull.
1149 1016 1228 1078 V.
1276 1033 1388 1079 12:
1441 1023 1484 1054 “
1519 1017 1686 1078 Nam
1730 1015 1834 1079 cui
1879 1015 2014 1079 viro
2056 1038 2134 1078 ex
2181 1037 2245 1079 se

542 1121 681 1209 ipso
716 1134 868 1208 apta
910 1133 1059 1183 sunt
1101 1117 1333 1194 omnia,
1366 1141 1513 1204 quae
1556 1117 1636 1181 ad
1681 1118 1861 1182 beate
1904 1117 2243 1181 vivendum

541 1225 777 1301 ferunt,
807 1244 922 1287 nec
949 1242 1259 1309 suspensa
1286 1220 1547 1284 aliorum
1578 1236 1690 1285 aut
1735 1221 1904 1285 bono
1946 1243 2093 1285 casu
2131 1234 2244 1285 aut

541 1328 874 1403 contrarie,
909 1324 1188 1412 pendere
1222 1345 1300 1387 ex
1341 1322 1599 1387 alterius
1640 1325 1879 1388 eventis
1920 1337 1985 1387 et
2027 1343 2249 1386 errare

539 1430 931 1518 coguntur:”
975 1430 1084 1493 διο.
1177 1426 1452 1491 Consule
1497 1425 1848 1491 Gottleber.
1905 1438 1967 1489 et
2027 1425 2245 1488 Loers.

542 1533 624 1598 ad
655 1534 915 1597 Menex.
949 1529 988 1593 l.
1013 1529 1059 1594 l.
1091 1552 1153 1616 p.
1192 1546 1335 1610 172.
1424 1530 1574 1593 Non
1619 1542 1922 1614 repetam,
1953 1549 2101 1614 quae
2133 1526 2248 1590 viri

541 1635 708 1700 docti
747 1656 955 1720 nuper
981 1632 1046 1696 in
1080 1630 1301 1718 Steph.
1326 1629 1519 1695 Thes.
1554 1629 1767 1694 Lond.
1799 1643 2244 1715 congesserunt

540 1738 621 1803 de
645 1737 767 1802 hoc
796 1735 1027 1801 verbo:
1075 1725 1375 1798 nonnulla
1401 1733 1521 1796 alia
1557 1732 1863 1820 adjiciam.
1913 1731 2240 1797 Plutarch.

542 1839 622 1905 de
650 1841 803 1904 Fac.
832 1837 896 1902 in
925 1837 1079 1902 orbe
1103 1837 1310 1900 Lunae
1333 1858 1394 1922 p.
1429 1855 1577 1920 924.
1607 1836 1686 1899 B.
1720 1838 1908 1916 ῥεῦμα
1937 1837 2245 1901 ἄπαυστον

541 1945 762 2023 αἰώραν
790 1940 886 2005 καὶ
926 1938 1383 2004 ἀκατάπαυστον
1427 1939 1865 2019 αἰωρούμενονε
1913 1935 2242 2002 libratione

539 2043 830 2109 libratum
877 2040 1285 2105 indesinente.
1335 2039 1440 2104 Cf.
1476 2038 1934 2127 Wyttenbach.
1965 2038 2048 2103 ad
2095 2038 2238 2105 Pla-

540 2161 667 2214 ton.
721 2143 1022 2210 Phaedon.
1060 2164 1128 2229 p.
1160 2160 1527 2227 311-313.
1575 2141 1686 2205 ubi
1730 2141 1810 2205 de
1857 2155 2034 2205 motu
2079 2140 2237 2206 inte-

539 2247 698 2312 riore
744 2247 967 2311 Terrae
1009 2246 1233 2327 αἰώραν
1274 2243 1567 2332 explicat.
1646 2244 1789 2308 Vid.
1842 2244 2110 2308 eundem
2157 2244 2240 2309 ad

541 2348 865 2415 Plutarch.
898 2371 960 2435 p.
996 2348 1141 2433 837.
1175 2346 1285 2411 ubi
1325 2346 1510 2410 etiam
1557 2345 1638 2409 de
1682 2346 1878 2411 altera
1915 2345 2246 2434 scriptione

540 2454 697 2534 ἑόρα
747 2451 859 2534 (de
902 2473 1031 2537 qua
1073 2448 1240 2513 adde
1290 2451 1378 2513 G.
1408 2452 1490 2514 O.
1539 2449 1718 2513 Reiz.
1767 2448 1851 2513 ad
1902 2448 2244 2536 Theophil.

538 2552 843 2640 Paraphr.
883 2551 1196 2616 Institutt.
1244 2551 1344 2615 11.
1374 2574 1438 2638 p.
1479 2570 1628 2637 733.
1666 2552 1812 2615 Ast.
1860 2549 1940 2614 ad
1990 2548 2239 2616 Platon.

537 2657 742 2743 Legg.
775 2678 840 2743 p.
870 2673 1023 2741 341.
1053 2653 1308 2718 Jacobs.
1343 2652 1406 2716 in
1448 2653 1656 2717 Lectt.
1711 2652 2026 2718 Stobenss.
2061 2675 2126 2740 p.
2165 2673 2242 2736 ¹9

536 2777 730 2825 —21.
791 2772 857 2823 et
931 2759 1248 2843 Corayum
1308 2755 1371 2819 in
1437 2754 1744 2822 Ἀτάκτοις
1819 2756 1920 2819 ΙῙ.
1980 2778 2044 2842 p.
2111 2759 2237 2840 19.)

539 2862 808 2949 Dionys.
854 2859 1064 2924 Halic.
1105 2859 1173 2922 in
1220 2860 1554 2944 Excerptt.
1603 2858 1872 2945 Antiqq.
1926 2859 2099 2922 XII.
2138 2878 2237 2922 20.

538 2987 599 3053 p.
638 2983 736 3047 19.
768 2962 871 3026 ed.
900 2961 1102 3050 princ.
1153 2960 1421 3025 Mediol.
1456 2962 1533 3025 de
1574 2960 1876 3025 Camillo:
1929 2959 2107 3025 ἔπειτ’
2143 2964 2239 3024 ἐν·

539 3066 813 3148 θυμηθεὶς
840 3066 917 3133 ὥς
961 3065 1058 3128 ἐπὶ
1091 3067 1299 3145 μικρᾶς
1336 3065 1632 3145 αἰωρεῖται
1672 3065 1856 3145 ῥοπῆς
1897 3064 1934 3144 ἡ
1975 3068 2094 3127 τῶν
2134 3065 2238 3126 ἀν-

539 3169 789 3251 θρόπων
818 3168 1158 3246 εὐδαιμονία
1187 3167 1283 3229 καὶ
1318 3164 1581 3246 βέβαιον
1610 3166 1784 3230 οὐδὲν
1815 3164 2079 3243 διαμένει
2123 3171 2242 3229 τῶν

540 3270 1124 3354 ἀγαθῶν-ηὔξησε
1195 3270 1371 3354 Ang.
1425 3267 1628 3354 Maj.:
1686 3274 1732 3306 “
1765 3265 2013 3332 Deinde
2056 3290 2241 3355 repu-

540 3386 676 3438 tans
719 3370 1062 3436 humanam
1090 3370 1448 3434 felicitatem
1487 3367 1569 3432 ad
1614 3368 1803 3434 breve
1832 3384 2084 3457 tempus
2125 3392 2237 3434 ex-

540 3474 669 3541 tolli
692 3476 748 3539 :”
796 3473 1057 3539 Malim:
1106 3476 1347 3561 exiguo
1369 3480 1671 3537 momento
1698 3472 1952 3551 librari,
1984 3495 2036 3537 s.
2064 3474 2239 3536 tenui

540 3585 842 3642 momento
882 3596 1253 3663 suspensam
1282 3595 1449 3647 ease,-
1502 3573 1646 3639 licet
1690 3596 1812 3639 non
1858 3574 2238 3662 negaverim,

539 3678 683 3747 alibi
725 3678 914 3744 etiam
958 3700 1089 3742 esse
1131 3678 1442 3742 extollere.
1492 3675 1796 3764 Xenoph.
1841 3680 2089 3765 Cyneg.
2121 3677 2239 3741 IV.

538 3800 602 3862 4.
644 3803 833 3846 canes
875 3779 1171 3844 dicuntur
1216 3782 1560 3861 αἰωρεῖσθαι
1601 3779 1710 3858 τὴν
1736 3780 1964 3863 ψυχὴν,
2010 3779 2118 3844 ubi
2147 3778 2239 3843 fe-

539 3906 668 3948 ram
699 3897 948 3948 tantum
979 3904 1103 3946 non
1132 3881 1473 3967 attingunt.
1570 3881 1692 3945 Sed
1718 3903 2091 3967 suspensum
2112 3903 2244 3945 esse

540 3985 722 4051 etiam
769 3984 850 4049 de
900 4007 1010 4071 spe
1060 3983 1223 4048 dixit
1269 3983 1616 4048 Herodian.
1666 3983 1841 4047 Hist.
1888 3983 2002 4047 VI.
2059 4001 2119 4049 2.
2156 4003 2237 4067 9:

541 4088 814 4167 ματαίως
842 4087 1050 4151 ἐλπίσι
1077 4087 1498 4167 αἰωρούμενον.
1546 4085 1927 4150 Plutarchus
1953 4084 2015 4148 in
2039 4086 2244 4149 Bruto

541 4213 677 4278 cap.
707 4207 814 4277 37.
845 4212 907 4277 p.
943 4208 1089 4255 212.
1125 4188 1347 4253 Corai:
1399 4190 1500 4252 σοὶ
1529 4188 1599 4268 δὴ
1631 4187 1725 4252 καὶ
1747 4188 1815 4252 τὸ
1840 4192 2012 4266 σῶμα
2032 4196 2240 4252 ταλαι-

539 4295 921 4375 πωρούμενον
950 4292 1132 4374 φύσει
1160 4290 1268 4369 τὴν
1297 4289 1564 4355 διάνοιαν
1587 4292 1794 4372 αἰωρεῖ
1820 4290 1918 4353 καὶ
1944 4289 2240 4372 παρατρέ-

540 4419 659 4460 πει.
748 4393 924 4459 Hinc
954 4395 1300 4475 αἰωρεῖσθαι
1326 4392 1408 4457 de
1436 4391 1533 4470 iis,
1562 4391 1698 4479 qui,
1729 4391 1984 4456 navium
2025 4390 2241 4468 instar,

542 4495 665 4562 huc
691 4495 840 4562 illuc
858 4497 1181 4584 jactantur
1222 4509 1285 4560 et
1327 4493 1539 4559 animo
1567 4494 1895 4560 fluctuant.
1987 4495 2132 4573 Quo
2162 4493 2243 4558 de

541 4620 660 4664 usu
690 4597 955 4684 aliisque
995 4596 1184 4685 plura
1216 4596 1466 4685 collegit
1498 4600 1573 4663 C.
1603 4599 1680 4662 F.
1715 4597 1926 4662 Baehr.
1960 4596 2040 4661 ad
2082 4596 2237 4660 Plu·

541 4700 739 4767 tarchi
766 4699 981 4766 Alcib.
1015 4701 1120 4766 28.
1150 4723 1214 4787 p.
1251 4717 1398 4786 219.
1433 4723 1529 4786 sq.
1564 4715 1628 4766 et
1655 4700 1736 4765 ad
1771 4699 2152 4786 Philopoem.
2181 4720 2237 4762 c.

549 4805 649 4867 16.
677 4824 743 4889 p.
774 4802 882 4888 58.

626 4925 694 4990 p.
726 4919 878 4988 725,
917 4921 1013 4987 15.
1064 4904 1218 4984 Περὶ
1247 4905 1313 4967 δὲ
1339 4902 1587 4983 μνήμης,
1621 4905 1676 4967 εἰ
1709 4904 1912 4971 αὐταῖς
1948 4908 2078 4970 ταῖς
2115 4910 2242 4984 tle-v·

540 5007 1153 5090 χαῖς-μνημονεύειν
1195 5006 1451 5090 ὑπάρχει
1502 5033 1555 5070 κ.
1577 5032 1630 5070 τ.
1652 5006 1748 5094 λ.]
1828 5004 1939 5070 Ad
1999 5005 2135 5069 haec
2180 5018 2245 5069 et

541 5107 866 5196 sequentia
911 5106 1247 5195 pertinent,
1298 5130 1446 5193 quae
1496 5108 1894 5196 Porphyrius
1943 5107 2125 5195 ponit
2177 5105 2242 5170 in

541 5208 753 5276 libello
793 5209 876 5275 de
903 5208 1226 5275 Gradibus
1259 5232 1360 5297 ap.
1398 5208 1575 5275 Stob.
1621 5209 1888 5298 Eclogg.
1934 5209 2160 5298 Physs.
2192 5209 2242 5272 1.

540 5329 649 5397 52.
687 5331 788 5399 19.
831 5334 899 5399 p.
933 5312 1080 5377 820.
1129 5333 1266 5398 sqq.
1317 5313 1511 5375 Heer.
1558 5310 1622 5375 in
1666 5311 1816 5377 edit.
1867 5311 2234 5397 Cantabrig.

542 5414 678 5501 ejus
705 5413 897 5479 libelli
930 5437 986 5479 c.
1019 5414 1389 5480 XXXIX.
1421 5437 1483 5500 p.
1519 5415 1665 5494 246.
1698 5437 1836 5502 sqq.
1877 5414 2023 5479 item
2074 5415 2243 5478 Iam-

546 5515 732 5582 blichi
776 5516 1127 5582 notationes
1158 5538 1266 5605 ap.
1296 5515 1565 5581 eundem
1614 5517 1792 5583 Stob.
1835 5514 1992 5582 ibid.
2035 5516 2097 5580 1.
2126 5533 2236 5601 52.

3918 563 4042 632 219

2334 730 2438 795 31.
2471 735 2533 800 p.
2570 708 2714 774 880.
2746 710 2857 797 qui
2886 709 3017 774 ita:
3065 716 3378 778 Πλωτῖνος
3416 711 3593 790 αὐτῆς
3637 716 3768 794 (τῆς
3806 719 4034 800 ψυχῆς)

2335 814 2585 895 ἀφαιρεῖ
2621 816 2726 879 τὰς
2770 814 3027 894 ἀλόγους
3067 812 3356 893 δυνάμεις,
3403 817 3508 880 τὰς
3558 815 3883 895 αἰσθήσεις,
3934 821 4038 887 τᾶς

2334 915 2695 997 φαντασίας,
2722 917 2828 981 τὰς
2853 913 3100 993 μνήμας,
3132 914 3267 981 τοὺς
3292 918 3638 998 λογισμούς.
3729 919 3944 984 Μόνον
3973 922 4040 986 δὲ

2330 1016 2439 1080 τὸν
2470 1015 2732 1097 καθαρὸν
2758 1015 3058 1096 λογισμὸν
3095 1019 3179 1083 εἰς
3219 1016 3328 1095 τὴν
3365 1020 3629 1098 καθαρὰν
3672 1019 3888 1084 οὐσίαν
3930 1022 4032 1085 αὖ·

2330 1121 2433 1196 τῆς
2461 1118 2781 1192 ἀνατείνει,
2815 1119 2893 1185 ὣς
2922 1118 3143 1201 ἔχοντα
3186 1123 3427 1200 συμφυῆ
3468 1122 3716 1201 δύναμιν
3743 1122 3890 1205 πρὸς
3926 1125 4030 1188 αὖ·

2331 1219 2439 1298 τὴν
2488 1224 2591 1299 τῆς
2640 1221 2846 1287 οὐσίας
2894 1219 3081 1284 ἰδέαν.
3127 1223 3187 1284 οἰ
3242 1223 3307 1284 δὲ
3356 1223 3493 1304 περὶ
3543 1226 3893 1307 Πορφύριον
3940 1228 4035 1290 καὶ

2335 1326 2665 1387 Πλωτΐνον
2682 1322 2913 1409 ἑκάστῳ
2939 1321 3106 1405 μέρει
3136 1326 3241 1386 τοῦ
3277 1323 3500 1390 παντὸς
3540 1328 3646 1392 τὰς
3679 1329 3897 1395 οἰκείας
3932 1333 4028 1392 δυ-

2336 1422 2538 1504 νάμεις
2570 1424 2993 1506 προβαλέσθαι
3034 1424 3151 1489 ὑπὸ
3190 1429 3291 1504 τῆς
3332 1430 3535 1508 ψυχῆς
3576 1428 4031 1510 ἀποφαίνονται,

2337 1527 2432 1589 καὶ
2459 1525 2750 1607 ἀφιέσθαι
2775 1528 2888 1606 μὲν
2918 1528 3013 1590 καὶ
3040 1525 3245 1607 μηκέτι
3269 1526 3423 1591 εἶναι
3451 1531 3557 1596 τὰς
3583 1532 3732 1604 ζωᾶς
3757 1533 3861 1599 τὰς
3883 1534 4036 1598 ὁπω-

2334 1631 2484 1691 σοῦν
2510 1630 2960 1710 προβληθείσας
2991 1625 3082 1712 [οἱ
3122 1630 3259 1711 περὶ
3288 1632 3640 1712 Πορφύριον
3670 1633 3766 1696 καὶ
3794 1638 4032 1700 Πλωτῖ-

2330 1756 2439 1795 νον
2498 1733 2901 1817 Πλατωνικοὶ]
2968 1734 3370 1815 ἀφορίζονται,
3431 1738 3860 1816 παραπλησίως
3911 1745 4035 1808 τοῖς

2330 1832 2446 1897 ἀπὸ
2475 1838 2582 1897 τοῦ
2602 1834 2940 1917 σπέρματος
2968 1834 3307 1917 φυομένοις,
3333 1837 3561 1901 ὁπόταν
3584 1840 3668 1906 εἰς
3695 1840 3869 1905 ἑαυτὸ
3891 1843 4035 1907 ἀνω

2328 1938 2515 2016 δραμῇ
2561 1936 2628 1999 τὸ
2673 1936 2929 2018 σπέρμα.
3024 1937 3189 2001 Haec
3232 1951 3548 2024 postrema
3588 1939 3905 2025 pertinent
3953 1967 4032 2009 ex

2327 2053 2506 2123 parte
2534 2038 2618 2103 ad
2648 2037 2969 2124 superiora
2998 2037 3233 2103 Plotini
3260 2061 3328 2127 p.
3347 2060 3385 2124 3
3390 2055 3470 2126 51
3487 2088 3502 2104 .
3531 2042 3609 2105 F.
3642 2042 3754 2108 ubi
3781 2046 4035 2111 consule

2326 2153 2626 2203 annotata
2673 2154 2736 2204 et
2786 2139 3016 2203 adhibe
3069 2141 3382 2229 Porphyr.
3429 2142 3510 2207 de
3558 2145 3878 2212 Gradibus
3923 2172 4028 2236 ap.

2331 2240 2504 2409 Stgb.
2537 2241 2577 2304 l.
2603 2240 2642 2305 l.
2675 2264 2740 2328 p.
2772 2242 3133 2324 824—826.
3166 2258 3231 2309 et
3271 2269 3336 2332 p.
3373 2261 3517 2328 247.
3550 2245 3696 2311 infr.
3727 2249 3826 2313 ed.
3862 2253 4030 2317 Can-

2332 2360 2398 2409 ta
2442 2368 2495 2408 r.

2419 2469 2487 2533 p.
2515 2449 2663 2530 726,
2687 2466 2747 2513 2.
2792 2450 2856 2512 τί
2876 2450 2988 2528 μὲν
3017 2447 3133 2530 γάρ
3166 2450 3295 2514 ἐστι
3321 2450 3538 2530 μνήμη,
3570 2455 3792 2534 εἴρηται
3822 2457 3890 2519 ἐν
3919 2458 4025 2521 ἀλ·

2331 2551 2515 2638 λοις.]
2552 2549 2867 2614 Nimirum
2891 2550 2953 2613 in
2986 2549 3147 2615 libro
3174 2553 3310 2634 περὶ
3340 2553 3672 2633 αἰσθήσεως
3691 2556 3785 2620 καὶ
3805 2558 4033 2640 μνήμης

2329 2651 2494 2715 infra
2534 2653 2657 2717 IV.
2700 2656 2762 2717 6.
2859 2653 2984 2717 Sed
3041 2653 3194 2740 quia
3242 2654 3344 2719 hic
3394 2654 3552 2719 liber
3597 2657 3674 2721 cle
3717 2660 3930 2725 Sensu
3972 2673 4033 2727 et

2329 2755 2651 2818 Memoria
2668 2770 2811 2841 post
2840 2754 2954 2818 hos
2972 2753 3164 2819 libros
3178 2756 3253 2819 de
3271 2758 3512 2822 Dubiis
3530 2758 3781 2825 Animae
3802 2761 4031 2849 scripto

2329 2857 2729 2944 consignatus
2754 2870 2867 2936 est,
2892 2856 3044 2922 alios
3069 2858 3290 2923 harum
3325 2860 3705 2925 Enneadum
3735 2862 3903 2929 locos
3930 2864 4032 2933 hic

2327 2959 2632 3047 respicere
2659 2960 2982 3048 putandus
3009 2976 3103 3026 est
3133 2961 3446 3041 Plotinus,
3477 2963 3589 3050 qui
3629 2965 3803 3030 haud
3845 2970 4031 3055 pauci

2328 3076 2497 3127 sunt.
2573 3062 2838 3150 Taylor.
2886 3063 2950 3127 in
3000 3064 3231 3129 Annot.
3277 3065 3359 3129 ad
3403 3064 3471 3129 h.
3492 3065 3535 3133 l.
3588 3066 3726 3134 haec
3776 3071 4025 3157 posuit:

2330 3172 2373 3205 “
2406 3168 2703 3252 Memory
2733 3164 2785 3230 is
2821 3167 3188 3255 summarily
3216 3169 3500 3255 stability
3528 3171 4026 3263 ofknowledge5

2317 3269 2457 3356 just
2485 3292 2554 3333 as
2592 3268 2998 3356 immortality
3029 3268 3082 3334 is
3124 3269 3399 3360 stability
3430 3271 3505 3336 of
3541 3272 3671 3353 life,
3702 3275 3825 3339 and
3872 3291 4029 3343 eter-

2328 3371 2465 3459 nity
2493 3371 2547 3436 is
2577 3371 2856 3460 stability
2883 3372 2959 3437 of
2982 3372 3231 3460 being.”

2413 3510 2501 3522 —
2532 3475 2595 3538 6.
2637 3473 2871 3553 μνήμην
2901 3474 2971 3553 δὴ
2998 3475 3134 3556 περὶ
3179 3473 3341 3547 θεὸν,
3375 3474 3512 3538 οὐδὲ
3540 3477 3675 3556 περὶ
3712 3478 3781 3542 τὸ
3826 3478 3900 3544 ὃν
3936 3485 4030 3546 καὶ

2329 3581 2472 3640 νοῦν
2501 3575 2736 3659 θετέον]
2790 3578 2917 3639 Pro
2944 3600 3041 3654 μν.
3076 3576 3146 3655 δὴ
3175 3576 3245 3639 οὗ
3263 3574 3361 3639 vel
3391 3577 3547 3651 οὔτε,
3566 3578 3701 3659 περὶ
3731 3584 3783 3643 θ.
3805 3607 3856 3645 κ.
3890 3608 3943 3646 τ.
3965 3591 4028 3648 λ.

2328 3677 2474 3742 Vid.
2513 3677 2807 3742 Schaefer.
2852 3675 2937 3741 ad
2977 3676 3205 3741 Lamb.
3249 3678 3400 3741 Bos.
3434 3675 3661 3764 Ellips.
3692 3702 3754 3767 p.
3791 3696 3935 3767 777.
3966 3699 4028 3750 et

2329 3778 2576 3844 Matth.
2610 3779 2726 3843 Gr.
2761 3780 2881 3844 Gr.
2915 3783 2975 3864 ᾗ.
3012 3782 3161 3864 609.
3193 3801 3259 3866 p.
3301 3796 3485 3863 1227.
3518 3780 3620 3844 ed.
3648 3783 3898 3849 secund.

2415 3904 2481 3968 p.
2525 3896 2673 3964 727,
2721 3899 2776 3946 2.
2826 3881 2921 3945 καὶ
2964 3881 3230 3962 μάλιστα
3284 3884 3546 3967 οἐνταῦθα
3586 3885 3842 3976 ἡκούσῃ]
3890 3888 4027 3954 Fic.

2331 3989 2375 4022 “
2407 3996 2470 4047 et
2532 3981 2804 4047 maxime
2851 3981 2978 4047 buc
3030 3982 3215 4071 long-e
3254 3985 3660 4071 profectam.”
3748 3990 4024 4079 Taylor:

2333 4095 2373 4118 “
2391 4084 2516 4148 and
2536 4084 2865 4172 especially
2880 4085 3057 4150 when
3080 4085 3131 4150 it
3146 4085 3260 4151 has
3277 4087 3664 4176 profoundly
3682 4090 4029 4161 descended

2275 4174 2295 4191 ⁶
2329 4186 2463 4250 into
2506 4186 2734 4274 body.”
2820 4189 2970 4275 Ego
3012 4187 3101 4252 ita
3132 4189 3344 4276 potius
3385 4189 3523 4256 baec
3548 4192 3910 4281 accipienda
3936 4222 4032 4263 ar-

2329 4287 2567 4353 bitror:
2614 4303 2678 4354 et
2720 4290 2990 4354 maxime
3031 4312 3179 4378 quoe
3211 4293 3440 4371 (modo,
3487 4316 3536 4357 s.
3572 4317 3776 4382 nuper
3816 4298 4033 4366 admo-

2331 4391 2520 4477 dum)
2579 4391 2706 4456 huc
2762 4391 3038 4457 advenit.
3127 4393 3445 4458 Nimirum
3507 4394 3799 4462 Plotinus
3856 4400 4030 4490 loqui

2332 4493 2585 4557 videtur
2612 4492 2692 4558 de
2721 4494 2944 4559 animis
2970 4494 3304 4560 infantium
3336 4497 3505 4562 haud
3539 4498 3630 4564 ita
3659 4501 3860 4567 multo
3884 4520 4031 4571 ante

2328 4610 2644 4674 natorum,
2673 4619 2822 4683 quae
2850 4597 3241 4663 conturbatae
3275 4600 3504 4664 recenti
3550 4600 3729 4690 lapsu
3759 4620 3822 4671 et
3852 4609 4031 4693 quasi

2329 4697 2520 4762 ebriae
2562 4696 2771 4762 minus
2813 4698 3020 4763 valent
3065 4699 3412 4788 superiores
3454 4704 3681 4769 mentis
3723 4704 3884 4772 vires
3924 4732 4032 4774 ex-

2329 4799 2562 4888 plicare
2606 4799 2714 4864 sed
2758 4800 3035 4866 materioe
3077 4814 3141 4866 et
3185 4801 3512 4867 nutritioni
3555 4805 3756 4894 magis
3798 4811 4030 4875 manci-

2331 4917 2499 4990 patae
2528 4916 2694 4967 sunt.
2741 4902 2889 4967 Vid.
2929 4902 3225 4968 Proclum
3271 4903 3334 4968 in
3379 4904 3593 4972 Alcib.
3636 4931 3733 4996 pr.
3778 4934 3847 4998 p.
3887 4916 4026 4999 196.

2334 5007 2480 5085 Qua
2492 5005 2559 5070 in
2582 5029 2650 5070 re
2673 5004 2965 5071 Plotinus
2985 5007 3193 5072 omnia
3207 5007 3329 5072 alia
3342 5007 3822 5077 docerevidetur
3842 5039 4032 5101 quam

2333 5108 2628 5187 Hermes,
2661 5107 2774 5195 qui
2801 5108 3023 5188 fertur,
3059 5108 3168 5196 qui
3207 5108 3270 5172 in
3313 5107 3508 5175 Clave
3537 5134 3601 5199 p.
3632 5132 3806 5178 11.a.
3841 5115 3906 5179 b.
3930 5117 4030 5181 ed.

2332 5210 2559 5274 Franc.
2636 5209 2892 5274 Patricii
2918 5209 3175 5274 infantis
3211 5209 3482 5275 animam
3528 5211 3842 5300 puriorem
3886 5238 4032 5303 pro-

2330 5312 2446 5391 dit,
2478 5327 2702 5400 utpote
2729 5312 3011 5377 nondum
3042 5311 3296 5400 penitus
3336 5310 3707 5378 maculatam
3753 5318 4031 5385 materiae

2327 5413 2636 5479 sordibus.
2756 5414 3053 5479 Proxime
3094 5414 3180 5479 ad
3224 5415 3416 5480 verba
3467 5415 3702 5496 μνήμην
3745 5419 3843 5483 καὶ
3886 5422 4031 5488 ἀνά-

2323 5541 2544 5597 μνησιν
2572 5515 2657 5579 cf.
2690 5515 2838 5581 infr.
2866 5540 2928 5604 p.
2957 5532 3109 5599 472.
3144 5518 3229 5583 E.

2482 5633 2531 5684 F
2573 5604 2619 5683 f
2648 5613 2699 5685 2
