5118 6613
1037 592 1118 657 28

1036 763 1344 830 Fabricio.
1432 763 1867 829 Consulendus
1901 780 2109 829 autem
2141 788 2283 830 cum
2323 765 2405 830 ad
2437 766 2600 829 hanc
2636 764 2718 828 si-

1034 866 1443 932 militudinem
1474 884 1608 932 tum
1648 868 1726 932 ad
1761 868 2114 933 universum
2161 868 2282 933 hoc
2324 882 2514 955 caput
2545 870 2720 933 Mar—

1033 968 1150 1034 silii
1177 970 1369 1034 nostri
1401 970 1919 1036 Commentarius-

1103 1094 1166 1160 p.
1193 1089 1299 1155 72,
1316 1093 1382 1154 4.
1409 1075 1906 1163 μετὰ-ἐνεργεΐι
1938 1074 2101 1139 Haec
2124 1071 2393 1161 Engelh.
2420 1073 2510 1138 ita
2529 1073 2718 1138 vertit

1045 1174 1265 1257 (latine
1306 1189 1515 1240 autem
1556 1176 1878 1261 efferam)=
1932 1176 2094 1241 “ita
2122 1192 2350 1254 tamen,
2382 1191 2456 1241 ut
2497 1176 2718 1241 notitia

1034 1276 1425 1355 efficacitatis,
1454 1301 1598 1365 quae
1636 1279 1860 1343 mentis
1901 1294 1965 1344 et
2006 1278 2352 1344 intellectus
2395 1293 2508 1358 est,
2538 1298 2714 1344 ante-

1037 1380 1273 1445 cedat.”

1117 1521 1204 1533 —
1239 1503 1302 1569 5.
1349 1483 1850 1570 συγκλασθέντος]
1906 1484 2012 1550 Cf.
2062 1485 2114 1548 I.
2165 1505 2225 1569 9.
2273 1507 2340 1571 p.
2377 1484 2481 1570 85.
2527 1487 2607 1549 A.
2640 1486 2712 1548 B.

1032 1588 1177 1651 ὅταν
1196 1588 1379 1667 μηδὲν
1401 1586 1486 1651 ἔτι
1515 1585 1829 1665 δεδεμένον
1855 1584 1893 1666 ᾖ
1922 1590 2020 1666 τῆς
2047 1592 2268 1670 ψυχῆς,
2291 1589 2717 1656 ἀδυνατοῦντος

1033 1690 1119 1754 ἔτι
1149 1693 1253 1754 τοῦ
1280 1691 1549 1769 σώματος
1577 1693 1840 1767 συνδεῖν,
1871 1694 1972 1769 τῆς
2010 1691 2290 1772 ἁρμονίας
2318 1690 2497 1754 αὐτοῦ
2524 1689 2717 1754 οὐκέτι

1034 1793 1234 1871 οὔσης,
1260 1789 1335 1870 ἣν
1366 1790 1510 1873 ἔχον
1540 1789 1666 1872 εἶχε
1694 1790 1801 1868 τὴν
1829 1789 2054 1873 ψυχήν.

1121 1915 1188 1981 Ρ.
1220 1912 1326 1979 73,
1356 1911 1419 1978 3.
1467 1894 1520 1957 εἰ
1562 1894 1627 1956 δὲ
1662 1892 2456 1972 μὴ-εὖποθεμένους-οὕτω
2492 1894 2711 1978 ζητεῖν]

1033 1996 1099 2060 h.
1123 2019 1179 2059 e.
1207 1995 1297 2060 ita
1322 1994 1576 2058 demum
1606 1993 1917 2081 inquirere
1944 1995 1993 2058 si
2022 1995 2362 2082 posuerint.
2414 1997 2712 2084 Xenoph.

1036 2100 1237 2164 Mem.
1272 2099 1384 2162 IV.
1420 2100 1476 2161 8.
1508 2118 1607 2161 11.
1639 2101 1693 2161 εἰ
1722 2097 1789 2162 δέ
1817 2125 1897 2184 τῳ
1925 2098 2005 2177 μὴ
2033 2097 2271 2180 ἀρέσκει
2300 2103 2500 2174 ταῦτα,
2532 2126 2718 2182 παρα-

1030 2201 1284 2282 βάλλων
1317 2201 1384 2264 ‘ro
1426 2201 1616 2265 ἄλλου
1652 2200 1794 2280 ἦθος
1837 2201 1981 2281 πρὸς
2024 2205 2224 2275 ταῦτα,
2257 2203 2405 2266 οὕτω
2451 2201 2708 2284 κρινέτω.

1034 2304 1142 2369 Cf.
1171 2305 1404 2391 Cyrop.
1440 2303 1539 2366 II.
1579 2323 1632 2366 1.
1662 2322 1714 2365 1.
1762 2304 1864 2367 De
1893 2302 2009 2368 hoc
2039 2327 2157 2368 usu
2186 2303 2508 2391 particulae
2537 2308 2718 2374 οὕτως

1030 2405 1355 2496 participio
1383 2405 1677 2493 subjectae
1715 2422 1779 2470 et
1822 2405 2186 2493 soepiuscule
2226 2406 2530 2473 infinitivo
2557 2431 2716 2497 prae-

1031 2509 1256 2590 missae,
1306 2524 1684 2574 monuerunt
1733 2508 1846 2572 viri
1898 2509 2089 2588 docti,
2148 2510 2387 2598 Taylor
2448 2511 2530 2576 ad
2581 2513 2714 2576 De-

1032 2612 1258 2677 mosth.
1284 2612 1450 2677 Mid.
1481 2636 1544 2700 p.
1567 2612 1712 2679 628.
1744 2611 1959 2679 Reisk.
1980 2614 2260 2700 Lennep.
2291 2613 2373 2677 ad
2406 2613 2713 2679 Phalarid.

1029 2737 1092 2802 p.
1128 2733 1205 2800 23
1207 2735 1270 2800 5.
1306 2714 1447 2798 (ubi
1479 2713 1898 2802 Imperativus
1941 2715 2243 2801 sequitur,
2272 2715 2430 2781 sicut
2472 2716 2536 2780 in
2585 2718 2718 2782 Xe-

1029 2816 1386 2906 nophonteo
1429 2816 1593 2902 loco)
1644 2817 2096 2904 Wyttenbach.
2146 2818 2228 2882 ad
2279 2818 2602 2883 Plutarch.
2652 2842 2716 2906 p.

1037 2938 1222 3006 1035.
1255 2943 1344 3007 sq.
1375 2919 1472 2983 ed.
1504 2919 1655 2982 min.
1715 2918 1894 2983 Idem
1927 2919 2007 2983 ad
2039 2920 2287 2985 Platon.
2323 2921 2623 2986 Phaedon.
2654 2946 2720 3011 p.

1037 3025 1181 3105 146.
1209 3045 1303 3110 sq.
1365 3021 1700 3087 Heindorf.
1730 3022 1812 3087 ad
1840 3022 2115 3109 ejusdem
2150 3023 2449 3110 Gorgiam
2485 3030 2543 3111 ξ.
2570 3029 2714 3111 135.

1031 3148 1097 3214 p.
1130 3143 1279 3209 209.
1325 3148 1418 3213 sq.
1508 3125 1693 3190 Unde
1751 3125 2069 3213 probabile
2117 3126 2212 3206 fit,
2267 3127 2588 3192 Plotinum
2634 3151 2713 3193 ex

1032 3226 1312 3293 Platonis
1355 3229 1475 3309 sui,
1512 3228 1622 3316 qui
1665 3228 1825 3293 hanc
1867 3229 2380 3295 constructionem
2426 3230 2715 3318 frequen-

1031 3345 1143 3411 tat,
1176 3331 1425 3396 assidua
1454 3331 1709 3397 lectione
1737 3332 1996 3397 eandem
2026 3333 2319 3398 hausisse.
2396 3337 2710 3399 Caeterum

1033 3434 1124 3500 uti
1155 3433 1474 3500 Plotinum
1514 3457 1696 3499 nemo
1733 3435 2041 3500 cordatior
2068 3437 2133 3500 in
2173 3436 2477 3501 scribendi
2503 3461 2711 3502 exem-

1030 3538 1150 3628 plis
1191 3552 1519 3627 proponet,
1564 3538 1654 3602 ita
1694 3538 2126 3626 hujuscemodi
2169 3562 2332 3604 sanae
2363 3540 2716 3606 Graecitatis

1027 3641 1309 3731 vestigia,
1340 3665 1485 3729 quae
1521 3640 1720 3706 multa
1747 3656 1893 3707 sunt
1917 3641 1981 3706 in
2011 3642 2108 3707 his
2134 3642 2567 3722 EnneadibuS,
2598 3644 2716 3709 hoc

1028 3746 1234 3811 minus
1279 3744 1574 3810 occultari
1627 3743 1910 3826 velimus,
1962 3768 2092 3833 quo
2141 3745 2384 3810 enixius
2434 3745 2715 3810 nonnulli

1028 3849 1188 3914 male
1229 3847 1527 3914 fastidiosi
1578 3847 1896 3912 literarum
1942 3848 2296 3914 amantibus
2341 3849 2713 3937 persuadere

1029 3950 1305 4028 student,
1353 3950 1416 4013 in
1469 3949 1661 4035 hujus
1704 3949 1955 4015 familiae
2003 3951 2387 4040 philosophis
2434 3952 2714 4017 Atticam

1028 4075 1155 4118 non
1202 4052 1398 4117 solum
1444 4050 1634 4130 illam,
1671 4075 1888 4116 verum
1931 4053 2116 4117 etiam
2164 4056 2451 4120 Graecam
2492 4076 2712 4118 venam

1029 4157 1277 4244 penitus
1324 4153 1658 4219 exaruisse.
1748 4154 2045 4219 Proxima
2094 4155 2387 4222 irrisionis
2435 4156 2713 4221 nonnihil

1029 4259 1277 4337 habere,
1308 4279 1431 4323 non
1462 4269 1557 4320 est
1585 4254 1758 4344 quod
1786 4279 2164 4323 moneamus.

1101 4399 1189 4412 —
1206 4377 1266 4444 7.
1300 4363 1383 4427 εἰς
1408 4359 1477 4423 τὸ
1510 4362 1651 4423 εἴσω
1682 4359 2115 4445 ἐπεστράφθαι]
2149 4363 2251 4426 De
2281 4362 2419 4440 hoc,
2450 4377 2513 4427 et
2541 4361 2709 4450 quod

1029 4464 1091 4528 in
1134 4464 1257 4528 fine
1305 4461 1523 4550 capitis
1576 4461 1805 4549 legitur
1856 4463 2319 4545 ἐπιστρέφουσιν
2370 4465 2548 4529 αὐτοῦ
2607 4466 2714 4545 τὴν

1029 4568 1345 4647 βούλησιν,
1376 4579 1439 4629 et
1483 4562 1784 4630 similibus
1825 4564 2241 4631 locutionibus
2283 4588 2472 4654 supra
2513 4567 2711 4632 moni-

1033 4684 1166 4734 tum
1196 4683 1289 4734 est
1315 4668 1397 4733 ad
1428 4668 1484 4733 1.
1514 4687 1569 4735 2.
1593 4689 1656 4749 4.
1689 4692 1755 4756 p.
1781 4688 1880 4749 14.
1906 4669 1985 4732 B.

1113 4808 1203 4822 —
1235 4787 1330 4854 17.
1381 4772 1550 4836 αὗται
1594 4772 1891 4853 γὰρ-καὶ
1937 4773 2323 4860 ἀφανιοΰσιν]
2381 4773 2527 4835 Hoc
2578 4771 2713 4837 loco

1034 4875 1128 4940 καὶ
1155 4873 1403 4939 videtur
1431 4872 1528 4938 vel
1557 4872 1896 4952 intendere,
1925 4884 2109 4962 atque
2136 4874 2309 4952 adeo,
2339 4876 2496 4962 quin
2522 4877 2711 4938 etiam

1034 4977 1276 5065 (Viget.
1300 4977 1501 5042 VIII.
1537 4994 1599 5059 7.
1628 4996 1727 5040 10.
1772 4999 1839 5063 p.
1870 4982 2081 5062 524),
2109 4976 2206 5041 vel
2253 4976 2595 5064 significare
2636 4978 2712 5040 il-

1030 5082 1168 5162 lico,
1189 5081 1503 5159 continuo,
1526 5079 1606 5144 de
1627 5101 1756 5165 qua
1783 5093 2086 5166 potestate
2115 5079 2356 5144 monuit
2380 5079 2708 5166 Musgrav.

1031 5183 1114 5250 ad
1163 5180 1459 5269 Euripid.
1509 5182 1650 5246 Ion.
1688 5202 1870 5266 1199.
1933 5180 2253 5247 Heraclid.
2290 5199 2431 5266 174.
2494 5180 2709 5269 Iphig.

1035 5286 1259 5352 Aulid.
1296 5304 1407 5372 151
1423 5333 1438 5349 .

1115 5413 1182 5479 p.
1214 5408 1319 5474 74,
1350 5389 1407 5453 8.
1456 5387 1551 5452 καὶ
1594 5389 1870 5454 καλλίους
1912 5389 2073 5462 ἴσως,
2104 5388 2229 5473 ὅσῳ
2277 5387 2708 5475 περιστατικαὶ]

1033 5492 1259 5582 Cogita
1293 5497 1528 5572 μᾶλλον
1553 5504 1697 5580 post
1725 5491 1870 5576 ὅσῳ,
1901 5488 2074 5576 quod
2116 5488 2343 5578 saepius
2378 5487 2710 5568 omittitur,

1030 5595 1289 5663 docente
1334 5594 1633 5662 Leisnero
1675 5593 1760 5661 ad
1802 5592 2031 5659 Lamb.
2077 5592 2247 5659 Bosii
2289 5591 2517 5681 Ellips.
2559 5592 2711 5659 Grr.

1999 592 2822 659 ANNOTATIONES
2891 592 3000 656 IN
3068 591 3516 657 PLOTINI

2800 787 2868 851 p.
2890 764 3038 846 484.
3070 788 3135 852 p.
3161 782 3309 848 771.
3336 763 3434 827 ed.
3459 762 3754 827 Schaefer.
3799 765 4025 851 Neque
4053 787 4202 829 vero
4232 765 4488 831 Ficinus

2803 867 2995 955 hujus
3039 865 3156 931 loci
3198 880 3515 931 assecutus
3562 866 3922 931 sententiam
3969 882 4081 932 est.
4172 868 4279 932 Tu
4324 868 4484 947 vide,

2803 993 2947 1057 quae
2975 992 3165 1057 supra
3191 969 3271 1034 ad
3305 971 3362 1034 I.
3396 987 3451 1035 2.
3486 985 3547 1051 7.
3579 992 3643 1056 p.
3674 970 3769 1033 16.
3803 973 3891 1034 A.
3921 969 4003 1035 de
4033 994 4179 1035 voce
4209 996 4484 1052 περιστα-

2804 1077 2935 1138 rue&
2976 1088 3039 1137 et
3080 1078 3499 1154 περιστατικῶς
3546 1071 3764 1136 Stoicis
3808 1073 4151 1161 praesertim
4204 1073 4487 1138 familiari

2803 1174 3180 1240 monuimus.
3238 1174 3450 1239 Locus
3480 1189 3687 1239 noster
3714 1174 3800 1239 ita
3831 1175 4163 1241 vertendus
4191 1190 4308 1241 est:
4347 1179 4488 1241 Om-

2803 1300 2913 1343 nes
2957 1301 3102 1343 vero
3150 1277 3295 1358 (viri
3341 1277 3571 1341 virtute
3614 1276 3861 1364 praediti
3905 1279 4200 1363 actiones)
4233 1281 4490 1366 pariter

2791 1381 3082 1468 pulchrae
3109 1390 3282 1459 sunt,
3310 1390 3369 1444 et
3401 1380 3792 1467 pulchriores
3809 1382 4104 1466 sortasse
4131 1405 4250 1470 quo
4277 1384 4487 1469 ”mg-is

2800 1486 3379 1549 circumveniuntur
3379 1485 3685 1569 firmuis
3713 1484 4017 1548 adversis.
4095 1483 4345 1549 Etenim
4377 1483 4488 1548 ho-

2801 1602 3043 1652 nestum
3086 1586 3327 1651 facinus
3353 1609 3429 1649 eo
3457 1585 3774 1651 honestius
3816 1585 4001 1651 debet
4035 1586 4325 1674 judicari,
4354 1610 4483 1673 quo

2800 1690 2996 1778 magis
3038 1688 3149 1768 illi,
3180 1689 3291 1777 qui
3319 1703 3678 1777 perpetrare
3706 1688 3770 1753 id
3799 1688 4088 1768 instituit,
4122 1689 4483 1754 luctandum

2801 1807 2895 1856 est
2935 1792 3231 1856 adversus
3271 1790 3610 1870 obstacula,
3638 1814 3784 1879 quae
3825 1792 4084 1857 adversa
4126 1792 4326 1857 eidem
4355 1791 4483 1856 for-

2802 1908 2958 1960 tuna
3004 1893 3238 1982 objicit.
3330 1893 3571 1981 Taylor
3614 1894 3842 1959 vertit:
3915 1897 4024 1959 Yet
4072 1896 4162 1959 aa
4209 1896 4296 1980 of
4325 1895 4483 1959 them

2801 1999 3046 2085 equally
3083 1998 3316 2075 hmaest,
3361 1998 3492 2060 and
3538 1998 3704 2062 those
3738 1997 4020 2085 perhaps
4062 2019 4231 2062 more
4274 1998 4485 2063 hcmest

2803 2101 2996 2163 which
3034 2100 3278 2188 rightly
3305 2122 3578 2188 compose
3598 2101 3890 2188 jarring
3927 2101 4263 2165 emman.
4353 2102 4484 2165 En-

2803 2202 3142 2290 gelhardt.,
3193 2201 3304 2289 qui
3362 2202 3425 2266 in
3482 2203 3644 2267 notis
3701 2226 3813 2291 per
3870 2217 4256 2267 transennam
4308 2205 4484 2290 quasi

2801 2320 3103 2392 spectaret
3132 2305 3311 2383 hanc,
3342 2328 3530 2392 quam
3563 2305 3921 2385 monstravi,
3953 2305 4069 2369 loci
4099 2306 4483 2383 sententiam,

2802 2424 3028 2486 tamen,
3072 2408 3224 2496 quia
3269 2407 3616 2473 Stoicorum
3666 2407 3823 2472 illud
3876 2409 4285 2490 περιστατικὸν
4329 2408 4483 2495 quid

2803 2510 2901 2586 sit,
2941 2511 3274 2599 ignoraret,
3315 2511 3630 2576 titubavit.
3720 2510 3955 2575 Melius
3997 2509 4161 2575 idem
4205 2525 4484 2575 versatus

2803 2630 2896 2678 est
2954 2614 3017 2677 in
3081 2613 3399 2702 proximis,
3450 2637 3707 2679 monens
3759 2614 4077 2678 Plotinum
4129 2636 4484 2701 comparare

2801 2717 2962 2781 inter
2988 2739 3053 2781 se
3091 2739 3194 2781 eas
3230 2717 3521 2793 actiones,
3552 2740 3697 2803 quae
3726 2716 4197 2805 proficiscuntur
4225 2739 4300 2780 ex
4331 2739 4479 2780 con-

2808 2818 3204 2906 templatione
3252 2819 3329 2884 ad
3377 2843 3474 2884 res
3518 2820 3791 2907 singulas
3836 2820 4104 2906 (objecta
4151 2818 4486 2906 singularia

2807 2921 3054 3006 dicunt)
3099 2921 3399 3000 adhibita,
3429 2937 3489 2986 et
3519 2946 3643 3001 eaS,
3674 2946 3818 3009 quae
3845 2921 3939 2985 vir
3971 2921 4201 3010 probus
4241 2921 4486 2985 assidue

2808 3023 3166 3089 meditando
3210 3047 3287 3088 ex
3332 3048 3395 3089 se
3441 3026 3617 3112 quasi
3663 3025 3793 3112 ipse
3836 3024 4054 3112 pariat.
4144 3025 4244 3087 De
4273 3026 4485 3108 θεωρίᾳ

2798 3127 3186 3192 monebimus
3213 3127 3293 3191 ad
3326 3127 3468 3191 III.
3503 3129 3563 3191 8.
3594 3147 3645 3190 1.

2883 3267 2970 3279 -
2998 3249 3089 3296 12.
3138 3229 3246 3295 κᾶν
3276 3232 3342 3294 ἐν
3370 3233 3449 3317 τῷ
3480 3230 3814 3314 Φαλάριδος
3841 3231 4033 3316 ταύρῳ
4061 3227 4368 3315 λεγομένῳ
4411 3227 4478 3318 ᾗ]

2800 3335 2902 3396 De
2932 3332 3281 3398 Phalaridis
3318 3348 3499 3397 tauro
3538 3356 3660 3398 non
3691 3349 3784 3398 est
3820 3332 3993 3420 quod
4020 3332 4296 3396 dicamus
4338 3347 4481 3420 post

2799 3436 3066 3500 Bentleii
3110 3436 3428 3524 disputata
3468 3437 3530 3500 in
3574 3438 3880 3525 ResponS.
3925 3437 4005 3501 ad
4047 3434 4231 3522 Boyl.
4275 3458 4342 3523 p.
4377 3454 4476 3521 23.

2800 3561 2888 3625 sq.
2965 3538 3361 3626 Wesselingii
3405 3539 3487 3603 ad
3527 3539 3722 3604 Diod.
3758 3539 3882 3604 Sic.
3926 3538 4035 3603 lib.
4071 3539 4292 3603 XIII.
4346 3561 4478 3627 cap.

2800 3661 2900 3725 90.
2946 3665 3012 3729 p.
3037 3643 3180 3723 614.
3213 3657 3276 3706 et
3303 3664 3544 3728 nupera
3572 3640 3847 3707 Goelleri
3874 3641 3954 3705 ad
3985 3641 4213 3706 Timaei
4246 3643 4478 3728 Fragg.
4561 3683 4570 3690 ·

2801 3745 3153 3809 LXXIX.
3184 3768 3245 3832 p.
3283 3761 3424 3827 274.
3458 3746 3555 3824 (in
3597 3743 3756 3809 libro
3804 3743 3884 3807 de
3933 3744 4069 3808 Situ
4118 3759 4181 3808 et
4226 3744 4481 3831 Origine

2803 3849 3296 3935 Syracusarum).
3389 3849 3690 3911 Nostrum
3746 3846 3951 3911 locum
4008 3845 4182 3933 quod
4238 3846 4479 3923 attinet,

2799 3949 3134 4015 tenendum
3181 3964 3294 4028 est,
3347 3964 3420 4014 ut
3471 3949 3756 4013 universo
3803 3949 3921 4012 hoc
3971 3948 4193 4035 capite,
4245 3949 4334 4013 ita
4385 3950 4481 4011 his

2796 4051 3186 4139 potissimum
3214 4052 3417 4116 verbis
3459 4063 3522 4116 et
3565 4050 3964 4138 sequentibus
4010 4050 4246 4114 Stoicos
4285 4051 4478 4136 tangi,

2799 4154 2910 4241 qui
2970 4153 3318 4219 Phalaridis
3377 4169 3626 4218 taurum
3680 4153 3883 4218 locum
3940 4153 4003 4216 in
4071 4151 4292 4216 scholis
4355 4152 4480 4217 suis

2798 4278 3188 4321 communem
3228 4255 3647 4321 reddiderant.
3735 4256 3906 4320 Hinc
3934 4254 4086 4319 illud
4119 4255 4315 4320 nostri
4343 4255 4481 4343 phi·

2799 4357 3040 4443 losophi
3081 4358 3389 4445 λεγομένῳ
3441 4359 3480 4421 i.
3512 4382 3566 4422 e.
3613 4357 4134 4445 disputationibus
4181 4358 4477 4446 frequen-

2800 4475 2952 4526 tat0.
3039 4460 3261 4525 Cicero
3297 4460 3377 4524 de
3414 4460 3668 4525 Finibb.
3692 4462 3769 4526 V.
3803 4462 3905 4525 28.
3940 4461 4037 4546 85.
4086 4461 4194 4526 ubi
4236 4462 4318 4527 de
4362 4464 4482 4527 Ze-

2799 4586 2980 4642 none,
2999 4587 3065 4651 p.
3084 4564 3229 4648 637.
3253 4563 3661 4649 sq.Goerenz.
3708 4572 3751 4603 ‘⁶
3771 4563 3921 4628 Tibi
3950 4564 4067 4628 hoc
4098 4564 4476 4643 incredibile,

2798 4666 2947 4754 quia
2989 4666 3432 4730 beatissimum.
3523 4666 3742 4745 Quid?
3801 4680 3982 4731 tuum
4030 4666 4319 4732 credibile
4340 4672 4368 4729 ἓ
4429 4667 4478 4731 si

2796 4770 2961 4835 enim
3005 4769 3088 4834 ad
3131 4768 3438 4858 populum
3488 4791 3588 4834 me
3635 4793 3856 4835 vocas:
3923 4793 4065 4835 eum
4114 4769 4222 4856 qui
4269 4769 4357 4833 ita
4400 4768 4479 4832 sit

2795 4873 3073 4951 affectus,
3103 4872 3357 4938 beatum
3385 4894 3705 4959 nunquam
3736 4873 4049 4961 probabis.
4126 4872 4190 4936 Si
4221 4869 4302 4934 ad
4330 4893 4479 4957 pru-

2795 4975 3044 5040 dentes:
3092 4974 3354 5039 alterum
3398 4974 3655 5040 fortasse
3697 4976 4096 5054 dubitabunt,
4134 4977 4296 5039 sitne
4340 4983 4478 5037 tan-

2796 5087 2928 5143 tum
2955 5079 3027 5142 in
3055 5079 3309 5156 virtute,
3337 5088 3411 5142 ut
3451 5100 3527 5142 ea
3558 5080 3824 5166 praediti
3870 5080 3967 5143 vel
4007 5080 4079 5140 in
4109 5077 4477 5141 Phahzridis

2797 5189 2982 5244 tauro
3020 5181 3182 5245 beati
3217 5182 3377 5245 sin-t:
3421 5179 3685 5246 alterum
3726 5203 3849 5246 non
3889 5180 4293 5258 dubitabunt,
4323 5181 4477 5268 quin

2798 5297 2862 5347 et
2893 5282 3081 5348 Stoici
3117 5283 3543 5349 convenientia
3584 5284 3700 5349 sibi
3742 5283 3952 5350 dicant
3995 5297 4058 5346 et
4096 5305 4208 5346 vos
4249 5306 4478 5370 repug-

2797 5384 3068 5450 nantia.”
3112 5385 3244 5451 Cic.
3275 5387 3561 5452 Tuscull.
3595 5388 3693 5451 11.
3728 5403 3790 5469 7.
3823 5386 3884 5468 ξ.
3913 5403 4006 5468 17.
4068 5392 4112 5425 “
4146 5387 4227 5449 In
4257 5384 4479 5449 Phala-

2797 5487 2949 5553 ridis
2975 5502 3156 5553 tauro
3184 5487 3235 5553 si
3262 5488 3379 5554 erit
3410 5489 3784 5578 (Epicurus)
3815 5485 4012 5552 dicet:
4061 5489 4264 5565 Quam
4291 5509 4479 5551 suave

2796 5603 2912 5673 est,
2942 5612 3133 5678 quam
3160 5591 3278 5657 hoc
3306 5613 3433 5657 non
3460 5591 3666 5656 curo.”
3713 5592 3944 5654 Seneca
3973 5588 4179 5678 Epist.
4215 5589 4472 5655 LXVI.
