5118 6613
1017 540 1146 607 3¹4

1014 718 1079 782 p.
1115 714 1258 778 950.
1291 708 1353 756 et
1383 715 1473 778 sq.
1508 708 1602 755 ter
1629 690 1818 756 dicit:
1866 693 2041 760 πόλις
2070 692 2487 772 εὐνομουμένη.
2577 691 2711 755 Ari-

1015 797 1221 864 stotel.
1255 796 1446 862 Polit.
1493 797 1612 860 IV.
1646 797 1703 859 8.
1753 819 1814 881 p.
1858 816 1995 878 109.
2047 794 2193 859 infr.
2242 794 2415 882 Sylb.
2466 794 2572 859 ubi
2619 810 2711 860 est

1014 903 1193 966 πόλιν
1238 899 1671 981 εὐνομουμένην
1700 913 1763 963 et
1807 898 2432 981 ἀριστοκρατουμένην.
2527 896 2710 963 Idem

1019 1004 1123 1068 II.
1167 1023 1216 1067 1.
1258 1025 1319 1089 p.
1357 1018 1475 1088 23:
1526 1002 1617 1069 αἶς
1644 1027 1710 1066 τε
1746 1001 2098 1084 (πολιτείαις
2124 1001 2389 1084 χρῶνταί
2411 1026 2569 1068 τινες
2595 1007 2713 1066 τῶν

1014 1107 1254 1170 πόλεων
1282 1110 1399 1169 τῶν
1430 1105 1807 1184 εὐνομεῖσθαι
1848 1100 2220 1185 λεγομένων.
2312 1101 2619 1169 Libanius
2647 1102 2712 1168 in

1017 1207 1211 1273 Ulixe
1239 1206 1380 1272 Vol.
1413 1208 1533 1271 IV.
1568 1229 1630 1294 p.
1661 1224 1758 1288 17.
1791 1203 2050 1270 Reisk.:
2099 1206 2229 1270 ἐπεὶ
2269 1205 2378 1271 κᾶν
2402 1212 2525 1273 τοῖς
2554 1203 2708 1273 Ἔλ-

1014 1320 1196 1393 λησιν
1239 1313 1434 1378 αὐτοῖς
1479 1313 1545 1374 ἐν
1587 1315 1716 1377 ταῖς
1770 1307 2224 1388 εὐνομουμέναις
2269 1314 2387 1372 τῶν
2429 1311 2708 1375 πόλεων;

1018 1413 1127 1479 ubi
1171 1413 1376 1478 nescio
1424 1412 1590 1476 unde
1621 1410 1915 1476 Reiskius
1961 1410 2024 1474 in
2075 1427 2222 1475 nota
2267 1411 2559 1498 apposuit
2600 1412 2712 1492 μά-

1016 1525 1199 1582 λιστα
1230 1543 1243 1580 :
1309 1538 1497 1603 quam
1560 1513 1842 1581 voculam
1905 1536 2088 1577 nemo
2144 1513 2542 1595 desiderabit,
2600 1515 2711 1603 qui

1018 1619 1192 1685 verbi
1222 1619 1331 1708 huj
1344 1643 1414 1683 us
1444 1619 1569 1682 vim
1599 1617 2023 1706 pensitaverit.

1107 1747 1170 1811 p.
1204 1742 1388 1806 1027,
1428 1743 1522 1807 15.
1555 1723 1659 1787 ἅτε
1689 1720 1984 1807 {ponnus-J
2025 1719 2123 1785 Cf.
2159 1719 2445 1785 Ennead.
2469 1720 2527 1784 1.
2562 1719 2710 1785 Lib.

1022 1828 1164 1892 111.
1195 1851 1254 1890 c.
1282 1847 1318 1892 2
1350 1842 1412 1892 et
1439 1847 1502 1912 3.
1533 1849 1597 1913 p.
1625 1844 1727 1890 20.
1759 1847 1852 1911 sq.
1887 1838 1950 1888 et
1979 1826 2330 1911 Praeparat.
2362 1823 2441 1887 ad
2474 1823 2711 1889 Plotin.

1016 1929 1097 1994 de
1125 1928 1374 2017 pulerit.
1405 1953 1469 2016 p.
1494 1929 1670 1994 CIV.
1705 1927 1802 1990 ed.
1839 1925 2132 1993 Heidelb.
2207 1925 2319 1991 Ad
2351 1925 2706 2012 sequentia:

1018 2033 1116 2097 ἐπὶ
1143 2036 1218 2097 τᾶ
1242 2036 1343 2111 τῆς
1369 2036 1568 2114 ψυχῆς
1612 2034 1766 2095 καλᾶ
1806 2029 2056 2107 adhibe,
2084 2052 2228 2116 quae
2264 2031 2590 2117 posuimus
2631 2027 2711 2092 ad

1016 2134 1466 2222 praecedentem
1513 2132 1744 2199 librum
1774 2131 1854 2199 de
1884 2131 2207 2220 intelligib.
2254 2130 2597 2220 pulcritud.
2645 2155 2712 2219 p.

1013 2258 1164 2324 543·
1195 2239 1275 2302 E·

1100 2364 1164 2431 p.
1195 2342 1380 2417 1028,
1420 2360 1475 2403 1.
1523 2343 1580 2404 εἴ
1618 2365 1675 2404 τι
1714 2339 1789 2402 ἂν
1826 2338 2011 2403 πάλιν
2041 2339 2115 2404 αὖ
2157 2337 2271 2420 πρὸ
2316 2338 2550 2424 τούτου]
2608 2340 2705 2405 Se.

1017 2448 1124 2525 εἵη,
1157 2444 1207 2508 si
1235 2443 1534 2507 intactum
1570 2441 1881 2529 relinquas
1913 2442 2007 2516 ἂν,
2040 2439 2212 2528 quod
2243 2439 2324 2504 ab
2352 2439 2592 2528 aliquot
2635 2439 2706 2503 li-

1014 2546 1143 2612 bris
1191 2547 1383 2611 abest.
1487 2547 1653 2611 Nam
1705 2545 1756 2611 si
1805 2543 2213 2633 probabiliter
2262 2542 2329 2608 id
2378 2568 2531 2622 esse,
2584 2543 2712 2609 sive

1013 2663 1383 2714 eventurum
1443 2672 1595 2725 esse,
1655 2649 1932 2736 ponitur,
1983 2648 2156 2736 quod
2212 2647 2507 2713 Conditio
2563 2670 2706 2712 con»

1014 2752 1191 2829 tinet,
1224 2754 1277 2816 εἰ
1301 2774 1442 2816 cum
1471 2752 1548 2815 ἂν
1576 2751 1965 2839 potissimum
1987 2750 2303 2838 jungitur.
2400 2749 2536 2814 Vid.
2572 2750 2714 2814 Rei-

1013 2855 1129 2943 sig.
1175 2858 1417 2919 Comm.
1459 2854 1616 2920 Crit.
1661 2855 1726 2918 in
1773 2854 2066 2941 Sophocl.
2108 2854 2336 2940 OEdip.
2377 2853 2599 2920 Colon.
2644 2877 2708 2940 p.

1013 2977 1162 3042 399.
1188 2972 1250 3021 et
1278 2958 1359 3021 cf.
1389 2958 1623 3022 Matth.
1647 2958 1764 3023 Gr.
1783 2981 1877 3045 gr.
1912 2959 1969 3041 ξ.
1992 2976 2139 3047 525.
2166 2978 2228 3042 7.
2260 2974 2391 3023 not.
2417 2978 2515 3022 10.
2546 2957 2711 3023 adde

1017 3056 1363 3123 Stallbaum
1404 3058 1485 3123 ad
1519 3058 1756 3124 Platon.
1792 3062 2078 3146 Sympos.
2111 3059 2175 3124 in
2208 3059 2376 3124 Bibl.
2410 3061 2529 3124 Gr.
2563 3061 2705 3125 Vol.

1016 3164 1072 3227 1.
1119 3178 1283 3250 part.
1315 3182 1379 3248 3.
1422 3185 1489 3249 p.
1526 3181 1668 3247 150.
1703 3177 1767 3228 et
1798 3161 2093 3228 Voemelii
2142 3162 2336 3227 nostri
2367 3165 2599 3228 Annot.
2644 3164 2708 3233 in

1014 3265 1343 3334 Demosth.
1379 3265 1658 3354 Philipp.
1695 3266 1751 3331 1.
1789 3270 1850 3353 ξ.
1887 3267 1981 3332 18.
2013 3289 2077 3355 p.
2112 3282 2248 3350 174.
2279 3290 2373 3355 sq.

1098 3405 1187 3418 —-
1205 3383 1270 3454 5.
1318 3374 1489 3434 τοῦτο
1535 3369 1603 3433 τὸ
1653 3368 1874 3438 κάλλος
1916 3368 1983 3433 τὸ
2030 3370 2125 3433 ἐπὶ
2169 3376 2292 3438 τοῖς
2333 3371 2718 3450 σώμασι-τί

1015 3473 1121 3537 οὐν
1149 3471 1219 3535 τὸ
1247 3475 1505 3552 ποιῆσαν
1535 3478 1706 3552 σῶμα
1737 3473 1923 3537 καλόν
1948 3474 1992 3557 ;]
2041 3472 2140 3537 Cf.
2173 3472 2255 3537 ad
2284 3471 2418 3538 haec
2446 3489 2509 3538 et
2539 3495 2709 3560 seqq.

1014 3598 1205 3663 supra
1239 3598 1303 3663 p.
1333 3596 1443 3660 50.
1473 3576 1664 3640 C.D.
1709 3590 1773 3640 et
1816 3598 1881 3663 p.
1910 3595 2019 3660 55.
2051 3577 2132 3639 E.
2226 3575 2391 3640 Nam
2436 3598 2583 3662 quae
2626 3574 2711 3639 ibi

1014 3701 1360 3765 paucorum
1397 3679 1724 3744 verborum
1771 3678 2011 3744 ambitu
2057 3679 2530 3767 comprehendit
2561 3679 2708 3743 Plo-

1015 3782 1222 3847 tinus:
1272 3781 1332 3845 h.
1355 3781 1399 3846 l.
1432 3782 1687 3848 uberius
1719 3799 1783 3848 et
1812 3780 2057 3869 planius
2085 3781 2375 3869 explicat.
2443 3782 2712 3870 Copiose

1013 3886 1199 3952 etiam
1224 3884 1305 3950 de
1332 3885 1430 3950 bis
1458 3885 1608 3973 ipsis
1634 3885 1765 3973 agit
1789 3886 1851 3950 in
1881 3885 2071 3950 libro:
2105 3885 2402 3973 quomodo
2422 3885 2712 3950 idearum

1016 3989 1351 4054 multitudo
1378 3992 1598 4055 existit
1639 3999 1698 4053 et
1740 3989 1815 4053 de
1857 3991 1995 4076 ipso
2022 3989 2206 4052 Bono
2233 4012 2296 4076 p.
2331 4008 2478 4072 714.
2509 4012 2601 4075 sq.
2650 4003 2713 4054 et

1015 4114 1081 4178 p.
1115 4109 1258 4173 724.
1290 4115 1383 4178 sq.
1476 4094 1536 4156 E
1584 4091 1817 4177 quibus
1864 4088 2014 4158 locis
2058 4089 2221 4155 inter
2261 4114 2326 4155 se
2367 4091 2714 4178 conjunctis

1017 4194 1134 4258 hoc
1164 4192 1453 4259 efficitur:
1502 4210 1711 4258 ternos
1734 4217 1864 4258 esse
1893 4193 2098 4258 fontes
2126 4193 2595 4279 pulcritudinis:
2644 4194 2712 4258 τὸ

1017 4296 1264 4379 ἀγαθὸν,
1297 4296 1403 4361 τὸν
1432 4301 1593 4371 νοῦν,
1623 4297 1731 4376 τὴν
1758 4296 1998 4380 ψυχήνς
2047 4294 2260 4360 demto
2288 4319 2436 4362 vero
2476 4297 2710 4383 prima-

1017 4399 1110 4463 rio
1137 4398 1333 4477 fonte,
1366 4398 1475 4486 qui
1504 4416 1598 4464 est
1626 4399 1690 4463 in
1720 4422 1966 4464 summo
1989 4400 2190 4476 Bon0,
2226 4422 2336 4463 nec
2366 4399 2713 4464 secundarii

1019 4501 1208 4568 ullam
1240 4502 1367 4566 vim
1411 4502 1493 4568 ad
1537 4502 1815 4570 animum
1844 4502 2115 4568 existere
2154 4501 2551 4590 animamque
2582 4518 2708 4567 tor-

1019 4628 1165 4693 pere
1191 4605 1274 4671 ad
1295 4604 1743 4693 intelligibilem
1774 4605 2280 4693 pulcritudinem.
2327 4606 2500 4678 Quin
2523 4607 2711 4670 etiam

1017 4710 1081 4773 in
1111 4732 1445 4798 corporum
1476 4708 1899 4797 pulcritudine
1927 4709 2168 4775 elucere
2196 4711 2370 4798 quasi
2394 4712 2710 4799 quendam

1018 4812 1244 4878 summi
1289 4812 1439 4878 boni
1478 4811 1809 4899 fulgorem.
1902 4812 2007 4877 Cf.
2047 4815 2288 4878 Annot.
2338 4814 2400 4878 in
2449 4815 2586 4879 libr.
2632 4814 2713 4881 de

1021 4916 1282 4981 Pulcrit.
1313 4939 1374 5004 p.
1401 4935 1548 5001 293.
1580 4939 1714 5003 sqq.
1746 4914 1848 4979 ed.
1871 4915 2163 4980 Heidelb.

1103 5057 1191 5071 —
1218 5040 1317 5106 15.
1366 5023 1503 5087 νοῦς
1541 5020 1896 5100 δὲ--ὥσπερ
1950 5020 2018 5083 ἑν
2061 5022 2372 5101 προθύροις
2416 5022 2705 5106 τάγαθοῦ]

1020 5122 1204 5188 Plato
1229 5121 1486 5190 Philebo
1515 5144 1578 5208 p.
1600 5123 1702 5203 64.
1734 5144 1798 5209 p.
1821 5124 1962 5202 246.
1991 5120 2189 5186 Bekk.
2217 5124 2392 5203 (220.
2419 5123 2705 5209 Stallb.):

1019 5232 1208 5310 Σωκρ.
1244 5223 1379 5307 Ἆρ’
1421 5225 1527 5294 οὖν
1568 5225 1666 5290 ἐπὶ
1713 5227 1826 5306 μὲν
1871 5230 1992 5293 τοῖς
2036 5229 2140 5289 τοῦ
2182 5227 2408 5307 ἀγαθοῦ
2453 5232 2559 5291 νῦν
2603 5229 2712 5309 ἤδη

1017 5333 1326 5412 προθύροις
1374 5330 1469 5398 καὶ
1512 5333 1614 5407 τῆς
1652 5328 1933 5408 alciatus·
1972 5328 2303 5410 ἐφεστάναι
2327 5333 2429 5410 τῆς
2455 5335 2559 5395 τοῦ
2588 5357 2706 5396 τοι·

1018 5434 1190 5496 ούτου
1217 5431 1504 5515 λέγοντες
1544 5434 1688 5498 ἴσως
1714 5434 1899 5513 ὀρθῶς
1927 5432 2003 5496 ἄν
2030 5456 2167 5496 τινα
2190 5434 2411 5514 τρόπον
2440 5440 2706 5516 φαῖμεντ,

2016 519 2832 587 ANNOTATIONES
2903 518 3014 585 IN
3083 518 3524 612 PLOTIM

2800 690 2906 756 ubi
2928 691 3008 756 cf.
3025 690 3458 780 olympiodori
3484 688 3709 756 Scholl.
3737 715 3798 778 p.
3824 692 3971 778 283.
3994 716 4133 780 sqq.
4152 691 4253 757 ed.
4276 691 4492 757 Stallb.

2798 793 3081 881 Attingit
3111 795 3383 859 Platonis
3416 795 3615 859 locum
3648 794 3830 859 etiam
3859 795 4122 860 Proclus
4149 794 4211 859 in
4249 796 4491 861 Platon.

2800 897 3113 986 Theolog.
3137 900 3217 962 V.
3251 898 3355 964 28.
3388 921 3450 985 p.
3474 917 3623 983 309.
3651 897 3927 985 itemque
3964 899 4027 963 in
4059 898 4270 964 Alcib.
4303 921 4397 986 pr.
4430 922 4495 986 p.

2805 1022 2874 1067 11
2892 1023 2946 1065 1.
2977 1001 3076 1066 ed.
3112 1018 3302 1067 nostr.
3339 1001 3448 1066 ubi
3477 1000 3658 1065 dicit:
3705 1000 3925 1069 κάλλος
3954 1005 4022 1066 ἐν
4047 1007 4175 1069 ταῖς
4201 1008 4319 1066 τῶν
4348 1003 4496 1084 ἀγα-

2799 1111 2919 1170 θῶν
2946 1107 3299 1186 πρωτίσταις
3325 1104 3552 1185 τάξεσι.
3642 1104 4013 1169 Damascius
4052 1105 4133 1169 de
4164 1103 4494 1190 Principiis

2799 1233 2855 1275 c.
2877 1209 3251 1274 XXXIII.
3280 1230 3344 1294 p.
3368 1209 3471 1291 89.
3504 1206 3877 1296 Kopp.:—8
3908 1207 4003 1272 καὶ
4033 1206 4342 1290 Σωκράτης
4369 1207 4497 1286 ἐδή-

2800 1321 2912 1377 λου
2952 1315 3047 1378 διὰ
3084 1318 3204 1377 τῶν
3233 1314 3300 1375 ἑν
3325 1312 3637 1394 προθύροις
3674 1312 3853 1375 αὐτοῦ
3897 1311 3992 1374 καὶ
4031 1313 4308 1375 ὁπωσοῦν
4344 1337 4486 1393 προ-

2801 1414 3181 1499 φαινομένων
3207 1419 3382 1496 τριῶν
3409 1413 3683 1493 μονάδων
3711 1414 4009 1494 ἀληθείας,
4043 1412 4300 1481 κάλλους
4342 1440 4489 1493 συμ-

2801 1522 3055 1601 μετρίας,
3089 1521 3299 1598 ταύτης
3337 1520 3449 1597 μὲν
3476 1518 3584 1597 τὴν
3612 1515 3777 1596 τάξιν
3816 1515 4225 1600 παρεχομένης
4268 1518 4337 1582 ἐν
4374 1523 4496 1584 τοῖς

2797 1628 2965 1697 πᾶσι,
3011 1627 3118 1687 τοῦ
3164 1624 3228 1687 δὲ
3282 1620 3538 1687 κάλλους
3580 1620 3689 1699 τὴν
3736 1624 4013 1699 συμπαθῆ
4057 1620 4206 1701 πρὸς
4254 1621 4494 1699 ἄλληλα

2799 1724 3149 1804 σύγκρασιν,
3180 1726 3282 1801 τῆς
3309 1724 3375 1786 δὲ
3404 1723 3684 1801 ἀληθείας
3711 1721 3820 1801 τὴν
3847 1723 4112 1802 ὕπαρξιν,
4145 1722 4223 1788 ὥς
4261 1722 4492 1800 ἀληθῶς

2801 1828 3028 1890 ἐκείνου
3058 1828 3122 1890 δὲ
3150 1823 3346 1889 πάντα
3375 1828 3523 1904 ὁμοῦ
3549 1824 3905 1906 ἀποῤῥήτως.

2884 1952 2946 2015 p.
2989 1947 3171 2013 1029,
3212 1950 3266 1994 1.
3307 1926 3773 2016 Ἐπισκεπτέον]
3821 1926 4008 2006 Quod
4061 1925 4263 1992 Vatic.
4310 1926 4492 1991 offert

2789 2031 2927 2098 Ἔτι
2955 2031 3268 2109 σκεπτέον,
3299 2031 3568 2118 pertinet
3610 2029 3689 2094 ad
3734 2029 4157 2094 confusionem
4201 2027 4493 2094 latissime

2798 2158 2912 2224 per
2964 2137 3332 2200 Graecorum
3386 2149 3791 2198 monumenta
3842 2132 4214 2221 scriptorum
4270 2147 4489 2220 paten-

2802 2254 2923 2303 tem
2953 2262 2970 2317 ;
3017 2238 3098 2303 de
3127 2261 3253 2326 qua
3283 2238 3636 2302 criticorum
3667 2235 4125 2300 observationes
4151 2234 4493 2323 permultas

2798 2341 3103 2429 congessit
3121 2339 3601 2406 Valckenaerius
3628 2339 3691 2403 in
3720 2337 3959 2403 Scholis
3979 2339 4043 2404 in
4066 2339 4277 2428 Epist.
4292 2339 4490 2403 Hebr.

2801 2447 2932 2510 XI.
2969 2466 3069 2526 14.
3097 2444 3236 2509 Vol.
3265 2445 3365 2509 ΙΙ.
3397 2467 3463 2530 p.
3486 2460 3633 2528 579.
3669 2442 3855 2521 Quod
3880 2441 4164 2529 proxime
4182 2434 4492 2506 Marciani

2796 2547 2927 2613 duo
2967 2548 3200 2613 habent
3244 2546 3566 2612 καὶ-ὁδὸν
3596 2545 3766 2620 ἰέναι,
3799 2544 4070 2611 arrideat
4108 2545 4369 2610 fortasse
4411 2545 4489 2622 ei,

2796 2650 2908 2738 qui
2935 2665 3183 2738 reputet
3214 2649 3510 2715 usitatum
3550 2671 3682 2713 esse
3727 2648 3898 2723 ἰέναι,
3928 2650 4311 2731 πορεύεσθαι,
4341 2648 4487 2728 πέμ-

2794 2780 2931 2820 πειν
2958 2756 3122 2820 ὁδόν.
3184 2751 3486 2840 Xenoph.
3512 2754 3749 2839 Cyrop.
3784 2752 3881 2815 II.
3903 2771 3965 2833 4.
3998 2771 4095 2838 13.
4156 2749 4340 2816 Plato
4373 2752 4494 2815 Re-

2794 2857 2972 2944 publ.
3004 2858 3123 2922 VI.
3152 2859 3305 2943 506.
3340 2858 3418 2921 C.
3468 2877 3533 2942 p.
3564 2872 3711 2940 315.
3759 2853 3960 2919 Bekk.
4009 2869 4072 2920 et
4117 2877 4266 2941 quae
4311 2853 4495 2941 plura

2794 2961 3042 3049 collegit
3071 2960 3308 3025 Matth.
3342 2960 3460 3024 Gr.
3489 2981 3585 3045 gr.
3622 2960 3679 3042 ξ.
3706 2978 3854 3042 409.
3887 2978 3949 3040 4.
4012 2956 4285 3044 Vulgata
4313 2956 4495 3021 lectio

2795 3066 3119 3130 confirmat
3149 3062 3318 3128 Bosii
3349 3061 3712 3127 sententiam
3749 3060 3830 3125 de
3860 3060 4084 3149 Ellips.
4132 3083 4193 3148 p.
4223 3081 4374 3142 441.
4425 3084 4489 3146 p.

2797 3168 2940 3252 718.
2977 3167 3207 3233 Schaef.

2880 3306 2968 3320 —-
2990 3271 3053 3335 8.
3085 3268 3281 3335 πάντα
3309 3267 4131 3353 σύνθετα-τέχνη-φύσει]
4185 3267 4486 3356 Wytten·

2797 3373 3057 3438 bachius
3091 3389 3374 3438 nostrum
3415 3372 3618 3437 locum
3660 3371 3949 3437 adhibuit
3979 3371 4185 3437 verbis
4214 3371 4493 3437 Platonis

2797 3477 2860 3541 in
2893 3477 3213 3543 Phoedone
3255 3501 3311 3542 c.
3345 3480 3447 3544 26.
3492 3499 3560 3564 p.
3590 3479 3701 3562 36,
3735 3499 3882 3562 quae
3927 3475 4017 3540 ita
4055 3475 4137 3540 ab
4181 3499 4257 3540 eo
4299 3474 4489 3540 inter-

2798 3595 3205 3668 punguntur:
3253 3584 3333 3667 τῷ
3372 3581 3485 3659 μὲν
3524 3578 3868 3644 συντεθέντι
3913 3580 4010 3644 καὶ
4053 3578 4323 3665 συνθέτῳ
4366 3582 4495 3643 ὄντι

2799 3686 3000 3766 φύσει,
3045 3682 3329 3765 προσήκει
3370 3686 3543 3747 τοῦτο
3584 3681 3867 3765 πάσχειν,
3915 3685 4273 3762 διαιρεθῆναι
4313 3683 4491 3761 ταύτῃ

2796 3785 2945 3869 ᾗπερ
2976 3787 3263 3867 συνετέθη
3300 3786 3344 3850 i.
3363 3809 3419 3850 e.
3454 3787 3578 3849 “e-i
3606 3785 3771 3873 quod
3798 3784 4212 3871 componendo
4225 3784 4492 3870 fictum

2796 3900 2909 3968 est,
2940 3900 2999 3954 et
3024 3890 3190 3978 quod
3225 3910 3348 3955 sua
3374 3897 3614 3953 natura
3651 3889 4055 3975 compositum
4081 3896 4215 3960 een·
4264 3904 4335 3951 ut
4362 3885 4493 3951 duo

2795 4015 3027 4079 genera
3051 3991 3531 4079 compositorum
3560 3989 4022 4078 significentur;
4053 3987 4317 4054 alterum
4348 4014 4490 4053 συν-

2798 4096 2989 4169 τεθὲν,
3021 4096 3446 4180 cinefactum,
3475 4114 3586 4156 nec
3612 4094 3691 4157 ab
3719 4094 3905 4157 initio
3931 4094 4025 4157 sic
4046 4101 4254 4157 ortum
4274 4118 4297 4156 .·
4342 4090 4493 4156 alte-

2798 4219 2940 4262 rum
2967 4199 3059 4263 sic
3086 4207 3331 4270 natum,
3360 4206 3420 4260 et
3444 4206 3684 4260 natura
3712 4217 3834 4260 sua
3870 4197 4165 4274 existens,
4197 4196 4487 4261 σύνθετον

2799 4299 2870 4364 ὂν
2899 4298 3099 4383 φύσει.
3191 4301 3283 4364 Et
3310 4298 3436 4364 huc
3461 4298 3691 4363 referre
3718 4297 3968 4363 videtur
3998 4297 4288 4363 Plotinus
4315 4298 4487 4384 quod

2796 4400 3003 4466 dicit.”
3065 4400 3363 4488 Sequitur
3391 4415 3599 4465 noster
3625 4399 3835 4473 locus;
3882 4422 4156 4487 quocum
4184 4401 4489 4475 conferas,

2797 4528 2942 4591 quae
2969 4527 3158 4591 supra
3187 4503 3397 4592 posuit
3428 4503 3709 4568 Plotinus
3740 4504 3859 4567 lv.
3889 4522 3948 4585 7.
3989 4522 4087 4567 12.
4118 4526 4184 4591 p.
4202 4506 4353 4585 466.
4382 4505 4461 4568 B.

2884 4643 2967 4659 —
2998 4626 3097 4693 13.
3129 4609 3224 4673 καὶ
3254 4608 3644 4691 συγκρίματα]
3685 4605 3828 4671 Vid.
3862 4629 4052 4694 supra
4080 4629 4147 4694 p.
4180 4626 4322 4691 103.
4343 4607 4427 4671 G.

2880 4748 2969 4759 —
2992 4713 3091 4775 16.
3119 4713 3232 4790 ὕλη
3253 4714 3369 4795 γὰρ
3395 4709 3530 4792 παρ’
3559 4710 4114 4798 αὑτῆΡ-ἆμορφος]
4145 4710 4250 4774 Ita
4276 4710 4486 4796 scripsi

2795 4837 2938 4880 cum
2973 4837 3101 4879 uno
3131 4816 3332 4879 Marc.
3364 4830 3429 4878 et
3458 4815 3643 4878 Mon.
3674 4828 3739 4877 et
3768 4812 3962 4877 Ficin.
3997 4836 4114 4900 pro
4140 4816 4305 4893 ὕλης.
4352 4814 4483 4878 De-

2795 4917 2941 4982 inde
2969 4940 3111 4983 cum
3141 4916 3314 4981 libris
3342 4916 3632 4981 omnibus
3660 4930 3724 4981 et
3751 4938 3895 4981 cum
3923 4915 4145 4981 Ficino
4181 4915 4378 5003 adjeci
4420 4917 4489 4981 τὸ

2799 5020 3315 5101 εἶδος-ζητήσεις,
3348 5042 3540 5107 quam
3579 5019 3943 5085 sententiam
3982 5042 4125 5084 cum
4157 5019 4222 5084 in
4252 5020 4490 5084 Graecis

2796 5122 3082 5188 editionis
3111 5145 3235 5187 non
3267 5122 3619 5201 invenisset,
3649 5122 4054 5189 omittendam
4091 5123 4157 5188 in
4203 5146 4313 5188 sua
4344 5146 4484 5188 ver-

2796 5226 2966 5292 sione
3007 5225 3188 5292 duxit
3222 5225 3482 5312 Taylor.
3576 5224 3798 5290 Tertio
3823 5223 3959 5289 loco
3982 5223 4320 5312 pleniorem
4366 5226 4486 5291 lec-

2796 5330 3026 5395 tionem
3056 5329 3261 5416 recepi
3287 5351 3430 5394 cum
3457 5329 3594 5393 Fic.
3623 5344 3684 5393 et
3708 5326 3958 5394 duobus
3982 5327 4185 5394 Codd.
4219 5329 4286 5393 τὸ
4318 5332 4382 5395 δὲ
4413 5331 4489 5397 ὥς

2797 5434 2950 5502 2100«.-
2976 5456 3094 5521 pto
3121 5433 3188 5498 τὸ
3219 5435 3284 5498 δὲ
3314 5432 3506 5500 εἶδοςι
3547 5432 3817 5520 denique
3846 5431 4133 5520 pluribus
4162 5432 4333 5497 libris
4360 5433 4492 5498 suf-

1019 5535 1119 5598 Cf.
1144 5533 1291 5599 ibid.
1323 5535 1515 5622 p.-62.
1545 5558 1612 5622 p.
1639 5553 1781 5616 242.
1807 5533 2010 5600 Bekk.
2039 5536 2426 5617 (208-210.
2456 5535 2703 5620 Stallb.)
2792 5537 3184 5626 fragantibus
3205 5537 3336 5617 ὦςὴ
3361 5537 3458 5600 ἐπὶ
3477 5536 3863 5622 τῷ-μορφῆ,
3888 5557 4005 5623 pro
4025 5537 4103 5604 ὧς
4134 5537 4233 5600 ἐπὶ
4252 5539 4480 5622 nii-w..
