5118 6613
1299 518 1497 582 ΜΒ.
1544 517 1745 582 vm.
1790 518 2249 583 ENNEAD.
2299 516 2767 595 QUARTAE.
2811 539 2876 605 p.
2913 517 3273 605 sao-883.

568 697 709 761 dem
741 693 1055 783 profiteor.
1148 692 1386 756 Contra
1420 690 1584 754 inter
1626 688 1994 755 recentiores
2036 713 2110 753 eo
2147 690 2258 755 de·

569 799 722 885 lapsi
742 812 890 862 sunt
916 793 1221 871 nonnulli,
1242 808 1316 858 ut
1340 815 1486 857 cum
1512 791 1670 857 illud
1692 792 1923 858 Mundi
1943 793 2258 881 opificium

567 903 630 967 in
664 902 911 966 Timaeo
946 897 1323 985 explicatum
1352 895 1593 982 reliqua
1621 919 1764 961 cum
1800 896 2083 962 doctrina
2112 895 2258 961 Pla-

568 1003 730 1070 tonis
783 1000 1109 1067 conciliare
1164 1020 1289 1063 non
1339 1010 1611 1085 possent,
1658 998 2026 1085 primarium
2081 997 2257 1062 illum

565 1106 887 1193 dialogum
919 1100 1170 1167 Platoni
1196 1099 1648 1189 abjudicarent.

625 1234 693 1298 p.
708 1210 856 1286 881,
870 1226 930 1292 7.
950 1208 1054 1287 ἥτε
1074 1208 1157 1273 εἰς
1173 1205 1486 1270 τελείωσιν
1501 1203 1746 1272 κάθοδος
1761 1208 1867 1268 τοῦ
1882 1204 2155 1292 παντὸς,]
2179 1205 2258 1269 In

567 1311 799 1379 caussis
824 1310 1156 1375 descensus
1191 1307 1536 1372 animarum
1572 1307 1633 1370 in
1665 1329 1925 1394 corpora
1951 1321 2044 1372 est
2072 1306 2257 1372 etiam

567 1413 929 1483 constitutio
974 1410 1269 1490 universi,
1314 1432 1577 1496 eamque
1626 1432 1874 1475 causam
1934 1409 2259 1498 aliquoties

565 1517 821 1605 attingit
848 1513 1136 1580 Plotinus
1163 1513 1227 1578 in
1256 1513 1376 1577 hoc
1400 1512 1544 1601 ipso
1570 1513 1795 1599 capite.
1885 1513 2107 1578 Celsus
2148 1537 2258 1579 au-

566 1639 693 1688 tem
723 1619 843 1684 boc
871 1617 960 1682 ita
985 1613 1257 1680 declarat
1284 1637 1387 1700 ap.
1420 1614 1751 1701 Origenem
1785 1614 1925 1679 libr.
1954 1615 2158 1679 VIII.
2190 1638 2255 1702 p.

569 1726 717 1807 780.
744 1724 848 1788 D:
898 1719 1097 1798 ἐπειδὴ
1143 1720 1207 1782 δὲ
1259 1719 1486 1796 σώματι
1529 1716 1912 1784 συνδεθέντες
1962 1718 2259 1798 ἄνθρωποι

566 1829 914 1911 γεγόνασιν,
960 1821 1061 1887 εἴτ’
1110 1822 1444 1900 οἰκονομίας
1492 1826 1610 1883 τῶν
1659 1821 1820 1884 ὅλων
1868 1820 2090 1894 ἕνεκεν,
2139 1824 2258 1885 εἴτε

566 1933 775 1997 ποινὰς
802 1930 1096 2008 ἁμαρτιῶν
1139 1925 1573 1996 ἀποτιννύντες,
1606 1921 1710 1987 εἴθ’
1753 1921 1868 1986 ὑπὸ
1897 1921 2257 2002 παθημάτων

569 2037 678 2115 (an
709 2034 1026 2110 ἐπιθυμιῶν
1042 2031 1071 2091 ἒ
1103 2025 1470 2113 Wyttenb.)
1500 2030 1677 2089 τινῶν
1697 2028 1799 2103 τῆς
1818 2028 2019 2108 ψυχῆς
2036 2033 2257 2106 βαρυυ.

569 2138 788 2216 θείσης,
818 2133 1026 2216 μέχρις
1062 2130 1138 2194 ἂν
1164 2127 1550 2211 τεταγμέναις
1575 2129 1867 2210 περιόδοις
1907 2129 2257 2209 ἐκκαθαρθῇ.

571 2244 690 2304 Δεῖ
731 2241 867 2320 γὰρ,
923 2237 1069 2299 κατὰ
1111 2231 1217 2296 τὸν
1272 2230 1684 2311 Ἐμπεδοκλέα
1728 2231 1851 2312 τρὶς
1897 2232 2010 2311 μὲν
2053 2232 2259 2313 μυρίας

570 2343 723 2423 ὥρας
764 2338 881 2403 ἀπὸ
923 2335 1199 2417 μακάρων
1238 2335 1579 2397 ἀλαλᾶσθαι
1611 2330 1939 2415 γενομένην
1968 2333 2257 2396 παντοίαν

569 2446 665 2507 διὰ
691 2442 914 2526 χρόνον
944 2437 1107 2503 ἰδέαν
1146 2440 1388 2517 θνητῶν.
1464 2435 1571 2500 Cf.
1606 2436 1938 2522 Wyttenb.
1973 2436 2053 2499 ad
2100 2434 2253 2499 Plu-

567 2543 761 2610 tarch.
814 2541 894 2606 de
947 2542 1012 2604 S.
1038 2541 1120 2603 N.
1145 2540 1224 2603 V.
1272 2562 1336 2626 p.
1393 2556 1529 2623 113.
1591 2560 1653 2625 p.
1692 2557 1841 2618 444.
1888 2536 1989 2601 ed.
2044 2539 2253 2602 Oxon.

571 2646 753 2712 Adde
820 2641 1244 2730 Empedoclea
1299 2641 1590 2727 fragmm.
1650 2662 1710 2701 v.
1762 2642 1823 2703 6.
1885 2640 1993 2703 ubi
2051 2656 2254 2705 tamen

573 2754 783 2815 Sturz.
813 2771 881 2835 p.
903 2764 1053 2832 513.
1084 2744 1256 2809 dedit
1289 2743 1648 2823 ἀλάλησθαι.
1739 2743 2122 2828 Designatur
2149 2767 2259 2808 au-

571 2871 696 2919 tem
730 2850 829 2916 his
860 2848 1062 2914 verbis
1096 2850 1134 2928 ἡ
1170 2846 1389 2926 πλάνη,
1420 2868 1608 2931 quam
1656 2867 1800 2908 mox
1848 2844 2137 2911 Plotinus
2179 2870 2257 2911 ex

572 2952 1007 3043 Empedocleis
1035 2964 1352 3015 memorat.
1421 2950 1523 3014 De
1546 2947 1819 3035 reliquiS,
1842 2971 1987 3035 quae
2006 2948 2086 3013 ad
2109 2952 2261 3014 Em-

573 3056 846 3147 pedoclis
876 3053 1307 3139 Heraclitique
1333 3051 1469 3117 haec
1506 3051 1750 3115 decreta
1794 3053 2126 3139 pertinent,
2156 3076 2260 3117 su-

572 3184 687 3249 pra
712 3158 982 3224 vidimus
1010 3156 1090 3221 ad
1121 3179 1184 3242 p.
1210 3156 1360 3238 468.
1382 3158 1461 3219 C.
1553 3157 1741 3219 Hanc
1768 3155 2110 3220 doctrinam
2140 3179 2259 3221 au-

576 3279 698 3329 tem
742 3261 1072 3327 descensus
1107 3259 1454 3325 animarum
1494 3281 1685 3347 supra
1728 3259 2049 3347 attigimus
2083 3259 2165 3325 ad
2193 3284 2260 3349 p.

574 3369 723 3454 381.
753 3389 891 3453 sqq.

656 3507 745 3521 —
761 3470 819 3534 8.
848 3469 952 3549 ἥτε
971 3467 1217 3551 ἀνάγκη,
1242 3469 1330 3542 τό,
1350 3493 1418 3531 τε
1441 3467 1714 3531 ἑκούσιον
1746 3467 2018 3550 (ἐπείπερ
2043 3467 2171 3551 ἔχει
2193 3466 2262 3530 τὸ

578 3575 849 3639 ἑκούσιον
869 3573 907 3652 ἡ
926 3571 1178 3655 ἀνάγκη]
1204 3570 1306 3634 De
1333 3569 1694 3634 necessitate
1719 3568 1931 3634 divina
1945 3569 2033 3633 ita
2050 3569 2266 3656 dispu-

577 3693 669 3742 tat
700 3673 1084 3741 lamblichus
1119 3672 1198 3738 de
1241 3675 1508 3759 Myster.
1543 3674 1815 3759 AEgypt.
1850 3674 1905 3736 1.
1942 3692 2037 3753 14.
2070 3694 2131 3759 p.
2161 3691 2262 3756 25.

579 3781 665 3845 ἔτι
692 3780 894 3844 τοίνυν
917 3780 979 3841 αἱ
998 3777 1321 3859 λεγόμεναι
1340 3780 1492 3839 θεῶν
1516 3774 1787 3856 ἀνάγκαι,
1812 3774 1881 3838 τὸ
1904 3777 2052 3839 ὅλον
2067 3780 2260 3849 τοῦτο,

579 3887 729 3948 θεῶν
753 3885 895 3947 ἴδιαι
926 3880 1112 3961 (εἰσὶν
1143 3877 1302 3943 Cod.
1336 3877 1613 3943 Gothan.
1650 3891 1713 3940 et
1755 3878 2010 3941 Monac.
2041 3877 2142 3941 hic
2168 3892 2260 3941 ta-

577 4009 718 4051 men
747 3985 809 4049 in
841 4006 1035 4070 marg.
1068 4006 1106 4047 a
1137 4005 1258 4046 rec.
1283 4003 1367 4044 m.
1404 3982 1587 4064 ἰδίαν)
1630 3979 1903 4062 ἀνάγκαι,
1938 3980 2032 4044 καὶ
2062 3981 2138 4047 ὣς
2167 3981 2265 4044 ἐπὶ

577 4093 727 4153 θεῶν
772 4087 1101 4169 γίγνονται·
1146 4084 1251 4147 οὐκ
1296 4083 1411 4165 ἄρα
1456 4083 1532 4149 ὡς
1578 4082 1795 4162 ἔξωθεν
1838 4079 1956 4145 οὐδ’
1998 4082 2075 4149 ὣς
2117 4084 2265 4146 κατὰ

577 4193 721 4270 βίαν
754 4191 837 4272 (κ.
867 4190 1010 4269 μίαν
1039 4202 1303 4272 uterque
1345 4184 1502 4249 Cod.
1534 4188 1889 4272 perperam)
1918 4182 2054 4247 ἀλλ’
2094 4184 2170 4251 ὦς
2211 4182 2260 4246 τ’

578 4297 817 4376 ἀγαθῶν
868 4291 1097 4375 ὠφέλει
1133 4294 1196 4370 ἐξ
1241 4289 1516 4371 ἀνάγκης,
1564 4289 1744 4355 οὕτως
1788 4287 1998 4371 ἔχουσι
2038 4291 2118 4373 τῷ
2165 4287 2262 4369 (τὸ

580 4396 774 4463 Goth.
808 4398 992 4460 Mon.
1023 4393 1350 4476 LeidenS.)
1381 4391 1573 4472 πάντῃ
1600 4392 1834 4466 οὑτωσὶ,
1870 4393 1965 4456 καὶ
1991 4396 2265 4472 μηδαμῶς

579 4502 775 4566 ἄλλως
806 4501 1151 4562 διακεῖσθαι.
1197 4495 1491 4576 βουλήσει
1530 4497 1644 4577 ἄρα
1680 4497 2022 4577 ἀγαθοειδεῖ
2055 4494 2267 4577 συγκέ-

581 4627 783 4683 κραται
810 4602 953 4680 αὕτη
983 4600 1079 4663 καὶ
1113 4598 1326 4678 ἔρωτός
1356 4599 1486 4660 ἐστι
1515 4598 1663 4679 φίλη
1690 4598 1728 4676 ἡ
1755 4599 1993 4677 τοιαύτη
2015 4596 2261 4678 ἀνάγκη,

580 4703 738 4783 τάξει
764 4727 830 4767 τε
858 4702 1044 4786 οἰκείᾳ
1072 4705 1224 4764 θεῶν
1254 4699 1383 4783 ἔχει
1410 4698 1704 4762 τοσαυτὸν
1735 4698 1833 4779 (τὸ
1872 4698 2088 4762 ταυτὸν
2122 4699 2262 4763 cod.

582 4804 809 4889 Goth.)
861 4805 957 4868 καὶ
1007 4805 1317 4886 ἄτρεπτον,
1369 4802 1465 4865 καὶ
1520 4802 1613 4865 ὅτι
1658 4804 1805 4865 κατὰ
1847 4803 1923 4865 τὰ
1974 4801 2123 4865 αὐτὸ
2170 4802 2265 4866 καὶ

581 4911 853 4976 ὡσαύτως
877 4909 965 4971 ἑνὶ
984 4909 1100 4993 ὅρῳ
1123 4904 1459 4989 συνέχεται,
1489 4904 1728 4985 ἐμμένει
1751 4905 1957 4990 τούτῳ,
1982 4904 2077 4968 καὶ
2103 4903 2266 4968 οὐδέ-

578 5037 721 5076 ποτε
733 5011 1052 5090 ἐξίσταται.
1075 5006 1570 5095 adquemlocum
1588 5006 1728 5072 vide
1745 5006 2013 5072 Galeum
2036 5030 2102 5094 p.
2121 5007 2265 5093 198.

665 5136 726 5200 p.
762 5113 910 5190 882,
937 5132 997 5196 9.
1072 5110 1161 5175 Τὸ
1215 5113 1280 5174 δὲ
1326 5114 1427 5188 τῆς
1471 5111 1672 5177 κακίας
1723 5110 1977 5191 ἄμετρον
2028 5109 2267 5177 εἶδος-

580 5216 935 5298 τιννυμένων
956 5216 1274 5300 δαιμόνων]
1311 5214 1413 5278 De
1434 5214 1639 5300 poenis
1655 5213 2001 5278 animarum
2020 5212 2266 5277 dicendi

579 5319 771 5385 otium
812 5318 965 5383 mihi
992 5317 1143 5382 facit
1172 5315 1623 5404 Wyttenbach.
1655 5315 1732 5380 ad
1771 5316 1937 5380 Plut.
1972 5314 2051 5379 de
2082 5317 2149 5380 S.
2175 5318 2264 5381 N.

584 5425 657 5488 V.
717 5447 778 5511 p.
823 5442 931 5507 99.
983 5444 1052 5509 p.
1093 5420 1242 5502 426.
1305 5420 1511 5484 Oxon.
1565 5441 1628 5505 p.
1681 5437 1820 5483 122.
1880 5440 1946 5505 Ρ.
1976 5436 2127 5503 455.
2171 5442 2266 5506 sq.

583 5529 784 5591 Oxon.

675 5634 867 5687 voL.
907 5632 1036 5683 111.

3920 526 4042 608 265

2434 713 2497 777 p.
2534 689 2684 775 883,
2729 708 2791 753 2.
2851 690 3143 771 μηδέποτε
3195 694 3378 760 ὅντως
3420 693 3638 783 οὖσαν]
3696 694 4037 781 Suspiceris

2352 792 2706 857 Marsilium
2729 791 2949 879 legisse
2961 795 3144 862 ὅντως
3159 796 3308 859 οὕτω
3325 797 3534 870 οὖσαν,
3546 797 3654 861 sed
3673 795 3814 861 libri
3832 799 4029 862 MSS.

2347 897 2429 960 ab
2452 896 2722 961 editione
2742 895 2831 960 nil
2849 895 3216 984 discrepant.
3310 899 3469 963 Mox
3492 897 3555 962 in
3577 899 3701 964 fine
3728 898 4033 986 capitis—

2348 1003 2444 1064 διὰ
2470 1003 2572 1079 τῆς
2597 1001 2890 1066 ποικιλίας
2915 1004 3033 1062 τῶν
3063 999 3333 1078 ἔξω-τὰ
3369 1005 3654 1084 γλαφυρᾶ
3684 1006 3870 1067 ταῦτα
3892 1007 4031 1084 δρᾶ-

2348 1128 2467 1166 σαι.
2557 1101 2734 1166 Ficin
2743 1125 2814 1166 us
2841 1105 3126 1184 γλαφυρᾶ
3150 1101 3337 1167 vertit
3366 1106 3553 1168 varia
3570 1106 4028 1192 pulcherrima—

2344 1227 2483 1293 que.
2574 1207 2865 1270 Fortasse
2921 1218 3173 1292 praestet
3219 1206 3455 1293 pulcra
3503 1216 3841 1295 ιιζ’·νιιιαςῃιε.
3925 1210 4029 1274 De

2344 1322 2649 1396 potestate
2697 1307 2860 1373 vocis
2904 1307 3232 1392 γλαφυρὸς,
3281 1311 3604 1391 γλαφυρία,
3652 1313 4031 1393 γλαφυρότης

2343 1410 2590 1477 dicendi
2617 1410 2815 1476 otium
2845 1409 2999 1475 mihi
3016 1411 3300 1475 fecerunt
3329 1410 3483 1475 Tib.
3515 1412 4031 1479 Hemsterhusius

2342 1515 2406 1579 in
2439 1515 2778 1580 Anecdott.
2809 1514 2952 1579 Vol.
2984 1514 3041 1578 I.
3072 1512 3168 1577 ed.
3206 1515 3344 1578 Jac.
3379 1514 3582 1579 Geelii
3609 1531 3673 1579 et
3700 1516 3768 1580 J.
3789 1520 3862 1581 C.
3897 1516 4028 1581 Th.

2343 1616 2594 1682 Ernesti
2635 1617 2698 1680 in
2742 1616 2903 1681 Lex.
2945 1615 3246 1680 Technol.
3292 1616 3603 1681 Graecorr.
3652 1616 3915 1683 Rhetor.
3962 1642 4024 1706 p.

2344 1722 2448 1783 61.
2480 1742 2572 1805 sq.
2662 1719 2808 1804 Ego
2836 1717 2956 1782 alia
2993 1716 3281 1803 quaedam
3331 1717 3619 1806 exempla
3659 1718 4022 1807 subjiciam:

2345 1820 2662 1887 Plutarch.
2707 1820 2788 1884 de
2847 1820 3041 1886 Sanit.
3101 1819 3317 1884 tuend.
3366 1844 3432 1908 p.
3473 1839 3612 1887 122.
3650 1823 3730 1886 E.
3781 1844 3849 1910 p.
3879 1824 4025 1909 483.

2343 1925 2716 2012 Wyttenb.:
2762 1929 2880 1988 τῶν
2926 1926 3277 2005 ἐλευθεριῶν
3320 1925 3384 1987 δὲ
3426 1930 3656 2007 τεχνῶν
3699 1927 3923 2008 ἰατρικὴ
3959 1927 4029 1991 τὸ

2341 2030 2452 2108 μὲν
2479 2026 2796 2109 γλαφυρὸν
2832 2027 2926 2091 καὶ
2965 2027 3238 2109 περιττὸν
3284 2027 3378 2091 καὶ
3421 2028 3726 2109 ἐπιτερπὲς
3761 2031 4031 2111 οὐδεμίας

2344 2130 2724 2212 ἐνδεέστερον
2765 2130 2911 2213 ἔχει,
2944 2129 3054 2194 ubi
3093 2150 3217 2193 non
3258 2127 3417 2193 male
3441 2132 3645 2193 nitore
3676 2130 4024 2218 Xylander.

2345 2234 2493 2298 Alia
2538 2233 2912 2298 Plutarchea
2950 2232 3031 2297 ad
3072 2231 3205 2296 haec
3248 2231 3312 2295 in
3342 2231 3491 2295 Vita
3519 2232 3748 2319 Pyrrhi
3778 2257 3833 2298 c.
3865 2237 3928 2300 8.
3957 2260 4024 2324 p.

2341 2338 2505 2424 387:
2553 2339 2630 2405 ὧς
2659 2335 3016 2417 μαθημάτων
3057 2337 3553 2416 βασιλικώτατον,
3600 2339 3704 2403 τᾶς
3744 2336 3793 2401 δ’
3837 2340 4029 2408 ἄλλας

2341 2441 2677 2523 γλαφυρίας
2698 2443 2765 2503 ἐν
2781 2439 2976 2504 οὐδενὶ
3001 2440 3166 2523 λόγῳ
3186 2439 3475 2512 τίθεσθαι,
3505 2436 3794 2502 Baehrius
3823 2456 4030 2506 noster

2341 2543 2404 2607 in
2435 2545 2679 2607 Annot.
2723 2564 2785 2629 p.
2823 2543 2962 2606 182.
3007 2539 3330 2604 Himerius
3376 2541 3555 2604 Orat.
3591 2542 3649 2604 1.
3685 2560 3743 2605 2.
3785 2564 3847 2628 p.
3878 2563 4024 2628 324.

2345 2644 2743 2710 Wernsdorf.
2772 2643 2853 2707 de
2896 2643 3172 2707 oratione
3192 2645 3395 2706 ε-διᾶ
3435 2648 3759 2724 γλαφυρῶν
3807 2645 4027 2729 ἐπιχει-

2341 2746 2615 2830 ρημάτων
2640 2746 2748 2826 τὴν
2775 2747 3016 2830 γνώμην
3046 2745 3402 2828 ἐμφανίζειν.
3479 2746 3770 2811 Marinus
3797 2746 3860 2811 in
3888 2748 4031 2813 Vita

2347 2851 2554 2916 Procli
2589 2870 2688 2937 13.
2730 2873 2797 2938 p.
2823 2869 2926 2936 31.
2976 2873 3042 2935 p.
3081 2869 3181 2913 11.
3230 2848 3596 2914 Boissonad.
3635 2850 3710 2914 dc
3751 2851 4031 2918 libro:—

2347 2955 2510 3017 ἄλλα
2545 2979 2614 3017 τε
2649 2955 2853 3017 πολλὰ
2892 2951 3242 3034 συνέγραψε
3272 2951 3366 3015 καὶ
3393 2954 3470 3016 τὰ
3499 2954 3581 3020 εἰς
3605 2954 3858 3032 Τίμαιον
3885 2962 4034 3036 γλαρ

2347 3059 2508 3138 φυρᾶ
2552 3058 2737 3123 ὄντως
2794 3055 2889 3119 καὶ
2944 3054 3262 3135 ἐπιστήμης
3316 3053 3580 3138 γέμοντα
3626 3056 4032 3137 ὑπομνήματα.

2352 3157 2735 3223 lamblichus
2771 3157 2835 3222 in
2878 3156 3242 3221 Nicomachi
3268 3156 3684 3222 Aritbmetica
3712 3182 3778 3246 p.
3802 3162 3902 3224 26.
3933 3161 4030 3226 ed.

2350 3260 2626 3327 Tenullii
2670 3261 2747 3326 de
2785 3261 2913 3326 loco
2960 3261 3234 3349 alicujus
3275 3262 3502 3349 scripti
3522 3285 3545 3324 .·
3590 3262 3762 3326 οὐδὲν
3795 3264 4035 3347 ἀκριβὲς

2350 3368 2417 3429 ἐν
2464 3369 2545 3451 τῷ
2596 3367 2756 3449 τόπῳ
2813 3363 3255 3450 γλαφυρωτάτῳ
3307 3366 3556 3447 παρόντι
3612 3366 4035 3447 θεωρήσαντες.

2350 3466 2637 3532 Clemens
2680 3465 2870 3530 Alex.
2923 3468 3213 3530 Stromm.
3266 3468 3321 3530 Ι.
3367 3488 3434 3553 p.
3463 3483 3614 3551 325.
3667 3468 3906 3532 Potter.
3958 3472 4036 3536 de

2349 3569 2755 3655 Philosophia
2796 3569 3215 3632 Ethnicorum
3237 3592 3259 3630 .·
3308 3568 3543 3649 ἁρμόζει
3585 3570 3650 3631 δὲ
3697 3569 3790 3633 καὶ
3836 3572 4036 3641 ἄλλως

2348 3677 2417 3753 τῇ
2462 3678 2582 3736 τῶν
2617 3671 3046 3752 ὑπομνημάτων
3072 3670 3446 3734 ὑποτυπώσει
3487 3670 3555 3732 τὸ
3593 3670 3907 3753 γλαφυρὸν
3933 3678 4035 3753 τῆς

2350 3777 2613 3857 θεωρίας.
2707 3774 2786 3837 In
2829 3771 3323 3860 praecedentibus
3361 3775 3437 3836 τᾶ
3480 3771 3772 3836 κάλλιστα
3798 3797 3870 3839 ea
3897 3775 4036 3841 dix-

2348 3894 2502 3954 erat,
2562 3892 2626 3940 et
2679 3875 2743 3939 in
2792 3874 3196 3961 sequentibus
3250 3872 3463 3937 iisdem
3515 3872 3734 3938 tribuit
3779 3876 4029 3959 ἥδυσμα.

2350 3982 2494 4059 Quo
2551 3979 2819 4067 pertinet
2876 3977 3195 4043 Eustathii
3247 3976 3312 4041 in
3362 3976 3587 4065 Odyss.
3641 4004 3701 4042 α.
3751 4003 3810 4064 p.
3847 3983 4033 4069 1385.

2348 4083 2684 4170 praeceptio
2714 4083 2796 4148 de
2839 4082 2957 4146 hoc
2985 4080 3321 4146 vocabulo:
3368 4081 3406 4161 ἡ
3434 4080 3594 4161 λέξις
3626 4087 3902 4163 μετῆκται
3943 4088 4037 4150 καὶ

2350 4189 2446 4251 ἐπὶ
2498 4186 2822 4267 νοημάτων,
2875 4187 2970 4251 καὶ
3014 4186 3259 4269 λέγεται
3308 4185 3571 4266 νοήματα
3616 4193 3916 4270 γλαφυρὰ.
3961 4194 4038 4255 τὰ

2350 4289 2569 4373 ἔχοντά
2604 4316 2662 4354 τι
2701 4289 2879 4370 βαθὺ,
2911 4288 3071 4367 πλὴν
3098 4292 3248 4368 μετά
3286 4289 3381 4352 καὶ
3416 4288 3656 4372 χάριτος
3694 4290 3788 4354 καὶ
3826 4295 4039 4375 διαφα-

2350 4392 2478 4459 νίας
2504 4392 2664 4459 τινὸς
2693 4392 2789 4456 καὶ
2817 4393 3245 4473 λαμπρότητος,
3279 4392 3355 4457 ὧς
3379 4391 3460 4470 μὴ
3485 4389 3641 4454 πάνυ
3669 4391 3820 4456 εἶναι
3847 4396 3943 4458 διά
3969 4394 4038 4458 τὸ

2349 4495 2539 4574 βάθος
2569 4493 2866 4558 σκοτεινά.

2434 4634 2520 4645 -
2555 4618 2582 4661 1
2600 4617 2652 4659 1.
2701 4596 2797 4660 καὶ
2826 4595 3258 4683 ἐξελίττεσθαι]
3325 4594 3466 4658 Vid.
3495 4611 3708 4660 annot.
3736 4595 3819 4660 ad
3846 4619 3912 4685 p.
3934 4618 4037 4681 29.

2351 4704 2425 4765 C.
2501 4701 2802 4776 Seminis,
2827 4697 3179 4781 σπέρματος,
3212 4696 3673 4762 similitudinem
3716 4697 3795 4764 de
3833 4701 4038 4767 anima

2350 4800 2628 4867 similiter
2666 4800 2991 4888 usurpavit
3029 4798 3293 4864 Proclus
3334 4799 3397 4862 in
3441 4798 3755 4864 Timaeum
3795 4824 3857 4888 p.
3884 4823 4035 4888 330.

2349 4906 2542 4970 mitio.

2435 5045 2522 5057 —
2553 5028 2576 5071 1
2591 5028 2656 5088 4.
2700 5005 2776 5085 ἣν
2825 5007 2930 5070 οὐκ
2980 5005 3099 5070 ἔδει
3147 5009 3365 5084 στῆσαι
3412 5006 3541 5070 οἷον
3585 5007 4042 5089 περιγράψαντα

2351 5110 2588 5197 φθόνῳ]
2639 5112 2842 5184 Quam
2899 5106 3299 5194 (potentiam)
3348 5129 3477 5172 non
3521 5106 3771 5172 debebat
3819 5111 4040 5174 sistere

2354 5212 2746 5298 (quisquam)
2795 5211 2979 5298 quasi
3021 5212 3131 5297 qui
3165 5211 3417 5274 invidia
3456 5210 3749 5275 cohibeat.
3836 5210 4039 5277 Nimi-

2351 5337 2494 5380 rum
2528 5313 2867 5379 secundum
2913 5312 3195 5377 Platonis
3238 5312 3638 5377 sententiam:
3684 5311 3748 5378 in
3793 5313 4040 5382 Divinis

2351 5431 2542 5504 atque
2565 5415 2758 5481 Bonis
2779 5414 3074 5479 invidiam
3097 5437 3218 5479 non
3239 5438 3388 5479 esse.
3420 5413 3674 5480 Phaedr.
3701 5438 3763 5502 p.
3788 5433 3934 5500 247.
3952 5421 4039 5484 A.

2357 5520 2605 5584 Timaeo
2631 5541 2696 5605 p.
2719 5536 2823 5604 29.
2853 5517 2973 5581 sub
3005 5517 3116 5582 fin.
3204 5519 3409 5596 Quam
3453 5516 3850 5605 amplectitur
3893 5522 4044 5589 Phi-

2481 5628 2549 5678 M
2584 5632 2658 5678 m
