5118 6613
1391 525 1598 590 LIB.
1631 524 1754 589 VI.
1800 522 2265 590 ENNEAD.
2313 521 2709 588 SEXTAE.
2751 545 2814 611 p.
2853 542 3298 610 1234—1242.

607 697 925 780 τετρακτὺν
972 696 1142 762 illam
1202 720 1378 762 suam
1437 697 1557 762 hoc
1615 697 1864 762 nomine
1914 695 2303 786 praedicasse,

606 800 778 886 quod
824 800 1112 889 perennis
1154 815 1397 865 naturae
1437 802 1657 883 ῥίζωμα
1687 799 2015 884 (radicem)
2050 799 2307 863 haberet

613 902 978 982 (Iamblich.
1030 902 1155 968 vit.
1207 902 1402 990 Pyth.
1455 905 1516 987 ξ.
1556 919 1695 989 150.
1746 926 1807 990 p.
1841 904 2048 988 316.).
2153 904 2302 966 Jam

603 1004 775 1084 audi,
807 1028 954 1093 quae
981 1004 1062 1070 de
1097 1005 1350 1070 Simone
1381 1008 1583 1093 Mago
1617 1006 1828 1093 prodit
1861 1005 2304 1071 Theodoretus

611 1111 881 1174 Haerett.
917 1107 1168 1173 Fabull.
1207 1111 1432 1197 Comp.
1462 1111 1515 1174 Ι.
1548 1133 1611 1196 p.
1640 1127 1784 1192 217.
1821 1108 2098 1174 Schulz.:
2134 1111 2301 1174 ἄπει-

603 1208 714 1294 ρόν
755 1237 888 1275 τινα
929 1211 1181 1277 ὑπέθετο
1226 1214 1492 1292 δύναμιν·
1547 1214 1766 1292 ταύτην
1811 1215 1876 1277 δὲ
1921 1214 2139 1295 ῥίζωμα
2184 1219 2302 1277 τῶν

605 1316 766 1378 ὅλων
797 1315 1111 1380 ἐκάλεσεν.
1161 1316 1313 1380 εἶναι
1356 1319 1421 1379 δὲ
1467 1316 1649 1395 αὐτὴν
1678 1320 1792 1396 πῦρ
1823 1315 2209 1398 ἔφησε-τὸν
2237 1318 2302 1380 δὲ

607 1416 1281 1500 κόσμον-γεγενῆσθαι
1323 1421 1388 1483 ἐκ
1430 1422 1531 1498 τῆς
1573 1418 1935 1501 φαινομένης
1977 1424 2082 1482 τοῦ
2120 1419 2303 1500 πυρὸς

606 1524 930 1606 ἐνεργείας.
974 1529 1207 1604 πρῶτον
1250 1525 1315 1588 δὲ
1361 1525 1425 1603 ἐξ
1468 1523 1642 1603 αὐτῆς
1690 1528 2101 1606 προβληθῆναι
2145 1528 2302 1605 τρεῖς

607 1627 881 1707 συζυγίας
911 1653 959 1688 κ.
984 1652 1037 1689 τ.
1057 1635 1120 1689 λ.
1180 1625 1373 1690 Vides
1404 1625 1573 1690 hunc
1601 1625 1911 1690 bominem
1946 1648 2068 1690 non
2099 1624 2298 1690 solum

608 1724 983 1791 Heracliteae
1011 1726 1422 1815 philosophiae
1461 1727 1782 1815 principia,
1814 1727 1921 1792 sed
1950 1727 2135 1792 etiam
2169 1729 2299 1816 Py-

606 1828 934 1917 thagoreas
978 1829 1279 1894 formulas
1332 1854 1463 1894 esse
1510 1829 1845 1895 imitatum.
1937 1830 2173 1894 Lexica
2222 1854 2302 1896 ex

605 1931 948 2019 Apollonio
1005 1932 1284 2020 Dyscolo
1339 1933 1640 1999 exhibent
1700 1936 1976 2016 συζύγως.
2075 1935 2302 2021 Neque

605 2058 752 2100 vero
783 2036 1191 2101 Grammatici
1237 2036 1461 2114 solum,
1494 2059 1709 2101 verum
1756 2036 1944 2100 etiam
1974 2036 2299 2102 Arithme-

605 2137 710 2204 tici
749 2154 1058 2227 usurpant
1098 2138 1216 2204 hoc
1245 2138 1670 2204 Adverbium.
1763 2137 1922 2203 Vide
1949 2162 2014 2202 v.
2039 2163 2094 2203 c.
2129 2142 2297 2205 Iam-

605 2241 793 2308 blich.
844 2242 908 2306 in
962 2243 1325 2306 Nicomach.
1374 2266 1440 2329 p.
1479 2261 1580 2308 20.
1629 2259 1692 2307 et
1734 2266 1802 2330 p.
1847 2262 1951 2308 22.
1999 2223 2299 2309 Tenullii.

605 2345 799 2410 Adde
825 2370 903 2410 ex
935 2345 1160 2410 Proclo
1187 2345 1249 2409 in
1284 2344 1496 2410 Alcib.
1531 2368 1626 2432 pr.
1674 2368 1740 2432 p.
1779 2364 1882 2409 21.
1927 2345 2029 2409 ed.
2059 2363 2252 2413 nostr.
2280 2374 2295 2412 :

605 2452 676 2529 τῇ
703 2452 816 2529 μὲν
844 2452 1006 2529 ἁπλῇ
1038 2450 1134 2513 καὶ
1160 2454 1462 2528 μονοειδεῖ
1486 2449 1580 2511 καὶ
1609 2452 1787 2532 νοερᾷ
1814 2449 2038 2531 γνῶσει
2064 2449 2138 2514 τὰ
2162 2478 2296 2532 νοη-

605 2551 680 2616 τὰ
700 2553 895 2616 πάντα
924 2553 1184 2634 συζύγως
1212 2556 1455 2633 θεωρεῖν
1488 2551 1805 2638 (copulate
1835 2575 1886 2616 s.
1917 2553 2296 2640 conjunctim

605 2652 1063 2741 contemplari.)

692 2744 762 2845 p.
790 2757 976 2842 1238,
1015 2778 1071 2820 1.
1119 2757 1215 2820 καὶ
1241 2756 1676 2823 δεκὰς-ἔσται
1720 2756 2061 2843 αὗτοδεκάς]
2116 2758 2303 2825 Theo

609 2862 972 2948 Smyrnaeus
1000 2860 1080 2924 de
1111 2859 1579 2925 Mathematicis
1607 2858 1669 2922 in
1706 2859 1966 2925 Platone
1995 2885 2047 2925 c.
2076 2862 2195 2927 IV.
2232 2886 2300 2951 p.

609 2968 713 3028 26.
744 2962 1137 3050 Bullialdip.
1169 2965 1273 3028 28.
1299 2987 1390 3049 sq.
1423 2962 1522 3027 ed.
1549 2962 1834 3027 Gelderi:
1877 2966 2081 3031 ἁπλῶς
2109 2967 2174 3028 δὲ
2205 2968 2305 3048 ἆρ-

604 3065 715 3151 χᾶς
742 3068 1002 3149 ἀριθμῶν
1030 3069 1089 3130 οἱ
1115 3069 1228 3147 μὲν
1255 3064 1508 3148 ὕστερόν
1536 3074 1691 3148 φασι
1719 3064 1827 3145 τήν
1855 3092 1923 3130 τε
1948 3067 2179 3146 μονάδα
2208 3070 2306 3134 καὶ

606 3171 714 3250 τὴν
736 3170 933 3236 δυάδα.
967 3174 1025 3235 οἱ
1053 3174 1118 3236 δὲ
1149 3171 1265 3234 ἀπὸ
1294 3167 1651 3252 Πυθαγόρου
1679 3169 1877 3236 πάσας
1907 3167 2052 3233 κατὰ
2076 3170 2143 3234 τὸ
2174 3173 2305 3250 ἑξῆς

607 3272 707 3342 τὰς
750 3280 869 3338 τῶν
911 3276 1065 3357 ὅρων
1112 3272 1395 3347 ἐκθέσεις,
1442 3271 1510 3336 δι’
1544 3274 1628 3336 ὧν
1672 3273 1859 3356 ἄρτιοι
1904 3272 2001 3337 καὶ
2045 3274 2305 3355 περιττοὶ

606 3382 894 3452 νοοῦνται,
936 3378 1067 3442 οἷον
1120 3382 1235 3441 τῶν
1280 3378 1347 3441 ἐν
1390 3378 1693 3454 αἰσθητοῖς
1738 3380 1912 3457 τριῶν
1960 3377 2150 3459 ἀρχὴν
2197 3378 2306 3456 τὴν

606 3478 830 3561 τριάδα,
866 3479 961 3543 καὶ
1003 3483 1122 3543 τῶν
1163 3481 1231 3543 ἐν
1270 3481 1573 3558 αἰσθητοῖς
1614 3478 1930 3559 τεσσάρων
1970 3478 2161 3561 ἀρχὴν
2197 3479 2307 3559 τὴν

605 3581 878 3663 τετράδα,
912 3582 1006 3646 καὶ
1050 3582 1146 3645 ἐπὶ
1189 3585 1308 3644 τῶν
1351 3581 1560 3643 ἄλλων
1603 3581 1863 3661 ἀριθμῶν
1908 3582 2055 3644 κατὰ
2098 3580 2299 3645 ταύτά.

612 3682 873 3747 Brevius
901 3683 1036 3748 haec
1065 3683 1281 3747 eadem
1311 3680 1422 3746 dat
1455 3681 1745 3745 Stobaeus
1773 3680 1837 3745 in
1862 3679 2133 3768 Eclogg.
2159 3682 2218 3745 Ι.
2244 3701 2300 3747 1.

609 3806 670 3870 9.
699 3810 765 3875 p.
787 3807 891 3852 20.
924 3788 1120 3851 Heer.
1171 3785 1282 3850 Ad
1311 3785 1417 3849 illa
1448 3784 1804 3850 Bullialdus
1832 3809 1894 3873 p.
1927 3804 2087 3869 229:
2139 3793 2184 3824 “
2205 3786 2306 3849 De

605 3888 807 3954 forma
848 3889 1092 3954 numeri
1130 3890 1231 3955 hic
1272 3890 1503 3977 agitur,
1538 3889 1707 3954 verbi
1745 3887 1948 3975 gratia
1974 3887 2302 3975 quaeritur,

606 4018 894 4081 quaenam
932 3995 1007 4059 sit
1039 3996 1240 4060 forma
1270 3993 1517 4060 ternarii
1550 4009 1662 4058 aut
1691 3990 2091 4080 quaternarii.
2183 3991 2301 4056 Ai-

609 4114 721 4162 unt
765 4098 1171 4186 Pythagorici
1217 4098 1494 4186 singulos
1542 4120 1831 4161 numeros
1874 4095 2104 4159 babere
2158 4118 2303 4183 pro-

606 4200 771 4288 prias
805 4202 1058 4282 formaS,
1087 4225 1245 4289 quas
1275 4217 1455 4267 vocat
1485 4203 1672 4266 Theo
1709 4197 1910 4283 ἀρχὰς,
1943 4197 2119 4263 verbi
2159 4221 2301 4284 gra·

609 4304 693 4370 tia
711 4327 928 4369 omnes
957 4327 1249 4369 numeros
1272 4304 1570 4369 ternarios
1600 4304 1829 4367 habere
1860 4324 1978 4389 pro
2000 4300 2306 4388 principio

607 4409 715 4489 τὴν
741 4408 967 4491 τριάδα,
999 4430 1213 4472 omnes
1243 4406 1672 4494 quaternarios
1701 4405 1808 4484 τὴν
1836 4402 2107 4486 τετράδα,
2129 4418 2192 4467 et
2221 4403 2307 4467 sic

609 4510 912 4597 deinceps.
1007 4511 1235 4596 Itaque
1276 4508 1478 4590 μονὰς,
1521 4508 1676 4583 δυὰς,
1719 4507 1895 4591 τριὰς,
1937 4505 2141 4590 τετρὰς
2183 4521 2300 4572 etc.

610 4629 755 4677 sunt
797 4626 943 4676 ante
989 4634 1088 4676 res
1133 4628 1511 4690 numerataS,
1544 4612 1850 4698 siquidem
1896 4610 2115 4675 formae
2159 4625 2306 4675 sunt

610 4736 1034 4780 numerorum.
1149 4714 1229 4777 In
1282 4713 1543 4778 eandem
1596 4712 1960 4778 sententiam
2018 4712 2304 4777 Plotinus

607 4817 795 4883 abit?
849 4816 1149 4904 Sequitur
1178 4815 1279 4881 hic
1307 4815 1441 4904 ipse
1469 4815 1642 4881 locus
1672 4816 2079 4881 Plotinianus.
2134 4818 2304 4894 Quo-

608 4944 747 4986 cum
794 4933 1097 5007 praeterea
1137 4918 1558 5007 comparanda
1586 4932 1678 4983 est
1709 4918 1991 4984 Platonis
2019 4918 2301 5007 disputa·

609 5025 696 5089 tio
722 5025 785 5089 in
819 5023 1083 5088 Philebo
1109 5046 1175 5111 p.
1206 5042 1309 5109 23.
1340 5046 1403 5110 p.
1426 5041 1534 5108 53.
1567 5045 1705 5108 sqq.
1789 5020 2186 5099 Stallbaum.,
2217 5036 2303 5100 et,

613 5127 1042 5217 Pythagoreos
1068 5124 1244 5212 quod
1272 5125 1518 5202 attinet,
1552 5123 1849 5188 Boeckhii
1881 5123 2203 5189 Philolaus
2241 5148 2303 5212 p.

607 5248 714 5317 53.
739 5254 879 5318 sqq.
907 5227 1048 5293 coll.
1076 5252 1141 5316 p.
1171 5246 1311 5310 147.
1337 5251 1428 5314 sq.
1501 5229 1798 5293 Ceterum
1830 5227 1974 5291 vide
2002 5227 2186 5291 etiam
2219 5227 2309 5290 in-

605 5335 705 5399 fra
730 5358 796 5422 p.
819 5333 968 5398 686.
990 5334 1064 5396 C.

676 5459 742 5523 p.
764 5455 951 5517 1240,
983 5454 1006 5496 1
1026 5479 1040 5495 .
1073 5432 1143 5496 οὗ
1172 5433 1343 5515 γὰρὴ
1366 5430 1657 5512 ἐπιστήμη
1686 5430 1831 5514 πρὸς
1861 5432 2043 5511 αὐτὴν
2076 5433 2301 5520 κ.τ.λ.]

608 5539 740 5604 Fic.
773 5538 831 5602 h.
855 5536 897 5600 l.
928 5533 1230 5623 expressit
1264 5533 1590 5599 lectionem
1635 5535 1926 5599 secundae
1971 5556 2193 5598 manus
2234 5533 2300 5598 in

709 5663 891 5716 voL.
931 5662 1058 5714 111.

3963 530 4099 616 369

2396 694 2578 759 Med.
2610 698 2698 760 A.
2734 696 2896 760 αὐτό.
2986 696 3236 763 Deinde
3263 719 3388 761 non
3418 696 3724 785 expressit
3766 700 3836 763 οὐ
3876 699 4088 781 με’νου-

2392 822 2533 863 σαν.
2625 798 2819 877 Quid,
2852 798 2902 864 si
2933 798 3050 864 hoc
3080 799 3217 864 loco
3244 800 3517 887 corrigas
3547 799 3749 880 αὐτὴν,
3782 817 3847 866 et
3884 816 4089 869 totum

2390 898 2598 965 locum
2642 901 2729 966 ita
2772 917 3010 966 vertas:
3062 910 3105 942 ‘⁶
3136 904 3363 989 Neque
3405 903 3568 968 enim
3614 904 3869 969 scientia
3901 905 4086 992 (illic)

2388 1003 2469 1067 ad
2499 1028 2564 1068 se
2592 1004 2790 1092 ipsam
2825 1003 3305 1089 (convertitur):
3355 1005 3464 1071 sed
3492 1030 3590 1071 res
3616 1006 3738 1071 illic
3767 1007 4086 1075 scientiam

2390 1129 2511 1171 non
2543 1126 2892 1172 manentem
2929 1112 3083 1191 (non
3115 1107 3452 1192 stabilem),
3483 1109 3685 1196 qualis
3710 1127 3804 1176 est
3833 1111 4089 1179 scientia

2386 1210 2499 1287 rei,
2530 1210 2786 1275 alteram
2823 1213 2891 1293 (a
2920 1234 2985 1275 se
3013 1211 3150 1299 ipsa
3176 1210 3513 1296 diversam)
3543 1212 3728 1279 efficit
3753 1238 3906 1294 esse,
3932 1215 4003 1282 h.
4023 1240 4083 1282 e.

2390 1315 2580 1398 (esse)
2612 1336 2822 1378 veram
2855 1313 3261 1379 scientiam—
3277 1316 3345 1378 ?”

2442 1454 2529 1466 —
2546 1436 2642 1480 10.
2669 1416 3196 1498 δικαιοσύνης-ἧς
3224 1418 3301 1484 ὣς
3330 1419 3565 1497 ἀληθῶς
3594 1419 3783 1483 καλὸν
3801 1420 3871 1484 τὸ
3899 1422 4086 1503 πρόσ·

2387 1545 2569 1594 ωπον,
2603 1521 2698 1584 καὶ
2726 1521 2863 1585 οὔτε
2895 1522 3148 1603 ἕσπερος
3194 1549 3242 1585 κ.
3265 1546 3319 1584 τ.
3343 1521 3437 1608 λ.]
3486 1519 3699 1586 Locus
3742 1521 4088 1590 simillimus

2388 1621 2687 1709 superiori
2713 1624 2767 1687 1.
2799 1628 2862 1690 6.
2885 1645 2947 1704 4.
2982 1647 3048 1710 p.
3066 1641 3176 1709 53.
3196 1625 3288 1688 D:
3324 1625 3400 1690 ὣς
3432 1623 3619 1688 καλὸν
3649 1623 3718 1688 τὸ
3746 1629 3847 1705 τῆς
3875 1630 4091 1693 δικαιο-

2389 1728 2570 1806 σύνης
2600 1726 2695 1790 καὶ
2725 1729 3119 1809 σωφροσύνης
3158 1728 3501 1809 πρόσωπον,
3536 1730 3633 1790 καὶ
3661 1729 3796 1793 οὔτε
3836 1729 4090 1814 ἕσπερος

2390 1830 2524 1893 οὔτε
2557 1831 2702 1915 ἑῷος
2734 1831 2884 1893 οὕτω
2915 1829 3090 1894 καλά.
3183 1828 3294 1893 Ad
3325 1851 3513 1916 quem
3557 1827 3764 1894 locum
3796 1846 3862 1896 et
3891 1833 4087 1922 Wyt-

2389 1931 2755 1996 tenbachius
2784 1956 2958 1996 meus
2984 1946 3049 1996 et
3078 1947 3327 2020 egomet
3354 1931 3489 2019 ipse
3518 1931 3704 2019 plura
3729 1933 4043 2001 dedimus.

2472 2072 2559 2084 —
2590 2051 2686 2121 15.
2733 2034 2930 2099 πάντα
2974 2035 3266 2119 ἔχουσαν]
3317 2034 3589 2100 Medico.
3623 2035 3755 2102 duo
3781 2043 4091 2122 πανταχοῦ

2389 2137 2676 2220 ἔχουσαν.
2724 2139 2779 2202 F
2782 2136 2857 2202 ie.
2884 2137 3213 2226 expressit:
3245 2137 3441 2203 πάντα
3466 2143 3778 2222 πανταχοῦ
3805 2139 4084 2224 ἔχουσαν.

2390 2242 2535 2303 Non
2569 2239 2746 2305 male.

2474 2365 2541 2430 p.
2580 2362 2763 2424 1241,
2792 2360 2857 2428 5.
2887 2345 3255 2423 πιστούμεθα
3284 2340 3472 2423 δὲ-ἣ
3503 2342 3651 2407 κατά
3676 2368 3734 2408 τι
3763 2345 4079 2433 ὡμοίωται]

2388 2446 2642 2525 Vereor,
2670 2468 2747 2510 ne
2776 2446 2877 2511 hic
2906 2446 3196 2533 graviora
3223 2445 3431 2510 ulcera
3459 2444 3708 2510 lateant.
3755 2448 3902 2534 Ego
3920 2465 4088 2514 certe

2386 2546 2447 2611 in
2479 2548 2828 2613 istiusmodi
2857 2548 3028 2628 locis,
3058 2572 3218 2637 quos
3260 2571 3387 2612 non
3431 2547 3616 2637 plane
3658 2572 3974 2637 assequor,
4004 2551 4083 2616 ti-

2385 2649 2613 2715 midior
2640 2650 2838 2716 videri
2869 2651 3055 2730 malo,
3077 2674 3269 2739 quam
3303 2651 3618 2717 audacior.
3664 2654 4084 2743 Quapropter,

2388 2753 2665 2840 exceptis
2692 2754 3071 2846 typographi
3100 2754 3415 2820 erroribus
3442 2754 3626 2833 binis,
3649 2755 3805 2820 nihil
3832 2758 4086 2821 tentavi.

2391 2858 2446 2922 F
2451 2857 2651 2922 icinus
2692 2857 3031 2946 expressit:
3078 2864 3197 2924 τῶν
3242 2861 3326 2927 εἰς
3365 2858 3574 2943 ψυχὴν
3604 2858 3793 2941 ἔρωτι,
3821 2873 3887 2925 et
3924 2859 4091 2927 linea

2389 2959 2709 3048 sequenti:
2756 2958 2793 3042 ᾖ
2824 2960 2971 3025 κατά
2996 2987 3072 3026 τι.

2473 3101 2563 3112 -
2605 3083 2666 3147 9.
2738 3065 3030 3140 αὗτοζῶου
3079 3063 3159 3144 μὴ
3207 3067 3551 3144 θαυμαστοῦ
3597 3063 3666 3128 τὸ
3718 3063 3941 3134 κάλλος
3993 3070 4091 3133 καὶ

2391 3165 2704 3248 ἇφράστου
2734 3167 2958 3254 ὄντος]
3007 3165 3198 3234 Quod
3237 3189 3350 3232 sex
3386 3165 3528 3231 libri
3565 3165 3864 3233 exhibent
3892 3169 4091 3252 ἀψαύ-

2391 3294 2559 3347 στου,
2590 3291 2715 3333 non
2759 3268 3126 3351 absurdum,
3156 3270 3207 3335 si
3236 3272 3564 3359 integrum
3608 3270 3736 3335 sive
3776 3272 4090 3357 illibatum

2390 3371 2664 3459 explices
2695 3373 3084 3461 (Stephanus
3113 3372 3177 3437 in
3212 3373 3409 3438 Thes.
3456 3398 3521 3462 p.
3557 3392 3678 3459 243
3683 3390 3748 3460 5.
3778 3375 3876 3440 ed.
3910 3378 4087 3442 Lon·

2390 3475 2554 3561 din.)
2628 3475 2841 3540 Possis
2869 3475 3056 3541 etiam
3086 3476 3418 3563 suspicari:
3467 3476 3722 3559 ἂφάτου.
3795 3480 4084 3567 Hesych.

2393 3579 2451 3642 I.
2486 3602 2552 3666 p.
2583 3582 2727 3663 637.
2764 3578 2916 3643 Alb.
2945 3603 2960 3643 :
3010 3580 3266 3662 ἄφατον·
3315 3578 3623 3663 ἀμήχανον
3656 3580 3749 3660 (et
3778 3581 4089 3666 ἀμήχανον

2393 3681 2617 3748 κάλλος
2645 3680 2874 3768 saepius
2906 3697 3164 3768 usurpat
3193 3681 3326 3768 ipse
3354 3680 3665 3761 Plotinus,
3698 3696 3771 3746 ut
3799 3705 3991 3771 supra
4016 3707 4083 3772 p.

2390 3800 2539 3870 549.
2586 3798 2745 3849 extr.
2793 3784 2877 3848 cf.
2919 3783 3154 3866 Indic.)
3199 3786 3376 3848 πολύ·
3421 3785 3693 3866 ἄρρητον
3741 3784 4085 3868 ἀμέτρητον·

2392 3888 2609 3951 δεινόν.
2644 3888 2750 3969 (ut
2776 3909 2907 3951 v.c.
2939 3886 3187 3969 ἀφάτων
3218 3892 3410 3951 κακῶν
3436 3886 3501 3950 in
3535 3885 3851 3952 Plutarchi
3877 3890 4087 3955 Mario

2390 4012 2447 4053 c.
2480 3990 2698 4054 XLV.
2745 4013 2811 4077 p.
2840 3991 3021 4075 540.)
3114 3989 3238 4054 Sed
3286 3989 3503 4055 eadem
3533 3989 3626 4053 vis
3653 3989 3813 4055 inest
3839 3990 3906 4054 in
3938 4015 4086 4058 voce

2390 4093 2707 4174 ἄφραστον
2753 4091 3068 4180 (Hesych.
3104 4094 3159 4156 1.
3191 4116 3253 4180 p.
3279 4095 3427 4177 649.
3488 4093 3767 4181 Etymol.
3801 4093 3974 4159 Gud.
4020 4120 4086 4184 p.

2391 4215 2497 4279 97.
2536 4216 2591 4260 1.
2637 4211 2701 4260 et
2730 4195 2896 4259 viros
2940 4195 3156 4261 doctos
3198 4195 3486 4260 laudatos
3526 4195 3591 4259 in
3640 4196 3855 4283 Steph.
3892 4197 4086 4263 Thes.

2393 4300 2511 4364 IV.
2544 4321 2607 4387 p.
2632 4302 2734 4385 69.
2766 4323 2830 4387 p.
2856 4302 3049 4384 9969.
3079 4299 3177 4364 ed.
3211 4298 3528 4372 Londin.;
3580 4298 3686 4362 ubi
3716 4314 3921 4364 tamen
3951 4299 4091 4365 dele

2389 4402 2551 4467 duos
2593 4401 2793 4466 locos:
2843 4402 3096 4469 Philon.
3126 4401 3278 4467 sud.
3315 4402 3413 4465 11.
3444 4423 3506 4487 p.
3543 4404 3690 4466 262.
3767 4402 3972 4467 Pfeiff.
4019 4426 4084 4492 p.

2394 4524 2538 4591 230.
2574 4506 2802 4592 Mang.
2833 4527 2979 4569 nam
3011 4504 3097 4568 ibi
3128 4504 3341 4568 nullus
3372 4502 3528 4569 liber
3555 4503 3743 4570 habet
3778 4507 4084 4590 ἆφραστο·

2390 4607 2611 4675 τάτοιςε
2645 4628 2860 4671 omnes
2887 4606 3307 4689 ἁφραστάτοις,
3339 4620 3403 4670 et
3431 4605 3677 4671 Jacobs.
3706 4605 3787 4671 ad
3819 4608 4084 4674 Anthol.

2393 4711 2507 4774 Gr.
2543 4710 2682 4773 XI.
2715 4732 2776 4796 p.
2803 4727 2945 4773 100.
2994 4731 3134 4773 nam
3182 4708 3268 4773 ibi
3312 4708 3661 4796 explicatur
3703 4713 3993 4793 ἄφαστος,
4025 4729 4089 4779 et

2389 4812 2552 4877 adde
2577 4810 2905 4877 Reiskium
2933 4810 3012 4875 ad
3033 4810 3314 4899 Eunapii
3340 4811 3558 4876 AEdeS.
3586 4836 3645 4900 p.
3673 4815 3849 4896 276.)
3880 4816 4089 4893 Quare

2389 4917 2452 4981 in
2477 4914 2737 5001 vulgata
2763 4913 3116 5000 acquiesco:
3145 4923 3188 4954 “
3210 4914 3325 4978 nisi
3349 4914 3557 5002 ipsum
3585 4914 3815 4980 animal
3843 4917 3922 4983 sit
3950 4920 4091 5007 pul·

2391 5016 2701 5084 critudine
2729 5016 2993 5081 mirabili
3018 5032 3082 5081 et
3108 5018 3475 5105 :imgffaln‘liss⁹

2488 5145 2552 5209 p.
2595 5141 2782 5201 1242,
2813 5124 2874 5186 6.
2923 5121 3018 5185 καὶ
3051 5118 3480 5202 δύναμιν-ἐφ’
3514 5122 3721 5200 ἑαυτῆς
3760 5127 4085 5215 βεβῶσαν]

2397 5228 2545 5289 Hoc
2588 5224 2934 5302 decretum,
2966 5245 3170 5287 veram
3217 5221 3542 5286 essentiam
3584 5246 3715 5286 esse
3752 5222 3902 5304 vim,
3934 5225 4086 5291 nihil

2394 5326 2565 5392 aliud
2626 5349 2780 5404 esse,
2839 5348 3027 5412 quam
3096 5324 3268 5412 qnod
3330 5325 3719 5390 Leibnitzius
3791 5330 4089 5413 posuerit,

2394 5429 2868 5493 Tiedemannus
2906 5427 3117 5515 prodit
3151 5428 3216 5493 in
3250 5429 3426 5495 θεῖσι
3467 5429 3581 5493 der
3608 5430 3840 5518 spectd.
3870 5431 4088 5501 Philo-

2387 5533 2603 5621 sophia
2635 5533 2775 5596 111.
2807 5555 2870 5619 p.
2892 5550 3044 5619 307.

2522 5645 2567 5711 3
2606 5657 2656 5708 B
