5118 6613
1325 552 1534 616 LIB.
1583 553 1702 616 v1.
1751 550 2217 615 ENNEAD.
2270 548 2734 628 QUINTAE.
2781 573 2845 639 p.
2878 551 3242 638 986-993.

427 678 433 685 ’
546 728 728 810 §.70.
762 740 825 789 et
855 722 1099 789 Matth.
1133 724 1249 788 Gr.
1281 745 1379 809 gr.
1413 727 1469 808 ς.
1508 724 1683 809 138.)
1776 725 1856 788 In
1889 723 2245 812 schweigh-

540 826 761 892 aeuseri
806 825 1046 890 Lexico
1088 824 1317 913 Polyb.
1361 824 1513 888 nihil
1557 824 1987 913 consignatum
2027 827 2239 906 miror,

538 930 681 995 licet
728 929 1078 1017 Polybiana
1119 927 1405 1015 exempla
1453 928 1743 993 citentur.
1835 931 1917 994 In
1955 930 2241 995 Diodoro

541 1032 751 1098 Siculo
783 1034 838 1096 I.
865 1052 970 1117 92.
1005 1030 1135 1095 duo
1166 1031 1372 1097 Codd.
1404 1031 1550 1096 item
1583 1032 1881 1098 exhibent
1913 1036 2063 1099 δυσί.
2128 1034 2237 1098 Nil

396 1134 409 1147 ⁸
539 1135 800 1225 proinde
841 1157 1223 1223 quemquam
1267 1135 1581 1200 offendere
1624 1149 1830 1223 potest
1863 1136 1925 1200 in
1959 1137 2236 1217 Plotium,

538 1238 881 1328 praesertim
951 1238 1061 1302 ubi
1124 1238 1579 1326 propemodum
1655 1239 2060 1326 perspicuitas
2134 1264 2232 1305 re·

539 1344 772 1430 quirat.

614 1471 677 1535 p.
698 1466 847 1532 990,
868 1466 965 1527 14.
985 1445 1372 1528 Ἀγαθοειδὴς
1394 1450 1510 1528 γὰρ
1535 1449 1598 1522 (ὁ
1626 1451 1788 1533 νοῦς)
1815 1451 1893 1533 τῷ
1916 1446 1983 1512 τὸ
2007 1448 2235 1530 ἀγαθὸν

541 1551 760 1639 νοεῖν.]
807 1549 910 1614 De
941 1572 1091 1614 voce
1130 1549 1495 1631 ἀγαθοειδὴς,
1528 1572 1565 1613 a
1596 1548 1932 1614 Platonicis
1974 1549 2235 1637 ipsoque

539 1653 792 1718 Plotino
819 1651 1156 1717 admodum
1189 1650 1606 1738 frequentata,
1631 1652 1904 1717 vidimus
1933 1676 2123 1740 supra
2148 1653 2231 1719 ad

544 1757 600 1819 I.
649 1775 703 1821 2.
753 1778 819 1837 4.
919 1757 1038 1820 Est
1089 1768 1296 1819 autem
1348 1753 1691 1841 probabile,
1741 1755 2062 1820 Plotinum
2114 1757 2234 1822 hoc

540 1859 828 1924 universo
870 1858 1072 1946 capite
1110 1872 1255 1922 ante
1291 1858 1504 1923 oculos
1541 1858 1831 1924 habuisse
1872 1860 2234 1948 hujusmodi

542 1962 727 2041 locos,
753 1960 956 2048 qualis
985 1976 1076 2026 est
1104 1960 1210 2025 ille
1242 1960 1522 2026 Platonis
1552 1963 1980 2050 Reipubl.VI.
2006 1988 2068 2052 p.
2082 1965 2231 2048 508.

538 2083 688 2151 509.
741 2088 807 2153 p.
846 2064 994 2151 318.
1057 2088 1194 2151 sqq.
1251 2064 1451 2129 Bekk.
1509 2065 1648 2147 (ubi
1709 2082 1771 2131 et
1827 2069 2120 2147 ἡλιοειδὴς
2171 2083 2234 2132 et

541 2168 890 2251 ἀγαθοειδὴς
932 2182 1288 2255 usurpatur.
1379 2169 1544 2254 Ejus
1586 2167 1700 2233 loci
1739 2169 2077 2257 insigniora
2120 2193 2231 2258 ap-

541 2294 768 2358 ponam
813 2270 894 2336 ad
924 2294 1061 2359 cap.
1098 2276 1409 2357 sequens.)
1444 2272 1720 2359 itemque
1750 2272 1979 2338 Timaei
2022 2297 2089 2361 p.
2125 2294 2229 2359 29.

541 2399 633 2462 sq.
680 2397 743 2463 p.
781 2393 883 2461 25.
937 2373 1139 2440 Bekk.
1189 2387 1253 2438 et
1302 2373 1548 2439 Philebi
1597 2399 1658 2463 p.
1691 2378 1793 2456 64.
1840 2400 1933 2464 sq.
1989 2401 2049 2465 p.
2086 2397 2229 2462 219.

543 2478 762 2543 Stallb.
853 2478 1041 2543 Conf.
1086 2477 1270 2542 etiam
1315 2478 1428 2541 has
1470 2478 1634 2566 ipsas
1669 2480 2005 2545 Enneadas
2047 2504 2236 2568 supra

545 2584 687 2647 111.
734 2585 794 2646 8.
866 2582 985 2646 IV.
1028 2601 1092 2667 5.
1138 2596 1199 2663 7.
1248 2604 1312 2668 p.
1343 2601 1490 2666 449.
1545 2582 1685 2665 (ubi
1734 2584 1918 2648 etiam
1973 2585 2234 2649 verbum

547 2688 981 2769 ἑπιχρῶννυμαι
1003 2683 1295 2769 recurrit)
1327 2702 1392 2748 et
1421 2684 1584 2750 infra
1617 2687 1734 2749 IV.
1766 2709 1824 2772 9.
1861 2706 1921 2751 2.
1955 2709 2020 2775 p.
2042 2690 2190 2772 556.

627 2811 692 2875 p.
720 2807 870 2872 992,
893 2808 957 2874 3.
985 2787 1074 2851 Τὸ
1102 2790 1219 2870 γὰρ
1252 2794 1414 2851 νοεῖν
1443 2790 1514 2853 οὗ
1542 2795 1775 2870 πρῶτον
1804 2792 1941 2855 οὔτε
1972 2796 2052 2877 τῷ
2085 2791 2237 2856 εἶναι

546 2894 681 2958 οὔτε
724 2895 804 2979 τῷ
845 2894 1039 2971 τίμιον
1079 2889 1285 2979 εἶναι.]
1335 2890 1519 2955 Plato
1551 2892 1751 2979 Legg.
1786 2893 1860 2957 V.
1908 2909 2049 2979 post
2096 2893 2233 2958 init.

543 3018 610 3082 p.
645 3011 792 3076 727.
825 3017 899 3059 a:
949 2999 1112 3059 θεῖον
1141 2996 1256 3076 γὰρ
1286 2995 1514 3077 ἀγαθόν
1547 3021 1662 3059 που
1698 2995 1852 3076 τιμὴ,
1884 3003 2001 3061 τῶν
2032 2998 2097 3061 δὲ
2138 3024 2237 3062 κα-

546 3106 662 3164 κῶν
689 3100 862 3164 οὐδὲν
888 3100 1098 3178 τίμιον.
1190 3099 1351 3175 Quae
1379 3098 1569 3163 verba
1603 3098 1850 3185 respicit
1880 3099 2143 3164 Proclus
2170 3100 2236 3163 in

548 3200 760 3266 Alcib.
790 3223 889 3287 pr.
921 3201 999 3264 L.
1033 3223 1091 3286 p.
1124 3201 1263 3280 148.
1354 3199 1760 3287 Adjectivum
1793 3200 1911 3265 hoc
1940 3202 2085 3266 satis
2115 3202 2235 3267 fre-

544 3327 744 3391 quens
768 3304 832 3369 in
865 3302 1149 3368 Platone.
1243 3302 1387 3368 Vid.
1412 3328 1472 3368 v.
1501 3327 1556 3369 c.
1589 3306 1875 3392 SympOS.
1907 3330 1969 3394 p.
2002 3306 2142 3390 178.
2168 3308 2232 3373 b.

546 3408 934 3496 Euthydem.
981 3431 1040 3493 p.
1075 3427 1224 3492 304.
1264 3406 1328 3471 b.
1407 3407 1704 3471 Nicolaus
1753 3409 2040 3474 Methon.
2089 3410 2232 3475 adv.

550 3510 755 3576 Procl.
784 3535 851 3599 p.
874 3530 984 3596 43:
1018 3510 1086 3575 τὸ
1119 3511 1343 3592 ἄγονον
1370 3511 1543 3573 οὐδὲν
1574 3511 1701 3593 ἔχει
1728 3513 1941 3591 τίμιον.
2010 3515 2239 3578 Noster

547 3617 709 3681 infra
759 3613 1163 3681 Substantivo
1206 3611 1410 3676 utitur
1457 3616 1781 3694 τιμιότητος
1818 3615 1894 3678 V.
1926 3638 1986 3701 9.
2028 3636 2123 3701 13.
2170 3641 2233 3704 p.

550 3722 694 3806 564.
727 3723 813 3784 A.
890 3718 1110 3804 Hujus
1138 3733 1340 3781 tamen
1376 3716 1644 3780 universi
1671 3718 1913 3804 capitiS‚
1944 3718 2103 3783 sicut
2132 3744 2235 3783 su-

550 3822 828 3911 perioris,
859 3822 999 3885 fons
1027 3835 1117 3885 est
1147 3820 1210 3883 in
1242 3818 1522 3884 Platonis
1545 3820 1819 3905 Republ.
1851 3845 1914 3909 p.
1939 3822 2088 3907 508.
2120 3823 2240 3887 sub

549 3929 652 3990 fin.
685 3942 749 3990 et
778 3948 840 4012 p.
865 3944 1032 4010 509:
1082 3922 1252 3987 unde
1279 3922 1412 3987 haec
1442 3923 1876 3988 tantummodo
1919 3924 2236 3989 adscribo:

551 4036 719 4094 τοῦτο
748 4030 948 4092 τοίνυν
977 4027 1045 4090 τὸ
1074 4027 1182 4106 τὴν
1211 4026 1497 4105 ἀλήθειαν
1524 4026 1791 4110 παρέχον
1828 4033 1951 4094 τοῖς
1990 4053 2245 4110 γιγνωσ-

554 4134 819 4212 κομένοις
863 4132 959 4195 καὶ
1000 4135 1079 4216 τῷ
1122 4132 1516 4213 γιγνώσκοντι
1548 4130 1657 4209 τὴν
1691 4133 1935 4210 δύναμιν
1965 4131 2245 4196 ἀποδιδὸν

554 4238 659 4315 τὴν
687 4240 793 4299 τοῦ
835 4236 1062 4316 ἀγαθοῦ
1106 4232 1271 4297 ἰδέαν
1305 4231 1454 4315 φάθι
1498 4231 1667 4306 εἶναι,
1700 4233 1894 4296 αἰτίαν
1923 4234 1972 4297 δ’
2003 4234 2241 4314 ἐπιστή-

552 4368 661 4422 μης
699 4341 890 4404 οὖσαν
919 4340 1013 4402 καὶ
1043 4338 1322 4417 ἀληθείας
1363 4338 1440 4404 ὡς
1477 4336 1956 4418 γιγνωσκομένης
1980 4340 2093 4418 μὲν
2121 4344 2247 4403 δια-

558 4449 715 4514 νοοῦ,
749 4444 897 4506 οὕτω
928 4443 993 4505 δὲ
1025 4445 1222 4505 καλῶν
1253 4440 1605 4522 ἀμφοτέρων
1634 4441 1844 4517 ὄντων,
1879 4442 2157 4523 γνῶσεῶς
2184 4468 2251 4507 τε

559 4552 651 4613 καὶ
681 4548 981 4627 ἀληθείας,
1011 4547 1166 4609 ἄλλο
1209 4546 1305 4609 καὶ
1346 4543 1596 4608 κάλλιον
1627 4544 1713 4607 ἔτι
1750 4548 1974 4609 τούτων
2001 4546 2249 4628 ἡγούμε-

558 4679 657 4720 νος
685 4649 828 4716 αὐτὸ
859 4652 1046 4732 ὀρθῶς
1070 4647 1301 4731 ἡγήσει.
1350 4647 1675 4727 ἐπιστήμην
1703 4650 1768 4711 δὲ
1816 4650 1910 4713 καὶ
1940 4648 2243 4728 ἀλήθειαν,

558 4758 758 4835 ὥσπερ
803 4755 929 4816 ἐκεῖ
965 4756 1091 4833 φῶς
1132 4777 1198 4815 τε
1244 4751 1338 4814 καὶ
1377 4752 1527 4831 ὄψιν
1554 4751 1815 4828 ἡλιοειδῆ
1852 4752 1964 4829 μὲν
1994 4753 2248 4832 νομίζειν

557 4859 756 4938 ὀρθὸν,
788 4857 951 4935 ἥλων
980 4856 1044 4917 δὲ
1073 4855 1366 4934 ἡγεῖσθαι,
1400 4854 1504 4916 οὐκ
1550 4855 1736 4933 ὀρθῶς
1778 4853 1925 4936 ἔχει,
1958 4855 2108 4917 οὕτω
2152 4855 2249 4917 καὶ

558 4963 810 5024 ἐνταῦθα
840 4960 1156 5040 ἀγαθοειδῆ
1182 4958 1294 5036 μὲν
1325 4956 1597 5035 νομίζειν,
1629 4953 1785 5018 ταῦτ’
1818 4956 2126 5037 ἀμφότερα
2152 4959 2249 5038 ὀρ-

560 5064 686 5138 θὸν,
718 5060 949 5143 ἀγαθὸν
977 5062 1043 5123 δὲ
1072 5060 1348 5140 ἡγεῖσθαι
1377 5059 1665 5138 ὁπότερον
1695 5057 1886 5120 αὐτῶν
1913 5058 2018 5121 οὐκ
2047 5059 2246 5140 ὀρθὸν,

560 5165 693 5230 ἀλλ’
727 5168 814 5228 ἔτι
854 5165 1131 5244 μειζόνως
1172 5160 1444 5241 τιμητέον
1472 5160 1581 5239 τὴν
1609 5164 1714 5223 τοῦ
1743 5162 1972 5241 ἀγαθοῦ
2018 5162 2250 5240 ἕξιν.-

562 5271 654 5332 καὶ
682 5273 804 5333 τοῖς
833 5263 1331 5348 γιγνωσκομένοις
1356 5262 1557 5325 τοίνυν
1584 5261 1664 5341 μὴ
1692 5263 1878 5340 μόνον
1898 5261 1967 5324 τὸ
1999 5265 2252 5345 γιγνώσ-

562 5376 766 5436 κεσθαι
795 5369 983 5450 φάναι
1011 5369 1143 5431 ὑπό.
1175 5371 1280 5430 τοῦ
1308 5367 1536 5447 ἀγαθοῦ
1577 5370 1872 5444 παρεῖναι,
1903 5365 2008 5428 οὑκ
2047 5366 2253 5433 οὐσίας

562 5479 729 5539 ὄντος
777 5475 882 5534 τοῦ
931 5471 1178 5552 ἀγαθοῦ,
1233 5466 1368 5531 ἀλλ’
1425 5467 1511 5530 ἔτι
1567 5466 1842 5530 ἐπέκεινα
1892 5471 1992 5544 τῆς
2046 5468 2252 5536 οὐσίας

560 5574 853 5660 πρεσβείᾳ
884 5572 978 5634 καὶ
1006 5569 1246 5648 δυνάμει
1272 5567 1687 5651 ὑπερέχοντος.
1778 5566 2009 5632 Plotini
2038 5582 2246 5638 autem

658 5682 846 5733 VOI..
886 5679 1015 5730 III.

3913 573 4032 639 297

2329 722 2500 787 hunc
2542 746 2798 810 quoque
2841 722 3046 788 locum
3091 722 3299 809 attigit
3332 721 3702 788 Cudworth.
3736 727 3899 812 Syst.
3932 727 4026 792 in-

2330 824 2460 890 tell.
2495 850 2562 914 p.
2580 827 2728 910 690.
2755 849 2850 912 sq.

2413 967 2502 978 -—
2536 949 2636 1006 14.
2680 928 2827 1010 πρὸς
2854 932 2970 1011 γὰρ
2999 927 3066 991 τὸ
3097 928 3328 1011 ἀγαθὸν
3354 929 3606 1010 βλέπων
3636 931 3818 997 αὑτὸν
3849 936 4024 1022 νοεῖ]

2330 1031 2435 1096 Ita
2478 1054 2603 1095 non
2649 1030 2930 1095 haesitavi
2961 1030 3226 1096 scribere
3254 1054 3370 1119 pro
3400 1033 3566 1114 αὐτὸ,
3595 1048 3657 1099 et
3687 1035 3775 1100 ita
3807 1035 4026 1124 legisse

2322 1133 2576 1198 videtur
2606 1133 2885 1198 FicinuS.

2407 1263 2470 1327 p.
2505 1258 2653 1325 993,
2694 1259 2747 1302 1.
2794 1240 2951 1303 ἄλλο
2991 1242 3108 1321 γὰρ
3153 1244 3248 1303 δεῖ
3283 1245 3364 1327 τῷ
3407 1247 3638 1307 νοοῦντι
3680 1243 3748 1308 τὸ
3794 1246 4024 1328 ἀγαθὸν

2325 1341 2495 1408 εἶναι.
2530 1371 2581 1407 κ.
2608 1369 2658 1407 τ.
2683 1344 2776 1431 λ.]
2826 1345 2976 1408 Hoc
3005 1366 3082 1408 ex
3113 1342 3286 1408 libris
3312 1347 3595 1410 revocavi
3625 1371 3767 1412 cum
3803 1349 4023 1413 Ficino

2321 1468 2438 1532 pro
2465 1446 2723 1533 vulgato
2751 1446 2817 1510 τὸ
2850 1451 3027 1510 νοοῦν
3055 1447 3130 1511 τί.
3203 1444 3656 1531 Ἀνενέργητον,
3688 1454 3892 1516 omnis
3921 1475 4023 1516 ac-

2321 1551 2515 1614 tionis
2557 1572 2804 1637 expers,
2837 1563 2912 1614 ut
2947 1548 3134 1615 vertit
3166 1549 3486 1615 Ciceronis
3523 1552 3811 1640 exemplo
3844 1556 3900 1620 Ι.
3929 1559 4015 1619 Α.

2322 1652 2652 1718 Fabricius
2693 1651 2772 1716 ad
2823 1654 2994 1717 Sext.
3027 1654 3272 1741 Empir.
3305 1677 3369 1741 p.
3404 1673 3546 1720 210.
3636 1655 3801 1721 Nam
3848 1658 4020 1745 apud

2321 1754 2488 1820 hunc
2550 1755 2989 1844 philosophum
3050 1754 3378 1843 aliquoties
3434 1756 3686 1845 legitur,
3748 1777 3820 1825 ut
3876 1760 4016 1825 adv.

2324 1859 2531 1924 Math.
2568 1860 2661 1923 X.
2703 1862 2844 1944 165.
2888 1874 2951 1923 et
2996 1858 3348 1946 Pyrrhonn.
3379 1861 3763 1950 Hypotypp.
3814 1864 3872 1926 I.
3915 1882 4015 1948 23.

2325 1961 2631 2050 (itemque
2669 1964 3066 2044 ἀνενεργησία
3109 1961 3248 2025 adv.
3282 1963 3496 2029 Math.
3528 1965 3662 2030 XI.
3705 1967 3876 2052 163.)
3909 1990 4021 2031 nec

2320 2063 2529 2128 minus
2572 2087 2670 2152 ap.
2706 2063 2957 2128 Theod.
2991 2064 3319 2129 Metochit.
3359 2064 3422 2129 in
3455 2065 3724 2132 Miscell.
3770 2091 3834 2155 p.
3867 2089 4018 2155 343.

2316 2170 2464 2252 508.
2497 2170 2650 2251 526.
2677 2186 2828 2251 574.
2908 2166 3237 2232 Nicolaum
3286 2169 3575 2234 Methon.
3620 2170 3766 2235 adv.
3814 2172 4014 2237 Procl.

2323 2270 2486 2335 Inst.
2537 2268 2763 2334 Theol.
2812 2292 2877 2356 p.
2916 2288 3057 2354 157.
3142 2269 3479 2358 Nicephor.
3531 2274 3800 2360 Gregor.
3847 2275 4016 2339 Hist.

2323 2374 2481 2460 Byz.
2517 2372 2626 2437 lib.
2651 2373 2904 2437 XXII.
2938 2395 3000 2459 p.
3023 2389 3173 2457 551.
3206 2373 3307 2437 ed.
3328 2374 3548 2439 Venet.
3618 2376 3806 2440 Unde
3832 2377 4014 2442 etiam

2320 2473 2486 2538 infra
2528 2497 2588 2562 p.
2624 2493 2765 2559 755.
2799 2474 2917 2538 sub
2946 2475 3054 2538 fin.
3084 2476 3330 2562 pagInae
3366 2500 3401 2541 e
3430 2500 3629 2564 marg.
3660 2478 3785 2544 Ed.
3835 2496 3897 2544 et
3941 2480 4015 2544 li-

2321 2577 2448 2641 bris
2472 2578 2671 2642 MSS.
2700 2576 3081 2641 restituimus
3111 2578 3362 2643 Plotino
3392 2580 3807 2664 ἀνενεργήτου.
3855 2584 4014 2648 Mox

2322 2696 2461 2766 post
2489 2684 2726 2764 πρώτην
2752 2706 2787 2746 e
2817 2681 2997 2746 bonis
3040 2682 3213 2747 libris
3250 2684 3449 2750 MSS.
3483 2700 3546 2749 et
3576 2686 3795 2751 Ficino
3837 2687 4018 2752 addi-

2321 2781 2529 2848 dimus
2582 2789 2850 2850 ἆπασῶν.
2942 2785 3190 2851 Ibidem
3241 2786 3321 2851 ad
3373 2790 3793 2872 ἐπανενεγκεῖν
3839 2815 3874 2854 e
3924 2815 4014 2855 se-

2322 2887 2661 2973 quentibus
2733 2888 3133 2976 cogitandum
3203 2894 3310 2964 δεῖ,
3379 2893 3719 2956 secundum
3791 2892 4021 2959 Plotini

2320 2990 2903 3078 breviloquentiam,
2934 3008 2998 3057 et
3025 2993 3104 3056 ad
3136 2992 3563 3075 προστιθέντας
3598 3017 3815 3061 rursus
3858 2997 4023 3085 cogi-

2324 3096 2584 3160 tandum
2618 3102 2714 3162 δεῖ
2734 3098 2883 3177 ἡμᾶς
2922 3097 3096 3162 εἶναι.
3191 3097 3314 3163 Sed
3343 3097 3654 3165 infinitum
3686 3100 3846 3167 foret
3877 3103 4023 3169 talia

2324 3199 2552 3286 saepius
2580 3198 2889 3264 inculcare
2918 3200 3097 3265 velle.
3190 3201 3312 3279 Qui
3350 3201 3719 3269 Plotinianae
3760 3206 4021 3271 orationi

2322 3300 2632 3382 adsuevit,
2682 3327 2794 3369 nec
2837 3303 3113 3369 monitus
3156 3303 3468 3392 intelligit.
3576 3309 3677 3373 De
3721 3310 4022 3396 proximis

2324 3405 2606 3494 disputat
2637 3407 3064 3473 Cudworthus
3093 3409 3155 3473 in
3191 3411 3359 3496 Syst.
3391 3408 3583 3474 intell.
3617 3434 3681 3498 p.
3705 3432 3859 3497 592.

2411 3548 2499 3558 —
2521 3531 2585 3594 9.
2636 3513 2690 3575 εἰ
2730 3511 2916 3590 λάβοι
2958 3519 3079 3579 πῶς
3110 3515 3175 3576 ἐν
3203 3513 3380 3576 παντὶ
3410 3513 3478 3576 τὸ
3509 3519 3686 3578 νοοῦν
3716 3517 4020 3598 σαφέστε·

2325 3638 2433 3692 ρον
2461 3613 2736 3697 ὑπάρχει,
2777 3616 2813 3693 ἢ
2854 3619 3030 3695 διπλῆ
3075 3617 3253 3697 φύσις
3297 3617 3494 3704 αὕτη]
3544 3617 3875 3693 Quomodo
3910 3621 3965 3684 F
3971 3619 4019 3684 i-

2325 3714 2502 3779 cinus
2549 3714 2752 3780 locum
2798 3716 2970 3781 hunc
3015 3717 3341 3804 acceperit,
3391 3740 3513 3782 non
3560 3718 3706 3783 satis
3751 3719 4024 3787 declarat

2326 3817 2520 3905 ipsius
2552 3818 3002 3906 interpretatio.
3069 3819 3311 3905 Taylor
3337 3820 3456 3885 ita:
3508 3829 3551 3860 “
3577 3823 3845 3888 Farthcr
3874 3825 4019 3904 still,

2330 3920 2437 3985 the
2466 3921 2641 3985 truth
2675 3922 2750 3985 of
2773 3920 2897 3986 this
2927 3944 3069 4010 may
3103 3922 3181 3986 be
3229 3945 3370 3987 seen
3417 3923 3481 3987 in
3526 3947 3565 3989 a
3610 3924 3731 3989 still
3775 3945 4025 4014 greater

2330 4023 2556 4111 degree
2599 4023 2686 4111 by
2715 4023 2846 4088 him
2890 4025 3028 4089 who
3070 4026 3383 4091 considers
3427 4027 3568 4092 how
3602 4029 3725 4093 this
3770 4032 4023 4098 twofold

2331 4144 2553 4192 nature
2607 4127 2866 4193 subsists
2915 4129 2976 4193 in
3033 4153 3219 4216 every
3272 4129 3454 4219 thing
3504 4131 3702 4196 which
3752 4133 3806 4198 is
3855 4158 4026 4202 more

2330 4228 2554 4317 clearly
2586 4230 3021 4296 intellective.”
3109 4231 3275 4311 Quid
3321 4232 3535 4320 igitur,
3568 4235 3617 4298 si
3661 4235 3831 4323 legas
3851 4241 4025 4303 ε-ἑν

2336 4335 2514 4398 παντὶ
2543 4337 2624 4421 τῷ
2656 4338 2888 4399 νοοῦντι
2918 4361 2978 4399 σ.
3011 4312 3264 4420 ὑπάρχει
3300 4338 3337 4416 ἡ
3375 4342 3553 4417 διπλῆ
3586 4341 3784 4420 φύσις,
3817 4339 4023 4406 deleto

2335 4453 2641 4502 commate
2667 4453 2808 4525 post
2839 4439 3136 4523 ὑπάρχειὲ
3207 4441 3335 4504 Pro
3362 4441 3623 4524 λέγομεν
3651 4466 3868 4531 margo
3897 4445 4024 4510 Ed.

2339 4540 2524 4605 habet
2569 4541 2731 4623 λέγω
2773 4540 3263 4621 phu—Deinde
3307 4559 3450 4608 ante
3496 4547 3653 4610 νεύει
3695 4570 3838 4611 cum
3884 4548 4025 4613 Vat.

2333 4643 2533 4707 delevi
2579 4645 2668 4708 οὗ.
2757 4642 3001 4730 Taylor
3045 4642 3291 4710 volebat
3341 4647 3410 4710 οὗ
3458 4647 3646 4728 μένει.
3737 4651 4028 4739 Denique

2334 4750 2497 4811 ἀλλὰ
2524 4746 2981 4828 μᾶλλον-παρ’
3015 4747 3203 4811 αὐτῶν
3241 4749 3368 4832 ἔχει
3397 4750 3526 4814 Fic.
3569 4750 3720 4838 legit
3756 4753 3889 4835 παρ’
3923 4758 4025 4819 αὑ-

2335 4856 2468 4913 τῶν.
2562 4847 2836 4933 Taylor:
2897 4857 2942 4887 “
2975 4850 3108 4913 But
3155 4873 3244 4914 we
3289 4868 3483 4917 assert
3525 4853 3648 4917 this
3694 4854 3768 4918 of
3802 4855 4023 4920 intelli-

2334 4950 2555 5038 gibles‚
2589 4951 2849 5016 because
2880 4952 3027 5040 they
3057 4975 3299 5040 possess
3327 4954 3434 5018 the
3462 4956 3800 5043 perfection
3830 4958 3905 5023 of
3925 4983 4030 5024 ex-

2336 5055 2619 5119 istence.”
2679 5054 2993 5142 Equidem
3027 5055 3177 5120 nihil
3211 5059 3575 5122 mutaverim
3608 5075 3671 5124 et
3701 5061 4025 5127 verterim:

2338 5158 2630 5245 quoniam
2677 5159 3019 5245 perfectum
3051 5158 3205 5223 illud
3237 5160 3581 5226 existentiae
3612 5164 3802 5244 (suae)
3833 5165 3912 5228 ab
3940 5167 4030 5230 eis

2342 5264 2517 5348 (quae
2561 5262 2622 5324 in
2668 5260 3037 5348 intelligibili
3083 5261 3321 5328 mundo
3355 5268 3531 5350 sunt)
3561 5274 3878 5352 acceptum
3921 5266 4031 5330 Ιια.

2337 5367 2498 5430 bem.

2422 5503 2510 5514 —-
2540 5483 2635 5529 12.
2685 5468 2760 5528 τὸ,
2787 5468 2899 5545 μὲν
2926 5465 3254 5545 μένει-τὰ
3284 5466 3830 5553 μένοντα-σκιὰν]
3871 5470 4032 5536 Haeo

2336 5566 2674 5632 admonent
2705 5564 3009 5651 ejusmodi
3053 5565 3355 5645 locorum,
3389 5565 3496 5630 ubi
3535 5566 3603 5630 τὸ
3644 5567 3829 5647 μένον
3858 5586 3920 5634 et
3960 5576 4033 5636 τὰ

2510 5675 2567 5733 Q
2600 5680 2649 5746 q
