5118 6613
1045 551 1172 633 428
2040 546 2355 614 INDEX
2401 551 2749 618 RERUM
2796 552 2926 617 ET
2971 551 3531 618 VERBORUM.

1050 726 1234 785 facere
1289 745 1402 782 11011
1461 735 1614 782 recte
1666 720 1952 799 complere
2004 720 2156 780 vices
2237 722 2563 784 felicitatem
2613 725 2872 786 homines
2919 726 3149 786 sinistre
3183 723 3339 801 judi·
3413 726 3594 784 fluxus
3623 722 3877 783 omnium
3908 741 4092 781 rerum
4447 735 4526 796 97

1138 804 1558 885 praedicamenti
2037 803 2156 879 580
2318 819 2453 866 cant
3263 810 3340 882 38
3415 805 3661 865 foeminoe
3689 803 3998 883 procreatio
4026 803 4178 862 unde
4228 802 4291 860 F.
4321 821 4381 880 p.
4408 800 4529 874 436

1053 888 1239 947 facere
1268 884 1684 965 praedicamenti
1713 884 1840 943 loco
1860 881 1999 962 quid
2025 902 2156 962 pro-
2241 885 2368 946 felix
2384 908 2419 946 a
2436 887 2713 967 praeclaris
2731 888 2894 947 factis
2913 909 3027 947 non
3047 888 3252 948 dicitur
3263 907 3337 965 45
3418 889 3586 947 foetus
3614 887 3880 945 formatio
4182 882 4301 942 Fic.
4331 902 4389 960 p.
4416 882 4526 939 160

1136 968 1261 1048 pius
1290 968 1613 1026 succederet
2038 965 2158 1041 580
2236 967 2368 1027 felix
2395 990 2497 1029 cur
2522 970 2837 1029 necessaria
2860 982 3086 1048 expetat
3264 988 3337 1046 33
3419 966 3629 1029 foetus
3617 987 3673 1026 111
3703 981 3863 1026 utero
3889 964 4152 1025 formatio
4182 964 4298 1022 Fic.
4328 982 4385 1041 p.
4415 979 4520 1038 171

1055 1050 1234 1108 fatum
1263 1049 1656 1128 potentissima
1681 1065 1878 1105 caussa
2042 1063 2158 1123 229
2239 1050 2384 1108 felix
2413 1051 2680 1110 omnibus
2709 1052 2857 1111 bene
2883 1051 3006 1110 vult
3265 1068 3340 1127 37
3417 1051 3585 1109 foetus
3627 1049 3858 1128 quando
3900 1047 4072 1106 vitam
4114 1045 4358 1123 accipiat

1055 1130 1233 1190 fatum
1263 1151 1364 1190 cur
1388 1131 1460 1189 ad
1497 1142 1649 1188 astra
1675 1127 1904 1208 quidam
1945 1126 2157 1186 retule·
2236 1130 2369 1190 felix
2395 1151 2691 1210 semperne
2719 1133 2854 1191 felix
3036 1132 3154 1193 Fic.
3182 1153 3238 1212 p.
3265 1151 3297 1209 5
3315 1152 3334 1190 1
4177 1128 4297 1186 Fic.
4326 1145 4383 1204 p
4412 1141 4522 1199 223

1138 1211 1253 1270 rint
2079 1209 2156 1266 ib.
2238 1212 2375 1271 felix
2405 1233 2518 1271 non
2548 1212 2756 1273 excidit
2781 1213 3055 1274 felicitate
3263 1232 3339 1289 33
3418 1213 3586 1270 foetus
3627 1210 3893 1270 formatio
3933 1208 4140 1289 quibus
4192 1204 4530 1286 impediatur

1057 1293 1236 1352 fatum
1267 1313 1381 1371 quo
1411 1291 1687 1384 pertineat
2039 1307 2154 1365 423
2238 1294 2371 1353 felix
2401 1293 2779 1354 incommodis
2823 1316 2937 1354 non
2980 1307 3237 1354 movetur
3502 1291 3684 1351 causis
4178 1289 4295 1348 Fic.
4328 1308 4385 1367 p.
4413 1303 4529 1362 234

1057 1375 1235 1433 fatum
1266 1374 1417 1452 quid,
1447 1371 1685 1431 Marsilii
1712 1369 1894 1430 Ficini
1930 1383 2157 1429 senteu-
3035 1376 3154 1435 Fic.
3185 1397 3241 1455 p.
3267 1394 3335 1453 51
3420 1374 3592 1432 foetus
3633 1372 3884 1432 animam
3912 1393 3947 1432 a
3975 1384 4153 1432 matre
4182 1390 4299 1430 non
4327 1366 4529 1446 recipit

1138 1455 1217 1514 tia
2039 1469 2111 1526 43
2130 1470 2151 1509 1
2239 1454 2370 1514 felix
2397 1475 2498 1515 cur
2522 1457 2827 1516 commoda
2853 1457 3025 1536 eligat
3268 1456 3344 1516 ib.
4409 1465 4525 1525 377

1059 1535 1234 1594 fatum
1266 1535 1554 1615 quomodo
1583 1554 1617 1592 a
1645 1531 1991 1626 providentia
2018 1552 2157 1611 pen·
2238 1536 2370 1596 felix
2397 1538 2592 1597 omnia
2618 1539 2865 1597 bumana
2890 1537 3133 1617 despicit
3267 1556 3347 1615 34
3423 1535 3605 1594 forma
3633 1534 3815 1614 prima
4215 1531 4334 1591 Fic.
4365 1550 4419 1608 Ρ.
4446 1548 4521 1607 91

1140 1618 1272 1676 deat
1807 1612 1926 1671 Fic.
1958 1633 2015 1692 p.
2038 1630 2158 1689 450
2239 1616 2370 1677 felix
2397 1638 2537 1697 quas
2569 1620 2886 1699 voluptates
2913 1632 3183 1698 exposcat
3265 1637 3340 1696 37
3422 1616 3604 1675 forma
3674 1615 4147 1711 pulchritudoque
4210 1613 4269 1671 in
4336 1623 4528 1670 mente

1058 1696 1235 1755 fatum
1263 1712 1322 1755 et
1359 1696 1712 1777 providentia
1737 1695 2026 1774 quomodo
2051 1695 2159 1752 dif·
2238 1699 2372 1758 felix
2409 1701 2700 1778 quomodo
2743 1702 3185 1760 domesticorum
3231 1699 3343 1758 for·
3498 1698 3855 1776 praestantior
3898 1717 4068 1775 quam
4117 1694 4176 1754 in
4226 1694 4345 1754 ullo
4392 1690 4528 1751 artis

1140 1779 1325 1837 ferant
2079 1775 2157 1833 ib.
2322 1792 2488 1839 tunas
2518 1782 2661 1841 ferre
2686 1783 2890 1841 debeat
3268 1798 3342 1858 35
3503 1799 3671 1858 opere
4409 1790 4517 1851 54¹

1057 1859 1235 1917 fatum
1265 1859 1660 1939 astrologicam
1811 1856 1927 1915 Fic.
1957 1878 2016 1936 p.
2039 1876 2159 1931 400
2239 1860 2372 1920 felix
2399 1862 2636 1921 aliorum
2667 1863 2906 1923 fortunis
2942 1883 3056 1922 non
3087 1877 3346 1923 movetur
3418 1862 3601 1920 forma
3650 1859 3842 1939 potius
3894 1879 3929 1918 2
3975 1858 4306 1939 parentibus
4354 1874 4525 1934 quam

1058 1940 1236 1998 fatum
1255 1961 1288 1999 a
1304 1944 1507 2018 quibus
1524 1939 1851 1999 excludatur
1879 1939 1940 1996 F.
1963 1959 2021 2017 p.
2040 1956 2159 2014 399
3265 1963 3345 2019 34
3504 1941 3666 2000 astris
4412 1954 4524 2012 232

1055 2021 1160 2079 fati
1187 2022 1487 2099 descriptio
2045 2038 2159 2095 229
2239 2025 2370 2085 felix
2397 2026 2650 2085 seculum
2996 2026 3109 2085 Fic.
3139 2045 3199 2104 p.
3227 2044 3257 2084 2
3265 2029 3344 2102 38
3421 2022 3605 2081 forma
3632 2020 3810 2102 prima
3838 2020 4017 2101 qualis
4182 2019 4296 2078 Fic.
4326 2038 4383 2097 p.
4405 2035 4520 2093 443

1058 2102 1155 2160 suti
1187 2102 1440 2161 definitio
1466 2102 1784 2162 communis
1813 2102 1929 2160 Fic·
1960 2121 2013 2178 p·
2041 2119 2160 2178 399
2240 2106 2369 2167 felix
2416 2121 2780 2188 contemptor
2824 2107 3072 2188 corporis
3122 2120 3183 2167 et
3230 2107 3346 2166 for.
3423 2105 3605 2163 forma
3646 2103 3896 2162 materiae
3938 2123 4056 2162 non
4098 2121 4227 2161 vera
4265 2101 4448 2159 forms

1056 2182 1160 2242 fati
1188 2184 1439 2243 definitio
1810 2180 1928 2240 Fic.
1961 2202 2015 2259 p.
2045 2198 2155 2259 235
2323 2200 2478 2248 tunae
4183 2181 4300 2241 Fic.
4331 2202 4388 2260 p.
4419 2181 4526 2239 128

1056 2265 1156 2323 fati
1179 2280 1430 2324 naturam
1450 2264 1545 2343 qui
1568 2266 1782 2342 aperire
1798 2263 1986 2322 conati
2008 2277 2160 2331 sunt,
2242 2269 2370 2328 felix
2401 2268 2714 2348 intrepidus
3265 2271 3345 2345 38
3422 2266 3605 2326 forms
3632 2264 3811 2344 prima
3838 2264 3971 2344 quid
4217 2263 4333 2322 Fic.
4364 2283 4418 2341 p.
4446 2262 4525 2335 48

1139 2345 1391 2405 bifariam
1423 2345 1838 2404 distribuuntur
2045 2363 2160 2418 229
2240 2349 2370 2410 felix
2398 2352 2689 2429 quomodo
2729 2353 2976 2411 externis
3017 2363 3208 2409 utatur
3242 2351 3343 2409 bo·
3421 2348 3602 2406 forma
3628 2346 3943 2406 essentialis
3971 2347 4028 2404 in
4060 2364 4118 2405 re
4140 2345 4393 2424 qualibet
4411 2362 4528 2401 una

1057 2427 1157 2485 fati
1189 2427 1490 2486 necessitas
1520 2427 1674 2485 nulla
1815 2425 1930 2484 Fic.
1961 2447 2016 2503 p.
2038 2443 2155 2501 407
2322 2432 2411 2490 nis
3038 2432 3153 2491 Fic.
3183 2452 3239 2511 p.
3268 2448 3344 2508 79
4219 2427 4334 2485 Fic.
4366 2446 4421 2504 p.
4448 2442 4523 2500 93

1056 2508 1307 2587 fatoquae
1326 2506 1866 2575 subsint,autinsint
1888 2506 1950 2565 F·
1969 2527 2024 2585 p·
2041 2509 2159 2584 398
2239 2512 2372 2572 felix
2401 2512 2538 2572 vivit
3268 2513 3345 2588 36
3423 2510 3607 2568 forma
3634 2508 3731 2567 dat
3758 2508 3838 2567 rei
3865 2528 3989 2568 esse
4210 2509 4331 2567 Fic.
4362 2527 4419 2586 p.
4441 2507 4523 2583 48

1056 2588 1175 2649 fato
1201 2610 1326 2668 qnae
1355 2610 1472 2647 non
1500 2589 1723 2647 subsint
2081 2590 2158 2646 ib·
2241 2594 2371 2653 felix
2399 2595 2528 2672 quis
3033 2595 3151 2654 Fic.
3183 2616 3238 2673 p.
3267 2596 3335 2653 81
3422 2591 3605 2649 forma
3630 2590 3804 2649 totius
3831 2590 4026 2649 omnia
4053 2588 4111 2648 in
4143 2610 4204 2648 se
4228 2589 4487 2649 continet

1057 2670 1129 2729 de
1145 2671 1286 2729 Fato
1304 2683 1547 2746 quatuor
1562 2670 1860 2748 opiniones
1879 2670 1940 2728 F.
1964 2690 2020 2749 p.
2041 2688 2160 2747 399
2239 2675 2420 2735 felicis
2460 2674 2839 2754 tranquillius
2884 2675 3055 2735 simili
3096 2676 3344 2735 declara·
4181 2672 4296 2730 Fic.
4328 2692 4384 2749 p.
4414 2687 4520 2748 193

1054 2751 1173 2811 fato
1202 2753 1497 2830 subjicitur
1522 2751 1743 2809 animus
1804 2753 1922 2810 Fic.
1954 2772 2012 2829 p.
2044 2770 2156 2829 235
2322 2770 2416 2817 tur
3265 2775 3338 2833 35
3421 2753 3605 2812 forma
3617 2752 3930 2811 essentialis
3945 2750 4231 2812 individua
4256 2753 4319 2810 F.
4338 2769 4523 2830 Ρ.320

1057 2833 1299 2892 fatorum
1323 2836 1491 2891 series
1512 2834 1800 2910 quomodo
1823 2832 1892 2891 nd
1913 2831 2159 2891 divinam
2238 2837 2416 2898 felicis
2443 2850 2622 2897 status
3266 2855 3340 2913 37
3421 2835 3603 2893 forma
3630 2834 3945 2893 essentialis
3973 2833 4124 2913 prior
4142 2832 4524 2892 accidentibus

1138 2913 1544 2991 providentiam
1575 2914 1872 2992 redigenda
1890 2914 1951 2971 F.
1971 2933 2157 2992 p.402
2238 2918 2390 2978 felici
2431 2919 2492 2978 in
2533 2918 2769 2977 summis
2796 2921 3107 2978 constituto
3135 2918 3346 2978 dolori·
3503 2914 3901 2974 communibus
4181 2915 4299 2974 Fic.
4328 2934 4385 2993 p.
4408 2933 4516 2990 321

1051 2994 1300 3052 fatorum
1330 3014 1562 3071 regnum
1595 2995 1689 3052 ubi
1716 2994 1791 3052 sit
1819 2994 1936 3052 Fic.
1965 3014 2021 3071 p.
2045 3009 2155 3071 235
2322 3002 2426 3059 bus
2453 3000 2590 3079 quid
2619 2999 2935 3060 faciendum
3266 3018 3346 3075 34
3422 2996 3602 3055 foruna
3641 3015 3742 3055 cur
3782 2995 4053 3055 terminus
4091 3008 4151 3055 et
4193 3015 4455 3055 mensura

1054 3075 1242 3133 fatalis
1268 3095 1390 3133 sors
1418 3075 1598 3153 frangi
1625 3087 1815 3154 potest
1873 3075 1936 3133 F.
1965 3096 2020 3153 p.
2047 3093 2158 3150 227
2241 3080 2433 3141 felices
2459 3101 2625 3161 pares
3036 3081 3155 3141 Fic.
3186 3102 3244 3159 p,
3267 3084 3333 3140 81
4184 3078 4246 3135 F
4232 3097 4303 3136 lc.
4330 3093 4523 3156 p.127

1054 3156 1228 3215 fatale
1255 3170 1480 3233 tempus
1812 3156 1927 3213 Fic.
1959 3176 2015 3234 p.
2051 3158 2151 3216 161
2320 3161 2459 3222 item
3265 3181 3346 3236 44
3422 3158 3605 3218 forma
3630 3179 3730 3217 cur
3757 3155 3896 3216 ratio
3924 3157 4143 3217 dicatur
4183 3160 4301 3217 Fic.
4332 3179 4385 3236 p.
4408 3176 4518 3233 321

1057 3237 1295 3297 felicitas
1323 3236 1678 3295 successione
1699 3256 1817 3295 non
1845 3250 2083 3318 nugetur
2240 3242 2428 3302 felices
2459 3263 2573 3301 nou
2604 3241 2709 3300 nisi
2742 3242 2876 3301 boni
2904 3256 3040 3302 sunt
3230 3244 3342 3321 258
3424 3240 3607 3299 forma
3633 3252 3698 3298 ut
3722 3240 3848 3298 finis
3877 3239 4184 3299 intenditur
4237 3241 4301 3299 F.
4331 3260 4387 3319 p.
4406 3256 4523 3315 427

1859 3320 1975 3378 Fic.
2008 3339 2062 3396 p.
2086 3319 2150 3378 81
2242 3324 2476 3385 feliciter
2501 3344 2669 3403 agere
2697 3326 2832 3403 quid
3266 3344 3343 3403 45
3425 3323 3609 3381 forma
3650 3334 3712 3381 et
3757 3321 4005 3390 materia,
4048 3336 4108 3381 et
4146 3321 4523 3401 compositum

1054 3399 1293 3459 felicitas
1317 3402 1379 3458 in
1408 3398 1624 3458 ratione
1648 3420 1786 3458 num
1815 3400 1890 3459 sit
1928 3402 1991 3459 F.
2012 3421 2064 3480 p.
2081 3402 2160 3474 48
2242 3407 2452 3466 ferrum
2480 3406 2653 3464 Marti
2683 3405 3016 3464 attributum
3056 3407 3117 3465 F.
3150 3427 3204 3486 p.
3232 3426 3253 3465 1
3270 3425 3340 3482 73
3507 3415 3627 3463 ι11111
3657 3403 3957 3483 singulare,
3978 3416 4100 3462 tum
4119 3401 4425 3462 universale
4451 3422 4526 3460 211

1055 3481 1298 3541 felicit-8⁸
1337 3480 1699 3540 rationalibus
1738 3481 2003 3542 convenit
2240 3489 2433 3568 figurae
2461 3487 2755 3546 sensibiles
3226 3507 3336 3564 39¹
3505 3486 3611 3544 sub
3670 3486 3870 3543 eodem
3933 3484 4261 3545 substantiae
4316 3501 4525 3564 genere

1857 3563 1973 3623 Fic.
2003 3582 2059 3641 p.
2081 3579 2159 3637 47
2243 3571 2433 3650 figuroe
2460 3589 2562 3629 cur
2588 3568 2729 3627 alios
2756 3580 3018 3638 terreant,
3048 3568 3191 3628 alios
3225 3589 3344 3627 non
3503 3564 3843 3626 conveniant
4399 3565 4519 3640 567

1057 3643 1296 3703 felicitas
1324 3643 1460 3722 quid
1855 3645 1972 3704 Fic.
2004 3665 2060 3724 p.
2082 3646 2164 3718 46
3221 3669 3343 3725 43ο
3423 3649 3605 3707 forma
3632 3645 3892 3706 universa
4171 3645 4286 3704 Fic.
4316 3664 4374 3723 p.
4406 3659 4514 3721 135

1057 3725 1294 3783 felicitas
1323 3725 1381 3783 in
1408 3724 1700 3784 intellectu
1850 3726 1970 3786 Fic.
2003 3748 2059 3805 p.
2081 3743 2158 3802 47
2241 3730 2445 3810 figuras
2474 3749 2591 3788 non
2620 3731 2676 3788 in
2707 3730 3015 3809 qualitatis,
3042 3731 3140 3789 sed
3168 3752 3346 3810 quan·
3423 3730 3604 3788 forma
3624 3725 3994 3807 intelligibilis
4022 3726 4215 3786 mundi
4237 3727 4523 3804 quomodo

1058 3806 1296 3865 felicitas
1322 3827 1423 3865 cur
1452 3826 1565 3864 non
1594 3818 1862 3887 augeatur
1909 3808 1971 3866 F.
2001 3828 2060 3886 p.
2086 3808 2159 3865 82
2324 3811 2505 3870 titatis
2529 3830 2738 3890 genere
2766 3812 3057 3891 ponendas
3217 3815 3333 3888 625
3503 3809 3909 3889 imaginatione
3935 3808 4307 3902 concipienda
4413 3809 4516 3867 161

1055 3887 1292 3946 felicitas
1321 3890 1662 3965 praeteritum
1692 3902 1753 3946 et
1782 3889 2035 3948 futurum
2078 3907 2162 3946 re-
2241 3893 2725 3972 figurasqualitate
2740 3913 2855 3951 nou
2874 3893 2984 3953 dici
3003 3893 3347 3965 similes629
3424 3893 3607 3950 forma
3628 3890 3856 3968 quando
3876 3889 4289 3967 separatissima
4314 3887 4528 3968 speeies

1136 3967 1293 4046 spuit
2083 3968 2161 4028 ib.
2241 3973 2641 4053 figurationum
2672 3974 2809 4032 vires
3223 3975 3344 4049 428
3505 3986 3609 4041 est,
3640 3970 3918 4050 optimum
3947 3984 4035 4029 est
4412 3988 4528 4047 719

1059 4047 1293 4107 felicitas
1323 4048 1381 4105 in
1411 4048 1523 4106 vita
1549 4048 1809 4107 consistit
2082 4068 2154 4125 31
2242 4055 2638 4133 figurationum
2669 4054 2958 4114 diversitas
3226 4074 3346 4133 429
3427 4055 3608 4113 forma
3635 4051 4098 4132 praestantissima
4176 4052 4298 4110 Fic.
4328 4071 4383 4129 p.
4415 4052 4526 4128 169

1058 4129 1298 4188 felicitas
1314 4128 1418 4187 soli
1435 4129 2165 4189 sufficienterviventicom-
2243 4134 2343 4194 filii
2371 4134 2701 4214 parentibus
2730 4136 2943 4196 similes
2997 4136 3112 4194 Fic.
3144 4158 3200 4216 p.
3224 4157 3345 4212 400
3425 4135 3608 4194 forma
3625 4134 3822 4192 ultima
3839 4132 3976 4191 nihil
3992 4144 4226 4212 generat
4253 4133 4318 4191 F.
4337 4133 4482 4210 p.62
4490 4150 4522 4210 5

1143 4209 1287 4289 petit
1511 4284 1518 4295 ,
2080 4212 2162 4271 ib.
2244 4216 2371 4276 finis
2397 4217 2719 4275 communis
3003 4218 3116 4276 Fic.
3147 4239 3202 4298 p.
3233 4237 3253 4276 1
3270 4235 3339 4295 25
3424 4217 3605 4275 forma
3626 4216 3881 4294 quaedam
3911 4227 4045 4272 ante
4063 4213 4437 4292 quantitatem
4468 4214 4526 4272 111

1062 4290 1296 4350 felicitas
1325 4311 1438 4349 11011
1469 4293 1825 4370 perturbatur
1864 4291 1981 4351 Fic.
2011 4312 2065 4370 Ρ.
2082 4311 2164 4371 49
2243 4297 2370 4357 finis
2399 4298 2647 4356 hominis
2675 4299 2908 4357 ultimus
3269 4319 3342 4376 33
3510 4299 3803 4356 materiam
3830 4295 3984 4354 cadit
4182 4296 4305 4353 Fic.
4333 4316 4388 4374 p.
4412 4296 4526 4371 276

1061 4371 1295 4431 felicitas
1346 4392 1448 4432 nec
1492 4374 1728 4433 fortunae
1771 4392 1876 4433 nec
1916 4374 2164 4452 corporis
2243 4378 2369 4438 finis
2399 4377 2633 4437 ultimus
2658 4379 2839 4457 qualis
3039 4378 3154 4438 Fic.
3184 4401 3242 4459 p.
3270 4401 3345 4457 50
3423 4379 3605 4436 forma
3646 4377 3703 4436 in
3748 4378 3960 4435 mundo
4001 4375 4341 4456 intelligibili
4384 4375 4519 4454 quid

1145 4454 1308 4511 malis
1335 4453 1603 4512 evertitur
2087 4473 2161 4530 32
2242 4459 2368 4518 111112
2396 4464 2667 4539 cujusque
2698 4460 2775 4520 rei
2800 4459 3006 4539 duplex
3053 4462 3116 4519 F.
3147 4483 3200 4539 p.
3224 4480 3345 4536 404
4417 4458 4527 4516 160

1061 4534 1300 4593 felicitas
1326 4535 1568 4593 externis
1589 4536 1755 4594 rebus
1777 4555 1883 4594 nec
1910 4548 2161 4618 augetur,
2243 4540 2373 4598 finis
2397 4560 2658 4600 summus
3002 4542 3121 4602 Fic.
3152 4563 3205 4620 p.
3234 4561 3341 4619 117
3426 4540 3622 4599 fonnae
3651 4559 3856 4598 munus
4182 4537 4298 4597 Fic.
4325 4560 4383 4619 p.
4411 4555 4522 4615 547

1145 4636 1250 4674 nec
1278 4615 1551 4674 minuitur
2048 4637 2164 4695 259
2243 4624 2369 4681 finis
2399 4621 2646 4681 hominis
2667 4621 2791 4699 quis
2813 4620 2904 4690 sit,
2930 4622 3133 4700 duplex
3157 4628 3343 4682 omni·
3426 4622 3625 4680 formae
3653 4620 3967 4700 proprietas
4223 4620 4340 4680 Fic.
4366 4642 4424 4701 p.
4450 4621 4525 4679 80

1062 4696 1303 4756 felicitas
1359 4696 1596 4776 pristina
1650 4698 1875 4776 quando
1931 4718 2161 4776 recupe-
2325 4723 2400 4762 no
2429 4703 2895 4781 philosophorum
2917 4703 3204 4762 sententia
3229 4725 3339 4782 213
3427 4704 3623 4761 formoe
3653 4701 3983 4780 praestantia
4409 4719 4517 4794 591

1146 4779 1320 4836 randa
1818 4780 1934 4838 Fic.
1961 4800 2019 4859 p.
2047 4782 2162 4855 238
2243 4784 2371 4842 finis
2400 4784 2739 4843 naturalium
2769 4803 2953 4842 rerum
2983 4785 3041 4842 in
3070 4805 3183 4863 quo
3423 4784 3622 4842 formae
3666 4781 3968 4841 materialis
4017 4780 4351 4861 principium
4393 4781 4525 4851 vita..

1059 4859 1300 4918 felicitas
1325 4859 1383 4918 in
1412 4879 1524 4937 qua
1548 4859 1738 4918 anima
2087 4878 2163 4937 37
3003 4866 3117 4924 Fic.
3149 4887 3205 4944 p.
3230 4869 3346 4940 428
3504 4867 3602 4923 sed
3634 4864 3878 4922 materiae
3909 4863 4096 4922 infusa
4449 4863 4525 4922 ib.

1063 4941 1300 5001 felicitas
1341 4940 1605 5000 diuturna
1643 4961 1744 4999 cur
1771 4943 1952 5019 magis
1993 4960 2163 5021 expe·
2246 4945 2373 5004 finis
2422 4945 2664 5024 reliquas
2710 4965 2906 5006 causas
2954 4948 3239 5007 antecedit
3289 4961 3350 5007 et
3425 4945 3663 5004 formam
3691 4944 4050 5012 uniformem,
4073 4955 4135 5002 et
4152 4944 4361 5003 formas
4386 4964 4524 5003 cun-

1144 5024 1317 5082 teuda
1856 5022 1977 5081 Fic.
2007 5043 2061 5100 p.
2090 5025 2157 5083 81
2327 5041 2519 5085 movet
3272 5028 3346 5087 ib.
3505 5040 3624 5085 ctas
3664 5025 3896 5104 singulis
3925 5024 4267 5084 unitissimas
4294 5038 4353 5083 et
4381 5026 4525 5104 pari-

1062 5103 1295 5163 felicitas
1327 5103 1482 5162 nulla
1507 5103 1564 5161 in
1595 5102 1707 5162 vita
1733 5103 2039 5179 conjuncta
2246 5108 2374 5166 finis
2401 5108 2654 5167 definitio
3271 5111 3346 5168 ib.
3506 5120 3593 5165 ter
3633 5107 4088 5166 distinctissimas
4128 5106 4418 5183 quomodo
4445 5105 4523 5163 vi-

1860 5185 1976 5243 Fic.
2006 5205 2063 5262 p.
2091 5203 2168 5263 79
2247 5190 2414 5247 finem
2443 5189 2638 5247 omnia
2660 5202 2931 5269 expetunt
3267 5193 3349 5251 ib.
3506 5189 3637 5247 dere
3665 5188 3832 5247 liceat
4405 5190 4521 5261 677

1062 5264 1299 5324 felicitas
1329 5286 1466 5324 num
1497 5277 1769 5344 augeatur
1861 5263 1976 5324 Fic.
2008 5285 2066 5343 p.
2088 5268 2156 5326 81
2244 5271 2356 5327 fine
2396 5270 2619 5328 sublato
2659 5290 2844 5330 causae
2885 5270 3200 5330 motionum
3233 5272 3349 5331 tol·
3424 5269 3663 5329 formam
3718 5268 3994 5328 materiali
4041 5266 4372 5327 informitati
4419 5288 4526 5347 op-

1061 5345 1301 5404 felicitas
1329 5346 1386 5404 in
1418 5347 1734 5405 intrinsecis
1763 5348 2011 5404 cernitur
2084 5348 2164 5422 36
2326 5349 2519 5408 luntur
3004 5352 3118 5412 Fic.
3147 5373 3205 5432 p.
3228 5369 3347 5428 427
3506 5351 3645 5431 poni
4409 5365 4527 5427 719

1062 5425 1298 5484 felicitas
1347 5448 1462 5485 non
1507 5426 1770 5487 consistit
1820 5426 1876 5484 in
1918 5430 2165 5487 externis
2244 5431 2383 5488 fines
2413 5431 2620 5509 proprii
3005 5434 3119 5493 Fic.
3148 5455 3206 5514 p.
3237 5450 3343 5509 125
3425 5432 3661 5490 formam
3693 5431 3872 5510 magis
3913 5449 4015 5489 ens
4056 5442 4116 5488 et
4156 5430 4526 5489 substantiam

2083 5527 2159 5584 45
2245 5512 2473 5571 flamma
2499 5511 2634 5591 quid
3269 5534 3349 5593 99
3505 5533 3644 5581 esse,
3675 5532 3843 5589 quam
3877 5511 4165 5570 materiam
4411 5512 4526 5570 622

1061 5585 1383 5646 felicitatis*
1367 5588 1642 5667 imagines
1855 5589 1971 5646 Fic.
2001 5608 2058 5667 p.
2085 5608 2159 5665 47
2246 5593 2473 5651 flamma
2496 5605 2694 5653 nostra
2713 5615 2745 5653 a
2766 5595 2978 5654 caelesti
3007 5595 3138 5675 igne
3167 5595 3350 5655 aliena
3424 5593 3618 5653 formae
3660 5592 4054 5652 substantiales
4097 5590 4467 5652 indivisibiles

1061 5666 1345 5727 felicitatis
1374 5668 1631 5728 definitio
1657 5670 2033 5749 Peripatetica
2082 5689 2161 5747 33
3235 5695 3339 5734 101
4179 5673 4298 5732 Fic.
4329 5694 4388 5753 p.
4416 5675 4532 5750 276
