5118 6613
1315 537 1517 603 LIB.
1561 539 1677 603 1v.
1723 538 2185 604 ENNEAD.
2233 537 2764 604 SECUNDAE.
2809 560 2876 625 p.
2911 537 3264 622 288—295.
3900 556 4019 621 109

568 712 630 795 ξ.
675 727 778 796 94.
826 730 890 797 p.
927 725 1067 789 140.
1116 708 1217 773 ed.
1253 721 1443 773 nostr.
1495 710 1747 775 Francf.
1803 711 1898 775 καὶ
1942 713 2050 775 εἴτι
2093 713 2249 776 ἄλλο

566 817 849 887 τοιοῦτον,
880 810 917 892 ἢ
961 814 1056 877 διὰ
1094 811 1162 875 τὸ
1209 813 1564 893 ἀδιεξίτητον
1601 814 1845 896 ἄπειρον
1885 813 2176 897 ὑπάρχον,
2211 812 2248 893 ἢ

568 919 664 981 διὰ
689 916 761 980 τὸ
787 918 1065 998 ἀόριστον
1094 919 1194 994 τῆς
1223 915 1444 981 οὐσίας·
1480 914 1589 979 ubi
1620 915 1753 980 haec
1781 916 1961 1003 posui
1985 941 1999 979 :
2039 924 2082 955 “
2101 916 2252 981 Ari-

568 1018 815 1083 stoteles
856 1017 920 1082 in
966 1017 1160 1104 Phys.
1205 1017 1522 1082 Auscultt.
1564 1019 1704 1083 III.
1742 1034 1798 1102 7.
1832 1042 1897 1106 p.
1927 1021 2033 1102 58.
2071 1019 2243 1106 Sylb.

566 1123 673 1186 οὐκ
700 1123 1036 1204 ἀφαιρεῖται
1077 1123 1143 1185 δὲ
1181 1122 1215 1184 ὁ
1252 1122 1435 1202 λόγος
1473 1121 1610 1186 οὐδὲ
1652 1122 1785 1188 τοὺς
1824 1122 2253 1203 μαθηματικοὺς

566 1225 675 1304 τὴν
702 1225 970 1307 θεωρίαν,
1004 1225 1259 1305 ἀναιρῶν
1288 1225 1467 1290 οὕτως
1498 1223 1649 1288 εἶναι
1687 1224 1754 1289 τὸ
1799 1226 2061 1307 ἄπειρον,
2094 1226 2251 1290 ὥστε

568 1328 838 1412 ἐνεργείᾳ
892 1325 1046 1390 εἶναι
1104 1327 1200 1389 ἐπὶ
1255 1326 1362 1404 τὴν
1419 1328 1687 1407 αὔξησιν,
1739 1328 1815 1395 ὥς
1872 1330 2248 1408 ἀδιεξίτητον.

568 1431 735 1495 Nam
776 1429 865 1494 ita
906 1428 1370 1515 distinguebant
1410 1428 1719 1494 infinitum
1762 1429 2134 1518 philosophi,
2179 1446 2251 1495 ut

566 1532 634 1597 τὸ
675 1533 918 1614 ἄπειρον
946 1546 1105 1596 esset
1143 1530 1241 1595 vel
1285 1533 1664 1613 ἀδιεξίτητον,
1695 1532 1793 1596 vel
1835 1532 2031 1597 ποσὸν
2073 1535 2248 1616 ὡρισ-

564 1635 768 1715 μένον,
798 1633 839 1697 i.
870 1658 924 1698 e.
958 1634 1293 1721 quantitaS,
1324 1657 1468 1721 quae
1496 1634 1594 1698 vel
1624 1635 1928 1723 penetrari
1958 1657 2081 1699 non
2112 1659 2252 1723 pos-

564 1751 680 1816 set,
710 1759 913 1824 neque
939 1736 1099 1801 adeo
1125 1736 1368 1802 definiri
1394 1760 1466 1802 ac
1499 1737 1936 1816 circumscribi,
1966 1737 2064 1802 vel
2107 1762 2251 1826 quae

564 1838 978 1905 circumscribi
1019 1854 1247 1927 posset.
1311 1841 1410 1905 Cf.
1452 1840 1871 1906 Themistium
1914 1841 1978 1904 in
2021 1842 2246 1929 Physs.

569 1944 624 2009 Ι.
691 1942 864 2007 Hinc
914 1943 1138 2008 Suidas
1190 1944 1247 2009 1.
1299 1966 1365 2030 p.
1413 1960 1521 2028 53.
1572 1945 1924 2025 ἀδιεξίτητος
1981 1944 2250 2032 explicat

566 2046 1027 2127 ἀδιεξέλευστος.
1090 2048 1366 2112 Zonaras
1410 2047 1484 2110 L.
1533 2046 1645 2111 Gr.
1689 2070 1754 2134 p.
1796 2063 1903 2129 47.
1957 2045 2135 2110 addit
2180 2046 2247 2111 τὸ

565 2148 946 2233 ἀπόρευτον.”
1704 2203 1709 2207 .

648 2276 713 2340 Ρ.
748 2253 893 2337 289,
933 2268 1028 2335 17.
1071 2253 1207 2316 οὐδὲ
1259 2254 1320 2316 αὶ
1362 2253 1718 2332 ἄτομοι-αἰ
1759 2251 2108 2333 τοπαράπαν
2145 2254 2250 2316 οὐκ

564 2355 768 2443 οὖσαι]
813 2356 975 2419 Haec
1017 2353 1390 2419 verbotenus
1431 2369 1788 2442 congruunt
1833 2353 2248 2420 Ciceronianis

564 2457 644 2523 de
672 2459 822 2523 Nat.
857 2460 943 2522 D.
980 2459 1037 2522 1.
1074 2476 1203 2543 23.:
1254 2458 1621 2523 “Abuteris
1654 2456 1735 2522 ad
1773 2456 1982 2521 omnia
2007 2470 2242 2522 atomo-

563 2583 705 2625 rum
725 2583 919 2648 regno
940 2575 1002 2624 et
1025 2560 1305 2635 licentia3
1338 2560 1484 2625 hinc
1504 2559 1926 2647 quodcunque
1953 2559 2017 2623 in
2047 2559 2246 2624 solum

562 2664 752 2744 venit,
777 2677 851 2729 ut
879 2663 1126 2742 dicitur,
1157 2663 1396 2749 effingis
1421 2678 1610 2750 atque
1637 2662 1846 2727 efficis·
1877 2686 2017 2750 quae
2036 2665 2248 2750 primo

562 2767 754 2832 τιμαεο
808 2768 1014 2831 sunt?
1083 2766 1219 2831 Ubi
1263 2766 1326 2831 in
1373 2778 1587 2831 annot.
1638 2789 1697 2854 p.
1736 2785 1874 2852 103.
1916 2765 2052 2831 haec
2098 2764 2243 2831 Plo-

560 2868 795 2935 tiniana
820 2868 1242 2957 adposuimus.

644 2996 714 3061 p.
734 2991 880 3059 290,
908 2992 965 3037 2.
1000 2974 1195 3053 ἄλλην
1216 2998 1283 3036 τε
1312 2974 1952 3055 φύσιν-δημιουργεῖν
1979 2972 2092 3055 οὐχ
2118 2972 2246 3036 οἷόν

560 3077 651 3161 τε]
691 3075 932 3162 Taylor
958 3075 1047 3140 ita
1074 3074 1291 3140 vertit:
1343 3083 1388 3116 “
1409 3076 1652 3163 Again,
1682 3077 1739 3139 it
1763 3076 1822 3139 is
1849 3084 1958 3139 not
1973 3075 2247 3162 possible

564 3188 624 3244 to
624 3180 957 3266 salmonte
983 3201 1114 3265 any
1139 3178 1313 3243 other
1332 3186 1582 3257 nature,
1602 3178 1834 3242 besides
1854 3179 2246 3264 atomsfivm

559 3283 815 3348 atmmf

644 3422 731 3437 —-
749 3402 807 3468 7.
838 3387 947 3454 Τίς
975 3387 1080 3451 οὖν
1105 3388 1141 3466 ἡ
1168 3387 1277 3466 μία
1306 3387 1447 3465 αὕτη
1477 3384 1573 3449 καὶ
1600 3383 1854 3466 συνεχὴς
1883 3411 1935 3448 κ.
1958 3409 2010 3447 τ.
2037 3383 2131 3467 λ.]
2162 3384 2243 3448 In

559 3487 655 3553 his
681 3499 746 3553 et
773 3487 1076 3577 proximis
1105 3487 1427 3553 Plotinum
1457 3510 1602 3552 cum
1632 3484 1971 3579 Aristotele
1999 3497 2062 3549 et
2087 3485 2247 3550 Stoi-

557 3591 642 3657 cis
667 3591 870 3656 facere
896 3591 1048 3656 dicit
1079 3590 1486 3655 Tiedemann.
1519 3589 1586 3654 in
1620 3591 1797 3654 Geist
1831 3590 1945 3653 der
1970 3589 2247 3676 specula-

557 3697 728 3759 aven
757 3694 1154 3782 Philosophia
1181 3695 1321 3758 ΙΙΙ.
1352 3717 1418 3781 p.
1454 3708 1597 3778 295.
1631 3715 1994 3781 comparans
2035 3692 2240 3756 locum

558 3798 726 3863 Enn.
765 3799 902 3862 111.
928 3800 990 3863 6.
1020 3814 1122 3881 17.
1147 3820 1285 3884 sqq.
1334 3794 1574 3885 Taylor
1600 3812 1811 3861 autem
1839 3795 1921 3860 ad
1948 3794 2013 3860 h.
2033 3793 2077 3859 l.
2108 3817 2242 3859 sen-

558 3900 811 3964 tentiam
873 3922 1048 3965 suam
1105 3901 1185 3965 de
1230 3898 1503 3964 Materia
1558 3922 1597 3964 a
1642 3898 1893 3964 Plotino
1938 3897 2241 3985 disjungit

555 4002 1001 4091 conjungitque
1044 4026 1187 4068 eum
1225 4001 1546 4090 Simplicio
1577 4002 1642 4066 in
1673 3999 2027 4067 Aristotelis
2056 4000 2237 4087 Phy-

555 4128 699 4170 sica.

636 4246 725 4258 —
751 4210 850 4273 16.
880 4206 1400 4293 μεμεγεθυσμένῳ]
1454 4205 1748 4272 Eustath.
1797 4204 1860 4268 in
1920 4203 2104 4270 Iliad.
2160 4202 2233 4270 ν’.

554 4310 702 4397 588.
759 4310 965 4390 λέξεσι
1012 4309 1569 4393 μεμεγεθνσμέναις.
1659 4311 1782 4374 Est
1830 4308 1995 4373 enim
2050 4307 2237 4374 etiam

552 4413 812 4478 verbum
859 4413 1446 4478 Grammaticorum.
1523 4410 1803 4501 Etymol.
1835 4413 1934 4476 M.
1982 4434 2044 4498 p.
2083 4431 2233 4498 330.

554 4514 849 4582 Heidelb.
870 4538 934 4603 p.
963 4534 1106 4600 299.
1140 4515 1318 4603 Lips.
1344 4530 1408 4579 et
1436 4538 1498 4601 p.
1534 4516 1678 4582 820.
1708 4539 1775 4603 p.
1809 4530 1954 4600 743.
1994 4512 2239 4578 Scholia

550 4618 615 4683 in
658 4617 921 4705 Dionys.
968 4618 1200 4683 Thrac.
1249 4618 1533 4683 Gramm.
1575 4616 1893 4701 (Anecdd.
1942 4615 2233 4695 Bekkeri‚

551 4721 688 4787 vol.
725 4722 822 4786 ΙΙ.
852 4744 922 4808 p.
956 4722 1102 4806 928.
1150 4720 1443 4785 Aliorum
1486 4720 1852 4807 scriptorum
1891 4718 2040 4784 locis
2073 4718 2235 4801 adde

550 4840 614 4889 et
639 4824 808 4889 hunc
846 4822 1271 4889 Plotinianum
1313 4837 1378 4888 et
1408 4822 1723 4888 Theodori
1769 4822 2134 4888 Metochitae
2175 4846 2229 4888 c.

549 4943 653 5013 45.
685 4949 750 5016 p.
787 4943 934 5011 272.
961 4926 1134 4991 haec:
1180 4929 1355 5010 ὀγκοῖ
1377 4926 1425 4991 δ’
1450 4929 1604 5007 ὅμως
1634 4926 1728 4990 καὶ
1754 4928 2064 5008 μεγεθῦνει
2093 4952 2237 5009 συγ-

553 5030 901 5112 κιρνάμενον
938 5029 1008 5094 τὸ
1054 5032 1434 5113 μεγαλοφυές
1477 5030 1573 5094 καὶ
1613 5031 1823 5109 τίμιον.
1875 5030 1969 5093 καὶ
2011 5032 2235 5093 αἰδοῖον

553 5133 646 5198 καὶ
672 5136 942 5214 μηδόλως
967 5133 1060 5198 ὑπ’
1095 5133 1365 5201 εὐκολίας
1394 5133 1906 5215 εὖπεριφρόνητον.

631 5259 698 5323 p.
734 5253 882 5321 292,
911 5255 972 5316 4.
1003 5238 1314 5315 ἀσῶματος
1340 5237 1406 5299 δὲ
1446 5236 1542 5300 καὶ
1568 5236 1605 5316 ἡ
1630 5236 1769 5320 ὕλη]
1810 5236 1973 5300 Haec
2018 5233 2234 5299 Stoicis

548 5338 781 5427 opponi
821 5338 1056 5403 credas.
1147 5338 1432 5403 Stobaeus
1471 5337 1740 5426 Eclogg.
1783 5338 2006 5426 Physs.
2043 5339 2101 5403 1.
2132 5355 2230 5403 12.

547 5455 609 5527 5.
642 5465 707 5530 p.
738 5460 887 5528 324.
921 5443 1147 5506 Heer.:
1197 5444 1256 5507 οἱ
1291 5442 1539 5506 Στωϊκοὶ
1578 5448 1749 5523 σῶμα
1776 5441 1883 5521 τὴν
1909 5443 2059 5521 ὕλην
2088 5442 2235 5505 ἀπο-

550 5547 885 5628 φαίνονται.
959 5544 1193 5610 Plotini
1226 5544 1396 5609 hunc
1440 5543 1645 5610 locum
1686 5543 2028 5631 attigerunt
2057 5542 2232 5609 Cud·

2334 710 2554 776 worth.
2597 710 2661 775 in
2711 713 2876 798 Syst.
2922 708 3214 775 intellect.
3258 732 3321 797 p.
3351 726 3456 794 59.
3489 723 3551 774 et
3581 708 3893 774 Moshem.
3936 709 4019 774 ad

2334 837 2476 879 eum
2508 814 2659 878 ibid.
2689 826 2897 879 annot.
2934 832 2989 881 2.

2419 941 2481 1005 p.
2520 936 2665 1004 293,
2694 938 2759 1003 5.
2790 920 2823 982 ὁ
2853 916 3137 1001 Πλάτων]
3181 916 3258 979 In
3291 913 3536 979 Timaeo
3578 937 3643 1001 p.
3676 933 3781 997 52.
3811 937 3875 1001 p.
3910 915 4013 995 64.
4074 902 4077 905 ⁴

2334 1019 2572 1094 Bekk.;
2637 1020 2745 1084 ubi
2796 1018 3202 1107 philosophus
3250 1032 3675 1104 posteaquam,
3730 1016 3794 1079 id
3846 1016 4020 1104 quod

2334 1123 2463 1188 sine
2491 1138 2635 1188 ortu
2664 1138 2853 1210 atque
2878 1121 3134 1186 interitu
3164 1143 3405 1208 semper
3441 1119 3605 1184 idem
3649 1134 3763 1198 est,
3792 1119 4018 1184 intelli-

2332 1226 2540 1314 gentia
2601 1224 2862 1309 (νοήσει)
2913 1223 3197 1310 cognosci
3251 1246 3452 1311 posse,
3501 1221 3672 1301 dicit,
3731 1222 4018 1311 genitum

2333 1344 2538 1394 autem
2591 1352 2664 1393 ac
2709 1327 2991 1393 sensibile
3035 1325 3325 1416 opinione
3375 1348 3504 1389 una
3549 1348 3693 1390 cum
3741 1325 4021 1391 sensibus

2338 1435 2504 1516 (δόξῃ
2561 1431 2685 1513 μετ’
2738 1431 3094 1516 αἰσθήσεως)
3143 1429 3232 1494 ita
3287 1428 3531 1518 pergit:
3576 1431 3773 1512 τρίτον
3820 1432 3886 1493 δὲ
3946 1430 4020 1493 αὖ

2335 1534 2511 1616 γένος
2555 1531 2627 1598 ὂν
2669 1532 2736 1596 τὸ
2786 1537 2887 1612 τῆς
2922 1534 3117 1615 χώρας
3155 1533 3268 1605 ἀεὶ,
3305 1535 3537 1614 φθορὰν
3581 1533 3650 1596 οὐ
3687 1533 4016 1614 προσδεχό-

2335 1662 2537 1716 μενον,
2573 1636 2748 1719 ἕδραν
2792 1638 2856 1699 δὲ
2893 1634 3161 1719 παρέχον
3198 1636 3317 1698 ὅσα
3359 1634 3487 1718 ἔχει
3530 1633 3772 1716 γένεσιν
3813 1637 4022 1708 πᾶσιν,

2337 1739 2477 1804 αὐτὸ
2508 1742 2573 1803 δὲ
2599 1737 2722 1818 μετ’
2755 1739 3143 1818 ἀναισθησίας
3176 1736 3363 1801 ἁπτὸν
3391 1740 3661 1823 λογισμῷ
3692 1762 3805 1801 τινι
3843 1738 4018 1822 νόθῳ,

2332 1843 2503 1924 μόγις
2552 1840 2785 1915 πιστὸν,
2830 1841 2975 1923 πρὸς
3019 1839 3053 1904 ὃ
3097 1839 3167 1919 δὴ
3212 1840 3307 1904 καὶ
3345 1842 3841 1922 ὀνειροπολοῦμεν
3873 1839 4019 1920 βλέ-

2333 1969 2546 2012 ποντες
2576 1970 2628 2007 κ.
2652 1951 2785 2007 τ.λ.
2867 1942 2991 2007 Sed
3021 1956 3189 2007 totus
3226 1940 3399 2005 locus
3440 1940 3542 2004 ille
3579 1940 3726 2004 inde
3753 1963 3793 2004 a
3819 1963 3882 2027 p.
3912 1961 4019 2026 50.

2337 2069 2534 2133 usque
2562 2044 2642 2110 ad
2673 2069 2740 2134 p.
2771 2063 2878 2132 53.
2907 2044 3173 2110 conferri
3203 2056 3415 2109 nostro
3440 2066 3583 2109 cum
3624 2042 3784 2108 libro
3810 2042 4017 2121 debet,

2334 2149 2445 2236 qui
2478 2147 2732 2236 quidem
2774 2147 2864 2212 illi
2900 2147 3132 2235 egregii
3167 2145 3586 2212 commentarii
3629 2169 3813 2210 usum
3856 2170 4016 2234 prae-

2333 2266 2475 2316 stat.
2568 2253 2882 2317 Caeterum
2909 2266 3120 2315 nostro
3156 2274 3191 2314 e
3229 2249 3365 2313 loco
3394 2272 3518 2313 non
3547 2248 3832 2335 colligam
3864 2248 4014 2313 Plo-

2334 2355 2532 2421 tinum
2578 2377 2693 2419 suo
2733 2354 2797 2417 in
2847 2352 3107 2418 Platone
3145 2351 3363 2440 legisse
3401 2352 3627 2432 ληπτὸν
3655 2374 3772 2438 pro
3805 2353 4013 2415 ἁπτόν.

2331 2457 2572 2545 Attigit
2597 2457 2733 2522 haec
2760 2455 2945 2520 etiam
2975 2455 3280 2521 Alcinous
3307 2454 3388 2519 de
3418 2454 3720 2519 Doctrina
3742 2453 4019 2518 Platonis

2333 2561 2535 2625 VIII.
2567 2583 2635 2647 p.
2663 2577 2813 2642 472.
2846 2583 2941 2646 sq.
2983 2561 3198 2640 ταύτην
3233 2559 3363 2642 (τὴν
3398 2560 3571 2638 ὕλην)
3607 2559 3807 2622 τοίνυν
3837 2560 4012 2637 ἐκμα-

2331 2665 2498 2747 γεῖόν
2534 2689 2602 2728 τε
2649 2664 2744 2727 καὶ
2779 2665 3071 2745 πανδεχὲς
3113 2662 3208 2726 καὶ
3245 2660 3481 2742 τιθήνην
3522 2662 3617 2724 καὶ
3656 2659 3878 2743 μητέρα
3921 2662 4016 2725 καὶ

2330 2768 2534 2850 χώραν
2584 2765 2875 2846 ὀνομάζει,
2926 2767 3021 2830 καὶ
3075 2766 3460 2845 ὑποκείμενον
3510 2765 3697 2828 ἁπτόν
3745 2789 3813 2828 τε
3866 2766 4017 2843 μετὰ

2330 2870 2721 2950 ἀναισθησίας
2750 2869 2845 2933 καὶ
2875 2871 3028 2954 νόθῳ
3049 2871 3319 2954 λογισμῷ
3346 2868 3593 2947 ληπτόν.
3658 2865 3847 2931 Unde
3874 2888 4018 2930 con-

2320 2970 2498 3058 jicias
2543 2970 2641 3035 vel
2693 2969 2944 3036 Alcinoi
2987 2970 3189 3036 locum
3249 2993 3328 3035 ex
3375 2969 3636 3034 Platone
3687 2967 4014 3038 dilatatum

2329 3097 2479 3154 esse,
2509 3073 2814 3161 illumque
2842 3073 3150 3161 scripsisse
3175 3074 3562 3153 ὑποκείμενον
3587 3071 3711 3153 μετ’
3737 3074 4017 3153 ἀναισθη-

2331 3180 2465 3245 σίας
2511 3179 2665 3263 νόθφ
2708 3180 2978 3263 λογισμῷ
3022 3176 3252 3257 ληπτὸν
3291 3177 3394 3258 (ut
3434 3174 3774 3260 Plotinus)‚
3812 3174 3908 3240 vel
3949 3175 4014 3240 in

2331 3280 2594 3345 Platone
2620 3278 2952 3368 legendum
2982 3278 3105 3361 μετ’
3128 3281 3515 3361 ἀναισθησίας
3535 3278 3724 3344 ἁπτὸν
3744 3283 4016 3366 λογισμῷ

2329 3383 2397 3449 τέ
2423 3410 2537 3449 τινι
2569 3386 2722 3471 νόθῳ
2752 3386 2998 3465 ληπτόν.
3091 3385 3408 3448 Caeterum
3438 3382 3521 3446 cf.
3555 3381 3720 3447 Plat.
3754 3382 3923 3446 Tim.
3948 3406 4015 3470 p,

2333 3488 2430 3554 28.
2460 3510 2518 3551 a.

2412 3624 2503 3638 —-
2529 3604 2592 3671 7.
2621 3586 2659 3669 ἢ
2689 3592 2757 3654 ἐν
2785 3589 3119 3672 καταφάσει
3157 3616 3208 3653 κ.
3236 3614 3291 3653 τ.
3314 3590 3405 3673 λ.]
3449 3587 3690 3675 Taylor
3731 3611 3766 3652 e
3810 3590 3867 3653 F
3871 3587 4009 3653 icini

2329 3691 2480 3758 dicit
2505 3691 2784 3756 versione
2811 3713 3109 3779 apparere
3135 3689 3500 3778 legendum:
3547 3688 3584 3770 ἢ
3613 3694 3679 3756 ἐν
3707 3692 4013 3774 ἀποφάσει

2325 3796 2439 3859 τινὶ
2468 3795 2582 3859 σὺν
2612 3795 2964 3877 καταφάσει,
2994 3816 3256 3880 eamque
3285 3792 3776 3858 emendationem
3810 3817 3850 3858 a
3877 3818 4011 3859 sen-

2325 3896 2517 3961 tentia
2550 3896 2802 3984 requiri.
2894 3899 3040 3983 Ego
3078 3897 3187 3962 ubi
3229 3896 3653 3962 antecedentia
3689 3913 3914 3985 reputo
3946 3914 4012 3963 et

2321 4002 2646 4064 contraria
2686 4002 3074 4088 ignorantiae
3120 4003 3219 4083 (τῇ
3271 4001 3511 4086 ἀγνοίᾳ)
3550 4000 3669 4065 hoc
3716 3999 3851 4065 loco
3896 4000 4009 4066 ad-

2314 4101 2522 4189 jungi,
2554 4125 2731 4167 secus
2757 4101 3126 4168 existimem.
3217 4104 3441 4190 Neque
3485 4101 3652 4168 ullus
3692 4101 3849 4168 liber
3880 4127 4011 4169 sus-

2322 4204 2625 4293 picionem
2673 4206 3013 4271 confirmat.
3089 4207 3402 4272 Caeterum
3448 4204 3529 4271 de
3573 4206 3905 4290 καταφάσει
3946 4222 4010 4273 et

2322 4307 2403 4372 de
2446 4309 2772 4391 ἀποφάσει.
2829 4308 2973 4373 Vid.
3005 4309 3265 4374 Aristot.
3297 4310 3560 4397 Analyt.
3590 4322 3816 4396 poster.
3850 4310 3912 4374 1.
3944 4330 4003 4378 2.

2321 4434 2386 4498 p.
2422 4430 2569 4477 200.
2641 4410 2814 4501 Sylb.
2861 4412 3125 4476 eundem
3171 4414 3307 4496 περὶ
3343 4409 3588 4495 Ἑρμην.
3618 4435 3674 4475 c.
3705 4430 3768 4496 7.
3799 4436 3864 4501 p.
3899 4414 4002 4478 61.

2325 4516 2498 4579 Sext.
2543 4515 2793 4602 Empir.
2843 4516 3075 4603 Pyrrh.
3122 4516 3457 4603 Hypotyp.
3494 4515 3555 4578 1.
3584 4530 3650 4600 5.
3680 4513 3831 4602 ibiq.
3879 4517 4006 4581 Fa-

2319 4617 2470 4683 bric.
2504 4642 2567 4707 p.
2601 4637 2741 4684 201.
2773 4617 2913 4682 infr.
2993 4617 3251 4682 Suidam
3292 4619 3389 4683 ΙΙ.
3435 4641 3500 4706 ρ.
3533 4618 3678 4686 268.
3753 4619 4008 4685 Ernesti

2323 4722 2484 4786 Lex.
2521 4720 2828 4786 Technol.
2860 4721 2975 4785 Gr.
3010 4721 3204 4786 Rhet.
3236 4743 3299 4808 p.
3332 4742 3439 4802 41.
3468 4734 3531 4785 et
3557 4744 3622 4808 p.
3657 4720 3800 4803 176.
3829 4736 3893 4787 et
3919 4722 4001 4788 cf.

2322 4824 2529 4889 Procl.
2556 4824 2624 4888 in
2653 4822 2797 4888 Alc.
2834 4824 2891 4889 1.
2925 4847 2989 4912 p.
3027 4825 3172 4906 284.
3202 4838 3266 4888 et
3292 4846 3358 4910 p.
3386 4843 3534 4909 330.
3582 4838 3647 4888 et
3676 4821 4001 4913 Olympio-

2319 4927 2455 4991 dor.
2488 4926 2553 4991 in
2598 4927 2788 4991 eund.
2817 4950 2882 5015 p.
2910 4928 3051 4993 118.
3099 4940 3163 4993 et
3201 4927 3503 4992 Nostrum
3547 4925 3752 5015 ipsum
3783 4927 3901 4993 VI.
3934 4949 4001 5016 3.

2325 5050 2419 5115 19.
2454 5053 2516 5117 p.
2549 5031 2693 5115 634.
2728 5031 2805 5095 Β.
2831 5031 2906 5094 C.

2403 5156 2464 5221 p.
2497 5153 2646 5219 295,
2679 5153 2706 5195 1
2723 5152 2776 5198 1.
2813 5136 2888 5197 Et
2929 5130 2977 5198 δ’
3009 5132 3352 5196 ὅτι-κάκεῖ
3392 5132 3660 5221 ἀπαιτεῖ]
3695 5131 3831 5196 Fic.
3863 5154 3999 5196 ver·

2319 5248 2479 5300 terat
2504 5236 2893 5323 simpliciter,
2923 5232 3117 5321 magis
3144 5234 3226 5298 ad
3255 5234 3635 5299 sententiam.
3682 5233 3780 5298 Ad
3812 5234 4004 5299 verba

2321 5337 2842 5404 accommodatius
2873 5336 3146 5424 Taylor:
3197 5345 3240 5377 “
3261 5338 3343 5424 {f
3351 5337 3627 5402 however
3666 5337 4002 5401 because—

2315 5464 2479 5507 wme
2526 5463 2643 5507 one
2687 5441 2912 5506 should
2950 5440 3082 5505 also
3132 5440 3256 5505 this
3303 5441 3550 5527 require
3592 5441 3664 5502 in
3712 5440 4002 5506 mter?

2318 5545 2453 5610 Nos
2509 5544 2770 5609 verbum
2829 5542 3020 5608 verbo
3078 5541 3478 5607 reddidimus.
3556 5540 3667 5606 Ad
3719 5541 4001 5630 proxime
