5118 6613
1013 490 1137 554 302

1983 458 2812 530 ANNOTATIONES
2878 460 2993 527 IN
3056 460 3509 531 PLOTINI

1019 670 1148 710 σιος
1187 645 1251 707 δὲ
1300 643 1532 721 ὁμοίους
1580 643 1788 715 εἴκαζε.
1881 638 1985 703 Cf.
2030 660 2176 725 quae
2222 635 2464 700 Plinius
2496 636 2585 698 H.
2621 635 2701 699 N.
2789 638 2929 713 βεῖν
2987 633 3315 714 ἐπιστήμην
3373 633 3553 698 αὐτοῦ
3608 637 3713 696 τοῦ
3768 636 3924 699 ἴσου.
4019 634 4264 700 Mirum
4314 658 4488 713 vero,

1021 746 1372 811 XXXIV.
1424 764 1484 827 9.
1543 765 1609 830 p.
1654 743 1799 827 654.
1896 739 2215 804 Harduin.
2274 737 2352 802 de
2405 737 2708 802 Clearcho
2792 748 3097 820 quantum
3159 735 3294 800 haec
3347 734 3701 799 Plotiniana
3754 736 4140 801 consentiant
4189 759 4332 801 cum
4392 736 4492 800 his
4575 734 4580 739 ’

1018 849 1229 937 prodit
1260 874 1274 913 ε
1341 846 1575 912 nobiles
1624 849 1789 910 viros
1841 843 2168 909 nobiliores
2214 842 2379 907 fecit.
2470 844 2709 908 Contra
2796 836 3214 903 Ciceronianis
3248 839 3311 902 in
3345 841 3610 903 Oratore
3641 839 3738 904 II.
3774 840 3834 903 8.
3868 862 3946 925 9:
3996 848 4040 880 ‘⁶
4076 839 4200 904 Sed
4243 863 4363 927 ego
4405 839 4492 904 sic

1020 950 1362 1040 Dionysius
1409 949 1513 1014 ille
1567 949 1782 1014 eodem
1836 946 2040 1011 Plinio
2084 959 2240 1010 teste
2290 945 2565 1010 XXXV.
2598 963 2706 1030 37.
2795 958 3022 1021 statuo,
3055 945 3205 1009 nihil
3246 969 3376 1010 esse
3417 944 3480 1010 in
3523 943 3652 1009 ullo
3685 967 3911 1033 genere
3955 963 4085 1010 tam
4129 944 4491 1033 pulchrum,

1019 1056 1155 1119 init.
1208 1051 1825 1141 Anthropographus
1873 1047 2320 1137 appellabatur.
2414 1048 2708 1112 Tertium
2796 1070 2923 1133 quo
2967 1071 3089 1112 non
3136 1047 3459 1136 pulchrius
3501 1047 3564 1111 id
3612 1049 3713 1126 sit,
3745 1048 3913 1112 unde
3955 1046 4136 1125 illud,
4171 1064 4241 1113 ut
4277 1071 4355 1112 ex
4384 1071 4493 1112 ore

1020 1181 1220 1245 genus
1261 1156 1509 1243 respicit
1541 1154 1919 1219 Plutarchus
1961 1152 2041 1215 de
2086 1151 2352 1216 discrim.
2385 1150 2620 1215 adulat.
2652 1168 2715 1216 et

1025 1260 1206 1326 amici
1249 1284 1314 1348 p.
1345 1279 1451 1346 53.
1487 1261 1569 1323 D.
1620 1280 1680 1345 p.
1715 1276 1860 1342 203.
1892 1254 2102 1342 Wytt.
2138 1279 2153 1318 :
2222 1254 2359 1319 ἀλλ’
2410 1256 2613 1337 ὥσπερ
2659 1257 2717 1318 02

1025 1370 1247 1445 φαῦλοι
1289 1361 1588 1446 ζωγράφοι
1630 1366 1747 1425 τῶν
1778 1365 1975 1424 καλῶν
2004 1361 2375 1440 ἐφικνεῖσθαι
2415 1357 2495 1437 μὴ
2539 1357 2713 1422 δυνά-

1027 1494 1196 1548 μενοι
1239 1466 1309 1532 δι’
1342 1466 1660 1531 ἀσθένειαν
1691 1467 1757 1527 ἐν
1784 1464 1977 1545 ῥυτίσι
2007 1462 2102 1526 καὶ
2131 1465 2342 1543 φακοῖς
2381 1461 2476 1524 καὶ
2512 1460 2718 1527 οὐλαῖς

1028 1575 1132 1638 τὰς
1154 1571 1497 1651 ὁμοιότητας
1523 1565 1928 1649 ἀναφέρουσιν
1960 1591 2009 1627 κ.
2033 1589 2085 1626 τ.
2104 1570 2167 1628 λ.
2247 1563 2348 1626 De
2375 1586 2504 1648 quo
2532 1584 2719 1649 argu-

1029 1688 1238 1737 mento
1286 1668 1646 1737 consulendi
1707 1681 1853 1731 sunt
1903 1665 2190 1752 Lessing.
2242 1664 2305 1728 in
2360 1665 2718 1730 Laocoonte

1030 1801 1094 1864 p.
1121 1798 1219 1842 10.
1251 1799 1344 1863 sq.
1393 1772 1895 1838 Winckelmann.
1929 1770 1992 1834 in
2022 1769 2278 1834 historia
2304 1770 2453 1835 artis
2480 1794 2545 1858 p.
2563 1773 2711 1856 589.

1025 1880 1123 1943 ed.
1158 1878 1424 1943 Vindob.
1469 1896 1531 1941 et
1577 1874 1851 1940 Herder.
1885 1873 1948 1937 in
1982 1871 2309 1960 Calligona
2350 1897 2411 1961 p.
2449 1876 2585 1958 196.
2621 1897 2712 1961 sq.

1030 1981 1139 2046 Ad
1174 1980 1439 2046 universi
1471 2003 1617 2044 vero
1644 1978 1835 2064 hujus
1873 1975 2092 2064 capitis
2132 1974 2598 2062 intelligentiam
2628 1976 2718 2040 fa-

1028 2086 1200 2149 ciunt
1230 2084 1361 2149 haec
1392 2081 1671 2148 Platonis
1698 2080 1759 2144 in
1790 2080 2031 2143 Timaeo
2059 2102 2121 2167 p.
2150 2081 2253 2145 28.
2282 2103 2373 2166 sq.
2410 2102 2472 2167 p.
2498 2099 2601 2165 23.
2626 2104 2715 2168 sq.

1028 2187 1227 2252 Bekk.
1264 2187 1369 2252 ubi
1401 2187 1480 2251 de
1508 2185 1729 2272 opifice
1761 2182 1992 2248 Mundi
2023 2182 2109 2246 ita
2145 2181 2422 2269 loquitur
2450 2182 2720 2271 philoso-

1029 2291 1226 2376 phus:
1273 2292 1410 2354 τόδε
1453 2287 1500 2352 δ’
1533 2288 1639 2352 οὖν
1681 2286 1866 2351 πάλιν
1911 2285 2299 2351 ἐπισκεπτέον
2340 2288 2476 2369 περὶ
2520 2288 2716 2362 αὐτοῦ,

1026 2394 1174 2475 πρὸς
1214 2395 1467 2474 πότερον
1510 2397 1627 2455 τῶν
1669 2388 2158 2471 παραδειγμάτων
2198 2392 2231 2453 6
2275 2393 2722 2471 τεκταινόμενος

1030 2496 1209 2560 αὐτὸν
1245 2495 1375 2577 (τὸν
1418 2496 1671 2573 κόσμον)
1715 2492 2119 2575 ἀπειργάζετο,
2164 2494 2418 2576 πότερον
2459 2493 2606 2576 πρὸς
2647 2496 2722 2557 τὰ

1033 2603 1179 2664 κατὰ
1222 2599 1424 2671 ταῦτα,
1460 2598 1553 2661 καὶ
1598 2598 1874 2663 ὡσαύτως
1919 2595 2082 2679 ἔχον,
2114 2593 2151 2674 ἢ
2178 2595 2324 2677 πρὸς
2350 2596 2418 2660 τὸ
2447 2598 2715 2679 γεγονός.

1031 2706 1082 2766 εἰ
1107 2705 1220 2782 μὲν
1248 2703 1317 2780 δὴ
1349 2703 1528 2768 καλός
1558 2703 1724 2764 ἐστιν
1754 2701 1855 2763 ὅδε
1884 2701 1917 2762 6
1950 2701 2168 2778 κόσμος
2209 2700 2334 2772 ὅ,τε
2377 2700 2723 2782 δημιουργὸς

1031 2805 1270 2887 ἀγαθὸς,
1302 2808 1484 2882 δῆλον
1528 2805 1604 2870 ὣς
1646 2802 1791 2883 πρὸς
1830 2802 1899 2866 τὸ
1945 2801 2134 2867 ἀΐδιον
2178 2802 2440 2881 ἔβλεπεν
2485 2831 2535 2866 κ.
2570 2829 2624 2866 τ.
2655 2813 2715 2867 λ.

1031 2909 1234 2985 Quam
1275 2905 1338 2969 in
1382 2905 1745 2969 sententiam
1794 2904 1944 2969 alias
1982 2903 2260 2992 disputat
2306 2905 2488 2969 etiam
2523 2904 2718 2969 Ploti-

1030 3032 1170 3086 nuS,
1204 3022 1276 3072 ut
1305 3032 1370 3096 p.
1400 3027 1538 3092 175.
1572 3031 1707 3093 sqq.
1742 3031 1803 3094 p.
1833 3010 1977 3072 260.
2011 3007 2089 3073 Β.
2119 3030 2180 3094 p.
2205 3010 2355 3087 406.
2380 3009 2464 3072 E.

1118 3135 1179 3199 p.
1212 3131 1397 3190 1002,
1428 3133 1484 3197 9.
1534 3111 1736 3175 ἔπειτα
1765 3113 1798 3174 6
1829 3112 2068 3178 Φειδίας
2095 3110 2201 3175 τὸν
2232 3113 2353 3175 Δία
2380 3111 2525 3193 πρὸς
2551 3113 2725 3177 οὐδὲν

1036 3214 1318 3294 αἰσθητὸν
1372 3213 1642 3293 ποιήσας,
1703 3214 1864 3277 ἀλλὰ
1920 3214 2132 3292 λαβὼν
2182 3214 2306 3281 οἶος
2363 3215 2438 3278 ἂν
2488 3215 2723 3298 γένοιτο

1038 3345 1090 3382 κ.
1113 3343 1163 3379 τ.
1187 3319 1280 3406 λ.]
1328 3318 1563 3382 Omnes
1606 3315 1747 3380 libri
1777 3315 1968 3380 nostri
2009 3316 2072 3381 in
2118 3317 2234 3382 hac
2276 3316 2533 3382 lectione
2576 3342 2722 3383 con-

1037 3420 1294 3508 spirant,
1325 3419 1497 3506 quod
1542 3434 1912 3507 argumento
1956 3417 2056 3496 sit,
2089 3418 2428 3484 inveterata
2465 3419 2726 3487 vulnera

1035 3523 1223 3588 latere
1265 3522 1329 3587 in
1377 3522 1471 3587 his
1513 3521 1946 3599 EnneadibuS,
1977 3521 2281 3608 siquidem
2321 3546 2535 3588 verum
2567 3524 2726 3590 vidit

1034 3650 1301 3714 magnus
1339 3626 1877 3704 HemsterhusiuS‚
1917 3626 2027 3713 qui
2071 3625 2151 3690 ad
2202 3626 2458 3691 Luciani
2508 3629 2721 3693 Somn.

1037 3734 1093 3815 ξ.
1139 3733 1199 3794 8.
1259 3754 1323 3818 p.
1367 3751 1462 3794 11.
1527 3728 1797 3794 Amstel.
1845 3752 1904 3817 p.
1949 3750 2006 3812 9.
2073 3729 2216 3816 Bip.
2274 3730 2408 3795 haec
2465 3730 2721 3818 posuit:

1038 3842 1080 3871 “
1113 3832 1354 3897 Eadem
1385 3856 1557 3896 mens
1589 3835 1837 3897 Senecae
1868 3834 2173 3897 Controv.
2208 3835 2281 3897 V.
2311 3836 2418 3920 36.
2463 3857 2528 3921 p.
2556 3834 2721 3919 387:

1039 3936 1190 3999 Non
1220 3937 1383 3998 vidit
1412 3936 1679 3998 Phidiae
1706 3936 1926 3999 Jovem
1960 3938 2071 3999 διο.
2103 3936 2345 4023 dig-nus
2379 3946 2586 4000 tamen
2615 3938 2730 4001 illa

1038 4049 1175 4102 arte
1203 4040 1456 4101 animus
1484 4047 1542 4101 et
1570 4040 1845 4124 concepit
1881 4038 2024 4100 deos
2063 4048 2121 4102 et
2159 4039 2475 4103 exhibuit.-
2525 4041 2726 4120 ἔδειξε.

1042 4139 1435 4205 Simillimum
1479 4139 1634 4203 illud
1686 4138 1950 4204 Plotini:
2000 4140 2207 4204 ἔπειτα
2249 4140 2395 4227 (leg.
2429 4143 2726 4229 ἔπλασεν)

1042 4249 1074 4307 6
1121 4251 1196 4308 Φ.
1241 4270 1289 4307 τ.
1341 4251 1417 4308 Δ.
1466 4269 1564 4324 πρ.
1612 4243 1736 4307 οὐδ.
1784 4244 1941 4306 αῑσθ.
1990 4242 2258 4321 ποιήσας,
2310 4247 2472 4309 ἀλλὰ
2517 4247 2731 4325 λαβὼν

1043 4345 1429 4427 (addendum
1463 4345 1713 4410 omnino
1745 4344 1992 4409 videtur
2016 4348 2126 4431 νῷ)
2151 4347 2275 4413 οἶος
2303 4346 2378 4410 ἂν
2405 4346 2729 4430 γένοιτο-

1040 4450 1359 4533 φανῆναι.”
1406 4451 1566 4513 Haec
1599 4448 2131 4513 Hemsterhusius
2181 4450 2488 4513 Neutram
2520 4465 2729 4515 tamen

1039 4553 1360 4618 lectionem
1408 4567 1581 4616 tanto
1625 4552 1759 4616 viro
1803 4551 2224 4639 dignissimam
2272 4553 2400 4616 sine
2442 4552 2727 4617 codicum

1039 4654 1405 4721 auctoritate
1433 4654 1495 4718 in
1526 4654 1802 4718 ordinem
1835 4653 2106 4742 recipere
2134 4655 2267 4719 ausi
2299 4677 2533 4719 sumuS.
2617 4656 2729 4721 Ad

1039 4781 1170 4822 eam
1203 4756 1691 4821 emendationem
1730 4755 2095 4821 vertendum
2127 4755 2280 4822 erit:
2317 4759 2550 4823 Pina-it
2580 4759 2730 4823 Phi-

1039 4861 1173 4926 dias
1201 4863 1428 4925 Jovem
1459 4882 1582 4924 non
1613 4859 1719 4938 ita,
1751 4874 1821 4923 ut
1850 4882 1992 4923 eum
2039 4858 2120 4923 ad
2166 4859 2448 4924 sensibile
2490 4861 2728 4949 aliquid

1038 4964 1325 5040 efficeret,
1357 4964 1463 5027 sed
1497 4972 1692 5026 mente
1722 4961 2070 5049 conciperet
2100 4961 2301 5048 qualis
2335 4962 2593 5027 futurus
2635 4989 2727 5028 es-

1042 5084 1133 5132 set
1176 5081 1289 5132 etc.
1396 5067 1540 5130 Hoc
1588 5080 1967 5152 postremum
2012 5064 2300 5149 congruit
2336 5088 2481 5128 cum
2530 5067 2733 5132 verbis

1046 5170 1317 5236 Platonis
1344 5170 1406 5233 in
1439 5169 1679 5234 Timaeo
1721 5192 1783 5255 p.
1822 5186 1920 5252 29.
1947 5169 2057 5231 A:
2104 5169 2253 5231 οὕτω
2298 5168 2367 5246 δὴ
2411 5171 2730 5250 γεγενημέ-

2800 1150 3031 1238 aliquo,
3090 1152 3267 1238 quasi
3327 1151 3534 1239 imago
3590 1150 3997 1238 exprimatur,
4057 1151 4232 1239 quod
4291 1174 4493 1237 neque

2800 1254 3015 1331 oculis,
3047 1277 3250 1341 neque
3291 1253 3573 1332 auribuS,
3610 1276 3815 1339 neque
3860 1252 3989 1317 ullo
4032 1275 4215 1317 sensu
4258 1253 4496 1340 percipi

2801 1371 3039 1444 potest:
3087 1355 3460 1444 cogitatione
3503 1372 3749 1421 tantum
3779 1371 3842 1420 et
3887 1370 4095 1420 mente
4137 1355 4494 1443 complecti-

2804 1462 3188 1524 mur.—Nec
3217 1482 3363 1525 vero
3405 1458 3509 1524 ille
3551 1459 3773 1524 artifex
3808 1459 4129 1543 (Phidias)
4160 1482 4359 1546 quum
4403 1458 4496 1523 fa-

2802 1580 2966 1628 ceret
2992 1563 3174 1628 Jovis
3216 1564 3480 1627 formam
3523 1578 3635 1627 aut
3675 1561 4004 1640 Minervae,
4038 1562 4498 1650 contemplaba-

2805 1685 2909 1731 tur
2951 1665 3246 1754 aliquem,
3287 1689 3322 1730 e
3364 1689 3493 1753 quo
3535 1664 3998 1730 similitudinem
4042 1665 4337 1739 duceret;
4387 1666 4496 1731 sed

2802 1768 2995 1857 ipsius
3045 1770 3107 1832 in
3158 1785 3362 1834 mente
3411 1767 3717 1833 insidebat
3776 1768 4008 1856 species
4058 1767 4500 1857 pulcritudinis

2802 1872 3029 1937 eximia
3056 1872 3369 1959 quaedam,
3392 1894 3580 1958 quam
3610 1871 3879 1950 intuenS,
3909 1871 3973 1935 in
4004 1895 4202 1958 eaque
4231 1870 4495 1951 defixus,

2802 1978 2883 2043 ad
2921 1977 3087 2042 illius
3126 1976 3587 2041 similitudinem
3632 1991 3826 2041 artem
3875 1994 3938 2043 et
3980 2000 4234 2042 manum
4275 1977 4500 2067 dirige-

2804 2081 2972 2146 bat.”
3058 2078 3198 2144 Alia
3242 2079 3548 2166 congessit
3592 2080 3956 2144 Hemsterh.
3998 2079 4038 2144 l.
4070 2079 4115 2144 l.
4163 2081 4226 2145 in
4267 2083 4498 2169 quibus

2805 2183 2976 2272 quod
3009 2184 3087 2248 de
3117 2182 3427 2271 Propertii
3470 2183 3639 2264 (ΙΙΙ.
3672 2200 3731 2261 7.
3776 2186 3901 2268 15.)
3936 2183 4196 2248 lectione
4225 2183 4496 2265 dubitat,

2805 2310 2940 2353 eam
2980 2287 3068 2351 ita
3109 2286 3328 2373 refingi
3363 2286 3550 2374 jubet
3592 2284 3791 2372 Sillig.
3831 2286 3894 2350 in
3938 2285 4245 2375 Catalogo
4274 2288 4496 2353 Artifi-

2807 2415 2947 2457 cum
2981 2415 3046 2479 p.
3069 2411 3198 2477 342
3227 2415 3242 2454 ε

2889 2514 2929 2537 “
2962 2505 3227 2563 Phidiaco
3257 2501 3392 2580 (pro
3421 2504 3752 2577 Phidiacus)
3781 2504 3948 2582 signo
3986 2523 4048 2563 se
4073 2507 4306 2584 Jupiter
4333 2519 4503 2566 ornat

3047 2602 3307 2662 eburno”

2809 2698 2995 2778 Quod
3025 2699 3190 2764 idem
3219 2698 3322 2762 ille
3352 2698 3830 2763 Homericorum
3864 2721 4155 2763 versuum
4197 2700 4499 2779 meminit,

2809 2801 2976 2867 unde
3007 2801 3264 2867 Phidias
3290 2801 3465 2868 Jovis
3492 2801 3588 2865 sui
3619 2801 3880 2888 speciem
3912 2800 4165 2867 duxerit
4197 2802 4418 2884 (Iliad.
4441 2832 4496 2869 a.

2805 2907 2989 2991 528.)
3022 2904 3283 2969 eandem
3312 2926 3443 2969 rem
3474 2927 3674 2992 nuper
3716 2903 3896 2991 attigi
3927 2903 4007 2968 ad
4042 2905 4280 2970 Stuarti
4310 2907 4500 2971 Anti-

2808 3008 2991 3096 quitt.
3050 3008 3333 3073 Athenn.
3394 3007 3530 3071 Vol.
3577 3009 3626 3072 1.
3686 3032 3752 3096 p.
3796 3024 3946 3093 549.
4005 3031 4163 3073 vert-3.
4223 3032 4500 3095 german.

2811 3110 2998 3189 Quod
3028 3111 3297 3198 denique
3329 3109 3846 3175 Hemsterhusius
3878 3109 4091 3175 Suidae
4119 3110 4257 3176 haec
4284 3111 4502 3177 laudat

2813 3215 2903 3297 (in
2931 3215 3218 3295 Ἰάκωβος
3247 3215 3443 3298 ἰατρὸς
3474 3215 3574 3281 11.
3608 3239 3675 3303 p.
3701 3215 3804 3279 88.
3837 3216 4167 3300 Kuster.):
4216 3218 4367 3280 οὕτω
4408 3219 4504 3280 καὶ

2810 3322 3055 3384 Φειδίαν
3099 3323 3496 3384 ἐνθουσιῶντα
3540 3325 3912 3401 δημιουργεῖν
3954 3321 4106 3384 οὕτω
4152 3321 4249 3384 καὶ
4295 3325 4506 3399 Ζεῦξιν

2814 3422 3059 3498 εἰκάζειν
3087 3426 3162 3486 τᾶ
3191 3421 3541 3504 ἆγάλματα;
3575 3420 3731 3486 illud
3762 3421 4056 3486 admonet
4085 3444 4185 3485 me
4214 3421 4504 3487 Themis-

2812 3525 2903 3602 tii,
2933 3525 3043 3612 qui
3074 3525 3137 3589 in
3168 3548 3371 3613 nuper
3398 3539 3644 3613 reperta
3689 3523 3965 3590 oratione
4009 3523 4088 3588 de
4119 3525 4507 3590 Praefectura

2811 3627 2996 3693 etiam
3054 3625 3301 3691 Phidioe
3360 3626 3709 3691 Zeuxidem
3759 3626 3975 3715 jungit
4007 3651 4022 3690 :
4097 3629 4192 3714 (p.
4237 3645 4343 3709 40.
4403 3627 4505 3691 ed.

2815 3730 3020 3795 Princ.
3064 3729 3401 3812 Mediol.):
3453 3731 3547 3795 καὶ
3592 3730 3699 3794 τὸν
3742 3731 3988 3794 Φειδίαν
4028 3731 4365 3811 τεθαύμακα
4408 3731 4505 3795 ἐπὶ

2812 3839 2892 3921 τῷ
2927 3833 3033 3898 Διῒ
3056 3837 3135 3921 τῷ
3166 3832 3421 3901 Πισέως·
3471 3834 3566 3897 καὶ
3594 3833 3700 3896 τὸν
3732 3834 4141 3915 Πολύγνωτον
4170 3834 4267 3897 ἐπὶ
4294 3837 4364 3914 τῇ
4397 3833 4502 3897 λέ-

2815 3962 2953 4022 σχῃ·
3002 3940 3097 4003 καὶ
3122 3938 3227 4003 τὸν
3256 3938 3520 4020 Μύρωνα
3560 3934 3655 4018 ἐφ’
3690 3938 3780 4000 ἑνὶ
3805 3939 4036 4022 βοϊδίῳ.
4086 3938 4274 4023 Πόσῳ
4314 3938 4504 4002 πλείω

2815 4045 2889 4106 τὰ
2917 4042 3212 4109 Πάσωνος
3255 4042 3402 4123 ἔργα
3443 4046 3562 4104 τῶν
3601 4042 3876 4119 Ζεύξιδος
3915 4038 3952 4119 ἢ
3996 4045 4113 4103 τῶν
4157 4044 4503 4113 Ἀπελλοΰς

2814 4146 2902 4211 τίς
2929 4144 3034 4208 οὖν
3062 4144 3131 4208 οὐ
3157 4146 3409 4227 προτιμᾷ
3433 4141 3704 4207 πινάκων
3729 4143 3796 4207 ἓν
3819 4144 4070 4206 ἐκείνοιν
4090 4147 4220 4206 τοῖν
4243 4145 4504 4223 ἀνδροῖν,

2812 4246 2850 4328 ἢ
2878 4252 3081 4312 πᾶσαν
3108 4250 3256 4328 ὁμοῦ
3282 4248 3389 4327 τὴν
3418 4246 3713 4314 Πάσωνος
3740 4244 3980 4329 τέχνην.
4023 4244 4138 4309 Ad
4160 4267 4306 4330 quae
4329 4246 4505 4332 Aug.

2816 4350 3064 4414 Maius:
3099 4358 3143 4388 ‘⁶
3162 4349 3419 4437 Jupiter
3439 4348 3679 4413 Pisaeus
3703 4347 3910 4412 dictus
3937 4346 4124 4412 etiam
4152 4346 4504 4435 Olympius

2815 4451 2959 4517 Vid.
2983 4450 3148 4515 Plin.
3172 4453 3263 4516 H.
3281 4453 3368 4515 N.
3392 4450 3655 4515 XXXI
3667 4452 3736 4515 V.
3765 4470 3864 4534 19.
3914 4449 4304 4514 Themistius
4325 4452 4507 4515 Orat.

2820 4556 3013 4619 XVI.
3048 4577 3113 4642 p.
3142 4572 3288 4618 202.
3320 4556 3399 4619 B.
3437 4553 3648 4619 scribit
3677 4555 3958 4639 Πισσαίῳ
3986 4568 4051 4617 at
4080 4552 4181 4617 hic
4211 4552 4510 4619 Πισέως.”

2817 4657 3025 4723 Possis
3066 4656 3252 4721 etiam
3283 4658 3479 4738 Πίσης
3505 4656 3604 4721 vel
3635 4656 3974 4731 Πισάτιδος,
4009 4655 4127 4720 nisi
4171 4654 4348 4720 malis
4391 4660 4505 4719 Πι-

2818 4766 2983 4826 σαιεῖ
3003 4783 3080 4824 ex
3115 4759 3334 4846 Steph.
3367 4761 3525 4847 Byz.
3573 4761 3633 4823 in
3679 4782 3851 4824 voce.
3943 4758 4083 4822 vid.
4117 4757 4503 4823 Meletemm.

2817 4877 3007 4928 nostr.
3039 4862 3092 4926 Ι.
3124 4884 3187 4949 p.
3222 4883 3316 4947 19.
3350 4877 3478 4926 not.
3517 4882 3609 4947 13.
3703 4858 3953 4924 Deinde
3998 4859 4252 4924 Maius:
4304 4868 4348 4899 “
4372 4860 4506 4923 Pa-

2814 4968 2988 5030 eonia
3029 4987 3140 5031 seu
3169 4965 3490 5029 Pau-sonis
3534 4963 3793 5051 picturis
3834 4962 4157 5050 anteponit
4187 4961 4505 5050 Polygno-

2820 5084 2948 5133 teas
2989 5068 3174 5132 etiam
3223 5066 3591 5131 Aristoteles
3621 5065 3808 5132 Polit.
3837 5066 4039 5132 VIII.
4070 5086 4133 5151 5.
4194 5067 4373 5130 Poet.
4411 5066 4512 5130 2.”

2824 5171 2945 5236 Sed
3000 5169 3337 5235 Aristotele
3386 5170 3450 5234 in
3504 5169 3691 5235 Polit.
3746 5168 3991 5233 dudum
4043 5182 4137 5233 est
4193 5167 4508 5233 redditum

1045 5302 1143 5343 νος
1194 5274 1341 5358 πρὸς
1386 5274 1454 5338 τὸ
1502 5275 1666 5357 λόγῳ
1719 5271 1812 5335 καὶ
1864 5269 2155 5353 φρονήσει
2204 5273 2584 5352 περιληπτὸν,
2642 5275 2737 5338 καὶ
2821 5275 3152 5341 Παύσωνος
3188 5295 3305 5361 pro
3334 5273 3628 5340 Πάσωνος
3673 5270 3828 5352 (vid.
3861 5269 4230 5357 Goettlingii
4267 5271 4511 5336 Annot.

1045 5384 1192 5446 κατὰ
1219 5380 1405 5444 ταύτᾶ
1434 5379 1579 5462 ἔχον
1608 5377 2105 5458 δεδημιούργηται.
2199 5377 2276 5439 In
2324 5374 2504 5439 simili
2543 5401 2731 5464 argu-

1046 5499 1255 5550 mento
1299 5482 1461 5548 idem
1497 5482 1592 5567 (in
1626 5478 1946 5546 Phaedone
1973 5501 2037 5565 p.
2063 5494 2166 5562 75.
2189 5477 2287 5562 b.)
2322 5496 2584 5567 usurpat
2625 5489 2730 5545 λα·

2821 5401 2886 5465 p.
2935 5380 3116 5463 457.)
3176 5392 3238 5440 et
3302 5375 3364 5439 in
3428 5374 3822 5463 MetaphySS.
3871 5375 4072 5438 VIII.
4123 5394 4184 5455 9.
4248 5396 4316 5460 p.
4366 5374 4511 5456 187.

2825 5479 3111 5547 Brandis.
3144 5478 3313 5559 item,
3342 5501 3461 5566 pro
3490 5479 3866 5552 Πάσσωνος;
3918 5493 3986 5542 ut
4029 5475 4286 5564 proinde
4328 5475 4520 5542 etiam
