5118 6613
1137 581 1265 646 2¹4

1138 733 1403 801 Conviv.
1433 757 1496 820 p.
1515 748 1675 818 947:
1723 753 1911 820 quem
1941 730 2149 796 locum
2180 729 2482 819 expilavit
2507 730 2831 796 Scholiast.

1139 836 1406 904 Hesiodi
1444 837 1508 901 in
1551 836 1714 902 cod.
1764 832 2383 911 Schellershemiano,
2415 833 2545 898 sine
2575 833 2702 898 ulla
2729 857 2836 898 va-

1137 940 1335 1005 riante
1364 939 1652 1019 lectione,
1684 936 1800 1002 nisi
1828 937 2002 1025 quod
2033 935 2239 1001 omisit
2268 938 2422 1004 ὅλως
2447 936 2612 1001 inter
2638 937 2835 1001 πάντα

1135 1059 1198 1108 et
1244 1047 1319 1108 τὰ
1368 1045 1551 1109 ἐκτός.
1646 1040 2167 1130 Theophylactus
2223 1039 2287 1103 in
2348 1039 2613 1104 Meursii
2658 1041 2828 1129 Opp.

1135 1146 1279 1212 Vol.
1316 1147 1514 1211 VIII.
1548 1169 1613 1234 p.
1647 1146 1793 1232 981.
1826 1143 2010 1210 etiam
2052 1143 2251 1209 active
2295 1155 2601 1231 usurpat;
2648 1143 2697 1207 si
2744 1143 2835 1207 lo-

1134 1274 1247 1316 cus
1274 1273 1502 1314 sanus:
1550 1251 1614 1314 τί
1652 1249 1762 1328 τὴν
1799 1243 2074 1331 γλῶτταν
2114 1246 2349 1330 ἐπέχεις
2397 1247 2493 1311 καὶ
2529 1247 2835 1314 ἆποποιεῖς

1137 1358 1250 1418 σοῦ
1282 1357 1357 1419 τὰ
1397 1352 1655 1434 πάτριας
1707 1351 2002 1414 Ceterum
2052 1348 2211 1413 hanc
2255 1347 2531 1413 fabulam
2577 1349 2657 1413 ab
2701 1348 2835 1414 aliis

1137 1479 1394 1543 quoque
1422 1454 1502 1519 ad
1549 1468 1834 1518 naturam
1878 1453 2224 1516 animarum
2258 1451 2835 1538 vicissitudinesque

1136 1557 1534 1646 explicandas
1552 1580 1683 1620 esse
1699 1554 2041 1620 adhibitam
2061 1570 2337 1642 arguunt
2354 1554 2587 1619 scholia
2608 1556 2836 1620 Graeca

1138 1661 1202 1724 in
1236 1658 1500 1724 Hesiodi
1528 1657 1702 1741 Ἐργ.
1733 1680 1796 1722 v.
1827 1674 1929 1740 47.
1967 1671 2031 1721 et
2059 1680 2195 1744 sqq.
2242 1656 2387 1721 vid.
2418 1655 2608 1722 modo
2634 1680 2699 1744 p.
2724 1658 2828 1738 64.

1139 1762 1244 1829 ed.
1278 1760 1600 1827 Gaisford.
1663 1759 1842 1825 Alias
1869 1759 2311 1847 explicationes
2327 1771 2649 1824 tentarunt
2683 1757 2833 1823 Plu-

1139 1865 1337 1930 tarch.
1369 1864 1449 1929 de
1476 1861 1845 1927 Audiendd.
1877 1869 2071 1950 poett.
2097 1884 2163 1949 p.
2205 1880 2308 1947 23.
2343 1863 2419 1925 F.
2451 1883 2518 1949 p.
2555 1860 2656 1925 88.
2690 1884 2831 1948 sqq.

1139 1969 1352 2055 Wytt.
1398 1964 1697 2029 Julianus
1740 1966 1917 2030 Orat.
1968 1965 2086 2029 VI.
2134 1986 2201 2052 p.
2239 1984 2381 2048 194.
2443 1963 2835 2029 Themistius

1139 2071 1318 2135 Orat.
1354 2068 1669 2133 XXVII.
1702 2090 1763 2155 p.
1797 2067 1946 2153 338.
2000 2066 2434 2155 Olympiodor.
2475 2065 2538 2130 in
2584 2065 2832 2131 Platon.

1139 2173 1445 2261 Gorgiam
1482 2170 1616 2258 (qui
1647 2170 1830 2235 etiam
1863 2170 1944 2235 de
1974 2170 2331 2235 Animabus
2373 2169 2616 2257 accipit.
2706 2171 2831 2234 Lo·

1137 2297 1282 2340 cum
1335 2273 1605 2360 Anglice
1649 2295 1898 2337 versum
1935 2271 2222 2337 exhibuit
2271 2271 2515 2359 Taylor
2561 2271 2643 2335 ad
2690 2270 2751 2336 b.
2786 2270 2828 2336 l.

1141 2377 1403 2459 Plotini)
1445 2375 1566 2441 alii.
1657 2377 1905 2440 Novam
1934 2390 2143 2440 autem
2188 2397 2320 2439 esse
2364 2373 2597 2439 Plotini
2631 2374 2829 2462 expli·

1133 2481 1437 2547 cationem
1471 2478 1780 2567 intelligas
1807 2501 1884 2544 ex
1915 2478 2163 2567 epilogo
2187 2477 2252 2541 in
2280 2477 2403 2541 fine
2430 2475 2625 2565 hujus
2667 2476 2835 2565 capi-

1135 2599 1232 2649 tls.

1217 2710 1283 2775 p.
1314 2700 1388 2770 71
1406 2707 1463 2764 1,
1484 2685 1724 2750 8.Ἴασι
1745 2686 1810 2749 δὲ
1835 2685 2173 2766 ἕκκύψασαι
2195 2687 2300 2747 τοῦ
2315 2683 2576 2768 vom-027]
2613 2683 2691 2747 In
2709 2680 2835 2767 gri-

1134 2790 1264 2878 pho
1291 2812 1395 2876 ap.
1429 2786 1659 2852 Athen.
1691 2786 1774 2850 X.
1813 2809 1875 2873 p.
1905 2802 2056 2871 455.
2089 2787 2174 2850 Ε.
2206 2808 2273 2874 p.
2313 2803 2452 2867 171.
2488 2783 2779 2870 Schwgh.
2810 2808 2825 2848 z

1137 2895 1373 2972 ὄμματα
1408 2889 1455 2953 τ’
1502 2892 1861 2954 ἐκκύπτοντα
1904 2887 1952 2952 κ’
2000 2889 2408 2953 εἰσκύπτοντα.
2502 2889 2623 2952 Est
2665 2887 2832 2952 foras

1131 2993 1510 3082 prospicere,
1549 3005 1742 3078 caput
1782 2989 2121 3077 oculosque
2164 3013 2466 3069 exserere,
2495 3005 2558 3056 et
2600 2992 2833 3079 promi-

1134 3118 1299 3160 nere.
1388 3096 1493 3159 Ac
1549 3090 2080 3181 quemadmodum
2128 3094 2484 3157 ἀνακύπτειν
2532 3092 2830 3159 dicuntur

1133 3197 1380 3276 animae,
1421 3220 1566 3283 quae
1609 3219 1688 3261 ex
1731 3195 1848 3260 hac
1891 3217 2098 3260 rerum
2144 3194 2522 3260 sensibilium
2569 3195 2831 3284 caligine

1136 3328 1200 3368 se
1243 3301 1309 3367 in
1353 3300 1549 3367 altum
1579 3298 1811 3366 tollunt
1850 3314 1914 3366 et
1956 3298 2132 3386 quasi
2187 3314 2378 3387 caput
2424 3314 2722 3364 exserunt
2763 3299 2827 3364 in

1135 3405 1412 3472 veritatis
1454 3404 1651 3470 lucem
1702 3403 1992 3487 (docente
2023 3401 2516 3489 Wyttenbachio
2558 3402 2640 3467 ad
2686 3402 2831 3468 Pla-

1136 3527 1264 3576 ton.
1300 3509 1604 3575 Phoedon.
1655 3533 1715 3597 p.
1751 3527 1903 3594 302.
1949 3506 2112 3572 adde
2152 3505 2451 3571 Eustath.
2485 3505 2547 3570 in
2596 3506 2827 3594 Odyss.

1132 3641 1196 3698 χ.
1231 3631 1307 3700 23
1312 3630 1376 3699 5.
1409 3636 1501 3700 sq.
1532 3636 1601 3700 p.
1633 3632 1784 3697 393.
1814 3634 1905 3699 sq.
1938 3609 2257 3675 Basil.—:
2308 3609 2461 3675 κάτω
2506 3611 2830 3693 βρίθοντας

1135 3718 1231 3781 καὶ
1252 3719 1608 3782 ἀνακύπτειν
1636 3717 1741 3780 οὐκ
1769 3715 2074 3799 ἔχοντας);
2107 3713 2196 3777 ita
2212 3736 2353 3777 raro
2381 3712 2526 3777 satis
2557 3735 2676 3776 usu
2706 3736 2825 3777 eae-

1131 3817 1273 3883 dem
1309 3820 1613 3885 ἑκκύπτειν
1642 3817 1962 3894 dicuntur,
1994 3816 2248 3904 quando
2276 3839 2352 3880 ex
2383 3815 2491 3880 illo
2529 3814 2827 3902 penetrali

1132 3920 1327 3985 divini
1356 3919 1671 3997 domicilii,
1702 3919 1764 3983 in
1795 3943 1925 4006 quo
1950 3919 2255 3997 habitant,
2287 3919 2453 3983 foras
2479 3917 2658 4005 quasi
2690 3940 2830 4005 pro-

1134 4022 1404 4110 spiciunt
1434 4022 1747 4108 etiamque
1775 4021 2162 4108 procedunt;
2209 4045 2355 4107 quae
2377 4021 2682 4108 posterior
2709 4023 2829 4109 sig-

1138 4124 1408 4189 nificatio
1432 4137 1646 4188 nostro
1673 4122 1809 4188 loco
1836 4123 2238 4188 attribuenda
2282 4138 2396 4188 est.
2486 4125 2597 4188 Ad
2644 4148 2830 4212 argu-

1137 4243 1415 4292 mentum
1446 4226 1528 4291 cf.
1564 4227 1705 4291 111.
1741 4247 1802 4310 9.
1840 4245 1897 4291 2.
1937 4227 2050 4290 IV.
2088 4244 2145 4290 2.
2187 4246 2238 4289 1.
2275 4227 2395 4291 IV.
2425 4246 2489 4312 3.
2528 4246 2633 4292 20.
2666 4229 2744 4292 V.
2767 4246 2826 4308 7.

1141 4349 1242 4396 12.
1312 4329 1556 4395 Eadem
1589 4327 1893 4393 sententia
1922 4330 2153 4394 Noster
2168 4328 2329 4393 infra
2364 4330 2480 4393 IV.
2503 4352 2569 4410 4.
2589 4351 2654 4415 3.
2681 4357 2828 4413 προ-

1138 4436 1385 4517 κύψασα
1417 4431 1761 4520 usurpavit.
1808 4432 1950 4497 Vid.
1987 4434 2229 4497 Annot.
2258 4455 2323 4520 p.
2355 4452 2508 4518 399.
2539 4436 2630 4496 A.
2712 4435 2832 4497 Ce-

1135 4552 1339 4600 terum
1372 4535 1509 4599 haec
1536 4549 1599 4599 et
1644 4535 1964 4621 sequentia
2009 4535 2124 4600 loci
2168 4536 2360 4600 nostri
2389 4535 2468 4599 ad
2502 4535 2830 4600 Kantianae

1134 4637 1547 4726 philosophiae
1575 4660 1853 4703 normam
1881 4637 2076 4726 exigit
2101 4639 2533 4703 Tennemann.
2559 4637 2622 4702 in
2657 4638 2829 4702 Hist.

1137 4740 1502 4827 Philosoph.
1536 4742 1656 4805 VI.
1688 4765 1756 4829 p.
1797 4743 1932 4827 185.
1965 4765 2058 4826 sq.

1220 4880 1306 4894 —
1342 4863 1437 4908 12.
1486 4847 1583 4908 διὰ
1627 4844 1925 4926 βάρυνσιν
1974 4845 2069 4908 καὶ
2118 4842 2338 4931 λήθην]
2387 4844 2834 4909 Artemidorus

1141 4946 1507 5013 Oneirocrit.
1556 4946 1706 5009 Lib.
1755 4947 1815 5010 1.
1863 4970 1916 5010 c.
1971 4948 2068 5010 18.
2115 4968 2181 5033 p.
2228 4963 2326 5008 21.
2375 4968 2436 5032 p.
2476 4965 2583 5031 32.
2651 4947 2829 5011 Reiff.

1126 5048 1340 5139 jungit
1371 5050 1697 5131 βαρύνσεις
1719 5049 1814 5113 καὶ
1835 5050 2056 5131 ὕβρεις.
2151 5050 2253 5111 De
2280 5048 2607 5112 animabus
2621 5065 2829 5113 autem

1134 5154 1426 5237 βάρυνσις
1469 5151 1634 5215 idem
1681 5166 1795 5229 est,
1840 5149 2010 5237 quod
2056 5156 2265 5234 βρῖθος
2314 5174 2422 5215 seu
2478 5153 2829 5233 βριθοσύνῃ,

1134 5256 1433 5346 gravedO,
1467 5252 1740 5318 materiae
1779 5253 2050 5341 ponduS,
2079 5277 2209 5340 quo
2252 5253 2541 5317 deorsum
2576 5253 2833 5317 trahun-

1138 5376 1264 5425 tur.
1331 5357 1472 5422 Vid.
1508 5356 1695 5421 modo
1724 5355 2046 5420 laudatum
2095 5355 2415 5422 Eustathii
2461 5355 2690 5434 locum,
2724 5356 2831 5422 ubi

1140 5462 1293 5527 κάτω
1319 5463 1556 5545 βρίθειν
1584 5476 1647 5525 et
1678 5462 2035 5525 ἀνακύπτειν
2061 5460 2369 5524 contraria
2397 5475 2562 5525 sunt.

1223 5601 1308 5615 —
1345 5584 1441 5650 13.
1485 5561 1524 5644 ἢ
1581 5563 1870 5644 σωμάτων
1927 5564 2011 5632 εἷς
2060 5561 2101 5627 ἃ
2147 5564 2557 5648 ἑνεκρίθησαν]
2625 5563 2832 5648 Supra

2110 557 2949 626 ANNOTATIONES
3018 556 3131 622 IN
3198 555 3637 622 PLOTINI

2918 728 3166 794 dixerat
3194 732 3278 797 εἷς
3305 730 3553 809 σώματα
3581 729 4036 809 εἰσκρινόμεναι.
4109 729 4472 818 Utrobique
4497 752 4603 795 au-

2919 846 3045 898 tem
3074 848 3188 912 est,
3220 832 3282 896 in
3312 854 3573 920 corpora
3600 831 3844 918 ingredi
3866 849 3929 897 et
3957 831 4222 897 admitti.
4298 834 4607 896 Nonnun-

2918 961 3109 1025 quam
3155 954 3519 1024 oorruptum
3567 935 3879 1023 reperitur
3919 935 4075 1000 illud
4120 936 4402 1000 verbum.
4468 935 4606 1000 Vid.

2920 1040 3130 1106 Reisk.
3149 1055 3213 1105 et
3243 1039 3554 1127 Leopold.
3587 1038 3667 1103 ad
3700 1038 4019 1104 Plutarchi
4043 1039 4327 1128 Lycurg.
4349 1040 4601 1104 XVIII.

2918 1164 2980 1231 3.
3013 1166 3080 1231 p.
3110 1144 3256 1208 226.
3290 1141 3600 1229 Leopold.
3667 1142 4103 1230 Corruptelarn
4151 1142 4410 1208 traxisse
4438 1142 4601 1207 vide-

2921 1263 3027 1313 tur
3068 1248 3253 1312 etiam
3291 1245 3354 1311 in
3389 1246 3484 1328 (h.
3507 1244 3553 1310 l.
3585 1245 3868 1311 Philonis
3902 1246 4111 1312 Judaei
4146 1248 4306 1334 Leg.
4339 1245 4603 1333 Allegor.

2922 1350 3062 1415 III.
3094 1373 3160 1437 p.
3190 1352 3341 1438 384.
3375 1347 3566 1413 Pfeif.
3614 1349 4020 1417 Φινεὲς-τὸν
4048 1349 4448 1431 σειρομάστην
4475 1374 4601 1413 του-

2919 1452 3087 1517 τέστι
3115 1452 3222 1517 τὸν
3248 1452 3569 1532 ζηλωτικὸν
3597 1453 3788 1534 λόγον
3816 1454 4029 1530 λαβὼν
4051 1452 4158 1517 οὐκ
4187 1451 4604 1532 ἀποστήσεται,

2918 1556 3059 1638 πρὶν
3086 1553 3123 1635 ἢ
3160 1558 3507 1635 ἐκκεντῆσαι
3547 1555 3656 1635 τὴν
3686 1560 4042 1620 Μαδιανῖτιν
4069 1555 4176 1635 τὴν
4222 1553 4607 1637 ἐγκεκρυμμέ-

2920 1683 3030 1738 νην
3060 1660 3198 1745 θείῳ
3219 1663 3380 1745 Χορῷ
3410 1660 3616 1738 φύσιν.
3649 1662 3747 1723 διὰ
3784 1663 3886 1739 τῆς
3911 1657 4130 1741 μήτρας
4159 1661 4351 1739 αὐτῆς.
4382 1661 4483 1723 ἵνα
4507 1686 4610 1740 μη-

2919 1760 3131 1825 δέποτε
3177 1763 3398 1845 ἰσχύσῃ
3441 1761 3632 1844 φυτὸν
3670 1759 3708 1841 ἢ
3754 1761 3991 1844 σπέρμα
4035 1764 4235 1829 κακίας
4277 1764 4606 1826 ἀνατεῖλαι·

2920 1866 3285 1953 Mangeyus
3327 1865 3466 1930 vult
3524 1865 4031 1949 ἐγγεγραμμένην,
4081 1865 4189 1931 sed
4234 1880 4297 1930 et
4342 1865 4611 1952 vestigiis

2918 1966 3245 2054 scripturae
3272 1982 3334 2033 et
3363 1966 3667 2032 vocabulo
3703 1972 3864 2055 χορῷ
3893 1968 4419 2034 accommodatius
4448 1968 4611 2033 vide-

2920 2085 3026 2134 tur
3055 2069 3489 2153 ἑγκεκριμένην,
3512 2093 3654 2158 qma
3679 2072 3961 2135 admissa
3987 2080 4096 2136 est.

3004 2196 3070 2260 p.
3102 2188 3252 2256 712,
3293 2193 3390 2237 10.
3434 2175 3654 2248 πενίαι,
3702 2171 3740 2254 ἢ
3780 2175 3976 2260 νόσοι]
4049 2173 4154 2239 Cf.
4199 2174 4302 2238 II.
4347 2192 4408 2259 3.
4443 2173 4500 2238 8.
4548 2189 4609 2238 et

2918 2274 3259 2364 proesertim
3294 2275 3437 2340 111.
3473 2295 3533 2341 2.
3563 2292 3628 2361 5.
3659 2275 3812 2364 ibiq.
3841 2291 4051 2341 annot.
4083 2299 4148 2362 p.
4187 2276 4333 2360 258.
4366 2276 4448 2341 F.

3003 2416 3091 2429 —
3127 2378 3226 2443 18.
3274 2379 3339 2442 ἔκ
3374 2384 3494 2442 τῶν
3520 2380 3786 2462 πρόσθεν
3817 2381 4082 2463 ἐχόντων
4122 2379 4230 2458 τὴν
4274 2380 4597 2464 δικαίωσιν]

2920 2482 3084 2545 Cum
3115 2503 3193 2544 ex
3222 2480 3733 2546 antecedentibus
3761 2481 4024 2567 justitiae
4061 2481 4415 2570 opinionem
4453 2482 4607 2564 (sive

2906 2581 3172 2671 justitiae
3228 2582 3724 2669 excusationem)
3779 2583 4071 2661 habeant,
4132 2584 4175 2649 i.
4207 2607 4264 2649 e.
4312 2600 4601 2671 tanquam

2906 2685 3080 2773 juste
3107 2684 3273 2749 facta
3313 2683 3564 2750 defendi
3606 2685 3863 2773 possint.
3957 2688 4062 2751 De
4088 2686 4153 2751 vi
4180 2687 4351 2752 vocis
4378 2690 4600 2754 δικαίω-

2916 2813 3011 2855 σις
3037 2786 3284 2852 dicendi
3312 2788 3510 2852 otium
3548 2789 3727 2854 nobis
3754 2789 3901 2855 fecit
3931 2790 4380 2877 Wyttenbach.
4418 2812 4601 2878 quem

2915 2887 3107 2975 legito
3141 2889 3206 2952 in
3245 2889 3633 2956 Animadvv.
3662 2891 3730 2956 in
3760 2890 4086 2957 Plutarch.
4116 2891 4197 2957 de
4228 2894 4511 2958 Fortuna
4539 2916 4598 2980 p.

2999 3116 3065 3182 p.
3099 3110 3245 3180 713,
3273 3113 3329 3157 1.
3377 3093 3778 3183 κεχαλάσθαι]
3830 3094 3930 3159 De
3957 3093 4076 3159 hoc
4098 3094 4291 3159 verbo
4318 3095 4478 3162 adde
4504 3095 4600 3175 iis,

2914 3219 3060 3284 quae
3112 3196 3301 3262 habet
3351 3197 3572 3285 Steph.
3616 3196 3979 3262 Thesaurus
4030 3197 4213 3284 Valp.
4267 3220 4330 3284 p.
4380 3218 4605 3278 10400.

2915 3323 3010 3387 sq.
3038 3314 3252 3364 annot.
3292 3313 3565 3365 nostram
3611 3298 3673 3364 in
3724 3298 4015 3366 Proclum
4060 3300 4124 3365 in
4163 3300 4376 3367 Alcib.
4413 3325 4507 3390 pr.
4537 3325 4601 3389 p.

2913 3424 3021 3485 41.
3069 3427 3159 3491 sq.
3204 3404 3288 3469 cf.
3329 3403 3535 3469 Procli
3584 3405 3746 3470 Inst.
3794 3403 4018 3469 Theol.
4065 3428 4124 3469 c.
4170 3423 4312 3471 122.
4356 3428 4422 3493 p.
4461 3421 4598 3489 179.

2919 3505 3392 3571 Substantivum
3424 3506 3685 3591 χάλασις
3711 3507 3940 3595 legitur
3966 3507 4130 3573 infra
4162 3509 4277 3573 IV.
4306 3529 4374 3591 4.
4398 3525 4505 3594 45.

2998 3644 3087 3656 -
3124 3627 3218 3671 11.
3253 3606 3399 3672 Ὅτι
3441 3610 3506 3672 δὲ
3553 3611 3621 3673 ἐκ
3665 3614 3772 3673 τοῦ
3818 3614 4031 3689 νοητοῦ
4077 3613 4160 3678 εἷς
4201 3610 4310 3690 τὴν
4352 3612 4600 3693 οὐρανοῦ

2911 3711 3076 3774 ἴασιν
3096 3713 3160 3774 αῖ
3173 3711 3370 3794 ψυχαὶ
3386 3710 3455 3774 τὸ
3476 3716 3711 3792 πρῶτον
3731 3713 3964 3800 χώραν]
4015 3711 4407 3800 Singularem
4428 3712 4597 3778 exhi-

2910 3811 3187 3878 buerunt
3216 3812 3468 3900 plurimi
3497 3828 3562 3876 et
3597 3813 3816 3899 optimi
3850 3814 4053 3879 Codd.
4096 3816 4307 3880 nostri.
4397 3816 4602 3902 Atque

2915 3915 3021 3980 ubi
3054 3915 3195 3980 libri
3228 3917 3426 3981 MSS.
3461 3938 3583 3980 non
3616 3917 3863 3981 diversa
3889 3935 4145 4005 cogunt,
4177 3919 4239 3983 in
4273 3917 4604 3984 Platonicis

2913 4032 2976 4082 et
3020 4017 3083 4081 in
3113 4016 3252 4106 ipso
3297 4016 3549 4082 Plotino
3588 4018 3934 4105 Singularis
3961 4021 4210 4104 οὐρανὸς
4236 4021 4606 4110 amplecten-

2913 4119 3034 4184 dus
3093 4120 3360 4185 videtur.
3450 4121 3531 4184 In
3588 4123 3999 4210 Septuaginta
4047 4124 4363 4211 inter-prr„
4424 4125 4605 4190 Novo

2912 4224 3313 4288 Testamento
3341 4237 3403 4287 et
3427 4223 3833 4310 scriptoribus
3862 4225 4310 4292 Ecclesiasticis
4342 4227 4605 4292 Pluralis

2911 4325 3317 4412 frequentior.
3407 4329 3509 4391 De
3540 4327 3796 4391 vocibus
3835 4329 4083 4411 οὐρανὸς
4134 4345 4197 4394 et
4238 4332 4458 4411 κόσμος
4501 4352 4600 4395 su-

2914 4451 3029 4516 pra
3085 4429 3323 4494 dictum
3369 4444 3463 4494 est
3518 4429 3598 4494 ad
3651 4453 3718 4518 p.
3772 4435 3878 4516 96.
3938 4434 4025 4497 A.
4144 4432 4394 4512 Quibus
4447 4432 4605 4498 adde

2917 4530 3183 4598 Dorvill.
3238 4531 3318 4597 ad
3372 4532 3672 4598 Chariton
3714 4557 3776 4621 p.
3809 4539 3955 4614 664.
3990 4558 4080 4621 sq.
4128 4535 4307 4623 Lips.
4339 4534 4436 4622 [p.
4462 4553 4601 4622 759.

2916 4635 3156 4721 Amst.]
3201 4633 3622 4718 Valckenaerii
3654 4635 3885 4701 Scholl.
3919 4636 3979 4700 in
4014 4639 4101 4701 N.
4127 4638 4215 4702 T.
4243 4639 4379 4703 Vol.
4416 4639 4515 4703 11.
4536 4662 4601 4727 p.

2916 4758 3019 4822 91.
3051 4761 3142 4825 sq.
3176 4761 3238 4826 p.
3269 4740 3420 4819 406.
3451 4763 3548 4826 sq.
3579 4754 3642 4804 et
3671 4762 3733 4826 p.
3760 4760 3911 4826 573.
3945 4740 4112 4805 Bibl.
4150 4741 4309 4805 Crit.
4333 4739 4597 4805 Amstel.

2915 4840 2998 4903 X.
3031 4863 3092 4927 p.
3125 4842 3233 4927 98.
3276 4856 3340 4905 et
3393 4841 3627 4905 Suiceri
3677 4841 3870 4905 Thes.
3919 4842 4159 4906 Eccles.
4213 4844 4310 4907 II.
4361 4860 4602 4931 p.519.

2916 4941 3240 5030 sqq.—Ad
3299 4960 3741 5030 argumentum
3800 4945 3992 5009 nostri
4050 4945 4166 5010 loci
4218 4946 4446 5011 adhibe
4495 4946 4607 5011 hos

2916 5045 3068 5110 alios
3094 5045 3295 5112 locos:
3334 5047 3407 5111 V.
3428 5067 3489 5132 5.
3516 5062 3572 5129 7.
3597 5048 3714 5111 VI.
3735 5063 3793 5130 7.
3818 5069 3927 5129 41.
3952 5050 4069 5114 VI.
4092 5051 4154 5114 8.
4190 5052 4287 5114 18.
4334 5048 4606 5115 Brucke-

2917 5173 3027 5214 rus
3054 5173 3133 5214 ex
3176 5165 3389 5215 nostro
3418 5148 3554 5215 loco
3595 5174 3806 5215 ansam
3848 5151 4111 5239 arripuit
4153 5152 4607 5239 reprehenden-

2915 5252 3139 5316 dorum
3182 5251 3671 5332 Platonicorum,
3694 5255 3928 5341 quibus
3956 5255 4056 5320 hic
4086 5255 4180 5319 vir
4209 5255 4462 5321 omnino
4489 5254 4603 5320 ini·

2916 5353 3099 5441 quior
3143 5367 3259 5432 est,
3289 5353 3578 5419 dictitans
3605 5355 3668 5419 in
3713 5356 3882 5422 Hist.
3932 5358 4086 5421 Crit.
4139 5357 4373 5422 Philos.
4407 5357 4508 5422 11.
4536 5380 4604 5445 p.

2913 5479 3064 5546 399.
3094 5458 3211 5524 hos
3248 5458 3652 5548 philosophos
3679 5460 3997 5526 eclecticos
4024 5484 4230 5549 neque
4266 5464 4330 5528 in
4376 5463 4605 5552 princi·

2916 5562 3034 5651 piis
3062 5561 3223 5627 inter
3252 5586 3317 5627 se
3359 5563 3725 5643 consentire,
3756 5577 3820 5629 et
3862 5563 3927 5628 in
3970 5563 4224 5653 reliquis
4256 5565 4605 5655 hypostasi—
