5118 6613
1061 585 1144 652 32

1058 739 1304 805 schedia
1330 753 1566 828 pereat,
1589 761 1716 804 non
1734 738 1909 826 quod
1937 762 2314 828 magnopere
2340 740 2582 805 intersit
2606 764 2740 806 eam

1056 842 1425 921 conservari,
1457 842 1565 906 sed
1594 841 1744 929 quia
1770 842 2035 930 puerilia
2061 843 2245 908 etiam
2275 843 2599 908 conamina
2632 866 2744 908 nos

1056 946 1119 1009 in
1166 946 1549 1034 provectiore
1592 961 1775 1010 aetate
1816 945 2145 1011 delectant.
2236 948 2381 1011 Non
2432 946 2744 1034 praestabo

1058 1064 1266 1114 autem
1288 1048 1570 1136 opusculi
1604 1072 1830 1126 naevos,
1856 1051 1905 1113 si
1927 1048 2068 1136 quis
2092 1048 2325 1114 venerit
2354 1064 2740 1123 accusatum:

1058 1152 1209 1240 quia
1237 1165 1480 1217 tantum
1521 1151 1575 1217 ei
1613 1152 1717 1216 vix
1758 1153 1989 1231 tribu0,
2022 1169 2094 1217 ut
2122 1152 2202 1218 de
2245 1152 2578 1241 scriptione
2620 1153 2745 1218 huc

1062 1255 1485 1320 transferendo
1513 1254 1732 1333 adsim,
1758 1255 1913 1343 quin
1941 1255 2226 1342 abjiciam
2263 1256 2475 1344 potius
2511 1255 2592 1320 de
2628 1280 2746 1320 cae-

1058 1372 1213 1435 tero‚
1242 1381 1432 1445 quam
1476 1358 1860 1423 defendam.”
1946 1360 2110 1423 Hoec
2138 1359 2458 1438 Barthius,
2490 1359 2600 1446 qui
2632 1358 2740 1423 Fi-

1058 1461 1179 1525 cini
1209 1461 1548 1526 versionem
1592 1483 1735 1525 cum
1780 1485 1893 1527 sua
1937 1483 2061 1526 non
2109 1462 2440 1527 contulisse
2467 1462 2741 1528 videtur.

1061 1562 1321 1651 Alioqui
1353 1564 1417 1628 in
1463 1564 1602 1628 libri
1646 1563 2041 1652 inscriptione
2082 1582 2247 1630 certe
2289 1588 2406 1653 pro
2418 1567 2745 1651 felicitate

1058 1668 1498 1732 beatitudinem
1528 1667 1846 1754 posuisset.
1938 1666 2063 1731 Sed
2092 1690 2205 1732 nec
2233 1667 2365 1755 ipse
2397 1667 2742 1748 MarsiliuS,

1034 1769 1153 1847 ⁸uti
1184 1793 1371 1856 supra
1402 1769 1691 1848 vidimus,
1722 1769 1785 1832 in
1815 1769 1912 1834 his
1940 1768 2196 1835 vocibus
2234 1770 2609 1858 usurpandis
2638 1794 2739 1836 us-

1058 1896 1431 1960 quequaque
1494 1872 1607 1936 sibi
1668 1876 2481 1959 constan—Argumentum
2550 1873 2742 1961 hujus

1056 1974 1196 2040 libri
1240 1976 1412 2063 quod
1457 1975 1697 2053 attinet,
1737 1997 1918 2039 nemo
1965 1975 2179 2056 nescit,
2215 1976 2347 2063 jam
2393 1976 2743 2063 antiquitus

1055 2078 1349 2165 agitatam
1379 2102 1509 2143 esse
1545 2078 1704 2143 hanc
1729 2078 2157 2165 quaestionem,
2187 2101 2375 2165 quam
2420 2079 2539 2144 hoc
2583 2079 2742 2145 libro

1056 2196 1393 2270 pertractat
1426 2181 1824 2269 Lycopolites
1851 2180 2177 2269 philowph
2187 2205 2273 2245 us.
2346 2184 2598 2270 Septem
2632 2185 2742 2247 Sa-

1055 2285 1335 2373 pientum
1365 2284 1481 2349 hac
1510 2284 1589 2350 de
1621 2307 1687 2348 re
1712 2284 2029 2371 disputata
2056 2283 2245 2348 fuisse
2287 2284 2545 2372 antiqua
2572 2285 2742 2350 fama

1053 2388 1311 2453 ferebat.
1402 2388 1546 2452 vid.
1598 2387 1852 2454 Suidam
1902 2400 1965 2452 et
2014 2387 2313 2453 Photium
2360 2388 2424 2452 in
2477 2393 2740 2454 Μᾶλλον

1055 2494 1233 2574 Φρύξ.
1320 2491 1560 2557 Solonis
1586 2492 1651 2555 in
1681 2490 1907 2578 primis
1922 2490 2310 2556 nobilitatum
2343 2514 2485 2556 cum
2520 2494 2739 2557 Croeso

1053 2594 1430 2682 colloquium
1460 2594 1826 2659 Herodotus
1858 2593 2103 2681 copiose
2131 2594 2420 2681 exposuit
2453 2595 2539 2675 (Ι.
2571 2601 2735 2680 32),

1058 2698 1345 2762 Stobaeus
1369 2720 1482 2762 suo
1508 2695 1844 2783 Florilegio
1871 2696 2128 2761 inseruit
2155 2697 2307 2777 (Tit.
2336 2716 2473 2783 105.
2497 2695 2575 2760 al.
2596 2715 2735 2782 103.

1052 2823 1118 2888 p.
1146 2803 1295 2885 564.
1326 2823 1415 2887 sq.
1446 2822 1508 2887 p.
1533 2802 1678 2885 365.
1711 2823 1848 2885 sqq.
1882 2797 2253 2883 Gaisford.).
2342 2798 2452 2863 Ad
2497 2814 2738 2864 senten-

1053 2902 1200 2966 tiam
1257 2901 1497 2966 Solonis
1552 2901 1810 2988 propius
1865 2901 2190 2980 accedunt,
2245 2909 2567 2988 poetarum
2620 2902 2734 2967 loci

1055 3004 1226 3069 haud
1257 3004 1439 3093 pauci
1468 3004 1612 3069 inde
1639 3027 1676 3068 a
1708 3004 2101 3091 Theognide,
2130 3026 2397 3092 quorum
2428 3004 2594 3069 locos
2630 3005 2739 3070 ali-

1054 3123 1210 3195 quot
1255 3106 1500 3194 collegit
1540 3108 1677 3172 JOS.
1709 3108 1963 3171 Barnes.
2008 3106 2089 3171 ad
2134 3106 2456 3195 Euripidis
2485 3107 2730 3174 Andro-

1053 3211 1334 3275 macham
1365 3233 1428 3274 v.
1458 3231 1598 3275 100.
1674 3209 1816 3274 Vid.
1860 3210 2114 3298 insuper
2145 3209 2398 3274 Pindar.
2440 3211 2504 3274 in
2538 3212 2731 3299 Pyth.

1056 3316 1197 3380 111.
1226 3317 1367 3400 189.
1413 3314 1602 3401 inque
1645 3338 1788 3379 eum
1832 3313 2036 3378 locum
2071 3313 2337 3379 Scholia.
2427 3316 2733 3402 Ejusdem

1051 3416 1341 3505 colloquii
1385 3416 1549 3483 locos
1590 3417 1816 3505 passim
1862 3417 2045 3482 tacite
2087 3417 2423 3505 respiciunt
2466 3417 2735 3505 philoso-

1050 3521 1185 3610 phi,
1218 3537 1288 3586 ut
1320 3520 1504 3586 Plato
1531 3545 1589 3585 v.
1615 3545 1670 3586 c.
1701 3521 1766 3584 in
1799 3520 2041 3609 Hippia
2068 3521 2216 3607 maj.
2261 3543 2323 3607 p.
2362 3540 2506 3605 291.
2537 3522 2624 3586 D.
2673 3536 2735 3587 et

1051 3623 1130 3688 de
1159 3624 1363 3713 Legg.
1400 3625 1559 3690 VII.
1590 3647 1656 3711 p.
1687 3627 1829 3689 802.
1861 3647 1917 3689 a.
1951 3647 2012 3711 p.
2040 3642 2139 3709 29.
2169 3622 2370 3688 Bekk.
2421 3626 2581 3703 Quoe
2609 3648 2733 3690 non

1049 3751 1399 3793 moramur:
1445 3726 1552 3792 illa
1588 3728 1784 3814 magis
1827 3750 1939 3792 nos
1981 3727 2303 3792 advertere
2345 3726 2597 3806 debent,
2630 3744 2732 3792 ut-

1049 3848 1194 3919 pote
1240 3854 1380 3896 cum
1429 3830 1792 3895 Plotinianis
1835 3830 1931 3895 his
1976 3830 2419 3918 conjunctiora,
2462 3854 2609 3918 quae
2651 3831 2732 3896 ad

996 3979 1005 3995 .
1048 3932 1527 3998 labefacicndam
1562 3933 1801 3998 Solonis
1829 3934 2188 3999 sententiam
2220 3934 2459 4021 profert
2490 3934 2734 3999 Aristo-

1051 4036 1221 4114 teles,
1241 4035 1350 4122 qui
1373 4035 1525 4099 Eth.
1547 4035 1814 4100 Eudem.
1841 4037 1939 4099 11.
1966 4057 2024 4100 1.
2054 4060 2117 4124 p.
2147 4057 2246 4121 90.
2274 4060 2365 4124 sq.
2403 4036 2590 4124 Sylb:
2612 4037 2728 4102 ita:

1050 4142 1121 4203 τό
1148 4165 1214 4203 τε
1240 4143 1356 4221 γὰρ
1388 4139 1452 4203 εὖ
1479 4138 1753 4220 πράττειν
1784 4139 1879 4202 καὶ
1905 4138 1973 4202 τὸ
2004 4140 2070 4203 εὖ
2096 4143 2202 4219 ζῇν
2232 4139 2299 4202 τὸ
2335 4141 2477 4204 αὐτὸ
2516 4145 2596 4228 τῷ
2637 4143 2731 4206 εὗ-

1051 4247 1368 4322 δαιμονεῖν·
1431 4244 1514 4305 ὧν
1565 4243 1817 4305 ἕκαστον
1866 4243 2076 4324 χρῆσίς
2122 4244 2251 4306 ἐστι
2300 4243 2393 4306 καὶ
2440 4242 2730 4326 ἐνέργεια,

1053 4345 1148 4408 καὶ
1175 4346 1212 4424 ἡ
1239 4345 1354 4423 ζωὴ
1384 4345 1477 4408 καὶ
1498 4345 1535 4424 ἡ
1556 4348 1776 4426 πρᾶξις.
1813 4345 1907 4408 καὶ
1934 4347 2049 4426 γὰρ
2075 4345 2114 4424 ἡ
2141 4346 2422 4426 πρακτικὴ
2448 4347 2734 4430 χρηστική

1051 4450 1234 4512 ἐστιν.
1284 4450 1317 4511 6
1358 4449 1471 4528 μὲν
1511 4448 1768 4531 χαλκεὺς
1815 4452 1978 4511 ποιεῖ
2021 4446 2297 4530 χαλινὸν,
2346 4452 2556 4531 χρῆται
2606 4449 2653 4513 δ’
2700 4453 2733 4514 6

1052 4552 1301 4617 ἱππικός.
1352 4550 1446 4615 καὶ
1488 4550 1555 4614 τὸ
1594 4549 1739 4630 μήτε
1778 4552 1920 4630 μίαν
1946 4549 2169 4631 ἡμέραν
2201 4548 2351 4614 εἶναι
2397 4551 2729 4630 εὐδαίμονα,

1048 4653 1194 4734 μήτε
1230 4656 1428 4727 παῖδα,
1459 4651 1590 4733 μήθ’
1619 4653 1854 4732 ἡλικίαν
1882 4657 2104 4716 πᾶσαν·
2152 4652 2241 4716 διὸ
2274 4653 2367 4716 καὶ
2396 4655 2428 4715 6
2458 4655 2734 4721 Σόλωνος

1052 4755 1180 4838 ἔχει
1225 4761 1425 4830 κακῶς,
1466 4755 1534 4819 τὸ
1574 4755 1655 4835 μὴ
1698 4754 1858 4831 ζῶντ’
1902 4756 2337 4835 εὐδαιμονίζειν,
2404 4754 2540 4818 ἀλλ’
2589 4758 2734 4821 ὅταν

1049 4858 1213 4938 λάβῃ
1262 4857 1451 4925 τέλος.
1518 4859 1693 4922 οὐθὲν
1737 4861 1851 4940 γὰρ
1904 4859 2112 4924 ἀτελὲς
2163 4859 2455 4936 εὔδαιμον.
2505 4860 2575 4922 οὐ
2619 4863 2735 4941 γὰρ

1049 4962 1198 5025 ὅλον
1228 4988 1278 5025 κ.
1302 4986 1354 5025 τ.
1375 4969 1435 5025 λ.
1499 4960 1676 5025 Idem
1707 4960 1770 5023 in
1803 4959 2045 5024 Ethicis
2076 4958 2568 5038 Nichomacheis‚
2599 4959 2735 5025 loco

1048 5063 1297 5149 copioso
1346 5063 1425 5128 de
1469 5063 1662 5128 Bonis
1718 5079 1781 5127 et
1827 5064 2026 5127 Beato
2071 5063 2127 5127 Ι.
2184 5081 2283 5127 10.
2330 5062 2732 5128 Atheniensis

1048 5164 1411 5254 legislatoris
1438 5165 1675 5230 dictum
1706 5165 1957 5231 uberius
1995 5164 2298 5230 excussit:
2347 5188 2491 5252 quae
2519 5165 2732 5254 dispu-

1049 5269 1203 5334 tatio
1251 5268 1422 5358 apud
1473 5268 1675 5355 ipsum
1728 5267 1972 5355 legatur
2021 5282 2285 5356 oportet.
2376 5268 2542 5337 Quia
2585 5292 2733 5334 vero

1050 5371 1338 5437 Plotinus
1366 5371 1608 5436 diversa
1635 5369 2153 5458 Philosophorum
2184 5368 2411 5457 placita
2436 5371 2535 5436 his
2563 5395 2734 5458 quae-

1050 5474 1353 5539 stionibus
1401 5473 1731 5551 examinat,
1781 5472 1955 5559 quod
2005 5474 2152 5537 item
2196 5472 2345 5538 facit
2397 5474 2619 5539 Cicero
2668 5474 2731 5538 in

1047 5575 1220 5642 libris
1247 5577 1327 5642 de
1358 5577 1641 5656 Finibus,
1673 5599 1797 5641 non
1838 5575 2108 5642 alienum
2147 5575 2261 5641 erit
2307 5577 2498 5665 hujus
2539 5576 2728 5665 insig-

2036 567 2861 634 ANNOTATIONES
2928 568 3040 633 IN
3108 568 3549 634 PLOTINI

2829 763 2969 805 nem
3001 740 3207 807 locum
3237 740 3361 806 huc
3391 739 3829 806 transcribere:
3879 748 3925 780 “
3943 743 4147 807 Nemo
4174 739 4369 828 igitur
4400 739 4518 823 (ait

2828 844 2930 909 ille
2961 845 3059 909 11.
3092 861 3190 928 27.
3225 848 3284 930 ξ.
3308 844 3410 926 87.
3446 845 3582 929 88.)
3613 867 3743 909 esse
3769 844 3989 910 beatus
4028 857 4274 932 potest:
4320 865 4517 931 neque

2828 949 2994 1011 mim
3024 949 3094 1011 in
3122 948 3338 1036 aliqua
3376 956 3584 1034 parte,
3613 947 3722 1011 sed
3748 949 3819 1011 in
3843 950 4261 1035 perpetuitate
4291 957 4517 1034 tempo-

2828 1053 2925 1114 ris
2969 1052 3104 1115 vita
3144 1052 3324 1114 beata
3366 1049 3489 1114 dici
3533 1049 3719 1114 solet:
3767 1073 3970 1137 neque
3997 1049 4348 1138 appellatur
4377 1071 4515 1113 om·

2832 1153 2977 1217 nino
3021 1152 3153 1217 vita
3200 1153 3400 1231 beata,
3451 1152 3566 1216 nisi
3614 1152 3913 1232 confecta,
3969 1169 4160 1240 atque
4209 1151 4513 1230 absoluta,

2830 1278 2942 1320 nec
2969 1271 3175 1344 potest
3201 1256 3530 1344 quisquam
3570 1255 3720 1320 alias
3762 1255 3982 1322 beatus
4024 1279 4178 1336 esse,
4205 1255 4354 1320 alias
4397 1255 4511 1320 mi-

2831 1382 2951 1423 ser:
2985 1359 3096 1446 qui
3121 1359 3282 1424 enim
3314 1358 3710 1435 existimabit,
3735 1381 3915 1445 posse
3947 1382 4012 1423 se
4040 1358 4331 1423 miserum
4360 1381 4512 1435 esse,

2828 1461 3048 1527 beatus
3074 1484 3198 1527 non
3228 1461 3366 1527 erit.
3454 1463 3618 1526 Nam
3649 1484 3847 1548 quum
3889 1476 4173 1549 suscepta
4207 1460 4393 1526 semel
4421 1476 4514 1526 est

2829 1564 3011 1630 beata
3046 1565 3194 1642 vita,
3226 1580 3352 1629 tam
3396 1578 3742 1652 permanet,
3771 1586 3962 1651 quam
4005 1565 4142 1651 ipsa
4181 1562 4286 1630 illa
4327 1564 4512 1630 effec-

2830 1668 2949 1732 trix
2982 1668 3180 1733 beatae
3210 1668 3354 1732 vitae
3379 1667 3715 1755 sapientia:
3763 1690 3967 1755 neque
4005 1682 4321 1754 exspectat
4366 1666 4506 1732 ulti-

2828 1793 3001 1835 mum
3038 1785 3283 1858 tempus
3326 1771 3568 1849 aetatis3
3617 1770 3785 1857 quod
3820 1773 4039 1836 Croeso
4067 1770 4278 1835 scribit
4306 1771 4511 1835 Hero-

2827 1873 3013 1939 dotus
3040 1887 3420 1961 praeceptum
3451 1896 3489 1937 a
3524 1872 3766 1938 Solone.
3859 1875 3955 1938 At
3992 1873 4180 1953 enim,
4211 1873 4511 1959 quemad-

2828 1976 3081 2041 modum
3127 1990 3263 2041 tute
3304 1975 3573 2055 dicebas,
3616 1986 3811 2065 negat
3839 1977 4168 2064 Epicurus
4208 1999 4320 2040 nec
4361 1976 4507 2041 diu·

2827 2083 3192 2144 turnitatem
3220 2081 3466 2168 quidem
3507 2082 3801 2167 temporis
3841 2081 3928 2143 ad
3961 2081 4131 2144 beate
4174 2080 4510 2144 vivendum

2824 2182 3068 2270 aliquid
3092 2185 3342 2271 afferre,
3372 2204 3484 2246 nec
3510 2185 3811 2246 minorem
3852 2183 4226 2270 voluptatem
4258 2184 4508 2270 percipi

2821 2287 2894 2348 in
2940 2287 3242 2351 brevitate
3293 2288 3609 2373 temporis,
3654 2307 3842 2373 quam
3891 2288 3950 2349 si
3992 2286 4106 2349 illa
4149 2288 4237 2350 sit
4281 2288 4511 2374 smpi-

2824 2398 3028 2452 terna.
3119 2390 3279 2453 Haec
3316 2388 3611 2453 dicuntur
3639 2387 4204 2453 inconstantissime.
4293 2390 4507 2467 Quum

2823 2491 2983 2555 enim
3017 2513 3328 2555 summum
3359 2491 3594 2556 bonum
3624 2490 3687 2556 in
3717 2489 4038 2578 voluptate
4078 2506 4293 2578 ponat,
4323 2507 4508 2578 negat

2822 2593 3063 2658 infinito
3086 2610 3362 2683 tempore
3393 2594 3592 2659 aetatis
3611 2593 3995 2681 voluptatem
4023 2593 4157 2658 fieri
4186 2595 4503 2682 majorem,

2822 2719 3012 2783 quam
3043 2697 3217 2762 finito
3242 2713 3432 2785 atque
3461 2696 3723 2763 modico.
3818 2699 3943 2772 Qui
3972 2697 4198 2761 bonum
4230 2719 4407 2762 omne
4433 2701 4505 2762 in

2823 2802 3058 2864 virtute
3079 2802 3281 2887 ponit,
3311 2804 3370 2864 is
3401 2810 3605 2888 potest
3631 2801 3854 2875 dicere,
3880 2801 4102 2886 perfici
4133 2801 4374 2865 beatam
4404 2805 4505 2866 vi·

2823 2912 2951 2966 tam
2997 2905 3383 2989 pezfectione
3433 2905 3711 2967 viv-tutia.
3778 2912 3974 2990 negat
4030 2905 4219 2980 enim,
4268 2925 4507 2970 summo

2822 3005 2978 3069 bono
3014 3008 3245 3094 afferre
3285 3008 3731 3070 incrementum
3775 3006 3959 3068 diem.
4003 3008 4112 3093 qui
4156 3016 4363 3070 autem
4397 3030 4501 3073 vo·

2820 3108 3059 3195 luptate
3105 3110 3302 3173 vitam
3351 3110 3508 3196 effici
3553 3109 3792 3173 beatam
3832 3109 4105 3195 putabit,
4133 3108 4245 3196 qui
4282 3111 4402 3174 sibi
4444 3112 4504 3176 is

2819 3213 3157 3291 conveniet,
3199 3214 3258 3276 si
3307 3213 3584 3300 negabit,
3635 3213 4010 3298 voluptatem
4061 3232 4328 3277 crescere
4374 3213 4507 3277 lon-

2810 3317 3180 3403 ginquitate
3209 3318 3239 3379 9
3302 3317 3453 3380 &c.”
3540 3315 4000 3403 Hujuscemodi
4060 3314 4505 3402 disputationes

2819 3417 3172 3483 obversatas
3216 3442 3345 3484 esse
3389 3418 3595 3482 animo
3641 3417 3897 3496 Plotini,
3932 3417 4155 3482 harum
4205 3419 4507 3497 Quaestio-

2821 3543 2971 3585 num
3017 3536 3456 3609 argumentum
3495 3522 3697 3601 docet,
3725 3521 3868 3585 licet
3893 3519 4086 3584 Tullii
4129 3522 4503 3588 mentionem

2820 3646 3130 3711 nusquam
3161 3624 3384 3700 faciat:
3433 3647 3636 3712 neque
3663 3623 3827 3688 enim
3858 3623 4112 3688 deerant
4145 3623 4248 3689 alii
4277 3625 4500 3706 fonteS,

2821 3726 2988 3792 unde
3034 3728 3325 3793 hauriret.
3419 3730 3734 3793 Caeterum
3779 3726 4074 3792 adhibeto
4101 3727 4287 3793 etiam
4320 3731 4500 3794 Mar-

2820 3829 2935 3893 silii
2966 3830 3517 3896 commentarium.

2908 3934 3011 4015 84,
3044 3954 3140 3998 10.
3178 3933 3669 4021 ΕΖ-λαμβάνει]
3705 3933 3806 3997 Cf.
3843 3933 4316 4020 Inscriptionem
4349 3938 4503 4018 Περὶ

2818 4039 2923 4099 τοῦ
2952 4037 3409 4117 εῖ-λαμβάνει,
3490 4036 3691 4101 Semel
3721 4036 4060 4100 tenendum
4087 4052 4181 4100 est
4207 4036 4287 4100 ad
4320 4059 4502 4102 usum

2821 4137 3053 4203 Plotini
3081 4139 3469 4226 aliorumque
3497 4137 4031 4229 pbilosophorum,
4061 4139 4327 4203 maxime
4361 4162 4503 4227 pos-

2820 4241 3058 4305 terioris
3100 4242 3321 4320 aetatis,
3355 4245 3408 4306 εἰ
3442 4242 3612 4330 apud
3643 4266 3748 4307 eos
3773 4257 3836 4307 et
3863 4242 3927 4305 in
3955 4241 4210 4327 obliqua
4235 4241 4499 4308 interro·

2816 4343 3066 4430 gatione
3095 4344 3473 4431 frequentari
3503 4361 3567 4409 et
3586 4369 3735 4410 vero
3757 4344 3822 4409 in
3851 4358 4038 4409 recta.
4084 4344 4225 4410 Vid.
4249 4348 4503 4435 Hooge-

2817 4469 2992 4510 veen.
3043 4445 3124 4510 de
3167 4447 3467 4512 Particul.
3514 4472 3577 4537 p.
3622 4468 3762 4535 173.
3812 4448 3910 4512 ed.
3947 4447 4202 4513 Schutz.
4249 4448 4356 4514 alt.
4418 4450 4497 4515 cf.

2818 4549 3111 4614 Eustath.
3167 4550 3231 4613 in
3293 4550 3518 4639 Odyss,
3571 4552 3650 4615 A.
3711 4552 3849 4638 158.
3904 4565 3967 4616 et
4019 4553 4151 4616 Ast.
4207 4552 4289 4617 ad
4335 4552 4496 4618 Plat.

2819 4653 3046 4740 Remp.
3082 4652 3159 4717 V.
3197 4671 3295 4718 21.
3326 4677 3391 4741 p.
3414 4655 3559 4736 478.
3591 4653 3653 4717 in
3682 4670 4008 4720 comment.
4039 4679 4105 4743 p.
4133 4675 4283 4742 532.
4322 4656 4502 4720 Plato

2820 4754 3029 4820 Alcib.
3063 4757 3122 4819 I.
3153 4778 3215 4842 p.
3243 4761 3385 4821 106.
3418 4756 3481 4819 b.
3528 4760 3604 4821 Et
3630 4757 3901 4841 χαλεπὸν
3931 4763 4094 4824 δοκεῖ
4128 4759 4195 4823 τὸ
4231 4762 4503 4840 ἀποκρίν-

2819 4863 3017 4933 ασθαι,
3053 4858 3162 4922 ubi
3194 4859 3619 4923 Buttmannus
3655 4859 3865 4924 invitis
3902 4859 4075 4925 libris
4112 4875 4401 4947 posuerat
4438 4862 4495 4940 ἦ.

2822 4959 2993 5025 Illud
3026 4965 3079 5026 εἰ
3107 4962 3488 5026 reduxerunt
3514 4965 3659 5027 Ast.
3692 4977 3755 5028 et
3782 4963 4125 5028 Bekkerus.
4159 4961 4323 5027 Plat.
4353 4963 4503 5027 Phi-

2817 5062 2938 5127 leb.
2967 5087 3031 5151 p.
3050 5085 3153 5152 39.
3192 5068 3282 5151 (p.
3310 5084 3450 5150 193.
3486 5064 3718 5151 Bekk.)
3747 5091 3762 5129 ε
3811 5069 3888 5131 ΕΖ
3931 5067 4063 5147 περὶ
4105 5067 4218 5146 μὲν
4246 5071 4363 5129 τῶν
4393 5068 4497 5129 ὅν-

2817 5191 2934 5231 των
2983 5169 3078 5232 καὶ
3118 5173 3235 5232 τῶν
3278 5171 3616 5250 γεγονότων
3662 5167 3816 5233 τοῦθ’
3868 5170 4005 5248 ἡμῖν
4046 5170 4195 5233 οὕτω
4240 5167 4501 5251 πάσχειν

2819 5271 3159 5353 ἀναγκαῖον,
3208 5272 3343 5353 περὶ
3387 5275 3451 5336 δὲ
3502 5278 3617 5336 τῶν
3662 5274 4009 5352 μελλόντων
4056 5270 4164 5342 οὖς
4217 5269 4324 5334 ubi
4375 5270 4497 5334 vid.

2820 5371 3181 5438 Stallbaum.
3213 5397 3279 5461 p.
3306 5394 3449 5457 117.
3495 5374 3687 5439 Adde
3709 5374 4089 5439 Athenaeum
4115 5373 4235 5437 VI.
4265 5397 4326 5461 p.
4352 5375 4499 5438 228.

2817 5497 2881 5562 p.
2903 5493 3052 5560 377.
3084 5476 3431 5564 Schweigh.
3465 5478 3574 5541 ubi
3603 5492 3734 5541 est:
3783 5478 3858 5540 ΕΖ
3887 5476 4106 5559 ἔχομεν
4136 5482 4318 5557 δεῖξαι
4337 5506 4354 5551 ;
4406 5477 4500 5542 Si·

2815 5576 3042 5643 militer
3071 5578 3356 5644 Plotinus
3387 5581 3504 5644 IV.
3537 5580 3593 5644 8.
3630 5600 3685 5645 1.
3730 5581 3807 5643 El
3832 5583 4021 5644 πᾶσαι
4050 5583 4112 5645 αἱ
4139 5582 4333 5664 ψυχαὶ
4360 5583 4493 5661 μία;
