5118 6613
1306 569 1506 635 LIB.
1555 567 1696 634 III.
1745 563 2198 633 ENNEAD.
2247 561 2713 630 TERTIAE.
2755 585 2821 652 p.
2853 563 3218 650 485-492.
3269 585 3288 598 ·

494 747 738 815 mundo
780 769 860 811 ex
903 743 1239 809 dictamine
1282 743 1589 808 universae
1632 739 1900 828 alicujus
1941 754 2004 804 et
2044 738 2198 803 irre·

494 848 841 918 formabilis
875 847 1079 931 (liceat
1125 845 1290 912 enim
1331 846 1452 911 hoc
1481 842 1789 910 vocabulo
1831 844 1957 929 uti)
2002 842 2198 908 ratio-

494 956 613 1033 nis,
643 955 734 1019 ita
778 967 849 1017 ut
886 950 1070 1016 bonis
1107 949 1436 1016 animabus
1481 946 1781 1037 peccandi
1809 946 1993 1011 etiam
2039 945 2203 1010 arbi-

500 1058 690 1124 trium
720 1054 1052 1140 adimatur.
1144 1054 1351 1131 Quam
1395 1050 1499 1116 ille
1542 1050 1949 1137 quaestionem
1993 1047 2198 1137 philo·

499 1161 737 1250 sophus
759 1172 970 1224 noster
997 1154 1176 1245 ponit
1208 1153 1646 1219 tantummodo
1673 1152 1738 1217 in
1767 1152 1889 1217 hoc
1907 1151 2033 1216 fine
2062 1150 2204 1216 libri

501 1264 745 1354 prioris,
791 1260 1019 1327 deinde
1069 1256 1572 1347 pertractandam
1623 1255 1963 1344 posteriore
2021 1253 2201 1335 libro,

503 1369 614 1457 qui
646 1366 945 1433 continuo
974 1362 1277 1452 sequitur.

588 1682 652 1747 p.
685 1678 839 1744 490,
876 1677 977 1721 11.
1050 1658 1253 1738 Ψυχῆς
1299 1652 1416 1735 γάρ
1459 1676 1618 1718 τινος
1673 1648 1870 1730 πάσης
1916 1648 2212 1733 ἐνέργεια,

509 1766 566 1828 οἱ
593 1762 795 1847 λόγοι]
850 1760 1041 1823 Hanc
1087 1754 1576 1844 disputationem
1606 1751 1687 1817 de
1718 1774 1846 1817 uno
1881 1751 2211 1840 principio,

513 1863 681 1929 unde
724 1863 935 1928 omnia
980 1873 1292 1936 emanant,
1324 1878 1441 1922 suo
1478 1856 1668 1921 modo
1708 1856 2004 1935 excussit,
2028 1869 2092 1921 et
2132 1879 2214 1921 ex

510 1981 685 2054 parte
713 1964 988 2030 refutare
1017 1959 1265 2026 studuit
1301 1959 1772 2025 Tiedemanmcs
1799 1957 1862 2022 in
1893 1956 2075 2036 libro,
2102 1958 2216 2046 qui

509 2066 902 2133 inscribitur:
954 2066 1133 2130 Geist
1154 2085 1275 2152 per
1293 2062 1723 2151 speculativas
1742 2087 1765 2126 .·
1811 2062 2216 2151 Philosophie

513 2174 652 2238 111.
688 2193 757 2260 p.
792 2171 937 2251 284.
970 2192 1103 2255 sqq.

594 2299 659 2362 p.
693 2294 848 2359 491,
881 2273 942 2337 8.
989 2273 1109 2336 Καὶ
1134 2268 1322 2334 πάλιν
1354 2269 1454 2333 ἐπὶ
1496 2270 1684 2354 τούτῳ
1731 2266 2001 2347 ἐκδήσας,
2036 2267 2212 2332 κατά-

513 2378 746 2467 βαινε,]
795 2375 1042 2441 Ficin.:
1091 2376 1193 2438 Ac
1250 2393 1469 2436 rursus
1515 2370 1662 2435 hinc
1717 2371 2042 2459 aplicans
2094 2384 2214 2435 cet.

516 2481 808 2547 Debebat
845 2479 1138 2565 religans
1165 2474 1265 2539 vel
1307 2475 1689 2563 appendens,
1736 2486 1808 2538 ut
1851 2496 1964 2538 nos
1994 2495 2216 2538 verna-

514 2586 685 2652 cule:
737 2591 782 2625 “
802 2581 960 2648 Und
994 2579 1328 2644 wiederum
1350 2578 1508 2644 nach
1524 2578 1759 2643 diesem
1776 2578 2217 2666 anoenilpsend,

515 2690 709 2776 steige
746 2686 863 2752 mit
923 2682 1293 2750 Absondern
1354 2681 1564 2747 weiter
1599 2680 1713 2746 her
1763 2681 1846 2746 ab
1863 2682 1922 2754 ;''
1966 2680 2222 2769 Alioqui

512 2794 774 2859 fortasse
811 2787 1101 2875 conjiciat
1143 2784 1479 2874 quispiam,
1520 2799 1779 2874 propter
1819 2806 2084 2871 sequens
2124 2810 2222 2848 κα-

515 2897 786 2977 τάβαινε,
849 2890 1199 2972 ἐκδημήσας.
1287 2890 1380 2954 Et
1437 2910 1656 2952 rursus
1708 2900 1854 2975 post
1904 2886 2025 2952 hoc
2064 2910 2220 2975 pro-

490 3002 717 3088 ficius
760 2994 1070 3063 descende
1116 3006 1238 3058 cet.
1329 2993 1572 3078 Atque,
1620 3007 1693 3055 ut
1736 3013 1954 3055 verum
2000 2989 2221 3071 fatear,

517 3102 682 3167 illius
711 3122 888 3173 usus,
918 3096 1030 3185 qui
1059 3095 1163 3161 hic
1198 3094 1562 3182 requiritur,
1594 3093 1838 3158 nullum
1867 3093 2018 3159 mihi
2048 3093 2218 3159 aliud

519 3202 878 3292 exemplum
926 3197 1251 3265 succurrit.
1346 3199 1510 3262 Nam
1572 3196 1683 3262 ubi
1729 3196 1992 3261 verbum
2042 3196 2222 3262 ἐκδέω

517 3308 800 3387 obvium,
854 3303 942 3370 ibi
1000 3300 1098 3368 vel
1151 3299 1465 3390 propriam
1527 3299 2032 3389 significationem
2108 3299 2223 3365 ha·-

521 3414 625 3478 bet
674 3412 766 3495 (v.
800 3432 858 3474 c.
911 3408 976 3471 in
1023 3404 1334 3492 Meleagri
1379 3407 1593 3471 Carm.
1626 3406 1886 3469 LXIV.
1938 3405 2035 3470 ἐπὶ
2077 3430 2221 3488 προ·

523 3510 1070 3597 θύροισι-ἐκδήσω
1118 3510 1253 3576 τοὺς
1296 3507 1653 3592 στεφάνους.
1705 3506 1812 3572 ubi
1866 3506 2031 3573 Cod.
2077 3507 2222 3572 Vat.

523 3617 630 3682 dat
662 3615 935 3696 ἐκδήσας.
1009 3611 1152 3677 vid.
1184 3612 1433 3676 Jacobs.
1473 3610 1554 3675 ad
1594 3610 1852 3675 Anthol.
1893 3611 2010 3677 Gr.
2066 3612 2122 3677 1.
2155 3634 2221 3698 p.

522 3720 657 3805 82.)
705 3717 828 3795 vel,
880 3716 931 3779 si
976 3714 1284 3793 tralatam,
1344 3713 1653 3779 diversam
1706 3730 1937 3789 tamen,
1985 3714 2073 3780 uti
2119 3737 2223 3802 ap.

524 3820 848 3886 Theocrit.
884 3820 984 3884 II.
1011 3821 1116 3883 60.
1151 3839 1246 3903 sq.
1291 3823 1418 3885 ταῖς
1457 3816 1613 3898 τήνω
1653 3815 2032 3900 φλιᾶς-Ἐκ
2065 3821 2225 3904 θυμῷ

521 3925 779 4006 δέδεμαι,
813 3923 923 3989 ubi
955 3920 1360 3988 scholiastes:
1401 3920 1642 4004 Ἤγουν
1671 3920 1996 4001 ἐκδέδεμαι,
2024 3923 2220 4005 ἐκκρε-

522 4028 634 4108 pits·
660 4030 780 4107 εἶμι
811 4023 923 4113 [τῷ
951 4025 1167 4111 θυμῷ]·
1214 4022 1367 4087 τοῦτ’
1399 4023 1549 4098 ἔστι,
1592 4027 1663 4105 τῇ
1701 4028 1893 4107 ψυχῇ·
1942 4021 2065 4087 Sed
2096 4021 2221 4086 vid.

526 4148 731 4196 tamen
774 4130 1170 4193 Valckmaer.
1221 4124 1301 4189 ad
1347 4148 1490 4191 eum
1537 4124 1762 4190 locum.
1854 4123 2026 4203 Quid
2062 4124 2226 4189 Fici-

527 4256 646 4298 nus
673 4249 888 4298 nostro
917 4231 1057 4296 loco
1084 4228 1379 4308 voluerit,
1411 4250 1535 4292 non
1581 4227 1869 4292 dixerim.
1961 4227 2227 4293 Codices

526 4334 781 4423 quidem
803 4333 955 4398 nihil
978 4331 1159 4397 nobis
1174 4330 1545 4396 variantium
1571 4330 1904 4396 lectionum
1926 4330 2222 4396 offerunt.

529 4437 761 4504 Similis
784 4451 996 4501 autem
1025 4434 1310 4501 confusio
1328 4434 1392 4497 in
1414 4433 1768 4512 Herodoto,
1793 4434 1907 4497 lv.
1941 4437 2023 4516 76
2048 4459 2068 4507 ς
2119 4433 2227 4499 ubi

528 4564 645 4629 pro
673 4562 821 4604 vera
846 4538 1113 4603 lectione
1140 4536 1539 4618 ἐκδησάμενος
1560 4535 1802 4601 Aldina
1827 4537 2011 4601 offert
2055 4539 2223 4618 ἐκδη-

529 4643 886 4725 μησάμενος.
930 4639 1079 4705 Vid.
1111 4663 1241 4706 var.
1262 4640 1404 4706 lect.
1433 4662 1499 4727 p.
1517 4641 1668 4725 316.
1712 4640 2080 4729 Wesseling.

613 4769 680 4833 p.
708 4762 861 4827 492,
884 4762 948 4828 3.
978 4749 1098 4808 τῶν
1127 4742 1223 4826 ἐφ’
1250 4741 1528 4832 ἑκάτερα]
1572 4743 1674 4806 Ita
1694 4740 2057 4830 scripsimus
2081 4762 2225 4807 cum

526 4847 699 4913 libris
724 4844 1035 4911 omnibus.
1128 4845 1308 4909 Tene
1336 4857 1546 4908 autem
1574 4842 1909 4908 formulam
1941 4843 2227 4928 (similem

527 4949 662 5015 aliis
698 4947 824 5014 καθ’
871 4947 1140 5029 ἑκάτερα,
1185 4945 1323 5030 παρ’
1364 4946 1643 5029 ἑκάτερα)
1693 4966 1930 5026 corum,
1975 4969 2117 5034 9²1.ae
2156 4949 2230 5012 in

527 5064 863 5141 utramque
894 5060 1145 5140 pamm
1187 5059 1484 5139 vergunt.
1576 5050 1940 5114 Fon-mulam
1988 5048 2086 5133 ἐφ’
2121 5050 2231 5116 ἕνα

528 5179 630 5245 ap.
676 5153 962 5242 Hesych.
1002 5153 1067 5217 in
1110 5154 1296 5237 ὄγμος
1332 5151 1605 5230 obviam,
1647 5153 1810 5216 alter
1829 5153 2039 5238 juxta
2081 5154 2232 5218 alte-

529 5282 698 5335 rum,
739 5256 1035 5345 explicat.
1069 5257 1438 5321 Hermann.
1469 5254 1553 5320 ad
1587 5254 1795 5343 Viger.
1828 5256 1945 5321 Nr.
1977 5256 2130 5341 398.
2159 5279 2226 5345 p.

526 5363 677 5428 860.
709 5359 794 5426 de
838 5358 1089 5447 agmine
1130 5372 1194 5424 et
1234 5358 1367 5423 acie
1401 5357 1726 5437 struendo,
1762 5373 1827 5424 et
1876 5358 2166 5424 Plotinus
2193 5380 2234 5425 a

528 5463 839 5532 vocabulo
881 5463 951 5531 τὸ
1004 5464 1341 5547 ἡγούμενον
1388 5460 1687 5527 continuo
1743 5483 1954 5526 ansam
2013 5462 2234 5550 arripit

3859 574 3977 646 155

2288 737 2511 825 Hujus
2558 751 2767 802 autem
2814 733 3234 801 similitudinis
3278 733 3344 799 in
3386 732 3508 797 hoc
3549 732 3687 820 ipso
3726 733 3864 799 loco
3900 734 3983 799 de

2289 840 2694 907 Providentia
2719 852 3038 928 usurpatae
3056 863 3091 904 e
3113 835 3498 927 philosophis
3523 835 3811 923 exempla
3838 859 3987 924 sup-

2287 943 2597 1033 peditabit
2629 943 2930 1009 Gataker.
2971 940 3055 1006 ad
3098 941 3302 1005 Marc.
3334 935 3647 1003 Antonin.
3679 937 3843 1001 VII.
3875 954 3985 1023 45.

2288 1070 2351 1136 p.
2388 1065 2534 1113 222.

2376 1185 2462 1201 -
2487 1168 2550 1236 5.
2601 1147 2826 1233 ἐτάχθη
2857 1149 2924 1212 δὲ
2950 1145 3020 1211 τὸ
3058 1150 3181 1210 πᾶν
3207 1142 3871 1228 προνοία-ὁρόσῃ-ἃ
3900 1147 3995 1208 δεῖ

2289 1254 2615 1339 παρεῖναι.]
2667 1251 2982 1315 Universo
3014 1262 3079 1313 et
3120 1245 3361 1311 mundo
3402 1259 3468 1309 et
3508 1244 3834 1309 hominum
3877 1269 3988 1333 ge-

2292 1356 2425 1422 neri
2471 1354 2710 1422 consuli
2765 1368 2830 1420 et
2872 1350 3190 1442 provideri
3233 1372 3271 1413 a
3317 1348 3438 1414 diis
3478 1364 3623 1436 post
3674 1347 3991 1426 Socratem

2297 1458 2480 1524 Plato
2508 1457 2724 1522 multis
2748 1457 3054 1522 librorum
3099 1474 3358 1519 suorum
3385 1451 3536 1516 locis
3562 1449 3876 1516 declarare
3902 1452 3998 1517 in·

2297 1560 2519 1626 stituit.
2568 1558 2710 1624 vid.
2741 1583 2801 1622 v.
2833 1584 2889 1624 c.
2919 1557 3002 1622 de
3024 1557 3232 1643 Legg.
3265 1556 3359 1619 X.
3394 1577 3458 1642 p.
3493 1570 3644 1640 955.
3676 1576 3768 1640 sq.
3806 1554 3997 1620 Phae-

2296 1663 2442 1728 don.
2480 1687 2546 1751 p.
2578 1679 2685 1747 47.
2722 1664 2807 1727 D.
2846 1663 2940 1749 (p.
2976 1680 3077 1724 10.
3110 1660 3354 1746 Wytt.)
3385 1673 3451 1722 et
3479 1657 3818 1745 Wyttenb.
3849 1659 3994 1723 An·

2299 1778 2460 1830 nott.
2506 1764 2569 1828 in
2615 1764 2786 1828 hunc
2813 1762 3020 1828 locum
3068 1785 3127 1850 p.
3166 1780 3306 1842 140.
3340 1783 3433 1847 sq.
3477 1759 3589 1846 qui
3633 1759 3820 1848 plura
3846 1783 3993 1825 con·

2297 1868 2505 1957 gessit.
2599 1870 2760 1947 Quae
2789 1865 3095 1931 sententia
3135 1887 3175 1928 a
3215 1862 3435 1928 Stoicis
3480 1863 3749 1927 maxime
3790 1862 3996 1952 philo-

2300 1970 2511 2060 sophis
2538 1980 2918 2059 pertractata
2944 1967 3436 2053 confirmataque
3465 1979 3580 2029 est.
3656 1966 3999 2054 Exemplo-

2301 2098 2441 2139 rum
2472 2074 2716 2162 copiam
2751 2071 2929 2137 dabit
2966 2069 3079 2135 tibi
3115 2070 3415 2134 Gatnker.
3448 2067 3528 2132 ad
3563 2069 3767 2133 Marc.
3800 2069 3996 2134 Anto·

2300 2177 2425 2242 nin.
2461 2178 2563 2242 11.
2607 2196 2706 2240 11.
2736 2197 2801 2263 p.
2832 2171 3207 2257 47.—Illud
3247 2172 3312 2235 in
3342 2171 3468 2235 fine
3508 2170 3731 2258 capitis
3768 2173 3996 2236 nostri:

2299 2284 2333 2345 ὁ
2361 2280 2549 2364 μέγας
2569 2280 2828 2363 ἡγεμὼν,
2854 2291 2918 2342 et
2944 2276 3150 2363 ipsum
3185 2273 3464 2339 Platonis
3492 2272 3758 2338 colorem
3787 2274 3997 2339 refert.

2301 2383 2427 2462 Qui
2465 2383 2529 2447 in
2570 2381 2845 2449 Phaedro
2884 2404 2951 2469 p.
2990 2397 3137 2463 247.
3167 2377 3287 2442 sub
3315 2377 3456 2441 fin.:
3507 2380 3539 2441 ὁ
3576 2379 3690 2458 μὲν
3720 2377 3790 2457 δὴ
3816 2376 4003 2460 μέγας

2302 2487 2542 2569 ἡγεμὼν
2572 2487 2641 2550 ἐν
2669 2486 2897 2570 οὐρανῷ
2930 2485 3099 2551 Ζεύς.
3192 2480 3439 2569 Adjicio
3473 2480 3674 2546 locum
3725 2480 4007 2546 Philonis

2304 2588 2463 2654 Jud.
2498 2587 2581 2653 de
2611 2584 3016 2652 Providentia
3043 2607 3146 2672 ap.
3183 2583 3417 2649 Euseb.
3454 2585 3530 2649 P.
3556 2585 3643 2648 E.
3674 2584 3875 2649 VIII.
3901 2604 4003 2664 14.

2305 2713 2369 2779 p.
2400 2690 2551 2776 386.
2608 2689 2696 2772 (in
2743 2688 2878 2754 Ed.
2917 2688 3139 2752 Venet.
3188 2688 3442 2752 Armen.
3489 2708 3555 2772 p.
3585 2705 3668 2771 53
3692 2689 3743 2771 z)
3790 2687 3884 2751 Οὐ
3911 2689 4011 2752 τύ-

2307 2818 2525 2876 ραννος
2552 2796 2587 2857 ὁ
2619 2792 2759 2860 θεὸς
2795 2793 3067 2872 ὠμότητα
3107 2791 3202 2854 καὶ
3244 2790 3394 2870 βίαν
3424 2788 3520 2852 καὶ
3554 2790 3674 2852 ὅσα
3717 2790 4008 2869 δεσπότης

2309 2895 2605 2980 ἀνημέρου
2648 2897 2833 2979 ἀρχῆς
2872 2894 3021 2977 ἔργα
3065 2893 3469 2972 ἐπιτηδευκὸς,
3510 2892 3677 2955 ἀλλὰ
3718 2892 4010 2970 βασιλεὺς

2306 3000 2529 3081 ἥμερον
2539 3000 2637 3063 καὶ
2655 3000 2905 3079 νόμιμον
2922 2995 3254 3077 ἆνημμένος
3269 2995 3615 3076 ἡγεμονίαν,
3626 2996 3777 3074 μετὰ
3796 2998 4012 3059 δικαιο·

2310 3104 2493 3183 σύνης
2519 3103 2628 3167 τὸν
2657 3103 2973 3182 σύμπαντα
3000 3099 3256 3181 οὐρανόν
3283 3123 3350 3162 τε
3383 3096 3577 3180 (Cod.
3597 3099 3864 3162 Armen.
3891 3107 4014 3162 ter-

2306 3210 2480 3292 ram)
2530 3208 2627 3270 καὶ
2675 3206 2902 3283 κόσμον
2942 3203 3255 3285 βραβεύει.
3317 3205 3575 3280 βασιλεῖ
3619 3201 3685 3263 δὲ
3729 3200 3837 3264 οὐκ
3884 3200 4014 3265 ἔστι

2308 3311 2638 3391 πρόσρησις
2691 3309 3079 3390 (πρόστρησις
3120 3303 3221 3369 ed.
3266 3305 3488 3369 Venet.
3535 3302 3784 3385 vitiose)
3834 3306 4008 3370 οἰκει·

2311 3411 2490 3495 οτέρα
2518 3413 2757 3494 πατρός.
2806 3409 2841 3474 δ
2869 3412 2987 3492 γὰρ
3018 3410 3086 3473 ἐν
3114 3412 3241 3475 ταῖς
3267 3408 3646 3489 συγγενείαις
3665 3406 3814 3489 πρὸς
3833 3408 4014 3472 τέκνα

2310 3520 2527 3598 γονεῖς,
2579 3518 2752 3578 τοῦτο
2801 3510 3095 3592 βασιλεὺς
3148 3512 3261 3590 μὲν
3311 3508 3458 3591 πρὸς
3502 3511 3702 3584 πόλιν,
3756 3508 3902 3591 πρὸς
3946 3512 4013 3574 δὲ

2312 3618 2538 3698 κόσμον
2568 3619 2603 3680 ὁ
2632 3615 2767 3682 θεὸς
2804 3616 3100 3697 (Armen.
3143 3635 3302 3676 vers.
3339 3610 3557 3675 addit:
3609 3619 3654 3651 ‘⁴
3688 3612 3895 3680 Quam
3928 3611 4012 3677 ob

2309 3742 2439 3784 rem
2471 3717 2643 3806 apud
2676 3715 3178 3805 probatissimum
3210 3712 3835 3800 laudatissimumque
3861 3723 4009 3801 poe-

2313 3837 2540 3898 tarum,
2575 3822 2951 3896 Homerum,
2984 3819 3177 3882 Pater
3199 3816 3476 3881 virorum
3507 3832 3572 3881 et
3602 3817 3885 3881 Deorum
3905 3841 4013 3882 vo-

2310 3939 2487 3990 catus
2512 3923 2638 3989 fuit
2664 3925 2712 3987 J
2717 3920 3032 4010 uppiter”)
3053 3922 3157 3986 δύο
3190 3920 3488 3986 κάλλιστα
3510 3922 3748 4004 φύσεως
3770 3927 4013 4003 θεσμοῖς

2311 4027 2622 4108 ἀκινήτοις,
2655 4026 2948 4111 ἆδιαλύτῳ
2980 4026 3193 4090 ἐνόσει
3228 4023 3357 4106 (ed.
3389 4025 3609 4089 Venet.
3659 4026 3887 4090 ἔνωσεν
3917 4025 4007 4089 vi·

2311 4130 2489 4212 tiose)
2523 4128 2936 4213 ἁρμοσάμενος
2971 4128 3040 4192 τὸ
3078 4126 3435 4209 ἡγεμονικὸν
3461 4132 3612 4209 μετὰ
3639 4133 3745 4192 τοῦ
3774 4134 4015 4209 κηδεμο-

2312 4238 2496 4302 νικοΰ.
2586 4235 2690 4297 Ex
2719 4235 2988 4296 Armen.
3031 4230 3309 4295 versione
3345 4229 3680 4317 legendum
3724 4230 4007 4297 videtur:

2312 4335 2606 4418 ἀκινήτοις
2650 4334 2744 4399 καὶ
2789 4334 3086 4419 ἆδιαλύτῳ
3118 4335 3205 4398 ἑν.
3242 4336 3537 4415 ἅρμοσαμ.
3632 4335 3724 4397 Et
3752 4332 4012 4399 fortasse

2312 4439 2620 4528 placuerit
2646 4436 2867 4502 etiam:
2917 4437 3131 4501 ἐνόσει
3153 4434 3695 4517 συναρμοσάμενος.
3759 4438 3863 4502 De
3891 4436 4016 4502 dis-

2311 4541 2572 4608 crimine
2597 4538 2905 4622 βασιλέως
2923 4555 2987 4603 et
3014 4538 3304 4620 τυράννου
3334 4554 3724 4631 non-repetO,
3755 4562 3902 4626 quae
3930 4540 4013 4606 ad

2315 4646 2449 4711 Cic.
2478 4644 2561 4710 de
2590 4645 2799 4731 Legg.
2836 4642 2978 4707 ΙΙΙ.
3016 4659 3075 4724 7.
3099 4663 3161 4728 p.
3190 4640 3344 4721 408.
3367 4657 3430 4706 et
3461 4642 3602 4706 III.
3639 4663 3660 4706 ι
3682 4663 3735 4707 1.
3770 4666 3836 4731 p.
3859 4664 4008 4730 430.

2312 4763 2378 4814 et
2407 4772 2470 4835 p.
2501 4765 2650 4832 724.
2681 4744 2782 4811 ed.
2826 4746 3064 4809 Moser.
3108 4757 3173 4808 et
3210 4760 3406 4808 nostr.
3452 4745 3741 4832 interprr.
3786 4769 4008 4833 posue·

2313 4864 2503 4916 runt:
2549 4848 2709 4913 illud
2752 4869 2881 4912 uno
2917 4846 3111 4911 verbo
3155 4847 3465 4911 monuisse
3506 4847 3792 4929 sufficiat,
3839 4852 4011 4939 apud

2314 4970 2554 5020 veteres
2596 4950 2926 5039 scriptores
2964 4948 3168 5014 multa
3207 4948 3353 5036 legi,
3384 4972 3530 5036 quae
3554 4951 3741 5039 plane
3769 4955 3832 5018 in
3863 4978 4007 5020 con-

2313 5056 2565 5123 trariam
2588 5052 2977 5119 Philonianae
2997 5067 3062 5118 et
3091 5052 3464 5117 Plotinianoe
3480 5058 3845 5122 sententiam
3869 5083 4014 5146 pro-

2314 5159 2604 5226 nuntiata
2633 5157 2777 5222 sint.
2825 5155 2969 5220 Vid.
2988 5155 3178 5221 modo
3200 5156 3445 5220 Lucani
3469 5158 3692 5224 Phars.
3724 5161 3838 5226 IV.
3862 5162 4008 5245 807.

2315 5278 2380 5329 et
2432 5260 2645 5328 Taciti
2687 5258 2960 5324 Historr.
3005 5259 3063 5325 1.
3110 5277 3171 5344 3.
3218 5273 3285 5322 et
3332 5281 3477 5345 quae
3519 5259 3607 5326 ibi
3649 5260 4015 5350 interpretes

2314 5364 2741 5431 contulerunt.
2830 5364 3070 5427 Contra
3105 5360 3431 5427 Hierocles
3459 5363 3739 5429 Platonis
3766 5365 4015 5436 decreta

2316 5487 2639 5556 exponens
2674 5464 2777 5528 De
2816 5460 3224 5528 Providentia
3262 5486 3328 5551 p.
3352 5480 3459 5549 52.
3490 5487 3628 5552 sqq.
3674 5466 3803 5531 Ed.
3835 5469 4013 5535 Lon-

530 5565 954 5635 similitudinis
980 5566 1293 5632 wercum
1313 5573 1375 5633 et
1400 5567 1808 5654 imperatorie
1835 5564 2230 5632 adhibendae.
2296 5568 2452 5731 2din.
2481 5570 2793 5653 (extrema
2820 5568 2987 5635 enim
3018 5569 3454 5635 tantummodo
3485 5578 4016 5669 apponam)-xa2

2199 5677 2261 5730 X
