5118 6613
1271 539 1469 603 LIB.
1520 539 1635 602 1v.
1683 538 2145 604 ENNEAD.
2196 537 2674 616 QUARTAE.
2720 561 2784 625 p.
2820 540 3185 623 777—786·
3871 556 3988 624 23¹

488 738 688 797 χουσα
703 716 814 776 τοῦ
842 714 1068 792 κόσμου
1093 711 1302 784 τόπον,
1326 712 1432 777 τᾶς
1451 710 1709 793 ἀνάψεις
1737 714 1843 774 τοῦ
1867 711 2192 792 μεταρσίου

489 820 744 879 ποιεῖται
771 814 955 896 πυρὸς
992 811 1098 895 ἀφ’
1131 815 1357 891 ἑαυτῆς.
1448 812 1791 900 Euripides
1822 811 1996 899 apud
2043 814 2190 877 Ma-

491 917 772 982 crobium
808 917 1063 981 Saturn.
1100 915 1159 978 I.
1197 933 1300 999 23.
1341 915 1626 1002 (Fragm.
1657 935 1723 977 n.
1760 914 1976 998 178.)=

732 1025 818 1079 καὶ
837 1025 963 1096 γαῖα
983 1023 1166 1093 μῆτερ·
1209 1020 1425 1075 Ἑστίαν
1451 1021 1513 1076 δέ
1538 1019 1593 1075 σ·’
1621 1022 1672 1075 01
1700 1022 1869 1093 σοφοὶ

732 1124 943 1192 fimi-67
967 1121 1220 1174 καλοῦσιν
1245 1118 1435 1188 ἡμένη,
1461 1119 1517 1173 ἐν
1543 1118 1729 1191 αἷθέρι.

495 1230 686 1296 Unde
713 1229 984 1296 Ovidius
1014 1231 1258 1294 Fastor.
1293 1230 1413 1294 VI.
1451 1231 1572 1311 267
1602 1254 1617 1293 z
1669 1236 1713 1268 “
1756 1231 1934 1294 Vesta
1982 1232 2197 1296 eadem

489 1342 602 1412 est,
632 1354 779 1422 quoe
798 1333 1037 1398 terra?⁹
1076 1331 1157 1396 cf.
1185 1334 1333 1413 460.
1403 1331 1587 1396 Idem
1615 1355 1714 1396 vs.
1746 1351 1865 1416 291
1898 1357 1912 1396 ε

495 1446 535 1471 “
548 1439 680 1498 Nec
693 1451 756 1497 tu
773 1437 923 1496 aliud
949 1438 1183 1506 Vesmt,
1201 1456 1371 1516 quam
1392 1437 1572 1495 vivam
1592 1436 1848 1516 intellige
1846 1437 2198 1515 flammam.”

495 1533 876 1599 Plutarchus
915 1533 980 1597 in
1027 1534 1245 1597 Numa
1286 1555 1339 1598 c.
1393 1533 1529 1597 XI.
1577 1554 1644 1619 p.
1675 1552 1829 1617 301.
1879 1533 2195 1621 Leopold.

496 1638 702 1701 Veste
743 1657 919 1700 sacra
944 1632 1163 1699 abillo
1193 1656 1342 1720 rege
1369 1632 1656 1697 instituta
1697 1634 1925 1698 Romae
1960 1657 2193 1699 memo-

493 1761 640 1804 rans
668 1737 1216 1826 Pyibagoreorum
1247 1735 1328 1799 de
1363 1734 1509 1822 igne
1545 1734 1609 1799 in
1656 1735 1864 1800 medio
1905 1736 2194 1802 Universi

493 1843 856 1922 comtituto,
882 1863 1080 1928 quam
1114 1841 1370 1904 Vestam
1408 1839 1645 1920 dicant,
1690 1840 2057 1905 sententiam
2102 1864 2196 1906 re-

489 1948 634 2012 fert.
724 1947 886 2024 Quoe
941 1944 1192 2008 decreta
1245 1942 1674 2030 Pythagorica
1727 1958 1788 2007 et
1847 1945 2189 2030 praesertim

495 2047 839 2114 Philolaica
873 2068 958 2112 an
994 2060 1056 2111 et
1094 2059 1409 2132 quatenus
1436 2045 1501 2109 in
1533 2045 1884 2110 Phaedrum
1913 2045 2197 2112 Platonis

492 2152 533 2218 1.
567 2150 610 2218 l.
654 2151 780 2215 vim
839 2148 1196 2228 habuerint,
1239 2148 1554 2214 examinat
1600 2149 1874 2213 Boeckh.
1917 2149 1980 2213 in
2034 2148 2196 2214 libro

494 2252 869 2319 vernaculo:
917 2252 1239 2318 Philotam
1272 2251 1381 2317 des
1425 2253 1898 2341 Pythagoream
1941 2253 2193 2317 labrem

492 2378 554 2443 p.
594 2376 738 2438 104.
768 2378 905 2443 sqq.
998 2354 1161 2432 Alia,
1193 2378 1340 2441 quae
1367 2354 1501 2441 ipse
1527 2354 1608 2419 de
1643 2357 1830 2419 Vesta
1856 2369 1921 2419 et
1965 2357 2194 2421 Cerere

495 2459 809 2547 disputavi
841 2458 904 2522 in
949 2456 1232 2546 Symbol.
1279 2470 1343 2521 et
1380 2456 1787 2545 Mythologia
1820 2457 1958 2522 Vol.
1991 2460 2093 2522 11.
2124 2482 2188 2546 p.

495 2566 642 2628 622.
670 2561 775 2626 ed.
804 2560 1006 2639 alter„
1037 2583 1163 2624 non
1193 2559 1418 2625 attinet
1444 2559 1547 2624 hic
1577 2559 1860 2625 recolere.

573 2679 825 2752 p.779,
861 2682 959 2745 14.
1011 2662 1107 2726 καὶ
1155 2663 1292 2743 περὶ
1346 2666 1454 2725 τοῦ
1506 2666 1846 2742 θυμοειδοῦς
1883 2662 2186 2748 ζητητέον]

495 2766 765 2832 Fundus
790 2764 856 2830 in
876 2788 1007 2851 quo
1034 2764 1168 2829 haec
1198 2763 1539 2851 disputatio
1552 2764 1976 2843 constituitur,
2006 2779 2101 2830 est
2130 2765 2193 2829 in

495 2869 779 2936 Platonis
840 2868 1091 2933 Timoeo
1148 2890 1211 2955 p.
1263 2883 1370 2950 70.
1423 2869 1509 2931 A.
1573 2891 1711 2954 sqq.
1772 2891 1839 2955 p.
1890 2871 1995 2954 89.
2055 2891 2197 2956 sqq·

576 3097 643 3161 p.
677 3074 827 3156 781,
867 3091 964 3156 17.
1015 3073 1089 3137 αὖ
1116 3072 1225 3151 τὴν
1241 3072 1482 3162 ψυχὴν]
1518 3073 1623 3137 lta
1651 3072 1798 3136 dedi
1826 3073 2198 3138 auctoritate

492 3178 800 3243 bonorum
824 3174 1033 3239 Codd.
1063 3173 1243 3238 Edit.
1276 3174 1479 3254 αὐτήν.
1552 3176 1653 3240 De
1685 3175 1801 3240 hac
1829 3175 2196 3241 confusione

491 3279 675 3369 plura
702 3278 1001 3344 Schoefer.
1034 3276 1100 3342 in
1125 3275 1513 3343 Meletemm.
1548 3301 1616 3367 p.
1644 3299 1749 3364 39.
1782 3290 1845 3344 et
1876 3301 1941 3366 p.
1980 3299 2117 3366 103.

574 3405 637 3470 p.
673 3383 821 3466 782,
861 3401 954 3446 10.
999 3380 1179 3461 ἧττον
1207 3385 1504 3445 κινεῖσθαι
1540 3382 1690 3464 πρὸς
1730 3384 1915 3465 ὀργὰς
1965 3382 2195 3465 (delevi

490 3490 594 3554 τάς
617 3507 766 3551 cum
793 3483 1116 3573 plurimm.
1136 3482 1351 3566 codd.)
1381 3486 1478 3548 καὶ
1501 3486 1707 3570 ἀλόγῳ
1736 3486 2046 3573 ἀπαθείᾳ]
2080 3485 2189 3549 Fi-

490 3589 666 3655 cinus
692 3587 845 3675 legit
874 3589 1079 3673 ἀλόγῳ
1106 3585 1303 3651 πάθει.
1354 3586 1558 3651 Codd.
1592 3586 1748 3650 nihil
1778 3587 2044 3665 variant,
2075 3587 2193 3651 nisi

489 3691 661 3779 quod
692 3712 861 3755 unus
889 3689 1001 3753 dat
1030 3690 1278 3753 ἀπαθία.
1344 3688 1491 3753 Sine
1519 3687 1694 3753 libris
1722 3688 1894 3753 nolui
1923 3703 2194 3767 mutare,

489 3793 596 3859 sed
643 3792 938 3858 Plotinus
987 3789 1300 3878 scripsisse
1335 3789 1590 3856 videtur
1639 3793 1844 3878 ἀλόγῳ
1890 3792 2190 3877 εὐπαθείᾳ.

491 3898 655 3961 Nam
687 3895 802 3960 etsi
834 3893 1118 3960 εὐπάθεια
1145 3909 1217 3957 ut
1247 3892 1588 3980 plurimum
1622 3893 1788 3958 idem
1818 3894 1949 3958 fere
1978 3907 2073 3958 est
2099 3908 2192 3959 at-

491 4022 615 4086 que
657 3995 1004 4078 ἡδυπάθεια,
1038 3994 1167 4059 sive
1213 3994 1428 4059 suavis
1464 4018 1681 4060 sensus
1716 3994 1813 4059 vel
1857 3994 2052 4060 animi
2092 3995 2193 4059 vel

489 4099 802 4188 corporis:
856 4097 1025 4181 (Vid.
1057 4099 1305 4163 doctam
1350 4113 1563 4163 annot.
1595 4097 2068 4187 Wyttenbachii
2108 4097 2192 4162 ad

491 4201 819 4268 Plutarch.
864 4200 947 4266 de
994 4200 1193 4266 Sanit.
1239 4201 1497 4265 Tuend.
1540 4225 1604 4290 p.
1640 4202 1788 4285 846.
1823 4225 1919 4288 sq.
2008 4201 2193 4266 Adde

493 4304 815 4370 Plotinum
874 4303 1079 4391 ipsum
1128 4302 1295 4368 infra
1350 4327 1416 4391 p.
1465 4307 1612 4387 726.
1670 4307 1776 4386 C.)
1834 4319 1930 4370 est
1983 4320 2191 4369 tamen

489 4408 695 4486 etiam,
729 4406 837 4471 ubi
869 4429 946 4470 ex
978 4405 1312 4493 Adjectivo
1342 4406 1597 4486 εὐπαθὴς
1622 4406 1908 4472 adsciscit
1936 4407 2062 4471 vim
2094 4410 2190 4472 ir·

491 4510 909 4575 mitaris.
973 4508 1124 4573 Vid.
1171 4508 1525 4573 Alexandri
1574 4509 1919 4597 Aphrodis.
1979 4509 2188 4574 locum

492 4612 706 4677 Probl.
744 4613 844 4676 11.
876 4610 941 4676 in
974 4610 1193 4698 Steph.
1228 4610 1423 4675 Thes.
1471 4611 1676 4676 Lond.
1718 4611 2077 4700 appositum
2120 4634 2186 4700 p.

496 4732 684 4800 7254.

570 4850 657 4869 -
692 4836 788 4897 14.
839 4816 1181 4892 (ἕσις-καὶ
1239 4816 1670 4899 ἀγανάκτησις]
1731 4817 1835 4882 Cf.
1889 4840 2083 4905 supra
2125 4843 2184 4906 p.

487 4938 636 5001 412.
655 4922 746 4985 A.
771 4918 922 5006 ibiq.
950 4920 1198 4983 Annot.

569 5045 633 5110 p.
670 5022 821 5102 784,
862 5023 960 5086 16.
1003 5021 1114 5100 τὴν
1141 5023 1207 5085 δὲ
1247 5021 1594 5087 ἀντιτυπίαν
1621 5022 1690 5086 τὸ
1722 5025 1788 5087 ἐκ
1815 5023 2056 5088 πάντων
2083 5025 2183 5088 οὖ-

489 5149 605 5189 σαν
630 5125 714 5204 μὴ
738 5123 976 5211 μένειν]
1027 5123 1259 5188 Utrum
1290 5124 1359 5187 τὸ
1392 5126 1458 5189 ἐκ
1485 5124 1726 5189 πάντων
1753 5124 2184 5213 accipiendum

486 5226 566 5291 ad
607 5225 960 5313 analogiam
988 5224 1403 5291 formularum
1443 5227 1512 5291 τὸ
1562 5228 1867 5310 παράπαν,
1912 5228 1982 5293 τὸ
2027 5229 2182 5309 πάμ-

486 5352 622 5403 παν,
652 5351 733 5393 an
764 5327 1164 5393 scribendum
1198 5328 1308 5408 τὴν
1338 5331 1404 5394 ἐκ
1432 5329 1674 5394 πάντων
1694 5334 1723 5394 ἓ
1772 5332 1919 5396 Ηο0
1945 5345 2185 5416 praetu-

487 5429 655 5495 lerim
683 5431 772 5495 ob
798 5452 1069 5516 sequens
1106 5433 1339 5496 οὗσανι
1387 5454 1687 5519 reponere
1716 5433 1848 5498 sine
1875 5432 2050 5497 libris
2078 5454 2184 5497 no-

486 5530 590 5597 lui.
681 5534 787 5598 De
808 5535 1118 5618 ἀντιτυπίᾳ
1135 5532 1377 5599 dictum
1396 5550 1491 5600 est
1518 5535 1804 5623 supraad
1832 5559 1898 5623 p.
1925 5535 2065 5600 180.
2094 5536 2179 5600 G.

2280 711 2580 777 Proxime
2625 710 2885 775 Ficinus
2920 710 3141 798 legisse
3169 710 3419 777 videtur
3456 732 3579 797 pro
3619 713 3778 797 νόμῳ
3814 713 3989 795 ὄρᾷν,

2279 817 2584 896 -ὁμοίως
2606 818 2686 901 νῷ
2705 816 2891 899 ὁρᾷνε
2925 829 2989 878 et
3016 813 3105 878 ita
3125 814 3460 902 legendum
3483 814 3754 902 judices.
3807 813 3981 878 Libri

2281 916 2369 982 nil
2398 917 2726 1005 adjuvant.

2370 1042 2437 1106 p.
2474 1022 2623 1103 786,
2659 1040 2718 1084 2.
2767 1021 2863 1084 καὶ
2892 1018 3241 1102 εὐχῶν-ἀς
3260 1020 3410 1101 πρὸς
3435 1021 3611 1099 ἥλιον
3633 1018 3983 1099 ποιούμεθα,

2287 1126 2385 1189 καὶ
2413 1124 2484 1204 δὴ
2514 1125 2611 1188 καὶ
2637 1123 2785 1206 πρὸς
2812 1125 3005 1204 ἄστρα
3034 1124 3215 1186 ἄλλοι
3251 1124 3407 1188 τινες
3446 1121 3802 1210 ἅνθρωποι]
3849 1123 3989 1185 An·

2285 1225 2553 1312 tiquitus
2581 1249 2618 1289 a
2664 1224 2908 1291 Graecis
2934 1223 3120 1289 etiam
3151 1237 3316 1288 astra
3345 1246 3478 1288 esse
3506 1223 3764 1287 adorata
3790 1222 3984 1309 conji-

2283 1330 2407 1396 cias
2450 1353 2529 1394 ex
2577 1328 2860 1394 Platonis
2904 1326 3150 1415 Cratyli
3191 1326 3289 1391 his
3318 1350 3380 1414 p.
3412 1345 3560 1412 397.
3593 1329 3668 1391 C.
3693 1328 3795 1390 D:
3845 1330 3985 1409 φαί·

2285 1435 2495 1498 νονταί
2521 1458 2625 1512 μοι
2669 1434 2727 1496 οἱ
2769 1437 2988 1514 πρῶτοι
3030 1436 3150 1494 τῶν
3194 1431 3522 1512 ἀνθρώπων
3559 1435 3677 1493 τῶν
3717 1428 3852 1510 περὶ
3880 1428 3988 1507 τὴν

2281 1534 2556 1600 Ἑλλάδα
2585 1536 2826 1600 τούτους
2850 1535 3068 1613 μόνους
3096 1533 3268 1600 θεοὺς
3299 1533 3596 1614 ἡγεῖσθαι,
3627 1534 3852 1614 οὕσπερ
3882 1535 3989 1595 νῦν

2282 1638 2504 1703 πολλοὶ
2532 1642 2651 1701 τῶν
2678 1635 3030 1718 βαρβάρων,
3058 1635 3253 1714 ἥλιον,
3286 1635 3382 1698 καὶ
3410 1632 3694 1713 σελήνην,
3728 1635 3824 1698 καὶ
3850 1638 3990 1717 γῆν,

2285 1741 2382 1805 καὶ
2425 1741 2639 1820 ἄστρα,
2673 1737 2769 1801 καὶ
2798 1738 3074 1819 οὐρανόν.
3167 1737 3328 1814 Quae
3372 1751 3734 1823 congruunt
3779 1737 3987 1800 Hero-

2282 1844 2487 1908 doteae
2516 1839 2855 1905 narrationi
2885 1838 2966 1904 de
2995 1854 3276 1903 veterum
3311 1840 3647 1903 Persarum
3677 1837 3991 1926 religioni-

2280 1948 2402 2012 bus
2434 1946 2489 2009 1.
2532 1963 2677 2029 131.
2769 1943 2950 2006 Idem
2981 1939 3085 2005 ille
3113 1941 3194 2005 de
3232 1943 3433 2028 Legg.
3470 1942 3564 2005 X.
3597 1965 3667 2029 p.
3701 1941 3849 2023 887.
3881 1943 3981 2007 Ε;

2283 2047 2724 2115 ἀνατέλλοντος
2750 2071 2816 2109 τε
2843 2046 3016 2124 ἡλίου
3048 2045 3143 2108 καὶ
3172 2043 3432 2123 σελήνης
3462 2045 3559 2108 καὶ
3585 2043 3734 2125 πρὸς
3762 2048 3989 2125 δυσμὰς

2284 2155 2497 2217 ίόντων
2524 2150 2905 2231 προκυλίσεις
2932 2144 3055 2226 ἅμα
3086 2149 3182 2211 καὶ
3208 2146 3644 2227 προσκυνήσεις
3672 2147 3988 2214 ἀκούοντές

2279 2280 2345 2319 τε
2378 2255 2471 2318 καὶ
2501 2254 2756 2333 ὁρῶντες
2781 2248 3101 2329 Ἑλλήνων
3133 2274 3201 2313 τε
3244 2250 3340 2313 καὶ
3377 2247 3710 2330 βαρβάρων
3746 2249 3988 2313 πάντων

2283 2385 2333 2421 κ.
2355 2382 2409 2421 τ.
2434 2362 2497 2418 λ.
2549 2353 2655 2417 Cf.
2679 2351 2829 2416 ibid.
2859 2352 2994 2416 XI.
3028 2374 3089 2438 p.
3123 2369 3269 2436 931.
3295 2351 3371 2414 A.
3450 2351 3542 2413 Et
3565 2349 3626 2412 in
3655 2350 3987 2437 Symposio

2280 2459 2413 2546 ipse
2445 2458 2731 2521 Socrates
2758 2477 2822 2541 p.
2855 2472 2979 2520 220
3004 2451 3374 2532 ε-εἱστήκει
3396 2453 3574 2536 μέχρι
3604 2454 3713 2521 ἕως
3742 2452 3987 2536 ἐγένετο

2283 2563 2378 2626 καὶ
2420 2562 2589 2640 ἥλως
2631 2557 2914 2641 ἀνέσχεν·
2964 2556 3169 2620 ἔπειτα
3208 2553 3379 2641 ᾤχετ’
3422 2557 3614 2620 ἀπιὸν
3654 2556 3983 2638 προσευξά·

2278 2691 2458 2745 μενος
2505 2668 2587 2751 τῷ
2631 2664 2822 2748 ἡλίῳς
2871 2682 3061 2746 quem
3108 2658 3270 2722 Solis
3312 2657 3552 2723 cultum
3598 2658 3727 2723 suis
3771 2659 3986 2724 Plato-

2281 2768 2518 2832 nicisne
2565 2789 2646 2831 an
2698 2764 2943 2830 civibus
2995 2762 3217 2827 tribuit
3258 2760 3585 2825 Plotinus:
3634 2774 3985 2826 ceterorum

2283 2887 2595 2937 astrorum
2625 2867 2762 2932 aliis
2782 2864 3123 2931 nonnullis.
3168 2865 3227 2927 Τ
3231 2888 3273 2928 u
3304 2863 3431 2928 vid.
3458 2863 3769 2929 Clement.
3793 2863 3985 2929 Alex.

2287 2975 2602 3061 Protrept.
2632 2994 2694 3059 p.
2731 2989 2835 3036 22.
2886 2969 3147 3034 Potteri.
3177 2969 3224 3031 J
3227 2966 3444 3054 osephi
3474 2963 3746 3053 Antiqq.
3775 2966 3823 3031 J
3830 2966 3983 3032 udd.

2283 3078 2432 3141 XV.
2473 3096 2570 3141 10.
2623 3073 3116 3138 Zend·avestmn
3164 3071 3263 3135 ΙΙ.
3304 3089 3368 3155 3.
3423 3071 3669 3134 Caesar..
3699 3069 3780 3134 de
3826 3069 3990 3135 Bell.

2286 3179 2451 3245 Gall.
2492 3181 2611 3243 VI.
2650 3197 2753 3244 21.
2809 3175 3014 3240 Tacit.
3064 3175 3369 3239 German.
3415 3195 3466 3236 0.
3511 3192 3620 3253 40.
3668 3184 3731 3236 et
3775 3172 3992 3238 confer

2283 3282 2486 3348 Ficini
2515 3295 2959 3368 argumentum
2991 3276 3184 3365 hujus
3221 3274 3481 3364 capitis-3
3526 3274 3813 3341 'l'urnebi
3842 3275 3984 3341 Ad·

2283 3409 2544 3451 versarr.
2573 3384 2849 3448 XXIV.
2876 3400 2983 3468 35.
3018 3383 3244 3468 Payne
3272 3378 3533 3467 Knight
3554 3381 3836 3466 Inquioy
3855 3381 3991 3445 im

2283 3490 2384 3554 the
2402 3486 2769 3576 symbolical
2791 3486 3157 3572 Langnage
3170 3483 3393 3568 osane.
3423 3482 3551 3545 Art
3577 3482 3711 3545 aoid
3731 3482 3820 3545 Μ
3805 3480 3991 3567 ysto-

2276 3593 2432 3683 logy
2462 3593 2524 3674 ᾗ.
2559 3610 2615 3653 2.
2646 3612 2712 3677 p.
2749 3608 2804 3651 1.
2836 3602 2899 3652 et
2928 3610 3073 3673 quae
3101 3585 3235 3672 ipse
3270 3584 3456 3671 posui
3494 3582 3559 3646 in
3609 3581 3988 3670 Symbolicae

2281 3694 2420 3759 Vol.
2457 3695 2517 3757 Ι.
2548 3715 2615 3779 p.
2648 3713 2709 3773 4.
2743 3714 2839 3777 sq.
2863 3689 2965 3754 ed.
2995 3687 3105 3752 alt.
3184 3688 3297 3751 Ad
3325 3710 3422 3765 ea,
3448 3709 3597 3772 quae
3626 3685 3889 3751 Ficinus
3914 3687 3982 3752 in

2277 3807 2656 3882 argumento
2685 3790 2880 3877 hujus
2911 3787 3133 3874 capitis
3174 3787 3254 3851 de
3296 3785 3579 3851 Platonis
3622 3809 3814 3874 super
3855 3788 3985 3853 sole

2277 3895 2563 3961 doctrina
2590 3892 2820 3980 attigit,
2853 3890 3167 3977 pertinent
3194 3889 3335 3954 baec
3360 3888 3685 3954 Ammiani
3715 3890 3985 3956 Marcel-

2276 3998 2385 4062 lini
2420 3998 2639 4061 XXI.
2669 4017 2726 4060 1.
2759 4015 2828 4060 11
2861 4020 2881 4070 ;
2931 4001 2975 4033 ‘⁴
3009 3991 3117 4058 Sol
3147 3993 3339 4074 enim,
3369 4005 3445 4057 ut
3484 3992 3665 4058 aiunt
3703 3994 3983 4083 Physici,

2276 4124 2453 4165 mens
2480 4099 2725 4178 mundi,
2766 4113 3010 4163 nostras
3047 4110 3289 4162 mentes
3325 4118 3404 4160 ex
3449 4118 3581 4160 sese
3608 4095 3785 4162 velut
3827 4097 3985 4163 scin-

2278 4203 2443 4269 tillas
2484 4201 2919 4280 diffunditans,
2951 4223 3095 4264 cum
3136 4222 3241 4264 eas
3281 4197 3631 4263 incenderit
3654 4199 3985 4266 vehemen-

2278 4305 2425 4385 tius,
2468 4305 2675 4370 futuri
2715 4303 2989 4369 conscias
3029 4300 3298 4368 reddit.''
3388 4302 3554 4372 Quae
3605 4319 3981 4390 sequuntur,

2279 4408 2375 4473 καὶ
2402 4408 2791 4472 πεπίστευται
2817 4408 2895 4474 ὥς
2923 4403 2995 4470 δι’
3020 4405 3212 4469 αὐτῶν
3240 4404 3439 4471 αὐτοῖς
3465 4406 3672 4468 πολλᾶ
3699 4410 3979 4481 τελεῖται,

2279 4538 2331 4574 κ.
2351 4535 2407 4573 τ.
2426 4518 2488 4574 λ.
2538 4508 2861 4573 Villoison.
2893 4507 2958 4570 in
2999 4505 3345 4571 Anecdott.
3387 4506 3537 4570 Grr.
3587 4507 3684 4570 ΙΙ.
3716 4528 3784 4593 p.
3828 4524 3976 4590 227.

2274 4635 2414 4698 sqq.
2458 4635 2495 4675 e
2530 4610 2783 4674 dnobus
2820 4607 3027 4674 codd.
3061 4609 3645 4672 Venett.—Marcc.
3677 4623 3978 4697 tanquam

2274 4714 2510 4779 inedita
2550 4713 2840 4778 exhibuit
2882 4711 3000 4776 hac
3040 4709 3442 4798 inscriptione
3484 4724 3550 4774 et
3589 4709 3711 4774 hoc
3756 4710 3975 4778 initio:

2275 4821 2595 4882 Πλωτίνου
2620 4818 2758 4899 περὶ
2784 4821 2891 4880 τοῦ
2916 4821 3041 4883 παῖς
3078 4817 3190 4897 δρᾷ
3224 4815 3267 4893 ἡ
3304 4813 3554 4895 οὐρανία
3587 4812 3850 4883 διάθεσις
3895 4820 3980 4885 εἰς

2273 4920 2381 4985 τὸν
2408 4921 2716 5003 περίγειον
2746 4921 2989 4998 κόσμον.
3062 4915 3309 4995 Ἐπειδὴ
3336 4915 3744 4989 πεπίστευται,
3777 4918 3855 4985 ὥς
3880 4924 3977 4983 διὸ

2272 5029 2391 5087 τῶν
2421 5024 2659 5105 ἄστρων
2686 5024 2895 5085 πολλὰ
2913 5025 3261 5083 τελεῖται-

2360 5162 2446 5175 -
2484 5146 2585 5190 10.
2634 5125 2731 5189 καὶ
2760 5121 3131 5189 ἀκολάστους
3173 5119 3542 5208 συλλήψεις]
3593 5120 3977 5188 Concubitus

2276 5227 2462 5292 vertit
2493 5225 2790 5301 Ficinus;
2825 5225 2943 5290 boc
2964 5223 3219 5311 quidem
3243 5222 3382 5287 1000
3409 5244 3537 5287 non
3567 5221 3747 5288 male.
3820 5225 3977 5289 Pro-

2271 5330 2408 5418 prie
2444 5331 2891 5416 conceptiones.
2982 5326 3310 5392 Plutarchi
3355 5325 3614 5390 Romul.
3650 5324 3787 5388 XI.
3817 5347 3877 5407 4.
3909 5349 3974 5414 p.

2279 5454 2305 5498 1
2324 5453 2421 5519 13.
2455 5432 2755 5521 Leopold.
2790 5457 2805 5497 t
2853 5433 2963 5512 τὴν
2988 5434 3103 5513 μὲν
3132 5433 3201 5497 ἑν
3239 5435 3310 5511 τῇ
3337 5432 3512 5512 μητρὶ
3538 5434 3645 5493 τοῦ
3667 5427 3977 5510 Ῥωμύλου

2275 5535 2595 5619 γεγονέναι
2623 5537 2938 5618 σύλληψιν
2968 5534 3090 5599 ἔτει
3115 5536 3326 5619 πρώτῳ
3353 5536 3456 5611 τῆς
3482 5529 3759 5613 δευτέρας
3785 5534 3969 5615 ὀλυμ-
