5118 6613
1046 552 1176 623 452

1051 709 1192 770 visui
1240 709 1480 769 formam
1542 709 1666 769 caeli
1728 729 1845 768 non
1906 706 2157 787 imprimi

1089 790 1362 887 ’quinque
1386 792 1730 884 argumentis
1752 791 2022 870 probatur
2036 805 2111 865 45
2123 808 2155 848 2

1052 872 1212 941 visui,
1235 893 1362 951 quae
1385 871 1782 951 subjiciuntur,
1803 872 1997 930 omnia
2016 889 2157 939 esse,

1121 954 1434 1033 eademque
1456 973 1569 1012 non
1591 972 1715 1014 esse
1733 951 2013 1031 simplicia
2040 965 2155 1027 557

1056 1034 1202 1094 visus
1230 1034 1446 1094 lumine
1472 1034 1688 1116 indiget
1808 1034 1927 1093 Fic.
1957 1055 2014 1112 p.
2045 1047 2155 1107 172

1056 1116 1204 1175 inter
1228 1116 1431 1174 Visum
1467 1133 1528 1175 et
1553 1114 1767 1176 visibile
1807 1122 1995 1173 aerem
2040 1133 2157 1172 non

1136 1217 1259 1257 esse
1296 1198 1612 1257 necessario
1642 1196 2065 1263 intermedium,
2095 1205 2160 1253 ut

1140 1279 1335 1338 formae
1361 1279 1413 1337 ei
1444 1277 1859 1357 imprimantur,
1891 1278 2160 1356 probatur

1138 1359 1317 1418 tribus
1344 1358 1655 1418 rationibus

1056 1440 1260 1500 vitium
1287 1440 1425 1520 quid

2037 1375 2159 1431 444

2041 1456 2162 1513 304

1058 1522 1258 1581 vitium
1288 1520 1576 1600 quomodo
1603 1531 1976 1599 cognoscatur
2081 1520 2158 1594 78

1058 1603 1254 1661 vitium
1298 1601 1473 1661 animi
1505 1601 1761 1680 quaedam
1801 1599 2159 1670 imbecillitas

1814 1681 1933 1741 Fic.
1962 1703 2018 1760 p.
2049 1699 2162 1757 134

1060 1763 1262 1823 vitium
1307 1783 1422 1823 non
1465 1777 1553 1824 est
1591 1783 1877 1823 summum
1921 1761 2133 1821 malum

1809 1845 1935 1903 Fic.
1965 1864 2018 1922 p.
2055 1861 2160 1919 133

1064 1926 1198 1986 vitia
1222 1926 1609 1986 additamenta
1648 1938 1784 1985 sunt
1813 1925 1990 2005 ipsius
2032 1923 2167 1983 mali

1062 2088 1199 2148 vitia
1226 2088 1459 2147 moralia
2127 2087 2167 2145 6

1063 2169 1199 2228 vitia
1225 2169 1428 2228 animae
1455 2182 1592 2229 sunt
1617 2168 2004 2228 additamenta
2043 2167 2165 2244 464

2056 2349 2165 2405 ι42

1063 2412 1252 2472 vivere
1275 2412 1625 2493 aequivocum
1654 2411 2016 2493 distinguitur
2089 2430 2167 2487 30

1063 2494 1247 2554 vivere
1277 2514 1393 2554 non
1422 2507 1511 2554 est
1534 2495 1835 2554 univocum
2088 2512 2121 2569 3
2137 2512 2162 2551 1

1063 2575 1288 2635 vivendi
1336 2595 1536 2635 sensus
1582 2576 1840 2671 gradatio
1881 2587 1942 2634 et
1985 2573 2168 2634 incre-

1132 2669 1392 2716 mentum
1414 2657 1702 2735 quomodo
1725 2656 1840 2716 ad
1825 2675 2010 2736 ipsum
2030 2675 2170 2736 gau-

1063 2250 1323 2310 vitiorum
1354 2250 1513 2344 origo

1061 2330 1243 2391 vivere
1273 2332 1390 2391 fato
1418 2331 1554 2411 quid

1131 2738 1207 2797 dii
1240 2740 1452 2798 bonum
1483 2738 1749 2798 ascendat
2053 2754 2163 2813 721

1065 2821 1181 2878 vita
1862 2819 1979 2877 Fic.
2008 2839 2066 2896 p.
2089 2818 2172 2892 46

1066 2901 1182 2960 vita
1206 2899 1342 2977 quid
1733 2899 1851 2958 Fic.
1880 2920 1939 2977 p.
1965 2915 2060 2974 47,
2088 2898 2169 2974 48

1147 2981 1285 3040 item
1691 2979 1811 3039 Fic.
1844 3000 1902 3058 p.
1931 2997 2023 3056 79.
2063 2981 2172 3056 198

1065 3062 1185 3121 vita
1209 3063 1393 3141 prima
1417 3082 1542 3140 quae
1829 3061 1945 3119 Fic.
1975 3081 2029 3139 p.
2054 3061 2172 3137 629

1066 3145 1182 3202 vita
1211 3163 1324 3202 una
1349 3143 1556 3222 ubique
1576 3141 1798 3222 vigente
1825 3155 2033 3201 cuncta
2059 3141 2173 3220 spi-

1150 3244 1273 3284 rare
2050 3223 2170 3297 670

1068 3306 1181 3365 vita
1207 3304 1457 3386 corporis
1483 3326 1621 3364 num
1650 3305 1891 3365 intereat
2050 3323 2170 3381 450

1069 3388 1183 3447 vita
1234 3407 1301 3446 ex
1358 3388 1703 3466 sphaerarum
1751 3385 2171 3465 conspiratione

1146 3468 1371 3546 corpori
1400 3468 1713 3528 infunditur
1825 3468 1940 3527 Fic.
1971 3488 2026 3546 p.
2055 3469 2169 3527 228

1065 3550 1183 3610 vita
1223 3550 1674 3630 extinguaturnffi
1704 3570 1778 3608 an
1806 3570 1937 3609 cum
1980 3549 2172 3608 anima

1145 3632 1399 3691 discedat
2050 3648 2167 3704 422

1068 3713 1186 3772 vita
1212 3714 1467 3791 quaedam
1506 3725 1595 3772 est
1632 3712 1840 3791 ubique
1875 3713 2041 3772 rebus
2081 3711 2169 3769 in-

1148 3796 1272 3853 fusa
1819 3791 1938 3852 Fic.
1968 3815 2025 3871 p.
2047 3794 2172 3869 436

1065 3875 1181 3935 vita
1206 3894 1242 3934 a·
1268 3889 1454 3934 morte
1474 3873 1726 3934 animam
1759 3874 1963 3954 partim
1994 3875 2172 3933 comi—

1149 3968 1316 4027 tatur,
1341 3955 1543 4035 partim
1570 3955 1788 4015 caelitus
1814 3967 2176 4015 conservatur

1068 4119 1181 4177 vita
1209 4136 1326 4175 non
1357 4116 1686 4195 simpliciter
1712 4118 1865 4176 bona
1890 4117 1956 4177 F.
1979 4136 2035 4196 p.
2059 4136 2083 4175 1
2104 4118 2171 4175 18

1068 4198 1185 4258 vita
1210 4197 1635 4277 exoptatissima
2095 4217 2168 4274 33

1069 4279 1184 4338 vita
1210 4281 1304 4339 cui
1330 4281 1482 4339 bona
2092 4282 2168 4338 62

1069 4361 1182 4420 vita
1207 4359 1526 4421 communis
1555 4360 1691 4438 quid
1812 4359 1939 4420 Fic.
1969 4381 2026 4439 p.
2054 4362 2170 4419 2ι8

1069 4443 1182 4502 vita
1207 4441 1400 4501 adulta
1424 4457 1513 4502 est
1537 4441 1860 4501 intellectus
2056 4461 2167 4518 713

1069 4523 1185 4583 vita
1225 4523 1476 4582 medium
1521 4522 1788 4602 quiddam
1840 4522 1987 4582 inter
2033 4525 2168 4582 sub-

1151 4605 1418 4664 stantiam
1448 4617 1509 4664 et
1533 4604 1793 4663 accidens
1820 4603 1940 4663 Fic.
1970 4625 2027 4682 p.
2052 4604 2171 4663 626

1057 4686 1185 4746 vita
1212 4706 1349 4744 num
1378 4686 1645 4745 omnibus
1675 4686 1825 4743 bona
1847 4684 1961 4743 Fic.
1979 4705 2039 4763 p.
2060 4705 2083 4744 1
2101 4688 2169 4745 18

1067 4768 1182 4827 vita
1209 4787 1339 4826 vera
1856 4766 1978 4826 Fic.
2009 4787 2066 4845 p.
2090 4788 2169 4845 47

997 4916 1006 4919 ,
1065 4853 1185 4909 vita
1224 4850 1390 4908 beata
1428 4846 1579 4907 circa
1619 4845 1754 4925 quid
1794 4858 2042 4907 versetur

1865 4928 1985 4987 Fic.
2015 4950 2070 5008 p.
2091 4946 2169 5004 47

1068 5013 1184 5072 vita
1209 5010 1500 5090 quomodo
1525 5008 1873 5069 instituenda
2059 5029 2170 5086 207

1067 5095 1184 5154 vita
1202 5091 1453 5153 carentia
1478 5110 1678 5150 sensus
1705 5091 1956 5171 expertia
1980 5104 2116 5150 sunt
2144 5111 2165 5150 1

1067 5178 1186 5235 vita
1212 5176 1376 5234 beata
1401 5173 1460 5232 in
1491 5185 1684 5233 mente
1865 5173 1985 5231 Fic.
2016 5193 2073 5252 p.
2097 5174 2168 5231 82

1066 5256 1180 5315 vita
1207 5258 1372 5315 beata
1391 5252 1536 5348 quid
1870 5254 1988 5312 Fic.
2017 5275 2072 5333 p.
2092 5255 2170 5329 48

1069 5338 1184 5397 vita
1209 5336 1303 5395 hic
1329 5334 1559 5430 gemina
2057 5351 2169 5410 207

1069 5418 1183 5477 vita
1209 5437 1310 5476 cur
1334 5416 1630 5475 retinenda
1823 5415 1941 5474 Fic.
1970 5435 2028 5493 p.
2060 5417 2164 5473 161

1068 5501 1189 5557 vita
1218 5496 1315 5555 viri
1344 5498 1622 5575 praecipua
2097 5514 2165 5573 15

1067 5579 1179 5638 vita
1204 5577 1520 5636 infunditur
1548 5579 1759 5657 absque
1795 5575 1999 5636 animae
2041 5596 2168 5655 pro-

1146 5657 1284 5739 priae
1314 5657 1585 5719 beneficio
1827 5658 1945 5717 Fic.
1974 5678 2029 5737 p.
2054 5659 2167 5717 228

2241 706 2354 766 vita
2379 705 2565 765 omnis
2593 719 2753 766 actus
2781 718 2871 766 est
3230 705 3343 782 267

2237 789 2355 847 vita
2381 790 2452 847 ab
2478 788 2724 848 essentia
2750 787 3038 866 quomodo
3066 787 3348 847 derivetur

3226 869 3346 927 600

2239 950 2356 1011 vita
2381 970 2566 1010 rerum
2595 949 2853 1009 omnium
2886 949 3035 1009 unde
3069 948 3346 1031 originem

2319 1032 2490 1091 ducat
3230 1049 3338 1088 201

2239 1114 2354 1171 vita
2380 1112 2739 1171 humiliorum
2769 1111 2975 1192 duplex
3230 1131 3346 1190 209

2239 1193 2352 1254 vita
2378 1193 2711 1273 simpliciter
2737 1193 2872 1272 quid
2996 1194 3120 1252 Fic.
3151 1214 3205 1271 p.
3224 1212 3338 1269 431

2241 1273 2352 1334 vita
2391 1273 2700 1335 immobilis
2740 1287 2802 1334 et
2842 1273 3068 1334 mobilis
3110 1294 3237 1352 quae

2996 1357 3115 1415 Fic.
3144 1376 3199 1434 p.
3222 1373 3342 1431 432

2241 1437 2355 1497 vita
2380 1449 2538 1496 actus
2564 1435 2712 1496 circa
2741 1439 2953 1496 bonum
2982 1456 3108 1515 quoe
3228 1452 3342 1512 713

2240 1519 2354 1578 vita
2407 1518 2466 1577 in
2523 1518 2739 1577 mundo
2797 1518 3024 1597 duplex,
3075 1523 3348 1598 cujusque

2321 1599 2501 1680 qualis
2528 1600 2768 1678 degendi
2801 1600 2943 1658 ratio
3225 1599 3346 1677 669

2241 1680 2360 1740 vita
2387 1681 2447 1740 in
2475 1695 2608 1739 ente
2635 1681 2770 1760 quid
2799 1683 2876 1740 sit
3229 1680 3347 1739 600

2239 1762 2370 1822 vitae
2412 1762 2687 1842 principia
2725 1762 2881 1822 calor
2920 1776 2979 1820 et
3019 1762 3224 1821 humor

3000 1843 3120 1902 Fic.
3150 1864 3206 1922 p.
3235 1861 3351 1917 214

2245 1924 2375 1984 vitae
2401 1924 2658 1984 definin'o
2997 1925 3114 1983 Fic.
3147 1946 3204 2002 p.
3236 1942 3345 1999 233

2246 2006 2373 2065 vitae
2397 2004 2699 2086 superioris
2725 2017 2786 2065 et
2810 2004 3089 2064 inferioris
3123 2005 3352 2064 collatio

3004 2086 3123 2146 Fic.
3152 2107 3209 2165 p.
3241 2089 3350 2163 198

2249 2170 2377 2228 vitae
2419 2183 2480 2229 et
2515 2167 2905 2249 intelligentioe
2942 2188 3152 2248 genera
3190 2168 3354 2247 plura

2249 2332 2375 2391 vitoe
2404 2330 2745 2410 principium
2766 2331 3073 2410 quodnam,
3091 2345 3151 2390 et
3172 2350 3354 2409 quan-

2331 2427 2452 2472 tum
2481 2413 2720 2471 excellat
2746 2414 3038 2471 materiam
3234 2429 3351 2488 592

2248 2496 2381 2553 vitae
2407 2493 2684 2564 essentiae,
2713 2506 2774 2552 et
2811 2493 3137 2553 intellectus
3178 2493 3351 2552 colla-

2330 2575 2412 2634 tio
3049 2575 3165 2633 Fic.
3194 2595 3249 2653 p.
3275 2575 3351 2648 48

2251 2655 2373 2715 vitae
2414 2676 2623 2736 genera
2662 2667 2820 2735 quot,
2862 2674 3170 2735 eorumque
3211 2656 3358 2714 inter

2332 2757 2394 2797 se
2419 2737 2648 2796 collatio
3223 2777 3233 2787 -
3274 2738 3354 2796 ib.

2251 2817 2379 2878 vitae
2403 2818 2748 2898 incorporea!
2775 2817 2984 2896 ubique
3012 2817 3223 2877 diffusae
3257 2819 3357 2876 de-

2331 2900 2565 2978 scriptio
3009 2900 3126 2960 Fic.
3154 2921 3211 2979 p.
3235 2900 3360 2975 436

2252 2980 2379 3040 vitae
2408 2980 2714 3039 multitudo
2735 2980 3021 3059 quomodo
3041 2980 3118 3039 sit
3143 3002 3209 3040 ex
3241 3000 3355 3039 non

2334 3061 2699 3121 multitudine
3238 3076 3354 3138 352

2255 3142 2381 3201 vitae
2422 3142 2721 3222 participes
2763 3163 2849 3202 res
2891 3155 3169 3221 quatenus

3003 3226 3124 3283 Fic.
3156 3244 3212 3302 p.
3235 3242 3311 3299 43
3328 3244 3347 3282 1

2255 3306 2379 3366 vitae
2422 3303 2619 3365 mundi
2662 3303 3041 3386 intelligentia
3081 3304 3301 3365 stabilis

3005 3387 3123 3448 Fic.
3157 3407 3212 3465 p.
3242 3406 3356 3459 240

2252 3467 2378 3526 vitae
2406 3481 2567 3527 actus
2596 3467 2828 3528 intimus
3010 3468 3126 3528 Fic.
3157 3489 3214 3548 p.
3237 3469 3356 3544 308

2254 3549 2378 3608 vitae
2405 3548 2679 3628 imagines
3278 3568 3347 3625 31

2252 3631 2376 3690 vitae
2419 3630 2763 3709 incorporeae
2803 3629 2920 3689 dno
2960 3630 3187 3690 termini

3005 3713 3124 3771 Fic.
3157 3733 3212 3791 p.
3234 3713 3355 3787 436

2253 3794 2380 3852 vitae
2405 3812 2660 3851 summus
2687 3793 2892 3872 gradus
3040 3793 3162 3853 Fic.
3198 3813 3253 3870 p.
3278 3794 3356 3867 48

2253 3875 2425 3932 vitam
2455 3874 2551 3952 qui
2583 3874 2761 3934 verbis
2793 3873 3024 3952 spernit,
3054 3874 3160 3934 sibi
3189 3875 3359 3934 habet

2334 3970 2712 4035 repugnantes
2738 3957 2975 4015 affectus
3239 3973 3356 4032 720

2253 4036 2488 4095 vitarum
2518 4056 2725 4116 genera
2762 4036 2888 4106 tria,
2918 4056 3228 4116 eorumque
3265 4039 3354 4095 in-

2332 4131 2422 4177 ter
2447 4138 2507 4177 se
2534 4118 2766 4177 collatio
3235 4120 3356 4194 438

2250 4201 2401 4259 vitra
2440 4212 2683 4278 quatuor
2721 4198 2991 4279 disposita
3031 4199 3166 4277 quid
3205 4199 3359 4277 apud

2337 4279 2625 4339 Plotinum
3009 4281 3130 4340 Fic.
3159 4302 3217 4360 p.
3236 4281 3354 4355 627

2254 4361 2439 4421 vivens
2468 4382 2583 4420 non
2613 4375 2704 4420 est
2730 4361 3051 4420 intellectus
3074 4362 3138 4420 F.
3163 4383 3216 4440 p.
3242 4377 3352 4437 277

2254 4444 2495 4501 viventia
2522 4462 2623 4501 cur
2649 4456 2952 4501 nascantur
2983 4441 3193 4521 passim
3233 4443 3358 4502 sine

2336 4522 2637 4582 manifesto
2664 4524 2883 4583 semine
3010 4523 3128 4583 Fic.
3159 4545 3212 4602 p.
3237 4526 3353 4601 625

2252 4604 2555 4663 viventium
2586 4605 2874 4665 distinctio
3009 4605 3128 4664 Fic.
3159 4626 3214 4684 p.
3243 4624 3355 4681 232

2252 4686 2557 4746 viventium
2586 4700 2645 4745 et
2673 4686 2785 4745 vita
2809 4684 3125 4746 carentium
3167 4686 3359 4745 discri-

2335 4787 2464 4826 men
3003 4766 3125 4826 Fic.
3157 4788 3213 4847 p.
3237 4786 3357 4843 440

2254 4851 2440 4908 unitas
2483 4868 2667 4927 neque
2708 4848 2922 4917 omnia,
2955 4867 3059 4908 nec
3099 4847 3356 4907 intellec—

2331 4943 2422 4989 tus
3239 4931 3359 5006 659

2251 5011 2440 5070 unitas
2482 5011 2769 5089 quomodo
2813 5012 2979 5071 rebus
3020 5010 3237 5070 diversa
3273 5013 3361 5068 in·

2331 5112 2453 5152 esse
2479 5093 2701 5152 dicatur
3238 5092 3351 5168 685

2251 5173 2439 5232 unitas
2466 5186 2525 5233 et
2551 5172 2779 5232 bonitas
2804 5172 2952 5232 idem
3013 5172 3127 5231 Fic.
3157 5194 3215 5251 p.
3238 5190 3353 5249 347

2253 5254 2439 5313 unitas
2477 5267 2648 5331 atque
2685 5258 2900 5313 numeri
2934 5258 2992 5311 in
3029 5254 3283 5313 mundo'
3269 5274 3358 5312 ιιι-

2332 5335 2613 5414 telligibili
2653 5356 2791 5394 num
2825 5335 3148 5395 distinctam
3189 5335 3357 5394 ratio·

2333 5436 2461 5475 nem
2496 5418 2739 5475 habeant
2764 5437 2799 5475 a
2825 5416 3042 5476 caeteris
3069 5416 3209 5476 ideis
3236 5418 3358 5492 674

2251 5497 2436 5555 unitas
2465 5516 2537 5555 an
2570 5518 2931 5557 numerorum
2962 5518 3143 5575 genus
3236 5498 3358 5572 604

2251 5577 2436 5637 unitas
2477 5589 2632 5638 statu
2676 5592 2947 5658 motuque
2991 5579 3143 5658 prior

2932 5707 2941 5717 ,
3011 5660 3126 5720 Fic.
3158 5681 3214 5739 p.
3237 5661 3349 5736 651

2043 532 2360 599 INDEX
2404 532 2754 599 RERUM
2800 530 2931 598 ΕΤ
2976 529 3530 598 VERBORUM.
3635 568 3638 572 .

3426 705 3611 766 unitas
3638 726 3763 785 quae
3792 725 3922 765 vera
3946 705 4039 775 sit,
4067 717 4128 765 et
4151 704 4285 784 quid
4327 724 4529 785 sequa·

3509 801 3617 857 tur,
3650 801 3772 846 tum
3803 787 3899 847 ubi
3927 807 3996 846 ea
4021 787 4335 848 inveniatur
4415 789 4533 865 598

3426 871 3613 929 unitas
3640 883 3700 928 et
3725 871 3946 927 numeri
3974 880 4167 928 utrum
4194 868 4347 929 ideas
4387 889 4533 948 prae-

3508 951 3732 1019 cedant‚
3756 970 3828 1008 an
3857 963 4168 1028 sequantur
4410 951 4536 1026 674

3427 1033 3615 1091 unitas
3641 1043 3729 1091 est
3754 1031 3878 1110 ipsa
3903 1030 4235 1109 simplicitas
4416 1046 4483 1106 71
4505 1050 4529 1089 1

3429 1112 3616 1172 unitas
3644 1114 3931 1207 quomodo
3953 1111 4254 1172 definiatur
4272 1132 4309 1171 a
4327 1113 4534 1193 Pytha-

3428 1194 3744 1335 ιιιιιβιζίῗιῖι·
3763 1272 4199 1354 uniuscujusque
4228 1195 4535 1334 ιιιιιιιωὸιῗὶι

3508 1368 3668 1416 catur
4417 1373 4531 1432 757

3430 1437 3615 1496 unitas
3644 1436 3863 1496 numeri
3891 1435 4227 1517 principium
4413 1456 4532 1514 350

3429 1520 3616 1577 unitas
3643 1539 3745 1577 cur
3772 1520 3983 1578 tributa
4010 1523 4177 1578 rebus
4205 1518 4323 1579 Fic.
4344 1539 4400 1598 p.
4421 1537 4442 1576 1
4459 1539 4480 1575 1
4498 1520 4533 1577 8

3429 1600 3616 1659 unitas
3632 1599 3951 1659 adivisione
3967 1599 4151 1659 aliena
4165 1614 4255 1660 est
4267 1601 4333 1660 F.
4347 1621 4400 1680 p.
4414 1603 4534 1676 348

3429 1684 3618 1741 unitas
3660 1681 3778 1741 sive
3803 1680 3989 1760 ipsum
4018 1701 4197 1741 unum
4236 1681 4536 1761 simplicis-

3511 1761 3718 1821 simum
3749 1776 3837 1821 est
4460 1764 4537 1821 ib.

3434 1843 3619 1903 unitas
3655 1843 4010 1903 includitur
3995 1864 4054 1903 ιιι
4093 1843 4313 1904 ratione
4342 1844 4536 1902 unius-

3511 1929 3780 2021 cujusque
3807 1924 4015 2004 speciei
4044 1925 4266 1984 formali
4418 1926 4536 1984 680

3432 2006 3666 2065 unitatis
3691 2008 3834 2064 vires
4185 2008 4303 2085 756
4331 2019 4391 2066 et
4420 2024 4534 2085 757

3432 2086 3667 2147 unitatis
3693 2101 3753 2146 et
3780 2087 3975 2146 ἴοι-σιω
4002 2086 4374 2168 proprietates
4394 2108 4535 2166 quo-

3517 2169 3688 2228 modo
3716 2169 3982 2227 differunt
4420 2170 4529 2244 761

3435 2249 3710 2309 unitatem
3731 2249 4023 2309 continere
4049 2249 4307 2308 omnium
4336 2269 4538 2309 nume·

3516 2351 3703 2390 rorum
3734 2332 3980 2390 rationes
4190 2332 4311 2391 Fic.
4343 2353 4396 2411 p.
4425 2351 4491 2408 13
4508 2351 4527 2390 1

3434 2432 3583 2471 unus
3612 2412 3902 2489 quomodo
3928 2411 4198 2472 efficiatur
4459 2416 4537 2489 56

3435 2514 3581 2553 unus
3611 2496 3801 2568 homo,
3832 2493 3918 2551 hae
3947 2493 4072 2552 duae
4101 2513 4265 2554 voees
4300 2492 4452 2553 aliud
4479 2508 4539 2553 et

3516 2563 3667 2635 aliud
3695 2586 3829 2634 sunt
4418 2577 4532 2652 683

3436 2676 3615 2715 unum
4240 2656 4357 2717 Fic.
4386 2678 4441 2736 p.
4463 2677 4540 2733 79

3439 2758 3613 2796 unum
3643 2735 3974 2815 simpliciter
3999 2736 4133 2815 quid
4422 2741 4540 2815 508

3438 2839 3614 2878 ιιιιιιιιι
3646 2837 3830 2896 neque
3854 2817 4204 2877 intellectum
4226 2838 4416 2887 omne,
4442 2839 4539 2878 ne·

3518 2919 3628 2978 que
3668 2900 3935 2979 speciem,
3971 2918 4157 2978 neque
4196 2919 4301 2959 ens
4340 2903 4541 2979 proba-

3520 2993 3611 3039 tur
4424 2996 4539 3059 759

3440 3082 3615 3121 ιιιιιιιιι
3642 3060 3975 3140 simpliciter
4001 3081 4118 3120 non
4154 3061 4442 3141 praedicari
4471 3063 4540 3122 de

3520 3143 3658 3202 ideis
4424 3145 4538 3221 605

3438 3245 3615 3283 unum
3646 3243 3749 3283 ens
3776 3223 4063 3283 antecedit
4423 3228 4539 3301 678

3440 3327 3616 3365 unum
3643 3326 3717 3365 an
3744 3306 4021 3365 duntaxat
4043 3306 4432 3367 affirmativum
4470 3309 4545 3366 sit

3440 3488 3615 3526 unum
3644 3467 3930 3547 quodnam
3962 3488 4075 3528 non
4104 3390 4458 3548 praedieetui·6
4462 3390 4538 3528 «81⁵2.-

3439 3550 4166 3690 ..320352332‘33
4416 3553 4533 3691 233

3439 3733 3615 3770 unum
3635 3713 3959 3771 varietatem
3976 3731 4091 3770 non
4108 3711 4404 3772 admittere
4420 3713 4541 3788 604

3438 3812 3614 3851 unuin
3660 3793 3837 3852 tribus
3883 3792 4158 3872 accipitur
4198 3794 4384 3887 modis

3441 3976 3616 4015 unum
3647 3955 3787 4013 nulli
3818 3954 4126 4024 addictum,
4156 3876 4310 4033 qffffii
4337 3896 4398 4015 ipn
4424 3890 4542 4016 {3¹7-

3517 4037 3662 4115 gulis
3690 4050 3778 4095 est
4466 4040 4543 4097 ib.

3438 4118 3508 4177 ad
3539 4120 3734 4177 Unum
3761 4116 3965 4196 quibus
3991 4117 4257 4198 gradibus
4284 4120 4543 4199 perveni-

3519 4212 3647 4258 atur
4192 4199 4313 4259 Fic.
4344 4221 4399 4280 p.
4431 4203 4545 4260 128

3437 4300 3614 4340 unum
3657 4279 3793 4359 quid
3834 4278 3909 4338 sit
3951 4279 4108 4339 dictu
4150 4280 4542 4340 difficillimum

3439 4463 3614 4501 unum
3643 4444 3890 4522 speciem
3922 4462 4034 4501 non
4067 4443 4243 4502 habet
4426 4365 4542 4521 Ξῗὲ

3439 4544 3615 4582 ιιιιιιιιι
3644 4544 3827 4583 rerum
3857 4523 4041 4583 ordini
4077 4524 4374 4603 praesidere
4413 4545 4543 4603 pro-

3520 4607 3685 4663 batur
4427 4622 4544 4683 509

3438 4706 3618 4745 unum
3657 4706 3730 4744 an
3769 4685 4101 4746 relationem
4134 4686 4415 4767 significet
4450 4708 4543 4746 so-

3519 4766 3814 4826 lummodo
4424 4770 4537 4845 685

3443 4869 3618 4907 unum
3646 4849 3933 4927 quomodo
3969 4861 4028 4907 et
4056 4848 4268 4927 ubique
4307 4863 4368 4908 et
4407 4870 4546 4909 nus-

3520 4950 3693 5009 quam
4025 5010 4038 5022 ,
4099 5009 4113 5023 ,
4424 4949 4538 5024 35]

3444 5029 3617 5069 ιιιιιιιιι
3645 5022 3735 5068 est
3760 5010 4144 5070 substantialis
4173 5014 4345 5071 unius
4383 5027 4544 5071 notio

3519 5111 3646 5151 vera
3674 5091 3849 5150 menti
3876 5093 4047 5149 insita
4424 5094 4541 5151 682

3441 5193 3616 5231 ιιιιιιιιι
3680 5191 3940 5269 respuere
4003 5171 4422 5232 multitudinem
4481 5189 4548 5233 ut

3520 5256 3839 5334 oppositam
4425 5257 4542 5348 762

3440 5354 3616 5394 unum
3645 5334 3935 5414 quomodo
3969 5336 4311 5430 exprimatur
4334 5334 4393 5394 in
4424 5335 4548 5416 ipsa

3521 5415 3719 5476 mundi
3747 5415 3876 5486 vita,
3908 5432 4030 5474 tum
4059 5415 4228 5475 etiam
4258 5416 4316 5474 in
4351 5435 4545 5479 mente

3441 5599 3615 5638 unum
3654 5598 3756 5638 seu
3782 5579 3969 5637 unitas
4008 5598 4218 5637 nornen
4249 5594 4339 5639 est
4375 5517 4547 5661 a⁷Poy⁷

3526 5659 3824 5740 thagoricis
3852 5658 4144 5718 inventum
4436 5682 4553 5739 524
