5118 6613
1088 513 1209 621 106

1078 726 1236 792 orol.
1270 727 1327 791 I.
1363 728 1425 792 6.
1457 750 1521 813 p.
1551 744 1658 806 41.
1690 721 1909 789 Bakii:
1957 720 2035 786 ‘0
2077 724 2190 801 μὲν
2222 723 2329 787 οὖν
2372 722 2772 790 Ποσειδώνιος

1082 832 1231 894 οὕτω
1261 828 1527 911 φέρεται.
1558 843 1621 892 et
1649 825 1800 892 ibid.
1830 850 1894 914 p.
1926 845 2036 912 34.
2055 823 2257 890 Ὥστε
2292 826 2398 890 οὐκ
2429 826 2615 906 ὀρθῶς
2653 825 2768 889 ἔοι·

1086 958 1188 997 κεν
1235 935 1489 996 ἐνταῦθα
1531 930 1823 1013 φέρεσθαι
1866 931 1899 992 ὁ
1943 929 2364 994 Ποσειδώνιος.
2453 926 2566 991 Ad
2615 950 2774 1013 quos

1083 1035 1250 1099 locos
1281 1033 1508 1098 adhibe
1554 1030 2001 1096 Schwebelium
2047 1028 2128 1094 ad
2160 1029 2481 1095 Lambert.
2518 1030 2664 1094 Bos.
2694 1029 2775 1093 de

1086 1136 1311 1224 Ellips.
1333 1160 1395 1222 p.
1416 1154 1518 1221 52.
1539 1158 1603 1222 p.
1626 1134 1730 1216 87.
1766 1133 1989 1198 Schaef.
2013 1132 2318 1197 Activum
2341 1132 2549 1216 φέρειν
2572 1131 2781 1196 simili·

1085 1240 1206 1305 bus
1231 1239 1295 1303 in
1328 1237 1643 1302 sententiis
1675 1251 2029 1324 usurpatur.
2123 1234 2491 1300 Herodotus
2520 1236 2600 1299 V.
2637 1236 2778 1299 118.

1085 1345 1293 1408 τούτου
1342 1345 1447 1405 τοῦ
1490 1339 1701 1422 ἀνδρὸς
1745 1341 1782 1419 ἡ
1838 1341 2040 1421 γνώμη
2090 1338 2290 1422 ἔφερε.
2334 1338 2415 1403 cf.
2469 1337 2778 1425 Schweig-

1087 1444 1348 1510 haeuseri
1380 1445 1539 1508 senis
1567 1441 1901 1506 venerandi
1936 1440 2151 1505 Lexic.
2188 1441 2496 1506 Herodot.
2532 1464 2595 1526 p.
2628 1460 2774 1526 353.

1085 1548 1351 1634 Dionys,
1380 1545 1586 1610 Halic.
1619 1545 1699 1608 de
1731 1547 2026 1631 Compos
2052 1546 2106 1608 V
2109 1544 2282 1607 erbb.
2303 1567 2365 1632 p.
2394 1563 2535 1626 117.
2561 1542 2772 1607 Reisk.

1086 1675 1153 1740 p.
1188 1649 1330 1735 238.
1364 1648 1658 1714 Schaefer.
1688 1649 1765 1715 ὧς
1791 1649 1827 1727 ἡ
1858 1647 1967 1726 ἐμὴ
1997 1645 2138 1726 δόξα
2165 1669 2246 1710 sc.
2281 1646 2472 1728 φέρει.
2504 1644 2683 1709 Idem
2715 1645 2779 1708 in

1087 1752 1300 1817 Judic.
1324 1750 1404 1815 de
1424 1749 1725 1837 Thucyd.
1751 1774 1805 1814 c.
1826 1769 1934 1836 35.
1966 1773 2028 1835 p.
2053 1750 2199 1835 899.
2232 1772 2295 1836 p.
2331 1751 2472 1829 164.
2505 1748 2780 1836 Kriigeri

1090 1858 1226 1921 οὔτε
1266 1856 1555 1936 πρότερον
1599 1853 1839 1936 ὤκνησα
1878 1855 1954 1916 τὸ
1996 1851 2280 1916 δοκοῦντά
2318 1877 2418 1931 μοι
2452 1851 2660 1933 φέρειν
2700 1854 2783 1919 εἷς

1087 1958 1299 2040 μέσον.
1322 1955 1484 2021 idem
1511 1955 1717 2044 Epist.
1744 1954 1825 2018 ad
1850 1953 2129 2041 Pompei.
2149 1977 2217 2041 p.
2245 1973 2276 2035 7
2283 1974 2391 2038 5¹·
2408 1976 2473 2040 p.
2482 1972 2544 2038 5.
2573 1955 2778 2041 Kr'ug.

1088 2063 1226 2125 ὅσοι
1284 2063 1388 2128 τὰς
1444 2062 1635 2123 αὐτῶν
1690 2059 1951 2125 ἐπινοίας
2009 2060 2091 2125 εἰς
2147 2057 2254 2135 τὴν
2313 2057 2511 2135 κοινὴν
2563 2056 2780 2139 φέρου-

1091 2189 1192 2228 σιν
1243 2162 1565 2244 ὠφέλειαν.
1639 2159 1946 2225 Herodot.
2003 2160 2206 2224 VIII.
2245 2178 2381 2223 100.
2435 2164 2542 2223 τοῦ
2599 2184 2777 2241 στρα-

1089 2270 1272 2349 τηγοῦ
1312 2267 1490 2344 ταύτῃ
1529 2266 1563 2328 ὁ
1603 2266 1738 2330 νόος
1767 2263 1969 2346 ἔφερε.
2020 2261 2194 2327 Illud
2223 2276 2429 2326 autem
2463 2263 2571 2342 τὴν
2602 2262 2782 2341 αὐτὴν

1090 2368 1369 2434 Platonis
1397 2365 1767 2431 imitatorem
1798 2364 2117 2451 significat.
2179 2366 2342 2429 Nam
2376 2363 2782 2452 philosophus

1090 2470 1154 2535 in
1185 2470 1449 2536 Politico
1475 2492 1540 2557 p.
1576 2485 1719 2553 277.
1752 2491 1811 2532 a.
1843 2472 1949 2532 νῦν
1990 2470 2054 2531 δὲ
2095 2471 2241 2532 κατᾶ
2282 2468 2390 2546 τὴν
2431 2468 2578 2547 ἐμὴν
2620 2469 2778 2531 οὔπω

1089 2576 1383 2656 φαίνεται.
1432 2570 1673 2637 Phileb.
1698 2594 1762 2659 p.
1793 2590 1896 2652 41.
1931 2594 1987 2634 a.
2019 2569 2178 2644 ἀλλ’,
2211 2568 2256 2633 ὦ
2280 2572 2627 2653 Πρώταρχε,
2661 2571 2779 2634 εἰσὶ

1091 2676 1236 2740 κατά
1278 2702 1350 2758 γε
1393 2674 1501 2755 τὴν
1545 2673 1706 2753 ἐμήν.
1797 2673 1978 2737 Idem
2007 2671 2156 2736 ibid.
2184 2672 2366 2760 plene
2396 2696 2459 2758 p.
2491 2692 2598 2757 32.
2633 2671 2777 2736 κατά

1090 2804 1162 2860 γε
1190 2778 1297 2857 τὴν
1328 2777 1471 2856 ἐμὴν
1501 2779 1697 2856 δόξαν.
1790 2777 1891 2839 De
1920 2798 2048 2861 qua
2081 2774 2280 2862 ellipsi
2317 2774 2519 2853 docte,
2551 2774 2644 2840 uti
2686 2799 2780 2839 as-

1090 2879 1267 2956 solet,
1323 2878 1648 2942 Heusdius
1690 2900 1867 2941 meus
1916 2878 2045 2964 egit
2085 2878 2149 2941 in
2202 2876 2468 2964 Specim.
2516 2877 2672 2943 Crit.
2714 2878 2779 2940 in

1093 2981 1342 3046 Platon.
1374 3004 1441 3068 p.
1467 2999 1605 3045 102.
1637 2995 1700 3045 et
1730 2994 1870 3067 post
1898 3002 2044 3043 eum
2087 2979 2532 3044 Stallbaumius
2573 2978 2657 3043 ad
2692 2978 2781 3043 lo-

1091 3107 1233 3148 cum
1266 3084 1537 3172 priorem
1567 3082 1812 3147 Philebi
1841 3104 1906 3170 p.
1938 3101 2078 3148 121.
2109 3106 2198 3169 sq.
2250 3082 2521 3147 Proinde
2549 3082 2613 3145 in
2639 3081 2783 3147 Plo-

1091 3187 1205 3253 tini
1234 3185 1439 3251 verbis
1468 3184 1638 3249 haud
1681 3185 1888 3249 minus
1927 3184 2250 3249 commode
2289 3183 2578 3272 suppleas
2606 3187 2783 3264 δόξαν

1096 3289 1253 3374 (sive
1280 3294 1516 3374 ψῆφον.
1564 3288 1664 3354 Cf.
1688 3287 1963 3353 Fischer.
1994 3286 2076 3352 ad
2106 3286 2386 3352 Platonis
2417 3287 2657 3352 Politic.
2687 3309 2779 3373 19.

1091 3408 1223 3459 not.
1259 3397 1346 3478 1.)
1378 3392 1504 3457 sive
1532 3415 1610 3456 ex
1637 3389 2134 3479 praecedentibus
2165 3392 2418 3455 ἔννοιαν.
2473 3390 2785 3457 Universa

1090 3511 1300 3561 autem
1351 3495 1622 3560 formula
1662 3495 1769 3574 τὴν
1813 3494 1995 3574 αὐτὴν
2040 3493 2331 3577 φέρεσθαι
2364 3494 2784 3580 consignanda

1091 3617 1184 3665 est
1212 3600 1275 3664 in
1305 3598 1575 3664 Lexicis.
1650 3596 1876 3662 Similis
1905 3596 2134 3684 ellipsis
2163 3594 2519 3684 exemplum
2544 3597 2785 3660 Latini-

1090 3719 1186 3768 tas
1227 3702 1409 3767 offert
1450 3702 1515 3765 in
1565 3700 1663 3765 his
1708 3699 2022 3766 Ciceronis
2072 3698 2305 3763 Verrin.
2353 3700 2452 3763 II.
2488 3718 2548 3764 2.
2581 3717 2684 3785 23.
2721 3703 2777 3785 ξ.

1094 3824 1226 3891 74.:
1278 3814 1318 3845 ‘⁶
1346 3807 1570 3870 Verres
1602 3804 1793 3869 refert
1821 3802 1986 3867 illam
2026 3825 2203 3867 suam
2250 3803 2701 3890 Syracusanam
2723 3804 2780 3876 ;'''

1092 3908 1204 3973 ubi
1232 3930 1356 3971 non
1380 3906 1740 3972 addendum
1763 3923 1855 3972 est
1872 3928 2014 3970 cum
2037 3907 2443 3969 Hotomanno
2463 3920 2574 3969 aut
2593 3906 2783 3970 Lam-

1090 4010 1242 4079 bino
1268 4011 1597 4087 rationem,
1630 4008 1737 4072 sed
1765 4008 2253 4095 intelligendum.

1100 4184 1107 4189 ¹
1180 4134 1246 4198 p.
1280 4113 1427 4196 283,
1457 4131 1512 4176 1.
1547 4113 1664 4175 Καὶ
1706 4111 1775 4190 δὴ
1820 4112 1915 4174 καὶ
1957 4116 2221 4191 τολμῶσι
2268 4112 2362 4174 καὶ
2409 4109 2585 4194 μέχρι
2631 4117 2782 4176 θεῶν

1096 4214 1278 4294 αὐτὴν
1306 4214 1495 4297 ἄγειν.
1531 4242 1582 4278 κ.
1604 4239 1658 4278 τ.
1674 4214 1771 4301 λ.]
1800 4211 2035 4300 Taylor
2078 4212 2159 4276 ad
2203 4212 2265 4276 h.
2295 4214 2334 4276 l.
2367 4236 2445 4276 ex
2483 4211 2785 4301 interpre-

1096 4317 1328 4381 tatione
1359 4315 1598 4381 Ficini:
1635 4317 2020 4382 “Summum
2058 4313 2333 4402 ipsorum
2364 4316 2612 4379 Deum”
2640 4339 2784 4380 oon-

1087 4418 1226 4505 jicit
1247 4442 1377 4484 esse
1406 4419 1736 4507 legendum
1780 4419 1872 4482 καὶ
1917 4419 2239 4500 ἀκρότατον
2270 4419 2457 4482 αὐτῶν
2485 4417 2591 4482 τὸν
2621 4420 2780 4492 θεόν,

1095 4521 1269 4595 haud
1296 4522 1623 4586 invenusta
1654 4521 1908 4609 quidem
1949 4519 2315 4606 suspicione,
2347 4543 2549 4607 neque
2579 4535 2784 4585 tamen

1096 4624 1423 4711 probabili.
1516 4626 1681 4689 Nam
1710 4638 1784 4689 ut
1811 4638 2043 4688 taceam
2077 4621 2381 4688 Codicum
2413 4622 2783 4702 testimonia,

1097 4726 1231 4813 qui,
1277 4742 1351 4791 ut
1396 4726 1783 4814 aliquantum
1837 4726 2098 4805 variant,
2147 4725 2236 4790 ita
2291 4728 2615 4808 ἀκρότατον
2659 4749 2783 4790 non

1097 4844 1462 4916 agnoscunt,
1493 4829 1829 4895 sexcenties
1874 4828 2017 4893 talia
2059 4827 2324 4915 adjicere
2366 4827 2519 4893 solet
2558 4828 2787 4895 Marsi-

1097 4930 1219 4996 lius
1262 4931 1451 4996 solius
1495 4932 1949 5021 perspicuitatis
1987 4930 2207 5019 gratia.
2299 4932 2392 4995 Et
2418 4933 2452 4995 ὁ
2487 4938 2606 4996 τῶν
2636 4937 2787 4996 θεῶν

1101 5034 1262 5103 Θεὸς
1301 5046 1394 5098 est
1431 5057 1712 5099 summus
1753 5036 1931 5099 Deus
1969 5033 2096 5097 sive
2137 5035 2184 5097 J
2192 5033 2457 5121 uppiter.
2548 5033 2787 5121 Tangit

1099 5152 1307 5203 autem
1358 5136 1644 5202 Plotinus
1678 5138 1744 5201 h.
1787 5136 1826 5201 l.
1883 5136 2119 5201 Stoicos
2169 5150 2231 5201 et
2273 5135 2386 5223 qui
2427 5135 2530 5199 alii
2575 5135 2788 5200 Philo-

1100 5242 1275 5328 sophi
1306 5240 1391 5305 nil
1422 5238 1539 5304 nisi
1568 5262 1933 5331 corporeum
1961 5239 2334 5305 statuebant.
2399 5240 2567 5305 Nam
2599 5238 2787 5304 Stoici

1100 5361 1162 5410 et
1205 5345 1416 5409 ἄποιον
1457 5345 1566 5424 τὴν
1605 5346 1756 5425 ὕλην
1795 5342 2189 5408 celebrabant
2229 5342 2529 5430 (Diogen.
2571 5343 2784 5409 Laert.

1102 5449 1263 5512 VII.
1319 5467 1460 5533 134.
1510 5445 1643 5513 Cic.
1691 5445 1894 5511 Acad.
1945 5446 2004 5510 I.
2049 5465 2106 5513 2.
2163 5448 2379 5511 Senec.
2431 5443 2637 5532 Epist.
2679 5446 2782 5529 65.

1104 5548 1272 5617 Gell.
1303 5551 1387 5615 N.
1416 5553 1500 5615 A.
1533 5551 1609 5616 V.
1644 5569 1741 5616 12.
1787 5550 2070 5616 Lactant.
2115 5547 2266 5616 Div.
2308 5547 2463 5613 Inst.
2497 5547 2658 5613 VII.
2689 5552 2786 5635 3.)

2042 549 2883 616 ANNOTATIONES
2953 550 3062 614 IN
3132 549 3577 616 PLOTINI

2855 735 2917 786 et
2946 745 3068 786 non
3103 720 3437 787 Materiam
3467 721 3665 786 solum
3697 719 3804 785 sed
3835 721 4046 786 Deum
4087 720 4297 809 ipsum
4329 744 4545 809 corpo:-

2856 825 3031 890 ribus
3072 826 3473 891 accensebant
3507 824 3727 911 (Diog.
3758 823 3800 888 l.
3832 823 3874 888 l.
3906 823 4236 888 Aristocles
4277 846 4377 911 ap.
4409 826 4541 889 Eu·

2858 930 2988 995 seb.
3019 930 3099 993 P.
3125 930 3204 993 E.
3241 930 3394 993 XV.
3428 948 3525 1009 14.
3558 951 3620 1015 p.
3655 928 3801 991 816.
3832 927 3942 1013 qui
3976 926 4322 991 Stoicorum
4354 927 4538 990 ratio·

2862 1055 3003 1096 nem
3033 1054 3071 1095 a
3098 1031 3361 1096 Platone
3390 1031 3476 1095 ita
3503 1029 3865 1117 distinguit:
3914 1035 4215 1112 στοιχεῖον
4246 1029 4404 1094 εἶναί
4428 1039 4542 1112 φα-

2866 1160 2966 1198 σιν
2999 1135 3086 1216 (οἱ
3116 1136 3391 1215 Στωϊκοὶ)
3422 1140 3539 1197 τῶν
3573 1136 3764 1197 ὄντων
3792 1132 3860 1196 τὸ
3902 1137 4036 1215 πΰρ,
4070 1131 4332 1214 καθάπερ
4356 1130 4544 1214 Ἠρά.

2868 1246 3114 1311 κλειτος,
3144 1239 3351 1301 τούτου
3381 1235 3429 1301 δ’
3461 1238 3647 1319 ἀρχὰς
3672 1237 3823 1316 ὕλην
3852 1235 3947 1299 καὶ
3976 1234 4137 1312 θεὸν,
4167 1235 4243 1301 ὣς
4262 1234 4541 1299 Πλάτων.

2860 1338 3035 1404 Ἀλλ’
3069 1341 3229 1404 οὗτοι
3266 1339 3441 1422 ἄμφω
3483 1337 3727 1417 σώματά
3770 1345 3959 1419 φασιν
3989 1337 4158 1410 εἶναι,
4195 1338 4289 1400 καὶ
4316 1337 4386 1400 τὸ
4416 1362 4544 1401 ποι·

2863 1447 2970 1507 οῦν
2999 1443 3093 1508 καὶ
3136 1441 3203 1506 τὸ
3241 1442 3482 1525 πάσχον
3514 1440 3584 1523 (i.
3617 1464 3671 1505 e.
3705 1441 3813 1520 τὴν
3839 1442 4018 1522 ὕλην)
4052 1441 4278 1504 ἐκείνου
4318 1446 4548 1522 πρῶτον

2864 1549 3071 1609 ποιοῦν
3101 1548 3289 1609 αἴτιον
3317 1545 3633 1624 ἀσώματον
3663 1543 3815 1607 εἶναι
3856 1541 4157 1625 λέγοντος.
4228 1542 4331 1607 Cf.
4364 1542 4547 1606 etiam

2862 1646 3001 1720 ,Cic.
3030 1647 3110 1711 de
3140 1649 3224 1711 N.
3244 1648 3330 1711 D.
3367 1648 3422 1711 I.
3458 1662 3557 1731 15.
3598 1645 3709 1710 ubi
3751 1645 3936 1709 etiam
3980 1644 4061 1709 de
4102 1646 4267 1709 Jove
4314 1643 4549 1709 Stoico-

2863 1772 3028 1828 rum,
3058 1764 3122 1814 et
3152 1749 3275 1814 vid.
3309 1773 3454 1837 quae
3483 1748 3569 1813 ibi
3599 1747 3921 1835 posuimus
3948 1771 4013 1836 p.
4042 1749 4145 1828 67.
4177 1770 4315 1834 sqq.
4359 1747 4550 1812 Adde

2867 1853 3218 1917 Casaubon.
3257 1868 3320 1917 et
3360 1853 3621 1938 Menag.
3665 1849 3745 1915 ad
3791 1850 4092 1937 Diogenis
4134 1849 4336 1915 locum
4380 1851 4548 1916 laud.

2868 1955 3070 2043 Lipsii
3115 1954 3395 2043 Physiol.
3445 1954 3736 2020 Stoicorr.
3785 1955 3842 2018 I.
3875 1975 3938 2035 4.
3976 1953 4076 2017 II.
4114 1973 4171 2018 2.
4210 1953 4364 2017 XV.
4393 1973 4459 2038 5.
4488 1968 4550 2018 et

2868 2058 3158 2145 Bagueti,
3185 2057 3299 2122 viri
3329 2057 3519 2135 docti,
3549 2056 3775 2122 librum
3808 2056 3888 2120 de
3919 2055 4278 2144 Chrysippo
4308 2056 4407 2122 11.
4441 2076 4545 2142 31.

2866 2185 2932 2249 p.
2962 2163 3063 2246 78.
3097 2162 3199 2244 87.
3238 2178 3379 2242 204.
3407 2183 3540 2247 sqq.
3588 2161 3906 2224 Caeterum
3950 2159 4084 2223 haec
4127 2173 4190 2223 et
4233 2158 4553 2246 sequentia

2865 2263 3300 2350 disputationis
3329 2262 3697 2328 Plotinianae
3717 2261 3925 2349 attigit
3946 2260 4300 2349 Simplicius
4319 2261 4381 2326 in
4409 2262 4553 2326 Ari-

2867 2365 3099 2432 stotelis
3130 2365 3398 2453 Physica
3426 2390 3488 2453 p.
3521 2385 3627 2450 50.
3659 2365 3723 2430 b.
3754 2364 3854 2429 ed.
3880 2366 4096 2429 venet.
4130 2363 4340 2429 Aldin.
4373 2365 4460 2429 ἔτι
4487 2366 4552 2430 δὲ

2865 2470 2960 2535 καὶ
2988 2474 3067 2555 τῷ
3099 2469 3240 2534 αὐτὸ
3270 2467 3395 2533 καθ’
3428 2467 3568 2533 αὐτὸ
3601 2472 3918 2532 σκοποῦντι
3947 2468 4013 2531 τὸ
4059 2470 4381 2549 πρόβλημα
4410 2469 4550 2532 ἆδῦ·

2864 2597 3044 2637 νατον
3073 2574 3228 2651 δόξει
3256 2574 3363 2650 τὴν
3390 2573 3625 2653 πρώτην
3653 2573 3801 2651 ὕλην
3831 2570 3898 2633 τὸ
3941 2572 4151 2635 ἄποιον
4182 2571 4332 2634 εἶναι
4361 2577 4547 2650 σῶμα,

2863 2677 2939 2741 ὧς
2969 2676 3063 2740 καὶ
3091 2680 3400 2741 Πλωτῖνος
3431 2674 3727 2753 ἐπέδειξεν
3757 2674 3932 2756 (fort.
3967 2671 4325 2757 ἀπέδειξεν.)
4401 2673 4555 2738 Pro-

2863 2776 3050 2855 xime,
3083 2776 3192 2842 ubi
3222 2776 3466 2842 diversa
3492 2775 3677 2862 plane
3707 2776 4035 2840 sentientes
4070 2773 4554 2840 introducuntur

2864 2878 2962 2943 his
2990 2879 3228 2944 verbis:
3276 2882 3358 2944 Οἱ
3400 2882 3465 2944 δὲ
3510 2880 3825 2959 ἀσώματον
3854 2878 4155 2960 λέγοντες,
4199 2877 4279 2941 de
4321 2878 4557 2966 Pytha-

2865 2981 3068 3069 goreis
3097 2980 3646 3072 Peripateticisque
3688 2996 3878 3069 atque
3919 2981 3999 3046 de
4030 2980 4364 3046 Platonicis
4397 3006 4555 3070 quo·

2867 3107 2992 3171 que
3016 3084 3247 3172 poteris
3274 3084 3566 3172 cogitare,
3587 3083 3912 3172 judicante
3950 3083 4135 3148 etiam
4168 3083 4453 3150 Marsilio
4488 3086 4551 3150 in

2871 3187 3333 3252 Commentario
3361 3186 3442 3252 ad
3470 3187 3587 3251 hoc
3615 3200 3824 3274 caput.

2953 3314 3017 3379 p.
3056 3291 3201 3370 284,
3232 3309 3296 3376 5.
3318 3288 3440 3355 Ἐν
3466 3316 3534 3355 τε
3576 3297 3698 3359 τοῖς
3735 3296 3963 3372 νοητοῖς
3998 3289 4066 3355 τὸ
4106 3291 4394 3356 σύνθετον
4433 3291 4556 3356 ἑτέ-

2866 3419 2998 3475 ρως,
3032 3395 3144 3476 οὐχ
3173 3395 3249 3461 ὡς
3276 3397 3351 3458 τᾶ
3379 3394 3647 3479 σώματα]
3688 3393 4134 3480 Wyttenbach.
4163 3393 4247 3459 ad
4277 3394 4555 3460 Platonis

2868 3495 3173 3560 Phaedon.
3201 3520 3268 3584 p.
3300 3513 3445 3583 197.
3478 3519 3607 3583 sq.:
3658 3504 3701 3536 ‘⁶
3723 3497 3908 3576 Quod
3949 3509 4161 3561 autem
4188 3494 4381 3562 velint
4409 3496 4556 3562 Pla-

2869 3597 3055 3661 tonici
3097 3599 3409 3678 σύνθετον,
3454 3597 3865 3686 compositum
3908 3620 3988 3662 ex·
4025 3599 4328 3685 part-ibus
4369 3607 4552 3663 extra

2861 3709 3078 3787 partes
3115 3702 3369 3788 positis,
3412 3717 3482 3767 ut
3525 3700 3717 3787 vulgo
3765 3699 4082 3780 dicuntur,
4129 3700 4401 3789 spatium
4442 3700 4554 3765 im-

2865 3802 3126 3889 plenteS,
3168 3817 3475 3882 extensas,
3518 3803 3884 3892 intelligitur
3926 3827 4004 3868 ex
4049 3802 4402 3892 frequentia
4447 3827 4555 3869 ex.

2866 3904 3249 3994 emplorum:
3281 3929 3339 3971 v.
3372 3929 3424 3969 c.
3472 3905 3795 3970 Plutarchi
3834 3908 3937 3971 De
3980 3907 4193 3972 Anim.
4237 3908 4550 3972 Procreat.

2864 4032 2929 4094 p.
2963 4027 3148 4075 1022.
3180 4010 3265 4073 Ε.
3315 4008 3486 4073 Adv.
3524 4008 3743 4074 Stoicc.
3774 4032 3838 4097 p.
3880 4011 4064 4095 1085.
4096 4010 4170 4074 C.
4223 4008 4454 4073 Plotini
4489 4032 4554 4097 p.

2872 4114 3011 4176 160.
3049 4113 3124 4177 C.
3149 4112 3342 4177 D.E.
3379 4113 3556 4194 (sunt
3583 4110 3649 4175 hi
3677 4111 3795 4199 ipsi
3824 4111 3970 4195 loci)
4008 4116 4146 4176 161.
4179 4114 4256 4178 C.
4283 4112 4373 4176 D.
4412 4115 4554 4178 162.

2867 4216 2953 4279 D.
3014 4218 3156 4299 163.
3190 4215 3275 4279 E.
3333 4217 3475 4299 165.
3508 4216 3598 4278 A.
3652 4217 3793 4279 166.
3826 4217 3912 4279 E.
3965 4233 4117 4300 310.
4152 4216 4227 4280 C.
4289 4235 4436 4302 313.
4469 4217 4554 4283 Ε.

2866 4332 3014 4401 457.
3049 4319 3132 4381 A.
3157 4317 3244 4383 D.
3292 4319 3441 4397 466.
3475 4319 3564 4381 A.
3593 4317 3666 4381 C.
3711 4333 3858 4402 557.
3886 4318 3966 4381 A.
4012 4316 4224 4382 Albini
4268 4318 4554 4383 Doctrin.

2869 4419 3032 4484 Plat.
3065 4442 3131 4506 p.
3159 4436 3306 4504 372.
3339 4419 3427 4482 Ι).
3473 4420 3698 4483 AEneae
3731 4420 3891 4484 Gaz.
3923 4444 3987 4508 p.
4019 4439 4126 4505 59.
4154 4421 4258 4485 66.
4290 4420 4556 4487 Zachar.

2871 4519 3085 4609 Mityl.
3127 4545 3193 4609 p.
3232 4537 3372 4606 175.
3449 4520 3882 4610 Olympiodori
3925 4521 3991 4586 in
4044 4521 4342 4588 Phaedon.
4392 4523 4552 4589 Cod.

2872 4625 3011 4689 III.
3040 4647 3103 4711 p.
3133 4643 3243 4705 40.
3273 4638 3336 4688 et
3364 4623 3511 4689 alibi
3540 4648 3704 4712 saepe
3734 4624 3896 4689 Cod.
3922 4627 3981 4689 I.
4006 4649 4072 4713 p.
4097 4627 4200 4712 63.
4236 4628 4377 4711 183.
4406 4626 4558 4690 Alia

2869 4740 2963 4791 est
2991 4726 3172 4805 ratio,
3203 4749 3399 4814 quum
3442 4727 3707 4791 animam
3746 4751 3821 4791 ex
3856 4726 4056 4792 tribus
4097 4729 4380 4816 partibus
4408 4732 4556 4794 σύν·-

2871 4836 3064 4905 θετον,
3093 4831 3512 4917 compositam,
3544 4828 3784 4908 dicunt‚
3825 4832 4011 4916 λόγῳ,
4052 4835 4234 4917 θυμῷ,
4262 4833 4558 4917 ἐπιθυμίᾳ,

2872 4946 2943 4997 ut
2974 4931 3267 4997 Hermias
3294 4954 3475 4997 mscr.
3499 4932 3562 4996 in
3596 4933 3939 4997 Phaedrum
3962 4957 4027 5021 p.
4045 4954 4192 5020 437.
4218 4948 4328 4997 aut
4351 4947 4554 4998 totum

2869 5034 3185 5100 hominem
3233 5037 3483 5115 σώματι,
3529 5040 3722 5120 ψυχῇ,
3774 5039 3879 5123 νῷ,
3926 5048 4000 5101 ut
4049 5035 4430 5102 Plutarchus
4475 5035 4562 5102 de

2873 5135 3070 5202 Vultu
3119 5139 3327 5203 Lunae
3374 5162 3439 5227 p.
3494 5159 3645 5224 943.
3694 5140 3823 5204 A.”
3894 5138 4088 5204 Adde
4137 5138 4342 5203 Procli
4394 5140 4560 5204 Inst.

2874 5240 3105 5306 Theol.
3141 5244 3201 5326 ξ.
3230 5243 3336 5328 58.
3368 5256 3432 5307 et
3458 5263 3566 5327 59.
3597 5265 3663 5330 p.
3692 5261 3801 5328 92.
3834 5264 3967 5328 sqq.
3999 5240 4097 5305 ed.
4127 5255 4320 5306 nostr.
4349 5240 4460 5307 ubi
4493 5256 4562 5307 et

2873 5342 3230 5410 Aristotelis
3272 5343 3637 5432 Metaphys.
3682 5344 3845 5409 VII.
3871 5364 3969 5427 17.
3997 5367 4060 5432 p.
4092 5363 4235 5429 132.
4283 5342 4454 5432 Sylb.
4495 5360 4562 5410 et

2874 5446 3194 5512 Plotinum
3237 5470 3305 5534 p.
3334 5448 3481 5528 604.
3521 5458 3585 5511 et
3615 5445 3907 5511 Proclum
3946 5445 4008 5509 in
4053 5445 4300 5512 Platon.
4332 5445 4560 5512 Theol-

2874 5550 3038 5616 VII.
3067 5567 3167 5617 12.
3197 5546 3606 5616 laudavimus.
3695 5548 4063 5614 Proximum
4106 5550 4283 5635 λόγοι
4320 5548 4570 5638 Taylot·
