5118 6613
1094 553 1180 620 74

1091 708 1380 774 Plotinus
1408 706 1489 772 ad
1511 706 1917 795 quaestionem
1940 708 2140 798 capite
2168 707 2372 797 primo
2400 710 2772 776 institutam:

1092 816 1270 876 κακοῦ
1298 813 1363 876 δὲ
1393 812 1580 893 φύσιν
1608 813 1724 876 τίνι
1761 813 1907 875 ποτὲ
1935 811 2177 893 δυνάμει
2206 818 2324 876 τῶν
2355 814 2422 878 ἐν
2450 815 2589 894 ἡμῖν
2617 815 2779 896 γνοί-

1089 939 1236 994 ημεν
1265 913 1359 986 ἂν,
1392 917 1492 992 τῆς
1518 916 1796 996 γνόσεως
1825 913 2091 979 ἑκάστων
2119 912 2188 978 δι’
2214 917 2551 996 ὁμοιότητος
2579 941 2779 997 γιγνο-

1086 1015 1284 1096 μένης,
1316 1017 1542 1097 ἄπορον
1570 1015 1647 1080 ἃν
1675 1018 1786 1096 εἴη.
1834 1017 1912 1080 In
1944 1040 2115 1103 seqq.
2148 1016 2284 1082 Fic.
2311 1016 2462 1104 legit
2489 1016 2780 1100 φρονήσει

1090 1119 1272 1196 αὐτὴν
1300 1122 1416 1200 γὰρ
1444 1119 1731 1201 γνωρίζει.
1804 1118 2073 1196 Quando
2100 1119 2265 1184 enim
2296 1119 2631 1206 prudentia
2657 1119 2780 1182 vir-

1090 1235 1290 1285 tutem
1319 1219 1653 1307 cognoscit,
1680 1244 1744 1285 se
1767 1221 1963 1309 ipsam
1992 1221 2309 1309 cognoscit
2336 1221 2558 1299 virtus,
2590 1221 2780 1309 siqui-

1090 1321 1231 1386 dem
1262 1322 1567 1386 virtutum
1599 1344 1727 1388 una
1753 1322 1890 1411 ipsa
1918 1324 2252 1412 prudentia
2278 1340 2389 1390 est.
2457 1323 2601 1389 Vid.
2633 1347 2779 1411 quoe

1089 1447 1279 1512 supra
1324 1425 1663 1490 tradiderat
1707 1449 1786 1490 ex
1834 1426 2134 1492 sententia
2177 1425 2456 1493 Platonis
2505 1426 2779 1516 philoso-

1087 1526 1254 1615 phus
1282 1544 1491 1593 noster
1516 1551 1578 1616 p.
1602 1544 1710 1614 55.
1741 1530 1818 1594 B.
1854 1529 1963 1594 ubi
1993 1528 2077 1595 cf.
2105 1543 2316 1596 annot.

1173 1653 1237 1719 p.
1275 1648 1419 1715 150,
1472 1647 1568 1714 17.
1612 1630 1965 1714 Ἀφαιρέσει
2008 1634 2115 1697 οὖν
2158 1633 2226 1697 τὸ
2267 1637 2533 1713 μηδαμοῦ
2574 1634 2770 1717 τοῦτο]

1088 1735 1196 1798 Ex
1240 1732 1736 1821 praecedentibus
1779 1733 2252 1823 intelligendum
2284 1734 2536 1799 videtur
2565 1735 2774 1816 γνωρί·

1086 1844 1295 1916 ζομενε
1348 1837 1800 1924 Οοὲποεεὶηιω
1848 1840 2247 1926 separatione
2293 1836 2662 1922 (ablatione)
2709 1838 2781 1901 id

1086 1939 1251 2025 quod
1292 1960 1685 2027 nequaquam
1729 1940 1840 2004 hoc
1882 1951 1993 2007 eat.
2052 1942 2198 2005 Hoc
2229 1942 2459 2026 (τοῦτο)
2492 1938 2777 2026 designat

1088 2042 1323 2122 ἀρετὴν,
1357 2040 1672 2122 virtutem,
1705 2066 1784 2107 ex
1814 2066 1935 2108 usu
1964 2042 2220 2123 Plotini,
2256 2042 2368 2130 qui
2411 2065 2575 2129 saepe
2603 2044 2778 2107 Neu-

1087 2159 1254 2207 trum
1280 2144 1696 2209 substantivis
1723 2144 1949 2210 diversi
1976 2145 2221 2234 generis
2247 2144 2498 2233 subjicit
2521 2144 2778 2209 Ficinus

1085 2267 1356 2332 eumque
1421 2247 1615 2311 secuti
1675 2248 2087 2313 Germanicus
2143 2248 2446 2335 interpres
2502 2246 2778 2334 itemque

1086 2348 1482 2414 Britannicus
1507 2350 1870 2415 sententiam
1893 2350 2248 2434 περιφράσει
2266 2350 2491 2438 juvare
2514 2348 2775 2415 studue-

1084 2465 1256 2516 runt.
1335 2454 1415 2516 In
1444 2451 1703 2517 lectione
1730 2453 2158 2541 proximorum
2185 2452 2520 2518 verborum
2546 2475 2778 2517 novare

1086 2554 1277 2619 nolui.
1355 2555 1525 2634 Quid
1556 2555 1844 2620 Plotinus
1879 2554 2142 2643 intelligi
2169 2554 2341 2633 velit,
2372 2554 2519 2620 satis
2559 2556 2779 2643 patefit

1085 2656 1488 2745 sequentibus
1516 2658 1721 2722 verbis
1748 2658 2451 2741 μέρος-καταλιπόντες.
2489 2657 2571 2721 In
2601 2680 2772 2745 seqq.

1084 2762 1233 2824 οὕτω
1266 2759 1616 2846 Participiis
1658 2761 2036 2847 subjectum,
2065 2774 2257 2847 atque
2298 2759 2457 2824 adeo
2484 2758 2602 2824 hoc
2630 2760 2771 2846 qui·

1083 2860 1228 2925 dem
1264 2859 1400 2925 loco
1439 2860 1852 2948 interjectum,
1888 2862 2167 2928 Platonis
2209 2861 2498 2926 lectorem
2541 2862 2773 2949 arguit.

1082 2963 1228 3028 vid.
1262 2962 1450 3026 modo
1480 2962 1818 3028 Heindorf.
1863 2964 1944 3029 ad
1990 2964 2286 3030 Phaedon.
2324 2965 2383 3048 ξ.
2423 2984 2523 3050 13.
2570 2987 2633 3053 p.
2669 2984 2772 3050 23.

1082 3078 1144 3130 et
1165 3065 1501 3154 Wyttenb.
1531 3065 1613 3130 ad
1635 3065 1822 3131 eund.
1854 3090 1922 3154 p.
1952 3070 2087 3149 164.
2121 3091 2214 3154 sq.
2260 3067 2557 3132 Eundem
2590 3089 2771 3131 usum

1082 3168 1464 3256 adoptarunt
1493 3167 1755 3233 Proclus
1797 3183 1860 3233 et
1891 3168 2396 3257 Olympiodorus.
2470 3168 2620 3234 Vid.
2665 3169 2776 3234 ho-

1082 3294 1222 3336 rum
1257 3270 1749 3337 Commentarios
1791 3271 1854 3337 in
1900 3270 2045 3337 Alc.
2089 3293 2183 3361 pr.
2230 3295 2296 3360 p.
2333 3273 2473 3358 163.
2516 3292 2664 3358 304.
2713 3284 2775 3338 et

1166 3501 1233 3565 p.
1269 3498 1412 3562 151,
1461 3496 1517 3543 2.
1581 3476 2026 3565 λαμβάνοντες]
2083 3478 2207 3541 Est
2247 3476 2311 3541 h.
2354 3477 2400 3541 l.
2448 3487 2772 3566 ponerem,

1079 3590 1517 3670 supponentes,
1547 3593 1661 3645 aut
1697 3582 2108 3668 suspiccmtee,
2135 3594 2210 3645 ut
2251 3602 2377 3646 non
2421 3579 2582 3644 male
2613 3580 2775 3645 Fici-

1080 3705 1221 3749 nus.
1297 3687 1398 3748 De
1427 3707 1557 3771 quo
1590 3707 1705 3749 usu
1737 3683 1860 3748 vid.
1892 3683 2116 3749 Budaei
2150 3687 2501 3749 Comment.
2537 3684 2619 3748 L.
2653 3684 2772 3749 Gr.

1088 3808 1230 3868 144.
1261 3804 1402 3871 197.
1454 3786 1755 3874 Stephani
1777 3787 1975 3851 Thes.
2007 3809 2073 3873 p.
2096 3801 2292 3872 5553.
2318 3811 2411 3875 sq.
2441 3785 2543 3850 ed.
2563 3786 2770 3852 Lond.

1085 3889 1321 3954 Similia
1362 3889 1681 3956 annotavit
1724 3889 1928 3955 Baehr.
1960 3889 2043 3954 ad
2073 3888 2395 3954 Plutarchi
2426 3887 2634 3954 Alcib.
2673 3890 2771 3954 18.

1083 4014 1145 4078 p.
1180 3992 1319 4055 168.

1165 4131 1256 4144 —
1299 4094 1359 4157 6.
1419 4093 1675 4177 αἰσχρὸν
1731 4094 2177 4182 φανταζόμεθα]
2242 4092 2578 4158 Materiam
2641 4106 2775 4157 tan-

1081 4218 1272 4283 quam
1296 4209 1545 4283 turpem
1568 4194 1746 4259 nobis
1765 4194 2171 4259 informamus
2191 4196 2306 4278 (sc.
2330 4193 2770 4282 imaginamur)

1079 4320 1195 4383 per
1222 4296 1537 4362 defectum
1567 4296 1812 4385 speciei.

1165 4437 1254 4451 —
1271 4420 1333 4483 7.
1363 4399 1399 4480 ἢ
1428 4400 1496 4464 τὸ
1523 4399 1805 4483 παράπαν
1836 4399 1988 4468 εἶδος
2016 4401 2420 4482 ἀφαιροῦντες.
2453 4404 2593 4464 Πᾶν
2623 4398 2775 4466 εἶδος

1085 4531 1137 4566 κ.
1169 4529 1223 4566 τ.
1252 4504 1346 4592 λ.]
1412 4504 1557 4567 Ηοο
1611 4502 1877 4568 alterum
1931 4502 2084 4571 εἶδος
2140 4500 2608 4565 incommodum
2656 4515 2770 4565 est.

1084 4604 1271 4683 Quod
1326 4627 1469 4670 cum
1532 4605 1785 4670 sentiret
1833 4603 1993 4683 Fic.,
2049 4603 2138 4670 ita
2183 4603 2485 4667 vertendo
2531 4602 2770 4680 lenivit,

1080 4707 1259 4793 quasi
1303 4708 1603 4796 scriptum
1647 4721 1805 4773 esset
1846 4708 2150 4774 λελοιπός.
2241 4705 2323 4770 In
2368 4703 2576 4770 Codd.
2621 4704 2773 4769 nihil

1079 4809 1315 4875 auxssfi.

1166 4948 1255 4962 —
1274 4934 1333 4999 9.
1381 4915 1435 4978 εἰ
1463 4912 1797 4993 ἐμέλλομεν
1827 4911 2186 4996 θεάσασθαι]
2240 4908 2345 4974 Cf.
2385 4931 2579 4996 supra
2612 4910 2672 4973 1.
2704 4912 2764 4974 6.

1081 5037 1138 5101 9.
1171 5038 1237 5102 p.
1255 5032 1364 5100 57.
1399 5015 1485 5080 G.
1517 5017 1572 5080 εἰ
1597 5014 1812 5095 μέλλει
1839 5013 2194 5090 θεάσασθαι,
2223 5011 2372 5098 ibiq.
2406 5025 2619 5076 annot.

1163 5154 1251 5167 —
1278 5136 1375 5179 11.
1414 5117 1615 5199 ὥσπερ
1643 5118 1827 5203 ὄμμα]
1867 5117 1923 5180 A
1953 5114 2074 5181 loci
2117 5113 2421 5178 sententia
2461 5112 2770 5178 aberravit

1080 5218 1397 5309 Engelh.;
1449 5218 1690 5307 Taylor
1717 5216 2060 5284 consultius
2102 5239 2166 5281 se
2197 5215 2417 5281 Ficino
2443 5213 2765 5302 applicuit.

1079 5323 1391 5388 Caeterum
1421 5321 1501 5386 cf.
1524 5322 1710 5403 II.4.
1739 5339 1836 5387 12.
1871 5345 1937 5409 p.
1963 5321 2102 5385 166.
2125 5320 2213 5384 G.
2243 5318 2400 5384 πολὺ
2425 5322 2665 5397 μᾶλλον
2695 5318 2771 5381 ἂν

1081 5428 1192 5505 εἴη,
1210 5428 1345 5506 ὕλη,
1366 5424 1477 5490 κᾶν
1497 5424 1577 5505 μὴ
1600 5424 1851 5507 ἐναργὴς
1877 5422 2112 5506 ὑπάρχῃ
2137 5421 2335 5504 αἱρετὴ
2365 5421 2517 5484 οὖσα
2545 5420 2617 5484 οὐ
2644 5426 2771 5487 ταῖς

2061 539 2825 606 ΑΝΝΟΤΑΤῙΟΝΕ
2846 539 2890 603 S
2959 540 3061 604 IN
3130 539 3574 606 PLOTINI

2950 735 3015 799 p.
3047 731 3190 800 152,
3225 733 3279 778 1.
3319 712 3568 780 Ἀποιος
3610 714 3676 778 δὲ
3718 713 3871 776 οὖσα
3905 712 3965 795 (ἡ
3991 710 4129 792 ὕλη)
4164 713 4285 776 aree
4329 704 4544 795 κακῆς]

2865 822 2908 854 “
2940 816 3180 880 Stoicos
3221 815 3538 880 materiam
3567 816 3777 879 ἄποιον
3810 812 4113 889 statuisse,
4145 811 4433 875 novimus
4468 832 4548 873 ex

2866 916 3151 1005 Diogene
3173 917 3431 982 Laertio
3455 917 3618 981 VII.
3646 936 3787 1002 134.
3833 914 4175 981 Plutarcho
4194 913 4334 978 adv.
4363 910 4547 976 Stoic.

2863 1042 2927 1106 p.
2963 1020 3147 1104 1085.
3181 1021 3421 1085 B.C.F.
3455 1020 3636 1085 1086.
3659 1021 3736 1082 A.
3767 1017 4061 1106 aliisque:
4108 1016 4299 1103 idque
4331 1013 4552 1079 Stoicis

2862 1122 3131 1187 maxime
3185 1122 3251 1186 in
3305 1124 3563 1210 origine
3618 1122 3770 1185 mali
3825 1120 4199 1208 explicanda
4254 1116 4549 1195 obfuisse,

2863 1247 3063 1311 quum
3092 1247 3229 1290 eam
3259 1247 3381 1290 non
3411 1224 3473 1288 in
3505 1223 3822 1288 materiam
3863 1235 3938 1287 ut
3975 1224 4219 1306 ἄψυχον
4247 1234 4311 1285 et
4337 1221 4550 1284 ἄποιον

2862 1327 3094 1392 referre
3140 1340 3411 1414 possent,
3464 1325 3713 1391 Platoni
3761 1325 3990 1391 rectius
4045 1323 4316 1399 cessisse,
4367 1321 4551 1386 docet

2865 1429 3186 1495 Plutarch.
3219 1428 3299 1494 de
3326 1429 3549 1494 animae
3576 1442 3877 1516 procreat.
3907 1427 3969 1491 in
3994 1426 4243 1491 Timaeo
4269 1448 4335 1512 p.
4361 1439 4547 1508 1015.

2870 1535 3054 1598 1016.
3087 1554 3464 1620 quamquam
3510 1545 3573 1596 et
3619 1531 3751 1619 ipse
3797 1529 4114 1595 materiam
4162 1530 4374 1593 ἄποιον
4400 1525 4546 1590 reli·

2862 1635 3022 1722 quit,
3076 1658 3200 1699 non
3254 1650 3457 1700 tamen
3508 1635 3750 1718 ἄψυχον
3797 1632 4004 1697 fecit.”
4092 1627 4545 1716 Wyttenbach.

2862 1737 3249 1802 Animadvv.
3278 1738 3341 1802 in
3372 1736 3694 1802 Plutarch.
3744 1735 3825 1801 de
3868 1734 4022 1799 Isid.
4062 1747 4125 1797 et
4171 1730 4400 1797 Osirid.
4453 1732 4544 1817 (p.

2861 1845 3013 1926 369.
3033 1843 3153 1926 A.)
3180 1863 3244 1927 p.
3272 1859 3415 1926 232.
3462 1840 3565 1903 De
3593 1838 3850 1903 materia
3869 1838 4246 1927 qualitatum
4274 1841 4546 1920 eoeperte,

2863 1945 3076 2030 ἄποίφ,
3106 1942 3188 2007 cf.
3221 1943 3397 2008 Stob.
3427 1941 3692 2031 Eclogg.
3732 1942 3787 2004 1.
3826 1959 3924 2005 12.
3954 1959 4018 2025 3.
4063 1961 4125 2025 p.
4157 1937 4305 2023 318.
4340 1937 4542 2001 Heer-

2862 2067 2959 2109 en.
3018 2044 3357 2109 Alcinoum
3402 2044 3481 2109 de
3526 2043 3828 2109 Doctrina
3855 2041 4104 2106 Platon.
4135 2064 4190 2105 c.
4211 2041 4273 2104 8.
4303 2063 4368 2127 p.
4391 2055 4541 2124 473.

2865 2146 3131 2212 Heinsii.
3177 2145 3533 2211 Hemsterh.
3583 2146 3664 2211 ad
3712 2144 3993 2232 Hesych.
4043 2144 4103 2208 1.
4148 2166 4216 2230 p.
4248 2143 4401 2228 463.
4448 2165 4544 2228 sq.

2863 2250 3148 2337 Lennep.
3192 2248 3274 2314 ad
3323 2248 3631 2314 Phalarid.
3678 2247 3884 2336 Epist.
3932 2271 3994 2335 p.
4033 2266 4173 2330 149.
4224 2244 4546 2310 Plotinum

2861 2351 3068 2440 ipsum
3111 2352 3173 2417 in
3219 2351 3380 2416 libro
3425 2353 3561 2434 περὶ
3602 2353 3746 2431 ὕλης
3789 2352 3891 2414 II.
3921 2370 3986 2431 4.
4023 2369 4078 2413 1.
4140 2348 4242 2413 11.
4269 2368 4334 2430 4.
4378 2363 4441 2430 7.
4485 2362 4549 2410 et

2864 2455 2982 2520 IV.
3016 2472 3076 2536 7.
3105 2474 3168 2540 3.
3216 2456 3335 2520 VI.
3368 2475 3423 2520 1.
3449 2455 3551 2522 26.
3601 2452 3892 2517 Proclum
3921 2452 3984 2515 in
4013 2450 4149 2515 Alc.
4180 2473 4275 2537 pr.
4308 2464 4543 2537 p.317.

2862 2582 2955 2645 sq.
3000 2557 3296 2623 Eundem
3325 2557 3388 2622 in
3416 2558 3574 2621 Inst.
3599 2553 3827 2620 Theol.
3857 2578 3909 2618 c.
3937 2570 4037 2631 72.
4068 2576 4135 2640 p.
4167 2570 4304 2617 112.
4352 2550 4545 2639 Apud

2861 2659 3129 2725 eundem
3159 2661 3370 2726 ἄποιον
3409 2666 3579 2739 σῶμα
3620 2657 3742 2722 alio
3785 2680 3968 2722 sensu
4011 2655 4337 2743 accipitur,
4371 2653 4548 2718 nimi-

2860 2785 3023 2840 rum,
3044 2777 3117 2826 ut
3146 2762 3225 2826 sit
3251 2764 3446 2841 inere,
3476 2784 3615 2848 cap.
3638 2761 3743 2825 80.
3772 2783 3837 2848 p.
3867 2779 4006 2840 124.
4056 2756 4369 2846 Porphyr.
4397 2758 4549 2821 Sen-

2861 2877 3041 2929 tentt.
3073 2865 3284 2928 XXI.
3316 2887 3380 2951 p.
3419 2864 3565 2930 226.
3599 2885 3693 2950 sq.

2942 3002 3031 3019 —-
3062 2985 3120 3031 2.
3188 2968 3256 3034 ἃς
3301 2965 3549 3046 δέξεται,
3598 2966 3693 3029 καὶ
3734 2966 3801 3028 ἐν
3846 2962 4350 3050 αὐτῇ-ἔσονται]
4402 2961 4545 3026 Scil.

2860 3070 3051 3134 αὗταί.
3097 3067 3237 3133 Vid.
3271 3069 3615 3132 Hermann.
3640 3065 3724 3130 ad
3753 3065 3963 3153 Viger.
3995 3088 4058 3152 p.
4091 3064 4238 3148 708.

2944 3209 3030 3221 —
3065 3191 3159 3236 11.
3221 3169 3448 3252 Ὀρθῶς
3498 3171 3616 3252 ἄρα
3660 3168 3926 3253 λέγοιτο]
4001 3165 4258 3231 Retinui
4311 3165 4545 3252 optati-

2861 3297 3046 3340 vum:
3095 3273 3178 3339 cf.
3215 3271 3423 3339 locum
3466 3272 3782 3361 geminum
3813 3270 3954 3335 infr.
3988 3270 4129 3336 111.
4156 3271 4218 3334 6.
4256 3287 4353 3333 11.
4384 3280 4545 3332 extr.

2850 3376 3052 3443 Ὥστε
3082 3380 3139 3443 εἴ
3168 3402 3255 3444 τις
3293 3377 3402 3457 τὴν
3447 3378 3598 3456 ὕλην
3635 3374 3805 3457 λέγει
3834 3374 4033 3453 κακὴν,
4065 3374 4234 3439 οὗτος
4279 3372 4355 3435 ἂν
4395 3372 4543 3450 άλη-

2861 3482 3041 3545 θεῦοι.
3088 3481 3393 3544 Extrema
3421 3478 3611 3566 hujus
3637 3476 3854 3565 capitis
3880 3478 3980 3541 ἵνα
4021 3475 4101 3555 μὴ
4135 3472 4175 3555 ᾗ
4211 3477 4357 3541 ἴσως
4397 3474 4545 3551 κακὴ

2857 3584 3125 3665 -φύσις
3167 3604 3310 3646 cum
3354 3579 3790 3668 Engelhardto
3839 3579 3926 3643 ita
3967 3578 4341 3665 interpretor
4362 3597 4547 3640 z—ne

2858 3684 3019 3750 forte
3061 3683 3222 3749 mala
3265 3684 3364 3762 sit,
3393 3699 3704 3771 quatenus
3747 3682 3977 3769 species
4009 3679 4268 3765 (forma)
4309 3677 4411 3757 sit,
4441 3700 4546 3742 ne-

2858 3809 2983 3873 que
3015 3809 3164 3850 vero
3200 3786 3409 3873 potius
3451 3784 3613 3849 mala
3656 3784 3734 3848 sit
3778 3797 4074 3870 tanquam
4119 3794 4367 3860 natura,
4399 3803 4544 3867 quae

2859 3887 3080 3977 speciei
3112 3888 3387 3975 (formoe)
3420 3887 3803 3953 adversatur.

2945 4013 3012 4077 p.
3043 4007 3185 4076 153,
3210 4011 3267 4054 1.
3314 3989 3635 4069 ἐπεὶ-τὴν
3677 3991 3828 4067 ὕλην
3863 3988 4017 4054 ὅλως
4055 3988 4319 4068 ἀναιρεῖν
4348 3987 4541 4064 ἀξιοῦ-

2862 4094 3009 4178 σιν.]
3060 4093 3204 4158 vid.
3231 4091 3378 4157 infr.
3409 4116 3463 4157 c.
3492 4107 3591 4177 15.
3622 4090 3815 4178 hujus
3839 4089 4004 4154 libri.

2945 4215 3103 4275 —4.
3122 4193 3298 4259 Ἀλλ’
3331 4196 3385 4259 εἰ
3411 4195 3448 4275 ἡ
3477 4192 3751 4275 στέρησις
3780 4190 4215 4272 ἑπιβάλλοντός
4244 4191 4373 4254 ἐστι
4401 4216 4546 4272 παρ-

2864 4303 3015 4363 εῖναι
3053 4299 3240 4365 εἴδους
3280 4297 3460 4381 τινός]
3514 4294 3714 4360 Haud
3758 4293 3949 4359 dubie
3991 4291 4177 4357 etiam
4207 4290 4344 4357 Fic.
4393 4291 4545 4379 legit

2861 4401 2933 4479 εἰ,
2979 4398 3154 4486 quod
3199 4397 3574 4463 addidimus.
3661 4395 4096 4484 Engelhardt.‚
4141 4394 4253 4481 qui
4303 4393 4384 4459 de
4427 4394 4545 4458 hac

2860 4502 3082 4566 lacuna
3123 4499 3277 4564 nihil
3319 4500 3586 4580 monuit,
3618 4500 3682 4564 in
3726 4498 4128 4586 sequentibus
4169 4496 4349 4561 aliam
4398 4497 4543 4560 sub-

2858 4627 2988 4668 esse
3014 4602 3372 4682 arbitratus,
3401 4603 3490 4667 ita
3518 4602 3721 4668 locum
3769 4600 4119 4689 supplevit:
4169 4598 4305 4663 ἆλλ’
4334 4600 4372 4677 ἡ
4401 4599 4540 4662 στέ-

2856 4732 3026 4788 ρησις
3067 4706 3326 4770 ἆπουσία
3370 4708 3557 4774 εἴδους
3584 4731 3639 4770 τ.
3671 4708 3719 4769 ἑ.
3752 4702 4191 4784 ἐπιβάλλοντος
4229 4706 4538 4781 παρεῖναιε

2860 4816 2902 4847 “
2935 4810 3031 4871 At
3073 4808 3125 4872 si
3167 4806 3432 4895 privatio
3473 4807 3826 4873 continetur
3854 4807 4095 4892 daefitctu
4134 4800 4377 4890 speciei,
4401 4824 4546 4889 quae

2858 4909 2941 4974 ad
2996 4932 3126 4975 ease
3181 4909 3416 4976 tendit”
3473 4913 3552 4993 (s.
3603 4933 3748 4997 quae
3802 4908 3870 4973 τὸ
3926 4931 4056 4973 esse
4110 4902 4542 4990 concupiscit.)

2856 5010 3052 5076 Male.
3144 5010 3382 5076 Melius
3420 5010 3501 5076 ad
3533 5011 3821 5076 Ficinum
3866 5034 3930 5075 se
3971 5005 4270 5098 applicuit
4298 5004 4545 5094 Taylor

2854 5129 3143 5178 vertens:
3226 5116 3366 5179 But
3420 5115 3499 5200 {f
3522 5116 3854 5201 privation
3910 5114 3999 5199 of
4016 5112 4210 5198 firm
4273 5119 4545 5197 respecta

2854 5218 3062 5304 being.
3150 5216 3375 5303 Neque
3406 5215 3572 5281 ullus
3601 5214 3755 5281 liber
3782 5217 4041 5281 ἀπουσία
4067 5212 4341 5278 exhibet.
4421 5213 4544 5276 Est

2858 5318 3197 5407 Synchysis
3225 5340 3382 5406 pro:
3427 5317 3601 5382 Ἀλλ’
3636 5320 3752 5399 εῑὴ
3783 5343 3946 5399 στερ.
3992 5319 4179 5383 εἴδους
4217 5317 4375 5383 τινός
4414 5316 4544 5378 ἐστι

2857 5421 3294 5501 ἐπιβάλλοντος
3312 5428 3586 5504 παρεῖναι
3617 5423 3726 5504 (sc.
3749 5419 3817 5483 τὸ
3839 5419 4036 5499 εἶδος.)
4070 5419 4158 5483 At
4175 5419 4235 5482 εἰ
4250 5418 4545 5505 privatio

1079 5525 1453 5608 αἰσθήσεσιν,
1484 5529 1620 5594 οὔτε
1648 5530 1764 5610 γὰρ
1792 5528 2071 5607 ὄμμασιν,
2101 5525 2319 5608 άχρους
2345 5521 2479 5604 γάρ·
2515 5551 2569 5587 κ.
2595 5548 2646 5587 τ.
2679 5530 2738 5586 λ.
2830 5525 3080 5612 finmae
3119 5524 3448 5610 cty‘usdam
3491 5532 3582 5587 eet
3618 5524 3728 5610 qui
3772 5523 3947 5608 cupit
3988 5522 4201 5585 adesse
4247 5522 4412 5602 (eam
4459 5543 4542 5585 sc.
