5118 6613
1323 562 1522 627 LIB.
1572 561 1710 627 IX.
1757 562 2219 627 ENNEAD.
2266 561 2799 628 SECUNDAE.
2846 585 2908 650 p.
2936 563 3088 650 358,
3118 580 3271 649 359.
3888 583 4002 629 121

542 733 865 799 nianorum
897 731 1117 798 rationi
1146 756 1262 821 per
1287 733 1478 798 fuerit
1515 733 1749 813 similis,
1778 735 2037 799 fortasse
2065 732 2236 797 haud
2321 737 2578 823 stiques,
2599 737 2654 800 il
2669 744 2761 800 est
2779 757 2933 801 sane
2953 736 3136 801 dom
3163 736 3610 801 tres-curieuoe:
3654 738 3817 800 mais
3843 737 3898 800 il
3922 746 4014 802 est

540 858 701 901 vana
739 836 1097 924 conjectura
1142 850 1257 915 est,
1288 836 1336 900 si
1382 836 1495 900 hos
1530 860 1785 924 quoque
1824 837 1969 902 hinc
2012 835 2158 901 inde
2197 858 2238 901 a
2319 838 2450 902 loin
2477 839 2553 901 de
2582 840 2788 903 valoir
2813 839 2902 903 les
2929 841 3150 904 brailes
3191 841 3300 904 des
3333 841 3569 918 Ιτεπέε,
3598 841 3706 904 des
3739 841 4014 905 Clement

542 937 794 1003 Plotino
871 939 1272 1027 impugnatos
1347 939 1685 1005 arbitreris.
1798 941 2235 1006 Basilidianos
2320 941 2792 1020 d'Aleoeandm‘e,
2814 964 2896 1006 ou
2924 943 3033 1006 des
3069 942 3424 1007 Tertullien
3453 951 3664 1006 contre
3683 944 3740 1007 le
3765 944 4016 1008 Gnosti-

540 1058 749 1107 autem
804 1057 869 1107 et
937 1043 1402 1108 Valentinianos
1456 1043 1732 1131 itemque
1793 1044 2060 1132 Ophites
2118 1042 2235 1108 hoc

2318 1045 2525 1108 cisme.
2614 1044 2682 1108 Il
2720 1044 3007 1130 n'eapose
3046 1050 3257 1129 gnere
3297 1045 3364 1108 la
3405 1044 3685 1109 doctrine
3720 1045 3875 1132 qu'il
3912 1051 4014 1109 τό·

541 1144 738 1232 magis
765 1167 944 1209 nosse
963 1160 1208 1231 poterat
1229 1145 1576 1235 AEgyptius
1598 1144 2041 1233 Philosophus,
2060 1144 2230 1233 quod
2290 1146 2497 1231 fute‚·
2544 1147 2600 1210 il
2621 1146 2688 1209 Ζα
2713 1168 2980 1234 suppose
3012 1148 3071 1211 ei
3087 1158 3381 1234 presente
3407 1170 3543 1211 anx
3583 1150 3835 1234 esprits,
3862 1148 4017 1235 qu'il

539 1245 605 1311 hi
633 1247 888 1334 quidem
918 1247 981 1311 in
1013 1249 1304 1336 AEgypto
1333 1248 1718 1328 exstiterant,
1746 1263 1810 1313 et
1837 1248 2090 1336 quidem
2120 1246 2232 1311 diu

538 1367 683 1417 ante
713 1353 949 1418 Plotini
978 1367 1243 1419 aetatem.
1308 1353 1608 1420 Basilides
1636 1371 1844 1420 autem
1885 1371 2075 1442 atque
2109 1356 2229 1420 Va-

537 1456 809 1522 lentinus
848 1457 1077 1522 saeculo
1115 1481 1243 1523 uno
1280 1459 1588 1525 maturius
1624 1461 2030 1527 Alexandriae
2058 1477 2234 1528 erant

538 1561 760 1639 exorti,
792 1583 981 1648 quam
1012 1560 1233 1647 ipsein
1279 1560 1395 1625 hac
1439 1561 1595 1627 urbe
1641 1563 1983 1629 Ammonio
2026 1566 2233 1629 Saocae

537 1685 787 1750 operam
819 1661 1095 1726 dederat.
1186 1663 1308 1726 Est
1336 1678 1543 1727 autem
1576 1662 1675 1726 hic
1705 1663 1861 1729 liber
1888 1665 2228 1730 secundum

536 1764 815 1829 ordinem
861 1762 1140 1827 omnium
1188 1761 1418 1827 Plotini
1460 1762 1759 1829 librorum
1799 1766 2141 1831 tricesimus
2169 1782 2232 1833 et

539 1866 780 1931 tertius.
829 1864 972 1930 Vid.
1020 1863 1331 1953 Porphyr.
1377 1864 1456 1930 de
1502 1866 1649 1930 Vita
1695 1866 1928 1931 Plotini
1971 1893 2028 1934 c.
2060 1886 2123 1956 5.
2162 1892 2229 1957 p.

544 1987 685 2032 102.
716 1968 814 2033 ed.
847 1966 1092 2032 Fabric.
1122 1983 1187 2032 et
1223 1991 1280 2031 c.
1317 1987 1420 2048 24.
1466 1991 1533 2056 p.
1564 1989 1703 2050 142.
1796 1969 2056 2058 Anglice
2098 1995 2233 2036 ver-

538 2069 613 2134 tit
642 2070 813 2134 hunc
839 2070 1070 2135 librum
1104 2068 1335 2135 Plotini
1387 2071 1606 2135 Thom.
1648 2073 1891 2158 Taylor
1928 2075 1999 2137 in
2040 2072 2233 2140 Select

552 2174 774 2238 Works
799 2175 1210 2259 ofPlotinus,
1242 2196 1306 2261 p.
1339 2175 1446 2254 64.
1476 2198 1616 2262 sqq.

623 2279 846 2362 Atque
874 2299 952 2341 ex
982 2276 1099 2355 his,
1127 2298 1273 2363 quae
1304 2275 1366 2339 in
1397 2275 1514 2341 hac
1551 2300 1744 2365 parva
1782 2277 2235 2365 praeparatione

536 2378 618 2443 ad
647 2377 816 2444 hunc
845 2377 1073 2444 librum
1104 2378 1443 2466 disputavi,
1475 2379 1571 2443 vel
1602 2379 1812 2467 potius
1838 2380 2229 2460 adumbravi,

536 2480 820 2546 eruditus
848 2479 1040 2546 lector
1065 2480 1391 2569 intelliget,
1421 2497 1731 2569 quatenus
1758 2483 1960 2548 facere
2001 2482 2228 2570 possim

537 2607 679 2648 cum
712 2583 787 2648 cl.
820 2585 1102 2649 Mattero
1129 2583 1238 2672 qui
1274 2583 1336 2648 in
1378 2585 1632 2673 egregio
1665 2609 1889 2672 opere:
1938 2587 2234 2651 Histoire

540 2689 827 2775 Critiqne
862 2688 951 2751 du
999 2687 1430 2766 Gnostici-eme,
1478 2688 1657 2752 Paris
1696 2689 1880 2753 1828.
1929 2691 2016 2754 T.
2064 2690 2122 2754 I.
2167 2713 2229 2778 p.

532 2811 639 2875 55.
688 2790 779 2854 ita
815 2789 1100 2877 judicat:
1167 2798 1213 2830 “
1247 2791 1413 2856 Uest
1453 2812 1520 2855 ce
1560 2793 1672 2878 qui
1717 2814 1878 2856 nous
1919 2793 2228 2881 euplique,

528 2915 657 2981 par
684 2894 980 2979 eccemple,
1010 2894 1077 2957 la
1107 2896 1390 2981 position
1418 2895 1494 2959 de
1522 2895 1762 2971 Plotia,
1793 2898 1903 2983 qui
1932 2906 2025 2962 est
2053 2897 2229 2984 plein

531 2997 757 3061 d‘idees
798 2997 1149 3085 analag-nes
1181 2995 1222 3061 ὰ
1250 2998 1426 3062 celks
1467 2999 1575 3062 des
1606 2998 2002 3086 Gnostiques,
2032 3007 2092 3063 et
2118 3000 2229 3087 qui

536 3100 626 3165 les
667 3101 876 3186 reside
901 3100 1245 3187 cependant
1276 3100 1439 3165 dam
1474 3122 1565 3165 tm
1608 3102 1797 3165 ἰναὶίέ
1824 3101 2226 3189 ρανίὶειὶἶὶετ,

526 3225 656 3291 ραν
690 3225 756 3268 ce
797 3205 952 3291 qu'il
984 3212 1078 3268 est
1114 3203 1400 3268 Pennemi
1440 3204 1515 3267 de
1552 3213 1686 3269 tout
1725 3225 1791 3268 ce
1815 3205 1926 3291 qui
1956 3206 2110 3269 tient
2138 3228 2227 3269 au

536 3306 1079 3373 Christianam?
1166 3306 1351 3387 Quod
1392 3305 1494 3373 ille
1523 3306 1836 3395 judicium
1865 3308 2229 3374 confirmare

532 3411 747 3476 studet
791 3412 877 3476 T.
914 3411 1012 3476 11.
1060 3434 1124 3499 p.
1157 3413 1306 3493 460.
1354 3435 1488 3500 sqq.
1533 3411 1942 3477 addens:—“
1970 3413 2226 3478 Ammo-

530 3517 706 3587 nius,
729 3515 842 3602 qui
862 3536 906 3577 α
928 3515 1208 3602 paneg-6
1230 3536 1307 3578 en
1335 3515 1592 3604 quelque
1609 3525 1775 3580 sorte
1794 3517 1861 3580 la
1879 3516 2229 3604 singuliere

527 3618 798 3682 destines
840 3617 916 3681 de
963 3619 1341 3682 Constantia
1382 3619 1439 3683 le
1488 3618 1736 3695 Grand,
1779 3619 1968 3683 d'etre
2010 3621 2230 3686 vendre

529 3720 604 3783 de
644 3720 816 3785 dena·
843 3722 1098 3807 parties
1132 3722 1482 3786 cmztraires
1514 3721 1623 3805 (de
1669 3721 2000 3787 Chretiens
2041 3736 2105 3788 et
2146 3721 2228 3788 de

533 3824 808 3912 Payens)
862 3825 1087 3910 paruit
1142 3825 1329 3888 avoir
1375 3826 1670 3912 imprime
1709 3823 1749 3888 ὰ
1792 3846 1892 3890 ses
1935 3826 2226 3914 disciples

527 3926 979 3991 &Alexandri-e
1024 3947 1150 3990 une
1191 3928 1542 4016 antipathie
1572 3928 1889 4016 profhnde
1918 3951 2092 4016 pour
2133 3929 2222 3994 les

534 4030 930 4117 Gnostiques.
1020 4031 1067 4093 I
1064 4031 1091 4093 l
1134 4040 1227 4095 est
1277 4034 1446 4110 vrai,
1488 4053 1605 4120 que
1653 4032 1976 4109 Pleistoire,
2021 4033 2131 4120 qui
2178 4055 2222 4097 α

528 4133 820 4196 conserve
861 4134 920 4196 ei
965 4154 1096 4220 peu
1137 4133 1213 4196 de
1235 4133 1420 4219 fizits
1466 4156 1585 4197 sur
1641 4136 2034 4213 Ammonius,
2080 4136 2223 4199 n'en

528 4244 829 4323 rapporte
853 4257 1087 4313 aucun,
1117 4237 1227 4323 qui
1260 4242 1383 4323 pat
1417 4244 1674 4300 attester
1700 4245 1850 4301 cette
1876 4237 2218 4312 direction3

528 4340 692 4403 mais
725 4339 792 4402 la
820 4338 1124 4403 diret-tion
1161 4339 1495 4404 elle-meme
1532 4342 1750 4418 existe,
1781 4340 1893 4405 elle
1929 4361 1994 4404 se
2022 4341 2225 4404 mani-

501 4442 680 4527 βιαία
706 4441 871 4505 dam
897 4442 954 4505 le
969 4443 1122 4528 plus
1146 4441 1391 4507 illustre
1420 4443 1528 4507 des
1551 4442 1744 4507 eleves
1767 4443 2220 4522 &Ammonia-5,

386 4542 391 4549 ’
526 4544 688 4608 dan-5
718 4545 957 4623 Pbtin,
987 4544 1140 4609 dont
1183 4546 1364 4609 Fame
1391 4545 1608 4609 tendre
1634 4554 1696 4610 et
1721 4548 2027 4634 myett’que
2053 4548 2224 4613 n'eut

517 4649 722 4734 gnere
747 4670 941 4737 conen
969 4656 1120 4712 cette
1140 4650 1403 4735 passion
1426 4648 1840 4726 ‹selle-meme,
1868 4659 1928 4714 et
1966 4653 2078 4737 qm·
2119 4660 2224 4716 eut

525 4750 852 4815 d'as‘lleure
879 4753 1082 4815 moine
1109 4750 1485 4817 d'occasiom
1510 4774 1630 4840 que
1657 4775 1772 4817 son
1804 4753 2029 4818 mai‘tre
2054 4755 2130 4817 de
2156 4777 2224 4820 se

525 4864 891 4919 rencontrer
918 4875 1068 4919 avec
1096 4854 1185 4919 les
1227 4856 1660 4944 Gnostiques.”
1748 4855 1931 4921 Idem
1963 4881 2023 4943 p.
2051 4861 2218 4938 462:

526 4964 571 4996 ‘⁶
605 4958 775 5023 C'est
801 4956 865 5021 ld
895 4965 989 5022 cet
1021 4957 1200 5035 ecrit,
1227 4979 1346 5046 que
1383 4968 1614 5023 trouva
1654 4958 1987 5047 Porphyre
2000 4962 2223 5048 panni

524 5060 613 5125 les
638 5070 859 5126 autres
900 5063 1283 5126 manuscrits
1322 5062 1400 5125 de
1441 5063 1679 5140 Plotia,
1706 5086 1791 5150 qu
1788 5064 1860 5126 il
1894 5084 2221 5150 art-angen

522 5173 582 5228 et
606 5166 926 5253 comigea,
948 5185 1102 5229 sans
1130 5164 1335 5243 doute,
1358 5186 1584 5229 comme
1610 5165 1700 5229 les
1726 5174 1963 5245 autres,
1985 5174 2045 5230 et
2070 5166 2227 5254 qu'il

522 5266 783 5331 imitula
815 5266 1094 5331 Com-ns
1123 5290 1244 5331 Las
1270 5268 1693 5342 Gnosmovss
1714 5270 1893 5353 (κατὰ
1918 5274 2036 5334 τῶν
2056 5275 2217 5334 Γνω-

524 5375 759 5433 στικων.
823 5368 1116 5434 Debebat
1143 5369 1434 5435 scribere.
1481 5371 1629 5454 πρὸς
1646 5372 1781 5440 τοὺς
1801 5374 2216 5458 Γυωστικούς)

526 5471 774 5536 Comme
815 5472 873 5535 le
913 5473 1051 5537 seul
1088 5482 1469 5553 monument,
1504 5476 1617 5561 qui
1658 5496 1724 5539 se
1765 5477 1890 5539 soit
1928 5481 2232 5542 eomer-06

522 5574 1258 5664 delapolemiquedeae
1309 5577 2221 5645 mammaeae-no-

622 5683 811 5735 vol..
850 5683 977 5736 111.

2315 1250 2634 1337 l'attaque,
2653 1272 2828 1337 pour
2866 1251 3040 1314 ainai
3079 1251 3241 1327 dire,
3271 1272 3425 1315 eane
3462 1251 3529 1314 la
3564 1250 4013 1315 ramanae-ef

2319 1353 2613 1441 Denique
2657 1375 2720 1440 p.
2753 1354 2902 1435 464.
2951 1376 3087 1440 sqq.
3157 1355 3472 1419 Matterus
3524 1353 3890 1441 pronuntiat
3946 1352 4012 1418 in

2318 1454 2434 1521 hac
2462 1479 2650 1521 causa
2676 1454 2994 1520 Plotinum
3022 1456 3266 1521 acutius
3294 1479 3512 1521 verum
3542 1455 3788 1535 vidisse,
3819 1477 4011 1543 quam

2319 1559 2653 1624 Gnosticos
2681 1561 2772 1648 (p.
2802 1561 2949 1641 466.
2980 1569 3041 1624 et
3067 1582 3143 1624 en
3165 1561 3435 1649 general
3459 1583 3573 1626 eon
3611 1560 4011 1646 mysticisme,

2315 1684 2475 1726 nous
2501 1664 2558 1727 le
2601 1663 2814 1727 disens
2852 1684 3006 1727 sans
3041 1685 3286 1727 aucune
3323 1685 3593 1742 reserve,
3624 1671 3715 1727 est
3749 1670 4014 1726 souvent

2315 1768 2653 1853 αφέτὶεαν
2695 1762 2736 1829 ὰ
2779 1766 2939 1829 celui
2983 1767 3059 1829 de
3107 1766 3174 1829 la
3222 1767 3479 1852 Gnose.)
3570 1765 3757 1844 Quod
3806 1785 4013 1828 exem-

2319 1868 2438 1955 plis
2463 1866 2851 1955 adponendis
2875 1884 3355 1933 commonstrare
3383 1868 3595 1934 studet
3621 1867 4012 1933 doctissimus

2319 1970 2601 2058 scriptor,
2631 1972 2719 2036 ita
2748 1987 2977 2049 tamen,
3011 1986 3082 2036 ut
3111 1971 3475 2036 sententiam
3505 1971 3638 2059 ipse
3676 1993 3850 2036 suam
3892 1968 4010 2034 hoc

2316 2089 2499 2161 pacto
2553 2072 3015 2138 circumscribat
3077 2075 3169 2161 (p
3216 2077 3365 2158 467.
3374 2077 3429 2157 ):
3493 2073 3740 2137 “Mais
3795 2093 4010 2137 encore

2288 2176 2540 2263 faut-il
2562 2197 2629 2240 se
2657 2176 2969 2263 rappeler,
2992 2197 3111 2263 que
3137 2199 3299 2242 nous
3325 2198 3405 2240 ne
3431 2180 3837 2240 conani-§sons
3855 2176 4009 2263 plus

2316 2279 2383 2342 la
2416 2279 2621 2342 Gnose
2629 2300 2764 2365 par
2784 2279 2895 2342 elle
2913 2284 3139 2351 memez
3188 2301 3344 2343 vous
3363 2301 3442 2343 ne
3460 2279 3699 2343 Pavons
3720 2279 3871 2366 plus
3891 2300 4009 2366 que

2317 2381 2472 2459 telle,
2517 2381 2720 2468 quel'a
2742 2381 2925 2465 fizite
2971 2382 3038 2445 la
3076 2382 3446 2470 polemique,
3489 2404 3523 2445 c
3520 2383 3630 2445 'eat
3672 2380 3712 2444 ὰ
3755 2382 3893 2445 dire
3942 2381 4009 2445 la

2314 2483 2564 2548 haine?⁹
2650 2486 2810 2563 Quae
2852 2507 2970 2571 ego
3011 2485 3073 2549 in
3121 2484 3326 2549 medio
3362 2485 3563 2572 posita
3599 2483 3906 2572 relinquo,
3935 2499 4009 2549 ut

2317 2586 2425 2672 qui
2456 2601 2818 2650 neutrarum
2843 2587 3114 2674 partium
3139 2587 3549 2674 patrocinium
3571 2588 3816 2674 recepi:
3861 2585 4008 2652 Plo-

2317 2690 2427 2755 tini
2456 2713 2669 2777 opera,
2696 2691 2906 2778 quoad
2936 2692 3073 2780 ejus
3105 2692 3238 2756 fieri
3275 2706 3501 2779 potest,
3529 2689 3918 2755 emendanda
3944 2704 4008 2754 et

2316 2793 2685 2882 explicanda
2711 2795 2973 2883 suscepi.

2402 2921 2466 2985 p.
2489 2899 2642 2985 358,
2673 2919 2733 2983 9.
2768 2904 3095 2964 ΕΠΕῙΔΗ
3125 2898 3349 2984 τοίνυν]
3390 2897 3769 2984 Longiorem
3808 2894 4010 2983 perio-

2314 3001 2492 3079 dum,
2505 3025 2652 3088 quae
2667 3000 2749 3064 ab
2767 3000 3175 3079 ἐπειδὴτοίνυν
3188 2999 3454 3086 pertinet
3471 3022 3672 3085 usque
3688 2998 3768 3062 ad
3789 3001 3865 3066 ὦς
3880 2999 4009 3063 οἶόν

2314 3129 2403 3182 τε,
2417 3103 2593 3167 Ficin
2601 3126 2694 3180 uS,
2707 3102 2796 3166 uti
2818 3100 3044 3188 saepius
3061 3100 3229 3178 facit,
3239 3101 3301 3166 in
3321 3100 3533 3189 plures
3547 3099 3859 3165 breviores
3874 3122 4009 3164 sen-

2313 3204 2536 3270 tentias
2563 3203 2875 3281 dissecuit,
2904 3202 3013 3280 ita,
3045 3218 3118 3269 ut
3146 3222 3291 3268 ante
3318 3204 3492 3268 οὐδὲν
3511 3203 3656 3286 ἔχον
3676 3200 4009 3289 cogitando

2313 3323 2621 3398 repeteret
2642 3309 2855 3392 ἐφάνη.
2916 3305 3154 3373 Melius
3177 3304 3419 3395 Taylor
3443 3304 3748 3371 universoe
3769 3303 4007 3394 periodi

2312 3412 2617 3477 ambitum
2660 3411 2961 3477 vertendo
3002 3410 3347 3499 descripsit,
3380 3408 3679 3498 apodosin
3722 3409 3812 3474 ita
3851 3409 4003 3474 inci-

2313 3516 2488 3604 piens
2508 3525 2663 3581 :—“
2692 3517 2854 3583 This
2881 3517 3076 3605 being
3099 3516 3200 3581 tlte
3226 3536 3387 3592 case,
3411 3514 3585 3578 when
3613 3535 3701 3578 we
3720 3536 3840 3602 say
3865 3536 4004 3579 rus

2315 3644 2468 3700 ons,
2501 3621 2651 3685 &c.”

2399 3746 2462 3811 p.
2492 3743 2645 3809 359,
2677 3742 2735 3803 7.
2772 3726 2891 3788 εἴτε
2928 3724 3044 3805 γὰρ
3084 3720 3342 3809 ἐλάττω]
3375 3718 3697 3785 Gemistus
3735 3718 3797 3782 in
3841 3718 4003 3784 Cod.

2313 3828 2457 3891 Vat.
2488 3849 2586 3890 nr.
2616 3827 2801 3907 1416.
2844 3848 2910 3913 p.
2942 3827 3083 3911 156.
3125 3823 3190 3887 in
3235 3821 3522 3911 Epistola
3561 3820 3642 3886 ad
3690 3821 4005 3887 Bessario·

2306 3952 2446 3995 nem
2492 3930 2569 3994 de
2600 3930 2836 4017 opifice
2875 3928 3010 3991 coeli
3030 3951 3053 3992 .·
3099 3928 3375 4010 Πρόκλος
3414 3928 3528 4007 μὲν
3574 3928 3650 3990 τὰ
3678 3923 4005 3993 Πλάτωνος

2307 4036 2574 4116 δόγματα
2612 4035 2696 4099 εἰς
2733 4031 2868 4098 τοὺς
2900 4028 3177 4113 Ὀρφέως
3219 4029 3412 4094 ἕλκων
3452 4030 3688 4109 μύθους,
3720 4027 4004 4112 τέταρτον

2308 4136 2424 4201 ἀπὸ
2451 4141 2557 4200 τοῦ
2584 4136 2814 4218 πρώτου
2842 4134 3064 4198 τίθεται
3093 4134 3299 4198 αἰτίου.
3378 4137 3689 4200 Πλωτῖνος
3717 4134 3782 4196 δὲ
3803 4133 4003 4214 τρίτου

2311 4240 2372 4307 ἐς
2398 4241 2533 4307 τούς
2558 4265 2633 4322 γε
2659 4236 2924 4304 πολλοὺς
2949 4236 3118 4304 οὗτος
3158 4235 3526 4315 ἀποβλέπων
3563 4239 3681 4299 τῶν
3719 4239 3999 4315 ποιητῶν.

2303 4344 2419 4406 'Tu
2451 4341 2596 4406 vide
2627 4339 2919 4406 Proclum
2951 4338 3014 4404 in
3048 4337 3326 4405 Platonis
3356 4337 3671 4402 Timaeum
3712 4360 3780 4424 p.
3802 4355 3906 4422 93.
3939 4352 4003 4401 et

2312 4442 2622 4532 Cyrillum
2651 4457 2870 4509 contra
2918 4443 2964 4505 J
2971 4440 3247 4505 ulianum
3281 4441 3484 4506 VIII.
3514 4463 3580 4528 p.
3610 4440 3762 4526 384.
3852 4438 3998 4504 Dis-

2307 4562 2493 4635 putat
2535 4548 2616 4612 de
2659 4545 2757 4611 his
2799 4543 3055 4624 Plotini,
3094 4543 3294 4610 Procli
3333 4543 3725 4631 aliorumque
3762 4540 4004 4631 placitis

2311 4650 2612 4717 Brucker.
2655 4649 2719 4714 in
2767 4649 2939 4714 Hist.
2988 4647 3144 4714 Crit.
3191 4645 3424 4712 Philos.
3472 4648 3573 4712 11.
3611 4669 3679 4735 p.
3707 4647 3855 4732 398.
3905 4668 4000 4733 sq.

2310 4754 2479 4819 unde
2506 4753 2643 4818 haec
2680 4751 3052 4841 apponenda
3091 4750 3340 4817 censui:
3389 4757 3433 4790 “
3465 4752 3666 4829 Quem
3702 4750 4003 4832 (Ammo-

2308 4857 2483 4922 nium
2515 4859 2800 4940 Saccam)
2832 4869 3084 4920 secutus
3127 4852 3438 4931 PlotinuS,
3467 4851 3725 4916 eandem
3769 4850 4006 4917 trinita-

2309 4974 2432 5025 tem
2464 4958 2892 5047 hypostasium
2923 4956 3305 5023 archicarum
3329 4955 3602 5035 admisit,
3626 4970 3698 5020 ut
3718 4954 4002 5034 haberet,

2307 5062 2477 5150 quod
2511 5084 2634 5126 non
2667 5060 2983 5127 Gnosticis
3013 5074 3256 5125 tantum
3288 5072 3655 5147 opponeret,
3679 5058 3786 5123 sed
3816 5059 4000 5125 etiam

2305 5164 2478 5253 quod
2529 5163 2933 5230 Christianis:
2993 5185 3264 5252 quorum
3311 5162 3596 5228 doctrina
3645 5185 3819 5227 suam
3859 5161 3999 5249 phi.

2304 5267 2648 5356 Iosophiam
2693 5266 3042 5333 inferiorem
3088 5288 3214 5332 non
3262 5289 3393 5331 esse
3433 5266 3570 5331 haec
3614 5280 3779 5330 secta
3822 5265 4001 5330 vehe-

2304 5385 2545 5437 menter
2573 5371 2868 5458 omnique
2899 5369 3107 5435 studio
3134 5368 3380 5456 sategit.
3437 5367 3615 5432 Vidit
3643 5366 3759 5431 hoc
3790 5366 4004 5432 Theo-

2304 5473 2563 5539 don-etus
2594 5473 2903 5559 (Therap.
2942 5474 3142 5537 Serm.
3169 5473 3273 5537 II.
3304 5473 3387 5536 T.
3416 5472 3516 5535 11.
3551 5492 3698 5558 opp.
3728 5492 3796 5557 p.
3817 5472 4001 5555 496.)

2303 5576 2418 5664 qui
2456 5576 2617 5642 hauc
2657 5575 3155 5642 Christianorum
3189 5574 3593 5641 imitationem
3633 5572 3831 5661 probe
3869 5571 4004 5638 ani-

2359 5685 2413 5738 R
