5118 6613
1299 564 1499 629 LIB.
1551 565 1706 629 VII.
1755 565 2213 630 ENNEAD.
2264 567 2754 644 QUARTAE.
2802 590 2863 654 p.
2899 568 3256 651 868—870.

537 742 689 810 νοῦς,
736 743 853 801 τῶν
882 740 1065 800 ποιῶν
1104 760 1279 799 τινων
1323 736 1539 818 θεωρὸς
1583 736 1686 811 ὧν,
1736 737 1930 801 ὠδίνει
1970 741 2082 818 μὲν
2121 743 2220 820 τῆς

533 844 769 922 φύσεως
795 841 1021 919 ἐκείνης
1051 839 1308 917 ἔννοιαν,
1331 839 1581 922 προάγει
1611 842 1674 904 δὲ
1705 841 1886 919 αὐτὴν
1903 841 2038 905 οὐδὲ
2067 844 2215 905 ἐκεῖ·

534 968 651 1016 νος,
683 945 845 1007 ἀλλᾶ
871 943 1233 1014 τούναντίον,
1269 944 1364 1005 καὶ
1401 941 1650 1025 συνάγει
1689 943 1835 1025 πρὸς
1865 944 2076 1024 ἑαυτὴν
2109 945 2216 1026 (an

530 1045 675 1127 πρὸς
696 1047 906 1109 ἑαυτόν
926 1046 983 1128 Ρ)
1015 1044 1122 1123 τὴν
1139 1045 1581 1112 ὦδῖνα--εἵπως
1608 1047 2220 1130 δυνηθείημεν-πρὸς

530 1148 639 1227 τὴν
664 1149 846 1213 ὠδῖνα
875 1150 1104 1227 ἐκείνην
1133 1149 1511 1229 ἀναδραμεῖν.

618 1273 684 1337 p.
709 1250 857 1333 870,
892 1267 951 1332 7.
1000 1251 1154 1332 Περὶ
1187 1252 1251 1313 δὲ
1286 1254 1387 1329 τῆς
1423 1257 1540 1314 τῶν
1579 1252 1784 1315 ἄλλων
1808 1254 1969 1328 ζώων
1997 1258 2214 1337 ψυχῆς,

532 1356 673 1418 ὅσαι
691 1356 946 1433 μὲν-εἷ
973 1354 1038 1417 δὲ
1068 1353 1234 1416 ἔστιν
1262 1354 1417 1416 ἄλλο
1447 1379 1504 1416 τι
1533 1353 1686 1420 εἶδος
1705 1358 1928 1440 ψυχῆς]
1983 1355 2216 1421 Distin-

529 1456 670 1544 guit
699 1455 986 1520 Plotinus
1014 1454 1175 1520 inter
1194 1478 1296 1519 eas
1326 1455 1648 1519 brutorum
1672 1455 1929 1535 animas,
1959 1481 2103 1545 quae
2140 1483 2219 1523 ex

530 1558 892 1646 corporibus
919 1558 1206 1622 humanis
1225 1558 1517 1622 humanae
1541 1558 2069 1645 degeneraverint,
2091 1585 2219 1626 eas-

530 1685 678 1750 que,
725 1685 893 1749 quae,
948 1684 1089 1725 cum
1151 1683 1472 1747 nunquam
1520 1661 1796 1725 humano
1840 1663 1906 1727 in
1964 1687 2219 1752 corpore

530 1765 783 1843 fuerint,
828 1763 1174 1828 animandis
1228 1764 1555 1828 brutorum
1614 1765 1978 1852 corporibus
2022 1766 2216 1831 inser·

531 1868 724 1933 viant.
817 1869 988 1932 Fons
1045 1866 1235 1955 hujus
1280 1867 1580 1931 doctrinae
1627 1867 1786 1932 inest
1828 1869 1890 1932 in
1940 1871 2219 1936 Platonis

531 1972 777 2036 Timaeo
814 1994 879 2058 p.
912 1990 1019 2051 42.
1064 1993 1131 2057 p.
1157 1989 1261 2054 45.
1294 1969 1844 2053 Βάκ-σφαλεὶς
1890 1976 1954 2037 δὲ
1998 1976 2220 2040 τούτων

531 2078 613 2144 εἷς
639 2074 916 2157 γυναικὸς
943 2076 1128 2157 φύσιν
1170 2076 1237 2137 ἐν
1274 2078 1344 2154 τῇ
1393 2074 1634 2159 δευτέρᾳ
1669 2076 1910 2157 γενέσει
1950 2084 2215 2158 μεταβα-

529 2185 648 2244 λοῖ·
694 2178 775 2258 μὴ
808 2179 1140 2257 παυόμενος
1167 2178 1231 2240 δὲ
1262 2179 1328 2240 ἐν
1357 2179 1582 2243 τούτοις
1621 2178 1708 2242 ἔτι
1750 2181 1967 2254 κακίας,
1999 2183 2219 2263 τρόπον

531 2283 603 2347 ὃν
643 2284 967 2355 κακύνοιτο,
1012 2283 1159 2345 κατὰ
1207 2280 1314 2359 τὴν
1357 2282 1669 2361 ὁμοιότητα
1713 2286 1812 2362 τῆς
1855 2287 1961 2347 τοῦ
2001 2286 2219 2365 τρόπου

531 2384 825 2468 γενέσεως
866 2386 949 2451 εἵς
992 2408 1125 2447 τινα
1162 2384 1436 2463 τοιαύτην
1480 2384 1573 2447 ἀεὶ
1606 2391 1949 2464 μεταβαλοῖ
1984 2386 2219 2468 θήρειον

531 2492 715 2570 φύσιν
748 2512 872 2552 κ.τ.
899 2495 959 2551 λ.
1049 2485 1149 2550 Ad
1194 2509 1339 2572 quae
1380 2485 1552 2549 haud
1594 2486 1719 2550 scio
1761 2510 1840 2552 an
1887 2511 2010 2551 non
2058 2488 2220 2553 Fici-

532 2614 650 2656 nus
677 2590 995 2668 erraverit,
1040 2612 1181 2653 cum
1219 2588 1545 2654 Platonem
1583 2589 1747 2654 dicat
1797 2600 1875 2672 (c.
1906 2595 2028 2675 19.)
2067 2592 2215 2656 bru-

533 2711 737 2759 torum
763 2694 999 2774 animas
1027 2707 1090 2757 et
1118 2692 1322 2756 anima
1348 2710 1412 2756 et
1440 2716 1697 2780 corpore
1724 2694 1990 2758 caducas
2020 2710 2214 2758 statu-

530 2799 665 2863 isse.
742 2798 913 2861 Utut
940 2812 1071 2860 est:
1122 2795 1458 2861 Christiani
1488 2796 1841 2884 philosophi
1867 2796 2219 2884 longissime

531 2902 611 2966 ab
639 2924 728 2965 >ea
770 2900 1072 2964 sententia
1111 2914 1511 2977 recesserunt,
1543 2923 1688 2986 quae
1730 2900 1930 2986 gradu
1973 2916 2216 2965 tantum

533 3005 862 3071 brutorum
914 3002 1149 3067 animas
1191 3003 1272 3067 ab
1319 3002 1608 3066 humanis
1649 3003 1897 3067 differre
1942 3018 2218 3091 poneret,

530 3108 790 3196 illasque
834 3129 1086 3196 prorsus
1130 3105 1439 3193 perituras
1488 3120 1858 3171 statuerunt.
1952 3105 2221 3171 Basilius

536 3218 816 3302 Magnus
843 3227 1247 3300 posteaquam
1272 3209 1607 3274 bestiarum
1631 3210 1866 3274 animas
1895 3210 2215 3298 sanguine,

533 3342 713 3385 carne
742 3341 813 3383 ac
847 3315 1110 3405 proinde
1138 3329 1319 3378 terrae
1345 3329 1511 3378 ortas
1542 3314 1770 3401 posuit,
1801 3315 1889 3378 ita
1921 3314 2125 3401 pergit
2153 3315 2216 3378 in

535 3424 841 3486 Hexaem.
890 3416 1129 3482 Homil.
1163 3417 1359 3481 VIII.
1393 3440 1458 3504 p.
1486 3437 1591 3502 99.
1628 3419 1705 3480 Β.
1733 3420 1784 3483 C
1809 3421 1994 3498 ε-μῆ
2024 3421 2219 3498 νόμιζε

532 3522 943 3606 πρεσβυτέραν
999 3520 1151 3585 εἶναι
1205 3519 1566 3602 (brutorum
1618 3521 1917 3604 animam)
1968 3526 2070 3600 τῆς
2115 3526 2220 3585 τοῦ

534 3628 799 3708 σῶματος
842 3626 1033 3689 αὐτῶν
1079 3623 1481 3696 ὑποστάσεως,
1533 3627 1680 3704 μηδὲ
1724 3625 2218 3705 ἐπιδιαμένουσαν

532 3733 676 3808 μετό.
720 3730 830 3807 τὴν
873 3732 973 3807 τῆς
1021 3727 1238 3808 σαρκὸς
1288 3727 1580 3790 διάλυσιν.
1627 3732 1817 3810 φεῦγε
1865 3728 2219 3811 φληνάφους

531 3840 643 3897 τῶν
690 3836 972 3912 σοβαρῶν
1010 3831 1387 3911 φιλοσόφων,
1438 3831 1496 3893 οἳ
1534 3831 1639 3893 οὐκ
1683 3832 2070 3913 αἰσχύνονται
2114 3833 2219 3897 τὰς

533 3939 752 4000 ἑαυτῶν
794 3935 999 4016 ψυχὰς
1041 3933 1136 3997 καὶ
1178 3934 1281 3998 τὰς
1325 3934 1555 3999 κυνείας
1596 3934 1883 4012 ὁμοειδεῖς
1925 3932 2219 4011 ἀλλήλαις

532 4037 843 4116 τιθέμενοι·
891 4036 949 4098 οἱ
975 4033 1260 4116 λέγοντες
1291 4034 1530 4100 ἑαυτοὺς
1556 4036 1926 4116 γεγενῆσθαί
1946 4059 2093 4097 ποτε
2123 4034 2218 4097 καὶ

533 4146 809 4221 γυναῖκας
837 4139 931 4201 καὶ
961 4137 1215 4216 θάμνους
1253 4136 1347 4199 καὶ
1377 4138 1583 4219 ἰχθύας
1610 4137 1978 4203 θαλασσίους
2006 4163 2054 4199 κ.
2079 4160 2130 4199 τ.
2152 4143 2213 4198 λ.

530 4243 686 4319 Quae
713 4240 777 4303 in
809 4240 1132 4303 Platonem
1179 4260 1301 4300 non
1348 4237 1553 4301 minus
1580 4260 1768 4323 quam
1797 4236 1861 4300 in
1895 4235 2214 4301 Plotinum

531 4345 804 4430 conjecta
832 4358 997 4406 sunt.
1091 4339 1530 4427 suffragantur
1558 4339 1613 4404 ei
1643 4339 1893 4426 plurimi
1925 4339 2216 4405 Ecclesiae

530 4446 826 4511 doctores.
891 4443 1237 4508 Antiochus
1269 4442 1731 4507 Ptolemaeensis
1759 4443 1820 4506 in
1858 4448 2028 4530 Ang.
2055 4443 2213 4507 Maii

535 4548 784 4614 Collect.
818 4547 1017 4612 Vatic.
1051 4547 1107 4610 1.
1140 4570 1204 4634 p.
1231 4546 1335 4609 81.
1370 4570 1501 4632 sq.:
1550 4550 1624 4610 τὰ
1654 4549 1765 4626 μὲν
1803 4548 1965 4611 ἄλλα
2008 4546 2210 4629 τετρά-

530 4657 679 4717 ποδα
704 4657 890 4716 ποιῶν
918 4653 952 4714 ὁ
982 4650 1139 4727 θεὸς,
1170 4652 1320 4730 μετὰ
1356 4656 1472 4713 τῶν
1500 4649 1788 4729 σωμάτων
1819 4650 1912 4713 καὶ
1951 4653 2054 4716 τὰς
2091 4656 2213 4731 ψυ-

530 4759 637 4838 χὰς
672 4753 1037 4836 παρήγαγεν·
1084 4752 1193 4816 τὸν
1221 4754 1286 4816 δὲ
1328 4753 1640 4835 ἄνθρωπον
1667 4752 1943 4816 πλάττων
1982 4759 2213 4834 πρῶτον

530 4854 940 4931 κατασκευάζει
966 4855 1035 4919 τὸ
1065 4860 1170 4918 τοῦ
1197 4857 1468 4935 σώματος
1495 4857 1772 4937 ὄργανον·
1823 4855 1917 4919 καὶ
1942 4857 2078 4919 τότε
2105 4855 2212 4934 τὴν

531 4961 732 5043 ψυχὴν
776 4956 1204 5039 δημιουργήσας
1256 4957 1553 5037 ἐνέθηκεν,
1605 4959 1704 5022 ἵνα
1762 4958 1857 5022 καὶ
1907 4960 1974 5022 ἐν
2025 4960 2210 5043 τούτῳ

529 5065 681 5143 δείξῃ
722 5062 831 5141 τὴν
873 5062 1172 5145 ὑπεροχὴν
1214 5066 1320 5125 τοῦ
1367 5063 1694 5144 ἀνθρώπου·
1741 5062 1939 5140 ἐπειδὴ
1982 5064 2056 5124 τᾶ
2097 5062 2209 5140 μὲν

528 5166 684 5229 ἄλλα
709 5170 827 5241 ζῶα
858 5165 953 5228 καὶ
980 5167 1056 5228 τὸ.
1085 5164 1261 5245 κτήνη
1281 5167 1544 5244 λυόμενα
1565 5164 1800 5249 θανάτῳ
1822 5166 2209 5245 συναφανίζει

527 5272 601 5354 τῷ
631 5270 860 5348 σώματι
891 5268 984 5331 καὶ
1011 5267 1119 5347 τὴν
1146 5268 1373 5352 ψυχήν.
1408 5296 1455 5331 κ.
1475 5295 1526 5332 τ.
1546 5277 1604 5332 λ.
1677 5268 1754 5331 In
1786 5266 2042 5331 eandem
2074 5289 2209 5329 sen-

525 5370 772 5435 tentiam
825 5370 1190 5458 pronuntiat
1253 5371 1516 5435 Photius
1570 5370 1649 5434 ad
1707 5366 2202 5457 Amphilochium

528 5472 854 5537 CXLIX.
881 5492 941 5553 7.
967 5470 1117 5537 ibid.
1149 5497 1210 5560 p.
1240 5492 1379 5558 295.
1413 5497 1506 5560 sq.
1581 5473 1765 5552 Quod
1795 5472 2024 5561 plantis
2052 5497 2206 5558 quo-

527 5595 645 5658 que
672 5573 940 5638 animam
973 5573 1219 5639 vitalem
1263 5591 1428 5640 certe
1470 5576 1755 5641 attribuit
1803 5575 2108 5653 Plotium,
2141 5576 2204 5639 in

629 5682 809 5736 VOL.
850 5682 973 5735 III.

3880 577 3999 647 257

2305 762 2377 803 ea
2435 762 2500 803 re
2548 738 2951 803 Aristotelem
2996 761 3119 802 non
3173 738 3379 802 minus
3424 759 3614 825 quam
3665 735 3989 801 Platonem

2305 866 2488 907 suum
2534 842 2833 929 sequitur.
2907 841 3279 907 Aristoteles
3327 841 3408 906 de
3457 839 3694 905 Anima
3745 840 3804 903 Ι.
3829 859 3892 923 5.
3927 862 3989 926 p.

2314 966 2406 1031 19.
2443 946 2619 1033 Sylb.
2652 949 2929 1025 φαίνεται
2971 948 3085 1028 γὰρ
3122 945 3197 1009 τά
3231 970 3300 1009 τε
3341 947 3500 1027 φυτᾶ
3535 948 3658 1024 ζῇν,
3706 943 3775 1007 οὗ
3818 940 3987 1022 μετέ·
4070 1015 4075 1022 1

2303 1076 2493 1134 χοντα
2524 1055 2714 1132 φορᾶς
2752 1048 2870 1113 οὐδ’
2905 1048 3252 1128 αἰσθήσεως,
3296 1048 3390 1112 καὶ
3435 1053 3552 1111 τῶν
3589 1049 3751 1123 ζώων
3789 1046 3994 1110 πολλὰ

2305 1152 2571 1218 διάνοιαν
2605 1153 2710 1218 οὐκ
2751 1152 2935 1235 ἔχειν.
3013 1150 3112 1215 Cf.
3147 1149 3328 1214 etiam
3377 1150 3436 1213 T
3436 1148 3777 1213 iedemann.
3819 1149 3995 1212 (ἔστ’-νύ

2303 1257 2418 1320 der
2442 1256 2875 1343 spekulativen
2905 1253 3309 1339 Philosophie
3341 1252 3482 1316 111.
3511 1275 3572 1339 p.
3597 1253 3744 1337 367.

2389 1394 2477 1404 —
2514 1378 2611 1442 13.
2659 1358 2735 1419 Εἰ
2763 1355 2959 1433 δὲτὴν
2981 1355 3290 1435 ἀνθρώπου
3319 1351 3526 1435 ψυχὴν
3545 1353 3782 1432 τριμερῆ
3803 1350 3991 1413 οὖσαν

2302 1464 2382 1545 τῷ
2436 1458 2699 1544 συνθέτῳ
2740 1456 3156 1539 λυθήσεσθαι,]
3210 1452 3647 1542 Repetendum
3700 1476 3776 1516 ex
3821 1466 3990 1516 ante-

2301 1561 2664 1627 cedentibus
2712 1566 2817 1625 δεῖ.
2910 1562 3113 1638 Quam
3162 1556 3393 1622 Plotini
3436 1555 3803 1620 brevitatem
3849 1578 3992 1620 cum

2304 1688 2426 1729 non
2472 1664 2886 1751 intelligerent
2927 1661 3161 1726 librarii
3203 1660 3503 1747 quidam;
3553 1673 3990 1724 mutaverunt:

2302 1748 2644 1847 λὐθήσεται.
2734 1767 3191 1852 Argumentum
3222 1762 3396 1850 quod
3440 1764 3682 1843 attinet,
3713 1762 3848 1828 haec
3892 1786 3989 1828 ra·

2303 1868 2411 1948 tio,
2443 1893 2588 1956 quae
2617 1868 2880 1932 animam
2914 1892 2989 1933 ex
3026 1867 3226 1932 tribus
3260 1866 3544 1954 partibus
3586 1866 3989 1954 compositam

2265 1973 2654 2056 ’(σ-ύνθετον)
2711 1971 2922 2058 ponit:
2970 1973 3155 2057 λόγῳ,
3204 1975 3385 2057 θυμῷ,
3440 1972 3732 2056 ἐπιθυμίᾳ,
3788 1992 3992 2056 neque

2304 2074 2606 2140 confundi
2634 2075 2822 2139 debet
2851 2097 2993 2139 cum
3024 2073 3130 2137 illa
3157 2072 3351 2137 altera
3378 2074 3637 2150 ratione,
3659 2095 3789 2159 qua
3817 2072 3989 2137 ducti

2304 2177 2657 2265 philosophi
2702 2177 2803 2242 vel
2858 2177 3148 2242 dicebant
3197 2175 3293 2240 vel
3353 2176 3664 2263 negabant
3721 2176 3988 2240 animam

2303 2282 2705 2367 compositam
2763 2283 3111 2364 (σύνθετον)
3159 2303 3288 2343 esse
3345 2301 3424 2344 ea:
3463 2280 3757 2366 partibus
3805 2289 3988 2343 extra

2292 2369 2801 2471 partes-positia,
2849 2399 2916 2448 ut
2965 2382 3156 2470 vulgo
3193 2381 3511 2460 dicuntur,
3557 2381 3825 2469 spatium
3873 2382 3990 2446 im-

2304 2485 2642 2573 plentibuS‚
2701 2487 2991 2564 extensis,
3051 2485 3313 2551 docente
3359 2484 3854 2574 Wyttenbachio
3910 2487 3989 2550 ad

2306 2589 2687 2654 Phaedonem
2741 2613 2805 2677 p.
2841 2606 2984 2675 197.
3033 2613 3126 2675 sq.
3173 2612 3378 2676 neque
3416 2611 3566 2652 vero
3607 2587 3804 2675 magis
3846 2611 3988 2652 cum

2303 2692 2410 2755 illa
2448 2692 2878 2757 Trichototnia
2917 2715 3229 2757 sacrorum
3275 2691 3668 2778 scriptorum,
3698 2714 3827 2777 qua
3869 2690 3988 2755 hu-

2307 2819 2504 2860 manae
2534 2811 2777 2860 naturae
2806 2810 2931 2860 tres
2956 2808 3166 2883 partes
3193 2793 3732 2859 attribuebantur:
3766 2816 3994 2881 corpus

2308 2899 2405 2982 (τὸ
2436 2903 2660 2984 σῶμα),
2697 2898 2904 2964 anima
2949 2901 3007 2980 (ἡ
3035 2898 3257 2983 ψυχή),
3304 2920 3478 2962 mens
3519 2922 3567 2961 s·
3601 2897 3854 2984 spiritus
3900 2898 3992 2981 (τὸ

2304 3008 2588 3083 πνεῦμα),
2628 3002 2708 3066 de
2750 3026 2879 3089 qua
2926 3002 3361 3067 distributione
3409 3024 3612 3090 nuper
3652 3001 3998 3089 disputavit

2307 3106 2531 3168 Herm.
2566 3102 2912 3168 Olshausen
2943 3102 3007 3166 in
3051 3102 3373 3167 Diatriba:
3425 3103 3523 3166 De
3552 3102 3845 3168 humanae
3884 3126 3991 3167 na·

2305 3224 2465 3271 turae
2486 3206 2879 3271 trichotomia
2907 3207 2991 3270 N.
3020 3207 3104 3270 T.
3134 3206 3538 3293 scriptoribus
3559 3223 3821 3294 recepta.
3863 3209 3991 3273 Re-

2302 3311 2566 3398 gimonti
2604 3308 3059 3374 1826.-—Illius
3102 3312 3445 3393 τριμερείας,
3475 3332 3663 3396 quam
3694 3309 3820 3375 h.l.
3849 3311 3994 3377 atti-

2303 3414 2413 3501 git.
2490 3413 2798 3493 PlotinuS,
2827 3413 2967 3477 fons
2995 3427 3086 3476 est
3127 3412 3192 3475 in
3221 3411 3461 3476 eodem.
3525 3412 3773 3475 Timaeo
3800 3435 3865 3500 p.
3892 3429 3991 3497 70.

2303 3540 2369 3603 p.
2393 3518 2496 3602 98.
2531 3541 2625 3603 sq.
2660 3515 2858 3580 Bekk.
2907 3515 2988 3579 cf.
3019 3514 3283 3579 alterum
3322 3514 3659 3593 Timaeum‚
3692 3516 3991 3595 Locrum,

2303 3644 2490 3707 quem
2550 3620 2788 3698 dicunt,
2834 3643 2901 3707 p.
2941 3620 3092 3703 556.
3141 3616 3359 3682 Galei:
3399 3617 3601 3702 junge
3647 3617 3992 3704 Rempubl.

2307 3724 2441 3789 IX.
2475 3747 2536 3811 p.
2563 3742 2712 3807 734.
2761 3720 3010 3786 Philon.
3059 3719 3219 3784 Jud.
3265 3719 3453 3805 Legis
3497 3718 3803 3805 Allegorr.
3847 3720 3991 3784 111.

2302 3851 2364 3915 p.
2387 3848 2535 3913 310.
2586 3826 2792 3891 Pfeiff.
2843 3823 3162 3889 Plutarch.
3195 3823 3275 3887 de
3306 3823 3478 3888 Vult.
3514 3825 3714 3887 Lunae
3753 3848 3815 3912 p.
3840 3843 3988 3911 943.

2303 3932 2387 3994 A.
2438 3929 2686 3994 Placitt.
2729 3927 2995 3993 Philoss.
3039 3928 3156 3992 IV.
3180 3948 3241 4008 4.
3306 3927 3500 4014 Diog.
3549 3927 3751 3992 Laert.
3790 3928 3990 3993 VIII.

2302 4055 2411 4119 30.
2460 4033 2818 4097 Himerium
2867 4055 2931 4119 p.
2968 4032 3112 4111 884.
3165 4030 3318 4118 ibiq.
3368 4029 3766 4095 Wernsdorf.
3813 4029 3987 4096 Alci-

2304 4159 2491 4201 noum
2523 4136 2604 4200 de
2634 4138 2854 4201 Doctr.
2892 4135 3133 4199 Platon.
3172 4153 3273 4215 24.
3313 4158 3379 4222 p.
3401 4153 3552 4220 504.
3604 4133 3894 4199 Proclum
3925 4135 3990 4199 in

2301 4241 2611 4305 Timaeum
2655 4263 2718 4327 p.
2742 4241 2892 4325 326,
2939 4239 3001 4303 in
3050 4237 3333 4303 Politiam
3379 4261 3442 4325 p.
3469 4258 3616 4324 399.
3667 4237 3992 4326 Olympio-

2301 4344 2437 4408 dor.
2467 4344 2528 4408 in
2564 4342 2761 4408 Alcib.
2794 4365 2890 4428 pr.
2923 4365 2983 4429 p.
3005 4362 3067 4423 4.
3101 4343 3204 4426 65.
3240 4342 3341 4406 81.
3384 4360 3524 4424 172.
3562 4358 3706 4426 203.
3739 4357 3802 4406 et
3845 4365 3991 4406 con-

2300 4448 2395 4512 fer
2422 4447 2627 4534 ipsum
2663 4444 2982 4510 Plotinum
3025 4467 3214 4531 supra
3242 4466 3305 4530 p.
3329 4445 3477 4529 398.
3511 4445 3589 4507 Β.
3616 4446 3689 4508 C.
3714 4446 3800 4508 D.
3829 4460 3892 4509 et
3922 4468 3987 4532 p.

2299 4570 2446 4630 420.
2482 4551 2872 4637 sqq.—-Mox
2904 4546 2983 4611 ad
3014 4547 3205 4611 verba
3232 4572 3246 4609 t
3293 4549 3397 4613 τὰς
3436 4547 3548 4625 μὲν
3579 4548 3986 4629 καθαρὰς-τὸ

2298 4655 2730 4736 προσπλασθὲν
2770 4654 2836 4716 ἐν
2869 4654 2939 4731 τῇ
2984 4648 3224 4732 γενέσει
3264 4648 3544 4731 ἀφήσειν.
3620 4648 3723 4712 Cf.
3757 4648 3986 4714 Timaei

2299 4756 2338 4821 l.
2365 4756 2406 4820 l.
2458 4755 2748 4819 nimirum
2795 4777 2859 4841 p.
2885 4772 2991 4834 42.
3018 4756 3095 4816 A.
3147 4751 3457 4837 Porphyr.
3501 4750 3581 4815 de
3619 4752 3978 4819 Abstinent.

2301 4860 2357 4924 I.
2389 4879 2493 4944 30.
2524 4882 2587 4945 p.
2610 4878 2716 4942 49.
2753 4857 3022 4921 Rhoer.:
3073 4858 3235 4937 εἴπερ
3271 4855 3416 4937 πρὸς
3457 4858 3531 4918 τὰ
3574 4858 3758 4923 ὄντως
3797 4859 3985 4922 οἰκεῖα

2293 4961 2620 5041 μέλλοιμεν
2652 4959 2956 5025 ἐπανιέναι
2988 4962 3112 5041 (δεῖ
3132 4959 3307 5041 ἡμᾶς)
3338 4955 3378 5020 ἃ
3406 4959 3519 5038 μὲν
3550 4960 3615 5021 ἐκ
3644 4961 3744 5037 τῆς
3772 4964 3983 5040 θνητῆς

2294 5062 2787 5146 προσειλήφαμεν
2816 5063 3073 5144 φύσεως,
3105 5060 3434 5125 ἀποθέσθαι
3469 5059 3665 5124 πάντα
3706 5065 3856 5140 μετὰ
3882 5067 3983 5142 τῆς

2295 5167 2439 5248 πρὸς
2460 5168 2608 5230 αὐτὰ
2628 5164 3032 5246 προπαθείας
3060 5190 3109 5226 κ.
3135 5189 3185 5226 τ.
3211 5172 3270 5225 λ.
3303 5162 3413 5226 ubi
3444 5161 3751 5226 Rhoerius
3767 5178 3830 5227 et
3858 5163 3980 5228 alia

2291 5284 2608 5355 comparat
2657 5281 2722 5330 et
2765 5266 2955 5330 verba
2998 5264 3288 5352 Apostoli
3321 5266 3420 5329 11.
3474 5264 3762 5329 Corinth.
3805 5266 3879 5329 V.
3919 5288 3975 5332 1.

2295 5371 2484 5435 Adde
2514 5368 2766 5435 Libanii
2797 5368 3245 5433 Declamation.
3271 5391 3388 5455 pro
3413 5371 3662 5432 Socrate
3684 5367 3793 5449 (ad
3824 5369 3971 5436 calc.

2291 5472 2590 5537 Aristidis
2615 5471 2857 5535 advers.
2890 5471 3081 5557 Lept.
3111 5469 3210 5535 ed.
3246 5471 3381 5536 Jac.
3406 5468 3680 5553 Morelli)
3717 5494 3780 5557 p.
3807 5473 3951 5557 258.

2374 5613 2461 5623 -
2499 5594 2599 5733 Ιῖ.
2647 5574 2818 5637 οὐδὲν
2847 5575 2962 5655 γὰρ
2992 5574 3058 5637 ἐκ
3086 5577 3191 5637 τοῦ
3216 5575 3386 5639 ὄντος
3428 5574 3764 5660 ἀπολεῖται]
3823 5578 3976 5642 Post

2451 5684 2501 5734 L
