5118 6613
1483 577 1681 642 LIB.
1730 575 1861 642 IX.
1908 576 2365 642 ENNEAD.
2413 576 2802 643 PRIMAE.
2847 599 2915 664 p.
2950 576 3089 663 163.

552 748 867 829 Plotinus,
895 747 1138 835 antiqui
1181 747 1346 813 illius
1387 748 1736 814 Zoroastris
1777 772 1928 828 esse,
1959 748 2009 814 si
2051 771 2237 837 argu-

548 864 834 918 mentum
891 865 1265 939 spectamus,
1317 850 1572 939 quando
1620 864 1856 916 veteres
1911 851 2236 939 scriptores

550 956 606 1020 Ζ
611 968 949 1020 oroastrem
992 953 1456 1041 quodammodo
1496 954 1694 1019 facem
1736 953 2080 1042 proetulisse
2108 955 2237 1041 Py-

547 1057 828 1146 thagoroe
869 1056 1184 1145 produnt:
1218 1066 1456 1145 posset,
1495 1056 1774 1144 inqnm,
1822 1056 1873 1122 si
1915 1056 2233 1123 materiam

547 1176 810 1249 spectes,
846 1181 972 1223 non
1008 1161 1219 1225 verba.
1310 1158 1475 1223 Nam
1520 1157 1891 1224 versiculum
1934 1158 2110 1224 illum
2153 1182 2232 1224 ex

547 1261 804 1350 magicis
843 1260 1130 1341 oraculis,
1165 1283 1309 1349 quse
1339 1261 1688 1349 Zoroastris
1730 1261 1976 1327 nomine
2019 1263 2230 1327 ferun-

551 1378 677 1445 tur,
698 1363 1048 1450 posterioris
1074 1362 1274 1429 aetatis
1295 1362 1671 1451 fabricaeque
1699 1363 2055 1430 habendum
2077 1388 2229 1447 esse,

551 1489 732 1532 nemo
759 1467 1059 1533 eruditior
1087 1466 1475 1532 infitiabitur.

629 1569 884 1635 Norunt
908 1582 1116 1634 autem
1140 1592 1176 1634 e
1197 1568 1638 1656 posterioribus
1666 1568 2068 1657 scriptoribus
2088 1568 2232 1635 Plo-

550 1670 845 1737 tinianam
873 1672 1033 1737 hanc
1062 1670 1546 1760 disputationem
1575 1671 1850 1759 plurimi,
1883 1672 1944 1736 in
1975 1671 2072 1737 his
2101 1673 2232 1738 Da-

548 1772 653 1839 vid
698 1774 1059 1853 Armenius,
1109 1775 1292 1861 cujus
1353 1774 1559 1839 locum
1604 1773 1685 1839 ad
1724 1774 1951 1840 calcem
1996 1775 2229 1840 adscri-

547 1877 714 1956 bam,
745 1877 1254 1966 Olympiodorus,
1294 1876 1656 1943 Macrobius
1699 1892 1763 1943 et
1790 1879 2066 1942 Joannes
2114 1879 2228 1943 Sa·

548 1979 945 2059 risberiensis,
966 2002 1324 2067 quanquam
1347 1979 1448 2045 hic
1472 1979 1724 2067 quidem
1744 2002 1919 2045 suam
1948 1979 2229 2045 notitiam

550 2082 719 2148 haud
759 2081 950 2148 dubie
979 2081 1309 2148 Macrobio
1346 2082 1554 2147 debet.
1641 2085 1861 2170 Atque
1905 2082 2007 2147 ille
2050 2082 2113 2147 in
2156 2083 2230 2148 iis

546 2184 951 2273 argumentis,
982 2208 1125 2272 quae
1155 2184 1405 2249 tuenda:
1435 2187 1733 2269 ἐξαγωγῆς
1767 2185 2027 2274 profert,
2056 2186 2227 2252 haud

545 2287 869 2353 invenuste
897 2301 962 2352 et
986 2287 1105 2352 hoc
1132 2286 1383 2376 posuit:
1428 2287 1496 2351 in
1525 2288 1827 2353 Phoedon.
1858 2311 1925 2376 p.
1951 2307 2017 2375 5.
2041 2314 2056 2354 :
2105 2293 2225 2372 τρί-

547 2416 653 2455 τον
681 2391 1046 2475 ἐπιχείρημα·
1095 2393 1149 2457 εἰ
1178 2392 1468 2475 Πλωτίνῳ
1512 2389 1840 2473 γέγραπται
1881 2393 2016 2473 περὶ
2059 2392 2227 2457 εὐλό-

546 2498 657 2577 γου
686 2497 1004 2577 ἐξαγωγῆς,
1034 2498 1132 2558 δεῖ
1152 2494 1266 2575 ἄρα
1295 2495 1439 2557 ποτὲ
1469 2492 1703 2575 ἐξάγειν
1734 2495 1961 2558 ἑαυτόν.
2050 2495 2226 2559 Tum

547 2596 732 2681 plura
758 2596 837 2661 de
863 2596 1214 2661 Stoicorum
1239 2595 1622 2683 argumentis
1651 2595 1937 2683 subjicit:
1985 2595 2064 2661 de
2090 2596 2228 2684 qui-

545 2697 686 2777 bus,
719 2714 790 2764 ut
830 2698 972 2778 hoc,
1001 2698 1118 2763 hac
1160 2698 1310 2762 data
1349 2697 1686 2778 occasione,
1716 2697 2005 2779 delibem,
2038 2701 2228 2788 Wyt-

544 2800 906 2868 tenbachius
946 2800 1029 2866 ad
1074 2798 1397 2865 Plutarchi
1440 2801 1980 2888 Apophthegmm.
2011 2802 2227 2867 Lacae-

543 2927 761 2970 narum
790 2927 853 2992 p.
879 2923 1064 2971 1222.
1098 2903 1220 2969 ita:
1271 2903 1547 2969 “Verbo
1578 2903 1868 2987 ἐξήγαγεν
1898 2905 2126 2985 ἑαυτην,
2159 2927 2224 2971 se

542 3008 678 3096 ipsa
702 3006 1032 3084 interfecit,
1065 3005 1446 3094 significatur
1477 3008 1724 3090 εὔλογος
1767 3007 2034 3090 ἐξαγωγὴ
2064 3007 2225 3073 Stoi..

539 3133 776 3190 corum,
805 3131 1075 3198 quorum
1103 3109 1165 3173 in
1197 3108 1719 3197 disputationibus
1761 3108 1841 3173 de
1876 3109 1994 3174 hoc
2032 3133 2220 3199 argu·

539 3227 748 3278 mento
776 3212 1131 3302 exemplum
1161 3211 1541 3277 Laconicum
1571 3211 1865 3299 frequens
1889 3212 2078 3278 fuisse
2114 3237 2223 3302 ap-

540 3331 716 3406 paret
754 3340 834 3382 ex
881 3317 1174 3405 Epicteto
1214 3314 1479 3380 Dissert.
1521 3315 1579 3380 I.
1625 3335 1687 3382 2.
1733 3339 1799 3403 p.
1839 3334 1939 3395 12,
1975 3336 2075 3405 13.
2119 3318 2221 3384 ed.

541 3418 925 3507 Schweigh.”
990 3417 1355 3484 Macrobius
1395 3430 1605 3483 autem
1635 3441 1714 3483 ex
1740 3416 1878 3484 loco
1908 3419 2222 3487 Ciceronis

540 3523 788 3605 (Somn.
818 3520 984 3608 Scip.
1016 3521 1157 3586 111.
1192 3520 1321 3586 sive
1347 3519 1427 3585 de
1454 3520 1730 3607 Republ.
1767 3522 1885 3586 VI.
1914 3544 1982 3610 p.
2004 3523 2222 3606 478—

535 3625 686 3710 483.
713 3623 817 3689 ed.
846 3625 1140 3709 Moser),
1174 3645 1361 3739 quem
1406 3646 1599 3713 supra
1637 3623 1957 3711 attigimus
1998 3625 2216 3714 dispu-

539 3726 712 3792 tandi
752 3749 967 3792 ansam
1010 3725 1274 3814 arripuit
1299 3725 1364 3790 in
1398 3727 1612 3792 Somn.
1647 3726 1949 3815 Scipionis
1979 3728 2036 3792 1.
2073 3747 2214 3815 13.

541 3831 782 3895 “Haec
822 3843 990 3895 secta
1037 3842 1101 3895 et
1143 3828 1479 3919 praeoeptio
1522 3829 1800 3895 Platonis
1844 3846 1957 3909 est,
2002 3830 2112 3918 qui
2154 3830 2220 3896 in

539 3931 858 3998 Phoedone
906 3931 1124 3998 definit
1180 3931 1415 3998 homini
1474 3954 1596 3997 non
1648 3955 1778 3997 esse
1834 3956 1946 3997 sua
2000 3948 2219 4021 sponte

537 4034 1206 4102 moriendum.—Haec
1226 4034 1567 4100 Platonicae
1585 4046 1767 4100 secta:
1784 4035 2016 4100 semina
2030 4035 2216 4101 altius

539 4135 826 4204 Plotinus
851 4137 1275 4226 exsequitur-'⁹
1339 4139 1605 4204 Ioannes
1645 4153 1852 4203 autem
1885 4137 2215 4203 Sarisberi-

534 4237 693 4305 ensis
720 4239 786 4305 in
817 4238 1184 4307 Policratico
1209 4240 1317 4307 lib.
1346 4242 1441 4306 11.
1465 4265 1516 4306 c.
1540 4244 1642 4308 26.
1674 4240 1757 4326 (in
1780 4242 1960 4306 Max.
1983 4241 2216 4307 Biblio-

536 4341 714 4408 theca
756 4345 1019 4409 Patrum
1049 4343 1190 4410 Vol.
1228 4345 1518 4409 XXIII.
1560 4367 1623 4431 p.
1661 4344 1835 4426 278.)
1870 4344 1991 4409 ita:
2041 4344 2215 4409 “Li-

531 4459 629 4510 cet
669 4460 735 4510 et
774 4445 840 4510 in
887 4469 963 4511 eo
1004 4446 1320 4526 erraverit,
1365 4447 1538 4536 quod
1583 4446 1913 4512 autoritate
1961 4446 2216 4535 propria

531 4547 676 4613 vitoe
719 4570 950 4613 munus
990 4548 1237 4638 abjecit.
1330 4549 1515 4629 Quod
1558 4571 1683 4614 non
1720 4550 1906 4614 modo
1933 4549 2212 4614 fidelium

530 4649 851 4731 institutis,
888 4650 998 4716 sed
1041 4651 1583 4719 constitutionibus
1623 4653 1905 4740 gentium
1947 4665 2012 4717 et
2054 4651 2213 4740 sapi-

530 4752 982 4819 entissimorum
1040 4753 1257 4820 edictis
1310 4769 1552 4821 constat
1608 4778 1738 4820 esse
1802 4753 2208 4843 prohibitum.

535 4856 785 4921 Veteres
833 4855 1087 4943 quidem
1134 4855 1545 4945 Philosophiae
1590 4857 1920 4945 principes,
1967 4857 2205 4945 Pytha-

528 4981 713 5047 goras
753 4973 819 5023 et
855 4957 1162 5036 Plotinus,
1206 4959 1638 5047 prohibitionis
1679 4959 1869 5046 hujus
1910 4981 2037 5023 non
2081 4973 2209 5025 tam

529 5074 812 5127 auctores
852 5075 1020 5141 sunt,
1049 5083 1237 5148 quam
1281 5083 1614 5150 praecones,
1644 5061 1896 5127 omnino
1921 5060 2203 5128 illicitum

528 5185 659 5229 esse
722 5162 1017 5242 dicentes,
1063 5163 1422 5253 quempiam
1470 5163 1705 5229 militiae
1756 5163 2120 5230 servientem
2166 5187 2208 5231 a

528 5265 819 5354 praesidio
861 5279 925 5331 et
966 5266 1290 5331 commissa
1331 5266 1447 5332 sibi
1491 5267 1750 5332 statione
1785 5266 2100 5332 discedere
2124 5266 2207 5332 ci-

528 5383 624 5434 tra
648 5368 828 5434 ducis
855 5367 954 5433 vel
980 5367 1277 5458 principis
1291 5370 1649 5458 jussionem.
1717 5368 1911 5434 Plane
1938 5368 2207 5457 eleganti

528 5470 813 5559 exemplo
840 5470 938 5536 usi
966 5485 1134 5551 sunt,
1163 5495 1238 5537 eo
1265 5471 1439 5558 quod
1476 5471 1693 5537 militia
1720 5486 1814 5537 est
1841 5471 1971 5537 vita
2008 5471 2206 5538 homi-

528 5573 624 5639 nis
649 5596 838 5662 super
864 5575 1153 5639 terram.'''
1239 5573 1427 5640 Vides
1457 5576 1755 5662 Ioannem
1792 5588 1857 5640 et
1885 5574 2205 5665 Pythago-

626 5681 814 5735 VOL.
852 5681 975 5734 111.

3911 576 3989 641 81

2319 748 2510 814 ricam
2551 748 2721 813 illam
2764 746 3127 813 sententiam
3165 744 3246 811 de
3288 747 3519 830 φρουρᾷ
3559 743 3642 810 ad
3680 745 3994 812 Ciceronis

2318 851 2578 916 modum
2625 850 2990 939 explicuisse
3036 862 3099 915 et
3148 847 3406 914 eandem
3457 846 3761 914 affinxisse
3806 847 3993 914 etiam

2319 953 2592 1020 Plotino.
2683 955 2997 1019 Caeterum
3048 975 3194 1039 quae
3247 949 3567 1016 Mai-silius
3617 949 3874 1016 Ficinus
3926 950 3993 1016 in

2320 1055 2781 1122 Commentario
2808 1055 2998 1144 hujus
3024 1053 3213 1119 libelli
3234 1052 3544 1142 exposuit,
3563 1075 3637 1118 ea
3661 1052 3994 1118 maximam

2316 1173 2555 1247 partem
2586 1182 2666 1224 ex
2695 1157 3145 1246 Olympiodoro
3186 1168 3250 1221 et
3292 1179 3327 1220 e
3356 1155 3684 1221 Macrobio
3711 1155 3996 1222 desumta

2316 1276 2484 1328 sunt.
2561 1262 2749 1341 Quod
2777 1284 2924 1327 vero
2954 1259 3474 1350 olympiodorum
3502 1274 3567 1325 et
3596 1259 3992 1325 Macrobium

2314 1365 2610 1431 dissidere
2650 1366 2812 1430 inter
2839 1388 2904 1430 se
2930 1363 2993 1428 in
3023 1363 3142 1429 hac
3168 1385 3384 1429 caussa
3423 1360 3593 1443 dicit,
3618 1360 3726 1427 illo
3750 1361 3991 1428 licitum

2314 1491 2445 1534 esse
2492 1468 2955 1556 pronuntiante,
2999 1467 3118 1533 hoc
3160 1477 3462 1554 negante:
3532 1488 3656 1531 uon
3708 1479 3991 1531 accurate

2314 1570 2614 1661 prodidit.
2686 1569 2940 1635 Etenim
2971 1568 3458 1658 olympiodorus
3481 1584 3849 1656 argumenta
3873 1568 3991 1634 hu-

2305 1674 2414 1762 jus
2451 1697 2653 1739 causae
2693 1672 2755 1737 in
2787 1686 3116 1760 utramque
3143 1685 3382 1760 partem
3409 1670 3727 1760 explicuit.
3813 1674 3988 1737 Ean·

2315 1776 2456 1841 dem
2488 1776 2893 1863 quaestionem
2917 1774 3129 1863 attigit
3148 1774 3525 1840 Theodorus
3553 1774 3899 1840 Metochita
3923 1775 3989 1840 in

2318 1878 2664 1945 Miscellan.
2710 1903 2764 1944 c.
2796 1898 2898 1966 90.
2945 1900 3013 1967 p.
3039 1878 3186 1964 582.
3232 1877 3330 1943 ed.
3373 1875 3629 1943 M‘uller.
3675 1892 3739 1943 et
3783 1876 3991 1943 Kiess-

2313 1982 2500 2071 ling.:
2548 1984 2642 2049 Οὐ
2670 1986 2785 2066 γὰρ
2822 1983 2951 2046 οἷόν
2978 2007 3045 2047 τε
3083 1982 3219 2047 οὔτε
3258 1981 3497 2062 θεμιτὸν
3522 1982 3704 2048 ὅντως
3732 1980 3846 2063 πρὸ
3873 1986 3991 2046 τῶν

2314 2085 2643 2165 δεδομένων
2670 2087 2826 2167 ὅρων
2853 2083 3190 2164 τέμνεσθαι,
3223 2084 3318 2148 καὶ
3357 2082 3617 2165 καθάπερ
3646 2084 3989 2162 ἐξίστασθαι

2313 2190 2408 2253 καὶ
2437 2190 2771 2272 ἀποχωρεῖν
2790 2190 2891 2267 τῆς
2917 2189 3238 2270 δυστυχοῦς
3264 2187 3473 2267 ταύτης
3500 2187 3771 2269 συζυγίας
3793 2187 3988 2269 (Con-

2302 2289 2643 2380 junctionis
2668 2312 2797 2377 qua
2822 2288 3065 2353 animus
3092 2304 3155 2353 et
3182 2310 3407 2375 corpus
3432 2286 3857 2375 copulantur).

2402 2394 2545 2477 163,
2570 2413 2633 2477 9.
2665 2393 2791 2457 Οὔκ
2819 2390 3038 2479 ἐξάξει]
3064 2389 3205 2455 Vid.
3231 2413 3390 2454 varr.
3420 2389 3587 2454 lectt.
3610 2388 3986 2477 Recepimus

2310 2494 2629 2560 lectionem
2674 2492 2974 2559 librorum
3017 2515 3203 2580 poene
3246 2492 3522 2558 omnium
3561 2506 3626 2557 et
3668 2491 3981 2579 marginis.

2311 2599 2537 2686 Neque
2564 2596 2723 2661 enim
2757 2594 2922 2660 ullus
2949 2594 3105 2660 liber
3133 2595 3239 2675 Μὴ
3267 2594 3469 2676 ἐξάξῃς
3494 2594 3696 2660 offert.
3748 2594 3830 2659 In
3858 2594 3987 2660 edi-

2312 2700 2390 2765 tis
2429 2698 2693 2765 oraculis
2735 2697 2987 2786 magicis
3021 2697 3366 2763 Zoroastris
3406 2721 3474 2785 p.
3508 2698 3614 2781 78.
3656 2697 3753 2762 ed.
3803 2695 3983 2763 Galei

2311 2826 2373 2868 v.
2403 2823 2497 2889 15.
2527 2803 2615 2867 ita
2643 2801 2872 2889 legitur
2898 2800 2999 2866 hic
3026 2799 3233 2867 locus:
3281 2801 3387 2881 Μὴ
3431 2798 3624 2880 ἐξάξῃ,
3654 2802 3753 2865 ἵνα
3778 2801 3858 2881 μὴ
3888 2801 3982 2880 ἐξ·

2307 2909 2481 2971 ιοΰσα
2509 2906 2620 2990 ἔχῃ
2647 2931 2725 2984 τι,
2754 2902 3172 2992 vertiturque:
3222 2904 3396 2968 “Ne
3421 2901 3651 2967 educas
3690 2902 3985 2984 animam,

2306 3030 2387 3073 ne
2440 3007 2651 3074 exiens
2699 3030 2735 3073 e
2779 3029 3037 3095 corpore
3090 3005 3317 3072 habeat
3374 3004 3610 3092 aliquid
3659 3006 3987 3093 periculi?

2310 3112 2454 3176 Hoc
2495 3109 2677 3176 male.
2765 3110 3053 3176 Debebat
3081 3107 3178 3174 vel
3205 3107 3489 3173 omittere
3514 3123 3852 3174 extremam
3878 3131 3986 3174 vo-

2306 3237 2437 3279 cem
2467 3212 2567 3278 vel
2595 3212 2965 3278 substituere
2991 3212 3291 3278 sordium.
3382 3210 3600 3277 Codex
3627 3225 3837 3276 autem
3864 3212 3986 3276 Va-

2307 3318 2545 3383 ticanus
2586 3340 2653 3381 n.
2688 3318 2877 3399 1416.
2924 3315 3007 3382 ab
3055 3315 3317 3380 Hieron.
3366 3315 3615 3379 Amatio
3659 3337 3866 3380 meum
3915 3314 3983 3381 in

2304 3444 2486 3486 usum
2516 3433 2846 3506 excerptus
2872 3441 2939 3508 p.
2962 3437 3069 3504 94.
3109 3417 3198 3482 ita
3232 3417 3455 3482 habet.
3440 3442 3455 3457 ·
3502 3417 3845 3482 Χαλδαϊκὸν
3870 3420 3978 3482 λό.

2303 3546 2460 3607 γιον·
2508 3524 2615 3603 Μὴ
2643 3521 2864 3603 ἐξάξῃς,
2894 3523 2993 3586 ἵνα
3015 3521 3096 3602 μὴ
3125 3522 3249 3601 ἐξίῃ
3282 3518 3507 3604 ἔχουσά
3534 3545 3606 3584 τι.
3682 3517 3876 3584 Plane
3907 3534 3979 3585 ut

2305 3649 2520 3714 margo
2545 3624 2773 3691 codicis
2802 3622 3098 3702 Cizensis,
3125 3638 3190 3687 et
3216 3619 3549 3687 Plotiniani
3577 3619 3756 3684 libri
3740 3642 3804 3684 ιιι
3827 3642 3976 3686 con-

2302 3739 2504 3794 textu.
2598 3726 2750 3792 Illa:
2801 3727 3175 3806 ἐξελευσεται
3200 3727 3336 3807 γὰρ,
3366 3736 3430 3789 et
3470 3705 3569 3788 ’ἶνα
3609 3723 3705 3788 καὶ
3742 3722 3974 3805 ἐξέλθῃ,

2300 3854 2341 3897 a
2362 3830 2614 3897 Plotino
2638 3829 2852 3895 addita
2878 3840 3024 3893 sunt
3049 3825 3374 3915 explenda:
3401 3825 3717 3891 sententia:
3738 3847 3971 3892 caussa.

2305 3936 2620 4000 Caeterum
2647 3946 2722 3998 ut
2747 3932 2813 3997 h.
2836 3930 2882 3998 l.
2909 3930 2992 3996 ad
3022 3930 3212 4011 ἐξάξει
3247 3941 3308 3996 et
3347 3928 3549 4010 ἐξάξῃς
3574 3927 3974 4017 cogitandum

2302 4049 2395 4102 est
2420 4036 2528 4117 τὴν
2546 4036 2773 4121 ψυχὴν,
2799 4034 2887 4101 ita
2910 4032 3058 4100 alibi
3086 4030 3504 4123 supplendum
3523 4048 3618 4097 est
3644 4030 3975 4120 cogitando

2301 4138 2575 4219 σεαυτὸν,
2608 4137 2839 4213 ἑαυτὸν,
2868 4136 2968 4202 vel
2996 4140 3102 4202 τοῦ
3125 4137 3265 4219 βίου
3303 4134 3403 4200 vel
3439 4138 3546 4201 τοῦ
3583 4139 3722 4217 ζῇνς
3767 4133 3855 4201 ita
3882 4149 3974 4201 ta*-

2298 4263 2463 4324 men,
2482 4254 2556 4307 ut
2584 4238 2811 4328 ellipsis
2840 4238 3119 4306 usitatior
3140 4238 3219 4304 sit
3245 4238 3430 4328 plena
3456 4236 3780 4303 locutione.
3816 4239 3973 4305 Pro-

2296 4344 2442 4410 inde
2465 4366 2595 4410 non
2621 4343 2824 4424 video,
2850 4343 2962 4431 qul
2992 4341 3295 4408 Koelerus
3317 4340 3400 4407 ad
3430 4339 3779 4406 Heraclidis
3804 4342 3972 4409 Pon·

2297 4446 2402 4512 tici
2444 4446 2797 4534 fragmenta
2843 4445 2979 4512 IX.
3029 4468 3092 4533 p.
3119 4460 3262 4530 52.ι
3308 4446 3367 4509 οἱ
3404 4445 3517 4524 μὲν
3554 4442 3763 4524 μήκονι
3803 4446 3862 4510 οἱ
3903 4446 3970 4511 δὲ

2299 4551 2516 4637 κωνείῳ
2537 4549 2776 4618 ἑαυτοὺς
2802 4548 3102 4632 ἐξάγουσι,
3127 4545 3389 4612 scribere
3416 4545 3714 4632 potuerit:
3743 4553 3787 4586 “
3804 4547 3968 4612 Mox

2294 4651 2516 4740 aliquis
2542 4650 2751 4717 malit:
2800 4649 3078 4734 ἐξάγουσι
3107 4650 3174 4714 ἐκ
3198 4653 3305 4714 τοῦ
3326 4648 3493 4730 ζῇν.”
3576 4648 3801 4737 Neque
3831 4671 3965 4715 om·

2294 4755 2442 4821 nino
2484 4767 2769 4820 accurate
2812 4752 2893 4817 de
2932 4751 3050 4818 hoc
3095 4773 3218 4816 usu
3266 4750 3395 4839 egit
3437 4750 3690 4816 ibidem.
3778 4751 3968 4833 Quod

2295 4855 2588 4923 Reiskius
2613 4856 2679 4921 in
2709 4854 2927 4921 Indice
2954 4854 3020 4919 in
3048 4852 3372 4920 Plutarchi
3400 4853 3575 4919 Vitas
3614 4877 3680 4943 Ρ.
3705 4873 3850 4942 231.
3882 4855 3965 4922 ad

2295 4960 2504 5027 ἑαυτὸν
2547 4958 2836 5043 ἐξήγαγεν
2871 4956 3086 5023 addit:
3134 4964 3180 4998 “
3208 4956 3340 5023 scil.
3385 4959 3453 5023 ἐκ
3494 4961 3599 5023 τοῦ
3643 4959 3965 5040 adparet?

2291 5085 2368 5128 an
2409 5083 2688 5149 unquam
2714 5059 2887 5151 apud
2923 5060 3282 5150 scriptorem
3321 5059 3388 5124 iu
3428 5060 3616 5149 plena
3653 5060 3962 5127 locutione

2288 5164 2660 5246 inveniatur,
2681 5186 2805 5229 non
2831 5162 3111 5229 dixerim.
3158 5162 3417 5229 Addam
3445 5161 3772 5228 nonnullos
3795 5162 3959 5228 locos

2290 5289 2368 5332 ex
2396 5265 2788 5333 Adversariis
2827 5265 3000 5347 meis,
3031 5265 3197 5332 unde
3223 5263 3321 5331 vel
3348 5264 3636 5331 formulas
3675 5265 3956 5346 varietas,

2290 5369 2388 5435 vel
2429 5369 2937 5459 philosophorum
2980 5368 3281 5435 sentiendi
3322 5367 3664 5448 diversitas,
3697 5390 3954 5456 cognos-

2289 5486 2510 5539 catur:
2580 5474 2756 5539 Zeno
2802 5472 3045 5539 Stoicus
3089 5472 3257 5561 apud
3305 5471 3498 5559 Diog.
3540 5471 3754 5536 La'e‘rt.
3796 5472 3959 5541 VII.

2295 5595 2435 5661 130.
2456 5575 2824 5658 ε-εὖλόγως
2859 5601 2926 5641 τε
2968 5575 3158 5659 φάσιν
3185 5574 3410 5655 ἐξάξειν
3440 5573 3648 5640 ἑαυτὸν
3673 5578 3780 5639 τοῦ
3816 5578 3960 5657 βίον

2424 5683 2492 5735 Μ
