5118 6613
1263 560 1461 625 ΜΒ.
1508 560 1710 627 vm.
1757 560 2219 627 ENNEAD.
2269 560 2795 628 SECUNDAE.
2838 583 2901 648 p.
2932 575 3293 648 335-343·

544 754 957 811 concrescere,
1002 746 1076 797 ut
1120 754 1201 798 ex
1245 732 1552 799 ambobus
1609 756 1809 798 unum
1859 733 1970 797 fiat
2016 755 2245 819 corpus

545 834 954 901 consentiens.
1052 836 1253 900 Porro
1311 839 1533 902 mixtio
1587 860 1662 903 ea
1716 836 1792 902 fit
1849 836 2036 902 unius
2096 858 2244 900 cum

546 938 765 1018 altero,
809 938 1049 1003 ratione
1097 939 1517 1028 proportionis
1559 938 1889 1027 cujusdam
1938 962 2011 1005 ac
2058 954 2245 1004 certae

546 1040 949 1130 quantitatis:
1008 1065 1133 1107 non
1178 1043 1342 1107 enim
1385 1042 1575 1109 debet
1615 1042 1883 1108 alterum
1924 1042 2006 1106 ab
2047 1041 2245 1106 altero

548 1159 911 1234 superatum
955 1144 1211 1225 aboleri,
1242 1146 1352 1211 sed
1394 1170 1471 1211 ex
1515 1147 1822 1212 ambobus
1859 1145 1925 1210 in
1967 1144 2242 1210 medium

546 1247 866 1336 quoddam
898 1247 1223 1314 harmonia
1251 1263 1314 1314 et
1342 1248 1775 1314 communione
1812 1247 2078 1313 redactis
2116 1269 2245 1311 una

548 1351 645 1418 vis
673 1351 950 1417 confici.”
1036 1351 1210 1416 Hinc
1249 1366 1443 1440 patet,
1474 1375 1551 1417 ex
1588 1326 2050 1417 Platbnicorum
2093 1349 2241 1415 doc-

549 1454 733 1530 trina,
753 1455 927 1520 hunc
952 1453 1157 1519 locum
1191 1454 1272 1520 de
1305 1458 1454 1520 Visa
1482 1454 1789 1543 pertinere
1815 1454 1895 1519 ad
1926 1452 2133 1519 locum
2163 1452 2245 1518 de

549 1559 872 1624 Mioets’one
911 1580 985 1623 ac
1037 1558 1533 1646 Temperatione.
1625 1557 1878 1622 Dicitur
1924 1556 2047 1634 hic,
2091 1554 2246 1621 lucis

549 1684 625 1726 ex
677 1659 873 1726 oculis
920 1660 1159 1727 emissae
1205 1684 1353 1726 cum
1401 1676 1669 1748 cognato
1717 1670 1862 1724 aere
1907 1682 2246 1725 concursus

551 1764 907 1844 Πλατωνικὴ
934 1766 1281 1848 συναύγεια,
1305 1779 1459 1830 teste
1491 1762 1854 1840 Plutarcho,
1877 1762 1989 1849 qui
2019 1761 2241 1841 fertur,

548 1866 629 1933 de
678 1865 881 1932 Placc.
927 1866 1193 1933 Philoss.
1244 1869 1360 1933 IV.
1387 1888 1486 1954 13.
1533 1890 1602 1955 p.
1633 1869 1782 1953 634.
1814 1867 2031 1953 Wytt.
2097 1864 2242 1930 Vid.

549 1970 734 2036 etiam
786 1969 1148 2036 Nemesium
1204 1970 1285 2036 de
1335 1973 1486 2036 Nat.
1543 1970 1739 2036 Hom.
1786 1993 1925 2057 cap.
1969 1970 2129 2035 VII.
2176 1991 2244 2058 p.

559 2074 701 2139 180.
731 2071 833 2138 ed.
875 2073 1117 2139 Matth.
1155 2089 1218 2140 et
1255 2075 1336 2140 cf.
1384 2072 1744 2139 Schneideri
1783 2071 2242 2138 Animadverss.

554 2175 927 2240 Germanice
954 2174 1215 2262 scriptas
1241 2174 1321 2239 ad
1364 2175 1635 2264 Eclogas
1675 2174 1974 2262 Physicas
2010 2197 2075 2262 p.
2103 2175 2242 2239 188.

551 2301 645 2366 sq.
675 2294 740 2343 et
766 2302 829 2367 p.
855 2281 996 2361 246.
1058 2279 1349 2365 Uterque
1377 2294 1612 2358 autem,
1644 2292 1709 2343 et
1737 2275 2117 2342 Plutarchus
2144 2276 2184 2341 l.
2205 2275 2244 2340 l.

550 2380 632 2446 de
676 2380 924 2446 Placitt.
969 2399 1033 2446 et
1077 2381 1427 2459 Nemesius,
1459 2396 1522 2447 et
1564 2403 1713 2446 vero
1756 2380 2125 2445 Aristoteles
2168 2379 2248 2443 de

556 2485 796 2552 Sensib.
826 2508 882 2551 c.
914 2502 973 2550 2.
1018 2507 1084 2572 p.
1115 2504 1178 2570 3.
1210 2508 1306 2573 sq.
1356 2483 1533 2573 Sylb.
1574 2483 1653 2549 de
1694 2483 1919 2549 Anima
1955 2484 2053 2547 11.
2087 2498 2147 2567 7.
2176 2506 2243 2570 p.

552 2607 657 2674 34.
703 2610 845 2675 sqq.
890 2585 955 2651 in
1002 2585 1409 2651 Problematt.
1462 2587 1613 2650 XV.
1651 2602 1719 2672 5.
1765 2586 1998 2673 p.118.
2044 2608 2138 2672 sq.
2181 2599 2245 2650 et

556 2691 849 2757 XXXI.
879 2712 942 2777 p.
977 2707 1123 2755 222.
1154 2713 1288 2776 sqq.
1337 2688 1816 2777 Theophrastus
1843 2688 1923 2753 de
1955 2687 2243 2753 Sensibb.

552 2817 618 2882 p.
650 2794 749 2858 18.
797 2816 888 2880 sq.
934 2815 998 2880 p.
1031 2792 1179 2879 548.
1224 2816 1364 2880 sqq.
1408 2791 1507 2856 ed.
1557 2790 1914 2858 Schneider.
1965 2790 2248 2856 Galenus

551 2919 696 2964 cum
727 2896 790 2962 in
822 2895 1218 2984 Fragmentis
1244 2895 1326 2961 de
1360 2894 1640 2960 Platonis
1668 2895 1915 2960 'l'imaeo
1945 2896 2133 2959 Tom.
2166 2895 2246 2959 V.

553 3021 618 3086 p.
655 3015 799 3084 275.
830 3021 966 3085 sqq.
1011 2997 1109 3062 ed.
1159 2997 1445 3063 Charter.
1492 3012 1624 3063 tum
1671 2997 1833 3062 libro
1861 2998 1952 3061 X.
1999 2996 2081 3062 de
2124 3020 2247 3062 usu

553 3101 827 3190 partium
886 3098 1162 3186 corporis
1216 3099 1475 3165 humani
1517 3124 1584 3189 p.
1648 3119 1789 3186 273.
1849 3123 1983 3187 sqq.
2058 3099 2246 3166 Basil.

556 3207 787 3271 Sextus
830 3203 1076 3292 Empir.
1121 3203 1184 3267 in
1237 3202 1542 3292 Pyrrhon.
1590 3205 1923 3291 Hypotyp.
1960 3204 2015 3268 1.
2043 3224 2138 3285 14.
2185 3226 2247 3291 p.

560 3329 658 3396 13.
693 3332 830 3396 sqq.
880 3306 1171 3375 Fabricii.
1211 3306 1512 3372 Euclides
1553 3305 1805 3394 aliique,
1839 3306 1950 3394 qui
1996 3305 2247 3395 Optica,

554 3410 938 3499 Catoptrica,
969 3409 1300 3497 Dioptrica
1331 3425 1849 3498 composuerunt3
1899 3410 2086 3498 Diog.
2125 3411 2250 3475 La-

557 3524 675 3581 ert.
706 3516 802 3580 X.
827 3515 1109 3600 48-51.
1142 3513 1249 3577 Cf.
1274 3514 1422 3600 Ign.
1442 3511 1629 3578 Rossi
1648 3516 1891 3578 Comm.
1913 3514 2146 3579 Laertt.
2178 3536 2248 3601 p.

558 3621 729 3701 262.)
784 3617 1073 3682 Stoboeus
1091 3615 1155 3680 in
1179 3615 1435 3704 Eclogis
1457 3615 1742 3704 Physicis
1765 3617 1821 3680 1.
1839 3617 1951 3701 56.
1975 3638 2037 3703 p.
2063 3636 2089 3681 1
2105 3636 2133 3679 1
2150 3635 2246 3681 10.

554 3745 693 3810 sqq.
742 3724 940 3787 Heer.
983 3718 1381 3805 Nicephorus
1425 3717 1803 3784 Blemmides
1844 3718 1907 3783 in
1953 3718 2250 3806 Epitome

555 3826 829 3915 Physica
869 3849 921 3890 c.
969 3824 1183 3889 XXI.
1232 3846 1295 3911 p.
1322 3839 1461 3909 155.
1507 3846 1643 3910 sqq.
1691 3821 1790 3887 ed.
1838 3822 2166 3909 Wegelin3
2213 3845 2250 3889 e

557 3930 804 3997 Latinis
831 3942 1039 3993 autem
1072 3926 1409 3992 Lucretius
1439 3926 1555 3991 IV.
1581 3926 1731 4013 380.
1757 3949 1894 4013 sqq.
1944 3925 2164 3993 Cicero
2184 3924 2250 3989 in

558 4031 798 4099 Acadd.
825 4033 940 4096 IV.
968 4031 1133 4115 (ΙΙ.)
1147 4048 1248 4116 25.
1267 4046 1370 4115 79.
1391 4052 1526 4116 sqq.
1551 4052 1614 4117 p.
1634 4044 1919 4115 145.sqq.
1943 4030 2250 4094 Goerenz.

557 4152 620 4202 et
660 4135 741 4201 de
785 4136 874 4200 N.
895 4134 982 4199 D.
1017 4135 1203 4219 I.43.
1238 4148 1303 4198 et
1332 4133 1557 4219 11.30.
1606 4134 1840 4197 Seneca
1882 4132 1947 4195 in
1991 4134 2251 4196 Naturr.

559 4243 792 4320 Quaest.
816 4240 875 4305 1.
902 4257 958 4320 7.
992 4236 1235 4301 Plinius
1264 4237 1353 4300 H.
1377 4236 1462 4300 N.
1497 4236 1653 4300 VII.
1680 4253 1737 4301 2.
1774 4236 2162 4300 XXXVII.
2185 4251 2248 4320 5.

557 4358 620 4409 et
640 4341 908 4431 passim;
941 4338 1308 4405 Macrobius
1328 4338 1391 4402 in
1421 4337 1752 4404 Saturnall.
1774 4339 1935 4403 VII.
1963 4358 2060 4420 14.
2095 4338 2252 4403 Vin-

559 4447 799 4514 centius
833 4443 1107 4531 denique
1144 4440 1596 4507 Bellovacensis
1631 4441 1695 4506 in
1742 4440 2011 4529 Speculo
2041 4443 2249 4507 Natu·

558 4550 671 4616 rali
701 4549 803 4613 II.
839 4565 946 4631 77.
976 4561 1039 4611 et
1070 4546 1301 4610 XXV.
1335 4544 1587 4630 25.—-hi
1627 4544 1823 4632 igitur
1859 4568 2074 4609 omnes
2109 4544 2254 4610 doc-

559 4653 783 4719 trinam
813 4650 895 4716 de
916 4650 1077 4717 Visu
1106 4648 1332 4737 partim
1363 4647 1482 4736 ipsi
1511 4646 1819 4714 illustrare
1846 4646 2249 4727 studuerunt,

556 4756 783 4845 partim
814 4777 962 4843 quae
982 4775 1022 4818 a
1044 4751 1327 4840 Physicis
1344 4750 1636 4839 deinceps
1657 4751 1804 4816 inde
1825 4774 1864 4815 a
1888 4750 2253 4838 Pythagora

557 4884 631 4926 ea
656 4859 737 4925 de
766 4881 836 4922 re
864 4854 1269 4945 pronuntiata
1295 4869 1471 4920 erant
1499 4869 1866 4919 enarrarunt
1889 4869 1952 4919 et
1971 4877 2050 4918 ex
2073 4867 2250 4942 parte

555 4962 1005 5052 dijudicatunt.
1095 4957 1307 5045 Ipsius
1349 4980 1498 5023 vero
1543 4957 1818 5023 Platonis
1865 4956 2032 5022 locos
2078 4955 2251 5043 quod

554 5066 794 5139 attinet,
826 5061 871 5127 ii
901 5059 1169 5150 duplicis
1195 5060 1440 5148 generis
1466 5076 1646 5126 sunt:
1693 5060 1894 5140 alteri,
1923 5060 1988 5124 in
2019 5060 2252 5147 quibus

555 5170 635 5236 de
662 5171 812 5233 Visu
844 5165 1134 5231 universo
1161 5187 1337 5229 suam
1368 5163 1730 5230 sententiam
1756 5164 2034 5252 exponit,
2049 5162 2248 5244 alteri,

559 5273 664 5340 ubi
685 5268 1004 5358 sigillatim
1027 5268 1187 5333 hanc
1205 5266 1690 5356 propositionem
1712 5266 1995 5354 attingit:
2037 5290 2252 5355 parva

554 5377 761 5443 videri
798 5395 943 5462 quae
967 5371 1199 5460 procul
1231 5373 1383 5435 sint.
1469 5371 1693 5459 Atque
1728 5369 1819 5435 illi
1856 5370 2094 5458 priores
2131 5370 2249 5436 loci

555 5497 699 5546 sunt
734 5474 1130 5566 potissimum
1170 5473 1233 5538 in
1268 5471 1515 5538 Timaeo
1548 5496 1615 5561 p.
1645 5493 1754 5559 45.
1783 5497 1843 5538 a.
1872 5498 1937 5563 p.
1967 5495 2078 5560 50.
2107 5497 2245 5561 sqq.

559 5581 761 5649 Bekk.
799 5593 866 5645 et
899 5602 967 5667 p.
996 5579 1103 5661 67.
1143 5599 1205 5665 p.
1239 5596 1342 5663 93.
1382 5600 1473 5664 sq.
1521 5575 1750 5656 Bekk.,
1795 5576 2030 5664 quibus
2068 5577 2247 5643 adhi-

3902 581 4020 647 1¹7

2326 732 2517 799 bendi
2561 747 2708 798 sunt
2745 747 2975 821 proeter
3018 732 3266 811 Galeni,
3301 732 3625 800 Plutarchi
3665 735 4024 823 Stobaeique

2328 835 2395 901 ll.
2413 835 2480 901 ll.
2524 826 2835 902 Alcinous
2855 837 2934 902 de
2956 837 3261 904 Doctrina
3283 836 3563 904 Platonis
3580 861 3714 927 cap.
3743 840 4021 906 XVIII.

2328 963 2393 1028 p.
2426 955 2577 1025 497.
2624 955 2689 1005 et
2734 939 3096 1006 Chalcidius
3137 940 3202 1004 in
3247 939 3566 1006 Timaeum
3603 964 3672 1029 p.
3698 960 3849 1027 329.
3883 965 4023 1030 sqq.

2332 1040 2424 1130 [p.
2455 1045 2607 1129 363.
2637 1066 2774 1130 sqq.
2807 1043 2904 1108 ed.
2935 1042 3216 1131 Fabric.]
3304 1041 3579 1108 Alteram
3609 1066 3739 1110 rem
3772 1044 4028 1132 saepius-

2327 1145 2467 1212 cule
2494 1145 2753 1212 adhibet
2782 1161 2847 1211 et
2878 1146 2958 1211 ad
3001 1146 3378 1233 propositam
3419 1147 3829 1233 quaestionem
3859 1147 4030 1214 varie

2327 1249 2770 1314 accommodat.
2860 1249 3067 1314 Locos
3114 1248 3561 1315 indicabimus:
3623 1250 3703 1315 de
3747 1249 4023 1339 Republ.

2332 1354 2428 1417 X.
2460 1356 2608 1418 602.
2643 1375 2707 1440 p.
2740 1353 2894 1435 480.
2986 1350 3192 1416 Bekk.
3222 1353 3437 1417 ταύτόν
3469 1378 3584 1418 που
3611 1355 3749 1434 ἡμῖν
3775 1353 4030 1437 μέγεθος

2330 1457 2585 1539 ἐγγύθεν
2628 1481 2693 1520 τε
2739 1456 2834 1519 καὶ
2873 1457 3175 1538 πόῤῥωθεν
3209 1458 3315 1521 διὰ
3356 1459 3458 1536 τῆς
3499 1457 3701 1539 ὄψεως
3742 1458 3846 1521 οὐκ
3888 1459 4028 1524 ἴσον

2329 1560 2626 1642 φαίνεται.
2717 1556 2964 1622 Phileb.
3009 1582 3076 1645 p.
3119 1578 3226 1639 42.
3274 1561 3361 1622 A.
3410 1581 3476 1646 p.
3516 1559 3659 1644 198.
3707 1557 3908 1624 Bekk.
3958 1561 4027 1624 έν

2326 1662 2441 1741 μὲν
2467 1662 2613 1744 ὄψει
2640 1660 2709 1724 τὸ
2739 1662 3042 1743 πόῤῥωθεν
3082 1662 3179 1725 καὶ
3218 1663 3475 1745 ἐγγύθεν
3511 1663 3660 1746 ὀρᾷν
3697 1664 3772 1725 τὰ
3802 1662 4026 1745 μεγέθη

2327 1764 2435 1844 τὴν
2478 1763 2764 1843 ἀλήθειαν
2808 1765 3097 1846 ἀφανίζει.
3189 1764 3518 1850 Protagor.
3555 1787 3620 1851 p.
3651 1766 3797 1851 356.
3835 1765 3914 1830 C.
3957 1788 4027 1853 p.

2334 1885 2475 1953 237.
2524 1865 2726 1931 Bekk.
2757 1868 3036 1945 φαίνεται
3063 1868 3202 1947 ἡμῖν
3230 1871 3302 1946 τῇ
3333 1869 3480 1950 ὄψει
3507 1870 3580 1932 τὸ
3621 1868 3770 1932 αὐτὰ
3804 1867 4029 1951 μεγέθη

2333 1970 2588 2053 ἐγγύθεν
2613 1972 2727 2050 μὲν
2754 1972 2953 2050 μείζω,
2986 1971 3289 2051 πόῤῥωθεν
3317 1972 3381 2034 δὲ
3418 1969 3665 2046 ἐλάττω,
3696 1968 3734 2050 ἢ
3762 1973 3869 2046 οὕς
3919 1971 4023 2038 Cf.

2332 2071 2515 2137 etiam
2554 2071 2859 2137 Phaedon.
2894 2096 2953 2158 p.
2983 2091 3125 2138 102.
3155 2095 3213 2137 a.
3243 2095 3380 2159 sqq.
3417 2087 3483 2137 et
3523 2073 3865 2160 praesertim
3904 2096 4032 2139 me-

2332 2173 2692 2240 morabilem
2723 2174 3207 2262 disputationem
3237 2174 3302 2239 in
3334 2174 3628 2264 Sophista
3654 2199 3716 2264 p.
3751 2195 3898 2262 235.
3931 2199 4023 2264 sq.

2332 2302 2394 2367 p.
2421 2282 2566 2361 167.
2599 2302 2738 2364 sqq.
2787 2278 2990 2344 Bekk.
3038 2276 3399 2344 Chalcidius
3426 2292 3636 2345 autem
3662 2277 3704 2344 l.
3725 2277 3767 2344 l.
3792 2302 3855 2364 p.
3876 2298 4027 2365 330.

2332 2404 2424 2468 sq.
2490 2380 2626 2446 haec
2690 2380 2826 2468 ipsa
2895 2404 3151 2468 quoque
3221 2381 3496 2467 attingit,
3554 2380 3645 2447 ita
3715 2382 4022 2448 scribens:

2332 2492 2376 2523 ‘⁶
2406 2483 2723 2571 Quodque
2751 2483 2951 2548 omnis
2979 2499 3203 2548 natura
3233 2482 3422 2547 modo
3451 2505 3865 2571 mensuraque
3898 2507 4031 2549 mo-

2330 2602 2573 2665 veatur,
2619 2587 2800 2674 spatii
2842 2610 3098 2674 quoque
3139 2585 3712 2674 magnitudinisque
3752 2610 4027 2654 commo-

2330 2688 2483 2755 dum
2539 2713 2705 2755 esse:
2771 2713 2991 2777 eaque,
3041 2713 3188 2777 quae
3237 2712 3443 2776 neque
3491 2688 3673 2754 valde
3720 2689 4032 2779 applicata

2332 2792 2514 2870 visui,
2545 2816 2658 2858 nec
2688 2793 2947 2858 nimium
2976 2792 3292 2872 distantia,
3323 2791 3589 2858 visibilia
3620 2791 3784 2858 clare
3811 2792 4027 2860 videri.

2337 2898 2524 2962 Certe
2567 2919 2792 2962 conum
2841 2896 3069 2983 ipsum,
3094 2919 3213 2984 pro
3254 2895 3444 2962 modo
3487 2917 3902 2983 mensuraque
3938 2894 4034 2961 in-

2333 2999 2627 3064 tentionis
2666 2999 2906 3087 augeri,
2935 3015 2998 3064 et
3041 3013 3231 3086 prout
3272 2998 3436 3063 basis
3477 2998 3615 3086 ejus
3655 2997 3753 3063 vel
3798 2998 4038 3065 directa

2334 3101 2433 3166 vel
2488 3102 2720 3167 inflexa
2774 3102 2913 3181 erit,
2958 3101 3315 3188 incidetque
3372 3101 3438 3165 in
3487 3100 4027 3188 contemplabilem

2335 3205 2624 3293 speciem,
2670 3205 2756 3270 ita
2807 3206 3221 3294 apparebunt,
3267 3228 3412 3291 quae
3459 3203 3775 3270 videntur.
3864 3207 4037 3272 One-

2335 3309 2498 3375 raria
2520 3310 2756 3397 quippe
2779 3310 2953 3374 navis
2975 3309 3217 3377 eminus
3237 3308 3370 3372 visa
3388 3306 3734 3396 perexigua
3751 3324 4035 3398 apparet,

2335 3436 2450 3478 nec
2478 3436 2544 3478 se
2572 3436 2687 3501 per
2714 3412 2924 3477 omnia
2950 3411 3126 3478 navis
3154 3412 3434 3476 membra
3459 3411 3765 3477 fundente
3785 3412 4032 3500 spiritu.

2338 3516 2568 3583 Turris
2610 3516 2757 3582 item
2803 3515 3110 3602 quadrata
3145 3514 3591 3579 rotunditatem
3635 3513 3887 3580 simulat
3929 3539 4038 3604 cy·

2336 3618 2544 3698 lindri,
2590 3635 2781 3706 atque
2824 3618 3006 3683 etiam
3053 3641 3132 3682 ex
3176 3615 3436 3703 obliquo
3477 3616 3611 3681 visa
3651 3617 3927 3704 porticus
3968 3618 4035 3685 in

2336 3721 2496 3787 exile
2529 3722 2761 3799 deficit,
2792 3721 3115 3786 oculorum
3155 3719 3618 3807 depravatione.
3712 3720 3815 3787 Sic
3846 3722 4032 3786 etiam

2336 3824 2651 3890 stellarum
2693 3824 2855 3912 ignis
2892 3824 3162 3910 exiguus
3197 3835 3479 3910 apparet,
3509 3836 3700 3909 atque
3741 3822 3875 3911 ipse
3918 3823 4033 3912 sol,

2334 3928 2549 3993 multis
2592 3927 2897 4017 partibus,
2927 3949 3117 4015 quam
3165 3940 3348 3998 terra.
3386 3925 3606 4013 major,
3648 3925 3813 3991 intra
3852 3926 4033 4016 bipe-

2334 4030 2493 4096 dalis
2520 4030 2807 4097 diametri
2833 4029 3137 4095 ambitum
3169 4029 3501 4094 cernitur.''
3589 4030 3752 4095 Haec
3787 4052 3865 4094 ex
3901 4053 4037 4096 asse

2337 4149 2695 4222 congruunt
2737 4157 2880 4198 cum
2922 4131 3246 4198 Euclideis
3282 4131 3346 4195 in
3395 4131 3637 4219 Opticis
3674 4146 3735 4198 et
3764 4156 3909 4199 cum
3937 4134 4034 4214 iis,

2337 4260 2483 4324 quae
2530 4236 2915 4302 Heliodorus
2962 4236 3242 4323 disputat
3297 4234 3623 4301 Larisaeus
3668 4234 3845 4301 initio
3891 4236 4036 4303 libri

2339 4340 2616 4406 secundi.
2667 4341 2910 4405 Locum
2942 4338 3302 4427 suppeditat
3334 4336 3749 4405 Schneiderus
3774 4338 3840 4405 in
3870 4340 4034 4405 Ani·

2339 4443 2675 4511 madverss.
2706 4445 3050 4509 Germann.
3075 4441 3138 4506 in
3171 4441 3441 4529 Eclogas
3470 4440 3772 4528 Physicas
3802 4464 3863 4529 p.
3888 4462 4033 4530 215.

2450 4686 2538 4699 —
2591 4669 2690 4713 11.
2754 4650 2847 4713 ὅτι
2897 4652 3410 4730 συναιρεῖσθαι-
3426 4648 3625 4713 ἐθέλει
3642 4684 3728 4699 -—
3747 4648 3816 4712 τὸ
3874 4649 4033 4738 φῶς]

2336 4754 2484 4817 Non
2504 4752 2815 4839 vitupero,
2833 4752 2898 4815 in
2917 4750 3162 4816 Plotino
3176 4766 3363 4828 certe,
3382 4750 3553 4837 quod
3575 4750 3830 4817 Ficinus
3849 4751 4038 4819 vertit

2334 4856 2671 4934 desiderat,
2703 4854 2835 4932 sed,
2874 4869 2947 4919 ut
2989 4853 3052 4918 in
3099 4877 3166 4917 re
3207 4852 3567 4934 inanimata,
3608 4854 3861 4942 proprie
3904 4854 3970 4919 h.
3992 4854 4034 4919 l.

2335 4975 2429 5023 est
2479 4958 2668 5036 idem,
2717 4958 2887 5045 quod
2947 4957 3164 5038 μέλλει
3206 4971 3272 5021 et
3321 4956 3551 5022 Futuri
3604 4957 4035 5046 periphrastici

2337 5063 2462 5127 vim
2501 5062 2711 5140 habet,
2740 5060 2856 5126 nisi
2896 5060 2996 5125 hic
3037 5058 3328 5124 malueris
3364 5061 3532 5125 solet.
3625 5061 3728 5125 De
3765 5060 3874 5126 illo
3913 5084 4033 5126 usu

2336 5165 2630 5254 exposuit
2668 5168 2874 5253 Coray
2914 5163 2995 5228 ad
3039 5162 3332 5227 Isocratis
3368 5177 3526 5228 orat.
3556 5164 3691 5246 περὶ
3733 5168 3835 5244 τῆς
3877 5165 4036 5230 ἄντι-

2337 5271 2561 5336 δόσεως
2586 5291 2653 5356 p.
2687 5287 2831 5349 244.
2865 5291 2956 5354 sq.
3002 5264 3482 5353 Schweighaeus.
3523 5267 3685 5331 Lex.
3728 5266 4030 5332 Herodot.

2336 5394 2402 5459 p.
2429 5371 2572 5436 182.
2600 5386 2665 5436 et
2688 5370 2769 5436 de
2794 5369 3037 5457 reliquo
3066 5391 3184 5434 usu
3223 5367 3585 5456 elegantiori
3614 5368 3787 5433 verbi
3831 5369 4035 5437 θέλειν

2340 5475 2631 5561 Hoogev.
2660 5487 2724 5538 et
2769 5475 2974 5538 Zeun.
3019 5472 3103 5537 ad
3136 5472 3347 5559 Viger.
3382 5473 3457 5536 V.
3490 5472 3550 5536 8.
3586 5490 3681 5536 10.
3728 5473 4034 5561 Wytten·

2336 5576 2518 5644 bach.
2575 5575 2657 5642 ad
2723 5574 2973 5641 Platon.
3032 5573 3334 5641 Phaedon.
3389 5596 3454 5661 p.
3518 5591 3662 5659 272.
3736 5577 3882 5643 Ast.
3947 5577 4031 5645 ad
