5118 6613
1056 590 1133 634 10
2001 570 2830 636 ANNOTATIONES
2895 570 3010 634 IN
3073 568 3524 634 PLOTINI

1048 742 1324 807 blichum
1356 743 1432 808 de
1457 743 1725 831 Myster.
1754 763 1818 828 p.
1842 759 1987 827 291.
2015 741 2145 808 ita:
2192 740 2377 822 Quod
2407 756 2615 807 autem
2646 741 2725 807 de
2808 741 2889 806 de
2936 765 3064 828 qua
3111 740 3235 805 vid.
3288 740 3505 828 Steph.
3538 737 3734 804 Thes.
3786 761 3848 826 p.
3878 758 4066 824 4919.
4119 736 4477 803 Londin.—

1051 848 1375 928 ἐπιστροφῇ
1416 844 1517 909 hic
1559 844 1762 909 innuit
1792 844 2233 929 (lamblichus)
2265 844 2349 909 sic
2384 844 2728 932 intelligen-
2809 844 3222 926 προσβάλλειν
3249 858 3313 907 et
3342 842 3694 923 ἐπιβάλλειν
3722 841 3948 929 saepius
3990 855 4374 929 usurpantur
4398 839 4478 904 de

1049 947 1236 1012 dum:
1273 945 1628 1012 Secundum
1662 946 2014 1012 Platonicos
2043 947 2371 1031 ἐπιστροφὴ
2398 959 2487 1012 est
2520 947 2728 1012 ἐνοτά-
2811 945 3133 1029 συγκράσει
3174 959 3237 1009 et
3279 945 3618 1029 συναυγείᾳ,
3647 943 3773 1007 sive
3799 941 3880 1006 de
3906 942 4040 1006 visu
4071 966 4149 1006 ex
4181 941 4480 1008 Doctrina

1052 1075 1201 1118 σεως
1227 1052 1639 1131 ἐπανόρθωσις.
1686 1049 1991 1128 Quoniam
2023 1049 2184 1114 enim
2216 1050 2330 1114 ἀπὸ
2359 1054 2463 1114 τοῦ
2492 1050 2624 1117 ἑνὸς
2651 1053 2726 1114 τὰ
2813 1047 3161 1120 Platonica;
3197 1045 3364 1111 unde
3384 1046 3565 1110 etiam
3587 1045 3839 1125 ἐπιβολὴ
3868 1058 3928 1109 et
3956 1045 4295 1126 προσβολή.
4335 1044 4476 1109 Vid.

1048 1151 1261 1229 πάντα,
1284 1149 1425 1216 ideo
1453 1151 1533 1216 ad
1563 1175 1744 1216 suum
1776 1151 2145 1240 principium
2175 1151 2381 1217 omnia
2405 1151 2721 1229 anhelant,
2816 1150 3146 1238 Wyttenb.
3175 1163 3237 1213 et
3266 1165 3457 1213 nostr.
3488 1151 3728 1213 Annot.
3757 1147 3820 1211 in
3851 1146 4083 1211 Plotin.
4112 1147 4193 1211 de
4222 1147 4477 1212 Pulcrit.

1051 1268 1114 1318 et
1140 1253 1219 1317 ad
1241 1252 1398 1318 illud
1424 1254 1668 1333 reverti,
1686 1270 1990 1341 quantum
2020 1269 2301 1342 possunt,
2321 1254 2721 1320 contendunt.
2809 1278 2871 1342 p.
2891 1254 2975 1341 38
2980 1275 3042 1340 3.
3064 1267 3126 1318 et
3142 1252 3306 1317 illius
3331 1252 3683 1317 animadvv.
3704 1251 3767 1314 in
3792 1250 4112 1315 Plutarch.
4134 1274 4192 1338 p.
4222 1252 4366 1336 285.
4389 1275 4477 1339 sq.

1055 1358 1217 1421 Sunt
1252 1370 1458 1422 autem
1491 1371 1615 1421 tres
1650 1356 2015 1444 principales
2054 1359 2426 1440 ἐπιστροφαί·
2473 1356 2594 1421 κατ’
2625 1358 2721 1421 οὗ·
2812 1357 3105 1443 Denique
3131 1356 3196 1420 in
3225 1371 3499 1421 extrema
3525 1354 3741 1441 capitis
3771 1378 3916 1418 voce
3946 1356 4251 1436 ἀλλότριαι
4287 1354 4481 1419 haeret

1053 1460 1214 1538 σίαν,
1245 1463 1390 1523 κατὰ
1416 1460 1587 1539 ζωὴν,
1620 1463 1767 1524 κατὰ
1792 1465 2034 1542 γνῶσιν.
2122 1460 2412 1547 Denique
2454 1460 2518 1524 in
2558 1459 2727 1524 omni
2812 1458 3080 1546 Engelh.
3127 1457 3381 1524 Mavult
3409 1458 3729 1538 ἀλλότριοι,
3760 1454 4069 1520 intellecto
4094 1457 4290 1535 ἡμεῖς;
4337 1478 4478 1521 118111

1053 1560 1356 1649 principio
1384 1561 1541 1643 (sive
1570 1561 1896 1649 superiori)
1927 1562 2232 1650 reperitur
2254 1564 2425 1643 μονὴ,
2455 1565 2723 1645 πρόοδος,

1055 1664 1396 1746 ἐπιστροφή.
1442 1663 1587 1729 Vid.
1614 1664 1944 1752 Porphyrii
1973 1679 2234 1729 sentent.
2264 1685 2367 1750 30.
2403 1664 2724 1750 (nimirum

1052 1788 1118 1853 p.
1152 1784 1298 1851 230.
1343 1769 1464 1853 sq.)
1526 1765 1855 1835 Ἔνστασις
1893 1781 2101 1832 autem
2148 1781 2243 1832 est
2289 1769 2724 1850 ἆνταγῶνισμα,
2785 1768 3065 1855 fireign
3096 1769 3206 1832 ὅτε.

1053 1868 1181 1932 sive
1201 1868 1602 1933 adversatrix
1628 1872 1951 1948 contentia,
1970 1868 2337 1950 adversatiO,
2356 1869 2406 1934 si
2423 1867 2729 1933 Tertulli-

1053 1993 1208 2035 aneo
1241 1970 1541 2035 vocabulo
1571 1971 1663 2036 uti
1693 1970 1866 2036 velis.
1956 1971 2058 2036 De
2088 1975 2415 2055 ἐπιστροφῇ
2445 1986 2731 2037 accurate

1054 2072 1440 2161 potissimum
1491 2074 1621 2161 agit
1667 2073 1925 2139 Proclus
1974 2074 2036 2139 in
2090 2074 2369 2140 Institut.
2420 2072 2725 2161 Theolog.

1053 2198 1189 2263 cap.
1223 2176 1526 2240 XXXV.
1556 2200 1646 2263 sq.
1692 2199 1757 2264 p.
1787 2182 1892 2242 61.
1929 2200 2065 2264 sqq.
2107 2176 2205 2241 ed.
2251 2191 2440 2242 nostr.
2486 2191 2549 2241 et
2591 2200 2727 2264 cap.

1056 2279 1382 2343 CLVIII.
1427 2301 1488 2366 p.
1526 2295 1666 2365 235.
1715 2301 1805 2366 sq.
1854 2301 1967 2343 nec
2012 2279 2218 2344 minus
2265 2279 2328 2343 in
2376 2281 2621 2345 Comm.
2666 2279 2728 2344 in

1053 2380 1254 2446 Alcib.
1299 2404 1392 2469 pr.
1438 2405 1501 2469 p.
1540 2384 1634 2446 16.
1665 2401 1767 2468 30.
1801 2405 1935 2469 sqq.
1966 2402 2072 2467 92.
2110 2402 2252 2467 194.
2298 2381 2729 2470 Olympiodor.

1053 2507 1118 2572 p.
1149 2505 1207 2569 9.
1248 2507 1339 2572 sq.
1430 2483 1531 2560 Ad
1579 2484 1840 2572 priorem
1888 2484 2092 2550 locum
2136 2484 2269 2550 haec
2310 2486 2525 2573 posui:
2575 2487 2727 2549 Fre-

1053 2600 1313 2673 quentat
1343 2585 1602 2651 Proclus
1643 2586 1707 2651 in
1751 2587 2151 2674 sequentibus
2193 2589 2300 2667 τὴν
2333 2588 2478 2670 πρὸς
2506 2590 2588 2671 (ε.
2618 2591 2728 2673 εἰς)

1056 2690 1292 2756 ἑαυτοὺς
1322 2689 1705 2771 ἐπιστροφὴν,
1741 2688 1784 2753 1.
1815 2712 1872 2753 e.
1902 2712 2115 2755 curam
2160 2689 2276 2769 sui,
2308 2713 2449 2754 cum
2495 2689 2576 2754 ad
2621 2713 2733 2755 nos

1053 2790 1327 2855 redimus
1370 2804 1433 2854 et
1473 2804 1739 2854 mentem
1770 2790 2204 2856 convertimus.
2293 2791 2405 2857 Ad
2433 2815 2568 2856 eam
2597 2815 2735 2880 per-

1055 2891 1301 2956 venitur
1328 2913 1440 2978 per
1467 2893 1774 2975 προσοχὴν
1802 2892 1928 2955 sive
1971 2915 2085 2981 per
2122 2892 2399 2957 sedulam
2440 2893 2730 2959 attentio-

1054 3019 1197 3061 nem
1226 2995 1438 3082 reique
1466 2997 1769 3083 cujusque
1810 2995 2374 3061 considerationem.
2468 2996 2729 3062 Utrum-

1055 3123 1180 3186 que
1238 3098 1608 3163 vocabulum
1665 3098 1964 3164 familiare
2019 3099 2202 3164 etiam
2262 3098 2481 3164 Stoicis
2510 3124 2531 3180 3
2608 3098 2727 3164 vid.

1057 3202 1297 3290 Upton.
1348 3200 1431 3265 ad
1476 3200 1684 3289 Epict.
1736 3200 1858 3266 vol.
1892 3202 2032 3266 III.
2086 3224 2146 3289 p.
2178 3220 2324 3288 333.
2372 3216 2435 3266 et
2482 3225 2548 3289 p.
2579 3222 2724 3287 433.

1059 3303 1406 3393 Schweigh.
1428 3319 1490 3369 et
1514 3303 1810 3369 Gataker.
1840 3303 1920 3369 ad
1944 3306 2142 3371 Marc.
2165 3304 2459 3370 Antonin.
2481 3306 2603 3370 IV.
2625 3324 2728 3391 32.

1055 3431 1121 3495 p.
1153 3428 1288 3493 119.
1351 3408 1457 3470 Ex
1488 3406 1821 3472 Platonicis
1848 3407 2129 3473 laudasse
2158 3407 2416 3473 sufficiat
2446 3407 2732 3496 Porphy-

1054 3511 1218 3575 rium
1248 3510 1312 3574 in
1342 3510 1644 3575 Sententt.
1693 3513 1750 3594 ξ.
1781 3530 1889 3597 34.
1933 3533 1998 3598 p.
2032 3527 2177 3596 237.
2221 3526 2283 3576 et
2327 3511 2620 3576 Proclum
2665 3511 2728 3574 in

1057 3613 1334 3679 Platonis
1363 3613 1536 3678 Tim.
1582 3637 1644 3701 p.
1678 3617 1785 3696 64.
1840 3614 2074 3680 Confer
2100 3637 2266 3679 nunc
2310 3614 2442 3679 haec
2473 3612 2732 3678 Plotini-

1054 3740 1173 3782 ana
1203 3718 1262 3781 I.
1290 3736 1356 3799 4.
1381 3736 1409 3779 1
1427 3737 1482 3781 1.
1513 3716 1623 3781 ubi
1649 3732 1712 3782 et
1744 3716 2205 3799 ἐπιστρέφεσθαι
2248 3719 2330 3784 εἷς
2370 3717 2437 3781 τὸ
2485 3720 2625 3781 εἵσω
2668 3732 2730 3782 et

1057 3819 1434 3903 ἐπιστρέφειν
1461 3820 1568 3899 τὴν
1593 3821 1888 3900 βούλησιν
1918 3822 2001 3887 εἷς
2026 3819 2092 3883 τὸ
2124 3822 2285 3892 εἵσω,
2316 3833 2380 3883 et
2404 3819 2522 3883 VI.
2540 3835 2601 3904 5.
2631 3836 2730 3886 12.

1057 3923 1165 3987 ubi
1213 3922 1404 3986 altera
1453 3921 1653 3986 forma
1699 3921 2027 4009 reperitur,
2072 3920 2483 4003 ἐπιστρωφάω.
2574 3922 2729 3985 Fre-

1054 4037 1314 4112 quentat
1368 4022 1551 4088 etiam
1608 4021 1902 4087 Nicolaus
1953 4022 2381 4088 Methonensis
2435 4022 2731 4088 adversus

1058 4124 1347 4192 Proclum
1379 4148 1440 4212 p.
1466 4144 1572 4209 31.
1602 4147 1739 4210 sqq.
1767 4123 1868 4190 ed.
1901 4124 2175 4189 Voemel.
2205 4140 2269 4190 et
2295 4148 2360 4212 p.
2388 4145 2528 4211 113.
2577 4125 2731 4190 Dio-

1058 4251 1195 4317 nys.
1224 4229 1465 4315 Areop.
1495 4226 1576 4291 de
1604 4225 1859 4291 Divinn.
1890 4227 2143 4292 Nomm.
2172 4249 2304 4315 cap.
2335 4247 2398 4309 4.
2444 4232 2500 4313 §.
2533 4230 2593 4292 6.
2633 4247 2729 4292 10.

1062 4350 1156 4396 12.
1191 4329 1486 4418 Synesius
1515 4329 1722 4417 Epist.
1744 4346 1846 4413 57.
1878 4328 1998 4409 ἅμα
2024 4331 2140 4411 γὰρ
2162 4329 2597 4412 ἀποστρέφεται
2623 4330 2730 4411 τὴν

1055 4436 1205 4514 ὕλην
1235 4433 1329 4497 καὶ
1354 4433 1500 4514 πρὸς
1526 4432 1666 4497 θεὸν
1695 4430 2130 4513 ἐπιστρέφεται.
2216 4432 2318 4496 De
2350 4456 2495 4497 voce
2523 4433 2732 4497 ἔνστα-

1053 4562 1147 4604 σις
1174 4534 1356 4623 plura
1380 4556 1762 4623 apponemus
1787 4533 1868 4598 ad
1899 4533 2112 4598 Nostri
2144 4534 2257 4597 IV.
2286 4550 2351 4619 5.
2386 4537 2731 4600 2.—Prox-

1049 4638 1172 4702 ime
1198 4636 1307 4703 θέα
1334 4651 1427 4701 est
1454 4640 1683 4716 visum,
1714 4637 1840 4701 sive
1867 4635 2040 4723 quod
2072 4636 2207 4724 jam
2246 4636 2466 4725 aspicit
2505 4636 2728 4716 anima,

1053 4742 1230 4808 τύπος
1269 4756 1478 4804 autem
1520 4739 1722 4828 forma
1761 4754 1825 4804 et
1870 4738 2159 4827 figuratio
2199 4762 2278 4804 ex
2322 4738 2437 4803 visi
2477 4738 2731 4826 impres-

1054 4842 1222 4907 sione
1268 4841 1528 4928 signata,
1562 4857 1634 4907 ut
1683 4840 1985 4930 Appuleii
2026 4841 2229 4907 verbis
2273 4855 2415 4906 utar
2442 4840 2521 4905 de
2550 4842 2729 4928 Dog-

1054 4959 1199 5010 mat.
1252 4944 1498 5010 Platon.
1544 4968 1609 5033 p.
1638 4965 1705 5027 4.
1777 4944 2068 5010 Elmenh.
2117 4968 2184 5032 p.
2222 4965 2358 5032 193.
2414 4943 2723 5010 Bosscbae.

2810 1561 2992 1626 etiam
3022 1585 3061 1625 a
3089 1560 3353 1625 scientiis
3380 1581 3598 1624 sumus
3635 1560 3848 1637 alieni,
3880 1557 3995 1622 nisi
4024 1557 4360 1622 secundum
4391 1559 4484 1645 ip-

2812 1687 2908 1728 sas
2948 1686 3292 1751 operamur.
3387 1661 3659 1750 Taylor:
3724 1663 3859 1726 For
3901 1663 4162 1725 sciences
4199 1662 4333 1726 also
4372 1683 4484 1725 are

3302 1766 3427 1832 Sed
3468 1787 3608 1830 cum
3638 1764 3855 1852 optimi
3892 1763 4032 1829 libri
4074 1764 4265 1829 nostri
4304 1763 4480 1828 exhi-

2815 1869 3002 1934 beant
3045 1872 3347 1952 ἆλλότρια,
3376 1870 3497 1935 hoc
3537 1867 3958 1957 accipiendum
3999 1866 4268 1948 videtur,
4297 1865 4483 1933 modo

2814 1972 3048 2060 cogites
3088 1987 3199 2037 aut
3240 1971 3469 2036 scribas
3518 1974 3585 2036 ἐν
3625 1985 3768 2036 ante
3809 1977 3934 2038 ταῖς
3977 1970 4332 2050 ἐπιστήμαις,
4366 1970 4481 2035 hoc

2815 2097 3024 2140 sensu:
3069 2073 3587 2163 Quandoquidem
3615 2073 3795 2139 etiam
3827 2073 3890 2137 in
3920 2072 4201 2148 scientiis,
4233 2073 4282 2137 si
4311 2072 4483 2137 nullo

2814 2176 3001 2241 modo
3048 2176 3387 2242 secundum
3432 2201 3535 2241 eas
3584 2198 3931 2263 operemur,
3977 2175 4175 2240 aliena
4223 2190 4366 2240 sunt
4414 2178 4481 2258 (a

2813 2279 3045 2363 nobis).

2898 2405 2960 2470 p.
2986 2401 3089 2467 29,
3119 2401 3220 2468 13.
3249 2383 3342 2447 καὶ
3369 2383 3406 2462 ἡ
3434 2381 3731 2466 ταυτότης]
3786 2381 4168 2467 Frequentat
4195 2380 4353 2444 hanc
4380 2403 4484 2446 vo-

2814 2508 2943 2549 cem
2970 2483 3277 2550 Plotinus.
3326 2484 3468 2550 Vid.
3495 2485 3630 2548 III.
3655 2501 3717 2567 7.
3745 2503 3797 2547 1.
3847 2484 3964 2546 IV.
3993 2503 4058 2564 4.
4087 2499 4183 2569 15.
4232 2484 4307 2548 V.
4338 2502 4389 2547 1.
4419 2503 4479 2565 4.

2817 2589 2893 2653 V.
2926 2608 2988 2674 3.
3018 2607 3117 2654 10.
3163 2589 3242 2652 V.
3274 2608 3335 2673 9.
3359 2604 3420 2673 5.
3467 2587 3581 2650 VI.
3613 2605 3668 2649 1.
3692 2590 3750 2650 6.
3802 2586 3918 2649 VI.
3953 2603 4008 2651 2.
4044 2586 4101 2649 8.
4149 2586 4262 2650 VI.
4295 2604 4355 2652 2.
4385 2607 4483 2672 15.

2818 2692 2934 2755 VI.
2967 2707 3031 2773 7.
3061 2711 3164 2776 39.
3211 2705 3275 2755 et
3317 2689 3559 2778 passim.
3624 2687 3841 2753 Fluxit
3869 2688 3949 2752 ab
3979 2688 4304 2754 Aristotele
4332 2688 4480 2755 Eth.

2818 2792 3062 2857 Nicom.
3093 2792 3298 2856 VIII.
3329 2810 3426 2856 12.
3473 2814 3540 2878 p.
3578 2810 3714 2875 150.
3778 2791 3953 2879 Sylb.
3997 2814 4063 2879 p.
4092 2807 4237 2878 377.
4283 2792 4486 2858 Zellii.

2818 2894 2928 2958 ubi
2956 2893 3035 2958 de
3063 2892 3358 2958 fratribus
3395 2893 3848 2980 sororibusque,
3879 2894 3990 2980 qui
4018 2917 4095 2958 ex
4123 2894 4337 2960 iisdem
4376 2919 4490 2984 pa-

2817 2996 3095 3062 rentibus
3143 3011 3288 3061 sunt
3332 2996 3496 3062 nati:
3548 2997 3585 3076 ἡ
3630 2999 3745 3078 γὰρ
3787 2996 3932 3077 πρὸς
3973 2999 4168 3062 ἐκεῖνα
4211 3001 4486 3080 ταυτότης

2817 3099 3102 3181 ἀλλήλοις
3148 3100 3321 3164 ταυτὸ
3365 3104 3539 3163 ποιεῖ.
3642 3096 3824 3162 Unde
3869 3098 4078 3178 miror,
4126 3099 4485 3166 Albertium

2813 3202 3136 3268 barbaram
3190 3200 3392 3267 dicere
3440 3201 3599 3266 hanc
3646 3223 3877 3279 vocem,
3922 3200 4001 3264 ad
4054 3201 4332 3288 Hesych.
4384 3205 4479 3268 II.

2822 3322 3005 3391 1354.
3044 3329 3135 3393 sq.
3224 3305 3436 3394 Magis
3478 3304 3668 3369 miror
3696 3302 4219 3392 Lexicographos,
4249 3304 4359 3392 qui
4388 3305 4487 3371 vel

2814 3431 3068 3496 prorsus
3094 3430 3228 3472 eam
3258 3407 3664 3495 neglexerint,
3683 3406 3782 3472 vel
3810 3407 3939 3471 sine
3966 3407 4241 3472 locorum
4269 3425 4483 3477 aucto-

2813 3509 2992 3575 ritate
3033 3510 3372 3599 posuerint,
3400 3534 3542 3575 cum
3574 3523 3778 3575 tamen
3803 3524 3864 3574 et
3896 3509 4119 3575 Suidas
4159 3510 4383 3578 habeat
4424 3529 4488 3579 et

2818 3613 3126 3694 Suicerus,
3157 3636 3269 3679 nec
3295 3613 3339 3678 ii
3369 3614 3498 3678 sine
3526 3612 3949 3700 exemplorum
3994 3612 4150 3678 luce.
4239 3615 4486 3694 Quibus

2813 3715 3086 3804 adjunge
3128 3739 3293 3781 nunc
3323 3718 3631 3781 Zonaram
3661 3717 3724 3780 in
3756 3717 3916 3782 Lex.
3944 3717 4060 3782 Gr.
4089 3740 4155 3804 p.
4181 3733 4327 3800 712.
4370 3721 4480 3806 qui

2815 3833 2938 3883 tres
2969 3819 3131 3884 vocis
3159 3833 3492 3908 potestates
3532 3818 3911 3884 discriminat
3951 3818 4087 3884 loco
4124 3820 4269 3885 satis
4309 3820 4485 3887 lucu-

2813 3919 2998 3985 lento.
3044 3923 3110 3986 A
3132 3920 3355 3986 Proclo
3382 3922 3443 3985 in
3480 3922 3634 3987 Inst.
3656 3920 3879 3986 Theol.
3910 3945 4048 4010 cap.
4079 3940 4220 4006 171.
4248 3947 4314 4011 p.
4336 3943 4481 4010 254.

2815 4023 3006 4088 menti
3053 4024 3414 4089 attribuitur
3455 4026 3685 4091 αἰώνιος
3719 4028 3819 4104 τῆς
3858 4026 4154 4108 ἐνεργείας
4188 4028 4479 4107 ταυτότης.

2815 4125 3159 4214 Dionysius
3201 4130 3521 4214 Areopag.
3573 4125 3826 4192 Divinn.
3877 4127 4133 4190 Nomm.
4168 4127 4265 4191 ΙΙ.
4307 4148 4370 4210 4.
4417 4153 4478 4217 p.

2813 4247 2959 4314 494.
2990 4251 3160 4316 supr.
3194 4228 3412 4293 similia
3440 4228 3532 4293 uti
3558 4228 3780 4293 assolet
3816 4226 4158 4308 cumulans,
4186 4253 4331 4317 quoe
4372 4231 4482 4296 ad-

2815 4331 3076 4395 scribere
3128 4331 3340 4410 taedet,
3386 4330 3473 4395 ita
3491 4336 3696 4411 ε-τῆς
3743 4331 4014 4396 ἐπέκεινα
4060 4332 4297 4398 πάντων
4342 4336 4484 4417 ὅλης

2816 4435 3093 4514 ἰδιότητος
3140 4435 3429 4514 ταυτότης.
3520 4435 3903 4520 Frequentat
3951 4432 4135 4499 etiam
4188 4435 4484 4505 Theodo-

2813 4550 3004 4600 retus.
3096 4534 3235 4600 Vid.
3272 4525 3471 4600 Indic.
3505 4535 3755 4600 Graecit.
3801 4536 3946 4601 edit.
3991 4537 4340 4606 Schulzian.
4393 4565 4484 4606 se-

2814 4638 3069 4724 quentia
3095 4652 3238 4703 ante
3264 4637 3474 4703 oculos
3499 4638 3719 4704 habuit
3747 4639 4035 4705 Marinus
4060 4639 4124 4706 in
4154 4642 4300 4707 Vita
4328 4644 4481 4710 Pro-

2814 4739 2915 4820 cli,
2948 4741 3054 4805 ubi
3084 4741 3327 4829 singula
3352 4741 3414 4805 in
3444 4742 3604 4807 notis
3628 4740 3973 4829 designavit
4003 4743 4362 4811 Boissonad.
4409 4769 4476 4834 p.

2821 4864 2964 4933 103.
2994 4867 3127 4931 sqq.

2894 4984 2982 4998 —
3003 4948 3102 5012 16.
3133 4947 3512 5029 συνάγουσαν
3537 4947 3682 5029 πρὸς
3710 4949 3944 5035 ἑαυτὴν]
3984 4948 4089 5013 Cf.
4119 4948 4476 5015 Boissonad.

1053 5049 1157 5113 De
1183 5046 1302 5112 bac
1326 5071 1477 5112 voce
1514 5070 1702 5134 supra
1738 5046 2038 5112 monitum
2062 5046 2143 5111 ad
2174 5048 2228 5111 Ι.
2266 5067 2319 5111 1.
2353 5067 2414 5132 9.
2504 5048 2585 5111 In
2630 5070 2726 5111 se·
2810 5050 2892 5114 ad
2922 5051 3240 5114 Marinum
3266 5048 3330 5114 in
3358 5049 3487 5114 vita
3513 5050 3718 5115 Procli
3746 5074 3813 5139 p.
3839 5071 3983 5116 111.

1053 5149 1388 5239 quentibus
1415 5151 1626 5217 τύπους
1653 5148 1875 5237 plurali
1907 5164 2235 5237 usurpatos
2272 5149 2360 5215 ita
2401 5148 2724 5236 distinguit

2896 5174 2962 5239 p.
2982 5171 3089 5238 30,
3107 5173 3130 5216 1
3146 5200 3162 5217 .
3186 5155 3538 5235 ἀπαλλαγὰς
3561 5155 3784 5239 πόνων]
3811 5152 4050 5240 Taylor
4065 5153 4249 5217 vertit
4260 5157 4478 5241 paim,

1053 5278 1093 5319 a
1119 5256 1277 5340 τύπῳ
1307 5251 1696 5340 singulariter
1723 5252 2044 5340 designato
2069 5252 2506 5340 Engelhardt.,
2535 5267 2608 5317 ut
2650 5251 2723 5316 il-
2811 5252 3148 5343 laudatque
3177 5255 3498 5320 Aristotel.
3532 5255 3735 5320 Ethic.
3769 5255 4014 5320 Nicom.
4074 5255 4182 5317 Tu
4213 5255 4338 5324 vid.
4365 5256 4472 5324 lib.
4533 5319 4541 5326 ,

1054 5358 1130 5423 lis
1170 5355 1429 5422 inferius
1468 5369 1658 5440 atque
1699 5354 2030 5443 ignobilius
2056 5354 2210 5442 quid
2238 5354 2585 5421 declaretur
2613 5355 2728 5419 hac

1055 5460 1239 5527 unica
1265 5454 1477 5524 Unius
1504 5457 1970 5522 som-Mox
2014 5460 2368 5538 ἀποκείμενα
2409 5457 2727 5545 neglectus

1053 5576 1520 5648 contemtusque
1568 5558 1883 5648 quandam
1928 5559 2427 5649 significationem
2472 5561 2724 5642 habent,

2814 5357 2974 5421 VII.
3002 5380 3140 5446 cap.
3168 5378 3263 5423 11.
3297 5381 3432 5445 sqq.
3465 5381 3530 5446 p.
3553 5377 3697 5443 129.
3727 5379 3862 5443 sqq.
3898 5354 4192 5443 Sylburg.

2894 5496 2983 5508 —
3006 5476 3069 5545 5.
3113 5461 3293 5541 αὐτὴν
3333 5458 3845 5545 συνοργιζομένην]
3913 5460 4058 5523 Hoc
4101 5461 4282 5541 αὐτὴν
4325 5462 4479 5550 quid

2812 5560 2912 5640 sit,
2954 5560 3300 5629 luculenter
3338 5561 3608 5628 declarat
3647 5558 3908 5625 imitatio
3953 5560 4187 5626 Marini
4231 5562 4294 5629 in
4335 5564 4479 5631 Vita
