5118 6613
1429 520 1625 585 LIB.
1679 520 1733 584 1.
1778 520 2235 586 ENNEAD.
2282 520 2723 599 QUINTAE.
2768 542 2830 607 p.
2862 522 3224 606 906—909.

581 689 805 772 μήνιος,
842 694 976 775 τρία
1009 694 1200 776 φασὶν
1239 692 1419 757 αὐτὸν
1459 692 1751 777 εἰρηκέναι
1790 693 2147 777 ὑπέρχρονα,
2183 695 2279 758 καὶ

581 794 758 870 ἀΐδια,
806 795 1090 878 τάγαθὸν,
1124 796 1219 860 καὶ
1265 800 1425 870 νοῦν,
1467 798 1562 861 καὶ
1596 801 1701 860 τοῦ
1740 797 1961 862 παντὸς
2004 796 2112 875 τὴν
2154 804 2274 880 ψυ-

579 897 717 981 χήν·
765 897 837 961 ὃν
864 899 978 977 μὲν
1004 899 1169 978 ἡμεῖς
1209 899 1455 981 Πατέρα
1496 903 1809 978 καλοῦμεν,
1846 899 2110 981 τάγαθὸν
2139 902 2273 964 ὄνο-

577 1001 854 1080 μάζοντα,
889 1005 1031 1065 νοῦν
1060 1004 1144 1076 δὲ,
1178 1001 1249 1066 ὃν
1277 1002 1441 1081 ἡμεῖς
1466 1003 1597 1067 υἱὸν
1627 1003 1723 1066 καὶ
1749 1004 1941 1084 λόγον
1969 1028 2272 1085 προσαγο-

577 1106 849 1185 ρεύομεν·
882 1104 990 1183 τὴν
1012 1106 1171 1169 δὲτὰ
1186 1105 1382 1169 πάντα
1402 1106 1726 1189 ψύχουσαν
1757 1107 1853 1170 καὶ
1873 1110 2276 1181 ζωοποιοῦσαν

579 1208 825 1285 δύναμιν
859 1206 1068 1290 ψυχὴν
1099 1212 1412 1282 καλοῦντα,
1445 1207 1519 1286 ἣν
1545 1213 1777 1289 πνεῦμα
1820 1209 1992 1291 ἅγιον
2032 1211 2091 1273 οἰ
2128 1213 2276 1273 θεῖοι

579 1312 1094 1392 προσαγορεύουσι
1123 1309 1353 1393 λόγοι.”
1428 1313 1634 1399 Viger.
1667 1313 1754 1375 ad
1783 1313 2016 1376 Euseb.

666 1436 732 1500 p.
765 1414 913 1497 908,
948 1434 1002 1479 1.
1051 1419 1247 1479 Ποθεῖ
1277 1418 1342 1479 δὲ
1379 1420 1500 1480 πᾶν
1534 1414 1603 1478 τὸ
1647 1417 1980 1505 γεννῆσαν]
2060 1416 2278 1480 Habet

579 1513 717 1580 haec
759 1532 823 1580 et
871 1515 1073 1604 prima
1115 1517 1305 1581 verba
1347 1541 1471 1604 seq.
1518 1540 1652 1605 cap.
1702 1541 1901 1605 usque
1947 1517 2028 1582 ad
2075 1520 2276 1603 λέγων

585 1618 1024 1684 Theodoretus
1094 1618 1159 1683 in
1235 1620 1622 1709 Therapeut.
1688 1620 1797 1687 lib.
1859 1624 1953 1686 ΙΙ.
2013 1645 2081 1710 p.
2124 1641 2269 1706 750.

586 1722 837 1788 Schulz.

666 1846 845 1911 —·9.
889 1825 1048 1906 ἢότι
1085 1830 1155 1906 τῇ
1198 1829 1530 1911 ἐπιστροφῇ
1570 1830 1717 1911 πρὸς
1759 1829 1902 1894 αὐτὸ
1948 1830 2156 1918 ἑώρα]
2209 1828 2273 1894 Si

580 1929 894 2017 scripseris
948 1929 1097 2012 πρὸς
1155 1930 1317 2004 αὑτὸ,
1365 1929 1498 1995 haec
1556 1947 1880 1997 enascetur
1936 1934 2272 1998 sententia:

582 2041 624 2071 “
656 2032 971 2096 Nimirum
1002 2032 1175 2118 quod
1217 2032 1374 2098 illud
1420 2033 1645 2116 (unum
1679 2059 1728 2098 3.
1759 2034 1862 2099 ille
1892 2042 2098 2124 pater)
2129 2060 2274 2101 con-

579 2135 857 2200 versione
900 2135 980 2200 ad
1035 2159 1099 2199 se
1141 2135 1345 2222 ipsum
1393 2137 1702 2225 respicit.''
1789 2141 1886 2203 At
1929 2139 2059 2204 sine
2106 2139 2279 2204 libris

579 2237 748 2303 nolui
793 2262 832 2302 a
858 2238 1116 2326 vulgata
1159 2239 1464 2318 recedere,
1509 2264 1698 2328 quam
1745 2243 2047 2329 expressit
2091 2242 2275 2307 etiam

584 2341 906 2406 Marsilius
950 2355 1014 2406 et
1073 2342 1334 2430 Taylor,
1383 2343 1493 2430 qui
1553 2345 1976 2410 antecedentia
2033 2346 2121 2410 ita
2173 2370 2278 2410 ex-

577 2444 741 2533 plet:
791 2452 835 2485 ‘⁶
862 2448 1027 2509 How
1060 2445 1365 2510 therefore
1406 2446 1518 2510 did
1560 2446 1637 2510 he
1669 2462 1962 2535 generate
2005 2448 2275 2514 intellect

586 2545 684 2633 [so
712 2571 781 2612 as
807 2547 906 2612 far
934 2571 1002 2612 as
1029 2548 1079 2614 it
1123 2548 1175 2613 is
1203 2548 1506 2638 intellect]
1528 2551 1593 2613 ?”

667 2689 754 2701 —
786 2671 885 2715 10.
932 2651 1022 2715 Τὸ
1061 2655 1177 2734 γὰρ
1222 2653 1687 2733 καταλαμβάνον
1716 2655 1892 2728 ἄλλο,
1923 2651 1961 2734 ἢ
2002 2656 2275 2735 αἴσθησις

578 2750 616 2833 ἢ
674 2757 827 2821 νοῦς·
875 2756 1155 2833 αἴσθησιν
1204 2754 1478 2836 γραμμὴν
1530 2755 1624 2818 καὶ
1676 2757 1749 2818 τᾶ
1795 2756 1977 2818 ἄλλα·
2054 2754 2190 2819 ἀλλ’
2239 2758 2272 2820 6

582 2859 790 2923 κύκλος
822 2856 1135 2940 τοιοῦτος.]
1188 2857 1247 2919 Ε
1294 2854 1594 2919 librorum
1625 2856 1899 2942 vestigiis
1941 2856 2268 2944 conjicias:

579 2962 852 3039 αἴσθησις
880 2960 956 3026 ὦς
983 2958 1238 3041 γραμμὴ,
1272 2959 1367 3022 καὶ
1394 2962 1470 3023 τὰ
1498 2961 1659 3024 ἄλλα
1689 2962 1765 3028 ὡς
1794 2963 2022 3028 κύκλος.
2068 2959 2206 3024 ἀλλ’
2239 2963 2273 3024 ὁ

581 3062 809 3128 κύκλος.
904 3062 1074 3125 Fons
1116 3074 1327 3125 autem
1386 3060 1578 3148 hujus
1613 3059 1734 3125 loci
1775 3077 1868 3126 est
1911 3061 1975 3125 in
2020 3062 2274 3126 demon-

577 3164 871 3230 stratione
917 3163 1196 3227 Platonis
1234 3163 1312 3227 de
1364 3165 1561 3251 Legg.
1596 3163 1689 3228 X.
1731 3187 1794 3251 p.
1829 3166 1976 3250 893.
2009 3188 2144 3252 sqq.
2191 3165 2272 3230 de

577 3266 759 3332 variis
807 3266 1101 3332 motibuS.
1182 3265 1426 3331 Ibidem
1472 3282 1564 3332 est
1610 3290 1670 3355 p.
1715 3268 1860 3352 898.
1894 3269 1967 3332 A.
2022 3290 2087 3354 p.
2122 3286 2267 3351 204.

579 3369 822 3435 Bekk.:
870 3371 1102 3435 τούτοιν
1131 3371 1199 3449 δὴ
1228 3375 1357 3433 τοῖν
1400 3370 1698 3450 κινήσεσιν
1726 3371 1834 3450 τὴν
1867 3373 1934 3435 ἐν
1967 3373 2061 3435 ἑνί
2086 3380 2272 3454 φερο-

577 3473 759 3554 μένην
790 3475 885 3539 ἀεὶ
910 3473 1048 3554 περὶ
1072 3472 1148 3555 γέ
1174 3498 1231 3537 τι
1257 3472 1448 3552 μέσον
1470 3472 1697 3556 ἀνάγκη
1721 3477 2011 3538 κινεῖσθαι
2030 3479 2149 3538 τῶν
2175 3476 2271 3538 ἐν-

578 3578 801 3659 τόρνων
829 3577 1027 3640 οὐσῶν
1058 3575 1285 3655 μίμημά
1317 3600 1373 3639 τι
1416 3577 1663 3650 κύκλων,
1698 3575 1855 3641 εἶναί
1883 3602 1951 3640 τε
1995 3576 2176 3656 αὐτὴν
2203 3580 2273 3657 τῇ

579 3683 681 3743 τοῦ
703 3683 811 3743 νοῦ
823 3679 1075 3764 περιόδῳ
1096 3677 1327 3745 πάντως
1348 3679 1424 3745 ὣς
1441 3679 1693 3743 δυνατὸν
1711 3678 2073 3759 οἰκειοτάτην
2093 3705 2160 3743 τε
2179 3679 2274 3743 καὶ

577 3784 808 3862 ὁμοίαν.
840 3810 891 3846 κ.
913 3808 963 3845 τ.
983 3789 1045 3845 λ.
1123 3782 1282 3859 Quae
1304 3780 1627 3869 descripsit
1657 3782 1974 3847 Eusebius
1996 3782 2059 3847 in
2080 3786 2156 3848 P.
2181 3787 2266 3849 E.

580 3886 753 3949 XII.
792 3886 892 3949 28.
941 3908 1008 3972 p.
1043 3887 1192 3949 601.
1284 3886 1643 3971 Utrumque
1685 3901 1893 3950 autem
1941 3900 2004 3950 et
2054 3887 2265 3951 Plato-

577 4010 713 4053 nem
745 4001 808 4053 et
840 3987 1156 4053 Plotinum
1188 3987 1249 4051 in
1272 3987 1390 4052 hac
1408 4011 1475 4051 re
1503 3987 1720 4052 laudat
1746 3989 2113 4053 Damascius
2133 3991 2268 4072 περὶ

575 4094 774 4176 ἀρχῶν
801 4113 867 4178 Ρ.
888 4109 1034 4176 322.
1065 4090 1166 4154 ed.
1202 4092 1459 4179 Kopp.:
1506 4091 1575 4155 τὸ
1619 4095 1683 4155 δὲ
1727 4093 2005 4159 ὡσαύτως
2047 4093 2142 4156 καὶ
2172 4094 2266 4156 ἀεὶ

577 4196 670 4259 καὶ
705 4195 826 4258 ὅσα
866 4199 1107 4258 τοιαῦτα
1144 4194 1374 4281 (tangit
1410 4192 1710 4258 formulas
1755 4193 2035 4258 Platonis
2064 4194 2102 4259 l.
2126 4193 2168 4259 l.
2202 4209 2266 4260 et

571 4297 634 4362 in
664 4301 873 4384 seqq.)
907 4301 1054 4361 κατὰ
1082 4296 1149 4360 τὸ
1181 4297 1596 4378 ἀμετάβλητόν
1619 4299 1748 4361 ἐστι
1775 4323 1842 4360 τε
1873 4298 1969 4361 καὶ
1995 4297 2260 4379 λέγεται·

568 4402 656 4467 διὸ
685 4402 867 4480 ταύτῃ
893 4400 1000 4464 τὸν
1029 4404 1188 4475 νοῦν,
1220 4406 1476 4480 μιμεῖται
1502 4402 1540 4480 ἡ
1572 4404 1762 4486 κύκλῳ
1804 4403 1965 4483 φορᾶ
2008 4402 2085 4468 ὥς
2113 4409 2263 4485 φησι

570 4509 901 4580 Πλωτῖνος,
944 4507 1183 4583 μᾶλλον
1226 4505 1311 4577 δὲ,
1344 4505 1421 4571 ὡς
1464 4503 1637 4571 αὐτὸς
1680 4506 1712 4567 6
1765 4502 2028 4568 Πλάτων
2072 4506 2141 4568 ἐν
2183 4508 2262 4590 τῷ

568 4613 684 4672 τῶν
726 4609 924 4686 νόμων
956 4605 1241 4688 (fortasse
1284 4609 1351 4669 ἐν
1377 4609 1457 4692 τῷ
1491 4614 1526 4670 ι’
1553 4612 1670 4670 τῶν
1699 4608 1784 4689 ν.)
1819 4608 2018 4671 εἰκόνα
2045 4610 2262 4686 ταύτην

564 4709 983 4793 προύβάλλετο
1013 4712 1114 4788 τῆς
1139 4713 1245 4771 τοῦ
1273 4712 1379 4771 νοῦ
1409 4708 1707 4788 κινήσεως,
1741 4709 1817 4776 ὡς
1843 4713 1948 4772 τοῦ
1977 4710 2262 4788 ἀληθινοῦ

568 4812 839 4893 ἀκινήτου
877 4811 945 4874 τὸ
977 4812 1341 4895 φαινόμενον
1371 4812 1664 4892 ἀκίνητον.
1735 4811 1838 4875 Cf.
1869 4811 2078 4898 ipsum
2112 4810 2257 4875 Plo-

564 4916 766 4980 tinum
810 4937 1002 5002 supra
1033 4913 1176 4978 111.
1211 4929 1356 4998 7.3.
1387 4936 1453 5001 p.
1475 4914 1623 4999 328.
1672 4915 1748 4978 B.
1778 4915 1855 4978 C.
1886 4928 1949 4979 et
1984 4913 2149 4978 infra
2179 4915 2255 4979 V.

564 5040 626 5105 5.
666 5039 724 5083 1.
774 5017 885 5083 ubi
929 5020 963 5081 6
1009 5022 1145 5085 νοῦς
1186 5016 1418 5081 dicitur
1459 5016 1765 5098 περιθέων.
1814 5018 1891 5082 V.
1931 5035 1992 5102 3.
2032 5036 2096 5102 3.
2147 5016 2255 5081 ubi

565 5145 738 5187 mens
770 5122 835 5204 (ὁ
867 5124 1029 5203 νοῦς)
1072 5119 1222 5184 item
1265 5141 1305 5183 a
1343 5142 1525 5183 sensu
1562 5124 1655 5200 (τῇ
1699 5119 1998 5199 αἰσθήσει)
2032 5118 2252 5183 distin-

564 5224 780 5314 guitur
807 5242 870 5288 et
899 5222 976 5285 V.
1008 5224 1070 5286 6.
1100 5242 1177 5308 5:
1227 5222 1295 5286 τὸ
1326 5228 1490 5286 νοεῖν
1518 5223 1648 5285 ἐστι
1678 5223 1902 5302 κίνησις
1927 5221 2074 5304 πρὸς
2102 5223 2250 5303 ἀγα-

566 5330 704 5392 θόνε
752 5325 1026 5412 denique
1054 5324 1134 5389 de
1162 5324 1395 5389 visione
1431 5324 1652 5388 mentis
1695 5327 1859 5407 (περὶ
1886 5328 1987 5404 τῆς
2013 5329 2120 5389 τοῦ
2148 5329 2256 5389 νοῦ

566 5430 853 5515 ὁράσεως)
888 5428 1026 5492 111.
1061 5429 1116 5492 8.
1163 5447 1260 5492 10.
1292 5429 1372 5492 V.
1402 5447 1464 5513 3.
1502 5428 1559 5489 8.
1592 5429 1669 5492 V.
1703 5429 1762 5493 8.
1798 5445 1861 5512 3.
1907 5428 2022 5492 VI.
2054 5428 2112 5491 6.
2152 5448 2247 5511 17.

566 5534 677 5597 v1.
721 5550 778 5616 7.
823 5551 929 5618 35.
976 5531 1093 5596 VI.
1145 5531 1206 5595 8.
1256 5533 1350 5594 16.
1407 5545 1525 5595 etc.
1616 5529 1993 5618 Attigerunt
2039 5545 2247 5595 autem

3932 540 4050 604 277

2364 694 2531 758 hunc
2577 707 2857 758 nostrum
2902 692 3106 757 locum
3151 707 3214 758 et
3272 691 3594 780 sequentia
3636 691 3937 757 Brucker.
3989 694 4049 759 in

2366 798 2533 862 Hist.
2562 796 2717 862 Crit.
2744 796 3107 884 Philosoph.
3133 797 3232 861 11.
3265 819 3326 883 p.
3351 817 3499 879 400.
3534 808 3598 861 et
3625 796 4052 863 Tennemann.

2362 898 2426 964 in
2459 899 2626 965 Hist.
2665 898 2895 964 Philos.
2929 899 3050 963 VI.
3083 922 3147 986 p.
3172 900 3559 983 95.—Nunc
3593 898 3755 962 adde
3785 922 3986 988 nuper
4014 924 4053 965 a

2363 1003 2541 1068 nobis
2558 1003 2795 1067 editum
2821 1002 3342 1090 olympiodorum
3364 1002 3427 1066 in
3456 1001 3665 1068 Alcib.
3688 1025 3781 1090 pr.
3810 1027 3877 1091 p.
3905 1025 4045 1091 103.

2363 1106 2472 1193 qui
2531 1105 2618 1171 ita
2638 1110 2852 1170 :—vm‘1'
2906 1108 3020 1189 γὰρ
3066 1109 3218 1170 ἴδιον
3257 1106 3326 1169 τὸ
3376 1106 3776 1190 ἐπιστρέφειν·
3825 1110 4053 1194 σφαίρᾳ

2361 1213 2477 1292 γᾶρ
2503 1212 2799 1293 ἀναλογεῖ
2830 1211 2863 1272 ὁ
2909 1213 3061 1283 νοῦς,
3096 1209 3350 1273 ἕκαστον
3379 1216 3625 1288 σημεῖον
3660 1213 3911 1291 ποιούσῃ
3957 1214 4053 1276 καὶ

2362 1314 2551 1397 ἀρχὴν
2581 1314 2675 1377 καὶ
2702 1313 2902 1395 πέρας.
2965 1310 3074 1375 Ad
3099 1311 3233 1376 haec
3261 1327 3326 1403 et
3352 1311 3671 1399 sequentia
3698 1312 4054 1378 adhibenda

2363 1415 2570 1480 Procli
2609 1418 2765 1481 Inst.
2811 1415 3039 1480 Theol.
3081 1419 3140 1499 ξ.
3185 1418 3323 1501 169.
3358 1438 3452 1502 sq.
3483 1438 3550 1502 p.
3583 1432 3729 1501 250.
3776 1440 3910 1503 sqq.
3953 1418 4050 1481 ed.

2360 1534 2551 1584 nostr.

2445 1646 2511 1710 p.
2543 1642 2693 1709 909,
2731 1625 2829 1687 16.
2874 1623 3225 1701 Ταύτης-ὁ
3265 1625 3401 1689 νοῦς
3438 1622 3608 1689 οὗτος
3634 1622 3794 1701 ἄξιος
3821 1627 3926 1686 νοῦ
3953 1628 4058 1687 τοῦ

2363 1726 2793 1807 καθαρωτάτου,
2814 1725 2894 1805 μὴ
2917 1726 3480 1814 ἄλλοθεν-φῦναι]
3503 1726 3610 1789 Ex
3628 1724 3831 1789 Ficini
3850 1741 4056 1789 mente

2360 1828 2440 1892 ad
2472 1834 2579 1893 νοῦ
2604 1833 2711 1892 τοῦ
2738 1833 2867 1892 καθ.
2897 1826 3300 1914 cogitandum
3328 1827 3447 1892 erit
3475 1830 3782 1909 ὀνόματος,
3813 1850 3886 1892 ac
3914 1851 4056 1915 pro-

2362 1930 2507 1995 inde
2550 1931 2667 1995 hoc
2705 1930 3059 2019 exemplum
3102 1930 3462 1995 addendum
3495 1931 3578 1995 L.
3611 1930 3797 1995 Bosio
3827 1929 3907 1994 de
3937 1930 4052 1995 El-

2361 2034 2500 2121 lips.
2530 2056 2592 2121 p.
2618 2052 2764 2119 352.
2796 2057 2888 2120 sq.
2928 2033 3154 2098 Schaef.
3186 2033 3332 2098 item
3364 2032 3447 2098 ad
3483 2035 3811 2116 γενόμενον
3838 2057 4056 2099 rursus

2365 2136 2780 2224 supplendum
2808 2161 2822 2200 ε
2872 2138 3037 2216 ἄξιόν
3087 2139 3232 2201 ἐστι.
3324 2138 3489 2201 Nam
3548 2135 3804 2201 alteram
3863 2138 4050 2202 ratio-

2365 2262 2527 2318 nem,
2561 2255 2632 2304 ut
2659 2239 2744 2304 ita
2770 2238 3018 2303 ordines
3036 2243 3176 2303 :—6
3208 2244 3347 2307 νοῦς
3380 2239 3550 2307 οὗτος
3577 2240 3737 2318 ἄξιος
3764 2245 3947 2322 φῦναι
3973 2242 4054 2321 μὴ

2364 2344 2628 2407 ἄλλοθεν
2655 2340 2692 2421 ἢ
2725 2345 2790 2407 ἐκ
2815 2346 2916 2420 τῆς
2955 2345 3185 2424 πρώτης
3223 2344 3407 2426 ἀρχῆς
3442 2346 3549 2406 νοῦ
3573 2347 3682 2406 τοῦ
3711 2343 4049 2425 καθαρωτά-

2360 2471 2464 2508 του
2505 2447 2833 2527 γενόμενον
2880 2444 3005 2525 (vel
3036 2445 3082 2509 f.
3115 2447 3456 2527 γενόμενος,
3485 2443 3601 2507 nisi
3632 2459 3696 2509 et
3732 2443 3796 2507 h.
3821 2443 3860 2507 l.
3893 2444 4053 2509 sicut

2359 2547 2424 2611 in
2485 2547 2994 2612 antecedentibus
3041 2563 3104 2612 et
3157 2547 3489 2636 saepissime
3539 2545 3690 2611 alias
3735 2549 4048 2613 Neutrum

2360 2665 2500 2737 post
2531 2650 2958 2715 Masculinum
2989 2650 3314 2739 usurpavit
3343 2650 3653 2734 Plotinus)
3689 2652 3755 2714 δὲ
3775 2650 3883 2732 ἤδη
3912 2675 4049 2733 γεν-

2361 2759 2539 2834 νῆσαι
2559 2776 2694 2818 eam
2725 2753 2920 2840 igitur
2948 2753 3244 2818 rationem
3271 2776 3561 2840 respuere
3578 2753 3830 2818 videtur
3846 2769 3909 2818 et
3938 2754 4055 2817 hu-

2348 2858 2459 2945 jus
2497 2856 2934 2944 disputationis
2963 2872 3162 2938 tenor,
3189 2871 3252 2921 et
3283 2880 3428 2920 vero
3458 2856 3744 2921 universa
3773 2855 4056 2921 doctrina

2359 2959 2847 3025 Platonicorum.
2967 2962 3168 3024 Mox:
3216 2959 3284 3024 τὸ
3340 2965 3459 3026 τῶν
3518 2961 3689 3025 ἰδεῶν
3747 2958 4054 3027 κάλλος-

2358 3065 2526 3132 θεοὺς
2556 3066 2818 3145 νοητούς.
2894 3063 3039 3129 Vid.
3067 3063 3362 3129 Proclum
3393 3064 3453 3128 in
3476 3064 3787 3129 Timaeum
3816 3087 3883 3151 p.
3900 3083 4048 3149 357.

2359 3164 2467 3230 ubi
2495 3180 2559 3231 et
2590 3164 2710 3230 alia
2737 3182 2800 3231 et
2844 3164 3010 3231 haec:
3057 3171 3225 3231 πᾶσα
3255 3166 3383 3231 ἰδέα
3412 3168 3561 3234 θεός.
3640 3165 3739 3231 Cf.
3772 3165 4052 3253 ejusdem

2363 3268 2574 3335 Instit.
2613 3268 2835 3335 Theol.
2880 3293 2947 3358 p.
2987 3289 3128 3356 190.
3171 3285 3235 3334 et
3284 3288 3431 3336 200.
3519 3270 3621 3335 De
3662 3268 3782 3333 hoc
3822 3267 4054 3362 placito

2359 3372 2687 3461 disputant
2731 3372 3097 3438 Cudworth.
3141 3373 3203 3436 in
3240 3374 3406 3460 Syst.
3440 3371 3630 3437 intell.
3666 3373 3784 3436 IV.
3814 3374 3922 3457 36.
3969 3374 4051 3438 cf.

2359 3497 2421 3562 p.
2454 3476 2602 3557 687.
2653 3489 2718 3539 et
2768 3473 3071 3540 Brucker.
3118 3474 3183 3538 in
3229 3474 3398 3538 Hist.
3450 3474 3608 3539 Crit.
3659 3472 3892 3539 Philus.
3949 3476 4050 3539 11.

2357 3600 2422 3665 p.
2445 3596 2597 3658 402.
2629 3601 2763 3665 sqq.

2441 3718 2530 3729 —
2563 3700 2660 3763 19.
2709 3680 2803 3744 καὶ
2833 3680 3034 3762 ὥσπερ
3063 3681 3421 3743 καταπιόντα
3460 3677 3646 3744 πάλιν
3673 3682 3753 3765 τῷ
3795 3680 3861 3742 ἐν
3892 3674 4047 3764 αὐτῷ

2358 3783 2541 3867 ἔχειν,
2589 3786 2736 3863 μηδὲ
2786 3785 3061 3846 ἐκπεσεῖν
3108 3784 3190 3848 εἰς
3243 3783 3642 3863 ὕλην-παρᾶ
3698 3786 3768 3862 τῇ
3824 3779 4049 3867 Ῥέᾳ-

2357 3889 2592 3968 Κρόνον
2619 3888 2731 3966 μὲν
2761 3885 2900 3949 θεὸν
2932 3880 3405 3967 σοφώτατον-ᾗ
3432 3884 3527 3948 καὶ
3547 3883 3772 3966 πλήρης
3794 3885 3889 3947 καὶ
3911 3887 4047 3951 νοῦς

2356 3992 2423 4054 ἐν
2453 3991 2836 4076 Κύρῳ-Δία
2864 3992 3088 4073 γεννᾷν
3118 3990 3292 4070 κόρον
3310 4015 3363 4052 κ.
3386 4014 3440 4052 τ.
3465 3988 3565 4076 λ.]
3612 3987 3824 4052 Etiam
3855 3987 4046 4074 hujus

2351 4091 2873 4180 interpretationis
2900 4092 3042 4155 fons
3067 4107 3161 4156 est
3189 4092 3251 4154 in
3282 4090 3418 4156 loco
3455 4089 3760 4156 Platonici
3803 4090 4043 4177 Cratyli

2349 4219 2416 4283 p.
2442 4197 2592 4280 396.
2622 4196 2683 4260 b.
2730 4217 3002 4282 quorum
3043 4195 3376 4260 verborum
3419 4209 3660 4282 partem
3705 4218 3896 4282 supra
3937 4217 4046 4281 ap-

2348 4297 2532 4385 posui
2577 4297 2661 4362 ad
2701 4297 2905 4362 locum
2956 4296 3213 4361 similem
3257 4296 3451 4361 nostri
3492 4294 3635 4360 libri
3675 4319 3738 4384 p.
3769 4297 3921 4381 485.
3953 4300 4042 4360 A.

2350 4402 2542 4465 Nunc
2574 4401 2707 4465 haec
2735 4400 2815 4464 de
2858 4402 3128 4464 Saturno
3167 4414 3231 4464 et
3270 4400 3453 4463 Rhea
3489 4422 3798 4487 apponam
3827 4423 3904 4464 ex
3936 4423 4038 4464 eo-

2348 4504 2490 4569 dem
2522 4503 2772 4590 dialogo
2800 4527 2861 4591 p.
2888 4521 3038 4583 402.
3071 4506 3160 4566 A.
3189 4525 3253 4589 p.
3281 4521 3387 4576 42.
3425 4501 3662 4566 Bekk.:
3711 4503 3817 4567 τὸν
3848 4502 4037 4585 Ἠρά-

2349 4608 2584 4671 κλειτόν
2598 4632 2700 4686 μοι
2728 4610 2877 4691 δοκῷ
2910 4609 3169 4689 καθορᾷν
3190 4604 3378 4669 πάλαι
3400 4606 3548 4670 ἄττα
3569 4610 3736 4689 σοφὰ
3754 4606 4036 4689 λέγοντα,

2346 4711 2609 4792 ἀτεχνῶς
2650 4712 2725 4772 τὰ
2771 4710 2866 4773 ἐπὶ
2913 4709 3146 4789 Κρόνου
3191 4708 3286 4771 καὶ
3330 4707 3516 4782 Ῥέας,
3562 4706 3602 4771 ἃ
3643 4710 3739 4772 καὶ
3772 4707 4039 4792 Ὅμηρος

2346 4811 2855 4896 ἔλεγεν.-Λέγει
2889 4837 3004 4875 που
3035 4809 3447 4892 Ἡράκλειτος,
3494 4810 3585 4874 ὅτι
3627 4810 3822 4874 πάντα
3854 4819 4041 4895 χωρεῖ

2346 4941 2442 4979 και
2490 4915 2663 4978 οὐδὲν
2715 4913 2901 4994 μένει,
2957 4914 3052 4978 καὶ
3096 4916 3363 4993 ποταμοῦ
3405 4915 3514 4994 ῥοῇ
3574 4913 3899 4989 ἀπεικάζων
3962 4919 4036 4978 τὰ

2343 5019 2490 5082 ὄντα
2515 5016 2688 5100 λέγει
2717 5018 2793 5084 ὧς
2827 5018 2914 5084 δὶς
2942 5019 3003 5084 ἐς
3040 5016 3146 5080 τὸν
3177 5015 3355 5080 αὐτὸν
3381 5016 3650 5095 ποταμὸν
3681 5016 3786 5080 οὐκ
3814 5014 3889 5080 ἂν
3930 5019 4029 5096 ἐμ-

2338 5121 2533 5200 βαίης.
2613 5119 2717 5184 Cf.
2763 5118 2928 5184 infra
2969 5119 3160 5205 hujus
3198 5117 3337 5182 libri
3380 5141 3518 5206 cap.
3563 5138 3626 5201 9.
3660 5141 3724 5206 p.
3758 5140 3903 5203 490.
3935 5124 4029 5195 A,

2336 5222 2489 5310 ibiq.
2520 5221 2736 5287 laudd.
2828 5224 2970 5287 Hoc
2990 5222 3133 5287 loco
3161 5220 3385 5287 sufficit
3412 5245 3489 5286 ex
3523 5221 3798 5287 Platonis
3828 5224 4029 5288 verbis

2336 5324 2638 5389 rationem
2670 5311 3037 5412 percepisse,
3067 5347 3182 5389 cur
3229 5323 3517 5389 Plotinus
3546 5340 3754 5388 noster
3781 5325 4024 5390 Rheam

2335 5429 2423 5491 ita
2442 5426 2905 5515 interpretetur,
2926 5443 3018 5505 ut,
3044 5444 3339 5514 tanquam
3358 5426 3532 5492 fluxa
3552 5429 3860 5509 Materia,
3881 5453 4024 5493 con-

2337 5530 2525 5595 traria
2556 5530 2634 5595 sit
2663 5530 2866 5595 stabili
2896 5532 3125 5596 Menti.
