5118 6613
1410 580 1604 647 LIB.
1643 580 1758 645 v1.
1806 579 2258 646 ENNEAD.
2307 581 2692 646 PRIMAE.
2739 602 2803 668 p.
2840 580 2981 658 106,
3011 596 3148 662 107.

562 758 799 822 minum
831 766 1050 818 mutat.
1082 777 1146 842 p.
1179 752 1326 838 380.
1355 751 1625 816 Pfeiffer.
1662 752 1990 831 νομίζοντες
2017 752 2227 834 ἄριστα

564 860 862 941 κεκρίσθαι
888 859 1049 938 παρὰ
1075 858 1226 941 ὀρθῷ
1254 857 1413 939 λόγῳ
1442 854 1510 918 τὸ
1538 855 1718 934 μηδὲν
1739 855 2094 935 ἀποφαίνειν
2120 854 2228 934 τὴν

561 961 767 1045 ψυχὴν
794 963 943 1024 ἴδιον
971 958 1144 1037 αὐτῆς
1173 956 1374 1029 καλὸν,
1408 957 1568 1021 ἀλλὰ
1593 957 2074 1039 προσγενόμενον
2093 956 2228 1035 ἔξω-

563 1069 687 1129 θεν.

649 1187 716 1252 p.
740 1164 880 1240 106,
907 1182 1006 1243 14.
1047 1161 1080 1225 ὃ
1124 1159 1473 1241 ἐλωβήσατο
1512 1161 1625 1241 μὲν
1667 1159 1841 1248 αὐτῇ]
1890 1158 2227 1246 Phrynich.

563 1293 741 1349 προπ.
787 1273 1026 1347 σοφιστ.
1073 1263 1138 1326 in
1182 1260 1449 1327 Bekkeri
1499 1260 1787 1326 Anecdd.
1838 1262 1982 1326 Grr.
2025 1262 2079 1325 1.
2122 1281 2224 1344 50.

565 1372 879 1449 λωβᾶσθαι
933 1368 1103 1430 τόνδε
1157 1366 1251 1430 καὶ
1286 1368 1473 1451 τῷδε,
1527 1366 1806 1445 αἰτιατικῇ
1859 1364 1954 1427 καὶ
2009 1367 2224 1444 δοτικῇ.

566 1472 747 1538 Plato
777 1469 1013 1535 Criton.
1044 1491 1111 1555 p.
1136 1487 1242 1551 47.
1275 1466 1382 1531 fin.
1411 1488 1473 1552 p.
1500 1483 1636 1551 153.
1670 1464 1871 1530 Bekk.
1907 1464 1954 1552 ᾧ
1994 1465 2061 1530 τὸ
2104 1467 2227 1531 ἄδι-

566 1603 669 1643 κον
685 1578 798 1657 μὲν
817 1578 1104 1654 λωβᾶται,
1122 1572 1211 1636 ita
1231 1583 1394 1636 recte
1410 1570 1611 1635 Bekk.
1629 1594 1745 1658 pro
1765 1570 1821 1649 ὃ,
1844 1570 2018 1658 quod
2045 1571 2123 1635 F.
2143 1575 2226 1635 A.

564 1679 838 1744 Wolfius
877 1688 1209 1763 receperat.
1282 1674 1543 1762 Dionys,
1577 1672 1780 1738 Halic.
1808 1673 1873 1737 in
1903 1676 2225 1760 Excerptt.

562 1786 746 1847 Antt.
792 1780 981 1845 Rom.
1022 1779 1238 1843 XIII.
1265 1796 1325 1859 4.
1355 1777 1461 1841 fin.
1500 1775 1598 1840 ed.
1638 1778 1724 1841 A.
1773 1775 1930 1841 Maii
1975 1775 2228 1841 Mediol.

566 1884 762 1974 princ.
791 1881 1035 1963 κνησμοὶ
1071 1881 1164 1944 καὶ
1202 1880 1538 1962 σπαραγμοὶ
1576 1884 1845 1962 συνεχεῖς
1883 1881 2231 1959 λωβώμενοι

567 1994 690 2056 τοῖς
728 1986 924 2070 χρωσί
962 2012 1013 2048 κ.
1039 2009 1091 2048 τ.
1117 1990 1178 2047 λ.
1213 1981 1322 2046 ubi
1351 1984 1430 2046 E.
1457 1983 1531 2059 Q.
1560 1980 1831 2046 Visconti
1866 1980 1932 2044 in
1964 1979 2232 2045 Journal

567 2091 678 2156 des
709 2091 943 2154 Savans
970 2086 1153 2168 1817.
1184 2107 1268 2149 m.
1300 2085 1459 2148 Jun.
1486 2106 1549 2170 p.
1573 2085 1719 2169 365.
1742 2082 2064 2148 infeliciter
2090 2105 2235 2148 con·

559 2191 814 2281 jiciebat
855 2191 987 2256 τοὺς
1020 2187 1269 2272 χρωτάς.
1336 2185 1515 2250 Idem
1545 2184 1806 2274 DionyS.
1844 2183 1998 2284 Hal..
2031 2190 2119 2250 A.
2144 2186 2227 2250 R.

571 2296 727 2361 VII.
762 2310 865 2376 77.
897 2314 960 2378 p.
990 2309 1170 2375 1501.
1205 2286 1421 2354 Reisk.
1459 2289 1497 2369 ἡ
1535 2287 2233 2369 βουλὴ-άναζητήσεται

568 2399 674 2463 τὸν
699 2400 779 2484 τῷ
810 2393 1120 2476 θεράποντι
1141 2391 1591 2472 λωβησάμενον.
1642 2392 1859 2477 SyneS.
1880 2388 1960 2453 de
1977 2388 2229 2454 Provid.

573 2502 631 2565 I.
663 2522 730 2587 p.
758 2517 894 2562 101.
926 2496 1005 2560 Β.
1037 2496 1133 2560 καὶ
1171 2495 1289 2558 ὅσα
1329 2498 1597 2573 λωβᾶται
1624 2494 1864 2572 σώματι.
1943 2490 2233 2556 Similiter

569 2601 731 2666 idem
759 2599 840 2664 de
868 2600 1095 2686 Regno
1120 2619 1183 2684 p.
1215 2614 1273 2660 2.
1305 2596 1382 2660 Β.
1416 2594 1492 2659 ad
1523 2617 1709 2682 quem
1746 2593 1950 2658 locum
1982 2592 2233 2657 consule

572 2700 946 2790 Krabingeri
985 2713 1195 2764 annot.
1239 2722 1305 2785 p.
1343 2716 1485 2783 131.
1536 2695 1820 2761 Plotinus
1860 2719 1927 2783 p.
1969 2714 2116 2781 435.
2149 2696 2230 2759 Β.

572 2808 667 2872 καὶ
693 2807 810 2870 ὅσα
835 2806 947 2884 μὲν
973 2806 1242 2881 λωβᾶται
1269 2801 1592 2882 ἀνθρώποις
1626 2797 1735 2863 ubi
1761 2797 1999 2885 aliquot
2028 2796 2229 2862 Codd.

568 2925 632 2975 et
648 2907 960 2973 Villoison.
990 2902 1266 2968 Anecdd.
1299 2903 1446 2967 Grr.
1482 2902 1582 2966 ΙΙ.
1610 2924 1675 2988 p.
1701 2919 1843 2986 234.
1875 2901 2229 2982 ἀνθρώπους.

652 3048 739 3062 —
760 3028 857 3095 15.
881 3007 975 3072 καὶ
993 3009 1200 3092 πολλῷ
1221 3009 1300 3092 τῷ
1329 3008 1481 3091 κακῷ
1502 3002 2021 3087 συμπεφυρμένην]
2053 3001 2235 3066 Plato

572 3111 872 3180 Phaedon.
903 3133 965 3198 p.
998 3109 1099 3174 66.
1128 3107 1194 3172 b.
1224 3130 1286 3195 p.
1319 3123 1419 3189 17.
1451 3108 1663 3194 wytt.
1694 3106 1801 3173 ἕως
1842 3105 1918 3170 ἀν
1953 3104 2021 3169 τὸ
2064 3110 2235 3184 σῶμα

572 3218 800 3301 ἔχωμεν
829 3214 924 3277 καὶ
951 3209 1396 3292 ἑυμπεφνρμένη
1422 3206 1460 3288 ᾗ
1485 3209 1647 3289 ἡμῶν
1672 3209 1710 3287 ἡ
1736 3207 1905 3291 ψυχὴ
1941 3210 2090 3287 μετὰ
2130 3210 2235 3271 τοῦ

564 3320 831 3385 τοιούτου
873 3319 1068 3389 κακοῦ,
1114 3312 1223 3378 ubi
1262 3311 1328 3376 in
1379 3333 1620 3376 summa
1663 3309 1979 3374 sententiae
2022 3306 2229 3373 simili-

570 3420 786 3488 tudine
840 3415 1306 3484 constructionis
1360 3413 1621 3478 varietas
1674 3425 1866 3500 patet.
1945 3410 2087 3476 Vid.
2143 3411 2227 3476 ib.

568 3525 780 3609 wytt.
813 3523 1083 3585 Annott.
1115 3517 1296 3582 Plato
1322 3516 1384 3580 in
1418 3516 1612 3602 Gorg.
1642 3538 1706 3602 p.
1727 3515 1875 3595 466.
1893 3513 1956 3578 d.
1986 3516 2133 3594 ὁμοῦ
2159 3514 2234 3579 ἀν

568 3626 761 3692 πάντα
785 3622 1055 3708 χρήματα
1082 3621 1330 3702 ἐφύρετο
1360 3620 1428 3682 ἐν
1448 3620 1528 3704 τῷ
1556 3618 1729 3703 αὐτῷ.
1798 3618 2000 3695 Quem
2027 3614 2234 3680 locum

569 3726 775 3815 attigit
801 3726 1015 3813 wytt.
1042 3721 1122 3787 ad
1154 3721 1325 3786 Plut.
1359 3718 1589 3784 Moral.
1616 3741 1682 3805 p.
1713 3720 1859 3804 625.
1934 3717 2129 3784 Plura
2155 3717 2234 3782 de

570 3831 685 3895 hoc
711 3826 1041 3894 verborum
1069 3847 1290 3912 genere
1316 3822 1496 3912 posui
1531 3822 1596 3885 in
1626 3820 1910 3909 Dionyso
1941 3822 1999 3885 I.
2028 3843 2093 3908 p.
2122 3842 2228 3906 49.

570 3932 721 3997 etin
752 3928 876 3995 Ed.
909 3926 1111 4016 pecul.
1140 3926 1329 4013 hujus
1355 3924 1496 3989 libri
1524 3922 1872 3990 Plotiniani.
1920 3925 2233 3989 Coeterum

570 4034 649 4098 cf.
677 4055 869 4120 supra
891 4054 958 4119 p.
981 4049 1083 4115 13.
1109 4030 1186 4094 Β.
1211 4027 1400 4093 Basil.
1426 4025 1464 4107 ἢ
1487 4027 1683 4106 ἐπειδὴ
1707 4026 1849 4107 κακὴ
1868 4024 1979 4107 μέν
2009 4027 2174 4091 ἐστιν
2198 4026 2236 4107 ἡ

571 4136 738 4220 ψυχὴ
765 4132 1221 4216 συμπεφυρμένη
1248 4135 1328 4217 τῷ
1355 4132 1598 4210 σώματι.

652 4260 717 4326 p·
750 4253 892 4319 107,
920 4255 975 4300 1·
1035 4237 1257 4318 ἀμυδρᾷ
1313 4236 1383 4314 τῇ
1438 4236 1551 4312 ζωῇ
1612 4228 1999 4318 κεχρημένην]
2053 4229 2236 4296 Plato

571 4338 843 4406 Phaedro
868 4361 930 4426 p.
964 4353 1105 4423 250.
1136 4335 1205 4401 b.
1234 4358 1465 4423 paucos
1507 4331 1935 4399 tantummodo
1976 4331 2125 4397 dicit
2162 4331 2232 4398 δι’

568 4446 836 4525 ἀμυδρῶν
863 4438 1130 4523 ὀργάνων
1144 4459 1472 4525 agnoscere
1499 4457 1703 4501 rerum
1730 4433 2046 4522 imagines.
2089 4434 2238 4499 Phi-

567 4545 859 4610 lostratus
885 4541 1013 4607 vit.
1043 4539 1336 4628 Apollon.
1369 4540 1527 4604 VII.
1556 4558 1652 4618 14.
1696 4560 1762 4625 p.
1811 4551 1954 4622 295.
1999 4537 2234 4602 consci-

554 4646 736 4712 entia
782 4645 932 4710 facit
980 4646 1083 4711 τὰς
1125 4645 1377 4725 ἀμυδρὰς
1422 4643 1518 4706 καὶ
1563 4642 1987 4724 φαντασιῶδεις
2032 4642 2236 4707 πτοιᾶς

568 4752 810 4830 ἀληθεῖς
838 4748 946 4828 ἤδη
990 4746 1083 4810 καὶ
1121 4748 1370 4812 πιθανὰς
1404 4748 1484 4831 τῷ
1518 4745 1711 4828 φόβῳ.
1757 4743 1840 4807 cf.
1872 4740 2232 4807 Boissouad.

566 4850 652 4914 ad
696 4848 989 4914 Philostr.
1022 4846 1271 4911 Heroic.
1303 4869 1370 4933 p.
1407 4864 1548 4931 299.
1625 4843 1853 4909 Plotin.
1885 4865 1947 4930 p.
1978 4845 2118 4928 169.
2151 4844 2227 4908 A.

566 4951 681 5017 ubi
708 4949 1014 5017 contraria
1039 4962 1360 5038 ponuntur
1389 4950 1646 5030 ἀμυδρῶς
1688 4949 1937 5028 ὁρᾶσθαι
1970 4959 2034 5010 et
2062 4951 2235 5010 καθα-

564 5062 683 5138 ρῦς
706 5057 956 5136 ὁρᾶσθαι
981 5075 1044 5139 p.
1076 5070 1217 5132 724.
1247 5074 1299 5115 c.
1331 5069 1436 5136 33.
1473 5051 1558 5116 A.
1590 5051 1688 5113 ἵνα
1722 5048 1802 5128 μὴ
1844 5046 2093 5128 ἐκπέσῃς
2132 5051 2237 5112 τοῦ

568 5161 759 5223 καλοῦ
801 5157 883 5223 εἰς
922 5154 990 5219 τὸ
1032 5156 1255 5236 ἀμυδρᾷ
1298 5155 1517 5235 μετοχῇ
1563 5151 1747 5216 καλὸν
1789 5151 2138 5233 λεγόμενον.
2166 5171 2229 5235 p.

566 5277 720 5345 725.
749 5260 839 5322 A.
871 5258 937 5321 ἐκ
980 5256 1197 5323 σέλαος
1238 5256 1510 5336 ἀμυδροῦ,
1540 5253 1875 5341 opponitur
1911 5250 2103 5334 φωτὸς
2127 5277 2233 5331 με·

562 5362 762 5445 γάλου
801 5359 883 5425 cf.
915 5357 1250 5446 praesertim
1296 5379 1362 5444 p.
1392 5373 1534 5438 714.
1568 5379 1622 5420 c.
1655 5373 1756 5423 22.
1791 5355 1868 5419 Β.
1915 5352 2026 5441 qui
2066 5351 2238 5417 locus

562 5464 650 5530 ad
705 5460 902 5526 nostri
955 5459 1073 5524 loci
1127 5457 1490 5525 sententiam
1533 5457 1700 5524 facit.
1761 5456 1947 5523 Plura
1994 5456 2057 5521 in
2107 5454 2233 5521 Ed.

558 5562 771 5655 pecul.

667 5672 855 5724 VOL.
893 5670 1015 5723 III.

3887 601 3971 668 49

2393 788 2479 801 —
2498 771 2561 837 3.
2589 755 2668 839 τῷ
2691 748 3660 840 ἕλκεσθαι-φερομένη-ὀλκαῖς]
3686 751 3868 817 Plato
3893 751 3973 816 de

2312 854 2472 940 Rep.
2506 854 2622 918 IV.
2655 877 2719 941 p.
2751 873 2814 934 4.
2864 854 3114 918 ἕλκοντα
3156 851 3235 917 de
3281 850 3720 919 affectionibus,
3793 855 3971 919 Idem

2310 954 2460 1020 ibid.
2494 957 2570 1020 V.
2605 971 2664 1040 7.
2697 955 2808 1021 ubi
2825 954 3038 1042 jungit
3064 957 3306 1020 πείθειν.
3377 954 3609 1019 Contra
3636 956 3886 1039 ἀπάγειν
3913 975 3977 1022 et

2311 1057 2599 1140 ἀφέλκειν
2634 1058 2994 1145 junguntur
3041 1057 3121 1122 ab
3171 1056 3435 1121 Aristot.
3481 1057 3634 1123 Eth.
3670 1058 3770 1122 11.
3800 1078 3860 1143 9.
3890 1058 3971 1123 cf.

2312 1160 2611 1225 Nostrum
2650 1160 2853 1247 ipsum
2898 1182 3086 1247 supra
3112 1182 3175 1246 p.
3210 1179 3317 1243 50.
3348 1160 3436 1224 D.
3468 1174 3531 1223 et
3559 1159 3702 1238 infr.
3733 1184 3799 1248 p.
3826 1180 3976 1246 434.

2312 1285 2403 1347 sq.
2434 1285 2498 1349 p.
2531 1282 2680 1347 439.
2703 1263 2783 1327 Β.
2827 1263 2928 1327 De
2957 1261 3252 1327 illecebris
3277 1261 3545 1326 visorum
3570 1276 3832 1349 usurpat
3852 1265 3981 1327 Ar-

2310 1363 2466 1429 rian.
2497 1364 2561 1428 in
2591 1364 2862 1452 Epictet.
2897 1365 2998 1429 II.
3028 1364 3122 1428 18.
3157 1383 3259 1449 23.
3290 1386 3355 1451 p.
3389 1380 3529 1449 279.
3561 1388 3655 1452 sq.
3689 1364 3974 1452 Schwgh.

2311 1465 2448 1531 loco
2487 1466 2868 1554 gravissimu,
2900 1465 3011 1553 qui
3039 1479 3208 1531 totus
3245 1488 3387 1530 cum
3418 1465 3768 1532 Plotiniano
3794 1466 3981 1533 debet

2313 1569 2635 1656 componi:
2682 1568 2942 1648 θέλησον
2970 1568 3180 1652 ἀρέσαι
3206 1569 3378 1636 αὐτός
3416 1594 3561 1633 ποτε
3599 1574 3846 1657 σεαυτῷ,
3880 1571 3979 1635 θέ-

2311 1678 2503 1751 λησον
2561 1671 2742 1739 καλὸς
2797 1675 3054 1754 φανῆναι
3108 1674 3188 1756 τῷ
3245 1674 3508 1757 θεῷ-εἰ
3548 1670 3615 1734 in
3659 1686 3966 1738 extremo:

2313 1778 2495 1838 ταῦτα
2549 1774 2874 1852 ἀντιτιθεὶς,
2925 1772 3177 1852 νικήσεις
3231 1775 3590 1855 φαντασίαν,
3636 1774 3748 1858 οὐχ
3806 1778 3973 1840 ἑλκυ-

2316 1876 2508 1956 σθήσῃ
2553 1874 2650 1941 ὑπ’
2694 1877 2866 1955 αὐτῆς
2909 1878 3062 1958 (non
3109 1874 3369 1939 traheris
3412 1898 3452 1940 a
3498 1875 3680 1962 viso).
3765 1876 3979 1943 Multo

2315 1977 2497 2065 plura
2523 1977 2668 2043 dedi
2696 1976 2760 2041 in
2790 1976 2913 2041 Ed.
2943 1976 3138 2064 pecul.
3170 2001 3233 2065 p.
3270 1996 3558 2062 249-25
3562 1997 3627 2063 5.

2399 2117 2482 2131 —-
2508 2098 2572 2166 5.
2618 2080 2961 2145 πολὺ-τοῦ
2999 2082 3264 2160 σώματος
3302 2080 3527 2163 ἔχουσα
3555 2079 3979 2163 ἐγκεκραμένον

2315 2181 2719 2270 -κράσει-]
2744 2195 2806 2245 et
2827 2204 3015 2269 supra
3043 2182 3416 2264 κεκραμένην,
3441 2182 3503 2245 in
3526 2182 3755 2270 quibus
3777 2182 3978 2247 verbis

2286 2304 2289 2309 ·
2316 2297 2585 2370 potestas
2599 2281 3010 2360 adulterandi,
3032 2282 3346 2370 polluendi
3367 2283 3543 2349 inest.
3596 2284 3778 2349 Plato
3797 2284 3981 2349 Phae-

2315 2384 2430 2449 dro
2456 2409 2519 2473 p.
2557 2388 2702 2471 256.
2731 2408 2785 2450 e.
2833 2388 3177 2468 σοφροσύνῃ
3218 2390 3397 2466 θνητῇ
3440 2384 3776 2468 κεκραμένη.
3864 2387 3977 2451 Ad

2316 2487 2679 2552 sententiam
2708 2488 2787 2553 cf.
2827 2508 2855 2552 1
2885 2487 3090 2575 Epist.
3120 2489 3347 2553 Joann.
3375 2488 3452 2551 V.
3474 2506 3577 2567 24.
3607 2489 3791 2552 Rom.
3822 2489 3974 2553 VII.

2319 2608 2419 2671 24.
2472 2604 2535 2654 et
2584 2588 2815 2654 AEneas
2861 2591 3129 2654 Gazaeus
3171 2590 3235 2654 in
3282 2591 3461 2655 Max.
3511 2589 3671 2654 Bibl.
3715 2592 3979 2656 Patrum

2320 2693 2508 2756 Tom.
2537 2692 2737 2757 VIII.
2768 2715 2835 2780 p.
2864 2693 3007 2774 664.

2400 2831 2486 2844 —
2508 2816 2609 2861 10.
2662 2794 3021 2880 ἀπεμάξατο]
3088 2803 3130 2835 “
3153 2794 3336 2859 Basil.
3398 2794 3736 2874 ἀπεδέξατο.
3816 2796 3975 2863 Cod.

2319 2899 2492 2962 Voss.
2525 2896 2880 2977 ἀπεμάξατο,
2923 2896 3205 2961 rectius.”
3234 2898 3318 2961 D.
3349 2900 3442 2961 W.
3504 2897 3606 2961 De
3646 2896 3764 2962 hoc
3791 2898 3982 2963 verbo

2317 2999 2441 3064 vid.
2478 2999 2712 3087 Spanh.
2741 2999 2823 3064 ad
2852 2999 3096 3065 callim.
3121 2998 3262 3064 Del.
3292 3018 3388 3081 14.
3423 3014 3486 3063 et
3514 3000 3869 3066 Hemsterh.
3899 3000 3983 3066 ad

2319 3101 2557 3167 Polluc.
2615 3102 2745 3166 IX.
2796 3120 2938 3186 130.
2984 3124 3045 3189 p.
3095 3104 3232 3166 116.
3310 3100 3640 3167 Plotiniani
3682 3100 3796 3167 loci
3841 3126 3979 3169 sen-

2316 3203 2572 3270 tentiam
2611 3202 2784 3292 quod
2817 3203 3059 3282 attinet,
3085 3204 3295 3269 confer
3336 3203 3449 3269 hos
3489 3204 3685 3270 locos:
3735 3205 3981 3273 Platon.

2319 3306 2487 3372 Tim.
2521 3331 2587 3395 p.
2618 3326 2723 3391 50.
2751 3305 2814 3371 b.
2842 3330 2898 3371 c.
2928 3320 2990 3371 et
3021 3305 3404 3372 Chalcidium
3449 3306 3512 3372 in
3556 3331 3700 3372 eum
3735 3332 3799 3397 p.
3830 3326 3979 3393 427.

2319 3411 2561 3475 Meurs.
2593 3407 2909 3474 Plutarch.
2945 3410 3228 3497 Sympm.
3259 3412 3335 3475 V.
3366 3433 3430 3497 p.
3457 3413 3603 3494 672.
3627 3413 3706 3475 Ε.
3753 3410 3979 3476 Plotin.

2318 3535 2383 3600 p.
2415 3527 2563 3598 415.
2596 3514 2684 3576 A.
2713 3534 2775 3598 p.
2805 3511 2957 3591 480.
2986 3513 3077 3576 A.
3105 3524 3169 3576 et
3196 3511 3418 3576 similes
3445 3510 3631 3591 locos,
3658 3535 3817 3599 quos
3854 3513 3977 3578 col-

2315 3612 2466 3702 legit
2496 3615 2702 3700 Wytt.
2733 3613 2816 3678 ad
2848 3613 3020 3679 Plut.
3065 3613 3145 3679 de
3172 3613 3440 3679 Educat.
3469 3637 3746 3702 puerorr.
3778 3638 3847 3703 p.
3876 3617 3979 3700 83.

2317 3740 2405 3804 sq.
2432 3731 2495 3781 et
2521 3715 2605 3781 ad
2645 3715 2871 3781 librum
2914 3715 2994 3780 de
3025 3714 3178 3781 Isid.
3221 3730 3285 3780 et
3314 3715 3477 3780 Osir.
3510 3738 3574 3803 p.
3610 3717 3755 3797 284.
3794 3740 3886 3802 sq.
3918 3731 3982 3782 et

2315 3818 2448 3907 ipse
2473 3818 2732 3906 apposui
2772 3817 2836 3882 in
2866 3816 2993 3882 Ed.
3026 3816 3224 3904 pecul.
3257 3840 3336 3905 p..
3356 3836 3392 3883 2
3394 3819 3711 3902 58—260.
3741 3833 3805 3884 et
3833 3818 3977 3883 Zel-

2316 3920 2437 3986 lius
2463 3920 2731 4007 denique
2754 3934 2931 3985 meus
2956 3918 3039 3984 ad
3066 3919 3332 3986 Aristot.
3362 3920 3518 3984 Eth.
3546 3920 3685 3986 Nic.
3717 3922 3853 3985 IX.
3878 3940 3978 3988 12.

2316 4023 2381 4088 in
2409 4025 2836 4089 commentar.
2868 4044 2936 4109 p.
2963 4040 3108 4104 421.
3154 4045 3233 4087 ex
3275 4045 3402 4110 quo
3443 4022 3577 4088 loco
3615 4023 3983 4089 Aristotelen

2316 4125 2452 4191 haec
2479 4123 2909 4190 tantummodo
2933 4147 3276 4212 apponam:
3324 4130 3561 4190 δοκοῦσι
3593 4129 3659 4190 δὲ
3703 4127 3797 4191 καὶ
3831 4132 3982 4207 βελ-

2318 4229 2474 4297 τίους
2512 4229 2785 4311 γίνεσθαι
2830 4229 3221 4309 ἐνεργοῦντες,
3263 4228 3359 4292 καὶ
3395 4232 3759 4310 διορθοῦντες
3796 4228 3981 4309 ἀλλή·

2316 4337 2477 4399 λους·
2544 4329 2974 4411 ἆπομάττονται
3027 4332 3142 4412 γάρ
3184 4329 3318 4412 παρ’
3372 4330 3655 4410 ἀλλήλων
3710 4332 3798 4399 οἶς
3852 4329 3984 4414 ἀρέ-

2319 4457 2581 4498 σκονται.
2670 4432 2984 4497 Caeterum
3026 4430 3197 4519 quod
3225 4430 3480 4497 Ficinus
3506 4431 3724 4496 vertit:
3774 4439 3819 4472 “
3839 4456 3984 4520 quae

2317 4557 2358 4598 a
2381 4534 2528 4600 limo
2554 4532 2655 4599 vel
2680 4555 2848 4599 coeno
2880 4533 3241 4611 contraxit‚''
3268 4533 3466 4621 magis
3504 4534 3753 4622 proprie
3793 4534 3982 4601 debe-

2317 4635 2460 4701 bat:
2509 4642 2557 4675 “
2580 4658 2620 4700 a
2653 4637 2784 4701 hato
2819 4635 2917 4700 vel
2959 4637 3192 4702 coeno.”
3280 4636 3379 4701 Sic
3422 4636 3582 4701 enim
3616 4637 3849 4717 Latini,
3882 4642 3985 4722 (ut

2317 4761 2397 4802 ex
2424 4737 2736 4802 veteribus
2766 4737 3091 4803 Glossariis
3117 4737 3329 4803 docuit
3350 4739 3710 4805 Hemsterh.
3741 4740 3823 4805 ad
3853 4740 3986 4806 Lu-

2317 4841 2471 4907 cian.
2500 4839 2818 4905 Prometb.
2845 4841 2899 4904 I.
2922 4863 2988 4927 p.
3015 4860 3158 4925 203.
3183 4839 3357 4928 Bip.)
3381 4841 3575 4923 πηλὸν
3594 4855 3658 4906 et
3683 4844 3987 4925 βόρβορον

2318 4943 2728 5031 distinguunt.
2774 4942 2852 5007 cf.
2908 4942 3173 5008 Dorvill.
3220 4942 3301 5007 ad
3352 4942 3674 5009 Chariton.
3725 4967 3791 5032 p.
3838 4963 3981 5013 222.

2321 5046 2497 5133 Lips.
2527 5058 2592 5110 et
2620 5047 2924 5132 Interprr.
2953 5043 3036 5109 ad
3065 5047 3307 5132 Evang.
3337 5047 3566 5111 Joann.
3602 5047 3737 5111 IX.
3768 5050 3832 5113 6.
4071 5055 4078 5062 ‘

2403 5147 2487 5213 ib.
2520 5146 2720 5234 ᾧ-τὸ
2749 5148 3000 5231 αἰσχρὸν
3025 5147 3977 5233 προσθήκη-αἷσχρᾶν-ψυχήν]

2321 5249 2609 5316 Debebat
2657 5248 2944 5313 Ficinus:
3014 5256 3057 5289 “
3080 5249 3202 5314 Cui
3254 5271 3400 5314 sane
3443 5249 3769 5337 turpitudo
3818 5253 3985 5333 (tan-

2317 5355 2537 5441 quam)
2566 5354 2828 5417 accessio
2855 5350 3068 5418 alienae
3096 5366 3334 5418 naturoe
3361 5351 3639 5418 accidit.''
3698 5353 3798 5416 Ita
3823 5351 3986 5417 enim

2320 5477 2532 5519 omnes
2563 5453 2767 5519 Codd.
2796 5468 2858 5519 et
2885 5454 3018 5540 ipsa
3045 5453 3146 5519 ed.
3177 5453 3366 5520 Basil.
3412 5456 3583 5520 Fons
3623 5467 3717 5518 est
3758 5453 3823 5518 in
3853 5454 3988 5520 loco

2323 5555 2600 5626 Platonis
2619 5556 2886 5643 Sophist.
2905 5580 2972 5644 p.
2992 5572 3242 5644 227.sq.
3261 5557 3354 5621 καὶ
3373 5561 3571 5640 ψυχῆς
3596 5557 3713 5639 ἄρα
3732 5560 3989 5623 καθόσον

2470 5665 2529 5717 Η
