5118 6613
1015 547 1140 636 338

1019 727 1100 791 εἰς
1129 722 1196 787 τὸ
1228 722 1411 806 ἔχειν·
1459 719 1581 800 ἕξιν
1606 722 1722 802 γὰρ
1755 718 1850 783 καὶ
1890 716 2170 800 κράτησιν
2200 717 2476 799 ἐμφαίνει
2514 718 2648 780 τινὰ
2674 717 2711 796 ἡ

1016 831 1121 890 τοῦ
1149 827 1313 910 ἔχειν
1344 824 1677 906 κατηγορία,
1711 824 1874 887 ἀλλὰ
1902 820 2191 900 σωμάτων
2222 818 2562 899 ἐπικτήτων.
2639 820 2716 883 Εἰ

1018 932 1081 994 δὲ
1125 934 1295 992 τοῦτο
1339 928 1574 1007 ἀληθὲς,
1608 927 1704 989 ἐπὶ
1745 926 1945 1005 μόνων
1972 929 2088 987 τῶν
2119 924 2409 1007 ἐμψύχων
2438 921 2505 985 τὸ
2547 922 2713 1006 ἔχειν

1020 1032 1464 1111 ἐπαληθεύεται,
1488 1031 1644 1093 ὥστε
1670 1028 1779 1092 κᾶν
1802 1026 2099 1109 ἀγάλματι
2124 1027 2341 1105 κόσμος
2367 1027 2708 1107 περίκειται,

1019 1138 1097 1203 ὣς
1137 1138 1249 1216 μὲν
1287 1135 1550 1218 ἄψυχον,
1583 1132 1684 1196 οὐκ
1730 1129 1805 1195 ἂν
1844 1128 2085 1211 λέγοιτο
2130 1129 2295 1212 ἔχειν
2333 1127 2400 1190 τὸ
2446 1128 2708 1208 ἄγαλμα,

1019 1241 1182 1302 ἀλλὰ
1228 1242 1460 1301 κεῖσθαι
1507 1237 1574 1298 ἐν
1602 1238 1682 1320 τῷ
1730 1232 2029 1315 ἀγάλματι
2075 1235 2107 1295 6
2152 1233 2389 1310 κόσμος·
2437 1233 2491 1294 εἰ
2531 1233 2596 1294 δὲ
2637 1231 2714 1297 ὥς

1020 1342 1296 1423 ἔμψυχόν
1337 1364 1393 1403 τι
1440 1343 1735 1421 θεωροῖτο,
1785 1339 1932 1400 κατὰ
1977 1336 2085 1414 τὴν
2127 1334 2274 1417 πρὸς
2316 1334 2385 1399 τὸ
2434 1335 2712 1418 ἔμψυχον

1019 1446 1349 1527 ἀναφορὰν,
1383 1442 1547 1524 ἔχειν
1590 1439 1665 1505 ἂν
1707 1437 1949 1522 λέγοιτο
1992 1438 2100 1502 τὸν
2144 1439 2386 1517 κόσμον.
2450 1435 2625 1500 Ἀλλ’
2659 1440 2712 1501 εἰ

1022 1550 1166 1611 κατὰ
1194 1546 1301 1625 τὴν
1333 1543 1457 1608 καθ’
1492 1544 1614 1622 ἕξιν
1642 1542 1710 1606 τὸ
1741 1542 1906 1625 ἔχειν
1939 1543 2439 1625 χαρακτηρίζεται,
2475 1543 2557 1608 εἰς
2589 1539 2712 1619 ἕξιν

1018 1648 1442 1733 ἀναχθήσεται,
1489 1646 1696 1727 φησίν.
1757 1646 1794 1724 ἥ
1841 1646 1906 1709 δὲ
1951 1644 2068 1724 ἕξις
2115 1645 2182 1707 ἐν
2224 1647 2295 1723 τῇ
2341 1645 2627 1723 ποιότητι·
2674 1640 2712 1722 ἢ

1021 1753 1341 1833 ὁμώνυμος,
1377 1751 1518 1827 αὕτη
1557 1749 1593 1829 ἦ
1633 1749 1751 1828 ἕξις
1787 1749 1824 1827 ἡ
1861 1750 1973 1828 μὲν
1999 1750 2114 1830 γὰρ
2143 1747 2219 1827 ἣν
2248 1747 2538 1827 σωμάτων
2567 1772 2709 1811 συν-

1021 1854 1152 1939 οχή·
1210 1856 1351 1934 αὕτη
1403 1857 1468 1918 δὲ
1519 1851 1888 1931 Ιιι’ἐπικτήτων
1938 1850 2366 1935 (ἕποιοτήτων)
2423 1849 2712 1929 σωμάτων

1022 1958 1314 2041 κράτησις,
1367 1958 1461 2021 καὶ
1509 1957 1546 2035 ἡ
1594 1957 1707 2035 μὲν
1753 1959 1858 2018 τοῦ
1910 1955 2075 2037 ἔχειν
2120 1952 2191 2017 δι’
2244 1954 2546 2035 ἐνεργείας
2594 1957 2711 2015 τῶν

1021 2064 1283 2147 ἐχόντων
1324 2060 1731 2142 παραγίνεται·
1773 2059 1810 2137 ἡ
1854 2059 1919 2121 δὲ
1959 2056 2286 2136 ποιοτήτων
2328 2057 2396 2119 οὗ
2440 2054 2509 2119 δι’
2544 2059 2706 2137 ἐνερ-

1018 2165 1184 2246 γείας
1226 2164 1361 2227 οὔτε
1398 2168 1515 2227 τῶν
1542 2157 1977 2244 μετεχομένων,
2010 2161 2145 2223 οὔτε
2175 2165 2292 2223 τῶν
2318 2164 2706 2238 μεταλαμβα-

1022 2268 1264 2331 νόντων·
1312 2262 1661 2347 διαφέρουσι
1693 2264 1788 2326 καὶ
1828 2265 1974 2326 κατὰ
2015 2264 2090 2325 τὰ
2133 2264 2410 2345 ἐχόμενα·
2459 2262 2550 2324 ὅτι
2591 2262 2717 2325 ἐκεῖ

1017 2372 1130 2450 μὲν
1159 2367 1443 2449 ἀσῶματά
1474 2369 1660 2430 ἐστιν·
1710 2367 1964 2430 ἐνταῦθα
2008 2368 2071 2429 δὲ
2115 2367 2379 2443 σώματα.
2426 2363 2520 2427 καὶ
2565 2367 2713 2428 κατὰ

1019 2476 1093 2536 τὰ
1137 2472 1376 2555 ἔχοντα.
1424 2472 1516 2534 ὅτι
1560 2471 1684 2533 ἐκεῖ
1721 2471 1833 2549 μὲν
1879 2471 1946 2532 ἐν
1988 2472 2061 2548 τῇ
2105 2468 2299 2552 οὐσία.
2348 2470 2604 2531 ἐνταῦθα
2647 2468 2712 2531 δὲ

1017 2576 1152 2656 περὶ
1180 2575 1288 2654 τὴν
1315 2574 1528 2637 οὐσίαν
1559 2572 1795 2651 ἔξωθεν.
1842 2569 2016 2635 Ἀλλ’
2041 2574 2095 2635 εἰ
2121 2569 2403 2650 ποιότητά
2423 2578 2614 2652 φησιν
2642 2570 2711 2633 οὗ

1020 2683 1113 2742 δεῖ
1148 2675 1358 2760 λέγειν
1386 2677 1568 2760 ἔχειν,
1600 2677 1691 2739 ὅτι
1726 2675 1834 2755 ἤδη
1861 2676 2102 2755 ποιότης
2146 2677 2387 2756 εἴρηται,
2420 2675 2553 2737 οὔτε
2598 2698 2708 2736 πο-

1020 2783 1243 2858 σότητα
1270 2780 1452 2863 ἔχειν,
1488 2775 1790 2859 εἰρημένης
1816 2780 2160 2858 ποσότητος,
2194 2778 2329 2840 οὐδὲ
2368 2774 2516 2858 μέρη
2547 2776 2712 2859 ἔχειν

1020 2880 1323 2965 εἰρημένης
1349 2883 1571 2955 οὐσίας,
1603 2883 1761 2945 διατί
1783 2880 1850 2945 τὸ
1881 2882 2043 2944 ὅπλα
2071 2880 2235 2964 ἔχειν
2265 2879 2456 2956 ἄλλης
2483 2883 2578 2942 δεῖ
2605 2874 2706 2942 λε’·

1020 3011 1152 3067 γειν
1197 2985 1561 3066 κατηγορίας,
1595 2984 1783 3047 καίτοι
1826 2980 2130 3064 εἰρημένης
2172 2982 2398 3055 οὐσίας,
2446 2983 2515 3044 ἐν
2555 2978 2594 3061 ᾗ
2639 2979 2712 3044 τὰ

1021 3090 1198 3152 ὅπλα.
1243 3084 1280 3166 ἢ
1310 3089 1401 3150 ὅτι
1430 3087 1498 3149 οὗ
1529 3084 1601 3149 τὰ
1628 3088 1789 3149 ὅπλα
1828 3083 1865 3164 ἢ
1903 3083 1978 3147 τὰ
2016 3083 2358 3163 ὑποδήματα
2403 3082 2529 3147 καθ’
2564 3081 2710 3147 αὑτὰ

1022 3193 1243 3273 εἴρηται
1275 3189 1426 3253 εἶναι
1453 3193 1554 3268 τῆς
1577 3193 1682 3251 τοῦ
1710 3188 1874 3271 ἔχειν
1904 3189 2266 3269 κατηγορίας,
2292 3187 2426 3250 οὐδὲ
2454 3187 2491 3266 ἡ
2514 3191 2713 3266 κτῆσις

1024 3294 1232 3368 αὐτῶν,
1261 3296 1440 3368 εἴτις,
1469 3288 1814 3373 κεκτημένος
1843 3288 2007 3364 αὐτὰ,
2031 3293 2248 3374 χρῆσιν
2267 3290 2457 3353 αὐτῶν
2476 3289 2556 3370 μὴ
2583 3316 2712 3354 ποι-

1022 3398 1251 3478 ήσαιτο,
1278 3395 1415 3462 ἀλλ’
1435 3398 1472 3476 ἡ
1492 3395 1767 3479 κράτησις
1790 3395 1981 3458 αὐτῶν
2000 3394 2093 3457 καὶ
2114 3394 2151 3472 ἡ
2171 3395 2237 3455 ἐκ
2258 3397 2362 3456 τοῦ
2380 3392 2544 3475 ἔχειν
2563 3392 2713 3456 αὐτὰ

1019 3499 1317 3583 λεγομένη
1348 3500 1480 3579 ἕξις,
1514 3498 1659 3577 αὐτὴ
1686 3497 1979 3576 ποιεῖτὴν
2007 3501 2111 3561 τοῦ
2137 3497 2302 3579 ἔχειν
2333 3497 2709 3578 κατηγορίαν·

1021 3606 1179 3668 ἄλλο
1202 3605 1266 3667 δὲ
1287 3603 1396 3681 τὴν
1412 3601 1479 3665 τὸ
1502 3603 1786 3681 ποιότητα
1809 3601 1975 3684 ἔχειν
2000 3600 2096 3664 καὶ
2116 3598 2435 3679 ποσότητα,
2458 3600 2615 3663 ἄλλο
2638 3602 2713 3663 τὰ

1018 3711 1178 3772 ὅπλα
1202 3708 1366 3790 ἔχειν
1394 3706 1488 3769 καὶ
1514 3703 1875 3784 ὑποδήματα.
1911 3705 2037 3767 ἐκεῖ
2057 3704 2170 3783 μὲν
2189 3700 2304 3785 γὰρ
2326 3702 2656 3782 ἀσωμάτων
2675 3704 2712 3782 ἡ

1019 3811 1155 3889 ἕξις·
1193 3810 1445 3872 ἐνταῦθα
1466 3811 1530 3872 δὲ
1548 3813 1915 3887 σωματικῶν.
1945 3807 2038 3870 καὶ
2062 3808 2189 3870 ἐκεῖ
2202 3808 2316 3885 μὲν
2336 3803 2451 3887 γὰρ
2474 3805 2712 3885 ἀσωμά-

1018 3913 1187 3991 τωνὴ
1207 3912 1342 3990 ἕξις.
1365 3914 1619 3975 ἐνταῦθα
1635 3913 1719 3983 δὲ,
1739 3915 2101 3989 σωματικῶν.
2125 3910 2220 3973 καὶ
2241 3911 2366 3972 ἐκεῖ
2375 3912 2487 3988 μὲν
2505 3911 2713 3972 ἀλλοι-

1019 4012 1197 4077 ωτικά
1228 4014 1356 4076 ἐστι
1381 4018 1500 4075 τῶν
1525 4013 1901 4095 μετεχόντων
1930 4010 2004 4074 τὰ
2030 4013 2423 4095 μετεχόμενα.
2458 4014 2712 4076 ἐνταῦθα

1020 4118 1083 4179 δὲ
1113 4116 1433 4196 περίκειται
1460 4115 1665 4194 μόνον.
1710 4112 1908 4177 Ἀλλὰ
1936 4114 2002 4176 τὸ
2036 4116 2102 4178 ἐν
2130 4116 2359 4196 ὀλίγοις
2387 4116 2559 4197 φησὶ,
2591 4123 2712 4184 πῶς

1018 4216 1230 4298 γένος;
1275 4214 1431 4297 ἢὸτι
1462 4220 1529 4280 ἐν
1556 4223 1679 4285 τοῖς
1722 4217 2000 4300 ἐσχάτοις
2043 4220 2172 4282 ἐστὶ
2210 4224 2380 4283 τοῦτο
2424 4220 2491 4283 τὸ
2534 4221 2712 4303 γένος

1022 4322 1115 4385 καὶ
1157 4321 1291 4402 περὶ
1334 4318 1408 4385 τὰ
1451 4321 1715 4400 σώματα,
1750 4320 1845 4384 καὶ
1876 4323 1944 4385 ἐν
1971 4327 2094 4388 τοῖς
2132 4324 2407 4400 σώμασιν
2432 4321 2705 4407 ὑπάρχει,

1021 4426 1115 4488 καὶ
1150 4421 1245 4487 διὰ
1285 4429 1455 4487 τοῦτο
1502 4426 1584 4490 εἷς
1624 4425 2006 4508 βραχύτατον
2035 4424 2456 4498 συνέσταλται,
2491 4427 2586 4489 καὶ
2616 4426 2711 4490 διὰ

1018 4533 1188 4591 τοῦτο
1219 4527 1322 4590 οὐκ
1352 4526 1427 4590 ἂν
1457 4530 1545 4607 εἴη
1573 4526 1784 4609 γένος;
1835 4528 1930 4591 καὶ
1958 4525 2073 4610 γὰρ
2103 4529 2135 4590 6
2167 4532 2364 4609 φοῖνιξ
2394 4529 2476 4595 εἶς
2505 4527 2607 4602 ὢν,
2639 4528 2707 4592 τὸ

1019 4630 1170 4696 εἶδος
1212 4631 1360 4692 ὅλον
1390 4628 1520 4713 ἔχει
1560 4631 1627 4693 ἐν
1669 4632 1876 4715 ἐαυτῷ.
1933 4627 2134 4693 Ἀλλὰ
2165 4627 2259 4694 διὰ
2287 4632 2349 4693 τί
2373 4631 2441 4694 οὗ
2473 4636 2712 4714 συνῆψε

1017 4732 1121 4796 τὸν
1162 4733 1296 4812 περὶ
1335 4736 1439 4795 τοῦ
1483 4731 1648 4814 ἔχειν
1675 4733 1863 4814 λόγον
1892 4738 2019 4799 ταῖς
2063 4734 2276 4799 ἄλλαις
2320 4737 2706 4817 κατηγορίαις,

1017 4835 1153 4899 ἀλλ’
1188 4836 1389 4916 ὥσπερ
1420 4836 1485 4898 ἐκ
1511 4836 1827 4914 μετανοίας
1867 4832 2016 4915 μετὰ
2060 4833 2165 4899 τὸν
2208 4837 2344 4917 περὶ
2385 4843 2503 4901 τῶν
2546 4838 2705 4902 ἀντι-

1017 4937 1316 5018 κειμένων,
1345 4938 1439 5001 καὶ
1460 4939 1594 5019 περὶ
1614 4943 1729 5000 τῶν
1757 4938 1876 5017 ἅμα
1903 4938 1998 5001 καὶ
2018 4938 2153 5019 περὶ
2184 4937 2465 5016 κινήσεως
2492 4942 2702 5022 λόγον,

1014 5043 1147 5123 περὶ
1189 5045 1294 5104 τοῦ
1337 5040 1502 5123 ἔχειν
1547 5038 2006 5121 ἐμνημόνευσεν.
2053 5038 2089 5119 ἢ
2121 5043 2559 5122 συμπληρώσας
2602 5041 2707 5107 τὸν

1013 5146 1145 5226 περὶ
1172 5149 1291 5207 τῶν
1321 5149 1681 5225 κατηγοριῶν
1708 5140 1919 5224 λόγον,
1948 5142 2146 5221 ἐπειδὴ
2168 5149 2343 5206 τινῶν
2374 5142 2519 5207 κατὰ
2546 5171 2703 5227 περι-

1014 5249 1232 5330 δρομῆν
1272 5250 1339 5312 ἐν
1378 5251 1562 5333 ἑαυτῷ
1609 5247 1893 5327 ἐμνήσθη,
1930 5246 2298 5330 ἐξεργάζεται
2344 5250 2440 5311 καὶ
2484 5251 2702 5313 ἐκεῖνα.

1012 5353 1352 5419 τελευταίας
1380 5352 1445 5414 δέ
1476 5352 1658 5429 οὔσης
1684 5354 1784 5430 τῆς
1812 5354 1916 5413 τοῦ
1946 5349 2110 5432 ἔχειν
2133 5351 2499 5432 κατηγορίας,
2523 5359 2705 5433 φρον-

1013 5454 1179 5529 τίζων
1208 5453 1441 5533 τάξεως,
1476 5451 1710 5521 εἰκότως
1753 5454 2095 5519 τελευταίας
2137 5457 2241 5515 τοῦ
2284 5454 2446 5535 ἔχειν
2476 5457 2701 5533 ὁμωνυ-

1010 5557 1146 5634 μίας
1176 5555 1634 5636 ἐμνημόνευσεν·
1683 5557 1751 5620 οὐ
1778 5554 1965 5636 μόνον
1994 5557 2196 5622 αὐταῖς
2227 5562 2353 5623 ταῖς
2395 5560 2698 5639 κατηγορί-

1988 540 2814 609 ANNOTATIONES
2881 539 2991 606 IN
3057 538 3508 606 PLOTINI

2799 742 2891 783 αις
2917 716 3026 795 τὴν
3051 713 3475 797 προσήκουσαν
3503 712 3814 780 ἀποδιδοὺς
3842 712 4027 792 τάξιν,
4053 711 4218 777 ἀλλὰ
4249 715 4343 778 καὶ
4371 718 4495 782 τοῖς

2799 819 3017 898 ἔξωθεν
3048 815 3497 899 ἐπιλεγομένοις
3525 817 3621 880 καὶ
3648 814 4144 899 ἐξεργαζομένοις,
4175 816 4284 895 τὴν
4311 816 4498 896 αὐτὴν

2800 923 3128 989 ἀποδιδούς.
3193 918 3367 984 Ἀλλ’
3419 921 3643 984 ἄτοπον
3693 919 3885 1001 φησὶν
3934 918 4375 998 ἀποδοκιμάζων
4425 916 4495 983 τδ

2798 1025 3005 1107 λέγειν
3035 1025 3284 1108 ἔχεσθαι
3312 1028 3564 1106 γυναῖκα
3600 1024 3854 1102 σύνηθες
3890 1024 3983 1087 ὅν.
4029 1019 4165 1085 ἀλλ’
4195 1024 4249 1086 εἰ
4274 1023 4386 1102 μὲν
4412 1023 4495 1102 μὴ

2800 1127 3083 1207 ἐμνήσθη,
3116 1128 3334 1193 ἄτοπος
3359 1126 3435 1205 ἦν
3461 1126 3668 1208 παρεὶς
3695 1124 3765 1189 τὸ
3795 1127 3863 1191 ἐν
3891 1129 3971 1211 τῶ
4003 1126 4147 1190 ἔθει.
4189 1128 4223 1188 6
4254 1128 4320 1190 δὲ
4346 1152 4492 1207 μνη-

2800 1231 2965 1297 σθεὶς
3009 1230 3104 1293 καὶ
3149 1231 3463 1310 ἐπικρίνας,
3497 1233 3866 1292 διαλεκτικοῦ
3905 1228 4085 1311 ἔργον
4115 1230 4415 1308 ἐποίησεν,
4446 1225 4496 1315 ᾧ

2796 1332 3060 1413 μάλιστα
3088 1331 3358 1414 διαφέρει
3385 1333 3422 1411 ἡ
3450 1336 3553 1410 τῆς
3582 1333 3864 1413 ἀληθείας
3908 1333 4112 1414 κρίσις.
4158 1336 4342 1395 ταῦτα
4381 1333 4497 1412 μὲν

2798 1436 2904 1500 οὖν
2934 1437 3032 1500 καὶ
3058 1435 3206 1517 πρὸς
3233 1434 3339 1503 τὰς
3367 1435 3613 1517 ἀπορίας
3643 1434 3915 1517 εἰρήσθω.

2882 1560 2950 1625 p.
2982 1556 3095 1621 107
3101 1559 3166 1624 5,
3197 1559 3223 1601 1
3242 1559 3295 1604 1.
3330 1537 3363 1602 ὃ
3392 1539 3471 1618 μὴ
3502 1540 3811 1602 ἀντίθετον
3833 1542 3915 1625 τῶ
3940 1539 4237 1627 ποιῆσαι]
4283 1538 4388 1602 lta
4414 1561 4494 1603 ex

2797 1640 2970 1706 libris
3009 1641 3232 1706 nostris
3270 1663 3415 1705 cum
3445 1640 3665 1705 Ficino
3706 1654 3771 1704 et
3813 1639 4098 1728 plurimis
4140 1639 4314 1705 libris
4354 1664 4487 1706 eor-

2798 1743 3072 1807 reximus
3100 1743 3389 1808 vitiosum
3422 1743 3489 1806 τὸ
3518 1746 3785 1822 ποιῆσαι.

2882 1884 2971 1898 -
2998 1867 3098 1927 14.
3131 1849 3185 1911 εἰ
3210 1848 3248 1927 ἦ
3278 1848 3503 1926 κίνησις
3545 1847 3752 1930 ἄμφω]
3803 1847 3949 1910 Hoc
3991 1845 4293 1932 expressit
4323 1846 4488 1912 Fici-

2797 1972 2941 2028 nuS,
2971 1962 3034 2013 et
3076 1949 3166 2013 ita
3216 1949 3377 2015 cod.
3409 1951 3613 2014 Marc.
3651 1951 3735 2013 A.
3781 1965 3847 2013 et
3890 1949 4153 2038 vestigia
4195 1950 4262 2014 in
4293 1951 4488 2016 Vatic.

2798 2051 2923 2116 Ed.
2957 2052 3141 2117 habet
3172 2050 3209 2131 ἢ
3237 2054 3293 2133 ἡ.
3344 2055 3509 2116 Mox
3535 2056 3624 2117 A.
3656 2052 3699 2116 l.
3723 2053 3788 2117 6.
3817 2052 4062 2141 explevi
4092 2076 4174 2117 ex
4200 2053 4489 2142 pluribus

2796 2155 2970 2220 libris
3014 2158 3278 2223 ἀπαθοῦς
3319 2155 3499 2220 αὐτοῦ
3537 2157 3725 2230 ὄντος,
3758 2155 3930 2242 quod
3960 2156 4263 2244 expressit
4300 2158 4486 2222 etiam

2798 2258 3143 2323 Mat-silium
3194 2257 3483 2322 Proxime
3509 2258 3735 2346 partim
3767 2282 3848 2322 ex
3879 2281 4071 2346 marg.
4104 2260 4231 2324 Ed.
4260 2260 4486 2348 partim

2797 2385 2878 2426 ex
2923 2360 3131 2426 codd.
3178 2360 3454 2425 correxi:
3505 2365 3612 2426 ἐὰν
3660 2363 3725 2425 δὲ
3773 2363 4054 2445 ἐνεργοῦν
4101 2364 4329 2451 (marg.
4359 2366 4488 2429 Ed.
4605 2418 4632 2437 s

2800 2466 3067 2548 ἐνεργὸν,
3114 2464 3239 2528 Ed.
3273 2467 3561 2550 ἐνεργῶν)
3612 2468 3694 2532 εἷς
3738 2466 3935 2529 ἄλλον
3981 2465 4141 2548 (Ed.
4176 2471 4260 2534 εἰς
4302 2469 4487 2554 ἄλλο)

2800 2569 2928 2633 οἷον
2970 2570 3190 2632 τύπτον
3222 2567 3341 2649 (ita
3383 2591 3583 2655 marg.
3618 2567 3783 2642 Ed.;
3834 2582 4045 2633 textus
4086 2571 4348 2654 τύπτων)
4398 2572 4492 2636 καὶ

2795 2671 3002 2756 πάσχῃ
3035 2671 3193 2753 (Ed.
3227 2671 3505 2756 πάσχει).
3567 2672 3643 2735 Β.
3688 2670 3798 2735 lin.
3830 2674 3914 2736 6:
3964 2674 4060 2737 καὶ
4097 2679 4222 2741 πῶς
4261 2675 4299 2755 ἡ
4344 2675 4489 2755 αὐτὴ

2800 2775 2895 2838 καὶ
2930 2779 3170 2853 ποίησις
3215 2776 3311 2838 καὶ
3360 2780 3573 2848 πεῖσις,
3606 2797 3685 2837 ex
3723 2773 3916 2839 libris.
3961 2774 4073 2839 Ab
4102 2775 4283 2839 Edit.
4320 2776 4494 2842 abest

2798 2875 2974 2964 prius
3005 2878 3120 2941 καί.
3210 2876 3356 2941 Lin.
3389 2892 3452 2959 7.
3500 2877 3594 2940 καὶ
3637 2878 3786 2941 οὕτω
3825 2880 3938 2958 μὲν
3965 2881 4201 2960 ποίησις
4225 2884 4306 2967 τῷ
4338 2880 4489 2963 (Ed.

2798 2979 2897 3063 τὸ)
2930 2979 3027 3043 ἀπ’
3060 2981 3253 3043 ἄλλον
3283 2981 3365 3047 εἰς
3393 2980 3587 3043 ἄλλον
3616 2981 3682 3044 δέ
3710 2986 3904 3048 πεῖσις
3930 2982 3968 3062 ἡ
3997 2980 4142 3061 αὐτὴ
4170 2983 4325 3048 οῦσα
4357 2982 4494 3066 (de-

2797 3080 2921 3146 leto
2952 3084 3047 3147 καὶ
3073 3096 3217 3146 ante
3244 3084 3334 3167 ἡ).

2884 3207 2949 3271 p.
2985 3187 3169 3267 1076,
3201 3205 3251 3247 1.
3283 3183 3434 3248 Ἐὰν
3462 3187 3528 3249 δὲ
3559 3187 3843 3266 ἐνεργοῦν
3882 3187 3965 3253 εἰς
4006 3187 4202 3251 ἄλλον
4231 3214 4289 3252 κ.
4310 3214 4369 3252 τ.
4390 3190 4488 3278 λ.]

2803 3287 3156 3375 Simplicius
3184 3286 3302 3353 l.c.
3338 3311 3402 3375 p.
3430 3288 3532 3371 78.
3563 3311 3640 3353 a:
3685 3287 3888 3353 Ἀλλὰ
3927 3290 4023 3353 καὶ
4063 3289 4131 3355 τὸ
4171 3290 4281 3371 τὴν
4324 3291 4486 3375 ἐνέρ-

2798 3419 2970 3475 γειαν
3001 3394 3098 3457 ἐπὶ
3123 3395 3323 3472 μόνων
3361 3393 3568 3476 λέγειν
3596 3399 3714 3458 τῶν
3741 3393 4060 3473 ποιήσεων,
4092 3396 4492 3474 ἀνεξετάστως

2797 3494 3062 3578 λέγεται.
3110 3498 3246 3559 οὔτε
3290 3498 3404 3577 γὰρ
3447 3500 3615 3559 πᾶσα
3659 3494 3930 3578 ἐνέργεια
3969 3497 4224 3576 ποίησις,
4266 3498 4337 3562 οὗ
4375 3496 4491 3581 γὰρ

2799 3600 2869 3677 δὴ
2914 3599 3071 3678 καὶὴ
3102 3599 3323 3677 νόησις·
3371 3599 3508 3662 οὔτε
3548 3604 3718 3663 πᾶσα
3760 3601 3996 3680 ποίησις
4038 3600 4326 3683 ἐνέργεια.
4375 3602 4492 3666 εἰσὶ

2797 3701 2910 3783 γάρ
2940 3727 3095 3769 τινες
3144 3702 3239 3764 καὶ
3281 3703 3594 3782 παθητικαὶ
3636 3701 3921 3783 ποιήσεις.
3967 3702 4077 3767 Ἐκ
4119 3705 4185 3767 δὲ
4223 3709 4330 3768 τοῦ
4371 3712 4487 3771 τῶν

2807 3805 3053 3888 [τούτων
3071 3806 3125 3889 Ρ]
3165 3804 3547 3878 συντακτέον,
3581 3806 3672 3867 ὅτι
3700 3810 4014 3873 Πλωτῖνος
4056 3807 4151 3870 καὶ
4188 3809 4246 3870 οἱ
4286 3808 4485 3882 ἄλλοι,

2797 3910 2856 3971 οἱ
2884 3907 3001 3971 ἀπὸ
3030 3910 3131 3986 τῆς
3156 3913 3274 3971 τῶν
3303 3913 3576 3971 Στωϊκῶν
3608 3909 3923 3986 συνηθείας
3962 3912 4044 3975 εἷς
4077 3909 4185 3988 τὴν
4211 3908 4488 3992 Ἀριστο-

2794 4010 3003 4078 τέλους
3045 4013 3278 4093 αἶρεσιν
3310 4011 3746 4094 μεταφέροντες
3789 4011 3859 4076 τὸ
3909 4012 4108 4077 κοινὸν
4145 4018 4253 4077 τοῦ
4293 4020 4488 4083 ποιεῖν

2798 4114 2894 4177 καὶ
2919 4112 3181 4197 πάσχειν
3204 4113 3356 4178 εἶναι
3383 4112 3487 4181 τὰς
3516 4114 3790 4194 κινήσεις,
3822 4114 3983 4179 οὗτοι
4010 4114 4377 4199 συγχέουσιν
4406 4120 4490 4185 είς

2795 4216 2972 4280 ταύτὸ
3014 4218 3247 4297 κίνησίν
3281 4243 3348 4282 τε
3392 4219 3486 4281 καὶ
3532 4217 3857 4299 ἐνέργειαν,
3892 4218 3987 4281 καὶ
4014 4218 4121 4297 τὴν
4147 4220 4391 4299 ποίησιν
4419 4221 4489 4285 οὗ

2794 4323 3036 4400 τηροῦσι
3082 4319 3364 4401 καθαρὰν,
3398 4317 3869 4403 ἀπηλλαγμένην
3905 4325 4011 4385 τοῦ
4049 4320 4290 4396 πάθους,
4325 4325 4489 4406 εἴπερ

2793 4419 2942 4501 μετὰ
2972 4423 3253 4502 κινήσεως
3281 4423 3462 4502 αὐτὴν
3493 4426 3691 4506 ὁρῶσι.
3742 4425 3836 4487 καὶ
3876 4424 3962 4487 ἔτι
3998 4422 4204 4503 μέντοι
4244 4425 4354 4505 τὴν
4381 4428 4485 4509 ἀρ-

2794 4525 2911 4607 χὴν
2939 4530 3041 4605 τῆς
3069 4525 3350 4605 κινήσεως
3378 4527 3447 4590 οὗ
3475 4531 3752 4610 τηροῦσιν
3781 4527 4076 4606 ἀκίνητον,
4109 4528 4187 4595 ὦς
4209 4526 4485 4610 Ἀριστο·

2794 4627 2958 4693 τέλει
2987 4635 3163 4695 δοκεῖ.

2879 4770 2968 4781 -
2985 4753 3047 4818 9.
3078 4739 3218 4801 Πῶς
3243 4732 3360 4817 γὰρ
3392 4735 3469 4799 ἂν
3493 4733 3695 4809 πάθοι,
3719 4733 3753 4796 ὃ
3778 4739 3941 4797 ποιεῖ
3965 4736 4032 4797 ἐν
4055 4735 4224 4820 ἄλλῳ
4245 4736 4290 4820 ;]
4329 4733 4490 4799 Sim-

2794 4836 3016 4923 plicius
3059 4838 3121 4901 in
3157 4841 3421 4924 Categg.
3452 4861 3517 4924 p.
3543 4838 3644 4901 80.
3677 4860 3749 4900 a:
3798 4840 4041 4901 τοιαῦτα
4084 4838 4149 4901 δὲ
4192 4836 4338 4919 πρὸς
4379 4836 4488 4902 τὸν

2795 4947 3111 5005 Πλωτῖνον
3150 4940 3605 5020 ἀντιταξάμενος
3647 4942 3680 5003 6
3723 4939 4092 5022 Ἰάμβλιχος,
4135 4941 4486 5023 τεχνικότε·

2787 5045 2914 5124 ρόν,
2963 5045 3170 5125 φησίν,
3219 5046 3349 5106 ἐστι
3390 5046 3679 5126 πρότερον
3723 5040 4032 5108 διελέσθαι
4074 5043 4184 5123 τὴν
4227 5045 4486 5122 ἰδιότητα

2789 5152 2906 5209 τῶν
2934 5153 3128 5229 γενῶν
3154 5149 3393 5220 τούτων,
3427 5151 3533 5210 τοῦ
3574 5172 3638 5210 τε
3682 5152 3876 5210 ποιεῖν
3915 5147 4011 5209 καὶ
4049 5150 4155 5210 τοῦ
4195 5146 4478 5230 πάσχειν,

2792 5250 2885 5312 καὶ
2912 5249 3020 5327 τὴν
3049 5246 3342 5331 διαφορὰν
3370 5250 3561 5313 αὐτῶν
3588 5249 3696 5328 τὴν
3723 5249 3868 5330 πρὸς
3894 5250 4139 5328 ἄλληλα
4173 5252 4477 5330 ἐπιδεῖξαι.

2790 5351 2905 5415 ἀπὸ
2935 5350 3049 5434 γὰρ
3079 5354 3286 5416 τούτου
3315 5352 3668 5435 φανήσεται,
3704 5352 3798 5415 καὶ
3824 5353 3957 5415 τίνα
3994 5352 4345 5417 ὑποτάττειν
4374 5354 4477 5418 αὗ-

2789 5460 2910 5522 τοῖς
2938 5460 3044 5528 δεῖ,
3071 5455 3165 5518 καὶ
3194 5462 3334 5519 ποῖα
3357 5452 3431 5518 τὰ
3458 5455 3675 5535 μεταξὺ
3702 5456 3892 5519 αὐτῶν
3922 5456 4051 5518 ἐστι
4081 5457 4396 5535 σύμμικτα.
4430 5461 4485 5522 εἰ

2789 5560 2852 5622 δὲ
2875 5563 2966 5621 δεῖ
2989 5558 3101 5639 πρὸ
3130 5564 3246 5622 τῶν
3274 5557 3631 5641 Ἰαμβλίχου
3662 5556 3734 5620 τὰ
3759 5557 4052 5640 Ἀρχύτου
4078 5556 4477 5639 παραθέσθαι,
