5118 6613
1374 461 1563 526 LIB.
1612 462 1746 526 IX.
1799 461 2250 526 ENNEAD.
2302 462 2803 540 QUARTAE.
2851 486 2916 551 p.
2951 462 3315 547 891-896,

558 642 880 717 δαιμονεΐν.
947 633 1214 701 Philebo
1251 657 1313 721 p.
1352 636 1453 698 16.
1493 656 1560 720 p.
1594 653 1719 719 30:
1769 634 2095 719 φανωτάτῳ
2141 634 2256 697 τινὶ

556 743 716 822 πυρί.
739 761 749 771 ·
786 739 992 826 Cujus
1018 737 1136 803 loci
1165 736 1538 802 imitationes
1566 735 1930 800 monstravit
1953 737 2254 824 Wytten-

555 841 819 907 bachius
844 840 929 905 ad
959 840 1281 906 Plutarch.
1324 839 1404 904 de
1443 841 1729 904 Fortuna
1757 863 1822 927 p.
1845 840 1995 922 678.
2029 863 2123 926 sq.
2158 838 2251 919 (in

557 944 789 1031 quibus
847 957 1055 1008 tamen
1112 940 1403 1006 omnibus
1447 940 1884 1028 corrigendum
1935 939 2252 1027 φανοτάτω

559 1069 678 1133 pro
727 1044 1076 1130 φανωτάτῳ,
1138 1043 1232 1108 uti
1292 1042 1571 1108 Fischer.
1634 1042 1905 1107 Bekker.
1955 1057 2020 1107 et
2074 1041 2256 1107 Stall-

558 1151 769 1214 baum.
818 1150 1102 1213 feceruut
1139 1147 1200 1210 in
1244 1145 1380 1211 loco
1425 1144 1725 1211 Platonis.
1815 1144 2044 1210 Similis
2084 1144 2259 1209 locus

562 1268 656 1318 est
698 1265 902 1340 poetae
944 1274 1045 1338 ap.
1093 1250 1354 1315 Diodor.
1400 1247 1592 1314 Sicul.
1624 1249 1687 1313 in
1729 1251 2057 1336 Excerptt.
2089 1247 2259 1312 Vati-

563 1378 740 1420 cann.
773 1359 946 1441 Ang.
981 1352 1139 1417 Maii
1183 1350 1475 1432 (Collect.
1516 1351 1699 1415 Tom.
1738 1353 1794 1415 1.
1828 1373 1890 1437 p.
1923 1354 2100 1434 124.)
2147 1348 2256 1414 ubi

562 1457 864 1545 sapientia
896 1455 1237 1544 opponitur
1271 1477 1448 1533 auro,
1477 1454 1577 1518 cui
1621 1457 1858 1537 φαννδν
1899 1455 2106 1518 ἀκτῖνα
2146 1452 2256 1518 tri-

561 1561 719 1626 buit.
813 1559 938 1638 Qui
997 1558 1171 1623 locus
1220 1556 1676 1645 comparandus
1724 1570 1857 1621 erat
1905 1579 2049 1621 cum
2099 1556 2260 1621 alius

563 1671 765 1752 poe'tae
808 1661 944 1727 loco
986 1661 1157 1750 apud
1205 1659 1553 1726 Alexandr.
1599 1659 1947 1748 Aphrodis.
1992 1659 2057 1723 in
2104 1662 2261 1725 Pro-

561 1766 815 1832 blemm.
850 1767 950 1831 II.
982 1788 1047 1852 p.
1065 1784 1216 1851 300.
1239 1763 1338 1829 ed.
1365 1762 1539 1851 Sylb.
1568 1764 1737 1844 ἥλιος
1767 1763 2028 1845 ἔκρυψεν
2051 1765 2259 1828 ἀκτῖνα

564 1873 872 1959 φαεινήν.)
918 1874 1207 1961 Sympos.
1248 1893 1312 1958 p.
1347 1887 1487 1955 197.
1522 1894 1598 1935 a:
1648 1871 1739 1934 ὅτι
1779 1871 1847 1933 οὗ
1889 1872 2002 1950 μὲν
2046 1872 2079 1934 ὁ
2125 1869 2259 1937 θεὸς

565 1978 733 2044 οὗτος
790 1975 1145 2043 διδάσκαλος
1209 1974 1474 2057 γένηται,
1537 1975 1856 2055 ἐλλόγιμος
1913 1974 2009 2037 καὶ
2066 1972 2259 2056 φανὸς

565 2079 781 2159 ἀπέβη,
839 2079 909 2143 οὗ
959 2077 1007 2143 δ’
1058 2078 1132 2143 ἂν
1175 2077 1370 2159 Ἔρως
1416 2077 1496 2157 μὴ
1548 2074 1878 2159 ἐφάψηται,
1935 2078 2258 2142 σκοτεινός.

566 2183 697 2246 Pro
725 2205 801 2246 eo
828 2180 982 2245 dicit
1012 2179 1398 2245 lamblichus
1426 2179 1506 2243 de
1537 2178 1684 2244 Vita
1713 2177 1987 2266 Pythag.
2024 2180 2085 2260 ξ.
2119 2196 2256 2258 104.

566 2310 631 2371 p.
661 2304 804 2364 224.
838 2283 1062 2349 Kiessl.
1089 2310 1103 2348 τ
1155 2285 1493 2366 ἐλλογίμων
1530 2285 1625 2348 καὶ
1661 2285 1977 2365 ὑπερφυῶν
2005 2284 2253 2365 ἀνδρῶν.

568 2386 757 2453 Philo
800 2385 964 2451 Jud.
1013 2409 1079 2473 p.
1109 2387 1258 2471 651.
1306 2386 1398 2450 B:
1454 2389 1524 2466 τῇ
1577 2387 1859 2470 πυρφόρῳ
1908 2390 2027 2448 τῶν
2070 2386 2260 2447 ὄντων

562 2490 827 2571 λαμπάδι
854 2491 1190 2573 φανότερον
1224 2490 1578 2553 τελούντων.
1670 2486 1996 2574 Praecipue
2024 2485 2104 2550 de
2141 2485 2262 2549 diis

566 2608 630 2658 et
688 2593 879 2658 rebus
919 2591 1149 2657 divinis
1196 2590 1485 2678 usurpari
1533 2589 1748 2655 docuit
1791 2587 2136 2654 Dorvillius
2178 2587 2261 2652 ad

568 2696 897 2761 Chariton.
930 2718 992 2783 p.
1017 2712 1164 2781 597.
1199 2717 1265 2781 p.
1287 2696 1438 2779 567.
1468 2692 1570 2758 ed.
1603 2693 1772 2780 Lips.
1809 2691 2138 2756 Heliodor.
2171 2691 2254 2755 X.

567 2822 631 2886 p.
652 2819 734 2882 47
746 2817 802 2865 2.
833 2821 899 2886 p.
922 2818 1069 2883 394.
1100 2795 1198 2861 ed.
1237 2795 1485 2860 Coraii:
1531 2802 1653 2863 τοῖς
1694 2793 2121 2876 καθαρωτάτοις
2166 2794 2260 2858 καὶ

569 2901 926 2984 φανοτάτοις
955 2905 1107 2965 θεῶν
1127 2898 1326 2986 Ἡλίῳ
1354 2924 1421 2962 τε
1444 2899 1538 2963 καὶ
1570 2897 1823 2978 Σελήνῃ,
1845 2896 1926 2961 ad
1956 2919 2143 2983 quem
2175 2895 2265 2960 lo-

567 3025 709 3068 cum
750 3002 874 3067 vid.
911 3000 1120 3067 Coraii
1152 3003 1421 3064 Annott.
1452 3023 1517 3087 p.
1536 3018 1687 3086 325.
1717 2998 1829 3085 qui
1869 3016 2073 3062 tamen
2121 3021 2260 3085 per-

566 3128 779 3194 peram
823 3104 1080 3170 retinuit
1135 3103 1525 3188 φανωτάτοις.
1616 3105 1842 3168 Veram
1899 3100 2013 3166 loci
2053 3100 2260 3165 lectio-

564 3233 703 3275 nem
737 3209 978 3275 dudum
1004 3207 1378 3297 praestiterat
1408 3206 1701 3272 Matthaei
1721 3204 1803 3269 ad
1829 3204 2259 3292 chrysostomi

567 3312 833 3378 Homill.
860 3316 1152 3392 Quatuor
1179 3335 1243 3399 p.
1279 3329 1417 3393 117.
1451 3327 1579 3377 not.
1612 3327 1753 3396 154.
1784 3309 1864 3374 ad
1892 3308 2084 3373 verba
2111 3316 2262 3389 λαμρ

566 3419 686 3498 πρὸ
715 3416 810 3480 καὶ
833 3418 1007 3496 ἡλίου
1048 3417 1371 3497 φανότερα.
1436 3413 1851 3479 Philostratus
1895 3411 2260 3499 Imagg.X.

566 3540 629 3605 p.
654 3518 761 3602 69.
794 3517 891 3581 ed.
925 3516 1214 3584 Jacobs-z
1262 3519 1585 3600 φανότεροι
1628 3520 1733 3580 τοῦ
1774 3514 1973 3596 πυρὸς,
2022 3512 2130 3578 ubi
2180 3512 2261 3578 al.

565 3652 698 3718 cod.
731 3621 1079 3737 φαῦῧτεροι,
1110 3654 1194 3719 al.
1226 3655 1645 3738 φανερώτεροι,
1677 3652 1857 3739 cujus
1883 3650 2261 3718 confusionis

566 3754 749 3843 plura
794 3756 1082 3845 exempla
1136 3756 1381 3844 collegit
1438 3755 1832 3821 doctissimus
1887 3753 2143 3819 Jacobs.
2193 3752 2257 3817 in

3927 470 4048 543 26o

2343 636 2616 699 Annott.
2643 659 2708 723 p.
2738 638 2885 714 460.
2977 636 3125 722 Ego
3176 635 3292 699 hac
3330 634 3478 700 data
3514 637 3829 703 occasione
3878 640 4043 703 Iam-

2339 735 2549 801 blicho
2601 760 2979 817 succurram,
3022 737 3132 825 qui
3178 737 3258 802 de
3304 738 3726 827 Pythagorica
3771 741 4036 806 docendi

2340 838 2579 903 ratione
2606 862 2798 926 agens
2834 838 2913 903 de
2944 839 3090 903 Vita
3123 839 3395 927 Pythag.
3433 841 3490 923 ᾧ.
3533 862 3671 923 104.
3703 866 3795 929 sq.
3830 867 3894 931 p.
3932 845 4036 908 88.

2344 942 2597 1005 Kuster.
2623 964 2688 1029 p.
2720 942 3078 1008 226—228.
3106 941 3438 1029 Kiessling.
3464 947 3669 1010 ε-καὶ
3686 950 3782 1011 διὰ
3804 950 4032 1027 σνμβό·

2341 1051 2467 1107 λων
2499 1043 2833 1108 ἐπέσκεπον
2855 1044 2971 1124 (ita
2994 1043 3330 1132 Kiessling.
3362 1068 3398 1108 e
3429 1047 3819 1135 Protreptico
3848 1049 4036 1136 scrip-

2345 1144 2445 1222 sit,
2464 1145 2570 1210 sed
2602 1168 2742 1209 cum
2775 1144 2916 1210 libri
2945 1145 3138 1210 nostri
3167 1169 3382 1210 omnes
3402 1145 3466 1210 in
3492 1150 3862 1216 ἐπεσκόπουν
3881 1175 4032 1216 con-

2346 1249 2602 1336 spirent,
2637 1249 2838 1313 nescio
2869 1271 2947 1314 an
2980 1248 3382 1314 Rittershusii
3404 1251 3763 1337 conjectura
3791 1257 4038 1320 ἐπεσκό-

2344 1378 2503 1426 τουν,
2533 1352 2971 1431 obscurabant,
3002 1351 3385 1440 probabilior
3416 1351 3494 1416 sit
3514 1357 3564 1437 z)
3609 1357 3715 1422 τὰς
3750 1355 3896 1438 πρὸς
3925 1359 4031 1420 ἀλ·

2343 1455 2566 1536 λήλους
2594 1455 2881 1536 διαλέξεις
2908 1454 2945 1536 ἢ
2988 1457 3081 1521 καὶ
3124 1455 3807 1540 συγγραφὰς-ἑπειδᾶν
3834 1460 4040 1540 μέντοι

2347 1562 2493 1622 κατὰ
2520 1557 2628 1621 τὸν
2666 1565 2784 1623 τῶν
2824 1561 3151 1640 συμβόλων
3186 1564 3399 1624 τοῦτον
3437 1562 3658 1643 τρόπον
3692 1567 4038 1649 διαπτυχθῇ,

2348 1663 2442 1725 καὶ
2471 1665 2705 1745 φανερὰ
2744 1664 2840 1726 καὶ
2882 1663 3065 1744 εὐαγῆ
3102 1663 3233 1727 ἀντὶ
3273 1671 3596 1729 σκοτεινῶν
3622 1672 3747 1735 τοῖς
3786 1674 4038 1736 πολλοῖς

2344 1764 2731 1847 γένηται-κ.
2750 1791 2802 1830 τ.
2824 1773 2888 1829 λ.
2980 1766 3085 1830 Ita
3129 1763 3464 1854 Kiessling.
3507 1782 3756 1833 secutus
3801 1770 4038 1835 Kuste-

2343 1890 2504 1931 rum.
2599 1867 2721 1932 Sed
2768 1872 2934 1952 φανὰ
2990 1868 3162 1956 quod
3207 1871 3510 1935 Arcerius
3554 1872 3764 1951 habet,
3814 1874 4038 1938 confir-

2343 1983 2516 2034 mant
2545 1985 2609 2034 et
2640 1969 2800 2034 Cod.
2835 1970 2974 2035 Ciz.
3000 1986 3063 2035 et
3093 1970 3211 2035 mei
3241 1993 3494 2053 omnes3
3541 1997 3653 2039 nec
3682 1989 3836 2053 erat,
3866 1975 4038 2063 quod

2342 2073 2426 2137 ab
2447 2096 2521 2136 ea
2551 2072 2809 2138 lectione
2837 2074 3247 2139 recederetur.
3333 2076 3463 2138 Pro
3493 2077 3677 2159 εὐαγῆ
3704 2096 3913 2142 autem
3946 2079 4036 2142 le·

2344 2174 2621 2262 gendum
2655 2179 2873 2259 ἐναργῆ
2900 2176 2997 2240 vel
3029 2176 3240 2264 potius
3270 2179 3489 2261 εὖαυγῆ
3517 2202 3663 2244 cum
3705 2180 4037 2245 Schaefer0.

2344 2282 2520 2344 Φανᾶ
2559 2295 2768 2344 autem
2813 2280 3139 2345 confirmat
3181 2281 3394 2346 similis
3436 2282 3609 2348 locus
3654 2283 3919 2348 Luciani
3965 2288 4043 2349 de

2344 2383 2642 2448 conscrib.
2693 2384 2863 2449 Hist.
2912 2408 2965 2449 c.
2999 2407 3120 2466 44:
3171 2388 3320 2451 οὕτω
3368 2388 3439 2466 δὴ
3484 2388 3578 2452 καὶ
3623 2389 3706 2456 εἷς
3747 2389 3968 2456 σκόπος
4007 2392 4039 2452 ὁ

2346 2492 2591 2567 πρῶτος,
2625 2492 2833 2568 σαφῶς
2861 2492 3125 2567 δηλῶσαι
3156 2489 3251 2553 καὶ
3280 2490 3589 2572 φανότατα
3616 2492 3941 2572 ἐμφανίσω
3969 2492 4037 2555 τὸ

2345 2593 2588 2671 πρᾶγμα
2617 2616 2667 2652 κ.
2696 2615 2746 2651 τ.
2766 2598 2825 2653 λ.
2897 2590 3041 2667 Quo
3076 2590 3138 2653 in
3171 2589 3307 2656 loco
3336 2591 3386 2655 si
3417 2593 3493 2657 C.
3526 2591 3703 2656 Frid.
3730 2594 4041 2659 Herman-

2347 2712 2466 2754 nus
2497 2705 2706 2754 noster
2746 2689 3339 2758 Iamblichianorum
3370 2694 3705 2758 verborum
3749 2695 4041 2761 aliorum-

2346 2816 2472 2880 que
2509 2792 2799 2857 similium
2847 2794 3241 2875 meminisset,
3270 2818 3398 2861 non
3437 2797 3795 2885 scripsisset,
3833 2799 4041 2877 credo,

2348 2918 2493 2982 quae
2521 2894 2764 2982 scripsit
2803 2895 2866 2959 in
2911 2914 3125 2961 annot.
3156 2897 3238 2962 ad
3281 2897 3389 2963 illa
3433 2898 3752 2964 Lucianea
3792 2923 3857 2988 p.
3894 2903 4041 2967 268.

2348 2997 2548 3064 Φανὸς
2576 2996 2836 3063 fortasse
2864 2998 3049 3063 etiam
3081 3000 3538 3067 restituendum
3580 3003 3939 3091 Theophilo
3979 3006 4044 3070 in

2350 3101 2720 3189 Paraphrasi
2768 3102 3242 3170 Institutionum
3289 3108 3334 3170 J
3341 3106 3676 3173 ustiniann.
3712 3109 3770 3173 Ι.
3801 3111 3865 3177 6.
3899 3130 4043 3194 117.

2347 3227 2412 3292 p.
2438 3206 2538 3289 69.
2572 3204 2672 3269 ed.
2707 3204 2788 3269 G.
2812 3207 2893 3270 O.
2928 3206 3134 3273 Reitz.
3227 3208 3545 3298 Explicat,
3576 3210 3732 3298 quid
3767 3211 3848 3277 sit
3882 3214 4045 3278 Con-

2344 3309 2597 3372 silium:
2647 3310 2954 3375 κονσίλιόν
2986 3313 3117 3376 ἐστι
3145 3312 3457 3395 συνέδρων
3483 3321 3759 3399 φανερῶν
3789 3318 4038 3399 ἀνδρῶν,

2349 3413 2496 3475 κατὰ
2510 3411 2691 3493 ῥητὸν
2710 3415 2817 3475 τοῦ
2840 3413 3110 3477 ἐνιαυτοῦ
3123 3416 3347 3498 χρόνον
3373 3418 3842 3498 συνισταμένων.
3912 3422 4037 3483 At-

2346 3513 2454 3600 qui
2488 3513 2855 3594 Consilium,
2888 3527 3043 3579 teste
3073 3516 3373 3603 Ulpiano,
3405 3519 3745 3605 cogebatur
3774 3543 3810 3583 e
3854 3523 4043 3585 Sena-

2348 3616 2589 3681 toribus
2617 3631 2682 3681 et
2718 3617 3105 3705 Equitibus;
3139 3618 3403 3706 proinde
3430 3645 3467 3685 e
3484 3621 3632 3686 viris
3660 3623 4039 3704 {Ru-viribus,

2344 3720 2712 3806 splendidi-5,
2746 3719 2912 3785 unde
2938 3719 3271 3809 legendum
3304 3721 3553 3789 videtur
3581 3731 3808 3808 φανῶν.

2034 4062 2590 4112 ...φ-..-

1360 4335 1632 4417 LIB.
1693 4334 1758 4416 I.
1858 4335 2511 4419 ENNEAD.
2623 4333 3264 4425 QUINTAE.

651 4530 728 4596 Ρ.
748 4530 897 4614 896,
924 4535 1399 4613 7.ΠΕΡ1ΤΩΝ
1420 4535 1676 4595 ΤΡῙΩΝ
1701 4531 1791 4613 (π.
1816 4536 2012 4613 τριῶν,
2036 4529 2262 4595 omisso

568 4631 848 4712 articulo,
901 4633 1179 4721 Cyrillus
1216 4648 1432 4698 contra
1484 4633 1724 4697 Julian.
1774 4632 1882 4698 lib.
1922 4634 2019 4697 11.
2060 4656 2126 4720 p.
2158 4635 2258 4715 67.

570 4734 672 4820 C.)
701 4733 1096 4800 ’APXIKQN
1127 4734 1760 4822 ‘THOETAXEQNJ
1812 4738 1934 4801 Est
1972 4736 2072 4801 hic
2104 4735 2261 4800 liber

565 4836 859 4904 decimus.
938 4838 1283 4928 (Porphyr.
1330 4839 1409 4903 de
1456 4838 1580 4904 Vit.
1623 4837 1853 4904 Plotin.
1905 4863 1957 4903 c.
1987 4861 2052 4919 4.
2097 4854 2160 4903 et
2202 4863 2257 4903 c.

569 4945 703 5025 25.)
780 4943 1249 5030 Argumentum
1294 4943 1484 5030 hujus
1529 4942 1672 5007 libri
1717 4958 1780 5007 et
1830 4942 2112 5029 proxime
2163 4966 2257 5006 se-

565 5044 889 5129 quentium
919 5045 1092 5132 quod
1120 5045 1363 5124 attinet,
1382 5061 1625 5111 constat
1652 5045 1715 5110 in
1744 5044 2256 5132 philosophorum

567 5146 787 5212 scholis
817 5170 943 5213 non
974 5148 1179 5214 minus
1221 5150 1631 5237 disceptatum
1678 5172 1830 5230 esse,
1860 5163 2019 5235 quot
2053 5171 2260 5213 rerum

568 5249 868 5338 principia
925 5252 1256 5318 statuenda
1304 5252 1451 5331 sint,
1509 5274 1702 5339 quam
1760 5267 1919 5338 quot
1973 5251 2262 5316 statuerit

566 5350 767 5418 Plato.
861 5353 1187 5420 Pertinent
1231 5370 1438 5421 autem
1481 5355 1609 5419 huc
1657 5352 1774 5419 loci
1821 5353 1885 5417 in
1931 5352 2255 5418 Platonico

565 5453 806 5520 Timaeo
833 5478 997 5543 quos
1022 5456 1250 5544 saepius
1278 5456 1693 5537 laudavimus,
1726 5456 2019 5520 nimirum
2051 5478 2118 5543 p.
2146 5474 2248 5540 29.

2348 4551 2443 4615 sq.
2504 4551 2569 4615 p.
2621 4544 2725 4611 25.
2782 4549 2921 4614 sqq.
2983 4525 3182 4591 Bekk.
3235 4526 3512 4616 itemque
3558 4530 3927 4598 Aristoteles
3976 4535 4037 4598 in

2349 4630 2542 4718 Phys.
2579 4629 2638 4694 1.
2670 4631 2732 4692 6.
2768 4647 2830 4713 7.
2858 4629 2940 4693 de
2971 4629 3150 4694 Coelo
3185 4630 3284 4695 ΙΙ.
3314 4653 3380 4712 4.
3410 4650 3472 4717 5.
3514 4632 3596 4697 de
3641 4635 3939 4701 Generat.
3978 4657 4040 4703 et

2349 4734 2643 4820 Corrupt.
2675 4732 2730 4796 I.
2754 4752 2819 4818 3.
2893 4731 3284 4810 Quibuscum
3313 4736 3712 4823 comparandi
3735 4755 3903 4820 sunt,
3931 4742 4038 4828 qui

2346 4839 2423 4903 de
2452 4835 2967 4925 philooephorum
2995 4835 3261 4901 decretis
3298 4854 3625 4925 exponunt
3669 4840 4034 4929 scriptores:

2346 4938 2727 5005 Plutarchus
2765 4937 2845 5002 de
2880 4938 3132 5003 Placitt.
3176 4939 3231 5003 I.
3255 4960 3316 5025 3.
3347 4962 3412 5028 p.
3443 4960 3537 5008 12.
3572 4941 3776 5022 Bekii,
3805 4966 3871 5031 p.
3889 4964 4042 5029 531.

2348 5041 2713 5130 Wyttenb.,
2741 5041 2912 5106 unde
2952 5041 3351 5130 profecerunt
3384 5044 3672 5110 Stobaeus
3705 5047 3759 5109 1.
3799 5066 3899 5111 10.
3937 5052 4037 5113 16.

2345 5167 2409 5232 p.
2432 5146 2579 5230 308.
2613 5145 2887 5208 Heeren.
2936 5144 3231 5227 (Πλάτων
3257 5144 3619 5228 Ἀρίστωνος
3645 5131 3800 5231 τρεῖς
3834 5150 4037 5233 ἀρχάς,

2344 5245 2451 5311 τὸν
2499 5245 2659 5320 θεὸν,
2707 5246 2816 5325 τὴν
2862 5248 3031 5327 ὕλην,
3081 5247 3190 5327 τὴν
3228 5248 3392 5313 ἰδέαν
3431 5276 3479 5313 κ.
3507 5254 3677 5337 τ.λ.)
3723 5267 3787 5317 et
3838 5252 4042 5317 Mich.

2342 5349 2588 5414 Psellus
2644 5349 2725 5414 de
2777 5349 3105 5416 omnifaria
3163 5351 3445 5418 doctrina
3509 5355 3572 5438 ξ.
3619 5357 3720 5419 60.
3787 5380 3849 5445 p.
3900 5378 4041 5445 114·

2342 5453 2536 5517 Fabr.
2614 5455 2852 5518 Contra
2908 5454 3229 5544 Diogenes
3287 5458 3497 5522 Laert.
3561 5458 3698 5523 111.
3760 5462 4037 5550 69—73‚
