5118 6613
1594 538 1912 604 INDEX
1957 538 2307 605 RERUM
2352 538 2482 604 ET
2528 539 3081 606 VERBORUM.
3957 559 4084 629 453

595 734 768 774 unum
800 712 958 772 nullo
984 710 1204 793 indiget
1579 713 1698 790 764
1778 711 2099 772 universum
2143 714 2252 772 hoc
2300 733 2439 773 num
2481 712 2541 772 in
2592 711 2884 772 materiam
2965 715 3027 773 in
3076 714 3313 775 Unitate
3358 714 3668 774 fimdantur
3705 713 3970 775 identitas
4011 728 4074 775 et

595 815 772 855 unum
800 797 987 873 ipsum
1388 792 1506 853 Fic.
1536 814 1594 873 p.
1618 795 1697 869 48
1859 795 2060 854 resolvi
2086 808 2256 873 queat
2771 813 2885 852 200
3045 807 3225 855 status
3954 813 4066 873 733

595 897 773 936 unum
795 894 959 934 resne
977 874 1052 935 sit
1071 873 1258 954 aliqua
1282 875 1593 935 secundum
1616 894 1697 946 se,
1779 875 2101 935 universum
2145 888 2399 936 movetur
2439 887 2501 935 et
2539 888 2837 955 permanet
2965 875 3221 937 voluntas
3259 890 3415 937 certa
3453 890 3514 936 et
3553 877 3731 937 libera
3756 897 3881 957 quoe
3915 877 4069 937 dica-

672 978 746 1018 an
775 957 964 1036 potius
989 956 1290 1035 conceptio
1317 957 1530 1015 mentis
1576 956 1694 1016 682
2774 974 2887 1033 109
3047 969 3139 1015 tur
3951 976 4071 1035 734

592 1060 767 1099 unum
798 1039 1079 1097 numerari
1109 1057 1171 1097 se
1200 1057 1315 1096 non
1344 1036 1557 1116 patitur
1579 1053 1694 1113 523
1780 1036 2102 1097 universum
2125 1055 2227 1096 cur
2247 1050 2582 1117 perpetuum
2610 1038 2675 1096 F.
2694 1058 2749 1116 p.
2774 1038 2881 1114 165
2968 1037 3270 1097 voluntatis
3298 1051 3455 1097 actus
3715 1040 3842 1100 Fic.
3873 1060 3930 1120 p.
3956 1059 4070 1118 229

594 1142 772 1180 unum
800 1119 1091 1199 quomodo
1115 1119 1176 1178 in
1203 1119 1425 1179 cunctis
1456 1118 1697 1197 reperia-
1780 1119 2101 1178 universum
2127 1119 2233 1178 hoc
2254 1138 2322 1177 ex
2343 1117 2638 1178 contrariis
2660 1131 2888 1178 constat
2966 1118 3339 1178 voluntarium
3367 1119 3499 1198 quid
3953 1138 4071 1198 734

677 1215 769 1261 tur
1352 1199 1475 1259 Fic.
1499 1221 1558 1279 p.
1577 1200 1698 1275 446
2809 1215 2883 1276 77
2967 1200 3340 1259 voluntarium
3368 1200 3502 1278 quid
3527 1220 3795 1260 vocemus
3951 1220 4064 1278 733

593 1304 773 1343 unum
801 1281 988 1360 ipsum
1010 1281 1299 1362 quomodo
1320 1294 1382 1341 et
1404 1280 1597 1340 omnia
1624 1283 1700 1340 sit
1783 1280 2101 1339 universum
2157 1279 2343 1339 omnis
2409 1293 2498 1339 est
2566 1280 2886 1339 intellectus
2968 1281 3227 1361 voluptas
3254 1294 3441 1339 utrum
3477 1283 3786 1342 necessario
3813 1282 3888 1342 sit
3914 1284 4068 1343 bono

674 1378 738 1424 et
764 1363 984 1423 nullum
1577 1381 1700 1439 494
1862 1381 2144 1440 omneque
2173 1381 2277 1420 ens
2766 1362 2881 1440 485
3048 1362 3319 1441 permista
3952 1383 4025 1442 72
4042 1384 4063 1422 ι

595 1466 774 1505 unum
843 1443 1279 1524 participatione
1334 1463 1508 1522 quum
1579 1444 1697 1512 fiat,
1783 1442 2101 1502 universum
2150 1456 2312 1501 extra
2356 1461 2550 1501 casum
2600 1454 2661 1502 et
2713 1441 2887 1501 ratio·
2966 1443 3224 1521 voluptas
3245 1442 3423 1503 animi
3442 1457 3501 1503 et
3519 1444 3767 1522 corporis
3788 1446 3852 1503 F.
3875 1466 3931 1525 p.
3953 1447 4069 1505 228

675 1526 1263 1684 322⁰2¹13¹⁶5353³233
1285 1537 1701 1686 32⁸3}ssss
1782 1537 2310 1685 ..32225533222
2336 1616 2449 1664 t...
2769 1541 2888 1664 {33
2967 1525 4071 1685 v⁰22ffi÷2222¹f0¹3?315.2¹32333332

1580 1701 1698 1764 590
1782 1686 2021 1745 universi
2063 1686 2405 1766 principium
2449 1705 2619 1745 causa
2660 1685 2843 1765 prima
2969 1686 3225 1766 voluptas
3253 1687 3402 1745 actui
3432 1687 3740 1763 conjuncta
3774 1703 3864 1747 est
3898 1688 4074 1747 actio-

594 1791 771 1830 unum
800 1789 973 1849 quare
999 1768 1185 1827 solum
1213 1788 1336 1828 esse
1368 1769 1549 1847 possit
1575 1769 1700 1827 uni·
2542 1767 2658 1825 Fic.
2688 1788 2746 1847 p.
2768 1786 2887 1845 399
3050 1767 3137 1826 nis
3162 1769 3423 1846 expedita
3448 1769 3739 1848 integritas
3960 1787 4066 1845 721

678 1854 819 1910 versi
851 1849 1190 1929 principium
1584 1849 1697 1925 762
1781 1848 2024 1908 universi
2064 1850 2250 1929 primo
2283 1868 2394 1928 qua
2435 1850 2654 1907 ratione
2696 1850 2888 1907 fruen-
2968 1848 3300 1928 voluptasne
3336 1849 3457 1908 sola
3483 1862 3862 1928 consequatur
3888 1851 4074 1929 ipsum

598 1954 775 1992 unum
793 1932 926 2008 quid
941 1929 1563 2009 curexplicatudifficile
1583 1945 1700 2009 759
1864 1930 2002 1989 dum
2542 1930 2664 1989 Fic.
2693 1931 2889 2009 p.628
3051 1931 3291 1998 bonum,
3334 1949 3407 1989 an
3454 1930 3609 1989 aliud
3648 1931 3879 2011 insuper
3918 1931 4075 2010 quic·

597 2017 765 2074 unius
793 2013 1019 2072 diffusio
1046 2024 1107 2071 et
1128 2013 1388 2072 collectio
1414 2013 1480 2071 F.
1503 2033 1560 2091 p.
1580 2014 1699 2088 446
1783 2010 2029 2071 universi
2055 2009 2305 2089 optimus
2332 2011 2459 2069 finis
2541 2010 2660 2069 Fic.
2690 2031 2746 2090 p.
2778 2030 2799 2069 1
2815 2025 2886 2087 25
3053 2031 3223 2089 quam
3956 2029 3986 2088 7
4002 2013 4073 2072 16

595 2094 765 2155 unius
792 2094 1163 2174 proprietates
1623 2092 1699 2152 ib.
1781 2092 2026 2152 universi
2070 2112 2183 2151 non
2228 2111 2405 2150 unum
2450 2104 2671 2151 tantum
2714 2111 2890 2172 agens
2968 2092 3227 2171 voluptas
3255 2090 3428 2150 animi
3764 2093 3885 2154 Fic.
3911 2114 3967 2173 p.
3992 2114 4069 2171 92

598 2177 764 2236 unius
792 2174 1091 2255 productio
1620 2189 1698 2250 52
2535 2173 2655 2232 Fic.
2688 2193 2745 2251 p.
2767 2191 2888 2247 400
2972 2172 3270 2252 voluptatis
3297 2172 3736 2252 significationes
3775 2174 3892 2234 Fic.
3918 2196 3972 2254 p.
3997 2177 4065 2234 81

599 2258 765 2317 unius
795 2270 994 2316 natura
1018 2255 1198 2334 qualis
1584 2257 1698 2332 763
1783 2253 2026 2315 universi
2068 2252 2405 2334 principium
2434 2266 2496 2313 et
2537 2267 2885 2333 postremum
2970 2255 3256 2332 voluptate
3277 2274 3401 2331 quae
3427 2258 3639 2346 majora
3659 2266 3719 2313 et
3734 2255 4076 2334 jucundiora

599 2340 696 2399 uni
750 2359 850 2398 cur
906 2335 1281 2417 intelligentia
1343 2334 1701 2415 potissimum
2535 2336 2656 2395 Fic.
2686 2356 2742 2413 p.
2773 2354 2887 2410 124
3050 2335 3166 2394 sint
3191 2335 3248 2393 in
3279 2335 3383 2393 hac
3408 2334 3522 2394 vita
3956 2356 4072 2413 720

678 2419 1164 2481 accommodanda
1219 2467 1224 2471 .
1621 2416 1700 2477 ib.
1784 2414 2028 2475 universi
2065 2430 2305 2476 conatus
2342 2415 2585 2475 fortunae
2621 2436 2736 2475 non
2777 2417 2884 2474 ob·
2969 2415 3253 2496 voluptate
3275 2415 3652 2475 manifestiore
3670 2417 3897 2495 quando
3919 2418 4073 2476 soliti

599 2502 671 2561 de
718 2503 851 2561 Uno
893 2499 1019 2580 ipso
1059 2498 1346 2578 quomodo
1388 2499 1686 2577 loquamur
1865 2497 2065 2556 noxius
2542 2499 2661 2557 Fic.
2690 2518 2747 2576 p.
2777 2516 2841 2556 12
2849 2512 2883 2574 5
3049 2497 3227 2556 simus
3257 2497 3465 2555 moveri
3996 2498 4073 2557 ib.

1586 2599 1618 2656 5
1634 2599 1656 2637 1
1676 2599 1696 2638 ι
1788 2578 2028 2638 universi
2055 2580 2182 2637 finis
2210 2577 2266 2636 in
2297 2598 2411 2656 quo
2434 2578 2711 2638 consistat
2807 2577 2884 2638 ib.
2969 2578 3285 2658 voluptates
3302 2578 3590 2656 quomodo
3612 2579 3749 2637 fiant
3767 2599 3963 2638 sensus
4001 2598 4073 2654 14

600 2687 669 2726 ex
699 2666 832 2725 Uno
870 2661 1157 2742 quomodo
1199 2661 1467 2741 procedat
1510 2660 1701 2720 multi·
1788 2659 2025 2718 universi
2053 2658 2321 2719 mirabilis
2351 2672 2602 2738 potestas
2763 2677 2885 2737 439
2966 2658 3285 2752 voluptates
3325 2664 3484 2739 quus
3507 2659 3657 2753 sint,
3698 2660 3967 2728 animine,
3998 2681 4069 2720 an

684 2747 823 2805 tudo
1581 2760 1702 2819 494
1785 2743 2027 2800 universi
2068 2740 2174 2809 lex,
2210 2739 2434 2819 justitia
2473 2753 2532 2799 et
2564 2740 2844 2821 judicium
3048 2739 3316 2818 corporis,
3345 2760 3416 2799 an
3448 2739 3603 2799 mixti
4043 2761 4061 2799 1

600 2829 670 2888 de
702 2828 838 2887 Uno
880 2824 1373 2905 philosophaturus
1412 2824 1702 2902 quomodo
2537 2821 2658 2882 Fic.
2688 2842 2743 2900 p.
2765 2822 2881 2897 685
2970 2835 3099 2880 vota
3136 2833 3199 2881 et
3239 2823 3590 2900 precationes
3616 2822 3904 2900 quomodo
3943 2843 4072 2900 per·

679 2929 741 2967 se
766 2926 1104 2999 comparare
1122 2906 1327 2965 debeat
1587 2905 1702 2981 760
1783 2902 2022 2962 universi
2049 2903 2191 2961 ordo
2765 2921 2889 2977 404
3052 2902 3143 2983 agi
3170 2904 3415 2962 debeant
3954 2906 4069 2979 487

601 3010 674 3050 ex
702 2991 839 3048 Uno
866 3009 978 3067 qua
1004 2986 1220 3046 ratione
1245 2985 1582 3054 intellectus,
1603 3005 1705 3045 ens
1784 2984 2021 3043 universi
2053 2983 2302 3042 actiones
2330 3004 2456 3061 quae
2766 3001 2890 3058 424
2971 3004 3075 3043 vox
3103 2984 3293 3064 imago
3322 2985 3526 3043 mentis
3763 2985 3882 3044 Fic.
3911 3005 3970 3064 p.
4007 3006 4076 3063 19

680 3084 740 3130 et
768 3089 929 3129 mens
956 3068 1236 3161 prodeant
1580 3085 1706 3144 494
1785 3065 2025 3125 universi
2054 3064 2431 3144 pulcherrima
2448 3077 2509 3123 et
2528 3066 2772 3124 maxime
2795 3085 2889 3123 or-
2970 3085 3136 3125 voces
3177 3078 3407 3126 remotae
3442 3086 3545 3125 cur
3573 3065 3817 3126 minores
3842 3065 4076 3125 videan-

602 3154 923 3212 universum
952 3150 1086 3230 quid
1115 3148 1206 3219 sit,
1237 3164 1297 3208 et
1322 3153 1443 3228 ejus
1474 3161 1701 3232 contra-
1864 3147 2059 3205 dinata
2087 3145 2442 3225 investigatio
2771 3162 2885 3223 557
3056 3161 3149 3206 tur
3964 3150 4077 3226 189

682 3234 823 3292 rium
1586 3246 1617 3306 5
1626 3246 1703 3306 5ο
1786 3228 1919 3287 unio
1947 3233 2108 3308 cujus
2137 3228 2340 3287 virtute
2368 3228 2468 3287 fiat
2775 3228 2890 3306 769
2970 3227 3124 3288 verbi
3153 3241 3214 3288 et
3240 3241 3399 3289 actus
3425 3248 3460 3287 a
3486 3228 3698 3288 caelesti
3726 3230 3914 3287 anima
3956 3249 4077 3287 ma-

602 3316 923 3375 universum
964 3334 1031 3372 ex
1072 3311 1275 3391 quibus
1315 3324 1543 3371 constet
1788 3310 1924 3370 unio
1949 3330 2135 3369 rerum
2545 3309 2672 3368 Fic.
2702 3329 2882 3389 p.441
3057 3310 3245 3370 nantis
3271 3310 3499 3371 collatio
3955 3327 4073 3386 447

1356 3392 1473 3453 Fic.
1502 3413 1561 3472 p.
1594 3412 1613 3451 1
1626 3412 1658 3469 3
1675 3412 1696 3451 1
1787 3390 2012 3451 unionis
2044 3411 2228 3450 rerum
2252 3389 2309 3449 in
2336 3390 2548 3449 mundo
2571 3411 2696 3469 quae
2724 3411 2893 3450 causa
3503 3392 3574 3450 Z.

603 3477 919 3537 universum
948 3473 1212 3535 sensibile
1240 3493 1341 3533 ens
1371 3495 1487 3533 non
1507 3494 1703 3533 verum
2772 3473 2889 3546 667
2976 3473 3114 3532 Zael
3143 3471 3512 3551 philosophus
3722 3473 3842 3531 Fic.
3875 3493 3932 3555 p.
3955 3492 4074 3548 402

1349 3556 1468 3615 Fic.
1498 3576 1552 3634 p.
1591 3573 1700 3631 127
1785 3555 1846 3614 in
1859 3556 2090 3614 Unione
2104 3550 2509 3631 compassionis
2532 3564 2739 3610 nostrae
2759 3572 2891 3612 cum
2977 3553 3176 3611 Zae‘les
3204 3553 3518 3632 astrologus
3731 3553 3847 3612 Fic.
3875 3574 3935 3632 p.
3962 3572 4071 3631 207

604 3641 922 3700 universum
966 3637 1083 3718 pati
1125 3657 1241 3696 non
1279 3637 1703 3697 concedendum
1865 3634 2181 3696 caelestibus
2208 3634 2469 3692 consistit
2496 3631 2574 3691 vis
2604 3632 2893 3692 attractio.-
2975 3635 3233 3712 Zopyrus
3262 3632 3711 3712 physiognomon
3744 3633 3858 3693 Fic.
3882 3656 3939 3714 p.
3956 3654 4074 3710 407

1585 3718 1706 3794 436
1871 3717 1958 3776 nis
1984 3729 2045 3774 et
2072 3716 2300 3794 magicae
2773 3714 2893 3791 649
2976 3716 3277 3773 Zoroaster
3733 3715 3851 3776 Fic.
3879 3736 3934 3795 p.
3968 3717 4076 3776 160
