5118 6613
976 573 1106 657 506
2051 570 2526 635 ADDENDA
2572 568 2703 633 ET
2749 569 3401 635 CORRIGENDA.

1060 765 1117 824 p.
1153 762 1285 819 217.
1316 744 1395 804 D.
1443 747 1527 822 (p.
1554 759 1692 821 395.
1735 743 1773 802 l.
1805 749 1922 821 15.)
1992 746 2072 803 H.
2118 744 2276 822 ὅσπερ
2314 746 2398 802 καὶ
2437 745 2508 817 μὴ
2546 750 2757 801 ποιεῖται
2797 743 3081 820 δυσχέρειαν
3122 754 3314 801 κ.τ.λ.
3396 740 3557 800 Idem
3610 762 3776 802 mox:
3838 750 4136 817 σωματικοῖς
4176 763 4278 824 pro
4320 752 4471 819 σόμα

978 839 1198 915 ἔχοντας,
1226 842 1348 900 sine
1377 842 1550 901 libris.

1057 971 1139 983 -—
1169 941 1238 998 E.
1273 942 1357 1019 (p.
1390 940 1530 1018 396.
1562 939 1598 998 l.
1632 942 1711 1015 7.)
1760 941 1842 998 H.
1874 942 1931 998 τὸ
1957 942 2027 1013 μὴ
2055 946 2246 1015 ἀγνοεῖν
2273 959 2375 1018 pro
2402 941 2462 996 τὶ
2486 941 2556 1011 μὴ
2585 943 2775 1013 κρούειν.
2822 935 2982 1011 (Vld.
3009 936 3139 994 Var.
3170 936 3360 1011 Lect.)

1059 1058 1116 1116 p.
1152 1040 1287 1097 218.
1315 1040 1387 1098 A.
1425 1039 1489 1097 B.
1526 1040 1608 1117 (p.
1641 1056 1778 1115 397.
1817 1038 1856 1096 l.
1887 1057 1943 1113 3.
1973 1043 2123 1115 sqq.)
2200 1037 2391 1117 Heigl.
2437 1047 2521 1096 τοῦ
2557 1042 2756 1109 ἀψύχου
2797 1037 2906 1108 (διὰ
2940 1042 3081 1090 τοῦτο
3116 1031 3467 1109 γὰρ-ἔξωθεν
3501 1029 3676 1108 οὖσαν)
3701 1032 3936 1101 Ἔξεστιν
3971 1030 4200 1093 οὗν-ὅτι
4236 1042 4403 1104 αὐτοῖς
4436 1039 4465 1105 ἦ

977 1133 1206 1205 αἴσθησις
1231 1141 1443 1193 ἑστάναι
1472 1141 1608 1193 αὐτὰ
1636 1134 1794 1211 λέγει.
1884 1136 1991 1193 Sed
2021 1140 2141 1214 ejus
2170 1135 2624 1213 transpositionis
2652 1135 2708 1192 in
2739 1132 2893 1192 libris
2924 1152 3057 1191 mss.
3089 1132 3226 1190 nihil
3256 1131 3490 1210 vestigii.

1056 1252 1112 1311 p.
1147 1234 1279 1292 228.
1310 1234 1386 1292 D.
1422 1237 1501 1312 (p.
1532 1252 1671 1308 412.
1703 1233 1738 1291 l.
1778 1235 1896 1309 11.)
1929 1253 2031 1310 pro
2059 1239 2227 1307 μεῖζον
2255 1234 2433 1293 scribe
2460 1238 2653 1309 μείζων,
2686 1233 2767 1291 1111
2808 1230 2942 1290 fecit
2969 1229 3238 1289 Orellius.
3323 1231 3466 1288 Ibid.
3497 1229 3555 1287 in
3584 1232 3800 1289 Annot.
3830 1229 3903 1289 ad
3930 1229 3970 1289 l.
4003 1249 4094 1306 14.
4138 1230 4271 1290 Var.
4301 1231 4462 1290 Lect.

976 1329 1011 1387 l.
1040 1332 1255 1409 penult.
1290 1351 1390 1408 pro
1418 1330 1646 1406 objecto
1674 1330 1857 1389 scribe
1884 1329 2131 1406 abjecte.

1053 1447 1110 1505 p.
1146 1445 1279 1502 230.
1306 1428 1375 1485 C.
1414 1426 1656 1503 (p.416.
1693 1426 1731 1483 l.
1767 1429 1844 1500 2.)
1886 1426 2010 1505 lege
2046 1428 2154 1485 οὔτε
2189 1428 2294 1497 ἥτις
2320 1433 2376 1485 ἐκ
2402 1430 2595 1500 τέχνης,
2624 1446 2728 1507 pro
2764 1428 2875 1485 οὔτε
2902 1424 2952 1483 εἴ
2972 1451 3045 1492 τις
3071 1430 3112 1483 ἔ.
3143 1450 3192 1482 τ.
3240 1425 3400 1499 (Vid.
3425 1425 3556 1482 Var.
3587 1425 3780 1500 Lect.)
3869 1426 4015 1486 Ibld.
4046 1425 4103 1484 ln
4135 1425 4266 1485 Var.
4297 1425 4459 1486 beet.

973 1544 1125 1582 nnnc
1154 1545 1268 1582 non
1301 1522 1774 1602 pronuntiaverim
1805 1524 2063 1582 Ficinnm
2094 1544 2317 1603 quoque
2344 1523 2543 1604 legisse
2572 1531 2829 1596 ἐπιπνοίας,
2862 1524 2944 1585 1111
2973 1525 3111 1603 legit
3139 1525 3392 1584 Grotius.

1051 1641 1107 1700 p.
1144 1640 1279 1697 233.
1310 1624 1379 1680 A.
1413 1625 1493 1701 (p.
1523 1640 1665 1696 421.
1693 1624 1761 1680 ad
1793 1622 1830 1679 l.
1872 1626 1988 1697 12.)
2022 1621 2079 1680 111
2111 1624 2241 1681 Var.
2274 1623 2437 1682 Lect.
2469 1623 2507 1681 l.
2539 1641 2598 1698 3.
2629 1623 2882 1703 corrige;
2926 1630 3225 1695 κακούμενοι,
3255 1622 3350 1682 ubi
3379 1622 3653 1704 scriptum
3682 1629 3958 1700 κινούμενοι.

1049 1739 1107 1797 ρ.
1142 1738 1276 1796 233.
1303 1722 1368 1778 F.
1405 1721 1486 1798 (p.
1516 1737 1654 1796 423.
1686 1720 1722 1778 Ι.
1751 1723 1872 1795 11.)
1921 1720 2068 1779 Dele
2098 1721 2369 1800 virgulam
2401 1720 2548 1779 inter
2572 1726 2810 1796 μαντείας
2835 1735 2893 1780 et
2919 1728 3016 1780 οὐκ.

1049 1838 1104 1895 p.
1140 1836 1273 1893 234.
1298 1819 1377 1877 D.
1413 1821 1493 1894 (p.
1524 1834 1665 1895 425.
1698 1817 1735 1876 l.
1767 1823 1850 1894 5.)
1893 1818 1953 1876 in
1984 1819 2113 1877 Var.
2143 1819 2305 1878 Lect.
2336 1820 2407 1878 ad
2439 1821 2589 1878 hunc
2617 1820 2803 1879 locum
2835 1820 2955 1899 lege
2984 1826 3102 1877 ἀλλ’
3131 1818 3312 1878 ἔνδοθεν
3342 1839 3442 1896 pro
3469 1825 3525 1876 ἀ.
3555 1818 3762 1879 ἔκδοθεν.

1045 1947 1128 1958 -
1154 1916 1216 1973 F.
1254 1917 1336 1993 (p.
1364 1916 1502 1989 426.
1548 1915 1585 1973 Ι.
1623 1919 1701 1986 2.)
1749 1915 1805 1974 111
1835 1916 1971 1973 Var.
2000 1917 2163 1976 Lect.
2194 1918 2316 1996 lege
2346 1916 2404 1975 in
2436 1920 2546 1976 fine
2574 1917 2977 1976 Annotationis
3005 1921 3410 1995 συγχωρηθέντας
3437 1937 3538 1996 pro
3567 1922 3840 1994 συγχωρεθ.

1045 2033 1102 2091 p.
1138 2015 1270 2090 256.
1302 2014 1368 2072 C.
1403 2017 1483 2092 (p.
1514 2030 1654 2091 457.
1683 2014 1725 2073 Ι.
1758 2015 1842 2091 6.)
1900 2015 2052 2074 Dele
2077 2015 2353 2094 virgulam
2386 2014 2533 2074 inter
2556 2021 2837 2089 πάσχουσιν
2864 2030 2924 2073 et
2948 2015 3087 2088 ὅμως.

1047 2144 1131 2157 -
1158 2114 1239 2170 D.
1275 2114 1360 2191 (p.
1390 2128 1526 2189 457.
1566 2112 1603 2171 Ι.
1628 2131 1687 2187 4.
1719 2133 1753 2171 a
1781 2113 1908 2186 fin.)
1940 2112 1995 2170 in
2026 2113 2250 2172 Latinis
2278 2133 2379 2192 pro
2409 2112 2589 2171 mixto
2617 2114 2866 2193 perfecta
2892 2113 3269 2180 scribendum,
3296 2132 3371 2172 m.
3394 2111 3675 2190 proesecta.
3760 2111 3911 2172 lbid.
3940 2112 4000 2172 in
4029 2113 4163 2172 Var.
4191 2114 4355 2172 Lect.
4384 2114 4452 2172 sd

963 2209 1000 2267 Ι.
1032 2225 1121 2285 17.
1153 2209 1496 2279 addendum,
1529 2210 1686 2269 Edit.
1717 2209 1889 2269 Basil.
1917 2212 1979 2268 τό
2004 2237 2064 2286 γε
2123 2263 2128 2268 .

1041 2328 1096 2386 p.
1133 2311 1266 2384 265.
1299 2310 1367 2368 C.
1403 2309 1483 2387 (p.
1508 2309 1645 2383 476.
1676 2308 1717 2367 Ι.
1747 2312 1860 2385 15.)
1909 2307 2103 2367 Scribe
2128 2310 2211 2366 τὸν
2235 2317 2460 2366 ποιοῦντα
2487 2311 2629 2384 λόγον
2655 2329 2760 2388 pro
2786 2312 2876 2379 τὴν
2901 2336 2956 2367 οτ.
2985 2319 3037 2366 λ.

1037 2438 1120 2450 -
1149 2407 1213 2465 F.
1250 2416 1334 2485 (p.
1357 2423 1498 2483 477.
1529 2407 1565 2464 l.
1600 2409 1720 2483 15.)
1769 2406 1942 2486 Lege,
1971 2406 2160 2465 deleta
2188 2405 2555 2465 distinctione
2588 2414 2831 2486 majore:
2879 2408 2979 2467 εἴτε
3004 2408 3093 2466 καὶ
3116 2408 3268 2483 τέχνῃ
3292 2409 3584 2484 Ἡφαίστου
3607 2406 3873 2482 γενομένω.

1041 2526 1097 2584 p.
1132 2507 1267 2565 266.
1300 2507 1367 2565 C.
1405 2508 1490 2584 (p.
1514 2521 1653 2583 479.
1683 2504 1722 2563 l.
1746 2505 1802 2574 6,
1829 2508 1911 2581 7.)
1946 2504 2002 2563 111
2032 2503 2256 2563 Latinis
2282 2507 2482 2573 scribe,
2515 2504 2611 2565 ubi
2641 2519 2833 2565 tamen
2862 2510 2983 2583 quis
3012 2525 3114 2584 pro
3142 2526 3199 2564 u.
3229 2517 3271 2562 t.
3300 2524 3450 2580 quos.

1039 2624 1096 2681 p.
1125 2622 1257 2679 270.
1283 2605 1349 2661 C.
1383 2605 1465 2682 (p.
1486 2604 1627 2679 487.
1657 2599 1698 2662 l.
1724 2621 1815 2681 17,
1844 2605 1963 2681 18.)
2006 2603 2315 2684 Distingne
2355 2599 2496 2671 εἶναι,
2526 2608 2639 2661 καθ’
2668 2604 2880 2662 ἕκαστον
2915 2604 3057 2662 τόπον
3091 2607 3165 2660 τὰ
3201 2608 3361 2660 αὖτόν
3397 2627 3445 2660 κ.
3463 2626 3514 2660 τ.
3535 2612 3587 2662 λ.
3670 2601 3891 2661 Ibidem
3928 2622 3985 2683 p.
4010 2602 4148 2676 488.
4178 2601 4215 2660 l.
4240 2621 4297 2674 4.
4328 2601 4451 2660 dele

957 2720 1183 2760 comma
1211 2701 1358 2760 inter
1385 2700 1446 2757 dlv
1473 2712 1533 2759 et
1559 2705 1719 2775 χείρω.

1037 2820 1093 2878 p.
1128 2817 1261 2874 272.
1292 2800 1361 2857 Β.
1396 2802 1478 2878 (p.
1496 2818 1636 2876 491.
1666 2798 1703 2857 l.
1735 2802 1858 2871 10.)
1901 2799 2208 2878 Distingue
2235 2804 2620 2878 περιλαμβάνειν
2648 2798 2880 2868 συντάξει
2905 2809 3025 2873 μιᾷ,
3053 2805 3114 2867 ὥς

1037 2920 1092 2977 p.
1128 2915 1261 2974 275.
1291 2900 1363 2957 G.
1398 2898 1481 2975 (p.
1511 2916 1651 2973 499.
1681 2896 1718 2954 l.
1752 2899 1868 2970 12.)
1916 2898 2222 2974 Distingne
2248 2903 2390 2956 κατὰ
2414 2901 2628 2972 πρόνοιαν
2655 2900 2722 2956 δέ.
2763 2902 3019 2976 σύμφωνον

1036 3016 1092 3074 p.
1127 2997 1261 3070 283.
1290 2995 1358 3052 Α.
1391 2996 1473 3072 (ρ.
1506 3013 1643 3070 512.
1674 2996 1712 3052 Ι.
1744 2997 1863 3073 12.)
1906 2995 2065 3074 Lege
2091 2999 2294 3072 «γένηται
2322 3017 2426 3074 pro
2453 2998 2704 3073 γέννηται.
2910 2999 2913 3002 ’

1033 3112 1090 3171 p.
1125 3092 1257 3166 284.
1288 3093 1354 3149 C.
1387 3088 1471 3169 (p.
1496 3109 1632 3167 514.
1662 3091 1699 3149 1.
1732 3097 1850 3168 13.)
1897 3096 1962 3151 C.
1990 3095 2064 3152 E.
2097 3096 2162 3151 C.
2193 3094 2590 3163 Schneiderus,
2620 3094 2716 3173 qui
2743 3095 2814 3153 ad
2840 3092 3095 3152 Platonis
3123 3092 3387 3172 Rempbl.
3416 3093 3499 3152 X.
3529 3113 3586 3171 p.
3610 3090 3748 3151 620.
3772 3093 3843 3154 Α.
3876 3092 4013 3168 (vol.
4043 3092 4155 3151 III.
4188 3112 4246 3171 p.
4273 3092 4437 3170 297.)

952 3189 1075 3247 baec
1101 3187 1308 3247 Plotini
1336 3190 1506 3246 verba
1533 3188 1741 3258 laudat,
1771 3189 1849 3248 lta
1876 3191 2069 3251 scriblt
2091 3216 2104 3250 :
2152 3200 2190 3226 “
2207 3200 2273 3258 εἷς
2298 3196 2381 3251 τὸν
2407 3197 2593 3271 οὖρανὶν
2616 3197 2698 3251 ἀεὶ
2725 3195 2992 3270 αἶρομένου(
3021 3192 3088 3266 (f.
3118 3192 3386 3268 ὁρωμένους)
3418 3197 3484 3258 εἰς
3508 3189 3685 3268 ’ὄρυξ’
3713 3215 3761 3248 κ.
3780 3215 3831 3247 τ.
3848 3201 3899 3248 λ.
3969 3188 4258 3248 Νἱῐιιίωῐη
4288 3189 4442 3249 vide-

953 3299 1046 3349 tur
1071 3309 1141 3347 ex
1166 3285 1462 3347 Ficiniano
1495 3290 1840 3364 suspicientes
1871 3288 2035 3348 istam
2073 3289 2453 3366 conjecturam
2488 3290 2783 3350 effinxisse.
2868 3289 2980 3350 Sed
3012 3289 3197 3348 nullus
3234 3288 3495 3349 codicum
3529 3309 3661 3348 mss.
3691 3289 4046 3369 suffragatur,
4075 3298 4135 3348 et
4162 3287 4335 3347 illud:
4379 3293 4445 3354 εἰς

949 3389 1032 3445 τὸν
1056 3388 1240 3465 οὐρανὸν
1265 3388 1346 3444 ἀεὶ
1374 3389 1637 3463 αἰρομένους
1668 3389 1775 3462 (ita
1808 3387 1960 3447 enim
1998 3388 2421 3468 corrigendum)
2453 3389 2510 3447 in
2550 3393 2740 3448 coelum
2777 3404 3050 3469 perpetuo
3078 3392 3252 3447 elatos
3279 3401 3412 3467 apte
3449 3390 3713 3468 congruit
3738 3385 4139 3466 sequentibus:
4184 3391 4444 3463 μετεώρους

948 3510 1063 3553 ταις
1085 3510 1348 3555 πτησεσιν.

1028 3615 1108 3627 -·
1137 3584 1215 3641 D.
1250 3585 1333 3660 (p.
1366 3598 1503 3658 515.
1544 3580 1581 3639 l.
1611 3582 1696 3657 6.)
1741 3586 1765 3641 ὃ
1800 3585 1982 3656 δαίμων
2010 3585 2065 3642 τὸ
2103 3584 2217 3661 ὑπὲρ
2243 3592 2401 3655 τοῦτο,
2431 3589 2658 3662 ἐφεστὼς
2681 3588 2840 3664 ἀργός.
2923 3587 3252 3645 Extremam
3279 3604 3484 3644 vocem
3532 3604 3645 3643 non
3685 3583 3891 3664 legisse
3929 3581 4130 3642 dixeris
4155 3582 4433 3649 Ficinum,

947 3681 1044 3757 qui
1083 3699 1200 3738 non
1230 3677 1388 3737 addit
1415 3682 1618 3737 ociosus
1642 3679 1730 3739 vel
1761 3685 1944 3739 otiose.
2031 3684 2138 3741 Est
2170 3696 2363 3743 tamen
2390 3685 2451 3742 in
2482 3686 2751 3743 omnibus
2779 3683 2940 3742 libris
2970 3702 3101 3740 mss.
3186 3682 3330 3743 Quae
3368 3679 3427 3738 111
3457 3684 3666 3740 Annot.
3697 3680 3755 3736 in
3784 3680 3843 3737 h.
3874 3677 3911 3735 l.
3940 3697 3974 3736 e
3999 3677 4186 3737 Servio
4213 3677 4271 3736 in
4303 3677 4431 3735 Vir-

946 3776 1141 3855 gilium
1179 3775 1436 3854 adposui,
1468 3778 1664 3836 eadem
1708 3778 1906 3838 iisdem
1944 3783 2356 3860 propemodum
2391 3785 2571 3842 verbis
2601 3783 2864 3862 leguntur
2892 3780 2949 3838 in
2982 3779 3108 3838 loco
3136 3778 3208 3836 de
3235 3779 3478 3838 Plutone
3517 3779 3667 3856 apud
3695 3778 4178 3857 Mythographum
4206 3779 4435 3837 tertium

951 3876 1033 3949 (in
1066 3873 1332 3933 Classico.
1359 3875 1653 3934 Auctorib.
1675 3875 1965 3936 Vaticanis
1994 3880 2079 3937 ed.
2110 3882 2253 3959 Aug.
2281 3882 2444 3941 Maii.
2484 3883 2657 3940 Tom.
2681 3881 2794 3939 111.
2824 3882 2871 3952 ξ.
2906 3879 3020 3955 19.)
3053 3897 3109 3955 p.
3138 3895 3270 3954 199.

1025 3994 1082 4051 p.
1119 3974 1252 4032 286.
1281 3975 1349 4031 C.
1383 3971 1468 4050 (p.
1501 3989 1640 4050 519.
1685 3973 1722 4031 Ι.
1755 3978 1829 4049 1.)
1876 3977 2023 4035 Dele
2049 3979 2217 4036 colon
2252 3991 2381 4055 post
2410 3979 2541 4052 ᾅδου.

1023 4105 1105 4117 -
1130 4072 1195 4128 F.
1239 4070 1294 4127 in
1325 4072 1461 4129 Var.
1496 4072 1652 4130 Lect.
1683 4073 1755 4130 ad
1783 4071 1819 4130 l.
1859 4089 1949 4150 15.
1989 4075 2069 4154 (p.
2097 4079 2258 4153 519.)
2291 4075 2438 4135 linea
2464 4074 2913 4155 antepenultima
2938 4073 3118 4132 scribe
3147 4076 3241 4149 qui
3267 4092 3371 4151 pro
3398 4075 3563 4150 quod.

1025 4190 1078 4246 p.
1114 4169 1245 4244 287.
1277 4169 1350 4228 Β.
1386 4171 1471 4248 (ρ.
1502 4186 1640 4245 520.
1669 4170 1708 4229 l.
1738 4171 1797 4228 6.
1824 4191 1858 4229 a
1885 4174 1983 4230 fin.
2014 4172 2070 4230 in
2108 4174 2374 4249 Latinis.)
2423 4175 2579 4254 Lege
2608 4176 2941 4247 eandemque
2967 4191 3070 4249 pro
3098 4174 3409 4246 eademque.

1026 4288 1081 4346 p.
1124 4285 1258 4340 291.
1293 4268 1377 4344 (p.
1412 4268 1545 4343 528.
1578 4268 1618 4327 l.
1658 4287 1746 4326 10.
1777 4268 1832 4326 111
1863 4270 2132 4346 Latinis.)
2183 4272 2394 4343 Scribe,
2423 4276 2538 4330 sine
2567 4271 2795 4330 rationis
2826 4283 2975 4337 actu,
3006 4290 3109 4348 pro
3137 4290 3206 4327 ne
3233 4290 3277 4329 r.
3308 4289 3358 4328 a.

1024 4384 1079 4441 p.
1109 4382 1241 4439 293.
1266 4364 1334 4421 B.
1368 4366 1450 4441 (p.
1479 4380 1615 4440 531.
1646 4364 1685 4424 l.
1708 4367 1766 4425 6.
1795 4367 1853 4425 in
1885 4368 2048 4447 Lat.)
2107 4369 2342 4449 Corrige
2369 4390 2605 4446 quonam
2633 4372 2811 4440 modo,
2842 4367 2977 4427 licet
3000 4366 3172 4426 etiam
3201 4366 3375 4426 editio
3403 4365 3663 4445 princeps
3690 4364 3915 4432 habeat,
3947 4368 4360 4441 quodammodo.

1023 4482 1077 4538 p.
1113 4479 1248 4535 294.
1280 4461 1356 4518 D.
1392 4463 1471 4539 (p.
1496 4479 1632 4540 534.
1666 4465 1705 4522 l.
1734 4469 1818 4544 2.)
1850 4467 2153 4546 Distingue
2179 4472 2505 4544 γεγενημένος.
2545 4477 2641 4525 Τοῦ
2668 4468 2717 4525 δὲ
2746 4468 2930 4541 κόσμου
2956 4491 3004 4523 κ.
3026 4490 3077 4521 τ.
3096 4476 3149 4525 λ.

1018 4591 1101 4603 --
1126 4560 1197 4617 E.
1233 4561 1315 4636 (p.
1349 4574 1486 4635 534.
1517 4559 1553 4617 Ι.
1584 4563 1671 4638 9.)
1734 4565 1932 4622 Scribe
1961 4568 2114 4642 ἐκείνῃ
2145 4586 2246 4643 pro
2275 4569 2446 4636 ἐκείνη.

1019 4678 1074 4734 p.
1110 4658 1243 4732 296.
1277 4659 1346 4716 Β.
1382 4660 1465 4737 (ρ.
1496 4675 1634 4734 537.
1664 4660 1703 4718 l.
1735 4677 1791 4738 5,
1823 4663 1882 4721 6.
1914 4662 1974 4720 111
2003 4663 2276 4729 Latinis.)
2338 4664 2480 4743 Leg.
2513 4665 2745 4721 visibiles
2769 4682 2874 4740 pro
2904 4661 3206 4719 divisibiles.

1018 4788 1099 4799 —
1128 4756 1190 4813 F.
1225 4757 1307 4833 (p.
1340 4771 1371 4832 5
1381 4758 1501 4831 38.-
1522 4756 1562 4815 Ι.
1596 4759 1717 4833 16.)
1777 4760 1924 4819 Dele
1964 4780 2191 4819 comma
2233 4762 2381 4820 inter
2407 4770 2491 4818 τοῦ
2508 4762 2715 4839 Ἔρωτος
2742 4764 2849 4818 2ιὸ
2878 4763 3114 4817 Πλάτων.
3183 4757 3395 4815 Verum
3426 4755 3581 4824 talia,
3610 4775 3735 4833 quoe
3763 4754 3847 4814 vel
3874 4773 3941 4813 ex
3971 4753 4221 4814 versione
4249 4752 4424 4814 Ficini

938 4852 1215 4933 corrigere
1242 4853 1421 4912 lector
1449 4854 1645 4933 possit,
1675 4869 1734 4914 et
1760 4860 1999 4917 antebac
2029 4858 2357 4937 saepinscule
2386 4857 2739 4936 praetermisi,
2769 4877 2876 4916 nec
2903 4856 3139 4934 posthac
3168 4856 3401 4915 notabo.

1016 4971 1071 5029 p.
1108 4969 1240 5029 297.
1271 4953 1337 5009 Β.
1374 4956 1457 5029 (ρ.
1489 4968 1626 5029 539.
1658 4952 1693 5011 Ι.
1731 4972 1754 5011 1
1774 4974 1822 5011 1.
1852 4954 1909 5013 111
1939 4959 2152 5016 Α111101.
2181 4957 2364 5014 Variae
2392 4955 2732 5031 Lectionis.)
2794 4956 3078 5034 Expunge
3105 4966 3236 5031 post
3260 4952 3593 5029 ἀνακριθέντος
3616 4951 3787 5010 verba
3815 4953 3959 5026 quod
3985 4950 4309 5008 exhibemus.

1015 5082 1098 5095 --
1125 5050 1202 5108 D.
1236 5052 1318 5127 (p.
1350 5068 1486 5126 540.
1518 5051 1558 5109 l.
1591 5054 1678 5127 5.)
1738 5051 2130 5120 Scribendnm,
2160 5060 2277 5111 κατ’
2306 5053 2461 5110 ἄλλον
2487 5055 2573 5110 καὶ
2598 5052 2770 5119 ἄλλον,
2802 5072 2904 5131 pro
2932 5078 2979 5109 κ.
3008 5052 3064 5109 ἄ.
3096 5051 3146 5110 δὲ
3174 5050 3231 5109 ὅ.

1019 5168 1071 5225 p.
1103 5164 1239 5224 305.
1274 5148 1340 5205 E.
1375 5151 1458 5225 (p.
1485 5149 1619 5225 556.
1653 5149 1689 5206 l.
1725 5152 1844 5223 10.)
1888 5155 2131 5227 πράττων.
2204 5153 2566 5210 correxeram
2595 5156 2829 5227 σράττον.

1017 5267 1073 5324 p.
1097 5264 1233 5323 309.
1265 5247 1328 5305 F.
1367 5249 1452 5324 (p.
1478 5249 1616 5323 564.
1648 5247 1684 5304 l.
1719 5249 1837 5323 16.)
1896 5248 2051 5327 Lege
2077 5251 2199 5307 αὐτὸ
2228 5270 2329 5328 pro
2355 5253 2494 5307 αὐτό.
2564 5247 2693 5306 Lin.
2726 5267 2842 5325 seq.
2872 5244 3102 5304 Ficinus
3131 5245 3350 5304 videtur
3376 5244 3576 5325 legisse
3602 5244 3748 5303 ἄλλα
3774 5263 3877 5323 pro
3904 5249 4065 5302 ἀλλά.
4151 5244 4236 5302 Ex
4262 5242 4416 5301 libris

939 5362 1073 5400 mss.
1106 5342 1241 5400 nibil
1270 5343 1594 5402 differentia.-
1624 5358 1938 5404 enotatnm.

1018 5460 1070 5516 p.
1104 5456 1241 5513 311.
1275 5441 1335 5497 F.
1370 5442 1452 5517 (p.
1483 5443 1623 5516 568.
1666 5442 1703 5501 l.
1735 5443 2088 5522 antepenult.
2118 5444 2176 5502 in
2207 5442 2475 5519 Latinis.)
2534 5443 2645 5502 Pro
2681 5442 2889 5519 qfficiat
2917 5439 3133 5500 videtur
3159 5439 3517 5500 scribendum
3552 5441 3772 5518 efficiat,
3801 5439 3934 5500 licet
3969 5438 4110 5498 illud
4146 5437 4314 5498 etiam
4353 5439 4411 5496 in

935 5535 1066 5593 edit.
1095 5534 1272 5614 princ.
1303 5552 1644 5615 compareat.
