<?xml version="1.0" encoding="UTF-8"?>
<!DOCTYPE html PUBLIC "-//W3C//DTD XHTML 1.0 Transitional//EN"
    "http://www.w3.org/TR/xhtml1/DTD/xhtml1-transitional.dtd">
<html xmlns="http://www.w3.org/1999/xhtml" xml:lang="en" lang="en">
 <head>
  <title>
</title>
<meta http-equiv="Content-Type" content="text/html;charset=utf-8" />
  <meta name='ocr-system' content='tesseract 3.04.00' />
  <meta name='ocr-capabilities' content='ocr_page ocr_carea ocr_par ocr_line ocrx_word'/>
</head>
<body>
  <div class='ocr_page' id='page_1' title='image "./plotinioperaomn00chumgoog_0411.png"; bbox 0 0 5118 6613; ppageno 0'>
   <div class='ocr_carea' id='block_1_1' title="bbox 1347 537 3308 628">
    <p class='ocr_par' dir='ltr' id='par_1_1' title="bbox 1347 537 3308 628">
     <span class='ocr_line' id='line_1_1' title="bbox 1347 537 3308 628; baseline 0.001 -24"><span class='ocrx_word' id='word_1_1' title='bbox 1347 538 1556 605; x_wconf 92' lang='lat' dir='ltr'><strong>LIB.</strong></span> <span class='ocrx_word' id='word_1_2' title='bbox 1589 537 1753 606; x_wconf 88' lang='lat' dir='ltr'><strong>VII.</strong></span> <span class='ocrx_word' id='word_1_3' title='bbox 1798 540 2263 607; x_wconf 89' lang='lat' dir='ltr'><strong>ENNEAD.</strong></span> <span class='ocrx_word' id='word_1_4' title='bbox 2313 539 2705 605; x_wconf 85' lang='lat' dir='ltr'><strong>SEXTAE.</strong></span> <span class='ocrx_word' id='word_1_5' title='bbox 2757 561 2828 627; x_wconf 87' lang='lat' dir='ltr'><strong>p.</strong></span> <span class='ocrx_word' id='word_1_6' title='bbox 2867 559 3308 628; x_wconf 85' lang='lat'><strong>1333—1341.</strong></span> 
     </span>
    </p>
   </div>
   <div class='ocr_carea' id='block_1_2' title="bbox 571 710 2284 5547">
    <p class='ocr_par' dir='ltr' id='par_1_2' title="bbox 572 710 2273 1210">
     <span class='ocr_line' id='line_1_2' title="bbox 574 710 2267 800; baseline 0.001 -24"><span class='ocrx_word' id='word_1_7' title='bbox 574 710 668 777; x_wconf 91' lang='lat' dir='ltr'><strong>dit</strong></span> <span class='ocrx_word' id='word_1_8' title='bbox 698 711 925 778; x_wconf 85' lang='lat' dir='ltr'><strong>Kiessl.</strong></span> <span class='ocrx_word' id='word_1_9' title='bbox 957 725 1023 777; x_wconf 89' lang='lat' dir='ltr'><strong>et</strong></span> <span class='ocrx_word' id='word_1_10' title='bbox 1051 711 1140 778; x_wconf 91' lang='lat' dir='ltr'><strong>ita</strong></span> <span class='ocrx_word' id='word_1_11' title='bbox 1166 711 1351 800; x_wconf 89' lang='lat' dir='ltr'><strong>plane</strong></span> <span class='ocrx_word' id='word_1_12' title='bbox 1382 712 1540 778; x_wconf 91' lang='lat' dir='ltr'><strong>Cod.</strong></span> <span class='ocrx_word' id='word_1_13' title='bbox 1575 714 1839 779; x_wconf 88' lang='lat' dir='ltr'><strong>Memm.</strong></span> <span class='ocrx_word' id='word_1_14' title='bbox 1873 713 1936 778; x_wconf 92' lang='lat' dir='ltr'><strong>in</strong></span> <span class='ocrx_word' id='word_1_15' title='bbox 1968 712 2118 778; x_wconf 89' lang='lat' dir='ltr'><strong>meis</strong></span> <span class='ocrx_word' id='word_1_16' title='bbox 2156 736 2267 778; x_wconf 83' lang='lat' dir='ltr'><strong>ex-</strong></span> 
     </span>
     <span class='ocr_line' id='line_1_3' title="bbox 573 815 2272 903; baseline 0.001 -22"><span class='ocrx_word' id='word_1_17' title='bbox 573 819 822 903; x_wconf 83' lang='lat' dir='ltr'><strong>cerptt.)</strong></span> <span class='ocrx_word' id='word_1_18' title='bbox 860 815 955 880; x_wconf 84' lang='grc' dir='ltr'><strong>καὶ</strong></span> <span class='ocrx_word' id='word_1_19' title='bbox 985 815 1536 896; x_wconf 79' lang='grc' dir='ltr'>κατεσκευασμένας</span> <span class='ocrx_word' id='word_1_20' title='bbox 1561 815 1657 881; x_wconf 84' lang='grc' dir='ltr'>ὑπ’</span> <span class='ocrx_word' id='word_1_21' title='bbox 1683 817 1876 882; x_wconf 78' lang='grc' dir='ltr'>αὐτῶν</span> <span class='ocrx_word' id='word_1_22' title='bbox 1901 825 2020 882; x_wconf 88' lang='grc' dir='ltr'><strong>τῶν</strong></span> <span class='ocrx_word' id='word_1_23' title='bbox 2049 820 2272 900; x_wconf 77' lang='grc' dir='ltr'>ἀνθρώ-</span> 
     </span>
     <span class='ocr_line' id='line_1_4' title="bbox 572 919 2273 1002; baseline 0 -19"><span class='ocrx_word' id='word_1_24' title='bbox 572 919 878 983; x_wconf 84' lang='grc' dir='ltr'>πων.-τὸ</span> <span class='ocrx_word' id='word_1_25' title='bbox 909 921 973 982; x_wconf 76' lang='grc' dir='ltr'>δὲ</span> <span class='ocrx_word' id='word_1_26' title='bbox 1004 921 1308 998; x_wconf 74' lang='grc' dir='ltr'>ἐπιθυμεῖν</span> <span class='ocrx_word' id='word_1_27' title='bbox 1328 919 1643 1002; x_wconf 80' lang='grc' dir='ltr'>περιέργου</span> <span class='ocrx_word' id='word_1_28' title='bbox 1668 920 1762 984; x_wconf 87' lang='grc' dir='ltr'><strong>καὶ</strong></span> <span class='ocrx_word' id='word_1_29' title='bbox 1790 924 2154 987; x_wconf 72' lang='grc' dir='ltr'>πολυτελοῦς</span> <span class='ocrx_word' id='word_1_30' title='bbox 2177 920 2273 984; x_wconf 88' lang='grc' dir='ltr'><strong>καὶ</strong></span> 
     </span>
     <span class='ocr_line' id='line_1_5' title="bbox 572 1021 2273 1104; baseline 0.001 -16"><span class='ocrx_word' id='word_1_31' title='bbox 572 1024 840 1102; x_wconf 84' lang='grc' dir='ltr'>ποικίλης</span> <span class='ocrx_word' id='word_1_32' title='bbox 861 1021 1145 1102; x_wconf 87' lang='grc' dir='ltr'>οἰκήσεως</span> <span class='ocrx_word' id='word_1_33' title='bbox 1168 1023 1465 1104; x_wconf 88' lang='grc' dir='ltr'>(οἰκίσεως</span> <span class='ocrx_word' id='word_1_34' title='bbox 1494 1022 1596 1087; x_wconf 90' lang='lat' dir='ltr'><strong>ed.</strong></span> <span class='ocrx_word' id='word_1_35' title='bbox 1614 1026 1837 1087; x_wconf 83' lang='lat' dir='ltr'><strong>Arcer.</strong></span> <span class='ocrx_word' id='word_1_36' title='bbox 1858 1022 1965 1087; x_wconf 89' lang='lat' dir='ltr'><strong>sed</strong></span> <span class='ocrx_word' id='word_1_37' title='bbox 1990 1021 2273 1103; x_wconf 83' lang='grc' dir='ltr'>οἰκήσεως</span> 
     </span>
     <span class='ocr_line' id='line_1_6' title="bbox 572 1124 2269 1210; baseline -0.001 -19"><span class='ocrx_word' id='word_1_38' title='bbox 572 1127 755 1192; x_wconf 83' lang='lat' dir='ltr'><strong>etiam</strong></span> <span class='ocrx_word' id='word_1_39' title='bbox 790 1127 1088 1210; x_wconf 89' lang='lat' dir='ltr'><strong>Memm.)</strong></span> <span class='ocrx_word' id='word_1_40' title='bbox 1131 1126 1442 1205; x_wconf 76' lang='grc' dir='ltr'>ἐπίκτητον</span> <span class='ocrx_word' id='word_1_41' title='bbox 1483 1124 1655 1190; x_wconf 79' lang='grc' dir='ltr'>εἶναι.</span> <span class='ocrx_word' id='word_1_42' title='bbox 1749 1125 2067 1191; x_wconf 83' lang='lat' dir='ltr'><strong>Proclus</strong></span> <span class='ocrx_word' id='word_1_43' title='bbox 2052 1148 2114 1190; x_wconf 82' lang='lat' dir='ltr'><strong>ln</strong></span> <span class='ocrx_word' id='word_1_44' title='bbox 2148 1126 2269 1191; x_wconf 89' lang='lat' dir='ltr'><strong>Al-</strong></span> 
     </span>
    </p>

    <p class='ocr_par' dir='ltr' id='par_1_3' title="bbox 571 1228 2275 1941">
     <span class='ocr_line' id='line_1_7' title="bbox 573 1228 2275 1316; baseline 0.002 -24"><span class='ocrx_word' id='word_1_45' title='bbox 573 1228 691 1293; x_wconf 88' lang='lat' dir='ltr'><strong>cib.</strong></span> <span class='ocrx_word' id='word_1_46' title='bbox 724 1250 822 1316; x_wconf 85' lang='lat' dir='ltr'><strong>pr.</strong></span> <span class='ocrx_word' id='word_1_47' title='bbox 864 1250 928 1315; x_wconf 93' lang='lat' dir='ltr'><strong>p.</strong></span> <span class='ocrx_word' id='word_1_48' title='bbox 968 1247 1125 1312; x_wconf 88' lang='grc'>103.</span> <span class='ocrx_word' id='word_1_49' title='bbox 1173 1229 1373 1310; x_wconf 90' lang='grc' dir='ltr'>τρίτον</span> <span class='ocrx_word' id='word_1_50' title='bbox 1416 1229 1485 1292; x_wconf 87' lang='grc' dir='ltr'>τὸ</span> <span class='ocrx_word' id='word_1_51' title='bbox 1530 1232 1606 1293; x_wconf 76' lang='grc' dir='ltr'>τὰ</span> <span class='ocrx_word' id='word_1_52' title='bbox 1648 1229 1995 1314; x_wconf 75' lang='grc' dir='ltr'>ὑπάρχοντα</span> <span class='ocrx_word' id='word_1_53' title='bbox 2034 1231 2275 1313; x_wconf 89' lang='grc' dir='ltr'>μεγάλα</span> 
     </span>
     <span class='ocr_line' id='line_1_8' title="bbox 575 1330 2268 1418; baseline 0.001 -22"><span class='ocrx_word' id='word_1_54' title='bbox 575 1331 725 1397; x_wconf 78' lang='grc' dir='ltr'>εἶναι</span> <span class='ocrx_word' id='word_1_55' title='bbox 753 1333 1051 1397; x_wconf 89' lang='grc' dir='ltr'>δείκνυσιν</span> <span class='ocrx_word' id='word_1_56' title='bbox 1082 1331 1364 1418; x_wconf 81' lang='grc' dir='ltr'>ἐπικτήτῳ</span> <span class='ocrx_word' id='word_1_57' title='bbox 1392 1331 1634 1415; x_wconf 83' lang='grc' dir='ltr'>μεγέθει</span> <span class='ocrx_word' id='word_1_58' title='bbox 1669 1334 2094 1413; x_wconf 84' lang='grc' dir='ltr'>κοσμούμενον,</span> <span class='ocrx_word' id='word_1_59' title='bbox 2130 1330 2268 1397; x_wconf 78' lang='grc' dir='ltr'>ἀλλ’</span> 
     </span>
     <span class='ocr_line' id='line_1_9' title="bbox 573 1433 2272 1523; baseline -0.001 -25"><span class='ocrx_word' id='word_1_60' title='bbox 573 1435 642 1498; x_wconf 78' lang='grc' dir='ltr'><strong>οὔ</strong></span> <span class='ocrx_word' id='word_1_61' title='bbox 669 1439 750 1520; x_wconf 70' lang='grc' dir='ltr'>τῷ</span> <span class='ocrx_word' id='word_1_62' title='bbox 779 1435 973 1521; x_wconf 77' lang='grc' dir='ltr'>οἰκείῳ</span> <span class='ocrx_word' id='word_1_63' title='bbox 1003 1441 1119 1499; x_wconf 91' lang='grc' dir='ltr'><strong>τῶν</strong></span> <span class='ocrx_word' id='word_1_64' title='bbox 1140 1442 1358 1518; x_wconf 74' lang='grc' dir='ltr'>ψυχῶν</span> <span class='ocrx_word' id='word_1_65' title='bbox 1387 1437 1523 1500; x_wconf 71' lang='grc' dir='ltr'>οὐδὲ</span> <span class='ocrx_word' id='word_1_66' title='bbox 1551 1440 1631 1523; x_wconf 71' lang='grc' dir='ltr'>τῷ</span> <span class='ocrx_word' id='word_1_67' title='bbox 1661 1436 1965 1518; x_wconf 83' lang='grc' dir='ltr'>αὖτοφυεῖ.</span> <span class='ocrx_word' id='word_1_68' title='bbox 2034 1433 2272 1498; x_wconf 83' lang='lat' dir='ltr'>Confer</span> 
     </span>
     <span class='ocr_line' id='line_1_10' title="bbox 571 1499 2269 1625; baseline -0.001 -22"><span class='ocrx_word' id='word_1_69' title='bbox 571 1553 635 1603; x_wconf 90' lang='lat' dir='ltr'><strong>et</strong></span> <span class='ocrx_word' id='word_1_70' title='bbox 663 1499 999 1625; x_wconf 86' lang='lat' dir='ltr'><strong>Wyttenb.</strong></span> <span class='ocrx_word' id='word_1_71' title='bbox 1032 1538 1115 1602; x_wconf 90' lang='lat' dir='ltr'><strong>ad</strong></span> <span class='ocrx_word' id='word_1_72' title='bbox 1155 1537 1472 1604; x_wconf 82' lang='lat' dir='ltr'><strong>Plutarch.</strong></span> <span class='ocrx_word' id='word_1_73' title='bbox 1503 1538 1583 1603; x_wconf 88' lang='lat' dir='ltr'><strong>de</strong></span> <span class='ocrx_word' id='word_1_74' title='bbox 1630 1539 1913 1603; x_wconf 86' lang='lat' dir='ltr'><strong>Discern.</strong></span> <span class='ocrx_word' id='word_1_75' title='bbox 1949 1535 2155 1602; x_wconf 90' lang='lat' dir='ltr'><strong>Adul.</strong></span> <span class='ocrx_word' id='word_1_76' title='bbox 2188 1537 2269 1602; x_wconf 89' lang='lat' dir='ltr'><strong>ab</strong></span> 
     </span>
     <span class='ocr_line' id='line_1_11' title="bbox 573 1640 2140 1729; baseline -0.001 -21"><span class='ocrx_word' id='word_1_77' title='bbox 573 1642 802 1708; x_wconf 88' lang='lat' dir='ltr'><strong>Amico</strong></span> <span class='ocrx_word' id='word_1_78' title='bbox 843 1664 909 1729; x_wconf 95' lang='lat' dir='ltr'><strong>p.</strong></span> <span class='ocrx_word' id='word_1_79' title='bbox 939 1661 1089 1727; x_wconf 85' lang='lat'><strong>502.</strong></span> <span class='ocrx_word' id='word_1_80' title='bbox 1133 1655 1197 1705; x_wconf 89' lang='lat' dir='ltr'><strong>et</strong></span> <span class='ocrx_word' id='word_1_81' title='bbox 1239 1640 1445 1727; x_wconf 87' lang='lat' dir='ltr'><strong>ipsum</strong></span> <span class='ocrx_word' id='word_1_82' title='bbox 1489 1658 1770 1707; x_wconf 84' lang='lat' dir='ltr'><strong>nostrum</strong></span> <span class='ocrx_word' id='word_1_83' title='bbox 1806 1642 1909 1706; x_wconf 93' lang='lat' dir='ltr'><strong>II.</strong></span> <span class='ocrx_word' id='word_1_84' title='bbox 1944 1662 2003 1726; x_wconf 90' lang='lat'><strong>9.</strong></span> <span class='ocrx_word' id='word_1_85' title='bbox 2041 1658 2140 1724; x_wconf 90' lang='lat'><strong>17.</strong></span> 
     </span>
     <span class='ocr_line' id='line_1_12' title="bbox 582 1744 2264 1833; baseline -0.002 -21"><span class='ocrx_word' id='word_1_86' title='bbox 582 1768 631 1812; x_wconf 84' lang='lat'><strong>1.</strong></span> <span class='ocrx_word' id='word_1_87' title='bbox 663 1768 727 1829; x_wconf 88' lang='lat'><strong>4.</strong></span> <span class='ocrx_word' id='word_1_88' title='bbox 773 1761 838 1811; x_wconf 90' lang='lat' dir='ltr'><strong>et</strong></span> <span class='ocrx_word' id='word_1_89' title='bbox 882 1769 1030 1833; x_wconf 85' lang='lat' dir='ltr'><strong>quae</strong></span> <span class='ocrx_word' id='word_1_90' title='bbox 1072 1745 1253 1832; x_wconf 89' lang='lat' dir='ltr'><strong>posui</strong></span> <span class='ocrx_word' id='word_1_91' title='bbox 1295 1744 1358 1808; x_wconf 88' lang='lat' dir='ltr'><strong>in</strong></span> <span class='ocrx_word' id='word_1_92' title='bbox 1405 1759 1617 1809; x_wconf 90' lang='lat' dir='ltr'><strong>annot.</strong></span> <span class='ocrx_word' id='word_1_93' title='bbox 1647 1744 1711 1808; x_wconf 89' lang='lat' dir='ltr'><strong>in</strong></span> <span class='ocrx_word' id='word_1_94' title='bbox 1758 1766 1902 1830; x_wconf 89' lang='lat' dir='ltr'><strong>pag.</strong></span> <span class='ocrx_word' id='word_1_95' title='bbox 1933 1759 2041 1829; x_wconf 83' lang='lat'><strong>54.</strong></span> <span class='ocrx_word' id='word_1_96' title='bbox 2074 1746 2152 1809; x_wconf 83' lang='lat' dir='ltr'><strong>C.</strong></span> <span class='ocrx_word' id='word_1_97' title='bbox 2178 1744 2264 1809; x_wconf 93' lang='lat' dir='ltr'><strong>D.</strong></span> 
     </span>
     <span class='ocr_line' id='line_1_13' title="bbox 574 1847 1782 1941; baseline -0.007 -23"><span class='ocrx_word' id='word_1_98' title='bbox 574 1851 913 1941; x_wconf 82' lang='lat' dir='ltr'><strong>proesertim</strong></span> <span class='ocrx_word' id='word_1_99' title='bbox 944 1850 1009 1913; x_wconf 89' lang='lat' dir='ltr'><strong>in</strong></span> <span class='ocrx_word' id='word_1_100' title='bbox 1043 1849 1173 1913; x_wconf 89' lang='lat' dir='ltr'><strong>Ed.</strong></span> <span class='ocrx_word' id='word_1_101' title='bbox 1210 1847 1510 1912; x_wconf 88' lang='lat' dir='ltr'><strong>Heidelb.</strong></span> <span class='ocrx_word' id='word_1_102' title='bbox 1542 1871 1606 1935; x_wconf 91' lang='lat' dir='ltr'><strong>p.</strong></span> <span class='ocrx_word' id='word_1_103' title='bbox 1636 1864 1782 1925; x_wconf 84' lang='lat'><strong>242.</strong></span> 
     </span>
    </p>

    <p class='ocr_par' dir='ltr' id='par_1_4' title="bbox 571 1949 2273 2660">
     <span class='ocr_line' id='line_1_14' title="bbox 656 1949 2272 2034; baseline -0.004 -16"><span class='ocrx_word' id='word_1_104' title='bbox 656 1992 744 2004; x_wconf 89' lang='lat'>—</span> <span class='ocrx_word' id='word_1_105' title='bbox 776 1974 801 2018; x_wconf 87' lang='lat'>1</span> <span class='ocrx_word' id='word_1_106' title='bbox 822 1975 875 2017; x_wconf 93' lang='lat'><strong>1.</strong></span> <span class='ocrx_word' id='word_1_107' title='bbox 923 1953 1099 2034; x_wconf 85' lang='grc' dir='ltr'>ἔλεγε</span> <span class='ocrx_word' id='word_1_108' title='bbox 1135 1953 1248 2032; x_wconf 77' lang='grc' dir='ltr'>μὲν</span> <span class='ocrx_word' id='word_1_109' title='bbox 1275 1953 1383 2015; x_wconf 77' lang='grc' dir='ltr'>οὖν</span> <span class='ocrx_word' id='word_1_110' title='bbox 1410 1953 1443 2014; x_wconf 85' lang='grc' dir='ltr'>ὁ</span> <span class='ocrx_word' id='word_1_111' title='bbox 1475 1951 1736 2015; x_wconf 81' lang='grc' dir='ltr'>Πλάτων</span> <span class='ocrx_word' id='word_1_112' title='bbox 1765 1950 1899 2033; x_wconf 88' lang='grc' dir='ltr'>περὶ</span> <span class='ocrx_word' id='word_1_113' title='bbox 1933 1952 2035 2028; x_wconf 84' lang='grc' dir='ltr'><strong>τῆς</strong></span> <span class='ocrx_word' id='word_1_114' title='bbox 2065 1949 2272 2018; x_wconf 79' lang='grc' dir='ltr'>οὐσίας</span> 
     </span>
     <span class='ocr_line' id='line_1_15' title="bbox 573 2051 2273 2143; baseline -0.004 -21"><span class='ocrx_word' id='word_1_115' title='bbox 573 2058 771 2141; x_wconf 88' lang='grc' dir='ltr'>λέγων</span> <span class='ocrx_word' id='word_1_116' title='bbox 811 2058 904 2121; x_wconf 82' lang='grc' dir='ltr'><strong>ὅτι</strong></span> <span class='ocrx_word' id='word_1_117' title='bbox 947 2056 1181 2143; x_wconf 89' lang='grc' dir='ltr'>νοήσει]</span> <span class='ocrx_word' id='word_1_118' title='bbox 1232 2054 1390 2120; x_wconf 86' lang='lat' dir='ltr'><strong>Cod.</strong></span> <span class='ocrx_word' id='word_1_119' title='bbox 1427 2056 1574 2118; x_wconf 87' lang='lat' dir='ltr'><strong>Vat.</strong></span> <span class='ocrx_word' id='word_1_120' title='bbox 1614 2053 1878 2118; x_wconf 82' lang='grc' dir='ltr'>Πλάτων</span> <span class='ocrx_word' id='word_1_121' title='bbox 1922 2051 2050 2116; x_wconf 90' lang='lat' dir='ltr'><strong>sine</strong></span> <span class='ocrx_word' id='word_1_122' title='bbox 2095 2051 2273 2116; x_wconf 87' lang='lat' dir='ltr'><strong>Arti-</strong></span> 
     </span>
     <span class='ocr_line' id='line_1_16' title="bbox 575 2153 2272 2245; baseline -0.006 -17"><span class='ocrx_word' id='word_1_123' title='bbox 575 2163 740 2240; x_wconf 87' lang='lat' dir='ltr'><strong>cul0,</strong></span> <span class='ocrx_word' id='word_1_124' title='bbox 798 2176 862 2226; x_wconf 87' lang='lat' dir='ltr'><strong>et</strong></span> <span class='ocrx_word' id='word_1_125' title='bbox 918 2158 1250 2224; x_wconf 87' lang='lat' dir='ltr'><strong>articulum</strong></span> <span class='ocrx_word' id='word_1_126' title='bbox 1311 2157 1585 2245; x_wconf 87' lang='lat' dir='ltr'><strong>plurium</strong></span> <span class='ocrx_word' id='word_1_127' title='bbox 1648 2155 1852 2220; x_wconf 87' lang='lat' dir='ltr'><strong>codd.</strong></span> <span class='ocrx_word' id='word_1_128' title='bbox 1904 2153 2272 2219; x_wconf 83' lang='lat' dir='ltr'><strong>auctoritate</strong></span> 
     </span>
     <span class='ocr_line' id='line_1_17' title="bbox 574 2259 2270 2331; baseline -0.005 0"><span class='ocrx_word' id='word_1_129' title='bbox 574 2280 718 2331; x_wconf 88' lang='lat' dir='ltr'><strong>ante</strong></span> <span class='ocrx_word' id='word_1_130' title='bbox 742 2265 863 2329; x_wconf 93' lang='lat' dir='ltr'><strong>hoc</strong></span> <span class='ocrx_word' id='word_1_131' title='bbox 891 2285 1115 2327; x_wconf 89' lang='lat' dir='ltr'><strong>nornen</strong></span> <span class='ocrx_word' id='word_1_132' title='bbox 1147 2261 1491 2325; x_wconf 85' lang='lat' dir='ltr'><strong>delevimus</strong></span> <span class='ocrx_word' id='word_1_133' title='bbox 1533 2259 1679 2325; x_wconf 88' lang='lat' dir='ltr'><strong>alibi</strong></span> <span class='ocrx_word' id='word_1_134' title='bbox 1723 2260 1787 2323; x_wconf 92' lang='lat' dir='ltr'><strong>in</strong></span> <span class='ocrx_word' id='word_1_135' title='bbox 1827 2259 1921 2323; x_wconf 89' lang='lat' dir='ltr'><strong>his</strong></span> <span class='ocrx_word' id='word_1_136' title='bbox 1951 2259 2270 2324; x_wconf 86' lang='lat' dir='ltr'><strong>Enneadi-</strong></span> 
     </span>
     <span class='ocr_line' id='line_1_18' title="bbox 571 2362 2272 2451; baseline -0.004 -19"><span class='ocrx_word' id='word_1_137' title='bbox 571 2368 715 2433; x_wconf 91' lang='lat' dir='ltr'><strong>bus.</strong></span> <span class='ocrx_word' id='word_1_138' title='bbox 806 2364 918 2430; x_wconf 94' lang='lat' dir='ltr'><strong>Ad</strong></span> <span class='ocrx_word' id='word_1_139' title='bbox 977 2364 1341 2428; x_wconf 83' lang='lat' dir='ltr'><strong>sententiam</strong></span> <span class='ocrx_word' id='word_1_140' title='bbox 1401 2364 1630 2428; x_wconf 81' lang='lat' dir='ltr'>adhibe</span> <span class='ocrx_word' id='word_1_141' title='bbox 1689 2363 1934 2428; x_wconf 89' lang='lat' dir='ltr'><strong>Platon.</strong></span> <span class='ocrx_word' id='word_1_142' title='bbox 1990 2362 2272 2451; x_wconf 88' lang='lat' dir='ltr'><strong>Republ.</strong></span> 
     </span>
     <span class='ocr_line' id='line_1_19' title="bbox 575 2464 2271 2559; baseline -0.005 -23"><span class='ocrx_word' id='word_1_143' title='bbox 575 2495 641 2559; x_wconf 90' lang='lat' dir='ltr'><strong>p.</strong></span> <span class='ocrx_word' id='word_1_144' title='bbox 669 2490 815 2556; x_wconf 84' lang='lat'><strong>509.</strong></span> <span class='ocrx_word' id='word_1_145' title='bbox 847 2471 936 2535; x_wconf 92' lang='lat' dir='ltr'><strong>A.</strong></span> <span class='ocrx_word' id='word_1_146' title='bbox 996 2492 1059 2557; x_wconf 94' lang='lat' dir='ltr'><strong>p.</strong></span> <span class='ocrx_word' id='word_1_147' title='bbox 1091 2488 1241 2552; x_wconf 87' lang='lat'><strong>319.</strong></span> <span class='ocrx_word' id='word_1_148' title='bbox 1286 2492 1379 2555; x_wconf 86' lang='lat' dir='ltr'><strong>sq.</strong></span> <span class='ocrx_word' id='word_1_149' title='bbox 1427 2464 1630 2532; x_wconf 86' lang='lat' dir='ltr'><strong>Bekk.</strong></span> <span class='ocrx_word' id='word_1_150' title='bbox 1711 2464 1961 2530; x_wconf 87' lang='lat' dir='ltr'><strong>Phaedr.</strong></span> <span class='ocrx_word' id='word_1_151' title='bbox 2011 2489 2079 2554; x_wconf 94' lang='lat' dir='ltr'><strong>p.</strong></span> <span class='ocrx_word' id='word_1_152' title='bbox 2124 2481 2271 2548; x_wconf 93' lang='grc'>247.</span> 
     </span>
     <span class='ocr_line' id='line_1_20' title="bbox 579 2570 1240 2660; baseline -0.011 -20"><span class='ocrx_word' id='word_1_153' title='bbox 579 2576 656 2639; x_wconf 92' lang='grc' dir='ltr'><strong>Β.</strong></span> <span class='ocrx_word' id='word_1_154' title='bbox 677 2576 754 2640; x_wconf 88' lang='lat' dir='ltr'><strong>C.</strong></span> <span class='ocrx_word' id='word_1_155' title='bbox 802 2597 865 2660; x_wconf 86' lang='lat' dir='ltr'><strong>p.</strong></span> <span class='ocrx_word' id='word_1_156' title='bbox 896 2591 1004 2652; x_wconf 90' lang='grc'><strong>42.</strong></span> <span class='ocrx_word' id='word_1_157' title='bbox 1035 2570 1240 2636; x_wconf 83' lang='lat' dir='ltr'><strong>Bekk.</strong></span> 
     </span>
    </p>

    <p class='ocr_par' dir='ltr' id='par_1_5' title="bbox 576 2673 2284 5547">
     <span class='ocr_line' id='line_1_21' title="bbox 660 2673 2276 2759; baseline 0.001 -19"><span class='ocrx_word' id='word_1_158' title='bbox 660 2715 748 2727; x_wconf 94' lang='lat'><strong>—-</strong></span> <span class='ocrx_word' id='word_1_159' title='bbox 783 2696 882 2759; x_wconf 82' lang='lat'><strong>17.</strong></span> <span class='ocrx_word' id='word_1_160' title='bbox 950 2681 1069 2739; x_wconf 82' lang='grc' dir='ltr'><strong>Δεῖ</strong></span> <span class='ocrx_word' id='word_1_161' title='bbox 1106 2700 1179 2756; x_wconf 90' lang='grc' dir='ltr'>γε</span> <span class='ocrx_word' id='word_1_162' title='bbox 1221 2673 1338 2753; x_wconf 81' lang='grc' dir='ltr'>μὴν</span> <span class='ocrx_word' id='word_1_163' title='bbox 1381 2674 1720 2755; x_wconf 90' lang='grc' dir='ltr'>παραμύθια</span> <span class='ocrx_word' id='word_1_164' title='bbox 1769 2674 1917 2737; x_wconf 81' lang='grc' dir='ltr'>ἄττα</span> <span class='ocrx_word' id='word_1_165' title='bbox 1966 2673 2113 2755; x_wconf 84' lang='grc' dir='ltr'>πρὸς</span> <span class='ocrx_word' id='word_1_166' title='bbox 2154 2679 2276 2741; x_wconf 83' lang='grc' dir='ltr'>τοῖς</span> 
     </span>
     <span class='ocr_line' id='line_1_22' title="bbox 580 2776 2278 2867; baseline -0.005 -19"><span class='ocrx_word' id='word_1_167' title='bbox 580 2781 903 2864; x_wconf 75' lang='grc' dir='ltr'>εἰρημένοις</span> <span class='ocrx_word' id='word_1_168' title='bbox 938 2778 1223 2867; x_wconf 72' lang='grc' dir='ltr'>κομιζειν]</span> <span class='ocrx_word' id='word_1_169' title='bbox 1272 2778 1501 2841; x_wconf 88' lang='lat' dir='ltr'>Noster</span> <span class='ocrx_word' id='word_1_170' title='bbox 1529 2798 1722 2863; x_wconf 86' lang='lat' dir='ltr'><strong>supra</strong></span> <span class='ocrx_word' id='word_1_171' title='bbox 1750 2776 1868 2839; x_wconf 91' lang='lat' dir='ltr'><strong>VI.</strong></span> <span class='ocrx_word' id='word_1_172' title='bbox 1899 2794 1964 2859; x_wconf 91' lang='grc'><strong>5.</strong></span> <span class='ocrx_word' id='word_1_173' title='bbox 2000 2795 2101 2838; x_wconf 92' lang='grc'><strong>11.</strong></span> <span class='ocrx_word' id='word_1_174' title='bbox 2135 2790 2278 2862; x_wconf 88' lang='lat' dir='ltr'><strong>post</strong></span> 
     </span>
     <span class='ocr_line' id='line_1_23' title="bbox 577 2879 2277 2973; baseline -0.006 -22"><span class='ocrx_word' id='word_1_175' title='bbox 577 2887 712 2951; x_wconf 85' lang='lat' dir='ltr'><strong>init.</strong></span> <span class='ocrx_word' id='word_1_176' title='bbox 743 2909 810 2973; x_wconf 92' lang='lat' dir='ltr'><strong>p.</strong></span> <span class='ocrx_word' id='word_1_177' title='bbox 830 2887 979 2968; x_wconf 90' lang='lat'><strong>669.</strong></span> <span class='ocrx_word' id='word_1_178' title='bbox 1002 2886 1106 2947; x_wconf 86' lang='lat' dir='ltr'><strong>A:</strong></span> <span class='ocrx_word' id='word_1_179' title='bbox 1156 2887 1249 2947; x_wconf 83' lang='grc' dir='ltr'>δεῖ</span> <span class='ocrx_word' id='word_1_180' title='bbox 1281 2879 1349 2944; x_wconf 88' lang='grc' dir='ltr'>δέ</span> <span class='ocrx_word' id='word_1_181' title='bbox 1385 2905 1562 2943; x_wconf 91' lang='grc' dir='ltr'>τινων</span> <span class='ocrx_word' id='word_1_182' title='bbox 1591 2879 1686 2944; x_wconf 84' lang='grc' dir='ltr'><strong>καὶ</strong></span> <span class='ocrx_word' id='word_1_183' title='bbox 1718 2883 2120 2960; x_wconf 81' lang='grc' dir='ltr'>παραμυθιῶν,</span> <span class='ocrx_word' id='word_1_184' title='bbox 2153 2882 2277 2942; x_wconf 89' lang='grc' dir='ltr'>καί-</span> 
     </span>
     <span class='ocr_line' id='line_1_24' title="bbox 577 2981 2277 3070; baseline -0.006 -16"><span class='ocrx_word' id='word_1_185' title='bbox 577 3016 669 3054; x_wconf 90' lang='grc' dir='ltr'><strong>τοι</strong></span> <span class='ocrx_word' id='word_1_186' title='bbox 727 2989 829 3052; x_wconf 77' lang='grc' dir='ltr'><strong>οὒκ</strong></span> <span class='ocrx_word' id='word_1_187' title='bbox 883 2985 1208 3070; x_wconf 85' lang='grc' dir='ltr'>ἐλάχιστον</span> <span class='ocrx_word' id='word_1_188' title='bbox 1260 2986 1422 3047; x_wconf 76' lang='grc' dir='ltr'>ἀλλὰ</span> <span class='ocrx_word' id='word_1_189' title='bbox 1479 2981 1769 3064; x_wconf 88' lang='grc' dir='ltr'>μέγιστον</span> <span class='ocrx_word' id='word_1_190' title='bbox 1819 2984 1900 3048; x_wconf 84' lang='grc' dir='ltr'>εἰς</span> <span class='ocrx_word' id='word_1_191' title='bbox 1949 2982 2149 3044; x_wconf 80' lang='grc' dir='ltr'>Πειθὼ</span> <span class='ocrx_word' id='word_1_192' title='bbox 2200 2981 2277 3060; x_wconf 82' lang='grc' dir='ltr'>ἦν</span> 
     </span>
     <span class='ocr_line' id='line_1_25' title="bbox 578 3083 2278 3174; baseline -0.005 -18"><span class='ocrx_word' id='word_1_193' title='bbox 578 3093 772 3171; x_wconf 85' lang='grc' dir='ltr'>ἐκείνη</span> <span class='ocrx_word' id='word_1_194' title='bbox 800 3091 837 3170; x_wconf 86' lang='grc' dir='ltr'>ἡ</span> <span class='ocrx_word' id='word_1_195' title='bbox 867 3090 1067 3171; x_wconf 89' lang='grc' dir='ltr'>φύσις.</span> <span class='ocrx_word' id='word_1_196' title='bbox 1158 3086 1440 3174; x_wconf 87' lang='lat' dir='ltr'><strong>Sumpsit</strong></span> <span class='ocrx_word' id='word_1_197' title='bbox 1483 3109 1522 3149; x_wconf 91' lang='lat' dir='ltr'><strong>a</strong></span> <span class='ocrx_word' id='word_1_198' title='bbox 1561 3083 1824 3150; x_wconf 86' lang='lat' dir='ltr'><strong>Platone</strong></span> <span class='ocrx_word' id='word_1_199' title='bbox 1868 3108 2004 3162; x_wconf 90' lang='lat' dir='ltr'><strong>suo,</strong></span> <span class='ocrx_word' id='word_1_200' title='bbox 2035 3083 2147 3171; x_wconf 90' lang='lat' dir='ltr'><strong>qui</strong></span> <span class='ocrx_word' id='word_1_201' title='bbox 2191 3083 2278 3148; x_wconf 89' lang='lat' dir='ltr'><strong>ita</strong></span> 
     </span>
     <span class='ocr_line' id='line_1_26' title="bbox 576 3189 2277 3279; baseline -0.004 -21"><span class='ocrx_word' id='word_1_202' title='bbox 576 3194 639 3258; x_wconf 91' lang='lat' dir='ltr'><strong>in</strong></span> <span class='ocrx_word' id='word_1_203' title='bbox 687 3190 1009 3258; x_wconf 86' lang='lat' dir='ltr'><strong>Phaedone</strong></span> <span class='ocrx_word' id='word_1_204' title='bbox 1058 3214 1119 3279; x_wconf 89' lang='lat' dir='ltr'><strong>p.</strong></span> <span class='ocrx_word' id='word_1_205' title='bbox 1153 3209 1258 3272; x_wconf 93' lang='lat'><strong>70.</strong></span> <span class='ocrx_word' id='word_1_206' title='bbox 1290 3189 1369 3253; x_wconf 87' lang='lat' dir='ltr'><strong>b:</strong></span> <span class='ocrx_word' id='word_1_207' title='bbox 1436 3191 1599 3253; x_wconf 74' lang='grc' dir='ltr'>ἀλλὰ</span> <span class='ocrx_word' id='word_1_208' title='bbox 1646 3193 1819 3252; x_wconf 85' lang='grc' dir='ltr'>τοῦτο</span> <span class='ocrx_word' id='word_1_209' title='bbox 1872 3189 1941 3267; x_wconf 75' lang='grc' dir='ltr'>δὴ</span> <span class='ocrx_word' id='word_1_210' title='bbox 1983 3191 2129 3255; x_wconf 74' lang='grc' dir='ltr'>ἴσως</span> <span class='ocrx_word' id='word_1_211' title='bbox 2172 3189 2277 3252; x_wconf 81' lang='grc' dir='ltr'><strong>οὐκ</strong></span> 
     </span>
     <span class='ocr_line' id='line_1_27' title="bbox 576 3289 2270 3381; baseline -0.005 -17"><span class='ocrx_word' id='word_1_212' title='bbox 576 3300 785 3381; x_wconf 85' lang='grc' dir='ltr'>ὀλίγης</span> <span class='ocrx_word' id='word_1_213' title='bbox 840 3295 1207 3378; x_wconf 84' lang='grc' dir='ltr'>παραμυθίας</span> <span class='ocrx_word' id='word_1_214' title='bbox 1264 3298 1450 3358; x_wconf 84' lang='grc' dir='ltr'>δεῖται</span> <span class='ocrx_word' id='word_1_215' title='bbox 1507 3292 1603 3356; x_wconf 83' lang='grc' dir='ltr'><strong>καὶ</strong></span> <span class='ocrx_word' id='word_1_216' title='bbox 1652 3293 1925 3366; x_wconf 91' lang='grc' dir='ltr'>πίστεως,</span> <span class='ocrx_word' id='word_1_217' title='bbox 1981 3290 2089 3355; x_wconf 90' lang='lat' dir='ltr'><strong>ubi</strong></span> <span class='ocrx_word' id='word_1_218' title='bbox 2144 3289 2270 3355; x_wconf 83' lang='lat' dir='ltr'><strong>vid.</strong></span> 
     </span>
     <span class='ocr_line' id='line_1_28' title="bbox 580 3395 2273 3488; baseline -0.006 -21"><span class='ocrx_word' id='word_1_219' title='bbox 580 3402 916 3467; x_wconf 84' lang='lat' dir='ltr'><strong>Heindorf.</strong></span> <span class='ocrx_word' id='word_1_220' title='bbox 945 3424 1009 3488; x_wconf 89' lang='lat' dir='ltr'><strong>p.</strong></span> <span class='ocrx_word' id='word_1_221' title='bbox 1043 3401 1151 3480; x_wconf 88' lang='lat'><strong>64.</strong></span> <span class='ocrx_word' id='word_1_222' title='bbox 1193 3413 1252 3462; x_wconf 92' lang='lat' dir='ltr'><strong>et</strong></span> <span class='ocrx_word' id='word_1_223' title='bbox 1286 3395 1626 3484; x_wconf 85' lang='lat' dir='ltr'><strong>praesertim</strong></span> <span class='ocrx_word' id='word_1_224' title='bbox 1661 3395 1994 3482; x_wconf 55' lang='lat' dir='ltr'><strong>WVyttenb.</strong></span> <span class='ocrx_word' id='word_1_225' title='bbox 2028 3417 2094 3482; x_wconf 93' lang='lat' dir='ltr'><strong>p.</strong></span> <span class='ocrx_word' id='word_1_226' title='bbox 2134 3413 2273 3479; x_wconf 88' lang='grc'>175.</span> 
     </span>
     <span class='ocr_line' id='line_1_29' title="bbox 578 3497 2277 3587; baseline -0.006 -16"><span class='ocrx_word' id='word_1_227' title='bbox 578 3506 801 3571; x_wconf 88' lang='lat' dir='ltr'><strong>Altera</strong></span> <span class='ocrx_word' id='word_1_228' title='bbox 826 3503 1028 3568; x_wconf 82' lang='lat' dir='ltr'><strong>forma</strong></span> <span class='ocrx_word' id='word_1_229' title='bbox 1057 3517 1120 3566; x_wconf 88' lang='lat' dir='ltr'><strong>et</strong></span> <span class='ocrx_word' id='word_1_230' title='bbox 1149 3500 1283 3587; x_wconf 88' lang='lat' dir='ltr'><strong>ipsa</strong></span> <span class='ocrx_word' id='word_1_231' title='bbox 1313 3498 1593 3564; x_wconf 82' lang='lat' dir='ltr'>Platonis</span> <span class='ocrx_word' id='word_1_232' title='bbox 1636 3497 1925 3585; x_wconf 85' lang='lat' dir='ltr'><strong>exemplo</strong></span> <span class='ocrx_word' id='word_1_233' title='bbox 1968 3520 2277 3561; x_wconf 87' lang='lat' dir='ltr'><strong>commen-</strong></span> 
     </span>
     <span class='ocr_line' id='line_1_30' title="bbox 578 3599 2272 3690; baseline -0.006 -14"><span class='ocrx_word' id='word_1_234' title='bbox 578 3610 787 3676; x_wconf 80' lang='lat' dir='ltr'><strong>datur.</strong></span> <span class='ocrx_word' id='word_1_235' title='bbox 875 3609 977 3671; x_wconf 92' lang='lat' dir='ltr'><strong>De</strong></span> <span class='ocrx_word' id='word_1_236' title='bbox 1022 3605 1225 3690; x_wconf 88' lang='lat' dir='ltr'><strong>Legg.</strong></span> <span class='ocrx_word' id='word_1_237' title='bbox 1263 3603 1397 3666; x_wconf 93' lang='lat' dir='ltr'><strong>IX.</strong></span> <span class='ocrx_word' id='word_1_238' title='bbox 1434 3604 1582 3666; x_wconf 89' lang='lat'><strong>880.</strong></span> <span class='ocrx_word' id='word_1_239' title='bbox 1616 3605 1703 3666; x_wconf 93' lang='lat' dir='ltr'><strong>A.</strong></span> <span class='ocrx_word' id='word_1_240' title='bbox 1753 3625 1816 3689; x_wconf 89' lang='lat' dir='ltr'><strong>p.</strong></span> <span class='ocrx_word' id='word_1_241' title='bbox 1854 3618 1999 3684; x_wconf 88' lang='grc'>171.</span> <span class='ocrx_word' id='word_1_242' title='bbox 2034 3599 2272 3665; x_wconf 88' lang='lat' dir='ltr'><strong>Bekk.:</strong></span> 
     </span>
     <span class='ocr_line' id='line_1_31' title="bbox 580 3706 2275 3790; baseline -0.013 -11"><span class='ocrx_word' id='word_1_243' title='bbox 580 3715 675 3779; x_wconf 83' lang='grc' dir='ltr'><strong>καὶ</strong></span> <span class='ocrx_word' id='word_1_244' title='bbox 721 3716 828 3777; x_wconf 70' lang='grc' dir='ltr'>ἐὰν</span> <span class='ocrx_word' id='word_1_245' title='bbox 861 3709 973 3790; x_wconf 84' lang='grc' dir='ltr'>μέν</span> <span class='ocrx_word' id='word_1_246' title='bbox 1011 3734 1100 3775; x_wconf 92' lang='grc' dir='ltr'><strong>τις</strong></span> <span class='ocrx_word' id='word_1_247' title='bbox 1132 3707 1417 3772; x_wconf 83' lang='grc' dir='ltr'>τοιούτοις</span> <span class='ocrx_word' id='word_1_248' title='bbox 1452 3707 1841 3786; x_wconf 84' lang='grc' dir='ltr'>παραμυθίοις</span> <span class='ocrx_word' id='word_1_249' title='bbox 1884 3706 2154 3785; x_wconf 82' lang='grc' dir='ltr'>εὐπειθὴς</span> <span class='ocrx_word' id='word_1_250' title='bbox 2183 3708 2275 3788; x_wconf 74' lang='grc' dir='ltr'><strong>γί-</strong></span> 
     </span>
     <span class='ocr_line' id='line_1_32' title="bbox 579 3806 2277 3900; baseline -0.004 -22"><span class='ocrx_word' id='word_1_251' title='bbox 579 3842 809 3900; x_wconf 79' lang='grc' dir='ltr'>γνηται,</span> <span class='ocrx_word' id='word_1_252' title='bbox 863 3811 1091 3892; x_wconf 81' lang='grc' dir='ltr'>εὐήνιος</span> <span class='ocrx_word' id='word_1_253' title='bbox 1141 3809 1217 3874; x_wconf 81' lang='grc' dir='ltr'>ἂν</span> <span class='ocrx_word' id='word_1_254' title='bbox 1271 3811 1379 3889; x_wconf 77' lang='grc' dir='ltr'>εἴη.</span> <span class='ocrx_word' id='word_1_255' title='bbox 1432 3806 1516 3870; x_wconf 83' lang='lat' dir='ltr'><strong>cf.</strong></span> <span class='ocrx_word' id='word_1_256' title='bbox 1562 3806 1715 3871; x_wconf 82' lang='lat' dir='ltr'><strong>ibid.</strong></span> <span class='ocrx_word' id='word_1_257' title='bbox 1758 3808 1852 3870; x_wconf 90' lang='lat' dir='ltr'><strong>X.</strong></span> <span class='ocrx_word' id='word_1_258' title='bbox 1905 3830 1972 3894; x_wconf 92' lang='lat' dir='ltr'><strong>p.</strong></span> <span class='ocrx_word' id='word_1_259' title='bbox 2008 3806 2151 3891; x_wconf 89' lang='grc'>885.</span> <span class='ocrx_word' id='word_1_260' title='bbox 2187 3810 2277 3871; x_wconf 91' lang='grc' dir='ltr'><strong>Α.</strong></span> 
     </span>
     <span class='ocr_line' id='line_1_33' title="bbox 576 3908 2278 4009; baseline -0.008 -25"><span class='ocrx_word' id='word_1_261' title='bbox 576 3944 644 4009; x_wconf 89' lang='grc' dir='ltr'><strong>Ρ.</strong></span> <span class='ocrx_word' id='word_1_262' title='bbox 683 3938 826 4003; x_wconf 92' lang='grc'>177.</span> <span class='ocrx_word' id='word_1_263' title='bbox 858 3915 1059 3982; x_wconf 84' lang='lat' dir='ltr'><strong>Bekk.</strong></span> <span class='ocrx_word' id='word_1_264' title='bbox 1106 3930 1168 3978; x_wconf 89' lang='lat' dir='ltr'><strong>et</strong></span> <span class='ocrx_word' id='word_1_265' title='bbox 1212 3911 1292 3976; x_wconf 91' lang='lat' dir='ltr'><strong>ad</strong></span> <span class='ocrx_word' id='word_1_266' title='bbox 1341 3925 1683 3995; x_wconf 88' lang='lat' dir='ltr'><strong>utrumque</strong></span> <span class='ocrx_word' id='word_1_267' title='bbox 1725 3910 1929 3973; x_wconf 88' lang='lat' dir='ltr'><strong>locum</strong></span> <span class='ocrx_word' id='word_1_268' title='bbox 1976 3908 2278 3995; x_wconf 85' lang='lat' dir='ltr'><strong>Stephan.</strong></span> 
     </span>
     <span class='ocr_line' id='line_1_34' title="bbox 579 4013 2278 4105; baseline -0.009 -15"><span class='ocrx_word' id='word_1_269' title='bbox 579 4038 642 4089; x_wconf 87' lang='lat' dir='ltr'><strong>et</strong></span> <span class='ocrx_word' id='word_1_270' title='bbox 671 4025 817 4088; x_wconf 88' lang='lat' dir='ltr'><strong>Ast.</strong></span> <span class='ocrx_word' id='word_1_271' title='bbox 851 4020 914 4084; x_wconf 94' lang='lat' dir='ltr'><strong>in</strong></span> <span class='ocrx_word' id='word_1_272' title='bbox 946 4018 1137 4105; x_wconf 88' lang='lat' dir='ltr'><strong>hujus</strong></span> <span class='ocrx_word' id='word_1_273' title='bbox 1166 4013 1552 4080; x_wconf 89' lang='lat' dir='ltr'><strong>Animadvv.</strong></span> <span class='ocrx_word' id='word_1_274' title='bbox 1585 4037 1649 4100; x_wconf 92' lang='lat' dir='ltr'><strong>p.</strong></span> <span class='ocrx_word' id='word_1_275' title='bbox 1672 4013 1821 4092; x_wconf 90' lang='lat'><strong>466.</strong></span> <span class='ocrx_word' id='word_1_276' title='bbox 1854 4027 1916 4076; x_wconf 92' lang='lat' dir='ltr'><strong>et</strong></span> <span class='ocrx_word' id='word_1_277' title='bbox 1947 4030 2095 4094; x_wconf 90' lang='lat'><strong>470.</strong></span> <span class='ocrx_word' id='word_1_278' title='bbox 2129 4013 2278 4076; x_wconf 87' lang='lat' dir='ltr'><strong>item</strong></span> 
     </span>
     <span class='ocr_line' id='line_1_35' title="bbox 577 4113 2279 4209; baseline -0.008 -18"><span class='ocrx_word' id='word_1_279' title='bbox 577 4128 641 4191; x_wconf 89' lang='lat' dir='ltr'><strong>in</strong></span> <span class='ocrx_word' id='word_1_280' title='bbox 693 4125 894 4191; x_wconf 81' lang='lat' dir='ltr'><strong>Critia</strong></span> <span class='ocrx_word' id='word_1_281' title='bbox 946 4147 1004 4209; x_wconf 89' lang='lat' dir='ltr'><strong>p.</strong></span> <span class='ocrx_word' id='word_1_282' title='bbox 1045 4139 1184 4206; x_wconf 87' lang='grc'>115.</span> <span class='ocrx_word' id='word_1_283' title='bbox 1217 4120 1279 4184; x_wconf 92' lang='lat' dir='ltr'><strong>b.</strong></span> <span class='ocrx_word' id='word_1_284' title='bbox 1342 4141 1404 4203; x_wconf 92' lang='lat' dir='ltr'><strong>p.</strong></span> <span class='ocrx_word' id='word_1_285' title='bbox 1447 4117 1587 4180; x_wconf 84' lang='lat'><strong>161.</strong></span> <span class='ocrx_word' id='word_1_286' title='bbox 1637 4113 1872 4179; x_wconf 83' lang='lat' dir='ltr'><strong>Bekk.:</strong></span> <span class='ocrx_word' id='word_1_287' title='bbox 1941 4116 2279 4195; x_wconf 91' lang='grc' dir='ltr'>παραμύθια</span> 
     </span>
     <span class='ocr_line' id='line_1_36' title="bbox 577 4217 2278 4310; baseline -0.007 -16"><span class='ocrx_word' id='word_1_288' title='bbox 577 4231 924 4310; x_wconf 83' lang='grc' dir='ltr'>πλησμονῆς</span> <span class='ocrx_word' id='word_1_289' title='bbox 962 4225 1344 4305; x_wconf 87' lang='grc' dir='ltr'>μεταδόρπια.</span> <span class='ocrx_word' id='word_1_290' title='bbox 1432 4218 1689 4283; x_wconf 84' lang='lat' dir='ltr'><strong>Adhibe</strong></span> <span class='ocrx_word' id='word_1_291' title='bbox 1734 4218 1920 4281; x_wconf 88' lang='lat' dir='ltr'><strong>etiam</strong></span> <span class='ocrx_word' id='word_1_292' title='bbox 1957 4218 2164 4281; x_wconf 81' lang='lat' dir='ltr'><strong>wass.</strong></span> <span class='ocrx_word' id='word_1_293' title='bbox 2196 4217 2278 4282; x_wconf 89' lang='lat' dir='ltr'><strong>ad</strong></span> 
     </span>
     <span class='ocr_line' id='line_1_37' title="bbox 581 4320 2276 4419; baseline -0.006 -22"><span class='ocrx_word' id='word_1_294' title='bbox 581 4330 880 4419; x_wconf 85' lang='lat' dir='ltr'><strong>Thucyd.</strong></span> <span class='ocrx_word' id='word_1_295' title='bbox 914 4329 989 4392; x_wconf 92' lang='lat' dir='ltr'><strong>V.</strong></span> <span class='ocrx_word' id='word_1_296' title='bbox 1036 4351 1100 4415; x_wconf 90' lang='lat' dir='ltr'><strong>p.</strong></span> <span class='ocrx_word' id='word_1_297' title='bbox 1134 4344 1281 4412; x_wconf 88' lang='lat'><strong>371.</strong></span> <span class='ocrx_word' id='word_1_298' title='bbox 1314 4339 1377 4388; x_wconf 92' lang='lat' dir='ltr'><strong>et</strong></span> <span class='ocrx_word' id='word_1_299' title='bbox 1406 4322 1484 4386; x_wconf 90' lang='lat' dir='ltr'><strong>de</strong></span> <span class='ocrx_word' id='word_1_300' title='bbox 1516 4322 1611 4385; x_wconf 93' lang='lat' dir='ltr'><strong>his</strong></span> <span class='ocrx_word' id='word_1_301' title='bbox 1641 4320 1855 4386; x_wconf 82' lang='lat' dir='ltr'><strong>formis</strong></span> <span class='ocrx_word' id='word_1_302' title='bbox 1887 4320 2167 4387; x_wconf 85' lang='lat' dir='ltr'><strong>Lobeck.</strong></span> <span class='ocrx_word' id='word_1_303' title='bbox 2196 4323 2276 4386; x_wconf 91' lang='lat' dir='ltr'><strong>ad</strong></span> 
     </span>
     <span class='ocr_line' id='line_1_38' title="bbox 580 4423 2274 4523; baseline -0.006 -22"><span class='ocrx_word' id='word_1_304' title='bbox 580 4436 825 4523; x_wconf 76' lang='lat' dir='ltr'><strong>Plu-yn.</strong></span> <span class='ocrx_word' id='word_1_305' title='bbox 862 4435 1159 4517; x_wconf 85' lang='lat' dir='ltr'><strong>Parergg.</strong></span> <span class='ocrx_word' id='word_1_306' title='bbox 1189 4452 1251 4516; x_wconf 94' lang='lat' dir='ltr'><strong>p.</strong></span> <span class='ocrx_word' id='word_1_307' title='bbox 1273 4446 1424 4512; x_wconf 85' lang='lat'><strong>517.</strong></span> <span class='ocrx_word' id='word_1_308' title='bbox 1487 4424 1861 4512; x_wconf 90' lang='lat' dir='ltr'><strong>Alciphron.</strong></span> <span class='ocrx_word' id='word_1_309' title='bbox 1890 4423 2100 4510; x_wconf 86' lang='lat' dir='ltr'><strong>Epist.</strong></span> <span class='ocrx_word' id='word_1_310' title='bbox 2129 4425 2185 4488; x_wconf 92' lang='grc' dir='ltr'><strong>Ι.</strong></span> <span class='ocrx_word' id='word_1_311' title='bbox 2213 4444 2274 4509; x_wconf 93' lang='lat'><strong>9.</strong></span> 
     </span>
     <span class='ocr_line' id='line_1_39' title="bbox 579 4527 2280 4625; baseline -0.005 -24"><span class='ocrx_word' id='word_1_312' title='bbox 579 4561 647 4625; x_wconf 90' lang='lat' dir='ltr'><strong>p.</strong></span> <span class='ocrx_word' id='word_1_313' title='bbox 678 4558 784 4622; x_wconf 91' lang='lat'><strong>49.</strong></span> <span class='ocrx_word' id='word_1_314' title='bbox 813 4537 1078 4621; x_wconf 51' lang='lat' dir='ltr'><strong>VVagua</strong></span> <span class='ocrx_word' id='word_1_315' title='bbox 1131 4532 1200 4596; x_wconf 84' lang='grc' dir='ltr'>τὸ</span> <span class='ocrx_word' id='word_1_316' title='bbox 1244 4533 1356 4610; x_wconf 76' lang='grc' dir='ltr'>μὲν</span> <span class='ocrx_word' id='word_1_317' title='bbox 1398 4533 1514 4612; x_wconf 74' lang='grc' dir='ltr'>γὰρ</span> <span class='ocrx_word' id='word_1_318' title='bbox 1561 4530 1658 4592; x_wconf 88' lang='grc' dir='ltr'>ἐπὶ</span> <span class='ocrx_word' id='word_1_319' title='bbox 1700 4533 1935 4591; x_wconf 78' lang='grc' dir='ltr'>λεπτῶν</span> <span class='ocrx_word' id='word_1_320' title='bbox 1980 4527 2280 4608; x_wconf 81' lang='grc' dir='ltr'>κερμάτων</span> 
     </span>
     <span class='ocr_line' id='line_1_40' title="bbox 582 4629 2280 4713; baseline -0.006 -8"><span class='ocrx_word' id='word_1_321' title='bbox 582 4640 968 4705; x_wconf 81' lang='grc' dir='ltr'>ἆποδιδόσθαι</span> <span class='ocrx_word' id='word_1_322' title='bbox 1027 4635 1123 4699; x_wconf 84' lang='grc' dir='ltr'><strong>καὶ</strong></span> <span class='ocrx_word' id='word_1_323' title='bbox 1181 4634 1463 4697; x_wconf 82' lang='grc' dir='ltr'>ὠνεῖσθαι</span> <span class='ocrx_word' id='word_1_324' title='bbox 1518 4635 1594 4696; x_wconf 73' lang='grc' dir='ltr'>τὰ</span> <span class='ocrx_word' id='word_1_325' title='bbox 1650 4629 1966 4707; x_wconf 88' lang='grc' dir='ltr'>ἐπιτήδεια,</span> <span class='ocrx_word' id='word_1_326' title='bbox 2023 4635 2280 4713; x_wconf 80' lang='grc' dir='ltr'>λιμηρᾶν</span> 
     </span>
     <span class='ocr_line' id='line_1_41' title="bbox 584 4733 2275 4823; baseline -0.006 -16"><span class='ocrx_word' id='word_1_327' title='bbox 584 4740 778 4823; x_wconf 89' lang='lat' dir='ltr'><strong>(cod.</strong></span> <span class='ocrx_word' id='word_1_328' title='bbox 812 4738 1015 4804; x_wconf 87' lang='lat' dir='ltr'><strong>Palat.</strong></span> <span class='ocrx_word' id='word_1_329' title='bbox 1050 4735 1346 4802; x_wconf 90' lang='lat' dir='ltr'><strong>Heidelb.</strong></span> <span class='ocrx_word' id='word_1_330' title='bbox 1376 4738 1465 4799; x_wconf 93' lang='lat' dir='ltr'><strong>A.</strong></span> <span class='ocrx_word' id='word_1_331' title='bbox 1511 4733 1799 4817; x_wconf 88' lang='grc' dir='ltr'>λυμηράν.</span> <span class='ocrx_word' id='word_1_332' title='bbox 1894 4733 2105 4798; x_wconf 85' lang='lat' dir='ltr'><strong>Voluit</strong></span> <span class='ocrx_word' id='word_1_333' title='bbox 2148 4735 2275 4798; x_wconf 86' lang='lat' dir='ltr'><strong>for-</strong></span> 
     </span>
     <span class='ocr_line' id='line_1_42' title="bbox 580 4836 2279 4926; baseline -0.006 -16"><span class='ocrx_word' id='word_1_334' title='bbox 580 4860 740 4909; x_wconf 87' lang='lat' dir='ltr'><strong>tasse</strong></span> <span class='ocrx_word' id='word_1_335' title='bbox 767 4845 1058 4925; x_wconf 81' lang='grc' dir='ltr'>λυπηρὰν,</span> <span class='ocrx_word' id='word_1_336' title='bbox 1091 4863 1295 4926; x_wconf 90' lang='lat' dir='ltr'><strong>neque</strong></span> <span class='ocrx_word' id='word_1_337' title='bbox 1323 4850 1532 4902; x_wconf 85' lang='lat' dir='ltr'><strong>tamen</strong></span> <span class='ocrx_word' id='word_1_338' title='bbox 1568 4837 1682 4901; x_wconf 89' lang='lat' dir='ltr'><strong>hoc</strong></span> <span class='ocrx_word' id='word_1_339' title='bbox 1711 4836 2140 4925; x_wconf 84' lang='lat' dir='ltr'><strong>probandum)</strong></span> <span class='ocrx_word' id='word_1_340' title='bbox 2172 4837 2279 4916; x_wconf 76' lang='grc' dir='ltr'><strong>τὴν</strong></span> 
     </span>
     <span class='ocr_line' id='line_1_43' title="bbox 584 4938 2275 5029; baseline -0.006 -17"><span class='ocrx_word' id='word_1_341' title='bbox 584 4945 912 5029; x_wconf 84' lang='lat' dir='ltr'><strong>(articulus</strong></span> <span class='ocrx_word' id='word_1_342' title='bbox 964 4943 1139 5007; x_wconf 89' lang='lat' dir='ltr'><strong>abest</strong></span> <span class='ocrx_word' id='word_1_343' title='bbox 1191 4966 1228 5006; x_wconf 92' lang='lat' dir='ltr'><strong>a</strong></span> <span class='ocrx_word' id='word_1_344' title='bbox 1280 4940 1479 5005; x_wconf 89' lang='lat' dir='ltr'><strong>Palat.</strong></span> <span class='ocrx_word' id='word_1_345' title='bbox 1514 4941 1589 5004; x_wconf 92' lang='lat' dir='ltr'><strong>B.</strong></span> <span class='ocrx_word' id='word_1_346' title='bbox 1638 4938 1827 5025; x_wconf 88' lang='lat' dir='ltr'><strong>male)</strong></span> <span class='ocrx_word' id='word_1_347' title='bbox 1880 4942 2275 5022; x_wconf 86' lang='grc' dir='ltr'>παραμυθίαν.</span> 
     </span>
     <span class='ocr_line' id='line_1_44' title="bbox 586 5043 2276 5133; baseline -0.003 -19"><span class='ocrx_word' id='word_1_348' title='bbox 586 5051 764 5114; x_wconf 88' lang='lat' dir='ltr'><strong>Idem</strong></span> <span class='ocrx_word' id='word_1_349' title='bbox 800 5050 855 5112; x_wconf 89' lang='lat' dir='ltr'><strong>I.</strong></span> <span class='ocrx_word' id='word_1_350' title='bbox 887 5065 991 5133; x_wconf 84' lang='lat'><strong>35.</strong></span> <span class='ocrx_word' id='word_1_351' title='bbox 1037 5069 1103 5133; x_wconf 91' lang='lat' dir='ltr'><strong>p.</strong></span> <span class='ocrx_word' id='word_1_352' title='bbox 1138 5064 1297 5123; x_wconf 83' lang='lat'><strong>204:</strong></span> <span class='ocrx_word' id='word_1_353' title='bbox 1360 5047 1535 5126; x_wconf 82' lang='grc' dir='ltr'>μικρᾶ</span> <span class='ocrx_word' id='word_1_354' title='bbox 1582 5045 1647 5108; x_wconf 69' lang='grc' dir='ltr'>δὲ</span> <span class='ocrx_word' id='word_1_355' title='bbox 1693 5043 1907 5107; x_wconf 85' lang='grc' dir='ltr'>ἔπεστί</span> <span class='ocrx_word' id='word_1_356' title='bbox 1945 5070 2047 5125; x_wconf 91' lang='grc' dir='ltr'>μοι</span> <span class='ocrx_word' id='word_1_357' title='bbox 2089 5071 2276 5126; x_wconf 91' lang='grc' dir='ltr'>παρα-</span> 
     </span>
     <span class='ocr_line' id='line_1_45' title="bbox 580 5147 2282 5235; baseline -0.002 -20"><span class='ocrx_word' id='word_1_358' title='bbox 580 5152 750 5235; x_wconf 73' lang='grc' dir='ltr'>ψυχὴ</span> <span class='ocrx_word' id='word_1_359' title='bbox 782 5149 876 5215; x_wconf 81' lang='grc' dir='ltr'><strong>καὶ</strong></span> <span class='ocrx_word' id='word_1_360' title='bbox 908 5150 1345 5230; x_wconf 88' lang='grc' dir='ltr'>μαραινόμενον</span> <span class='ocrx_word' id='word_1_361' title='bbox 1372 5147 1481 5227; x_wconf 87' lang='grc' dir='ltr'>ἤδη</span> <span class='ocrx_word' id='word_1_362' title='bbox 1510 5149 1900 5229; x_wconf 87' lang='grc' dir='ltr'>παραμύθιον.</span> <span class='ocrx_word' id='word_1_363' title='bbox 1995 5150 2124 5211; x_wconf 88' lang='lat' dir='ltr'><strong>Pro</strong></span> <span class='ocrx_word' id='word_1_364' title='bbox 2152 5171 2282 5235; x_wconf 92' lang='lat' dir='ltr'><strong>quo</strong></span> 
     </span>
     <span class='ocr_line' id='line_1_46' title="bbox 581 5252 2282 5343; baseline -0.001 -25"><span class='ocrx_word' id='word_1_365' title='bbox 581 5253 796 5343; x_wconf 87' lang='lat' dir='ltr'><strong>paullo</strong></span> <span class='ocrx_word' id='word_1_366' title='bbox 837 5264 982 5315; x_wconf 89' lang='lat' dir='ltr'><strong>ante</strong></span> <span class='ocrx_word' id='word_1_367' title='bbox 1027 5264 1438 5338; x_wconf 81' lang='lat' dir='ltr'><strong>usurpaverat</strong></span> <span class='ocrx_word' id='word_1_368' title='bbox 1483 5252 1889 5332; x_wconf 86' lang='grc' dir='ltr'>παρηγόρημα.</span> <span class='ocrx_word' id='word_1_369' title='bbox 1983 5252 2128 5315; x_wconf 90' lang='lat' dir='ltr'><strong>Non</strong></span> <span class='ocrx_word' id='word_1_370' title='bbox 2175 5253 2282 5317; x_wconf 88' lang='lat' dir='ltr'><strong>ab-</strong></span> 
     </span>
     <span class='ocr_line' id='line_1_47' title="bbox 583 5353 2277 5440; baseline -0.002 -19"><span class='ocrx_word' id='word_1_371' title='bbox 583 5356 763 5421; x_wconf 84' lang='lat' dir='ltr'><strong>simili</strong></span> <span class='ocrx_word' id='word_1_372' title='bbox 808 5354 1112 5421; x_wconf 86' lang='lat' dir='ltr'><strong>sententia</strong></span> <span class='ocrx_word' id='word_1_373' title='bbox 1160 5368 1223 5418; x_wconf 88' lang='lat' dir='ltr'><strong>et</strong></span> <span class='ocrx_word' id='word_1_374' title='bbox 1266 5355 1604 5435; x_wconf 90' lang='grc' dir='ltr'>παραμυθία</span> <span class='ocrx_word' id='word_1_375' title='bbox 1646 5376 1747 5440; x_wconf 88' lang='lat' dir='ltr'><strong>ap.</strong></span> <span class='ocrx_word' id='word_1_376' title='bbox 1784 5353 2171 5418; x_wconf 86' lang='lat' dir='ltr'><strong>Theodoret.</strong></span> <span class='ocrx_word' id='word_1_377' title='bbox 2216 5354 2277 5418; x_wconf 91' lang='lat' dir='ltr'><strong>in</strong></span> 
     </span>
     <span class='ocr_line' id='line_1_48' title="bbox 587 5456 2284 5547; baseline -0.002 -20"><span class='ocrx_word' id='word_1_378' title='bbox 587 5459 902 5527; x_wconf 83' lang='lat' dir='ltr'><strong>Ezechiel.</strong></span> <span class='ocrx_word' id='word_1_379' title='bbox 956 5482 1016 5547; x_wconf 89' lang='lat' dir='ltr'><strong>p.</strong></span> <span class='ocrx_word' id='word_1_380' title='bbox 1058 5460 1242 5543; x_wconf 87' lang='lat'><strong>1038.</strong></span> <span class='ocrx_word' id='word_1_381' title='bbox 1293 5456 1884 5534; x_wconf 46' lang='lat' dir='ltr'><strong>Schola—mne</strong></span> <span class='ocrx_word' id='word_1_382' title='bbox 1934 5457 2119 5520; x_wconf 89' lang='grc' dir='ltr'>πάλιν</span> <span class='ocrx_word' id='word_1_383' title='bbox 2161 5463 2284 5525; x_wconf 84' lang='grc' dir='ltr'>τοῖς</span> 
     </span>
    </p>
   </div>
   <div class='ocr_carea' id='block_1_3' title="bbox 585 5559 1966 5647">
    <p class='ocr_par' dir='ltr' id='par_1_6' title="bbox 585 5559 1966 5647">
     <span class='ocr_line' id='line_1_49' title="bbox 585 5559 1966 5647; baseline -0.005 -17"><span class='ocrx_word' id='word_1_384' title='bbox 585 5568 841 5647; x_wconf 72' lang='grc' dir='ltr'>ἱερεῦσιν</span> <span class='ocrx_word' id='word_1_385' title='bbox 871 5560 1296 5646; x_wconf 78' lang='grc' dir='ltr'>ἃφοριζομένης</span> <span class='ocrx_word' id='word_1_386' title='bbox 1325 5562 1409 5627; x_wconf 85' lang='grc' dir='ltr'>εἰς</span> <span class='ocrx_word' id='word_1_387' title='bbox 1435 5559 1810 5640; x_wconf 88' lang='grc' dir='ltr'>παραμυθίαν</span> <span class='ocrx_word' id='word_1_388' title='bbox 1838 5562 1966 5640; x_wconf 85' lang='grc' dir='ltr'>γῆς.</span> 
     </span>
    </p>
   </div>
   <div class='ocr_carea' id='block_1_4' title="bbox 3938 564 4065 632">
    <p class='ocr_par' dir='ltr' id='par_1_7' title="bbox 3938 564 4065 632">
     <span class='ocr_line' id='line_1_50' title="bbox 3938 564 4065 632; baseline -0.016 0"><span class='ocrx_word' id='word_1_389' title='bbox 3938 564 4065 632; x_wconf 89' lang='grc'><strong>397</strong></span> 
     </span>
    </p>
   </div>
   <div class='ocr_carea' id='block_1_5' title="bbox 2355 710 4063 1630">
    <p class='ocr_par' dir='ltr' id='par_1_8' title="bbox 2355 710 4063 903">
     <span class='ocr_line' id='line_1_51' title="bbox 2442 710 4063 806; baseline 0.007 -34"><span class='ocrx_word' id='word_1_390' title='bbox 2442 734 2507 800; x_wconf 90' lang='lat' dir='ltr'><strong>p.</strong></span> <span class='ocrx_word' id='word_1_391' title='bbox 2541 731 2729 798; x_wconf 85' lang='lat'><strong>1339,</strong></span> <span class='ocrx_word' id='word_1_392' title='bbox 2767 733 2821 776; x_wconf 91' lang='lat'><strong>1.</strong></span> <span class='ocrx_word' id='word_1_393' title='bbox 2880 710 2918 792; x_wconf 82' lang='grc' dir='ltr'>ἢ</span> <span class='ocrx_word' id='word_1_394' title='bbox 2966 715 3407 783; x_wconf 88' lang='grc' dir='ltr'>συνυπόστασις</span> <span class='ocrx_word' id='word_1_395' title='bbox 3451 715 3635 805; x_wconf 71' lang='grc' dir='ltr'>οὖσα]</span> <span class='ocrx_word' id='word_1_396' title='bbox 3684 713 3833 781; x_wconf 88' lang='lat' dir='ltr'><strong>Vid.</strong></span> <span class='ocrx_word' id='word_1_397' title='bbox 3870 740 4063 806; x_wconf 85' lang='lat' dir='ltr'><strong>supra</strong></span> 
     </span>
     <span class='ocr_line' id='line_1_52' title="bbox 2355 816 3534 903; baseline 0.003 -23"><span class='ocrx_word' id='word_1_398' title='bbox 2355 817 2479 881; x_wconf 93' lang='lat' dir='ltr'><strong>VI.</strong></span> <span class='ocrx_word' id='word_1_399' title='bbox 2512 834 2573 899; x_wconf 92' lang='lat'><strong>7.</strong></span> <span class='ocrx_word' id='word_1_400' title='bbox 2607 835 2663 882; x_wconf 91' lang='grc'><strong>2.</strong></span> <span class='ocrx_word' id='word_1_401' title='bbox 2709 838 2776 903; x_wconf 89' lang='grc' dir='ltr'><strong>Ρ.</strong></span> <span class='ocrx_word' id='word_1_402' title='bbox 2810 816 2953 901; x_wconf 89' lang='grc'>695.</span> <span class='ocrx_word' id='word_1_403' title='bbox 2988 817 3066 880; x_wconf 94' lang='grc' dir='ltr'><strong>Β.</strong></span> <span class='ocrx_word' id='word_1_404' title='bbox 3111 831 3176 881; x_wconf 92' lang='lat' dir='ltr'><strong>et</strong></span> <span class='ocrx_word' id='word_1_405' title='bbox 3202 816 3290 881; x_wconf 87' lang='lat' dir='ltr'><strong>ibi</strong></span> <span class='ocrx_word' id='word_1_406' title='bbox 3320 831 3534 883; x_wconf 88' lang='lat' dir='ltr'><strong>annot.</strong></span> 
     </span>
    </p>

    <p class='ocr_par' dir='ltr' id='par_1_9' title="bbox 2357 920 4060 1424">
     <span class='ocr_line' id='line_1_53' title="bbox 2441 920 4058 1003; baseline 0.002 -19"><span class='ocrx_word' id='word_1_407' title='bbox 2441 957 2527 968; x_wconf 90' lang='lat'><strong>—</strong></span> <span class='ocrx_word' id='word_1_408' title='bbox 2558 921 2616 984; x_wconf 92' lang='lat'><strong>8.</strong></span> <span class='ocrx_word' id='word_1_409' title='bbox 2661 921 2699 1000; x_wconf 84' lang='grc' dir='ltr'><em>ἡ</em></span> <span class='ocrx_word' id='word_1_410' title='bbox 2739 921 2980 1000; x_wconf 87' lang='grc' dir='ltr'>δύναμις</span> <span class='ocrx_word' id='word_1_411' title='bbox 3022 921 3201 985; x_wconf 78' lang='grc' dir='ltr'>αὐτοῦ</span> <span class='ocrx_word' id='word_1_412' title='bbox 3235 920 3312 1001; x_wconf 79' lang='grc' dir='ltr'>ἣν</span> <span class='ocrx_word' id='word_1_413' title='bbox 3352 920 3704 1002; x_wconf 85' lang='grc' dir='ltr'>ἐμάνθανεν,</span> <span class='ocrx_word' id='word_1_414' title='bbox 3737 923 3898 1002; x_wconf 80' lang='grc' dir='ltr'>άλλη</span> <span class='ocrx_word' id='word_1_415' title='bbox 3927 924 3992 987; x_wconf 70' lang='grc' dir='ltr'>δὲ</span> <span class='ocrx_word' id='word_1_416' title='bbox 4019 920 4058 1003; x_wconf 80' lang='grc' dir='ltr'>ᾗ</span> 
     </span>
     <span class='ocr_line' id='line_1_54' title="bbox 2358 1019 4060 1112; baseline 0.003 -28"><span class='ocrx_word' id='word_1_417' title='bbox 2358 1019 2719 1106; x_wconf 86' lang='grc' dir='ltr'>ἐμάνθανεν]</span> <span class='ocrx_word' id='word_1_418' title='bbox 2775 1021 3123 1087; x_wconf 84' lang='lat' dir='ltr'><strong>Tenendus</strong></span> <span class='ocrx_word' id='word_1_419' title='bbox 3162 1024 3346 1089; x_wconf 89' lang='lat' dir='ltr'><strong>estin</strong></span> <span class='ocrx_word' id='word_1_420' title='bbox 3382 1025 3687 1112; x_wconf 88' lang='lat' dir='ltr'><strong>ejusmodi</strong></span> <span class='ocrx_word' id='word_1_421' title='bbox 3730 1024 3878 1091; x_wconf 84' lang='lat' dir='ltr'><strong>locis</strong></span> <span class='ocrx_word' id='word_1_422' title='bbox 3908 1048 4060 1089; x_wconf 86' lang='lat' dir='ltr'><strong>usus</strong></span> 
     </span>
     <span class='ocr_line' id='line_1_55' title="bbox 2357 1124 4054 1216; baseline 0.001 -27"><span class='ocrx_word' id='word_1_423' title='bbox 2357 1124 2723 1189; x_wconf 88' lang='lat' dir='ltr'><strong>Platonicus</strong></span> <span class='ocrx_word' id='word_1_424' title='bbox 2750 1125 2941 1190; x_wconf 87' lang='lat' dir='ltr'><strong>Verbi</strong></span> <span class='ocrx_word' id='word_1_425' title='bbox 2971 1125 3300 1206; x_wconf 86' lang='grc' dir='ltr'>μανθάνειν</span> <span class='ocrx_word' id='word_1_426' title='bbox 3329 1150 3445 1215; x_wconf 90' lang='lat' dir='ltr'><strong>pro</strong></span> <span class='ocrx_word' id='word_1_427' title='bbox 3472 1130 3851 1216; x_wconf 72' lang='lat' dir='ltr'><strong>intelligere.</strong></span> <span class='ocrx_word' id='word_1_428' title='bbox 3913 1127 4054 1192; x_wconf 90' lang='lat' dir='ltr'><strong>Vid.</strong></span> 
     </span>
     <span class='ocr_line' id='line_1_56' title="bbox 2361 1228 4056 1319; baseline 0 -24"><span class='ocrx_word' id='word_1_429' title='bbox 2361 1229 2731 1295; x_wconf 89' lang='lat' dir='ltr'><strong>Stallbaum.</strong></span> <span class='ocrx_word' id='word_1_430' title='bbox 2755 1228 2836 1294; x_wconf 86' lang='lat' dir='ltr'><strong>ad</strong></span> <span class='ocrx_word' id='word_1_431' title='bbox 2863 1228 3112 1294; x_wconf 87' lang='lat' dir='ltr'><strong>Phileb.</strong></span> <span class='ocrx_word' id='word_1_432' title='bbox 3145 1252 3212 1317; x_wconf 95' lang='lat' dir='ltr'><strong>p.</strong></span> <span class='ocrx_word' id='word_1_433' title='bbox 3240 1247 3385 1315; x_wconf 85' lang='lat'><strong>157.</strong></span> <span class='ocrx_word' id='word_1_434' title='bbox 3408 1245 3472 1295; x_wconf 87' lang='lat' dir='ltr'><strong>et</strong></span> <span class='ocrx_word' id='word_1_435' title='bbox 3498 1230 3577 1295; x_wconf 86' lang='lat' dir='ltr'><strong>ad</strong></span> <span class='ocrx_word' id='word_1_436' title='bbox 3604 1231 4056 1319; x_wconf 84' lang='lat' dir='ltr'><strong>Euthyphron.</strong></span> 
     </span>
     <span class='ocr_line' id='line_1_57' title="bbox 2357 1356 2562 1424; baseline 0 -25"><span class='ocrx_word' id='word_1_437' title='bbox 2357 1359 2419 1424; x_wconf 92' lang='lat' dir='ltr'><strong>p.</strong></span> <span class='ocrx_word' id='word_1_438' title='bbox 2461 1356 2562 1414; x_wconf 89' lang='grc'><strong>14.</strong></span> 
     </span>
    </p>

    <p class='ocr_par' dir='ltr' id='par_1_10' title="bbox 2360 1432 4061 1630">
     <span class='ocr_line' id='line_1_58' title="bbox 2443 1432 4061 1517; baseline -0.001 -15"><span class='ocrx_word' id='word_1_439' title='bbox 2443 1476 2530 1489; x_wconf 89' lang='grc'>-</span> <span class='ocrx_word' id='word_1_440' title='bbox 2566 1459 2662 1503; x_wconf 87' lang='grc'><strong>10.</strong></span> <span class='ocrx_word' id='word_1_441' title='bbox 2711 1438 3032 1502; x_wconf 83' lang='grc' dir='ltr'>κινδυνεύει</span> <span class='ocrx_word' id='word_1_442' title='bbox 3061 1435 3183 1517; x_wconf 65' lang='grc' dir='ltr'>γὰρ’</span> <span class='ocrx_word' id='word_1_443' title='bbox 3206 1432 3462 1516; x_wconf 86' lang='grc' dir='ltr'>βοήθεια</span> <span class='ocrx_word' id='word_1_444' title='bbox 3495 1434 3563 1498; x_wconf 82' lang='grc' dir='ltr'>τὸ</span> <span class='ocrx_word' id='word_1_445' title='bbox 3594 1440 3755 1500; x_wconf 83' lang='grc' dir='ltr'>νοεῖν</span> <span class='ocrx_word' id='word_1_446' title='bbox 3783 1438 4061 1501; x_wconf 84' lang='grc' dir='ltr'>δεδόσθαι</span> 
     </span>
     <span class='ocr_line' id='line_1_59' title="bbox 2360 1537 4056 1630; baseline -0.002 -25"><span class='ocrx_word' id='word_1_447' title='bbox 2360 1569 2412 1606; x_wconf 88' lang='grc' dir='ltr'><strong>κ.</strong></span> <span class='ocrx_word' id='word_1_448' title='bbox 2430 1567 2484 1604; x_wconf 83' lang='grc' dir='ltr'><strong>τ.</strong></span> <span class='ocrx_word' id='word_1_449' title='bbox 2504 1542 2600 1630; x_wconf 90' lang='grc' dir='ltr'><strong>λ.]</strong></span> <span class='ocrx_word' id='word_1_450' title='bbox 2650 1540 2775 1604; x_wconf 91' lang='lat' dir='ltr'><strong>His</strong></span> <span class='ocrx_word' id='word_1_451' title='bbox 2818 1555 2882 1605; x_wconf 89' lang='lat' dir='ltr'><strong>et</strong></span> <span class='ocrx_word' id='word_1_452' title='bbox 2929 1562 3102 1626; x_wconf 83' lang='lat' dir='ltr'><strong>seqq.</strong></span> <span class='ocrx_word' id='word_1_453' title='bbox 3142 1561 3362 1604; x_wconf 85' lang='lat' dir='ltr'><strong>rursus</strong></span> <span class='ocrx_word' id='word_1_454' title='bbox 3404 1537 3761 1603; x_wconf 85' lang='lat' dir='ltr'><strong>adhibenda</strong></span> <span class='ocrx_word' id='word_1_455' title='bbox 3796 1555 3889 1603; x_wconf 89' lang='lat' dir='ltr'><strong>est</strong></span> <span class='ocrx_word' id='word_1_456' title='bbox 3931 1539 4056 1604; x_wconf 90' lang='lat' dir='ltr'><strong>dis-</strong></span> 
     </span>
    </p>
   </div>
   <div class='ocr_carea' id='block_1_6' title="bbox 2191 1640 4059 1732">
    <p class='ocr_par' dir='ltr' id='par_1_11' title="bbox 2191 1640 4059 1732">
     <span class='ocr_line' id='line_1_60' title="bbox 2191 1640 4059 1732; baseline 0 -26"><span class='ocrx_word' id='word_1_457' title='bbox 2191 1643 2269 1707; x_wconf 91' lang='lat' dir='ltr'><strong>V.</strong></span> <span class='ocrx_word' id='word_1_458' title='bbox 2356 1643 2604 1732; x_wconf 87' lang='lat' dir='ltr'><strong>putatio</strong></span> <span class='ocrx_word' id='word_1_459' title='bbox 2640 1642 2703 1705; x_wconf 93' lang='lat' dir='ltr'><strong>in</strong></span> <span class='ocrx_word' id='word_1_460' title='bbox 2745 1641 3023 1707; x_wconf 82' lang='lat' dir='ltr'><strong>Platonis</strong></span> <span class='ocrx_word' id='word_1_461' title='bbox 3066 1640 3345 1730; x_wconf 86' lang='lat' dir='ltr'><strong>Republ.</strong></span> <span class='ocrx_word' id='word_1_462' title='bbox 3389 1665 3455 1730; x_wconf 94' lang='lat' dir='ltr'><strong>p.</strong></span> <span class='ocrx_word' id='word_1_463' title='bbox 3484 1661 3639 1731; x_wconf 84' lang='lat'><strong>507.</strong></span> <span class='ocrx_word' id='word_1_464' title='bbox 3669 1666 3765 1731; x_wconf 85' lang='lat' dir='ltr'><strong>sq.</strong></span> <span class='ocrx_word' id='word_1_465' title='bbox 3811 1666 3878 1730; x_wconf 94' lang='lat' dir='ltr'><strong>p.</strong></span> <span class='ocrx_word' id='word_1_466' title='bbox 3906 1644 4059 1729; x_wconf 91' lang='grc'>316.</span> 
     </span>
    </p>
   </div>
   <div class='ocr_carea' id='block_1_7' title="bbox 2356 1743 4069 5648">
    <p class='ocr_par' dir='ltr' id='par_1_12' title="bbox 2357 1743 2733 1833">
     <span class='ocr_line' id='line_1_61' title="bbox 2357 1743 2733 1833; baseline -0.008 -22"><span class='ocrx_word' id='word_1_467' title='bbox 2357 1769 2493 1833; x_wconf 91' lang='lat' dir='ltr'><strong>sqq.</strong></span> <span class='ocrx_word' id='word_1_468' title='bbox 2528 1743 2733 1810; x_wconf 86' lang='lat' dir='ltr'><strong>Bekk.</strong></span> 
     </span>
    </p>

    <p class='ocr_par' dir='ltr' id='par_1_13' title="bbox 2356 1846 4061 2353">
     <span class='ocr_line' id='line_1_62' title="bbox 2440 1846 4061 1938; baseline -0.002 -24"><span class='ocrx_word' id='word_1_469' title='bbox 2440 1874 2507 1938; x_wconf 94' lang='lat' dir='ltr'><strong>p.</strong></span> <span class='ocrx_word' id='word_1_470' title='bbox 2534 1870 2723 1935; x_wconf 88' lang='grc'>1340,</span> <span class='ocrx_word' id='word_1_471' title='bbox 2741 1863 2806 1934; x_wconf 88' lang='grc'><strong>5.</strong></span> <span class='ocrx_word' id='word_1_472' title='bbox 2843 1846 3097 1912; x_wconf 87' lang='grc' dir='ltr'>Ἐατέον</span> <span class='ocrx_word' id='word_1_473' title='bbox 3119 1847 3552 1916; x_wconf 79' lang='grc' dir='ltr'>οὖν-οὐδενὸς</span> <span class='ocrx_word' id='word_1_474' title='bbox 3573 1846 3891 1936; x_wconf 81' lang='grc' dir='ltr'>δεομένην]</span> <span class='ocrx_word' id='word_1_475' title='bbox 3925 1848 4061 1911; x_wconf 83' lang='lat' dir='ltr'><strong>Ex-</strong></span> 
     </span>
     <span class='ocr_line' id='line_1_63' title="bbox 2356 1949 4058 2043; baseline -0.004 -22"><span class='ocrx_word' id='word_1_476' title='bbox 2356 1955 2586 2043; x_wconf 86' lang='lat' dir='ltr'><strong>cerpsit</strong></span> <span class='ocrx_word' id='word_1_477' title='bbox 2642 1955 2779 2019; x_wconf 85' lang='lat' dir='ltr'><strong>haec</strong></span> <span class='ocrx_word' id='word_1_478' title='bbox 2837 1952 3233 2040; x_wconf 91' lang='lat' dir='ltr'><strong>Nicephorus</strong></span> <span class='ocrx_word' id='word_1_479' title='bbox 3292 1952 3609 2037; x_wconf 88' lang='lat' dir='ltr'><strong>Gregoras</strong></span> <span class='ocrx_word' id='word_1_480' title='bbox 3669 1949 3840 2015; x_wconf 91' lang='lat' dir='ltr'><strong>Hist.</strong></span> <span class='ocrx_word' id='word_1_481' title='bbox 3896 1951 4058 2038; x_wconf 89' lang='lat' dir='ltr'><strong>Byz.</strong></span> 
     </span>
     <span class='ocr_line' id='line_1_64' title="bbox 2361 2054 4055 2147; baseline -0.003 -22"><span class='ocrx_word' id='word_1_482' title='bbox 2361 2061 2620 2125; x_wconf 85' lang='lat' dir='ltr'><strong>XXII.</strong></span> <span class='ocrx_word' id='word_1_483' title='bbox 2653 2082 2718 2147; x_wconf 92' lang='lat' dir='ltr'><strong>p.</strong></span> <span class='ocrx_word' id='word_1_484' title='bbox 2747 2073 2894 2144; x_wconf 89' lang='grc' dir='ltr'>55ι.</span> <span class='ocrx_word' id='word_1_485' title='bbox 2930 2057 3037 2121; x_wconf 89' lang='lat' dir='ltr'><strong>ubi</strong></span> <span class='ocrx_word' id='word_1_486' title='bbox 3079 2068 3207 2120; x_wconf 88' lang='lat' dir='ltr'><strong>est:</strong></span> <span class='ocrx_word' id='word_1_487' title='bbox 3275 2055 3373 2119; x_wconf 86' lang='grc' dir='ltr'>ἐπὶ</span> <span class='ocrx_word' id='word_1_488' title='bbox 3416 2058 3518 2133; x_wconf 79' lang='grc' dir='ltr'><strong>τῆς</strong></span> <span class='ocrx_word' id='word_1_489' title='bbox 3559 2057 3753 2132; x_wconf 78' lang='grc' dir='ltr'>ἁπλῆς</span> <span class='ocrx_word' id='word_1_490' title='bbox 3795 2054 4055 2135; x_wconf 84' lang='grc' dir='ltr'>φύσεως,</span> 
     </span>
     <span class='ocr_line' id='line_1_65' title="bbox 2357 2156 4058 2245; baseline -0.005 -18"><span class='ocrx_word' id='word_1_491' title='bbox 2357 2161 2573 2236; x_wconf 80' lang='grc' dir='ltr'>τᾶλλα,</span> <span class='ocrx_word' id='word_1_492' title='bbox 2602 2161 2829 2226; x_wconf 86' lang='lat' dir='ltr'><strong>omisso</strong></span> <span class='ocrx_word' id='word_1_493' title='bbox 2856 2157 3063 2240; x_wconf 85' lang='grc' dir='ltr'>πάντη.</span> <span class='ocrx_word' id='word_1_494' title='bbox 3143 2160 3401 2245; x_wconf 83' lang='lat' dir='ltr'><strong>Integra</strong></span> <span class='ocrx_word' id='word_1_495' title='bbox 3425 2157 3631 2222; x_wconf 89' lang='lat' dir='ltr'><strong>Verba</strong></span> <span class='ocrx_word' id='word_1_496' title='bbox 3658 2156 4058 2245; x_wconf 82' lang='lat' dir='ltr'><strong>exhibuimus</strong></span> 
     </span>
     <span class='ocr_line' id='line_1_66' title="bbox 2359 2264 3042 2353; baseline -0.006 -24"><span class='ocrx_word' id='word_1_497' title='bbox 2359 2287 2549 2353; x_wconf 84' lang='lat' dir='ltr'><strong>supra</strong></span> <span class='ocrx_word' id='word_1_498' title='bbox 2577 2264 2658 2328; x_wconf 91' lang='lat' dir='ltr'><strong>ad</strong></span> <span class='ocrx_word' id='word_1_499' title='bbox 2687 2287 2748 2352; x_wconf 91' lang='lat' dir='ltr'><strong>p.</strong></span> <span class='ocrx_word' id='word_1_500' title='bbox 2775 2278 2922 2347; x_wconf 83' lang='lat'><strong>729.</strong></span> <span class='ocrx_word' id='word_1_501' title='bbox 2952 2266 3042 2326; x_wconf 90' lang='lat' dir='ltr'><strong>A.</strong></span> 
     </span>
    </p>

    <p class='ocr_par' dir='ltr' id='par_1_14' title="bbox 2361 2360 4061 2767">
     <span class='ocr_line' id='line_1_67' title="bbox 2445 2360 4053 2451; baseline -0.005 -19"><span class='ocrx_word' id='word_1_502' title='bbox 2445 2406 2532 2417; x_wconf 91' lang='lat'>—</span> <span class='ocrx_word' id='word_1_503' title='bbox 2566 2387 2621 2450; x_wconf 97' lang='lat'><strong>7.</strong></span> <span class='ocrx_word' id='word_1_504' title='bbox 2668 2369 2761 2432; x_wconf 84' lang='grc' dir='ltr'><strong>ὅτι</strong></span> <span class='ocrx_word' id='word_1_505' title='bbox 2787 2366 2959 2451; x_wconf 77' lang='grc' dir='ltr'>ψυχὴ</span> <span class='ocrx_word' id='word_1_506' title='bbox 2997 2371 3182 2430; x_wconf 81' lang='grc' dir='ltr'>δεῖται</span> <span class='ocrx_word' id='word_1_507' title='bbox 3214 2369 3354 2429; x_wconf 83' lang='grc' dir='ltr'>νοῦν</span> <span class='ocrx_word' id='word_1_508' title='bbox 3386 2364 3577 2447; x_wconf 82' lang='grc' dir='ltr'>ἔχειν]</span> <span class='ocrx_word' id='word_1_509' title='bbox 3628 2361 3774 2426; x_wconf 90' lang='lat' dir='ltr'><strong>Vid.</strong></span> <span class='ocrx_word' id='word_1_510' title='bbox 3809 2360 4053 2425; x_wconf 90' lang='lat' dir='ltr'><strong>Platon.</strong></span> 
     </span>
     <span class='ocr_line' id='line_1_68' title="bbox 2362 2463 4058 2559; baseline -0.006 -22"><span class='ocrx_word' id='word_1_511' title='bbox 2362 2474 2592 2559; x_wconf 86' lang='lat' dir='ltr'><strong>Remp.</strong></span> <span class='ocrx_word' id='word_1_512' title='bbox 2620 2473 2738 2537; x_wconf 93' lang='lat' dir='ltr'><strong>VI.</strong></span> <span class='ocrx_word' id='word_1_513' title='bbox 2773 2495 2835 2559; x_wconf 92' lang='lat' dir='ltr'><strong>p.</strong></span> <span class='ocrx_word' id='word_1_514' title='bbox 2860 2487 2984 2555; x_wconf 89' lang='grc'>507</span> <span class='ocrx_word' id='word_1_515' title='bbox 3015 2493 3109 2555; x_wconf 78' lang='lat' dir='ltr'><strong>sq.</strong></span> <span class='ocrx_word' id='word_1_516' title='bbox 3155 2467 3234 2532; x_wconf 86' lang='lat' dir='ltr'><strong>cf.</strong></span> <span class='ocrx_word' id='word_1_517' title='bbox 3264 2484 3414 2553; x_wconf 87' lang='grc'>511.</span> <span class='ocrx_word' id='word_1_518' title='bbox 3446 2481 3509 2530; x_wconf 89' lang='lat' dir='ltr'><strong>et</strong></span> <span class='ocrx_word' id='word_1_519' title='bbox 3538 2466 3688 2545; x_wconf 91' lang='lat'><strong>486.</strong></span> <span class='ocrx_word' id='word_1_520' title='bbox 3747 2463 4058 2528; x_wconf 64' lang='lat' dir='ltr'><strong>Phaedon.</strong></span> 
     </span>
     <span class='ocr_line' id='line_1_69' title="bbox 2361 2567 4061 2665; baseline -0.006 -26"><span class='ocrx_word' id='word_1_521' title='bbox 2361 2600 2429 2665; x_wconf 93' lang='lat' dir='ltr'><strong>p.</strong></span> <span class='ocrx_word' id='word_1_522' title='bbox 2463 2579 2568 2661; x_wconf 86' lang='lat'><strong>65.</strong></span> <span class='ocrx_word' id='word_1_523' title='bbox 2604 2577 2681 2640; x_wconf 85' lang='lat' dir='ltr'><strong>A.</strong></span> <span class='ocrx_word' id='word_1_524' title='bbox 2729 2589 2792 2640; x_wconf 89' lang='lat' dir='ltr'><strong>et</strong></span> <span class='ocrx_word' id='word_1_525' title='bbox 2822 2574 2901 2639; x_wconf 89' lang='lat' dir='ltr'><strong>de</strong></span> <span class='ocrx_word' id='word_1_526' title='bbox 2944 2569 3345 2636; x_wconf 87' lang='lat' dir='ltr'><strong>intellectuali</strong></span> <span class='ocrx_word' id='word_1_527' title='bbox 3383 2567 3608 2633; x_wconf 83' lang='lat' dir='ltr'><strong>anirnae</strong></span> <span class='ocrx_word' id='word_1_528' title='bbox 3640 2567 3934 2632; x_wconf 85' lang='lat' dir='ltr'><strong>humanae</strong></span> <span class='ocrx_word' id='word_1_529' title='bbox 3968 2589 4061 2630; x_wconf 85' lang='lat' dir='ltr'><strong>es-</strong></span> 
     </span>
     <span class='ocr_line' id='line_1_70' title="bbox 2362 2673 3644 2767; baseline -0.011 -22"><span class='ocrx_word' id='word_1_530' title='bbox 2362 2681 2558 2745; x_wconf 87' lang='lat' dir='ltr'><strong>sentia</strong></span> <span class='ocrx_word' id='word_1_531' title='bbox 2589 2678 2925 2767; x_wconf 88' lang='lat' dir='ltr'><strong>Wyttenb.</strong></span> <span class='ocrx_word' id='word_1_532' title='bbox 2959 2675 3039 2739; x_wconf 89' lang='lat' dir='ltr'><strong>ad</strong></span> <span class='ocrx_word' id='word_1_533' title='bbox 3074 2673 3372 2738; x_wconf 83' lang='lat' dir='ltr'><strong>Phaedon.</strong></span> <span class='ocrx_word' id='word_1_534' title='bbox 3402 2694 3468 2758; x_wconf 94' lang='lat' dir='ltr'><strong>p.</strong></span> <span class='ocrx_word' id='word_1_535' title='bbox 3496 2687 3644 2755; x_wconf 91' lang='grc'>245.</span> 
     </span>
    </p>

    <p class='ocr_par' dir='ltr' id='par_1_15' title="bbox 2361 2774 4066 4105">
     <span class='ocr_line' id='line_1_71' title="bbox 2448 2774 4056 2864; baseline -0.007 -17"><span class='ocrx_word' id='word_1_536' title='bbox 2448 2820 2536 2832; x_wconf 95' lang='grc'>-</span> <span class='ocrx_word' id='word_1_537' title='bbox 2570 2804 2592 2846; x_wconf 88' lang='grc'><strong>1</strong></span> <span class='ocrx_word' id='word_1_538' title='bbox 2612 2803 2664 2846; x_wconf 94' lang='lat'><strong>1.</strong></span> <span class='ocrx_word' id='word_1_539' title='bbox 2716 2782 2810 2845; x_wconf 85' lang='grc' dir='ltr'><strong>καὶ</strong></span> <span class='ocrx_word' id='word_1_540' title='bbox 2830 2781 2899 2844; x_wconf 84' lang='grc' dir='ltr'>τὸ</span> <span class='ocrx_word' id='word_1_541' title='bbox 2922 2783 3106 2862; x_wconf 82' lang='grc' dir='ltr'>γνῶθι</span> <span class='ocrx_word' id='word_1_542' title='bbox 3129 2775 3415 2864; x_wconf 82' lang='grc' dir='ltr'>σεαυτὸν]</span> <span class='ocrx_word' id='word_1_543' title='bbox 3448 2775 3549 2839; x_wconf 87' lang='lat' dir='ltr'><strong>Cf.</strong></span> <span class='ocrx_word' id='word_1_544' title='bbox 3575 2796 3766 2861; x_wconf 80' lang='lat' dir='ltr'><strong>supra</strong></span> <span class='ocrx_word' id='word_1_545' title='bbox 3790 2774 3905 2838; x_wconf 93' lang='lat' dir='ltr'><strong>IV.</strong></span> <span class='ocrx_word' id='word_1_546' title='bbox 3924 2793 3988 2860; x_wconf 90' lang='grc'><strong>3.</strong></span> <span class='ocrx_word' id='word_1_547' title='bbox 4006 2795 4056 2839; x_wconf 94' lang='lat'><strong>1.</strong></span> 
     </span>
     <span class='ocr_line' id='line_1_72' title="bbox 2361 2878 4060 2973; baseline -0.006 -23"><span class='ocrx_word' id='word_1_548' title='bbox 2361 2908 2424 2973; x_wconf 90' lang='lat' dir='ltr'><strong>p.</strong></span> <span class='ocrx_word' id='word_1_549' title='bbox 2446 2903 2594 2972; x_wconf 88' lang='lat'><strong>371.</strong></span> <span class='ocrx_word' id='word_1_550' title='bbox 2618 2886 2697 2949; x_wconf 91' lang='grc' dir='ltr'><strong>Β.</strong></span> <span class='ocrx_word' id='word_1_551' title='bbox 2728 2900 2791 2949; x_wconf 89' lang='lat' dir='ltr'><strong>et</strong></span> <span class='ocrx_word' id='word_1_552' title='bbox 2823 2882 2965 2947; x_wconf 90' lang='lat' dir='ltr'><strong>vide</strong></span> <span class='ocrx_word' id='word_1_553' title='bbox 2997 2881 3238 2946; x_wconf 86' lang='lat' dir='ltr'><strong>Platon.</strong></span> <span class='ocrx_word' id='word_1_554' title='bbox 3273 2878 3519 2945; x_wconf 82' lang='lat' dir='ltr'><strong>Phaedr.</strong></span> <span class='ocrx_word' id='word_1_555' title='bbox 3554 2902 3622 2966; x_wconf 93' lang='lat' dir='ltr'><strong>p.</strong></span> <span class='ocrx_word' id='word_1_556' title='bbox 3653 2896 3798 2962; x_wconf 91' lang='grc'>229.</span> <span class='ocrx_word' id='word_1_557' title='bbox 3825 2901 3876 2942; x_wconf 88' lang='lat' dir='ltr'><strong>e.</strong></span> <span class='ocrx_word' id='word_1_558' title='bbox 3907 2902 3970 2967; x_wconf 93' lang='lat' dir='ltr'><strong>p.</strong></span> <span class='ocrx_word' id='word_1_559' title='bbox 3998 2878 4060 2942; x_wconf 89' lang='lat'><strong>8.</strong></span> 
     </span>
     <span class='ocr_line' id='line_1_73' title="bbox 2363 2981 4061 3073; baseline -0.003 -20"><span class='ocrx_word' id='word_1_560' title='bbox 2363 2986 2567 3053; x_wconf 84' lang='lat' dir='ltr'><strong>Bekk.</strong></span> <span class='ocrx_word' id='word_1_561' title='bbox 2629 2989 2959 3072; x_wconf 86' lang='lat' dir='ltr'><strong>Protagor.</strong></span> <span class='ocrx_word' id='word_1_562' title='bbox 3005 3009 3068 3073; x_wconf 95' lang='lat' dir='ltr'><strong>p.</strong></span> <span class='ocrx_word' id='word_1_563' title='bbox 3099 3004 3248 3071; x_wconf 89' lang='grc'>343.</span> <span class='ocrx_word' id='word_1_564' title='bbox 3286 2985 3364 3048; x_wconf 91' lang='grc' dir='ltr'><strong>Β.</strong></span> <span class='ocrx_word' id='word_1_565' title='bbox 3410 3007 3475 3071; x_wconf 89' lang='grc' dir='ltr'><strong>Ρ.</strong></span> <span class='ocrx_word' id='word_1_566' title='bbox 3513 3003 3658 3069; x_wconf 86' lang='grc'>213.</span> <span class='ocrx_word' id='word_1_567' title='bbox 3690 2981 3893 3049; x_wconf 83' lang='lat' dir='ltr'><strong>Bekk.</strong></span> <span class='ocrx_word' id='word_1_568' title='bbox 3954 2983 4061 3048; x_wconf 90' lang='lat' dir='ltr'><strong>Ci-</strong></span> 
     </span>
     <span class='ocr_line' id='line_1_74' title="bbox 2361 3087 4066 3177; baseline -0.002 -21"><span class='ocrx_word' id='word_1_569' title='bbox 2361 3115 2503 3156; x_wconf 85' lang='lat' dir='ltr'><strong>cero</strong></span> <span class='ocrx_word' id='word_1_570' title='bbox 2545 3091 2627 3156; x_wconf 89' lang='lat' dir='ltr'><strong>de</strong></span> <span class='ocrx_word' id='word_1_571' title='bbox 2672 3090 2875 3177; x_wconf 90' lang='lat' dir='ltr'><strong>Legg.</strong></span> <span class='ocrx_word' id='word_1_572' title='bbox 2916 3090 2972 3153; x_wconf 97' lang='lat' dir='ltr'><strong>I.</strong></span> <span class='ocrx_word' id='word_1_573' title='bbox 3008 3108 3107 3153; x_wconf 92' lang='grc'><strong>22.</strong></span> <span class='ocrx_word' id='word_1_574' title='bbox 3140 3088 3247 3173; x_wconf 91' lang='grc'><strong>58.</strong></span> <span class='ocrx_word' id='word_1_575' title='bbox 3295 3104 3357 3153; x_wconf 89' lang='lat' dir='ltr'><strong>et</strong></span> <span class='ocrx_word' id='word_1_576' title='bbox 3402 3111 3547 3174; x_wconf 83' lang='lat' dir='ltr'><strong>quae</strong></span> <span class='ocrx_word' id='word_1_577' title='bbox 3591 3087 3775 3176; x_wconf 85' lang='lat' dir='ltr'><strong>plura</strong></span> <span class='ocrx_word' id='word_1_578' title='bbox 3816 3087 4066 3176; x_wconf 75' lang='lat' dir='ltr'><strong>collegit</strong></span> 
     </span>
     <span class='ocr_line' id='line_1_75' title="bbox 2364 3190 4063 3281; baseline -0.002 -24"><span class='ocrx_word' id='word_1_579' title='bbox 2364 3194 2700 3281; x_wconf 88' lang='lat' dir='ltr'><strong>Wyttenb.</strong></span> <span class='ocrx_word' id='word_1_580' title='bbox 2725 3193 2804 3257; x_wconf 88' lang='lat' dir='ltr'><strong>ad</strong></span> <span class='ocrx_word' id='word_1_581' title='bbox 2831 3192 3150 3258; x_wconf 87' lang='lat' dir='ltr'><strong>Plutarch.</strong></span> <span class='ocrx_word' id='word_1_582' title='bbox 3180 3190 3261 3255; x_wconf 90' lang='lat' dir='ltr'><strong>de</strong></span> <span class='ocrx_word' id='word_1_583' title='bbox 3294 3194 3369 3256; x_wconf 86' lang='grc' dir='ltr'><strong>Εἰ</strong></span> <span class='ocrx_word' id='word_1_584' title='bbox 3398 3190 3629 3278; x_wconf 91' lang='lat' dir='ltr'><strong>Delph.</strong></span> <span class='ocrx_word' id='word_1_585' title='bbox 3659 3191 3753 3279; x_wconf 93' lang='lat' dir='ltr'><strong>(p.</strong></span> <span class='ocrx_word' id='word_1_586' title='bbox 3771 3191 3919 3277; x_wconf 84' lang='lat'><strong>385.</strong></span> <span class='ocrx_word' id='word_1_587' title='bbox 3945 3193 4063 3275; x_wconf 92' lang='lat' dir='ltr'><strong>D.)</strong></span> 
     </span>
     <span class='ocr_line' id='line_1_76' title="bbox 2364 3292 4064 3386; baseline -0.003 -23"><span class='ocrx_word' id='word_1_588' title='bbox 2364 3299 2752 3364; x_wconf 89' lang='lat' dir='ltr'><strong>Animadvv.</strong></span> <span class='ocrx_word' id='word_1_589' title='bbox 2801 3322 2861 3386; x_wconf 90' lang='lat' dir='ltr'><strong>p.</strong></span> <span class='ocrx_word' id='word_1_590' title='bbox 2912 3315 3058 3383; x_wconf 89' lang='grc'>275.</span> <span class='ocrx_word' id='word_1_591' title='bbox 3152 3294 3335 3359; x_wconf 86' lang='lat' dir='ltr'><strong>Adde</strong></span> <span class='ocrx_word' id='word_1_592' title='bbox 3388 3292 3682 3359; x_wconf 85' lang='lat' dir='ltr'><strong>Proclum</strong></span> <span class='ocrx_word' id='word_1_593' title='bbox 3735 3293 3797 3357; x_wconf 91' lang='lat' dir='ltr'><strong>in</strong></span> <span class='ocrx_word' id='word_1_594' title='bbox 3850 3293 4064 3359; x_wconf 92' lang='lat' dir='ltr'><strong>Alcib.</strong></span> 
     </span>
     <span class='ocr_line' id='line_1_77' title="bbox 2364 3396 4059 3490; baseline -0.003 -24"><span class='ocrx_word' id='word_1_595' title='bbox 2364 3425 2460 3490; x_wconf 87' lang='lat' dir='ltr'><strong>pr.</strong></span> <span class='ocrx_word' id='word_1_596' title='bbox 2497 3404 2550 3466; x_wconf 94' lang='lat'><strong>1.</strong></span> <span class='ocrx_word' id='word_1_597' title='bbox 2600 3425 2660 3489; x_wconf 91' lang='lat' dir='ltr'><strong>p.</strong></span> <span class='ocrx_word' id='word_1_598' title='bbox 2692 3422 2757 3485; x_wconf 93' lang='grc'><strong>5.</strong></span> <span class='ocrx_word' id='word_1_599' title='bbox 2790 3417 2853 3465; x_wconf 89' lang='lat' dir='ltr'><strong>et</strong></span> <span class='ocrx_word' id='word_1_600' title='bbox 2896 3424 2959 3488; x_wconf 93' lang='lat' dir='ltr'><strong>p.</strong></span> <span class='ocrx_word' id='word_1_601' title='bbox 2998 3420 3094 3485; x_wconf 88' lang='lat'><strong>19.</strong></span> <span class='ocrx_word' id='word_1_602' title='bbox 3130 3398 3231 3463; x_wconf 90' lang='lat' dir='ltr'><strong>ed.</strong></span> <span class='ocrx_word' id='word_1_603' title='bbox 3262 3414 3455 3462; x_wconf 85' lang='lat' dir='ltr'><strong>nostr.</strong></span> <span class='ocrx_word' id='word_1_604' title='bbox 3501 3412 3564 3461; x_wconf 88' lang='lat' dir='ltr'><strong>et</strong></span> <span class='ocrx_word' id='word_1_605' title='bbox 3601 3396 3964 3484; x_wconf 87' lang='lat' dir='ltr'><strong>Olympiod.</strong></span> <span class='ocrx_word' id='word_1_606' title='bbox 3996 3399 4059 3461; x_wconf 87' lang='lat' dir='ltr'><strong>in</strong></span> 
     </span>
     <span class='ocr_line' id='line_1_78' title="bbox 2363 3499 4062 3591; baseline -0.003 -22"><span class='ocrx_word' id='word_1_607' title='bbox 2363 3505 2551 3570; x_wconf 89' lang='lat' dir='ltr'><strong>eund.</strong></span> <span class='ocrx_word' id='word_1_608' title='bbox 2590 3505 2814 3591; x_wconf 83' lang='lat' dir='ltr'><strong>dialog.</strong></span> <span class='ocrx_word' id='word_1_609' title='bbox 2857 3528 2924 3591; x_wconf 94' lang='lat' dir='ltr'><strong>p.</strong></span> <span class='ocrx_word' id='word_1_610' title='bbox 2959 3504 3019 3567; x_wconf 91' lang='lat'><strong>8.</strong></span> <span class='ocrx_word' id='word_1_611' title='bbox 3061 3518 3197 3586; x_wconf 87' lang='lat'><strong>172.</strong></span> <span class='ocrx_word' id='word_1_612' title='bbox 3230 3517 3292 3565; x_wconf 91' lang='lat' dir='ltr'><strong>et</strong></span> <span class='ocrx_word' id='word_1_613' title='bbox 3324 3519 3439 3563; x_wconf 90' lang='grc'><strong>201</strong></span> <span class='ocrx_word' id='word_1_614' title='bbox 3479 3523 3574 3587; x_wconf 92' lang='lat' dir='ltr'><strong>sq.</strong></span> <span class='ocrx_word' id='word_1_615' title='bbox 3648 3499 4062 3587; x_wconf 72' lang='lat' dir='ltr'><strong>Porphyriu3‚</strong></span> 
     </span>
     <span class='ocr_line' id='line_1_79' title="bbox 2364 3599 4059 3696; baseline -0.005 -22"><span class='ocrx_word' id='word_1_616' title='bbox 2364 3609 2475 3696; x_wconf 89' lang='lat' dir='ltr'><strong>qui</strong></span> <span class='ocrx_word' id='word_1_617' title='bbox 2519 3609 2581 3672; x_wconf 88' lang='lat' dir='ltr'><strong>in</strong></span> <span class='ocrx_word' id='word_1_618' title='bbox 2617 3607 2951 3673; x_wconf 84' lang='lat' dir='ltr'><strong>Sententiis</strong></span> <span class='ocrx_word' id='word_1_619' title='bbox 2979 3606 3107 3669; x_wconf 86' lang='lat' dir='ltr'><strong>suis</strong></span> <span class='ocrx_word' id='word_1_620' title='bbox 3139 3603 3491 3668; x_wconf 83' lang='lat' dir='ltr'><strong>Plotiniana</strong></span> <span class='ocrx_word' id='word_1_621' title='bbox 3524 3599 3752 3688; x_wconf 88' lang='lat' dir='ltr'><strong>placita</strong></span> <span class='ocrx_word' id='word_1_622' title='bbox 3793 3601 3856 3664; x_wconf 91' lang='lat' dir='ltr'><strong>in</strong></span> <span class='ocrx_word' id='word_1_623' title='bbox 3888 3624 4059 3665; x_wconf 88' lang='lat' dir='ltr'><strong>com-</strong></span> 
     </span>
     <span class='ocr_line' id='line_1_80' title="bbox 2365 3703 4059 3801; baseline -0.004 -24"><span class='ocrx_word' id='word_1_624' title='bbox 2365 3712 2664 3801; x_wconf 88' lang='lat' dir='ltr'><strong>pendium</strong></span> <span class='ocrx_word' id='word_1_625' title='bbox 2696 3711 2937 3798; x_wconf 90' lang='lat' dir='ltr'><strong>redegit</strong></span> <span class='ocrx_word' id='word_1_626' title='bbox 2970 3707 3319 3773; x_wconf 89' lang='lat' dir='ltr'><strong>XXXIV.</strong></span> <span class='ocrx_word' id='word_1_627' title='bbox 3352 3728 3414 3793; x_wconf 93' lang='lat' dir='ltr'><strong>p.</strong></span> <span class='ocrx_word' id='word_1_628' title='bbox 3441 3723 3582 3788; x_wconf 84' lang='lat'><strong>239.</strong></span> <span class='ocrx_word' id='word_1_629' title='bbox 3607 3703 3707 3767; x_wconf 89' lang='lat' dir='ltr'><strong>ed.</strong></span> <span class='ocrx_word' id='word_1_630' title='bbox 3731 3704 4059 3771; x_wconf 87' lang='lat' dir='ltr'><strong>Cantabr.:</strong></span> 
     </span>
     <span class='ocr_line' id='line_1_81' title="bbox 2365 3806 4062 3898; baseline -0.006 -18"><span class='ocrx_word' id='word_1_631' title='bbox 2365 3823 2597 3898; x_wconf 90' lang='grc' dir='ltr'>πρῶτον</span> <span class='ocrx_word' id='word_1_632' title='bbox 2624 3818 2737 3897; x_wconf 77' lang='grc' dir='ltr'>μὲν</span> <span class='ocrx_word' id='word_1_633' title='bbox 2765 3817 2896 3879; x_wconf 71' lang='grc' dir='ltr'>οἷον</span> <span class='ocrx_word' id='word_1_634' title='bbox 2922 3812 3198 3893; x_wconf 85' lang='grc' dir='ltr'>θεμέλιος</span> <span class='ocrx_word' id='word_1_635' title='bbox 3238 3809 3333 3874; x_wconf 84' lang='grc' dir='ltr'><strong>καὶ</strong></span> <span class='ocrx_word' id='word_1_636' title='bbox 3369 3809 3689 3888; x_wconf 80' lang='grc' dir='ltr'>ὑπόβαθρα</span> <span class='ocrx_word' id='word_1_637' title='bbox 3716 3810 3817 3886; x_wconf 83' lang='grc' dir='ltr'><strong>τῆς</strong></span> <span class='ocrx_word' id='word_1_638' title='bbox 3846 3806 4062 3891; x_wconf 91' lang='grc' dir='ltr'>καθάρ-</span> 
     </span>
     <span class='ocr_line' id='line_1_82' title="bbox 2366 3912 4065 3999; baseline -0.003 -18"><span class='ocrx_word' id='word_1_639' title='bbox 2366 3944 2520 3986; x_wconf 91' lang='grc' dir='ltr'>σεως</span> <span class='ocrx_word' id='word_1_640' title='bbox 2569 3918 2638 3982; x_wconf 85' lang='grc' dir='ltr'>τὸ</span> <span class='ocrx_word' id='word_1_641' title='bbox 2688 3923 2913 3999; x_wconf 89' lang='grc' dir='ltr'>γνῶναι</span> <span class='ocrx_word' id='word_1_642' title='bbox 2964 3915 3178 3980; x_wconf 79' lang='grc' dir='ltr'>ἑαυτὸν</span> <span class='ocrx_word' id='word_1_643' title='bbox 3216 3912 3425 3997; x_wconf 77' lang='grc' dir='ltr'>ψυχὴν</span> <span class='ocrx_word' id='word_1_644' title='bbox 3467 3913 3614 3975; x_wconf 80' lang='grc' dir='ltr'>ὄντα</span> <span class='ocrx_word' id='word_1_645' title='bbox 3657 3913 3726 3975; x_wconf 94' lang='grc' dir='ltr'>ἐν</span> <span class='ocrx_word' id='word_1_646' title='bbox 3769 3912 4065 3999; x_wconf 75' lang='grc' dir='ltr'>ἀλλοτρίῳ</span> 
     </span>
     <span class='ocr_line' id='line_1_83' title="bbox 2364 4014 3617 4105; baseline -0.007 -19"><span class='ocrx_word' id='word_1_647' title='bbox 2364 4021 2664 4105; x_wconf 83' lang='grc' dir='ltr'>πράγματι</span> <span class='ocrx_word' id='word_1_648' title='bbox 2693 4022 2789 4086; x_wconf 87' lang='grc' dir='ltr'><strong>καὶ</strong></span> <span class='ocrx_word' id='word_1_649' title='bbox 2818 4020 3134 4105; x_wconf 77' lang='grc' dir='ltr'>ἑτερουσίῳ</span> <span class='ocrx_word' id='word_1_650' title='bbox 3166 4014 3617 4095; x_wconf 81' lang='grc' dir='ltr'>συνδεδεμένην.</span> 
     </span>
    </p>

    <p class='ocr_par' dir='ltr' id='par_1_16' title="bbox 2364 4117 4064 4521">
     <span class='ocr_line' id='line_1_84' title="bbox 2449 4117 4063 4211; baseline -0.003 -23"><span class='ocrx_word' id='word_1_651' title='bbox 2449 4147 2515 4211; x_wconf 87' lang='grc' dir='ltr'><strong>Ρ.</strong></span> <span class='ocrx_word' id='word_1_652' title='bbox 2554 4144 2742 4209; x_wconf 84' lang='grc'>1341,</span> <span class='ocrx_word' id='word_1_653' title='bbox 2776 4123 2833 4186; x_wconf 91' lang='lat'><strong>8.</strong></span> <span class='ocrx_word' id='word_1_654' title='bbox 2880 4124 3015 4187; x_wconf 79' lang='grc' dir='ltr'>οὔτε</span> <span class='ocrx_word' id='word_1_655' title='bbox 3060 4119 3369 4199; x_wconf 75' lang='grc' dir='ltr'>ἐπιστήμη,</span> <span class='ocrx_word' id='word_1_656' title='bbox 3402 4120 3493 4182; x_wconf 83' lang='grc' dir='ltr'><strong>ὅτι</strong></span> <span class='ocrx_word' id='word_1_657' title='bbox 3528 4117 3712 4199; x_wconf 82' lang='grc' dir='ltr'>μηδέν</span> <span class='ocrx_word' id='word_1_658' title='bbox 3741 4120 4063 4183; x_wconf 84' lang='grc' dir='ltr'>ἐστι-αὖ-</span> 
     </span>
     <span class='ocr_line' id='line_1_85' title="bbox 2364 4219 4063 4310; baseline -0.002 -20"><span class='ocrx_word' id='word_1_659' title='bbox 2364 4231 2469 4292; x_wconf 84' lang='grc' dir='ltr'>τοῦ</span> <span class='ocrx_word' id='word_1_660' title='bbox 2499 4231 2846 4308; x_wconf 85' lang='grc' dir='ltr'>κατηγορεῖν</span> <span class='ocrx_word' id='word_1_661' title='bbox 2877 4226 2953 4292; x_wconf 82' lang='grc' dir='ltr'>ὣς</span> <span class='ocrx_word' id='word_1_662' title='bbox 2980 4222 3228 4310; x_wconf 90' lang='grc' dir='ltr'>παρόν.]</span> <span class='ocrx_word' id='word_1_663' title='bbox 3262 4221 3421 4286; x_wconf 90' lang='lat' dir='ltr'><strong>Vide</strong></span> <span class='ocrx_word' id='word_1_664' title='bbox 3446 4219 3727 4284; x_wconf 87' lang='lat' dir='ltr'><strong>Platonis</strong></span> <span class='ocrx_word' id='word_1_665' title='bbox 3748 4220 4063 4286; x_wconf 83' lang='lat' dir='ltr'><strong>Timaeum</strong></span> 
     </span>
     <span class='ocr_line' id='line_1_86' title="bbox 2367 4324 4064 4415; baseline -0.004 -22"><span class='ocrx_word' id='word_1_666' title='bbox 2367 4352 2428 4414; x_wconf 90' lang='lat' dir='ltr'><strong>p.</strong></span> <span class='ocrx_word' id='word_1_667' title='bbox 2467 4329 2571 4393; x_wconf 90' lang='grc'><strong>28.</strong></span> <span class='ocrx_word' id='word_1_668' title='bbox 2603 4329 2668 4392; x_wconf 93' lang='lat' dir='ltr'><strong>d.</strong></span> <span class='ocrx_word' id='word_1_669' title='bbox 2695 4352 2765 4392; x_wconf 87' lang='lat' dir='ltr'><strong>e:</strong></span> <span class='ocrx_word' id='word_1_670' title='bbox 2814 4351 2875 4415; x_wconf 91' lang='lat' dir='ltr'><strong>p.</strong></span> <span class='ocrx_word' id='word_1_671' title='bbox 2914 4347 3016 4415; x_wconf 90' lang='grc'><strong>23.</strong></span> <span class='ocrx_word' id='word_1_672' title='bbox 3050 4325 3254 4390; x_wconf 83' lang='lat' dir='ltr'><strong>Bekk.</strong></span> <span class='ocrx_word' id='word_1_673' title='bbox 3327 4324 3492 4389; x_wconf 87' lang='lat' dir='ltr'><strong>Plat.</strong></span> <span class='ocrx_word' id='word_1_674' title='bbox 3525 4324 3684 4410; x_wconf 87' lang='lat' dir='ltr'><strong>Rep.</strong></span> <span class='ocrx_word' id='word_1_675' title='bbox 3729 4346 3796 4410; x_wconf 94' lang='lat' dir='ltr'><strong>p.</strong></span> <span class='ocrx_word' id='word_1_676' title='bbox 3826 4328 3979 4409; x_wconf 84' lang='lat'><strong>508.</strong></span> <span class='ocrx_word' id='word_1_677' title='bbox 4011 4349 4064 4388; x_wconf 86' lang='lat' dir='ltr'><strong>e.</strong></span> 
     </span>
     <span class='ocr_line' id='line_1_87' title="bbox 2365 4423 3747 4521; baseline -0.006 -24"><span class='ocrx_word' id='word_1_678' title='bbox 2365 4456 2436 4521; x_wconf 94' lang='lat' dir='ltr'><strong>p.</strong></span> <span class='ocrx_word' id='word_1_679' title='bbox 2465 4453 2617 4518; x_wconf 88' lang='lat'><strong>319.</strong></span> <span class='ocrx_word' id='word_1_680' title='bbox 2654 4430 2851 4496; x_wconf 82' lang='lat' dir='ltr'><strong>Bekk.</strong></span> <span class='ocrx_word' id='word_1_681' title='bbox 2883 4445 2948 4495; x_wconf 89' lang='lat' dir='ltr'><strong>et</strong></span> <span class='ocrx_word' id='word_1_682' title='bbox 2975 4449 3127 4514; x_wconf 89' lang='grc'>511.</span> <span class='ocrx_word' id='word_1_683' title='bbox 3159 4428 3226 4492; x_wconf 93' lang='lat' dir='ltr'><strong>b.</strong></span> <span class='ocrx_word' id='word_1_684' title='bbox 3272 4450 3339 4514; x_wconf 94' lang='lat' dir='ltr'><strong>p.</strong></span> <span class='ocrx_word' id='word_1_685' title='bbox 3363 4446 3513 4510; x_wconf 89' lang='grc'>324.</span> <span class='ocrx_word' id='word_1_686' title='bbox 3548 4423 3747 4489; x_wconf 86' lang='lat' dir='ltr'><strong>Bekk.</strong></span> 
     </span>
    </p>

    <p class='ocr_par' dir='ltr' id='par_1_17' title="bbox 2363 4524 4069 5648">
     <span class='ocr_line' id='line_1_88' title="bbox 2450 4524 4066 4615; baseline -0.004 -16"><span class='ocrx_word' id='word_1_687' title='bbox 2450 4574 2538 4586; x_wconf 91' lang='lat'>—</span> <span class='ocrx_word' id='word_1_688' title='bbox 2576 4537 2669 4599; x_wconf 91' lang='lat'><strong>16.</strong></span> <span class='ocrx_word' id='word_1_689' title='bbox 2719 4532 3166 4615; x_wconf 85' lang='grc' dir='ltr'>Διὸ-λέγεται</span> <span class='ocrx_word' id='word_1_690' title='bbox 3208 4530 3344 4611; x_wconf 87' lang='grc' dir='ltr'>περὶ</span> <span class='ocrx_word' id='word_1_691' title='bbox 3386 4528 3492 4591; x_wconf 84' lang='grc' dir='ltr'><strong>τὸν</strong></span> <span class='ocrx_word' id='word_1_692' title='bbox 3529 4524 3769 4591; x_wconf 83' lang='grc' dir='ltr'>πάντων</span> <span class='ocrx_word' id='word_1_693' title='bbox 3795 4529 4066 4609; x_wconf 87' lang='grc' dir='ltr'>βασιλέα</span> 
     </span>
     <span class='ocr_line' id='line_1_89' title="bbox 2363 4630 4067 4724; baseline -0.005 -21"><span class='ocrx_word' id='word_1_694' title='bbox 2363 4636 2559 4703; x_wconf 84' lang='grc' dir='ltr'>πάντα</span> <span class='ocrx_word' id='word_1_695' title='bbox 2605 4639 2735 4702; x_wconf 76' lang='grc' dir='ltr'>ἐστὶ</span> <span class='ocrx_word' id='word_1_696' title='bbox 2779 4665 2829 4701; x_wconf 94' lang='grc' dir='ltr'><strong>κ.</strong></span> <span class='ocrx_word' id='word_1_697' title='bbox 2848 4662 2902 4701; x_wconf 88' lang='grc' dir='ltr'><strong>τ.</strong></span> <span class='ocrx_word' id='word_1_698' title='bbox 2924 4636 3019 4724; x_wconf 91' lang='grc' dir='ltr'><strong>λ.]</strong></span> <span class='ocrx_word' id='word_1_699' title='bbox 3081 4632 3359 4699; x_wconf 92' lang='lat' dir='ltr'><strong>Platonis</strong></span> <span class='ocrx_word' id='word_1_700' title='bbox 3403 4630 3604 4695; x_wconf 89' lang='lat' dir='ltr'><strong>locum</strong></span> <span class='ocrx_word' id='word_1_701' title='bbox 3654 4654 3733 4695; x_wconf 85' lang='lat' dir='ltr'><strong>ex</strong></span> <span class='ocrx_word' id='word_1_702' title='bbox 3784 4631 4067 4718; x_wconf 84' lang='lat' dir='ltr'><strong>Epistola</strong></span> 
     </span>
     <span class='ocr_line' id='line_1_90' title="bbox 2369 4733 4060 4828; baseline -0.003 -23"><span class='ocrx_word' id='word_1_703' title='bbox 2369 4743 2469 4806; x_wconf 90' lang='grc' dir='ltr'><strong>ΙΙ.</strong></span> <span class='ocrx_word' id='word_1_704' title='bbox 2504 4763 2570 4828; x_wconf 92' lang='lat' dir='ltr'><strong>p.</strong></span> <span class='ocrx_word' id='word_1_705' title='bbox 2601 4758 2752 4827; x_wconf 89' lang='grc'>312.</span> <span class='ocrx_word' id='word_1_706' title='bbox 2782 4762 2835 4802; x_wconf 89' lang='lat' dir='ltr'><strong>e.</strong></span> <span class='ocrx_word' id='word_1_707' title='bbox 2879 4761 2940 4826; x_wconf 92' lang='lat' dir='ltr'><strong>p.</strong></span> <span class='ocrx_word' id='word_1_708' title='bbox 2970 4756 3121 4823; x_wconf 91' lang='lat'><strong>403.</strong></span> <span class='ocrx_word' id='word_1_709' title='bbox 3161 4733 3358 4801; x_wconf 87' lang='lat' dir='ltr'><strong>Bekk.</strong></span> <span class='ocrx_word' id='word_1_710' title='bbox 3406 4757 3596 4821; x_wconf 88' lang='lat' dir='ltr'><strong>supra</strong></span> <span class='ocrx_word' id='word_1_711' title='bbox 3638 4735 3937 4823; x_wconf 86' lang='lat' dir='ltr'><strong>adscripsi</strong></span> <span class='ocrx_word' id='word_1_712' title='bbox 3981 4736 4060 4800; x_wconf 86' lang='lat' dir='ltr'><strong>ad</strong></span> 
     </span>
     <span class='ocr_line' id='line_1_91' title="bbox 2370 4837 4061 4929; baseline -0.002 -25"><span class='ocrx_word' id='word_1_713' title='bbox 2370 4844 2442 4906; x_wconf 93' lang='lat' dir='ltr'><strong>V.</strong></span> <span class='ocrx_word' id='word_1_714' title='bbox 2481 4862 2536 4906; x_wconf 92' lang='lat'><strong>1.</strong></span> <span class='ocrx_word' id='word_1_715' title='bbox 2571 4842 2627 4905; x_wconf 94' lang='lat'><strong>8.</strong></span> <span class='ocrx_word' id='word_1_716' title='bbox 2660 4865 2724 4929; x_wconf 87' lang='lat' dir='ltr'><strong>p.</strong></span> <span class='ocrx_word' id='word_1_717' title='bbox 2751 4842 2898 4923; x_wconf 90' lang='lat'><strong>489.</strong></span> <span class='ocrx_word' id='word_1_718' title='bbox 2932 4842 3023 4905; x_wconf 97' lang='lat' dir='ltr'><strong>A.</strong></span> <span class='ocrx_word' id='word_1_719' title='bbox 3118 4838 3247 4903; x_wconf 93' lang='lat' dir='ltr'><strong>Hic</strong></span> <span class='ocrx_word' id='word_1_720' title='bbox 3277 4837 3395 4902; x_wconf 86' lang='lat' dir='ltr'><strong>alia</strong></span> <span class='ocrx_word' id='word_1_721' title='bbox 3425 4838 3726 4903; x_wconf 89' lang='lat' dir='ltr'><strong>nonnulla</strong></span> <span class='ocrx_word' id='word_1_722' title='bbox 3752 4839 4061 4925; x_wconf 83' lang='lat' dir='ltr'><strong>adjiciam.</strong></span> 
     </span>
     <span class='ocr_line' id='line_1_92' title="bbox 2368 4940 4065 5029; baseline -0.002 -21"><span class='ocrx_word' id='word_1_723' title='bbox 2368 4943 2631 5009; x_wconf 88' lang='lat' dir='ltr'><strong>Proclus</strong></span> <span class='ocrx_word' id='word_1_724' title='bbox 2672 4944 2736 5009; x_wconf 93' lang='lat' dir='ltr'><strong>in</strong></span> <span class='ocrx_word' id='word_1_725' title='bbox 2783 4943 3009 5009; x_wconf 91' lang='lat' dir='ltr'><strong>Theol.</strong></span> <span class='ocrx_word' id='word_1_726' title='bbox 3053 4944 3218 5009; x_wconf 88' lang='lat' dir='ltr'><strong>Plat.</strong></span> <span class='ocrx_word' id='word_1_727' title='bbox 3271 4944 3372 5008; x_wconf 90' lang='lat'><strong>11.</strong></span> <span class='ocrx_word' id='word_1_728' title='bbox 3400 4962 3461 5021; x_wconf 91' lang='lat'><strong>4.</strong></span> <span class='ocrx_word' id='word_1_729' title='bbox 3507 4965 3573 5029; x_wconf 97' lang='lat' dir='ltr'><strong>p.</strong></span> <span class='ocrx_word' id='word_1_730' title='bbox 3612 4960 3727 5027; x_wconf 89' lang='lat'><strong>103</strong></span> <span class='ocrx_word' id='word_1_731' title='bbox 3761 4964 3856 5027; x_wconf 87' lang='lat' dir='ltr'><strong>sq.</strong></span> <span class='ocrx_word' id='word_1_732' title='bbox 3907 4940 4065 5005; x_wconf 88' lang='lat' dir='ltr'><strong>hanc</strong></span> 
     </span>
     <span class='ocr_line' id='line_1_93' title="bbox 2366 5043 4067 5134; baseline -0.002 -22"><span class='ocrx_word' id='word_1_733' title='bbox 2366 5047 2730 5112; x_wconf 87' lang='lat' dir='ltr'><strong>sententiam</strong></span> <span class='ocrx_word' id='word_1_734' title='bbox 2762 5047 3009 5134; x_wconf 84' lang='lat' dir='ltr'><strong>copiose</strong></span> <span class='ocrx_word' id='word_1_735' title='bbox 3052 5045 3333 5134; x_wconf 84' lang='lat' dir='ltr'><strong>exponit,</strong></span> <span class='ocrx_word' id='word_1_736' title='bbox 3363 5045 3424 5109; x_wconf 91' lang='lat' dir='ltr'><strong>in</strong></span> <span class='ocrx_word' id='word_1_737' title='bbox 3457 5044 3688 5131; x_wconf 88' lang='lat' dir='ltr'><strong>quibus</strong></span> <span class='ocrx_word' id='word_1_738' title='bbox 3727 5059 3791 5107; x_wconf 91' lang='lat' dir='ltr'><strong>et</strong></span> <span class='ocrx_word' id='word_1_739' title='bbox 3819 5043 3955 5108; x_wconf 85' lang='lat' dir='ltr'><strong>haec</strong></span> <span class='ocrx_word' id='word_1_740' title='bbox 3983 5043 4067 5108; x_wconf 91' lang='lat' dir='ltr'><strong>le-</strong></span> 
     </span>
     <span class='ocr_line' id='line_1_94' title="bbox 2364 5144 4063 5240; baseline -0.001 -25"><span class='ocrx_word' id='word_1_741' title='bbox 2364 5166 2606 5238; x_wconf 87' lang='lat' dir='ltr'><strong>guntur</strong></span> <span class='ocrx_word' id='word_1_742' title='bbox 2634 5175 2695 5240; x_wconf 91' lang='lat' dir='ltr'><strong>p.</strong></span> <span class='ocrx_word' id='word_1_743' title='bbox 2723 5171 2881 5233; x_wconf 87' lang='lat'><strong>104:</strong></span> <span class='ocrx_word' id='word_1_744' title='bbox 2928 5151 3017 5218; x_wconf 87' lang='grc' dir='ltr'><strong>τίς</strong></span> <span class='ocrx_word' id='word_1_745' title='bbox 3044 5151 3152 5215; x_wconf 76' lang='grc' dir='ltr'>οὖν</span> <span class='ocrx_word' id='word_1_746' title='bbox 3181 5153 3312 5214; x_wconf 83' lang='grc' dir='ltr'>ἐστι</span> <span class='ocrx_word' id='word_1_747' title='bbox 3340 5154 3457 5212; x_wconf 88' lang='grc' dir='ltr'><strong>τῶν</strong></span> <span class='ocrx_word' id='word_1_748' title='bbox 3484 5144 3724 5211; x_wconf 88' lang='grc' dir='ltr'>πάντων</span> <span class='ocrx_word' id='word_1_749' title='bbox 3750 5147 4063 5225; x_wconf 80' lang='grc' dir='ltr'>βασιλεὺς,</span> 
     </span>
     <span class='ocr_line' id='line_1_95' title="bbox 2365 5248 4068 5334; baseline -0.004 -14"><span class='ocrx_word' id='word_1_750' title='bbox 2365 5254 2402 5334; x_wconf 83' lang='grc' dir='ltr'>ἢ</span> <span class='ocrx_word' id='word_1_751' title='bbox 2443 5258 2476 5319; x_wconf 86' lang='grc' dir='ltr'>ὁ</span> <span class='ocrx_word' id='word_1_752' title='bbox 2522 5259 2741 5324; x_wconf 81' lang='grc' dir='ltr'>ἑνιαΐος</span> <span class='ocrx_word' id='word_1_753' title='bbox 2771 5254 2926 5334; x_wconf 82' lang='grc' dir='ltr'>θεὸς,</span> <span class='ocrx_word' id='word_1_754' title='bbox 2959 5256 2992 5318; x_wconf 85' lang='grc' dir='ltr'>δ</span> <span class='ocrx_word' id='word_1_755' title='bbox 3036 5259 3156 5317; x_wconf 90' lang='grc' dir='ltr'><strong>τῶν</strong></span> <span class='ocrx_word' id='word_1_756' title='bbox 3183 5251 3425 5318; x_wconf 88' lang='grc' dir='ltr'>πάντων</span> <span class='ocrx_word' id='word_1_757' title='bbox 3453 5248 3820 5330; x_wconf 72' lang='grc' dir='ltr'>ἐξῃρημένος,</span> <span class='ocrx_word' id='word_1_758' title='bbox 3854 5248 3950 5311; x_wconf 83' lang='grc' dir='ltr'><strong>καὶ</strong></span> <span class='ocrx_word' id='word_1_759' title='bbox 3992 5254 4068 5314; x_wconf 80' lang='grc' dir='ltr'>τὰ</span> 
     </span>
     <span class='ocr_line' id='line_1_96' title="bbox 2367 5353 4067 5441; baseline -0.001 -20"><span class='ocrx_word' id='word_1_760' title='bbox 2367 5355 2562 5423; x_wconf 89' lang='grc' dir='ltr'>πάντα</span> <span class='ocrx_word' id='word_1_761' title='bbox 2603 5356 2890 5441; x_wconf 88' lang='grc' dir='ltr'>παράγων</span> <span class='ocrx_word' id='word_1_762' title='bbox 2933 5355 3037 5438; x_wconf 79' lang='grc' dir='ltr'><strong>ἀφ’</strong></span> <span class='ocrx_word' id='word_1_763' title='bbox 3086 5358 3315 5428; x_wconf 77' lang='grc' dir='ltr'>ἑαυτοῦ,</span> <span class='ocrx_word' id='word_1_764' title='bbox 3358 5353 3453 5418; x_wconf 86' lang='grc' dir='ltr'><strong>καὶ</strong></span> <span class='ocrx_word' id='word_1_765' title='bbox 3497 5355 3644 5416; x_wconf 73' lang='grc' dir='ltr'>κατὰ</span> <span class='ocrx_word' id='word_1_766' title='bbox 3684 5353 3828 5432; x_wconf 87' lang='grc' dir='ltr'>μίαν</span> <span class='ocrx_word' id='word_1_767' title='bbox 3871 5354 4067 5419; x_wconf 89' lang='grc' dir='ltr'>αἰτίαν</span> 
     </span>
     <span class='ocr_line' id='line_1_97' title="bbox 2368 5453 4069 5544; baseline -0.003 -20"><span class='ocrx_word' id='word_1_768' title='bbox 2368 5463 2756 5544; x_wconf 73' lang='grc' dir='ltr'>ἐξηγούμενος</span> <span class='ocrx_word' id='word_1_769' title='bbox 2780 5468 2899 5525; x_wconf 90' lang='grc' dir='ltr'><strong>τῶν</strong></span> <span class='ocrx_word' id='word_1_770' title='bbox 2926 5462 3090 5523; x_wconf 83' lang='grc' dir='ltr'>ὅλων</span> <span class='ocrx_word' id='word_1_771' title='bbox 3118 5458 3474 5537; x_wconf 88' lang='grc' dir='ltr'>διακόσμων.</span> <span class='ocrx_word' id='word_1_772' title='bbox 3544 5457 3650 5519; x_wconf 83' lang='lat' dir='ltr'><strong>Ex</strong></span> <span class='ocrx_word' id='word_1_773' title='bbox 3680 5453 3900 5518; x_wconf 83' lang='lat' dir='ltr'><strong>iisdem</strong></span> <span class='ocrx_word' id='word_1_774' title='bbox 3929 5453 4069 5519; x_wconf 82' lang='lat' dir='ltr'><strong>fon-</strong></span> 
     </span>
     <span class='ocr_line' id='line_1_98' title="bbox 2368 5556 4065 5648; baseline -0.002 -22"><span class='ocrx_word' id='word_1_775' title='bbox 2368 5561 2537 5627; x_wconf 88' lang='lat' dir='ltr'><strong>tibus</strong></span> <span class='ocrx_word' id='word_1_776' title='bbox 2582 5562 2785 5627; x_wconf 89' lang='lat' dir='ltr'><strong>hausit</strong></span> <span class='ocrx_word' id='word_1_777' title='bbox 2829 5562 3014 5628; x_wconf 87' lang='lat' dir='ltr'><strong>etiam</strong></span> <span class='ocrx_word' id='word_1_778' title='bbox 3049 5561 3394 5648; x_wconf 85' lang='lat' dir='ltr'><strong>Dionysius</strong></span> <span class='ocrx_word' id='word_1_779' title='bbox 3423 5556 3815 5647; x_wconf 83' lang='lat' dir='ltr'><strong>Areopagita</strong></span> <span class='ocrx_word' id='word_1_780' title='bbox 3841 5558 3920 5623; x_wconf 88' lang='lat' dir='ltr'><strong>de</strong></span> <span class='ocrx_word' id='word_1_781' title='bbox 3950 5559 4065 5623; x_wconf 91' lang='lat' dir='ltr'><strong>Di-</strong></span> 
     </span>
    </p>
   </div>
  </div>
 </body>
</html>
