5118 6613
1343 528 1537 593 LIB.
1574 528 1732 593 VII.
1780 529 2240 595 ENNEAD.
2292 529 2761 608 QUINTAE.
2806 554 2868 619 p.
2902 549 3258 619 994—997.

645 739 733 751 —
778 718 837 785 7.
887 703 1133 782 ἄπειρον
1176 700 1283 765 οὖν
1321 701 1389 764 τὸ
1433 707 1551 766 τῶν
1594 703 1796 784 λόγων
1838 702 2025 776 ἔσται,
2076 704 2130 765 εί
2169 702 2250 782 μὴ

539 805 914 886 ἀνακάμπτει
958 805 1275 888 περιόδοις]
1339 805 1636 870 Similiter
1677 821 1899 870 neutre
1946 828 2136 892 supra
2178 828 2243 892 p.

538 910 653 994 36.
702 921 1039 995 usurparat
1091 907 1424 972 Plotinus:
1476 908 1958 988 ἀνακάμπτοντος
2000 914 2107 973 τοῦ
2153 934 2250 973 νο-

406 1081 413 1087 ,
540 1012 785 1091 ήματος.
876 1011 956 1074 111
1000 1009 1245 1098 ellipses
1290 1011 1503 1076 retulit
1549 1011 1775 1075 Lamb.
1809 1013 1957 1077 Bos.
2001 1034 2067 1098 p.
2105 1031 2247 1078 120.

540 1130 610 1179 et
650 1131 791 1197 127.
826 1113 1053 1178 Schaef.
1149 1114 1320 1178 Hinc
1378 1113 1547 1178 haud
1607 1138 1826 1200 paucoe
1884 1114 2245 1196 locutiones»,

540 1239 691 1282 cum
737 1215 1008 1304 propriae
1051 1217 1391 1294 sententiae,
1425 1231 1559 1282 tum
1599 1217 1859 1294 tralatae,
1892 1217 1972 1282 de
2015 1218 2247 1305 quibus

545 1320 941 1387 Schleusner.
985 1321 1048 1386 in
1095 1343 1237 1387 nov.
1275 1322 1469 1387 Thes.
1505 1325 1643 1387 Vet.
1678 1324 1855 1387 Test.
1896 1324 1954 1388 I.
2002 1347 2063 1411 p.
2100 1324 2244 1390 228.

543 1442 609 1491 et
639 1426 703 1490 in
736 1427 889 1490 Lex.
922 1425 1007 1489 N.
1030 1427 1117 1489 T.
1147 1425 1208 1488 in
1242 1449 1412 1490 voce.
1502 1425 1694 1490 Adde
1726 1426 2030 1491 Clement.
2066 1425 2242 1491 Alex.

546 1532 846 1594 Stromm.
873 1530 973 1593 11.
991 1552 1059 1616 p.
1085 1544 1233 1614 507.
1257 1530 1523 1594 Potter.:
1558 1529 1885 1616 repudiata
1905 1529 2247 1613 ἀνακάμψει

543 1633 695 1714 πρὸς
735 1633 842 1697 τὸν
877 1634 1081 1713 ἄνδρα.
1174 1632 1438 1720 Proprie
1481 1635 1884 1714 ἀνακάμπτειν
1921 1632 2243 1712 dicuntur,

547 1736 656 1823 qui
688 1758 727 1800 a
754 1749 919 1800 meta
946 1735 1025 1799 ad
1057 1758 1333 1801 carceres
1375 1735 1662 1814 redeunt,
1695 1751 1947 1800 notante
1990 1736 2241 1802 Jacobs.

547 1839 626 1903 ad
660 1838 906 1903 Pallad.
938 1836 1195 1925 Epigrr.
1231 1839 1532 1903 XLVII.
1563 1860 1624 1919 4.
1652 1838 1716 1903 in
1749 1839 2099 1926 Antholog.
2125 1841 2243 1905 Gr.

549 1944 632 2006 T.
669 1943 762 2007 X.
809 1964 871 2029 p.
905 1941 1046 2005 228.
1111 1940 1272 2005 Inde
1300 1943 1405 2005 J0.
1438 1943 1631 2006 Laur.
1663 1941 1834 2030 Lyd.
1877 1942 1958 2007 de
2001 1944 2242 2008 Menss„

548 2046 609 2109 in
642 2044 883 2110 Martio
912 2067 975 2131 p.
1006 2045 1114 2109 81.
1159 2068 1226 2132 p.
1260 2045 1402 2130 198.
1433 2046 1774 2110 Roetheri:
1826 2047 2140 2121 Διόνυσος,
2173 2046 2243 2112 δι’

549 2147 620 2212 ὃν
661 2149 698 2228 ἡ
744 2150 941 2213 νύσσα
989 2148 1054 2229 (ὁ
1109 2149 1401 2232 natam-hp)
1453 2149 1549 2213 καὶ
1596 2149 1634 2227 ἡ
1682 2149 2099 2231 περικύκλησις
2143 2154 2248 2214 τοῦ

546 2253 788 2335 χρόνου.
876 2252 980 2315 De
1007 2275 1137 2339 quo
1166 2250 1302 2316 loco
1331 2275 1476 2339 quae
1519 2250 1668 2316 alibi
1707 2250 2049 2339 disputavi,
2077 2275 2245 2317 nunc

547 2354 785 2419 omitto.
877 2356 1063 2420 Plato
1095 2354 1414 2420 Phaedone
1458 2378 1522 2442 p.
1554 2370 1659 2437 72.
1691 2354 1769 2420 b:
1821 2358 1874 2418 εἷ
1899 2358 2015 2437 γὰρ
2043 2355 2123 2435 μὴ
2153 2356 2246 2420 ἀεὶ

549 2459 962 2540 ἀνταποδιδοίη
989 2462 1065 2523 τά
1088 2459 1261 2540 ἕτερα
1283 2463 1404 2526 τοῖς
1433 2458 1653 2541 ἑτέροις
1673 2461 2019 2541 γιγνόμενα,
2043 2461 2245 2541 ὥσπερ

552 2562 744 2647 κύκλῳ
786 2563 1109 2642 περιϊόντα,
1143 2558 1279 2624 ἀλλ’
1314 2561 1512 2625 εὐθεῖά
1556 2587 1641 2628 τις
1685 2563 1774 2641 εἴη
1815 2562 1854 2640 ἡ
1897 2560 2135 2642 γένεσις
2179 2563 2245 2624 ἔκ

549 2668 653 2727 τοῦ
684 2663 885 2745 ἑτέρου
912 2665 1100 2744 μόνον
1131 2666 1213 2731 είς
1245 2661 1315 2726 τὸ
1349 2664 1711 2746 καταντικρὺ,
1747 2664 1841 2728 καὶ
1868 2663 1948 2743 μὴ
1980 2664 2240 2746 ἀνακάμ-

549 2792 684 2831 πτοι
743 2765 928 2830 πάλιν
978 2766 1074 2829 ἐπὶ
1117 2764 1185 2829 τὸ
1239 2766 1462 2846 ἕτερον,
1513 2768 1658 2845 μηδὲ
1713 2765 1944 2845 καμπὴν
1994 2772 2243 2842 ποιοῖτο,

550 2867 702 2934 οἶσθ’
724 2870 815 2932 ὅτι
842 2868 1037 2932 πάντα
1064 2874 1430 2933 τελευτῶντα
1457 2868 1525 2931 τὸ
1549 2867 1690 2932 αὐτὸ
1713 2873 1917 2951 σχῆμα
1945 2868 2021 2933 ἂν
2044 2872 2242 2953 σχοίη,

550 2972 646 3036 καὶ
665 2970 734 3035 τὸ
759 2969 900 3034 αὐτὸ
928 2969 1117 3037 πάθος
1144 2969 1219 3034 ἂν
1240 2969 1419 3034 πάθοι
1449 2970 1545 3034 καὶ
1571 2972 1862 3034 παύσαιτο
1891 2972 2240 3054 γιγνόμενα.

549 3076 844 3141 Alterum
878 3074 1157 3140 Platonis
1201 3075 1428 3154 locum,
1460 3097 1649 3162 quem
1680 3074 1780 3139 1110
1810 3075 2103 3140 Plotinus
2144 3099 2239 3140 re-

551 3179 773 3267 spexit,
802 3179 1088 3267 proxima
1128 3178 1447 3243 annotatio
1475 3178 1792 3243 indicabit.
1886 3178 2245 3245 Aristoteles

552 3283 945 3371 Metaphyss.
983 3284 1041 3347 Ι.
1067 3302 1126 3348 2.
1159 3306 1219 3371 p.
1243 3302 1373 3369 30.,
1402 3281 1577 3368 Sylb.
1612 3305 1676 3370 p.
1699 3284 1803 3368 38.
1836 3282 2244 3348 Brandis.:—

550 3388 638 3452 διὸ
686 3390 884 3453 ἐκεῖνα
932 3389 1044 3468 μὲν
1095 3388 1199 3451 οὐκ
1250 3385 1615 3466 ἀνακάμπτει
1668 3390 1750 3454 εἷς
1799 3389 2057 3467 ἄλληλα,
2107 3389 2243 3453 οὐδὲ

548 3492 818 3573 γίγνεται
865 3493 929 3570 ἐξ
980 3490 1189 3574 ἀνδρὸς
1231 3496 1388 3558 παῖς.
1437 3490 1507 3554 οὗ
1551 3493 1667 3572 γὰρ
1712 3492 1983 3572 γίγνεται
2034 3493 2100 3555 ἐκ
2142 3495 2242 3571 τῆς

548 3592 843 3675 γενέσεως
885 3593 954 3657 τὸ
999 3594 1376 3675 γιγνόμενον,
1424 3594 1587 3656 ἀλλά
1633 3596 1784 3673 μετὰ
1824 3593 1933 3672 τὴν
1977 3593 2239 3675 γένεσιν.

548 3698 695 3761 οὕτω
723 3699 840 3778 γὰρ
871 3696 964 3760 καὶ
991 3697 1029 3775 ἡ
1057 3694 1245 3778 ἡμέρα
1290 3697 1356 3758 ἐκ
1398 3699 1504 3758 τοῦ
1543 3694 1712 3776 πρωῒ,
1746 3697 1837 3759 ὅτι
1881 3699 2030 3760 κατὰ
2066 3701 2239 3760 τοῦτο

547 3799 637 3863 διὸ
665 3800 802 3863 οὐδὲ
830 3799 899 3864 τὸ
929 3798 1084 3881 πρωὶ
1109 3801 1173 3877 ἐξ
1200 3797 1435 3879 ἡμέρας·
1484 3796 1734 3879 θάτερον
1762 3800 1827 3862 δὲ
1857 3797 2238 3878 ἀνακάμπτει·

547 3903 891 3985 ἀμφοτέρως
933 3905 997 3967 δὲ
1042 3904 1333 3967 ἀδύνατον
1365 3904 1448 3968 εἷς
1489 3902 1734 3984 ἄπειρον
1765 3900 1937 3964 ἰέναι.
1982 3908 2101 3965 τῶν
2127 3903 2241 3980 μὲν

547 4009 660 4086 γὰρ
689 4008 880 4070 ὄντων
905 4005 1124 4087 μεταξὺ
1156 4004 1383 4085 ἀνάγκη
1412 4004 1587 4070 τέλος
1615 4003 1785 4077 εἶναι,
1817 4006 1892 4067 τὰ
1920 4001 1968 4068 δ’
2003 4007 2085 4070 εἷς
2127 4005 2233 4068 άλ-

545 4116 705 4187 ληλα
750 4107 1170 4188 ἀνακάμπτειν·
1215 4108 1252 4186 ἡ
1296 4110 1411 4188 γᾶρ
1459 4105 1708 4188 θατέρου
1751 4109 1949 4187 φθορᾶ
1993 4106 2240 4189 θατέρου

548 4211 677 4274 ἐστὶ
721 4210 978 4293 γένεσις.
1025 4237 1076 4274 κ.
1099 4235 1150 4272 τ.
1171 4218 1231 4272 λ.
1322 4207 1508 4273 Ρ11110
1553 4210 1600 4272 J
1608 4207 1827 4272 udaeus
1873 4208 1953 4272 de
2001 4209 2233 4274 Mund.

548 4313 905 4399 Incorrupt.
955 4335 1019 4398 p.
1064 4331 1215 4396 493.
1259 4309 1576 4397 Mangeii:
1622 4309 1890 4390 βάθμους
1930 4310 2047 4393 γάρ
2076 4336 2240 4379 τινας

544 4415 581 4492 ἡ
608 4414 789 4495 φύσις
830 4416 935 4481 τὰς
974 4414 1203 4493 ἡλικίας
1246 4413 1536 4495 ἐγέννησε
1567 4413 1705 4494 (ubi
1748 4434 1869 4476 non
1905 4412 2084 4477 video
2125 4436 2239 4477 cur

546 4516 884 4604 Mangeius
922 4516 1070 4581 velit
1110 4518 1430 4599 ἐπενόησε)
1464 4515 1534 4581 δι’
1567 4519 1649 4581 ὧν
1678 4519 1900 4599 τρόπον
1927 4524 2061 4582 τινὰ
2091 4520 2233 4583 ἀνα-

543 4621 743 4697 βαίνει
782 4621 878 4684 καὶ
909 4619 1170 4684 κάτεισιν
1199 4621 1524 4701 ἄνθρωπος.
1575 4621 1890 4698 ἀναβαίνει
1913 4623 2026 4701 μὲν
2057 4621 2232 4701 αὐξα-

546 4722 808 4801 νόμενος,
846 4721 1191 4805 κατέρχεται
1234 4720 1282 4786 δ’
1316 4724 1383 4785 ἐν
1410 4728 1538 4790 ταῖς
1578 4724 1918 4803 μειώσεσιν.
1956 4723 2146 4807 Ὄρος
2185 4723 2233 4789 δ’

545 4827 577 4886 ὁ
606 4831 724 4888 τῶν
752 4823 1029 4888 ἀνωτάτω
1072 4830 1341 4905 βαθμῶν,
1378 4826 1548 4906 ἀκμὴ,
1579 4827 1727 4907 πρὸς
1770 4825 1841 4890 ὃν
1871 4827 2112 4909 φθάσας
2152 4852 2239 4894 τις

543 4926 736 4990 οὐκέτι
784 4929 1072 5008 πρόεισιν,
1126 4926 1264 4992 ἀλλ’
1318 4930 1520 5011 ὥσπερ
1572 4933 1629 4994 οἱ
1679 4934 2238 5012 διαυλοδρομοῦντες

544 5028 987 5109 ἀνακάμπτουσι
1027 5031 1135 5110 τὴν
1174 5031 1356 5110 αὐτὴν
1395 5032 1554 5107 ὁδὸν,
1587 5035 1706 5097 ὅσα
1747 5032 1883 5115 παρ’
1916 5034 2237 5117 ἰσχυούσης

545 5131 815 5212 νεότητος
860 5132 1107 5213 ἔλαβεν,
1155 5134 1464 5203 ἀποδιδοὺς
1509 5138 1576 5200 ἐν
1620 5138 1870 5200 ἀσθενεῖ
1909 5136 2077 5221 γήρᾳ,
2126 5135 2236 5200 ubi

542 5249 647 5297 aut
695 5256 837 5297 cum
887 5235 1105 5322 Mang.
1152 5235 1485 5323 legendum
1532 5241 1908 5313 ἀποδίδωσιν,
1953 5255 2065 5303 aut
2109 5256 2230 5304 sta·

3924 553 4046 619 299

2338 703 2459 767 IV.
2500 723 2596 784 14.
2645 726 2712 790 p.
2751 705 2890 768 116.
2925 702 3207 790 Kappii:
3278 709 3396 767 τῶν
3439 706 3504 768 δὲ
3550 704 3783 784 ἀνέμων
3825 709 3883 770 οἱ
3924 706 4036 787 μέν

2336 808 2490 869 εἰσιν
2536 806 2867 880 εὖθύπνοοι,
2916 809 2974 870 οἱ
3019 811 3084 870 δὲ
3136 808 3638 890 ἀνακαμψίπνοοι,
3691 808 3952 892 καθάπερ
4002 813 4035 872 ὀ

2337 909 2584 976 Καικίας
2624 910 2969 991 λεγόμενος.
3037 907 3352 995 Apuleius
3391 910 3473 974 de
3506 911 3761 975 Mundo
3790 935 3855 998 p.
3881 928 4028 995 722.

2333 1033 2397 1098 p.
2429 1031 2582 1097 314.
2611 1009 2713 1075 ed.
2746 1011 3084 1076 Bosschae:
3120 1019 3165 1051 “
3183 1013 3571 1077 Excursores
3600 1014 3765 1079 venti
3798 1013 4031 1079 haben-

2334 1127 2459 1192 tur,
2496 1114 2607 1200 qui
2642 1114 2877 1179 directo
2917 1115 3194 1203 spirant;
3242 1118 3524 1202 rfflabri,
3553 1117 3906 1207 reciproco:
3957 1137 4027 1184 ut

2335 1217 2570 1281 Caecias
2597 1232 2860 1305 putatur
2888 1242 3019 1282 esse
3036 1220 3094 1283 :''
3122 1218 3227 1284 ubi
3259 1218 3595 1284 Salmasius
3622 1241 3786 1285 certe
3814 1245 4027 1287 vocem

2332 1321 2590 1405 rqflabri
2634 1319 2960 1386 sollicitare
3002 1344 3125 1386 non
3156 1320 3447 1402 debebat,
3476 1322 3712 1411 quippe
3742 1348 3868 1411 qua
3897 1326 4025 1389 La-

2332 1421 2501 1487 tinus
2528 1422 2940 1510 philosophus
2967 1423 3320 1511 philosophi
3348 1424 3554 1490 Graeci
3583 1424 3742 1489 illud
3772 1429 4030 1509 ἀνακαμ·

2331 1527 2585 1607 ψίπνοοι
2613 1526 2960 1614 exprimere
2989 1526 3279 1591 debebat.
3356 1526 3566 1592 Nolim
3598 1528 3781 1593 etiam
3811 1554 3852 1595 a
3881 1530 4026 1595 doc-

2332 1627 2568 1692 tissimo
2624 1629 2862 1693 editore
2915 1630 3156 1694 Batavo
3213 1631 3275 1693 in
3333 1629 3551 1695 Indice
3604 1632 4030 1698 Grammatico

2331 1731 2625 1796 orationis
2652 1731 2895 1797 Latinae
2937 1732 3097 1798 illud
3126 1732 3499 1799 vocabulum
3538 1733 3833 1799 omissum
3878 1759 4028 1800 esse.

2336 1835 2497 1898 Haec
2526 1834 2804 1900 sufficere
2832 1835 3120 1914 arbitror,
3152 1859 3282 1922 quo
3310 1835 3375 1900 11.
3401 1835 3444 1902 l.
3479 1836 3848 1903 Plotinianae
3889 1862 4025 1903 ora·

2333 1937 2514 2002 tionis
2544 1938 2991 2025 sententioeque
3020 1939 3180 2003 ratio
3208 1939 3717 2027 aperiatur.—In
3765 1964 4024 2028 sequen—

2334 2041 2535 2106 tibus:
2585 2043 2732 2105 ὅταν
2758 2046 2943 2106 ταῦτα
2972 2043 3323 2106 ἀποδιδῶται
3352 2043 3559 2107 minus
3600 2058 3694 2106 est
3736 2043 4024 2108 innoran·

2332 2143 2510 2222 dum,
2540 2143 3051 2231 quandoquidem
3085 2144 3277 2232 hujus
3306 2145 3478 2209 verbi
3508 2159 3571 2210 et
3601 2146 3799 2233 magis
3841 2146 4025 2212 etiam

2330 2248 2651 2336 compositi
2686 2251 3139 2314 ἀνταποδιδόναι
3161 2249 3285 2313 vim
3317 2246 3709 2337 explicarunt
3731 2252 4028 2338 VVytten-

2331 2351 2508 2415 bach.
2552 2351 2633 2415 ad
2681 2351 2922 2416 Julian.
2959 2354 3073 2416 Or.
3112 2353 3169 2418 I.
3213 2375 3277 2439 p.
3309 2369 3414 2437 57.
3460 2375 3523 2439 p.
3561 2371 3706 2418 210.
3741 2352 3917 2440 Lips.
3966 2370 4029 2418 et

2330 2453 2409 2517 ad
2441 2454 2746 2518 Phaedon.
2779 2478 2841 2542 p.
2873 2473 3011 2540 179.
3058 2454 3333 2542 itemque
3367 2454 3703 2519 Heindorf.
3733 2455 3811 2519 ad
3850 2455 4023 2520 The-

2329 2571 2431 2621 aet.
2462 2580 2523 2644 p.
2548 2560 2700 2643 398.

2414 2682 2480 2748 p.
2506 2681 2655 2745 997,
2689 2681 2742 2723 1.
2776 2662 2937 2724 ἀλλά
2966 2663 3060 2723 δεῖ
3083 2659 3191 2738 τὴν
3219 2658 3508 2743 διάφορον
3535 2662 3775 2742 ποίησιν
3805 2665 3871 2726 ἐκ
3899 2668 4023 2727 δια-

2330 2765 2534 2845 φόρων
2581 2762 2834 2849 λόγων.]
2891 2762 2982 2824 Η.
3012 2759 3052 2826 1.
3105 2760 3202 2824 vel
3248 2762 3674 2849 cogitandum,
3721 2764 3817 2828 vel
3865 2765 4027 2829 inter

2329 2868 2572 2947 ποίησιν
2622 2869 2688 2930 ἑκ
2737 2863 3258 2952 interponendum
3308 2866 3567 2930 verbum
3631 2866 3798 2930 εἶναι.
3865 2869 3904 2947 ἡ
3961 2870 4026 2932 δὲ

2328 2976 2496 3035 πᾶσα
2542 2971 2815 3051 περίοδος
2862 2967 3087 3035 πάντας
3138 2968 3267 3050 ἔχει
3315 2969 3451 3036 τοὺς
3498 2972 3737 3053 λόγους.
3829 2970 4029 3037 Haud

2328 3072 2521 3137 dubie
2566 3071 2812 3158 respicit
2843 3069 3132 3135 Plotinus
3163 3070 3442 3136 Platonis
3485 3071 3686 3137 locum
3735 3073 3815 3139 de
3859 3076 4024 3161 Rep.

2331 3177 2529 3240 VIII.
2567 3199 2634 3264 p.
2657 3176 2803 3260 546.
2839 3197 2903 3262 p.
2926 3174 3074 3260 381.
3109 3172 3344 3240 Bekk.:
3387 3175 3449 3238 in
3482 3200 3612 3263 quo
3639 3176 4028 3264 expediendo

2328 3295 2392 3344 et
2420 3295 2660 3344 veteres
2699 3293 2762 3343 ct
2801 3276 3168 3343 recentiores
3197 3277 3607 3358 desudarunt,
3640 3295 3711 3345 ut
3740 3280 4021 3347 omittam

2328 3383 2724 3461 discordiam,
2754 3406 2900 3470 quae
2945 3381 3215 3470 reliquos
3256 3383 3660 3471 philosophos
3697 3385 3759 3448 in
3803 3385 4021 3450 defini-

2327 3486 2491 3551 endo
2518 3485 2729 3573 magni
2758 3484 2946 3549 animi
2977 3484 3217 3548 ambitu
3249 3484 3410 3549 inter
3445 3508 3510 3549 se
3553 3484 3892 3573 disjungit;
3942 3487 4022 3551 de

2325 3589 2557 3677 quibus
2608 3587 2751 3652 vide
2804 3590 3003 3652 Huet.
3052 3586 3131 3651 ad
3179 3588 3436 3672 Origen.
3486 3589 3909 3653 Commentar.
3957 3590 4023 3653 in

2327 3692 2599 3758 Genesin
2655 3689 2790 3755 Vol.
2842 3691 2942 3754 ΙΙ.
2997 3713 3063 3777 p.
3103 3691 3196 3753 18.
3250 3690 3351 3753 ed.
3406 3690 3615 3755 Ruaei.
3693 3692 3908 3757 Davis.
3958 3708 4022 3759 et

2331 3798 2565 3860 Moser.
2597 3794 2681 3860 ad
2712 3794 2844 3859 Cic.
2880 3791 2961 3856 de
2991 3793 3075 3857 N.
3102 3793 3188 3857 D.
3220 3793 3318 3857 11.
3350 3812 3451 3858 20.
3481 3816 3548 3881 p.
3575 3794 3720 3874 284.
3753 3795 3849 3859 ed.
3875 3798 4018 3886 maj.

2326 3922 2391 3986 p.
2432 3918 2569 3962 110.
2618 3897 2718 3962 ed.
2765 3895 2985 3960 minor.
3047 3894 3372 3960 Fabricius
3419 3895 3497 3961 ad
3551 3899 3724 3962 Sext.
3772 3900 4020 3987 Empir.

2324 4004 2464 4067 adv.
2500 4001 2710 4065 Math.
2740 4002 2813 4064 V.
2859 4019 2995 4085 105.
3041 4022 3105 4086 p.
3134 4019 3282 4085 355.
3344 4004 3489 4066 Ast.
3523 4000 3603 4065 ad
3639 4000 3883 4067 Platon.
3919 4003 4024 4069 l.l.

2324 4104 2387 4169 in
2437 4107 2791 4170 Comment.
2835 4126 2898 4190 p.
2929 4102 3075 4187 580.
3154 4104 3452 4189 Synesius
3493 4104 3574 4169 de
3619 4104 4023 4171 Providentia

2325 4232 2390 4296 p.
2422 4227 2559 4291 127.
2588 4207 2735 4273 infr.
2767 4208 2985 4272 Petav.
3018 4222 3081 4271 et
3109 4230 3254 4295 quae
3283 4230 3486 4296 nuper
3510 4208 3589 4273 ad
3621 4209 3790 4274 hunc
3821 4212 4018 4298 Syne-

2325 4311 2396 4375 sii
2442 4310 2647 4374 locum
2692 4308 3037 4397 disputavit
3067 4309 3194 4373 Th.
3225 4310 3487 4397 Taylor.
3534 4311 3613 4375 ad
3660 4312 3808 4377 calc.
3838 4311 4014 4378 libri:

2327 4412 2529 4477 Select
2583 4411 2814 4477 Works
2864 4412 2939 4476 of
2986 4411 3273 4476 Plotinus
3323 4436 3386 4500 p.
3421 4418 3825 4499 592—600;
3873 4440 4019 4503 quae

2323 4515 2608 4580 laudasse
2652 4514 2937 4593 sufficiat,
2978 4513 3286 4601 siquidem
3332 4538 3635 4581 annorum
3681 4518 3821 4605 ipsa
3863 4542 4017 4584 enu-

2324 4618 2582 4684 meratio
2624 4617 2703 4683 ad
2755 4617 2944 4682 nostri
2994 4616 3109 4680 loci
3162 4616 3628 4706 intelligentiam
3678 4621 3824 4685 nihil
3876 4645 4017 4710 per-

2324 4722 2496 4788 tinet.

2412 4862 2493 4874 -
2524 4841 2623 4888 12.
2668 4821 2804 4887 ἀλλ’
2839 4825 3030 4887 ἐκεῖνο
3068 4824 3160 4887 ὅτι
3198 4824 3303 4888 οὐκ
3350 4827 3402 4888 εἰ
3443 4826 3510 4889 ἐν
3538 4829 3618 4912 τῷ
3660 4829 4013 4915 φαίνεσθαι]

2326 4927 2582 4994 Ficinus
2624 4924 2843 5012 legisse
2871 4924 3065 4989 videri
3110 4926 3302 5013 possit
3345 4928 3436 4991 ὅτι
3479 4928 3548 4991 οὗ
3590 4930 3777 5008 μόνον
3817 4933 3906 5010 εἴη
3952 4933 4019 4995 ἐν
4077 4969 4086 4980 ·

2322 5058 2375 5096 τ.
2412 5040 2478 5113 φ.
2572 5030 2719 5114 Ego
2763 5049 3014 5092 manum
3062 5028 3357 5107 abstinui,
3389 5030 3492 5093 sed
3542 5051 3687 5094 mox
3719 5030 4019 5095 librorum

2323 5155 2510 5198 suasu
2554 5131 2719 5195 inter
2759 5137 2827 5194 τὸ
2875 5131 3055 5214 ἆῤῥεν
3097 5145 3160 5195 et
3202 5138 3493 5196 πλεῖστον
3537 5131 3879 5221 interposui
3928 5139 4013 5199 τό.

2323 5235 2572 5301 Deinde
2615 5231 2795 5321 111·οῆ
2827 5233 3075 5316 θάτερον
3104 5233 3268 5299 1(10111
3303 5235 3625 5299 Marsilius
3667 5235 3884 5325 legisse
3925 5239 4018 5302 vi-

542 5336 869 5414 tuendum,
931 5352 1071 5425 post
1127 5340 1435 5408 ἀποδιδοὺς
1491 5340 1789 5405 excidisse
1846 5342 2228 5423 ἀνακάμπτει.
2318 5335 2569 5417 (10111τῆ
2605 5335 2874 5418 θατέρου.
2952 5337 3030 5400 111
3063 5360 3236 5424 seqq.
3269 5337 3579 5426 singulare
3607 5355 3719 5417 est,
3752 5341 3925 5427 quod
3953 5341 4017 5407 in

547 5438 723 5504 Idem
768 5439 1021 5505 eodem:
1068 5447 1320 5525 ψαῦσαν
1359 5446 1425 5508 δὲ
1472 5445 1651 5526 ἄκρας
1694 5447 2044 5527 ἐπιφανείας
2086 5447 2229 5509 ἀνα·
2317 5446 2479 5525 παρὰ
2526 5441 2635 5521 τὴν
2679 5442 2866 5522 φύσιν
2915 5455 2978 5504 et
3037 5439 3099 5504 in
3152 5445 3313 5524 παρὰ
3361 5443 3469 5522 τήν
3512 5445 3663 5523 ὕλην
3712 5442 4018 5512 diversam

542 5541 785 5626 κάμπτει
827 5543 1032 5610 πάλιν.
1123 5544 1414 5626 Aristot.,
1461 5548 1572 5637 qui
1617 5548 1838 5628 fertur,
1868 5548 1947 5613 de
1979 5547 2234 5615 Mundo
2318 5546 2504 5634 plane
2533 5543 2659 5607 vim
2692 5542 2918 5607 habeat
2964 5543 3096 5608 haec
3139 5544 3514 5631 praepositio.
3608 5547 3798 5623 Quod
3828 5551 4018 5616 verba

2477 5639 2697 5724 Qq2
