5118 6613
1504 501 1709 565 LIB.
1758 502 1856 565 ΙΙ.
1901 502 2365 567 ENNEAD.
2414 503 2807 577 PRIMAE.
2852 525 2919 591 p.
2952 520 3224 588 23—29.
4018 523 4056 587 9

626 669 692 734 in
720 668 990 735 editione
1024 669 1318 757 peculiari
1359 694 1426 759 p.
1456 674 1604 757 346.
1693 674 1895 751 Quam
1940 673 2301 739 sententiam

625 772 831 860 attigit
875 775 997 838 Ez.
1023 773 1353 861 Spanhem.
1384 773 1449 839 in
1481 775 1862 863 Remarques
1905 799 2012 841 sur
2054 776 2142 842 les
2186 779 2304 842 Ce-

628 898 757 941 sars
798 874 878 940 de
921 875 1315 964 l'Empereur
1342 878 1389 940 J
1393 876 1559 941 ulien
1602 901 1665 966 p.
1700 879 1844 963 258.
1875 893 1940 945 et
1964 880 2046 944 ad
2074 879 2303 945 calcem

624 1001 771 1067 pag.
808 996 947 1043 112.
993 992 1056 1043 et
1097 979 1319 1065 passim
1366 978 1653 1045 Clemens
1687 981 1865 1046 Alex.
1908 982 2135 1070 aliique
2179 985 2303 1048 Ec-

626 1080 823 1147 clesiae
866 1080 1146 1145 doctores
1177 1081 1502 1148 Platonici.
1571 1083 1716 1149 vid.
1747 1087 1993 1172 Segaar.
2039 1084 2121 1150 ad
2165 1084 2305 1151 Cle-

627 1199 820 1250 ment.
857 1183 1037 1249 Alex.
1086 1185 1242 1263 Quis
1268 1184 1464 1250 Dives
1493 1185 1642 1250 salv.
1673 1210 1734 1275 p.
1762 1189 1904 1252 166.

709 1310 772 1375 p.
797 1306 976 1373 27,1.
1008 1288 1318 1370 καθάρσεις
1342 1287 1565 1375 λέγων]
1606 1291 1683 1354 In
1705 1289 2109 1380 Phaedonep.
2123 1294 2228 1378 69.
2245 1315 2296 1356 c.

625 1414 691 1479 p.
718 1409 817 1454 21.
844 1390 1179 1477 Wyttenb.
1256 1392 1570 1456 Caeterum
1598 1393 1677 1457 de
1705 1393 2080 1481 purgatoriis
2108 1393 2301 1459 virtu-

626 1493 794 1558 tibus
834 1492 913 1557 cf.
944 1492 1110 1557 hunc
1152 1492 1547 1581 interpretem
1578 1495 1659 1560 ad
1688 1496 1955 1561 eundem
1984 1496 2299 1584 dialogum

626 1618 692 1683 p.
721 1614 860 1679 172.
908 1598 1043 1661 Nos
1070 1595 1131 1659 h.
1152 1595 1196 1659 l.
1225 1595 1582 1684 adjiciemus
1609 1597 1813 1663 locum
1845 1599 2192 1678 Iamblichi,
2222 1623 2300 1664 ex

625 1698 785 1765 libro
808 1697 889 1763 de
916 1698 1173 1777 Anima,
1201 1721 1305 1786 ap.
1343 1700 1659 1765 Stobaeum
1701 1701 1765 1766 in
1805 1701 2069 1790 Eclogg.
2104 1703 2160 1767 1.
2192 1717 2298 1787 52.

628 1825 698 1890 p.
734 1804 919 1887 1056.
964 1803 1271 1866 Heeren.:
1335 1808 1638 1871 Πλωτῖνος
1681 1806 1747 1868 δὲ
1796 1806 1888 1869 καὶ
1931 1808 1990 1869 οἱ
2029 1810 2301 1870 πλεῖστοι

626 1912 744 1970 τῶν
772 1910 1171 1970 Πλατωνικῶν
1199 1906 1485 1969 ἀπόθεσιν
1511 1911 1628 1970 τῶν
1655 1911 1859 1971 παθῶν
1889 1908 1983 1971 καὶ
2015 1913 2132 1971 τῶν
2156 1934 2299 1991 μορ-

628 2013 896 2091 φυτικῶν
925 2009 1320 2095 διαγνόσεων,
1353 2009 1519 2089 δόξης
1557 2034 1627 2074 τε
1659 2008 1851 2090 πάσης
1875 2012 2210 2093 ὑπεροψίαν
2237 2036 2304 2075 τε

629 2113 724 2176 καὶ
761 2116 878 2174 τῶν
918 2111 1143 2174 ἐνύλων
1176 2109 1534 2190 διανοήσεων
1563 2113 1875 2192 ἆπότασιν,
1905 2113 2209 2194 πλήρωσίν
2236 2138 2303 2178 τε

628 2213 744 2280 άπὸ
783 2218 889 2278 νοῦ
925 2214 1021 2277 καὶ
1056 2217 1161 2278 τοῦ
1195 2215 1385 2290 ὄντος,
1416 2215 1786 2296 ἀφομοίωσίν
1815 2241 1881 2279 τε
1918 2220 2022 2279 τοῦ
2060 2241 2302 2280 κατανο-

626 2315 877 2397 ουμένου
917 2315 1061 2397 πρὸς
1102 2315 1169 2379 τὸ
1214 2320 1534 2380 κατανοοΰν
1560 2316 1667 2396 τὴν
1694 2317 2058 2398 τελεωτάτην
2088 2317 2298 2399 κάθαρ-

628 2446 726 2485 σιν
779 2417 1323 2499 ὑπολαμβάνουσιν.
1429 2418 1918 2508 olympiodorus
1971 2432 2180 2484 autem
2235 2419 2299 2483 in

627 2520 838 2587 Alcib.
866 2520 1059 2608 prior.
1096 2543 1159 2608 p.
1189 2541 1293 2607 54.
1338 2533 1402 2585 et
1444 2544 1510 2609 p.
1547 2537 1689 2607 145.
1716 2521 1927 2613 plures
1968 2522 2302 2604 καθάρσεως

626 2624 892 2690 rationes
917 2622 1265 2711 distinguit,
1291 2622 1354 2688 in
1384 2623 1480 2688 his
1511 2623 2012 2712 Pythagoricam,
2039 2623 2301 2689 Socrati-

625 2751 781 2810 cam,
838 2728 1332 2817 Peripateticam‚
1395 2728 1764 2813 (Stoicam).
1868 2728 2060 2794 Adde
2115 2729 2300 2795 etiam

631 2828 866 2893 Marini
893 2828 1101 2893 Vitam
1133 2826 1338 2892 Procli
1373 2851 1441 2916 p.
1468 2847 1576 2909 42.
1619 2827 1701 2892 ad
1743 2850 1933 2915 quam
1979 2827 2302 2893 Boissona-

624 2932 768 2998 dius
824 2930 1177 2996 Plotiniana
1231 2930 1364 2995 haec
1419 2953 1541 2994 non
1600 2930 1894 3018 neglexit.
1985 2932 2296 2996 Caeterum

625 3033 913 3100 omnibus
952 3031 1017 3097 in
1060 3029 1227 3110 locis,
1259 3030 1370 3096 ubi
1413 3034 1710 3114 καθαίρειν
1741 3047 1804 3097 et
1847 3033 2125 3116 κάθαρσις
2163 3056 2296 3099 me·

624 3150 965 3215 morantur,
995 3133 1246 3222 propria
1270 3133 1365 3199 vis
1390 3132 1563 3198 verbi
1589 3146 1684 3199 cst
1710 3133 1994 3209 tenenda,
2021 3158 2165 3222 quae
2206 3147 2300 3201 est

624 3238 834 3305 sordes
874 3237 1113 3327 ejicere.
1204 3236 1377 3301 Hinc
1404 3238 1669 3301 Perseus
1698 3236 2128 3325 Herculeoque
2170 3237 2300 3304 nati

621 3343 919 3409 dicuntur
951 3343 1050 3407 ἐπὶ
1087 3340 1368 3424 καθάρσει
1405 3347 1522 3405 τῶν
1551 3346 1757 3405 κακῶν.
1847 3339 2202 3428 Olympiod.
2234 3340 2298 3405 in

623 3445 828 3513 Alcib.
872 3467 971 3533 pr.
1016 3468 1084 3532 p.
1119 3445 1261 3530 156.
1306 3467 1394 3533 sq.
1484 3445 1586 3508 De
1626 3466 1755 3530 qua
1795 3441 1857 3506 vi
1905 3442 2078 3508 verbi
2118 3441 2298 3508 docte

622 3548 867 3615 monuit
909 3545 1178 3612 Bekkeri
1218 3546 1341 3611 mei
1381 3546 1670 3610 alumnus
1699 3547 1962 3634 Baguet.
1993 3544 2075 3610 ad
2104 3545 2296 3611 Dion.

623 3652 950 3742 chrysost.
981 3651 1157 3716 Orat.
1178 3650 1380 3714 VIII.
1411 3672 1473 3737 p.
1498 3650 1640 3736 136.
1672 3672 1766 3736 sq.

705 3793 794 3806 —
833 3774 899 3835 4.
944 3752 1425 3839 συμπεφυρμένη]
1492 3753 1722 3816 Vocem
1777 3750 2023 3816 Platoni
2074 3750 2298 3838 soepius

622 3871 985 3947 usurpatam
1012 3857 1079 3921 h.
1107 3856 1147 3921 l.
1177 3879 1255 3921 ex
1289 3855 1605 3920 Phaedone
1647 3877 1713 3943 p.
1750 3874 1850 3937 17.
1882 3855 2093 3942 Wytt.
2126 3853 2298 3918 vide-

624 3977 729 4029 tur
756 3960 1059 4027 sumsisse.
1133 3960 1235 4023 De
1262 3983 1336 4023 ea
1361 3958 1647 4046 pluribus
1690 3957 1930 4044 egimus
1958 3957 2040 4021 ad
2072 3956 2292 4022 Plotin.

620 4061 702 4128 de
731 4060 993 4126 Pulcrit.
1020 4082 1083 4147 p.
1110 4060 1256 4141 246.
1287 4055 1803 4144 ες.-Ὀμοπαθὴς
1829 4071 1892 4122 et
1919 4057 2124 4145 ipsum
2154 4057 2298 4122 Pla-

622 4165 754 4232 toni
796 4178 1190 4250 usurpatum,
1219 4176 1294 4225 ut
1324 4155 1601 4248 Republ.
1633 4162 1711 4225 V.
1758 4183 1819 4248 p.
1848 4162 1999 4242 464.
2032 4160 2141 4225 ubi
2169 4163 2297 4226 As-

620 4267 746 4333 tius
786 4265 961 4331 dedit
1001 4269 1371 4346 ὁμοιοπαθεῖς
1419 4262 1570 4346 (vid.
1598 4262 1828 4328 Addit.
1857 4263 1939 4327 ad
1969 4265 2296 4329 Commen-

620 4385 737 4438 tar.
782 4392 851 4457 p.
879 4370 1055 4455 520.)
1105 4366 1431 4432 Bekkerus
1476 4368 1792 4446 ὁμοπαθεῖς
1834 4365 2107 4431 reduxit.
2193 4368 2297 4431 De

620 4471 968 4539 discrimine
1009 4468 1277 4534 breviter
1316 4467 1422 4532 sed
1466 4480 1750 4533 accurate
1791 4469 2077 4556 exposuit
2105 4470 2297 4556 Wyt.

618 4575 906 4643 tenbach.
934 4573 1016 4638 ad
1048 4571 1363 4637 Plutarch.
1396 4570 1474 4635 de
1502 4570 1765 4635 discern.
1790 4570 1989 4636 Adul.
2020 4570 2102 4636 ab
2124 4569 2296 4635 Ami-

618 4704 694 4745 co
736 4702 797 4765 p.
829 4696 980 4763 539.
1043 4674 1148 4740 Cf.
1187 4673 1436 4739 Alberti
1468 4673 1653 4739 Obss.
1685 4672 1935 4738 Philoll.
1979 4672 2041 4737 in
2087 4674 2176 4738 N.
2208 4674 2292 4737 T.

619 4805 687 4870 p.
702 4798 850 4868 454.
881 4793 945 4844 et
972 4780 1284 4843 Wetsten.
1331 4778 1418 4842 N.
1441 4777 1529 4840 T.
1563 4777 1658 4841 II.
1701 4799 1763 4864 p.
1792 4774 2291 4863 454.·-“Ομοπά-

620 4890 751 4952 θεια
790 4881 1021 4970 legitur
1060 4880 1223 4945 infra
1261 4881 1379 4945 IV.
1413 4898 1472 4946 2.
1515 4892 1658 4943 ante
1700 4877 1864 4942 med.
1893 4897 1958 4944 et
1986 4879 2106 4944 IV.
2137 4894 2195 4962 7.
2226 4899 2291 4966 3.

619 4987 754 5052 init.
797 4988 1117 5065 ὁμοπαθεῖν
1147 4982 1260 5048 IV.
1294 5002 1358 5067 9.
1382 5001 1434 5046 1.
1467 4995 1529 5046 et
1560 5000 1615 5046 2.
1680 4982 1975 5062 ὁμοπαθὴς
2001 4982 2123 5046 VI.
2146 5003 2211 5065 4.
2236 5001 2289 5046 1.

616 5087 973 5169 ὁμοιοπαθὴς
1001 5085 1118 5151 IV.
1145 5105 1206 5166 4.
1241 5104 1364 5170 23„
1394 5083 1680 5148 nimirum
1710 5083 1772 5147 in
1807 5084 1931 5148 Ed.
1964 5083 2148 5149 Basil.

703 5213 769 5278 p.
793 5192 897 5268 28,
921 5208 979 5251 1.
1007 5190 1232 5269 μίμημα
1258 5191 1364 5251 τοῦ
1391 5189 1456 5251 ἐν
1483 5189 1675 5272 ψυχῇ]
1715 5186 1890 5252 Plato
1918 5186 1997 5250 de
2014 5186 2286 5274 Republ.

619 5293 720 5358 11.
748 5313 819 5380 p.
842 5291 990 5377 382.
1034 5313 1098 5378 p.
1130 5309 1271 5375 103.
1318 5287 1621 5354 Bekkeri:
1670 5290 1797 5354 ἐπεὶ
1839 5290 1908 5353 τό
1947 5315 2022 5371 γε
2065 5291 2131 5355 ἐν
2171 5295 2292 5359 τοῖς

614 5398 822 5478 λόγοις
861 5392 1087 5475 μίμημά
1126 5419 1183 5457 τι
1226 5397 1329 5457 τοῦ
1366 5395 1434 5458 ἐν
1459 5395 1528 5473 τῇ
1570 5395 1738 5476 ψνχῇ
1784 5394 1913 5457 ἐστι
1956 5392 2291 5473 παθήματος

618 5499 717 5564 καὶ
753 5499 1005 5580 ὕστερον
1030 5496 1280 5579 γεγονὸς
1322 5498 1566 5562 εἴδωλον
1593 5523 1645 5560 κ.
1667 5522 1721 5563 τ.
1738 5502 1806 5560 λ.
1848 5494 1930 5559 ad
1971 5518 2159 5582 quem
2200 5495 2290 5560 lo-

718 5605 906 5659 VOL.
943 5603 1067 5657 III.
1121 5599 1209 5659 ¹20

2386 697 2527 739 cum
2550 676 2680 740 Ast.
2712 699 2775 763 p.
2794 689 2943 759 437.
2969 688 3032 738 et
3056 672 3286 738 Plotini
3315 671 3447 737 haec
3473 672 3688 739 laudat
3713 687 3776 738 et
3806 674 4058 737 Isocrat.

2385 778 2465 843 ad
2496 777 2725 844 Nicod.
2752 778 2932 842 Orat.
2969 777 3114 840 III.
3151 779 3211 861 ξ.
3231 795 3291 862 3.
3323 799 3388 864 p.
3412 793 3518 858 24.
3547 775 3643 840 ed.
3665 775 3909 841 Coraii.

2470 918 2558 931 --
2582 902 2641 947 2.
2686 883 2719 943 6
2751 882 2818 944 ἐν
2845 880 3144 964 προφορᾷ]
3195 880 3297 943 De
3323 880 3489 964 λόγῳ
3524 882 3860 964 προφορικῷ
3900 876 4060 943 adde

2386 983 2589 1048 locum
2640 981 2844 1048 Procli
2888 981 2953 1045 in
3003 980 3206 1046 Alcib.
3262 1004 3329 1068 p.
3374 980 3519 1048 286.
3569 980 3781 1068 ibique
3828 979 4057 1045 laudat.

2389 1085 2791 1151 Meletemata
2829 1098 3059 1149 nostra.
3104 1088 3184 1170 τῷ
3212 1093 3465 1166 προφορ.
3495 1085 3659 1170 λόγῳ
3697 1082 4063 1170 adjungitur

2388 1190 2555 1271 φωνὴ
2586 1189 2878 1271 ἔναρθρος.
2968 1190 3133 1253 Nam
3175 1190 3449 1269 προφορᾶ
3484 1201 3576 1251 est
3620 1184 4061 1273 pronuntiatio,

2384 1292 2643 1357 docente
2698 1289 3185 1380 Wyttenbachio
3233 1288 3314 1353 ad
3368 1288 3683 1353 Plutarch.
3739 1288 3819 1354 de
3868 1287 4061 1353 audd.

2382 1402 2574 1482 poett.
2627 1417 2685 1481 p.
2714 1412 2865 1480 342.
2895 1394 2951 1457 A
2994 1394 3157 1479 λόγῳ
3200 1396 3535 1478 προφορικῷ
3580 1390 3984 1479 distinguitur
4027 1394 4060 1455 6

2386 1498 2731 1566 ἐνδιάθετος.
2804 1495 2950 1561 Vid.
2994 1494 3260 1559 eundem
3287 1494 3491 1559 virum
3518 1495 3771 1559 doctum
3799 1494 3882 1559 ad
3911 1493 4064 1558 Plu-

2385 1600 2581 1665 tarch.
2611 1601 2690 1666 de
2717 1613 2884 1665 recta
2909 1597 3201 1663 audiendi
3232 1597 3469 1662 ratione
3491 1620 3556 1685 p.
3578 1598 3724 1683 378.
3769 1620 3859 1684 sq.
3934 1596 4064 1661 Ad-

2376 1702 2526 1790 jicio
2552 1702 2757 1768 locum
2782 1700 3061 1767 Philonis
3090 1702 3133 1766 J
3138 1700 3300 1765 udaei
3321 1700 3420 1765 vel
3448 1699 3715 1764 maxime
3738 1699 4064 1765 facientem

2385 1805 2467 1870 ad
2510 1805 2703 1870 nostri
2747 1804 2864 1870 loci
2911 1803 3395 1891 intelligentiam.
3486 1805 3589 1868 Ita
3632 1802 3797 1868 enim
3840 1800 3942 1867 ille
3982 1803 4064 1868 de

2387 1907 2541 1973 Vita*
2562 1908 2761 1972 Mosis
2794 1909 2934 1972 III.
2966 1929 3032 1995 p.
3065 1926 3200 1993 154.
3249 1906 3469 1993 Mang.
3518 1905 3728 1973 Διττὸς
3754 1908 3870 1988 γᾶρ
3898 1907 3932 1970 6
3959 1908 4063 1970 λό-

2386 2038 2511 2094 γος,
2543 2014 2612 2076 ἐν
2649 2036 2715 2076 τε
2756 2015 2836 2097 τῷ
2878 2010 3053 2075 παντὶ
3099 2011 3193 2074 καὶ
3239 2012 3305 2073 ἐν
3343 2010 3650 2092 ἀνθρώπου
3695 2011 3876 2091 φύσει
3917 2011 4064 2073 κατὰ

2384 2117 2494 2193 μὲν
2524 2113 2592 2177 τὸ
2619 2119 2756 2188 πᾶν,
2788 2115 2824 2177 ὅ
2850 2139 2917 2178 τε
2943 2114 3078 2195 περὶ
3111 2118 3227 2176 τῶν
3256 2111 3581 2192 ἀσωμάτων
3611 2112 3706 2174 καὶ
3744 2116 4059 2194 παραδειγ-

2383 2222 2639 2295 ματικῶν
2669 2218 2856 2290 ἰδεῶν,
2889 2218 2953 2295 ἐξ
2980 2217 3063 2279 ῶν
3090 2217 3123 2278 6
3154 2213 3359 2294 νοητὸς
3402 2212 3590 2295 ἐπάγη
3630 2215 3862 2292 κόσμος,
3895 2214 3989 2277 καὶ
4026 2216 4059 2277 6

2383 2319 2517 2400 περὶ
2543 2324 2662 2381 τῶν
2689 2320 2933 2400 ὁρατῶν,
2965 2317 3005 2381 ἃ
3032 2317 3102 2396 δὴ
3128 2315 3424 2396 μιμήματα
3464 2316 3559 2378 καὶ
3600 2316 4060 2395 ἆπεικονίσματα

2384 2426 2500 2484 τῶν
2545 2422 2712 2484 ἰδεῶν
2752 2421 2990 2484 ἐκείνων
3030 2419 3215 2496 ἐστὶν,
3264 2420 3327 2497 ἐξ
3369 2419 3451 2482 ὧν
3495 2419 3528 2480 6
3577 2416 3851 2497 αἰσθητὸς
3895 2417 4062 2485 οὗτος

2385 2523 2747 2588 ἆπετελεῖτο.
2788 2520 2900 2585 Ἐν
2928 2522 3210 2606 ἀνθρώπῳ
3239 2519 3287 2585 δ’
3318 2523 3351 2584 6
3378 2519 3490 2600 μέν
3520 2522 3685 2584 ἐστιν
3713 2518 4058 2595 ἐνδιάθετος,

2386 2627 2419 2689 6
2448 2627 2514 2689 δὲ
2540 2624 2914 2707 προφορικός·
2950 2624 3044 2688 καὶ
3071 2625 3104 2686 6
3130 2625 3242 2704 μὲν
3269 2621 3367 2687 οἶά
3391 2648 3476 2690 τις
3499 2621 3678 2705 πηγὴ,
3709 2624 3742 2686 6
3772 2625 3857 2698 δὲ,
3888 2647 4064 2705 γεγο-

2386 2728 2498 2794 νὼς
2539 2726 2636 2792 ἀπ’
2687 2729 2912 2791 ἐκείνου
2953 2725 3122 2810 ῥέων.
3171 2728 3265 2790 καὶ
3307 2730 3412 2790 τοῦ
3453 2723 3565 2805 μέν
3611 2727 3741 2788 ἐστι
3783 2727 3948 2808 χώρα
3992 2725 4059 2789 τὸ

2383 2829 2752 2912 ἡγεμονικὸν,
2782 2835 2887 2894 τοῦ
2914 2832 2979 2894 δὲ
3010 2833 3154 2893 κατὰ
3183 2831 3491 2911 προφορὰν
3517 2832 3754 2910 γλῶττα
3796 2829 3892 2892 καὶ
3920 2829 4055 2892 στό-

2382 2957 2466 3012 μα
2496 2934 2589 2997 καὶ
2616 2933 2654 3012 ἦ
2683 2933 2839 3012 άλλη
2870 2938 3037 2997 πᾶσα
3073 2935 3272 3014 φωνῆς
3311 2929 3713 3013 ὀργανοποιΐα.
3801 2929 4062 2995 Redibit

2381 3050 2591 3098 autem
2620 3037 2897 3117 προφορᾶ
2922 3033 3085 3098 infra
3116 3035 3212 3098 II.
3244 3055 3302 3119 9.
3330 3053 3382 3097 1.
3429 3032 3506 3095 V.
3533 3051 3587 3096 1.
3612 3051 3672 3118 3.

2466 3155 2625 3221 -7,
2657 3136 3235 3220 ἀτελεστέρα-ἥδη]
3270 3134 3569 3222 Explevit
3597 3133 4061 3223 interpretando

2385 3239 2726 3322 Marsilius,
2746 3253 2822 3305 ut
2849 3254 3135 3304 sexcenta
3158 3238 3298 3317 alia,
3323 3261 3467 3326 quae
3494 3238 3576 3303 ob
3603 3237 3672 3303 id
3701 3238 3902 3326 ipsum
3933 3261 4058 3303 non

2380 3342 2764 3431 attingimus.
2796 3341 3090 3431 Alioquin
3108 3365 3380 3430 operosae
3399 3342 3838 3421 annotationis,
3855 3343 3955 3431 cuj
3963 3366 4063 3407 us-

2381 3446 2551 3511 modi
2582 3446 2681 3510 hic
2708 3460 2772 3511 et
2797 3445 2946 3511 alibi
2973 3444 3204 3510 adlevit
3233 3443 3724 3532 Engelhardtus,
3753 3443 3894 3509 finis
3936 3468 4056 3509 non

2381 3563 2555 3614 esset.

2465 3688 2554 3701 —
2585 3669 2683 3716 12.
2730 3652 2864 3715 οὐδὲ
2902 3649 2969 3713 τὸ
3009 3648 3258 3734 ἀγαθὸν]
3313 3648 3488 3713 Plato
3516 3647 3794 3735 Republ.
3827 3649 3944 3713 VI.
3988 3672 4054 3738 p.

2379 3771 2526 3840 509.
2558 3752 3057 3832 Α.-ἐπιστήμην
3097 3754 3162 3816 δὲ
3202 3753 3297 3815 καὶ
3340 3750 3643 3830 ἀλήθειαν,
3694 3752 3894 3834 ὥσπερ
3940 3754 4065 3817 ἐκεῖ

2382 3863 2508 3940 φῶς
2542 3882 2609 3921 τε
2648 3858 2743 3920 καὶ
2782 3858 2929 3938 ὄψιν
2955 3856 3215 3934 ἡλιοειδῆ
3240 3856 3351 3934 μὲν
3380 3856 3631 3934 νομίζειν
3660 3853 3857 3936 ὀρθὸν,
3887 3855 4060 3933 ἥλιον

2380 3961 2446 4023 δὲ
2470 3961 2744 4041 ἡγεῖσθαι
2772 3957 2876 4021 οὐκ
2905 3959 3087 4039 ὀρθῶς
3114 3956 3261 4040 ἔχει,
3293 3958 3439 4020 οὕτω
3480 3956 3573 4020 καὶ
3621 3957 3876 4020 ἐνταῦθα
3903 3958 4057 4039 ἀγα·

2380 4064 2575 4141 θοειδῆ
2613 4062 2725 4141 μὲν
2763 4062 3014 4140 νομίζειν
3052 4056 3207 4123 ταῦτ’
3239 4060 3544 4142 ἀμφότερα
3590 4058 3787 4142 ὀρθὸν,
3829 4059 4057 4142 ἀγαθὸν

2382 4165 2447 4228 δὲ
2489 4165 2765 4246 ἡγεῖσθαι
2803 4164 3088 4244 ὁπότερον
3123 4161 3312 4225 αὐτῶν
3350 4162 3454 4228 οὐκ
3498 4164 3698 4244 ὀρθόν.
3781 4162 3885 4226 Ex
3929 4184 4058 4249 quo

2379 4264 2515 4330 loco
2564 4279 2626 4329 et
2675 4263 2961 4329 Plotinus
3007 4277 3072 4328 et
3121 4262 3343 4351 reliqui
3390 4263 3714 4343 Platonici,
3765 4265 4054 4344 HermeS,

2380 4367 2491 4455 qui
2518 4367 2719 4432 fertur
2747 4365 3212 4453 Trismegistus‚
3239 4366 3601 4454 Dionysius,
3631 4365 3741 4454 qui
3769 4369 4056 4456 Areopa-

2377 4469 2510 4557 gita
2537 4469 2733 4534 videri
2765 4468 2920 4548 vult,
2946 4468 3288 4556 usurpandi
3315 4468 3507 4555 hujus
3535 4467 3817 4534 vocabuli
3843 4492 4055 4534 ansam

2377 4586 2697 4661 ceperunt,
2725 4593 2993 4661 quorum
3037 4570 3203 4636 locos
3243 4570 3419 4659 attigi
3458 4571 3519 4635 in
3555 4570 3791 4637 Studiis
3834 4573 4058 4637 nostris

2380 4675 2440 4741 1.
2468 4699 2535 4764 p.
2569 4695 2706 4740 101.
2752 4689 2815 4740 et
2856 4674 2937 4739 ad
2977 4672 3208 4739 Plotin.
3249 4672 3329 4737 de
3359 4672 3613 4738 Pulcrit.
3642 4696 3703 4762 p.
3734 4675 3946 4740 XCV.
3988 4697 4051 4764 p.

2380 4796 2528 4863 231.
2576 4800 2668 4865 sq.
2711 4801 2777 4866 p.
2810 4777 2950 4843 268.
2997 4800 3087 4864 sq.
3132 4792 3196 4841 et
3236 4798 3298 4864 p.
3329 4777 3479 4862 385.
3533 4776 3867 4842 Plotiniani
3908 4791 4055 4843 sunt

2376 4879 2481 4945 hi:
2532 4882 2675 4945 III.
2707 4881 2770 4945 8.
2797 4900 2892 4946 10.
2938 4881 3012 4944 V.
3042 4900 3102 4967 3.
3127 4899 3188 4966 3.
3219 4894 3282 4943 et
3319 4881 3419 4945 16.
3462 4878 3709 4961 V.6.4.
3741 4892 3804 4945 et
3831 4901 3895 4966 5.
3933 4883 4052 4948 v1.

2378 4999 2441 5066 7.
2469 4998 2570 5067 15.

2457 5107 2526 5172 p.
2552 5104 2655 5169 29,
2681 5101 2744 5148 2.
2791 5085 2857 5147 ἐκ
2887 5087 2985 5162 τῆς
3015 5085 3394 5168 ἐπιστροφῆς]
3447 5084 3524 5147 In
3554 5084 3921 5172 purgatione
3953 5077 4050 5169 (τῇ

2378 5186 2686 5271 καθάρσει)
2719 5184 3007 5250 Plotinus
3048 5208 3237 5273 supra
3277 5200 3570 5272 posuerat
3600 5186 3709 5267 τὴν
3735 5189 4051 5271 ἀφαίρεσιν

2374 5290 2711 5371 ἀλλοτρίου,
2758 5286 3128 5352 ablationem
3180 5286 3381 5353 alieni.
3473 5289 3768 5376 Sequitur
3816 5289 3879 5353 h.
3918 5288 3963 5354 l.
4011 5291 4049 5370 ἦ

2374 5390 2723 5473 ἐπιστροφή.
2811 5391 2954 5468 Qua
2977 5389 3059 5455 de
3085 5389 3334 5456 notione
3376 5413 3540 5456 nunc
3582 5391 3795 5480 paucis
3835 5391 4045 5457 dicen-

2371 5492 2526 5560 dum
2569 5507 2678 5558 est.

2427 5602 2473 5655 C

2767 5492 2957 5558 Dicat
2997 5492 3267 5581 primum
3300 5493 3574 5574 Galaeus,
3602 5492 3713 5580 qui
3753 5492 3835 5558 ad
3874 5495 4046 5560 Iam-
