5118 6613
1354 594 1551 658 LIB.
1598 594 1718 658 VI.
1764 592 2216 657 ENNEAD.
2265 590 2652 656 PRIMAE.
2697 612 2762 677 p.
2801 607 3149 656 110—112.

634 787 701 852 p.
717 782 859 841 111,
882 782 940 830 2.
972 764 1052 845 μὴ
1081 764 1738 853 σαρκῶμ-ἆνάπλεων]
1759 764 1901 829 Vid.
1928 767 2210 852 SympOS.

552 865 647 930 l.l.
672 865 995 931 Secundus
1010 866 1074 931 in
1099 868 1397 932 Sententt.
1420 891 1484 955 p.
1507 868 1651 953 638.
1675 867 1819 932 Gal.
1845 869 1905 931 τί
1924 869 2051 931 ἐστι
2073 867 2212 931 κάλ-

553 976 694 1041 λοςς
728 970 948 1051 φυσικὴ
975 971 1298 1052 ζωγραφία,
1324 969 1702 1052 ἆπαράμονον
1730 970 1978 1052 ἀγαθὸν,
2001 994 2217 1050 σεσαρ-

557 1070 780 1152 κωμένη
825 1071 1323 1155 εὐτυχία-ἄνθος
1364 1074 1793 1154 μαραινόμενον
1835 1100 1885 1136 κ.
1917 1098 1970 1136 τ.
1996 1079 2056 1135 λ.
2109 1071 2210 1136 Cf.

557 1173 856 1261 Interprr.
904 1172 984 1237 ad
1037 1173 1220 1237 Pauli
1263 1173 1465 1262 Epist.
1515 1174 1571 1238 1.
1621 1174 1900 1239 Corinth.
1932 1175 2074 1238 XV.
2107 1190 2211 1259 50.

558 1273 750 1340 Plura
776 1275 954 1362 posui
980 1274 1044 1338 in
1075 1274 1200 1338 Ed.
1233 1273 1432 1361 pecul.

638 1414 726 1428 —
739 1396 799 1462 3.
816 1377 896 1457 μὴ
926 1380 992 1441 ἓν
1011 1381 1108 1460 γῇ,
1135 1377 1215 1457 μὴ
1246 1378 1313 1440 ἑν
1333 1378 1584 1463 οὐρανῷ]
1609 1376 1749 1441 Vid.
1778 1375 2011 1442 Platon.
2037 1379 2218 1465 Sym-

554 1500 686 1566 pos.
719 1477 828 1545 l.l.
871 1493 935 1544 et
976 1479 1053 1544 cf.
1101 1479 1433 1568 Wyttenb.
1483 1478 1564 1543 ad
1611 1479 1907 1544 Phaedon.
1958 1503 2026 1568 p.
2072 1497 2216 1564 219.

558 1579 718 1645 Add.
751 1581 977 1646 Plotin.
1008 1605 1068 1669 p.
1099 1584 1247 1667 546.
1280 1583 1356 1647 C.
1388 1597 1531 1666 727.
1563 1584 1640 1648 C.
1699 1583 1960 1670 Dionys,
1992 1584 2216 1669 Areop.

556 1682 635 1750 de
662 1682 812 1748 Div.
838 1706 1066 1749 nomm.
1096 1704 1161 1766 4.
1194 1707 1259 1771 p.
1285 1687 1430 1768 569.
1478 1683 1785 1749 Themist.
1807 1687 1980 1750 Orat.
2003 1685 2217 1750 XIII.

557 1808 620 1873 p.
651 1788 788 1866 164.

640 1887 729 1952 ib.
759 1889 1162 1952 ἑπακτᾶ-καὶ
1188 1888 1257 1952 οὗ
1281 1888 1510 1971 πρῶτα]
1542 1889 1646 1953 Cf.
1687 1911 1875 1975 supra
1901 1912 1961 1976 p.
1993 1905 2100 1974 54.
2130 1889 2217 1953 D.

555 2005 620 2055 et
660 1988 820 2054 adde
862 2013 924 2077 p.
968 2005 1112 2072 724.
1152 2014 1209 2055 c.
1251 2010 1356 2077 33.
1395 1993 1467 2056 C.
1513 1989 1780 2077 denique
1824 1990 2112 2056 Proclum
2154 1991 2218 2056 in

560 2091 730 2156 Tim.
758 2114 826 2179 p.
853 2093 994 2157 128.

639 2234 728 2248 —
747 2213 812 2275 4.
844 2197 898 2258 εἰ
922 2195 1028 2257 οὖν
1058 2196 1400 2259 ἐκεῖνο-ἒν
1427 2199 1496 2275 τῇ
1541 2195 1938 2282 θέᾳ-καλοῦ]
1979 2197 2220 2261 Locum

560 2297 877 2362 turbatum
905 2308 968 2360 et
994 2309 1353 2383 corruptum
1382 2297 1715 2363 restituisse
1742 2297 1919 2362 uobis
1939 2296 2220 2362 videmur

558 2422 676 2487 ope
722 2399 1026 2464 bonorum
1076 2397 1375 2463 librorum
1418 2398 1690 2487 itemque
1735 2401 1815 2464 L.
1850 2400 2113 2465 Dissenii
2157 2412 2221 2464 et

563 2501 738 2567 Guil.
792 2501 1062 2578 Rinckii,
1114 2500 1228 2566 hac
1270 2501 1611 2567 sententia:
1675 2502 1803 2567 “Si
1846 2502 1987 2589 quis
2030 2502 2221 2589 igitur

560 2602 738 2682 illud,
782 2603 952 2691 quod
1002 2627 1141 2668 cum
1185 2602 1483 2691 largiatur
1520 2604 1773 2691 quidem
1808 2603 2114 2683 omnibuS,
2158 2604 2220 2669 in

560 2729 626 2771 se
666 2706 800 2793 ipso
841 2705 1172 2771 subsistens
1213 2708 1343 2785 dat,
1386 2705 1541 2770 nihil
1588 2707 1651 2771 in
1692 2730 1756 2771 se
1796 2705 2032 2795 recipit,
2075 2730 2222 2771 cou-

560 2807 796 2898 spiciat‚
852 2831 1215 2897 permanens
1269 2809 1333 2873 in
1399 2810 1533 2896 ejus
1588 2809 1818 2874 intuitu
1881 2810 2038 2874 etc.”
2121 2810 2223 2874 De

562 2917 842 2995 χορηγεῖν
885 2910 1065 2999 plura
1106 2910 1284 2998 posui
1326 2911 1389 2975 in
1433 2911 1528 2975 ed.
1579 2911 1778 2998 pecul.
1831 2911 1895 2975 in
1940 2911 2035 2976 his
2090 2911 2222 2978 haec

565 3012 784 3078 Iambl.
844 3012 924 3077 de
972 3014 1172 3102 Myst.
1216 3037 1281 3101 p.
1328 3029 1467 3098 179.
1519 3012 1664 3079 Gal.
1722 3015 1817 3078 καὶ
1854 3014 2223 3096 τελεωτέρων

564 3116 826 3196 νοήσεων
851 3116 986 3197 περὶ
1012 3121 1162 3179 θεῶν
1190 3122 1440 3199 χορηγεῖ
1467 3118 1804 3197 μετουσίαν.
1892 3118 1954 3180 N
1960 3139 2080 3181 unc
2116 3140 2223 3205 ap-

564 3239 783 3304 ponam
814 3217 1017 3281 locum
1042 3217 1244 3283 Procli
1273 3218 1587 3305 geminum
1617 3217 1808 3283 nostri
1834 3218 1950 3283 loci
1978 3218 2041 3282 in
2062 3221 2220 3284 Inst.

564 3319 785 3385 Theol.
820 3326 878 3407 ξ.
904 3322 1002 3385 18.
1032 3346 1097 3410 p.
1129 3340 1234 3408 32.
1263 3321 1358 3385 ed.
1392 3323 1603 3387 Nostr.
1632 3347 1648 3385 ε
1699 3324 1978 3386 Λείπεται
2014 3324 2128 3404 ἄρα
2155 3323 2221 3386 τὸ

559 3426 669 3502 μὲν
699 3423 851 3488 εἶναι
891 3426 1144 3506 πρῶτως,
1191 3423 1225 3488 ὃ
1264 3425 1482 3488 δίδωσι·
1526 3424 1593 3487 τὸ
1641 3426 1706 3488 δὲ
1748 3423 2041 3506 δευτέρως,
2083 3424 2117 3487 ὃ
2153 3425 2221 3488 τὸ

561 3527 865 3607 διδόμενόν
911 3528 1093 3590 ἐστιν·
1143 3529 1209 3591 ἐν
1251 3527 1337 3594 οἷς
1381 3527 1532 3613 αὐτῷ
1577 3530 1657 3612 τῷ
1700 3525 1836 3608 (lib.
1882 3526 2034 3613 Arg.
2081 3527 2220 3590 αὐτὸ

560 3629 657 3712 τὸ)
690 3627 841 3692 εἶναι
870 3627 1091 3714 θατέρῳ
1122 3630 1187 3692 ἐκ
1216 3627 1459 3710 θατέρου
1486 3634 1838 3711 χορηγεῖται.
1893 3629 2081 3693 Recte
2108 3651 2220 3692 au-

561 3745 683 3794 tem
735 3745 1021 3795 monente
1063 3730 1330 3795 Rinckio
1374 3729 1655 3795 Plotinus
1697 3730 1998 3794 Divinum
2041 3729 2221 3809 illud,

563 3834 686 3897 sive
729 3831 1001 3896 divinam
1050 3847 1332 3898 naturam
1384 3831 1448 3896 in
1497 3856 1572 3897 eo
1618 3832 1884 3897 maxime
1927 3832 2222 3897 contineri

562 3934 716 4012 vult,
749 3950 820 4000 ut
856 3933 1010 3999 nihil
1043 3934 1418 3999 extrinsecus
1458 3936 1524 3999 in
1564 3958 1698 3999 eam
1741 3934 2060 4013 inferatur,
2089 3935 2224 4023 ipsa

564 4036 714 4101 nulli
741 4036 845 4101 alii
871 4051 1109 4101 naturae
1136 4037 1313 4124 quasi
1340 4038 1686 4125 mancipata
1713 4037 1812 4102 sit.
1858 4038 1940 4102 cf.
1970 4039 2143 4101 Enn.
2162 4039 2221 4104 I.

565 4155 623 4222 7.
659 4158 717 4202 1.
750 4139 812 4203 I.
846 4140 906 4203 8.
939 4159 995 4205 2.
1026 4154 1089 4204 et
1117 4162 1264 4204 vero
1304 4139 1462 4227 ignis
1500 4139 1911 4227 praestantiam
1950 4139 2224 4204 similiter

562 4238 880 4305 definierat
906 4242 1152 4305 Noster.
1183 4264 1246 4328 p.
1278 4260 1383 4326 52.
1420 4243 1506 4307 G.
1565 4241 1789 4307 Anima
1814 4242 1985 4321 item,
2015 4241 2223 4329 quoad

558 4365 634 4406 ea
660 4341 775 4407 sibi
810 4355 1069 4422 constat,
1097 4342 1461 4408 describitur
1488 4358 1781 4432 tanquam
1820 4345 1956 4409 οὐδὲ
1993 4349 2074 4411 εἰς
2117 4348 2219 4409 αὕ-

556 4446 665 4524 τήν
693 4445 995 4526 δεξαμένη.
1036 4468 1100 4533 p.
1132 4461 1235 4530 54.
1268 4446 1583 4512 Ε.-θέαν
1608 4447 1781 4534 quod
1822 4446 2060 4525 attinet,
2091 4445 2220 4512 vid.

558 4547 872 4635 Symposii
898 4545 1100 4611 locum
1130 4546 1300 4613 laud.
1330 4548 1582 4614 Phaedr.
1605 4573 1671 4637 p.
1698 4552 1841 4617 262.
1890 4548 2221 4613 Heindorf.

555 4648 618 4712 in
667 4671 855 4735 quem
894 4650 1184 4714 Hermias
1212 4674 1277 4739 p.
1307 4653 1445 4715 160.
1480 4650 1600 4716 ita:
1647 4653 1804 4732 διττὴ
1854 4654 1918 4716 δὲ
1964 4652 2003 4732 ἦ
2043 4677 2219 4731 μετα-

551 4750 734 4831 βολή·
778 4753 817 4831 ἦ
844 4754 956 4830 μὲν
983 4753 1098 4817 ἀπὸ
1136 4757 1241 4816 τοῦ
1282 4758 1491 4835 νοητοῦ
1524 4754 1621 4818 ἐπὶ
1647 4754 1754 4833 τὴν
1779 4753 2019 4836 γένεσιν
2043 4779 2219 4833 μετα-

549 4853 717 4932 βολὴ
747 4853 921 4936 (fort.
952 4852 1214 4919 delenda
1243 4879 1362 4919 vox
1405 4859 1706 4940 extrema)
1732 4854 1806 4935 ἦν
1835 4856 1930 4920 καὶ
1957 4856 2222 4919 ἀπόπτω-

551 4979 656 5020 σω
686 4955 817 5020 εἶπε
857 4960 957 5036 τῆς
998 4961 1213 5040 ψυχῆς,
1241 4959 1280 5038 ἡ
1318 4960 1382 5022 δὲ
1426 4957 1540 5022 ἀπὸ
1574 4961 1675 5037 τῆς
1710 4956 2001 5039 γενέσεως
2028 4958 2125 5022 ἐπὶ
2152 4957 2219 5021 τὸ

534 5057 791 5138 νοητὸν,
818 5056 893 5137 ἦν
921 5057 1065 5123 θέαν
1094 5066 1266 5124 καλεῖ
1290 5060 1404 5143 (sc.
1444 5058 1867 5144 Plato).—Ad
1911 5072 2216 5124 extrema:

530 5161 716 5226 ,τίνος
743 5158 819 5223 ἂν
849 5159 934 5223 ἔτι
961 5159 1149 5225 δέοιτο
1180 5165 1399 5235 καλῶς
1430 5160 1656 5227 adhibe
1686 5163 1888 5226 Marc.
1922 5160 2070 5226 Ant.
2103 5163 2217 5226 IV.

549 5282 655 5327 20.
707 5259 872 5325 unde
916 5276 1158 5327 tantum
1201 5261 1536 5328 clausulam
1579 5263 1876 5328 exhibent
1933 5263 2002 5326 τὸ
2045 5266 2109 5327 δὲ
2153 5264 2223 5344 δὴ

524 5367 740 5430 ὅντως
769 5364 953 5427 καλόν
973 5388 1131 5431 τινος
1156 5367 1366 5449 χρείαν
1389 5365 1513 5450 ἔχει
1539 5366 1729 5449 (cod.
1755 5368 2030 5430 Darmst.
2054 5368 2125 5430 τό
2150 5391 2222 5448 γε

545 5467 617 5545 δὴ
648 5468 838 5533 ὅντως
867 5463 1073 5545 καλὸν,
1104 5469 1260 5535 τίνος
1285 5470 1495 5552 χρείαν
1524 5467 1686 5552 ἔχεις
1734 5491 1845 5557 per
1884 5467 2221 5554 interroga-

542 5569 809 5634 tionem.
878 5569 1043 5657 ·Hoc
1089 5568 1272 5633 etiam
1321 5569 1636 5636 Gatakero
1688 5569 1754 5634 in
1806 5583 2071 5635 mentem
2118 5593 2223 5635 ve-

2298 777 2503 827 nerat:
2551 765 2744 847 recte)
2787 762 2856 826 οὗ
2892 765 3124 842 μᾶλλον
3164 758 3202 840 ἢ
3248 759 3510 839 ἀλήθεια,
3552 759 3621 823 οὗ
3661 755 3959 839 μᾶλλονῆ

2302 868 2518 945 εὔνοια,
2547 865 2585 946 ἢ
2615 867 2801 932 αἰδώς.
2849 863 2948 928 Ad
2979 885 3120 928 eum
3149 861 3351 927 locum
3382 862 3464 926 cf.
3493 860 3719 925 Gatak.

2383 984 2549 1050 —7.
2579 972 2751 1032 τοῦτο
2806 970 2920 1049 γὰρ
2978 966 3117 1030 αὐτὸ
3166 965 3424 1045 μάλιστα
3471 991 3523 1028 κ.
3551 989 3607 1027 τ.
3635 963 3725 1047 λ.]
3775 960 3960 1026 Prius

2302 1071 2441 1135 αὐτὸ
2468 1093 2593 1135 non
2622 1069 2918 1158 expressit
2947 1068 3218 1134 Ficinus.
3291 1069 3551 1132 Comma
3573 1078 3716 1153 post
3732 1069 3961 1146 πρῦτον

2298 1172 2511 1238 aberat
2537 1196 2578 1238 a
2606 1171 2792 1238 Basil.

2382 1311 2471 1324 —
2490 1296 2549 1359 9.
2592 1277 2661 1340 οὗ
2688 1275 2758 1354 δὴ
2787 1275 2882 1338 καὶ
2910 1273 3478 1360 ἆγὸΗρόκειτω]
3514 1277 3558 1310 “
3576 1271 3680 1334 Ex
3714 1267 3959 1332 Platon.

2302 1376 2552 1442 Phaedr.
2600 1401 2662 1465 p.
2709 1393 2855 1463 345.
2890 1377 2965 1440 B.
3003 1374 3095 1463 [p.
3147 1392 3289 1459 247.
3325 1375 3400 1439 B.
3450 1372 3737 1460 Steph.]''
3764 1373 3851 1435 D.
3867 1371 3960 1433 W.

2304 1482 2468 1545 Cum
2513 1479 2761 1544 Plotino
2801 1478 3010 1543 confer
3039 1476 3347 1566 Porphyr.
3384 1475 3464 1540 de
3492 1474 3729 1539 Abstin.
3763 1474 3819 1538 I.
3851 1493 3956 1559 31.

2301 1605 2365 1669 p.
2388 1601 2520 1666 52„
2541 1581 2651 1669 qui
2679 1582 2977 1668 interpres
3001 1579 3319 1645 commode
3338 1578 3626 1643 admonet
3653 1576 3768 1641 loci
3791 1574 3958 1663 Apo-

2303 1682 2442 1749 stoli
2471 1683 2552 1748 ad
2586 1684 2785 1749 Hebr.
2821 1683 2994 1748 XII.
3027 1705 3080 1748 1.
3120 1682 3417 1766 τρέχωμεν
3448 1682 3555 1746 τὸν
3580 1682 3962 1763 προκείμενον

2302 1787 2439 1866 ἡμῖν
2486 1788 2705 1869 ἀγῶνα,
2758 1786 2866 1850 ubi
2908 1784 3034 1849 vid.
3084 1786 3386 1850 Wetsten.
3438 1783 3616 1848 Adde
3665 1781 3959 1847 Photium

2301 1901 2514 1953 contra
2571 1887 2953 1954 Manichaeos
3004 1889 3104 1953 11.
3161 1910 3226 1975 p.
3280 1905 3418 1972 175.
3478 1910 3569 1974 sq.
3626 1885 3690 1949 in
3741 1883 3960 1949 Wolfii

2304 1990 2589 2056 Anecdd.
2624 1992 2770 2056 Grr.

2385 2131 2473 2143 —
2498 2114 2593 2159 10.
2623 2097 2768 2176 ὑπὲρ
2813 2095 2882 2159 οὗ
2933 2095 3028 2158 καὶ
3079 2095 3112 2156 ὁ
3160 2097 3274 2159 πᾶς
3319 2092 3527 2179 πόνος]
3576 2090 3678 2155 Cf.
3722 2091 3769 2153 J
3773 2088 3960 2153 uliani

2305 2196 2536 2284 Imper.
2572 2197 2774 2284 Epist.
2810 2197 2948 2261 LV.
2983 2195 3092 2259 ubi
3118 2194 3264 2259 item
3304 2207 3396 2258 est
3433 2196 3466 2257 ὁ
3505 2196 3570 2257 δὲ
3611 2199 3723 2260 πᾶς
3760 2195 3959 2268 πόνος,

2303 2312 2367 2363 et
2406 2297 2532 2361 vid.
2582 2297 2837 2387 Heyleri
2887 2298 3234 2363 Observatt.
3282 2296 3347 2360 in
3393 2318 3535 2360 eum
3579 2293 3805 2373 locum,
3850 2294 3959 2381 qui

2304 2399 2470 2464 hunc
2510 2399 2750 2464 articuli
2793 2422 2972 2464 usum
3016 2400 3199 2464 etiam
3240 2397 3375 2464 loco
3410 2396 3716 2463 Aristotel.
3749 2396 3959 2461 Ethic.

2305 2502 2547 2567 Nicom.
2584 2503 2723 2567 III.
2758 2522 2819 2588 9.
2848 2522 2911 2588 3.
2945 2501 3051 2567 ubi
3091 2501 3239 2567 item
3278 2500 3507 2589 legitur
3542 2505 3655 2567 πᾶς
3688 2502 3721 2563 ὁ
3761 2502 3957 2572 πόνος,

2303 2604 2640 2670 coufirmat.

2387 2744 2471 2755 —
2499 2728 2527 2770 1
2542 2728 2595 2772 1.
2624 2707 2918 2790 μακάριος,
2959 2710 3107 2791 ὄψιν
3133 2708 3421 2789 μακαρίαν
3448 2705 3819 2789 τεθεαμένος]
3856 2705 3961 2768 Ex

2307 2809 2582 2874 Platonis
2610 2809 2879 2875 Phaedro
2918 2832 2983 2897 p.
3018 2828 3161 2896 250.
3229 2810 3330 2874 De
3357 2831 3505 2872 voce
3533 2806 3657 2871 vid.
3698 2806 3958 2872 Ruhnk.

2305 2911 2386 2976 ad
2416 2912 2584 2977 Tim.
2616 2935 2680 3000 p.
2711 2931 2816 2998 59.
2880 2911 3145 2977 Zellium
3176 2934 3379 2976 meum
3409 2911 3490 2976 ad
3522 2909 3959 2977 Aristot..Eth.

2306 3015 2548 3080 Nicom.
2585 3015 2640 3079 1.
2675 3034 2771 3082 12.
2803 3038 2865 3102 p.
2896 3033 3001 3101 53.
3035 3039 3125 3103 sq.
3171 3028 3235 3079 et
3269 3037 3428 3102 quos
3468 3013 3678 3101 plures
3718 3012 3964 3078 laudavi

2304 3116 2367 3181 in
2398 3117 2523 3181 Ed.
2552 3118 2754 3205 pecul.
2787 3116 2849 3181 in
2889 3116 2984 3180 his
3010 3119 3254 3204 Evang.
3300 3115 3530 3181 Matth.
3562 3116 3641 3182 V.
3676 3116 3733 3180 8.
3780 3115 3961 3197 μακά·

2304 3246 2418 3303 ριοι
2444 3222 2502 3283 οἱ
2532 3221 2773 3303 καθαροὶ
2800 3224 2869 3300 τῇ
2901 3222 3100 3306 καρδίᾳ
3128 3221 3218 3283 ὅτι
3247 3219 3410 3284 αὐτοὶ
3449 3218 3553 3283 τὸν
3582 3219 3745 3284 Θεὸν
3773 3221 3959 3302 ὄψον·

2306 3347 2421 3385 ται.

2388 3460 2476 3472 -
2502 3443 2597 3508 15.
2620 3424 2714 3487 καὶ
2728 3423 3042 3504 βασιλείας
3059 3423 3154 3486 καὶ
3170 3421 3722 3505 ἀρχᾶς-προέσθαι
3739 3425 3956 3510 χρεόν]

2309 3525 2410 3591 Cf.
2444 3524 2687 3590 Platon.
2724 3526 3004 3612 Sympos.
3033 3522 3076 3587 l.
3109 3522 3152 3588 l.
3183 3522 3434 3588 Phaedr.
3462 3547 3526 3611 p.
3557 3542 3698 3611 252.
3727 3526 3801 3591 A.
3833 3529 3966 3591 Lu·
4027 3551 4041 3566 .

2306 3628 2460 3692 cian.
2515 3626 2889 3692 Charidemo
2934 3648 2997 3712 p.
3054 3639 3195 3709 279.
3247 3625 3391 3712 Bip.
3427 3623 3594 3707 Ἥρα
3638 3627 3686 3691 δ’
3737 3628 3965 3709 ἁπάσης

2308 3732 2488 3814 ἀρχῆς
2537 3731 2632 3795 καὶ
2680 3729 3021 3795 δυναστείας
3075 3729 3451 3809 αἰρετότερον
3501 3729 3817 3811 ἀποφαίνει
3864 3730 3960 3813 (τὸ

2308 3832 2575 3917 κάλλος).

2393 3971 2477 3982 -
2499 3936 2598 3998 16.
2627 3936 2681 3998 εἰ
2722 3933 3054 3996 καταλιπόν
3078 3957 3165 4000 τις
3199 3933 3600 4018 ταῦτα-ἴδοι]
3635 3933 3825 4003 Quod
3854 3934 3961 3999 Fi-

2305 4036 2478 4101 cinus
2531 4035 2597 4099 in
2646 4033 2771 4099 Ed.
2830 4056 2924 4121 pr.
2985 4033 3070 4099 sic
3123 4032 3436 4101 distinxit:
3498 4042 3542 4075 “
3570 4036 3963 4123 possessione.

2305 4140 2437 4203 Pro
2464 4137 2935 4226 φια-αρἰίοετε
2950 4161 2971 4200 .·
3002 4136 3053 4201 si
3079 4135 3734 4203 relictis-intueatur”
3761 4140 3965 4205 minus

2305 4254 2448 4328 apte
2498 4239 2745 4304 videtur
2799 4238 3029 4304 fecisse.
3119 4241 3266 4328 Ego
3322 4239 3528 4328 potius
3580 4240 3963 4322 crediderim,

2305 4343 2463 4408 hanc
2490 4357 2684 4408 totam
2725 4340 3060 4406 clausulam
3102 4343 3400 4431 respicere
3431 4342 3513 4408 ad
3556 4344 3871 4431 superiora
3895 4369 3960 4434 p.

2304 4447 2408 4531 56.
2450 4446 2530 4510 B.
2564 4448 2641 4511 C.
2689 4448 2742 4510 εἰ
2788 4447 2893 4509 οὖν
2937 4447 3292 4513 ἐκεῖνο-εἰς
3345 4446 3505 4521 αὐτὸ,
3552 4448 3684 4511 ἴδοι.
3772 4448 3966 4513 Recte

2305 4563 2513 4613 autem
2556 4548 2725 4612 hunc
2771 4545 2972 4611 locum
3016 4546 3104 4611 ita
3142 4546 3408 4635 explicat
3446 4546 3750 4635 Engelh.:
3800 4551 3967 4614 “Er

2303 4672 2475 4717 muas
2501 4652 2651 4714 alles
2671 4652 2860 4737 janes
2878 4649 3128 4736 fizhren
3168 4651 3392 4729 Ζαωεπ,
3431 4652 3504 4716 ob
3545 4672 3616 4714 er
3643 4651 3969 4718 vicuieicht

2304 4754 2478 4817 dmm
2505 4753 2797 4818 Rome?
2859 4754 3110 4840 Oportet
3127 4773 3265 4816 eum
3292 4754 3502 4817 omnia
3528 4754 3654 4819 ista
3680 4755 3964 4842 algy‘icere,

2304 4858 2363 4922 si
2384 4858 2570 4942 ,fin-te
2612 4856 2721 4920 Ιιοο
2756 4864 2945 4942 pacto
2988 4857 3202 4942 possit.
3270 4854 3443 4920 Male
3484 4871 3689 4920 autem
3734 4857 3799 4920 in
3837 4856 3964 4922 Ed.

2303 4956 2504 5046 pecul.
2523 4970 2666 5045 post
2679 4955 2871 5040 χρεὼν
2886 4955 3062 5021 colon
3083 4980 3197 5044 pro
3215 4972 3515 5022 commate
3531 4958 3798 5045 positum
3816 4974 3964 5024 erat.

2389 5083 2452 5147 p.
2485 5080 2512 5124 1
2530 5081 2552 5124 1
2568 5080 2629 5138 2,
2657 5079 2713 5124 1.
2745 5059 2961 5128 κάλλος
2982 5060 3316 5148 ἀμήχανον]
3345 5059 3524 5125 Plato
3548 5062 3760 5149 Symp.
3784 5085 3840 5128 c.
3855 5080 3960 5148 34.

2307 5161 2611 5247 ἀμήχανόν
2648 5187 2714 5227 τε
2744 5160 2852 5245 (al.
2891 5166 2975 5247 τι)
3008 5163 3224 5230 κάλλος
3266 5161 3448 5249 ὁρῴης
3488 5164 3584 5228 ἄν.
3650 5164 3753 5228 De
3799 5163 3966 5228 locu-

2308 5264 2471 5329 tione
2498 5263 2622 5329 vid.
2657 5265 2860 5352 Wytt.
2893 5264 2958 5329 in
2986 5265 3188 5354 Epist.
3223 5265 3378 5331 Crit..
3411 5288 3471 5352 p.
3507 5285 3649 5351 250.
3681 5265 3855 5353 Lips.
3900 5279 3966 5331 et

2305 5366 2386 5431 ad
2436 5366 2733 5431 Phaedon.
2779 5390 2843 5455 p.
2883 5370 3024 5434 206.
3060 5367 3285 5452 (Plura
3309 5367 3432 5432 vid.
3479 5368 3540 5432 in
3586 5367 3681 5431 ed.
3725 5366 3961 5454 pecul.)

2307 5468 2533 5533 Plotin.
2564 5492 2626 5556 p.
2655 5470 2806 5555 485.
2839 5470 2916 5534 A.
2947 5469 3252 5555 ἀμήχανον
3294 5472 3536 5552 σοφίαν.
3601 5469 3966 5536 Damascius

2305 5570 2385 5635 de
2414 5571 2728 5659 Principp.
2762 5594 2825 5659 p.
2853 5590 2998 5654 204.
3026 5578 3127 5654 τῆς
3152 5571 3452 5655 ἀμηχάνου
3478 5572 3769 5651 ἀληθείας.
3816 5572 3969 5638 Fre-
