5118 6613
1003 506 1133 576 370

1072 683 1178 750 p.1
1198 659 1415 744 242,8.
1449 658 1519 724 οὐ
1546 656 1615 723 τὸ
1646 658 2391 742 ἐφαψάμενον-ἐπαφῆς]
2424 654 2703 743 SimpliC.

1992 484 2838 551 ANNOTATIONES
2885 483 2996 549 IN
3046 484 3484 550 PLOTINI

2794 656 3116 722 Plutarch.
3149 657 3229 722 de
3258 656 3407 721 aud.
3438 662 3632 745 poett.
3665 678 3730 743 p.
3767 671 3870 741 25.
3900 657 3988 720 D.
4032 678 4097 743 p.
4133 673 4235 743 95.
4268 657 4482 746 Wytt.

1005 766 1069 830 in
1104 761 1427 830 Aristotel.
1461 761 1541 826 de
1572 760 1806 825 Anima
1838 762 1978 826 ΙΙΙ.
2011 759 2117 825 fol.
2146 780 2246 846 73.
2268 784 2326 824 a.
2360 759 2566 824 med.:
2613 760 2708 823 καὶ
2782 760 2999 848 jungit
3028 762 3257 841 ἀπαθὴς
3283 776 3347 826 et
3380 761 3807 844 ἀναμάρτητος,
3835 774 3899 825 et
3927 759 4172 849 saepius.
4257 762 4485 826 Vocem

1008 872 1164 936 ὅλως
1206 870 1272 932 δὲ
1315 867 1382 930 τὸ
1412 870 1633 948 ψεῦδος
1666 865 2026 950 ,συνίσταται
2072 866 2140 927 ἐν
2168 867 2248 949 τῷ
2291 866 2370 943 πῇ
2414 865 2526 942 μὲν
2557 862 2705 945 ἐφά-

1007 975 1261 1036 πτεσθαι
1289 974 1394 1033 τοῦ
1419 968 1779 1051 πράγματος,
1809 969 1910 1032 ἵνα
1939 968 2036 1031 καὶ
2062 966 2214 1049 λέγῃ
2243 992 2299 1031 τι
2326 966 2462 1048 περὶ
2505 966 2707 1043 αὐτοῦ,

1009 1077 1090 1154 πῇ
1119 1076 1184 1137 δὲ
1210 1072 1310 1153 μή,
1341 1074 1442 1137 ἵνα
1472 1066 1567 1135 καὶ
1603 1070 1744 1135 αὐτὸ
1772 1073 1945 1134 τοῦτο
1973 1071 2303 1153 ψεύδηταις
2350 1068 2417 1132 τὸ
2458 1071 2522 1132 δὲ
2564 1067 2704 1147 ἆμέ·

1006 1202 1218 1260 ριστον
1237 1176 1308 1239 οὐ
1327 1173 1641 1258 προσιέναι
1668 1173 1777 1253 τὴν
1799 1172 1948 1236 κατά
1966 1181 2020 1236 τι
2049 1172 2306 1254 ἐπαφὴν,
2333 1174 2430 1235 διὰ
2457 1171 2524 1234 τὸ
2556 1171 2709 1234 εἶναι

1009 1277 1351 1360 ἀμέριστον,
1380 1278 1544 1340 ἀλλὰ
1585 1275 1654 1339 τὸ
1699 1276 1867 1347 ὅλον,
1902 1277 1955 1338 εἰ
1994 1278 2087 1337 δεῖ
2111 1273 2301 1355 φάναι
2329 1273 2396 1336 τὸ
2429 1274 2579 1337 ὅλον
2611 1273 2707 1336 ἐπὶ

1011 1389 1128 1447 τῶν
1157 1382 1508 1463 ἀμερίστών,
1541 1380 1912 1460 γινώσκεται,
1942 1377 1980 1457 ἢ
2024 1378 2307 1458 οὐδαμῶς.
2378 1378 2494 1441 Καὶ
2537 1381 2709 1441 τοῦτο

1008 1485 1103 1566 ἦν,
1147 1484 1180 1548 ὃ
1221 1485 1316 1548 καὶ
1360 1486 1392 1547 ὁ
1434 1488 1745 1549 Πλωτῖνος
1789 1481 1925 1563 ἔφη,
1969 1481 2046 1547 ὣς
2086 1483 2180 1544 καὶ
2218 1480 2326 1560 ἤδη
2374 1479 2712 1560 ἑμνηθήμην

1015 1586 1191 1669 (Vid.
1223 1584 1377 1650 ibid.
1411 1607 1476 1672 p.
1503 1603 1606 1666 70.
1624 1606 1684 1648 a.
1718 1583 1918 1669 med.)
1951 1591 1995 1622 “
2016 1584 2094 1649 ὧς
2123 1585 2155 1646 ὁ
2187 1587 2323 1650 νοῦς
2360 1582 2396 1661 ἢ
2428 1583 2710 1666 ἐφήψατο

1010 1689 1048 1769 ἢ
1078 1690 1185 1754 οὐκ
1215 1688 1514 1771 ἐφήψατο·
1549 1688 1706 1751 ὥστε
1736 1685 2195 1768 ἀναμάρτητος.”
2244 1688 2449 1772 Supra
2472 1686 2709 1773 p.6.E.

1009 1792 1305 1880 legimus:
1336 1788 1512 1855 Ἀλλ’
1539 1793 1592 1854 εἶ
1620 1788 2023 1871 ἀναμάρτητος
2050 1790 2087 1868 ἡ
2115 1789 2287 1873 ψυχὴ
2317 1815 2367 1852 κ.
2382 1815 2431 1853 τ.
2454 1797 2517 1852 λ.
2569 1790 2712 1853 Hoc

1010 1894 1386 1982 adjectivum
1439 1892 1754 1979 duplicem
1811 1891 1936 1954 vim
1989 1891 2239 1970 habere,
2290 1892 2588 1979 primum,
2639 1907 2713 1955 ut

1010 2021 1153 2064 eum
1185 1997 1489 2083 designet,
1519 1994 1630 2082 qui
1677 2017 1803 2058 non
1849 1995 2095 2059 aberrat
2122 2018 2160 2058 a
2191 2018 2397 2082 scop0‚
2426 1994 2712 2080 adeoque

1010 2101 1119 2190 qui
1165 2123 1289 2166 non
1334 2100 1581 2164 aberrat
1608 2122 1645 2162 a
1676 2097 1834 2185 lege,
1864 2098 1974 2185 qui
2021 2120 2144 2162 non
2192 2113 2427 2184 peccat,
2457 2096 2708 2176 deinde,

1008 2204 1118 2293 qui
1159 2205 1446 2269 aberrare
1489 2216 1552 2266 et
1596 2224 1849 2288 peccare
1897 2224 2019 2265 non
2069 2213 2275 2288 potest
2310 2199 2703 2287 (impeccabi-

997 2306 1127 2373 lem
1162 2306 1408 2373 Gellius
1434 2304 1585 2370 dicit
1618 2306 1851 2369 XVII.
1897 2308 2021 2390 19.)
2053 2296 2190 2368 tum
2218 2303 2329 2390 qui
2371 2327 2409 2368 a
2456 2303 2711 2367 libidine

1010 2411 1099 2475 rei
1133 2433 1411 2476 venereae
1439 2408 1733 2473 immunis
1759 2423 1872 2486 est,
1905 2422 2182 2493 arguunt
2215 2407 2351 2482 loci,
2382 2429 2541 2493 quos
2584 2405 2712 2471 col-

1008 2513 1298 2602 legerunt
1358 2516 1563 2578 Sturz.
1623 2510 1686 2574 in
1752 2512 1913 2576 Lex.
1978 2510 2282 2597 Xenoph.
2339 2512 2585 2598 Upton.
2648 2525 2712 2573 et

1013 2616 1560 2704 Schweighaeuser.
1609 2614 1673 2677 in
1724 2614 1926 2678 Indic.
1970 2613 2294 2677 Graecitat.
2343 2612 2708 2700 Epicteteae,

1014 2720 1169 2785 Biel.
1218 2719 1284 2784 in
1331 2719 1526 2783 Thes.
1566 2717 1804 2781 LXX.
1853 2718 2159 2804 Interprr.
2210 2714 2601 2780 Schleusner.
2646 2716 2710 2780 in

1014 2823 1177 2886 Lex.
1213 2823 1299 2886 N.
1328 2823 1415 2884 T.
1448 2835 1510 2884 et
1545 2820 1836 2884 Suicerus
1864 2819 1925 2883 in
1958 2820 2156 2884 Thes.
2191 2820 2429 2885 Eccles.
2468 2820 2532 2883 in
2574 2844 2711 2885 voc.

1011 2927 1159 3013 Ego
1179 2924 1411 2989 Plotini
1433 2948 1620 2988 causa
1640 2922 1971 2988 nonnullos
1991 2923 2159 2988 locos
2186 2947 2522 3011 apponam,
2542 2923 2712 2988 unde

1007 3029 1229 3094 harum
1276 3027 1719 3091 sententiarum
1765 3026 2173 3113 intelligentia
2217 3027 2461 3093 existat.
2568 3026 2708 3090 Pri-

1009 3131 1243 3195 marius
1287 3130 1457 3195 locus
1500 3146 1594 3194 est
1635 3129 1699 3193 in
1743 3130 2023 3194 Platonis
2053 3129 2327 3217 Republ.
2365 3131 2423 3193 1.
2458 3153 2525 3217 p.
2557 3149 2706 3214 339.

1011 3258 1105 3323 sq.
1136 3257 1199 3322 p.
1228 3252 1329 3317 27.
1361 3256 1498 3321 sqq.
1533 3231 1730 3297 Bekk.
1767 3233 1879 3320 qui
1908 3232 1997 3296 ita
2036 3233 2290 3321 incipit:
2342 3235 2616 3313 Πότερον
2647 3235 2712 3296 δὲ

1009 3337 1410 3419 ἀναμάρτητοί
1434 3340 1590 3401 εἰσιν
1618 3339 1674 3401 οἶ
1704 3338 1990 3420 ἄρχοντες
2033 3339 2100 3400 ἐν
2128 3342 2256 3403 ταῖς
2283 3338 2540 3399 πόλεσιν
2573 3335 2708 3398 ἑκά-

1010 3466 1178 3509 σταις
1205 3439 1242 3520 ἢ
1272 3441 1393 3505 οἶοί
1413 3466 1470 3503 τι
1501 3439 1611 3524 (al.
1643 3444 1738 3523 τε)
1789 3440 1882 3504 καὶ
1926 3443 2247 3522 ἅμαρτεΐν;
2294 3438 2529 3505 πάντως
2572 3464 2705 3512 που,

1010 3544 1148 3626 ἔφη,
1182 3544 1302 3608 οἷοί
1339 3569 1395 3607 τι
1441 3542 1550 3625 (al.
1585 3547 1681 3626 τε)
1716 3544 1813 3606 καὶ
1856 3546 2159 3625 ἁμαρτεῖν.
2247 3541 2514 3627 DionyS.
2553 3540 2704 3605 Hal.

1012 3647 1224 3714 Judic.
1271 3646 1352 3711 de
1383 3645 1680 3734 Thucyd.
1715 3645 1858 3709 ΙΙΙ.
1887 3667 1953 3731 p.
1983 3645 2129 3709 816.
2161 3667 2225 3731 p.
2254 3646 2359 3708 66.
2394 3645 2707 3730 Kr'uger.:

1011 3751 1254 3830 οὐδεμία
1294 3753 1409 3833 γὰρ
1452 3749 1738 3831 αὐτάρκης
1781 3750 2092 3830 ἀνθρώπου
2121 3750 2305 3831 φύσις
2348 3745 2465 3811 οὔτ’
2501 3749 2571 3810 ἐν
2603 3749 2709 3810 λά·

1014 3878 1141 3934 γοις
1189 3850 1306 3917 οὔτ’
1359 3855 1425 3916 ἐν
1475 3851 1669 3934 ἔργοις
1716 3851 2121 3934 ἀναμάρτητος
2170 3851 2342 3915 εἶναι.
2434 3849 2707 3937 Longin.

1014 3955 1342 4018 XXXII.
1376 3954 1412 4017 8
1436 3979 1450 4016 ε
1501 3956 1578 4020 ὣς
1604 3958 1720 4035 γὰρ
1750 3953 2161 4036 ἀναμάρτητον
2189 3953 2285 4017 καὶ
2317 3952 2578 4035 καθαρὸν
2605 3953 2713 4016 τὸν

1010 4057 1229 4139 ῥήτορα
1259 4059 1552 4141 (Λυσίαν)
1569 4057 1890 4140 προφέρει,
1922 4062 2204 4142 πολλαχῇ
2246 4057 2712 4139 διημαρτημένον

1011 4164 1118 4224 τοῦ
1165 4158 1510 4226 Πλάτωνος.
1583 4158 1662 4223 cf.
1714 4160 2085 4223 XXXIII.
2125 4180 2178 4226 2.
2257 4162 2613 4225 XXXVI.
2652 4182 2709 4225 1.

1013 4263 1141 4328 Dio
1174 4265 1345 4327 Cass.
1377 4263 1645 4326 LVIII.
1687 4263 1783 4328 16.
1832 4286 1894 4349 p.
1923 4264 2065 4345 889.
2101 4263 2419 4328 Reimar.:
2469 4263 2609 4328 ἀλλ’
2644 4265 2712 4327 ἐν

1016 4368 1096 4449 τῷ
1141 4366 1255 4447 ἴσῳ
1306 4364 1398 4425 καὶ
1433 4363 1511 4426 ’τὸ
1558 4364 1795 4427 ἀδικοῦν
1844 4365 1941 4427 καὶ
1987 4364 2054 4427 τὸ
2100 4363 2527 4446 ἀναμάρτητον,
2558 4366 2718 4438 τό,τε

1012 4463 1347 4530 ὑποπτεΰόν
1382 4491 1439 4529 τι
1485 4466 1579 4529 καὶ
1622 4467 1689 4530 τὸ
1735 4469 1902 4535 ἀδεὲς
1945 4466 2092 4548 πρὸς
2137 4468 2245 4546 τὴν
2288 4474 2406 4531 τῶν
2448 4473 2719 4545 Σηῖανῶν

1017 4568 1403 4652 ἐγκλημάτων
1452 4570 1762 4651 ἀνάκρισιν
1814 4572 2104 4653 ἐγίγνετο.
2205 4570 2448 4658 Synesii
2501 4570 2710 4658 Epist.

1018 4671 1322 4736 LXVII.
1367 4695 1427 4757 p.
1458 4691 1542 4752 42
1577 4696 1591 4734 :
1658 4673 1725 4736 τὸ
1779 4672 2188 4754 ἀναμάρτητον
2239 4676 2402 4741 θείας
2447 4675 2717 4756 ἄντικρύς

1018 4778 1148 4839 ἐστι
1179 4775 1274 4838 καὶ
1301 4775 1510 4856 μοίρας
1539 4775 1634 4838 καὶ
1662 4776 1922 4857 φύσεως.
1971 4775 2357 4840 Theodoreti
2383 4776 2634 4863 Dialog.
2656 4778 2714 4841 I.

1014 4878 1096 4942 de
1121 4880 1350 4942 Sancta
1372 4876 1602 4941 Trinit.
1625 4877 1845 4942 Vol.V.
1865 4902 1932 4966 p.
1957 4881 2105 4960 948.
2134 4879 2411 4944 Schola:
2449 4886 2518 4943 A.
2552 4882 2717 4943 ἀλλὰ

1015 4983 1111 5046 καὶ
1157 4984 1355 5046 εἴποτε
1399 4978 1662 5062 ἥμαρτόν
1703 5006 1861 5048 τινες
1903 4988 2021 5045 τῶν
2059 4982 2356 5063 ἀγγέλων,
2390 4981 2527 5047 ἀλλ’
2562 4982 2719 5045 εἰσὶν

1015 5086 1267 5167 ἄγγελοι
1311 5082 1723 5165 ἀναμάρτητοι.
1772 5088 1850 5147 Ο.
1896 5084 1965 5150 οὐ
2008 5089 2289 5164 ζητοῦμεν
2330 5088 2384 5148 εἰ
2423 5085 2577 5148 εἰσὶν
2605 5085 2712 5166 ἄγ-

1012 5195 1185 5270 γελοι
1228 5185 1641 5268 ἀναμάρτητοι,
1690 5185 1825 5249 ἀλλ’
1868 5190 1921 5250 εἰ
1964 5189 2237 5250 δύναιντο
2281 5189 2614 5268 ἆμαρτῆσαι
2660 5214 2713 5250 κ.

1017 5314 1069 5353 τ.
1096 5297 1159 5353 λ.
1223 5287 1518 5354 Similiter
1545 5288 1677 5352 fere
1708 5289 1979 5375 Diogen.
2005 5290 2219 5354 La'ert.
2241 5290 2399 5353 VII.
2433 5309 2577 5354 122:
2630 5291 2716 5355 ἔτι

1018 5391 1113 5454 καὶ
1151 5391 1607 5473 ἀναμαρτήτους,
1651 5396 1731 5477 τῷ
1783 5393 2217 5473 ἀπεριπτώτους
2262 5393 2414 5457 εἶναι
2457 5395 2714 5476 ἁμαρτή-

1016 5519 1154 5572 ματι
1198 5492 1399 5578 (quod
1450 5494 1511 5556 in
1560 5509 1881 5581 peccatum
1935 5493 2205 5559 incidere
2251 5518 2371 5559 non
2420 5497 2711 5584 possint).

2795 864 3216 946 ἀναμάρτητος,
3267 889 3302 930 e
3355 864 3538 929 titulo
3589 863 3913 952 sepulcrali
3965 880 4234 943 erutam,
4286 888 4490 953 nuper

2796 968 2987 1031 Novo
3016 970 3424 1032 Testamento
3465 966 3835 1054 explicando
3877 967 4166 1032 adhibuit
4207 966 4303 1031 vir
4341 969 4485 1033 doc-

2795 1069 3068 1135 tissimus
3098 1072 3284 1135 Frid.
3318 1073 3602 1136 Milnter.
3634 1070 3697 1133 in
3733 1070 4047 1156 Symbolis
4075 1069 4159 1136 ad
4188 1069 4491 1159 interpre-

2795 1173 3087 1238 tationem
3131 1173 3460 1261 Evangelii
3499 1172 3811 1237 Johannis
3853 1196 3931 1238 ex
3973 1174 4390 1239 marmoribus
4430 1190 4494 1239 et

2793 1276 3020 1341 numis.
3070 1276 3342 1342 Havniae
3378 1278 3561 1357 1824.
3598 1278 3793 1341 VIII.
3828 1295 3890 1360 7.

2879 1418 2967 1430 —
2996 1398 3089 1444 12.
3136 1379 3202 1443 τὸ
3244 1378 3318 1444 ὂν
3353 1386 3605 1461 πρῶτον,
3656 1379 3782 1443 εἶτα
3824 1384 3984 1454 νοῦν,
4029 1379 4157 1445 εἶτα
4198 1380 4266 1443 τὸ
4309 1381 4487 1469 ζῶον]

2801 1482 3062 1547 Proclus
3089 1482 3151 1546 in
3185 1482 3432 1547 Platon.
3465 1481 3781 1547 Timaeum
3814 1506 3879 1570 p.
3912 1502 4068 1568 130:
4102 1483 4171 1547 τὸ
4203 1484 4493 1559 αὐτοζῶον

2799 1591 3109 1653 Πλωτῖνος
3143 1588 3256 1665 μὲν
3296 1591 3473 1669 διχῶς
3510 1587 3867 1660 ὑποτίθεται,
3898 1588 4046 1650 ποτὲ
4085 1588 4198 1666 μὲν
4234 1590 4340 1650 τοῦ
4386 1589 4492 1650 νοῦ

2798 1694 3080 1769 κρεῖττον,
3112 1690 3192 1756 ὡς
3221 1690 3290 1752 ἐν
3317 1695 3444 1756 ταῖς
3472 1693 3782 1771 διαφοραῖς
3810 1688 4172 1771 ἑπισκέψεσι
4195 1688 4294 1764 (h.
4314 1713 4371 1753 e.
4391 1712 4493 1753 su-

2797 1813 2912 1876 pra
2941 1792 3083 1855 111.
3109 1813 3169 1875 9.
3201 1810 3254 1856 1.
3286 1793 3523 1878 p.356.
3547 1794 3683 1874 B.)‚
3714 1793 3858 1855 ποτὲ
3898 1793 3964 1855 δὲ
4009 1791 4489 1874 καταδεέστερον,

2799 1895 2876 1961 ὡς
2921 1896 2990 1957 ἑν
3028 1898 3107 1980 τῷ
3149 1894 3284 1975 περὶ
3328 1897 3606 1977 ἀριθμῶν,
3640 1896 3864 1959 ὁπόταν
3892 1894 4044 1977 λέγῃ
4082 1901 4314 1976 πρῶτον
4342 1894 4493 1960 εἶναι

2798 1997 2865 2061 τὸ
2892 1995 2983 2071 δν,
3018 1997 3145 2062 εἶτα
3175 2001 3335 2071 νοῦν,
3368 1997 3496 2061 εἶτα
3523 1998 3593 2061 τὸ
3621 1998 3931 2073 αὐτοζῶον.
4002 1999 4191 2061 Hanc
4219 1996 4493 2084 appella-

2800 2099 3028 2165 tionem
3060 2101 3122 2164 in
3153 2101 3289 2164 loco
3317 2099 3396 2164 de
3429 2099 3723 2164 Numeris
3759 2112 3822 2163 et
3859 2098 4014 2163 ideis
4045 2099 4179 2186 jam
4220 2122 4489 2187 usurpa-

2801 2219 2972 2268 verat
3020 2202 3225 2268 Plato.
3325 2202 3617 2267 Brandis.
3670 2204 3732 2265 in
3788 2201 4060 2267 Diatrib.
4105 2200 4187 2267 de
4235 2202 4495 2289 perditis

2801 2306 3068 2370 Aristot.
3097 2305 3272 2369 libris
3300 2306 3379 2369 de
3411 2305 3581 2369 Ideis
3608 2320 3672 2370 et
3700 2304 3781 2369 de
3810 2306 3991 2369 Bono
4019 2328 4085 2392 p.
4108 2307 4228 2390 56:
4263 2313 4308 2345 ‘⁶
4329 2305 4491 2370 Cum

2797 2424 3034 2486 autem,
3058 2408 3167 2487 ait,
3190 2409 3393 2496 prima
3421 2407 3527 2472 illa
3558 2418 3753 2473 tetras
3774 2407 3837 2471 in
3871 2431 3935 2471 se
3958 2408 4301 2473 contineret
4323 2432 4495 2496 quae-

2797 2535 3048 2599 cunque
3090 2526 3153 2576 et
3198 2526 3403 2576 mente
3445 2526 3510 2575 et
3552 2510 3836 2576 sensibus
3879 2509 4354 2598 attingerentur,
4394 2536 4490 2576 re-

2797 2638 3065 2703 rumque
3107 2614 3522 2679 universitatis
3551 2612 3744 2679 veluti
3790 2630 4130 2701 protypum
4171 2630 4354 2694 esset,
4387 2617 4490 2680 αὐ-

2796 2725 3013 2794 τοζῶον
3040 2740 3175 2782 eam
3206 2717 3369 2782 dixit
3398 2717 3597 2794 Plato,
3628 2716 3694 2801 id
3734 2716 3906 2804 quod
3951 2716 4100 2804 ipsis
4137 2717 4493 2782 Aristotelis

2796 2822 3200 2885 confirmatur
3246 2819 3509 2884 verbis.”
3606 2821 3781 2883 Tum
3833 2818 4049 2885 laudat
4096 2819 4363 2886 Aristot.
4413 2821 4494 2886 de

2799 2926 3038 2989 Anima
3062 2926 3114 2989 I.
3144 2944 3215 2990 2:
3251 2925 3464 3005 ὁμοίως
3493 2925 3558 2988 δὲ
3589 2924 3683 2988 καὶ
3713 2926 3781 2987 ἑν
3808 2929 3931 2990 τοῖς
3958 2924 4093 3005 περὶ
4123 2928 4493 3007 φιλοσοφίας

2797 3027 3148 3108 λεγομένοις
3191 3030 3488 3110 διωρίσθη,
3522 3024 3662 3090 αὐτὸ
3702 3027 3815 3105 μὲν
3854 3024 3922 3090 τὸ
3964 3033 4112 3103 ζῶον
4146 3030 4212 3091 ἐκ
4250 3033 4350 3108 τῆς
4392 3035 4497 3092 τοῦ

2799 3128 2929 3197 ἑνὸς
2958 3131 3115 3199 ἰδέας
3157 3131 3251 3194 καὶ
3290 3135 3397 3194 τοῦ
3439 3132 3670 3212 πρώτου
3695 3128 3913 3209 μήκους
3958 3129 4052 3193 καὶ
4093 3129 4357 3198 πλάτους
4400 3131 4495 3195 καὶ

2795 3232 3036 3313 βάθους.
3082 3233 3162 3297 cf.
3192 3231 3452 3314 eandem
3485 3231 3835 3305 Diatribam
3867 3256 3933 3321 p.
3957 3250 4065 3318 57.

2882 3359 2946 3423 p.
2983 3355 3168 3421 1243,
3197 3353 3262 3420 5.
3310 3339 3363 3400 εἰ
3405 3339 3521 3419 γὰρ
3567 3335 3661 3417 ἐφ’
3696 3339 3906 3400 ἑαυτοῦ
3933 3337 4076 3400 ἄνευ
4103 3340 4221 3399 τῶν
4250 3338 4489 3418 ἀριθμη-

2795 3443 2913 3501 τῶν
2942 3441 3178 3504 δύναιτο
3210 3438 3386 3524 εἶναι]
3429 3441 3658 3503 Sextus
3689 3438 3938 3527 Empir.
3961 3436 4318 3526 Pyrrhonn.
4343 3440 4490 3528 Hy-

2796 3556 3063 3628 potypp.
3098 3542 3239 3605 III.
3276 3542 3377 3605 18.
3418 3544 3554 3628 156.
3584 3564 3651 3627 p.
3685 3543 3827 3626 165.
3875 3541 4121 3607 Fabric.
4154 3540 4235 3606 de
4266 3542 4495 3630 Pytha.-

2795 3643 3035 3729 goreis:
3084 3645 3266 3708 ταῦτά
3296 3671 3361 3709 τε
3392 3645 3500 3708 οὖν
3528 3646 4002 3727 ὀνειροπολοῦσι,
4037 3646 4132 3709 καὶ
4161 3647 4251 3709 ὅτι
4290 3647 4495 3728 ἕτερόν

2797 3770 2854 3809 τι
2883 3747 3048 3811 ἐστὶν
3069 3750 3101 3810 ὁ
3131 3746 3375 3829 ἀριθμὸς
3401 3751 3564 3830 παρὰ
3583 3751 3658 3812 τὸ.
3679 3750 3967 3831 ἀριθμητά
3999 3748 4495 3826 κατασκευάζουσι

2801 3877 2854 3913 κ.
2875 3876 2925 3913 τ.
2949 3858 3008 3912 λ.
3101 3852 3262 3914 Mox
3292 3850 3372 3915 ad
3404 3850 3596 3915 verba
3625 3849 3858 3915 Plotini
3889 3850 4082 3939 hujus
4108 3853 4355 3940 paginae
4383 3876 4491 3917 ex-

2799 3966 3028 4017 trema:
3075 3954 3170 4017 καὶ
3198 3953 3405 4018 δοτέον
3433 3953 3680 4036 ἀριθμὸν
3711 3957 3773 4033 ἐξ
3803 3956 3973 4021 ὄντος
4000 3956 4277 4038 γίνεσθαι
4305 3957 4496 4043 respi-

2797 4078 2935 4119 cere
2961 4055 3211 4120 videtur
3240 4056 3501 4121 Procius
3528 4057 3592 4147 in
3626 4056 3907 4121 Platonis
3931 4058 4243 4145 Theolog.
4276 4082 4330 4123 c.
4362 4060 4495 4124 XI.

2798 4181 2864 4245 p.
2899 4176 3014 4242 27:
3064 4165 3375 4227 Πλωτῖνος
3411 4162 3524 4239 μὲν
3561 4163 3677 4243 γὰρ
3719 4163 3786 4224 ἐν
3824 4164 3904 4246 τῷ
3941 4162 4077 4243 περὶ
4110 4163 4370 4243 ἀριθμῶν
4395 4170 4494 4242 βι-

2796 4262 2954 4346 βλίῳ
2978 4262 3247 4342 ζητήσας,
3268 4264 3521 4343 πότερον
3539 4267 3614 4326 τᾶ
3635 4263 3781 4327 ὄντα
3801 4260 3917 4344 πρὸ
3936 4269 4054 4327 τῶν
4076 4265 4333 4345 ἀριθμῶν
4353 4267 4498 4347 ὑφέ-

2800 4389 3035 4444 στηκεν,
3071 4363 3109 4444 ἢ
3137 4362 3250 4447 πρὸ
3276 4370 3395 4430 τῶν
3425 4367 3616 4429 ὄντων
3645 4368 3704 4430 οἱ
3747 4367 4000 4447 ἀριθμοὶ,
4046 4365 4219 4448 λέγει
4262 4368 4492 4451 διαῤῥή-

2799 4471 2924 4546 δην,
2957 4470 3048 4530 ὅτι
3091 4467 3158 4531 τὸ
3202 4469 3535 4549 πρώτιστον
3566 4466 3637 4531 ὃν
3665 4467 3780 4550 πρὸ
3812 4474 3929 4532 τῶν
3958 4470 4218 4551 ἀριθμῶν
4243 4471 4493 4551 ὑπέστη,

2803 4571 2897 4633 καὶ
2941 4571 3018 4637 ὧς
3059 4574 3245 4654 γεννᾷ
3289 4568 3394 4634 τὸν
3425 4576 3586 4635 θεῖον
3617 4572 3884 4652 ἀριθμόν.
3978 4571 4165 4636 Conf.
4200 4573 4496 4638 Proclum

2800 4671 3015 4736 eodem
3047 4671 3111 4735 in
3142 4696 3330 4760 opere
3361 4675 3475 4737 lv.
3509 4691 3614 4759 32.
3650 4697 3716 4761 p.
3748 4692 3891 4759 231.

2888 4813 2972 4825 —
3012 4794 3109 4861 15.
3161 4777 3255 4841 καὶ
3281 4777 3362 4857 μὴ
3393 4781 3539 4841 κατὰ
3569 4775 3636 4841 τὸ
3667 4774 3952 4862 ἐπελθὸν]
3992 4777 4185 4842 Ratio
4212 4795 4493 4866 apparet,

2800 4902 2915 4943 cur
2943 4878 3232 4944 Plotinus
3273 4880 3569 4967 adjecerit
3613 4883 3762 4944 κατὰ
3802 4879 4094 4944 formuloe
4122 4877 4192 4945 τὸ
4221 4882 4492 4956 ἐπελθὸν,

2801 4982 2950 5046 alias
2991 4984 3333 5071 praesertim
3373 4983 3454 5047 de
3498 5006 3779 5047 sermone
3825 4984 4109 5070 usurpari
4139 4983 4353 5061 solitae,
4385 4985 4495 5049 ubi

2802 5086 3111 5173 quidquid
3145 5086 3207 5150 in
3239 5086 3437 5150 solum
3470 5087 3660 5163 venit,
3692 5086 4087 5173 proferimus
4133 5088 4236 5150 De
4263 5110 4333 5150 ea
4364 5087 4490 5153 vid.

2805 5188 2953 5253 Tib.
2989 5189 3507 5254 Hemsterhusius
3549 5189 3631 5253 ad
3678 5188 3991 5254 Luciann.
4033 5188 4227 5254 Diall.
4271 5191 4498 5255 Deorr.

2804 5293 2973 5355 XX.
3003 5314 3065 5374 4.
3097 5316 3162 5379 p.
3197 5313 3338 5379 255.
3392 5293 3501 5356 ubi
3548 5291 3807 5356 additur
3854 5294 4073 5359 ἄλλως.
4166 5294 4287 5356 Est
4333 5294 4497 5360 enim

2802 5397 3004 5463 ἄλλως
3035 5396 3289 5460 ἐπελθὸν
3312 5396 3417 5459 οὐκ
3447 5397 3779 5476 ἐξεπίτηδες
3806 5396 3981 5477 ἤρετό
4006 5421 4101 5475 με,
4129 5393 4301 5459 nullo
4329 5414 4502 5462 certo

2803 5497 3058 5563 consilio
3109 5521 3313 5585 neque
3362 5498 3442 5562 de
3499 5497 3831 5562 industria.
3930 5498 4036 5562 Cf.
4089 5497 4358 5563 eundem
4416 5502 4498 5565 ad
