<?xml version="1.0" encoding="UTF-8"?>
<!DOCTYPE html PUBLIC "-//W3C//DTD XHTML 1.0 Transitional//EN"
    "http://www.w3.org/TR/xhtml1/DTD/xhtml1-transitional.dtd">
<html xmlns="http://www.w3.org/1999/xhtml" xml:lang="en" lang="en">
 <head>
  <title>
</title>
<meta http-equiv="Content-Type" content="text/html;charset=utf-8" />
  <meta name='ocr-system' content='tesseract 3.04.00' />
  <meta name='ocr-capabilities' content='ocr_page ocr_carea ocr_par ocr_line ocrx_word'/>
</head>
<body>
  <div class='ocr_page' id='page_1' title='image "./plotinioperaomn00chumgoog_0105.png"; bbox 0 0 5118 6613; ppageno 0'>
   <div class='ocr_carea' id='block_1_1' title="bbox 1287 527 3263 616">
    <p class='ocr_par' dir='ltr' id='par_1_1' title="bbox 1287 527 3263 616">
     <span class='ocr_line' id='line_1_1' title="bbox 1287 527 3263 616; baseline -0.001 -23"><span class='ocrx_word' id='word_1_1' title='bbox 1287 527 1487 594; x_wconf 75' lang='lat' dir='ltr'><strong>Lm.</strong></span> <span class='ocrx_word' id='word_1_2' title='bbox 1517 527 1677 593; x_wconf 89' lang='lat'><strong>111.</strong></span> <span class='ocrx_word' id='word_1_3' title='bbox 1722 528 2177 595; x_wconf 84' lang='lat' dir='ltr'><strong>ENNEAD.</strong></span> <span class='ocrx_word' id='word_1_4' title='bbox 2227 529 2763 596; x_wconf 83' lang='lat' dir='ltr'><strong>SECUNDAE.</strong></span> <span class='ocrx_word' id='word_1_5' title='bbox 2806 550 2875 616; x_wconf 83' lang='lat' dir='ltr'><strong>p.</strong></span> <span class='ocrx_word' id='word_1_6' title='bbox 2909 528 3263 615; x_wconf 80' lang='lat'><strong>246-250.</strong></span> 
     </span>
    </p>
   </div>
   <div class='ocr_carea' id='block_1_2' title="bbox 3901 550 3984 617">
    <p class='ocr_par' dir='ltr' id='par_1_2' title="bbox 3901 550 3984 617">
     <span class='ocr_line' id='line_1_2' title="bbox 3901 550 3984 617; baseline 0.012 -1"><span class='ocrx_word' id='word_1_7' title='bbox 3901 550 3984 617; x_wconf 91' lang='lat'><strong>99</strong></span> 
     </span>
    </p>
   </div>
   <div class='ocr_carea' id='block_1_3' title="bbox 550 699 4047 1197">
    <p class='ocr_par' dir='ltr' id='par_1_3' title="bbox 550 699 4047 1197">
     <span class='ocr_line' id='line_1_3' title="bbox 552 699 3986 788; baseline 0 -20"><span class='ocrx_word' id='word_1_8' title='bbox 552 702 651 768; x_wconf 69' lang='grc' dir='ltr'><strong>ἐπὶ</strong></span> <span class='ocrx_word' id='word_1_9' title='bbox 704 706 831 770; x_wconf 89' lang='grc' dir='ltr'>ταῖς</span> <span class='ocrx_word' id='word_1_10' title='bbox 885 702 1213 783; x_wconf 74' lang='grc' dir='ltr'>ἀναφοραῖς</span> <span class='ocrx_word' id='word_1_11' title='bbox 1268 701 1364 766; x_wconf 81' lang='grc' dir='ltr'>καὶ</span> <span class='ocrx_word' id='word_1_12' title='bbox 1411 706 1534 769; x_wconf 90' lang='grc' dir='ltr'>τοῖς</span> <span class='ocrx_word' id='word_1_13' title='bbox 1589 703 1952 782; x_wconf 82' lang='grc' dir='ltr'>ἆποκλίμασι</span> <span class='ocrx_word' id='word_1_14' title='bbox 1997 729 2050 766; x_wconf 86' lang='grc' dir='ltr'><strong>κ.</strong></span> <span class='ocrx_word' id='word_1_15' title='bbox 2078 727 2132 767; x_wconf 89' lang='grc' dir='ltr'><strong>τ.</strong></span> <span class='ocrx_word' id='word_1_16' title='bbox 2163 708 2227 766; x_wconf 93' lang='grc' dir='ltr'><strong>λ.</strong></span> <span class='ocrx_word' id='word_1_17' title='bbox 2312 723 2456 765; x_wconf 90' lang='lat' dir='ltr'><strong>cum</strong></span> <span class='ocrx_word' id='word_1_18' title='bbox 2499 700 2752 766; x_wconf 90' lang='lat' dir='ltr'><strong>vidisset</strong></span> <span class='ocrx_word' id='word_1_19' title='bbox 2793 724 2866 765; x_wconf 91' lang='lat' dir='ltr'><strong>ea</strong></span> <span class='ocrx_word' id='word_1_20' title='bbox 2909 700 3116 788; x_wconf 84' lang='lat' dir='ltr'><strong>potius</strong></span> <span class='ocrx_word' id='word_1_21' title='bbox 3156 722 3299 765; x_wconf 90' lang='lat' dir='ltr'><strong>cum</strong></span> <span class='ocrx_word' id='word_1_22' title='bbox 3335 699 3536 765; x_wconf 88' lang='lat' dir='ltr'><strong>verbis</strong></span> <span class='ocrx_word' id='word_1_23' title='bbox 3574 701 3819 770; x_wconf 76' lang='grc' dir='ltr'>λύοντός</span> <span class='ocrx_word' id='word_1_24' title='bbox 3857 703 3986 768; x_wconf 75' lang='grc' dir='ltr'>ἐστι</span> 
     </span>
     <span class='ocr_line' id='line_1_4' title="bbox 552 801 4047 891; baseline -0.001 -21"><span class='ocrx_word' id='word_1_25' title='bbox 552 811 599 846; x_wconf 85' lang='grc'><strong>“</strong></span> <span class='ocrx_word' id='word_1_26' title='bbox 621 806 893 870; x_wconf 89' lang='lat' dir='ltr'><strong>Censent</strong></span> <span class='ocrx_word' id='word_1_27' title='bbox 933 801 1098 869; x_wconf 91' lang='lat' dir='ltr'><strong>enim</strong></span> <span class='ocrx_word' id='word_1_28' title='bbox 1142 801 1345 868; x_wconf 89' lang='lat' dir='ltr'><strong>stellas</strong></span> <span class='ocrx_word' id='word_1_29' title='bbox 1385 825 1510 868; x_wconf 91' lang='lat' dir='ltr'><strong>non</strong></span> <span class='ocrx_word' id='word_1_30' title='bbox 1553 802 1812 869; x_wconf 88' lang='lat' dir='ltr'><strong>eandem</strong></span> <span class='ocrx_word' id='word_1_31' title='bbox 1837 802 1964 868; x_wconf 91' lang='lat' dir='ltr'><strong>vim</strong></span> <span class='ocrx_word' id='word_1_32' title='bbox 2002 801 2230 869; x_wconf 88' lang='lat' dir='ltr'><strong>habere</strong></span> <span class='ocrx_word' id='word_1_33' title='bbox 2303 802 2650 891; x_wconf 81' lang='lat' dir='ltr'><strong>jungenda,</strong></span> <span class='ocrx_word' id='word_1_34' title='bbox 2688 801 2864 868; x_wconf 88' lang='lat' dir='ltr'><strong>aliter</strong></span> <span class='ocrx_word' id='word_1_35' title='bbox 2893 802 3165 882; x_wconf 88' lang='lat' dir='ltr'><strong>vertisse,</strong></span> <span class='ocrx_word' id='word_1_36' title='bbox 3200 816 3265 868; x_wconf 92' lang='lat' dir='ltr'><strong>et</strong></span> <span class='ocrx_word' id='word_1_37' title='bbox 3304 816 3471 868; x_wconf 90' lang='lat' dir='ltr'><strong>recte</strong></span> <span class='ocrx_word' id='word_1_38' title='bbox 3511 802 3799 890; x_wconf 87' lang='lat' dir='ltr'><strong>quidem:</strong></span> <span class='ocrx_word' id='word_1_39' title='bbox 3848 811 3891 844; x_wconf 85' lang='lat'><strong>“</strong></span> <span class='ocrx_word' id='word_1_40' title='bbox 3913 806 3987 868; x_wconf 72' lang='lat' dir='ltr'><strong>in</strong></span> <span class='ocrx_word' id='word_1_41' title='bbox 4044 852 4047 856; x_wconf 65' lang='lat'><strong>.</strong></span> 
     </span>
     <span class='ocr_line' id='line_1_5' title="bbox 550 904 3988 995; baseline -0 -23"><span class='ocrx_word' id='word_1_42' title='bbox 550 905 631 972; x_wconf 86' lang='lat' dir='ltr'><strong>ad</strong></span> <span class='ocrx_word' id='word_1_43' title='bbox 662 904 821 971; x_wconf 91' lang='lat' dir='ltr'><strong>male</strong></span> <span class='ocrx_word' id='word_1_44' title='bbox 846 905 947 971; x_wconf 87' lang='lat' dir='ltr'><strong>vel</strong></span> <span class='ocrx_word' id='word_1_45' title='bbox 974 928 1150 971; x_wconf 88' lang='lat' dir='ltr'><strong>secus</strong></span> <span class='ocrx_word' id='word_1_46' title='bbox 1176 904 1551 984; x_wconf 85' lang='lat' dir='ltr'><strong>faciendum,</strong></span> <span class='ocrx_word' id='word_1_47' title='bbox 1580 906 1632 971; x_wconf 90' lang='lat' dir='ltr'><strong>si</strong></span> <span class='ocrx_word' id='word_1_48' title='bbox 1673 906 2138 971; x_wconf 75' lang='lat' dir='ltr'><strong>considerentur</strong></span> <span class='ocrx_word' id='word_1_49' title='bbox 2162 907 2227 970; x_wconf 92' lang='lat' dir='ltr'><strong>in</strong></span> <span class='ocrx_word' id='word_1_50' title='bbox 2312 929 2432 995; x_wconf 79' lang='lat' dir='ltr'><strong>quo</strong></span> <span class='ocrx_word' id='word_1_51' title='bbox 2452 908 2590 995; x_wconf 75' lang='lat' dir='ltr'><strong>ipse</strong></span> <span class='ocrx_word' id='word_1_52' title='bbox 2607 907 3148 970; x_wconf 55' lang='lat' dir='ltr'><strong>connumeratur?</strong></span> <span class='ocrx_word' id='word_1_53' title='bbox 3191 908 3587 994; x_wconf 84' lang='lat' dir='ltr'><strong>Quapropter</strong></span> <span class='ocrx_word' id='word_1_54' title='bbox 3605 917 3668 970; x_wconf 92' lang='lat' dir='ltr'><strong>et</strong></span> <span class='ocrx_word' id='word_1_55' title='bbox 3683 904 3988 993; x_wconf 84' lang='lat' dir='ltr'><strong>virgulam</strong></span> 
     </span>
     <span class='ocr_line' id='line_1_6' title="bbox 551 1005 3993 1097; baseline 0.001 -24"><span class='ocrx_word' id='word_1_56' title='bbox 551 1006 909 1073; x_wconf 70' lang='lat' dir='ltr'><strong>cardinibus</strong></span> <span class='ocrx_word' id='word_1_57' title='bbox 948 1021 1012 1073; x_wconf 89' lang='lat' dir='ltr'><strong>et</strong></span> <span class='ocrx_word' id='word_1_58' title='bbox 1053 1007 1120 1071; x_wconf 91' lang='lat' dir='ltr'><strong>in</strong></span> <span class='ocrx_word' id='word_1_59' title='bbox 1164 1006 1647 1072; x_wconf 72' lang='lat' dir='ltr'><strong>successionibus</strong></span> <span class='ocrx_word' id='word_1_60' title='bbox 1683 1019 1745 1073; x_wconf 91' lang='lat' dir='ltr'><strong>et</strong></span> <span class='ocrx_word' id='word_1_61' title='bbox 1781 1006 1845 1071; x_wconf 91' lang='lat' dir='ltr'><strong>in</strong></span> <span class='ocrx_word' id='word_1_62' title='bbox 1881 1005 2232 1072; x_wconf 86' lang='lat' dir='ltr'><strong>declinatio·</strong></span> <span class='ocrx_word' id='word_1_63' title='bbox 2313 1008 2605 1096; x_wconf 88' lang='lat' dir='ltr'><strong>ejecimus</strong></span> <span class='ocrx_word' id='word_1_64' title='bbox 2647 1022 2791 1073; x_wconf 88' lang='lat' dir='ltr'><strong>ante</strong></span> <span class='ocrx_word' id='word_1_65' title='bbox 2838 1010 3105 1083; x_wconf 85' lang='grc' dir='ltr'>λύοντος,</span> <span class='ocrx_word' id='word_1_66' title='bbox 3156 1022 3220 1073; x_wconf 92' lang='lat' dir='ltr'><strong>et</strong></span> <span class='ocrx_word' id='word_1_67' title='bbox 3266 1007 3374 1074; x_wconf 86' lang='lat' dir='ltr'><strong>illa</strong></span> <span class='ocrx_word' id='word_1_68' title='bbox 3419 1007 3630 1097; x_wconf 89' lang='lat' dir='ltr'><strong>priora</strong></span> <span class='ocrx_word' id='word_1_69' title='bbox 3673 1006 3993 1076; x_wconf 80' lang='lat' dir='ltr'><strong>Ficiniana</strong></span> 
     </span>
     <span class='ocr_line' id='line_1_7' title="bbox 552 1107 2957 1197; baseline 0 -22"><span class='ocrx_word' id='word_1_70' title='bbox 552 1110 809 1175; x_wconf 83' lang='lat' dir='ltr'><strong>nibus:”</strong></span> <span class='ocrx_word' id='word_1_71' title='bbox 851 1107 963 1174; x_wconf 87' lang='lat' dir='ltr'><strong>ubi</strong></span> <span class='ocrx_word' id='word_1_72' title='bbox 994 1108 1317 1174; x_wconf 83' lang='lat' dir='ltr'><strong>Fabricius</strong></span> <span class='ocrx_word' id='word_1_73' title='bbox 1358 1124 1522 1174; x_wconf 90' lang='lat' dir='ltr'><strong>recte</strong></span> <span class='ocrx_word' id='word_1_74' title='bbox 1550 1107 1864 1197; x_wconf 80' lang='lat' dir='ltr'><strong>vulgatam</strong></span> <span class='ocrx_word' id='word_1_75' title='bbox 1900 1109 2098 1175; x_wconf 89' lang='lat' dir='ltr'><strong>tuitus</strong></span> <span class='ocrx_word' id='word_1_76' title='bbox 2139 1122 2233 1175; x_wconf 91' lang='lat' dir='ltr'><strong>est</strong></span> <span class='ocrx_word' id='word_1_77' title='bbox 2316 1110 2553 1176; x_wconf 89' lang='lat' dir='ltr'><strong>uncinis</strong></span> <span class='ocrx_word' id='word_1_78' title='bbox 2580 1110 2957 1176; x_wconf 87' lang='lat' dir='ltr'><strong>inclusimus.</strong></span> 
     </span>
    </p>
   </div>
   <div class='ocr_carea' id='block_1_4' title="bbox 551 1210 2269 5612">
    <p class='ocr_par' dir='ltr' id='par_1_4' title="bbox 551 1210 2266 4892">
     <span class='ocr_line' id='line_1_8' title="bbox 551 1210 2231 1297; baseline -0.001 -20"><span class='ocrx_word' id='word_1_79' title='bbox 551 1211 851 1278; x_wconf 84' lang='lat' dir='ltr'><strong>adversus</strong></span> <span class='ocrx_word' id='word_1_80' title='bbox 893 1210 1283 1288; x_wconf 88' lang='lat' dir='ltr'><strong>Salmasium‚</strong></span> <span class='ocrx_word' id='word_1_81' title='bbox 1313 1210 1424 1297; x_wconf 90' lang='lat' dir='ltr'><strong>qui</strong></span> <span class='ocrx_word' id='word_1_82' title='bbox 1465 1213 1864 1294; x_wconf 81' lang='grc' dir='ltr'>ἑπαναφοραῖς</span> <span class='ocrx_word' id='word_1_83' title='bbox 1891 1211 2089 1276; x_wconf 89' lang='lat' dir='ltr'><strong>textui</strong></span> <span class='ocrx_word' id='word_1_84' title='bbox 2130 1211 2231 1275; x_wconf 92' lang='lat' dir='ltr'><strong>in-</strong></span> 
     </span>
     <span class='ocr_line' id='line_1_9' title="bbox 556 1313 2231 1401; baseline 0.001 -22"><span class='ocrx_word' id='word_1_85' title='bbox 556 1313 806 1392; x_wconf 90' lang='lat' dir='ltr'><strong>tulerat,</strong></span> <span class='ocrx_word' id='word_1_86' title='bbox 848 1313 1110 1379; x_wconf 87' lang='lat' dir='ltr'><strong>laudans</strong></span> <span class='ocrx_word' id='word_1_87' title='bbox 1156 1316 1417 1380; x_wconf 84' lang='lat' dir='ltr'><strong>Sextum</strong></span> <span class='ocrx_word' id='word_1_88' title='bbox 1462 1313 1538 1379; x_wconf 91' lang='lat' dir='ltr'><strong>V.</strong></span> <span class='ocrx_word' id='word_1_89' title='bbox 1589 1315 1651 1397; x_wconf 77' lang='lat'><strong>§.</strong></span> <span class='ocrx_word' id='word_1_90' title='bbox 1689 1333 1797 1398; x_wconf 83' lang='lat'><strong>52,</strong></span> <span class='ocrx_word' id='word_1_91' title='bbox 1836 1332 1944 1399; x_wconf 86' lang='grc'><strong>53.</strong></span> <span class='ocrx_word' id='word_1_92' title='bbox 1979 1331 2083 1401; x_wconf 89' lang='grc'><strong>73.</strong></span> <span class='ocrx_word' id='word_1_93' title='bbox 2112 1331 2231 1380; x_wconf 91' lang='lat' dir='ltr'><strong>etc.</strong></span> 
     </span>
     <span class='ocr_line' id='line_1_10' title="bbox 559 1414 2237 1503; baseline -0.001 -19"><span class='ocrx_word' id='word_1_94' title='bbox 559 1419 652 1484; x_wconf 91' lang='lat' dir='ltr'><strong>Et</strong></span> <span class='ocrx_word' id='word_1_95' title='bbox 679 1417 779 1481; x_wconf 84' lang='lat' dir='ltr'><strong>hic</strong></span> <span class='ocrx_word' id='word_1_96' title='bbox 822 1416 994 1482; x_wconf 90' lang='lat' dir='ltr'><strong>locus</strong></span> <span class='ocrx_word' id='word_1_97' title='bbox 1021 1416 1276 1497; x_wconf 89' lang='lat' dir='ltr'><strong>Plotini,</strong></span> <span class='ocrx_word' id='word_1_98' title='bbox 1302 1416 1365 1481; x_wconf 92' lang='lat' dir='ltr'><strong>in</strong></span> <span class='ocrx_word' id='word_1_99' title='bbox 1410 1439 1539 1503; x_wconf 92' lang='lat' dir='ltr'><strong>quo</strong></span> <span class='ocrx_word' id='word_1_100' title='bbox 1580 1414 1790 1481; x_wconf 90' lang='lat' dir='ltr'><strong>nullus</strong></span> <span class='ocrx_word' id='word_1_101' title='bbox 1831 1415 1987 1480; x_wconf 90' lang='lat' dir='ltr'><strong>liber</strong></span> <span class='ocrx_word' id='word_1_102' title='bbox 2019 1416 2237 1497; x_wconf 85' lang='lat' dir='ltr'><strong>variat,</strong></span> 
     </span>
     <span class='ocr_line' id='line_1_11' title="bbox 560 1518 2238 1607; baseline 0 -23"><span class='ocrx_word' id='word_1_103' title='bbox 560 1519 791 1607; x_wconf 63' lang='lat' dir='ltr'><strong>argunt,</strong></span> <span class='ocrx_word' id='word_1_104' title='bbox 822 1533 1159 1607; x_wconf 89' lang='lat' dir='ltr'><strong>utrumque</strong></span> <span class='ocrx_word' id='word_1_105' title='bbox 1187 1519 1268 1584; x_wconf 93' lang='lat' dir='ltr'><strong>de</strong></span> <span class='ocrx_word' id='word_1_106' title='bbox 1294 1518 1509 1583; x_wconf 88' lang='lat' dir='ltr'><strong>eadem</strong></span> <span class='ocrx_word' id='word_1_107' title='bbox 1544 1542 1613 1583; x_wconf 89' lang='lat' dir='ltr'><strong>re</strong></span> <span class='ocrx_word' id='word_1_108' title='bbox 1651 1541 1979 1607; x_wconf 83' lang='lat' dir='ltr'><strong>usurpasse</strong></span> <span class='ocrx_word' id='word_1_109' title='bbox 2003 1536 2238 1584; x_wconf 88' lang='lat' dir='ltr'><strong>veteres</strong></span> 
     </span>
     <span class='ocr_line' id='line_1_12' title="bbox 564 1621 2234 1710; baseline 0.001 -23"><span class='ocrx_word' id='word_1_110' title='bbox 564 1621 948 1710; x_wconf 87' lang='lat' dir='ltr'><strong>Astrologos.</strong></span> <span class='ocrx_word' id='word_1_111' title='bbox 1037 1621 1390 1710; x_wconf 80' lang='lat' dir='ltr'><strong>Stephanus</strong></span> <span class='ocrx_word' id='word_1_112' title='bbox 1418 1645 1497 1686; x_wconf 89' lang='lat' dir='ltr'><strong>ex</strong></span> <span class='ocrx_word' id='word_1_113' title='bbox 1525 1621 1768 1686; x_wconf 83' lang='lat' dir='ltr'><strong>Budoeo</strong></span> <span class='ocrx_word' id='word_1_114' title='bbox 1787 1644 1853 1709; x_wconf 91' lang='lat' dir='ltr'><strong>p.</strong></span> <span class='ocrx_word' id='word_1_115' title='bbox 1882 1637 2112 1687; x_wconf 91' lang='lat'><strong>10010.</strong></span> <span class='ocrx_word' id='word_1_116' title='bbox 2136 1622 2234 1688; x_wconf 89' lang='lat' dir='ltr'><strong>ed.</strong></span> 
     </span>
     <span class='ocr_line' id='line_1_13' title="bbox 563 1723 2237 1813; baseline -0.002 -23"><span class='ocrx_word' id='word_1_117' title='bbox 563 1725 747 1813; x_wconf 87' lang='lat' dir='ltr'><strong>Valp.</strong></span> <span class='ocrx_word' id='word_1_118' title='bbox 783 1724 914 1807; x_wconf 92' lang='lat' dir='ltr'><strong>(cui</strong></span> <span class='ocrx_word' id='word_1_119' title='bbox 941 1724 1213 1790; x_wconf 87' lang='lat' dir='ltr'><strong>addendi</strong></span> <span class='ocrx_word' id='word_1_120' title='bbox 1246 1739 1393 1789; x_wconf 89' lang='lat' dir='ltr'><strong>sunt</strong></span> <span class='ocrx_word' id='word_1_121' title='bbox 1429 1724 1498 1789; x_wconf 90' lang='lat' dir='ltr'><strong>hi</strong></span> <span class='ocrx_word' id='word_1_122' title='bbox 1525 1723 1643 1789; x_wconf 92' lang='lat' dir='ltr'><strong>loci</strong></span> <span class='ocrx_word' id='word_1_123' title='bbox 1682 1723 1853 1790; x_wconf 86' lang='lat' dir='ltr'><strong>Sexti</strong></span> <span class='ocrx_word' id='word_1_124' title='bbox 1883 1739 1946 1789; x_wconf 92' lang='lat' dir='ltr'><strong>et</strong></span> <span class='ocrx_word' id='word_1_125' title='bbox 1976 1724 2237 1811; x_wconf 90' lang='lat' dir='ltr'><strong>Plotini)</strong></span> 
     </span>
     <span class='ocr_line' id='line_1_14' title="bbox 560 1825 2240 1916; baseline -0.001 -23"><span class='ocrx_word' id='word_1_126' title='bbox 560 1828 651 1893; x_wconf 90' lang='lat' dir='ltr'><strong>ita</strong></span> <span class='ocrx_word' id='word_1_127' title='bbox 690 1827 981 1916; x_wconf 84' lang='lat' dir='ltr'><strong>exponit:</strong></span> <span class='ocrx_word' id='word_1_128' title='bbox 1031 1829 1195 1892; x_wconf 85' lang='lat' dir='ltr'><strong>“Ea</strong></span> <span class='ocrx_word' id='word_1_129' title='bbox 1234 1850 1379 1915; x_wconf 88' lang='lat' dir='ltr'><strong>pars</strong></span> <span class='ocrx_word' id='word_1_130' title='bbox 1413 1825 1569 1907; x_wconf 69' lang='lat' dir='ltr'><strong>caeli,</strong></span> <span class='ocrx_word' id='word_1_131' title='bbox 1595 1849 1739 1913; x_wconf 81' lang='lat' dir='ltr'><strong>quae</strong></span> <span class='ocrx_word' id='word_1_132' title='bbox 1769 1827 2023 1915; x_wconf 85' lang='lat' dir='ltr'><strong>triginta</strong></span> <span class='ocrx_word' id='word_1_133' title='bbox 2047 1828 2240 1915; x_wconf 84' lang='lat' dir='ltr'><strong>parti-</strong></span> 
     </span>
     <span class='ocr_line' id='line_1_15' title="bbox 563 1929 2244 2018; baseline -0.001 -21"><span class='ocrx_word' id='word_1_134' title='bbox 563 1932 685 1997; x_wconf 89' lang='lat' dir='ltr'><strong>bus</strong></span> <span class='ocrx_word' id='word_1_135' title='bbox 726 1932 808 1996; x_wconf 86' lang='lat' dir='ltr'><strong>ab</strong></span> <span class='ocrx_word' id='word_1_136' title='bbox 850 1933 1222 2018; x_wconf 86' lang='lat' dir='ltr'><strong>Horoscopo</strong></span> <span class='ocrx_word' id='word_1_137' title='bbox 1259 1929 1468 2008; x_wconf 90' lang='lat' dir='ltr'><strong>distat,</strong></span> <span class='ocrx_word' id='word_1_138' title='bbox 1495 1929 1560 1993; x_wconf 90' lang='lat' dir='ltr'><strong>in</strong></span> <span class='ocrx_word' id='word_1_139' title='bbox 1605 1929 1875 1995; x_wconf 88' lang='lat' dir='ltr'><strong>secundo</strong></span> <span class='ocrx_word' id='word_1_140' title='bbox 1917 1930 2093 2018; x_wconf 89' lang='lat' dir='ltr'><strong>signo</strong></span> <span class='ocrx_word' id='word_1_141' title='bbox 2134 1953 2244 1995; x_wconf 84' lang='lat' dir='ltr'><strong>ex-</strong></span> 
     </span>
     <span class='ocr_line' id='line_1_16' title="bbox 565 2032 2242 2120; baseline -0.001 -21"><span class='ocrx_word' id='word_1_142' title='bbox 565 2033 755 2100; x_wconf 90' lang='lat' dir='ltr'><strong>istens</strong></span> <span class='ocrx_word' id='word_1_143' title='bbox 794 2034 876 2099; x_wconf 89' lang='lat' dir='ltr'><strong>ab</strong></span> <span class='ocrx_word' id='word_1_144' title='bbox 917 2056 1013 2113; x_wconf 85' lang='lat' dir='ltr'><strong>ec,</strong></span> <span class='ocrx_word' id='word_1_145' title='bbox 1043 2032 1107 2097; x_wconf 88' lang='lat' dir='ltr'><strong>in</strong></span> <span class='ocrx_word' id='word_1_146' title='bbox 1144 2056 1274 2120; x_wconf 88' lang='lat' dir='ltr'><strong>quo</strong></span> <span class='ocrx_word' id='word_1_147' title='bbox 1310 2032 1686 2119; x_wconf 62' lang='lat' dir='ltr'><strong>horompus</strong></span> <span class='ocrx_word' id='word_1_148' title='bbox 1722 2032 2068 2111; x_wconf 85' lang='lat' dir='ltr'><strong>inchoatur,</strong></span> <span class='ocrx_word' id='word_1_149' title='bbox 2099 2035 2242 2098; x_wconf 77' lang='grc' dir='ltr'>ἀνα-</span> 
     </span>
     <span class='ocr_line' id='line_1_17' title="bbox 568 2134 2247 2225; baseline -0.001 -23"><span class='ocrx_word' id='word_1_150' title='bbox 568 2141 729 2220; x_wconf 76' lang='grc' dir='ltr'>φορὰ</span> <span class='ocrx_word' id='word_1_151' title='bbox 774 2135 1145 2225; x_wconf 88' lang='lat' dir='ltr'><strong>appellatur,</strong></span> <span class='ocrx_word' id='word_1_152' title='bbox 1190 2148 1254 2201; x_wconf 92' lang='lat' dir='ltr'><strong>et</strong></span> <span class='ocrx_word' id='word_1_153' title='bbox 1295 2134 1606 2200; x_wconf 90' lang='lat' dir='ltr'><strong>interdum</strong></span> <span class='ocrx_word' id='word_1_154' title='bbox 1657 2136 2029 2219; x_wconf 78' lang='grc' dir='ltr'>ἑπαναφορά,</span> <span class='ocrx_word' id='word_1_155' title='bbox 2068 2136 2247 2224; x_wconf 86' lang='lat' dir='ltr'><strong>quasi</strong></span> 
     </span>
     <span class='ocr_line' id='line_1_18' title="bbox 566 2238 2249 2328; baseline -0.001 -24"><span class='ocrx_word' id='word_1_156' title='bbox 566 2262 711 2328; x_wconf 85' lang='lat' dir='ltr'><strong>pars</strong></span> <span class='ocrx_word' id='word_1_157' title='bbox 742 2239 1003 2326; x_wconf 85' lang='lat' dir='ltr'><strong>jamjam</strong></span> <span class='ocrx_word' id='word_1_158' title='bbox 1044 2238 1416 2304; x_wconf 83' lang='lat' dir='ltr'><strong>emersura.”</strong></span> <span class='ocrx_word' id='word_1_159' title='bbox 1501 2238 1733 2325; x_wconf 89' lang='lat' dir='ltr'><strong>Georg.</strong></span> <span class='ocrx_word' id='word_1_160' title='bbox 1764 2238 2143 2304; x_wconf 89' lang='lat' dir='ltr'><strong>Henischius</strong></span> <span class='ocrx_word' id='word_1_161' title='bbox 2183 2238 2249 2302; x_wconf 90' lang='lat' dir='ltr'><strong>in</strong></span> 
     </span>
     <span class='ocr_line' id='line_1_19' title="bbox 572 2340 2244 2430; baseline -0.002 -22"><span class='ocrx_word' id='word_1_162' title='bbox 572 2342 780 2408; x_wconf 89' lang='lat' dir='ltr'><strong>Procli</strong></span> <span class='ocrx_word' id='word_1_163' title='bbox 826 2341 1169 2430; x_wconf 86' lang='lat' dir='ltr'><strong>Sphaeram,</strong></span> <span class='ocrx_word' id='word_1_164' title='bbox 1210 2344 1495 2428; x_wconf 87' lang='lat' dir='ltr'><strong>August.</strong></span> <span class='ocrx_word' id='word_1_165' title='bbox 1534 2340 1720 2404; x_wconf 83' lang='lat' dir='ltr'><strong>vind.</strong></span> <span class='ocrx_word' id='word_1_166' title='bbox 1745 2343 1932 2425; x_wconf 91' lang='lat'>1619.</span> <span class='ocrx_word' id='word_1_167' title='bbox 1963 2364 2026 2429; x_wconf 92' lang='lat' dir='ltr'><strong>p.</strong></span> <span class='ocrx_word' id='word_1_168' title='bbox 2062 2360 2244 2409; x_wconf 83' lang='lat'><strong>201.:</strong></span> 
     </span>
     <span class='ocr_line' id='line_1_20' title="bbox 573 2443 2249 2526; baseline 0 -16"><span class='ocrx_word' id='word_1_169' title='bbox 573 2452 617 2485; x_wconf 89' lang='lat'><strong>“</strong></span> <span class='ocrx_word' id='word_1_170' title='bbox 639 2443 1005 2510; x_wconf 89' lang='lat' dir='ltr'><strong>Astronomi</strong></span> <span class='ocrx_word' id='word_1_171' title='bbox 1044 2466 1352 2522; x_wconf 77' lang='lat' dir='ltr'><strong>ascensuS‚</strong></span> <span class='ocrx_word' id='word_1_172' title='bbox 1400 2445 1620 2508; x_wconf 85' lang='lat' dir='ltr'><strong>Graece</strong></span> <span class='ocrx_word' id='word_1_173' title='bbox 1665 2445 1988 2526; x_wconf 73' lang='grc' dir='ltr'>ἀναφορὰς,</span> <span class='ocrx_word' id='word_1_174' title='bbox 2033 2459 2097 2509; x_wconf 92' lang='lat' dir='ltr'><strong>et</strong></span> <span class='ocrx_word' id='word_1_175' title='bbox 2138 2444 2249 2510; x_wconf 88' lang='lat' dir='ltr'><strong>de-</strong></span> 
     </span>
     <span class='ocr_line' id='line_1_21' title="bbox 573 2545 2250 2630; baseline 0 -18"><span class='ocrx_word' id='word_1_176' title='bbox 573 2569 840 2625; x_wconf 89' lang='lat' dir='ltr'><strong>scensus,</strong></span> <span class='ocrx_word' id='word_1_177' title='bbox 887 2548 1108 2611; x_wconf 84' lang='lat' dir='ltr'><strong>Graece</strong></span> <span class='ocrx_word' id='word_1_178' title='bbox 1154 2545 1543 2630; x_wconf 82' lang='grc' dir='ltr'>καταφοράς.”</span> <span class='ocrx_word' id='word_1_179' title='bbox 1633 2545 2005 2611; x_wconf 89' lang='lat' dir='ltr'><strong>Inscribitur</strong></span> <span class='ocrx_word' id='word_1_180' title='bbox 2043 2562 2250 2612; x_wconf 86' lang='lat' dir='ltr'><strong>autem</strong></span> 
     </span>
     <span class='ocr_line' id='line_1_22' title="bbox 574 2648 2252 2737; baseline 0.001 -23"><span class='ocrx_word' id='word_1_181' title='bbox 574 2663 763 2737; x_wconf 78' lang='lat' dir='ltr'><strong>caput</strong></span> <span class='ocrx_word' id='word_1_182' title='bbox 793 2648 981 2713; x_wconf 87' lang='lat' dir='ltr'><strong>Vettii</strong></span> <span class='ocrx_word' id='word_1_183' title='bbox 1012 2648 1289 2714; x_wconf 86' lang='lat' dir='ltr'><strong>Valentis</strong></span> <span class='ocrx_word' id='word_1_184' title='bbox 1314 2648 1720 2732; x_wconf 82' lang='grc' dir='ltr'>Ἀνθολογιῶν</span> <span class='ocrx_word' id='word_1_185' title='bbox 1740 2649 1831 2714; x_wconf 88' lang='lat' dir='ltr'><strong>ita</strong></span> <span class='ocrx_word' id='word_1_186' title='bbox 1859 2648 2063 2737; x_wconf 89' lang='lat' dir='ltr'><strong>plane,</strong></span> <span class='ocrx_word' id='word_1_187' title='bbox 2091 2665 2162 2714; x_wconf 92' lang='lat' dir='ltr'><strong>ut</strong></span> <span class='ocrx_word' id='word_1_188' title='bbox 2188 2650 2252 2715; x_wconf 89' lang='lat' dir='ltr'><strong>in</strong></span> 
     </span>
     <span class='ocr_line' id='line_1_23' title="bbox 574 2751 2256 2839; baseline 0 -21"><span class='ocrx_word' id='word_1_189' title='bbox 574 2752 826 2819; x_wconf 88' lang='lat' dir='ltr'><strong>Plotino</strong></span> <span class='ocrx_word' id='word_1_190' title='bbox 854 2751 1150 2839; x_wconf 87' lang='lat' dir='ltr'><strong>legimus:</strong></span> <span class='ocrx_word' id='word_1_191' title='bbox 1192 2753 1326 2834; x_wconf 86' lang='grc' dir='ltr'>περὶ</span> <span class='ocrx_word' id='word_1_192' title='bbox 1356 2754 1659 2834; x_wconf 76' lang='grc' dir='ltr'>ἀναφορᾶς</span> <span class='ocrx_word' id='word_1_193' title='bbox 1685 2757 1802 2817; x_wconf 80' lang='grc' dir='ltr'><strong>τῶν</strong></span> <span class='ocrx_word' id='word_1_194' title='bbox 1828 2755 2064 2828; x_wconf 73' lang='grc' dir='ltr'>ζωὸίων.</span> <span class='ocrx_word' id='word_1_195' title='bbox 2127 2752 2256 2818; x_wconf 88' lang='lat' dir='ltr'><strong>Ad-</strong></span> 
     </span>
     <span class='ocr_line' id='line_1_24' title="bbox 573 2853 2256 2942; baseline -0.002 -18"><span class='ocrx_word' id='word_1_196' title='bbox 573 2855 833 2924; x_wconf 79' lang='lat' dir='ltr'><strong>scribam</strong></span> <span class='ocrx_word' id='word_1_197' title='bbox 877 2853 1123 2919; x_wconf 86' lang='lat' dir='ltr'><strong>initium</strong></span> <span class='ocrx_word' id='word_1_198' title='bbox 1165 2878 1243 2919; x_wconf 88' lang='lat' dir='ltr'><strong>ex</strong></span> <span class='ocrx_word' id='word_1_199' title='bbox 1287 2854 1669 2942; x_wconf 88' lang='lat' dir='ltr'><strong>Apograpbo</strong></span> <span class='ocrx_word' id='word_1_200' title='bbox 1717 2854 2038 2935; x_wconf 88' lang='lat' dir='ltr'><strong>Gronovii,</strong></span> <span class='ocrx_word' id='word_1_201' title='bbox 2083 2855 2256 2942; x_wconf 90' lang='lat' dir='ltr'><strong>quod</strong></span> 
     </span>
     <span class='ocr_line' id='line_1_25' title="bbox 572 2956 2256 3044; baseline -0.001 -20"><span class='ocrx_word' id='word_1_202' title='bbox 572 2958 726 3024; x_wconf 87' lang='lat' dir='ltr'><strong>mihi</strong></span> <span class='ocrx_word' id='word_1_203' title='bbox 752 2957 922 3024; x_wconf 91' lang='lat' dir='ltr'><strong>dono</strong></span> <span class='ocrx_word' id='word_1_204' title='bbox 949 2957 1123 3022; x_wconf 87' lang='lat' dir='ltr'><strong>dedit</strong></span> <span class='ocrx_word' id='word_1_205' title='bbox 1154 2956 1680 3044; x_wconf 89' lang='lat' dir='ltr'><strong>Wyttenbachius</strong></span> <span class='ocrx_word' id='word_1_206' title='bbox 1707 2960 1740 3021; x_wconf 80' lang='grc' dir='ltr'>ὁ</span> <span class='ocrx_word' id='word_1_207' title='bbox 1768 2960 2100 3040; x_wconf 78' lang='grc' dir='ltr'>μακαρίτης.</span> <span class='ocrx_word' id='word_1_208' title='bbox 2156 2959 2256 3024; x_wconf 91' lang='lat' dir='ltr'><strong>Sic</strong></span> 
     </span>
     <span class='ocr_line' id='line_1_26' title="bbox 575 3060 2254 3148; baseline -0.002 -18"><span class='ocrx_word' id='word_1_209' title='bbox 575 3061 739 3130; x_wconf 81' lang='lat' dir='ltr'><strong>enim</strong></span> <span class='ocrx_word' id='word_1_210' title='bbox 780 3060 1019 3148; x_wconf 81' lang='lat' dir='ltr'><strong>incipit,</strong></span> <span class='ocrx_word' id='word_1_211' title='bbox 1051 3063 1212 3124; x_wconf 83' lang='grc' dir='ltr'>ὅσων</span> <span class='ocrx_word' id='word_1_212' title='bbox 1254 3062 1319 3123; x_wconf 78' lang='grc' dir='ltr'><strong>δὲ</strong></span> <span class='ocrx_word' id='word_1_213' title='bbox 1361 3062 1525 3142; x_wconf 80' lang='grc' dir='ltr'>ὡρῶν</span> <span class='ocrx_word' id='word_1_214' title='bbox 1568 3060 1821 3124; x_wconf 79' lang='grc' dir='ltr'>ἕκαστον</span> <span class='ocrx_word' id='word_1_215' title='bbox 1862 3064 2065 3137; x_wconf 75' lang='grc' dir='ltr'>ζῶδιον</span> <span class='ocrx_word' id='word_1_216' title='bbox 2111 3063 2254 3127; x_wconf 79' lang='grc' dir='ltr'>ἅνα-</span> 
     </span>
     <span class='ocr_line' id='line_1_27' title="bbox 579 3161 2256 3248; baseline -0.002 -17"><span class='ocrx_word' id='word_1_217' title='bbox 579 3165 841 3248; x_wconf 79' lang='grc' dir='ltr'>φέρεται,</span> <span class='ocrx_word' id='word_1_218' title='bbox 875 3166 941 3229; x_wconf 74' lang='grc' dir='ltr'><strong>ἐκ</strong></span> <span class='ocrx_word' id='word_1_219' title='bbox 983 3167 1083 3243; x_wconf 79' lang='grc' dir='ltr'><strong>τῆς</strong></span> <span class='ocrx_word' id='word_1_220' title='bbox 1121 3161 1371 3226; x_wconf 83' lang='grc' dir='ltr'>ἑκάστου</span> <span class='ocrx_word' id='word_1_221' title='bbox 1409 3163 1711 3245; x_wconf 77' lang='grc' dir='ltr'>ἀναφορᾶς</span> <span class='ocrx_word' id='word_1_222' title='bbox 1737 3163 2062 3247; x_wconf 87' lang='grc' dir='ltr'>γνωστέον.</span> <span class='ocrx_word' id='word_1_223' title='bbox 2135 3163 2256 3228; x_wconf 93' lang='lat' dir='ltr'><strong>Al-</strong></span> 
     </span>
     <span class='ocr_line' id='line_1_28' title="bbox 577 3263 2259 3354; baseline 0 -21"><span class='ocrx_word' id='word_1_224' title='bbox 577 3284 776 3334; x_wconf 88' lang='lat' dir='ltr'><strong>terum</strong></span> <span class='ocrx_word' id='word_1_225' title='bbox 822 3267 1270 3354; x_wconf 84' lang='lat' dir='ltr'><strong>Fragmentum</strong></span> <span class='ocrx_word' id='word_1_226' title='bbox 1313 3263 1402 3329; x_wconf 87' lang='lat' dir='ltr'><strong>ita</strong></span> <span class='ocrx_word' id='word_1_227' title='bbox 1441 3263 1691 3352; x_wconf 85' lang='lat' dir='ltr'><strong>incipit:</strong></span> <span class='ocrx_word' id='word_1_228' title='bbox 1735 3266 2150 3350; x_wconf 84' lang='grc' dir='ltr'>μεσουράνημα</span> <span class='ocrx_word' id='word_1_229' title='bbox 2193 3270 2259 3333; x_wconf 75' lang='grc' dir='ltr'><strong>δὲ</strong></span> 
     </span>
     <span class='ocr_line' id='line_1_29' title="bbox 579 3368 2260 3456; baseline -0.001 -19"><span class='ocrx_word' id='word_1_230' title='bbox 579 3371 695 3437; x_wconf 80' lang='grc' dir='ltr'><strong>ἀπὸ</strong></span> <span class='ocrx_word' id='word_1_231' title='bbox 723 3370 899 3456; x_wconf 85' lang='grc' dir='ltr'>χερὸς</span> <span class='ocrx_word' id='word_1_232' title='bbox 929 3372 1118 3451; x_wconf 78' lang='grc' dir='ltr'>εὑρεῖν</span> <span class='ocrx_word' id='word_1_233' title='bbox 1147 3368 1263 3433; x_wconf 80' lang='grc' dir='ltr'><strong>ἀπὸ</strong></span> <span class='ocrx_word' id='word_1_234' title='bbox 1293 3372 1394 3447; x_wconf 85' lang='grc' dir='ltr'><strong>τῆς</strong></span> <span class='ocrx_word' id='word_1_235' title='bbox 1420 3370 1703 3450; x_wconf 88' lang='grc' dir='ltr'>ὃυνούσης</span> <span class='ocrx_word' id='word_1_236' title='bbox 1735 3394 1836 3449; x_wconf 92' lang='grc' dir='ltr'><strong>μοι</strong></span> <span class='ocrx_word' id='word_1_237' title='bbox 1872 3372 2083 3451; x_wconf 80' lang='grc' dir='ltr'>λαβὼν</span> <span class='ocrx_word' id='word_1_238' title='bbox 2114 3374 2260 3435; x_wconf 77' lang='grc' dir='ltr'>κατὰ</span> 
     </span>
     <span class='ocr_line' id='line_1_30' title="bbox 580 3469 2254 3555; baseline -0.001 -18"><span class='ocrx_word' id='word_1_239' title='bbox 580 3476 682 3543; x_wconf 70' lang='grc' dir='ltr'><strong>τὰς</strong></span> <span class='ocrx_word' id='word_1_240' title='bbox 708 3474 1014 3555; x_wconf 77' lang='grc' dir='ltr'>ἀναφορὰς</span> <span class='ocrx_word' id='word_1_241' title='bbox 1040 3474 1145 3534; x_wconf 83' lang='grc' dir='ltr'><strong>τοῦ</strong></span> <span class='ocrx_word' id='word_1_242' title='bbox 1175 3471 1471 3549; x_wconf 83' lang='grc' dir='ltr'>κλίματος,</span> <span class='ocrx_word' id='word_1_243' title='bbox 1505 3470 1613 3537; x_wconf 81' lang='grc' dir='ltr'><strong>ἕως</strong></span> <span class='ocrx_word' id='word_1_244' title='bbox 1644 3474 1749 3534; x_wconf 80' lang='grc' dir='ltr'><strong>τοῦ</strong></span> <span class='ocrx_word' id='word_1_245' title='bbox 1785 3469 2092 3553; x_wconf 80' lang='grc' dir='ltr'>διαμέτρου</span> <span class='ocrx_word' id='word_1_246' title='bbox 2119 3474 2254 3537; x_wconf 83' lang='grc' dir='ltr'>τού·</span> 
     </span>
     <span class='ocr_line' id='line_1_31' title="bbox 580 3572 2261 3659; baseline 0 -19"><span class='ocrx_word' id='word_1_247' title='bbox 580 3599 696 3640; x_wconf 81' lang='grc' dir='ltr'><strong>των</strong></span> <span class='ocrx_word' id='word_1_248' title='bbox 724 3575 832 3655; x_wconf 79' lang='grc' dir='ltr'><strong>τὴν</strong></span> <span class='ocrx_word' id='word_1_249' title='bbox 858 3575 1132 3654; x_wconf 86' lang='grc' dir='ltr'>ἡμίσειαν</span> <span class='ocrx_word' id='word_1_250' title='bbox 1165 3601 1218 3637; x_wconf 83' lang='grc' dir='ltr'><strong>κ.</strong></span> <span class='ocrx_word' id='word_1_251' title='bbox 1239 3598 1292 3635; x_wconf 92' lang='grc' dir='ltr'><strong>τ.</strong></span> <span class='ocrx_word' id='word_1_252' title='bbox 1312 3579 1375 3635; x_wconf 90' lang='grc' dir='ltr'><strong>λ.</strong></span> <span class='ocrx_word' id='word_1_253' title='bbox 1442 3574 1532 3636; x_wconf 90' lang='lat' dir='ltr'><strong>Et</strong></span> <span class='ocrx_word' id='word_1_254' title='bbox 1569 3572 1922 3659; x_wconf 84' lang='lat' dir='ltr'><strong>frequentat</strong></span> <span class='ocrx_word' id='word_1_255' title='bbox 1959 3575 2261 3657; x_wconf 76' lang='grc' dir='ltr'>ἀναφορᾶς</span> 
     </span>
     <span class='ocr_line' id='line_1_32' title="bbox 582 3673 2261 3764; baseline -0.001 -22"><span class='ocrx_word' id='word_1_256' title='bbox 582 3700 793 3744; x_wconf 84' lang='lat' dir='ltr'><strong>vocem</strong></span> <span class='ocrx_word' id='word_1_257' title='bbox 843 3675 1066 3741; x_wconf 84' lang='lat' dir='ltr'><strong>Valens</strong></span> <span class='ocrx_word' id='word_1_258' title='bbox 1112 3675 1178 3739; x_wconf 90' lang='lat' dir='ltr'><strong>in</strong></span> <span class='ocrx_word' id='word_1_259' title='bbox 1224 3674 1319 3739; x_wconf 91' lang='lat' dir='ltr'><strong>his</strong></span> <span class='ocrx_word' id='word_1_260' title='bbox 1363 3675 1755 3762; x_wconf 87' lang='lat' dir='ltr'><strong>Fragmentis</strong></span> <span class='ocrx_word' id='word_1_261' title='bbox 1799 3673 2115 3763; x_wconf 89' lang='lat' dir='ltr'><strong>Florilegii</strong></span> <span class='ocrx_word' id='word_1_262' title='bbox 2155 3699 2261 3764; x_wconf 91' lang='lat' dir='ltr'><strong>ge-</strong></span> 
     </span>
     <span class='ocr_line' id='line_1_33' title="bbox 582 3776 2261 3867; baseline -0.001 -22"><span class='ocrx_word' id='word_1_263' title='bbox 582 3778 871 3847; x_wconf 86' lang='lat' dir='ltr'><strong>nethliaci</strong></span> <span class='ocrx_word' id='word_1_264' title='bbox 897 3778 1025 3843; x_wconf 88' lang='lat' dir='ltr'><strong>sive</strong></span> <span class='ocrx_word' id='word_1_265' title='bbox 1053 3777 1422 3865; x_wconf 87' lang='lat' dir='ltr'><strong>astrologici‚</strong></span> <span class='ocrx_word' id='word_1_266' title='bbox 1444 3776 1616 3863; x_wconf 90' lang='lat' dir='ltr'><strong>quod</strong></span> <span class='ocrx_word' id='word_1_267' title='bbox 1645 3801 1722 3842; x_wconf 93' lang='lat' dir='ltr'><strong>ex</strong></span> <span class='ocrx_word' id='word_1_268' title='bbox 1752 3777 1860 3843; x_wconf 92' lang='lat' dir='ltr'><strong>illo</strong></span> <span class='ocrx_word' id='word_1_269' title='bbox 1880 3778 2261 3867; x_wconf 88' lang='lat' dir='ltr'><strong>Apographo</strong></span> 
     </span>
     <span class='ocr_line' id='line_1_34' title="bbox 583 3879 2256 3968; baseline -0.003 -19"><span class='ocrx_word' id='word_1_270' title='bbox 583 3882 929 3949; x_wconf 63' lang='lat' dir='ltr'><strong>Roetheaem</strong></span> <span class='ocrx_word' id='word_1_271' title='bbox 972 3880 1235 3968; x_wconf 86' lang='lat' dir='ltr'><strong>subjecit</strong></span> <span class='ocrx_word' id='word_1_272' title='bbox 1268 3880 1350 3944; x_wconf 88' lang='lat' dir='ltr'><strong>ad</strong></span> <span class='ocrx_word' id='word_1_273' title='bbox 1392 3880 1618 3945; x_wconf 78' lang='lat' dir='ltr'><strong>calcem</strong></span> <span class='ocrx_word' id='word_1_274' title='bbox 1661 3879 1947 3945; x_wconf 89' lang='lat' dir='ltr'><strong>editionis</strong></span> <span class='ocrx_word' id='word_1_275' title='bbox 1988 3905 2118 3946; x_wconf 84' lang='lat' dir='ltr'><strong>suae</strong></span> <span class='ocrx_word' id='word_1_276' title='bbox 2163 3882 2256 3947; x_wconf 90' lang='lat' dir='ltr'><strong>Io.</strong></span> 
     </span>
     <span class='ocr_line' id='line_1_35' title="bbox 586 3982 2260 4073; baseline -0.002 -22"><span class='ocrx_word' id='word_1_277' title='bbox 586 3983 913 4051; x_wconf 86' lang='lat' dir='ltr'><strong>Laurentii</strong></span> <span class='ocrx_word' id='word_1_278' title='bbox 955 3983 1127 4070; x_wconf 84' lang='lat' dir='ltr'><strong>Lydi</strong></span> <span class='ocrx_word' id='word_1_279' title='bbox 1171 3985 1248 4048; x_wconf 89' lang='lat' dir='ltr'><strong>de</strong></span> <span class='ocrx_word' id='word_1_280' title='bbox 1291 3982 1641 4060; x_wconf 89' lang='lat' dir='ltr'><strong>Mensibus,</strong></span> <span class='ocrx_word' id='word_1_281' title='bbox 1671 3984 1949 4048; x_wconf 80' lang='lat' dir='ltr'><strong>Darmst.</strong></span> <span class='ocrx_word' id='word_1_282' title='bbox 1988 3999 2052 4048; x_wconf 91' lang='lat' dir='ltr'><strong>et</strong></span> <span class='ocrx_word' id='word_1_283' title='bbox 2080 3985 2260 4073; x_wconf 91' lang='lat' dir='ltr'><strong>Lips.</strong></span> 
     </span>
     <span class='ocr_line' id='line_1_36' title="bbox 588 4086 2264 4174; baseline 0 -23"><span class='ocrx_word' id='word_1_284' title='bbox 588 4088 775 4172; x_wconf 81' lang='lat'><strong>1827.</strong></span> <span class='ocrx_word' id='word_1_285' title='bbox 803 4109 867 4174; x_wconf 90' lang='lat' dir='ltr'><strong>p.</strong></span> <span class='ocrx_word' id='word_1_286' title='bbox 897 4106 1048 4173; x_wconf 83' lang='lat'><strong>334.</strong></span> <span class='ocrx_word' id='word_1_287' title='bbox 1111 4088 1174 4151; x_wconf 88' lang='grc' dir='ltr'>Ν</span> <span class='ocrx_word' id='word_1_288' title='bbox 1177 4109 1245 4150; x_wconf 87' lang='lat' dir='ltr'><strong>ec</strong></span> <span class='ocrx_word' id='word_1_289' title='bbox 1274 4086 1477 4151; x_wconf 86' lang='lat' dir='ltr'><strong>minus</strong></span> <span class='ocrx_word' id='word_1_290' title='bbox 1505 4086 1859 4173; x_wconf 83' lang='lat' dir='ltr'><strong>frequentat</strong></span> <span class='ocrx_word' id='word_1_291' title='bbox 1886 4086 2264 4153; x_wconf 76' lang='lat' dir='ltr'><strong>Ptolemaeus</strong></span> 
     </span>
     <span class='ocr_line' id='line_1_37' title="bbox 582 4188 2262 4276; baseline 0.001 -22"><span class='ocrx_word' id='word_1_292' title='bbox 582 4189 648 4254; x_wconf 92' lang='lat' dir='ltr'><strong>in</strong></span> <span class='ocrx_word' id='word_1_293' title='bbox 695 4189 871 4255; x_wconf 89' lang='lat' dir='ltr'><strong>libris</strong></span> <span class='ocrx_word' id='word_1_294' title='bbox 911 4188 1339 4276; x_wconf 87' lang='lat' dir='ltr'><strong>Astrologicis.</strong></span> <span class='ocrx_word' id='word_1_295' title='bbox 1410 4189 1512 4253; x_wconf 88' lang='lat' dir='ltr'><strong>Cf.</strong></span> <span class='ocrx_word' id='word_1_296' title='bbox 1562 4188 1772 4268; x_wconf 90' lang='lat' dir='ltr'><strong>modo,</strong></span> <span class='ocrx_word' id='word_1_297' title='bbox 1815 4203 1889 4255; x_wconf 90' lang='lat' dir='ltr'><strong>ut</strong></span> <span class='ocrx_word' id='word_1_298' title='bbox 1929 4189 2047 4254; x_wconf 89' lang='lat' dir='ltr'><strong>hoc</strong></span> <span class='ocrx_word' id='word_1_299' title='bbox 2099 4205 2262 4268; x_wconf 87' lang='lat' dir='ltr'><strong>utar,</strong></span> 
     </span>
     <span class='ocr_line' id='line_1_38' title="bbox 582 4290 2265 4381; baseline 0 -23"><span class='ocrx_word' id='word_1_300' title='bbox 582 4306 729 4358; x_wconf 84' lang='lat' dir='ltr'><strong>sect.</strong></span> <span class='ocrx_word' id='word_1_301' title='bbox 763 4308 865 4378; x_wconf 86' lang='lat'><strong>25.</strong></span> <span class='ocrx_word' id='word_1_302' title='bbox 896 4296 1001 4356; x_wconf 83' lang='grc' dir='ltr'><strong>τοῦ</strong></span> <span class='ocrx_word' id='word_1_303' title='bbox 1043 4296 1287 4373; x_wconf 85' lang='grc' dir='ltr'>Καρποΰ</span> <span class='ocrx_word' id='word_1_304' title='bbox 1327 4290 1454 4354; x_wconf 90' lang='lat' dir='ltr'><strong>sive</strong></span> <span class='ocrx_word' id='word_1_305' title='bbox 1496 4291 1760 4356; x_wconf 77' lang='lat' dir='ltr'><strong>Centum</strong></span> <span class='ocrx_word' id='word_1_306' title='bbox 1795 4293 2123 4372; x_wconf 73' lang='lat' dir='ltr'><strong>dictorum,</strong></span> <span class='ocrx_word' id='word_1_307' title='bbox 2153 4293 2265 4381; x_wconf 90' lang='lat' dir='ltr'><strong>qui</strong></span> 
     </span>
     <span class='ocr_line' id='line_1_39' title="bbox 582 4392 2266 4474; baseline 0.001 -14"><span class='ocrx_word' id='word_1_308' title='bbox 582 4394 754 4460; x_wconf 88' lang='lat' dir='ltr'><strong>locus</strong></span> <span class='ocrx_word' id='word_1_309' title='bbox 780 4416 923 4459; x_wconf 91' lang='lat' dir='ltr'><strong>cum</strong></span> <span class='ocrx_word' id='word_1_310' title='bbox 951 4393 1101 4458; x_wconf 91' lang='lat' dir='ltr'><strong>locis</strong></span> <span class='ocrx_word' id='word_1_311' title='bbox 1131 4393 1319 4458; x_wconf 86' lang='lat' dir='ltr'><strong>Vettii</strong></span> <span class='ocrx_word' id='word_1_312' title='bbox 1349 4392 1623 4458; x_wconf 90' lang='lat' dir='ltr'><strong>Valentis</strong></span> <span class='ocrx_word' id='word_1_313' title='bbox 1664 4394 1926 4459; x_wconf 90' lang='lat' dir='ltr'><strong>conferri</strong></span> <span class='ocrx_word' id='word_1_314' title='bbox 1965 4395 2172 4474; x_wconf 89' lang='lat' dir='ltr'><strong>debet,</strong></span> <span class='ocrx_word' id='word_1_315' title='bbox 2201 4411 2266 4461; x_wconf 90' lang='lat' dir='ltr'><strong>et</strong></span> 
     </span>
     <span class='ocr_line' id='line_1_40' title="bbox 585 4495 2264 4586; baseline 0.001 -23"><span class='ocrx_word' id='word_1_316' title='bbox 585 4496 976 4586; x_wconf 84' lang='lat' dir='ltr'><strong>Porphyrius</strong></span> <span class='ocrx_word' id='word_1_317' title='bbox 1002 4496 1068 4560; x_wconf 90' lang='lat' dir='ltr'><strong>in</strong></span> <span class='ocrx_word' id='word_1_318' title='bbox 1100 4495 1570 4561; x_wconf 88' lang='lat' dir='ltr'><strong>Introductione</strong></span> <span class='ocrx_word' id='word_1_319' title='bbox 1598 4496 1663 4560; x_wconf 91' lang='lat' dir='ltr'><strong>in</strong></span> <span class='ocrx_word' id='word_1_320' title='bbox 1693 4498 2123 4578; x_wconf 88' lang='lat' dir='ltr'><strong>Tetrabiblon‚</strong></span> <span class='ocrx_word' id='word_1_321' title='bbox 2154 4498 2264 4564; x_wconf 93' lang='lat' dir='ltr'><strong>ubi</strong></span> 
     </span>
     <span class='ocr_line' id='line_1_41' title="bbox 583 4598 2263 4686; baseline 0.001 -21"><span class='ocrx_word' id='word_1_322' title='bbox 583 4600 765 4665; x_wconf 88' lang='lat' dir='ltr'><strong>etiam</strong></span> <span class='ocrx_word' id='word_1_323' title='bbox 820 4614 1158 4686; x_wconf 87' lang='lat' dir='ltr'><strong>usurpatur</strong></span> <span class='ocrx_word' id='word_1_324' title='bbox 1200 4598 1585 4663; x_wconf 90' lang='lat' dir='ltr'><strong>Adverbium</strong></span> <span class='ocrx_word' id='word_1_325' title='bbox 1631 4601 2018 4683; x_wconf 77' lang='grc' dir='ltr'>ἀναφορικῶς.</span> <span class='ocrx_word' id='word_1_326' title='bbox 2107 4601 2263 4666; x_wconf 90' lang='lat' dir='ltr'><strong>Vide</strong></span> 
     </span>
     <span class='ocr_line' id='line_1_42' title="bbox 585 4702 2264 4790; baseline 0 -22"><span class='ocrx_word' id='word_1_327' title='bbox 585 4703 773 4768; x_wconf 90' lang='lat' dir='ltr'><strong>modo</strong></span> <span class='ocrx_word' id='word_1_328' title='bbox 799 4725 864 4790; x_wconf 87' lang='lat' dir='ltr'><strong>p.</strong></span> <span class='ocrx_word' id='word_1_329' title='bbox 887 4722 1030 4769; x_wconf 86' lang='lat'><strong>201.</strong></span> <span class='ocrx_word' id='word_1_330' title='bbox 1064 4704 1293 4767; x_wconf 85' lang='lat' dir='ltr'><strong>Exstat</strong></span> <span class='ocrx_word' id='word_1_331' title='bbox 1314 4702 1497 4766; x_wconf 88' lang='lat' dir='ltr'><strong>etiam</strong></span> <span class='ocrx_word' id='word_1_332' title='bbox 1521 4702 1840 4790; x_wconf 88' lang='lat' dir='ltr'><strong>Hypsiclis</strong></span> <span class='ocrx_word' id='word_1_333' title='bbox 1861 4702 2264 4768; x_wconf 87' lang='lat' dir='ltr'><strong>Alexandrini</strong></span> 
     </span>
     <span class='ocr_line' id='line_1_43' title="bbox 583 4803 1718 4892; baseline 0 -21"><span class='ocrx_word' id='word_1_334' title='bbox 583 4805 759 4884; x_wconf 89' lang='lat' dir='ltr'><strong>liber,</strong></span> <span class='ocrx_word' id='word_1_335' title='bbox 790 4803 903 4892; x_wconf 88' lang='lat' dir='ltr'><strong>qui</strong></span> <span class='ocrx_word' id='word_1_336' title='bbox 929 4803 1281 4868; x_wconf 86' lang='lat' dir='ltr'><strong>inscribitur</strong></span> <span class='ocrx_word' id='word_1_337' title='bbox 1307 4804 1718 4887; x_wconf 86' lang='grc' dir='ltr'>Ἀναφορικός.</span> 
     </span>
    </p>

    <p class='ocr_par' dir='ltr' id='par_1_5' title="bbox 584 4906 2269 5612">
     <span class='ocr_line' id='line_1_44' title="bbox 667 4906 2266 4996; baseline 0.001 -23"><span class='ocrx_word' id='word_1_338' title='bbox 667 4931 732 4996; x_wconf 87' lang='lat' dir='ltr'><strong>p.</strong></span> <span class='ocrx_word' id='word_1_339' title='bbox 770 4923 919 4993; x_wconf 84' lang='lat'><strong>250,</strong></span> <span class='ocrx_word' id='word_1_340' title='bbox 947 4926 1011 4992; x_wconf 92' lang='grc'><strong>3.</strong></span> <span class='ocrx_word' id='word_1_341' title='bbox 1051 4906 1119 4971; x_wconf 81' lang='grc' dir='ltr'><strong>τὸ</strong></span> <span class='ocrx_word' id='word_1_342' title='bbox 1172 4908 1351 4972; x_wconf 75' lang='grc' dir='ltr'>αὐτοῦ</span> <span class='ocrx_word' id='word_1_343' title='bbox 1398 4910 1698 4989; x_wconf 83' lang='grc' dir='ltr'>περαίνειν</span> <span class='ocrx_word' id='word_1_344' title='bbox 1744 4909 1839 4973; x_wconf 84' lang='grc' dir='ltr'>καὶ</span> <span class='ocrx_word' id='word_1_345' title='bbox 1885 4911 2151 4993; x_wconf 75' lang='grc' dir='ltr'>ἐνεργεῖν</span> <span class='ocrx_word' id='word_1_346' title='bbox 2190 4913 2266 4975; x_wconf 74' lang='grc' dir='ltr'><strong>τὰ</strong></span> 
     </span>
     <span class='ocr_line' id='line_1_45' title="bbox 588 5009 2266 5099; baseline 0.001 -24"><span class='ocrx_word' id='word_1_347' title='bbox 588 5011 795 5099; x_wconf 77' lang='grc' dir='ltr'>αὐτοῦ]</span> <span class='ocrx_word' id='word_1_348' title='bbox 828 5011 984 5075; x_wconf 88' lang='lat' dir='ltr'><strong>Post</strong></span> <span class='ocrx_word' id='word_1_349' title='bbox 1009 5009 1145 5077; x_wconf 82' lang='lat' dir='ltr'><strong>haec</strong></span> <span class='ocrx_word' id='word_1_350' title='bbox 1173 5009 1363 5074; x_wconf 84' lang='lat' dir='ltr'><strong>verba</strong></span> <span class='ocrx_word' id='word_1_351' title='bbox 1386 5009 1632 5075; x_wconf 89' lang='lat' dir='ltr'><strong>Ficinus</strong></span> <span class='ocrx_word' id='word_1_352' title='bbox 1656 5010 1723 5075; x_wconf 89' lang='lat' dir='ltr'><strong>in</strong></span> <span class='ocrx_word' id='word_1_353' title='bbox 1748 5010 1989 5076; x_wconf 86' lang='lat' dir='ltr'><strong>Latinis</strong></span> <span class='ocrx_word' id='word_1_354' title='bbox 2017 5011 2149 5077; x_wconf 78' lang='lat' dir='ltr'><strong>haec</strong></span> <span class='ocrx_word' id='word_1_355' title='bbox 2175 5011 2266 5077; x_wconf 91' lang='lat' dir='ltr'><strong>in-</strong></span> 
     </span>
     <span class='ocr_line' id='line_1_46' title="bbox 587 5112 2266 5200; baseline 0 -21"><span class='ocrx_word' id='word_1_356' title='bbox 587 5112 764 5179; x_wconf 90' lang='lat' dir='ltr'><strong>tulit:</strong></span> <span class='ocrx_word' id='word_1_357' title='bbox 816 5121 858 5152; x_wconf 89' lang='lat'>“</span> <span class='ocrx_word' id='word_1_358' title='bbox 882 5114 955 5177; x_wconf 71' lang='lat' dir='ltr'><strong>in</strong></span> <span class='ocrx_word' id='word_1_359' title='bbox 996 5113 1219 5200; x_wconf 76' lang='lat' dir='ltr'><strong>quibus</strong></span> <span class='ocrx_word' id='word_1_360' title='bbox 1257 5113 1540 5200; x_wconf 74' lang='lat' dir='ltr'><strong>deinceps</strong></span> <span class='ocrx_word' id='word_1_361' title='bbox 1576 5113 1869 5178; x_wconf 73' lang='lat' dir='ltr'><strong>similiter</strong></span> <span class='ocrx_word' id='word_1_362' title='bbox 1903 5114 2266 5179; x_wconf 76' lang='lat' dir='ltr'><strong>coordinata</strong></span> 
     </span>
     <span class='ocr_line' id='line_1_47' title="bbox 585 5215 2269 5293; baseline 0 -11"><span class='ocrx_word' id='word_1_363' title='bbox 585 5226 735 5282; x_wconf 73' lang='lat' dir='ltr'><strong>eunt</strong></span> <span class='ocrx_word' id='word_1_364' title='bbox 756 5216 990 5285; x_wconf 8' lang='lat' dir='ltr'><strong>comnia.</strong></span> <span class='ocrx_word' id='word_1_365' title='bbox 1079 5215 1363 5293; x_wconf 85' lang='lat' dir='ltr'><strong>Quorum</strong></span> <span class='ocrx_word' id='word_1_366' title='bbox 1391 5215 1719 5280; x_wconf 91' lang='lat' dir='ltr'><strong>verborum</strong></span> <span class='ocrx_word' id='word_1_367' title='bbox 1759 5238 1839 5280; x_wconf 91' lang='lat' dir='ltr'><strong>ne</strong></span> <span class='ocrx_word' id='word_1_368' title='bbox 1872 5215 1936 5282; x_wconf 89' lang='lat' dir='ltr'><strong>in</strong></span> <span class='ocrx_word' id='word_1_369' title='bbox 1969 5216 2269 5282; x_wconf 90' lang='lat' dir='ltr'><strong>Mediceis</strong></span> 
     </span>
     <span class='ocr_line' id='line_1_48' title="bbox 585 5316 2265 5408; baseline 0.002 -26"><span class='ocrx_word' id='word_1_370' title='bbox 585 5318 842 5407; x_wconf 91' lang='lat' dir='ltr'><strong>quidem</strong></span> <span class='ocrx_word' id='word_1_371' title='bbox 870 5316 1043 5382; x_wconf 88' lang='lat' dir='ltr'><strong>libris</strong></span> <span class='ocrx_word' id='word_1_372' title='bbox 1070 5316 1270 5382; x_wconf 91' lang='lat' dir='ltr'><strong>ullum</strong></span> <span class='ocrx_word' id='word_1_373' title='bbox 1300 5317 1626 5405; x_wconf 89' lang='lat' dir='ltr'><strong>vestigium</strong></span> <span class='ocrx_word' id='word_1_374' title='bbox 1669 5333 1890 5385; x_wconf 86' lang='lat' dir='ltr'><strong>exstat.</strong></span> <span class='ocrx_word' id='word_1_375' title='bbox 1978 5322 2081 5384; x_wconf 90' lang='lat' dir='ltr'><strong>Ac</strong></span> <span class='ocrx_word' id='word_1_376' title='bbox 2121 5342 2265 5408; x_wconf 92' lang='lat' dir='ltr'><strong>pro-</strong></span> 
     </span>
     <span class='ocr_line' id='line_1_49' title="bbox 584 5420 2268 5510; baseline 0.001 -25"><span class='ocrx_word' id='word_1_377' title='bbox 584 5420 788 5491; x_wconf 87' lang='lat' dir='ltr'><strong>babile</strong></span> <span class='ocrx_word' id='word_1_378' title='bbox 815 5434 930 5498; x_wconf 87' lang='lat' dir='ltr'><strong>est,</strong></span> <span class='ocrx_word' id='word_1_379' title='bbox 959 5442 1104 5485; x_wconf 90' lang='lat' dir='ltr'><strong>eum</strong></span> <span class='ocrx_word' id='word_1_380' title='bbox 1147 5420 1243 5485; x_wconf 89' lang='lat' dir='ltr'><strong>his</strong></span> <span class='ocrx_word' id='word_1_381' title='bbox 1272 5421 1474 5486; x_wconf 87' lang='lat' dir='ltr'><strong>verbis</strong></span> <span class='ocrx_word' id='word_1_382' title='bbox 1509 5421 1851 5510; x_wconf 86' lang='lat' dir='ltr'><strong>exprimere</strong></span> <span class='ocrx_word' id='word_1_383' title='bbox 1879 5421 2144 5489; x_wconf 88' lang='lat' dir='ltr'><strong>voluisse</strong></span> <span class='ocrx_word' id='word_1_384' title='bbox 2178 5445 2268 5487; x_wconf 89' lang='lat' dir='ltr'><strong>se-</strong></span> 
     </span>
     <span class='ocr_line' id='line_1_50' title="bbox 589 5523 2265 5612; baseline 0.001 -23"><span class='ocrx_word' id='word_1_385' title='bbox 589 5523 843 5612; x_wconf 86' lang='lat' dir='ltr'><strong>quentia</strong></span> <span class='ocrx_word' id='word_1_386' title='bbox 870 5523 1342 5607; x_wconf 80' lang='grc' dir='ltr'>συντεταγμένον</span> <span class='ocrx_word' id='word_1_387' title='bbox 1364 5525 1438 5590; x_wconf 80' lang='grc' dir='ltr'>αὖ</span> <span class='ocrx_word' id='word_1_388' title='bbox 1464 5523 1588 5605; x_wconf 87' lang='grc' dir='ltr'>μετ’</span> <span class='ocrx_word' id='word_1_389' title='bbox 1621 5525 1817 5605; x_wconf 78' lang='grc' dir='ltr'>αὐτοῦ,</span> <span class='ocrx_word' id='word_1_390' title='bbox 1847 5524 2071 5590; x_wconf 91' lang='lat' dir='ltr'><strong>deinde</strong></span> <span class='ocrx_word' id='word_1_391' title='bbox 2097 5548 2265 5601; x_wconf 82' lang='lat' dir='ltr'><strong>vere,</strong></span> 
     </span>
    </p>
   </div>
   <div class='ocr_carea' id='block_1_5' title="bbox 2319 1212 3996 1402">
    <p class='ocr_par' dir='ltr' id='par_1_6' title="bbox 2319 1212 3996 1402">
     <span class='ocr_line' id='line_1_51' title="bbox 2401 1212 3992 1299; baseline 0.001 -21"><span class='ocrx_word' id='word_1_392' title='bbox 2401 1249 2487 1263; x_wconf 92' lang='lat'><strong>—</strong></span> <span class='ocrx_word' id='word_1_393' title='bbox 2517 1213 2576 1278; x_wconf 91' lang='lat'><strong>8.</strong></span> <span class='ocrx_word' id='word_1_394' title='bbox 2608 1215 2678 1279; x_wconf 83' lang='grc' dir='ltr'>οὗ</span> <span class='ocrx_word' id='word_1_395' title='bbox 2704 1218 2821 1298; x_wconf 78' lang='grc' dir='ltr'><strong>γὰρ</strong></span> <span class='ocrx_word' id='word_1_396' title='bbox 2849 1212 2925 1279; x_wconf 73' lang='grc' dir='ltr'>ἂν</span> <span class='ocrx_word' id='word_1_397' title='bbox 2954 1215 3301 1295; x_wconf 75' lang='grc' dir='ltr'>ἐσημαίνετο</span> <span class='ocrx_word' id='word_1_398' title='bbox 3328 1212 3694 1296; x_wconf 79' lang='grc' dir='ltr'>τεταγμένως</span> <span class='ocrx_word' id='word_1_399' title='bbox 3710 1212 3815 1299; x_wconf 76' lang='grc' dir='ltr'>μὴ]</span> <span class='ocrx_word' id='word_1_400' title='bbox 3845 1212 3992 1279; x_wconf 89' lang='lat' dir='ltr'><strong>Vid.</strong></span> 
     </span>
     <span class='ocr_line' id='line_1_52' title="bbox 2319 1315 3996 1402; baseline 0.002 -24"><span class='ocrx_word' id='word_1_401' title='bbox 2319 1338 2449 1380; x_wconf 88' lang='lat' dir='ltr'><strong>var.</strong></span> <span class='ocrx_word' id='word_1_402' title='bbox 2481 1315 2622 1381; x_wconf 90' lang='lat' dir='ltr'><strong>lect.</strong></span> <span class='ocrx_word' id='word_1_403' title='bbox 2677 1318 2989 1381; x_wconf 84' lang='lat' dir='ltr'><strong>Caeterum</strong></span> <span class='ocrx_word' id='word_1_404' title='bbox 3025 1316 3186 1380; x_wconf 89' lang='lat' dir='ltr'><strong>inter</strong></span> <span class='ocrx_word' id='word_1_405' title='bbox 3223 1315 3590 1398; x_wconf 80' lang='grc' dir='ltr'>τεταγμένως</span> <span class='ocrx_word' id='word_1_406' title='bbox 3628 1329 3693 1381; x_wconf 93' lang='lat' dir='ltr'><strong>et</strong></span> <span class='ocrx_word' id='word_1_407' title='bbox 3722 1316 3802 1397; x_wconf 78' lang='grc' dir='ltr'>μὴ</span> <span class='ocrx_word' id='word_1_408' title='bbox 3843 1315 3996 1402; x_wconf 86' lang='lat' dir='ltr'><strong>ejeci</strong></span> 
     </span>
    </p>
   </div>
   <div class='ocr_carea' id='block_1_6' title="bbox 2320 1418 3999 1712">
    <p class='ocr_par' dir='ltr' id='par_1_7' title="bbox 2320 1418 3999 1712">
     <span class='ocr_line' id='line_1_53' title="bbox 2320 1418 3992 1507; baseline 0.001 -24"><span class='ocrx_word' id='word_1_409' title='bbox 2320 1418 2650 1507; x_wconf 87' lang='lat' dir='ltr'><strong>virgulam,</strong></span> <span class='ocrx_word' id='word_1_410' title='bbox 2672 1420 2765 1484; x_wconf 90' lang='lat' dir='ltr'><strong>uti</strong></span> <span class='ocrx_word' id='word_1_411' title='bbox 2792 1419 2976 1485; x_wconf 89' lang='lat' dir='ltr'><strong>etiam</strong></span> <span class='ocrx_word' id='word_1_412' title='bbox 3000 1420 3230 1484; x_wconf 85' lang='lat' dir='ltr'><strong>fecerat</strong></span> <span class='ocrx_word' id='word_1_413' title='bbox 3247 1418 3524 1497; x_wconf 88' lang='lat' dir='ltr'><strong>Ficinus,</strong></span> <span class='ocrx_word' id='word_1_414' title='bbox 3549 1418 3613 1483; x_wconf 92' lang='lat' dir='ltr'><strong>in</strong></span> <span class='ocrx_word' id='word_1_415' title='bbox 3641 1418 3822 1506; x_wconf 88' lang='lat' dir='ltr'><strong>cujus</strong></span> <span class='ocrx_word' id='word_1_416' title='bbox 3842 1418 3992 1484; x_wconf 90' lang='lat' dir='ltr'><strong>edit.</strong></span> 
     </span>
     <span class='ocr_line' id='line_1_54' title="bbox 2320 1521 3999 1610; baseline 0.001 -24"><span class='ocrx_word' id='word_1_417' title='bbox 2320 1521 2597 1610; x_wconf 89' lang='lat' dir='ltr'><strong>principe</strong></span> <span class='ocrx_word' id='word_1_418' title='bbox 2641 1522 2801 1587; x_wconf 83' lang='lat' dir='ltr'><strong>inter</strong></span> <span class='ocrx_word' id='word_1_419' title='bbox 2828 1523 3189 1610; x_wconf 79' lang='lat' dir='ltr'><strong>procederet</strong></span> <span class='ocrx_word' id='word_1_420' title='bbox 3230 1533 3295 1587; x_wconf 91' lang='lat' dir='ltr'><strong>et</strong></span> <span class='ocrx_word' id='word_1_421' title='bbox 3328 1521 3591 1609; x_wconf 75' lang='lat' dir='ltr'><strong>singula</strong></span> <span class='ocrx_word' id='word_1_422' title='bbox 3630 1543 3757 1586; x_wconf 91' lang='lat' dir='ltr'><strong>non</strong></span> <span class='ocrx_word' id='word_1_423' title='bbox 3797 1534 3999 1587; x_wconf 77' lang='lat' dir='ltr'><strong>exstat</strong></span> 
     </span>
     <span class='ocr_line' id='line_1_55' title="bbox 2321 1623 3371 1712; baseline -0.002 -22"><span class='ocrx_word' id='word_1_424' title='bbox 2321 1648 2583 1703; x_wconf 86' lang='lat' dir='ltr'><strong>comma,</strong></span> <span class='ocrx_word' id='word_1_425' title='bbox 2611 1625 2784 1712; x_wconf 88' lang='lat' dir='ltr'><strong>quod</strong></span> <span class='ocrx_word' id='word_1_426' title='bbox 2813 1624 2911 1689; x_wconf 88' lang='lat' dir='ltr'><strong>ed.</strong></span> <span class='ocrx_word' id='word_1_427' title='bbox 2944 1623 3131 1690; x_wconf 88' lang='lat' dir='ltr'><strong>Basil.</strong></span> <span class='ocrx_word' id='word_1_428' title='bbox 3163 1623 3371 1689; x_wconf 88' lang='lat' dir='ltr'><strong>habet.</strong></span> 
     </span>
    </p>
   </div>
   <div class='ocr_carea' id='block_1_7' title="bbox 2329 1725 4000 1917">
    <p class='ocr_par' dir='ltr' id='par_1_8' title="bbox 2329 1725 4000 1917">
     <span class='ocr_line' id='line_1_56' title="bbox 2406 1725 3997 1816; baseline -0.002 -23"><span class='ocrx_word' id='word_1_429' title='bbox 2406 1765 2495 1777; x_wconf 94' lang='lat'>—</span> <span class='ocrx_word' id='word_1_430' title='bbox 2520 1750 2582 1816; x_wconf 91' lang='lat'><strong>9.</strong></span> <span class='ocrx_word' id='word_1_431' title='bbox 2603 1727 2805 1793; x_wconf 83' lang='grc' dir='ltr'>Ἔστω</span> <span class='ocrx_word' id='word_1_432' title='bbox 2840 1728 3039 1793; x_wconf 87' lang='grc' dir='ltr'>τοίνυν</span> <span class='ocrx_word' id='word_1_433' title='bbox 3067 1729 3268 1810; x_wconf 81' lang='grc' dir='ltr'>ὥσπερ</span> <span class='ocrx_word' id='word_1_434' title='bbox 3309 1725 3997 1816; x_wconf 62' lang='grc' dir='ltr'>γράμματα-σημασία]</span> 
     </span>
     <span class='ocr_line' id='line_1_57' title="bbox 2329 1830 4000 1917; baseline -0.001 -23"><span class='ocrx_word' id='word_1_435' title='bbox 2329 1830 2565 1896; x_wconf 90' lang='lat' dir='ltr'><strong>Lucem</strong></span> <span class='ocrx_word' id='word_1_436' title='bbox 2616 1830 2820 1896; x_wconf 85' lang='lat' dir='ltr'><strong>adfert</strong></span> <span class='ocrx_word' id='word_1_437' title='bbox 2866 1830 3038 1896; x_wconf 90' lang='lat' dir='ltr'><strong>locus</strong></span> <span class='ocrx_word' id='word_1_438' title='bbox 3074 1830 3358 1917; x_wconf 90' lang='lat' dir='ltr'><strong>geminus</strong></span> <span class='ocrx_word' id='word_1_439' title='bbox 3402 1831 3545 1894; x_wconf 92' lang='grc' dir='ltr'>ΙΙΙ.</span> <span class='ocrx_word' id='word_1_440' title='bbox 3574 1849 3631 1893; x_wconf 89' lang='lat'><strong>1.</strong></span> <span class='ocrx_word' id='word_1_441' title='bbox 3662 1832 3725 1894; x_wconf 94' lang='lat'><strong>6.</strong></span> <span class='ocrx_word' id='word_1_442' title='bbox 3753 1852 3819 1917; x_wconf 93' lang='lat' dir='ltr'><strong>p.</strong></span> <span class='ocrx_word' id='word_1_443' title='bbox 3852 1848 4000 1915; x_wconf 84' lang='lat'><strong>233.</strong></span> 
     </span>
    </p>
   </div>
   <div class='ocr_carea' id='block_1_8' title="bbox 2328 1930 4026 5510">
    <p class='ocr_par' dir='ltr' id='par_1_9' title="bbox 2328 1930 4026 5510">
     <span class='ocr_line' id='line_1_58' title="bbox 2328 1930 3999 2017; baseline -0.002 -19"><span class='ocrx_word' id='word_1_444' title='bbox 2328 1933 2693 1999; x_wconf 81' lang='grc' dir='ltr'>Β.--Ἀλλᾶ</span> <span class='ocrx_word' id='word_1_445' title='bbox 2713 1939 2948 2014; x_wconf 78' lang='grc' dir='ltr'>μᾶλλον</span> <span class='ocrx_word' id='word_1_446' title='bbox 2969 1934 3046 2002; x_wconf 81' lang='grc' dir='ltr'><strong>ὥς</strong></span> <span class='ocrx_word' id='word_1_447' title='bbox 3066 1933 3308 2016; x_wconf 87' lang='grc' dir='ltr'>φέρεται</span> <span class='ocrx_word' id='word_1_448' title='bbox 3326 1934 3437 2013; x_wconf 76' lang='grc' dir='ltr'><strong>μὲν</strong></span> <span class='ocrx_word' id='word_1_449' title='bbox 3457 1937 3638 1997; x_wconf 81' lang='grc' dir='ltr'>ταῦτα</span> <span class='ocrx_word' id='word_1_450' title='bbox 3658 1933 3761 2014; x_wconf 85' lang='grc' dir='ltr'><strong>(τᾶ</strong></span> <span class='ocrx_word' id='word_1_451' title='bbox 3781 1930 3999 2017; x_wconf 80' lang='grc' dir='ltr'>ἄστρα)</span> 
     </span>
     <span class='ocr_line' id='line_1_59' title="bbox 2330 2033 4002 2122; baseline -0.004 -20"><span class='ocrx_word' id='word_1_452' title='bbox 2330 2037 2426 2102; x_wconf 77' lang='grc' dir='ltr'><strong>ἐπὶ</strong></span> <span class='ocrx_word' id='word_1_453' title='bbox 2454 2038 2708 2122; x_wconf 75' lang='grc' dir='ltr'>σωτηρίᾳ</span> <span class='ocrx_word' id='word_1_454' title='bbox 2734 2042 2850 2100; x_wconf 80' lang='grc' dir='ltr'><strong>τῶν</strong></span> <span class='ocrx_word' id='word_1_455' title='bbox 2879 2037 3058 2110; x_wconf 83' lang='grc' dir='ltr'>ὅλων,</span> <span class='ocrx_word' id='word_1_456' title='bbox 3077 2035 3396 2119; x_wconf 85' lang='grc' dir='ltr'>παρέχεται</span> <span class='ocrx_word' id='word_1_457' title='bbox 3428 2033 3617 2116; x_wconf 81' lang='lat' dir='ltr'><strong>(male</strong></span> <span class='ocrx_word' id='word_1_458' title='bbox 3640 2033 4002 2099; x_wconf 82' lang='lat' dir='ltr'><strong>Cudworth.</strong></span> 
     </span>
     <span class='ocr_line' id='line_1_60' title="bbox 2332 2136 4007 2229; baseline -0.003 -24"><span class='ocrx_word' id='word_1_459' title='bbox 2332 2141 2396 2205; x_wconf 89' lang='lat' dir='ltr'><strong>in</strong></span> <span class='ocrx_word' id='word_1_460' title='bbox 2444 2143 2610 2229; x_wconf 87' lang='lat' dir='ltr'><strong>Syst.</strong></span> <span class='ocrx_word' id='word_1_461' title='bbox 2653 2139 2844 2204; x_wconf 84' lang='lat' dir='ltr'><strong>intell.</strong></span> <span class='ocrx_word' id='word_1_462' title='bbox 2887 2161 2952 2227; x_wconf 88' lang='lat' dir='ltr'><strong>p.</strong></span> <span class='ocrx_word' id='word_1_463' title='bbox 2985 2159 3048 2221; x_wconf 88' lang='lat'><strong>4.</strong></span> <span class='ocrx_word' id='word_1_464' title='bbox 3099 2138 3307 2203; x_wconf 87' lang='lat' dir='ltr'><strong>Mosh.</strong></span> <span class='ocrx_word' id='word_1_465' title='bbox 3359 2136 3754 2221; x_wconf 85' lang='grc' dir='ltr'>παρέχεσθαι)</span> <span class='ocrx_word' id='word_1_466' title='bbox 3797 2138 3861 2200; x_wconf 75' lang='grc' dir='ltr'><strong>δὲ</strong></span> <span class='ocrx_word' id='word_1_467' title='bbox 3910 2136 4007 2200; x_wconf 75' lang='grc' dir='ltr'>καὶ</span> 
     </span>
     <span class='ocr_line' id='line_1_61' title="bbox 2334 2238 4008 2326; baseline -0.004 -18"><span class='ocrx_word' id='word_1_468' title='bbox 2334 2245 2530 2325; x_wconf 79' lang='grc' dir='ltr'>ἄλλην</span> <span class='ocrx_word' id='word_1_469' title='bbox 2573 2244 2781 2326; x_wconf 82' lang='grc' dir='ltr'>χρείαν</span> <span class='ocrx_word' id='word_1_470' title='bbox 2830 2241 2936 2321; x_wconf 73' lang='grc' dir='ltr'><strong>τὴν</strong></span> <span class='ocrx_word' id='word_1_471' title='bbox 2979 2245 3084 2304; x_wconf 82' lang='grc' dir='ltr'><strong>τοῦ</strong></span> <span class='ocrx_word' id='word_1_472' title='bbox 3131 2243 3212 2308; x_wconf 76' lang='grc' dir='ltr'>εἰς</span> <span class='ocrx_word' id='word_1_473' title='bbox 3259 2239 3407 2304; x_wconf 72' lang='grc' dir='ltr'>αὐτὰ</span> <span class='ocrx_word' id='word_1_474' title='bbox 3449 2240 3648 2320; x_wconf 82' lang='grc' dir='ltr'>ὥσπερ</span> <span class='ocrx_word' id='word_1_475' title='bbox 3697 2238 4008 2321; x_wconf 84' lang='grc' dir='ltr'>γράμματα</span> 
     </span>
     <span class='ocr_line' id='line_1_62' title="bbox 2334 2341 4010 2427; baseline -0.002 -17"><span class='ocrx_word' id='word_1_476' title='bbox 2334 2345 2672 2427; x_wconf 83' lang='grc' dir='ltr'>βλέποντας</span> <span class='ocrx_word' id='word_1_477' title='bbox 2712 2345 2846 2412; x_wconf 82' lang='grc' dir='ltr'>τοὺς</span> <span class='ocrx_word' id='word_1_478' title='bbox 2893 2343 2999 2423; x_wconf 76' lang='grc' dir='ltr'><strong>τὴν</strong></span> <span class='ocrx_word' id='word_1_479' title='bbox 3030 2344 3301 2423; x_wconf 81' lang='grc' dir='ltr'>τοιαύτην</span> <span class='ocrx_word' id='word_1_480' title='bbox 3341 2341 3742 2425; x_wconf 81' lang='grc' dir='ltr'>γραμματικὴν</span> <span class='ocrx_word' id='word_1_481' title='bbox 3786 2342 4010 2407; x_wconf 77' lang='grc' dir='ltr'>εἰδότας</span> 
     </span>
     <span class='ocr_line' id='line_1_63' title="bbox 2337 2442 4011 2531; baseline -0.004 -18"><span class='ocrx_word' id='word_1_482' title='bbox 2337 2450 2806 2531; x_wconf 77' lang='grc' dir='ltr'>ἀναγιγνώσκειν</span> <span class='ocrx_word' id='word_1_483' title='bbox 2834 2450 2908 2511; x_wconf 79' lang='grc' dir='ltr'><strong>τὰ</strong></span> <span class='ocrx_word' id='word_1_484' title='bbox 2933 2445 3257 2526; x_wconf 84' lang='grc' dir='ltr'>μέλλοντα,</span> <span class='ocrx_word' id='word_1_485' title='bbox 3290 2446 3355 2508; x_wconf 78' lang='grc' dir='ltr'><strong>ἐκ</strong></span> <span class='ocrx_word' id='word_1_486' title='bbox 3382 2449 3497 2509; x_wconf 79' lang='grc' dir='ltr'><strong>τῶν</strong></span> <span class='ocrx_word' id='word_1_487' title='bbox 3524 2442 3841 2526; x_wconf 85' lang='grc' dir='ltr'>σχημάτων</span> <span class='ocrx_word' id='word_1_488' title='bbox 3864 2446 4011 2507; x_wconf 78' lang='grc' dir='ltr'>κατὰ</span> 
     </span>
     <span class='ocr_line' id='line_1_64' title="bbox 2336 2545 4010 2633; baseline -0.004 -19"><span class='ocrx_word' id='word_1_489' title='bbox 2336 2550 2404 2614; x_wconf 83' lang='grc' dir='ltr'><strong>τὸ</strong></span> <span class='ocrx_word' id='word_1_490' title='bbox 2435 2550 2736 2633; x_wconf 78' lang='grc' dir='ltr'>ἀνάλογον</span> <span class='ocrx_word' id='word_1_491' title='bbox 2763 2550 3184 2629; x_wconf 86' lang='grc' dir='ltr'>μεθοδεύοντας</span> <span class='ocrx_word' id='word_1_492' title='bbox 3209 2546 3277 2611; x_wconf 82' lang='grc' dir='ltr'><strong>τὸ</strong></span> <span class='ocrx_word' id='word_1_493' title='bbox 3306 2547 3757 2628; x_wconf 84' lang='grc' dir='ltr'>σημαινόμενον.</span> <span class='ocrx_word' id='word_1_494' title='bbox 3828 2552 3870 2584; x_wconf 87' lang='grc'><strong>“</strong></span> <span class='ocrx_word' id='word_1_495' title='bbox 3897 2545 4010 2608; x_wconf 84' lang='lat' dir='ltr'><strong>Vel</strong></span> 
     </span>
     <span class='ocr_line' id='line_1_65' title="bbox 2336 2647 4013 2739; baseline -0.002 -24"><span class='ocrx_word' id='word_1_496' title='bbox 2336 2650 2547 2739; x_wconf 88' lang='lat' dir='ltr'><strong>potius</strong></span> <span class='ocrx_word' id='word_1_497' title='bbox 2599 2654 2882 2738; x_wconf 82' lang='lat' dir='ltr'><strong>(proestat</strong></span> <span class='ocrx_word' id='word_1_498' title='bbox 2924 2648 3154 2734; x_wconf 87' lang='lat' dir='ltr'><strong>dicere)</strong></span> <span class='ocrx_word' id='word_1_499' title='bbox 3201 2664 3365 2713; x_wconf 86' lang='lat' dir='ltr'><strong>astra</strong></span> <span class='ocrx_word' id='word_1_500' title='bbox 3413 2647 3754 2713; x_wconf 89' lang='lat' dir='ltr'><strong>discurrere</strong></span> <span class='ocrx_word' id='word_1_501' title='bbox 3796 2647 3876 2712; x_wconf 87' lang='lat' dir='ltr'><strong>ad</strong></span> <span class='ocrx_word' id='word_1_502' title='bbox 3921 2670 4013 2712; x_wconf 86' lang='lat' dir='ltr'><strong>sa-</strong></span> 
     </span>
     <span class='ocr_line' id='line_1_66' title="bbox 2339 2749 4014 2837; baseline -0.002 -19"><span class='ocrx_word' id='word_1_503' title='bbox 2339 2752 2530 2818; x_wconf 90' lang='lat' dir='ltr'><strong>lutem</strong></span> <span class='ocrx_word' id='word_1_504' title='bbox 2562 2752 2986 2817; x_wconf 88' lang='lat' dir='ltr'><strong>universorum</strong></span> <span class='ocrx_word' id='word_1_505' title='bbox 3020 2751 3167 2835; x_wconf 92' lang='lat' dir='ltr'><strong>(hoc</strong></span> <span class='ocrx_word' id='word_1_506' title='bbox 3202 2765 3317 2827; x_wconf 89' lang='lat' dir='ltr'><strong>est,</strong></span> <span class='ocrx_word' id='word_1_507' title='bbox 3346 2750 3520 2837; x_wconf 90' lang='lat' dir='ltr'><strong>quod</strong></span> <span class='ocrx_word' id='word_1_508' title='bbox 3549 2765 3757 2815; x_wconf 90' lang='lat' dir='ltr'><strong>nostro</strong></span> <span class='ocrx_word' id='word_1_509' title='bbox 3784 2749 3849 2814; x_wconf 92' lang='lat' dir='ltr'><strong>in</strong></span> <span class='ocrx_word' id='word_1_510' title='bbox 3877 2750 4014 2815; x_wconf 92' lang='lat' dir='ltr'><strong>loco</strong></span> 
     </span>
     <span class='ocr_line' id='line_1_67' title="bbox 2339 2853 4011 2943; baseline -0.002 -23"><span class='ocrx_word' id='word_1_511' title='bbox 2339 2855 2622 2943; x_wconf 90' lang='lat' dir='ltr'><strong>designat</strong></span> <span class='ocrx_word' id='word_1_512' title='bbox 2652 2854 2939 2920; x_wconf 90' lang='lat' dir='ltr'><strong>Plotinus</strong></span> <span class='ocrx_word' id='word_1_513' title='bbox 2974 2853 3072 2918; x_wconf 92' lang='lat' dir='ltr'><strong>his</strong></span> <span class='ocrx_word' id='word_1_514' title='bbox 3099 2853 3484 2919; x_wconf 67' lang='lat' dir='ltr'><strong>verbis-xai</strong></span> <span class='ocrx_word' id='word_1_515' title='bbox 3522 2855 3851 2933; x_wconf 86' lang='grc' dir='ltr'>κινούμενα,</span> <span class='ocrx_word' id='word_1_516' title='bbox 3883 2879 4011 2917; x_wconf 87' lang='grc' dir='ltr'>ποι-</span> 
     </span>
     <span class='ocr_line' id='line_1_68' title="bbox 2340 2955 4019 3041; baseline -0.002 -18"><span class='ocrx_word' id='word_1_517' title='bbox 2340 2963 2518 3023; x_wconf 84' lang='grc' dir='ltr'>οῦντα</span> <span class='ocrx_word' id='word_1_518' title='bbox 2553 2959 2666 3039; x_wconf 87' lang='grc' dir='ltr'><strong>μέν</strong></span> <span class='ocrx_word' id='word_1_519' title='bbox 2699 2984 2755 3023; x_wconf 91' lang='grc' dir='ltr'><strong>τι</strong></span> <span class='ocrx_word' id='word_1_520' title='bbox 2790 2958 2966 3041; x_wconf 83' lang='grc' dir='ltr'>ἔργον</span> <span class='ocrx_word' id='word_1_521' title='bbox 3006 2957 3099 3021; x_wconf 85' lang='grc' dir='ltr'>καὶ</span> <span class='ocrx_word' id='word_1_522' title='bbox 3126 2957 3317 3021; x_wconf 66' lang='grc' dir='ltr'>ἄλλοι</span> <span class='ocrx_word' id='word_1_523' title='bbox 3363 2955 3658 3020; x_wconf 88' lang='lat' dir='ltr'><strong>nimirum</strong></span> <span class='ocrx_word' id='word_1_524' title='bbox 3698 2971 3863 3020; x_wconf 82' lang='lat' dir='ltr'><strong>astra</strong></span> <span class='ocrx_word' id='word_1_525' title='bbox 3889 2979 4019 3020; x_wconf 92' lang='lat' dir='ltr'><strong>mo-</strong></span> 
     </span>
     <span class='ocr_line' id='line_1_69' title="bbox 2339 3057 4021 3146; baseline -0.001 -22"><span class='ocrx_word' id='word_1_526' title='bbox 2339 3073 2589 3139; x_wconf 89' lang='lat' dir='ltr'><strong>ventur,</strong></span> <span class='ocrx_word' id='word_1_527' title='bbox 2618 3075 2691 3125; x_wconf 89' lang='lat' dir='ltr'><strong>ut</strong></span> <span class='ocrx_word' id='word_1_528' title='bbox 2718 3060 2958 3125; x_wconf 88' lang='lat' dir='ltr'><strong>varium</strong></span> <span class='ocrx_word' id='word_1_529' title='bbox 2994 3081 3177 3124; x_wconf 90' lang='lat' dir='ltr'><strong>usum</strong></span> <span class='ocrx_word' id='word_1_530' title='bbox 3216 3070 3511 3146; x_wconf 86' lang='lat' dir='ltr'><strong>praestent</strong></span> <span class='ocrx_word' id='word_1_531' title='bbox 3540 3076 3602 3123; x_wconf 89' lang='lat' dir='ltr'><strong>et</strong></span> <span class='ocrx_word' id='word_1_532' title='bbox 3631 3057 3930 3124; x_wconf 90' lang='lat' dir='ltr'><strong>universis</strong></span> <span class='ocrx_word' id='word_1_533' title='bbox 3955 3074 4021 3123; x_wconf 91' lang='lat' dir='ltr'><strong>et</strong></span> 
     </span>
     <span class='ocr_line' id='line_1_70' title="bbox 2341 3161 4019 3251; baseline -0.001 -24"><span class='ocrx_word' id='word_1_534' title='bbox 2341 3163 2650 3251; x_wconf 90' lang='lat' dir='ltr'><strong>singulis),</strong></span> <span class='ocrx_word' id='word_1_535' title='bbox 2680 3162 2787 3227; x_wconf 91' lang='lat' dir='ltr'><strong>sed</strong></span> <span class='ocrx_word' id='word_1_536' title='bbox 2828 3176 3029 3227; x_wconf 89' lang='lat' dir='ltr'><strong>tamen</strong></span> <span class='ocrx_word' id='word_1_537' title='bbox 3073 3176 3137 3227; x_wconf 92' lang='lat' dir='ltr'><strong>et</strong></span> <span class='ocrx_word' id='word_1_538' title='bbox 3170 3161 3432 3226; x_wconf 89' lang='lat' dir='ltr'><strong>alterum</strong></span> <span class='ocrx_word' id='word_1_539' title='bbox 3480 3184 3660 3225; x_wconf 89' lang='lat' dir='ltr'><strong>usum</strong></span> <span class='ocrx_word' id='word_1_540' title='bbox 3701 3175 4019 3249; x_wconf 66' lang='lat' dir='ltr'><strong>praestant,</strong></span> 
     </span>
     <span class='ocr_line' id='line_1_71' title="bbox 2341 3263 4016 3355; baseline -0.002 -23"><span class='ocrx_word' id='word_1_541' title='bbox 2341 3289 2470 3355; x_wconf 91' lang='lat' dir='ltr'><strong>quo</strong></span> <span class='ocrx_word' id='word_1_542' title='bbox 2499 3265 2746 3345; x_wconf 88' lang='lat' dir='ltr'><strong>scilicet,</strong></span> <span class='ocrx_word' id='word_1_543' title='bbox 2777 3264 2888 3353; x_wconf 90' lang='lat' dir='ltr'><strong>qui</strong></span> <span class='ocrx_word' id='word_1_544' title='bbox 2924 3263 3229 3354; x_wconf 90' lang='lat' dir='ltr'><strong>ejusmodi</strong></span> <span class='ocrx_word' id='word_1_545' title='bbox 3268 3263 3602 3330; x_wconf 80' lang='lat' dir='ltr'><strong>literaturae</strong></span> <span class='ocrx_word' id='word_1_546' title='bbox 3638 3263 3820 3353; x_wconf 91' lang='lat' dir='ltr'><strong>periti</strong></span> <span class='ocrx_word' id='word_1_547' title='bbox 3849 3283 4016 3343; x_wconf 89' lang='lat' dir='ltr'><strong>sunt,</strong></span> 
     </span>
     <span class='ocr_line' id='line_1_72' title="bbox 2343 3366 4017 3458; baseline -0.001 -24"><span class='ocrx_word' id='word_1_548' title='bbox 2343 3369 2677 3458; x_wconf 87' lang='lat' dir='ltr'><strong>suspiciant</strong></span> <span class='ocrx_word' id='word_1_549' title='bbox 2702 3368 2807 3433; x_wconf 90' lang='lat' dir='ltr'><strong>illa</strong></span> <span class='ocrx_word' id='word_1_550' title='bbox 2835 3367 3028 3433; x_wconf 90' lang='lat' dir='ltr'><strong>veluti</strong></span> <span class='ocrx_word' id='word_1_551' title='bbox 3058 3367 3283 3448; x_wconf 71' lang='lat' dir='ltr'><strong>litem,</strong></span> <span class='ocrx_word' id='word_1_552' title='bbox 3311 3391 3383 3433; x_wconf 87' lang='lat' dir='ltr'><strong>ac</strong></span> <span class='ocrx_word' id='word_1_553' title='bbox 3417 3368 3634 3433; x_wconf 82' lang='lat' dir='ltr'><strong>futura</strong></span> <span class='ocrx_word' id='word_1_554' title='bbox 3677 3366 3908 3456; x_wconf 87' lang='lat' dir='ltr'><strong>legant,</strong></span> <span class='ocrx_word' id='word_1_555' title='bbox 3939 3390 4017 3432; x_wconf 88' lang='lat' dir='ltr'><strong>ex</strong></span> 
     </span>
     <span class='ocr_line' id='line_1_73' title="bbox 2341 3469 4021 3560; baseline -0.001 -23"><span class='ocrx_word' id='word_1_556' title='bbox 2341 3472 2559 3560; x_wconf 87' lang='lat' dir='ltr'><strong>figuris</strong></span> <span class='ocrx_word' id='word_1_557' title='bbox 2611 3470 2949 3537; x_wconf 88' lang='lat' dir='ltr'><strong>secundum</strong></span> <span class='ocrx_word' id='word_1_558' title='bbox 2993 3469 3335 3557; x_wconf 85' lang='lat' dir='ltr'><strong>analogiam</strong></span> <span class='ocrx_word' id='word_1_559' title='bbox 3389 3469 3795 3557; x_wconf 88' lang='lat' dir='ltr'><strong>significatum</strong></span> <span class='ocrx_word' id='word_1_560' title='bbox 3847 3470 4021 3535; x_wconf 86' lang='lat' dir='ltr'><strong>inda-</strong></span> 
     </span>
     <span class='ocr_line' id='line_1_74' title="bbox 2342 3572 4022 3664; baseline -0.001 -23"><span class='ocrx_word' id='word_1_561' title='bbox 2342 3578 2618 3664; x_wconf 85' lang='lat' dir='ltr'><strong>gantes.”</strong></span> <span class='ocrx_word' id='word_1_562' title='bbox 2706 3578 2882 3660; x_wconf 91' lang='lat' dir='ltr'><strong>(Hoc</strong></span> <span class='ocrx_word' id='word_1_563' title='bbox 2923 3589 3135 3639; x_wconf 89' lang='lat' dir='ltr'><strong>nostro</strong></span> <span class='ocrx_word' id='word_1_564' title='bbox 3176 3573 3238 3638; x_wconf 92' lang='lat' dir='ltr'><strong>in</strong></span> <span class='ocrx_word' id='word_1_565' title='bbox 3277 3572 3413 3638; x_wconf 92' lang='lat' dir='ltr'><strong>loco</strong></span> <span class='ocrx_word' id='word_1_566' title='bbox 3441 3573 3856 3661; x_wconf 86' lang='lat' dir='ltr'><strong>Philosophus</strong></span> <span class='ocrx_word' id='word_1_567' title='bbox 3883 3574 4022 3639; x_wconf 92' lang='lat' dir='ltr'><strong>vult</strong></span> 
     </span>
     <span class='ocr_line' id='line_1_75' title="bbox 2346 3676 4017 3766; baseline 0.001 -24"><span class='ocrx_word' id='word_1_568' title='bbox 2346 3678 2604 3766; x_wconf 88' lang='lat' dir='ltr'><strong>intelligi</strong></span> <span class='ocrx_word' id='word_1_569' title='bbox 2646 3677 2743 3741; x_wconf 84' lang='lat' dir='ltr'><strong>his</strong></span> <span class='ocrx_word' id='word_1_570' title='bbox 2769 3676 3009 3742; x_wconf 85' lang='lat' dir='ltr'><strong>verbis:</strong></span> <span class='ocrx_word' id='word_1_571' title='bbox 3057 3679 3510 3742; x_wconf 76' lang='grc' dir='ltr'>ἑπακολουθεῖτο</span> <span class='ocrx_word' id='word_1_572' title='bbox 3549 3678 3614 3740; x_wconf 77' lang='grc' dir='ltr'><strong>δὲ</strong></span> <span class='ocrx_word' id='word_1_573' title='bbox 3643 3681 3790 3762; x_wconf 74' lang='grc' dir='ltr'>τῷδε</span> <span class='ocrx_word' id='word_1_574' title='bbox 3815 3677 3853 3757; x_wconf 82' lang='grc' dir='ltr'><em>ἡ</em></span> <span class='ocrx_word' id='word_1_575' title='bbox 3882 3676 4017 3760; x_wconf 88' lang='grc' dir='ltr'>παρ’</span> 
     </span>
     <span class='ocr_line' id='line_1_76' title="bbox 2347 3778 4019 3868; baseline -0.001 -22"><span class='ocrx_word' id='word_1_576' title='bbox 2347 3782 2536 3846; x_wconf 76' lang='grc' dir='ltr'>αὐτῶν</span> <span class='ocrx_word' id='word_1_577' title='bbox 2583 3782 2898 3865; x_wconf 88' lang='grc' dir='ltr'>σημασία.)</span> <span class='ocrx_word' id='word_1_578' title='bbox 2948 3779 3111 3843; x_wconf 88' lang='lat' dir='ltr'><strong>Istas</strong></span> <span class='ocrx_word' id='word_1_579' title='bbox 3151 3779 3383 3866; x_wconf 87' lang='lat' dir='ltr'><strong>figuras</strong></span> <span class='ocrx_word' id='word_1_580' title='bbox 3425 3778 3552 3843; x_wconf 87' lang='lat' dir='ltr'><strong>sive</strong></span> <span class='ocrx_word' id='word_1_581' title='bbox 3595 3778 3870 3861; x_wconf 85' lang='grc' dir='ltr'>σχήματα</span> <span class='ocrx_word' id='word_1_582' title='bbox 3911 3803 4019 3868; x_wconf 87' lang='lat' dir='ltr'><strong>ap-</strong></span> 
     </span>
     <span class='ocr_line' id='line_1_77' title="bbox 2343 3880 4015 3971; baseline 0.001 -24"><span class='ocrx_word' id='word_1_583' title='bbox 2343 3883 2532 3968; x_wconf 88' lang='lat' dir='ltr'><strong>pellat</strong></span> <span class='ocrx_word' id='word_1_584' title='bbox 2585 3885 2811 3947; x_wconf 87' lang='lat' dir='ltr'><strong>Sextus</strong></span> <span class='ocrx_word' id='word_1_585' title='bbox 2859 3881 3096 3946; x_wconf 86' lang='lat' dir='ltr'><strong>advers.</strong></span> <span class='ocrx_word' id='word_1_586' title='bbox 3153 3880 3630 3946; x_wconf 85' lang='lat' dir='ltr'><strong>Mathematicos</strong></span> <span class='ocrx_word' id='word_1_587' title='bbox 3674 3882 3754 3947; x_wconf 86' lang='lat' dir='ltr'><strong>V.</strong></span> <span class='ocrx_word' id='word_1_588' title='bbox 3798 3897 3902 3968; x_wconf 87' lang='lat'><strong>95.</strong></span> <span class='ocrx_word' id='word_1_589' title='bbox 3950 3906 4015 3971; x_wconf 90' lang='lat' dir='ltr'><strong>p.</strong></span> 
     </span>
     <span class='ocr_line' id='line_1_78' title="bbox 2343 3983 4023 4073; baseline -0.001 -23"><span class='ocrx_word' id='word_1_590' title='bbox 2343 4005 2493 4071; x_wconf 88' lang='grc'>353.</span> <span class='ocrx_word' id='word_1_591' title='bbox 2522 3986 2655 4053; x_wconf 82' lang='grc' dir='ltr'>τοὺς</span> <span class='ocrx_word' id='word_1_592' title='bbox 2689 3991 2807 4049; x_wconf 80' lang='grc' dir='ltr'><strong>τῶν</strong></span> <span class='ocrx_word' id='word_1_593' title='bbox 2833 3986 3049 4061; x_wconf 74' lang='grc' dir='ltr'>ζωδίων</span> <span class='ocrx_word' id='word_1_594' title='bbox 3075 3986 3303 4051; x_wconf 80' lang='grc' dir='ltr'>τύπους.</span> <span class='ocrx_word' id='word_1_595' title='bbox 3397 3986 3525 4048; x_wconf 89' lang='lat' dir='ltr'><strong>Pro</strong></span> <span class='ocrx_word' id='word_1_596' title='bbox 3551 3983 3783 4071; x_wconf 89' lang='lat' dir='ltr'><strong>quibus</strong></span> <span class='ocrx_word' id='word_1_597' title='bbox 3807 3983 4023 4073; x_wconf 85' lang='lat' dir='ltr'><strong>imagi-</strong></span> 
     </span>
     <span class='ocr_line' id='line_1_79' title="bbox 2345 4086 4024 4154; baseline 0.001 -3"><span class='ocrx_word' id='word_1_598' title='bbox 2345 4087 2529 4152; x_wconf 89' lang='lat' dir='ltr'><strong>nibus</strong></span> <span class='ocrx_word' id='word_1_599' title='bbox 2557 4088 2919 4154; x_wconf 84' lang='lat' dir='ltr'><strong>observante</strong></span> <span class='ocrx_word' id='word_1_600' title='bbox 2949 4086 3235 4152; x_wconf 88' lang='lat' dir='ltr'><strong>Fabricio</strong></span> <span class='ocrx_word' id='word_1_601' title='bbox 3274 4086 3356 4151; x_wconf 89' lang='lat' dir='ltr'><strong>ad</strong></span> <span class='ocrx_word' id='word_1_602' title='bbox 3392 4088 3562 4152; x_wconf 82' lang='lat' dir='ltr'><strong>Sext.</strong></span> <span class='ocrx_word' id='word_1_603' title='bbox 3592 4086 3632 4150; x_wconf 86' lang='lat' dir='ltr'><strong>l.</strong></span> <span class='ocrx_word' id='word_1_604' title='bbox 3663 4087 3706 4153; x_wconf 92' lang='lat' dir='ltr'><strong>l.</strong></span> <span class='ocrx_word' id='word_1_605' title='bbox 3757 4088 4024 4154; x_wconf 88' lang='lat' dir='ltr'><strong>Charac-</strong></span> 
     </span>
     <span class='ocr_line' id='line_1_80' title="bbox 2347 4188 4022 4279; baseline 0.001 -23"><span class='ocrx_word' id='word_1_606' title='bbox 2347 4203 2506 4256; x_wconf 89' lang='lat' dir='ltr'><strong>teres</strong></span> <span class='ocrx_word' id='word_1_607' title='bbox 2551 4190 2869 4255; x_wconf 86' lang='lat' dir='ltr'><strong>literarum</strong></span> <span class='ocrx_word' id='word_1_608' title='bbox 2920 4189 3372 4256; x_wconf 88' lang='lat' dir='ltr'><strong>Hebraicarum</strong></span> <span class='ocrx_word' id='word_1_609' title='bbox 3429 4188 3543 4254; x_wconf 89' lang='lat' dir='ltr'><strong>sibi</strong></span> <span class='ocrx_word' id='word_1_610' title='bbox 3593 4189 3861 4279; x_wconf 86' lang='lat' dir='ltr'><strong>reperire</strong></span> <span class='ocrx_word' id='word_1_611' title='bbox 3909 4192 4022 4257; x_wconf 90' lang='lat' dir='ltr'><strong>visi</strong></span> 
     </span>
     <span class='ocr_line' id='line_1_81' title="bbox 2346 4292 4026 4380; baseline 0.001 -22"><span class='ocrx_word' id='word_1_612' title='bbox 2346 4308 2520 4359; x_wconf 88' lang='lat' dir='ltr'><strong>erant</strong></span> <span class='ocrx_word' id='word_1_613' title='bbox 2564 4295 2610 4358; x_wconf 86' lang='lat' dir='ltr'><strong>J</strong></span> <span class='ocrx_word' id='word_1_614' title='bbox 2618 4293 2938 4359; x_wconf 83' lang='lat' dir='ltr'><strong>udaeorum</strong></span> <span class='ocrx_word' id='word_1_615' title='bbox 2980 4292 3275 4379; x_wconf 86' lang='lat' dir='ltr'><strong>magistri.</strong></span> <span class='ocrx_word' id='word_1_616' title='bbox 3351 4292 3464 4357; x_wconf 90' lang='lat' dir='ltr'><strong>Ab</strong></span> <span class='ocrx_word' id='word_1_617' title='bbox 3511 4316 3586 4357; x_wconf 92' lang='lat' dir='ltr'><strong>ea</strong></span> <span class='ocrx_word' id='word_1_618' title='bbox 3626 4294 4026 4380; x_wconf 86' lang='lat' dir='ltr'><strong>perversitate</strong></span> 
     </span>
     <span class='ocr_line' id='line_1_82' title="bbox 2345 4393 4025 4485; baseline 0.001 -25"><span class='ocrx_word' id='word_1_619' title='bbox 2345 4395 2529 4485; x_wconf 92' lang='lat' dir='ltr'><strong>longe</strong></span> <span class='ocrx_word' id='word_1_620' title='bbox 2572 4396 2746 4461; x_wconf 89' lang='lat' dir='ltr'><strong>abest</strong></span> <span class='ocrx_word' id='word_1_621' title='bbox 2789 4394 3096 4475; x_wconf 89' lang='lat' dir='ltr'><strong>Plotinus,</strong></span> <span class='ocrx_word' id='word_1_622' title='bbox 3139 4395 3250 4483; x_wconf 90' lang='lat' dir='ltr'><strong>qui</strong></span> <span class='ocrx_word' id='word_1_623' title='bbox 3293 4393 3500 4481; x_wconf 90' lang='lat' dir='ltr'><strong>potius</strong></span> <span class='ocrx_word' id='word_1_624' title='bbox 3540 4394 3656 4460; x_wconf 85' lang='lat' dir='ltr'><strong>hac</strong></span> <span class='ocrx_word' id='word_1_625' title='bbox 3697 4395 3762 4459; x_wconf 91' lang='lat' dir='ltr'><strong>in</strong></span> <span class='ocrx_word' id='word_1_626' title='bbox 3805 4419 3873 4461; x_wconf 91' lang='lat' dir='ltr'><strong>re</strong></span> <span class='ocrx_word' id='word_1_627' title='bbox 3906 4399 4025 4462; x_wconf 87' lang='lat' dir='ltr'><strong>AE-</strong></span> 
     </span>
     <span class='ocr_line' id='line_1_83' title="bbox 2344 4497 4025 4587; baseline 0 -23"><span class='ocrx_word' id='word_1_628' title='bbox 2344 4498 2776 4587; x_wconf 86' lang='lat' dir='ltr'><strong>gyptiacarum</strong></span> <span class='ocrx_word' id='word_1_629' title='bbox 2816 4497 3180 4585; x_wconf 90' lang='lat' dir='ltr'><strong>religionum</strong></span> <span class='ocrx_word' id='word_1_630' title='bbox 3220 4498 3682 4584; x_wconf 89' lang='lat' dir='ltr'><strong>quodammodo</strong></span> <span class='ocrx_word' id='word_1_631' title='bbox 3718 4498 3908 4564; x_wconf 85' lang='lat' dir='ltr'><strong>refert</strong></span> <span class='ocrx_word' id='word_1_632' title='bbox 3933 4498 4025 4564; x_wconf 91' lang='lat' dir='ltr'><strong>in-</strong></span> 
     </span>
     <span class='ocr_line' id='line_1_84' title="bbox 2347 4600 4020 4689; baseline 0.001 -23"><span class='ocrx_word' id='word_1_633' title='bbox 2347 4601 2570 4667; x_wconf 90' lang='lat' dir='ltr'><strong>dolem.</strong></span> <span class='ocrx_word' id='word_1_634' title='bbox 2663 4601 2881 4666; x_wconf 87' lang='lat' dir='ltr'><strong>Thoth</strong></span> <span class='ocrx_word' id='word_1_635' title='bbox 2910 4600 3072 4667; x_wconf 90' lang='lat' dir='ltr'><strong>enim</strong></span> <span class='ocrx_word' id='word_1_636' title='bbox 3104 4600 3231 4665; x_wconf 88' lang='lat' dir='ltr'><strong>sive</strong></span> <span class='ocrx_word' id='word_1_637' title='bbox 3253 4601 3522 4665; x_wconf 87' lang='lat' dir='ltr'><strong>Hermes</strong></span> <span class='ocrx_word' id='word_1_638' title='bbox 3551 4601 4020 4689; x_wconf 85' lang='lat' dir='ltr'><strong>AEgyptiorum,</strong></span> 
     </span>
     <span class='ocr_line' id='line_1_85' title="bbox 2347 4701 4021 4792; baseline 0.001 -23"><span class='ocrx_word' id='word_1_639' title='bbox 2347 4704 2457 4792; x_wconf 90' lang='lat' dir='ltr'><strong>qui</strong></span> <span class='ocrx_word' id='word_1_640' title='bbox 2483 4720 2650 4770; x_wconf 86' lang='lat' dir='ltr'><strong>astra</strong></span> <span class='ocrx_word' id='word_1_641' title='bbox 2674 4705 2737 4768; x_wconf 90' lang='lat' dir='ltr'><strong>in</strong></span> <span class='ocrx_word' id='word_1_642' title='bbox 2769 4703 2919 4769; x_wconf 84' lang='lat' dir='ltr'><strong>caelo</strong></span> <span class='ocrx_word' id='word_1_643' title='bbox 2946 4703 3270 4792; x_wconf 88' lang='lat' dir='ltr'><strong>disponere</strong></span> <span class='ocrx_word' id='word_1_644' title='bbox 3296 4701 3703 4790; x_wconf 88' lang='lat' dir='ltr'><strong>ordinareque</strong></span> <span class='ocrx_word' id='word_1_645' title='bbox 3729 4704 4021 4785; x_wconf 88' lang='lat' dir='ltr'><strong>creditus,</strong></span> 
     </span>
     <span class='ocr_line' id='line_1_86' title="bbox 2347 4804 4025 4895; baseline 0.001 -22"><span class='ocrx_word' id='word_1_646' title='bbox 2347 4809 2861 4895; x_wconf 83' lang='lat' dir='ltr'><strong>astronomiaeque</strong></span> <span class='ocrx_word' id='word_1_647' title='bbox 2887 4805 3124 4894; x_wconf 90' lang='lat' dir='ltr'><strong>primus</strong></span> <span class='ocrx_word' id='word_1_648' title='bbox 3149 4804 3439 4893; x_wconf 90' lang='lat' dir='ltr'><strong>magister</strong></span> <span class='ocrx_word' id='word_1_649' title='bbox 3465 4805 3736 4885; x_wconf 75' lang='lat' dir='ltr'><strong>habituS‚</strong></span> <span class='ocrx_word' id='word_1_650' title='bbox 3767 4829 3934 4872; x_wconf 88' lang='lat' dir='ltr'><strong>sacer</strong></span> <span class='ocrx_word' id='word_1_651' title='bbox 3962 4822 4025 4874; x_wconf 89' lang='lat' dir='ltr'><strong>et</strong></span> 
     </span>
     <span class='ocr_line' id='line_1_87' title="bbox 2347 4907 4024 4998; baseline 0 -23"><span class='ocrx_word' id='word_1_652' title='bbox 2347 4909 2478 4998; x_wconf 87' lang='lat' dir='ltr'><strong>ipse</strong></span> <span class='ocrx_word' id='word_1_653' title='bbox 2505 4911 2704 4977; x_wconf 85' lang='lat' dir='ltr'><strong>scriba</strong></span> <span class='ocrx_word' id='word_1_654' title='bbox 2732 4910 3069 4988; x_wconf 85' lang='lat' dir='ltr'><strong>ferebatur,</strong></span> <span class='ocrx_word' id='word_1_655' title='bbox 3098 4908 3379 4995; x_wconf 86' lang='lat' dir='ltr'><strong>adeoque</strong></span> <span class='ocrx_word' id='word_1_656' title='bbox 3419 4907 3483 4971; x_wconf 92' lang='lat' dir='ltr'><strong>in</strong></span> <span class='ocrx_word' id='word_1_657' title='bbox 3526 4907 3678 4974; x_wconf 83' lang='lat' dir='ltr'><strong>coelo</strong></span> <span class='ocrx_word' id='word_1_658' title='bbox 3719 4932 3918 4975; x_wconf 87' lang='lat' dir='ltr'><strong>sacras</strong></span> <span class='ocrx_word' id='word_1_659' title='bbox 3954 4911 4024 4974; x_wconf 85' lang='lat' dir='ltr'><strong>li-</strong></span> 
     </span>
     <span class='ocr_line' id='line_1_88' title="bbox 2348 5009 4018 5101; baseline 0 -23"><span class='ocrx_word' id='word_1_660' title='bbox 2348 5028 2619 5079; x_wconf 89' lang='lat' dir='ltr'><strong>terarum</strong></span> <span class='ocrx_word' id='word_1_661' title='bbox 2681 5011 3317 5101; x_wconf 88' lang='lat' dir='ltr'><strong>(Hieroglyphorum)</strong></span> <span class='ocrx_word' id='word_1_662' title='bbox 3374 5009 3716 5077; x_wconf 89' lang='lat' dir='ltr'><strong>describere</strong></span> <span class='ocrx_word' id='word_1_663' title='bbox 3769 5013 4018 5100; x_wconf 85' lang='lat' dir='ltr'><strong>figuras,</strong></span> 
     </span>
     <span class='ocr_line' id='line_1_89' title="bbox 2349 5113 4022 5203; baseline -0.001 -22"><span class='ocrx_word' id='word_1_664' title='bbox 2349 5116 2604 5203; x_wconf 85' lang='lat' dir='ltr'><strong>quando</strong></span> <span class='ocrx_word' id='word_1_665' title='bbox 2648 5131 2953 5181; x_wconf 88' lang='lat' dir='ltr'><strong>astrorum</strong></span> <span class='ocrx_word' id='word_1_666' title='bbox 3010 5113 3305 5179; x_wconf 87' lang='lat' dir='ltr'><strong>rationem</strong></span> <span class='ocrx_word' id='word_1_667' title='bbox 3364 5128 3428 5178; x_wconf 92' lang='lat' dir='ltr'><strong>et</strong></span> <span class='ocrx_word' id='word_1_668' title='bbox 3474 5114 3752 5179; x_wconf 90' lang='lat' dir='ltr'><strong>ordinem</strong></span> <span class='ocrx_word' id='word_1_669' title='bbox 3801 5115 4022 5179; x_wconf 89' lang='lat' dir='ltr'><strong>descri-</strong></span> 
     </span>
     <span class='ocr_line' id='line_1_90' title="bbox 2349 5215 4024 5305; baseline 0 -22"><span class='ocrx_word' id='word_1_670' title='bbox 2349 5219 2539 5284; x_wconf 91' lang='lat' dir='ltr'><strong>beret.</strong></span> <span class='ocrx_word' id='word_1_671' title='bbox 2588 5220 2730 5298; x_wconf 86' lang='lat' dir='ltr'><strong>Qua</strong></span> <span class='ocrx_word' id='word_1_672' title='bbox 2757 5218 2837 5283; x_wconf 91' lang='lat' dir='ltr'><strong>de</strong></span> <span class='ocrx_word' id='word_1_673' title='bbox 2864 5241 2931 5283; x_wconf 94' lang='lat' dir='ltr'><strong>re</strong></span> <span class='ocrx_word' id='word_1_674' title='bbox 2958 5215 3141 5305; x_wconf 88' lang='lat' dir='ltr'><strong>plura</strong></span> <span class='ocrx_word' id='word_1_675' title='bbox 3166 5216 3298 5281; x_wconf 85' lang='lat' dir='ltr'><strong>dixi</strong></span> <span class='ocrx_word' id='word_1_676' title='bbox 3324 5215 3387 5280; x_wconf 91' lang='lat' dir='ltr'><strong>in</strong></span> <span class='ocrx_word' id='word_1_677' title='bbox 3420 5218 3796 5282; x_wconf 90' lang='lat' dir='ltr'><strong>Commentt.</strong></span> <span class='ocrx_word' id='word_1_678' title='bbox 3822 5219 4024 5283; x_wconf 89' lang='lat' dir='ltr'><strong>Hero-</strong></span> 
     </span>
     <span class='ocr_line' id='line_1_91' title="bbox 2350 5318 4024 5408; baseline 0 -23"><span class='ocrx_word' id='word_1_679' title='bbox 2350 5321 2508 5387; x_wconf 90' lang='lat' dir='ltr'><strong>dott.</strong></span> <span class='ocrx_word' id='word_1_680' title='bbox 2544 5323 2605 5386; x_wconf 93' lang='lat'><strong>1.</strong></span> <span class='ocrx_word' id='word_1_681' title='bbox 2633 5344 2698 5408; x_wconf 92' lang='lat' dir='ltr'><strong>p.</strong></span> <span class='ocrx_word' id='word_1_682' title='bbox 2727 5337 2872 5407; x_wconf 88' lang='grc'>353.</span> <span class='ocrx_word' id='word_1_683' title='bbox 2903 5343 3037 5407; x_wconf 90' lang='lat' dir='ltr'><strong>sqq.</strong></span> <span class='ocrx_word' id='word_1_684' title='bbox 3071 5334 3135 5383; x_wconf 91' lang='lat' dir='ltr'><strong>et</strong></span> <span class='ocrx_word' id='word_1_685' title='bbox 3170 5318 3234 5383; x_wconf 93' lang='lat' dir='ltr'><strong>in</strong></span> <span class='ocrx_word' id='word_1_686' title='bbox 3282 5318 3632 5406; x_wconf 89' lang='lat' dir='ltr'><strong>Symbolica</strong></span> <span class='ocrx_word' id='word_1_687' title='bbox 3672 5331 3736 5383; x_wconf 93' lang='lat' dir='ltr'><strong>et</strong></span> <span class='ocrx_word' id='word_1_688' title='bbox 3764 5319 4024 5406; x_wconf 85' lang='lat' dir='ltr'><strong>Mytho-</strong></span> 
     </span>
     <span class='ocr_line' id='line_1_92' title="bbox 2350 5420 4025 5510; baseline 0.001 -22"><span class='ocrx_word' id='word_1_689' title='bbox 2350 5422 2515 5510; x_wconf 90' lang='lat' dir='ltr'><strong>logia</strong></span> <span class='ocrx_word' id='word_1_690' title='bbox 2544 5425 2604 5488; x_wconf 93' lang='lat'><strong>1.</strong></span> <span class='ocrx_word' id='word_1_691' title='bbox 2632 5445 2697 5510; x_wconf 94' lang='lat' dir='ltr'><strong>p.</strong></span> <span class='ocrx_word' id='word_1_692' title='bbox 2725 5438 2874 5509; x_wconf 83' lang='lat'><strong>373.</strong></span> <span class='ocrx_word' id='word_1_693' title='bbox 2905 5445 3039 5509; x_wconf 89' lang='lat' dir='ltr'><strong>sqq.</strong></span> <span class='ocrx_word' id='word_1_694' title='bbox 3069 5420 3167 5487; x_wconf 91' lang='lat' dir='ltr'><strong>ed.</strong></span> <span class='ocrx_word' id='word_1_695' title='bbox 3200 5420 3374 5487; x_wconf 89' lang='lat' dir='ltr'><strong>alter.</strong></span> <span class='ocrx_word' id='word_1_696' title='bbox 3436 5420 3557 5485; x_wconf 88' lang='lat' dir='ltr'><strong>Sed</strong></span> <span class='ocrx_word' id='word_1_697' title='bbox 3586 5421 4025 5508; x_wconf 80' lang='lat' dir='ltr'><strong>quodammodo</strong></span> 
     </span>
    </p>
   </div>
   <div class='ocr_carea' id='block_1_9' title="bbox 2351 5522 4024 5687">
    <p class='ocr_par' dir='ltr' id='par_1_10' title="bbox 2351 5522 4024 5687">
     <span class='ocr_line' id='line_1_93' title="bbox 2351 5522 4024 5687; baseline 0 -96"><span class='ocrx_word' id='word_1_698' title='bbox 2351 5526 2737 5687; x_wconf 66' lang='lat' dir='ltr'><strong>dixi‚2neque</strong></span> <span class='ocrx_word' id='word_1_699' title='bbox 2779 5522 3010 5613; x_wconf 87' lang='lat' dir='ltr'><strong>negligi</strong></span> <span class='ocrx_word' id='word_1_700' title='bbox 3050 5523 3236 5590; x_wconf 86' lang='lat' dir='ltr'><strong>debet</strong></span> <span class='ocrx_word' id='word_1_701' title='bbox 3261 5522 3416 5589; x_wconf 89' lang='lat' dir='ltr'><strong>illud</strong></span> <span class='ocrx_word' id='word_1_702' title='bbox 3455 5523 3655 5606; x_wconf 83' lang='grc' dir='ltr'>ὥσπερ</span> <span class='ocrx_word' id='word_1_703' title='bbox 3692 5524 4024 5608; x_wconf 84' lang='grc' dir='ltr'>γράμματα.</span> 
     </span>
     <span class='ocr_line' id='line_1_94' title="bbox 2422 5634 2474 5687; baseline 0 0"><span class='ocrx_word' id='word_1_704' title='bbox 2422 5634 2474 5687; x_wconf 90' lang='grc' dir='ltr'>Ο</span> 
     </span>
    </p>
   </div>
  </div>
 </body>
</html>
