5118 6613
1106 585 1233 649 420

1118 738 1316 800 artifex
1360 736 1576 800 divinus
1622 760 1735 819 qua
1780 738 1998 800 ratione
2042 739 2212 800 faciat

1198 819 1392 881 omnia
1867 819 1984 881 Fic.
2011 842 2072 901 p.
2090 821 2209 880 628

1120 902 1314 962 artifex
1341 922 1596 962 summus
1620 903 1682 961 in
1710 901 2006 962 formanda
2031 915 2211 962 mate-

1200 983 1283 1042 ria
1307 1004 1422 1044 non
1450 982 1783 1062 defatigatur
1861 983 1981 1043 Fic.
2009 1005 2069 1063 p.
2098 999 2209 1059 272

1119 1078 1419 1145 argentum
1445 1064 1632 1125 vivum
1658 1063 1942 1125 Mercurio
1976 1063 2213 1123 attribu-

1201 1159 1322 1206 tum
1866 1146 1987 1204 Fic.
2015 1167 2072 1225 p.
2102 1161 2210 1222 173

1119 1240 1420 1307 argentum
1448 1227 1674 1288 Lunam
1699 1225 1952 1305 sequitur
2133 1225 2212 1285 ib.

1119 1322 1470 1390 argumento,
1491 1329 1604 1387 quo
1623 1306 2069 1387 contingentiam
2090 1306 2214 1387 qui-

1203 1390 1331 1449 dam
1353 1390 1582 1458 tollunt,
1602 1388 1914 1448 occurritur
1936 1390 2002 1449 F.
2022 1410 2076 1468 p.
2092 1405 2211 1466 445

1119 1484 1378 1550 aspectus
1404 1490 1440 1530 a
1464 1468 1678 1529 lumine
1707 1471 1774 1529 fit
2103 1489 2214 1529 100

1119 1564 1380 1631 aspectus
1415 1550 1662 1632 quinque
1700 1570 1826 1611 esse
1864 1553 2134 1630 probatur

1117 1725 1378 1792 aspectus
1418 1714 1568 1793 apud
1614 1633 2129 1795 astrologfficqiiot²
2135 1649 2213 1854 .ιὲ

1199 1795 1296 1873 qui
2134 1814 2152 1852 1

1117 1888 1374 1969 aspectus
1401 1874 1587 1954 plures
1608 1894 1776 1954 quam
1798 1874 2046 1970 quinque
2072 1894 2212 1934 con-

1197 1955 1353 2016 stitui
1383 1976 1549 2035 posse
1863 1956 1982 2016 Fic.
2011 1976 2068 2036 p.
2096 1975 2207 2016 212

1116 2050 1375 2117 aspectus
1403 2037 1535 2097 mali
1563 2036 1702 2096 nulli
1731 2050 1865 2096 sunt
2098 2039 2210 2116 189

1115 2131 1442 2198 aspectuum
1465 2118 1782 2178 distributio
1802 2118 1949 2198 apud
1978 2118 2210 2178 astrolo-

1194 2219 1297 2278 gos
1325 2198 1477 2258 unde
1502 2213 1628 2259 orta
1865 2199 1985 2259 Fic.
2013 2220 2068 2280 p.
2097 2219 2209 2259 212

1115 2292 1442 2375 aspectuum
1469 2279 1904 2361 significationes
1930 2283 2004 2341 ab
2027 2293 2209 2341 astro-

1195 2361 1380 2442 logis
1365 2375 1558 2440 mepte
1587 2363 1895 2457 probantur
2132 2361 2208 2421 ib.

1114 2456 1443 2522 aspectuum
1470 2442 1906 2538 significationes
2127 2442 2207 2503 ib.

1115 2523 1476 2602 asymmetria
1499 2524 1635 2619 quid
1867 2524 1984 2584 Fic.
2012 2544 2070 2604 p.
2087 2543 2206 2601 432

1115 2618 1265 2664 astra
1290 2605 1635 2699 plurimum'
1717 2607 1765 2665 is
1793 2607 2008 2666 habent
2095 2625 2207 2665 100

1114 2697 1264 2745 astra
1290 2685 1627 2746 caliditatem
1697 2689 1871 2746 abent
2127 2686 2205 2748 ib.

1114 2767 1279 2827 astris
1312 2780 1458 2828 artes
1500 2782 1562 2827 et
1597 2769 1838 2828 sortunae
1881 2767 2206 2846 neutiquam

1192 2848 1572 2910 adscribendae
1848 2849 1970 2909 Fic.
1999 2869 2058 2928 p.
2092 2866 2203 2925 207

1114 2929 1277 2988 astris
1303 2949 1419 2989 non
1448 2928 1640 2989 omnia
1664 2930 1962 2989 tribuenda
2093 2949 2200 3007 231

1114 3010 1422 3069 astronomi
1467 3009 1618 3070 docti
1658 3009 1874 3090 judicia
1915 3009 2210 3090 negligunt

1863 3091 1980 3151 Fic.
2010 3112 2065 3169 p.
2093 3110 2210 3166 224

1115 3171 1415 3252 astrologia
1465 3192 1583 3231 non
1630 3191 1854 3251 prorsus
1901 3193 1937 3232 a
1980 3172 2209 3232 Plotino

1195 3258 1401 3334 rejecta
1863 3252 1983 3315 Fic.
2012 3274 2069 3333 p.
2094 3268 2204 3331 205

1114 3335 1471 3414 astrologiam
1505 3355 1701 3395 vanam
1738 3355 1859 3395 esse
1889 3334 2209 3396 firmissimo

1195 3430 1529 3496 argumento
1557 3418 1826 3496 probatur
1863 3416 1979 3477 Fic.
2010 3438 2064 3496 p.
2094 3436 2203 3476 221

1113 3498 1382 3578 astrologi
1408 3497 1638 3576 quidam
1675 3498 1802 3578 plus
1844 3518 2006 3577 aequo
2048 3497 2210 3558 astris

1194 3579 1453 3639 tribuunt
1866 3580 1987 3639 Fic.
2012 3600 2068 3658 p.
2089 3598 2209 3656 430

1114 3661 1382 3741 astrologi
1401 3660 1584 3721 nullas
1610 3659 1966 3740 experientias
1991 3661 2211 3741 regulas

1196 3743 1403 3801 habent
1864 3742 1984 3801 Fic.
2012 3763 2066 3821 p.
2096 3761 2208 3801 222

1116 3822 1381 3903 astrologi
1406 3822 1463 3881 in
1485 3822 1885 3883 distribuendis
1915 3822 2207 3883 duodecim

1195 3904 1320 3963 caeli
1367 3904 1628 3963 domibus
1682 3924 1798 3964 non
1847 3904 2212 3964 consentiunt

1868 3986 1982 4044 Fic.
2013 4006 2069 4064 p.
2095 4005 2211 4062 209

1117 4063 1381 4144 astrologi
1410 4064 1686 4143 praeterita
1712 4086 1779 4125 ex
1804 4066 1966 4125 astris
2003 4066 2212 4125 riman-

1203 4159 1295 4204 tur
1866 4148 1984 4205 Fic.
2015 4167 2070 4225 p.
2098 4166 2212 4225 219

1120 4226 1384 4308 astrologi
1424 4228 1770 4308 experientia
1810 4227 2066 4288 nituntur

1865 4309 1987 4368 Fic.
2015 4331 2072 4388 p.
2099 4327 2210 4368 222

1120 4388 1388 4470 astrologi
1429 4409 1623 4450 causas
1663 4409 1846 4449 rerum
1892 4389 2186 4470 negligunt

1873 4470 1989 4531 Fic.
2018 4492 2071 4549 p.
2101 4491 2215 4549 209

1120 4551 1387 4632 astrologi
1427 4551 1889 4612 similitudinibus
1930 4552 2184 4611 nituntur

1866 4633 1984 4693 Fic.
2014 4652 2073 4712 p.
2101 4633 2213 4692 208

1120 4712 1386 4794 astrologi
1414 4716 1634 4794 fingunt
1668 4733 1834 4793 saepe,
1864 4734 1983 4773 non
2010 4715 2217 4774 docent

2139 4795 2213 4855 ib.

1121 4876 1391 4958 astrologi
1432 4890 1573 4956 quot
1610 4877 1802 4936 stellas
1842 4889 2140 4937 numerent

1910 4958 2027 5017 Fic.
2055 4980 2113 5038 p.
2142 4977 2217 5016 20

1123 5038 1391 5119 astrologi
1434 5038 1580 5098 inter
1620 5058 1681 5098 se
1720 5038 1963 5099 maxime
2001 5039 2218 5098 dissen-

1206 5123 1359 5180 tiunt
1875 5120 1993 5180 Fic.
2020 5140 2077 5199 p.
2103 5136 2216 5196 207

1124 5202 1387 5296 astrologi
1415 5202 1489 5260 ob
1514 5221 1707 5260 causas
1745 5201 1884 5260 duas
1926 5222 1961 5260 a
1995 5202 2221 5261 Plotino

1201 5282 1371 5343 derisi
1877 5281 1995 5342 Fic.
2024 5302 2079 5361 p.
2107 5297 2216 5358 205

1128 5364 1537 5443 astrologorum
1590 5365 1661 5423 de
1707 5362 1912 5423 viribus
1965 5363 2219 5442 planeta-

1206 5466 1329 5503 rum
1360 5444 1738 5525 discrepantes
1765 5443 2060 5504 sententiae

1868 5525 1988 5584 Fic.
2018 5545 2074 5603 p.
2104 5543 2168 5583 21
2186 5544 2209 5584 1

1129 5605 1536 5685 astrologorum
1563 5606 1829 5688 dogmata
1853 5604 2141 5665 arbitraria

1872 5687 1991 5748 Fic.
2021 5707 2077 5767 p.
2106 5706 2220 5765 209

2291 741 2697 821 astrologorum
2738 739 3089 820 quorundam
3133 760 3287 800 error

3040 822 3160 881 Fic.
3188 842 3245 900 p.
3273 840 3386 900 205

2292 903 2707 982 astrologorum
2733 903 3083 997 quorundam
3124 922 3276 962 error
3317 903 3389 961 de

2375 984 2606 1043 fixarum
2646 996 2707 1044 et
2745 983 3049 1044 errantium
3102 983 3387 1043 stellarum

2373 1064 2690 1125 differentia
3043 1063 3159 1124 Fic.
3189 1085 3247 1144 p.
3274 1083 3386 1142 207

2294 1146 2703 1241 astrologorum
2747 1147 2820 1206 de
2866 1145 3146 1205 radiorum
3188 1147 3390 1207 confu-

2374 1226 2534 1287 sione
2574 1228 2861 1288 sententia
2897 1225 3207 1305 explicatur
3233 1247 3269 1287 a
3293 1226 3391 1286 Fi-

2372 1307 2505 1368 cino
3042 1308 3158 1368 Fic.
3187 1328 3246 1388 p.
3275 1309 3390 1368 206

2293 1390 2703 1470 astrologorum
2750 1388 2931 1448 solida
2978 1388 3141 1458 ratio,
3187 1409 3289 1448 cur
3332 1388 3391 1448 in

2376 1484 2536 1531 tauro
2555 1484 2616 1530 et
2634 1469 2957 1549 capricorno
2982 1471 3244 1549 potiones
3273 1490 3389 1530 non

2374 1552 2489 1611 sint
2514 1552 2714 1611 dandae
3044 1552 3162 1611 Fic.
3189 1572 3248 1631 p.
3277 1572 3391 1612 210

2293 1633 2702 1714 astrologorum
2733 1632 2949 1709 judicia
2986 1633 3201 1692 incerta

3042 1713 3160 1774 Fic.
3189 1734 3246 1793 p.
3274 1729 3385 1791 205

2290 1794 2702 1875 astrologorum
2731 1795 2803 1855 de
2825 1794 3025 1855 diebus
3042 1793 3260 1870 judicia
3283 1815 3390 1854 sae·

2371 1875 2601 1954 pissime
2627 1876 2769 1936 falsa
3042 1876 3162 1936 Fic.
3190 1897 3246 1955 p.
3269 1895 3390 1953 409

2291 1957 2588 2038 astrologis
2612 1977 2783 2036 quare
2811 1977 2925 2016 non
2948 1957 3285 2017 credendum
3315 1956 3393 2016 sit

3038 2038 3156 2097 Fic.
3184 2058 3244 2117 p.
3276 2055 3389 2111 224

2289 2117 2468 2178 Attici
2506 2131 2568 2179 et
2590 2118 2877 2180 Plutarchi
2916 2117 2989 2178 de
3030 2119 3259 2178 materia
3302 2138 3389 2178 er-

2371 2219 2526 2260 rores
3046 2199 3163 2261 Fic.
3192 2222 3249 2280 p.
3274 2200 3387 2259 268

2291 2280 2467 2340 atomi
2494 2302 2615 2341 non
2640 2294 2774 2341 sunt
2800 2279 3032 2341 materia
3279 2282 3385 2357 163

2290 2375 2610 2423 atomorum
2637 2376 2825 2423 motus
2851 2362 3031 2440 qualis
3275 2381 3305 2421 2
3320 2381 3390 2440 19

2290 2444 2493 2503 atomis
2561 2443 2912 2524 impossibile
2978 2456 3068 2503 est
3133 2442 3389 2503 ordinem

2370 2524 2644 2619 subjicere
2832 2605 2845 2619 ο
3275 2543 3388 2601 230

2290 2607 2684 2747 :tffiffidgffg
2705 2606 2910 2747 Θὲἓιιέ
2943 2706 2978 2746 2
3024 2622 3390 2746 11ἰωὶἰίιοιίιίἶὲ

2370 2768 2428 2827 in
2470 2769 2688 2828 mundo
2728 2768 3060 2848 incorporeo
3103 2768 3390 2846 quomodo

2369 2849 2746 2944 intelligendis
3269 2850 3384 2908 622

2290 2930 2562 2990 audacia‘
2546 2952 2607 2990 111
2635 2951 2776 3010 quos
2802 2930 2968 2990 cadat
3360 2950 3383 2989 1

2291 3011 2520 3070 audacia
2559 3012 2708 3072 sitne
2749 3012 2818 3071 ad
2862 3010 3135 3081 animum,
3164 3030 3386 3091 corpus,

2369 3104 2468 3152 aut
2494 3095 2731 3152 mixtum
2759 3093 3045 3172 quoddam
3074 3093 3366 3152 referenda

2291 3254 2512 3315 auditus
2538 3256 2821 3337 objectum
3040 3254 3159 3316 Fic.
3190 3275 3246 3334 p.
3271 3174 3387 3333 gabr·

2291 3336 2513 3396 auditus
2539 3351 2602 3396 ιιι
2629 3338 2729 3397 fiat
3270 3354 3385 3414 453

2291 3418 2516 3478 auditus
2544 3419 2832 3497 quomodo
2860 3420 2957 3478 fiat
3269 3435 3385 3492 447

2291 3499 2514 3558 auditus
2541 3499 2867 3580 praestantia
3077 3498 3198 3558 Fic.
3229 3519 3285 3577 p.
3312 3516 3387 3574 37

2293 3580 2650 3661 Augustinus
2690 3592 2890 3640 contra
2930 3580 3241 3660 astrologos

3042 3661 3160 3720 Fic.
3188 3681 3246 3740 p.
3274 3679 3387 3720 222

2292 3742 2748 3823 augustissimum
2777 3744 2929 3821 quod
2956 3756 3046 3803 est
3071 3741 3390 3822 intelligen-

2373 3824 2508 3883 tiam
2536 3825 2918 3904 supereminet
3276 3842 3346 3901 73
3363 3844 3385 3882 ι

2292 3906 2581 3965 Avicenna
2619 3919 2817 3966 contra
2856 3905 3171 3985 astrologos

3033 3987 3158 4045 Fic.
3188 4006 3243 4064 p.
3272 4004 3388 4060 224

2293 4086 2424 4127 aves
2462 4066 2704 4126 naturali
2730 4065 3006 4127 instinctu
3035 4068 3219 4126 futura
3258 4087 3391 4146 por-

2374 4150 2618 4208 tendunt
3043 4148 3161 4207 Fic.
3190 4169 3249 4228 p.
3277 4167 3390 4207 210

2292 4229 2553 4289 Averrois
2579 4248 2731 4289 error
3047 4230 3165 4289 Fic.
3195 4251 3249 4308 p.
3279 4230 3388 4306 165

2293 4310 2563 4370 Averrois
2588 4324 2648 4370 et
2672 4310 2970 4370 Avicennae
3006 4310 3286 4370 sententia
3322 4312 3394 4370 de

2375 4397 2645 4470 cujusque
2672 4390 2745 4451 rei
2778 4406 2976 4451 natura
3276 4406 3389 4468 757

2294 4491 2490 4530 aurum
2514 4485 2574 4531 et
2599 4486 2893 4552 argentum
2917 4492 3017 4532 cur
3035 4473 3251 4532 caeteris
3278 4492 3395 4531 me-

2377 4553 2523 4613 tallis
2551 4553 2942 4632 praestantiora
3047 4553 3163 4613 Fic.
3196 4574 3252 4632 p.
3282 4571 3388 4630 175

2296 4654 2494 4694 aurum
2522 4635 2639 4694 Soli
2669 4635 2997 4695 attributum
3039 4634 3160 4694 Fic.
3189 4655 3247 4714 p.
3283 4651 3389 4711 173

2297 4735 2494 4774 aurum
2525 4716 2774 4795 potabile
3051 4715 3168 4775 Fic.
3198 4737 3252 4795 p.
3283 4717 3395 4793 176

2296 4797 2414 4857 auri
2443 4798 2811 4877 proprietates
3051 4797 3170 4856 Fic.
3202 4818 3257 4875 p.
3284 4813 3390 4874 173

2298 4880 2416 4936 auri
2443 4879 2725 4958 corruptio
2753 4891 2811 4938 et
2838 4878 3197 4959 pulchritudo
3319 4894 3395 4954 54

2299 4961 2416 5017 auri
2445 4960 2735 5039 generatio
3052 4960 3171 5019 Fic.
3201 4980 3257 5039 p.
3286 4977 3391 5034 173

2299 5040 2584 5120 auspicum
2614 5039 3001 5119 praedictiones
3051 5040 3168 5100 Fic.
3199 5062 3255 5119 p.
3277 5042 3388 5118 651

2298 5281 2628 5358 Babyloniae
2672 5302 2765 5343 rex
2794 5284 3080 5362 quomodo
3120 5282 3268 5343 inter
3294 5285 3397 5343 bo-

2379 5382 2472 5421 ves
2499 5378 2746 5423 versatus
2774 5365 2849 5423 sit
3279 5365 3396 5442 380

2298 5444 2649 5503 Bardesanes
2691 5445 2862 5525 Syrus
2910 5458 3266 5505 astronomus
3306 5466 3396 5505 sa·

2382 5524 2767 5619 pientissimus
3050 5526 3166 5587 Fic.
3196 5547 3253 5606 p.
3277 5528 3396 5602 408

2299 5605 2431 5665 belli
2458 5619 2515 5666 et
2542 5605 2799 5666 dissidii
2783 5628 2842 5667 10
2863 5607 3063 5669 creatis
3091 5609 3255 5669 rebus
3282 5607 3396 5668 ori-

2380 5708 2455 5768 go
3281 5690 3393 5765 267

2094 562 2410 633 INDEX
2453 564 2801 632 RERUM
2844 565 2975 631 ΕΤ
3020 565 3572 633 VERBORUM.

3467 739 3757 800 beatitudo
3818 739 4020 800 animoe
4086 737 4523 822 contemplantis

3546 823 3732 881 Deum
4440 821 4561 897 629

3468 903 3755 964 beatitudo
3783 901 3919 982 quid
4214 899 4334 962 Fic.
4364 922 4424 996 p‘.
4452 920 4560 977 132

3468 984 3756 1044 beatitudo
3817 982 4129 1043 intenditur
4186 981 4541 1043 assecutione

3468 1064 4167 1226 1,.Σῖἰέξίἰὲῗέρΐὲἳὲἲ
4190 1063 4460 1205 ..officii
4483 1066 4560 1222 ἓξ

3467 1228 3757 1287 beatitudo
3826 1248 3940 1286 non
4008 1239 4242 1308 augetur
4298 1227 4567 1287 diuturna

3547 1308 4025 1389 contemplatione
4481 1325 4560 1384 43

3469 1390 3757 1450 beatitudo
3788 1411 3903 1449 non
3947 1402 4036 1449 est
4077 1402 4332 1469 tempore
4372 1388 4565 1448 nunti-

3550 1471 3698 1530 anda
4487 1484 4562 1546 45

3469 1552 3759 1612 beatitudo
3796 1573 3912 1612 non
3952 1563 4188 1633 augetur
4212 1549 4565 1610 diuturniore

3552 1633 3833 1727 voluptate
4484 1650 4560 1708 43

3469 1713 3796 1774 beatitudo
3780 1734 3841 1773 ιιι
3870 1714 4131 1793 proesenti
4158 1709 4405 1773 cernitur
4485 1730 4562 1789 45

3470 1795 3803 1855 beatitudini
3848 1794 4117 1855 memoria
4154 1794 4565 1887 praeteritorum

3553 1876 3631 1935 nil
3658 1877 3818 1936 addit
4486 1874 4564 1935 ib.

3468 1958 3666 2017 beatus
3694 1957 3755 2017 in
3782 1958 3946 2017 rebus
3973 1955 4210 2016 adversis
4238 1954 4565 2015 felicitatem

3552 2038 3756 2098 retinet
4488 2056 4562 2112 32

3468 2120 3665 2179 beatus
3685 2139 3786 2179 001·
3804 2117 4053 2198 corporis
4082 2118 4435 2197 fortuneque
4462 2120 4562 2178 bo-

3550 2221 3624 2260 na
3649 2212 3875 2279 expetat
4487 2200 4563 2258 ib.

3469 2283 3665 2342 beatus
3693 2282 3818 2360 quis
4260 2279 4380 2341 Fic.
4408 2302 4465 2360 p.
4484 2282 4566 2355 46

3464 2364 3663 2423 beatus
3692 2362 3830 2421 nihil
3860 2362 4140 2422 desiderat
4488 2380 4562 2438 32

3469 2446 3634 2504 beata
3660 2445 3773 2502 vita
3798 2464 3923 2522 quae
4124 2442 4242 2502 Fic.
4273 2463 4327 2521 p.
4351 2441 4451 2517 48,
4482 2461 4562 2519 49

3465 2527 3632 2585 beata
3659 2524 3773 2584 vita
3798 2525 3856 2584 in
3886 2524 4176 2584 intellectu
4256 2522 4374 2583 Fic.
4406 2544 4463 2603 p.
4484 2541 4561 2599 47

3468 2608 3689 2666 beatam
3716 2606 3888 2666 vitam
3926 2625 4028 2666 cur
4056 2626 4170 2665 non
4208 2625 4409 2664 omnes
4446 2606 4565 2663 adi·

3548 2688 3834 2767 piscantur
4487 2685 4563 2744 ib.

3467 2769 3677 2830 bellum
3700 2789 3771 2827 an
3793 2766 4137 2827 fortitudinis
4157 2786 4325 2827 causa
4343 2765 4419 2825 sit
4448 2768 4563 2843 738

3469 2850 3792 2909 Bernardus
3822 2850 4073 2908 Bembus
4446 2850 4560 2924 467

3465 2930 3694 2992 Boethii
3707 2931 3777 2990 de
3791 2931 3937 2990 entis
3948 2942 4146 2989 natura
4154 2927 4436 2988 sententia
4448 2946 4479 3004 7
4485 2929 4563 3006 56

3468 3012 3691 3073 bonitas
3727 3024 3787 3070 et
3822 3011 4005 3071 unitas
4033 3011 4318 3089 quomodo
4344 3008 4561 3089 simpli-

3546 3092 3774 3154 cissima
3799 3094 4056 3152 dicantur
4213 3092 4333 3151 Fic.
4363 3111 4421 3170 p.
4444 3092 4561 3167 348

3468 3174 3692 3234 bonitas
3719 3176 3843 3252 ipsa
3868 3173 4002 3253 quid
4445 3174 4562 3249 536

3468 3256 3778 3316 bonitatem
3837 3268 3898 3316 et
3950 3253 4225 3315 unitatem
4273 3254 4560 3331 quomodo

3549 3335 3916 3416 contemplari
3944 3338 4245 3397 debeamus
4280 3335 4346 3393 F.
4365 3357 4424 3415 p.
4444 3339 4560 3412 348

3468 3420 3633 3478 bonis
3685 3419 4012 3497 plerumque
4065 3436 4346 3497 prospera,
4402 3417 4561 3476 malis

3547 3500 3776 3559 adversa
3802 3502 4146 3581 contingunt
4215 3498 4333 3558 Fic.
4364 3518 4422 3577 p.
4442 3516 4558 3575 433

3470 3583 3680 3640 bonum
3708 3580 3842 3659 quid
4261 3579 4375 3638 Fic.
4406 3600 4460 3658 p.
4484 3598 4555 3656 91

3469 3663 3682 3721 bonum
3709 3674 3768 3721 et
3795 3662 4005 3722 malum
4027 3661 4313 3741 quomodo
4339 3673 4563 3720 contra-

3553 3764 3632 3802 ΠΒ
4489 3758 4561 3816 73

3469 3827 3681 3885 bonum
3708 3825 3994 3903 quomodo
4022 3823 4196 3884 etiam
4226 3820 4561 3882 inanimato-

3549 3927 3673 3965 rum
3722 3919 3784 3964 et
3837 3925 4195 3965 numerorum
4247 3903 4306 3963 in
4355 3904 4562 3964 unione

3549 3987 3823 4047 consistat
4447 3986 4564 4080 607

3469 4067 3724 4127 bonum
3708 4087 3891 4147 ipsum
3922 4069 4071 4127 sitne
4092 4087 4265 4126 unum
4288 4078 4349 4126 et
4375 4068 4569 4124 omnia

3551 4169 3733 4210 necne
4215 4146 4338 4206 Fic.
4366 4169 4425 4227 p.
4453 4164 4566 4222 270

3470 4233 3682 4290 bonum
3710 4231 3755 4288 si
3787 4228 3879 4301 sit,
3906 4242 3966 4288 et
4008 4229 4219 4288 malum
4253 4226 4567 4288 necessario

3554 4310 3661 4371 ent
4493 4324 4566 4385 77

3473 4394 3683 4452 000010
3722 4404 3782 4451 et
3822 4391 4062 4471 pravitas
4101 4390 4389 4470 quomodo
4425 4410 4565 4449 con·

3554 4472 3723 4533 traria
4493 4472 4571 4547 76

3473 4556 3685 4614 bonum
3714 4573 3775 4613 se
3803 4557 3987 4634 ipsum
4018 4572 4132 4612 non
4160 4551 4529 4632 apprehendit

4226 4633 4345 4693 Fic.
4372 4656 4427 4713 p.
4450 4634 4561 4708 663

3476 4715 3734 4777 bonum
3720 4735 3903 4795 ipsum
3928 4734 4029 4775 cur
4055 4734 4232 4773 unum
4261 4714 4476 4774 dicatur

4221 4795 4342 4855 Fic.
4372 4816 4428 4874 p.
4451 4795 4567 4872 629

3476 4881 3688 4938 bonum
3709 4879 3896 4957 ipsum
3917 4897 4015 4936 cur
4031 4877 4261 4936 nomine
4280 4889 4467 4936 careat
4491 4876 4565 4934 ib.

3475 4960 3686 5018 bonum
3715 4958 3997 5037 antiquius
4022 4958 4276 5038 superius
4301 4976 4422 5017 esse
4448 4957 4569 5036 pul·

3556 5041 3691 5099 ebro
3718 5042 4024 5134 probatur
4452 5057 4569 5114 530

3478 5123 3688 5181 bonum
3716 5140 3896 5200 ipsum
3926 5133 3984 5180 et
4010 5119 4328 5180 intellectus
4361 5118 4572 5178 diversa

3557 5221 3679 5261 esse
3705 5202 4022 5262 ostenditur
4452 5202 4571 5276 536

3478 5282 3726 5342 bonum
3711 5303 3894 5362 ipsum
3922 5284 3995 5342 ab
4015 5281 4240 5342 actione
4262 5278 4571 5360 expetitum

3477 5448 3690 5505 bonum
3719 5446 3790 5505 ab
3819 5443 4081 5504 omnibus
4118 5444 4412 5523 expetitur,
4445 5377 4572 5523 531⁷-

3556 5528 3752 5585 chrum
3780 5546 3895 5585 non
3922 5527 4061 5584 item
4453 5543 4571 5602 530

3476 5608 3690 5666 bonum
3719 5607 3972 5666 adultum
3999 5605 4137 5685 quid
4163 5606 4381 5666 dicatur
4455 5623 4523 5684 71
4540 5624 4563 5662 1

3479 5690 3691 5747 bonum
3720 5688 3901 5769 ipsum
3929 5700 3994 5747 ut
4016 5698 4272 5767 procreet
4452 5705 4568 5765 493
