5118 6613
1372 562 1573 627 ΜΒ.
1619 562 1697 626 v.
1745 557 2198 625 ENNEAD.
2249 554 2715 622 TERTIAE.
2759 578 2824 644 p.
2855 569 3222 642 535-539·

529 737 897 817 αὐτὴν-καὶ
927 738 1209 819 περίοδον
1246 734 1371 815 μετ’
1405 736 1598 800 αὐτῶν
1625 735 1932 816 περιϊόντι·
1982 735 2230 800 ἀπαθεῖς

525 842 726 906 τοίνυν
755 841 875 905 εἰσὶ
915 840 1011 904 καὶ
1050 840 1109 902 οἱ
1154 840 1446 918 δαίμονες,
1482 839 1577 903 καὶ
1615 836 1813 902 πάντα
1849 839 1925 901 τᾶ
1968 838 2224 902 συνεπό-

520 969 674 1025 μενα
718 944 918 1010 αὐτοῖς
967 947 1085 1007 τῶν
1132 943 1481 1023 κρειττόνων
1531 947 1742 1024 γενῶν.
1832 939 2028 1005 Adde
2073 941 2230 1003 Pro-

522 1044 688 1109 clum
717 1043 782 1109 in
813 1042 1055 1132 Cratyl.
1094 1047 1150 1129 ξ.
1185 1061 1290 1126 72.
1330 1060 1466 1125 117.
1505 1061 1651 1128 123.
1692 1062 1836 1129 131.
1928 1041 2227 1106 Eundem

523 1150 584 1213 in
631 1148 781 1214 Alc.
813 1170 913 1236 pr.
959 1169 1026 1234 p.
1049 1149 1161 1229 46.
1193 1146 1297 1211 68.
1341 1168 1480 1233 sqq.
1514 1144 1618 1209 82.
1659 1167 1799 1232 sqq.
1843 1159 1907 1210 et
1950 1144 2017 1209 in
2064 1146 2223 1210 Inst.

524 1252 754 1317 Theol.
793 1276 846 1317 c.
886 1251 1027 1333 148.
1060 1272 1120 1338 p.
1160 1249 1306 1315 218.
1348 1272 1483 1336 sqq.
1518 1247 1619 1312 ed.
1669 1264 1861 1314 nostr.
1913 1249 2019 1313 Cf.
2053 1248 2231 1314 Cud-

520 1355 742 1420 worth.
779 1357 946 1443 Syst.
974 1351 1270 1418 intellect.
1303 1375 1439 1438 cap.
1474 1352 1591 1417 1v.
1628 1354 1686 1436 ξ.
1722 1371 1821 1433 24.
1854 1374 1915 1439 p.
1945 1372 2099 1437 491.
2132 1375 2222 1440 sq.

522 1459 621 1524 ed.
674 1458 990 1523 Moshem.
1095 1455 1437 1543 Disputavi
1492 1455 1573 1520 de
1629 1454 1728 1520 his
1784 1454 2102 1520 sententiis
2160 1456 2222 1520 in

527 1560 884 1650 Symbolica
910 1575 973 1625 et
1003 1558 1284 1646 Mythol.
1320 1559 1461 1623 III.
1492 1580 1558 1645 p.
1591 1560 1692 1623 60.
1727 1580 1865 1645 sqq.
1895 1556 1997 1622 ed.
2028 1557 2134 1623 alt.

606 1688 671 1754 p.
698 1681 849 1751 537,
882 1679 980 1749 15.
1003 1664 1148 1744 ὅτιῆ
1172 1666 1400 1744 καθαρὰ
1421 1662 1652 1746 (ψυχὴ)
1675 1663 1815 1727 θεὸν
1832 1665 2049 1752 γεννᾷ]
2073 1663 2219 1729 Vid.

529 1769 835 1857 Porphyr.
897 1767 978 1832 de
1026 1766 1158 1830 Vit.
1215 1764 1383 1830 Plot.
1419 1789 1475 1832 c.
1523 1767 1649 1831 XI.
1697 1766 1846 1853 ibiq.
1899 1782 2113 1833 annot.
2163 1781 2226 1833 et

522 1871 685 1937 conf.
720 1892 913 1959 supra
932 1893 1000 1958 p.
1036 1870 1179 1936 286.
1214 1870 1290 1933 Β.

605 2011 696 2023 -
730 1992 830 2057 17.
875 1971 912 2053 ἢ
947 1972 1157 2054 ἔρωτες
1185 1973 1298 2052 μὲν
1320 1972 1379 2036 οἳ
1409 1979 1735 2054 γεννῶνται
1753 1977 1956 2058 ψυχῆς
1984 1972 2230 2055 ἐφιεμέ-

525 2104 625 2158 νης
674 2080 783 2140 τοῦ
828 2077 1059 2158 ἀγαθοῦ
1099 2074 1194 2138 καὶ
1245 2077 1579 2139 καλοῦ-οἱ
1622 2078 1688 2141 δὲ
1736 2077 1916 2140 ἄλλοι
1954 2076 2227 2156 δαίμονες

525 2207 573 2244 κ.
594 2178 762 2263 τ.λ.]
815 2175 1071 2243 Proclus
1099 2175 1163 2240 in
1197 2175 1399 2240 Alcib.
1440 2200 1535 2265 pr.
1567 2199 1634 2263 p.
1665 2179 1745 2260 67
1783 2201 1798 2240 ε
1836 2174 2083 2260 Ὥσπερ
2109 2181 2228 2260 γὰρ

524 2280 685 2346 ἅπαν
709 2281 779 2345 τὸ
807 2282 1103 2362 δαιμόνων
1126 2280 1431 2362 ἐξήρτηται
1453 2284 1554 2360 τῆς
1578 2284 1851 2362 ἐρωτικῆς
1877 2283 2222 2361 μεσότητος,

525 2387 672 2450 οὕτω
719 2384 789 2464 δὴ
829 2385 925 2448 καὶ
963 2386 997 2447 ὁ
1034 2385 1170 2465 περὶ
1209 2388 1315 2448 τοῦ
1358 2384 1637 2464 δαίμονος
1678 2385 1864 2467 λόγος
1908 2383 2227 2449 συνέπεται

527 2486 634 2567 (al.
668 2485 1057 2568 συνάπτεται)
1089 2490 1172 2571 τῷ
1197 2485 1333 2567 περὶ
1359 2489 1467 2549 τοῦ
1497 2483 1607 2568 (al.
1637 2489 1738 2565 τῆς
1765 2484 1957 2570 male)
1991 2486 2223 2568 ἔρωτος,

527 2591 623 2655 καὶ
652 2590 821 2654 ἔστιν
852 2589 1058 2674 ἐκείνῳ
1099 2587 1416 2670 συγγενής.
1460 2588 1648 2668 μέσος
1693 2593 1810 2671 γὰρ
1856 2589 1951 2653 καὶ
1981 2587 2228 2671 ὁ’Έρως

527 2694 783 2774 ἐραστοῦ
828 2691 923 2755 καὶ
973 2691 1242 2771 ἐρῶντος,
1294 2690 1390 2753 καὶ
1434 2691 1468 2753 ὁ
1513 2691 1736 2768 δαίμων
1781 2692 2094 2772 ἀνθρώπου
2137 2690 2232 2755 καὶ

525 2798 686 2859 θεοῦ.
732 2809 797 2858 et
823 2815 971 2881 quae
999 2792 1187 2881 plura
1215 2806 1278 2858 et
1308 2792 1370 2856 in
1405 2791 1904 2879 praecedentibus
1933 2808 1997 2858 et
2036 2793 2100 2857 in
2141 2817 2232 2858 se-

527 2896 868 2984 quentibus
910 2896 976 2961 in
1011 2896 1173 2961 hanc
1203 2896 1569 2961 sententiam
1599 2896 1924 2984 disputat;
1974 2920 2085 2961 nec
2115 2897 2229 2961 mi-

529 3021 648 3064 nus
678 2997 1172 3087 olympiodorus
1210 3000 1273 3063 in
1305 2998 1575 3063 eundem
1608 2998 1818 3063 Alcib.
1850 3022 1945 3087 pr.
1981 3023 2037 3063 c.
2067 3020 2131 3086 3.
2161 3022 2225 3086 p.

526 3121 627 3168 21.
663 3126 805 3190 sqq.
872 3103 975 3168 De
995 3102 1094 3167 his
1117 3119 1325 3168 autem
1348 3102 1597 3190 judicat
1629 3102 1934 3167 Brucker.
1960 3102 2025 3167 in
2053 3103 2225 3168 Hist.

526 3205 682 3271 crit.
731 3204 964 3270 Philos.
1015 3206 1111 3269 II.
1165 3229 1224 3293 p.
1254 3223 1420 3291 425:
1469 3211 1513 3245 “
1547 3205 2059 3270 Fundamentum
2108 3205 2226 3271 hoc

524 3309 646 3375 fuit
676 3308 1062 3397 syncretismi
1101 3309 1379 3374 omnium
1427 3309 1823 3396 religionum,
1858 3331 2050 3397 quem
2088 3309 2227 3376 iniit

521 3410 917 3500 philosophia
962 3410 1454 3476 Alexandrina.”
1545 3412 1709 3476 Haec
1761 3411 1812 3476 si
1858 3435 2005 3477 vera
2055 3428 2225 3491 sunt,

524 3538 743 3580 vereor
790 3537 871 3579 ne
915 3513 982 3578 in
1026 3514 1237 3602 ipsum
1286 3513 1605 3579 Platonem
1654 3515 1791 3601 ejus
1841 3516 2226 3605 syncretismi

523 3618 753 3683 crimen
784 3617 1144 3705 detorqueri
1173 3617 1420 3695 debeat,
1439 3641 1478 3681 a
1504 3641 1634 3705 quo
1661 3617 1767 3683 ille
1796 3641 2052 3707 prorsus
2072 3619 2230 3684 liber

525 3720 1036 3807 een—Disputat
1065 3720 1145 3785 de
1173 3720 1273 3784 his
1298 3737 1363 3786 et
1404 3722 1808 3808 sequentibus
1844 3724 2027 3788 etiam
2068 3726 2223 3789 Tie-

527 3826 879 3890 demamus
907 3823 969 3888 in
1011 3823 1174 3889 libro
1207 3826 1384 3889 Geist
1410 3826 1525 3888 der
1551 3826 1792 3912 spelcul.
1827 3826 2229 3913 Philo-sophie

525 3929 666 3993 III.
699 3951 768 4016 p.
798 3930 945 4015 369.
976 3951 1113 4016 sqq.
1192 3928 1319 4007 Qui
1344 3928 1599 4015 quidem
1626 3942 1697 3992 ut
1728 3929 1996 4016 plurima
2021 3929 2136 3993 sibi
2162 3929 2225 3993 in

522 4032 621 4097 his
641 4032 910 4098 obscura
927 4055 1059 4096 esse
1086 4031 1395 4118 queritur,
1417 4032 1503 4097 ita
1530 4032 1884 4112 confitetur,
1913 4032 2225 4097 notionem

526 4135 745 4200 mundi
775 4133 1179 4223 intelligibilis
1206 4151 1269 4201 et
1311 4134 1631 4214 sensibiliS‚
1661 4157 1852 4221 quam
1898 4135 2084 4201 Plato
2124 4136 2223 4199 in-

521 4237 836 4315 formavit,
881 4236 1084 4301 multo
1127 4237 1350 4324 purius
1394 4250 1457 4301 et
1510 4236 1838 4302 sublimius
1890 4260 1929 4302 a
1977 4237 2228 4303 Plotino

525 4364 654 4405 esse
685 4340 1083 4427 descriptam.
1177 4340 1325 4428 Ipse
1346 4339 1527 4426 attigi
1558 4339 1726 4404 hunc
1758 4339 1989 4405 Plotini
2021 4339 2228 4405 locum

523 4442 587 4506 iu
622 4442 982 4531 Symbolica
1013 4443 1152 4506 ΙΙΙ.
1183 4466 1250 4530 p.
1285 4459 1386 4526 72.
1423 4466 1557 4530 sqq.
1588 4442 1686 4507 ed.
1718 4443 1826 4508 alt.

595 4568 661 4633 p.
670 4566 708 4631 5
712 4566 751 4632 3
760 4546 885 4620 8,8.
908 4545 1028 4610 Καὶ
1055 4549 1235 4628 γὰρεί
1253 4548 1500 4626 σώματα
1521 4545 2102 4627 προσλαμβάνουσιν
2131 4546 2230 4611 ἀέ-

523 4672 659 4731 ρινα
671 4647 963 4734 ἢπύρινα]
984 4651 1173 4713 Hanc
1189 4663 1401 4714 senten
1409 4649 1555 4714 tiam
1575 4648 1845 4736 amplexi
1864 4663 2040 4713 erant
2058 4649 2230 4714 haud

524 4752 732 4841 pauci,
764 4752 948 4839 eique
977 4751 1279 4817 Ecclesiae
1318 4755 1538 4817 Patres
1568 4776 1644 4817 ex
1680 4754 1752 4817 V.
1777 4754 1862 4817 T.
1893 4753 2228 4818 auctorita-

524 4871 647 4920 tem
678 4854 911 4920 addere
950 4854 1308 4933 studebant,
1341 4854 1666 4920 laudantes
1696 4856 1887 4920 verba
1916 4856 2182 4920 Davidis
2209 4881 2224 4920 :

525 4960 558 5021 ὖ
584 4963 771 5023 ποιῶν
800 4959 936 5026 τοὺς
973 4958 1271 5041 ἀγγέλους
1307 4961 1614 5040 πνεύματα
1654 4960 1750 5024 καὶ
1791 4961 1926 5027 τοὺς
1963 4968 2227 5043 λειτουρ-

525 5059 665 5141 γοὺς
685 5061 1033 5142 φλογίνους.
1084 5060 1228 5126 Vid.
1255 5061 1448 5126 Basil.
1475 5064 1700 5149 Magn.
1722 5063 1801 5127 ad
1825 5063 2224 5151 Amphiloch-

524 5162 602 5226 de
633 5161 872 5249 Spiritu
910 5164 1139 5229 Sancto
1165 5187 1299 5253 cap.
1341 5167 1440 5232 16.
1532 5165 1780 5231 Deinde
1819 5167 2224 5254 quaesierunt,

525 5279 737 5328 utrum
768 5262 1131 5350 angelorum
1170 5290 1401 5354 corpus
1439 5267 1602 5333 idem
1650 5268 1730 5334 sit
1771 5284 1963 5356 atque
1996 5270 2227 5335 daemo-

526 5390 674 5433 num
709 5369 804 5451 (τί
826 5368 896 5448 δὴ
925 5374 1098 5435 τοῦτο
1128 5375 1397 5456 συμφυὲς
1436 5373 1720 5457 ἀγγέλοις
1750 5380 1941 5454 σῶμα,
1972 5377 2227 5458 πότερον

526 5473 739 5537 ταύτόν
786 5474 917 5536 ἐστι
963 5474 1057 5537 καὶ
1099 5481 1223 5543 τοῖς
1266 5478 1580 5562 δαίμοσις)
1627 5492 1691 5542 et
1733 5476 1957 5543 similia
1998 5479 2116 5544 hoc
2158 5480 2221 5544 in

3902 574 4017 641 171

2315 730 2491 795 hibet
2533 729 2610 809 is,
2641 753 2679 794 a
2721 751 2852 816 quo
2895 727 3030 793 haec
3067 727 3261 793 verba
3302 739 3632 792 mutuatus
3673 749 3835 806 sum,
3885 729 4018 793 Mi-

2315 833 2489 899 chael
2521 832 2769 897 Psellus
2796 833 2933 914 περὶ
2973 833 3276 915 ἐνεργείας
3304 833 3604 912 δαιμόνων
3642 855 3704 920 p.
3736 851 3842 916 45.
3879 855 4018 919 sqq.

2315 936 2412 1001 ed.
2463 936 2675 1000 Kilon.
2713 933 3033 1022 hujusque
3075 934 3380 1023 interpres
3429 935 3830 999 Gaulminue.
3920 937 4025 1001 De

2315 1041 2575 1107 vocibus
2604 1041 2966 1105 daemonum
2993 1039 3160 1104 infra
3180 1039 3550 1127 pronuntiat
3582 1038 3874 1104 Plotinus
3902 1040 4018 1103 IV.

2312 1165 2376 1232 3.
2418 1146 2518 1209 18.
2554 1167 2621 1233 p.
2651 1145 2800 1230 385.
2836 1145 2912 1208 F.

2398 1272 2462 1337 p.
2485 1249 2636 1335 538,
2681 1250 2773 1314 16.
2820 1250 2855 1311 ὁ
2902 1245 3168 1311 Πλάτων
3198 1246 3382 1335 φησὶ]
3433 1248 3723 1335 Sympos.
3758 1268 3825 1334 p.
3866 1264 4015 1332 203.

2312 1375 2374 1441 p.
2400 1372 2550 1438 429.
2592 1351 2794 1417 Bekk.

2397 1480 2459 1544 p.
2485 1477 2638 1543 539,
2678 1475 2772 1521 12.
2822 1457 2939 1520 Καὶ
2968 1456 3135 1521 ἔστιν
3168 1456 3203 1517 ὁ
3232 1455 3377 1536 ἔρως
3402 1455 3534 1518 οἶον
3562 1454 3829 1542 οἶστρος]
3865 1455 4012 1518 Hu-

2302 1560 2412 1647 jus
2454 1560 2645 1638 vocis,
2693 1582 2839 1647 quae
2880 1581 3106 1623 caecam
3156 1556 3565 1646 cupiditatem
3608 1572 3672 1621 et
3714 1556 4014 1621 furiosam

2309 1662 2536 1727 amoris
2569 1663 2914 1748 praesertim
2941 1660 3266 1726 libidinem
3289 1660 3599 1746 designat,
3634 1659 4015 1747 usurpandoe

2311 1790 2521 1831 ansam
2553 1790 2590 1831 e
2622 1765 2903 1831 Platonis
2930 1764 3177 1853 scriptis
3210 1763 3547 1851 arripuisse
3575 1762 3827 1827 videtur
3873 1763 4019 1829 Plo-

2311 1871 2496 1935 tinus.
2562 1870 2705 1935 Vid.
2733 1869 2958 1935 Timaei
2989 1870 3144 1934 Lex.
3188 1868 3438 1934 Platon.
3471 1868 3536 1932 in
3568 1870 3799 1952 οἰστρᾷ,
3832 1884 3896 1933 et
3929 1867 4016 1934 ibi

2312 1973 2580 2039 Ruhnk.
2626 1998 2693 2061 p.
2750 1995 2888 2060 190.
2962 1977 3110 2039 Ast.
3169 1971 3250 2037 ad
3305 1971 3561 2036 Phaedr.
3593 1976 3680 2060 ‘p.
3740 1972 3885 2056 265.
3935 1971 4017 2036 ad

2314 2081 2546 2167 Remp.
2583 2080 2718 2145 IX.
2765 2097 2824 2144 2.
2855 2101 2919 2164 p.
2953 2094 3105 2163 597.
3163 2076 3493 2141 Himerius
3532 2076 3712 2140 Orat.
3747 2076 3919 2139 XX.
3954 2077 4016 2139 6.

2313 2203 2377 2269 p.
2414 2182 2566 2263 726.
2599 2180 2929 2246 Wernsdf.
2971 2183 3059 2248 τίς
3101 2181 3271 2247 οὗτος
3311 2181 3463 2259 ὑμᾶς
3502 2177 3744 2259 ποιητὸς
3783 2178 4019 2259 οἶστρος

2315 2283 2597 2365 ἐξέμηνες
2644 2283 2809 2349 idem
2859 2299 3065 2347 tamen
3110 2281 3417 2369 interpres
3444 2280 3679 2346 XXII.
3712 2299 3773 2364 9,
3818 2279 4012 2344 Ἀττι-

2315 2394 2436 2455 κοῖς
2461 2390 2720 2470 οἴστροις
2760 2386 2825 2450 in
2869 2386 2966 2450 ’A.
3002 2387 3300 2467 σείστροις
3333 2383 3563 2448 mutari
3599 2382 3804 2471 jubet.
3888 2382 4016 2447 Ad-

2313 2488 2432 2555 daei
2477 2490 2868 2576 Epigramm.
2905 2488 3133 2552 VIII.:
3183 2487 3460 2570 γυναικὸς
3498 2487 3736 2567 οἶστρος
3762 2486 3843 2550 de
3873 2487 4012 2550 Eu-

2316 2593 2561 2682 ripidae‚
2603 2593 2711 2658 ubi
2756 2591 2882 2657 vid.
2916 2592 3162 2657 Jacobs.
3203 2591 3282 2655 ad
3331 2588 3595 2655 Anthol.
3648 2588 3788 2654 Vol.
3822 2590 3923 2653 11.
3952 2612 4015 2677 p.

2321 2713 2466 2781 235.
2518 2694 2817 2783 Agathiae
2867 2694 3092 2782 Epigr.
3134 2693 3324 2759 XLI.
3378 2692 3473 2758 ὑπ’
3521 2694 3735 2775 ἔρωτος
3786 2696 4021 2775 οἰστρη-

2317 2800 2473 2871 θείς;
2522 2812 2587 2863 et
2629 2798 2718 2863 ita
2761 2798 2990 2886 saepius
3033 2796 3138 2862 alii
3180 2819 3460 2884 quoque,
3491 2794 3752 2861 docente
3794 2794 4016 2860 eodem

2315 2904 2607 2968 Jacobsio
2634 2902 2717 2967 ad
2747 2901 2981 2967 Achill.
3020 2904 3172 2967 Tat.
3199 2924 3268 2989 p.
3300 2902 3447 2982 460.
3483 2901 3575 2983 (Ι.
3606 2923 3661 2964 c.
3700 2903 3832 2986 12.)
3867 2899 4019 2964 Phi-

2315 3003 2611 3069 lostratus
2654 3006 2900 3093 Imagg.
2934 3004 2992 3068 Ι.
3032 3023 3129 3089 13.
3161 3002 3271 3066 τὸν
3312 3004 3377 3067 δὲ
3416 3002 3660 3084 οἶστρον
3705 3007 4016 3083 προσβακ-

2314 3111 2540 3191 χεύσας
2567 3114 2694 3176 ταῖς
2734 3107 3002 3191 γυναιξὶν
3055 3108 3405 3190 (Διόνυσος)
3452 3104 3533 3170 ad
3581 3125 3771 3193 quem
3808 3103 4019 3170 locum

2313 3209 2543 3275 adhibe
2587 3210 2857 3275 eundem
2911 3209 3198 3275 criticum
3241 3232 3307 3297 p.
3346 3210 3498 3295 318.
3546 3231 3636 3296 sq.
3707 3207 4014 3273 Locutio-

2315 3335 2468 3377 num
2511 3313 2738 3378 harum
2780 3314 3081 3402 originem
3124 3312 3327 3401 aperit
3373 3311 3758 3377 Plutarchus
3788 3311 3868 3377 de
3898 3310 4021 3377 dis-

2313 3414 2488 3480 crim.
2521 3438 2645 3480 am.
2677 3429 2742 3481 et
2783 3414 2954 3480 adul.
2987 3438 3053 3503 p.
3083 3432 3191 3501 55.
3223 3416 3304 3479 Ε.
3355 3416 3589 3496 ταύροις
3624 3413 3733 3478 τὸν
3776 3413 4021 3495 οἶστρον

2316 3520 2630 3584 ἐνδύεσθαι
2679 3547 2728 3583 κ.
2750 3544 2805 3583 τ.
2830 3526 2895 3583 λ.
2945 3519 3209 3606 ejusque
3259 3517 3654 3582 doctissimus
3709 3515 4017 3602 interpres

2315 3620 2651 3708 Wyttenb.
2686 3644 2750 3709 p.
2782 3638 2936 3707 454.
2992 3620 3178 3685 Philo
3221 3618 3382 3684 Jud.
3427 3617 3509 3683 de
3554 3616 3792 3683 Mundi
3838 3617 4016 3706 Opis.

2315 3746 2379 3811 p.
2411 3724 2519 3809 38.
2567 3726 2794 3813 Mang.
2836 3746 2899 3811 p.
2943 3725 3088 3788 108.
3126 3722 3336 3788 Pfeiff.
3404 3723 3669 3787 Σιτεῖταί
3705 3747 3773 3785 τε
3820 3720 4017 3803 (cod.

2315 3825 2497 3890 Med.
2527 3828 2622 3910 δὲ)
2656 3827 2762 3891 οὐκ
2790 3825 3066 3908 οὐράνιον
3093 3825 3324 3909 τροφὴν
3351 3824 3426 3904 ἣν
3455 3823 3654 3907 ὀρέγει
3682 3829 3806 3891 τοῖς
3834 3830 4012 3905 φιλο-

2314 3935 2568 4015 θεάμοσι
2624 3938 2721 3999 διὰ
2764 3936 2968 4017 λόγων
3016 3937 3112 4000 καὶ
3159 3934 3472 4018 δογμάτων
3529 3936 3741 4017 σοφία·
3798 3934 3907 4013 τὴν
3951 3935 4016 3998 δὲ

2315 4045 2702 4126 ἀνδιδομένην
2743 4047 2809 4110 ἐκ
2858 4048 2967 4127 γῆς
3007 4048 3156 4109 κατὰ
3188 4043 3293 4112 τὰς
3332 4045 3603 4125 ἐτησίους
3645 4045 3817 4127 ὥρας,
3851 4047 3914 4124 ἐξ
3952 4045 4022 4124 ἧς

2314 4148 2698 4230 οἰνοφλυγίαι
2728 4147 2822 4212 καὶ
2852 4148 3213 4231 ὀψοφαγίαι,
3242 4148 3337 4212 καὶ
3364 4148 3713 4230 λαιμαργίαι
3742 4150 3846 4214 τὰς
3878 4149 4016 4230 (ex-

2315 4250 2616 4339 plendum
2650 4249 2901 4315 videtur
2931 4251 2994 4314 at
3033 4253 3164 4334 τὰς)
3198 4250 3461 4333 γαστρὸς
3489 4251 3796 4331 ἐπιθυμίας
3822 4276 4014 4333 προσ-

2317 4356 2834 4437 αναῤῥηγνύουσαι
2878 4354 2972 4418 καὶ
3017 4354 3498 4436 ἀναῤῥιπίζουσαι
3531 4353 3626 4418 καὶ
3660 4354 4011 4435 ἀνδραποδί-

2313 4465 2519 4532 ζουσαι
2561 4456 2708 4538 πρὸς
2745 4456 3240 4540 γαστριμαργίαν,
3283 4458 3661 4535 συναύξουσι,
3698 4456 3792 4520 καὶ
3833 4458 4014 4537 ἀναῤ·

2313 4561 2636 4642 ῥηγνύουσι
2657 4560 2792 4627 τοὺς
2814 4560 3246 4642 ὑπογαστρίους
3270 4563 3541 4642 οἴστρους
3561 4558 3851 4642 (fortasse
3881 4583 4014 4624 σ-υν.

2318 4663 2412 4727 καὶ
2442 4665 2921 4747 ἀναῤῥωννύουσι
2938 4690 2990 4728 τ.
3016 4666 3074 4727 ὖ.
3097 4666 3283 4745 οἰστρ.
3310 4663 3494 4727 simul
3525 4675 3760 4750 augent
3788 4677 3850 4727 et
3880 4685 4015 4726 cor-

2315 4767 2638 4846 roborant,
2685 4789 2801 4855 pro
2845 4765 3106 4855 simplici
3148 4769 3497 4850 ῥωννύουσι,
3540 4766 3653 4853 qui
3702 4790 3852 4831 usus
3900 4766 4020 4831 fre-

2313 4891 2535 4956 quens·
2627 4869 2763 4934 Nisi
2809 4868 2973 4935 forte
3018 4870 3229 4957 potius
3288 4893 3479 4958 supra
3525 4869 3861 4958 legendum
3913 4872 4019 4936 τὰς

2312 4971 2573 5055 γαστρὸς
2603 4973 2909 5053 ἐπιθυμίας
2926 4975 3460 5056 ἀναῤῥηγνύουσαι,
3485 4972 3583 5037 hic
3602 4987 3812 5038 autem
3832 4998 4018 5054 προσ-

2313 5075 2824 5156 αναῤῥηγνύουσιε
2872 5096 3019 5160 quae
3070 5094 3398 5161 erumpere
3427 5071 4014 5158 faciunt.·—simul

2312 5191 2544 5261 augent
2578 5189 2642 5239 et
2680 5178 2946 5261 insuper
2971 5196 3299 5262 erumpere
3310 5176 3633 5261 ficiunt.)
3727 5174 3837 5239 Ad
3867 5176 4012 5237 ὑπο-

2312 5279 2633 5359 γαστρίους
2684 5280 2955 5360 οἴστρους
3010 5278 3091 5342 cs.
3158 5278 3355 5365 Legis
3404 5277 3714 5364 Allegorr.
3778 5299 3841 5362 p.
3882 5295 4017 5362 310

2312 5379 2520 5443 Preiff.
2566 5381 2711 5444 ὅταν
2753 5381 2866 5460 μὲν
2912 5382 3022 5465 ἔχη
3069 5384 3144 5445 τὰ
3186 5384 3458 5462 ποιητικὰ
3502 5383 3598 5445 καὶ
3640 5382 3745 5446 τὰς
3787 5381 3934 5446 ὔλας
3977 5379 4014 5459 ἡ

2310 5483 2492 5563 ἡδονὴ
2548 5484 2686 5565 περὶ
2740 5483 2848 5564 τὴν
2898 5484 3168 5567 γαστέρα
3216 5486 3312 5548 καὶ
3365 5487 3439 5548 τὰ
3486 5481 3611 5563 μετ’
3664 5480 3862 5562 αὐτήν.
3911 5482 4014 5547 Cf.

527 5595 749 5660 genere
790 5572 1197 5661 disputarunt
1239 5575 1440 5643 multa
1468 5601 1739 5666 quorum
1772 5603 2079 5645 summam
2109 5605 2217 5647 ex·
2307 5585 2494 5650 etiam
2525 5608 2593 5674 p.
2624 5604 2774 5671 322.
2807 5599 2872 5651 et
2911 5589 3062 5674 326.
3139 5587 3423 5653 Alterum
3456 5584 3733 5651 dictum:
3782 5584 4011 5651 famem

2391 5682 2528 5747 22
