5118 6613
1341 516 1540 626 ΠΒ.
1587 562 1790 627 vm.
1835 563 2289 628 ENNEAD.
2338 563 2734 629 PRIMAE.
2778 587 2846 651 p.
2884 579 3235 652 154—157·

556 729 904 811 nokkerus,
932 744 1016 809 et,
1060 730 1198 798 licet
1231 733 1760 820 wyttenbachius
1786 733 1851 798 in
1885 733 2021 801 loco
2060 734 2238 799 simili

558 834 876 900 Plutarchi
931 836 1248 923 Symposs
1296 837 1416 900 VI.
1451 856 1508 902 2.
1562 860 1624 924 p.
1659 839 1803 901 688.
1853 838 1929 902 A.
1990 861 2055 925 p.
2090 839 2233 919 824.

557 939 761 1003 Oxon.
796 936 1075 1002 dederit:
1111 941 1358 1020 δρόσους
1382 942 1652 1019 μαλακὰς
1680 939 1774 1004 καὶ
1803 939 2061 1019 εἰλήσεις
2092 940 2238 1024 (hoc

555 1062 696 1105 cum
756 1042 1099 1127 Anonymo
1150 1053 1215 1105 et
1270 1040 1682 1128 Ruhnkenio)
1744 1044 1812 1106 ἐν
1872 1043 2015 1125 (σὺν
2070 1045 2230 1130 conj.

556 1144 798 1231 Wytt.)
828 1146 1124 1223 πνεύμασι
1151 1146 1397 1225 μετρίως
1426 1144 1708 1226 (μετρίοις
1728 1143 1871 1231 W.)
1896 1171 1911 1208 :
1961 1169 2079 1233 ego
2108 1145 2236 1211 sine

553 1244 727 1310 libris
763 1246 826 1311 in
870 1245 1122 1311 Plotino
1161 1246 1447 1334 spiritum
1477 1262 1787 1313 mutatum
1819 1246 2012 1312 nolui.
2100 1250 2237 1314 Nec

555 1348 750 1437 magis
774 1364 1018 1414 mutare
1036 1349 1203 1414 volui
1230 1351 1457 1435 ῥᾳδίως,
1478 1349 1622 1414 licet
1647 1351 1855 1435 ῥᾳδίαν
1884 1350 2066 1415 multi
2095 1350 2234 1417 libri

552 1451 834 1516 offerant.
923 1451 1165 1516 Eadem
1208 1452 1366 1516 ratio
1406 1467 1500 1517 est
1540 1453 1607 1516 in
1645 1457 1814 1537 ψυχῇ
1855 1476 1972 1540 pro
2014 1460 2230 1539 ψυχῆς.

556 1553 677 1619 Illa
702 1554 884 1621 lectio
911 1553 1249 1643 elegantior
1285 1569 1348 1619 et
1388 1555 1671 1621 codicum
1703 1556 2068 1622 auctoritate
2101 1580 2237 1622 mu-

552 1672 757 1725 nmor.

631 1797 721 1811 -
753 1778 854 1842 14.
903 1762 957 1824 εἰ
982 1760 1061 1840 μὴ
1089 1761 1269 1841 ταύτῃ
1300 1763 1382 1828 είς
1408 1759 1477 1824 τὸ
1506 1761 1648 1826 αὐτὸ
1689 1764 1879 1827 αἴτιον
1904 1764 1942 1843 ἡ
1974 1766 2089 1844 ὕλη
2133 1767 2234 1843 τῆς

550 1864 886 1949 ἀσθενείας]
939 1861 1113 1927 Illud
1160 1866 1243 1932 εἰς
1297 1863 1364 1927 τὸ
1417 1864 1560 1928 αὐτὸ
1619 1881 1964 1952 agnoscunt
2021 1888 2233 1931 omnes

3918 585 3997 653 77

2323 744 2538 800 storm.
2657 735 2853 816 Belle,
2891 759 3005 802 nec
3041 737 3124 802 ad
3167 736 3528 803 sententiam
3569 761 3608 803 a
3650 737 4001 806 Platonico-

2323 859 2466 901 rum
2509 838 2786 904 oratione
2827 839 3338 928 philosophorum
3381 854 3650 914 remote;
3697 840 3805 905 sed
3845 841 4000 930 legi-

2325 939 2474 1005 tima
2514 940 2940 1030 interpretatio
2988 941 3203 1029 paullo
3245 941 3431 1007 altius
3475 964 3588 1007 nos
3635 942 4002 1010 descendere

2312 1042 2495 1130 jubet
2523 1043 2587 1107 in
2621 1043 2865 1131 singula
2891 1045 3102 1109 verba.
3191 1044 3474 1110 Primum
3518 1045 3662 1124 αὐτὴ
3689 1045 3867 1111 unice
3892 1070 3997 1111 ve·

2320 1168 2460 1209 rum
2490 1163 2605 1226 est,
2634 1147 2860 1211 etenim
2889 1160 2981 1211 est
3012 1147 3072 1212 h.
3101 1147 3141 1212 l.
3160 1170 3288 1235 pro
3313 1169 3380 1212 se
3406 1151 3571 1236 ipsa,
3595 1147 3722 1213 sive
3740 1159 3996 1236 sponte,-

2321 1247 2544 1314 deinde
2574 1248 2624 1313 si
2653 1272 2816 1315 unus
2842 1248 2998 1315 liber
3025 1250 3274 1315 offerret
3300 1251 3407 1330 τὴν
3434 1250 3740 1333 γέννησιν,
3763 1275 3881 1338 ego
3902 1274 3997 1317 re-

2320 1351 2608 1438 ciperem,
2643 1351 2682 1417 i.
2705 1376 2756 1416 e.
2803 1352 3197 1429 παιδοποιίαν,
3241 1354 3746 1441 procreationem,
3778 1377 3863 1419 sc.
3891 1377 3998 1419 ne-

2317 1453 2561 1541 gotium
2591 1454 2956 1542 procreandi
2981 1483 2998 1531 ς
3044 1454 3124 1520 de
3148 1479 3278 1543 quo
3304 1455 3651 1521 discrimine
3674 1457 4000 1544 utriusque

2318 1556 2603 1622 vocabuli
2652 1558 2921 1623 breviter
2961 1557 3070 1623 sed
3111 1558 3272 1625 bene
3326 1558 3614 1646 exposuit
3662 1561 3995 1648 Wyttenb.

2318 1659 2401 1724 ad
2432 1659 2753 1725 Plutarch.
2789 1659 2868 1725 de
2914 1684 3191 1749 puerorr.
3221 1661 3404 1727 educ.
3443 1685 3504 1750 p.
3533 1664 3634 1748 67.
3667 1685 3762 1750 sq.
3853 1666 3998 1729 Hoc

2317 1775 2502 1849 pacto
2521 1763 2907 1828 continuaret
2938 1763 3227 1830 Plotinus
3256 1764 3467 1829 Peniae
3498 1764 3565 1848 (i.
3587 1788 3643 1829 e.
3677 1765 3994 1851 Materiae)

2316 1865 2633 1940 fabulam;
2680 1865 2760 1931 de
2809 1890 2939 1953 qua
2973 1865 3061 1932 ita
3104 1866 3289 1932 Plato
3322 1866 3459 1933 loco
3509 1868 3818 1956 Symposii
3859 1868 3996 1934 lau-

546 1963 712 2029 libri.
799 1967 920 2031 Est
975 1980 1184 2031 autem
1222 1967 1501 2053 pariter,
1548 1968 1759 2032 eadem
1806 1971 2073 2047 ratione,
2115 1971 2255 2056 aff
2318 1967 2505 2033 dato:
2553 1970 2591 2049 ἡ
2629 1971 2735 2034 οὖν
2777 1972 2971 2034 Πενία
3019 1971 3496 2051 ἐπιβουλεύουσα
3542 1974 3638 2035 διὰ
3674 1971 3781 2052 τὴν
3825 1975 3999 2052 αὐτῆς

548 2067 803 2133 ἀὶεεεῑῠσ
844 2069 1059 2134 Weiss.
1149 2069 1352 2156 Cujus
1381 2092 1531 2133 usus
1564 2070 2015 2158 praepositionis
2046 2076 2128 2141 εἰς
2155 2073 2232 2137 si-

549 2169 718 2235 milia
736 2169 1022 2259 exempla
1049 2171 1318 2259 reperias
1342 2170 1500 2255 (vid.
1520 2173 1728 2258 Viger.
1756 2173 1835 2238 de
1857 2173 2225 2241 Idiotismm.

551 2273 683 2338 IX.
739 2293 797 2340 2.
860 2293 959 2338 11.
1019 2297 1154 2361 sqq.
1214 2273 1364 2361 ibiq.
1428 2277 1774 2341 Hermann.
1833 2276 1915 2341 ad
1971 2301 2035 2365 p.
2081 2295 2228 2365 597.

550 2374 844 2441 Schaefer.
890 2376 955 2440 in
1007 2376 1224 2465 Steph.
1274 2377 1467 2442 Thes.
1512 2401 1579 2465 p.
1617 2381 1806 2465 3638.
1855 2386 2019 2467 sq.):
2068 2382 2230 2469 ejus-

547 2477 686 2542 dem
717 2477 1004 2544 formulae
1035 2478 1137 2543 vix
1170 2479 1460 2567 reperias.
1551 2482 1760 2546 Locus
1786 2497 1993 2547 autem
2023 2483 2111 2548 ita
2136 2483 2229 2547 in-

547 2581 980 2669 terpretandus
1007 2594 1134 2646 est:
1181 2581 1299 2647 nisi
1326 2582 1427 2649 hic
1459 2583 1529 2666 (i.
1551 2607 1607 2648 e.
1639 2583 1702 2648 in
1732 2584 1965 2669 anima)
1996 2586 2228 2673 pariter

548 2684 660 2766 (sc.
690 2699 883 2772 atque
927 2684 991 2749 in
1030 2687 1318 2772 corpore)
1350 2685 1683 2752 debilitatis
1724 2710 1938 2752 caussa
1974 2688 2051 2753 sit
2093 2711 2224 2754 ma-

544 2800 718 2852 tena-

624 2911 696 2977 p.
734 2891 881 2976 156,
921 2907 986 2974 5.
1033 2892 1129 2955 καὶ
1168 2892 1238 2956 τὸ
1294 2894 1627 2975 λεγόμενον
1683 2893 2077 2976 ἐπτερωμένω
2133 2894 2228 2958 καὶ

541 2990 790 3081 τέλειοι]
836 2992 1068 3080 Tangit
1097 2992 1378 3059 Platonis
1405 2994 1563 3060 illud
1592 2995 1656 3059 in
1681 2995 1954 3061 Phaedro
1981 3020 2044 3084 p.
2075 2998 2220 3078 246.

540 3117 593 3160 c.
642 3095 824 3160 τελέα
860 3098 973 3176 μὲν
1014 3098 1122 3161 οὖν
1164 3098 1318 3162 οὖσα
1355 3099 1454 3163 καὶ
1497 3098 1868 3181 ἑπτερωμένη
1913 3100 1979 3181 (ἡ
2023 3100 2218 3183 ψυχὴ)

537 3204 975 3281 μετεωροπολεῖ
1000 3197 1303 3284 [Bekker.
1315 3202 1770 3285 μετεωροπορεῖ]
1793 3227 1859 3266 τε
1878 3202 1973 3265 καὶ
1988 3200 2224 3266 ἅπαντα

537 3301 643 3367 τὸν
672 3302 897 3382 κόσμον
925 3308 1133 3368 διοικεῖ
1156 3331 1207 3368 κ.
1233 3329 1286 3368 τ.
1312 3312 1375 3368 λ.
1410 3303 1518 3369 ubi
1548 3303 1673 3368 vid.
1704 3302 1992 3391 interprr.
2040 3303 2223 3370 Adde

538 3403 834 3470 Proclum
875 3404 941 3469 in
979 3405 1180 3471 Alcib.
1216 3429 1310 3494 pr.
1363 3429 1429 3493 p.
1455 3426 1560 3473 20.
1600 3430 1738 3494 sqq.
1785 3406 2212 3495 Olympiodor.

534 3507 599 3572 in
626 3507 892 3573 eundem
924 3532 990 3596 p.
1004 3524 1070 3594 5.
1100 3524 1163 3573 et
1200 3511 1543 3597 Praeparat.
1570 3508 1654 3574 ad
1698 3508 1927 3574 Plotin.
1958 3511 2038 3576 de
2066 3510 2219 3575 Pul-

537 3611 666 3676 crit.
698 3633 761 3699 p.
788 3611 1137 3676 XXXVI.
1165 3635 1298 3699 sqq.
1330 3612 1431 3676 ed.
1460 3611 1658 3699 pecul.

617 3737 685 3801 p.
715 3731 859 3799 157,
891 3733 946 3779 Ι.
991 3716 1105 3795 ὕλη
1155 3718 1222 3779 δὲ
1268 3719 1543 3798 παροῦσα
1588 3720 1903 3797 προσαιτεῖ
1948 3715 2077 3780 οἷον
2122 3717 2217 3780 καὶ

535 3817 803 3901 ἐνοχλεῖ]
858 3816 964 3880 Ita
990 3816 1278 3881 dedimus
1319 3840 1396 3881 ex
1434 3816 1613 3883 bonis
1645 3816 1838 3896 libris,
1868 3831 1932 3882 et
1967 3817 2218 3905 respicit

534 3916 820 3983 Plotinus
860 3917 942 3983 ad
987 3918 1194 3983 locum
1242 3919 1552 4008 Symposii
1601 3944 1664 4008 p.
1693 3938 1856 4006 203:
1907 3921 2106 4000 ἐπειδὴ
2149 3923 2214 3986 δὲ

534 4022 888 4103 ἐδείπνησαν
934 4022 1022 4103 (οἱ
1063 4024 1222 4108 θεοί)
1267 4022 1752 4105 προσαιτήσουσα
1787 4023 1916 4087 οἷον
1955 4023 2024 4102 δὴ
2069 4024 2211 4088 εὔω-

530 4126 666 4206 χίας
692 4125 872 4205 οὔσης
900 4126 1144 4207 ἀφίκετο
1172 4126 1210 4206 ἡ
1240 4127 1454 4199 Πενία,
1487 4126 1581 4191 καὶ
1608 4125 1684 4205 ἢν
1710 4127 1847 4208 περὶ
1874 4128 1979 4194 τὸς
2015 4127 2208 4208 θύρας.

532 4227 736 4304 Quam
764 4225 1042 4292 fabulam
1067 4226 1271 4292 fusius
1297 4227 1564 4315 explicat
1591 4227 1754 4293 infra
1784 4229 1902 4292 111
1913 4276 1928 4292 .
1959 4243 2025 4313 5.
2049 4243 2115 4312 5,
2147 4229 2211 4306 6,

531 4344 593 4411 7,
624 4329 687 4408 8,
719 4350 779 4415 9.
831 4330 972 4395 111.
996 4332 1058 4395 6.
1085 4350 1186 4412 14.
1232 4332 1350 4396 Per
1368 4331 1626 4396 Peniam
1654 4344 1864 4396 autem
1892 4330 2212 4395 materiam

528 4431 856 4520 significari
883 4433 1192 4520 putabant
1219 4433 1524 4499 nonnulli.

607 4556 779 4618 -4.
822 4537 893 4601 οὗ
948 4539 1063 4620 γὰρ
1121 4536 1616 4622 ἀνέχεται-διὰ
1680 4535 1883 4622 κάκην]
1964 4535 2204 4602 Mirum

525 4651 830 4724 quantum
873 4637 976 4702 hic
1005 4639 1279 4705 turbavit
1319 4637 1589 4727 Engelh.
1618 4638 1792 4726 quod
1832 4661 1960 4703 non
2002 4661 2205 4705 mora·

524 4762 686 4805 mur.
774 4739 1138 4806 Consultius
1169 4743 1411 4831 Taylor
1437 4740 1637 4806 Ficini
1666 4741 1926 4830 vestigia
1955 4741 2127 4829 legit.

599 4845 765 4908 -6.
795 4843 903 4922 τὴν
931 4843 1174 4925 γένεσιν
1202 4844 1346 4924 αὐτὴ
1371 4848 1772 4930 παρασχοῦσα
1800 4872 1850 4910 κ.
1873 4871 1925 4910 τ.
1946 4845 2045 4933 λ.]
2072 4847 2206 4910 En-

520 4943 683 5030 gelh.
731 4945 921 5010 vertit
967 4945 1210 5028 γένεσιν
1250 4949 1531 5035 Dasqyn.
1601 4946 1843 5036 Taylor
1868 4947 2066 5035 magis
2092 4971 2202 5012 ex·

521 5046 765 5112 ornavit
812 5046 983 5113 hunc
1021 5046 1228 5114 locum
1251 5051 1440 5138 :—by
1484 5053 1801 5138 opposing
1840 5051 1939 5116 the
1982 5060 2204 5116 matera

518 5148 608 5233 of
633 5152 1016 5238 generatim
1068 5151 1178 5216 she
1237 5153 1367 5235 (the
1422 5156 1678 5239 matter)
1735 5155 2052 5219 occasions
2107 5153 2205 5220 the

517 5252 705 5317 soul's
753 5261 1044 5318 entrance
1090 5256 1226 5319 into
1260 5255 1360 5320 the
1407 5255 1604 5342 rap-id
1646 5264 1901 5336 stream,
1943 5257 2076 5320 and
2122 5258 2204 5344 lq!

518 5351 645 5418 this
688 5375 900 5420 necans
927 5355 1189 5422 rendere
1215 5357 1329 5421 Im·
1363 5357 1552 5446 light,
1589 5359 1663 5421 in
1698 5359 1892 5444 itself
1901 5360 2204 5448 vigor-oue

515 5456 649 5521 and
682 5479 878 5545 pure,
928 5459 1207 5546 polluted
1255 5460 1388 5524 and
1413 5460 1648 5546 fleme,
1702 5461 1826 5525 like
1878 5462 1978 5526 the
2007 5464 2205 5548 fiint

507 5558 961 5649 giimmerings
984 5561 1180 5648 from
1236 5584 1280 5626 a
1328 5562 1737 5629 match-tomo·
1780 5565 1988 5631 bekeld
2035 5568 2109 5630 in
2162 5588 2205 5630 α

2318 2073 2570 2153 ἀπορίαν
2597 2074 2831 2137 παιδίον
2855 2071 3218 2152 ποιήσασθαι
3247 2074 3312 2138 ἑκ
3341 2077 3445 2137 τοῦ
3473 2075 3695 2156 Πόρου,
3727 2076 3999 2139 κατακλί·

2316 2175 2485 2238 νεταί
2506 2200 2574 2239 τε
2600 2173 2734 2256 παρ’
2767 2176 2919 2261 αὐτῷ
2952 2173 3105 2256 (vid.
3137 2174 3348 2260 paullo
3389 2187 3534 2239 ante
3573 2175 3923 2241 Plotiniana
3958 2178 3996 2256 ἡ

2314 2279 2426 2356 ὕλη
2452 2276 2889 2358 ὑποβάλλουσα
2919 2277 3147 2356 ἑαυτὴν,
3173 2300 3256 2342 sc.
3288 2282 3357 2358 τῇ
3382 2282 3584 2363 ψυχῇ)
3619 2306 3667 2342 κ.
3688 2304 3740 2343 τ.
3762 2287 3821 2343 λ.
3870 2280 3990 2342 Ve-

2312 2392 2661 2443 rumtamen
2700 2378 2819 2443 hoc
2861 2400 2989 2443 non
3031 2401 3294 2444 necesse.
3382 2380 3547 2443 Nam
3590 2378 3826 2462 γένεσις
3853 2380 3996 2445 Pla-

2313 2481 2530 2545 tonicis
2557 2481 2938 2569 philosophis
2966 2481 3193 2569 saepius
3220 2498 3314 2546 est
3340 2485 3902 2569 remmfluoearum
3934 2493 3994 2548 et

2310 2587 2633 2650 nascentia
2674 2594 2733 2649 et
2773 2593 3031 2663 natura,
3062 2585 3363 2671 adjuncto
3405 2584 3751 2672 significatu
3794 2585 3988 2651 imbe-

2310 2684 2579 2752 cillitatis
2607 2702 2671 2752 et
2700 2686 3108 2753 mortalitatis.
3179 2687 3351 2752 Hinc
3378 2687 3604 2775 passim
3633 2686 3871 2771 γένεσις
3898 2690 3994 2754 καὶ

2311 2790 2492 2871 θνητὴ
2534 2791 2714 2871 φύσις
2737 2790 3122 2877 junguntur,
3166 2790 3312 2855 item
3356 2789 3594 2874 γένεσις
3637 2791 3731 2855 καὶ
3773 2796 3988 2873 φθορὰ,

2310 2913 2422 2955 nec
2451 2892 2657 2956 minus
2695 2891 3112 2976 γενεσιουργὸς
3148 2891 3318 2974 λήθη,
3350 2893 3773 2976 γενεσιουργὸν
3806 2894 3993 2963 πάθος

2313 2993 2470 3077 (vid.
2502 2994 2673 3059 mod.
2721 2993 3015 3059 Proclum
3053 2994 3117 3059 in
3149 2994 3359 3060 Alcib.
3390 3017 3488 3083 pr.
3519 3018 3587 3082 p.
3614 3010 3676 3078 7.
3705 2997 3809 3081 36.
3847 2998 3989 3061 108.

2310 3116 2454 3183 250.
2486 3097 2847 3186 Olympiod.
2877 3097 2941 3161 in
2970 3097 3156 3162 eund.
3188 3121 3253 3185 p.
3279 3100 3392 3183 2.).

2390 3240 2476 3251 —
2496 3221 2556 3287 7.
2603 3205 2673 3268 οὗ
2700 3207 2816 3286 γὰρ
2855 3201 2931 3268 ἂν
2957 3203 3107 3283 ἦλθε
3135 3208 3215 3290 τῷ
3244 3203 3325 3284 μὴ
3364 3204 3640 3292 παρόντι]
3687 3204 3807 3269 Est
3846 3202 3992 3268 Plo-

2307 3303 2554 3370 tinianae
2583 3305 2923 3386 brevitatiS,
2954 3330 3070 3395 pro
3107 3306 3223 3372 hac
3264 3305 3593 3373 sententia:
3646 3305 3764 3372 nisi
3801 3323 3991 3373 mate-

2302 3407 2394 3472 ria
2421 3430 2695 3496 praesens
2733 3410 3014 3497 adeoque
3053 3425 3270 3498 parata
3293 3409 3375 3475 ad
3405 3409 3816 3497 recipiendam
3860 3410 3989 3475 ani-

2304 3533 2467 3577 mam
2495 3513 2757 3591 adesset,
2782 3513 2918 3578 haec
2946 3536 3072 3577 non
3100 3514 3183 3579 ad
3211 3513 3408 3602 ipsam
3444 3512 3778 3578 accederet.
3862 3514 3923 3578 Τ
3921 3537 3988 3579 o-

2303 3612 2428 3678 tius
2454 3613 2649 3703 igitur
2675 3614 2793 3680 loci
2822 3616 3125 3681 sententia
3149 3615 3284 3681 haec
3311 3631 3437 3680 est:
3489 3614 3763 3680 Materia
3787 3639 3981 3703 expe-

2302 3714 2507 3781 ditum
2534 3718 2652 3783 iter
2679 3717 2881 3782 munit
2907 3717 3131 3783 animae
3158 3717 3240 3782 ad
3270 3741 3334 3783 se
3361 3717 3558 3806 ipsam
3603 3717 3979 3803 (materiam)

2300 3820 2654 3899 accedendi,
2711 3842 3080 3907 omnemque
3133 3819 3659 3908 opportunitatem
3731 3819 3984 3886 exhibet

2300 3921 2523 4001 eidem,
2577 3945 2705 4010 quo
2746 3921 2939 4010 possit
2987 3945 3113 3988 una
3155 3945 3298 3989 cum
3344 3922 3602 3988 materia
3644 3945 3866 4011 parens
3909 3946 3982 3988 ac

2300 4024 2678 4111 procreatrix
2722 4024 2984 4090 existere
3038 4048 3250 4092 rerum
3293 4025 3607 4093 fluxarum
3648 4035 3713 4089 et
3754 4041 3981 4092 morta-

2297 4126 2469 4192 lium.
3688 4191 3692 4198 .

2381 4268 2470 4280 —
2491 4252 2519 4296 1
2535 4251 2564 4294 1
2577 4278 2592 4294 .
2638 4232 2735 4296 καὶ
2762 4231 2890 4296 οῖον
2919 4232 3409 4316 συσπειραθῆναι]
3449 4228 3590 4294 Vid.
3613 4252 3775 4296 varr.
3807 4230 3972 4297 lectt.

2302 4332 2491 4398 Adde
2531 4333 2777 4398 Platon.
2819 4333 2885 4398 in
2927 4335 3213 4421 Sympos.
3245 4356 3307 4420 p.
3330 4335 3472 4399 206.
3503 4356 3569 4420 p.
3591 4348 3741 4418 435.
3773 4333 3974 4398 Bekk.

2297 4438 2443 4502 ὅταν
2470 4438 2536 4502 δὲ
2564 4439 2792 4523 αἰσχρῷ
2840 4435 3247 4519 (προσπελάζῃ
3285 4436 3353 4500 τὸ
3402 4437 3603 4520 κυοΰν)
3631 4438 3977 4518 σκυθρωπόν

2291 4565 2360 4604 τε
2388 4541 2483 4605 καὶ
2508 4541 2882 4619 λυπούμενον
2910 4543 3295 4621 συσπειρᾶται
3323 4539 3421 4603 καὶ
3448 4536 3839 4619 ἀποτρέπεται
3880 4540 3975 4604 καὶ

2292 4643 2654 4707 ἀνείλλεται.
2726 4640 2988 4706 Proclus
3014 4640 3079 4705 in
3110 4642 3267 4704 Inst.
3301 4639 3529 4704 Theol.
3561 4639 3969 4706 LXXXVI.

2290 4768 2356 4832 p.
2386 4764 2526 4831 130.
2574 4745 2611 4826 ἦ
2660 4747 2727 4808 δὲ
2765 4743 3007 4825 ἀμέρεια
3058 4745 3407 4826 σφίγγουσα
3452 4743 3547 4807 καὶ
3590 4750 3970 4826 συσπειρῶσα

2291 4846 2681 4913 ἀνέκλειπτον
2710 4846 2891 4926 αὐτὴν
2919 4847 3012 4910 καὶ
3054 4844 3462 4910 ἀνελάττωτον
3492 4847 3559 4909 ἑν
3589 4847 3761 4926 ἑαυτῇ
3794 4847 3969 4912 συνέ-

2291 4975 2427 5034 χειτ
2475 4949 2589 5014 ubi
2616 4946 2866 5014 consule
2891 4961 3101 5013 annot.
3132 4961 3322 5012 nostr.

2368 5072 2561 5134 —14.
2594 5053 2690 5116 καὶ
2717 5055 2831 5134 γὰρ
2864 5053 2917 5116 εἰ
2944 5050 3089 5130 αὖα-ὴ
3113 5053 3151 5131 ἦ
3177 5050 3377 5140 ψυχή]
3403 5049 3658 5116 Ficinus
3685 5050 3751 5115 in
3781 5053 3967 5118 Com-

2287 5155 2590 5221 mentario
2616 5155 2682 5218 in
2709 5154 2827 5219 hoc
2855 5167 3081 5240 caput:
3115 5159 3160 5192 “
3191 5154 3538 5233 Memento,
3566 5153 3792 5240 inquit,
3821 5152 3966 5219 Plo-

2287 5258 2486 5323 tinum
2516 5258 2620 5324 hic
2647 5268 2711 5322 et
2737 5255 2883 5320 alibi
2910 5254 3088 5321 nobis
3115 5254 3394 5338 innuere,
3419 5256 3734 5322 materiam
3778 5278 3817 5320 a
3854 5278 3967 5321 na·

2289 5375 2451 5440 tura,
2481 5361 2545 5425 id
2587 5373 2702 5439 est,
2738 5359 2818 5424 ab
2855 5359 3068 5424 infima
3108 5358 3340 5424 virtute
3379 5359 3600 5425 animae
3639 5358 3958 5444 generari3

2288 5464 2368 5529 ab
2399 5463 2625 5542 anima,
2653 5462 2930 5550 inquam,
2961 5460 3088 5526 sive
3103 5464 3408 5551 patiente,
3436 5459 3962 5549 quemadmodum

2288 5565 2517 5632 alicubi
2556 5565 2806 5653 legitur,
2835 5565 2963 5630 sive
2992 5574 3329 5654 proesente,
3357 5563 3527 5653 quod
3569 5561 3798 5630 rectius
3838 5566 3962 5655 legi
