5118 6613
1537 553 1743 619 ΜΒ.
1794 553 1892 617 11.
1937 552 2405 620 ENNEAD.
2452 551 2854 619 PRIMAE.
2898 574 2965 639 p.
3003 562 3274 637 15-22.
4084 567 4118 634 7

656 749 911 815 quoque
937 725 1180 814 aliquot
1204 724 1569 812 insigniores
1606 725 1800 812 hujus
1836 724 1980 791 libri
2011 725 2349 792 Plotiniani

653 829 862 919 attigit
911 828 1265 918 Simplicius
1315 828 1381 892 in
1428 828 1785 895 Aristotelis
1830 828 2147 917 Physica;
2197 852 2260 894 V.
2291 852 2345 894 c.

653 956 796 1020 pag.
828 951 976 1018 249.
1005 955 1063 996 a.
1094 932 1196 996 ed.
1227 930 1472 1010 Aldin„
1505 931 1615 997 ubi
1642 932 1769 998 ita:
1816 936 1893 999 τὰ
1917 936 2034 1015 γὰρ
2061 932 2240 1013 πάθη,
2271 934 2349 1001 ὥς

654 1046 842 1120 φησιν
871 1038 904 1100 ὁ
934 1040 1265 1113 Πλωτῖνος,
1306 1037 1368 1100 αἱ
1410 1035 1716 1116 αἰσθήσεις
1758 1037 1935 1101 εἰσίν.
1977 1033 2013 1115 ἢ
2057 1036 2162 1101 οὐκ
2204 1036 2348 1101 ἄνευ

656 1137 1017 1219 αἰσθήσεων.
1042 1137 1223 1203 εἰπὸν
1245 1140 1309 1202 δὲ
1329 1139 1618 1220 πρότερον
1640 1143 1845 1206 κοινῶς
1865 1138 2001 1219 περὶ
2022 1143 2139 1203 τῶν
2158 1144 2344 1220 ψυχι-

657 1248 772 1306 κῶν
801 1241 1003 1320 ἕξεων,
1032 1240 1124 1303 ὅτι
1154 1241 1251 1305 καὶ
1279 1240 1449 1304 αὗται
1476 1242 1813 1308 τελειώσεις
1855 1241 1975 1304 εἰσὶ
2019 1240 2114 1304 καὶ
2158 1242 2225 1304 ἐν
2264 1244 2345 1327 τῷ

653 1346 798 1426 πρός
823 1369 879 1407 τι
908 1344 1254 1425 συμμετρίαι
1282 1345 1436 1409 τινὲς
1464 1344 1638 1407 οὖσαι
1670 1344 1764 1406 καὶ
1794 1343 2205 1425 ἀσυμμετρίαι.
2251 1344 2347 1407 καὶ

653 1448 744 1511 ὅτι
786 1448 1055 1529 γίνονται
1103 1444 1531 1525 ἀλλοιουμένου
1573 1449 1683 1510 τοῦ
1728 1448 2095 1524 αἰσθητικοῦ,
2140 1450 2354 1528 διαιρεῖ

652 1549 867 1615 λοιπὸν
907 1550 1014 1616 τὰς
1053 1551 1316 1631 ψυχικὰς
1361 1550 1595 1630 ἀρετᾶς,
1626 1551 1708 1615 εἴς
1749 1573 1816 1612 τε
1860 1550 1966 1616 τὰς
2005 1548 2208 1628 ἠθικὰς
2254 1549 2349 1614 καὶ

653 1654 756 1719 τὰς
797 1649 1180 1732 διανοητικάς.
1227 1651 1325 1714 καὶ
1365 1649 1460 1733 ἐφ’
1494 1649 1789 1732 ἑκατέρων
1813 1652 2075 1715 δείκνυσι
2114 1655 2237 1718 πὸς
2281 1653 2350 1716 έν

652 1758 735 1842 τῷ
768 1757 914 1837 πρός
949 1780 1006 1818 τι
1046 1756 1183 1821 εἰσί.
1231 1755 1327 1818 καὶ
1362 1759 1485 1821 πῶς
1530 1755 1855 1821 ἀλλοίωσις
1895 1756 2007 1834 μὲν
2042 1754 2339 1837 οὐδετέρα.

652 1859 787 1925 οὐδὲ
825 1858 992 1923 ἔστιν
1020 1857 1211 1921 αὐτῶν
1240 1858 1579 1923 ἀλλοίωσις·
1626 1858 1857 1938 γίνεται
1893 1859 1959 1922 δὲ
1997 1856 2347 1937 ἀλλοιουμέ-

652 1986 772 2027 rou
798 1966 994 2027 τινῶν.
1039 1962 1134 2025 καὶ
1162 1961 1254 2024 ὅτι
1287 1960 1400 2039 μὲν
1427 1960 1467 2039 ἦ
1491 1958 1663 2039 ἠθικὴ
1699 1959 1879 2041 ἀρετῇ
1915 1959 2344 2040 ἀλλοιουμένου

653 2068 757 2131 τοΰ
784 2066 1122 2144 αἰσθητικοῦ
1154 2064 1404 2144 γίνεται,
1432 2064 1729 2127 δείκνυσιν
1760 2064 1826 2126 ἐκ
1863 2066 1969 2126 τοῦ
2005 2068 2209 2127 πᾶσαν
2236 2063 2345 2141 τὴν

651 2167 856 2246 ἠθικὴν
883 2166 1098 2249 ἀρετ-ὴν
1124 2167 1260 2248 περὶ
1286 2166 1500 2246 ἡδονᾶς
1529 2165 1682 2230 εἶναι
1720 2166 1816 2229 καὶ
1851 2166 2043 2232 λύπας
2078 2169 2185 2233 τὰς
2221 2191 2341 2229 σω·

651 2274 914 2351 ματικᾶς,
944 2271 1023 2337 ὥς
1051 2271 1118 2337 ἐν
1146 2275 1268 2337 τοῖς
1294 2269 1515 2347 ἠθικοῖς
1553 2267 1979 2333 ἀποδέδεικται.
2026 2271 2087 2333 αἱ
2116 2270 2180 2332 δὲ
2206 2269 2344 2348 ἡδο·

653 2376 753 2439 ναὶ
780 2375 875 2438 καὶ
911 2376 1096 2438 λύπαι
1140 2374 1203 2436 αὶ
1241 2374 1585 2451 σωματικαὶ,
1614 2371 2042 2452 ἀλλοιουμένου
2072 2377 2177 2436 τοῦ
2213 2375 2345 2436 αἰσ-

652 2480 889 2557 θητικοῦ
919 2476 1035 2541 ὑπὸ
1073 2481 1193 2539 τῶν
1229 2478 1527 2555 αἰσθητῶν
1553 2477 1836 2557 γίνονται.
1884 2476 2041 2540 ὥστε
2089 2476 2126 2554 ἡ
2175 2475 2347 2554 ἠθικὴ

652 2580 829 2661 ἀρετὴ
855 2577 1283 2658 ἀλλοιουμένου
1311 2582 1417 2642 τοῦ
1443 2580 1783 2657 αἰσθητικῶ
1822 2577 1939 2641 ὑπὸ
1980 2584 2099 2642 τῶν
2140 2580 2343 2658 αἰσθη-

651 2688 768 2747 τὸν
793 2683 1043 2764 γίνεται.
1088 2681 1179 2743 ὅτι
1206 2682 1271 2744 δὲ
1302 2682 1363 2745 αἱ
1389 2680 1596 2761 ἡδοναὶ
1636 2681 1730 2744 καὶ
1758 2683 1821 2744 αἱ
1846 2683 2029 2745 λύπαι
2069 2683 2344 2745 ἀλλοιου-

650 2784 830 2866 μένου
866 2789 974 2849 τοῦ
1010 2785 1349 2863 αἰσθητικοῦ
1384 2784 1675 2865 γίνονται,
1705 2785 2001 2848 δείκνυσιν
2031 2785 2097 2847 ἐκ
2133 2781 2343 2865 διαιρέ-

653 2913 822 2962 σεως,
854 2913 979 2953 mr.
998 2894 1064 2950 λ.
1135 2887 1238 2951 De
1267 2885 1523 2950 Marino
1551 2884 1727 2973 quod
1753 2884 2065 2964 scribitur,
2098 2898 2168 2952 tu
2202 2884 2344 2950 vide

651 2989 818 3057 idem
860 3003 1260 3055 annotantem
1305 2989 1363 3054 Ι.
1396 2990 1483 3053 Α.
1524 2986 1882 3053 Fabricium
1927 2987 2010 3052 ad
2052 2987 2343 3076 Porphy-

650 3094 815 3161 rium
843 3094 925 3160 de
953 3093 1100 3159 Vita
1130 3092 1358 3159 Plotini
1399 3115 1467 3180 p.
1496 3113 1637 3175 140.
1669 3108 1800 3157 not.
1819 3115 1874 3157 c.
1906 3106 1970 3157 et
1998 3091 2340 3179 praesertim

651 3197 932 3285 ejusdem
980 3195 1098 3260 viri
1150 3194 1398 3283 egregie
1447 3193 1766 3282 disputata
1817 3192 1897 3258 de
1945 3194 2345 3282 quaternario

650 3324 911 3368 numero
937 3299 1246 3366 virtutum
1284 3322 1362 3365 ex
1395 3299 1766 3364 Graeoorum
1810 3296 2093 3362 doctrina
2133 3297 2338 3386 philo·

650 3406 1013 3493 sophorum,
1042 3403 1107 3468 in
1140 3402 1596 3490 prolegomenis
1635 3402 1719 3467 ad
1748 3401 2073 3467 Marinum
2103 3402 2183 3467 de
2211 3401 2342 3467 vita

650 3507 861 3576 Procli
906 3531 1054 3596 pag.
1082 3508 1186 3592 38.
1232 3530 1371 3594 sqq.
1416 3506 1564 3571 edit.
1596 3504 2007 3571 Boissonadii.
2085 3505 2341 3571 Laudat

648 3627 861 3680 autem
900 3634 942 3675 a
976 3609 1375 3697 quaternario
1401 3609 1711 3673 virtutum
1750 3631 2013 3674 numero
2045 3608 2337 3673 Proclum

650 3713 964 3792 Marinus,
994 3712 1155 3778 sicut
1182 3711 1399 3777 Julius
1420 3711 1729 3777 Firmicoe
1760 3710 2080 3776 Plotinum
2109 3712 2340 3799 ipsum,

650 3818 755 3886 alii
796 3816 965 3884 alios.
1027 3814 1179 3879 Vid.
1203 3813 1449 3880 Fabric.
1482 3812 1650 3878 Bibl.
1683 3814 1894 3880 Graec.
1926 3815 2113 3878 Tom.
2144 3814 2227 3877 V.
2272 3836 2339 3901 p.

650 3924 798 4007 695.
828 3919 930 3985 ed„
963 3917 1216 3984 Harles.
1308 3916 1633 3982 Pertinent
1661 3916 1811 3981 item
1840 3917 1927 3981 ad
1949 3916 2142 4004 hujus
2174 3916 2343 3996 libri,

650 4047 843 4112 quem
869 4035 1228 4102 tractamuS,
1260 4036 1701 4108 argumentum
1732 4020 1851 4085 tria
1878 4020 2084 4108 capita
2113 4044 2193 4084 ex
2222 4019 2341 4084 Al-

649 4127 808 4193 cinoi
846 4127 912 4190 in
943 4124 1267 4190 Platonem
1312 4123 1790 4203 introductione,
1820 4122 2107 4189 videlicet
2148 4137 2339 4209 caput

653 4229 966 4296 XXVII.
1010 4226 1090 4292 de
1129 4225 1323 4291 Bonis
1363 4240 1426 4290 et
1465 4227 1729 4291 Summo
1756 4227 1939 4290 Bono
1967 4249 2039 4290 ac
2070 4225 2335 4290 Virtuti-

649 4334 797 4409 bus;
830 4355 968 4420 cap.
989 4331 1344 4397 XXVIII.
1376 4330 1677 4394 Definitio
1693 4329 1958 4394 Virtutis
1986 4342 2177 4416 atque
2190 4329 2339 4393 Dis-

649 4436 888 4516 tinctio,
908 4449 974 4499 et
995 4457 1128 4522 cap.
1153 4433 1447 4499 XXIX.
1479 4434 1583 4497 De
1605 4432 1963 4497 Virtutibus
1990 4455 2061 4497 ac
2078 4431 2248 4496 Vitio
2274 4447 2339 4497 et

648 4537 965 4628 quomodo
1010 4535 1254 4624 singula
1295 4536 1780 4623 distinguantur.
1875 4534 2163 4600 Plotinus
2205 4536 2338 4624 ipse

646 4641 987 4709 identidem
1016 4640 1181 4705 idem
1211 4653 1653 4728 argumentum
1696 4637 1831 4704 aliis
1872 4638 1935 4702 in
1980 4638 2153 4703 libris
2195 4637 2337 4702 atti-

649 4746 765 4835 git,
796 4768 933 4810 ιο.
973 4742 1055 4809 de
1089 4742 1525 4808 Pulcritudine
1569 4764 1713 4830 pag.
1744 4759 1857 4827 55.
1898 4765 2086 4829 quem
2130 4741 2336 4807 locum

648 4860 981 4938 propterea
1026 4844 1231 4924 citavi,
1285 4845 1435 4933 quia
1482 4844 1565 4909 ad
1614 4843 1821 4933 ipsum
1871 4842 2025 4909 alios
2071 4843 2333 4909 aliorum

648 4948 1160 5038 philosophorum
1191 4962 1255 5012 et
1282 4948 1476 5035 ipsius
1505 4948 1699 5013 nostri
1738 4946 1903 5012 locos
1939 4946 2166 5035 partim
2204 4946 2337 5011 lau-

647 5053 816 5131 davi,
841 5051 1073 5141 partim
1099 5049 1360 5116 adhibui
1388 5051 1455 5115 in
1482 5066 1723 5116 annott.
1752 5050 1819 5115 in
1847 5050 2178 5115 editionem
2209 5050 2334 5115 hu·

640 5158 751 5245 jus
789 5155 954 5234 libri,
1004 5152 1446 5240 Heidelbergoe
1498 5155 1683 5235 1814.
1714 5154 1859 5218 8νο.
1904 5176 1971 5241 p.
2006 5153 2152 5234 284η
2195 5175 2334 5240 sqq.

648 5258 980 5339 Quomodo
1035 5271 1247 5322 autem
1298 5271 1360 5321 et
1412 5256 1676 5321 Proclus
1734 5269 1798 5321 et
1850 5256 2343 5345 olympiodorus

646 5362 809 5430 hanc
833 5361 1033 5449 ipsam
1062 5360 1369 5426 virtutum
1400 5358 1743 5426 doctrinam
1788 5359 1903 5424 sibi
1945 5358 2337 5424 informarint

648 5480 714 5530 et
740 5464 945 5530 verbis
971 5463 1359 5542 declararint,
1391 5462 1477 5528 sic
1506 5463 1653 5528 satis
1680 5485 2049 5550 cognoscere
2084 5461 2333 5550 poterit,

648 5568 759 5654 qui
785 5566 1069 5634 evolvere
1092 5566 1242 5632 velit
1279 5565 1417 5632 loca
1440 5566 1507 5631 in
1537 5565 1720 5631 titulo
1763 5567 1899 5648 περὶ
1941 5568 2147 5648 ἀρετῆς
2193 5588 2333 5652 pag.

649 5670 801 5756 348.
846 5669 1081 5736 Indicis
1106 5670 1171 5735 in
1192 5671 1403 5735 Initia
1428 5669 1848 5758 Philosophiae
1873 5690 1947 5732 ac
1978 5668 2338 5755 Theologiae

2433 748 2515 793 ea·
2552 726 2904 790 Platonicis
2932 723 3242 789 Fontibus
3271 723 3509 788 Ducta.
3598 722 3998 790 Francofurti
4040 721 4125 788 ad

2436 829 2734 893 Moenum
2768 828 3168 896 1820—1822.
3203 827 3343 892 8vo.
3373 850 3415 891 a
3440 825 3619 892 nobis
3661 841 3944 903 enotata;
3985 826 4124 915 qui-

2430 930 2552 1000 bus
2597 929 2760 997 adde
2805 928 3109 996 Bruckeri
3153 929 3472 1019 disputata
3521 930 3586 994 in
3635 930 3918 995 Historia
3962 929 4119 996 crit.

2430 1032 2846 1122 philosopbiae
2870 1035 3058 1099 Tom.
3083 1034 3181 1098 II.
3214 1056 3276 1121 p.
3297 1036 3444 1114 460.
3476 1057 3566 1121 sq.
3598 1047 3662 1098 et
3686 1034 4120 1099 Tennemann.

2428 1137 2495 1201 in
2537 1136 2697 1202 libro
2736 1137 3146 1203 Germanico:
3201 1135 3485 1201 Historia
3531 1135 3955 1224 Philosophiae
3998 1137 4118 1203 VI.

2428 1259 2536 1325 47.
2581 1264 2743 1328 sqq„
2788 1240 2900 1327 qui
2942 1254 3017 1305 ut
3065 1238 3414 1304 universam
3453 1239 3735 1305 Platonis
3779 1254 3844 1305 et
3890 1238 4123 1304 Plotini

2428 1343 2755 1424 rationem,
2808 1343 2899 1409 ita
2950 1342 3280 1430 utriusque
3343 1342 3591 1408 decreta
3646 1343 3727 1408 de
3783 1341 4123 1408 virtutibus

2430 1462 2749 1535 comparat
2778 1470 2923 1535 pag.
2942 1446 3050 1528 48.
3084 1470 3181 1534 sq.
3210 1459 3273 1512 et
3301 1469 3442 1534 pag.
3470 1464 3610 1532 159.
3644 1469 3778 1535 sqq.

2515 1588 2604 1600 —
2628 1551 2684 1615 8.
2719 1554 2782 1631 ἐξ
2811 1550 3091 1635 ἀνάγκης]
3141 1548 3327 1616 Plato
3353 1549 3419 1613 in
3451 1550 3695 1615 Theaet.
3725 1573 3794 1637 p.
3817 1552 3959 1627 176.
3977 1573 4035 1615 a.
4055 1550 4118 1616 b.

2430 1676 2494 1741 p·
2532 1669 2676 1736 247.
2725 1652 3029 1718 Bekkeri:
3089 1652 3264 1717 Ἀλλ’
3311 1652 3428 1717 οὔτ’
3482 1651 3815 1717 ἀπολέσθαι
3854 1656 3930 1718 τὰ
3975 1657 4123 1719 κακὰ

2433 1756 2707 1835 δυνατὸν,
2737 1754 2786 1820 ὦ
2815 1758 3110 1838 Θεόδωρε·
3157 1756 3513 1819 ὑπεναντίον
3554 1753 3670 1837 γάρ
3698 1780 3757 1818 τι
3799 1758 3880 1841 τῷ
3917 1757 4122 1842 ἀγαθῷ

2431 1860 2529 1923 ἀεὶ
2568 1858 2720 1923 εἶναι
2761 1859 3007 1942 ἀνάγκη·
3054 1856 3171 1924 οὔτ’
3205 1859 3273 1923 ἐν
3310 1863 3466 1925 θεοῖς
3507 1857 3656 1922 αὐτὰ
3699 1860 3986 1940 ἱδρόσθαι,
4014 1858 4122 1938 τήν

2430 1964 2497 2026 δὲ
2539 1961 2759 2041 θνητὴν
2786 1962 2972 2044 φύσιν
3016 1962 3113 2026 καὶ
3149 1963 3320 2025 τόνδε
3358 1960 3464 2025 τὸν
3492 1962 3677 2026 τόπον
3704 1967 4018 2043 περιπολεῖ
4056 1963 4121 2041 ἐξ

2428 2064 2703 2146 ἀνάγκης.
2750 2064 2838 2129 διὸ
2870 2065 2965 2128 καὶ
2991 2068 3308 2147 πειρᾶσθαι
3331 2063 3450 2146 χρὴ
3479 2062 3719 2128 ἐνθένδε
3747 2067 3941 2130 ἐκεῖσε
3971 2065 4116 2147 φεύ»

2429 2193 2559 2250 γειν
2605 2168 2696 2231 ὅτι
2744 2167 3013 2251 τάχιστα.
3060 2167 3222 2250 φυγὴ
3267 2168 3332 2231 δὲ
3378 2168 3656 2247 ὁμοίωσις
3699 2170 3813 2254 θεῷ
3861 2169 4007 2232 κατὰ
4050 2166 4118 2231 τὸ

2429 2272 2699 2335 δυνατόν.
2745 2272 3021 2350 ὁμοίωσις
3048 2272 3114 2334 δὲ
3142 2270 3367 2333 δίκαιον
3395 2270 3491 2333 καὶ
3519 2270 3694 2333 ὅσιον
3715 2272 3867 2349 μετὰ
3895 2268 4115 2351 φρονή-
4201 2258 4208 2265 ’

2428 2398 2582 2440 σεως
2622 2371 2922 2456 γενέσθαι.
3015 2370 3250 2436 Similia
3293 2371 3373 2435 de
3418 2373 3698 2451 ὁμοιώσει
3735 2375 3850 2457 θεῷ
3889 2370 4120 2458 poesim

2426 2474 2592 2540 idem
2637 2474 3044 2563 philosophus
3084 2475 3296 2553 habet,
3323 2497 3385 2537 v.
3404 2497 3457 2538 c.
3488 2473 3568 2538 de
3597 2473 3877 2561 Republ.
3911 2476 4005 2539 X.
4049 2499 4115 2564 p.

2427 2580 2578 2663 613.
2612 2580 2697 2643 A.
2748 2577 2888 2642 coll.
2918 2577 3038 2643 VI.
3088 2600 3153 2665 p.
3182 2598 3330 2663 500.
3368 2578 3441 2641 C.
3505 2575 3586 2640 de
3630 2577 3838 2665 Legg.
3888 2579 4004 2642 IV.
4048 2601 4116 2665 pv.

2428 2682 2571 2764 716.
2607 2683 2680 2746 B.
2705 2682 2781 2745 C.
2812 2680 2894 2746 cf.
2924 2680 3006 2745 ad
3036 2680 3150 2745 hos
3178 2679 3346 2744 locos
3370 2681 3830 2766 Morgenstern.
3863 2681 3942 2746 de
3975 2681 4119 2747 Pla-

2424 2783 2588 2847 tonis
2616 2782 2892 2871 Republ.
2936 2806 2999 2871 p.
3035 2799 3173 2869 153.
3207 2806 3347 2870 sqq.
3401 2781 3742 2848 Heindorf.
3772 2783 3854 2848 ad
3886 2784 4119 2850 Theae-

2426 2901 2535 2953 tet.
2582 2886 2626 2950 l.
2656 2887 2701 2952 l.
2745 2909 2807 2975 p.
2839 2906 2987 2970 400.
3035 2887 3377 2974 Wyttenb.
3418 2886 3504 2952 ad
3530 2886 3837 2952 Phaedon.
3876 2912 3937 2977 p.
3973 2889 4115 2975 285.

2426 3014 2521 3077 sq.
2586 2989 2884 3055 Eundem
2911 2990 2995 3054 ad
3024 2989 3345 3055 Plutarch.
3380 2988 3446 3055 d.
3507 2992 3569 3054 S.
3603 2991 3689 3055 N.
3721 2991 3801 3056 V.
3830 3014 3896 3079 p.
3926 3011 4023 3076 15.
4054 3006 4120 3056 et

2422 3116 2491 3180 p.
2523 3111 2628 3177 27.
2677 3108 2741 3159 et
2768 3093 2846 3158 ad
2883 3095 3054 3182 Sept.
3089 3092 3393 3181 Sapientt.
3423 3093 3685 3158 Conviv.
3727 3117 3795 3180 p.
3828 3111 3971 3181 975.
4017 3093 4114 3159 ed.

2426 3198 2639 3264 Oxon.
2666 3196 2894 3262 minor.
2922 3196 3030 3261 ubi
3059 3196 3226 3261 idem
3260 3195 3353 3260 vir
3380 3195 3604 3260 doctus
3641 3195 3901 3262 Suidam
3944 3220 4120 3263 mon-

2424 3314 2580 3366 strat
2621 3324 2700 3366 ex
2729 3299 2848 3365 hoc
2877 3298 3112 3365 Plotini
3154 3298 3296 3365 loco
3334 3299 3612 3386 itemque
3651 3323 3729 3364 ex
3772 3324 3909 3389 cap.
3939 3321 4003 3388 3.
4048 3326 4118 3391 p.

2429 3423 2532 3491 13.
2559 3402 2941 3491 compilasse,
2974 3427 3119 3491 q‘uae
3159 3403 3415 3469 exhibet
3455 3403 3558 3468 hic
3603 3402 4122 3492 Lexicographus

2422 3505 2487 3571 in
2517 3506 2830 3590 φευκτέον.
2875 3508 3048 3585 Quos
3076 3505 3231 3572 alios
3258 3505 3522 3570 aliorum
3553 3506 3923 3594 scriptorum
3952 3507 4120 3573 locos

2422 3608 2555 3698 ipse
2583 3610 2759 3697 attigi
2790 3609 2853 3674 in
2884 3623 3124 3674 annott.
3156 3609 3219 3673 in
3253 3608 3487 3674 Plotin.
3512 3609 3592 3673 de
3609 3609 3871 3673 Pulcrit.
3890 3610 4114 3697 p.289.

2426 3735 2522 3800 sq.
2554 3712 2673 3778 hoc
2700 3712 2838 3778 loco
2864 3712 3148 3777 omittam
3172 3736 3191 3775 t
3236 3712 3415 3776 binos
3452 3710 3518 3775 h.
3542 3711 3586 3775 l.
3619 3711 3927 3798 proferam
3967 3710 4115 3777 alibi

2425 3839 2549 3881 non
2608 3815 2933 3881 laudatos:
2997 3813 3387 3902 Porphyrius
3442 3815 3596 3897 Περὶ
3643 3813 3886 3895 Ἀρετῆς
3941 3815 4115 3902 apud

2429 3919 2607 3984 Stob.
2648 3919 2713 3983 in
2754 3917 3050 4005 Florileg.
3083 3916 3220 3982 Tit.
3257 3918 3316 3983 I.
3365 3940 3433 4005 p.
3462 3936 3569 4002 55.
3613 3916 3983 3982 Gaisfordii:
4029 3916 4115 3982 ‘H

2423 4026 2534 4103 μὲν
2564 4024 2669 4087 οὖν
2699 4025 2846 4086 κατὰ
2873 4023 2977 4089 τὰς
3012 4023 3320 4088 πολιτικὰς
3353 4022 3563 4102 ἀρετᾶς
3601 4020 3880 4100 διάθεσις,
3914 4022 3981 4084 ἑν
4006 4046 4110 4100 με-

2423 4127 2741 4210 τροπαθείᾳ
2779 4130 3100 4207 θεωρεῖται,
3130 4122 3304 4191 τέλος
3349 4122 3574 4206 ἔχουσα
3618 4122 3686 4186 τὸ
3731 4127 3859 4203 ζῇν,
3891 4124 3967 4190 ὦς
4008 4125 4115 4188 ἄν·

2424 4233 2659 4311 θρωπον
2689 4230 2836 4292 κατὰ
2880 4229 3090 4310 φύσιν.
3129 4227 3169 4306 ἡ
3208 4228 3274 4290 δὲ
3319 4229 3467 4290 κατὰ
3506 4229 3611 4294 τὰς
3656 4228 4003 4308 θεωρητικὰς
4047 4228 4118 4290 ἐν

2423 4333 2697 4416 ἀπαθείᾳ·
2745 4331 2814 4409 ἧς
2855 4329 3028 4397 τέλος
3053 4330 3091 4409 ἡ
3119 4328 3266 4410 πρὸς
3306 4329 3445 4393 θεὸν
3472 4329 3780 4410 ὁμοίωσις..
3834 4327 4007 4393 Ἐπεὶ
4049 4331 4117 4394 δὲ

2423 4434 2705 4516 κάθαρσις
2748 4459 2880 4497 κ.τ.
2898 4441 2962 4497 λ.
3049 4431 3356 4496 Alcinous
3392 4430 3474 4495 de
3500 4430 3804 4495 Doctrina
3833 4429 4114 4496 Platonis

2421 4560 2558 4624 cap.
2585 4554 2689 4620 27.
2720 4559 2790 4624 p.
2804 4549 2886 4621 5r
2890 4554 2956 4620 5.
2978 4558 3071 4622 sq.
3103 4534 3202 4599 ed.
3229 4536 3400 4599 Dan.
3423 4533 3694 4613 Heinsii,
3724 4532 3946 4621 Lugd.
3968 4534 4113 4598 Bat.

2427 4641 2618 4721 1614:
2652 4641 2741 4707 οἷς
2766 4643 2951 4703 πᾶσιν
2972 4640 3302 4703 ἀκόλουθον
3329 4636 3506 4705 τέλος
3532 4636 3763 4716 ἐξέθετο
3786 4636 4116 4722 (Πλάτων)

2422 4745 2706 4824 ὁμοίωσιν
2735 4746 2854 4829 θεῷ
2894 4744 3042 4806 κατὰ
3087 4740 3154 4804 τὸ
3197 4742 3469 4805 δυνατόν.
3512 4742 3789 4807 ποικίλως
3832 4742 3899 4803 δὲ
3939 4744 4112 4803 τοῦτο

2420 4848 2684 4930 χειρίζει.
2722 4846 2869 4910 ποτὲ
2902 4846 3015 4925 μὲν
3042 4846 3159 4926 γᾶρ
3187 4845 3469 4923 ὁμοίωσιν
3497 4846 3620 4929 θεῷ
3648 4841 3822 4924 λέγει
3855 4842 3924 4906 τὸ
3962 4843 4110 4925 φρό-

2422 4974 2594 5029 νιμον
2630 4949 2724 5012 καὶ
2761 4949 2986 5011 δίκαιον
3028 4947 3126 5010 καὶ,
3168 4947 3339 5010 ὅσιον
3370 4945 3546 5023 εἶναι,
3575 4947 3651 5013 ὥς
3689 4947 3757 5009 ἐν
3785 4946 4111 5033 Θεαιτήτῳ·

2421 5050 2511 5115 διὸ
2541 5052 2637 5115 καὶ
2662 5054 2986 5132 πειρᾶσθαι
3004 5053 3219 5133 χρῆναι
3247 5048 3485 5112 ἐνθένδε
3515 5051 3732 5128 ἐκεῖσε,
3755 5050 4001 5131 φεύγειν
4022 5049 4113 5111 ὅτι

2420 5152 2696 5236 τάχιστα·
2741 5153 2903 5235 φυγὴ
2942 5153 3006 5216 δὲ
3051 5153 3332 5232 ὁμοίωσις
3373 5154 3487 5238 θεῷ
3535 5154 3682 5215 κατὰ
3725 5151 3794 5215 τὸ
3840 5148 4112 5229 δυνατὸν,

2422 5259 2706 5337 ὁμοίωσιν
2735 5258 2800 5319 δὲ
2828 5257 3053 5320 δίκαιον
3083 5255 3177 5319 καὶ
3206 5256 3377 5318 ὅσιον
3402 5257 3552 5334 μετὰ
3580 5254 3924 5337 φρονήσεως
3965 5277 4109 5334 γεν-

2424 5358 2620 5424 έσθαι.
2665 5359 2811 5423 ποτε
2860 5360 2928 5422 δὲ
2970 5357 3038 5422 τὸ
3082 5360 3271 5438 μόνον
3315 5359 3540 5422 δίκαιον
3584 5358 3756 5436 εἶναι,
3802 5357 3879 5423 ὧς
3919 5357 3987 5418 έν
4026 5358 4110 5441 τῷ

2420 5463 2738 5547 τελευταίῳ
2780 5465 2882 5541 τῆς
2924 5458 3420 5528 πολιτείας-Ἐν
3448 5462 3514 5525 δὲ
3541 5462 3798 5524 Φαίδωνι
3825 5459 4111 5537 ὁμοίωσιν

2421 5568 2534 5650 θεῷ
2564 5564 2736 5646 λέγει
2762 5564 2830 5627 τὸ
2861 5566 3147 5646 σώφρονα
3167 5564 3290 5644 ἅμα
3317 5565 3413 5628 καὶ
3441 5565 3664 5629 δίκαιον
3682 5559 3968 5643 γενέσθαι
3995 5560 4110 5625 ὧδέ

2419 5692 2563 5745 πως,
2597 5651 2649 5731 κ.
2668 5675 2804 5731 τ.λ.
2874 5667 2977 5731 De
3020 5666 3137 5731 hoo
3177 5665 3407 5754 placito
3448 5665 3799 5744 ὁμοιώσεως,
3828 5686 3957 5751 qua
3986 5663 4111 5728 Dei
