5118 6613
1343 567 1546 632 LIB.
1594 567 1757 632 VII.
1804 567 2268 634 ENNEAD.
2320 569 2789 635 TERTIAE.
2831 592 2897 658 p.
2928 570 3288 657 615—624.

565 738 751 818 cedit,
785 737 1067 825 nihilque
1095 753 1186 803 est
1216 736 1280 801 in
1314 753 1591 827 tempore
1628 739 2060 817 constitutum,
2086 741 2258 827 quod

562 859 764 908 totum
797 842 942 906 vitae
971 864 1102 905 suae
1132 841 1401 928 spatium
1434 842 1666 929 pariter
1701 842 1897 931 possit
1922 843 2252 931 amplecti3

564 946 670 1011 sed
697 945 1035 1010 crastinum
1058 943 1313 1031 quidem
1346 944 1623 1009 nondum
1656 946 2092 1033 apprehendit,
2113 947 2255 1012 hes·

562 1063 804 1114 ternum
839 1071 985 1113 vero
1003 1048 1135 1134 jam
1170 1046 1460 1134 perdidit.
1554 1049 1634 1112 In
1664 1048 1965 1112 hodierna
2002 1072 2256 1136 quoque

561 1151 689 1216 vita
716 1173 842 1215 non
868 1149 1138 1238 amplius
1159 1150 1389 1225 viviti5‚
1410 1172 1599 1237 quam
1625 1150 1690 1214 in
1718 1150 1826 1214 illo
1848 1150 2060 1215 mobili
2084 1167 2253 1216 tran-

560 1255 893 1341 sitorioque
939 1269 1274 1317 momento·
1365 1252 1551 1331 Quod
1593 1252 1789 1340 igitur
1818 1253 2115 1340 temporis
2142 1277 2252 1342 pa-

559 1358 711 1423 titur
759 1355 1200 1435 conditionem,
1252 1355 1396 1420 licet
1446 1355 1629 1436 illud,
1673 1356 1830 1421 sicut
1880 1356 1960 1421 de
2017 1356 2256 1421 mundo

559 1458 799 1525 censuit
824 1458 1215 1537 Aristotele8‚
1239 1481 1352 1523 nec
1381 1460 1637 1546 coeperit
1670 1482 1949 1547 unquam
1968 1483 2120 1540 esse,
2142 1483 2255 1526 nec

556 1564 818 1643 desinat,
849 1562 1100 1649 vitaque
1128 1563 1264 1649 ejus
1294 1584 1438 1626 cum
1472 1562 1768 1650 temporis
1795 1563 2100 1629 infinitate
2124 1579 2255 1629 ten-

559 1665 769 1743 datur,
807 1665 1265 1745 (παρατείνεται,
1306 1663 1433 1728 vid.
1465 1663 1754 1752 proxime
1788 1664 1870 1729 ad
1901 1688 2033 1730 voc.
2066 1665 2254 1749 παρά-

559 1771 760 1850 τασιν)
798 1766 1079 1831 nondum
1110 1783 1316 1831 tamen
1347 1766 1469 1831 tale
1506 1783 1621 1844 est,
1657 1782 1728 1832 ut
1772 1786 2074 1833 aeternum
2122 1792 2252 1834 esse

548 1873 693 1959 jure
730 1869 1042 1934 credatur.
1134 1871 1280 1933 Non
1326 1869 1486 1933 enim
1523 1883 1724 1934 totum
1768 1869 1950 1934 simul
1995 1871 2253 1936 infinitoe

557 1973 695 2039 licet
720 1973 869 2038 vitae
898 1988 1166 2060 spatium
1200 1972 1673 2060 comprehendit
1715 1988 1909 2059 atque
1938 1972 2248 2062 complec-

557 2077 743 2141 titur:
791 2075 898 2139 sed
929 2075 1148 2139 futura
1175 2075 1456 2140 nondum
1490 2091 1795 2141 transacta
1813 2077 1948 2164 jam
1979 2100 2104 2141 non
2133 2078 2246 2143 ha-

555 2179 720 2252 bet.''⁸
747 2178 831 2243 cf.
853 2200 1044 2266 supra
1071 2200 1207 2265 cap.
1242 2179 1342 2242 ΙΙ.
1374 2178 1567 2266 hujus
1595 2177 1736 2243 libri
1765 2203 1828 2267 p.
1860 2199 2012 2265 327.
2045 2182 2135 2244 A.

638 2305 703 2370 p.
733 2283 885 2359 618,
915 2303 976 2369 3.
1025 2283 1101 2345 Et
1143 2282 1250 2346 οὖν
1294 2284 1517 2365 χρόνον
1555 2307 1642 2349 τις
1689 2282 2018 2365 λέγοι-ἑξ
2057 2284 2251 2348 ἄλλου

558 2390 640 2454 εἰς
667 2388 861 2450 ἄλλον
887 2386 1030 2465 βίον
1066 2385 1218 2464 ζωὴν
1264 2385 1440 2469 εἶναι]
1497 2383 1739 2472 Taylor
1781 2397 2033 2450 secutus
2078 2384 2247 2449 Fici·

554 2510 730 2567 num‚
775 2497 984 2552 actum
1027 2486 1255 2565 dantis,
1306 2486 1552 2551 volebat
1600 2487 1925 2570 ἐνέργειαν.
2025 2489 2243 2552 Veram

553 2591 872 2657 lectionem
899 2613 1025 2655 una
1050 2612 1194 2654 cum
1218 2588 1394 2666 falsa,
1424 2612 1570 2676 quae
1591 2589 1924 2655 editionem
1955 2605 2244 2677 occupat,

554 2708 851 2783 praestant
881 2706 1006 2758 tres
1048 2692 1190 2757 libri
1237 2694 1436 2757 MSS.
1470 2694 1694 2775 χρόνον
1735 2692 1907 2772 ζωήν.
1998 2692 2248 2757 Delevi-

554 2821 692 2863 mus
749 2796 959 2885 prius:
1008 2795 1315 2884 posterius
1386 2795 1778 2859 retinuimus
1899 2795 2248 2861 Confirmat

547 2899 901 2989 Simplicius
922 2900 985 2963 in
1018 2898 1274 2963 Aristot.
1308 2898 1537 2986 Physs.
1569 2921 1635 2986 p.
1672 2899 1816 2981 187.
1855 2899 1920 2962 b.
1954 2898 2053 2964 ed.
2088 2898 2235 2964 Ald.

550 3005 659 3093 qui
718 3004 853 3069 haec
913 3002 1268 3067 Plotiniana
1312 3001 1689 3066 verbotenus
1733 3001 2034 3066 exhibens
2088 3001 2242 3082 ζωὴν

549 3109 761 3186 habet,
792 3122 856 3172 et
894 3105 957 3170 in
1008 3104 1413 3192 sequentibus
1455 3127 1672 3169 rursus
1709 3103 1797 3168 ita
1840 3104 1920 3169 de
1958 3104 2077 3169 hoc
2107 3104 2243 3170 loco

552 3210 783 3276 Plotini
813 3211 1000 3275 refert
1019 3210 1194 3273 ε-ἑν
1224 3211 1288 3273 δὲ
1319 3211 1545 3276 τούτοις
1572 3209 1795 3291 χρόνον
1817 3211 2004 3273 οἴεται
2026 3210 2241 3291 (Hm-

549 3320 735 3399 τῖνος)
766 3315 875 3394 τὴν
901 3312 1304 3393 μεταβατικὴν
1324 3316 1424 3391 τῆς
1451 3317 1652 3396 ψυχῆς
1680 3311 1850 3391 ζωήν.
1923 3314 2242 3377 Caeterum

550 3419 682 3484 haec
710 3416 991 3482 definitio
1021 3415 1279 3493 Graeci8‚
1310 3415 1419 3501 qui
1466 3415 1626 3479 inter
1663 3416 1816 3495 ζωὴν
1843 3430 1908 3479 et
1943 3417 2087 3495 βίον
2115 3415 2240 3480 dis-

544 3520 935 3608 tinguebant,
964 3517 1312 3605 expeditior
1343 3539 1531 3604 quam
1578 3517 1814 3582 Latinis
1838 3530 1902 3582 et
1930 3517 2237 3583 nobismet

547 3624 713 3712 ipsiS.
761 3623 868 3687 Cf.
922 3623 1225 3684 Ammon.
1285 3642 1349 3705 p.
1382 3639 1488 3704 30.
1531 3643 1600 3707 p.
1653 3638 1759 3704 32.
1812 3619 2039 3684 Schoef.
2085 3620 2234 3707 ibiq.

546 3724 949 3792 Aristotelem
998 3722 1429 3788 Differentiam
1474 3723 1534 3787 h.
1563 3721 1602 3787 l.
1637 3722 1896 3788 fortasse
1941 3722 2233 3804 declareS‚

542 3831 590 3896 si
621 3845 827 3895 vertas
850 3826 1182 3892 :—animae
1210 3825 1399 3889 vitam
1446 3826 1654 3910 (ζωὴν)
1687 3849 1842 3905 esse,
1874 3843 1939 3891 et
1966 3826 2028 3890 in
2061 3844 2234 3892 motu

542 3932 898 4001 transitorio
924 3954 1000 3995 ex
1034 3928 1153 3994 alia
1182 3927 1242 3992 in
1274 3927 1456 3992 aliam
1491 3928 1637 3992 vitae
1676 3927 1975 3993 actionem
2015 3931 2230 4011 (βίον).

545 4041 704 4103 Haec
733 4049 942 4100 autem
978 4033 1166 4097 verba
1195 4030 1427 4095 Plotini
1459 4052 1658 4117 usque
1686 4030 1766 4094 ad
1799 4031 1983 4095 finem
2015 4031 2235 4119 capitis

540 4141 783 4226 integra
840 4137 1094 4202 exhibet
1152 4134 1194 4200 l.
1229 4134 1269 4198 l.
1321 4132 1696 4221 Simplicius,
1749 4133 1835 4198 ita
1894 4135 2227 4221 praefatus:

541 4244 810 4310 Κάλλων
855 4243 918 4306 δὲ
963 4244 1105 4306 ἴσως
1148 4238 1342 4302 αὐτῶν
1386 4240 1637 4302 ἀκοῦσαι
1687 4243 1804 4302 τῶν
1856 4244 2078 4319 νοερῶν
2129 4243 2235 4304 τοῦ

540 4348 854 4411 Πλωτίνου
910 4341 1199 4425 ῥημάτων.
1320 4338 1626 4427 Respexit
1686 4338 1818 4404 haec
1879 4339 2233 4406 Plotiniana

537 4449 720 4514 etiam
769 4444 1032 4512 Proclus
1068 4443 1131 4506 in
1181 4441 1461 4506 Platonis
1501 4440 1912 4529 Theologiam
1949 4442 2089 4507 111.
2127 4447 2225 4509 18.

535 4575 598 4639 p.
641 4570 783 4635 149,
814 4550 995 4636 cujus
1021 4548 1188 4613 locos
1227 4570 1417 4635 supra
1453 4547 1844 4613 laudavimus
1872 4548 1953 4613 ad
1984 4572 2045 4635 p.
2077 4568 2227 4635 325.

535 4655 683 4739 328.
719 4672 867 4739 333.
917 4652 1158 4740 Taylor
1186 4666 1247 4716 et
1276 4651 1409 4738 ipse
1437 4651 1536 4715 hic
1571 4650 1775 4715 Procli
1806 4650 1849 4716 l.
1875 4651 1915 4715 l.
1950 4651 2224 4739 attingit,

537 4756 810 4821 addens:
859 4762 901 4794 “
943 4755 1107 4818 This
1150 4755 1476 4840 definition
1525 4754 1613 4839 of
1637 4756 1784 4818 time
1834 4754 1915 4840 by
1961 4755 2228 4821 Prot-lus

536 4877 806 4946 appears
835 4865 898 4920 to
938 4878 1035 4920 me
1069 4865 1132 4920 to
1170 4857 1240 4920 be
1283 4855 1717 4943 uncommonlqj
1748 4856 2065 4942 beautp‘ficl
2098 4858 2231 4921 and

533 4960 878 5026 accur-atel*

614 5088 680 5152 p.
711 5066 860 5146 619,
891 5084 955 5142 4.
1004 5061 1309 5150 ἀψοφητὶ]
1357 5060 1543 5127 Plato
1575 5061 1749 5125 Tim.
1780 5084 1846 5148 p.
1877 5079 1985 5146 37.
2017 5084 2084 5148 p.
2113 5082 2218 5147 35.

537 5165 1160 5248 Bekk.—4›cp6pevos
1200 5166 1343 5230 ἄνευ
1381 5166 1655 5248 φθόγγου
1702 5165 1797 5228 καὶ
1825 5166 1990 5249 ἠχῆς.
2085 5168 2216 5231 Sae-

532 5270 670 5357 pius
698 5282 908 5332 autem
940 5269 1215 5350 ἀψοφητὶ
1246 5283 1505 5355 usurpat
1536 5282 1763 5344 noster,
1797 5281 1867 5331 ut
1900 5269 2038 5332 111.
2072 5270 2131 5332 8.
2152 5290 2215 5350 4.

536 5376 651 5440 lv.
681 5396 744 5454 4.
786 5393 883 5452 14.
919 5373 995 5437 V.
1033 5375 1093 5435 8.
1117 5388 1173 5454 7.
1210 5373 1282 5435 V.
1317 5372 1378 5435 8.
1404 5391 1503 5435 11.
1553 5368 2072 5458 Olympiodor.in
2096 5369 2217 5434 A]-

532 5477 650 5543 cib.
682 5498 783 5563 pr.
816 5497 878 5563 p.
914 5493 1017 5561 29.
1051 5474 1160 5539 ubi
1189 5473 1445 5538 lectores
1472 5474 1799 5538 amandavi
1822 5473 1901 5538 ad
1937 5473 2219 5560 Hesych.

535 5582 591 5646 1.
620 5602 682 5666 p.
715 5579 818 5663 98.
851 5590 982 5642 not.
1016 5575 1298 5666 Etymol.
1331 5576 1505 5643 Gud.
1536 5599 1602 5665 p.
1639 5596 1782 5641 101.
1828 5574 2095 5641 Dorvill.
2137 5575 2219 5641 ad

635 5686 816 5740 VOL.
855 5686 981 5739 111.

3922 592 4038 661 193

2348 740 2672 807 Chariton.
2719 768 2786 832 p.
2819 745 2965 808 260.
3012 743 3183 829 Lips.
3239 744 3327 830 [p.
3362 761 3510 807 101.
3547 743 3651 808 ed.
3688 746 3927 834 Amst.]
3974 761 4039 811 et

2346 845 2732 911 Theodoret.
2787 845 2928 910 Vol.
2983 847 3041 912 1.
3094 870 3158 935 p.
3213 866 3398 929 1104.
3430 845 3702 912 'Schulz.
3758 846 4039 933 Ἀψοφία

2345 972 2534 1036 supra
2561 948 2791 1036 legitur
2823 950 2924 1013 II.
2962 969 3015 1012 1.
3050 949 3108 1013 6.
3140 973 3204 1037 p.
3240 969 3376 1015 100.

2426 1075 2492 1139 p.
2520 1054 2674 1130 620,
2709 1072 2768 1117 2.
2833 1052 2948 1116 Διὸ
2999 1053 3095 1117 καὶ
3143 1055 3387 1138 εἴρηται]
3443 1055 3524 1118 In
3584 1054 3866 1121 Platonis
3922 1055 4039 1121 Ti·

2341 1177 2501 1234 maeo
2529 1179 2593 1243 p.
2624 1171 2731 1241 37.
2757 1154 2863 1221 fin.
2895 1178 2962 1242 p.
2993 1157 3098 1241 36.
3131 1178 3221 1242 sq.
3256 1155 3460 1221 Bekk.

2425 1295 2512 1306 —
2538 1274 2604 1342 5.
2651 1260 2903 1341 χρόνους
2922 1258 3215 1341 λέγεσθαι
3241 1258 3395 1345 αὐτῷ
3422 1260 3518 1323 καὶ
3538 1263 3642 1327 τᾶς
3661 1266 3779 1325 τῶν
3798 1260 4036 1342 ἄστρων

2341 1364 2532 1443 φορὰς
2561 1388 2614 1424 κ.
2635 1386 2688 1424 τ.
2710 1361 2806 1444 λ.]
2857 1357 3045 1425 Plato
3091 1359 3155 1423 in
3201 1359 3452 1425 Timaeo
3492 1385 3557 1451 p.
3588 1364 3697 1448 38.
3741 1377 3806 1427 et
3832 1385 3896 1451 p.
3928 1382 4033 1448 39.

2338 1485 2403 1550 p.
2438 1482 2541 1549 37.
2576 1486 2710 1551 sqq.
2745 1462 2949 1529 Bekk.

2428 1588 2491 1652 p.
2526 1567 2676 1640 621,
2699 1586 2762 1650 5.
2810 1566 2899 1629 Τὸ
2937 1566 3044 1629 οὖν
3081 1566 3484 1646 μετρούμενον
3509 1564 3625 1630 ὑπὸ
3653 1568 3756 1645 τῆς
3782 1573 4030 1648 περιφο-

2337 1672 2444 1749 ρᾶς
2474 1695 2528 1732 κ.
2546 1694 2601 1732 τ.
2621 1670 2709 1754 λ.]
2786 1667 3141 1756 Simplicius
3184 1666 3246 1731 in
3304 1667 3570 1732 Aristot.
3629 1667 3919 1756 Physicc.
3964 1690 4031 1755 p.

2345 1772 2485 1853 187.
2516 1771 2579 1836 b.
2613 1770 2764 1835 Ald.
2792 1796 2807 1834 z
2854 1772 3167 1853 προτίθησι
3201 1773 3268 1834 δὲ
3308 1772 3404 1835 καὶ
3456 1772 3520 1853 (6
3557 1773 3897 1856 Πλωτῖνος)
3944 1772 4036 1836 ὅτι

2345 1876 2458 1959 οὐχ
2487 1878 2520 1938 ὁ
2550 1877 2768 1959 χρόνος
2794 1880 3002 1957 μετρεῖ
3023 1874 3132 1953 τὴν
3161 1875 3410 1955 κίνησιν,
3437 1873 3575 1940 ἀλλ’
3605 1876 3644 1954 ἢ
3674 1876 3900 1955 κίνησις
3926 1872 4034 1938 τὸν

2339 1979 2583 2061 χρόνον,
2617 1981 2781 2060 εἴπερ
2811 1976 3045 2060 ἀφανὴς
3069 1978 3183 2056 μὲν
3210 1978 3244 2039 6
3279 1978 3498 2059 χρόνος
3535 1977 3721 2051 ἐστὶν,
3768 1976 4036 2060 ἐμφανὴς

2339 2082 2403 2145 δὲ
2446 2082 2483 2161 ἡ
2525 2082 2767 2161 κίνησις,
2800 2079 2918 2144 ἀπὸ
2955 2081 3021 2143 δὲ
3063 2084 3182 2143 τῶν
3220 2085 3499 2161 φανερῶν
3540 2080 3894 2161 γινώσκεται
3939 2077 4036 2141 καὶ

2335 2189 2634 2266 μετρεῖται
2663 2186 2737 2247 τᾶ
2766 2183 2985 2265 ἀφανῆ.
3031 2180 3202 2263 λέγει
3245 2182 3352 2244 οὖν
3390 2183 3481 2245 ὅτι
3524 2181 3590 2244 τὸ
3633 2182 4034 2263 μετρούμενον

2335 2285 2450 2350 ὑπὸ
2493 2290 2597 2365 τῆς
2636 2289 2961 2368 περιφορᾶς
2990 2311 3042 2347 κ.
3064 2309 3115 2347 τ.
3135 2291 3194 2347 λ.
3274 2282 3541 2369 Subjicit
3583 2282 3749 2347 enim
3794 2281 4033 2346 Plotini

2335 2388 2527 2455 verba
2556 2411 2756 2475 usque
2783 2387 2865 2453 ad
2895 2388 3177 2467 δηλωθεὶς
3203 2385 3334 2451 sine
3364 2385 3495 2451 ulla
3519 2385 3797 2452 lectionis
3827 2384 4026 2450 varie·

2338 2505 2482 2558 tate.

2415 2616 2479 2680 p.
2514 2596 2665 2669 622,
2695 2616 2756 2674 4.
2805 2593 2920 2657 Διὸ
2952 2593 3046 2657 καὶ
3073 2592 3670 2673 κινήσεως-κινήσει
3695 2595 4021 2678 μετρεῖται]

2335 2696 2551 2761 Habet
2582 2694 2856 2783 Simplic.
2888 2695 2950 2758 in
2985 2695 3282 2762 Aristott.
3314 2694 3539 2782 Physs.
3569 2718 3635 2783 p.
3674 2696 3815 2777 187.
3847 2695 3912 2760 b.

2417 2822 2479 2886 p.
2513 2802 2662 2880 624,
2693 2818 2744 2862 1.
2793 2801 2869 2862 El
2893 2797 2961 2862 δέ
2987 2823 3074 2865 τις
3096 2800 3163 2862 ἐν
3184 2798 3298 2882 οὐχ
3326 2797 3852 2862 ὑποστάσει-ἠὺν
3882 2801 4025 2883 χρό-

2329 2927 2436 2967 νον
2485 2901 2689 2991 λέγοι]
2737 2900 3004 2966 Videtur
3049 2900 3116 2963 h.
3143 2899 3182 2963 l.
3236 2915 3491 2987 tangere
3542 2900 3920 2989 Antiphanis
3964 2916 4027 2966 et

2330 3003 2591 3070 Critolai
2619 3003 2967 3069 sententias.
3016 3001 3160 3069 vid.
3193 3025 3379 3091 supra
3409 3003 3489 3068 ad
3521 3026 3668 3091 pag.
3702 3023 3850 3089 331·
3884 3006 3964 3070 B.

2417 3144 2501 3158 —
2538 3110 2640 3173 16.
2678 3105 2811 3190 'Ap‘
2845 3108 2953 3171 οὖν
2982 3107 3079 3171 καὶ
3119 3109 3187 3171 ἐν
3227 3107 3366 3187 ἡμῖν
3395 3109 3428 3170 6
3459 3108 3742 3192 χρόνοςς]
3795 3108 4026 3195 Operoe

2330 3209 2599 3297 pretium
2660 3208 2762 3286 sit,
2808 3208 2946 3274 baec
2995 3208 3222 3275 Plotini
3268 3209 3348 3274 de
3409 3213 3728 3297 Tempore
3779 3210 4026 3277 decreta

2328 3336 2688 3401 comparare
2729 3335 2875 3378 cum
2921 3312 3183 3377 decretis
3228 3313 3445 3378 Kantii
3493 3313 3859 3401 Philosophi
3900 3316 4028 3380 Re-

2327 3415 2734 3503 giomontani‚
2766 3416 2876 3503 qui
2903 3430 2968 3479 et
2989 3430 3236 3503 tempus
3257 3431 3322 3479 et
3347 3415 3617 3500 spatium
3638 3416 3871 3481 formas
3892 3440 4024 3482 esse

2322 3518 2536 3585 docuit
2580 3519 2929 3584 intuitionis
2970 3518 3281 3583 humanae.
3372 3519 3517 3588 Qua
3561 3517 3640 3582 de
3693 3520 4020 3598 sententia,

2325 3639 2396 3687 ut
2425 3623 2487 3688 in
2519 3620 2750 3709 vulgus
2780 3637 2947 3698 nota,
2980 3643 3103 3685 non
3145 3636 3236 3685 est
3273 3620 3446 3707 quod
3481 3620 3667 3708 plura
3710 3621 4020 3709 adjiciam.

2325 3726 2591 3791 Procius
2618 3726 2681 3789 in
2713 3724 2923 3790 Aleib.
2949 3747 3046 3811 pr.
3077 3747 3142 3811 p.
3171 3724 3316 3810 236.
3349 3747 3476 3809 sq.:
3528 3724 3642 3788 Διὸ
3677 3726 3772 3789 καὶ
3811 3728 3844 3789 6
3890 3731 4016 3790 Σω-

2328 3828 2538 3911 κράτης
2567 3831 2807 3893 ἀπαιτεῖ
2828 3830 3051 3912 χρόνον
3081 3825 3259 3891 αὐτὸν
3290 3829 3479 3890 εἰπεῖν
3509 3830 3609 3905 τῆς
3637 3826 3886 3907 οἰήσεως
3912 3833 4021 3892 τοῦ

2320 3932 2400 4013 μὴ
2431 3932 2667 3996 εἰδέναι.
2759 3930 3042 4012 Καθάπερ
3070 3932 3187 4012 γὰρ
3218 3929 3312 3993 καὶ
3339 3926 3629 4010 πρότερον
3658 3928 3886 4011 ἀνάγκη
3914 3932 4020 3997 τὰς

2321 4037 2592 4102 τοιαύτας
2619 4033 2855 4101 ἁπάσας
2886 4034 3231 4113 μεταβολὰς
3261 4036 3604 4114 μετρεῖσθαι
3629 4032 3744 4095 ὑπὸ
3774 4030 4016 4115 χρόνον.

2322 4139 2437 4203 Διὸ
2468 4139 2562 4202 καὶ
2592 4140 2625 4201 6
2656 4134 2953 4217 δαιμόνιος
2977 4134 3399 4217 Ἀριστοτέλης
3434 4134 3687 4198 ἐνταῦθά
3724 4160 3798 4216 γε
3826 4160 4013 4217 προσ-

2321 4243 2473 4306 ίεται
2488 4240 2598 4319 τὴν
2624 4242 2856 4320 κίνησιν
2886 4240 2983 4304 ἐπὶ
3012 4242 3113 4316 τῆς
3133 4241 3335 4321 ψυχῆς
3364 4238 3459 4300 καὶ
3480 4237 3588 4315 τὴν
3615 4240 3764 4301 κατὰ
3790 4235 4015 4320 χρόνον

2315 4343 2678 4424 μεταβολήν.
2729 4341 2904 4424 (vid.
2944 4339 3209 4405 Aristot.
3252 4339 3332 4403 de
3379 4338 3611 4403 Anima
3658 4340 3716 4403 1.
3746 4359 3810 4425 3.
3866 4340 4007 4404 111.

2325 4465 2420 4511 1¹0.
2462 4449 2757 4532 Categor.
2788 4466 2847 4531 p.
2878 4462 2986 4529 55.
3031 4465 3171 4530 sqq.
3221 4441 3398 4530 Sylb.
3446 4440 3777 4528 Topicorr.
3815 4443 3913 4507 11.
3946 4465 4014 4531 p.

2318 4552 2491 4636 296.)
2537 4547 2712 4611 Ἀλλ’
2743 4549 2835 4611 ὅτι
2861 4549 2973 4626 μὲν
2999 4547 3038 4625 ἡ
3068 4547 3295 4626 σώματι
3325 4548 3593 4608 συνοῦσα
3633 4545 3730 4608 καὶ
3759 4545 3875 4609 ἀπὸ
3907 4572 4008 4609 κα-

2317 4655 2443 4720 κίας
2466 4655 2550 4719 εἰς
2578 4650 2792 4733 ἀρετὴν
2812 4647 3212 4729 μεθισταμένη
3230 4653 3415 4711 δεῖται
3435 4651 3542 4712 τοῦ
3565 4649 3807 4731 χρόνον,
3832 4651 4013 4713 παντὶ

2311 4756 2648 4835 καταφανὲς
2676 4752 2879 4832 δήπου.
2960 4749 3124 4830 Ἤδη
3154 4749 3221 4815 δέ
3248 4775 3403 4817 τινες
3427 4748 3552 4815 καθ’
3577 4752 3790 4828 ἑαυτὴν
3820 4751 4010 4816 οὖσαν

2308 4858 2417 4937 τὴν
2443 4857 2652 4942 ψυχὴν
2683 4858 2753 4920 οὔ
2783 4864 2939 4938 φασι
2981 4858 3213 4919 δεῖσθαι
3254 4855 3476 4937 χρόνον
3512 4856 3659 4917 κατὰ
3699 4853 3805 4931 τὴν
3840 4854 4003 4936 ἐνέρ-

2309 4985 2501 5042 γειαν,
2534 4961 2697 5023 ἀλλὰ
2733 4959 3079 5023 τούναντίον
3114 4956 3297 5035 αὐτὴν
3331 4958 3676 5039 ἆπογεννᾷν
3720 4956 3826 5020 τὸν
3859 4959 3999 5039 χρό-

2310 5088 2435 5127 νον.
2526 5066 2720 5127 Τοῦτο
2764 5064 2830 5126 δὲ
2865 5060 3026 5141 οἶμαι
3073 5064 3304 5124 δεῖσθαι
3345 5061 3534 5142 λόγου
3577 5058 3736 5125 τινὸς
3788 5076 3840 5121 k.
3862 5084 3913 5122 τ.
3936 5067 3999 5123 λ.

2310 5165 2414 5231 Cf.
2438 5165 2626 5231 eund.
2659 5164 2721 5229 in
2757 5165 2915 5228 Inst.
2946 5161 3171 5228 Theol.
3205 5185 3261 5226 c.
3285 5179 3637 5245 197—200.
3665 5174 3728 5225 et
3759 5160 3822 5224 in
3852 5162 4002 5224 Par-

2310 5268 2540 5333 menid.
2585 5269 2663 5332 T.
2715 5268 2834 5331 IV.
2872 5290 2934 5354 p.
2972 5286 3111 5350 103.
3166 5264 3426 5330 Cousin.
3520 5264 3675 5327 Haec
3721 5276 4000 5327 extrema

2305 5386 2517 5436 autem
2547 5370 2694 5434 inde
2739 5392 2777 5433 a
2806 5368 3010 5433 verbis
3038 5366 3135 5451 ἆρ’
3165 5369 3273 5432 οὖν
3302 5389 3501 5454 usque
3528 5365 3608 5430 ad
3641 5365 3826 5428 finem
3855 5363 3998 5430 libri

2305 5497 2523 5538 rursus
2550 5472 2805 5539 exhibet
2837 5469 3193 5558 Simplicius
3220 5468 3260 5532 l.
3281 5468 3325 5533 l.

2460 5684 2582 5736 CC
