<?xml version="1.0" encoding="UTF-8"?>
<!DOCTYPE html PUBLIC "-//W3C//DTD XHTML 1.0 Transitional//EN"
    "http://www.w3.org/TR/xhtml1/DTD/xhtml1-transitional.dtd">
<html xmlns="http://www.w3.org/1999/xhtml" xml:lang="en" lang="en">
 <head>
  <title>
</title>
<meta http-equiv="Content-Type" content="text/html;charset=utf-8" />
  <meta name='ocr-system' content='tesseract 3.04.00' />
  <meta name='ocr-capabilities' content='ocr_page ocr_carea ocr_par ocr_line ocrx_word'/>
</head>
<body>
  <div class='ocr_page' id='page_1' title='image "./plotinioperaomn00chumgoog_0140.png"; bbox 0 0 5118 6613; ppageno 0'>
   <div class='ocr_carea' id='block_1_1' title="bbox 2122 540 3635 608">
    <p class='ocr_par' dir='ltr' id='par_1_1' title="bbox 2122 540 3635 608">
     <span class='ocr_line' id='line_1_1' title="bbox 2122 540 3635 608; baseline -0.001 -1"><span class='ocrx_word' id='word_1_1' title='bbox 2122 543 2934 608; x_wconf 88' lang='lat' dir='ltr'>ANNOTATIONES</span> <span class='ocrx_word' id='word_1_2' title='bbox 3006 540 3116 606; x_wconf 94' lang='lat' dir='ltr'>IN</span> <span class='ocrx_word' id='word_1_3' title='bbox 3185 542 3635 608; x_wconf 87' lang='lat' dir='ltr'>PLOTINI</span> 
     </span>
    </p>
   </div>
   <div class='ocr_carea' id='block_1_2' title="bbox 1111 562 1247 629">
    <p class='ocr_par' dir='ltr' id='par_1_2' title="bbox 1111 562 1247 629">
     <span class='ocr_line' id='line_1_2' title="bbox 1111 562 1247 629; baseline 0 -22"><span class='ocrx_word' id='word_1_4' title='bbox 1111 562 1247 629; x_wconf 89' lang='lat'>134</span> 
     </span>
    </p>
   </div>
   <div class='ocr_carea' id='block_1_3' title="bbox 1096 711 4580 1319">
    <p class='ocr_par' dir='ltr' id='par_1_3' title="bbox 1096 711 4580 1319">
     <span class='ocr_line' id='line_1_3' title="bbox 1096 711 4570 804; baseline 0 -25"><span class='ocrx_word' id='word_1_5' title='bbox 1096 719 1386 796; x_wconf 77' lang='grc' dir='ltr'>σώματος.</span> <span class='ocrx_word' id='word_1_6' title='bbox 1464 714 1724 779; x_wconf 77' lang='lat' dir='ltr'>Aristid.</span> <span class='ocrx_word' id='word_1_7' title='bbox 1751 716 1924 780; x_wconf 89' lang='lat' dir='ltr'>Orat.</span> <span class='ocrx_word' id='word_1_8' title='bbox 1952 712 2199 780; x_wconf 83' lang='lat' dir='ltr'>Platon.</span> <span class='ocrx_word' id='word_1_9' title='bbox 2228 738 2289 804; x_wconf 92' lang='lat' dir='ltr'>p.</span> <span class='ocrx_word' id='word_1_10' title='bbox 2309 734 2459 800; x_wconf 84' lang='lat'>312.</span> <span class='ocrx_word' id='word_1_11' title='bbox 2487 740 2501 778; x_wconf 88' lang='lat'>:</span> <span class='ocrx_word' id='word_1_12' title='bbox 2550 717 2686 784; x_wconf 80' lang='grc' dir='ltr'>τούς</span> <span class='ocrx_word' id='word_1_13' title='bbox 2712 741 2784 798; x_wconf 79' lang='grc' dir='ltr'>γε</span> <span class='ocrx_word' id='word_1_14' title='bbox 2869 712 2951 777; x_wconf 89' lang='lat' dir='ltr'>ad</span> <span class='ocrx_word' id='word_1_15' title='bbox 2996 711 3277 777; x_wconf 80' lang='lat' dir='ltr'><strong>Marcell.</strong></span> <span class='ocrx_word' id='word_1_16' title='bbox 3313 713 3541 778; x_wconf 81' lang='lat' dir='ltr'><strong>XXV.</strong></span> <span class='ocrx_word' id='word_1_17' title='bbox 3575 738 3642 803; x_wconf 87' lang='lat' dir='ltr'>p.</span> <span class='ocrx_word' id='word_1_18' title='bbox 3671 734 3775 796; x_wconf 87' lang='lat'>44.</span> <span class='ocrx_word' id='word_1_19' title='bbox 3807 714 3909 780; x_wconf 85' lang='lat' dir='ltr'>ed.</span> <span class='ocrx_word' id='word_1_20' title='bbox 3953 715 4148 803; x_wconf 81' lang='lat' dir='ltr'>princ.</span> <span class='ocrx_word' id='word_1_21' title='bbox 4196 739 4255 804; x_wconf 89' lang='lat' dir='ltr'>p.</span> <span class='ocrx_word' id='word_1_22' title='bbox 4286 720 4441 803; x_wconf 84' lang='lat'><strong>306.</strong></span> <span class='ocrx_word' id='word_1_23' title='bbox 4469 717 4570 782; x_wconf 89' lang='lat' dir='ltr'>ed.</span> 
     </span>
     <span class='ocr_line' id='line_1_4' title="bbox 1096 815 4568 903; baseline 0 -18"><span class='ocrx_word' id='word_1_24' title='bbox 1096 821 1320 886; x_wconf 76' lang='grc' dir='ltr'>ἄλλους</span> <span class='ocrx_word' id='word_1_25' title='bbox 1351 818 1824 901; x_wconf 80' lang='grc' dir='ltr'>φιλοσωμάτους,</span> <span class='ocrx_word' id='word_1_26' title='bbox 1869 817 2006 882; x_wconf 81' lang='grc' dir='ltr'>ἀλλ’</span> <span class='ocrx_word' id='word_1_27' title='bbox 2049 818 2119 882; x_wconf 80' lang='grc' dir='ltr'>οὐ</span> <span class='ocrx_word' id='word_1_28' title='bbox 2158 820 2534 900; x_wconf 80' lang='grc' dir='ltr'>φιλοσόφους</span> <span class='ocrx_word' id='word_1_29' title='bbox 2578 819 2785 897; x_wconf 80' lang='grc' dir='ltr'>καλοίη</span> <span class='ocrx_word' id='word_1_30' title='bbox 2870 818 2916 881; x_wconf 84' lang='lat' dir='ltr'>J</span> <span class='ocrx_word' id='word_1_31' title='bbox 2919 841 2980 881; x_wconf 89' lang='lat'>0.</span> <span class='ocrx_word' id='word_1_32' title='bbox 3014 818 3203 882; x_wconf 87' lang='lat' dir='ltr'>Conr.</span> <span class='ocrx_word' id='word_1_33' title='bbox 3234 815 3427 881; x_wconf 87' lang='lat' dir='ltr'>Orell.</span> <span class='ocrx_word' id='word_1_34' title='bbox 3467 818 3904 900; x_wconf 77' lang='grc' dir='ltr'>παραβαίνεται</span> <span class='ocrx_word' id='word_1_35' title='bbox 3947 821 4013 883; x_wconf 71' lang='grc' dir='ltr'>δὲ</span> <span class='ocrx_word' id='word_1_36' title='bbox 4060 821 4092 882; x_wconf 86' lang='grc' dir='ltr'>ὁ</span> <span class='ocrx_word' id='word_1_37' title='bbox 4136 821 4249 899; x_wconf 69' lang='grc' dir='ltr'>μὲν</span> <span class='ocrx_word' id='word_1_38' title='bbox 4282 823 4415 902; x_wconf 81' lang='grc' dir='ltr'>(τῆς</span> <span class='ocrx_word' id='word_1_39' title='bbox 4456 823 4568 903; x_wconf 79' lang='grc' dir='ltr'>φύ-</span> 
     </span>
     <span class='ocr_line' id='line_1_5' title="bbox 1098 920 4575 1008; baseline 0.001 -21"><span class='ocrx_word' id='word_1_40' title='bbox 1098 948 1185 990; x_wconf 85' lang='grc' dir='ltr'>τις</span> <span class='ocrx_word' id='word_1_41' title='bbox 1211 920 1287 986; x_wconf 80' lang='grc' dir='ltr'>ἃν</span> <span class='ocrx_word' id='word_1_42' title='bbox 1316 924 1384 985; x_wconf 80' lang='grc' dir='ltr'>ἐν</span> <span class='ocrx_word' id='word_1_43' title='bbox 1422 926 1492 1001; x_wconf 77' lang='grc' dir='ltr'>τῇ</span> <span class='ocrx_word' id='word_1_44' title='bbox 1528 921 1857 989; x_wconf 85' lang='grc' dir='ltr'>Πλάτωνος</span> <span class='ocrx_word' id='word_1_45' title='bbox 1896 925 2086 1004; x_wconf 80' lang='grc' dir='ltr'>φωνῇ.</span> <span class='ocrx_word' id='word_1_46' title='bbox 2179 922 2375 985; x_wconf 89' lang='lat' dir='ltr'>Plura</span> <span class='ocrx_word' id='word_1_47' title='bbox 2405 921 2787 1008; x_wconf 53' lang='lat' dir='ltr'>Wyttenbaf-</span> <span class='ocrx_word' id='word_1_48' title='bbox 2872 945 3024 986; x_wconf 85' lang='grc' dir='ltr'>σεως</span> <span class='ocrx_word' id='word_1_49' title='bbox 3074 921 3279 1002; x_wconf 84' lang='grc' dir='ltr'>νόμος)</span> <span class='ocrx_word' id='word_1_50' title='bbox 3331 925 3526 988; x_wconf 81' lang='grc' dir='ltr'>κεναῖς</span> <span class='ocrx_word' id='word_1_51' title='bbox 3572 922 3768 1000; x_wconf 69' lang='grc' dir='ltr'>δόξαις</span> <span class='ocrx_word' id='word_1_52' title='bbox 3814 921 4127 1002; x_wconf 76' lang='grc' dir='ltr'>ἀγνοηθεὶς</span> <span class='ocrx_word' id='word_1_53' title='bbox 4173 922 4291 987; x_wconf 78' lang='grc' dir='ltr'>ὑπὸ</span> <span class='ocrx_word' id='word_1_54' title='bbox 4336 929 4456 989; x_wconf 79' lang='grc' dir='ltr'>τῶν</span> <span class='ocrx_word' id='word_1_55' title='bbox 4508 927 4575 1004; x_wconf 78' lang='grc' dir='ltr'>τῇ</span> 
     </span>
     <span class='ocr_line' id='line_1_6' title="bbox 1099 1021 4580 1111; baseline 0.001 -21"><span class='ocrx_word' id='word_1_56' title='bbox 1099 1023 1279 1090; x_wconf 84' lang='lat' dir='ltr'>chius</span> <span class='ocrx_word' id='word_1_57' title='bbox 1304 1023 1559 1090; x_wconf 82' lang='lat' dir='ltr'>exhibet</span> <span class='ocrx_word' id='word_1_58' title='bbox 1601 1023 1682 1088; x_wconf 83' lang='lat' dir='ltr'>ad</span> <span class='ocrx_word' id='word_1_59' title='bbox 1727 1022 2064 1088; x_wconf 84' lang='lat' dir='ltr'>Phaedonis</span> <span class='ocrx_word' id='word_1_60' title='bbox 2101 1021 2302 1088; x_wconf 87' lang='lat' dir='ltr'>locum</span> <span class='ocrx_word' id='word_1_61' title='bbox 2337 1045 2402 1109; x_wconf 86' lang='lat' dir='ltr'>p.</span> <span class='ocrx_word' id='word_1_62' title='bbox 2429 1023 2782 1087; x_wconf 82' lang='lat'><strong>166-168,</strong></span> <span class='ocrx_word' id='word_1_63' title='bbox 2873 1022 3030 1102; x_wconf 83' lang='grc' dir='ltr'>ἄγαν</span> <span class='ocrx_word' id='word_1_64' title='bbox 3058 1024 3475 1108; x_wconf 69' lang='grc' dir='ltr'>φιλοσωματία</span> <span class='ocrx_word' id='word_1_65' title='bbox 3515 1024 3960 1104; x_wconf 76' lang='grc' dir='ltr'>προσκειμένων</span> <span class='ocrx_word' id='word_1_66' title='bbox 3997 1030 4080 1111; x_wconf 74' lang='grc' dir='ltr'>τῷ</span> <span class='ocrx_word' id='word_1_67' title='bbox 4108 1027 4360 1106; x_wconf 73' lang='grc' dir='ltr'>σώματι.</span> <span class='ocrx_word' id='word_1_68' title='bbox 4477 1028 4580 1093; x_wconf 76' lang='lat' dir='ltr'>Ita</span> 
     </span>
     <span class='ocr_line' id='line_1_7' title="bbox 1100 1121 4577 1216; baseline -0.002 -23"><span class='ocrx_word' id='word_1_69' title='bbox 1100 1130 1248 1216; x_wconf 87' lang='lat' dir='ltr'>Ego</span> <span class='ocrx_word' id='word_1_70' title='bbox 1274 1127 1394 1191; x_wconf 85' lang='lat' dir='ltr'>alia</span> <span class='ocrx_word' id='word_1_71' title='bbox 1419 1126 1709 1214; x_wconf 86' lang='lat' dir='ltr'>quaedam</span> <span class='ocrx_word' id='word_1_72' title='bbox 1739 1126 2048 1213; x_wconf 88' lang='lat' dir='ltr'>adjiciam.</span> <span class='ocrx_word' id='word_1_73' title='bbox 2098 1126 2283 1191; x_wconf 87' lang='lat' dir='ltr'>Philo</span> <span class='ocrx_word' id='word_1_74' title='bbox 2311 1127 2351 1192; x_wconf 91' lang='lat' dir='ltr'>J</span> <span class='ocrx_word' id='word_1_75' title='bbox 2359 1126 2578 1190; x_wconf 86' lang='lat' dir='ltr'>udaeus</span> <span class='ocrx_word' id='word_1_76' title='bbox 2596 1125 2790 1212; x_wconf 84' lang='lat' dir='ltr'>Legis</span> <span class='ocrx_word' id='word_1_77' title='bbox 2875 1138 3038 1188; x_wconf 88' lang='lat' dir='ltr'>recte</span> <span class='ocrx_word' id='word_1_78' title='bbox 3070 1121 3264 1188; x_wconf 85' lang='lat' dir='ltr'>Orell.</span> <span class='ocrx_word' id='word_1_79' title='bbox 3282 1147 3400 1211; x_wconf 89' lang='lat' dir='ltr'>pro</span> <span class='ocrx_word' id='word_1_80' title='bbox 3429 1141 3786 1210; x_wconf 87' lang='lat' dir='ltr'>portentoso</span> <span class='ocrx_word' id='word_1_81' title='bbox 3817 1128 4371 1216; x_wconf 69' lang='grc' dir='ltr'>ἀγαφιλοσωματίᾳ.</span> <span class='ocrx_word' id='word_1_82' title='bbox 4426 1130 4577 1196; x_wconf 76' lang='lat' dir='ltr'>Ver.</span> 
     </span>
     <span class='ocr_line' id='line_1_8' title="bbox 1102 1225 4570 1319; baseline 0 -21"><span class='ocrx_word' id='word_1_83' title='bbox 1102 1231 1408 1319; x_wconf 80' lang='lat' dir='ltr'>Allegorr.</span> <span class='ocrx_word' id='word_1_84' title='bbox 1440 1231 1498 1297; x_wconf 94' lang='lat'>1.</span> <span class='ocrx_word' id='word_1_85' title='bbox 1543 1253 1612 1318; x_wconf 91' lang='lat' dir='ltr'>p.</span> <span class='ocrx_word' id='word_1_86' title='bbox 1642 1250 1781 1311; x_wconf 89' lang='lat'>140.</span> <span class='ocrx_word' id='word_1_87' title='bbox 1849 1229 2052 1296; x_wconf 83' lang='lat' dir='ltr'>Pfeiff.</span> <span class='ocrx_word' id='word_1_88' title='bbox 2098 1229 2427 1315; x_wconf 82' lang='lat' dir='ltr'>distinguit</span> <span class='ocrx_word' id='word_1_89' title='bbox 2481 1229 2642 1294; x_wconf 87' lang='lat' dir='ltr'>inter</span> <span class='ocrx_word' id='word_1_90' title='bbox 2684 1228 2791 1294; x_wconf 75' lang='grc' dir='ltr'>τὸν</span> <span class='ocrx_word' id='word_1_91' title='bbox 2874 1227 3027 1291; x_wconf 90' lang='lat' dir='ltr'>bum</span> <span class='ocrx_word' id='word_1_92' title='bbox 3071 1225 3271 1290; x_wconf 81' lang='lat' dir='ltr'>rarius</span> <span class='ocrx_word' id='word_1_93' title='bbox 3314 1227 3587 1293; x_wconf 83' lang='lat' dir='ltr'>videtur.</span> <span class='ocrx_word' id='word_1_94' title='bbox 3675 1228 3802 1294; x_wconf 85' lang='lat' dir='ltr'>Sed</span> <span class='ocrx_word' id='word_1_95' title='bbox 3847 1243 4053 1296; x_wconf 86' lang='lat' dir='ltr'>tamen</span> <span class='ocrx_word' id='word_1_96' title='bbox 4097 1230 4288 1298; x_wconf 80' lang='lat' dir='ltr'>habet</span> <span class='ocrx_word' id='word_1_97' title='bbox 4337 1232 4570 1300; x_wconf 82' lang='lat' dir='ltr'><strong>Pollux</strong></span> 
     </span>
    </p>
   </div>
   <div class='ocr_carea' id='block_1_4' title="bbox 1101 1329 4577 1524">
    <p class='ocr_par' dir='ltr' id='par_1_4' title="bbox 1101 1329 4577 1524">
     <span class='ocr_line' id='line_1_9' title="bbox 1101 1329 4574 1419; baseline 0.001 -20"><span class='ocrx_word' id='word_1_98' title='bbox 1101 1338 1326 1419; x_wconf 84' lang='grc' dir='ltr'>γηγενῆ</span> <span class='ocrx_word' id='word_1_99' title='bbox 1382 1334 1478 1400; x_wconf 84' lang='grc' dir='ltr'>καὶ</span> <span class='ocrx_word' id='word_1_100' title='bbox 1534 1335 1963 1416; x_wconf 71' lang='grc' dir='ltr'>φιλοσώματον</span> <span class='ocrx_word' id='word_1_101' title='bbox 2019 1337 2162 1398; x_wconf 84' lang='grc' dir='ltr'>νοῦν</span> <span class='ocrx_word' id='word_1_102' title='bbox 2207 1348 2271 1397; x_wconf 86' lang='lat' dir='ltr'>et</span> <span class='ocrx_word' id='word_1_103' title='bbox 2326 1332 2432 1395; x_wconf 85' lang='grc' dir='ltr'>τὸν</span> <span class='ocrx_word' id='word_1_104' title='bbox 2482 1335 2630 1397; x_wconf 73' lang='grc' dir='ltr'>κατὰ</span> <span class='ocrx_word' id='word_1_105' title='bbox 2684 1333 2791 1412; x_wconf 75' lang='grc' dir='ltr'>τὴν</span> <span class='ocrx_word' id='word_1_106' title='bbox 2875 1332 3198 1394; x_wconf 76' lang='lat' dir='ltr'>onomast.</span> <span class='ocrx_word' id='word_1_107' title='bbox 3262 1329 3402 1394; x_wconf 89' lang='lat' dir='ltr'><strong>III.</strong></span> <span class='ocrx_word' id='word_1_108' title='bbox 3444 1347 3585 1416; x_wconf 84' lang='lat'><strong>137.</strong></span> <span class='ocrx_word' id='word_1_109' title='bbox 3641 1353 3708 1418; x_wconf 86' lang='lat' dir='ltr'>p.</span> <span class='ocrx_word' id='word_1_110' title='bbox 3740 1351 3887 1418; x_wconf 84' lang='lat'><strong>337.</strong></span> <span class='ocrx_word' id='word_1_111' title='bbox 3940 1334 4304 1400; x_wconf 81' lang='lat' dir='ltr'>Hemsterh.</span> <span class='ocrx_word' id='word_1_112' title='bbox 4361 1338 4458 1401; x_wconf 79' lang='grc' dir='ltr'>καὶ</span> <span class='ocrx_word' id='word_1_113' title='bbox 4501 1341 4574 1402; x_wconf 70' lang='grc' dir='ltr'>τὰ</span> 
     </span>
     <span class='ocr_line' id='line_1_10' title="bbox 1102 1432 4577 1524; baseline 0.001 -21"><span class='ocrx_word' id='word_1_114' title='bbox 1102 1438 1267 1506; x_wconf 73' lang='grc' dir='ltr'>ἰδέαν</span> <span class='ocrx_word' id='word_1_115' title='bbox 1295 1438 1610 1519; x_wconf 82' lang='grc' dir='ltr'>γεγονότα.</span> <span class='ocrx_word' id='word_1_116' title='bbox 1700 1435 2024 1502; x_wconf 76' lang='lat' dir='ltr'>Hierocles</span> <span class='ocrx_word' id='word_1_117' title='bbox 2062 1435 2124 1500; x_wconf 89' lang='lat' dir='ltr'>in</span> <span class='ocrx_word' id='word_1_118' title='bbox 2152 1457 2288 1502; x_wconf 87' lang='lat' dir='ltr'>aur.</span> <span class='ocrx_word' id='word_1_119' title='bbox 2318 1457 2571 1500; x_wconf 86' lang='lat' dir='ltr'>carmm.</span> <span class='ocrx_word' id='word_1_120' title='bbox 2595 1434 2790 1522; x_wconf 84' lang='lat' dir='ltr'>Pyth.</span> <span class='ocrx_word' id='word_1_121' title='bbox 2873 1432 3103 1516; x_wconf 83' lang='grc' dir='ltr'>ῥήματα</span> <span class='ocrx_word' id='word_1_122' title='bbox 3160 1436 3407 1516; x_wconf 77' lang='grc' dir='ltr'>δειλιᾷν,</span> <span class='ocrx_word' id='word_1_123' title='bbox 3468 1436 3835 1519; x_wconf 76' lang='grc' dir='ltr'>ἆποὸειλιᾷν,</span> <span class='ocrx_word' id='word_1_124' title='bbox 3899 1438 4577 1524; x_wconf 67' lang='grc' dir='ltr'>ὀκνεῖν-φιλοψυχεῖν,</span> 
     </span>
    </p>
   </div>
   <div class='ocr_carea' id='block_1_5' title="bbox 1098 1536 4582 2040">
    <p class='ocr_par' dir='ltr' id='par_1_5' title="bbox 1098 1536 4582 2040">
     <span class='ocr_line' id='line_1_11' title="bbox 1098 1536 4569 1630; baseline 0 -24"><span class='ocrx_word' id='word_1_125' title='bbox 1098 1565 1161 1630; x_wconf 89' lang='lat' dir='ltr'>p.</span> <span class='ocrx_word' id='word_1_126' title='bbox 1202 1560 1345 1626; x_wconf 83' lang='lat'><strong>123.</strong></span> <span class='ocrx_word' id='word_1_127' title='bbox 1389 1538 1488 1608; x_wconf 83' lang='lat' dir='ltr'>ed.</span> <span class='ocrx_word' id='word_1_128' title='bbox 1536 1538 1809 1606; x_wconf 86' lang='lat' dir='ltr'>Londin.</span> <span class='ocrx_word' id='word_1_129' title='bbox 1856 1539 1953 1604; x_wconf 83' lang='grc' dir='ltr'>καὶ</span> <span class='ocrx_word' id='word_1_130' title='bbox 1990 1539 2100 1618; x_wconf 74' lang='grc' dir='ltr'>τὴν</span> <span class='ocrx_word' id='word_1_131' title='bbox 2142 1539 2516 1620; x_wconf 78' lang='grc' dir='ltr'>ἀνθρωπίνην</span> <span class='ocrx_word' id='word_1_132' title='bbox 2557 1539 2789 1613; x_wconf 82' lang='grc' dir='ltr'>οὐσίαν,</span> <span class='ocrx_word' id='word_1_133' title='bbox 2876 1541 3470 1619; x_wconf 74' lang='grc' dir='ltr'>φιλοσωματεῖν-οῑ</span> <span class='ocrx_word' id='word_1_134' title='bbox 3494 1536 3709 1623; x_wconf 80' lang='lat' dir='ltr'>paucis</span> <span class='ocrx_word' id='word_1_135' title='bbox 3754 1537 4131 1626; x_wconf 80' lang='lat' dir='ltr'>interjectis:</span> <span class='ocrx_word' id='word_1_136' title='bbox 4181 1547 4569 1627; x_wconf 75' lang='grc' dir='ltr'>φιλοψυχόν,</span> 
     </span>
     <span class='ocr_line' id='line_1_12' title="bbox 1100 1640 4576 1726; baseline -0.002 -12"><span class='ocrx_word' id='word_1_137' title='bbox 1100 1647 1224 1726; x_wconf 74' lang='grc' dir='ltr'>ἥτις</span> <span class='ocrx_word' id='word_1_138' title='bbox 1270 1644 1438 1712; x_wconf 77' lang='grc' dir='ltr'>ἐστὶν</span> <span class='ocrx_word' id='word_1_139' title='bbox 1483 1641 1766 1725; x_wconf 68' lang='grc' dir='ltr'>ώρήσεις,</span> <span class='ocrx_word' id='word_1_140' title='bbox 1816 1642 2097 1708; x_wconf 73' lang='grc' dir='ltr'>οὐδέποτε</span> <span class='ocrx_word' id='word_1_141' title='bbox 2152 1642 2219 1705; x_wconf 88' lang='grc' dir='ltr'>τὸ</span> <span class='ocrx_word' id='word_1_142' title='bbox 2280 1647 2468 1721; x_wconf 80' lang='grc' dir='ltr'>σῶμα,</span> <span class='ocrx_word' id='word_1_143' title='bbox 2524 1642 2660 1706; x_wconf 76' lang='grc' dir='ltr'>οὐδὲ</span> <span class='ocrx_word' id='word_1_144' title='bbox 2717 1644 2792 1705; x_wconf 78' lang='grc' dir='ltr'>τὰ</span> <span class='ocrx_word' id='word_1_145' title='bbox 2876 1644 3334 1722; x_wconf 83' lang='grc' dir='ltr'>φιλοσωματῶν,</span> <span class='ocrx_word' id='word_1_146' title='bbox 3361 1641 3551 1704; x_wconf 76' lang='grc' dir='ltr'>ὀκνῶν</span> <span class='ocrx_word' id='word_1_147' title='bbox 3581 1667 3634 1703; x_wconf 88' lang='grc' dir='ltr'>κ.</span> <span class='ocrx_word' id='word_1_148' title='bbox 3653 1666 3704 1703; x_wconf 89' lang='grc' dir='ltr'>τ.</span> <span class='ocrx_word' id='word_1_149' title='bbox 3723 1648 3786 1705; x_wconf 92' lang='grc' dir='ltr'>λ.</span> <span class='ocrx_word' id='word_1_150' title='bbox 3849 1640 4125 1707; x_wconf 79' lang='lat' dir='ltr'>Proinde</span> <span class='ocrx_word' id='word_1_151' title='bbox 4154 1642 4218 1707; x_wconf 83' lang='lat' dir='ltr'>in</span> <span class='ocrx_word' id='word_1_152' title='bbox 4244 1642 4363 1707; x_wconf 90' lang='lat' dir='ltr'>hoc</span> <span class='ocrx_word' id='word_1_153' title='bbox 4387 1644 4576 1710; x_wconf 83' lang='lat' dir='ltr'>verbo</span> 
     </span>
     <span class='ocr_line' id='line_1_13' title="bbox 1101 1740 4571 1832; baseline -0.001 -18"><span class='ocrx_word' id='word_1_154' title='bbox 1101 1748 1269 1816; x_wconf 74' lang='grc' dir='ltr'>ἐκτὸς</span> <span class='ocrx_word' id='word_1_155' title='bbox 1296 1748 1475 1812; x_wconf 79' lang='grc' dir='ltr'>αὐτοῦ</span> <span class='ocrx_word' id='word_1_156' title='bbox 1504 1746 1656 1811; x_wconf 82' lang='grc' dir='ltr'>εἶναι</span> <span class='ocrx_word' id='word_1_157' title='bbox 1682 1747 2002 1826; x_wconf 85' lang='grc' dir='ltr'>τιθέμενος,</span> <span class='ocrx_word' id='word_1_158' title='bbox 2036 1746 2171 1812; x_wconf 80' lang='grc' dir='ltr'>οὐδὲ</span> <span class='ocrx_word' id='word_1_159' title='bbox 2208 1747 2628 1827; x_wconf 78' lang='grc' dir='ltr'>ὑπεραγωνιῶν</span> <span class='ocrx_word' id='word_1_160' title='bbox 2656 1746 2790 1808; x_wconf 82' lang='grc' dir='ltr'>τού-</span> <span class='ocrx_word' id='word_1_161' title='bbox 2875 1747 3076 1826; x_wconf 75' lang='grc' dir='ltr'>ψυχῆς</span> <span class='ocrx_word' id='word_1_162' title='bbox 3102 1757 3165 1806; x_wconf 88' lang='lat' dir='ltr'>et</span> <span class='ocrx_word' id='word_1_163' title='bbox 3193 1744 3466 1822; x_wconf 75' lang='grc' dir='ltr'>σῶματος</span> <span class='ocrx_word' id='word_1_164' title='bbox 3494 1740 3858 1829; x_wconf 79' lang='lat' dir='ltr'>significatio</span> <span class='ocrx_word' id='word_1_165' title='bbox 3877 1744 4188 1832; x_wconf 81' lang='lat' dir='ltr'>congruit.</span> <span class='ocrx_word' id='word_1_166' title='bbox 4253 1747 4356 1810; x_wconf 89' lang='lat' dir='ltr'>De</span> <span class='ocrx_word' id='word_1_167' title='bbox 4379 1746 4571 1812; x_wconf 84' lang='lat' dir='ltr'>verbo</span> 
     </span>
     <span class='ocr_line' id='line_1_14' title="bbox 1101 1844 4582 1932; baseline 0.001 -18"><span class='ocrx_word' id='word_1_168' title='bbox 1101 1876 1219 1916; x_wconf 80' lang='grc' dir='ltr'>των</span> <span class='ocrx_word' id='word_1_169' title='bbox 1248 1851 1449 1932; x_wconf 74' lang='grc' dir='ltr'>ὥσπερ</span> <span class='ocrx_word' id='word_1_170' title='bbox 1494 1853 1731 1922; x_wconf 74' lang='grc' dir='ltr'>σαυτοῦ,</span> <span class='ocrx_word' id='word_1_171' title='bbox 1764 1852 1863 1915; x_wconf 78' lang='grc' dir='ltr'>ἴνα</span> <span class='ocrx_word' id='word_1_172' title='bbox 1902 1850 1981 1930; x_wconf 77' lang='grc' dir='ltr'>μὴ</span> <span class='ocrx_word' id='word_1_173' title='bbox 2018 1849 2164 1931; x_wconf 80' lang='grc' dir='ltr'>πρὸς</span> <span class='ocrx_word' id='word_1_174' title='bbox 2207 1848 2662 1930; x_wconf 88' lang='grc' dir='ltr'>φιλοσωματίαν</span> <span class='ocrx_word' id='word_1_175' title='bbox 2697 1849 2793 1911; x_wconf 86' lang='grc' dir='ltr'>καὶ</span> <span class='ocrx_word' id='word_1_176' title='bbox 2877 1851 3251 1929; x_wconf 74' lang='grc' dir='ltr'>φιλοψυχεῖν</span> <span class='ocrx_word' id='word_1_177' title='bbox 3311 1844 3437 1910; x_wconf 81' lang='lat' dir='ltr'>vid.</span> <span class='ocrx_word' id='word_1_178' title='bbox 3502 1844 3801 1914; x_wconf 80' lang='lat' dir='ltr'>Gataker.</span> <span class='ocrx_word' id='word_1_179' title='bbox 3861 1846 3945 1914; x_wconf 74' lang='lat' dir='ltr'>nd</span> <span class='ocrx_word' id='word_1_180' title='bbox 4017 1849 4224 1914; x_wconf 78' lang='lat' dir='ltr'>Marc.</span> <span class='ocrx_word' id='word_1_181' title='bbox 4286 1849 4582 1916; x_wconf 82' lang='lat' dir='ltr'>Antonin.</span> 
     </span>
     <span class='ocr_line' id='line_1_15' title="bbox 1098 1947 3565 2040; baseline -0.002 -24"><span class='ocrx_word' id='word_1_182' title='bbox 1098 1954 1575 2040; x_wconf 77' lang='grc' dir='ltr'>φιλοχρηματίαν</span> <span class='ocrx_word' id='word_1_183' title='bbox 1630 1955 2050 2031; x_wconf 79' lang='grc' dir='ltr'>καθελκυσθῇς.</span> <span class='ocrx_word' id='word_1_184' title='bbox 2143 1949 2458 2036; x_wconf 84' lang='lat' dir='ltr'>Porphyr.</span> <span class='ocrx_word' id='word_1_185' title='bbox 2518 1947 2789 2036; x_wconf 85' lang='lat' dir='ltr'>Epistol.</span> <span class='ocrx_word' id='word_1_186' title='bbox 2880 1948 3164 2029; x_wconf 85' lang='lat' dir='ltr'><strong>VII.46.</strong></span> <span class='ocrx_word' id='word_1_187' title='bbox 3198 1971 3265 2036; x_wconf 88' lang='lat' dir='ltr'>p.</span> <span class='ocrx_word' id='word_1_188' title='bbox 3298 1967 3441 2014; x_wconf 87' lang='lat'><strong>222.</strong></span> <span class='ocrx_word' id='word_1_189' title='bbox 3476 1971 3565 2035; x_wconf 84' lang='lat' dir='ltr'>sq.</span> 
     </span>
    </p>
   </div>
   <div class='ocr_carea' id='block_1_6' title="bbox 2567 2233 3128 2284">
    <p class='ocr_par' dir='ltr' id='par_1_6' title="bbox 2567 2233 3128 2284">
     <span class='ocr_line' id='line_1_16' title="bbox 2567 2233 3128 2284; baseline -0.007 -16"><span class='ocrx_word' id='word_1_190' title='bbox 2567 2233 3128 2284; x_wconf 43' lang='grc' dir='ltr'>,φ-</span> 
     </span>
    </p>
   </div>
   <div class='ocr_carea' id='block_1_7' title="bbox 1937 2479 3734 2565">
    <p class='ocr_par' dir='ltr' id='par_1_7' title="bbox 1937 2479 3734 2565">
     <span class='ocr_line' id='line_1_17' title="bbox 1937 2479 3734 2565; baseline 0.001 -3"><span class='ocrx_word' id='word_1_191' title='bbox 1937 2480 2203 2564; x_wconf 93' lang='lat' dir='ltr'><strong>LIB.</strong></span> <span class='ocrx_word' id='word_1_192' title='bbox 2264 2479 2328 2562; x_wconf 90' lang='grc' dir='ltr'>Ι.</span> <span class='ocrx_word' id='word_1_193' title='bbox 2429 2479 3036 2562; x_wconf 86' lang='lat' dir='ltr'><strong>ENNEAD.</strong></span> <span class='ocrx_word' id='word_1_194' title='bbox 3115 2480 3734 2565; x_wconf 88' lang='lat' dir='ltr'><strong>TERTIAE.</strong></span> 
     </span>
    </p>
   </div>
   <div class='ocr_carea' id='block_1_8' title="bbox 1103 2673 4590 3591">
    <p class='ocr_par' dir='ltr' id='par_1_8' title="bbox 1103 2673 4590 3591">
     <span class='ocr_line' id='line_1_18' title="bbox 1193 2673 4590 2767; baseline 0.003 -24"><span class='ocrx_word' id='word_1_195' title='bbox 1193 2702 1257 2766; x_wconf 92' lang='lat' dir='ltr'>p.</span> <span class='ocrx_word' id='word_1_196' title='bbox 1307 2699 1460 2760; x_wconf 85' lang='lat'>411,</span> <span class='ocrx_word' id='word_1_197' title='bbox 1509 2695 1567 2761; x_wconf 92' lang='lat'>7.</span> <span class='ocrx_word' id='word_1_198' title='bbox 1623 2681 1817 2742; x_wconf 88' lang='grc' dir='ltr'><strong>ΠΕΡΙ</strong></span> <span class='ocrx_word' id='word_1_199' title='bbox 1878 2676 2466 2760; x_wconf 85' lang='grc' dir='ltr'><strong>ΕΙΜΑΡΜΕΝΗΣ]</strong></span> <span class='ocrx_word' id='word_1_200' title='bbox 2525 2676 2643 2742; x_wconf 84' lang='lat' dir='ltr'>Est</span> <span class='ocrx_word' id='word_1_201' title='bbox 2699 2675 2801 2740; x_wconf 86' lang='lat' dir='ltr'>hic</span> <span class='ocrx_word' id='word_1_202' title='bbox 2886 2673 3168 2740; x_wconf 83' lang='lat' dir='ltr'>doeorum</span> <span class='ocrx_word' id='word_1_203' title='bbox 3197 2676 3605 2766; x_wconf 85' lang='lat' dir='ltr'>philosophis,</span> <span class='ocrx_word' id='word_1_204' title='bbox 3633 2703 3669 2745; x_wconf 90' lang='lat' dir='ltr'>e</span> <span class='ocrx_word' id='word_1_205' title='bbox 3710 2681 3942 2767; x_wconf 89' lang='lat' dir='ltr'>quibus</span> <span class='ocrx_word' id='word_1_206' title='bbox 3975 2681 4273 2752; x_wconf 72' lang='lat' dir='ltr'>Pharisaei</span> <span class='ocrx_word' id='word_1_207' title='bbox 4314 2684 4395 2767; x_wconf 88' lang='lat' dir='ltr'>(si</span> <span class='ocrx_word' id='word_1_208' title='bbox 4437 2684 4590 2752; x_wconf 81' lang='lat' dir='ltr'>fides</span> 
     </span>
     <span class='ocr_line' id='line_1_19' title="bbox 1104 2777 4585 2868; baseline 0.003 -25"><span class='ocrx_word' id='word_1_209' title='bbox 1104 2779 1262 2846; x_wconf 87' lang='lat' dir='ltr'>liber</span> <span class='ocrx_word' id='word_1_210' title='bbox 1291 2779 1510 2845; x_wconf 88' lang='lat' dir='ltr'>tertius</span> <span class='ocrx_word' id='word_1_211' title='bbox 1538 2802 1824 2859; x_wconf 88' lang='lat' dir='ltr'>numero,</span> <span class='ocrx_word' id='word_1_212' title='bbox 1848 2801 1920 2844; x_wconf 85' lang='lat' dir='ltr'>ac</span> <span class='ocrx_word' id='word_1_213' title='bbox 1950 2780 2212 2868; x_wconf 85' lang='lat' dir='ltr'><strong>proinde</strong></span> <span class='ocrx_word' id='word_1_214' title='bbox 2242 2803 2319 2844; x_wconf 78' lang='lat' dir='ltr'>ex</span> <span class='ocrx_word' id='word_1_215' title='bbox 2348 2779 2422 2844; x_wconf 86' lang='lat' dir='ltr'>iis</span> <span class='ocrx_word' id='word_1_216' title='bbox 2450 2778 2620 2844; x_wconf 90' lang='lat' dir='ltr'>unde</span> <span class='ocrx_word' id='word_1_217' title='bbox 2656 2777 2804 2843; x_wconf 87' lang='lat' dir='ltr'>Plo-</span> <span class='ocrx_word' id='word_1_218' title='bbox 2887 2779 3164 2866; x_wconf 81' lang='lat' dir='ltr'>Josepho</span> <span class='ocrx_word' id='word_1_219' title='bbox 3191 2780 3271 2845; x_wconf 90' lang='lat' dir='ltr'>de</span> <span class='ocrx_word' id='word_1_220' title='bbox 3315 2780 3471 2846; x_wconf 89' lang='lat' dir='ltr'><strong>Bell.</strong></span> <span class='ocrx_word' id='word_1_221' title='bbox 3521 2782 3681 2849; x_wconf 80' lang='lat' dir='ltr'>Jud.</span> <span class='ocrx_word' id='word_1_222' title='bbox 3718 2785 3820 2848; x_wconf 92' lang='lat'>11.</span> <span class='ocrx_word' id='word_1_223' title='bbox 3856 2787 3949 2867; x_wconf 91' lang='lat'>7.)</span> <span class='ocrx_word' id='word_1_224' title='bbox 3979 2808 4020 2849; x_wconf 91' lang='lat' dir='ltr'>a</span> <span class='ocrx_word' id='word_1_225' title='bbox 4059 2787 4203 2852; x_wconf 88' lang='lat' dir='ltr'>Deo</span> <span class='ocrx_word' id='word_1_226' title='bbox 4242 2802 4305 2856; x_wconf 85' lang='lat' dir='ltr'>et</span> <span class='ocrx_word' id='word_1_227' title='bbox 4338 2811 4380 2853; x_wconf 84' lang='lat' dir='ltr'>a</span> <span class='ocrx_word' id='word_1_228' title='bbox 4423 2790 4585 2854; x_wconf 86' lang='lat' dir='ltr'>Fato</span> 
     </span>
     <span class='ocr_line' id='line_1_20' title="bbox 1108 2879 4585 2978; baseline 0.002 -29"><span class='ocrx_word' id='word_1_229' title='bbox 1108 2883 1276 2950; x_wconf 89' lang='lat' dir='ltr'>tinus</span> <span class='ocrx_word' id='word_1_230' title='bbox 1319 2882 1625 2948; x_wconf 88' lang='lat' dir='ltr'>scribendi</span> <span class='ocrx_word' id='word_1_231' title='bbox 1667 2881 1914 2947; x_wconf 89' lang='lat' dir='ltr'>initium</span> <span class='ocrx_word' id='word_1_232' title='bbox 1950 2883 2138 2948; x_wconf 82' lang='lat' dir='ltr'>duxit</span> <span class='ocrx_word' id='word_1_233' title='bbox 2180 2881 2524 2970; x_wconf 86' lang='lat' dir='ltr'>(Porphyr.</span> <span class='ocrx_word' id='word_1_234' title='bbox 2566 2881 2645 2946; x_wconf 92' lang='lat' dir='ltr'>de</span> <span class='ocrx_word' id='word_1_235' title='bbox 2673 2880 2799 2948; x_wconf 83' lang='lat' dir='ltr'>vita</span> <span class='ocrx_word' id='word_1_236' title='bbox 2887 2879 3097 2944; x_wconf 88' lang='lat' dir='ltr'>omnia</span> <span class='ocrx_word' id='word_1_237' title='bbox 3140 2903 3434 2968; x_wconf 83' lang='lat' dir='ltr'>suspensa</span> <span class='ocrx_word' id='word_1_238' title='bbox 3484 2882 3814 2962; x_wconf 84' lang='lat' dir='ltr'>faciebant,</span> <span class='ocrx_word' id='word_1_239' title='bbox 3862 2883 4172 2971; x_wconf 79' lang='lat' dir='ltr'>siquidem</span> <span class='ocrx_word' id='word_1_240' title='bbox 4224 2887 4341 2976; x_wconf 86' lang='lat' dir='ltr'>ipsi</span> <span class='ocrx_word' id='word_1_241' title='bbox 4399 2887 4585 2978; x_wconf 81' lang='lat' dir='ltr'>longe</span> 
     </span>
     <span class='ocr_line' id='line_1_21' title="bbox 1110 2983 4582 3078; baseline 0.002 -26"><span class='ocrx_word' id='word_1_242' title='bbox 1110 2985 1444 3068; x_wconf 87' lang='lat' dir='ltr'>Plot.c.4.</span> <span class='ocrx_word' id='word_1_243' title='bbox 1467 3001 1532 3051; x_wconf 91' lang='lat' dir='ltr'>et</span> <span class='ocrx_word' id='word_1_244' title='bbox 1556 3010 1613 3051; x_wconf 88' lang='lat' dir='ltr'>c.</span> <span class='ocrx_word' id='word_1_245' title='bbox 1642 2989 1777 3068; x_wconf 87' lang='lat'><strong>24.)</strong></span> <span class='ocrx_word' id='word_1_246' title='bbox 1854 2988 2088 3051; x_wconf 88' lang='lat' dir='ltr'>Fatum</span> <span class='ocrx_word' id='word_1_247' title='bbox 2110 3002 2321 3051; x_wconf 77' lang='lat' dir='ltr'>autem</span> <span class='ocrx_word' id='word_1_248' title='bbox 2337 2984 2799 3072; x_wconf 83' lang='lat' dir='ltr'>astrologicum,</span> <span class='ocrx_word' id='word_1_249' title='bbox 2888 2983 3107 3047; x_wconf 88' lang='lat' dir='ltr'>remoti</span> <span class='ocrx_word' id='word_1_250' title='bbox 3150 2998 3328 3048; x_wconf 87' lang='lat' dir='ltr'>erant</span> <span class='ocrx_word' id='word_1_251' title='bbox 3370 2984 3451 3049; x_wconf 82' lang='lat' dir='ltr'>ab</span> <span class='ocrx_word' id='word_1_252' title='bbox 3493 2983 3601 3049; x_wconf 92' lang='lat' dir='ltr'>illo</span> <span class='ocrx_word' id='word_1_253' title='bbox 3644 2999 3954 3051; x_wconf 77' lang='lat' dir='ltr'><strong>astrorum</strong></span> <span class='ocrx_word' id='word_1_254' title='bbox 3997 2987 4195 3067; x_wconf 90' lang='lat' dir='ltr'>cultu,</span> <span class='ocrx_word' id='word_1_255' title='bbox 4226 2990 4431 3078; x_wconf 76' lang='lat' dir='ltr'>qualis</span> <span class='ocrx_word' id='word_1_256' title='bbox 4458 2992 4582 3060; x_wconf 81' lang='lat' dir='ltr'>fuit</span> 
     </span>
     <span class='ocr_line' id='line_1_22' title="bbox 1109 3085 4585 3179; baseline 0.002 -25"><span class='ocrx_word' id='word_1_257' title='bbox 1109 3088 1282 3176; x_wconf 90' lang='lat' dir='ltr'>quod</span> <span class='ocrx_word' id='word_1_258' title='bbox 1310 3087 1610 3176; x_wconf 85' lang='lat' dir='ltr'>appellari</span> <span class='ocrx_word' id='word_1_259' title='bbox 1644 3088 1823 3169; x_wconf 85' lang='lat' dir='ltr'>solet,</span> <span class='ocrx_word' id='word_1_260' title='bbox 1850 3089 1931 3153; x_wconf 87' lang='lat' dir='ltr'>ab</span> <span class='ocrx_word' id='word_1_261' title='bbox 1971 3088 2411 3177; x_wconf 80' lang='lat' dir='ltr'>antiquissimis</span> <span class='ocrx_word' id='word_1_262' title='bbox 2448 3086 2700 3176; x_wconf 87' lang='lat' dir='ltr'>populis</span> <span class='ocrx_word' id='word_1_263' title='bbox 2734 3087 2801 3154; x_wconf 93' lang='lat' dir='ltr'>in</span> <span class='ocrx_word' id='word_1_264' title='bbox 2883 3085 3057 3171; x_wconf 84' lang='lat' dir='ltr'>apud</span> <span class='ocrx_word' id='word_1_265' title='bbox 3102 3086 3456 3154; x_wconf 82' lang='lat' dir='ltr'>Chaldaeos.</span> <span class='ocrx_word' id='word_1_266' title='bbox 3543 3087 3669 3154; x_wconf 85' lang='lat' dir='ltr'>Sed</span> <span class='ocrx_word' id='word_1_267' title='bbox 3719 3088 3877 3175; x_wconf 91' lang='lat' dir='ltr'>quid</span> <span class='ocrx_word' id='word_1_268' title='bbox 3933 3091 4185 3179; x_wconf 84' lang='lat' dir='ltr'><strong>proprie</strong></span> <span class='ocrx_word' id='word_1_269' title='bbox 4231 3093 4585 3174; x_wconf 79' lang='lat' dir='ltr'>docuerint,</span> 
     </span>
     <span class='ocr_line' id='line_1_23' title="bbox 1103 3189 4583 3279; baseline 0.001 -22"><span class='ocrx_word' id='word_1_270' title='bbox 1103 3191 1508 3279; x_wconf 82' lang='lat' dir='ltr'>religionibus</span> <span class='ocrx_word' id='word_1_271' title='bbox 1546 3192 1848 3258; x_wconf 88' lang='lat' dir='ltr'>sancitum</span> <span class='ocrx_word' id='word_1_272' title='bbox 1892 3192 2104 3269; x_wconf 89' lang='lat' dir='ltr'>fuisse,</span> <span class='ocrx_word' id='word_1_273' title='bbox 2135 3214 2317 3257; x_wconf 88' lang='lat' dir='ltr'>nemo</span> <span class='ocrx_word' id='word_1_274' title='bbox 2356 3205 2472 3271; x_wconf 85' lang='lat' dir='ltr'>est,</span> <span class='ocrx_word' id='word_1_275' title='bbox 2517 3190 2629 3278; x_wconf 88' lang='lat' dir='ltr'>qui</span> <span class='ocrx_word' id='word_1_276' title='bbox 2672 3214 2801 3256; x_wconf 87' lang='lat' dir='ltr'>am-</span> <span class='ocrx_word' id='word_1_277' title='bbox 2882 3189 3142 3277; x_wconf 80' lang='lat' dir='ltr'>longum</span> <span class='ocrx_word' id='word_1_278' title='bbox 3188 3207 3283 3256; x_wconf 89' lang='lat' dir='ltr'>est</span> <span class='ocrx_word' id='word_1_279' title='bbox 3338 3215 3639 3278; x_wconf 85' lang='lat' dir='ltr'>quaerere,</span> <span class='ocrx_word' id='word_1_280' title='bbox 3693 3214 3806 3257; x_wconf 89' lang='lat' dir='ltr'>nec</span> <span class='ocrx_word' id='word_1_281' title='bbox 3861 3192 3980 3258; x_wconf 88' lang='lat' dir='ltr'>hoc</span> <span class='ocrx_word' id='word_1_282' title='bbox 4036 3192 4173 3264; x_wconf 87' lang='lat' dir='ltr'>loco</span> <span class='ocrx_word' id='word_1_283' title='bbox 4222 3218 4491 3262; x_wconf 70' lang='lat' dir='ltr'>necesoe.</span> <span class='ocrx_word' id='word_1_284' title='bbox 4493 3235 4583 3248; x_wconf 90' lang='lat'>—-</span> 
     </span>
     <span class='ocr_line' id='line_1_24' title="bbox 1110 3294 4583 3411; baseline 0.001 -46"><span class='ocrx_word' id='word_1_285' title='bbox 1110 3295 1324 3384; x_wconf 83' lang='lat' dir='ltr'>bigere</span> <span class='ocrx_word' id='word_1_286' title='bbox 1352 3312 1563 3385; x_wconf 86' lang='lat' dir='ltr'>queat.</span> <span class='ocrx_word' id='word_1_287' title='bbox 1656 3297 1821 3361; x_wconf 87' lang='lat' dir='ltr'>Nam</span> <span class='ocrx_word' id='word_1_288' title='bbox 1865 3296 1979 3362; x_wconf 87' lang='lat' dir='ltr'>etsi</span> <span class='ocrx_word' id='word_1_289' title='bbox 2026 3295 2466 3363; x_wconf 84' lang='lat' dir='ltr'>Chaldaeorum</span> <span class='ocrx_word' id='word_1_290' title='bbox 2516 3294 2798 3384; x_wconf 83' lang='lat' dir='ltr'>appella·</span> <span class='ocrx_word' id='word_1_291' title='bbox 2885 3294 3251 3359; x_wconf 65' lang='lat' dir='ltr'>Graecorum</span> <span class='ocrx_word' id='word_1_292' title='bbox 3322 3294 3697 3411; x_wconf 79' lang='lat' dir='ltr'>philosophi,</span> <span class='ocrx_word' id='word_1_293' title='bbox 3756 3295 4129 3385; x_wconf 84' lang='lat' dir='ltr'>simulatque</span> <span class='ocrx_word' id='word_1_294' title='bbox 4183 3297 4261 3364; x_wconf 88' lang='lat' dir='ltr'>de</span> <span class='ocrx_word' id='word_1_295' title='bbox 4319 3299 4583 3367; x_wconf 84' lang='lat' dir='ltr'>occultis</span> 
     </span>
     <span class='ocr_line' id='line_1_25' title="bbox 1112 3397 4584 3488; baseline 0.001 -21"><span class='ocrx_word' id='word_1_296' title='bbox 1112 3399 1201 3467; x_wconf 88' lang='lat' dir='ltr'>tio</span> <span class='ocrx_word' id='word_1_297' title='bbox 1242 3399 1416 3488; x_wconf 87' lang='lat' dir='ltr'>apud</span> <span class='ocrx_word' id='word_1_298' title='bbox 1459 3399 1785 3486; x_wconf 79' lang='lat' dir='ltr'>scriptores</span> <span class='ocrx_word' id='word_1_299' title='bbox 1826 3414 1970 3488; x_wconf 84' lang='lat' dir='ltr'>post</span> <span class='ocrx_word' id='word_1_300' title='bbox 2004 3400 2435 3468; x_wconf 83' lang='lat' dir='ltr'>Alexandrum</span> <span class='ocrx_word' id='word_1_301' title='bbox 2485 3401 2800 3487; x_wconf 88' lang='lat' dir='ltr'>Magnum</span> <span class='ocrx_word' id='word_1_302' title='bbox 2884 3421 3095 3463; x_wconf 88' lang='lat' dir='ltr'>rerum</span> <span class='ocrx_word' id='word_1_303' title='bbox 3128 3397 3328 3463; x_wconf 87' lang='lat' dir='ltr'>causis</span> <span class='ocrx_word' id='word_1_304' title='bbox 3369 3399 3697 3486; x_wconf 83' lang='lat' dir='ltr'>anquirere</span> <span class='ocrx_word' id='word_1_305' title='bbox 3739 3414 4082 3486; x_wconf 88' lang='lat' dir='ltr'>coeperant,</span> <span class='ocrx_word' id='word_1_306' title='bbox 4128 3400 4415 3468; x_wconf 79' lang='lat' dir='ltr'>bifariam</span> <span class='ocrx_word' id='word_1_307' title='bbox 4461 3419 4584 3470; x_wconf 87' lang='lat' dir='ltr'>sta-</span> 
     </span>
     <span class='ocr_line' id='line_1_26' title="bbox 1107 3500 4586 3591; baseline 0.001 -21"><span class='ocrx_word' id='word_1_308' title='bbox 1107 3503 1232 3571; x_wconf 83' lang='lat' dir='ltr'>late</span> <span class='ocrx_word' id='word_1_309' title='bbox 1289 3519 1483 3591; x_wconf 83' lang='lat' dir='ltr'>patet,</span> <span class='ocrx_word' id='word_1_310' title='bbox 1542 3503 1816 3568; x_wconf 87' lang='lat' dir='ltr'>dubitari</span> <span class='ocrx_word' id='word_1_311' title='bbox 1867 3519 2074 3569; x_wconf 87' lang='lat' dir='ltr'>tamen</span> <span class='ocrx_word' id='word_1_312' title='bbox 2125 3503 2363 3591; x_wconf 90' lang='lat' dir='ltr'>nequit,</span> <span class='ocrx_word' id='word_1_313' title='bbox 2425 3502 2805 3590; x_wconf 83' lang='lat' dir='ltr'>Babylonios</span> <span class='ocrx_word' id='word_1_314' title='bbox 2889 3500 3079 3566; x_wconf 89' lang='lat' dir='ltr'>tuisse</span> <span class='ocrx_word' id='word_1_315' title='bbox 3114 3501 3337 3567; x_wconf 90' lang='lat' dir='ltr'>Cicero</span> <span class='ocrx_word' id='word_1_316' title='bbox 3378 3501 3612 3589; x_wconf 87' lang='lat' dir='ltr'>prodit.</span> <span class='ocrx_word' id='word_1_317' title='bbox 3705 3504 3810 3566; x_wconf 90' lang='lat' dir='ltr'>Ita</span> <span class='ocrx_word' id='word_1_318' title='bbox 3851 3502 4016 3567; x_wconf 85' lang='lat' dir='ltr'>enim</span> <span class='ocrx_word' id='word_1_319' title='bbox 4055 3502 4157 3569; x_wconf 88' lang='lat' dir='ltr'>ille</span> <span class='ocrx_word' id='word_1_320' title='bbox 4199 3504 4281 3570; x_wconf 91' lang='lat' dir='ltr'>de</span> <span class='ocrx_word' id='word_1_321' title='bbox 4326 3508 4492 3573; x_wconf 89' lang='lat' dir='ltr'>Fato</span> <span class='ocrx_word' id='word_1_322' title='bbox 4531 3530 4586 3572; x_wconf 84' lang='lat' dir='ltr'>c.</span> 
     </span>
    </p>
   </div>
   <div class='ocr_carea' id='block_1_9' title="bbox 1110 3605 2818 4617">
    <p class='ocr_par' dir='ltr' id='par_1_9' title="bbox 1110 3605 2818 4617">
     <span class='ocr_line' id='line_1_27' title="bbox 1110 3605 2808 3694; baseline -0.002 -21"><span class='ocrx_word' id='word_1_323' title='bbox 1110 3605 1387 3694; x_wconf 82' lang='lat' dir='ltr'>aliasque</span> <span class='ocrx_word' id='word_1_324' title='bbox 1434 3620 1673 3694; x_wconf 83' lang='lat' dir='ltr'>gentes,</span> <span class='ocrx_word' id='word_1_325' title='bbox 1728 3607 1840 3694; x_wconf 89' lang='lat' dir='ltr'>qui</span> <span class='ocrx_word' id='word_1_326' title='bbox 1896 3620 2063 3671; x_wconf 86' lang='lat' dir='ltr'>astra</span> <span class='ocrx_word' id='word_1_327' title='bbox 2119 3605 2411 3685; x_wconf 89' lang='lat' dir='ltr'>colerent,</span> <span class='ocrx_word' id='word_1_328' title='bbox 2459 3605 2808 3693; x_wconf 87' lang='lat' dir='ltr'>antiquitus</span> 
     </span>
     <span class='ocr_line' id='line_1_28' title="bbox 1113 3709 2811 3787; baseline 0.001 -12"><span class='ocrx_word' id='word_1_329' title='bbox 1113 3709 1466 3787; x_wconf 85' lang='lat' dir='ltr'>credidisse,</span> <span class='ocrx_word' id='word_1_330' title='bbox 1497 3732 1595 3774; x_wconf 89' lang='lat' dir='ltr'>res</span> <span class='ocrx_word' id='word_1_331' title='bbox 1633 3710 1938 3775; x_wconf 88' lang='lat' dir='ltr'>humanas</span> <span class='ocrx_word' id='word_1_332' title='bbox 1982 3710 2255 3775; x_wconf 87' lang='lat' dir='ltr'>siderum</span> <span class='ocrx_word' id='word_1_333' title='bbox 2299 3710 2361 3774; x_wconf 81' lang='lat' dir='ltr'>vi</span> <span class='ocrx_word' id='word_1_334' title='bbox 2404 3709 2703 3774; x_wconf 74' lang='lat' dir='ltr'>contineri</span> <span class='ocrx_word' id='word_1_335' title='bbox 2746 3722 2811 3777; x_wconf 84' lang='lat' dir='ltr'>et</span> 
     </span>
     <span class='ocr_line' id='line_1_29' title="bbox 1113 3811 2806 3900; baseline -0.002 -23"><span class='ocrx_word' id='word_1_336' title='bbox 1113 3812 1377 3899; x_wconf 89' lang='lat' dir='ltr'>disponi.</span> <span class='ocrx_word' id='word_1_337' title='bbox 1455 3811 1641 3877; x_wconf 87' lang='lat' dir='ltr'>Philo</span> <span class='ocrx_word' id='word_1_338' title='bbox 1669 3813 1710 3878; x_wconf 89' lang='lat' dir='ltr'>J</span> <span class='ocrx_word' id='word_1_339' title='bbox 1716 3812 1822 3877; x_wconf 89' lang='lat' dir='ltr'>ud.</span> <span class='ocrx_word' id='word_1_340' title='bbox 1853 3813 1934 3879; x_wconf 87' lang='lat' dir='ltr'>de</span> <span class='ocrx_word' id='word_1_341' title='bbox 1964 3812 2347 3900; x_wconf 85' lang='lat' dir='ltr'>Migratione</span> <span class='ocrx_word' id='word_1_342' title='bbox 2371 3811 2712 3876; x_wconf 89' lang='lat' dir='ltr'>Abrahami</span> <span class='ocrx_word' id='word_1_343' title='bbox 2740 3834 2806 3898; x_wconf 91' lang='lat' dir='ltr'>p.</span> 
     </span>
     <span class='ocr_line' id='line_1_30' title="bbox 1115 3917 2806 4001; baseline 0.001 -22"><span class='ocrx_word' id='word_1_344' title='bbox 1115 3917 1266 3997; x_wconf 86' lang='lat'><strong>464.</strong></span> <span class='ocrx_word' id='word_1_345' title='bbox 1299 3917 1521 4001; x_wconf 79' lang='lat' dir='ltr'>Mang.</span> <span class='ocrx_word' id='word_1_346' title='bbox 1570 3920 1864 3980; x_wconf 80' lang='grc' dir='ltr'>Χαλδαῖοι</span> <span class='ocrx_word' id='word_1_347' title='bbox 1885 3922 2002 3980; x_wconf 77' lang='grc' dir='ltr'>τῶν</span> <span class='ocrx_word' id='word_1_348' title='bbox 2032 3918 2239 3981; x_wconf 80' lang='grc' dir='ltr'>ἄλλων</span> <span class='ocrx_word' id='word_1_349' title='bbox 2269 3918 2595 3998; x_wconf 78' lang='grc' dir='ltr'>ἀνθρώπων</span> <span class='ocrx_word' id='word_1_350' title='bbox 2618 3940 2806 3980; x_wconf 81' lang='grc' dir='ltr'>πεπο-</span> 
     </span>
     <span class='ocr_line' id='line_1_31' title="bbox 1118 4019 2804 4102; baseline 0.001 -20"><span class='ocrx_word' id='word_1_351' title='bbox 1118 4019 1357 4099; x_wconf 86' lang='grc' dir='ltr'>νηκέναι</span> <span class='ocrx_word' id='word_1_352' title='bbox 1386 4021 1784 4101; x_wconf 80' lang='grc' dir='ltr'>διαφερόντως</span> <span class='ocrx_word' id='word_1_353' title='bbox 1810 4024 2084 4083; x_wconf 85' lang='grc' dir='ltr'>δοκοῦσιν</span> <span class='ocrx_word' id='word_1_354' title='bbox 2114 4021 2513 4102; x_wconf 77' lang='grc' dir='ltr'>ἀστρονομίαν</span> <span class='ocrx_word' id='word_1_355' title='bbox 2543 4020 2639 4083; x_wconf 86' lang='grc' dir='ltr'>καὶ</span> <span class='ocrx_word' id='word_1_356' title='bbox 2666 4044 2804 4101; x_wconf 86' lang='grc' dir='ltr'>γεν-</span> 
     </span>
     <span class='ocr_line' id='line_1_32' title="bbox 1117 4120 2810 4203; baseline 0.002 -19"><span class='ocrx_word' id='word_1_357' title='bbox 1117 4120 1809 4202; x_wconf 77' lang='grc' dir='ltr'>εθλιαλογικήν-Οῦτοι</span> <span class='ocrx_word' id='word_1_358' title='bbox 1835 4122 1943 4185; x_wconf 83' lang='grc' dir='ltr'>τὸν</span> <span class='ocrx_word' id='word_1_359' title='bbox 1960 4124 2326 4203; x_wconf 85' lang='grc' dir='ltr'>φαινόμενον</span> <span class='ocrx_word' id='word_1_360' title='bbox 2353 4127 2563 4187; x_wconf 80' lang='grc' dir='ltr'>τοῦτον</span> <span class='ocrx_word' id='word_1_361' title='bbox 2585 4125 2810 4203; x_wconf 85' lang='grc' dir='ltr'>κόσμον</span> 
     </span>
     <span class='ocr_line' id='line_1_33' title="bbox 1119 4222 2811 4305; baseline 0.002 -18"><span class='ocrx_word' id='word_1_362' title='bbox 1119 4225 1186 4287; x_wconf 79' lang='grc' dir='ltr'>ἐν</span> <span class='ocrx_word' id='word_1_363' title='bbox 1228 4228 1349 4290; x_wconf 82' lang='grc' dir='ltr'>τοῖς</span> <span class='ocrx_word' id='word_1_364' title='bbox 1386 4222 1558 4287; x_wconf 77' lang='grc' dir='ltr'>οὖσιν</span> <span class='ocrx_word' id='word_1_365' title='bbox 1583 4224 1966 4303; x_wconf 80' lang='grc' dir='ltr'>ὑπετύπησαν</span> <span class='ocrx_word' id='word_1_366' title='bbox 2009 4224 2161 4288; x_wconf 81' lang='grc' dir='ltr'>εἶναι</span> <span class='ocrx_word' id='word_1_367' title='bbox 2198 4222 2447 4305; x_wconf 82' lang='grc' dir='ltr'>μόνονῆ</span> <span class='ocrx_word' id='word_1_368' title='bbox 2487 4225 2629 4290; x_wconf 87' lang='grc' dir='ltr'>θεὸν</span> <span class='ocrx_word' id='word_1_369' title='bbox 2663 4227 2811 4290; x_wconf 83' lang='grc' dir='ltr'>ὄντα</span> 
     </span>
     <span class='ocr_line' id='line_1_34' title="bbox 1120 4323 2816 4411; baseline 0.001 -20"><span class='ocrx_word' id='word_1_370' title='bbox 1120 4326 1318 4399; x_wconf 82' lang='grc' dir='ltr'>αὐτὸν,</span> <span class='ocrx_word' id='word_1_371' title='bbox 1370 4323 1407 4405; x_wconf 82' lang='grc' dir='ltr'>ἢ</span> <span class='ocrx_word' id='word_1_372' title='bbox 1459 4327 1527 4389; x_wconf 81' lang='grc' dir='ltr'>έν</span> <span class='ocrx_word' id='word_1_373' title='bbox 1570 4327 1725 4411; x_wconf 74' lang='grc' dir='ltr'>αὐτῷ</span> <span class='ocrx_word' id='word_1_374' title='bbox 1772 4326 1913 4390; x_wconf 84' lang='grc' dir='ltr'>θεὸν</span> <span class='ocrx_word' id='word_1_375' title='bbox 1958 4325 2315 4410; x_wconf 89' lang='grc' dir='ltr'>περιέχοντα</span> <span class='ocrx_word' id='word_1_376' title='bbox 2349 4328 2457 4407; x_wconf 78' lang='grc' dir='ltr'>τὴν</span> <span class='ocrx_word' id='word_1_377' title='bbox 2494 4334 2612 4391; x_wconf 81' lang='grc' dir='ltr'>τῶν</span> <span class='ocrx_word' id='word_1_378' title='bbox 2654 4329 2816 4393; x_wconf 80' lang='grc' dir='ltr'>ὅλων</span> 
     </span>
     <span class='ocr_line' id='line_1_35' title="bbox 1120 4428 2813 4513; baseline 0.002 -21"><span class='ocrx_word' id='word_1_379' title='bbox 1120 4429 1346 4513; x_wconf 78' lang='grc' dir='ltr'>ψυχήν·</span> <span class='ocrx_word' id='word_1_380' title='bbox 1396 4428 1751 4511; x_wconf 76' lang='grc' dir='ltr'>εἱμαρμένην</span> <span class='ocrx_word' id='word_1_381' title='bbox 1779 4455 1845 4494; x_wconf 88' lang='grc' dir='ltr'>τε</span> <span class='ocrx_word' id='word_1_382' title='bbox 1886 4430 1980 4494; x_wconf 83' lang='grc' dir='ltr'>καὶ</span> <span class='ocrx_word' id='word_1_383' title='bbox 2020 4430 2285 4512; x_wconf 76' lang='grc' dir='ltr'>ἀνάγκην</span> <span class='ocrx_word' id='word_1_384' title='bbox 2321 4430 2813 4511; x_wconf 65' lang='grc' dir='ltr'>θεοπλαοηήσαν-</span> 
     </span>
     <span class='ocr_line' id='line_1_36' title="bbox 1118 4532 2818 4617; baseline 0.001 -20"><span class='ocrx_word' id='word_1_385' title='bbox 1118 4559 1232 4606; x_wconf 87' lang='grc' dir='ltr'>τες,</span> <span class='ocrx_word' id='word_1_386' title='bbox 1280 4533 1566 4611; x_wconf 83' lang='grc' dir='ltr'>ἀσεβείας</span> <span class='ocrx_word' id='word_1_387' title='bbox 1608 4538 1837 4612; x_wconf 85' lang='grc' dir='ltr'>πολλῆς</span> <span class='ocrx_word' id='word_1_388' title='bbox 1879 4532 2265 4599; x_wconf 87' lang='grc' dir='ltr'>κατέπλασαν</span> <span class='ocrx_word' id='word_1_389' title='bbox 2303 4533 2408 4598; x_wconf 83' lang='grc' dir='ltr'>τὸν</span> <span class='ocrx_word' id='word_1_390' title='bbox 2445 4535 2818 4617; x_wconf 71' lang='grc' dir='ltr'>ἀνθρώπινον</span> 
     </span>
    </p>
   </div>
   <div class='ocr_carea' id='block_1_10' title="bbox 1115 4634 2822 5648">
    <p class='ocr_par' dir='ltr' id='par_1_10' title="bbox 1115 4634 2822 5648">
     <span class='ocr_line' id='line_1_37' title="bbox 1121 4634 2816 4720; baseline 0 -17"><span class='ocrx_word' id='word_1_391' title='bbox 1121 4637 1282 4715; x_wconf 80' lang='grc' dir='ltr'>βίαν·</span> <span class='ocrx_word' id='word_1_392' title='bbox 1328 4634 1797 4713; x_wconf 71' lang='grc' dir='ltr'>ἀναδιδάξαντες,</span> <span class='ocrx_word' id='word_1_393' title='bbox 1832 4638 1926 4711; x_wconf 84' lang='grc' dir='ltr'>ὡς,</span> <span class='ocrx_word' id='word_1_394' title='bbox 1966 4639 2105 4720; x_wconf 84' lang='grc' dir='ltr'>δίχα</span> <span class='ocrx_word' id='word_1_395' title='bbox 2142 4643 2259 4701; x_wconf 81' lang='grc' dir='ltr'>τῶν</span> <span class='ocrx_word' id='word_1_396' title='bbox 2287 4636 2686 4717; x_wconf 75' lang='grc' dir='ltr'>φαινομένων,</span> <span class='ocrx_word' id='word_1_397' title='bbox 2717 4638 2816 4703; x_wconf 81' lang='grc' dir='ltr'>οὗ·</span> 
     </span>
     <span class='ocr_line' id='line_1_38' title="bbox 1120 4739 2822 4822; baseline 0.001 -19"><span class='ocrx_word' id='word_1_398' title='bbox 1120 4741 1289 4806; x_wconf 88' lang='grc' dir='ltr'>δενός</span> <span class='ocrx_word' id='word_1_399' title='bbox 1317 4740 1484 4802; x_wconf 77' lang='grc' dir='ltr'>ἐστιν</span> <span class='ocrx_word' id='word_1_400' title='bbox 1524 4739 1696 4803; x_wconf 81' lang='grc' dir='ltr'>οὐδὲν</span> <span class='ocrx_word' id='word_1_401' title='bbox 1725 4743 1913 4804; x_wconf 77' lang='grc' dir='ltr'>αἴτιον</span> <span class='ocrx_word' id='word_1_402' title='bbox 1940 4740 2307 4822; x_wconf 81' lang='grc' dir='ltr'>τοπαράπαν,</span> <span class='ocrx_word' id='word_1_403' title='bbox 2340 4739 2477 4805; x_wconf 75' lang='grc' dir='ltr'>ἀλλ’</span> <span class='ocrx_word' id='word_1_404' title='bbox 2507 4742 2680 4820; x_wconf 81' lang='grc' dir='ltr'>ἡλίου</span> <span class='ocrx_word' id='word_1_405' title='bbox 2723 4742 2822 4805; x_wconf 82' lang='grc' dir='ltr'>καὶ</span> 
     </span>
     <span class='ocr_line' id='line_1_39' title="bbox 1123 4839 2818 4924; baseline 0.002 -21"><span class='ocrx_word' id='word_1_406' title='bbox 1123 4839 1382 4919; x_wconf 81' lang='grc' dir='ltr'>σελήνης</span> <span class='ocrx_word' id='word_1_407' title='bbox 1410 4841 1504 4903; x_wconf 86' lang='grc' dir='ltr'>καὶ</span> <span class='ocrx_word' id='word_1_408' title='bbox 1542 4845 1659 4904; x_wconf 86' lang='grc' dir='ltr'>τῶν</span> <span class='ocrx_word' id='word_1_409' title='bbox 1693 4843 1899 4906; x_wconf 80' lang='grc' dir='ltr'>ἄλλων</span> <span class='ocrx_word' id='word_1_410' title='bbox 1940 4841 2210 4923; x_wconf 78' lang='grc' dir='ltr'>ἀστέρων</span> <span class='ocrx_word' id='word_1_411' title='bbox 2238 4843 2300 4907; x_wconf 76' lang='grc' dir='ltr'>αὶ</span> <span class='ocrx_word' id='word_1_412' title='bbox 2333 4843 2596 4924; x_wconf 85' lang='grc' dir='ltr'>περίοδοι</span> <span class='ocrx_word' id='word_1_413' title='bbox 2637 4840 2712 4906; x_wconf 79' lang='grc' dir='ltr'>τά</span> <span class='ocrx_word' id='word_1_414' title='bbox 2749 4867 2818 4907; x_wconf 85' lang='grc' dir='ltr'>τε</span> 
     </span>
     <span class='ocr_line' id='line_1_40' title="bbox 1123 4944 2812 5030; baseline 0.001 -23"><span class='ocrx_word' id='word_1_415' title='bbox 1123 4945 1321 5026; x_wconf 75' lang='grc' dir='ltr'>ἀγαθὰ</span> <span class='ocrx_word' id='word_1_416' title='bbox 1363 4945 1461 5007; x_wconf 87' lang='grc' dir='ltr'>καὶ</span> <span class='ocrx_word' id='word_1_417' title='bbox 1505 4947 1579 5009; x_wconf 77' lang='grc' dir='ltr'>τὰ</span> <span class='ocrx_word' id='word_1_418' title='bbox 1623 4946 1863 5009; x_wconf 74' lang='grc' dir='ltr'>ἐναντία</span> <span class='ocrx_word' id='word_1_419' title='bbox 1907 4945 2136 5030; x_wconf 77' lang='grc' dir='ltr'>ἑκάστῳ</span> <span class='ocrx_word' id='word_1_420' title='bbox 2184 4951 2301 5009; x_wconf 75' lang='grc' dir='ltr'>τῶν</span> <span class='ocrx_word' id='word_1_421' title='bbox 2356 4946 2546 5011; x_wconf 81' lang='grc' dir='ltr'>ὄντων</span> <span class='ocrx_word' id='word_1_422' title='bbox 2597 4944 2812 5011; x_wconf 71' lang='grc' dir='ltr'>ἆπονέ·</span> 
     </span>
     <span class='ocr_line' id='line_1_41' title="bbox 1118 5046 2818 5134; baseline 0 -23"><span class='ocrx_word' id='word_1_423' title='bbox 1118 5072 1315 5126; x_wconf 84' lang='grc' dir='ltr'>μουσι.</span> <span class='ocrx_word' id='word_1_424' title='bbox 1409 5047 1491 5110; x_wconf 88' lang='lat' dir='ltr'>In</span> <span class='ocrx_word' id='word_1_425' title='bbox 1537 5047 1797 5113; x_wconf 86' lang='lat' dir='ltr'>eandem</span> <span class='ocrx_word' id='word_1_426' title='bbox 1848 5046 2212 5112; x_wconf 89' lang='lat' dir='ltr'>sententiam</span> <span class='ocrx_word' id='word_1_427' title='bbox 2257 5046 2536 5134; x_wconf 88' lang='lat' dir='ltr'>disputat</span> <span class='ocrx_word' id='word_1_428' title='bbox 2589 5048 2818 5112; x_wconf 84' lang='lat' dir='ltr'>Sextus</span> 
     </span>
     <span class='ocr_line' id='line_1_42' title="bbox 1122 5147 2817 5236; baseline 0.001 -21"><span class='ocrx_word' id='word_1_429' title='bbox 1122 5147 1365 5236; x_wconf 85' lang='lat' dir='ltr'>Empir.</span> <span class='ocrx_word' id='word_1_430' title='bbox 1398 5147 1668 5214; x_wconf 80' lang='lat' dir='ltr'>AdverS.</span> <span class='ocrx_word' id='word_1_431' title='bbox 1719 5150 1954 5215; x_wconf 87' lang='lat' dir='ltr'>Matth.</span> <span class='ocrx_word' id='word_1_432' title='bbox 1996 5151 2073 5212; x_wconf 89' lang='lat' dir='ltr'>V.</span> <span class='ocrx_word' id='word_1_433' title='bbox 2109 5169 2169 5215; x_wconf 85' lang='lat'>2.</span> <span class='ocrx_word' id='word_1_434' title='bbox 2217 5172 2354 5236; x_wconf 84' lang='lat' dir='ltr'>sqq.</span> <span class='ocrx_word' id='word_1_435' title='bbox 2400 5171 2463 5236; x_wconf 91' lang='lat' dir='ltr'>p.</span> <span class='ocrx_word' id='word_1_436' title='bbox 2498 5150 2645 5233; x_wconf 82' lang='lat'><strong>338.</strong></span> <span class='ocrx_word' id='word_1_437' title='bbox 2695 5150 2817 5215; x_wconf 80' lang='lat' dir='ltr'>Fa-</span> 
     </span>
     <span class='ocr_line' id='line_1_43' title="bbox 1119 5251 2817 5340; baseline 0.001 -24"><span class='ocrx_word' id='word_1_438' title='bbox 1119 5251 1272 5319; x_wconf 85' lang='lat' dir='ltr'>bric.</span> <span class='ocrx_word' id='word_1_439' title='bbox 1302 5252 1403 5317; x_wconf 91' lang='lat' dir='ltr'>cui</span> <span class='ocrx_word' id='word_1_440' title='bbox 1432 5251 1666 5317; x_wconf 88' lang='lat' dir='ltr'>ibidem</span> <span class='ocrx_word' id='word_1_441' title='bbox 1704 5277 1782 5317; x_wconf 81' lang='lat' dir='ltr'>ex</span> <span class='ocrx_word' id='word_1_442' title='bbox 1825 5254 2089 5319; x_wconf 83' lang='lat' dir='ltr'>Philone</span> <span class='ocrx_word' id='word_1_443' title='bbox 2125 5253 2172 5318; x_wconf 95' lang='lat' dir='ltr'>l.</span> <span class='ocrx_word' id='word_1_444' title='bbox 2198 5253 2240 5317; x_wconf 94' lang='lat' dir='ltr'>l.</span> <span class='ocrx_word' id='word_1_445' title='bbox 2272 5275 2388 5340; x_wconf 89' lang='lat' dir='ltr'>pro</span> <span class='ocrx_word' id='word_1_446' title='bbox 2417 5254 2817 5335; x_wconf 79' lang='grc' dir='ltr'>γενεαλογίαν</span> 
     </span>
     <span class='ocr_line' id='line_1_44' title="bbox 1115 5354 2816 5443; baseline 0.001 -24"><span class='ocrx_word' id='word_1_447' title='bbox 1115 5354 1505 5421; x_wconf 87' lang='lat' dir='ltr'>reddendum</span> <span class='ocrx_word' id='word_1_448' title='bbox 1534 5371 1627 5420; x_wconf 82' lang='lat' dir='ltr'>est</span> <span class='ocrx_word' id='word_1_449' title='bbox 1647 5359 2169 5439; x_wconf 84' lang='grc' dir='ltr'>γενεθλιαλογίαν,</span> <span class='ocrx_word' id='word_1_450' title='bbox 2201 5354 2373 5443; x_wconf 92' lang='lat' dir='ltr'>quod</span> <span class='ocrx_word' id='word_1_451' title='bbox 2404 5354 2597 5421; x_wconf 87' lang='lat' dir='ltr'>miror</span> <span class='ocrx_word' id='word_1_452' title='bbox 2624 5378 2663 5419; x_wconf 89' lang='lat' dir='ltr'>a</span> <span class='ocrx_word' id='word_1_453' title='bbox 2692 5356 2816 5420; x_wconf 90' lang='lat' dir='ltr'>Fa-</span> 
     </span>
     <span class='ocr_line' id='line_1_45' title="bbox 1119 5455 2813 5544; baseline 0.002 -25"><span class='ocrx_word' id='word_1_454' title='bbox 1119 5455 1332 5533; x_wconf 88' lang='lat' dir='ltr'>brici0,</span> <span class='ocrx_word' id='word_1_455' title='bbox 1363 5457 1473 5544; x_wconf 90' lang='lat' dir='ltr'>qui</span> <span class='ocrx_word' id='word_1_456' title='bbox 1503 5457 1723 5523; x_wconf 84' lang='lat' dir='ltr'>vitium</span> <span class='ocrx_word' id='word_1_457' title='bbox 1755 5458 2029 5531; x_wconf 82' lang='lat' dir='ltr'>vidisset,</span> <span class='ocrx_word' id='word_1_458' title='bbox 2049 5481 2174 5523; x_wconf 90' lang='lat' dir='ltr'>non</span> <span class='ocrx_word' id='word_1_459' title='bbox 2200 5457 2264 5522; x_wconf 88' lang='lat' dir='ltr'>in</span> <span class='ocrx_word' id='word_1_460' title='bbox 2294 5456 2573 5523; x_wconf 88' lang='lat' dir='ltr'>ordinem</span> <span class='ocrx_word' id='word_1_461' title='bbox 2605 5480 2813 5544; x_wconf 89' lang='lat' dir='ltr'>recep-</span> 
     </span>
     <span class='ocr_line' id='line_1_46' title="bbox 1119 5559 2809 5648; baseline 0.002 -26"><span class='ocrx_word' id='word_1_462' title='bbox 1119 5572 1256 5623; x_wconf 92' lang='lat' dir='ltr'>tum</span> <span class='ocrx_word' id='word_1_463' title='bbox 1285 5582 1431 5624; x_wconf 88' lang='lat' dir='ltr'>esse.</span> <span class='ocrx_word' id='word_1_464' title='bbox 1523 5559 1729 5626; x_wconf 87' lang='lat' dir='ltr'>Aliter</span> <span class='ocrx_word' id='word_1_465' title='bbox 1771 5562 2023 5648; x_wconf 66' lang='lat' dir='ltr'>defluo</span> <span class='ocrx_word' id='word_1_466' title='bbox 2066 5561 2467 5627; x_wconf 86' lang='lat' dir='ltr'>statuendum</span> <span class='ocrx_word' id='word_1_467' title='bbox 2510 5575 2645 5625; x_wconf 87' lang='lat' dir='ltr'>erat</span> <span class='ocrx_word' id='word_1_468' title='bbox 2687 5562 2733 5625; x_wconf 86' lang='lat' dir='ltr'>J</span> <span class='ocrx_word' id='word_1_469' title='bbox 2739 5583 2809 5626; x_wconf 89' lang='lat' dir='ltr'>u-</span> 
     </span>
    </p>
   </div>
   <div class='ocr_carea' id='block_1_11' title="bbox 2891 3604 4597 5645">
    <p class='ocr_par' dir='ltr' id='par_1_11' title="bbox 2891 3604 4597 5645">
     <span class='ocr_line' id='line_1_47' title="bbox 2898 3604 4595 3693; baseline 0.004 -24"><span class='ocrx_word' id='word_1_470' title='bbox 2898 3607 3248 3684; x_wconf 84' lang='lat' dir='ltr'>17:“Ac</span> <span class='ocrx_word' id='word_1_471' title='bbox 3292 3604 3446 3668; x_wconf 87' lang='lat' dir='ltr'>mibi</span> <span class='ocrx_word' id='word_1_472' title='bbox 3489 3604 3746 3693; x_wconf 88' lang='lat' dir='ltr'>quidem</span> <span class='ocrx_word' id='word_1_473' title='bbox 3775 3604 4050 3684; x_wconf 85' lang='lat' dir='ltr'>videtur,</span> <span class='ocrx_word' id='word_1_474' title='bbox 4082 3629 4224 3671; x_wconf 88' lang='lat' dir='ltr'>cum</span> <span class='ocrx_word' id='word_1_475' title='bbox 4265 3608 4411 3674; x_wconf 82' lang='lat' dir='ltr'>duae</span> <span class='ocrx_word' id='word_1_476' title='bbox 4454 3633 4595 3675; x_wconf 88' lang='lat' dir='ltr'>sen·</span> 
     </span>
     <span class='ocr_line' id='line_1_48' title="bbox 2893 3706 4591 3796; baseline 0.003 -24"><span class='ocrx_word' id='word_1_477' title='bbox 2893 3707 3104 3772; x_wconf 86' lang='lat' dir='ltr'>tentiae</span> <span class='ocrx_word' id='word_1_478' title='bbox 3132 3707 3394 3772; x_wconf 86' lang='lat' dir='ltr'>fuissent</span> <span class='ocrx_word' id='word_1_479' title='bbox 3422 3719 3705 3772; x_wconf 82' lang='lat' dir='ltr'>veterum</span> <span class='ocrx_word' id='word_1_480' title='bbox 3745 3706 4278 3796; x_wconf 86' lang='lat' dir='ltr'>philosophorum,</span> <span class='ocrx_word' id='word_1_481' title='bbox 4315 3733 4442 3777; x_wconf 89' lang='lat' dir='ltr'>una</span> <span class='ocrx_word' id='word_1_482' title='bbox 4481 3736 4591 3777; x_wconf 86' lang='lat' dir='ltr'>eo-</span> 
     </span>
     <span class='ocr_line' id='line_1_49' title="bbox 2892 3809 4591 3898; baseline 0.003 -23"><span class='ocrx_word' id='word_1_483' title='bbox 2892 3834 3058 3890; x_wconf 89' lang='lat' dir='ltr'>rum,</span> <span class='ocrx_word' id='word_1_484' title='bbox 3086 3811 3196 3898; x_wconf 88' lang='lat' dir='ltr'>qui</span> <span class='ocrx_word' id='word_1_485' title='bbox 3226 3827 3545 3876; x_wconf 84' lang='lat' dir='ltr'>censerent</span> <span class='ocrx_word' id='word_1_486' title='bbox 3572 3810 3780 3875; x_wconf 88' lang='lat' dir='ltr'>omnia</span> <span class='ocrx_word' id='word_1_487' title='bbox 3817 3809 3906 3874; x_wconf 88' lang='lat' dir='ltr'>ita</span> <span class='ocrx_word' id='word_1_488' title='bbox 3933 3811 4065 3876; x_wconf 81' lang='lat' dir='ltr'>fato</span> <span class='ocrx_word' id='word_1_489' title='bbox 4092 3811 4248 3891; x_wconf 87' lang='lat' dir='ltr'>fieri,</span> <span class='ocrx_word' id='word_1_490' title='bbox 4282 3828 4354 3878; x_wconf 91' lang='lat' dir='ltr'>ut</span> <span class='ocrx_word' id='word_1_491' title='bbox 4395 3813 4466 3879; x_wconf 89' lang='lat' dir='ltr'>id</span> <span class='ocrx_word' id='word_1_492' title='bbox 4493 3814 4591 3880; x_wconf 82' lang='lat' dir='ltr'>fa·</span> 
     </span>
     <span class='ocr_line' id='line_1_50' title="bbox 2895 3913 4596 4002; baseline 0.002 -23"><span class='ocrx_word' id='word_1_493' title='bbox 2895 3930 3027 3980; x_wconf 89' lang='lat' dir='ltr'>tum</span> <span class='ocrx_word' id='word_1_494' title='bbox 3080 3914 3205 3980; x_wconf 86' lang='lat' dir='ltr'>vim</span> <span class='ocrx_word' id='word_1_495' title='bbox 3251 3913 3625 3981; x_wconf 87' lang='lat' dir='ltr'>necessitatis</span> <span class='ocrx_word' id='word_1_496' title='bbox 3667 3913 3956 3987; x_wconf 84' lang='lat' dir='ltr'>afferret;</span> <span class='ocrx_word' id='word_1_497' title='bbox 4006 3914 4068 3978; x_wconf 90' lang='lat' dir='ltr'>in</span> <span class='ocrx_word' id='word_1_498' title='bbox 4114 3938 4244 4002; x_wconf 89' lang='lat' dir='ltr'>qua</span> <span class='ocrx_word' id='word_1_499' title='bbox 4292 3917 4596 3982; x_wconf 78' lang='lat' dir='ltr'>sententia</span> 
     </span>
     <span class='ocr_line' id='line_1_51' title="bbox 2894 4016 4594 4104; baseline -0.001 -17"><span class='ocrx_word' id='word_1_500' title='bbox 2894 4017 3313 4096; x_wconf 84' lang='lat' dir='ltr'>Democritus,</span> <span class='ocrx_word' id='word_1_501' title='bbox 3346 4016 3731 4095; x_wconf 81' lang='lat' dir='ltr'>HeraclituS,</span> <span class='ocrx_word' id='word_1_502' title='bbox 3764 4016 4201 4104; x_wconf 89' lang='lat' dir='ltr'>Empedocles,</span> <span class='ocrx_word' id='word_1_503' title='bbox 4233 4019 4594 4087; x_wconf 82' lang='lat' dir='ltr'>Aristoteles</span> 
     </span>
     <span class='ocr_line' id='line_1_52' title="bbox 2891 4119 4592 4207; baseline 0.001 -21"><span class='ocrx_word' id='word_1_504' title='bbox 2891 4121 3052 4186; x_wconf 87' lang='lat' dir='ltr'>fuit:</span> <span class='ocrx_word' id='word_1_505' title='bbox 3099 4120 3294 4187; x_wconf 86' lang='lat' dir='ltr'>altera</span> <span class='ocrx_word' id='word_1_506' title='bbox 3334 4143 3573 4198; x_wconf 87' lang='lat' dir='ltr'>eorum,</span> <span class='ocrx_word' id='word_1_507' title='bbox 3608 4119 3839 4207; x_wconf 86' lang='lat' dir='ltr'>quibus</span> <span class='ocrx_word' id='word_1_508' title='bbox 3881 4120 4242 4186; x_wconf 84' lang='lat' dir='ltr'>viderentur</span> <span class='ocrx_word' id='word_1_509' title='bbox 4286 4121 4415 4188; x_wconf 87' lang='lat' dir='ltr'>sine</span> <span class='ocrx_word' id='word_1_510' title='bbox 4463 4121 4592 4188; x_wconf 90' lang='lat' dir='ltr'>ullo</span> 
     </span>
     <span class='ocr_line' id='line_1_53' title="bbox 2893 4221 4597 4313; baseline 0 -24"><span class='ocrx_word' id='word_1_511' title='bbox 2893 4224 3025 4290; x_wconf 86' lang='lat' dir='ltr'>fato</span> <span class='ocrx_word' id='word_1_512' title='bbox 3057 4247 3189 4288; x_wconf 88' lang='lat' dir='ltr'>esse</span> <span class='ocrx_word' id='word_1_513' title='bbox 3225 4223 3573 4289; x_wconf 88' lang='lat' dir='ltr'>animorum</span> <span class='ocrx_word' id='word_1_514' title='bbox 3618 4239 3826 4287; x_wconf 89' lang='lat' dir='ltr'>motus</span> <span class='ocrx_word' id='word_1_515' title='bbox 3870 4221 4239 4289; x_wconf 85' lang='lat' dir='ltr'>voluntarii:</span> <span class='ocrx_word' id='word_1_516' title='bbox 4293 4225 4597 4313; x_wconf 86' lang='lat' dir='ltr'>Chrysip-</span> 
     </span>
     <span class='ocr_line' id='line_1_54' title="bbox 2900 4325 4594 4417; baseline 0.002 -27"><span class='ocrx_word' id='word_1_517' title='bbox 2900 4350 3041 4417; x_wconf 75' lang='lat' dir='ltr'>puS,</span> <span class='ocrx_word' id='word_1_518' title='bbox 3070 4342 3368 4414; x_wconf 88' lang='lat' dir='ltr'>tanquam</span> <span class='ocrx_word' id='word_1_519' title='bbox 3407 4325 3639 4390; x_wconf 90' lang='lat' dir='ltr'>arbiter</span> <span class='ocrx_word' id='word_1_520' title='bbox 3671 4325 4059 4404; x_wconf 86' lang='lat' dir='ltr'>honorarius,</span> <span class='ocrx_word' id='word_1_521' title='bbox 4102 4327 4378 4395; x_wconf 88' lang='lat' dir='ltr'>medium</span> <span class='ocrx_word' id='word_1_522' title='bbox 4408 4328 4594 4395; x_wconf 87' lang='lat' dir='ltr'>ferire</span> 
     </span>
     <span class='ocr_line' id='line_1_55' title="bbox 2902 4427 4596 4518; baseline 0.004 -25"><span class='ocrx_word' id='word_1_523' title='bbox 2902 4430 3201 4497; x_wconf 87' lang='lat' dir='ltr'>voluisse:</span> <span class='ocrx_word' id='word_1_524' title='bbox 3249 4427 3357 4493; x_wconf 86' lang='lat' dir='ltr'>sed</span> <span class='ocrx_word' id='word_1_525' title='bbox 3394 4427 3668 4516; x_wconf 86' lang='lat' dir='ltr'>applicat</span> <span class='ocrx_word' id='word_1_526' title='bbox 3702 4452 3766 4493; x_wconf 89' lang='lat' dir='ltr'>se</span> <span class='ocrx_word' id='word_1_527' title='bbox 3807 4427 3890 4493; x_wconf 90' lang='lat' dir='ltr'>ad</span> <span class='ocrx_word' id='word_1_528' title='bbox 3925 4452 4031 4493; x_wconf 86' lang='lat' dir='ltr'>eos</span> <span class='ocrx_word' id='word_1_529' title='bbox 4074 4430 4305 4518; x_wconf 78' lang='lat' dir='ltr'>potiuS‚</span> <span class='ocrx_word' id='word_1_530' title='bbox 4333 4433 4469 4518; x_wconf 71' lang='lat' dir='ltr'>qui,</span> <span class='ocrx_word' id='word_1_531' title='bbox 4491 4455 4596 4499; x_wconf 88' lang='lat' dir='ltr'>ne-</span> 
     </span>
     <span class='ocr_line' id='line_1_56' title="bbox 2905 4531 4595 4605; baseline 0.002 -6"><span class='ocrx_word' id='word_1_532' title='bbox 2905 4533 3186 4599; x_wconf 85' lang='lat' dir='ltr'>cessitate</span> <span class='ocrx_word' id='word_1_533' title='bbox 3207 4547 3415 4597; x_wconf 88' lang='lat' dir='ltr'>motus</span> <span class='ocrx_word' id='word_1_534' title='bbox 3435 4531 3672 4597; x_wconf 87' lang='lat' dir='ltr'>animos</span> <span class='ocrx_word' id='word_1_535' title='bbox 3693 4531 3981 4597; x_wconf 83' lang='lat' dir='ltr'>liberatos</span> <span class='ocrx_word' id='word_1_536' title='bbox 4002 4532 4290 4599; x_wconf 86' lang='lat' dir='ltr'>volunt:”</span> <span class='ocrx_word' id='word_1_537' title='bbox 4318 4535 4429 4601; x_wconf 86' lang='lat' dir='ltr'>ubi</span> <span class='ocrx_word' id='word_1_538' title='bbox 4454 4535 4595 4605; x_wconf 85' lang='lat' dir='ltr'>vide</span> 
     </span>
     <span class='ocr_line' id='line_1_57' title="bbox 2904 4636 4593 4726; baseline 0.002 -24"><span class='ocrx_word' id='word_1_539' title='bbox 2904 4636 3232 4703; x_wconf 83' lang='lat' dir='ltr'>Davisium</span> <span class='ocrx_word' id='word_1_540' title='bbox 3276 4636 3673 4723; x_wconf 88' lang='lat' dir='ltr'>reliquosque</span> <span class='ocrx_word' id='word_1_541' title='bbox 3713 4637 4102 4723; x_wconf 82' lang='lat' dir='ltr'>interpreteS,</span> <span class='ocrx_word' id='word_1_542' title='bbox 4146 4661 4419 4726; x_wconf 88' lang='lat' dir='ltr'>quorum</span> <span class='ocrx_word' id='word_1_543' title='bbox 4461 4641 4593 4705; x_wconf 87' lang='lat' dir='ltr'>ani-</span> 
     </span>
     <span class='ocr_line' id='line_1_58' title="bbox 2905 4738 4594 4828; baseline 0.002 -24"><span class='ocrx_word' id='word_1_544' title='bbox 2905 4738 3360 4805; x_wconf 82' lang='lat' dir='ltr'>madversiones</span> <span class='ocrx_word' id='word_1_545' title='bbox 3386 4738 3672 4805; x_wconf 88' lang='lat' dir='ltr'>collectas</span> <span class='ocrx_word' id='word_1_546' title='bbox 3687 4753 3944 4828; x_wconf 86' lang='lat' dir='ltr'>praestat</span> <span class='ocrx_word' id='word_1_547' title='bbox 3972 4756 4182 4806; x_wconf 85' lang='lat' dir='ltr'>nostra</span> <span class='ocrx_word' id='word_1_548' title='bbox 4204 4741 4396 4808; x_wconf 90' lang='lat' dir='ltr'>editio</span> <span class='ocrx_word' id='word_1_549' title='bbox 4421 4742 4594 4809; x_wconf 87' lang='lat' dir='ltr'>Cice-</span> 
     </span>
     <span class='ocr_line' id='line_1_59' title="bbox 2899 4840 4595 4921; baseline 0.002 -14"><span class='ocrx_word' id='word_1_550' title='bbox 2899 4841 3066 4907; x_wconf 89' lang='lat' dir='ltr'>ronis</span> <span class='ocrx_word' id='word_1_551' title='bbox 3094 4841 3175 4907; x_wconf 87' lang='lat' dir='ltr'>de</span> <span class='ocrx_word' id='word_1_552' title='bbox 3204 4840 3603 4906; x_wconf 83' lang='lat' dir='ltr'>Divinatione</span> <span class='ocrx_word' id='word_1_553' title='bbox 3629 4855 3695 4906; x_wconf 90' lang='lat' dir='ltr'>et</span> <span class='ocrx_word' id='word_1_554' title='bbox 3733 4841 3814 4905; x_wconf 89' lang='lat' dir='ltr'>de</span> <span class='ocrx_word' id='word_1_555' title='bbox 3853 4843 4039 4921; x_wconf 89' lang='lat' dir='ltr'>Fato,</span> <span class='ocrx_word' id='word_1_556' title='bbox 4065 4842 4109 4907; x_wconf 89' lang='lat' dir='ltr'>i.</span> <span class='ocrx_word' id='word_1_557' title='bbox 4128 4866 4183 4907; x_wconf 90' lang='lat' dir='ltr'>e.</span> <span class='ocrx_word' id='word_1_558' title='bbox 4219 4844 4595 4911; x_wconf 85' lang='lat' dir='ltr'>Francofur·</span> 
     </span>
     <span class='ocr_line' id='line_1_60' title="bbox 2900 4945 4591 5013; baseline 0.002 -3"><span class='ocrx_word' id='word_1_559' title='bbox 2900 4946 3088 5011; x_wconf 86' lang='lat' dir='ltr'>tensis</span> <span class='ocrx_word' id='word_1_560' title='bbox 3144 4967 3293 5010; x_wconf 86' lang='lat' dir='ltr'>ann.</span> <span class='ocrx_word' id='word_1_561' title='bbox 3347 4945 3533 5011; x_wconf 86' lang='lat'><strong>1828.</strong></span> <span class='ocrx_word' id='word_1_562' title='bbox 3609 4945 3847 5011; x_wconf 89' lang='lat' dir='ltr'>Moseri</span> <span class='ocrx_word' id='word_1_563' title='bbox 3892 4945 4161 5011; x_wconf 83' lang='lat' dir='ltr'>maxime</span> <span class='ocrx_word' id='word_1_564' title='bbox 4202 4946 4368 5012; x_wconf 88' lang='lat' dir='ltr'>curis</span> <span class='ocrx_word' id='word_1_565' title='bbox 4409 4947 4591 5013; x_wconf 78' lang='lat' dir='ltr'>ador-</span> 
     </span>
     <span class='ocr_line' id='line_1_61' title="bbox 2900 5045 4592 5114; baseline 0.001 -2"><span class='ocrx_word' id='word_1_566' title='bbox 2900 5062 3068 5112; x_wconf 88' lang='lat' dir='ltr'>nata.</span> <span class='ocrx_word' id='word_1_567' title='bbox 3160 5045 3464 5113; x_wconf 85' lang='lat' dir='ltr'>Heracliti</span> <span class='ocrx_word' id='word_1_568' title='bbox 3494 5045 3574 5111; x_wconf 90' lang='lat' dir='ltr'>de</span> <span class='ocrx_word' id='word_1_569' title='bbox 3596 5048 3759 5112; x_wconf 89' lang='lat' dir='ltr'>Fato</span> <span class='ocrx_word' id='word_1_570' title='bbox 3788 5045 4034 5112; x_wconf 85' lang='lat' dir='ltr'>decreta</span> <span class='ocrx_word' id='word_1_571' title='bbox 4062 5046 4209 5112; x_wconf 88' lang='lat' dir='ltr'>alibi</span> <span class='ocrx_word' id='word_1_572' title='bbox 4241 5049 4501 5114; x_wconf 85' lang='lat' dir='ltr'>tractavi</span> <span class='ocrx_word' id='word_1_573' title='bbox 4529 5050 4592 5114; x_wconf 91' lang='lat' dir='ltr'>in</span> 
     </span>
     <span class='ocr_line' id='line_1_62' title="bbox 2903 5148 4592 5237; baseline 0 -22"><span class='ocrx_word' id='word_1_574' title='bbox 2903 5148 3457 5229; x_wconf 77' lang='lat' dir='ltr'>commentatione,</span> <span class='ocrx_word' id='word_1_575' title='bbox 3482 5149 3582 5217; x_wconf 91' lang='lat' dir='ltr'>cui</span> <span class='ocrx_word' id='word_1_576' title='bbox 3613 5148 3872 5214; x_wconf 83' lang='lat' dir='ltr'>titulus:</span> <span class='ocrx_word' id='word_1_577' title='bbox 3924 5149 4446 5237; x_wconf 69' lang='lat' dir='ltr'>Philosophorum</span> <span class='ocrx_word' id='word_1_578' title='bbox 4489 5154 4592 5216; x_wconf 79' lang='lat' dir='ltr'>Ve-</span> 
     </span>
     <span class='ocr_line' id='line_1_63' title="bbox 2900 5252 4596 5341; baseline 0.001 -23"><span class='ocrx_word' id='word_1_579' title='bbox 2900 5263 3102 5318; x_wconf 77' lang='lat' dir='ltr'>terum</span> <span class='ocrx_word' id='word_1_580' title='bbox 3150 5253 3267 5318; x_wconf 77' lang='lat' dir='ltr'>Ioci</span> <span class='ocrx_word' id='word_1_581' title='bbox 3312 5253 3389 5319; x_wconf 81' lang='lat' dir='ltr'>de</span> <span class='ocrx_word' id='word_1_582' title='bbox 3441 5252 3856 5317; x_wconf 74' lang='lat' dir='ltr'>Providentia</span> <span class='ocrx_word' id='word_1_583' title='bbox 3901 5252 4159 5316; x_wconf 73' lang='lat' dir='ltr'>Divina</span> <span class='ocrx_word' id='word_1_584' title='bbox 4207 5254 4473 5341; x_wconf 73' lang='lat' dir='ltr'>itemque</span> <span class='ocrx_word' id='word_1_585' title='bbox 4521 5254 4596 5319; x_wconf 79' lang='lat' dir='ltr'>de</span> 
     </span>
     <span class='ocr_line' id='line_1_64' title="bbox 2900 5348 4596 5444; baseline -0.001 -23"><span class='ocrx_word' id='word_1_586' title='bbox 2900 5358 3067 5421; x_wconf 78' lang='lat' dir='ltr'>Fato</span> <span class='ocrx_word' id='word_1_587' title='bbox 3122 5357 3554 5434; x_wconf 76' lang='lat' dir='ltr'>emendantur,</span> <span class='ocrx_word' id='word_1_588' title='bbox 3612 5356 4030 5441; x_wconf 67' lang='lat' dir='ltr'>caplimntur.</span> <span class='ocrx_word' id='word_1_589' title='bbox 4151 5348 4596 5444; x_wconf 80' lang='lat' dir='ltr'>Heidelbergae</span> 
     </span>
     <span class='ocr_line' id='line_1_65' title="bbox 2905 5456 4595 5544; baseline -0.001 -20"><span class='ocrx_word' id='word_1_590' title='bbox 2905 5460 3089 5524; x_wconf 89' lang='lat'><strong>1806.</strong></span> <span class='ocrx_word' id='word_1_591' title='bbox 3122 5472 3255 5540; x_wconf 85' lang='lat' dir='ltr'>4to.</span> <span class='ocrx_word' id='word_1_592' title='bbox 3287 5472 3350 5522; x_wconf 90' lang='lat' dir='ltr'>et</span> <span class='ocrx_word' id='word_1_593' title='bbox 3395 5456 3460 5522; x_wconf 86' lang='lat' dir='ltr'>in</span> <span class='ocrx_word' id='word_1_594' title='bbox 3495 5458 3786 5543; x_wconf 67' lang='lat' dir='ltr'>Dionyso</span> <span class='ocrx_word' id='word_1_595' title='bbox 3814 5477 3953 5520; x_wconf 89' lang='lat' dir='ltr'>meo</span> <span class='ocrx_word' id='word_1_596' title='bbox 3979 5478 4044 5543; x_wconf 87' lang='lat' dir='ltr'>p.</span> <span class='ocrx_word' id='word_1_597' title='bbox 4072 5471 4178 5538; x_wconf 89' lang='lat'>71.</span> <span class='ocrx_word' id='word_1_598' title='bbox 4210 5478 4350 5544; x_wconf 81' lang='lat' dir='ltr'>sqq.</span> <span class='ocrx_word' id='word_1_599' title='bbox 4382 5458 4492 5522; x_wconf 89' lang='lat' dir='ltr'>ubi</span> <span class='ocrx_word' id='word_1_600' title='bbox 4532 5476 4595 5523; x_wconf 88' lang='lat' dir='ltr'>et</span> 
     </span>
     <span class='ocr_line' id='line_1_66' title="bbox 2898 5555 4594 5645; baseline -0.001 -19"><span class='ocrx_word' id='word_1_601' title='bbox 2898 5560 3019 5627; x_wconf 86' lang='lat' dir='ltr'>alia</span> <span class='ocrx_word' id='word_1_602' title='bbox 3045 5558 3245 5645; x_wconf 81' lang='lat' dir='ltr'>attigi,</span> <span class='ocrx_word' id='word_1_603' title='bbox 3276 5573 3340 5623; x_wconf 91' lang='lat' dir='ltr'>et</span> <span class='ocrx_word' id='word_1_604' title='bbox 3377 5573 3764 5645; x_wconf 89' lang='lat' dir='ltr'>quantopere</span> <span class='ocrx_word' id='word_1_605' title='bbox 3793 5555 3910 5622; x_wconf 90' lang='lat' dir='ltr'>hac</span> <span class='ocrx_word' id='word_1_606' title='bbox 3939 5556 4001 5620; x_wconf 90' lang='lat' dir='ltr'>in</span> <span class='ocrx_word' id='word_1_607' title='bbox 4032 5555 4319 5623; x_wconf 89' lang='lat' dir='ltr'>doctrina</span> <span class='ocrx_word' id='word_1_608' title='bbox 4345 5559 4429 5623; x_wconf 89' lang='lat' dir='ltr'>ab</span> <span class='ocrx_word' id='word_1_609' title='bbox 4460 5561 4594 5625; x_wconf 90' lang='lat' dir='ltr'>He-</span> 
     </span>
    </p>
   </div>
  </div>
 </body>
</html>
