<?xml version="1.0" encoding="UTF-8"?>
<!DOCTYPE html PUBLIC "-//W3C//DTD XHTML 1.0 Transitional//EN"
    "http://www.w3.org/TR/xhtml1/DTD/xhtml1-transitional.dtd">
<html xmlns="http://www.w3.org/1999/xhtml" xml:lang="en" lang="en">
 <head>
  <title>
</title>
<meta http-equiv="Content-Type" content="text/html;charset=utf-8" />
  <meta name='ocr-system' content='tesseract 3.04.00' />
  <meta name='ocr-capabilities' content='ocr_page ocr_carea ocr_par ocr_line ocrx_word'/>
</head>
<body>
  <div class='ocr_page' id='page_1' title='image "./plotinioperaomn00chumgoog_0354.png"; bbox 0 0 5118 6613; ppageno 0'>
   <div class='ocr_carea' id='block_1_1' title="bbox 1032 562 1161 633">
    <p class='ocr_par' dir='ltr' id='par_1_1' title="bbox 1032 562 1161 633">
     <span class='ocr_line' id='line_1_1' title="bbox 1032 562 1161 633; baseline -0.039 0"><span class='ocrx_word' id='word_1_1' title='bbox 1032 562 1161 633; x_wconf 85' lang='lat'>340</span> 
     </span>
    </p>
   </div>
   <div class='ocr_carea' id='block_1_2' title="bbox 2018 543 3505 613">
    <p class='ocr_par' dir='ltr' id='par_1_2' title="bbox 2018 543 3505 613">
     <span class='ocr_line' id='line_1_2' title="bbox 2018 543 3505 613; baseline -0.002 -1"><span class='ocrx_word' id='word_1_2' title='bbox 2018 543 2858 613; x_wconf 89' lang='lat' dir='ltr'>ANNOTATIONES</span> <span class='ocrx_word' id='word_1_3' title='bbox 2906 544 3016 611; x_wconf 92' lang='lat' dir='ltr'>IN</span> <span class='ocrx_word' id='word_1_4' title='bbox 3064 544 3505 610; x_wconf 88' lang='lat' dir='ltr'>PLOTINI</span> 
     </span>
    </p>
   </div>
   <div class='ocr_carea' id='block_1_3' title="bbox 1044 716 4507 803">
    <p class='ocr_par' dir='ltr' id='par_1_3' title="bbox 1044 716 4507 803">
     <span class='ocr_line' id='line_1_3' title="bbox 1044 716 4507 803; baseline 0.001 -20"><span class='ocrx_word' id='word_1_5' title='bbox 1044 722 1272 786; x_wconf 79' lang='grc' dir='ltr'>ἑαυτοῖς</span> <span class='ocrx_word' id='word_1_6' title='bbox 1316 716 1560 801; x_wconf 80' lang='grc' dir='ltr'>ἔχουσιν</span> <span class='ocrx_word' id='word_1_7' title='bbox 1588 716 1647 782; x_wconf 76' lang='grc' dir='ltr'>οἴ</span> <span class='ocrx_word' id='word_1_8' title='bbox 1674 721 1914 800; x_wconf 91' lang='grc' dir='ltr'>φαῦλοι,</span> <span class='ocrx_word' id='word_1_9' title='bbox 1947 721 2129 787; x_wconf 87' lang='grc' dir='ltr'>οὕτως</span> <span class='ocrx_word' id='word_1_10' title='bbox 2160 720 2253 784; x_wconf 84' lang='grc' dir='ltr'>καὶ</span> <span class='ocrx_word' id='word_1_11' title='bbox 2282 720 2389 799; x_wconf 80' lang='grc' dir='ltr'>τὴν</span> <span class='ocrx_word' id='word_1_12' title='bbox 2421 720 2729 802; x_wconf 76' lang='grc' dir='ltr'>ἐνέργειαν</span> <span class='ocrx_word' id='word_1_13' title='bbox 2812 723 3006 782; x_wconf 78' lang='grc' dir='ltr'>ποιεῖν</span> <span class='ocrx_word' id='word_1_14' title='bbox 3048 718 3324 783; x_wconf 79' lang='grc' dir='ltr'>ἀνωτάτω</span> <span class='ocrx_word' id='word_1_15' title='bbox 3371 720 3484 798; x_wconf 79' lang='grc' dir='ltr'>μὲν</span> <span class='ocrx_word' id='word_1_16' title='bbox 3528 720 3568 782; x_wconf 81' lang='grc' dir='ltr'><em>ἆ</em></span> <span class='ocrx_word' id='word_1_17' title='bbox 3611 716 3901 801; x_wconf 87' lang='grc' dir='ltr'>ἐνέργεια·</span> <span class='ocrx_word' id='word_1_18' title='bbox 3952 722 4055 785; x_wconf 78' lang='grc' dir='ltr'>τᾶς</span> <span class='ocrx_word' id='word_1_19' title='bbox 4098 720 4164 782; x_wconf 74' lang='grc' dir='ltr'>δὲ</span> <span class='ocrx_word' id='word_1_20' title='bbox 4205 720 4507 803; x_wconf 76' lang='grc' dir='ltr'>ἐνεργείας</span> 
     </span>
    </p>
   </div>
   <div class='ocr_carea' id='block_1_4' title="bbox 1042 821 2730 1212">
    <p class='ocr_par' dir='ltr' id='par_1_4' title="bbox 1042 821 2730 1212">
     <span class='ocr_line' id='line_1_4' title="bbox 1044 821 2730 907; baseline 0.001 -20"><span class='ocrx_word' id='word_1_21' title='bbox 1044 823 1218 901; x_wconf 83' lang='grc' dir='ltr'>αὐτῆς</span> <span class='ocrx_word' id='word_1_22' title='bbox 1260 821 1504 905; x_wconf 80' lang='grc' dir='ltr'>ἔχουσιν</span> <span class='ocrx_word' id='word_1_23' title='bbox 1547 822 1614 884; x_wconf 89' lang='grc' dir='ltr'>ἐν</span> <span class='ocrx_word' id='word_1_24' title='bbox 1657 825 1736 907; x_wconf 74' lang='grc' dir='ltr'>τῷ</span> <span class='ocrx_word' id='word_1_25' title='bbox 1786 827 1997 896; x_wconf 80' lang='grc' dir='ltr'>ποιεῖν,</span> <span class='ocrx_word' id='word_1_26' title='bbox 2041 825 2204 904; x_wconf 93' lang='grc' dir='ltr'>εἴπερ</span> <span class='ocrx_word' id='word_1_27' title='bbox 2253 822 2441 891; x_wconf 88' lang='grc' dir='ltr'>πάθος</span> <span class='ocrx_word' id='word_1_28' title='bbox 2486 824 2585 887; x_wconf 80' lang='grc' dir='ltr'>ἐπὶ</span> <span class='ocrx_word' id='word_1_29' title='bbox 2629 827 2730 902; x_wconf 85' lang='grc' dir='ltr'>τῆς</span> 
     </span>
     <span class='ocr_line' id='line_1_5' title="bbox 1042 922 2728 1008; baseline 0.001 -22"><span class='ocrx_word' id='word_1_30' title='bbox 1042 929 1243 1008; x_wconf 78' lang='grc' dir='ltr'>ψυχῆς</span> <span class='ocrx_word' id='word_1_31' title='bbox 1282 925 1350 986; x_wconf 87' lang='grc' dir='ltr'>οὐ</span> <span class='ocrx_word' id='word_1_32' title='bbox 1388 922 1647 1004; x_wconf 85' lang='grc' dir='ltr'>λέγεται.</span> <span class='ocrx_word' id='word_1_33' title='bbox 1696 926 1749 988; x_wconf 78' lang='grc' dir='ltr'>εί</span> <span class='ocrx_word' id='word_1_34' title='bbox 1786 926 1852 989; x_wconf 78' lang='grc' dir='ltr'>δὲ</span> <span class='ocrx_word' id='word_1_35' title='bbox 1889 926 2024 1006; x_wconf 84' lang='grc' dir='ltr'>περὶ</span> <span class='ocrx_word' id='word_1_36' title='bbox 2067 922 2134 988; x_wconf 82' lang='grc' dir='ltr'>τὸ</span> <span class='ocrx_word' id='word_1_37' title='bbox 2177 931 2347 1006; x_wconf 91' lang='grc' dir='ltr'>σῶμα</span> <span class='ocrx_word' id='word_1_38' title='bbox 2388 928 2616 1007; x_wconf 89' lang='grc' dir='ltr'>γίνεται</span> <span class='ocrx_word' id='word_1_39' title='bbox 2660 924 2728 989; x_wconf 84' lang='grc' dir='ltr'>τὸ</span> 
     </span>
     <span class='ocr_line' id='line_1_6' title="bbox 1043 1023 2726 1112; baseline 0.001 -23"><span class='ocrx_word' id='word_1_40' title='bbox 1043 1027 1321 1109; x_wconf 88' lang='grc' dir='ltr'>πάσ-χειν,</span> <span class='ocrx_word' id='word_1_41' title='bbox 1371 1023 1509 1089; x_wconf 89' lang='grc' dir='ltr'>ἀλλ’</span> <span class='ocrx_word' id='word_1_42' title='bbox 1560 1027 1627 1090; x_wconf 94' lang='grc' dir='ltr'>ἐν</span> <span class='ocrx_word' id='word_1_43' title='bbox 1677 1027 1845 1112; x_wconf 75' lang='grc' dir='ltr'>ἄλλῳ</span> <span class='ocrx_word' id='word_1_44' title='bbox 1899 1027 2069 1090; x_wconf 82' lang='grc' dir='ltr'>ἔσται</span> <span class='ocrx_word' id='word_1_45' title='bbox 2120 1027 2187 1090; x_wconf 89' lang='grc' dir='ltr'>τὸ</span> <span class='ocrx_word' id='word_1_46' title='bbox 2235 1027 2439 1101; x_wconf 82' lang='grc' dir='ltr'>πάθος,</span> <span class='ocrx_word' id='word_1_47' title='bbox 2495 1028 2590 1091; x_wconf 82' lang='grc' dir='ltr'>καὶ</span> <span class='ocrx_word' id='word_1_48' title='bbox 2637 1026 2726 1090; x_wconf 90' lang='grc' dir='ltr'>ἐπ’</span> 
     </span>
     <span class='ocr_line' id='line_1_7' title="bbox 1049 1126 2729 1212; baseline 0 -20"><span class='ocrx_word' id='word_1_49' title='bbox 1049 1126 1254 1211; x_wconf 67' lang='grc' dir='ltr'>(*ἀπ’)</span> <span class='ocrx_word' id='word_1_50' title='bbox 1289 1128 1500 1201; x_wconf 78' lang='grc' dir='ltr'>ἄλλου,</span> <span class='ocrx_word' id='word_1_51' title='bbox 1538 1129 1632 1192; x_wconf 83' lang='grc' dir='ltr'>καὶ</span> <span class='ocrx_word' id='word_1_52' title='bbox 1674 1131 1856 1196; x_wconf 89' lang='grc' dir='ltr'>οὕτως</span> <span class='ocrx_word' id='word_1_53' title='bbox 1898 1129 2120 1209; x_wconf 78' lang='grc' dir='ltr'>ἀληθὴς</span> <span class='ocrx_word' id='word_1_54' title='bbox 2160 1131 2389 1212; x_wconf 85' lang='grc' dir='ltr'>γίνεται</span> <span class='ocrx_word' id='word_1_55' title='bbox 2418 1133 2451 1193; x_wconf 89' lang='lat'><em>6</em></span> <span class='ocrx_word' id='word_1_56' title='bbox 2480 1135 2586 1193; x_wconf 89' lang='grc' dir='ltr'>τοῦ</span> <span class='ocrx_word' id='word_1_57' title='bbox 2611 1128 2729 1193; x_wconf 90' lang='grc' dir='ltr'>πά-</span> 
     </span>
    </p>
   </div>
   <div class='ocr_carea' id='block_1_5' title="bbox 1018 1229 2734 1416">
    <p class='ocr_par' dir='ltr' id='par_1_5' title="bbox 1018 1229 2734 1416">
     <span class='ocr_line' id='line_1_8' title="bbox 1018 1229 2733 1314; baseline 0.001 -21"><span class='ocrx_word' id='word_1_58' title='bbox 1018 1255 1220 1312; x_wconf 40' lang='grc' dir='ltr'>,σχειν</span> <span class='ocrx_word' id='word_1_59' title='bbox 1249 1230 1510 1311; x_wconf 82' lang='grc' dir='ltr'>ὁρισμός·</span> <span class='ocrx_word' id='word_1_60' title='bbox 1555 1229 1778 1309; x_wconf 90' lang='grc' dir='ltr'>μήποτε</span> <span class='ocrx_word' id='word_1_61' title='bbox 1808 1232 1872 1295; x_wconf 73' lang='grc' dir='ltr'>δὲ</span> <span class='ocrx_word' id='word_1_62' title='bbox 1903 1231 1998 1294; x_wconf 87' lang='grc' dir='ltr'>καὶ</span> <span class='ocrx_word' id='word_1_63' title='bbox 2029 1232 2096 1293; x_wconf 91' lang='grc' dir='ltr'>ἐν</span> <span class='ocrx_word' id='word_1_64' title='bbox 2122 1235 2193 1310; x_wconf 85' lang='grc' dir='ltr'>τῇ</span> <span class='ocrx_word' id='word_1_65' title='bbox 2223 1235 2393 1314; x_wconf 71' lang='grc' dir='ltr'>ψυχῇ</span> <span class='ocrx_word' id='word_1_66' title='bbox 2435 1233 2733 1296; x_wconf 90' lang='grc' dir='ltr'>πλειόνων</span> 
     </span>
     <span class='ocr_line' id='line_1_9' title="bbox 1046 1331 2734 1416; baseline -0.002 -18"><span class='ocrx_word' id='word_1_67' title='bbox 1046 1337 1235 1398; x_wconf 84' lang='grc' dir='ltr'>ὄντων</span> <span class='ocrx_word' id='word_1_68' title='bbox 1275 1335 1513 1415; x_wconf 90' lang='grc' dir='ltr'>μορίων,</span> <span class='ocrx_word' id='word_1_69' title='bbox 1558 1331 1595 1413; x_wconf 82' lang='grc' dir='ltr'>ἢ</span> <span class='ocrx_word' id='word_1_70' title='bbox 1641 1337 1938 1399; x_wconf 91' lang='grc' dir='ltr'>πλειόνων</span> <span class='ocrx_word' id='word_1_71' title='bbox 1982 1335 2250 1416; x_wconf 88' lang='grc' dir='ltr'>κρίσεων,</span> <span class='ocrx_word' id='word_1_72' title='bbox 2301 1333 2395 1397; x_wconf 80' lang='grc' dir='ltr'>καὶ</span> <span class='ocrx_word' id='word_1_73' title='bbox 2437 1334 2734 1397; x_wconf 88' lang='grc' dir='ltr'>πλειόνων</span> 
     </span>
    </p>
   </div>
   <div class='ocr_carea' id='block_1_6' title="bbox 1045 1434 2741 5018">
    <p class='ocr_par' dir='ltr' id='par_1_6' title="bbox 1045 1434 2741 5018">
     <span class='ocr_line' id='line_1_10' title="bbox 1045 1434 2731 1518; baseline -0.001 -18"><span class='ocrx_word' id='word_1_74' title='bbox 1045 1443 1410 1518; x_wconf 80' lang='grc' dir='ltr'>φαντασιῶν,</span> <span class='ocrx_word' id='word_1_75' title='bbox 1470 1434 1506 1516; x_wconf 84' lang='grc' dir='ltr'>ἢ</span> <span class='ocrx_word' id='word_1_76' title='bbox 1565 1436 1886 1517; x_wconf 84' lang='grc' dir='ltr'>δυνάμεων,</span> <span class='ocrx_word' id='word_1_77' title='bbox 1940 1434 1976 1515; x_wconf 82' lang='grc' dir='ltr'>ἢ</span> <span class='ocrx_word' id='word_1_78' title='bbox 2030 1441 2216 1515; x_wconf 71' lang='grc' dir='ltr'>δοξῶν</span> <span class='ocrx_word' id='word_1_79' title='bbox 2271 1434 2731 1517; x_wconf 83' lang='grc' dir='ltr'>διαφερομένων,</span> 
     </span>
     <span class='ocr_line' id='line_1_11' title="bbox 1048 1539 2735 1622; baseline -0.003 -18"><span class='ocrx_word' id='word_1_80' title='bbox 1048 1545 1194 1605; x_wconf 74' lang='grc' dir='ltr'>κατὰ</span> <span class='ocrx_word' id='word_1_81' title='bbox 1236 1541 1344 1620; x_wconf 77' lang='grc' dir='ltr'>τὴν</span> <span class='ocrx_word' id='word_1_82' title='bbox 1386 1542 1788 1622; x_wconf 80' lang='grc' dir='ltr'>ἀνομολογίαν</span> <span class='ocrx_word' id='word_1_83' title='bbox 1833 1542 2024 1605; x_wconf 91' lang='grc' dir='ltr'>αὐτῶν</span> <span class='ocrx_word' id='word_1_84' title='bbox 2067 1540 2312 1621; x_wconf 89' lang='grc' dir='ltr'>γίνοντα</span> <span class='ocrx_word' id='word_1_85' title='bbox 2357 1540 2636 1617; x_wconf 76' lang='grc' dir='ltr'>ἐμπαθεῖς</span> <span class='ocrx_word' id='word_1_86' title='bbox 2677 1539 2735 1600; x_wconf 80' lang='grc' dir='ltr'>οἱ</span> 
     </span>
     <span class='ocr_line' id='line_1_12' title="bbox 1046 1641 2731 1726; baseline -0.002 -20"><span class='ocrx_word' id='word_1_87' title='bbox 1046 1648 1286 1726; x_wconf 89' lang='grc' dir='ltr'>φαῦλοι,</span> <span class='ocrx_word' id='word_1_88' title='bbox 1318 1649 1436 1707; x_wconf 89' lang='grc' dir='ltr'>τῶν</span> <span class='ocrx_word' id='word_1_89' title='bbox 1469 1644 1582 1722; x_wconf 76' lang='grc' dir='ltr'>μὲν</span> <span class='ocrx_word' id='word_1_90' title='bbox 1622 1648 1938 1717; x_wconf 84' lang='grc' dir='ltr'>ποιουσῶν,</span> <span class='ocrx_word' id='word_1_91' title='bbox 1971 1647 2087 1705; x_wconf 90' lang='grc' dir='ltr'>τῶν</span> <span class='ocrx_word' id='word_1_92' title='bbox 2131 1642 2196 1704; x_wconf 77' lang='grc' dir='ltr'>δὲ</span> <span class='ocrx_word' id='word_1_93' title='bbox 2238 1645 2606 1724; x_wconf 80' lang='grc' dir='ltr'>πασχουσῶν</span> <span class='ocrx_word' id='word_1_94' title='bbox 2637 1641 2731 1703; x_wconf 91' lang='grc' dir='ltr'>ἐν-</span> 
     </span>
     <span class='ocr_line' id='line_1_13' title="bbox 1048 1744 2736 1828; baseline 0 -19"><span class='ocrx_word' id='word_1_95' title='bbox 1048 1747 1404 1819; x_wconf 88' lang='grc' dir='ltr'>αντιώσεων,</span> <span class='ocrx_word' id='word_1_96' title='bbox 1432 1746 1526 1809; x_wconf 85' lang='grc' dir='ltr'>καὶ</span> <span class='ocrx_word' id='word_1_97' title='bbox 1554 1744 1721 1824; x_wconf 91' lang='grc' dir='ltr'>μένει</span> <span class='ocrx_word' id='word_1_98' title='bbox 1750 1748 1783 1809; x_wconf 99' lang='lat'><em>6</em></span> <span class='ocrx_word' id='word_1_99' title='bbox 1813 1749 1917 1809; x_wconf 91' lang='grc' dir='ltr'>τοῦ</span> <span class='ocrx_word' id='word_1_100' title='bbox 1943 1744 2206 1828; x_wconf 81' lang='grc' dir='ltr'>πάσχειν</span> <span class='ocrx_word' id='word_1_101' title='bbox 2233 1745 2417 1825; x_wconf 89' lang='grc' dir='ltr'>λόγος</span> <span class='ocrx_word' id='word_1_102' title='bbox 2442 1744 2628 1826; x_wconf 79' lang='grc' dir='ltr'>ὑγιὴς,</span> <span class='ocrx_word' id='word_1_103' title='bbox 2661 1744 2736 1809; x_wconf 82' lang='grc' dir='ltr'>ὡς</span> 
     </span>
     <span class='ocr_line' id='line_1_14' title="bbox 1048 1845 2729 1935; baseline -0.002 -23"><span class='ocrx_word' id='word_1_104' title='bbox 1048 1851 1115 1912; x_wconf 89' lang='grc' dir='ltr'>ἐν</span> <span class='ocrx_word' id='word_1_105' title='bbox 1142 1850 1313 1935; x_wconf 75' lang='grc' dir='ltr'>ἄλλῳ</span> <span class='ocrx_word' id='word_1_106' title='bbox 1344 1849 1552 1932; x_wconf 81' lang='grc' dir='ltr'>ἔχουσι</span> <span class='ocrx_word' id='word_1_107' title='bbox 1580 1846 1647 1912; x_wconf 85' lang='grc' dir='ltr'>τὸ</span> <span class='ocrx_word' id='word_1_108' title='bbox 1674 1848 1955 1932; x_wconf 86' lang='grc' dir='ltr'>πάσχειν.</span> <span class='ocrx_word' id='word_1_109' title='bbox 1997 1845 2172 1910; x_wconf 84' lang='grc' dir='ltr'>Ἀλλ’</span> <span class='ocrx_word' id='word_1_110' title='bbox 2203 1847 2240 1925; x_wconf 86' lang='grc' dir='ltr'><em>ἡ</em></span> <span class='ocrx_word' id='word_1_111' title='bbox 2274 1849 2375 1925; x_wconf 86' lang='grc' dir='ltr'>τῆς</span> <span class='ocrx_word' id='word_1_112' title='bbox 2414 1848 2561 1924; x_wconf 85' lang='grc' dir='ltr'>ὕλης</span> <span class='ocrx_word' id='word_1_113' title='bbox 2604 1847 2729 1908; x_wconf 89' lang='grc' dir='ltr'>ἐπι-</span> 
     </span>
     <span class='ocr_line' id='line_1_15' title="bbox 1046 1945 2735 2032; baseline -0.002 -16"><span class='ocrx_word' id='word_1_114' title='bbox 1046 1954 1340 2032; x_wconf 86' lang='grc' dir='ltr'>τηδειότης</span> <span class='ocrx_word' id='word_1_115' title='bbox 1382 1952 1567 2018; x_wconf 86' lang='grc' dir='ltr'>πάθος</span> <span class='ocrx_word' id='word_1_116' title='bbox 1609 1952 1762 2016; x_wconf 79' lang='grc' dir='ltr'>οὐσα</span> <span class='ocrx_word' id='word_1_117' title='bbox 1804 1955 1906 2030; x_wconf 89' lang='grc' dir='ltr'>τῆς</span> <span class='ocrx_word' id='word_1_118' title='bbox 1947 1952 2109 2030; x_wconf 83' lang='grc' dir='ltr'>ὕλης,</span> <span class='ocrx_word' id='word_1_119' title='bbox 2139 1955 2260 2015; x_wconf 91' lang='grc' dir='ltr'>πῶς</span> <span class='ocrx_word' id='word_1_120' title='bbox 2295 1948 2401 2011; x_wconf 89' lang='grc' dir='ltr'>οὐκ</span> <span class='ocrx_word' id='word_1_121' title='bbox 2430 1945 2526 2011; x_wconf 90' lang='grc' dir='ltr'>ἀπ’</span> <span class='ocrx_word' id='word_1_122' title='bbox 2561 1948 2735 2026; x_wconf 88' lang='grc' dir='ltr'>αὐτῆς</span> 
     </span>
     <span class='ocr_line' id='line_1_16' title="bbox 1049 2049 2732 2134; baseline -0.004 -16"><span class='ocrx_word' id='word_1_123' title='bbox 1049 2057 1180 2118; x_wconf 91' lang='grc' dir='ltr'>ἐστι</span> <span class='ocrx_word' id='word_1_124' title='bbox 1206 2059 1307 2134; x_wconf 88' lang='grc' dir='ltr'>τῆς</span> <span class='ocrx_word' id='word_1_125' title='bbox 1333 2058 1496 2134; x_wconf 90' lang='grc' dir='ltr'>ὕλης,</span> <span class='ocrx_word' id='word_1_126' title='bbox 1528 2053 1665 2119; x_wconf 90' lang='grc' dir='ltr'>ἀλλ’</span> <span class='ocrx_word' id='word_1_127' title='bbox 1700 2054 1954 2133; x_wconf 71' lang='grc' dir='ltr'>ἔξωθεν;</span> <span class='ocrx_word' id='word_1_128' title='bbox 2001 2050 2037 2133; x_wconf 81' lang='grc' dir='ltr'>ἢ</span> <span class='ocrx_word' id='word_1_129' title='bbox 2076 2055 2316 2117; x_wconf 86' lang='grc' dir='ltr'>δύναται</span> <span class='ocrx_word' id='word_1_130' title='bbox 2358 2050 2471 2131; x_wconf 88' lang='grc' dir='ltr'>μέν</span> <span class='ocrx_word' id='word_1_131' title='bbox 2500 2076 2588 2117; x_wconf 92' lang='grc' dir='ltr'>τις</span> <span class='ocrx_word' id='word_1_132' title='bbox 2629 2049 2732 2113; x_wconf 84' lang='grc' dir='ltr'>λέ-</span> 
     </span>
     <span class='ocr_line' id='line_1_17' title="bbox 1046 2153 2732 2240; baseline -0.004 -19"><span class='ocrx_word' id='word_1_133' title='bbox 1046 2183 1179 2240; x_wconf 93' lang='grc' dir='ltr'>γειν</span> <span class='ocrx_word' id='word_1_134' title='bbox 1208 2158 1304 2222; x_wconf 83' lang='grc' dir='ltr'>καὶ</span> <span class='ocrx_word' id='word_1_135' title='bbox 1340 2158 1446 2236; x_wconf 79' lang='grc' dir='ltr'>τὴν</span> <span class='ocrx_word' id='word_1_136' title='bbox 1478 2159 1912 2238; x_wconf 88' lang='grc' dir='ltr'>ἐπιτηδειότητα</span> <span class='ocrx_word' id='word_1_137' title='bbox 1956 2157 2219 2238; x_wconf 80' lang='grc' dir='ltr'>ἔμφασιν</span> <span class='ocrx_word' id='word_1_138' title='bbox 2256 2158 2361 2217; x_wconf 93' lang='grc' dir='ltr'>τοῦ</span> <span class='ocrx_word' id='word_1_139' title='bbox 2404 2156 2591 2219; x_wconf 82' lang='grc' dir='ltr'>εἴδους</span> <span class='ocrx_word' id='word_1_140' title='bbox 2634 2153 2732 2215; x_wconf 82' lang='grc' dir='ltr'>οῦ-</span> 
     </span>
     <span class='ocr_line' id='line_1_18' title="bbox 1049 2256 2735 2336; baseline -0.003 -14"><span class='ocrx_word' id='word_1_141' title='bbox 1049 2285 1186 2333; x_wconf 90' lang='grc' dir='ltr'>σαν,</span> <span class='ocrx_word' id='word_1_142' title='bbox 1235 2258 1350 2324; x_wconf 84' lang='grc' dir='ltr'>ἀπὸ</span> <span class='ocrx_word' id='word_1_143' title='bbox 1394 2264 1498 2322; x_wconf 90' lang='grc' dir='ltr'>τοῦ</span> <span class='ocrx_word' id='word_1_144' title='bbox 1542 2262 1729 2326; x_wconf 88' lang='grc' dir='ltr'>εἴδους</span> <span class='ocrx_word' id='word_1_145' title='bbox 1775 2259 2112 2322; x_wconf 81' lang='grc' dir='ltr'>ἐνδίδοσθαι</span> <span class='ocrx_word' id='word_1_146' title='bbox 2155 2260 2224 2336; x_wconf 83' lang='grc' dir='ltr'>τῇ</span> <span class='ocrx_word' id='word_1_147' title='bbox 2271 2259 2422 2335; x_wconf 85' lang='grc' dir='ltr'>ὕλῃ;</span> <span class='ocrx_word' id='word_1_148' title='bbox 2469 2256 2626 2322; x_wconf 72' lang='grc' dir='ltr'>τινὲς</span> <span class='ocrx_word' id='word_1_149' title='bbox 2672 2256 2735 2318; x_wconf 75' lang='grc' dir='ltr'>δὲ</span> 
     </span>
     <span class='ocr_line' id='line_1_19' title="bbox 1048 2358 2734 2443; baseline -0.003 -17"><span class='ocrx_word' id='word_1_150' title='bbox 1048 2360 1187 2426; x_wconf 81' lang='grc' dir='ltr'>αὐτὸ</span> <span class='ocrx_word' id='word_1_151' title='bbox 1217 2367 1406 2436; x_wconf 90' lang='grc' dir='ltr'>τοῦτο,</span> <span class='ocrx_word' id='word_1_152' title='bbox 1440 2363 1583 2443; x_wconf 84' lang='grc' dir='ltr'>ὅπερ</span> <span class='ocrx_word' id='word_1_153' title='bbox 1616 2363 1763 2435; x_wconf 82' lang='grc' dir='ltr'>ἐστὶ,</span> <span class='ocrx_word' id='word_1_154' title='bbox 1796 2360 1982 2428; x_wconf 87' lang='grc' dir='ltr'>πάθος</span> <span class='ocrx_word' id='word_1_155' title='bbox 2009 2360 2118 2439; x_wconf 82' lang='grc' dir='ltr'>τὴν</span> <span class='ocrx_word' id='word_1_156' title='bbox 2144 2363 2294 2440; x_wconf 86' lang='grc' dir='ltr'>ὕλην</span> <span class='ocrx_word' id='word_1_157' title='bbox 2324 2359 2475 2423; x_wconf 83' lang='grc' dir='ltr'>εἶναι</span> <span class='ocrx_word' id='word_1_158' title='bbox 2517 2358 2734 2441; x_wconf 82' lang='grc' dir='ltr'>λέγου-</span> 
     </span>
     <span class='ocr_line' id='line_1_20' title="bbox 1048 2462 2734 2546; baseline -0.002 -19"><span class='ocrx_word' id='word_1_159' title='bbox 1048 2491 1169 2528; x_wconf 91' lang='grc' dir='ltr'>σιν.</span> <span class='ocrx_word' id='word_1_160' title='bbox 1204 2467 1258 2528; x_wconf 78' lang='grc' dir='ltr'>εί</span> <span class='ocrx_word' id='word_1_161' title='bbox 1285 2468 1349 2529; x_wconf 76' lang='grc' dir='ltr'>δὲ</span> <span class='ocrx_word' id='word_1_162' title='bbox 1376 2464 1457 2544; x_wconf 80' lang='grc' dir='ltr'>μη</span> <span class='ocrx_word' id='word_1_163' title='bbox 1487 2465 1616 2529; x_wconf 82' lang='grc' dir='ltr'>ἔστι</span> <span class='ocrx_word' id='word_1_164' title='bbox 1642 2464 1850 2541; x_wconf 89' lang='grc' dir='ltr'>πάθος,</span> <span class='ocrx_word' id='word_1_165' title='bbox 1877 2466 2041 2528; x_wconf 75' lang='grc' dir='ltr'>ἀλλὰ</span> <span class='ocrx_word' id='word_1_166' title='bbox 2065 2463 2291 2546; x_wconf 89' lang='grc' dir='ltr'>πάσχει</span> <span class='ocrx_word' id='word_1_167' title='bbox 2316 2463 2451 2543; x_wconf 79' lang='grc' dir='ltr'>περὶ</span> <span class='ocrx_word' id='word_1_168' title='bbox 2477 2465 2581 2539; x_wconf 82' lang='grc' dir='ltr'>τῆς</span> <span class='ocrx_word' id='word_1_169' title='bbox 2610 2462 2734 2524; x_wconf 91' lang='grc' dir='ltr'>ἐπι-</span> 
     </span>
     <span class='ocr_line' id='line_1_21' title="bbox 1047 2561 2737 2650; baseline -0.003 -17"><span class='ocrx_word' id='word_1_170' title='bbox 1047 2571 1426 2649; x_wconf 85' lang='grc' dir='ltr'>τηδειότητος,</span> <span class='ocrx_word' id='word_1_171' title='bbox 1456 2568 1751 2647; x_wconf 74' lang='grc' dir='ltr'>ζητητέον,</span> <span class='ocrx_word' id='word_1_172' title='bbox 1785 2570 1838 2631; x_wconf 79' lang='grc' dir='ltr'>εἰ</span> <span class='ocrx_word' id='word_1_173' title='bbox 1872 2569 1985 2646; x_wconf 77' lang='grc' dir='ltr'>μὲν</span> <span class='ocrx_word' id='word_1_174' title='bbox 2013 2566 2238 2650; x_wconf 88' lang='grc' dir='ltr'>πάσχει</span> <span class='ocrx_word' id='word_1_175' title='bbox 2274 2567 2382 2645; x_wconf 74' lang='grc' dir='ltr'>τὴν</span> <span class='ocrx_word' id='word_1_176' title='bbox 2419 2561 2737 2645; x_wconf 85' lang='grc' dir='ltr'>ἐπιτηδειό-</span> 
     </span>
     <span class='ocr_line' id='line_1_22' title="bbox 1049 2667 2734 2751; baseline -0.004 -15"><span class='ocrx_word' id='word_1_177' title='bbox 1049 2696 1211 2751; x_wconf 90' lang='grc' dir='ltr'>τητα,</span> <span class='ocrx_word' id='word_1_178' title='bbox 1241 2671 1474 2738; x_wconf 88' lang='grc' dir='ltr'>πάντως</span> <span class='ocrx_word' id='word_1_179' title='bbox 1503 2673 1638 2735; x_wconf 91' lang='grc' dir='ltr'>ἐστί</span> <span class='ocrx_word' id='word_1_180' title='bbox 1660 2697 1717 2734; x_wconf 90' lang='grc' dir='ltr'>τι</span> <span class='ocrx_word' id='word_1_181' title='bbox 1746 2668 1814 2733; x_wconf 81' lang='grc' dir='ltr'>τὸ</span> <span class='ocrx_word' id='word_1_182' title='bbox 1842 2674 2051 2734; x_wconf 90' lang='grc' dir='ltr'>ποιοῦν</span> <span class='ocrx_word' id='word_1_183' title='bbox 2080 2668 2280 2748; x_wconf 85' lang='grc' dir='ltr'>αὐτήν·</span> <span class='ocrx_word' id='word_1_184' title='bbox 2332 2671 2385 2732; x_wconf 87' lang='grc' dir='ltr'>εἱ</span> <span class='ocrx_word' id='word_1_185' title='bbox 2413 2671 2477 2732; x_wconf 79' lang='grc' dir='ltr'>δὲ</span> <span class='ocrx_word' id='word_1_186' title='bbox 2514 2667 2594 2748; x_wconf 77' lang='grc' dir='ltr'>μὴ</span> <span class='ocrx_word' id='word_1_187' title='bbox 2623 2667 2734 2730; x_wconf 88' lang='grc' dir='ltr'>πά-</span> 
     </span>
     <span class='ocr_line' id='line_1_23' title="bbox 1048 2770 2739 2857; baseline -0.003 -19"><span class='ocrx_word' id='word_1_188' title='bbox 1048 2799 1207 2857; x_wconf 88' lang='grc' dir='ltr'>σχει,</span> <span class='ocrx_word' id='word_1_189' title='bbox 1262 2772 1399 2837; x_wconf 84' lang='grc' dir='ltr'>ἀλλ’</span> <span class='ocrx_word' id='word_1_190' title='bbox 1452 2772 1593 2836; x_wconf 87' lang='grc' dir='ltr'>αὐτὸ</span> <span class='ocrx_word' id='word_1_191' title='bbox 1647 2775 2041 2853; x_wconf 86' lang='grc' dir='ltr'>ἐπιτηδειότης</span> <span class='ocrx_word' id='word_1_192' title='bbox 2100 2774 2284 2846; x_wconf 86' lang='grc' dir='ltr'>ἐστὶν,</span> <span class='ocrx_word' id='word_1_193' title='bbox 2339 2771 2514 2835; x_wconf 89' lang='grc' dir='ltr'>οὐσία</span> <span class='ocrx_word' id='word_1_194' title='bbox 2573 2770 2739 2834; x_wconf 82' lang='grc' dir='ltr'>ἐστὶν</span> 
     </span>
     <span class='ocr_line' id='line_1_24' title="bbox 1050 2874 2737 2958; baseline -0.001 -19"><span class='ocrx_word' id='word_1_195' title='bbox 1050 2875 1192 2954; x_wconf 78' lang='grc' dir='ltr'>αὐτῆ</span> <span class='ocrx_word' id='word_1_196' title='bbox 1231 2879 1330 2955; x_wconf 90' lang='grc' dir='ltr'>τῆς</span> <span class='ocrx_word' id='word_1_197' title='bbox 1372 2878 1537 2954; x_wconf 89' lang='grc' dir='ltr'>ὕλης·</span> <span class='ocrx_word' id='word_1_198' title='bbox 1587 2878 1619 2938; x_wconf 90' lang='grc' dir='ltr'>ὁ</span> <span class='ocrx_word' id='word_1_199' title='bbox 1650 2878 1714 2940; x_wconf 75' lang='grc' dir='ltr'>δὲ</span> <span class='ocrx_word' id='word_1_200' title='bbox 1744 2878 1928 2958; x_wconf 83' lang='grc' dir='ltr'>λόγος</span> <span class='ocrx_word' id='word_1_201' title='bbox 1968 2876 2103 2957; x_wconf 87' lang='grc' dir='ltr'>περὶ</span> <span class='ocrx_word' id='word_1_202' title='bbox 2145 2879 2245 2939; x_wconf 90' lang='grc' dir='ltr'>τοῦ</span> <span class='ocrx_word' id='word_1_203' title='bbox 2286 2874 2508 2942; x_wconf 86' lang='grc' dir='ltr'>πάθους</span> <span class='ocrx_word' id='word_1_204' title='bbox 2551 2874 2737 2947; x_wconf 86' lang='grc' dir='ltr'>ἐστὶν,</span> 
     </span>
     <span class='ocr_line' id='line_1_25' title="bbox 1050 2976 2741 3059; baseline -0.002 -16"><span class='ocrx_word' id='word_1_205' title='bbox 1050 2980 1168 3043; x_wconf 89' lang='grc' dir='ltr'>εἴτε</span> <span class='ocrx_word' id='word_1_206' title='bbox 1199 2977 1463 3057; x_wconf 80' lang='grc' dir='ltr'>ἔνδοθεν,</span> <span class='ocrx_word' id='word_1_207' title='bbox 1493 2980 1608 3042; x_wconf 85' lang='grc' dir='ltr'>εἴτε</span> <span class='ocrx_word' id='word_1_208' title='bbox 1640 2979 1876 3057; x_wconf 69' lang='grc' dir='ltr'>ἔξωθεν.</span> <span class='ocrx_word' id='word_1_209' title='bbox 1922 2976 2098 3041; x_wconf 86' lang='grc' dir='ltr'>Ἀλλ’</span> <span class='ocrx_word' id='word_1_210' title='bbox 2124 2979 2331 3051; x_wconf 86' lang='grc' dir='ltr'>ἐδόκει,</span> <span class='ocrx_word' id='word_1_211' title='bbox 2364 2978 2571 3059; x_wconf 84' lang='grc' dir='ltr'>φησὶν,</span> <span class='ocrx_word' id='word_1_212' title='bbox 2604 2976 2741 3040; x_wconf 86' lang='grc' dir='ltr'>οὕτε</span> 
     </span>
     <span class='ocr_line' id='line_1_26' title="bbox 1050 3078 2741 3163; baseline -0.002 -19"><span class='ocrx_word' id='word_1_213' title='bbox 1050 3078 1191 3145; x_wconf 75' lang='grc' dir='ltr'>αὐτὸ</span> <span class='ocrx_word' id='word_1_214' title='bbox 1219 3078 1288 3144; x_wconf 84' lang='grc' dir='ltr'>τὸ</span> <span class='ocrx_word' id='word_1_215' title='bbox 1318 3078 1421 3163; x_wconf 87' lang='grc' dir='ltr'>ἀφ’</span> <span class='ocrx_word' id='word_1_216' title='bbox 1457 3083 1663 3144; x_wconf 78' lang='grc' dir='ltr'>ἑαυτοῦ</span> <span class='ocrx_word' id='word_1_217' title='bbox 1709 3082 1804 3144; x_wconf 91' lang='grc' dir='ltr'>καὶ</span> <span class='ocrx_word' id='word_1_218' title='bbox 1844 3081 1924 3159; x_wconf 81' lang='grc' dir='ltr'>μὴ</span> <span class='ocrx_word' id='word_1_219' title='bbox 1969 3078 2065 3143; x_wconf 89' lang='grc' dir='ltr'>ἀπ’</span> <span class='ocrx_word' id='word_1_220' title='bbox 2099 3082 2310 3153; x_wconf 80' lang='grc' dir='ltr'>ἄλλου,</span> <span class='ocrx_word' id='word_1_221' title='bbox 2345 3079 2547 3143; x_wconf 75' lang='grc' dir='ltr'>ἱκανὸν</span> <span class='ocrx_word' id='word_1_222' title='bbox 2590 3079 2741 3142; x_wconf 84' lang='grc' dir='ltr'>εἶναι</span> 
     </span>
     <span class='ocr_line' id='line_1_27' title="bbox 1049 3181 2740 3268; baseline -0.002 -21"><span class='ocrx_word' id='word_1_223' title='bbox 1049 3184 1489 3268; x_wconf 72' lang='grc' dir='ltr'>χαρακτηρίζειν</span> <span class='ocrx_word' id='word_1_224' title='bbox 1523 3183 1592 3245; x_wconf 83' lang='grc' dir='ltr'>τὸ</span> <span class='ocrx_word' id='word_1_225' title='bbox 1630 3190 1843 3256; x_wconf 87' lang='grc' dir='ltr'>ποιεῖν,</span> <span class='ocrx_word' id='word_1_226' title='bbox 1878 3184 2013 3247; x_wconf 86' lang='grc' dir='ltr'>οὕτε</span> <span class='ocrx_word' id='word_1_227' title='bbox 2056 3182 2123 3245; x_wconf 85' lang='grc' dir='ltr'>τὸ</span> <span class='ocrx_word' id='word_1_228' title='bbox 2170 3185 2232 3261; x_wconf 70' lang='grc' dir='ltr'>ἐξ</span> <span class='ocrx_word' id='word_1_229' title='bbox 2276 3183 2490 3258; x_wconf 76' lang='grc' dir='ltr'>ἄλλου,</span> <span class='ocrx_word' id='word_1_230' title='bbox 2524 3183 2620 3244; x_wconf 85' lang='grc' dir='ltr'>καὶ</span> <span class='ocrx_word' id='word_1_231' title='bbox 2660 3181 2740 3260; x_wconf 81' lang='grc' dir='ltr'>μὴ</span> 
     </span>
     <span class='ocr_line' id='line_1_28' title="bbox 1050 3284 2736 3371; baseline -0.002 -20"><span class='ocrx_word' id='word_1_232' title='bbox 1050 3286 1153 3371; x_wconf 86' lang='grc' dir='ltr'>ἀφ’</span> <span class='ocrx_word' id='word_1_233' title='bbox 1187 3289 1396 3351; x_wconf 87' lang='grc' dir='ltr'>ἑαυτοῦ</span> <span class='ocrx_word' id='word_1_234' title='bbox 1422 3284 1490 3350; x_wconf 88' lang='grc' dir='ltr'>τὸ</span> <span class='ocrx_word' id='word_1_235' title='bbox 1519 3286 1798 3368; x_wconf 85' lang='grc' dir='ltr'>πάσχειν,</span> <span class='ocrx_word' id='word_1_236' title='bbox 1834 3286 1963 3350; x_wconf 86' lang='grc' dir='ltr'>ἐπεὶ</span> <span class='ocrx_word' id='word_1_237' title='bbox 1993 3285 2088 3350; x_wconf 87' lang='grc' dir='ltr'>καὶ</span> <span class='ocrx_word' id='word_1_238' title='bbox 2119 3286 2200 3353; x_wconf 72' lang='grc' dir='ltr'>εἷς</span> <span class='ocrx_word' id='word_1_239' title='bbox 2237 3286 2394 3349; x_wconf 81' lang='grc' dir='ltr'>ἄλλο</span> <span class='ocrx_word' id='word_1_240' title='bbox 2424 3311 2481 3349; x_wconf 92' lang='grc' dir='ltr'>τι</span> <span class='ocrx_word' id='word_1_241' title='bbox 2509 3289 2736 3359; x_wconf 90' lang='grc' dir='ltr'>ποιοῦν,</span> 
     </span>
     <span class='ocr_line' id='line_1_29' title="bbox 1050 3387 2740 3472; baseline -0.002 -17"><span class='ocrx_word' id='word_1_242' title='bbox 1050 3391 1190 3455; x_wconf 84' lang='grc' dir='ltr'>αὐτὸ</span> <span class='ocrx_word' id='word_1_243' title='bbox 1233 3392 1345 3469; x_wconf 79' lang='grc' dir='ltr'>μὲν</span> <span class='ocrx_word' id='word_1_244' title='bbox 1383 3390 1663 3472; x_wconf 89' lang='grc' dir='ltr'>ἐφαίνετο</span> <span class='ocrx_word' id='word_1_245' title='bbox 1710 3388 1777 3452; x_wconf 85' lang='grc' dir='ltr'>τὸ</span> <span class='ocrx_word' id='word_1_246' title='bbox 1822 3388 2083 3472; x_wconf 88' lang='grc' dir='ltr'>πάσχον,</span> <span class='ocrx_word' id='word_1_247' title='bbox 2117 3392 2199 3455; x_wconf 75' lang='grc' dir='ltr'>εἰς</span> <span class='ocrx_word' id='word_1_248' title='bbox 2243 3387 2276 3451; x_wconf 77' lang='grc' dir='ltr'>ὃ</span> <span class='ocrx_word' id='word_1_249' title='bbox 2321 3390 2385 3452; x_wconf 77' lang='grc' dir='ltr'>δὲ</span> <span class='ocrx_word' id='word_1_250' title='bbox 2432 3389 2638 3461; x_wconf 83' lang='grc' dir='ltr'>ἐποίει,</span> <span class='ocrx_word' id='word_1_251' title='bbox 2671 3387 2740 3451; x_wconf 88' lang='grc' dir='ltr'>οὐ</span> 
     </span>
     <span class='ocr_line' id='line_1_30' title="bbox 1047 3495 2737 3580; baseline -0.001 -19"><span class='ocrx_word' id='word_1_252' title='bbox 1047 3497 1289 3580; x_wconf 86' lang='grc' dir='ltr'>πάσχον</span> <span class='ocrx_word' id='word_1_253' title='bbox 1318 3499 1482 3561; x_wconf 78' lang='grc' dir='ltr'>ἀλλὰ</span> <span class='ocrx_word' id='word_1_254' title='bbox 1523 3499 1753 3560; x_wconf 88' lang='grc' dir='ltr'>ποιοῦν.</span> <span class='ocrx_word' id='word_1_255' title='bbox 1799 3497 1831 3558; x_wconf 94' lang='lat'><em>6</em></span> <span class='ocrx_word' id='word_1_256' title='bbox 1863 3499 2010 3577; x_wconf 91' lang='grc' dir='ltr'>γοῦν</span> <span class='ocrx_word' id='word_1_257' title='bbox 2048 3495 2398 3576; x_wconf 88' lang='grc' dir='ltr'>κασσίτηρος</span> <span class='ocrx_word' id='word_1_258' title='bbox 2439 3499 2624 3558; x_wconf 90' lang='grc' dir='ltr'>ποιῶν</span> <span class='ocrx_word' id='word_1_259' title='bbox 2654 3495 2737 3560; x_wconf 79' lang='grc' dir='ltr'>εἷς</span> 
     </span>
     <span class='ocr_line' id='line_1_31' title="bbox 1048 3597 2737 3683; baseline -0.002 -19"><span class='ocrx_word' id='word_1_260' title='bbox 1048 3602 1156 3666; x_wconf 88' lang='grc' dir='ltr'>τὸν</span> <span class='ocrx_word' id='word_1_261' title='bbox 1195 3603 1471 3683; x_wconf 75' lang='grc' dir='ltr'>ἄργυρον,</span> <span class='ocrx_word' id='word_1_262' title='bbox 1502 3598 1677 3666; x_wconf 77' lang='grc' dir='ltr'>αὐτὸς</span> <span class='ocrx_word' id='word_1_263' title='bbox 1715 3600 1828 3678; x_wconf 72' lang='grc' dir='ltr'>μὲν</span> <span class='ocrx_word' id='word_1_264' title='bbox 1863 3597 2088 3681; x_wconf 86' lang='grc' dir='ltr'>πάσχει</span> <span class='ocrx_word' id='word_1_265' title='bbox 2129 3599 2598 3677; x_wconf 89' lang='grc' dir='ltr'>ἀναλισκόμενος</span> <span class='ocrx_word' id='word_1_266' title='bbox 2642 3597 2737 3660; x_wconf 86' lang='grc' dir='ltr'>καὶ</span> 
     </span>
     <span class='ocr_line' id='line_1_32' title="bbox 1049 3700 2740 3788; baseline -0.004 -19"><span class='ocrx_word' id='word_1_267' title='bbox 1049 3707 1452 3788; x_wconf 86' lang='grc' dir='ltr'>φθειρόμενος·</span> <span class='ocrx_word' id='word_1_268' title='bbox 1497 3704 1603 3767; x_wconf 85' lang='grc' dir='ltr'>τὸν</span> <span class='ocrx_word' id='word_1_269' title='bbox 1646 3703 1711 3766; x_wconf 78' lang='grc' dir='ltr'>δὲ</span> <span class='ocrx_word' id='word_1_270' title='bbox 1754 3704 2012 3784; x_wconf 83' lang='grc' dir='ltr'>ἄργυρον</span> <span class='ocrx_word' id='word_1_271' title='bbox 2057 3702 2337 3781; x_wconf 91' lang='grc' dir='ltr'>καθαίρει,</span> <span class='ocrx_word' id='word_1_272' title='bbox 2378 3700 2445 3764; x_wconf 86' lang='grc' dir='ltr'>τὸ</span> <span class='ocrx_word' id='word_1_273' title='bbox 2489 3705 2740 3782; x_wconf 89' lang='grc' dir='ltr'>φθεῖρον</span> 
     </span>
     <span class='ocr_line' id='line_1_33' title="bbox 1050 3801 2739 3888; baseline -0.005 -15"><span class='ocrx_word' id='word_1_274' title='bbox 1050 3809 1228 3873; x_wconf 84' lang='grc' dir='ltr'>αὐτὸν</span> <span class='ocrx_word' id='word_1_275' title='bbox 1257 3807 1648 3888; x_wconf 87' lang='grc' dir='ltr'>ἀποβάλλων,</span> <span class='ocrx_word' id='word_1_276' title='bbox 1676 3807 1831 3869; x_wconf 83' lang='grc' dir='ltr'>ὥστε</span> <span class='ocrx_word' id='word_1_277' title='bbox 1858 3810 2096 3884; x_wconf 79' lang='grc' dir='ltr'>μᾶλλον</span> <span class='ocrx_word' id='word_1_278' title='bbox 2127 3803 2305 3868; x_wconf 74' lang='grc' dir='ltr'>αὐτὸν</span> <span class='ocrx_word' id='word_1_279' title='bbox 2326 3802 2605 3885; x_wconf 78' lang='grc' dir='ltr'>συνέχειν</span> <span class='ocrx_word' id='word_1_280' title='bbox 2634 3801 2739 3866; x_wconf 86' lang='grc' dir='ltr'>τὸν</span> 
     </span>
     <span class='ocr_line' id='line_1_34' title="bbox 1051 3902 2735 3993; baseline -0.005 -18"><span class='ocrx_word' id='word_1_281' title='bbox 1051 3913 1307 3993; x_wconf 76' lang='grc' dir='ltr'>ἄργυρον</span> <span class='ocrx_word' id='word_1_282' title='bbox 1347 3912 1416 3974; x_wconf 92' lang='grc' dir='ltr'>ἐν</span> <span class='ocrx_word' id='word_1_283' title='bbox 1452 3912 1521 3988; x_wconf 81' lang='grc' dir='ltr'>τῇ</span> <span class='ocrx_word' id='word_1_284' title='bbox 1566 3908 1711 3986; x_wconf 77' lang='grc' dir='ltr'>αὐτῇ</span> <span class='ocrx_word' id='word_1_285' title='bbox 1754 3908 2039 3984; x_wconf 90' lang='grc' dir='ltr'>ποιότητι.</span> <span class='ocrx_word' id='word_1_286' title='bbox 2084 3905 2222 3969; x_wconf 86' lang='grc' dir='ltr'>ἀλλ’</span> <span class='ocrx_word' id='word_1_287' title='bbox 2255 3906 2383 3969; x_wconf 84' lang='grc' dir='ltr'>ἐπεὶ</span> <span class='ocrx_word' id='word_1_288' title='bbox 2429 3907 2495 3968; x_wconf 90' lang='grc' dir='ltr'>ἐν</span> <span class='ocrx_word' id='word_1_289' title='bbox 2525 3902 2735 3968; x_wconf 84' lang='grc' dir='ltr'>συνθέ-</span> 
     </span>
     <span class='ocr_line' id='line_1_35' title="bbox 1050 4007 2736 4094; baseline -0.005 -17"><span class='ocrx_word' id='word_1_290' title='bbox 1050 4039 1170 4081; x_wconf 88' lang='grc' dir='ltr'>τοις</span> <span class='ocrx_word' id='word_1_291' title='bbox 1196 4012 1502 4094; x_wconf 89' lang='grc' dir='ltr'>πράγμασι</span> <span class='ocrx_word' id='word_1_292' title='bbox 1532 4011 1823 4088; x_wconf 87' lang='grc' dir='ltr'>σύμμικτα</span> <span class='ocrx_word' id='word_1_293' title='bbox 1853 4011 2121 4087; x_wconf 84' lang='grc' dir='ltr'>εἴληπται</span> <span class='ocrx_word' id='word_1_294' title='bbox 2148 4007 2442 4087; x_wconf 90' lang='grc' dir='ltr'>ποιήματα</span> <span class='ocrx_word' id='word_1_295' title='bbox 2486 4007 2582 4069; x_wconf 80' lang='grc' dir='ltr'>καὶ</span> <span class='ocrx_word' id='word_1_296' title='bbox 2622 4031 2736 4068; x_wconf 90' lang='grc' dir='ltr'>πα-</span> 
     </span>
     <span class='ocr_line' id='line_1_36' title="bbox 1050 4112 2740 4196; baseline -0.002 -17"><span class='ocrx_word' id='word_1_297' title='bbox 1050 4116 1298 4196; x_wconf 88' lang='grc' dir='ltr'>θήματα,</span> <span class='ocrx_word' id='word_1_298' title='bbox 1345 4116 1479 4178; x_wconf 81' lang='grc' dir='ltr'>οὔτε</span> <span class='ocrx_word' id='word_1_299' title='bbox 1526 4118 1559 4177; x_wconf 85' lang='grc' dir='ltr'>ὁ</span> <span class='ocrx_word' id='word_1_300' title='bbox 1609 4115 1962 4195; x_wconf 88' lang='grc' dir='ltr'>κασσίτηρσς</span> <span class='ocrx_word' id='word_1_301' title='bbox 2002 4118 2164 4176; x_wconf 88' lang='grc' dir='ltr'>ποιεῖ</span> <span class='ocrx_word' id='word_1_302' title='bbox 2199 4115 2405 4191; x_wconf 88' lang='grc' dir='ltr'>μόνον,</span> <span class='ocrx_word' id='word_1_303' title='bbox 2439 4113 2602 4175; x_wconf 88' lang='grc' dir='ltr'>ἀλλᾶ</span> <span class='ocrx_word' id='word_1_304' title='bbox 2646 4112 2740 4176; x_wconf 84' lang='grc' dir='ltr'>καὶ</span> 
     </span>
     <span class='ocr_line' id='line_1_37' title="bbox 1047 4214 2740 4301; baseline -0.004 -18"><span class='ocrx_word' id='word_1_305' title='bbox 1047 4219 1290 4301; x_wconf 88' lang='grc' dir='ltr'>πάσχει·</span> <span class='ocrx_word' id='word_1_306' title='bbox 1335 4223 1497 4283; x_wconf 92' lang='grc' dir='ltr'>ποιεῖ</span> <span class='ocrx_word' id='word_1_307' title='bbox 1530 4218 1660 4296; x_wconf 75' lang='grc' dir='ltr'>μὲν,</span> <span class='ocrx_word' id='word_1_308' title='bbox 1713 4216 2006 4297; x_wconf 89' lang='grc' dir='ltr'>καθαίρων</span> <span class='ocrx_word' id='word_1_309' title='bbox 2050 4214 2157 4278; x_wconf 85' lang='grc' dir='ltr'>τὸν</span> <span class='ocrx_word' id='word_1_310' title='bbox 2200 4215 2475 4297; x_wconf 82' lang='grc' dir='ltr'>ἄργυρον,</span> <span class='ocrx_word' id='word_1_311' title='bbox 2514 4214 2740 4298; x_wconf 90' lang='grc' dir='ltr'>πάσχει</span> 
     </span>
     <span class='ocr_line' id='line_1_38' title="bbox 1052 4316 2740 4401; baseline -0.002 -16"><span class='ocrx_word' id='word_1_312' title='bbox 1052 4323 1118 4385; x_wconf 74' lang='grc' dir='ltr'>δὲ</span> <span class='ocrx_word' id='word_1_313' title='bbox 1161 4322 1630 4399; x_wconf 89' lang='grc' dir='ltr'>ἀναλισκόμενος</span> <span class='ocrx_word' id='word_1_314' title='bbox 1658 4316 1753 4382; x_wconf 82' lang='grc' dir='ltr'>ὑπ’</span> <span class='ocrx_word' id='word_1_315' title='bbox 1788 4318 1982 4382; x_wconf 92' lang='grc' dir='ltr'>αὐτοῦ.</span> <span class='ocrx_word' id='word_1_316' title='bbox 2030 4319 2125 4382; x_wconf 87' lang='grc' dir='ltr'>καὶ</span> <span class='ocrx_word' id='word_1_317' title='bbox 2152 4320 2185 4380; x_wconf 89' lang='lat'><em>6</em></span> <span class='ocrx_word' id='word_1_318' title='bbox 2226 4318 2474 4399; x_wconf 82' lang='grc' dir='ltr'>ἄργυρος</span> <span class='ocrx_word' id='word_1_319' title='bbox 2514 4317 2740 4401; x_wconf 88' lang='grc' dir='ltr'>πάσχει</span> 
     </span>
     <span class='ocr_line' id='line_1_39' title="bbox 1050 4418 2736 4508; baseline -0.003 -21"><span class='ocrx_word' id='word_1_320' title='bbox 1050 4425 1161 4504; x_wconf 73' lang='grc' dir='ltr'>μὲν</span> <span class='ocrx_word' id='word_1_321' title='bbox 1201 4426 1279 4508; x_wconf 71' lang='grc' dir='ltr'>τῷ</span> <span class='ocrx_word' id='word_1_322' title='bbox 1326 4423 1730 4504; x_wconf 83' lang='grc' dir='ltr'>καθαίρεσθαι,</span> <span class='ocrx_word' id='word_1_323' title='bbox 1758 4426 1923 4485; x_wconf 91' lang='grc' dir='ltr'>ποιεῖ</span> <span class='ocrx_word' id='word_1_324' title='bbox 1966 4422 2031 4484; x_wconf 77' lang='grc' dir='ltr'>δὲ</span> <span class='ocrx_word' id='word_1_325' title='bbox 2071 4424 2149 4507; x_wconf 73' lang='grc' dir='ltr'>τῷ</span> <span class='ocrx_word' id='word_1_326' title='bbox 2196 4420 2565 4494; x_wconf 89' lang='grc' dir='ltr'>ἀναλίσκειν,</span> <span class='ocrx_word' id='word_1_327' title='bbox 2615 4418 2736 4484; x_wconf 88' lang='grc' dir='ltr'>κατ’</span> 
     </span>
     <span class='ocr_line' id='line_1_40' title="bbox 1049 4521 2738 4604; baseline -0.003 -14"><span class='ocrx_word' id='word_1_328' title='bbox 1049 4530 1206 4591; x_wconf 79' lang='grc' dir='ltr'>ἄλλο</span> <span class='ocrx_word' id='word_1_329' title='bbox 1239 4527 1334 4590; x_wconf 82' lang='grc' dir='ltr'>καὶ</span> <span class='ocrx_word' id='word_1_330' title='bbox 1361 4526 1539 4589; x_wconf 76' lang='grc' dir='ltr'>ἄλλο.</span> <span class='ocrx_word' id='word_1_331' title='bbox 1574 4523 1710 4589; x_wconf 88' lang='grc' dir='ltr'>ἀλλ’</span> <span class='ocrx_word' id='word_1_332' title='bbox 1743 4525 1872 4588; x_wconf 83' lang='grc' dir='ltr'>ἐπεὶ</span> <span class='ocrx_word' id='word_1_333' title='bbox 1903 4525 2160 4588; x_wconf 88' lang='grc' dir='ltr'>καθόλου</span> <span class='ocrx_word' id='word_1_334' title='bbox 2190 4524 2507 4604; x_wconf 80' lang='grc' dir='ltr'>διώρισται,</span> <span class='ocrx_word' id='word_1_335' title='bbox 2538 4523 2601 4585; x_wconf 91' lang='grc' dir='ltr'>τί</span> <span class='ocrx_word' id='word_1_336' title='bbox 2624 4521 2738 4602; x_wconf 86' lang='grc' dir='ltr'>μέν</span> 
     </span>
     <span class='ocr_line' id='line_1_41' title="bbox 1049 4625 2733 4710; baseline -0.002 -17"><span class='ocrx_word' id='word_1_337' title='bbox 1049 4632 1178 4693; x_wconf 90' lang='grc' dir='ltr'>ἐστι</span> <span class='ocrx_word' id='word_1_338' title='bbox 1206 4628 1273 4691; x_wconf 84' lang='grc' dir='ltr'>τὸ</span> <span class='ocrx_word' id='word_1_339' title='bbox 1304 4633 1514 4701; x_wconf 85' lang='grc' dir='ltr'>ποιεῖν,</span> <span class='ocrx_word' id='word_1_340' title='bbox 1546 4629 1607 4692; x_wconf 92' lang='grc' dir='ltr'>τί</span> <span class='ocrx_word' id='word_1_341' title='bbox 1631 4630 1695 4691; x_wconf 76' lang='grc' dir='ltr'>δὲ</span> <span class='ocrx_word' id='word_1_342' title='bbox 1723 4627 1789 4690; x_wconf 86' lang='grc' dir='ltr'>τὸ</span> <span class='ocrx_word' id='word_1_343' title='bbox 1820 4626 2099 4710; x_wconf 86' lang='grc' dir='ltr'>πάσχειν,</span> <span class='ocrx_word' id='word_1_344' title='bbox 2135 4628 2229 4690; x_wconf 86' lang='grc' dir='ltr'>καὶ</span> <span class='ocrx_word' id='word_1_345' title='bbox 2259 4627 2390 4690; x_wconf 86' lang='grc' dir='ltr'>τίνα</span> <span class='ocrx_word' id='word_1_346' title='bbox 2418 4629 2493 4690; x_wconf 75' lang='grc' dir='ltr'>τὰ</span> <span class='ocrx_word' id='word_1_347' title='bbox 2533 4625 2733 4689; x_wconf 83' lang='grc' dir='ltr'>ἑκατέ-</span> 
     </span>
     <span class='ocr_line' id='line_1_42' title="bbox 1046 4729 2738 4814; baseline -0.001 -19"><span class='ocrx_word' id='word_1_348' title='bbox 1046 4758 1151 4814; x_wconf 92' lang='grc' dir='ltr'>ρου</span> <span class='ocrx_word' id='word_1_349' title='bbox 1182 4732 1479 4809; x_wconf 75' lang='grc' dir='ltr'>ἰδιώματα,</span> <span class='ocrx_word' id='word_1_350' title='bbox 1506 4729 1816 4793; x_wconf 81' lang='grc' dir='ltr'>ἐπανιτέον</span> <span class='ocrx_word' id='word_1_351' title='bbox 1835 4730 2052 4794; x_wconf 83' lang='grc' dir='ltr'>λοιπὸν</span> <span class='ocrx_word' id='word_1_352' title='bbox 2081 4730 2178 4792; x_wconf 82' lang='grc' dir='ltr'>ἐπὶ</span> <span class='ocrx_word' id='word_1_353' title='bbox 2208 4729 2274 4792; x_wconf 86' lang='grc' dir='ltr'>τὸ</span> <span class='ocrx_word' id='word_1_354' title='bbox 2304 4729 2738 4810; x_wconf 87' lang='grc' dir='ltr'>διαστήσασθαι</span> 
     </span>
     <span class='ocr_line' id='line_1_43' title="bbox 1048 4831 2733 4915; baseline -0.001 -18"><span class='ocrx_word' id='word_1_355' title='bbox 1048 4838 1122 4898; x_wconf 78' lang='grc' dir='ltr'>τὰ</span> <span class='ocrx_word' id='word_1_356' title='bbox 1166 4835 1288 4911; x_wconf 87' lang='grc' dir='ltr'>εἴδη</span> <span class='ocrx_word' id='word_1_357' title='bbox 1330 4836 1435 4895; x_wconf 89' lang='grc' dir='ltr'>τοῦ</span> <span class='ocrx_word' id='word_1_358' title='bbox 1476 4838 1667 4896; x_wconf 90' lang='grc' dir='ltr'>ποιεῖν</span> <span class='ocrx_word' id='word_1_359' title='bbox 1695 4833 1789 4895; x_wconf 91' lang='grc' dir='ltr'>καὶ</span> <span class='ocrx_word' id='word_1_360' title='bbox 1817 4837 1922 4895; x_wconf 93' lang='grc' dir='ltr'>τοῦ</span> <span class='ocrx_word' id='word_1_361' title='bbox 1949 4831 2225 4915; x_wconf 85' lang='grc' dir='ltr'>πάσχειν.</span> <span class='ocrx_word' id='word_1_362' title='bbox 2273 4834 2355 4895; x_wconf 81' lang='grc' dir='ltr'>ὧν</span> <span class='ocrx_word' id='word_1_363' title='bbox 2385 4831 2733 4915; x_wconf 73' lang='grc' dir='ltr'>ἀφοριζομέ-</span> 
     </span>
     <span class='ocr_line' id='line_1_44' title="bbox 1047 4934 2738 5018; baseline 0 -16"><span class='ocrx_word' id='word_1_364' title='bbox 1047 4962 1166 5003; x_wconf 90' lang='grc' dir='ltr'>νων</span> <span class='ocrx_word' id='word_1_365' title='bbox 1196 4938 1443 5014; x_wconf 79' lang='grc' dir='ltr'>εὔδηλον</span> <span class='ocrx_word' id='word_1_366' title='bbox 1483 4934 1669 5008; x_wconf 84' lang='grc' dir='ltr'>ἔσται,</span> <span class='ocrx_word' id='word_1_367' title='bbox 1701 4936 1836 4998; x_wconf 89' lang='grc' dir='ltr'>τίνα</span> <span class='ocrx_word' id='word_1_368' title='bbox 1877 4935 1981 4998; x_wconf 90' lang='grc' dir='ltr'>οὐκ</span> <span class='ocrx_word' id='word_1_369' title='bbox 2023 4937 2208 5016; x_wconf 86' lang='grc' dir='ltr'>ὀρθῶς</span> <span class='ocrx_word' id='word_1_370' title='bbox 2250 4935 2612 5018; x_wconf 85' lang='grc' dir='ltr'>ἀναφέρεται</span> <span class='ocrx_word' id='word_1_371' title='bbox 2655 4937 2738 5003; x_wconf 78' lang='grc' dir='ltr'>εἷς</span> 
     </span>
    </p>
   </div>
   <div class='ocr_carea' id='block_1_7' title="bbox 2815 820 4521 5019">
    <p class='ocr_par' dir='ltr' id='par_1_7' title="bbox 2815 820 4521 5019">
     <span class='ocr_line' id='line_1_45' title="bbox 2816 820 4506 909; baseline 0.001 -24"><span class='ocrx_word' id='word_1_372' title='bbox 2816 822 3094 904; x_wconf 84' lang='grc' dir='ltr'>διαφοραὶ</span> <span class='ocrx_word' id='word_1_373' title='bbox 3135 826 3307 903; x_wconf 88' lang='grc' dir='ltr'>τρεῖς·</span> <span class='ocrx_word' id='word_1_374' title='bbox 3353 820 3421 884; x_wconf 86' lang='grc' dir='ltr'>τὸ</span> <span class='ocrx_word' id='word_1_375' title='bbox 3468 823 3581 900; x_wconf 77' lang='grc' dir='ltr'>μὲν</span> <span class='ocrx_word' id='word_1_376' title='bbox 3626 820 3740 902; x_wconf 87' lang='grc' dir='ltr'>γάρ</span> <span class='ocrx_word' id='word_1_377' title='bbox 3783 822 3846 883; x_wconf 90' lang='grc' dir='ltr'>τί</span> <span class='ocrx_word' id='word_1_378' title='bbox 3886 821 4052 884; x_wconf 90' lang='grc' dir='ltr'>ἐστιν</span> <span class='ocrx_word' id='word_1_379' title='bbox 4096 821 4274 889; x_wconf 78' lang='grc' dir='ltr'>αὐτᾶς</span> <span class='ocrx_word' id='word_1_380' title='bbox 4316 824 4386 886; x_wconf 92' lang='grc' dir='ltr'>ἐν</span> <span class='ocrx_word' id='word_1_381' title='bbox 4426 827 4506 909; x_wconf 71' lang='grc' dir='ltr'>τῷ</span> 
     </span>
     <span class='ocr_line' id='line_1_46' title="bbox 2816 922 4509 1012; baseline 0.002 -24"><span class='ocrx_word' id='word_1_382' title='bbox 2816 926 3055 1006; x_wconf 77' lang='grc' dir='ltr'>θεωρὲν,</span> <span class='ocrx_word' id='word_1_383' title='bbox 3098 925 3226 987; x_wconf 77' lang='grc' dir='ltr'>οἷον</span> <span class='ocrx_word' id='word_1_384' title='bbox 3268 925 3624 1006; x_wconf 75' lang='grc' dir='ltr'>γεωμετρὲν,</span> <span class='ocrx_word' id='word_1_385' title='bbox 3664 922 4051 1005; x_wconf 85' lang='grc' dir='ltr'>ἀστρονομέν·</span> <span class='ocrx_word' id='word_1_386' title='bbox 4095 925 4163 988; x_wconf 84' lang='grc' dir='ltr'>τὸ</span> <span class='ocrx_word' id='word_1_387' title='bbox 4207 927 4273 989; x_wconf 73' lang='grc' dir='ltr'>δὲ</span> <span class='ocrx_word' id='word_1_388' title='bbox 4318 927 4387 991; x_wconf 87' lang='grc' dir='ltr'>ἐν</span> <span class='ocrx_word' id='word_1_389' title='bbox 4429 930 4509 1012; x_wconf 69' lang='grc' dir='ltr'>τῷ</span> 
     </span>
     <span class='ocr_line' id='line_1_47' title="bbox 2815 1026 4505 1114; baseline 0.003 -25"><span class='ocrx_word' id='word_1_390' title='bbox 2815 1028 3004 1099; x_wconf 77' lang='grc' dir='ltr'>ποιέν,</span> <span class='ocrx_word' id='word_1_391' title='bbox 3037 1027 3167 1089; x_wconf 76' lang='grc' dir='ltr'>οἷον</span> <span class='ocrx_word' id='word_1_392' title='bbox 3204 1026 3459 1109; x_wconf 77' lang='grc' dir='ltr'>ὐγιάζεν,</span> <span class='ocrx_word' id='word_1_393' title='bbox 3490 1027 3814 1104; x_wconf 87' lang='grc' dir='ltr'>τεκταίνεν,</span> <span class='ocrx_word' id='word_1_394' title='bbox 3845 1026 3911 1089; x_wconf 83' lang='grc' dir='ltr'>τὸ</span> <span class='ocrx_word' id='word_1_395' title='bbox 3957 1028 4041 1101; x_wconf 73' lang='grc' dir='ltr'>δὲ,</span> <span class='ocrx_word' id='word_1_396' title='bbox 4087 1030 4155 1092; x_wconf 91' lang='grc' dir='ltr'>ἐν</span> <span class='ocrx_word' id='word_1_397' title='bbox 4193 1033 4271 1114; x_wconf 73' lang='grc' dir='ltr'>τῷ</span> <span class='ocrx_word' id='word_1_398' title='bbox 4315 1029 4505 1111; x_wconf 90' lang='grc' dir='ltr'>πράσ-</span> 
     </span>
     <span class='ocr_line' id='line_1_48' title="bbox 2818 1130 4511 1211; baseline 0.002 -20"><span class='ocrx_word' id='word_1_399' title='bbox 2818 1154 2947 1202; x_wconf 89' lang='grc' dir='ltr'>σεν,</span> <span class='ocrx_word' id='word_1_400' title='bbox 2973 1130 3102 1193; x_wconf 79' lang='grc' dir='ltr'>οἷον</span> <span class='ocrx_word' id='word_1_401' title='bbox 3131 1131 3483 1211; x_wconf 77' lang='grc' dir='ltr'>στραταγὲν,</span> <span class='ocrx_word' id='word_1_402' title='bbox 3515 1130 3950 1193; x_wconf 84' lang='grc' dir='ltr'>πολιτεύεσθαι.</span> <span class='ocrx_word' id='word_1_403' title='bbox 3983 1131 4212 1211; x_wconf 90' lang='grc' dir='ltr'>γίνεται</span> <span class='ocrx_word' id='word_1_404' title='bbox 4239 1132 4304 1195; x_wconf 78' lang='grc' dir='ltr'>δὲ</span> <span class='ocrx_word' id='word_1_405' title='bbox 4333 1133 4373 1194; x_wconf 80' lang='grc' dir='ltr'>ἀ</span> <span class='ocrx_word' id='word_1_406' title='bbox 4399 1135 4511 1211; x_wconf 77' lang='grc' dir='ltr'>μὲν</span> 
     </span>
     <span class='ocr_line' id='line_1_49' title="bbox 2818 1231 4507 1315; baseline 0.003 -21"><span class='ocrx_word' id='word_1_407' title='bbox 2818 1231 3084 1314; x_wconf 88' lang='grc' dir='ltr'>ἐνέργεια</span> <span class='ocrx_word' id='word_1_408' title='bbox 3119 1233 3214 1296; x_wconf 85' lang='grc' dir='ltr'>καὶ</span> <span class='ocrx_word' id='word_1_409' title='bbox 3241 1234 3384 1296; x_wconf 79' lang='grc' dir='ltr'>ἄνευ</span> <span class='ocrx_word' id='word_1_410' title='bbox 3414 1234 3675 1299; x_wconf 87' lang='grc' dir='ltr'>διανοίας</span> <span class='ocrx_word' id='word_1_411' title='bbox 3703 1233 3831 1296; x_wconf 81' lang='grc' dir='ltr'>οἷον</span> <span class='ocrx_word' id='word_1_412' title='bbox 3861 1234 3928 1295; x_wconf 90' lang='grc' dir='ltr'>ἐν</span> <span class='ocrx_word' id='word_1_413' title='bbox 3958 1238 4081 1300; x_wconf 91' lang='grc' dir='ltr'>τοῖς</span> <span class='ocrx_word' id='word_1_414' title='bbox 4119 1235 4363 1315; x_wconf 86' lang='grc' dir='ltr'>ἀλόγοις</span> <span class='ocrx_word' id='word_1_415' title='bbox 4401 1236 4507 1309; x_wconf 80' lang='grc' dir='ltr'>ζώ·</span> 
     </span>
     <span class='ocr_line' id='line_1_50' title="bbox 2818 1334 4508 1417; baseline 0.001 -18"><span class='ocrx_word' id='word_1_416' title='bbox 2818 1362 2925 1414; x_wconf 87' lang='grc' dir='ltr'>οις,</span> <span class='ocrx_word' id='word_1_417' title='bbox 2953 1337 3316 1417; x_wconf 79' lang='grc' dir='ltr'>γενικώτατα</span> <span class='ocrx_word' id='word_1_418' title='bbox 3344 1337 3408 1399; x_wconf 75' lang='grc' dir='ltr'>δὲ</span> <span class='ocrx_word' id='word_1_419' title='bbox 3438 1334 3602 1399; x_wconf 88' lang='grc' dir='ltr'>αὐτά.</span> <span class='ocrx_word' id='word_1_420' title='bbox 3651 1337 3719 1398; x_wconf 89' lang='grc' dir='ltr'>ἐν</span> <span class='ocrx_word' id='word_1_421' title='bbox 3747 1336 3811 1399; x_wconf 75' lang='grc' dir='ltr'>δὲ</span> <span class='ocrx_word' id='word_1_422' title='bbox 3840 1337 4067 1402; x_wconf 81' lang='grc' dir='ltr'>τούτοις</span> <span class='ocrx_word' id='word_1_423' title='bbox 4102 1335 4170 1398; x_wconf 84' lang='grc' dir='ltr'>τὸ</span> <span class='ocrx_word' id='word_1_424' title='bbox 4211 1338 4324 1415; x_wconf 72' lang='grc' dir='ltr'>μὲν</span> <span class='ocrx_word' id='word_1_425' title='bbox 4355 1337 4508 1401; x_wconf 83' lang='grc' dir='ltr'>ἀνω·</span> 
     </span>
     <span class='ocr_line' id='line_1_51' title="bbox 2818 1436 4504 1521; baseline 0.001 -20"><span class='ocrx_word' id='word_1_426' title='bbox 2818 1437 2972 1502; x_wconf 89' lang='grc' dir='ltr'>τάτω</span> <span class='ocrx_word' id='word_1_427' title='bbox 3003 1438 3098 1501; x_wconf 85' lang='grc' dir='ltr'>καὶ</span> <span class='ocrx_word' id='word_1_428' title='bbox 3128 1438 3328 1502; x_wconf 84' lang='grc' dir='ltr'>κοινὸν</span> <span class='ocrx_word' id='word_1_429' title='bbox 3355 1441 3460 1502; x_wconf 92' lang='grc' dir='ltr'>τοῦ</span> <span class='ocrx_word' id='word_1_430' title='bbox 3484 1443 3677 1502; x_wconf 88' lang='grc' dir='ltr'>ποιεῖν</span> <span class='ocrx_word' id='word_1_431' title='bbox 3706 1440 3852 1501; x_wconf 76' lang='grc' dir='ltr'>κατὰ</span> <span class='ocrx_word' id='word_1_432' title='bbox 3880 1441 3988 1518; x_wconf 82' lang='grc' dir='ltr'>τὴν</span> <span class='ocrx_word' id='word_1_433' title='bbox 4018 1436 4326 1521; x_wconf 86' lang='grc' dir='ltr'>ἐνέργειαν</span> <span class='ocrx_word' id='word_1_434' title='bbox 4353 1440 4504 1521; x_wconf 76' lang='grc' dir='ltr'>ἀφο·</span> 
     </span>
     <span class='ocr_line' id='line_1_52' title="bbox 2817 1540 4512 1623; baseline 0.001 -18"><span class='ocrx_word' id='word_1_435' title='bbox 2817 1543 3032 1622; x_wconf 71' lang='grc' dir='ltr'>ρίζεται</span> <span class='ocrx_word' id='word_1_436' title='bbox 3067 1541 3176 1619; x_wconf 80' lang='grc' dir='ltr'>τὴν</span> <span class='ocrx_word' id='word_1_437' title='bbox 3203 1542 3422 1615; x_wconf 76' lang='grc' dir='ltr'>ἅπλῶς,</span> <span class='ocrx_word' id='word_1_438' title='bbox 3452 1541 3577 1619; x_wconf 85' lang='grc' dir='ltr'>ἥτις</span> <span class='ocrx_word' id='word_1_439' title='bbox 3620 1542 3688 1604; x_wconf 90' lang='grc' dir='ltr'>ἐν</span> <span class='ocrx_word' id='word_1_440' title='bbox 3728 1542 3902 1620; x_wconf 80' lang='grc' dir='ltr'>ἑαυτῆ</span> <span class='ocrx_word' id='word_1_441' title='bbox 3947 1541 4275 1623; x_wconf 61' lang='grc' dir='ltr'>συνειληφε</span> <span class='ocrx_word' id='word_1_442' title='bbox 4318 1540 4512 1607; x_wconf 87' lang='grc' dir='ltr'>πάντα</span> 
     </span>
     <span class='ocr_line' id='line_1_53' title="bbox 2820 1642 4506 1725; baseline 0 -18"><span class='ocrx_word' id='word_1_443' title='bbox 2820 1645 3018 1708; x_wconf 82' lang='grc' dir='ltr'>ὁπόσα</span> <span class='ocrx_word' id='word_1_444' title='bbox 3046 1644 3175 1707; x_wconf 81' lang='grc' dir='ltr'>ἐστὶ</span> <span class='ocrx_word' id='word_1_445' title='bbox 3202 1642 3323 1707; x_wconf 89' lang='grc' dir='ltr'>κατ’</span> <span class='ocrx_word' id='word_1_446' title='bbox 3356 1646 3478 1723; x_wconf 87' lang='grc' dir='ltr'>εἴδη</span> <span class='ocrx_word' id='word_1_447' title='bbox 3509 1642 3914 1725; x_wconf 83' lang='grc' dir='ltr'>διακεκριμένα</span> <span class='ocrx_word' id='word_1_448' title='bbox 3944 1642 4312 1724; x_wconf 85' lang='grc' dir='ltr'>ἐνεργήματα</span> <span class='ocrx_word' id='word_1_449' title='bbox 4351 1644 4506 1724; x_wconf 89' lang='grc' dir='ltr'>κινή-</span> 
     </span>
     <span class='ocr_line' id='line_1_54' title="bbox 2822 1744 4513 1829; baseline 0.001 -20"><span class='ocrx_word' id='word_1_450' title='bbox 2822 1772 2974 1813; x_wconf 92' lang='grc' dir='ltr'>σεως</span> <span class='ocrx_word' id='word_1_451' title='bbox 3013 1745 3209 1825; x_wconf 88' lang='grc' dir='ltr'>πάσης</span> <span class='ocrx_word' id='word_1_452' title='bbox 3251 1745 3687 1825; x_wconf 85' lang='grc' dir='ltr'>ἀπολελυμένη,</span> <span class='ocrx_word' id='word_1_453' title='bbox 3723 1746 3818 1810; x_wconf 83' lang='grc' dir='ltr'>καὶ</span> <span class='ocrx_word' id='word_1_454' title='bbox 3855 1744 3923 1809; x_wconf 81' lang='grc' dir='ltr'>τὸ</span> <span class='ocrx_word' id='word_1_455' title='bbox 3966 1745 4255 1824; x_wconf 88' lang='grc' dir='ltr'>κινητικὸν</span> <span class='ocrx_word' id='word_1_456' title='bbox 4287 1747 4513 1829; x_wconf 82' lang='grc' dir='ltr'>ἔχουσα</span> 
     </span>
     <span class='ocr_line' id='line_1_55' title="bbox 2820 1846 4514 1931; baseline 0.001 -18"><span class='ocrx_word' id='word_1_457' title='bbox 2820 1849 3098 1931; x_wconf 89' lang='grc' dir='ltr'>καθαρὸν,</span> <span class='ocrx_word' id='word_1_458' title='bbox 3132 1850 3226 1912; x_wconf 85' lang='grc' dir='ltr'>καὶ</span> <span class='ocrx_word' id='word_1_459' title='bbox 3254 1848 3322 1912; x_wconf 84' lang='grc' dir='ltr'>τὸ</span> <span class='ocrx_word' id='word_1_460' title='bbox 3354 1851 3542 1912; x_wconf 89' lang='grc' dir='ltr'>αἴτιον</span> <span class='ocrx_word' id='word_1_461' title='bbox 3573 1850 3636 1927; x_wconf 71' lang='grc' dir='ltr'>ἐξ</span> <span class='ocrx_word' id='word_1_462' title='bbox 3669 1851 3873 1927; x_wconf 82' lang='grc' dir='ltr'>ἑαυτῆς</span> <span class='ocrx_word' id='word_1_463' title='bbox 3913 1848 4009 1912; x_wconf 85' lang='grc' dir='ltr'>καὶ</span> <span class='ocrx_word' id='word_1_464' title='bbox 4047 1849 4153 1912; x_wconf 87' lang='grc' dir='ltr'>οὐκ</span> <span class='ocrx_word' id='word_1_465' title='bbox 4193 1846 4290 1913; x_wconf 86' lang='grc' dir='ltr'>ἀπ’</span> <span class='ocrx_word' id='word_1_466' title='bbox 4323 1851 4514 1914; x_wconf 72' lang='grc' dir='ltr'>ἄλλου</span> 
     </span>
     <span class='ocr_line' id='line_1_56' title="bbox 2818 1948 4507 2035; baseline 0 -19"><span class='ocrx_word' id='word_1_467' title='bbox 2818 1952 2977 2019; x_wconf 86' lang='grc' dir='ltr'>τινὸς</span> <span class='ocrx_word' id='word_1_468' title='bbox 3018 1951 3529 2035; x_wconf 88' lang='grc' dir='ltr'>προκατάρχοντος</span> <span class='ocrx_word' id='word_1_469' title='bbox 3554 1948 3592 2031; x_wconf 82' lang='grc' dir='ltr'>ἢ</span> <span class='ocrx_word' id='word_1_470' title='bbox 3622 1955 4069 2035; x_wconf 80' lang='grc' dir='ltr'>συνεργοῦντος.</span> <span class='ocrx_word' id='word_1_471' title='bbox 4115 1951 4231 2015; x_wconf 84' lang='grc' dir='ltr'>ἀπὸ</span> <span class='ocrx_word' id='word_1_472' title='bbox 4273 1954 4339 2015; x_wconf 76' lang='grc' dir='ltr'>δὲ</span> <span class='ocrx_word' id='word_1_473' title='bbox 4376 1955 4507 2017; x_wconf 82' lang='grc' dir='ltr'>τού-</span> 
     </span>
     <span class='ocr_line' id='line_1_57' title="bbox 2821 2052 4514 2136; baseline 0.001 -18"><span class='ocrx_word' id='word_1_474' title='bbox 2821 2081 2924 2119; x_wconf 94' lang='grc' dir='ltr'>του</span> <span class='ocrx_word' id='word_1_475' title='bbox 2966 2059 3251 2136; x_wconf 90' lang='grc' dir='ltr'>μεριστῶς</span> <span class='ocrx_word' id='word_1_476' title='bbox 3291 2057 3546 2118; x_wconf 85' lang='grc' dir='ltr'>πλείονα</span> <span class='ocrx_word' id='word_1_477' title='bbox 3587 2057 3859 2136; x_wconf 90' lang='grc' dir='ltr'>πρόεισιν</span> <span class='ocrx_word' id='word_1_478' title='bbox 3903 2056 4026 2134; x_wconf 91' lang='grc' dir='ltr'>εἴδη</span> <span class='ocrx_word' id='word_1_479' title='bbox 4074 2052 4385 2133; x_wconf 87' lang='grc' dir='ltr'>ποιήσεως,</span> <span class='ocrx_word' id='word_1_480' title='bbox 4431 2057 4514 2120; x_wconf 81' lang='grc' dir='ltr'>ῶν</span> 
     </span>
     <span class='ocr_line' id='line_1_58' title="bbox 2820 2154 4509 2242; baseline 0.001 -19"><span class='ocrx_word' id='word_1_481' title='bbox 2820 2159 3054 2241; x_wconf 91' lang='grc' dir='ltr'>πρῶτόν</span> <span class='ocrx_word' id='word_1_482' title='bbox 3084 2159 3213 2221; x_wconf 89' lang='grc' dir='ltr'>ἐστι</span> <span class='ocrx_word' id='word_1_483' title='bbox 3247 2156 3314 2220; x_wconf 86' lang='grc' dir='ltr'>τὸ</span> <span class='ocrx_word' id='word_1_484' title='bbox 3353 2156 3724 2239; x_wconf 66' lang='grc' dir='ltr'>θεωρητικὸν</span> <span class='ocrx_word' id='word_1_485' title='bbox 3745 2154 3948 2223; x_wconf 77' lang='grc' dir='ltr'>ἀΰλοις</span> <span class='ocrx_word' id='word_1_486' title='bbox 3992 2157 4316 2239; x_wconf 82' lang='grc' dir='ltr'>ἐνεργείαις</span> <span class='ocrx_word' id='word_1_487' title='bbox 4351 2161 4509 2242; x_wconf 86' lang='grc' dir='ltr'>χρώ-</span> 
     </span>
     <span class='ocr_line' id='line_1_59' title="bbox 2821 2259 4506 2342; baseline -0.001 -16"><span class='ocrx_word' id='word_1_488' title='bbox 2821 2287 3005 2342; x_wconf 87' lang='grc' dir='ltr'>μενον</span> <span class='ocrx_word' id='word_1_489' title='bbox 3035 2263 3129 2325; x_wconf 86' lang='grc' dir='ltr'>καὶ</span> <span class='ocrx_word' id='word_1_490' title='bbox 3158 2259 3486 2342; x_wconf 86' lang='grc' dir='ltr'>ἀτρέπτοις,</span> <span class='ocrx_word' id='word_1_491' title='bbox 3535 2260 3628 2324; x_wconf 84' lang='grc' dir='ltr'>καὶ</span> <span class='ocrx_word' id='word_1_492' title='bbox 3673 2259 3816 2323; x_wconf 84' lang='grc' dir='ltr'>αὐτὸ</span> <span class='ocrx_word' id='word_1_493' title='bbox 3864 2261 3946 2326; x_wconf 77' lang='grc' dir='ltr'>είς</span> <span class='ocrx_word' id='word_1_494' title='bbox 3986 2260 4241 2322; x_wconf 88' lang='grc' dir='ltr'>πλείονα</span> <span class='ocrx_word' id='word_1_495' title='bbox 4281 2263 4506 2342; x_wconf 73' lang='grc' dir='ltr'>μεριζό-</span> 
     </span>
     <span class='ocr_line' id='line_1_60' title="bbox 2821 2361 4518 2450; baseline -0.001 -22"><span class='ocrx_word' id='word_1_496' title='bbox 2821 2391 2974 2445; x_wconf 90' lang='grc' dir='ltr'>μενα</span> <span class='ocrx_word' id='word_1_497' title='bbox 3005 2368 3144 2444; x_wconf 87' lang='grc' dir='ltr'>εἴδη·</span> <span class='ocrx_word' id='word_1_498' title='bbox 3179 2367 3262 2428; x_wconf 85' lang='grc' dir='ltr'>ὧν</span> <span class='ocrx_word' id='word_1_499' title='bbox 3283 2361 3350 2427; x_wconf 89' lang='grc' dir='ltr'>τὸ</span> <span class='ocrx_word' id='word_1_500' title='bbox 3379 2369 3630 2446; x_wconf 89' lang='grc' dir='ltr'>πρῶτον,</span> <span class='ocrx_word' id='word_1_501' title='bbox 3658 2364 3968 2442; x_wconf 85' lang='grc' dir='ltr'>ὁμώνυμον</span> <span class='ocrx_word' id='word_1_502' title='bbox 4000 2361 4075 2426; x_wconf 80' lang='grc' dir='ltr'>ἂν</span> <span class='ocrx_word' id='word_1_503' title='bbox 4105 2364 4193 2440; x_wconf 90' lang='grc' dir='ltr'>εἴη</span> <span class='ocrx_word' id='word_1_504' title='bbox 4224 2365 4305 2450; x_wconf 72' lang='grc' dir='ltr'>τῷ</span> <span class='ocrx_word' id='word_1_505' title='bbox 4333 2388 4518 2445; x_wconf 89' lang='grc' dir='ltr'>προσ-</span> 
     </span>
     <span class='ocr_line' id='line_1_61' title="bbox 2824 2463 4508 2553; baseline -0.001 -21"><span class='ocrx_word' id='word_1_506' title='bbox 2824 2473 2958 2550; x_wconf 91' lang='grc' dir='ltr'>εχεῖ</span> <span class='ocrx_word' id='word_1_507' title='bbox 2997 2470 3063 2532; x_wconf 90' lang='grc' dir='ltr'>ἐν</span> <span class='ocrx_word' id='word_1_508' title='bbox 3102 2471 3286 2553; x_wconf 74' lang='grc' dir='ltr'>ἑαυτῷ</span> <span class='ocrx_word' id='word_1_509' title='bbox 3330 2466 3512 2549; x_wconf 87' lang='grc' dir='ltr'>γένει,</span> <span class='ocrx_word' id='word_1_510' title='bbox 3545 2463 3895 2547; x_wconf 81' lang='grc' dir='ltr'>θεωρητικὸν</span> <span class='ocrx_word' id='word_1_511' title='bbox 3924 2465 4017 2528; x_wconf 82' lang='grc' dir='ltr'>καὶ</span> <span class='ocrx_word' id='word_1_512' title='bbox 4043 2468 4235 2538; x_wconf 89' lang='grc' dir='ltr'>τοῦτο,</span> <span class='ocrx_word' id='word_1_513' title='bbox 4274 2466 4371 2529; x_wconf 82' lang='grc' dir='ltr'>καὶ</span> <span class='ocrx_word' id='word_1_514' title='bbox 4415 2492 4508 2530; x_wconf 79' lang='lat' dir='ltr'>xv·</span> 
     </span>
     <span class='ocr_line' id='line_1_62' title="bbox 2821 2567 4510 2653; baseline -0.001 -18"><span class='ocrx_word' id='word_1_515' title='bbox 2821 2574 2959 2653; x_wconf 87' lang='grc' dir='ltr'>ρίως</span> <span class='ocrx_word' id='word_1_516' title='bbox 2986 2575 3155 2634; x_wconf 89' lang='grc' dir='ltr'>τοῦτο</span> <span class='ocrx_word' id='word_1_517' title='bbox 3187 2568 3539 2653; x_wconf 79' lang='grc' dir='ltr'>θεωρητικὸν</span> <span class='ocrx_word' id='word_1_518' title='bbox 3567 2572 3956 2649; x_wconf 90' lang='grc' dir='ltr'>καλούμενον·</span> <span class='ocrx_word' id='word_1_519' title='bbox 3988 2572 4159 2630; x_wconf 92' lang='grc' dir='ltr'>τοῦτο</span> <span class='ocrx_word' id='word_1_520' title='bbox 4191 2567 4257 2632; x_wconf 85' lang='grc' dir='ltr'>δέ</span> <span class='ocrx_word' id='word_1_521' title='bbox 4285 2570 4416 2632; x_wconf 89' lang='grc' dir='ltr'>ἐστι</span> <span class='ocrx_word' id='word_1_522' title='bbox 4443 2568 4510 2633; x_wconf 85' lang='grc' dir='ltr'>τὸ</span> 
     </span>
     <span class='ocr_line' id='line_1_63' title="bbox 2823 2671 4509 2756; baseline -0.001 -18"><span class='ocrx_word' id='word_1_523' title='bbox 2823 2675 2957 2756; x_wconf 80' lang='grc' dir='ltr'>περὶ</span> <span class='ocrx_word' id='word_1_524' title='bbox 2999 2680 3116 2738; x_wconf 89' lang='grc' dir='ltr'>τῶν</span> <span class='ocrx_word' id='word_1_525' title='bbox 3147 2680 3369 2754; x_wconf 88' lang='grc' dir='ltr'>νοητῶν</span> <span class='ocrx_word' id='word_1_526' title='bbox 3414 2674 3509 2737; x_wconf 83' lang='grc' dir='ltr'>καὶ</span> <span class='ocrx_word' id='word_1_527' title='bbox 3551 2673 3885 2753; x_wconf 85' lang='grc' dir='ltr'>ἀμερίστων</span> <span class='ocrx_word' id='word_1_528' title='bbox 3911 2671 4130 2734; x_wconf 80' lang='grc' dir='ltr'>οὐσιῶν</span> <span class='ocrx_word' id='word_1_529' title='bbox 4158 2673 4509 2737; x_wconf 84' lang='grc' dir='ltr'>ἐπισκοπού-</span> 
     </span>
     <span class='ocr_line' id='line_1_64' title="bbox 2823 2771 4514 2857; baseline 0.001 -17"><span class='ocrx_word' id='word_1_530' title='bbox 2823 2803 3007 2857; x_wconf 86' lang='grc' dir='ltr'>μενον</span> <span class='ocrx_word' id='word_1_531' title='bbox 3035 2780 3251 2843; x_wconf 79' lang='grc' dir='ltr'>ἁπλαῖς</span> <span class='ocrx_word' id='word_1_532' title='bbox 3296 2775 3598 2857; x_wconf 90' lang='grc' dir='ltr'>νοήσεσιν,</span> <span class='ocrx_word' id='word_1_533' title='bbox 3632 2776 3760 2839; x_wconf 85' lang='grc' dir='ltr'>οἶόν</span> <span class='ocrx_word' id='word_1_534' title='bbox 3790 2775 3920 2838; x_wconf 91' lang='grc' dir='ltr'>ἐστι</span> <span class='ocrx_word' id='word_1_535' title='bbox 3962 2771 4030 2837; x_wconf 81' lang='grc' dir='ltr'>τὸ</span> <span class='ocrx_word' id='word_1_536' title='bbox 4068 2776 4298 2855; x_wconf 90' lang='grc' dir='ltr'>νοερόν·</span> <span class='ocrx_word' id='word_1_537' title='bbox 4347 2780 4514 2841; x_wconf 85' lang='grc' dir='ltr'>τοῦτο</span> 
     </span>
     <span class='ocr_line' id='line_1_65' title="bbox 2826 2878 4516 2963; baseline -0.001 -18"><span class='ocrx_word' id='word_1_538' title='bbox 2826 2884 2889 2945; x_wconf 82' lang='grc' dir='ltr'>δὲ</span> <span class='ocrx_word' id='word_1_539' title='bbox 2918 2884 3178 2963; x_wconf 83' lang='grc' dir='ltr'>παρῆκεν</span> <span class='ocrx_word' id='word_1_540' title='bbox 3207 2882 3240 2943; x_wconf 92' lang='lat'><em>6</em></span> <span class='ocrx_word' id='word_1_541' title='bbox 3268 2879 3584 2963; x_wconf 83' lang='grc' dir='ltr'>Ἀρχύτας,</span> <span class='ocrx_word' id='word_1_542' title='bbox 3619 2878 3805 2941; x_wconf 89' lang='grc' dir='ltr'>καίτοι</span> <span class='ocrx_word' id='word_1_543' title='bbox 3847 2880 3947 2956; x_wconf 83' lang='grc' dir='ltr'>τῆς</span> <span class='ocrx_word' id='word_1_544' title='bbox 3991 2882 4402 2959; x_wconf 81' lang='grc' dir='ltr'>Πυθαγορικῆς</span> <span class='ocrx_word' id='word_1_545' title='bbox 4444 2878 4516 2944; x_wconf 85' lang='grc' dir='ltr'>ὃν</span> 
     </span>
     <span class='ocr_line' id='line_1_66' title="bbox 2826 2976 4512 3064; baseline 0 -17"><span class='ocrx_word' id='word_1_546' title='bbox 2826 2982 3182 3064; x_wconf 88' lang='grc' dir='ltr'>διαιρέσεως,</span> <span class='ocrx_word' id='word_1_547' title='bbox 3215 2986 3310 3047; x_wconf 74' lang='grc' dir='ltr'>διὰ</span> <span class='ocrx_word' id='word_1_548' title='bbox 3348 2980 3415 3046; x_wconf 82' lang='grc' dir='ltr'>τὸ</span> <span class='ocrx_word' id='word_1_549' title='bbox 3457 2979 3603 3063; x_wconf 82' lang='grc' dir='ltr'>πρὸς</span> <span class='ocrx_word' id='word_1_550' title='bbox 3643 2976 4036 3062; x_wconf 80' lang='grc' dir='ltr'>εἰσαγωγικόν</span> <span class='ocrx_word' id='word_1_551' title='bbox 4062 2982 4206 3046; x_wconf 89' lang='grc' dir='ltr'>ἴσως</span> <span class='ocrx_word' id='word_1_552' title='bbox 4247 2982 4512 3062; x_wconf 80' lang='grc' dir='ltr'>ἀσύμμε-</span> 
     </span>
     <span class='ocr_line' id='line_1_67' title="bbox 2825 3080 4517 3169; baseline 0.001 -21"><span class='ocrx_word' id='word_1_553' title='bbox 2825 3111 2966 3169; x_wconf 89' lang='grc' dir='ltr'>τρον</span> <span class='ocrx_word' id='word_1_554' title='bbox 2994 3090 3093 3165; x_wconf 86' lang='grc' dir='ltr'>τῆς</span> <span class='ocrx_word' id='word_1_555' title='bbox 3131 3088 3396 3165; x_wconf 83' lang='grc' dir='ltr'>τοιαύτης</span> <span class='ocrx_word' id='word_1_556' title='bbox 3439 3084 3701 3165; x_wconf 86' lang='grc' dir='ltr'>θεωρίας,</span> <span class='ocrx_word' id='word_1_557' title='bbox 3731 3080 3799 3146; x_wconf 87' lang='grc' dir='ltr'>τὸ</span> <span class='ocrx_word' id='word_1_558' title='bbox 3830 3084 3895 3146; x_wconf 73' lang='grc' dir='ltr'>δὲ</span> <span class='ocrx_word' id='word_1_559' title='bbox 3922 3083 4057 3164; x_wconf 84' lang='grc' dir='ltr'>περὶ</span> <span class='ocrx_word' id='word_1_560' title='bbox 4082 3089 4200 3146; x_wconf 91' lang='grc' dir='ltr'>τῶν</span> <span class='ocrx_word' id='word_1_561' title='bbox 4228 3084 4517 3164; x_wconf 79' lang='grc' dir='ltr'>ἀκινήτων</span> 
     </span>
     <span class='ocr_line' id='line_1_68' title="bbox 2829 3185 4519 3270; baseline -0.002 -17"><span class='ocrx_word' id='word_1_562' title='bbox 2829 3191 2924 3253; x_wconf 79' lang='grc' dir='ltr'>καὶ</span> <span class='ocrx_word' id='word_1_563' title='bbox 2948 3194 3358 3270; x_wconf 87' lang='grc' dir='ltr'>μαθηματικῶν</span> <span class='ocrx_word' id='word_1_564' title='bbox 3380 3189 3598 3252; x_wconf 83' lang='grc' dir='ltr'>οὐσιῶν</span> <span class='ocrx_word' id='word_1_565' title='bbox 3624 3191 3876 3250; x_wconf 88' lang='grc' dir='ltr'>ποιεῖται</span> <span class='ocrx_word' id='word_1_566' title='bbox 3904 3185 4011 3263; x_wconf 77' lang='grc' dir='ltr'>τὴν</span> <span class='ocrx_word' id='word_1_567' title='bbox 4040 3187 4366 3265; x_wconf 87' lang='grc' dir='ltr'>διανόησιν,</span> <span class='ocrx_word' id='word_1_568' title='bbox 4391 3188 4519 3251; x_wconf 81' lang='grc' dir='ltr'>οἶόν</span> 
     </span>
     <span class='ocr_line' id='line_1_69' title="bbox 2827 3287 4521 3376; baseline -0.001 -18"><span class='ocrx_word' id='word_1_569' title='bbox 2827 3296 2957 3359; x_wconf 84' lang='grc' dir='ltr'>ἐστι</span> <span class='ocrx_word' id='word_1_570' title='bbox 2998 3291 3066 3358; x_wconf 83' lang='grc' dir='ltr'>τὸ</span> <span class='ocrx_word' id='word_1_571' title='bbox 3110 3297 3483 3376; x_wconf 85' lang='grc' dir='ltr'>γεωμετρεῖν,</span> <span class='ocrx_word' id='word_1_572' title='bbox 3516 3287 3866 3373; x_wconf 79' lang='grc' dir='ltr'>ὡρισμένως</span> <span class='ocrx_word' id='word_1_573' title='bbox 3897 3289 4029 3368; x_wconf 77' lang='grc' dir='ltr'>μὲν,</span> <span class='ocrx_word' id='word_1_574' title='bbox 4060 3288 4130 3352; x_wconf 89' lang='grc' dir='ltr'>οὐ</span> <span class='ocrx_word' id='word_1_575' title='bbox 4156 3288 4275 3369; x_wconf 78' lang='grc' dir='ltr'>μὴν</span> <span class='ocrx_word' id='word_1_576' title='bbox 4302 3290 4521 3358; x_wconf 80' lang='grc' dir='ltr'>ἁπλαῖς</span> 
     </span>
     <span class='ocr_line' id='line_1_70' title="bbox 2827 3392 4514 3480; baseline -0.002 -20"><span class='ocrx_word' id='word_1_577' title='bbox 2827 3397 2913 3461; x_wconf 82' lang='grc' dir='ltr'>ἔτι</span> <span class='ocrx_word' id='word_1_578' title='bbox 2953 3399 3261 3480; x_wconf 89' lang='grc' dir='ltr'>χρώμενον</span> <span class='ocrx_word' id='word_1_579' title='bbox 3303 3401 3429 3461; x_wconf 89' lang='grc' dir='ltr'>ταῖς</span> <span class='ocrx_word' id='word_1_580' title='bbox 3477 3396 3808 3472; x_wconf 88' lang='grc' dir='ltr'>ἐπιβολαῖς,</span> <span class='ocrx_word' id='word_1_581' title='bbox 3855 3393 4020 3455; x_wconf 75' lang='grc' dir='ltr'>ἀλλὰ</span> <span class='ocrx_word' id='word_1_582' title='bbox 4062 3392 4368 3459; x_wconf 90' lang='grc' dir='ltr'>συνθέτοις</span> <span class='ocrx_word' id='word_1_583' title='bbox 4407 3394 4514 3473; x_wconf 86' lang='grc' dir='ltr'>ἤδη</span> 
     </span>
     <span class='ocr_line' id='line_1_71' title="bbox 2822 3495 4518 3577; baseline -0.002 -13"><span class='ocrx_word' id='word_1_584' title='bbox 2822 3499 2917 3563; x_wconf 84' lang='grc' dir='ltr'>καὶ</span> <span class='ocrx_word' id='word_1_585' title='bbox 2955 3502 3102 3563; x_wconf 75' lang='grc' dir='ltr'>κατὰ</span> <span class='ocrx_word' id='word_1_586' title='bbox 3141 3498 3421 3577; x_wconf 71' lang='grc' dir='ltr'>διέξοδον,</span> <span class='ocrx_word' id='word_1_587' title='bbox 3454 3498 3579 3560; x_wconf 83' lang='grc' dir='ltr'>οἶαι</span> <span class='ocrx_word' id='word_1_588' title='bbox 3617 3499 3718 3575; x_wconf 80' lang='grc' dir='ltr'>τῆς</span> <span class='ocrx_word' id='word_1_589' title='bbox 3762 3498 4017 3577; x_wconf 74' lang='grc' dir='ltr'>καθαρᾶς</span> <span class='ocrx_word' id='word_1_590' title='bbox 4059 3495 4321 3562; x_wconf 82' lang='grc' dir='ltr'>διανοίας</span> <span class='ocrx_word' id='word_1_591' title='bbox 4363 3497 4518 3560; x_wconf 80' lang='grc' dir='ltr'>εἰσὶν</span> 
     </span>
     <span class='ocr_line' id='line_1_72' title="bbox 2826 3595 4516 3684; baseline -0.001 -18"><span class='ocrx_word' id='word_1_592' title='bbox 2826 3604 2888 3666; x_wconf 77' lang='grc' dir='ltr'>αἱ</span> <span class='ocrx_word' id='word_1_593' title='bbox 2919 3600 3229 3684; x_wconf 85' lang='grc' dir='ltr'>ἐνέργειαι·</span> <span class='ocrx_word' id='word_1_594' title='bbox 3271 3602 3469 3682; x_wconf 89' lang='grc' dir='ltr'>τρίτον</span> <span class='ocrx_word' id='word_1_595' title='bbox 3498 3599 3565 3663; x_wconf 87' lang='grc' dir='ltr'>δέ</span> <span class='ocrx_word' id='word_1_596' title='bbox 3596 3601 3763 3663; x_wconf 89' lang='grc' dir='ltr'>ἐστιν</span> <span class='ocrx_word' id='word_1_597' title='bbox 3792 3599 3861 3662; x_wconf 94' lang='grc' dir='ltr'>ἐν</span> <span class='ocrx_word' id='word_1_598' title='bbox 3887 3596 4114 3665; x_wconf 88' lang='grc' dir='ltr'>τούτοις</span> <span class='ocrx_word' id='word_1_599' title='bbox 4140 3595 4208 3662; x_wconf 81' lang='grc' dir='ltr'>τὸ</span> <span class='ocrx_word' id='word_1_600' title='bbox 4236 3599 4372 3681; x_wconf 81' lang='grc' dir='ltr'>περὶ</span> <span class='ocrx_word' id='word_1_601' title='bbox 4399 3606 4516 3664; x_wconf 89' lang='grc' dir='ltr'>τῶν</span> 
     </span>
     <span class='ocr_line' id='line_1_73' title="bbox 2825 3699 4515 3783; baseline -0.001 -14"><span class='ocrx_word' id='word_1_602' title='bbox 2825 3707 3029 3769; x_wconf 82' lang='grc' dir='ltr'>ἀϊδίων</span> <span class='ocrx_word' id='word_1_603' title='bbox 3060 3705 3155 3769; x_wconf 84' lang='grc' dir='ltr'>καὶ</span> <span class='ocrx_word' id='word_1_604' title='bbox 3197 3702 3536 3783; x_wconf 85' lang='grc' dir='ltr'>ἀεικινήτων</span> <span class='ocrx_word' id='word_1_605' title='bbox 3565 3704 3861 3781; x_wconf 78' lang='grc' dir='ltr'>αἰσθητῶν</span> <span class='ocrx_word' id='word_1_606' title='bbox 3888 3700 4130 3780; x_wconf 90' lang='grc' dir='ltr'>οὐσιῶν,</span> <span class='ocrx_word' id='word_1_607' title='bbox 4160 3699 4515 3781; x_wconf 84' lang='grc' dir='ltr'>ποιούμενον</span> 
     </span>
     <span class='ocr_line' id='line_1_74' title="bbox 2824 3804 4512 3889; baseline -0.001 -18"><span class='ocrx_word' id='word_1_608' title='bbox 2824 3807 2932 3886; x_wconf 80' lang='grc' dir='ltr'>τὴν</span> <span class='ocrx_word' id='word_1_609' title='bbox 2960 3809 3228 3889; x_wconf 90' lang='grc' dir='ltr'>θεωρίαν,</span> <span class='ocrx_word' id='word_1_610' title='bbox 3255 3804 3530 3885; x_wconf 84' lang='grc' dir='ltr'>αἰσθήσει</span> <span class='ocrx_word' id='word_1_611' title='bbox 3557 3808 3707 3885; x_wconf 77' lang='grc' dir='ltr'>μετὰ</span> <span class='ocrx_word' id='word_1_612' title='bbox 3732 3808 4029 3887; x_wconf 82' lang='grc' dir='ltr'>λογισμοῦ</span> <span class='ocrx_word' id='word_1_613' title='bbox 4053 3805 4362 3887; x_wconf 86' lang='grc' dir='ltr'>χρώμενον</span> <span class='ocrx_word' id='word_1_614' title='bbox 4384 3807 4512 3870; x_wconf 77' lang='grc' dir='ltr'>οἷόν</span> 
     </span>
     <span class='ocr_line' id='line_1_75' title="bbox 2828 3907 4515 3992; baseline 0.001 -17"><span class='ocrx_word' id='word_1_615' title='bbox 2828 3914 2956 3975; x_wconf 89' lang='grc' dir='ltr'>ἐστι</span> <span class='ocrx_word' id='word_1_616' title='bbox 2998 3907 3066 3974; x_wconf 82' lang='grc' dir='ltr'>τὸ</span> <span class='ocrx_word' id='word_1_617' title='bbox 3111 3912 3519 3992; x_wconf 89' lang='grc' dir='ltr'>ἀστρονομεῖν,</span> <span class='ocrx_word' id='word_1_618' title='bbox 3563 3908 3916 3988; x_wconf 88' lang='grc' dir='ltr'>συμφώνους</span> <span class='ocrx_word' id='word_1_619' title='bbox 3957 3907 4091 3974; x_wconf 78' lang='grc' dir='ltr'>τοὺς</span> <span class='ocrx_word' id='word_1_620' title='bbox 4132 3908 4351 3989; x_wconf 89' lang='grc' dir='ltr'>λόγους</span> <span class='ocrx_word' id='word_1_621' title='bbox 4392 3914 4515 3976; x_wconf 87' lang='grc' dir='ltr'>τοῖς</span> 
     </span>
     <span class='ocr_line' id='line_1_76' title="bbox 2825 4006 4511 4094; baseline -0.008 -16"><span class='ocrx_word' id='word_1_622' title='bbox 2825 4011 3205 4094; x_wconf 91' lang='grc' dir='ltr'>φαινομένοις</span> <span class='ocrx_word' id='word_1_623' title='bbox 3248 4006 3633 4075; x_wconf 89' lang='grc' dir='ltr'>ἐπιδεικνύσν.</span> <span class='ocrx_word' id='word_1_624' title='bbox 3682 4008 3776 4071; x_wconf 90' lang='grc' dir='ltr'>καὶ</span> <span class='ocrx_word' id='word_1_625' title='bbox 3804 4008 4047 4087; x_wconf 83' lang='grc' dir='ltr'>σῦτωςὴ</span> <span class='ocrx_word' id='word_1_626' title='bbox 4076 4009 4189 4086; x_wconf 85' lang='grc' dir='ltr'>ὅλη</span> <span class='ocrx_word' id='word_1_627' title='bbox 4229 4013 4330 4089; x_wconf 79' lang='grc' dir='ltr'>τῆς</span> <span class='ocrx_word' id='word_1_628' title='bbox 4368 4015 4511 4075; x_wconf 68' lang='grc' dir='ltr'>θεω-</span> 
     </span>
     <span class='ocr_line' id='line_1_77' title="bbox 2822 4108 4511 4197; baseline 0 -20"><span class='ocrx_word' id='word_1_629' title='bbox 2822 4117 2954 4197; x_wconf 91' lang='grc' dir='ltr'>ρίας</span> <span class='ocrx_word' id='word_1_630' title='bbox 2997 4114 3267 4197; x_wconf 87' lang='grc' dir='ltr'>ἐνέργεια</span> <span class='ocrx_word' id='word_1_631' title='bbox 3309 4114 3538 4176; x_wconf 80' lang='grc' dir='ltr'>ἄνωθεν</span> <span class='ocrx_word' id='word_1_632' title='bbox 3585 4108 3702 4175; x_wconf 80' lang='grc' dir='ltr'>ἀπὸ</span> <span class='ocrx_word' id='word_1_633' title='bbox 3748 4116 3867 4173; x_wconf 91' lang='grc' dir='ltr'>τῶν</span> <span class='ocrx_word' id='word_1_634' title='bbox 3911 4114 4180 4192; x_wconf 85' lang='grc' dir='ltr'>καθαρῶν</span> <span class='ocrx_word' id='word_1_635' title='bbox 4225 4111 4511 4192; x_wconf 87' lang='grc' dir='ltr'>νοήσεων,</span> 
     </span>
     <span class='ocr_line' id='line_1_78' title="bbox 2827 4213 4518 4298; baseline 0 -17"><span class='ocrx_word' id='word_1_636' title='bbox 2827 4218 2923 4281; x_wconf 84' lang='grc' dir='ltr'>ἐπὶ</span> <span class='ocrx_word' id='word_1_637' title='bbox 2943 4216 3077 4284; x_wconf 81' lang='grc' dir='ltr'>τοὺς</span> <span class='ocrx_word' id='word_1_638' title='bbox 3107 4215 3227 4280; x_wconf 89' lang='grc' dir='ltr'>κατ’</span> <span class='ocrx_word' id='word_1_639' title='bbox 3259 4217 3537 4295; x_wconf 90' lang='grc' dir='ltr'>αἴσθησιν</span> <span class='ocrx_word' id='word_1_640' title='bbox 3568 4213 3987 4296; x_wconf 77' lang='grc' dir='ltr'>διαλογισμοὺς</span> <span class='ocrx_word' id='word_1_641' title='bbox 4012 4221 4325 4298; x_wconf 90' lang='grc' dir='ltr'>προχωρεῖ.</span> <span class='ocrx_word' id='word_1_642' title='bbox 4368 4222 4518 4296; x_wconf 77' lang='grc' dir='ltr'>μετὰ</span> 
     </span>
     <span class='ocr_line' id='line_1_79' title="bbox 2825 4313 4519 4404; baseline -0.001 -20"><span class='ocrx_word' id='word_1_643' title='bbox 2825 4322 2890 4384; x_wconf 77' lang='grc' dir='ltr'>δὲ</span> <span class='ocrx_word' id='word_1_644' title='bbox 2933 4325 3103 4384; x_wconf 89' lang='grc' dir='ltr'>τοῦτο</span> <span class='ocrx_word' id='word_1_645' title='bbox 3144 4316 3212 4382; x_wconf 83' lang='grc' dir='ltr'>τὸ</span> <span class='ocrx_word' id='word_1_646' title='bbox 3257 4317 3408 4384; x_wconf 84' lang='grc' dir='ltr'>εἶδος</span> <span class='ocrx_word' id='word_1_647' title='bbox 3445 4314 3512 4380; x_wconf 84' lang='grc' dir='ltr'>τὸ</span> <span class='ocrx_word' id='word_1_648' title='bbox 3550 4313 3870 4395; x_wconf 82' lang='grc' dir='ltr'>ποιητικὸν,</span> <span class='ocrx_word' id='word_1_649' title='bbox 3903 4318 4212 4397; x_wconf 85' lang='grc' dir='ltr'>ὁμώνυμον</span> <span class='ocrx_word' id='word_1_650' title='bbox 4241 4322 4320 4404; x_wconf 71' lang='grc' dir='ltr'>τῷ</span> <span class='ocrx_word' id='word_1_651' title='bbox 4352 4319 4519 4401; x_wconf 90' lang='grc' dir='ltr'>γένει</span> 
     </span>
     <span class='ocr_line' id='line_1_80' title="bbox 2826 4417 4518 4504; baseline 0.002 -20"><span class='ocrx_word' id='word_1_652' title='bbox 2826 4424 3056 4502; x_wconf 88' lang='grc' dir='ltr'>τίθησιν</span> <span class='ocrx_word' id='word_1_653' title='bbox 3085 4424 3117 4484; x_wconf 93' lang='lat'><em>6</em></span> <span class='ocrx_word' id='word_1_654' title='bbox 3145 4417 3455 4504; x_wconf 86' lang='grc' dir='ltr'>Ἀρχύτας,</span> <span class='ocrx_word' id='word_1_655' title='bbox 3482 4421 3626 4501; x_wconf 82' lang='grc' dir='ltr'>ὅπερ</span> <span class='ocrx_word' id='word_1_656' title='bbox 3657 4422 3725 4483; x_wconf 91' lang='grc' dir='ltr'>ἐν</span> <span class='ocrx_word' id='word_1_657' title='bbox 3751 4423 3830 4504; x_wconf 71' lang='grc' dir='ltr'>τῷ</span> <span class='ocrx_word' id='word_1_658' title='bbox 3862 4422 3944 4486; x_wconf 80' lang='grc' dir='ltr'>εἷς</span> <span class='ocrx_word' id='word_1_659' title='bbox 3970 4419 4078 4498; x_wconf 80' lang='grc' dir='ltr'>τὴν</span> <span class='ocrx_word' id='word_1_660' title='bbox 4107 4421 4319 4485; x_wconf 88' lang='grc' dir='ltr'>οὐσίαν</span> <span class='ocrx_word' id='word_1_661' title='bbox 4348 4423 4518 4504; x_wconf 82' lang='grc' dir='ltr'>ἄγειν</span> 
     </span>
     <span class='ocr_line' id='line_1_81' title="bbox 2821 4517 4514 4605; baseline 0.001 -18"><span class='ocrx_word' id='word_1_662' title='bbox 2821 4527 2896 4588; x_wconf 73' lang='grc' dir='ltr'>τὰ</span> <span class='ocrx_word' id='word_1_663' title='bbox 2936 4523 3172 4604; x_wconf 89' lang='grc' dir='ltr'>μηδέπω</span> <span class='ocrx_word' id='word_1_664' title='bbox 3215 4527 3320 4587; x_wconf 91' lang='grc' dir='ltr'>τοῦ</span> <span class='ocrx_word' id='word_1_665' title='bbox 3364 4521 3515 4587; x_wconf 82' lang='grc' dir='ltr'>εἶναι</span> <span class='ocrx_word' id='word_1_666' title='bbox 3556 4521 3906 4604; x_wconf 87' lang='grc' dir='ltr'>μετέχοντα,</span> <span class='ocrx_word' id='word_1_667' title='bbox 3947 4522 4149 4604; x_wconf 86' lang='grc' dir='ltr'>κυρίως</span> <span class='ocrx_word' id='word_1_668' title='bbox 4191 4517 4514 4605; x_wconf 77' lang='grc' dir='ltr'>ὑφέστηκε.</span> 
     </span>
     <span class='ocr_line' id='line_1_82' title="bbox 2822 4621 4512 4708; baseline -0.001 -18"><span class='ocrx_word' id='word_1_669' title='bbox 2822 4623 3029 4691; x_wconf 84' lang='grc' dir='ltr'>τούτου</span> <span class='ocrx_word' id='word_1_670' title='bbox 3058 4629 3122 4690; x_wconf 72' lang='grc' dir='ltr'>δὲ</span> <span class='ocrx_word' id='word_1_671' title='bbox 3150 4626 3307 4690; x_wconf 83' lang='grc' dir='ltr'>πολὺ</span> <span class='ocrx_word' id='word_1_672' title='bbox 3343 4625 3456 4705; x_wconf 85' lang='grc' dir='ltr'>μέν</span> <span class='ocrx_word' id='word_1_673' title='bbox 3486 4627 3616 4689; x_wconf 88' lang='grc' dir='ltr'>ἐστι</span> <span class='ocrx_word' id='word_1_674' title='bbox 3654 4621 3723 4688; x_wconf 83' lang='grc' dir='ltr'>τὸ</span> <span class='ocrx_word' id='word_1_675' title='bbox 3761 4629 3942 4698; x_wconf 89' lang='grc' dir='ltr'>θεῖον,</span> <span class='ocrx_word' id='word_1_676' title='bbox 3975 4626 4120 4706; x_wconf 85' lang='grc' dir='ltr'>ὅπερ</span> <span class='ocrx_word' id='word_1_677' title='bbox 4152 4627 4221 4689; x_wconf 90' lang='grc' dir='ltr'>ἐν</span> <span class='ocrx_word' id='word_1_678' title='bbox 4248 4631 4321 4707; x_wconf 74' lang='grc' dir='ltr'>τῇ</span> <span class='ocrx_word' id='word_1_679' title='bbox 4351 4632 4512 4708; x_wconf 89' lang='grc' dir='ltr'>δημι-</span> 
     </span>
     <span class='ocr_line' id='line_1_83' title="bbox 2823 4726 4512 4815; baseline -0.002 -21"><span class='ocrx_word' id='word_1_680' title='bbox 2823 4731 3030 4815; x_wconf 75' lang='grc' dir='ltr'>ουργίᾳ</span> <span class='ocrx_word' id='word_1_681' title='bbox 3058 4735 3174 4793; x_wconf 90' lang='grc' dir='ltr'>τῶν</span> <span class='ocrx_word' id='word_1_682' title='bbox 3203 4734 3355 4793; x_wconf 90' lang='grc' dir='ltr'>θεῶν</span> <span class='ocrx_word' id='word_1_683' title='bbox 3383 4727 3739 4811; x_wconf 85' lang='grc' dir='ltr'>περιέχεται·</span> <span class='ocrx_word' id='word_1_684' title='bbox 3785 4726 3942 4791; x_wconf 81' lang='grc' dir='ltr'>πολὺ</span> <span class='ocrx_word' id='word_1_685' title='bbox 3970 4729 4033 4790; x_wconf 81' lang='grc' dir='ltr'>δὲ</span> <span class='ocrx_word' id='word_1_686' title='bbox 4066 4729 4160 4792; x_wconf 85' lang='grc' dir='ltr'>καὶ</span> <span class='ocrx_word' id='word_1_687' title='bbox 4199 4731 4267 4792; x_wconf 88' lang='grc' dir='ltr'>ἐν</span> <span class='ocrx_word' id='word_1_688' title='bbox 4299 4734 4364 4809; x_wconf 80' lang='grc' dir='ltr'>τῇ</span> <span class='ocrx_word' id='word_1_689' title='bbox 4402 4729 4512 4811; x_wconf 81' lang='grc' dir='ltr'>φύ-</span> 
     </span>
     <span class='ocr_line' id='line_1_84' title="bbox 2824 4826 4514 4912; baseline 0 -17"><span class='ocrx_word' id='word_1_690' title='bbox 2824 4858 2920 4897; x_wconf 92' lang='grc' dir='ltr'>σει</span> <span class='ocrx_word' id='word_1_691' title='bbox 2948 4837 3053 4896; x_wconf 91' lang='grc' dir='ltr'>τοῦ</span> <span class='ocrx_word' id='word_1_692' title='bbox 3077 4830 3315 4905; x_wconf 84' lang='grc' dir='ltr'>παντὸς,</span> <span class='ocrx_word' id='word_1_693' title='bbox 3350 4831 3444 4894; x_wconf 84' lang='grc' dir='ltr'>καὶ</span> <span class='ocrx_word' id='word_1_694' title='bbox 3468 4829 3732 4910; x_wconf 89' lang='grc' dir='ltr'>μάλιστα</span> <span class='ocrx_word' id='word_1_695' title='bbox 3769 4826 3887 4893; x_wconf 85' lang='grc' dir='ltr'>ἀπὸ</span> <span class='ocrx_word' id='word_1_696' title='bbox 3918 4833 4023 4893; x_wconf 92' lang='grc' dir='ltr'>τοῦ</span> <span class='ocrx_word' id='word_1_697' title='bbox 4059 4831 4312 4912; x_wconf 87' lang='grc' dir='ltr'>οὐρανοῦ</span> <span class='ocrx_word' id='word_1_698' title='bbox 4340 4837 4514 4912; x_wconf 85' lang='grc' dir='ltr'>καθῆ-</span> 
     </span>
     <span class='ocr_line' id='line_1_85' title="bbox 2825 4931 4514 5019; baseline -0.005 -20"><span class='ocrx_word' id='word_1_699' title='bbox 2825 4961 2929 4999; x_wconf 91' lang='grc' dir='ltr'>κον</span> <span class='ocrx_word' id='word_1_700' title='bbox 2955 4935 3090 5016; x_wconf 87' lang='grc' dir='ltr'>περὶ</span> <span class='ocrx_word' id='word_1_701' title='bbox 3116 4939 3237 4997; x_wconf 78' lang='grc' dir='ltr'>πᾶν</span> <span class='ocrx_word' id='word_1_702' title='bbox 3265 4932 3333 4997; x_wconf 89' lang='grc' dir='ltr'>τὸ</span> <span class='ocrx_word' id='word_1_703' title='bbox 3358 4935 3691 5015; x_wconf 90' lang='grc' dir='ltr'>γινόμενον.</span> <span class='ocrx_word' id='word_1_704' title='bbox 3724 4931 3880 4997; x_wconf 82' lang='grc' dir='ltr'>πολὺ</span> <span class='ocrx_word' id='word_1_705' title='bbox 3908 4933 3973 4994; x_wconf 75' lang='grc' dir='ltr'>δὲ</span> <span class='ocrx_word' id='word_1_706' title='bbox 4003 4933 4098 4996; x_wconf 84' lang='grc' dir='ltr'>καὶ</span> <span class='ocrx_word' id='word_1_707' title='bbox 4128 4935 4196 4996; x_wconf 93' lang='grc' dir='ltr'>ἐν</span> <span class='ocrx_word' id='word_1_708' title='bbox 4225 4939 4349 5001; x_wconf 89' lang='grc' dir='ltr'>ταῖς</span> <span class='ocrx_word' id='word_1_709' title='bbox 4375 4935 4514 5019; x_wconf 86' lang='grc' dir='ltr'>τέχ.</span> 
     </span>
    </p>
   </div>
   <div class='ocr_carea' id='block_1_8' title="bbox 1039 5033 4510 5637">
    <p class='ocr_par' dir='ltr' id='par_1_8' title="bbox 1039 5033 4510 5637">
     <span class='ocr_line' id='line_1_86' title="bbox 1043 5033 4508 5121; baseline -0 -17"><span class='ocrx_word' id='word_1_710' title='bbox 1043 5044 1118 5105; x_wconf 76' lang='grc' dir='ltr'>τὰ</span> <span class='ocrx_word' id='word_1_711' title='bbox 1166 5040 1485 5121; x_wconf 85' lang='grc' dir='ltr'>κυριώτατα</span> <span class='ocrx_word' id='word_1_712' title='bbox 1529 5036 1696 5120; x_wconf 92' lang='grc' dir='ltr'>γένη,</span> <span class='ocrx_word' id='word_1_713' title='bbox 1740 5038 1834 5102; x_wconf 86' lang='grc' dir='ltr'>καὶ</span> <span class='ocrx_word' id='word_1_714' title='bbox 1879 5039 2014 5101; x_wconf 88' lang='grc' dir='ltr'>τίνα</span> <span class='ocrx_word' id='word_1_715' title='bbox 2061 5040 2264 5118; x_wconf 84' lang='grc' dir='ltr'>ὀρθῶς,</span> <span class='ocrx_word' id='word_1_716' title='bbox 2314 5040 2447 5101; x_wconf 87' lang='grc' dir='ltr'>τίνα</span> <span class='ocrx_word' id='word_1_717' title='bbox 2491 5038 2558 5101; x_wconf 88' lang='grc' dir='ltr'>τέ</span> <span class='ocrx_word' id='word_1_718' title='bbox 2605 5041 2733 5102; x_wconf 88' lang='grc' dir='ltr'>ἐστι</span> <span class='ocrx_word' id='word_1_719' title='bbox 2820 5063 2946 5104; x_wconf 90' lang='grc' dir='ltr'>ναις</span> <span class='ocrx_word' id='word_1_720' title='bbox 2972 5035 3353 5116; x_wconf 86' lang='grc' dir='ltr'>μιμουμέναις</span> <span class='ocrx_word' id='word_1_721' title='bbox 3379 5035 3486 5114; x_wconf 78' lang='grc' dir='ltr'>τὴν</span> <span class='ocrx_word' id='word_1_722' title='bbox 3516 5033 3721 5117; x_wconf 84' lang='grc' dir='ltr'>φύσιν,</span> <span class='ocrx_word' id='word_1_723' title='bbox 3756 5034 3850 5099; x_wconf 88' lang='grc' dir='ltr'>καὶ</span> <span class='ocrx_word' id='word_1_724' title='bbox 3889 5034 3956 5098; x_wconf 88' lang='grc' dir='ltr'>τὸ</span> <span class='ocrx_word' id='word_1_725' title='bbox 3991 5039 4508 5118; x_wconf 83' lang='grc' dir='ltr'>παραλειπόμενον</span> 
     </span>
     <span class='ocr_line' id='line_1_87' title="bbox 1044 5133 4510 5224; baseline -0 -18"><span class='ocrx_word' id='word_1_726' title='bbox 1044 5146 1334 5224; x_wconf 86' lang='grc' dir='ltr'>σύμμικτα</span> <span class='ocrx_word' id='word_1_727' title='bbox 1363 5139 1451 5205; x_wconf 90' lang='grc' dir='ltr'>ἐπ’</span> <span class='ocrx_word' id='word_1_728' title='bbox 1485 5140 1854 5222; x_wconf 86' lang='grc' dir='ltr'>ἀμφοτέρων,</span> <span class='ocrx_word' id='word_1_729' title='bbox 1890 5140 1982 5203; x_wconf 85' lang='grc' dir='ltr'>καὶ</span> <span class='ocrx_word' id='word_1_730' title='bbox 2010 5141 2143 5203; x_wconf 90' lang='grc' dir='ltr'>τίνα</span> <span class='ocrx_word' id='word_1_731' title='bbox 2172 5143 2374 5206; x_wconf 81' lang='grc' dir='ltr'>ἅπλῶς</span> <span class='ocrx_word' id='word_1_732' title='bbox 2404 5143 2486 5207; x_wconf 82' lang='grc' dir='ltr'>εἰς</span> <span class='ocrx_word' id='word_1_733' title='bbox 2513 5140 2581 5204; x_wconf 81' lang='grc' dir='ltr'>τὸ</span> <span class='ocrx_word' id='word_1_734' title='bbox 2612 5142 2732 5204; x_wconf 85' lang='grc' dir='ltr'>ἔτε-</span> <span class='ocrx_word' id='word_1_735' title='bbox 2816 5138 2911 5204; x_wconf 86' lang='grc' dir='ltr'>ὑπ’</span> <span class='ocrx_word' id='word_1_736' title='bbox 2937 5141 3136 5207; x_wconf 85' lang='grc' dir='ltr'>αὐταῖς</span> <span class='ocrx_word' id='word_1_737' title='bbox 3167 5140 3236 5220; x_wconf 77' lang='lat'>(⁸⁸=</span> <span class='ocrx_word' id='word_1_738' title='bbox 3249 5139 3449 5223; x_wconf 79' lang='grc' dir='ltr'>αὐτῆς)</span> <span class='ocrx_word' id='word_1_739' title='bbox 3481 5133 3979 5219; x_wconf 87' lang='grc' dir='ltr'>ἀναπληρσύσαις·</span> <span class='ocrx_word' id='word_1_740' title='bbox 4014 5138 4089 5205; x_wconf 79' lang='grc' dir='ltr'>ὡς</span> <span class='ocrx_word' id='word_1_741' title='bbox 4118 5142 4231 5221; x_wconf 78' lang='grc' dir='ltr'>γᾶρ</span> <span class='ocrx_word' id='word_1_742' title='bbox 4263 5140 4300 5218; x_wconf 83' lang='grc' dir='ltr'>ἡ</span> <span class='ocrx_word' id='word_1_743' title='bbox 4328 5138 4510 5222; x_wconf 84' lang='grc' dir='ltr'>φύσις</span> 
     </span>
     <span class='ocr_line' id='line_1_88' title="bbox 1039 5241 4504 5330; baseline -0.001 -18"><span class='ocrx_word' id='word_1_744' title='bbox 1039 5274 1149 5330; x_wconf 93' lang='grc' dir='ltr'>ρον</span> <span class='ocrx_word' id='word_1_745' title='bbox 1193 5242 1573 5327; x_wconf 83' lang='grc' dir='ltr'>ἀναφέρεται.</span> <span class='ocrx_word' id='word_1_746' title='bbox 1622 5242 1724 5325; x_wconf 85' lang='grc' dir='ltr'>ἀφ’</span> <span class='ocrx_word' id='word_1_747' title='bbox 1767 5244 1850 5306; x_wconf 84' lang='grc' dir='ltr'>ὦν</span> <span class='ocrx_word' id='word_1_748' title='bbox 1893 5243 1989 5306; x_wconf 82' lang='grc' dir='ltr'>καὶ</span> <span class='ocrx_word' id='word_1_749' title='bbox 2031 5245 2105 5306; x_wconf 73' lang='grc' dir='ltr'>τὰ</span> <span class='ocrx_word' id='word_1_750' title='bbox 2151 5244 2466 5306; x_wconf 87' lang='grc' dir='ltr'>Πλωτίνου</span> <span class='ocrx_word' id='word_1_751' title='bbox 2512 5244 2731 5322; x_wconf 79' lang='grc' dir='ltr'>εὔδηλα</span> <span class='ocrx_word' id='word_1_752' title='bbox 2814 5241 2883 5307; x_wconf 83' lang='grc' dir='ltr'>τὸ</span> <span class='ocrx_word' id='word_1_753' title='bbox 2917 5248 3019 5323; x_wconf 84' lang='grc' dir='ltr'>τῆς</span> <span class='ocrx_word' id='word_1_754' title='bbox 3053 5243 3256 5324; x_wconf 82' lang='grc' dir='ltr'>ὑγείας</span> <span class='ocrx_word' id='word_1_755' title='bbox 3301 5242 3451 5308; x_wconf 86' lang='grc' dir='ltr'>εἶδος</span> <span class='ocrx_word' id='word_1_756' title='bbox 3490 5243 3557 5305; x_wconf 90' lang='grc' dir='ltr'>ἐν</span> <span class='ocrx_word' id='word_1_757' title='bbox 3585 5246 3705 5307; x_wconf 89' lang='grc' dir='ltr'>τοῖς</span> <span class='ocrx_word' id='word_1_758' title='bbox 3748 5241 4021 5319; x_wconf 87' lang='grc' dir='ltr'>σώμασιν</span> <span class='ocrx_word' id='word_1_759' title='bbox 4053 5242 4370 5320; x_wconf 87' lang='grc' dir='ltr'>ἐντίθησιν,</span> <span class='ocrx_word' id='word_1_760' title='bbox 4403 5247 4504 5308; x_wconf 88' lang='grc' dir='ltr'>οὕ-</span> 
     </span>
     <span class='ocr_line' id='line_1_89' title="bbox 1045 5342 4510 5433; baseline -0.002 -19"><span class='ocrx_word' id='word_1_761' title='bbox 1045 5356 1318 5433; x_wconf 91' lang='grc' dir='ltr'>φανεῖται</span> <span class='ocrx_word' id='word_1_762' title='bbox 1348 5350 1401 5411; x_wconf 81' lang='grc' dir='ltr'>εἰ</span> <span class='ocrx_word' id='word_1_763' title='bbox 1429 5348 1612 5428; x_wconf 88' lang='grc' dir='ltr'>ὀρθῶς</span> <span class='ocrx_word' id='word_1_764' title='bbox 1637 5345 1947 5409; x_wconf 83' lang='grc' dir='ltr'>ὑπστάττει</span> <span class='ocrx_word' id='word_1_765' title='bbox 1982 5348 2116 5408; x_wconf 80' lang='grc' dir='ltr'>τινὰ</span> <span class='ocrx_word' id='word_1_766' title='bbox 2152 5344 2265 5409; x_wconf 82' lang='grc' dir='ltr'>ὑπὸ</span> <span class='ocrx_word' id='word_1_767' title='bbox 2293 5343 2361 5407; x_wconf 83' lang='grc' dir='ltr'>τὸ</span> <span class='ocrx_word' id='word_1_768' title='bbox 2390 5352 2602 5419; x_wconf 88' lang='grc' dir='ltr'>ποιεῖν,</span> <span class='ocrx_word' id='word_1_769' title='bbox 2637 5347 2731 5410; x_wconf 81' lang='grc' dir='ltr'>καὶ</span> <span class='ocrx_word' id='word_1_770' title='bbox 2813 5372 2925 5412; x_wconf 91' lang='grc' dir='ltr'>τως</span> <span class='ocrx_word' id='word_1_771' title='bbox 2969 5346 3062 5409; x_wconf 84' lang='grc' dir='ltr'>καὶ</span> <span class='ocrx_word' id='word_1_772' title='bbox 3103 5347 3135 5408; x_wconf 95' lang='lat'><em>6</em></span> <span class='ocrx_word' id='word_1_773' title='bbox 3182 5342 3373 5427; x_wconf 81' lang='grc' dir='ltr'>ἰατρὸς</span> <span class='ocrx_word' id='word_1_774' title='bbox 3414 5347 3480 5408; x_wconf 90' lang='grc' dir='ltr'>ἐν</span> <span class='ocrx_word' id='word_1_775' title='bbox 3516 5347 3594 5430; x_wconf 72' lang='grc' dir='ltr'>τῷ</span> <span class='ocrx_word' id='word_1_776' title='bbox 3634 5342 3892 5426; x_wconf 73' lang='grc' dir='ltr'>ὑγιάζειν</span> <span class='ocrx_word' id='word_1_777' title='bbox 3930 5344 4219 5419; x_wconf 74' lang='grc' dir='ltr'>ἀνασώζει</span> <span class='ocrx_word' id='word_1_778' title='bbox 4262 5344 4370 5424; x_wconf 81' lang='grc' dir='ltr'>τὴν</span> <span class='ocrx_word' id='word_1_779' title='bbox 4408 5351 4510 5426; x_wconf 76' lang='grc' dir='ltr'>τῆς</span> 
     </span>
     <span class='ocr_line' id='line_1_90' title="bbox 1043 5445 4509 5535; baseline -0.001 -19"><span class='ocrx_word' id='word_1_780' title='bbox 1043 5453 1157 5535; x_wconf 84' lang='grc' dir='ltr'>οὐχ</span> <span class='ocrx_word' id='word_1_781' title='bbox 1181 5450 1506 5515; x_wconf 83' lang='grc' dir='ltr'>ὐποτάττει.</span> <span class='ocrx_word' id='word_1_782' title='bbox 1556 5453 1672 5512; x_wconf 85' lang='grc' dir='ltr'>Δεῖ</span> <span class='ocrx_word' id='word_1_783' title='bbox 1698 5449 1761 5512; x_wconf 75' lang='grc' dir='ltr'>δὲ</span> <span class='ocrx_word' id='word_1_784' title='bbox 1793 5449 2088 5512; x_wconf 87' lang='grc' dir='ltr'>κάνταῦθα</span> <span class='ocrx_word' id='word_1_785' title='bbox 2114 5447 2221 5525; x_wconf 79' lang='grc' dir='ltr'>τὴν</span> <span class='ocrx_word' id='word_1_786' title='bbox 2246 5446 2509 5530; x_wconf 90' lang='grc' dir='ltr'>Ἀρχύτα</span> <span class='ocrx_word' id='word_1_787' title='bbox 2537 5473 2725 5530; x_wconf 81' lang='grc' dir='ltr'>παρα·</span> <span class='ocrx_word' id='word_1_788' title='bbox 2816 5446 3053 5531; x_wconf 86' lang='grc' dir='ltr'>φύσεως</span> <span class='ocrx_word' id='word_1_789' title='bbox 3090 5450 3432 5527; x_wconf 88' lang='grc' dir='ltr'>τελειότητα</span> <span class='ocrx_word' id='word_1_790' title='bbox 3474 5449 3540 5510; x_wconf 88' lang='grc' dir='ltr'>ἐν</span> <span class='ocrx_word' id='word_1_791' title='bbox 3568 5452 3689 5512; x_wconf 91' lang='grc' dir='ltr'>τοῖς</span> <span class='ocrx_word' id='word_1_792' title='bbox 3729 5447 3983 5523; x_wconf 89' lang='grc' dir='ltr'>σώμασι·</span> <span class='ocrx_word' id='word_1_793' title='bbox 4033 5445 4126 5508; x_wconf 87' lang='grc' dir='ltr'>καὶ</span> <span class='ocrx_word' id='word_1_794' title='bbox 4156 5447 4232 5513; x_wconf 82' lang='grc' dir='ltr'>ὡς</span> <span class='ocrx_word' id='word_1_795' title='bbox 4259 5447 4294 5525; x_wconf 86' lang='grc' dir='ltr'>ἡ</span> <span class='ocrx_word' id='word_1_796' title='bbox 4325 5445 4509 5529; x_wconf 85' lang='grc' dir='ltr'>φύσις</span> 
     </span>
     <span class='ocr_line' id='line_1_91' title="bbox 1045 5547 4509 5637; baseline -0.001 -18"><span class='ocrx_word' id='word_1_797' title='bbox 1045 5554 1253 5619; x_wconf 88' lang='grc' dir='ltr'>θέσθαι</span> <span class='ocrx_word' id='word_1_798' title='bbox 1281 5557 1384 5616; x_wconf 90' lang='grc' dir='ltr'>τοῦ</span> <span class='ocrx_word' id='word_1_799' title='bbox 1412 5557 1604 5617; x_wconf 90' lang='grc' dir='ltr'>ποιεῖν</span> <span class='ocrx_word' id='word_1_800' title='bbox 1634 5552 1920 5633; x_wconf 90' lang='grc' dir='ltr'>διαίρεσιν</span> <span class='ocrx_word' id='word_1_801' title='bbox 1947 5550 2233 5634; x_wconf 88' lang='grc' dir='ltr'>λέγοντος</span> <span class='ocrx_word' id='word_1_802' title='bbox 2276 5554 2472 5618; x_wconf 83' lang='grc' dir='ltr'>οὕτως.</span> <span class='ocrx_word' id='word_1_803' title='bbox 2520 5555 2620 5637; x_wconf 75' lang='grc' dir='ltr'>Τῷ</span> <span class='ocrx_word' id='word_1_804' title='bbox 2666 5555 2728 5616; x_wconf 81' lang='grc' dir='ltr'>δὲ</span> <span class='ocrx_word' id='word_1_805' title='bbox 2816 5554 2999 5633; x_wconf 84' lang='grc' dir='ltr'>ἄντρα</span> <span class='ocrx_word' id='word_1_806' title='bbox 3026 5577 3092 5617; x_wconf 92' lang='grc' dir='ltr'>τε</span> <span class='ocrx_word' id='word_1_807' title='bbox 3128 5552 3222 5614; x_wconf 88' lang='grc' dir='ltr'>καὶ</span> <span class='ocrx_word' id='word_1_808' title='bbox 3253 5552 3516 5632; x_wconf 83' lang='grc' dir='ltr'>αὐτοφυῆ</span> <span class='ocrx_word' id='word_1_809' title='bbox 3558 5547 3970 5630; x_wconf 84' lang='grc' dir='ltr'>περιβλήματα</span> <span class='ocrx_word' id='word_1_810' title='bbox 4011 5547 4341 5629; x_wconf 84' lang='grc' dir='ltr'>περιέβαλε</span> <span class='ocrx_word' id='word_1_811' title='bbox 4385 5557 4509 5620; x_wconf 85' lang='grc' dir='ltr'>τοῖς</span> 
     </span>
    </p>
   </div>
  </div>
 </body>
</html>
