5118 6613
1399 529 1603 594 LIB.
1640 529 1697 594 1.
1745 528 2210 594 ENNEAD.
2259 528 2652 594 SEXTAE.
2701 553 2767 618 p.
2805 531 3250 618 1049—1058.

583 702 819 771 stotelis
875 705 1138 791 Categg.
1202 702 1534 789 desumpta
1592 718 1758 767 sunt.
1859 702 1959 766 Cf.
2010 702 2123 766 IV.
2177 719 2276 765 12.

585 806 774 887 Quod
820 804 1007 871 semel
1051 805 1362 871 monuisse
1405 805 1691 885 sufficiat,
1724 829 1803 870 ne
1833 827 2121 893 magnam
2155 807 2279 869 Ca-

583 909 963 998 tegoriarum
1009 908 1201 973 libelli
1236 923 1477 995 partem
1522 908 1586 972 in
1634 925 1872 973 nostras
1903 907 2278 973 Annotatio-

583 1037 690 1078 nes
724 1012 1057 1079 transferre
1086 1035 1402 1098 cogamur.

668 1140 735 1205 p.
768 1135 956 1202 1052,
994 1137 1051 1181 1.
1094 1114 1183 1180 Τὸ
1229 1118 1293 1179 δὲ
1338 1113 1487 1199 πρός
1534 1142 1591 1180 τι
1638 1144 1687 1180 κ.
1712 1141 1762 1178 τ.
1783 1115 1880 1203 λ.]
1932 1112 2285 1178 Aristotelis

587 1222 854 1307 Categg.
892 1219 967 1283 V.
1005 1239 1031 1282 1
1061 1244 1076 1283 ε
1126 1217 1291 1300 Πρός
1318 1245 1373 1283 τι
1403 1221 1468 1283 δὲ
1495 1221 1570 1283 τὰ
1597 1222 1838 1282 τοιαῦτα
1866 1218 2130 1300 λέγεται,
2163 1218 2285 1282 ὅσα

583 1324 750 1397 αὐτά,
784 1323 935 1406 άπερ
983 1324 1171 1395 ἐστιν,
1206 1323 1423 1405 ἑτέρων
1454 1322 1605 1387 εἶναι
1646 1322 1909 1405 λέγεται,
1940 1319 1977 1400 ἢ
2007 1323 2284 1385 ὁπωσοῦν

587 1428 790 1494 ἄλλως
817 1424 963 1508 πρὸς
993 1426 1217 1508 ἕτερον.

666 1552 734 1616 p.
767 1547 954 1615 1053,
988 1549 1090 1594 10.
1133 1531 1227 1593 καὶ
1257 1529 1354 1594 ἐπὶ
1383 1527 1702 1595 διαθέσεως
1745 1529 2040 1595 ὡσαύτως·
2089 1528 2152 1590 τί
2176 1527 2284 1590 οὐν

584 1631 660 1696 ἂν
688 1635 776 1711 εἴη
806 1634 966 1715 παρὰ
994 1636 1179 1697 ταῦτα
1204 1635 1279 1696 τᾶ
1308 1629 1453 1713 πρὸς
1480 1632 1741 1711 ἄλληλα,
1773 1627 1809 1709 ἢ
1839 1630 2000 1709 ἡμῶν
2028 1628 2136 1709 τὴν
2164 1655 2276 1693 πα·

583 1734 830 1818 ράθεσιν
860 1737 1192 1809 νοούντωνς
1239 1733 1307 1798 τὸ
1352 1733 1401 1798 δ’
1431 1733 1726 1817 ὑπερέχον
1764 1730 1831 1797 τὸ
1874 1734 1987 1812 μὲν
2029 1729 2281 1796 τοσόνδε

583 1836 952 1920 μέγεθος-ὁ
993 1840 1058 1902 δὲ
1098 1834 1438 1917 δεξιὸς-τό
1482 1835 1677 1915 δεξιὸν
1717 1837 1813 1899 καὶ
1855 1832 1923 1899 τὸ
1968 1832 2282 1916 ἀριστερὸν

586 1940 963 2027 ἐνοήσαμεν.]
1045 1942 1148 2005 Ita
1200 1939 1505 2004 Codicum
1561 1950 1915 2003 nostrorum
1967 1961 2085 2024 ope
2138 1959 2278 2001 cum

590 2042 810 2106 Ficino
838 2042 1009 2108 hunc
1037 2041 1240 2107 locum
1277 2040 1727 2128 integi-avimus
1769 2055 1834 2105 et
1874 2038 2278 2104 correximus.

586 2147 893 2210 Extrema
923 2146 1110 2233 hujus
1138 2145 1395 2233 capitis:
1444 2142 1512 2209 τὸ
1556 2147 1621 2209 δὲ
1665 2143 1954 2227 πρότερον
1984 2144 2079 2208 καὶ
2105 2146 2278 2207 ὕστε-

584 2274 692 2331 ρον
733 2249 897 2329 ἡμεῖς
939 2251 1218 2317 ὡσαύτως
1260 2248 1542 2336 proxime
1572 2247 1864 2313 videntur
1893 2246 1974 2311 ad
2003 2270 2077 2311 ea
2104 2269 2276 2310 acce·

582 2350 751 2428 dere,
781 2374 927 2438 quae
971 2350 1199 2416 recenti
1230 2351 1527 2416 memoria
1557 2349 2094 2437 Regiomontanus
2137 2347 2277 2435 phi-

589 2452 885 2541 losophus
917 2454 1189 2518 Kantius
1218 2454 1280 2517 in
1313 2478 1387 2518 eo
1417 2453 1551 2519 loco
1583 2452 1864 2531 Critices‚
1893 2475 2079 2539 quem
2114 2466 2280 2515 tran-

589 2556 1042 2621 scendentalem
1090 2556 1502 2622 AEstheticam
1557 2555 1915 2643 appellavit,
1960 2555 2040 2619 de
2086 2555 2280 2618 Tem-

587 2682 739 2747 pore
782 2674 845 2725 et
893 2660 1109 2747 Spatio
1151 2677 1445 2747 tanquam
1492 2658 1708 2724 formis
1750 2655 2284 2745 contemplaQis

587 2778 812 2828 nostroe
845 2766 1146 2844 (Formen
1181 2786 1435 2827 unser-er
1459 2762 1917 2849 Anschauung)
1950 2760 2257 2848 exposuit.

669 2889 734 2953 p.
774 2885 956 2951 1055,
998 2883 1091 2951 15.
1138 2864 1360 2948 πατρὸς
1399 2862 2072 2944 ἀπελθόντος-ὅμοιος
2121 2863 2292 2927 οὗτος

584 2972 663 3054 τῷ
706 2969 1038 3053 τεθνηκότι]
1092 2970 1299 3056 Supra
1338 2970 1396 3034 I.
1428 2992 1489 3049 4.
1522 2984 1581 3052 7.
1629 2991 1690 3056 p.
1724 2987 1826 3052 34.
1862 2969 1938 3033 F.
1997 2967 2285 3030 ἀπελθεῖν

586 3070 666 3134 de
697 3087 894 3135 morte
922 3070 1274 3135 voluntaria
1315 3072 1526 3158 posuit
1559 3069 1867 3135 PlotinuS.
1962 3070 2106 3133 Hoc
2149 3067 2285 3131 loco

587 3172 944 3260 simpliciter
972 3189 1065 3238 est
1093 3176 1278 3251 mori,
1313 3190 1383 3237 ut
1428 3171 1600 3260 apud
1631 3172 1898 3258 Diogen.
1935 3171 2149 3235 La‘ert.
2184 3171 2280 3233 11.

589 3278 629 3342 6
655 3301 669 3341 ε
729 3276 1072 3360 Σωκράτους
1119 3276 1166 3342 δ’
1218 3274 1585 3345 ἀπελθόντος
1634 3276 1743 3357 (cf.
1798 3279 2035 3339 Annot.
2089 3288 2279 3340 nostr.

587 3402 776 3468 supra
802 3381 867 3443 in
900 3382 957 3445 Ι.
990 3403 1050 3461 4.
1087 3401 1148 3463 7.
1197 3404 1259 3468 p.
1291 3400 1400 3466 34.
1432 3380 1545 3458 D„
1578 3403 1694 3467 pro
1722 3403 1853 3467 quo
1879 3377 2062 3442 etiam
2095 3379 2280 3442 ἀπελ-

589 3487 715 3548 θεῖν
743 3482 841 3548 vel
870 3483 1106 3548 ἀπιέναι
1153 3487 1235 3551 εἰς
1281 3481 1349 3548 τὸ
1395 3484 1592 3567 χρεὼν
1621 3496 1928 3570 usurpant
1956 3480 2284 3568 scriptores

594 3586 765 3668 (vid.
798 3586 1249 3674 Wyttenbach.
1280 3588 1357 3651 ad
1395 3586 1711 3651 Plutarch.
1744 3584 2058 3651 Consolat.
2095 3584 2282 3671 Apol-

586 3687 711 3754 lon.
757 3713 819 3777 p.
856 3709 1003 3775 753.
1033 3694 1156 3777 sq.)
1205 3707 1268 3755 et
1312 3692 1598 3755 ἀπελθεῖν
1627 3692 1690 3769 ἐξ
1720 3690 2043 3771 ἀνθρώπων
2087 3687 2278 3775 Diog.

588 3793 801 3858 Lae'rt.
830 3794 989 3859 VII.
1032 3795 1170 3876 184.
1202 3793 1283 3858 cf.
1314 3794 1583 3879 Baguet.
1617 3792 1697 3856 ad
1732 3789 2072 3878 Chrysippi
2102 3788 2277 3854 Reli-

587 3896 767 3982 quias
792 3919 861 3984 p.
881 3917 992 3983 39.
1024 3920 1114 3984 sq.
1150 3911 1277 3960 not.
1299 3899 1402 3981 69.

656 4023 717 4087 p.
750 4003 931 4086 1056,
950 4020 1015 4081 4.
1037 3999 1170 4083 'Ap'
1192 4002 1299 4065 οὖν
1326 4003 1430 4067 τὰς
1455 3997 1700 4083 σχέσεις
1726 3999 1906 4078 ταύτῃ
1938 3996 2279 4079 διαιρετέον,

585 4100 654 4191 ᾖ]
684 4104 789 4175 Ita
815 4127 894 4168 ex
926 4103 1097 4168 libris
1125 4127 1268 4168 cum
1295 4102 1514 4168 Ficino
1544 4101 1934 4188 reposuimus
1964 4123 2077 4185 pro
2106 4098 2286 4181 ἀρ’-

584 4206 639 4286 ἥ.
738 4207 919 4272 Idem
971 4206 1277 4294 interpres
1326 4229 1472 4270 mox
1520 4227 1642 4268 non
1695 4202 1997 4290 expressit
2042 4207 2286 4284 θεωρεῖν

584 4326 727 4397 post
757 4310 1049 4391 κειμένην,
1073 4309 1270 4398 igitur
1296 4310 1358 4373 in
1393 4309 1670 4373 versione
1698 4305 2040 4395 adjecimus
2066 4306 2124 4368 .τί
2145 4326 2286 4367 con.

586 4414 922 4502 templeris.
1014 4413 1259 4478 Deinde
1288 4435 1432 4477 cum
1464 4411 1680 4477 eodem
1713 4409 1934 4474 Ficino
1967 4432 2045 4472 ex
2075 4406 2281 4472 Codd·

586 4515 910 4582 dedimus:
958 4521 1033 4582 τὸ
1060 4515 1246 4597 δὲ-νῆ
1277 4518 1377 4582 ἀεί
1398 4542 1520 4583 πως
1554 4521 1695 4603 (pro
1721 4511 1895 4598 πρὸς)
1928 4513 2036 4592 τὴν
2065 4510 2285 4594 σχέσιν

587 4622 684 4686 καὶ
713 4621 840 4705 εἶχε
871 4621 966 4686 καὶ
993 4619 1107 4703 πρὸ
1137 4624 1241 4685 τοῦ
1273 4623 1419 4708 (pro
1446 4617 1620 4701 πρὸς)
1652 4618 1760 4697 τὴν
1790 4613 2156 4696 ἑτοιμότητα.

697 4758 780 4773 -
803 4739 870 4807 5.
918 4719 1104 4805 ἀργὸν
1157 4720 1264 4800 τὴν
1311 4718 1554 4804 σχέσιν]
1608 4718 1712 4783 Cf.
1767 4733 1979 4781 annot.
2038 4738 2173 4779 mea
2219 4715 2278 4778 in

599 4824 800 4890 Procli
834 4826 992 4889 Inst.
1027 4823 1257 4888 Theol.
1288 4846 1354 4910 p.
1390 4824 1526 4886 180.
1558 4837 1621 4886 et
1648 4820 1728 4886 cf.
1762 4820 1925 4883 infra
1957 4842 2021 4906 p.
2041 4819 2192 4903 582.

672 4951 735 5015 p.
761 4945 947 5013 1057,
973 4943 1036 5012 7.
1065 4931 1171 4994 τοῦ
1197 4930 1312 5008 γὰρ
1339 4924 1659 4989 διπλάσιον
1691 4923 1844 4988 εἶναι
1866 4920 1936 4985 τὸ
1966 4919 2285 4986 διπλάσιον

590 5030 732 5095 αὐτὸ
778 5033 987 5095 αἴτιον·
1033 5033 1113 5115 τῷ
1159 5032 1243 5103 δὲ,
1277 5026 1344 5093 ra
1387 5028 1592 5112 ἥμισυ]
1646 5025 1791 5091 Bini
1821 5023 1963 5089 libri
2003 5022 2070 5088 τὸ
2107 5026 2173 5088 δὲ
2216 5022 2285 5087 τὸ

586 5134 787 5214 ἥμισυ.
878 5132 1146 5197 Videtur
1174 5130 1567 5196 scribendum
1599 5134 1704 5194 τοῦ
1741 5131 1807 5193 δὲ
1839 5131 1954 5211 (sc.
1982 5128 2161 5206 ἥμισυ
2201 5127 2281 5191 εἳ-

590 5240 709 5317 ναι)
743 5233 811 5300 τὸ
839 5235 1039 5314 ἥμισ-υ.

613 5399 617 5406 .
677 5362 740 5426 p.
773 5338 959 5422 1058,
994 5353 1086 5420 17.
1113 5336 1243 5416 Τὴν
1273 5338 1338 5400 δὲ
1366 5335 1648 5416 ποιότητα
1676 5334 1778 5417 ἀφ’
1809 5334 1877 5415 ἧς
1903 5335 1936 5396 6
1963 5332 2288 5414 λεγόμενος

590 5470 642 5506 κ.
660 5468 715 5506 τ.
738 5442 834 5529 λ.]
886 5439 1240 5525 Simplicius
1266 5438 1331 5503 in
1361 5438 1745 5527 Categorias,
1774 5452 2109 5525 postquam
2137 5434 2288 5499 alio-

588 5567 729 5608 rum
763 5543 1097 5608 sententias
1128 5543 1263 5625 περὶ
1295 5546 1492 5607 κοινοῦ
1519 5546 1623 5606 τοΰ
1650 5538 1958 5622 ποιότητος
1985 5536 2287 5626 explicuit

3938 553 4062 621 325

2370 700 2541 783 (Fol.
2572 722 2676 788 57.
2710 702 2773 767 b.
2806 706 2938 786 20.)
2987 701 3068 767 de
3107 703 3359 768 Plotino
3395 704 3618 769 refert:
3666 703 3743 770 Ὁ
3783 709 3847 771 δὲ
3878 713 4057 772 Πλω-

2366 812 2524 875 τῖνος
2565 806 2633 870 τὸ
2680 807 2877 870 κοινὸν
2906 810 3007 886 τῆς
3047 805 3355 886 ποιότητος
3398 809 3645 887 δύναμιν
3676 807 3826 873 εἶναι
3870 809 4057 884 ἔθετο,

2368 907 2471 990 ἀφ’
2486 909 2558 988 ἧς
2587 908 2655 971 τὸ
2690 910 2835 993 ἔχον
2863 907 3106 974 δύναται
3134 910 3174 974 ἃ
3200 908 3456 976 δύναται.
3487 911 3708 980 πάσαις
3735 915 3851 995 γὰρ
3882 914 4064 995 ἐφαρ-

2371 1008 2571 1091 μόζειν
2598 1016 2769 1075 τοῦτο
2811 1018 2940 1079 ταῖς
2979 1012 3219 1094 τέτρασι
3260 1011 3554 1094 ποιότησι.
3604 1016 3700 1079 καὶ
3728 1016 3818 1078 ὅτι
3845 1016 3957 1094 μὲν
3986 1017 4063 1083 ῶς

2369 1119 2645 1196 μοναχῶς
2685 1118 2896 1197 χρῆται
2937 1119 3006 1195 τῇ
3052 1115 3291 1195 δυνάμει
3320 1116 3413 1180 καὶ
3437 1117 3504 1180 τὸ
3536 1116 3840 1192 δύνασθαι,
3875 1121 4063 1184 καίτοι

2368 1223 2721 1300 πλεοναχῶς
2769 1217 2959 1281 αὐτῶν
3002 1215 3284 1283 εἰωθότον
3328 1226 3796 1302 κατηγορεῖσθαι,
3842 1220 4057 1304 πρόδη-

2366 1326 2501 1382 λον.
2549 1317 2768 1398 ἑκάστη
2796 1323 2910 1401 γὰρ
2938 1327 3055 1384 τῶν
3086 1327 3445 1403 κατηγοριῶν
3475 1322 3826 1405 ἐφαρμόττει
3857 1331 4055 1390 τοῦτο.

2368 1423 2558 1485 ἐκεῖνο
2590 1423 2655 1484 δὲ
2685 1423 2997 1501 ἐπιστῆσαι
3033 1423 3150 1506 χρὴ
3190 1423 3417 1503 μήποτε
3446 1427 3529 1492 εἰς
3555 1425 3624 1488 τὸ
3656 1426 3796 1490 αὐτὸ
3825 1434 4054 1510 περιδε·

2367 1521 2659 1604 δράμηκεν
2683 1524 2821 1602 ἡμῖν
2848 1525 2885 1602 ἡ
2913 1525 3150 1605 ἀπορία.
3196 1525 3272 1604 ἣν
3298 1527 3412 1605 μὲν
3438 1530 3554 1609 γὰρ
3583 1527 3653 1591 τὸ
3682 1527 4058 1609 ζητούμενον,

2368 1626 2423 1687 εἰ
2466 1630 2791 1707 πολλαχῶς
2832 1626 3163 1709 λεγομένης
3204 1628 3397 1707 αὐτῆς,
3445 1628 3620 1694 οὐδέν
3665 1633 3794 1695 ἐστι
3843 1633 4058 1707 κοινὸν,

2366 1728 2473 1807 τὴν
2516 1730 2581 1791 δὲ
2625 1727 2870 1808 δύναμιν
2915 1731 3047 1794 ἀντὶ
3093 1735 3193 1809 τῆς
3236 1728 3545 1810 ποιότητος
3593 1732 4059 1814 μεταλαβόντες,

2367 1831 2540 1895 οὐδὲν
2566 1830 2757 1894 πλέον
2783 1832 3164 1912 πεποιηκέναι
3205 1838 3506 1913 δοκοῦμεν.
3557 1838 3722 1918 εἴπερ
3751 1840 3866 1919 γὰρ
3906 1839 4055 1917 ὀμω·

2368 1933 2558 2014 νόμως
2587 1936 2681 1998 καὶ
2712 1935 2854 2014 αὐτὴ
2881 1935 3143 2018 λέγεται,
3179 1937 3274 2000 καὶ
3302 1935 3487 2001 πάλιν
3516 1937 3717 2019 ὥσπερ
3756 1942 3857 2017 τῆς
3894 1938 4057 2004 ποιό-

2366 2063 2536 2119 τητος
2565 2038 2631 2102 τὸ
2664 2038 2861 2102 κοινὸν
2890 2036 3186 2103 δύσκολον
3215 2042 3429 2122 εὑρεῖν,
3453 2041 3601 2104 οὕτω
3634 2042 3730 2104 καὶ
3756 2045 3856 2121 τῆς
3885 2042 4054 2107 δυνά·
4152 2104 4157 2109 ,

2365 2168 2519 2222 μεως
2557 2143 2621 2204 τί
2654 2142 2802 2205 ποτέ
2844 2143 2973 2205 ἐστι
3019 2142 3087 2205 τὸ
3136 2142 3310 2225 γένος
3348 2144 3417 2207 οὐ
3458 2140 3662 2228 ῥᾴδιον
3692 2146 4057 2227 συλλογίσα·

2367 2248 2527 2307 σθαι.
2576 2245 2671 2308 καὶ
2703 2247 2849 2311 ἴσως
2879 2245 3101 2323 ἀληθὴς
3129 2247 3162 2307 6
3192 2250 3298 2309 τοῦ
3326 2246 3641 2310 Πλωτίνου
3669 2244 3871 2329 λόγος.
3916 2246 4063 2310 διότι

2366 2350 2481 2430 γᾶρ
2509 2347 2663 2428 μέση
2693 2349 2859 2411 ἐστιν
2885 2349 2921 2427 ἡ
2951 2348 3190 2428 ποιότης
3226 2355 3344 2413 τῶν
3371 2375 3440 2414 τε
3486 2349 3803 2429 ἐπικτήτων
3833 2357 4058 2431 συμβε-

2367 2449 2659 2531 βηκότων,
2704 2452 2800 2514 καὶ
2844 2457 2963 2514 τῶν
3008 2452 3320 2533 αὐτοφυῶν
3367 2453 3603 2525 οὐσιῶν,
3643 2455 3739 2516 διὰ
3778 2457 3949 2516 τοῦτο
3993 2458 4061 2533 τῇ

2369 2553 2610 2634 δυνάμει
2640 2554 2795 2617 ἔοικε
2821 2553 3013 2633 μέσην
3043 2553 3138 2617 καὶ
3168 2555 3310 2634 αὐτῇ
3338 2554 3446 2633 τὴν
3472 2553 3660 2636 φύσιν
3690 2553 3935 2638 ἐχούσῃ.
3967 2557 4061 2619 καὶ

2370 2653 2517 2720 διότι
2542 2681 2656 2737 μεν
2686 2662 2956 2720 κοινωνεῖ
2998 2660 3099 2736 τῆς
3140 2661 3244 2719 τοῦ
3287 2660 3474 2724 εἴδους
3516 2658 3722 2726 οὐσίας
3765 2660 4060 2731 ὁπωσοῦν,

2372 2763 2469 2823 διὸ.
2516 2763 2689 2823 τοῦτο
2742 2757 2867 2822 καθ’
2917 2759 3023 2822 ἕνα
3073 2759 3273 2823 κοινὸν
3322 2757 3513 2841 λόγον
3561 2763 4059 2843 χαρακτηρίζεται.

2376 2863 2506 2926 ἐπεὶ
2533 2865 2599 2925 δὲ
2631 2861 2726 2925 καὶ
2752 2865 2852 2939 τῆς
2891 2863 3410 2942 ἐπιγεννηματικῆς
3455 2865 3799 2946 κατηγορίας
3840 2888 4059 2944 συμμε-

2369 2965 2684 3048 τέσχηκεν,
2716 2966 2918 3046 ὥσπερ
2946 2965 2983 3044 ἡ
3011 2969 3115 3028 τοῦ
3144 2969 3375 3029 κεῖσθαι
3412 2966 3506 3029 καὶ
3535 2966 3700 3049 ἔχειν
3728 2968 4061 3048 κατηγορία,

2371 3070 2467 3132 διὰ
2493 3071 2667 3130 τοῦτο
2698 3066 2791 3130 καὶ
2824 3066 2968 3146 αὐτὴ
2996 3067 3456 3149 προσλαμβάνει
3483 3068 3551 3132 τὸ
3581 3075 3932 3152 πλεοναχῶς
3958 3070 4060 3133 λέ-

2370 3175 2602 3253 γεσθαι.
2646 3171 2848 3252 ὥσπερ
2879 3172 2973 3234 καὶ
3001 3171 3038 3250 ἡ
3069 3167 3324 3250 δύναμις.
3371 3172 3467 3234 καὶ
3494 3175 3610 3254 γὰρ
3640 3172 3737 3236 ἐπὶ
3764 3170 3970 3252 ταύτης
3996 3173 4064 3236 τὸ

2369 3279 2721 3359 πλεοναχῶς
2757 3270 3092 3355 λεγόμενον
3121 3273 3313 3353 αὐτῆς,
3347 3273 3444 3339 ἀπ’
3479 3274 3653 3354 αὐτῆς
3694 3275 3820 3359 ἔχει
3847 3273 3915 3339 τὸ
3944 3301 4059 3341 κοι-

2371 3378 2478 3443 νὸν
2508 3375 2907 3460 συνυπάρχον,
2941 3374 2975 3455 ἢ
3006 3380 3086 3463 τῷ
3118 3375 3220 3458 ἀφ’
3247 3377 3377 3443 ἑνὸς
3404 3373 3441 3456 ἢ
3470 3377 3614 3457 πρὸς
3641 3377 3708 3440 ἓν
3737 3378 4060 3461 συντετάχ-

2370 3484 2487 3553 θαι,
2517 3477 2554 3559 ἢ
2583 3482 2663 3566 τῷ
2692 3480 2827 3560 περὶ
2856 3478 2923 3542 τὸ
2954 3476 3094 3543 αὐτὸ
3123 3482 3423 3542 ποιεῖσθαι
3452 3478 3561 3557 τὴν
3588 3480 3808 3560 ὕφεσιν
3836 3483 3935 3558 τῆς
3963 3483 4058 3543 δυ-

2370 3582 2613 3662 νάμεως.
2715 3583 2793 3645 In
2846 3580 3249 3667 sequentibus
3302 3580 3523 3644 transit
3577 3579 3929 3667 Simplicius
3978 3580 4060 3644 ad

2366 3687 2729 3752 divisionem
2773 3686 3093 3765 δυνάμεων,
3136 3706 3339 3770 neque
3386 3683 3654 3771 amplius
3692 3684 3773 3749 de
3816 3683 4060 3749 Plotino

2365 3811 2565 3852 sermo
2607 3801 2699 3851 est
2748 3809 2944 3872 usque
2985 3785 3065 3849 ad
3116 3785 3225 3848 fol.
3257 3784 3367 3870 58.
3396 3808 3453 3848 a.
3489 3804 3590 3870 23.
3634 3784 3743 3848 ubi
3790 3784 4053 3872 legitur:

2367 3890 2542 3955 Ἀλλ’
2576 3894 2629 3955 εἰ
2665 3891 2701 3970 ἡ
2746 3888 2984 3969 δύναμις
3021 3886 3279 3966 τοιαύτη,
3323 3888 3512 3970 φησὶν
3553 3889 3587 3951 6
3631 3892 3957 3961 Πλωτῖνος,
4000 3891 4062 3952 αἶ

2370 3996 2682 4074 ἀδυναμίαι
2711 3991 2902 4057 οὐκέτι
2933 3993 3175 4055 ἔσονται
3217 3988 3536 4071 ποιότητες·
3586 3992 3639 4054 εἰ
3667 3992 3730 4054 δὲ
3758 3988 4061 4071 ποιότητες

2372 4099 2467 4162 καὶ
2496 4097 2687 4175 αὐταὶ,
2718 4095 2822 4159 οὐκ
2853 4091 3181 4176 ἐφαρμόσει
3222 4097 3369 4158 κατὰ
3395 4099 3607 4159 πασῶν
3635 4095 3668 4156 6
3696 4096 3797 4172 τῆς
3822 4091 4056 4173 ποιότη-

2369 4226 2468 4268 τος
2502 4196 2820 4280 διορισμός.
2866 4197 3012 4279 πρὸς
3055 4197 3123 4275 δὴ
3167 4201 3339 4261 τοῦτο
3385 4199 3711 4280 ἀναγκαῖον
3737 4195 4059 4269 διελέσθαι,

2370 4310 2493 4371 πῶς
2516 4302 2761 4385 λέγεται
2789 4298 3028 4380 δύναμις
3060 4301 3154 4364 καὶ
3184 4300 3489 4380 ἀδυναμία.
3539 4301 3591 4363 εἰ
3616 4300 3729 4378 μὲν
3756 4300 3871 4380 γὰρ
3901 4300 3975 4365 ὡς
4005 4302 4062 4363 οἱ

2370 4405 2618 4473 Στωϊκοὶ
2646 4400 3011 4475 ἀποδιδόασι,
3046 4400 3285 4481 δύναμίς
3314 4403 3480 4465 ἐστιν
3507 4402 3544 4481 ἡ
3573 4398 3870 4465 πλειόνων
3900 4404 4056 4464 ε’ποι-

2370 4507 2541 4587 στικὴ
2570 4503 3031 4586 συμπτωμάτων,
3063 4505 3139 4570 ὡς
3165 4504 3202 4583 ἡ
3224 4499 3512 4584 φρόνησις
3538 4506 3643 4566 τοῦ
3672 4527 3736 4565 τε
3767 4505 4063 4585 φρονίμως

2368 4617 2730 4695 περιπατεῖν,
2776 4610 2871 4672 καὶ
2907 4613 3013 4671 τοῦ
3049 4609 3347 4690 φρονίμως
3385 4606 3788 4688 διαλέγεσθαι,
3822 4607 4062 4671 ἔσονται

2372 4718 2518 4780 κατὰ
2561 4711 2667 4777 τὸν
2709 4715 2975 4775 τοιοῦτον
3004 4707 3331 4791 διορισμὸν,
3368 4710 3463 4772 καὶ
3507 4710 3568 4772 αἱ
3612 4713 3717 4772 νῦν
3744 4707 4062 4791 λεγόμεναι

2370 4819 2702 4898 ἀδυναμίαι,
2751 4814 3037 4894 δυνάμεις·
3087 4813 3180 4876 καὶ
3227 4815 3342 4893 γὰρ
3389 4812 3452 4874 αἱ
3497 4813 3764 4894 ἀτεχνίαι
3810 4814 4062 4876 πλείονα

2369 4922 2746 5000 διαπτώματα
2776 4917 3178 4999 ἐπιφέρουσιν·
3226 4918 3279 4979 εἰ
3299 4914 3411 4994 μέν
3439 4940 3529 4978 τοι
3560 4913 3679 4977 κατ’
3713 4915 3909 4993 ἄλλην
3936 4914 4057 4978 διά-

2370 5030 2536 5103 ταξιν
2585 5027 2703 5086 τῶν
2756 5023 3027 5084 Στωϊκῶν
3077 5018 3317 5101 λέγοιτο
3370 5015 3627 5096 δύναμις,
3678 5018 3715 5096 ἡ
3768 5015 4063 5080 πλειόνων

2372 5126 2675 5204 ἐποιστικῆ
2704 5122 3167 5204 συμπτωμάτων,
3196 5122 3289 5185 καὶ
3322 5123 3763 5201 κατακρατοῦσα
3786 5123 3902 5181 τῶν
3922 5121 4063 5183 ὑπο-

2370 5227 2764 5310 τασσομένων
2794 5229 3125 5309 ἐνεργειῶν,
3162 5226 3256 5288 καὶ
3295 5226 3476 5290 οὕτως
3516 5219 3869 5304 ἐφαρμόττει
3898 5224 3931 5283 ὁ
3959 5228 4064 5286 τοῦ

2374 5332 2690 5397 Πλωτίνου
2713 5331 2863 5412 ὅρος.
2900 5329 3131 5411 καὶγὰρ
3160 5329 3197 5406 ἡ
3229 5327 3398 5391 κακία
3422 5326 3710 5404 ἀδυναμία
3739 5324 3891 5387 οὐσα
3920 5330 4066 5389 κατὰ

2373 5434 2478 5500 τὸν
2505 5438 2626 5499 τῶν
2654 5436 2928 5498 Στωϊκῶν
2967 5433 3110 5513 ὅρον
3163 5434 3514 5512 κατακρατεῖ
3546 5432 3664 5490 τῶν
3702 5426 3933 5490 οἰκείων
3967 5431 4060 5492 ἐν-

2375 5542 2617 5622 εργειῶν
2662 5537 2754 5601 καὶ
2794 5539 2856 5600 αἱ
2899 5535 3081 5615 μέσαι
3125 5533 3351 5616 τέχναι,
3394 5533 3469 5597 ὡς
3514 5529 3589 5593 ἂν
3629 5528 4065 5596 ἀποπίπτουσαι
