5118 6613
1043 556 1123 604 20

1036 708 1241 776 stotel.
1287 708 1495 775 Ethic.
1545 707 1791 775 Nicom.
1836 709 1929 773 X.
1974 726 2032 775 2.
2082 730 2138 774 1.
2190 733 2253 798 p.
2293 729 2444 795 434.
2513 708 2720 790 Zellii,

1041 812 1218 878 Stob.
1264 811 1526 900 Eclogg.
1569 812 1668 876 ΙΙ.
1703 830 1760 895 7.
1816 834 1881 899 p.
1914 829 2017 897 74.
2078 813 2271 877 Heer.
2305 813 2718 899 Xenophont.

1039 914 1391 981 Memorab.
1439 915 1533 978 ΙΙ.
1573 935 1625 978 1.
1693 915 1834 979 111.
1866 915 1927 979 8.
1996 915 2189 1004 Diog.
2221 916 2435 981 Laert.
2482 916 2585 980 II.
2615 917 2718 1000 65.

1038 1018 1173 1084 Cic.
1203 1016 1410 1082 Acad.
1443 1017 1623 1100 (IV.)
1658 1018 1757 1082 ΙΙ.
1787 1036 1889 1098 42.
1929 1037 2072 1103 131.
2102 1043 2118 1083 :
2170 1017 2293 1082 Alii
2336 1016 2721 1106 voluptatem

1035 1122 1222 1185 tinem
1250 1143 1381 1185 esse
1408 1120 1778 1185 voluerunt:
1824 1143 2092 1208 quorum
2136 1120 2424 1208 princeps
2454 1120 2720 1208 Aristip-

1036 1245 1179 1311 pus,
1229 1222 1340 1310 qui
1394 1225 1708 1288 Socratem
1755 1223 2079 1299 audierat;
2146 1222 2316 1289 unde
2369 1222 2717 1311 Cyrenaici.

1036 1339 1178 1414 post
1207 1326 1543 1414 Epicurus,
1568 1327 1750 1414 cujus
1787 1341 1880 1391 est
1907 1325 2230 1415 disciplina
2273 1348 2440 1391 nunc
2478 1326 2715 1391 notior:

1037 1451 1239 1516 neque
1275 1443 1482 1494 tamen
1518 1452 1661 1494 cum
1704 1429 2063 1517 Cyrenaicis
2100 1429 2181 1494 de
2225 1429 2361 1518 ipsa
2396 1427 2720 1516 voluptate

1037 1530 1439 1598 consentiens.
1486 1533 1586 1597 Cf.
1612 1533 1741 1598 Cic.
1774 1531 1853 1596 de
1881 1533 1963 1598 N.
1987 1532 2070 1597 D.
2098 1534 2158 1596 Ι.
2176 1552 2285 1614 40.
2317 1531 2469 1619 ibiq.
2504 1531 2721 1597 Davis.

1039 1648 1103 1699 et
1130 1649 1342 1700 nostra
1368 1650 1664 1700 annotata
1689 1657 1756 1722 p.
1783 1636 1922 1700 181.
1948 1657 2082 1722 sqq.

1096 1760 1161 1825 p.
1170 1739 1313 1822 56,1
1322 1754 1390 1823 5.
1421 1739 1734 1828 ἀταραξία]
1762 1740 1947 1803 Η8110
1977 1736 2192 1803 sectari
2215 1760 2280 1807 se
2300 1736 2545 1803 dicebat
2565 1737 2723 1825 Epi-

1039 1862 1265 1906 curus:
1316 1839 1652 1928 Sapientia,
1682 1865 1826 1928 quae
1870 1864 1982 1906 nos
2023 1863 2067 1904 a
2107 1841 2440 1906 libidinum
2481 1843 2722 1927 impetu

1038 1954 1103 2008 et
1127 1944 1611 2029 afimtidinum
1639 1954 1876 2008 terrore
1904 1941 2190 2008 vindicet.
2241 1943 2371 2009 Cic.
2400 1943 2480 2008 de
2510 1942 2717 2007 Finib.

1042 2047 1100 2109 Ι.
1141 2065 1243 2127 14.
1278 2047 1388 2128 46.
1432 2045 1583 2133 ibiq.
1652 2046 1960 2111 Goerenz.
2000 2046 2084 2110 cf.
2125 2046 2179 2110 1.
2226 2062 2327 2131 15.
2361 2066 2469 2130 49.
2515 2068 2581 2133 p.
2616 2046 2716 2110 68.

1041 2148 1238 2213 Plura
1275 2147 1452 2213 dabit
1498 2150 1668 2214 Sext.
1701 2149 1947 2236 Empir.
1982 2147 2127 2213 adv.
2162 2149 2372 2212 Math.
2405 2149 2541 2214 XI.
2577 2168 2715 2230 141.

1040 2273 1102 2338 p.
1140 2252 1289 2335 716.
1320 2250 1510 2315 Fabr.
1555 2250 1721 2316 idem
1766 2250 1997 2339 Pyrrh.
2042 2253 2291 2340 Hypot.
2321 2251 2374 2316 l.
2409 2253 2469 2315 8.
2532 2251 2586 2315 Ι.
2620 2271 2720 2316 11.

1039 2376 1099 2442 p.
1123 2372 1184 2439 3.
1216 2376 1309 2440 sq.
1341 2353 1450 2419 ubi
1479 2353 1731 2419 consule
1762 2355 1853 2417 H.
1882 2354 2096 2442 Steph.
2126 2377 2188 2442 p.
2218 2373 2366 2440 203.
2397 2353 2499 2418 ed.
2525 2354 2721 2419 Fabr.

1039 2456 1222 2522 Adde
1248 2456 1440 2545 Diog.
1466 2458 1679 2522 Laert.
1712 2458 1806 2521 X.
1831 2460 1971 2540 176.
2018 2457 2311 2544 Denique
2337 2458 2407 2522 τὸ
2440 2461 2588 2522 κατὰ
2616 2459 2726 2540 φύ-

1041 2585 1140 2625 σιν
1166 2563 1274 2640 ζῇν
1302 2560 1560 2647 professi
1602 2573 1748 2625 sunt
1776 2561 1999 2639 Stoici,
2029 2560 2138 2624 sed
2165 2560 2333 2624 varie
2375 2559 2727 2648 appellave-

1037 2675 1189 2727 runt
1217 2677 1280 2727 et
1307 2662 1701 2741 definierunt,
1736 2677 1805 2727 ut
1835 2665 2164 2745 συμφώνως
2190 2667 2261 2742 τῇ
2291 2665 2472 2745 φύσει
2496 2667 2621 2742 ζῇν,
2655 2676 2726 2726 111

1041 2764 1525 2847 ὁμολογουμένως
1551 2769 1658 2845 ζῇν
1684 2778 1748 2829 et
1775 2764 1951 2829 aliter
1978 2764 2102 2829 alii.
2149 2766 2426 2829 Naturae
2453 2786 2726 2850 congru-

1041 2876 1216 2931 enter
1254 2868 1466 2930 vivere
1507 2866 1656 2931 dicit
1689 2865 1944 2931 Tullius
1974 2867 2054 2931 de
2085 2866 2295 2931 Finib.
2331 2868 2445 2931 Iv.
2485 2886 2586 2930 11.
2620 2868 2723 2930 26.

2006 536 2830 605 ANNOTATIONES
2892 538 3003 602 IN
3071 534 3518 600 PLOTINI

2803 714 2919 774 τῦν
2959 711 3162 789 ὀσμῶν
3203 705 3727 788 ἀντιλαμβάνεται.
3793 705 3937 770 Vid.
3980 706 4165 770 etiam
4201 703 4479 770 Fischer.

2807 811 2955 877 Ind.
2981 811 3047 876 in
3072 810 3359 876 AEschin.
3378 808 3630 896 Dialog.
3653 809 3718 872 in
3740 832 3911 874 voce.
3958 809 4275 873 Wetsten.
4301 809 4484 872 N.T.

2809 915 2895 980 T.
2928 916 3029 979 II.
3074 937 3139 1002 p.
3169 931 3320 1000 347.
3396 911 3586 977 Adde
3637 911 3843 976 Prool.
3894 912 3957 975 in
4008 910 4218 976 Alcib.
4265 934 4364 999 pr.
4422 934 4488 999 p.

2806 1037 2961 1105 300.
3006 1019 3142 1081 ὅσοι
3183 1018 3462 1100 χαίρουσι
3507 1021 3634 1082 ταῖς
3673 1021 4058 1095 μεταβολαῖς,
4088 1018 4189 1094 τῆς
4228 1016 4492 1095 ἑστόσης

2808 1123 3044 1204 φύσεως
3084 1121 3346 1199 οὐδαμῶς
3389 1119 3967 1197 ἀντιλαμβανόμενοι
4010 1115 4192 1181 Adde
4238 1116 4492 1203 insuper

2805 1222 2919 1288 bas
2959 1222 3125 1310 ipsas
3152 1220 3485 1287 Enneades
3517 1221 3636 1284 IV.
3666 1239 3731 1306 3.
3765 1239 3868 1301 24.
3897 1235 3959 1284 et
3988 1239 4094 1305 30.
4142 1220 4258 1283 lv.
4286 1240 4352 1299 4.
4386 1237 4488 1304 23.

2805 1328 2923 1391 VI.
2948 1347 3011 1412 9.
3041 1346 3097 1389 1.
3161 1324 3348 1405 Quod
3391 1324 3455 1388 in
3495 1346 3663 1410 seqq.
3711 1323 3839 1387 οἷον
3870 1321 4200 1402 αἰσθήσεως
4227 1323 4490 1388 τοιούτου

2810 1427 3225 1518 Engelhardt.
3253 1427 3537 1492 lacunam
3567 1425 3762 1491 inesse
3790 1424 4102 1513 opinatur,
4133 1423 4216 1488 nil
4247 1423 4490 1512 vestigii

2807 1531 2874 1597 in
2901 1531 3131 1611 codd„
3154 1544 3218 1597 et
3239 1530 3493 1595 Ficinus
3522 1528 3726 1594 locum
3758 1526 4317 1593 circumscribendo
4344 1526 4490 1591 satis

2806 1634 3205 1723 perspicuum
3233 1632 3527 1698 reddidit.
3611 1631 3788 1696 Idem
3821 1631 3884 1696 in
3916 1629 4376 1697 Commentario
4403 1629 4490 1694 sic

2806 1736 3111 1825 explicat:
3181 1744 3227 1776 “
3257 1735 3445 1816 Quod
3495 1735 3545 1799 si
3590 1758 3777 1824 porro
3825 1734 4035 1799 dicant
4075 1733 4313 1798 bonum
4357 1755 4489 1798 esse

2806 1840 3074 1906 mixtum
3104 1863 3182 1904 ex
3210 1838 3559 1905 conditione
3593 1841 3670 1921 (s.
3694 1837 3977 1920 essentia)
4012 1837 4147 1925 ipsa
4172 1835 4489 1924 hujusque

2803 1942 3196 2032 perceptione
3238 1965 3351 2029 per
3395 1942 3663 2005 sensus.”
3748 1939 4008 2005 Adhibe
4053 1939 4237 2005 etiam
4276 1938 4359 2003 ad
4400 1961 4492 2003 se·-

2804 2046 3061 2135 quentia
3095 2044 3296 2109 Ficini
3334 2043 3883 2109 Commentarium.
3972 2044 4106 2108 Nos
4148 2042 4311 2106 enim
4358 2063 4485 2106 non

2804 2148 3205 2238 philosophos
3246 2147 3715 2213 commentarios
3758 2146 4080 2211 scribimus
4109 2146 4174 2210 in
4205 2145 4317 2208 has
4345 2145 4488 2208 En·

2806 2252 3053 2331 neadas,
3077 2250 3368 2316 nimirum
3397 2273 3521 2315 non
3554 2250 3756 2316 Iliada
3785 2262 3927 2338 post
3958 2250 4333 2327 Homerum,
4357 2247 4490 2327 sed,

2809 2354 3017 2443 quoad
3046 2355 3182 2443 ejus
3209 2353 3343 2418 fieri
3368 2368 3593 2442 potest,
3624 2368 3688 2418 et
3713 2352 3996 2418 codicum
4028 2375 4147 2439 ope
4186 2350 4488 2438 paranda,

2810 2458 3143 2524 verborum
3164 2479 3283 2521 usu
3305 2457 3720 2543 orationisque
3745 2454 3951 2519 indole
3978 2454 4331 2542 aperienda,
4353 2453 4492 2518 fon-

2811 2562 2980 2626 tibus
3004 2560 3274 2649 denique
3300 2559 3688 2646 aliorumque
3717 2555 4225 2647 philosophorum
4253 2556 4492 2645 placitis

2811 2663 3205 2751 designandis
3231 2662 3527 2751 adjuvare
3555 2661 3935 2725 instituimus
3964 2659 4302 2725 Plotinum.

2893 2790 2959 2853 p.
2977 2766 3085 2851 58,
3107 2786 3170 2850 9.
3201 2768 3270 2830 ἐν
3296 2764 3628 2850 τρανωτέρᾳ
3653 2765 3798 2852 ζωῇ]
3847 2763 4049 2828 Vertit
4079 2762 4400 2827 Mai-silius
4425 2763 4490 2826 in

2808 2867 2937 2933 vita
2965 2869 3331 2956 integriore.
3383 2867 3671 2931 Debebat
3699 2868 3962 2931 clariore
3999 2867 4373 2949 (disertiore,
4402 2868 4492 2953 ff

1041 2969 1123 3033 cf.
1147 2968 1227 3033 de
1249 2968 1377 3035 Off.
1403 2969 1545 3033 III.
1562 2989 1626 3054 3.
1643 2989 1743 3054 13.
1769 2992 1830 3056 p.
1860 2988 2005 3035 202.
2053 2969 2258 3033 Beier.
2285 2968 2557 3056 Epicteti
2585 2967 2727 3032 Dis-
2787 2973 3138 3058 ficatiore).
3229 2970 3483 3034 Etenim
3520 2969 3731 3052 τρανὸς
3766 2968 3932 3033 idem
3962 2982 4055 3033 est
4081 2982 4272 3055 atque
4300 2968 4486 3050 τορὸς,

1043 3085 1280 3137 sertatt.
1302 3072 1358 3135 I.
1382 3090 1445 3137 2.
1466 3072 1525 3135 6.
1560 3072 1615 3135 1.
1634 3092 1698 3151 4.
1725 3090 1822 3153 14.
1852 3094 1918 3158 p.
1940 3089 2038 3156 25.
2074 3071 2421 3159 Schweigh.
2445 3071 2727 3137 Galenus

1041 3174 1123 3239 de
1152 3172 1526 3262 Hippocrat.
1555 3187 1619 3238 et
1648 3173 1896 3239 Platon.
1918 3173 2137 3239 Placit.
2150 3175 2224 3237 V.
2249 3197 2314 3261 p.
2336 3175 2474 3240 168.
2508 3174 2724 3239 Chart.

1040 3294 1109 3366 p.
1129 3292 1278 3361 470.
1309 3300 1399 3364 sq.
1434 3276 1734 3343 Kuehnii.
1758 3277 1949 3365 Diog.
1970 3278 2184 3344 Laert.
2207 3277 2368 3342 VII.
2396 3277 2494 3360 87.
2528 3291 2592 3342 et
2624 3278 2723 3363 89.

1040 3380 1195 3468 ibiq.
1283 3382 1544 3468 Menag.
1596 3380 1827 3446 Stobaei
1879 3379 2148 3467 Eclogg.
2204 3381 2305 3444 II.
2353 3397 2410 3464 7.
2469 3404 2531 3468 p.
2578 3400 2721 3466 132.

1044 3485 1319 3549 Heeren.
1363 3497 1427 3549 et
1468 3483 1719 3548 consule
1750 3483 1949 3571 Lipsii
1982 3482 2358 3548 Manuduct.
2403 3482 2483 3547 ad
2531 3483 2722 3548 Stoic.

1043 3586 1283 3653 Philos.
1310 3587 1407 3651 11.
1439 3607 1537 3669 14.
1566 3601 1664 3672 15.
1695 3609 1757 3674 p.
1782 3602 1934 3670 474.
1980 3609 2116 3673 sqq.
2153 3587 2430 3673 (Operr.)
2482 3586 2584 3650 II.
2620 3604 2724 3652 22.

1045 3714 1106 3779 p.
1135 3691 1288 3772 484.
1321 3713 1415 3777 sq.
1476 3692 1544 3755 J.
1578 3689 1849 3755 Bakium
1893 3688 1974 3753 ad
2015 3687 2332 3755 Poffidonii
2362 3687 2616 3774 Reliqq.
2662 3709 2727 3775 p.

1047 3808 1194 3878 225.
1223 3808 1288 3858 et
1320 3795 1584 3881 Baguet.
1615 3792 1696 3858 de
1727 3792 2083 3881 Chrysippo
2111 3814 2176 3879 p.
2193 3792 2345 3877 316.
2377 3815 2470 3878 sq.

1129 3919 1191 3984 p.
1212 3911 1320 3981 57,
1343 3911 1405 3982 5.
1439 3897 1535 3961 καὶ
1562 3898 1654 3960 ὅτι
1678 3895 2049 3980 ἡδὺ-εἴναι]
2086 3894 2410 3961 Convertit
2436 3893 2609 3958 haud
2637 3892 2730 3958 in-

1045 3996 1356 4084 eleganter
1383 3998 1801 4063 membrorum
1831 3997 2135 4063 ordinem.
2199 3995 2383 4076 Quod
2415 4020 2563 4062 vero
2592 3996 2726 4061 Fic.

1044 4099 1323 4168 addidit:
1368 4110 1701 4187 antequam
1729 4101 1904 4165 dulce
1944 4101 2015 4163 id
2051 4120 2180 4164 esse
2209 4101 2554 4188 percipias,
2583 4098 2729 4164 inde

1045 4224 1170 4267 11011
1191 4201 1475 4290 colligam
1500 4201 1714 4268 itidem
1743 4201 1811 4266 in
1838 4201 2049 4288 aliquo
2072 4201 2211 4267 cod.
2242 4201 2528 4266 additum
2557 4226 2730 4289 repe-

1044 4304 1191 4370 riri.
1238 4306 1306 4370 τὸ
1334 4306 1442 4386 ἡδὺ
1466 4305 1579 4387 πρὸ
1607 4309 1713 4369 τοῦ
1747 4305 1827 4386 μὴ
1862 4303 2207 4382 λανθάνειν,
2239 4303 2368 4383 sed,
2404 4317 2473 4369 ut
2517 4305 2726 4393 8801118-

1047 4407 1197 4474 sime
1226 4408 1391 4487 facit,
1421 4408 1606 4473 etiam
1649 4407 1714 4472 h.
1737 4408 1783 4475 l.
1829 4405 2114 4474 dilatasse
2139 4405 2554 4472 Plotinianam
2582 4407 2731 4473 den-

1042 4509 1311 4576 sitatem.
1399 4509 1653 4575 Etenim
1696 4533 1811 4576 nec
1848 4508 2141 4589 Medicei,
2172 4509 2402 4596 quibus
2446 4534 2598 4575 usus
2638 4525 2732 4575 est

1050 4612 1390 4692 Mamilius,
1419 4630 1766 4701 agnoscunt
1791 4613 1909 4677 hoc
1938 4611 2454 4677 additamentum.
2526 4615 2730 4678 Prox-

1047 4716 1172 4780 11118
1188 4718 1343 4782 ὥστε
1362 4716 1741 4798 ἀγαθοῦ-τὸ
1769 4716 1920 4800 ἔχον
1943 4715 2136 4780 verbo
2157 4729 2336 4780 tenus
2365 4715 2453 4780 ita
2479 4730 2724 4782 80118111.

1049 4819 1347 4897 Proinde,
1369 4820 1619 4906 quando
1636 4820 1748 4883 hoc
1774 4820 2001 4884 bonum
2021 4828 2112 4883 est
2138 4826 2322 4906 atque
2349 4819 2731 4906 adest,jam-

1026 4925 1177 5011 jam
1219 4924 1292 4986 in
1334 4923 1481 4987 bene
1511 4922 1698 5005 (bene
1739 4925 1898 5007 esse)
1934 4936 2029 4986 est
2069 4919 2387 5009 possidens
2418 4920 2621 5007 (quod
2663 4919 2730 4985 id

1050 5050 1129 5091 sc.
1158 5025 1397 5090 bonum
1426 5023 1667 5110 habet).

1119 5148 1238 5191 —1
1254 5145 1311 5192 1.
1334 5125 1963 5212 ἀντιλαμβανομένοις]
1992 5125 2266 5191 Verbum
2297 5124 2621 5214 proprium
2651 5124 2731 5189 de

1048 5230 1351 5308 sensibus,
1379 5228 1639 5317 proinde
1681 5251 1852 5294 nunc
1891 5231 2144 5308 sentire,
2180 5231 2520 5316 percipere,
2565 5250 2731 5293 nunc

1018 5333 1210 5419 fi-m',
1222 5331 1770 5422 participemfievi
1791 5330 2158 5418 significan&
2206 5330 2406 5396 Schol.
2432 5330 2729 5418 Thucyd.

1051 5436 1213 5502 VII.
1240 5438 1344 5502 66.
1387 5434 1808 5513 ἀντιλάβεσθε·
1843 5434 1975 5498 ἀντὶ
2001 5438 2107 5498 τοῦ
2134 5433 2513 5499 αἰσθάνεσθε.
2561 5434 2733 5497 Τ110-

1051 5537 1288 5606 odoret.
1315 5537 1425 5603 lib.
1448 5539 1525 5603 V.
1556 5536 1636 5602 de
1663 5534 1907 5624 provid.
1940 5559 2007 5624 p.
2034 5537 2183 5621 458.
2214 5536 2313 5602 ed.
2346 5536 2596 5603 Schulz.
2638 5538 2733 5601 καὶ

2810 3075 3096 3156 διάτορος.
3160 3071 3355 3136 Plura
3382 3071 3463 3135 de
3491 3070 3598 3136 illa
3625 3095 3772 3136 voce
3798 3070 4200 3159 apposuimus
4226 3069 4307 3134 ad
4338 3072 4491 3135 Pro-

2810 3174 2889 3241 cli
2938 3178 3094 3240 Inst.
3129 3175 3358 3239 Theol.
3396 3192 3535 3260 145.
3590 3198 3653 3260 p.
3692 3177 4048 3256 214—216.
4098 3173 4232 3238 haec
4282 3172 4489 3251 verba,

2812 3302 2955 3367 quae
2982 3293 3310 3367 propterea
3336 3276 3762 3358 adscribimus,
3792 3277 3942 3366 quia
3968 3276 4049 3343 ad
4079 3291 4356 3343 nostrum
4403 3275 4490 3342 lo-

2811 3405 2953 3447 cum
2982 3382 3253 3447 faciunt:
3303 3382 3397 3446 καὶ
3425 3383 3458 3445 ὁ
3486 3384 3598 3462 μὲν
3625 3385 3791 3449 λίθος
3826 3382 4066 3465 μετέχει
4092 3386 4193 3461 τῆς
4222 3386 4490 3463 καθαρτι-

2814 3488 2912 3564 κῆς
2949 3484 3262 3566 δυνάμεως,
3306 3490 3644 3564 σωματικῶς
3682 3486 3886 3565 μόνον·
3933 3485 4001 3548 τὸ
4051 3486 4117 3548 δὲ
4163 3484 4375 3567 φυτὸν,
4408 3483 4494 3547 ἔτι

2811 3587 3220 3670 τρανέστερον,
3260 3591 3407 3651 κατὰ
3448 3588 3556 3667 τὴν
3599 3586 3769 3668 ζωήν·
3813 3587 3880 3651 τὸ
3927 3590 3993 3652 δὲ
4034 3592 4182 3663 ζῶον
4222 3587 4351 3671 ἔχει
4399 3588 4495 3649 καὶ

2815 3693 2960 3754 κατᾶ
3003 3690 3110 3768 τὴν
3154 3690 3338 3773 ὁρμὴν
3383 3691 3451 3754 τὸ
3499 3690 3651 3758 εἶδος
3699 3695 3891 3754 τοῦτο·
3939 3689 4108 3773 ψυχὴ
4151 3691 4216 3754 δὲ
4261 3689 4491 3771 λογικῆ,

2813 3798 3081 3874 λογικῶς·
3130 3797 3264 3860 νοῦς
3290 3795 3354 3857 δὲ
3385 3800 3617 3874 νοερῶς·
3661 3795 3718 3857 οἱ
3746 3795 3810 3857 δὲ
3839 3793 3986 3874 θεοὶ,
4012 3792 4372 3872 ὑπερουσίως
4400 3793 4495 3854 καὶ

2816 3896 3059 3962 ἑνιαίως.

2899 4020 2961 4085 p.
2995 4000 3099 4075 60,
3139 4017 3239 4083 13.
3284 3997 4485 4079 ἆντιδιῃρημένον-ῆτρότερον-ὕστερον]

2815 4099 3160 4166 Aristotelis
3204 4101 3496 4186 Categor.
3540 4122 3676 4186 cap.
3715 4119 3814 4184 13.
3856 4102 4017 4185 (cap.
4056 4118 4155 4161 10.
4183 4095 4289 4179 al.)
4341 4100 4398 4181 ξ.
4429 4116 4489 4182 3.

2816 4202 2910 4267 καὶ
2936 4205 3010 4267 τὸ
3039 4205 3104 4266 ἐκ
3132 4207 3236 4267 τοῦ
3264 4203 3441 4266 αὐτοῦ
3477 4200 3686 4283 γένους
3723 4199 4166 4281 ἆντιδιῃρημένα
4210 4197 4494 4279 ἀλλήλοις

2815 4304 2935 4385 ἅμα
2961 4308 3030 4385 τῇ
3059 4306 3240 4387 φύσει
3266 4303 3524 4386 λέγεται·
3555 4304 3991 4384 ἆντιδιῃρῆσθαι
4019 4304 4083 4367 δὲ
4112 4302 4353 4385 λέγεται
4382 4305 4490 4366 ἆλ-

2811 4406 3019 4486 λήλοις
3045 4410 3120 4471 τὰ
3150 4389 3295 4470 κατὰ
3321 4406 3429 4484 τὴν
3459 4405 3641 4484 αὐτὴν
3669 4406 3977 4487 διαίρεσιν.
4021 4407 4150 4470 οἷον
4177 4405 4243 4469 τὸ
4272 4405 4495 4486 πτηνὸν

2813 4513 2893 4595 τῷ
2920 4513 3072 4595 πεζῷ
3109 4510 3206 4573 καὶ
3242 4512 3321 4595 τῷ
3354 4509 3593 4593 ἐνύδρῳ.
3640 4511 3821 4572 ταῦτα
3856 4510 3971 4590 γὰρ
4011 4508 4295 4587 ἀλλήλοις
4333 4510 4490 4572 ἇντι-

2814 4617 3134 4693 διαιρεῖται,
3182 4614 3246 4676 ἐκ
3283 4616 3389 4676 τοῦ
3426 4611 3605 4674 αὐτοῦ
3639 4610 3847 4693 γένους
3884 4612 4046 4675 ὄντα·
4089 4611 4155 4675 τὸ
4195 4614 4310 4693 γὰρ
4347 4616 4494 4686 ζῶον

2813 4720 3114 4797 διαιρεῖται
3143 4717 3226 4781 εἷς
3258 4719 3461 4791 ταῦτα,
3494 4716 3577 4781 εἵς
3604 4739 3669 4777 τε
3699 4713 3766 4777 τὸ
3794 4715 4043 4795 πτηνὸν,
4075 4716 4171 4778 καὶ
4197 4713 4264 4778 τὸ
4293 4712 4491 4789 πεζὸν,

2816 4819 2911 4882 καὶ
2958 4817 3025 4881 τὸ
3075 4818 3333 4899 ἔνυδρον.
3384 4817 3479 4880 καὶ
3522 4815 3695 4880 οὐδέν
3746 4842 3819 4898 γε
3867 4819 4087 4882 τούτων
4130 4812 4488 4898 πρότερον
4454 4841 4492 4892 η

2813 4922 3063 5002 ὕστερόν
3093 4922 3278 4997 ἐστιν,
3308 4917 3444 4983 ἀλλ’
3477 4919 3598 4998 ἅμα
3633 4923 3703 4998 τῇ
3742 4921 3924 5003 φύσει
3965 4923 4039 4984 τᾶ
4071 4921 4309 4982 τοιαῦτα
4336 4919 4439 4979 δοκ
4406 4942 4494 4978 κει

2816 5022 2990 5088 εἶναι.
3031 5023 3342 5106 διαιρεθείη
3381 5020 3428 5085 δ’
3461 5022 3536 5086 ἂν
3578 5022 3673 5086 καὶ
3719 5025 3939 5088 τούτων
3968 5021 4218 5085 ἕκαστον
4249 5019 4330 5084 εἷς
4369 5020 4492 5097 εἴδη

2815 5125 2998 5190 πάλιν
3025 5126 3154 5190 οἷον
3180 5125 3247 5189 τὸ
3275 5124 3515 5205 πτηνὸν,
3551 5125 3645 5188 καὶ
3680 5124 3747 5189 τὸ
3777 5124 3971 5200 πεζὸν,
4005 5123 4100 5186 καὶ
4127 5120 4193 5184 τὸ
4223 5119 4488 5201 ἔνυδρον.

2818 5229 2985 5293 ἔσται
3023 5230 3129 5293 οὖν
3160 5228 3399 5292 κάκεῖνα
3435 5228 3555 5307 ἅμα
3598 5231 3667 5306 τῇ
3715 5229 3917 5309 φύσει,
3946 5226 4065 5287 ὅσα
4094 5224 4159 5286 ἐκ
4186 5225 4289 5286 τοῦ
4317 5222 4495 5286 αὐτοῦ

2816 5330 3025 5413 γένους
3046 5333 3193 5395 κατὰ
3211 5330 3318 5411 τὴν
3336 5331 3517 5410 αὐτὴν
3539 5330 3826 5413 διαίρεσίν
3848 5330 3991 5391 ἐστι.
4027 5325 4288 5411 “Atque
4308 5322 4492 5388 etiam

2816 5456 2960 5520 quoe
2987 5432 3184 5499 eidem
3217 5433 3512 5521 subjectae
3538 5430 3773 5521 generi,
3806 5444 3878 5494 ut
3909 5441 4115 5517 partes
4140 5426 4306 5491 illius
4333 5427 4494 5491 inter

2817 5559 2881 5602 se
2921 5548 3351 5626 opponuntur,
3382 5536 3567 5603 simul
3605 5534 3905 5599 dicuntur
3944 5554 4076 5596 esse
4115 5544 4373 5595 natura:
4422 5543 4494 5593 ut
