5118 6613
1470 578 1670 642 LIB.
1720 577 1840 642 IV.
1889 576 2345 643 ENNEAD.
2395 580 2788 645 PRIMAE.
2835 603 2899 668 p.
2935 595 3206 667 72—75.

621 764 721 825 17.
811 756 855 788 ‘⁴
888 749 1178 814 Poteram
1217 748 1610 835 respondere,
1639 749 1814 838 quod
1843 749 2162 838 Epicurus
2188 751 2298 829 ait,

617 850 994 939 Sapientem,
1026 851 1075 915 si
1103 851 1167 914 in
1197 851 1547 917 Phalaridis
1589 866 1771 918 tauro
1812 868 2166 941 peruratur,
2194 877 2300 918 ex-

615 954 1023 1020 clamaturum
1054 978 1069 1018 :
1117 952 1326 1019 Dulce
1363 969 1477 1033 est,
1509 968 1573 1019 et
1600 955 1684 1020 ad
1713 978 1812 1020 me
1854 954 1939 1019 nil
1970 956 2299 1044 pertinet.''

618 1058 724 1123 Cf.
753 1058 1013 1123 Aristot.
1044 1056 1203 1122 Eth.
1231 1057 1394 1122 VII.
1427 1077 1527 1144 13.
1572 1072 1636 1123 et
1681 1056 1965 1124 Tullium
2011 1058 2075 1124 in
2122 1061 2297 1124 Tus-

615 1160 760 1226 cull.
791 1163 868 1227 V.
899 1181 958 1247 9.
1006 1159 1115 1225 ubi
1158 1160 1238 1225 de
1269 1160 1691 1248 Theophrasti
1734 1160 1934 1227 dicto:
1972 1165 2053 1227 in
2095 1172 2299 1228 rotam

616 1267 812 1330 vitam
837 1265 1079 1330 beatam
1103 1285 1232 1328 non
1259 1265 1599 1343 escendere,
1623 1279 1686 1328 et
1712 1263 1839 1329 vid.
1865 1264 2293 1354 Olympiodor.

614 1366 678 1432 in
720 1366 928 1433 Alcib.
994 1390 1093 1455 pr.
1147 1390 1213 1454 p.
1254 1385 1398 1454 230.
1490 1367 1788 1433 Proxima
1835 1388 1955 1456 pro
1994 1367 2299 1433 lacunosis

611 1470 800 1536 habet
829 1469 1247 1558 Engelhardt.
1338 1471 1418 1534 In
1456 1469 1630 1535 libris
1668 1469 1909 1559 scriptis
1935 1470 2023 1535 nil
2056 1470 2297 1559 vestigii

610 1572 712 1639 hic
764 1571 1005 1660 aliquid
1061 1572 1375 1637 excidisse.
1490 1573 1847 1639 Obscurum
1904 1573 2109 1640 locum
2168 1597 2298 1640 esse

610 1697 792 1741 nemo
834 1675 1224 1754 infitiabitur,
1265 1674 1375 1763 qui
1421 1692 1626 1741 tamen
1678 1676 1794 1742 hac
1842 1676 1972 1742 sola
2013 1677 2299 1743 observas

611 1778 776 1844 tione
819 1777 1139 1865 aliquanto
1179 1777 1442 1844 lucidior
1485 1779 1663 1844 reddi
1700 1779 1988 1845 videatur
2030 1804 2231 1869 posse,
2260 1804 2298 1845 a

611 1881 863 1947 Plotino
891 1882 1009 1947 hoc
1042 1880 1328 1946 universo
1361 1881 1521 1947 libro
1549 1905 1739 1970 quam
1778 1883 2045 1948 maxime
2083 1883 2298 1948 distin-

608 1984 720 2072 gui
761 1983 924 2049 inter
964 1984 1265 2063 homines,
1294 1984 1509 2072 quales
1534 1984 1727 2072 vulgo
1765 2009 1896 2051 esse
1939 1986 2157 2065 solent,
2186 1987 2295 2073 qui

608 2088 792 2153 etiam
823 2087 885 2151 in
916 2086 1186 2153 externis
1220 2087 1409 2153 rebus
1438 2090 1703 2154 Beatum
1742 2088 1897 2153 illud
1939 2104 2205 2177 ponunt,
2235 2105 2298 2154 et

607 2214 732 2271 eos,
761 2214 923 2278 quos
951 2192 1304 2258 σπουδαίους
1330 2188 1501 2269 dicit,
1533 2190 1769 2279 quique
1810 2206 2080 2257 mentem
2118 2215 2296 2257 suam

611 2294 701 2377 (11.
732 2317 789 2359 e.
832 2316 900 2360 se
942 2295 1093 2382 ipsi,
1124 2307 1197 2357 ut
1225 2316 1359 2381 cap.
1391 2313 1456 2379 9.
1500 2293 1609 2359 fin'.
1646 2294 1834 2379 dixit)
1881 2293 1962 2359 ab
2007 2295 2296 2360 omnibus

607 2398 877 2462 externis
903 2397 1091 2461 rebus
1119 2396 1547 2483 sejunxerunt.
1642 2395 1747 2461 Illi
1787 2396 1979 2484 igitur
2007 2396 2296 2485 vulgares

608 2500 890 2566 homines
929 2498 1160 2564 adsunt
1193 2523 1254 2563 v.
1284 2522 1339 2564 c.
1375 2499 1443 2562 in
1474 2497 1819 2564 Phalaridis
1862 2513 2063 2577 tauro,
2093 2515 2156 2565 et
2186 2501 2296 2566 ubi

610 2603 691 2669 de
723 2605 903 2668 Statu
932 2603 1089 2690 ejus,
1116 2601 1227 2689 qui
1256 2601 1321 2666 in
1350 2625 1426 2667 eo
1451 2601 1728 2667 inclusus
1753 2618 1868 2682 est,
1888 2602 2198 2689 judicant,
2230 2603 2293 2668 hi

613 2706 707 2789 (11.
730 2730 787 2770 e.
816 2705 1050 2771 virtute
1077 2704 1354 2794 praediti)
1383 2704 1629 2770 absunt.

693 2832 756 2898 p.
792 2827 826 2893 7
829 2828 897 2895 5,
937 2830 962 2872 1
977 2856 992 2871 .
1046 2807 1523 2892 συναμφότερον]
1594 2806 1894 2873 Videlicet
1942 2809 2149 2892 ψυχὴν
2202 2810 2297 2874 καὶ

612 2919 801 2993 σῶμα,
864 2912 945 2977 de
1002 2934 1132 3000 quo
1190 2933 1382 2998 supra
1435 2925 1527 2976 est
1585 2910 1973 2999 disputatum
2022 2913 2081 2977 I.
2116 2932 2172 2976 1.
2230 2912 2294 2975 in

508 3088 517 3095 Χ
610 3016 1003 3095 Quaestione:
1050 3014 1205 3103 quid
1229 3014 1491 3090 animal,
1520 3014 1675 3102 quid
1700 3014 1893 3079 homo.

690 3155 779 3169 —
802 3139 858 3185 2.
906 3121 939 3182 ὁ
967 3117 1263 3202 χωρισμὸς
1301 3119 1335 3180 ὁ
1365 3116 1481 3181 ἀπὸ
1520 3121 1626 3181 τοῦ
1665 3117 1961 3201 σώματος]
2012 3118 2170 3195 Quae
2213 3140 2291 3181 ex

608 3219 841 3286 Plotini
866 3219 1371 3308 reliquorumque
1412 3219 1604 3306 hujus
1640 3219 1980 3306 disciplinae
2023 3219 2287 3308 philoso-

605 3324 875 3412 phorum
903 3323 1204 3389 sententia
1221 3323 1382 3388 inest
1401 3322 1465 3387 in
1487 3328 1556 3404 τῇ
1587 3325 1915 3406 ἐπιστροφῇ
1945 3327 2028 3391 εἷς
2057 3324 2287 3404 ἑαυτὸν,

607 3435 653 3467 “
679 3426 747 3492 in
775 3427 1171 3492 conversione
1216 3425 1485 3491 hominis
1535 3425 1615 3489 ad
1662 3449 1727 3490 se
1762 3426 1991 3514 ipsum,
2036 3426 2078 3491 i.
2108 3449 2164 3489 e.
2207 3426 2291 3491 ad

605 3532 937 3596 mentem.”
982 3529 1122 3596 vid.
1152 3529 1434 3618 proxime
1463 3552 1595 3616 cap.
1622 3549 1721 3593 11.
1752 3544 1815 3593 et
1840 3551 1974 3616 cap.
2000 3549 2063 3615 9.

686 3632 775 3700 ib.
818 3635 857 3714 ἡ
884 3640 1000 3698 τῶν
1027 3632 1396 3717 λεγομένων]
1451 3633 1609 3710 Quae
1639 3631 1830 3719 vulgo
1869 3631 2286 3719 appellantur,

602 3758 806 3823 neque
826 3759 974 3800 vero
995 3749 1160 3801 sunt.
1208 3734 1397 3814 Quod
1426 3735 1476 3799 si
1501 3734 1902 3823 reputaveris,
1927 3757 2072 3821 quae
2100 3758 2290 3823 supra

601 3861 738 3927 cap.
765 3858 834 3924 5.
885 3862 974 3926 sq.
1023 3839 1087 3903 in
1141 3837 1583 3926 Peripateticos
1625 3837 1903 3924 conjecta
1948 3851 2094 3902 sunt
2143 3837 2285 3918 tela,

600 3941 810 4007 nullus
837 3941 1239 4019 dubitaveris,
1270 3940 1421 4029 quin
1452 3940 1570 4006 hoc
1597 3963 1851 4028 quoque
1878 3939 2014 4005 loco
2040 3939 2286 4005 clancu-

600 4044 733 4109 lum
760 4059 1114 4132 tangantur.
1203 4043 1346 4108 Vid.
1391 4066 1535 4131 quae
1577 4043 1759 4131 posui
1797 4042 1879 4107 ad
1907 4065 2045 4129 cap.
2075 4063 2177 4127 13.
2220 4057 2285 4108 et

600 4148 679 4212 cf.
712 4147 1026 4213 Ciceronis
1053 4147 1244 4212 alium
1273 4169 1528 4234 quoque
1555 4144 1762 4211 locum
1794 4145 1874 4210 de
1904 4145 2086 4210 Finn.
2110 4145 2187 4209 V.
2217 4167 2281 4232 5.

603 4250 727 4316 Sed
757 4265 962 4315 tamen
999 4249 1082 4316 ad
1109 4249 1461 4338 Epicurum
1500 4248 1685 4314 etiam
1729 4245 2028 4313 nonnulla
2069 4272 2147 4313 ex
2186 4248 2283 4313 his

599 4351 964 4418 Plotinianis
990 4353 1298 4442 pertinere
1325 4351 1632 4417 videntur.

681 4493 771 4506 —
796 4476 861 4542 3.
903 4457 991 4521 Τὸ
1021 4458 1087 4521 δὲ
1116 4457 1374 4521 καθόσον
1403 4454 1629 4539 ἀξιοῦν]
1677 4452 1953 4541 Engelh.
1987 4452 2278 4518 Ficinum

595 4556 815 4646 legisse
841 4558 1179 4624 arbitratur
1200 4559 1267 4623 τὸ
1296 4559 1362 4622 δὲ
1390 4560 1590 4637 ἀξιοῦν
1612 4560 1681 4622 ἐν
1699 4561 1780 4644 τῷ
1806 4559 1930 4643 (dap
1952 4557 2059 4636 τὴν
2081 4557 2200 4621 εὗδ.
2225 4581 2276 4620 ε.

596 4661 822 4727 omisso
846 4663 1125 4741 καθόσον,
1154 4660 1328 4748 quod
1356 4684 1420 4725 se
1448 4683 1701 4748 quoque
1729 4680 2111 4746 concoquere
2153 4680 2278 4722 non

595 4785 817 4852 posse;
861 4763 1074 4852 itaque
1119 4778 1183 4829 et
1230 4764 1363 4852 ipse
1410 4762 1637 4828 omisit.
1748 4764 1845 4827 At
1891 4785 2038 4826 vero
2087 4761 2279 4826 nostri

594 4865 738 4931 libri
762 4866 843 4931 ad
872 4889 1071 4932 unum
1098 4889 1312 4932 omnes
1338 4879 1706 4954 agnoscunt,
1734 4879 1797 4930 et
1839 4864 2015 4930 locus
2055 4864 2144 4928 ita
2184 4880 2278 4929 est

595 4967 1031 5057 explicandus:
1080 4969 1265 5050 Quod
1295 4984 1503 5035 autem
1530 4978 1838 5058 quatenus
1865 4966 2107 5048 attinet,
2135 4967 2197 5032 11.
2218 4991 2275 5032 e.

594 5071 833 5150 Quodsi
863 5096 1011 5138 vero
1041 5086 1382 5161 quaeratur,
1408 5081 1715 5160 quatenus
1757 5068 2080 5136 beatitudo
2108 5070 2274 5135 exis-

593 5187 707 5253 tat,
753 5174 1048 5240 nimirum
1092 5178 1166 5240 in
1205 5183 1511 5264 φιαπωηι
1544 5176 1863 5262 pertineat
1908 5173 2149 5257 (utrum
2195 5172 2278 5239 ad

592 5300 841 5366 corpus,
869 5302 951 5344 an
978 5279 1064 5344 ad
1087 5278 1377 5357 animam,
1406 5300 1488 5342 an
1525 5277 1607 5342 ad
1634 5290 1996 5364 utrumque,
2024 5275 2152 5341 sive
2193 5275 2276 5342 ad

592 5377 874 5467 animal),
902 5380 1233 5448 ridiculum
1283 5379 1363 5446 sit
1402 5378 1487 5446 ad
1520 5380 1790 5447 animam
1826 5378 2082 5446 eandem
2127 5402 2272 5469 per-

595 5480 807 5550 tinere.

3991 607 4069 672 29

2470 790 2557 802 —
2583 775 2647 834 4
2692 752 2948 838 εὗξωΐας]
3016 753 3162 819 Vid.
3207 778 3397 843 supra
3441 756 3497 819 Ι.
3536 777 3600 837 4.
3644 776 3698 819 1.
3740 779 3807 843 p.
3841 775 3940 845 29.
3974 761 4066 823 A.

2385 854 2536 944 ibiq.
2567 870 2781 920 annot.

2468 997 2556 1010 —
2583 976 2642 1042 7.
2689 959 2755 1023 τὸ
2786 959 3154 1040 εὐδαιμονεῖν
3181 961 3383 1048 τοῦτο]
3430 961 3607 1025 Illud
3646 961 3896 1027 beatum
3941 987 4070 1028 esse

2376 1062 2509 1149 jam
2556 1077 2772 1126 notum
2824 1061 3003 1127 nobis
3054 1086 3100 1126 S.
3142 1062 3221 1127 de
3258 1085 3386 1149 quo
3429 1064 3589 1128 inter
3619 1087 3731 1129 nos
3763 1065 3894 1152 jam
3926 1089 4070 1130 con-

2389 1164 2578 1229 venit.
2638 1165 2742 1230 Cf.
2776 1165 3110 1230 Heindorf.
3141 1164 3224 1231 ad
3253 1165 3502 1231 Platon.
3534 1167 3836 1232 Phoedon.
3869 1169 3925 1252 ξ.
3955 1170 4067 1254 38.

2381 1290 2447 1355 p.
2478 1271 2587 1333 60.
2679 1267 2866 1346 Quod
2899 1267 3185 1333 Plotinus
3211 1269 3508 1334 continuo
3534 1268 3809 1358 corporis
3838 1271 4070 1351 εὐεξίαν

2381 1370 3001 1458 magnitudinemque
3043 1370 3317 1459 corporis
3362 1373 3619 1459 spernit,
3658 1372 3737 1437 de
3781 1396 3857 1438 eo
3901 1373 4069 1439 idem

2385 1473 2528 1537 111.
2555 1495 2623 1555 4.
2657 1493 2716 1540 2.
2759 1497 2826 1562 p.
2860 1475 3005 1556 284.
3049 1474 3336 1561 pluribus
3377 1475 3530 1562 agit,
3565 1475 3671 1539 ubi
3698 1475 3779 1540 de
3817 1499 4071 1541 conver-

2383 1575 2552 1641 sione
2589 1575 2909 1641 hominum
2939 1576 3004 1640 in
3033 1576 3278 1641 bestias..
3369 1578 3569 1655 Quem
3614 1577 3816 1644 locum
3861 1579 4070 1667 attigit

2383 1678 2773 1767 Philoponus
2801 1679 2867 1743 in
2895 1679 3151 1744 Aristot.
3183 1680 3262 1745 de
3290 1681 3526 1745 Anima
3557 1682 3614 1746 I.
3644 1702 3712 1762 4.
3759 1682 3849 1746 διὸ
3896 1685 3990 1747 καὶ
4034 1685 4067 1746 ὁ

2384 1788 2696 1849 Πλωτΐνσς
2722 1782 2877 1846 πάνυ
2907 1783 3075 1850 θείως
3105 1783 3382 1865 (ἀστείως
3409 1786 3549 1849 λίαν
3582 1784 3805 1849 Suidas
3831 1784 3894 1847 in
3925 1788 4065 1849 κόσ-

2380 1888 2518 1970 μος)
2570 1884 2757 1962 εἶπεν,
2805 1887 2881 1953 ὣς
2924 1887 3059 1950 ὅσοι
3107 1888 3372 1966 ἐμμανῶς
3417 1891 3564 1951 κατὰ
3609 1890 3712 1955 τὰς
3761 1891 4068 1968 open-rixas

2382 1987 2652 2068 δυνάμεις
2702 1990 3067 2070 ἐνεργοῦσιν,
3116 1989 3276 2053 οὗτοι
3328 1992 3761 2055 κινδυνεύουσιν
3813 1991 4066 2055 ἀποδεν-

2382 2094 2688 2173 δρωθῆναι.
2779 2090 2870 2154 Ut
2915 2113 3030 2155 nos
3076 2090 3374 2156 Germani
3420 2092 3819 2156 baumstarke
3845 2094 3933 2156 M
3927 2114 4068 2158 ens-

2379 2193 2531 2256 chen
2562 2216 2953 2280 usurpamus.
3042 2195 3164 2258 Est
3206 2193 3322 2257 hoc
3352 2193 3775 2258 Plotinianum
3803 2217 4067 2282 congru-

2383 2317 2490 2358 um
2520 2294 2959 2383 Pythagorica-2
3001 2294 3364 2383 disciplinae,
3400 2296 3480 2360 de
3521 2320 3651 2383 quo
3695 2295 3930 2361 multus
3971 2310 4063 2362 est

2381 2398 2774 2486 Porphyrius
2814 2397 2895 2462 de
2940 2398 3326 2463 Abstinentia
3363 2413 3428 2464 et
3466 2399 3546 2463 de
3578 2399 3720 2463 Vita
3750 2399 4065 2487 Pythago-

2380 2501 2522 2565 rica.
2623 2503 2918 2566 Ceterum
2970 2500 3034 2564 in
3094 2500 3211 2565 hoc
3260 2499 3395 2566 loco
3445 2500 3818 2580 Plotiniano,
3874 2525 4063 2589 quem

2381 2603 2570 2668 modo
2610 2603 2816 2678 citavi,
2848 2602 3076 2690 legitur
3118 2602 3299 2668 etiam
3347 2604 3610 2686 φυτικὸν,
3641 2603 3815 2692 quod
3852 2627 4057 2669 emen-

2381 2705 2693 2771 dationem
2723 2720 2994 2771 nostram
3024 2707 3180 2771 confi
3189 2720 3370 2771 rmat.

2447 2846 2535 2858 —
2553 2831 2617 2894 9.
2638 2808 3150 2892 Ἀντισηκῶσεως]
3180 2811 3299 2873 Est
3327 2796 4060 2875 vocabulum'medicum.

2383 2910 2631 2976 Foesius
2675 2911 2739 2975 in
2786 2913 3013 2977 OEcon.
3064 2910 3376 3000 Hippocr.
3423 2934 3488 3000 p.
3516 2933 3627 2994 41.
3678 2913 4065 2993 ἀντισήκωσις

2379 3028 2474 3079 est
2520 3013 2706 3079 etiam
2759 3014 3234 3095 ἀντιστάθμησις,
3289 3015 3547 3103 ‹equali-9
3595 3018 3901 3102 repensio,
3952 3016 4063 3081 ubi

2376 3115 2563 3205 plura
2588 3117 2773 3182 etiam
2801 3117 2883 3182 de
2912 3116 3103 3181 verbo
3131 3119 3548 3199 ἀντισηκῶσαι.
3596 3119 3874 3187 Zonaras
3896 3118 4059 3183 Lex.

2379 3222 2493 3285 Gr.
2541 3219 2986 3301 Ἀντισήκωσις,
3035 3221 3074 3300 ἡ
3130 3222 3538 3294 ἀνταπόδοσις,
3593 3222 3915 3302 διόρθωσις,
3971 3225 4058 3286 ἰα-

2375 3326 2561 3406 τρεία,
2593 3323 2702 3389 ubi
2734 3323 2856 3388 vid.
2884 3323 3239 3389 Tittmann.
3270 3347 3418 3411 pag.
3456 3324 3600 3408 185.
3666 3322 3806 3388 Alia
3836 3347 4061 3412 suppe-

2374 3426 2578 3492 ditant
2606 3427 2891 3515 Lennep.
2921 3425 3004 3492 ad
3033 3425 3352 3491 Phalarid.
3382 3448 3449 3513 p.
3473 3426 3613 3509 187.
3644 3442 3707 3491 et
3732 3426 4060 3493 Blomfield

2374 3528 2457 3595 ad
2488 3530 2775 3617 AEschyli
2806 3532 3028 3595 Persas
3055 3553 3117 3594 v.
3145 3548 3291 3615 443.

2459 3656 2525 3720 p.
2559 3633 2665 3715 76,
2700 3650 2756 3697 2.
2804 3631 2939 3699 νέος
2985 3630 3100 3713 ὢν]
3152 3630 3257 3696 Cf.
3290 3631 3595 3694 Nostrum
3645 3631 3704 3694 I.
3736 3632 3796 3694 6.
3843 3653 3904 3717 p.
3945 3649 4055 3715 52.

2442 3858 2593 3924 —3.
2618 3837 2934 3922 προσηνὲς]
2969 3835 3037 3900 11.
3060 3833 3106 3899 l.
3134 3849 3227 3900 est
3256 3833 3322 3898 id
3346 3833 3519 3921 quod
3546 3836 3671 3915 ἡδύ.
3707 3834 3789 3899 cf.
3814 3836 4052 3900 Annot.

2372 3939 2452 4004 ad
2481 3939 2686 4004 locum
2717 3938 2888 4004 laud.
2920 3936 3154 4002 Plotini
3183 3937 3247 4001 in
3277 3936 3575 4025 singulari
3603 3937 3872 4003 editione
3915 3936 4056 4002 libri

2370 4043 2450 4107 de
2480 4041 2914 4108 Pulcritudine
2942 4063 3006 4129 p.
3038 4060 3181 4127 192.
3211 4039 3364 4127 ibiq.
3393 4039 3611 4105 laudd.
3640 4041 3919 4127 Hesych.
3956 4041 4052 4106 11.

2368 4169 2433 4232 p.
2464 4161 2658 4231 1045.
2697 4146 2923 4211 Zonar.
2951 4144 3112 4208 Lex.
3138 4145 3253 4209 Gr.
3288 4162 3523 4231 p.223.
3583 4142 3789 4209 Foesii
3817 4144 4052 4210 Oecon.

2369 4248 2680 4337 Hippocr.
2709 4271 2772 4336 p.
2797 4267 2947 4334 322.
2980 4261 3042 4312 et
3068 4245 3220 4311 alios
3249 4246 3434 4311 locos.

2449 4387 2536 4400 —
2565 4352 2666 4416 16.
2695 4351 2830 4415 οὐδὲ
2858 4354 2975 4433 γὰρ
3005 4350 3080 4415 ἂν
3107 4349 3254 4432 πρὸς
3283 4349 3597 4430 αὐλητικὸν
3627 4348 3799 4417 τέλος
3829 4376 3882 4414 κ.
3893 4352 4050 4439 τ.λ.]

2368 4454 2474 4519 Ita
2512 4452 2726 4541 scripsi
2764 4452 3129 4518 auctoritate
3170 4451 3474 4517 librorum
3506 4452 3707 4516 MSS.
3799 4453 4054 4517 Senten-

2366 4556 2513 4622 tiam
2551 4555 2724 4644 quod
2767 4555 3011 4634 attinet,
3042 4553 3237 4643 possit
3265 4554 3555 4620 Plotinus
3594 4568 3849 4642 tangere
3876 4555 4052 4619 volu-

2362 4660 2480 4725 isse
2521 4658 2719 4724 videri
2761 4658 3159 4747 proverbium
3188 4681 3202 4722 ε
3250 4658 3505 4739 αὐλητοῦ
3545 4659 3687 4737 βίον
3724 4661 3792 4738 ζῇ
3797 4684 3844 4732 ς,
3875 4657 4050 4745 quod

2365 4762 2445 4827 de
2486 4761 2562 4827 iis
2601 4761 2947 4839 dicebatur,
2978 4760 3090 4850 qui
3118 4783 3197 4825 ex
3226 4759 3427 4825 alieno
3455 4759 3732 4825 viverent
3764 4761 3894 4844 (ἐπὶ
3934 4767 4051 4825 τῶν

2366 4868 2431 4945 ἐξ
2468 4866 2789 4948 ἀλλοτρίου
2825 4867 3147 4949 βιούντων)
3180 4861 3441 4928 testibus
3469 4861 3862 4951 Diogeniano
3890 4865 4052 4928 Cen-

2361 4980 2489 5033 tur.
2522 4968 2666 5032 ΙΙΙ.
2699 4987 2801 5048 14.
2847 4989 2908 5055 p.
2948 4985 3089 5052 199.
3119 4980 3183 5031 et
3214 4965 3409 5030 Suida
3439 4966 3497 5031 1.
3527 4988 3593 5054 p.
3614 4967 3767 5051 380.
3819 4966 4048 5053 Neque

2361 5092 2618 5159 prorsus
2653 5069 2852 5135 aliena
2880 5069 2959 5134 sit
2986 5069 3120 5135 haec
3160 5067 3462 5134 sententia
3488 5092 3528 5133 a
3552 5084 3762 5134 mente
3791 5067 4045 5147 Plotini,

2361 5172 2472 5260 qui
2521 5174 2850 5239 tibicinum
2897 5173 3226 5238 consilium
3282 5195 3332 5236 s.
3360 5174 3568 5258 finem
3618 5171 3783 5237 dicat
3828 5192 4046 5235 eorum

2361 5275 2707 5354 hominum,
2739 5275 2851 5363 qui
2891 5274 3049 5340 falso
3092 5274 3206 5339 sibi
3249 5273 3683 5362 persuadeant,
3710 5273 4043 5340 beatitudi-

2360 5401 2505 5444 nem
2546 5378 2614 5442 in
2656 5376 2845 5443 rebus
2886 5376 3099 5443 alienis
3141 5400 3192 5443 s.
3222 5376 3513 5456 externis,
3558 5400 3702 5465 quae
3744 5398 3865 5440 non
3911 5375 4048 5464 ipsa

2361 5495 2568 5548 mente
2593 5479 3011 5561 continentur,
3039 5481 3390 5571 ponendam
3419 5503 3565 5546 esse.
3655 5477 4046 5566 Engelhard·
