5118 6613
1018 554 1146 618 442

1027 716 1325 773 Parcarum
1371 705 1700 788 mysterium
1740 704 2050 799 explicatur

1778 786 1841 846 F
1827 805 1898 846 10
1930 806 1989 865 p.
2017 804 2047 842 2
2053 803 2127 861 35

1031 876 1332 934 Parcarum
1360 869 1617 950 regiones
1785 867 1906 928 Fic.
1937 888 1993 946 p.
2010 883 2131 943 450

1030 957 1336 1016 Parcarum
1365 952 1520 1012 fusus
2021 965 2126 1022 141

1034 1034 1433 1128 parricidarum
1462 1051 1632 1112 poena
1792 1029 1910 1089 Fic.
1937 1049 1992 1108 p.
2013 1029 2133 1105 438

1034 1116 1262 1196 partitio
1301 1120 1461 1194 majus
1501 1113 1578 1173 sit
1616 1110 1819 1171 animas
1853 1110 2136 1170 facultatis

1035 1294 1221 1360 partes
1268 1277 1438 1337 unius
1491 1273 1740 1353 corporis
1785 1293 1847 1333 se
1895 1207 2136 1332 invi3e⁵u⁷1

1115 1360 1399 1419 interdum
1425 1357 1641 1415 laedunt
2015 1371 2137 1429 429

1036 1442 1280 1520 partium
1308 1437 1600 1499 distinctio
2020 1452 2134 1510 373

1037 1521 1302 1616 partibile
1326 1533 1387 1580 et
1410 1517 1747 1597 impartibile
1784 1514 1917 1595 quid
1946 1515 2137 1573 Plato-

1122 1601 1262 1662 nicis
2021 1596 2134 1672 385

1040 1681 1317 1764 partibilis
1345 1679 1422 1740 rei
1452 1677 1761 1760 proprietas
2020 1696 2091 1754 31
2112 1696 2131 1735 ι

1038 1784 1275 1846 parvum
1312 1774 1372 1822 et
1412 1781 1678 1842 magnum
1705 1757 1984 1819 contraria
2019 1777 2143 1817 esse

1041 1925 1228 2007 passio
1271 1922 1601 1985 dissolutiva
1647 1935 1706 1982 et
1749 1921 2005 2000 voluptas
2024 1841 2145 1978 61117-

1122 2006 1423 2066 staurativa
2024 2020 2095 2076 41
2116 2021 2136 2060 1

1042 2088 1228 2181 passio
1255 2086 1391 2164 quid
1793 2084 1913 2143 Fic.
1945 2103 2001 2162 p.
2028 2099 2142 2159 547

1043 2169 1228 2249 passio
1262 2169 1332 2227 ab
1360 2164 1584 2226 actione
1610 2165 1898 2243 quomodo
1925 2165 2147 2223 differat

1043 2330 1229 2411 passio
1249 2329 1494 2422 aliquam
1523 2326 1805 2387 actionem
1834 2346 1948 2386 non
1970 2247 2148 2384 004116ιί5·

1125 2424 1313 2479 tatur;
1367 2409 1612 2488 aliquam
1653 2408 1806 2468 intus
1845 2407 2148 2468 comitatur

1045 2573 1366 2654 passionem
1396 2592 1511 2632 non
1534 2590 1658 2632 esse
1676 2568 1930 2650 corporis
1952 2488 2148 2648 111ιὲ121

1046 2735 1335 2828 passiones
1368 2747 1510 2814 quot
1546 2734 1732 2792 modis
1769 2733 1910 2791 fiant
1944 2743 2005 2791 et
2027 2653 2143 2790 ῗιίιιιέἰ

1129 2817 1441 2896 primantur
2031 2813 2150 2889 586

1047 2897 1339 2976 passiones
1376 2915 1411 2954 a
1437 2895 1640 2973 quibus
1683 2894 1849 2953 rebus
1888 2913 2007 2952 non
2049 2894 2148 2952 ad·

1131 2977 1430 3037 mittantur
1804 2975 1922 3033 Fic.
1952 2995 2008 3052 p.
2030 2990 2145 3050 547

1047 3057 1340 3140 passiones
1393 3055 1711 3136 corporales
1756 3075 1856 3114 cur
1901 3055 2148 3114 animam

1132 3159 1248 3199 non
1279 3149 1540 3198 moveant
2032 3152 2146 3214 305

1049 3220 1340 3300 passiones
1379 3218 1583 3279 animae
1624 3216 2012 3278 instrumentis
2044 3216 2150 3275 dif-

1132 3303 1323 3363 ferunt
2032 3315 2146 3376 375

1050 3384 1339 3478 passiones
1359 3395 1420 3442 et
1438 3381 1735 3461 qualitates
1762 3381 1989 3441 aliunde
2014 3401 2152 3440 con-

1132 3465 1350 3559 tingere
1376 3484 1564 3524 rerum
1591 3461 1851 3523 essentiis
2030 3462 2149 3521 608

1049 3546 1344 3625 passiones
1382 3544 1440 3604 in
1483 3543 1803 3624 composito
1845 3556 2133 3603 versantur

2034 3641 2149 3701 305

1049 3707 1338 3787 passiones
1378 3707 1450 3766 ad
1492 3705 1874 3785 compositum
1916 3726 1984 3765 011
2026 3725 2152 3765 cor·

1129 3808 1266 3883 pore
1291 3803 1351 3849 et
1377 3788 1568 3847 anima
1593 3788 1906 3847 referuntur
2030 3804 2102 3862 41
2124 3805 2146 3845 1

1051 3871 1339 3949 passiones
1385 3888 1683 3947 corporum
1734 3867 2020 3928 affectioni
2063 3887 2150 3926 re·

1132 3951 1420 4043 spondent
2029 3966 2150 4023 420

1053 4031 1377 4110 passionum
1405 4029 1602 4089 divisio
2031 4030 2152 4104 306

1051 4111 1375 4190 passionum
1405 4111 1570 4171 sedes
1571 4130 1723 4204 ..quae
2030 4129 2152 4183 420

1053 4194 1378 4286 passionum
1406 4191 1746 4271 principium
1771 4190 1922 4269 quod
2032 4207 2146 4269 305

1053 4272 1329 4352 passivum
1359 4272 1418 4331 in
1447 4272 1636 4331 anima
1661 4271 1798 4350 quid
2031 4273 2153 4368 306

1050 4354 1408 4432 passionibus
1434 4352 1679 4433 corporis
1706 4352 1911 4412 animae
1937 4355 2152 4434 cogita·

1133 4437 1318 4493 tiones
1347 4435 1692 4513 respondent
2032 4453 2142 4511 321

1052 4515 1288 4594 patriam
1317 4529 1569 4595 repetere
1594 4515 1727 4594 quid
2069 4531 2146 4592 57

1051 4616 1294 4676 paucum
1321 4610 1380 4657 et
1410 4597 1650 4656 multum
1678 4616 1849 4675 quare
1873 4596 2154 4655 contraria

2031 4679 2150 4752 627

1051 4779 1300 4839 pavones
1316 4779 1415 4819 cur
1433 4758 1547 4817 albi
1565 4772 1867 4819 nascantur
1885 4759 1950 4818 F.
1964 4779 2020 4836 p.
2036 4777 2147 4834 223

1052 4852 1348 4921 paupertas
1368 4854 1428 4900 et
1456 4841 1685 4899 morbus
1706 4839 1909 4919 quibus
1927 4852 1989 4899 et
2007 4860 2151 4918 quo-

1134 4922 1305 4981 modo
1333 4921 1552 5001 prosint
2038 4922 2152 4998 258

1053 5004 1260 5063 Paulus
1301 5003 1664 5062 Florentinus
1704 5002 2020 5081 astrologus

1803 5082 1925 5142 Fic.
1958 5104 2015 5161 p.
2038 5098 2148 5159 225

1052 5164 1212 5225 Pauli
1240 5164 1395 5235 illud,
1419 5164 1693 5224 Videmus
1722 5183 1875 5223 nunc
1902 5184 2003 5243 per
2029 5184 2153 5244 spe-

1131 5247 1324 5307 culum
1380 5246 1441 5304 in
1495 5245 1811 5327 aenigmate,
1865 5245 2153 5323 quomodo

1133 5326 1561 5421 intelligendum
1805 5325 1924 5384 Fic.
1954 5347 2006 5404 p.
2030 5327 2149 5400 548

1051 5420 1350 5484 peccantes
1378 5408 1549 5486 lapsis
1577 5406 1787 5466 similes
1815 5406 1933 5465 Fic.
1957 5427 2011 5485 p.
2039 5408 2142 5469 161

1053 5500 1349 5565 peccatum
1376 5489 1578 5567 duplex
2029 5504 2146 5564 473

1052 5580 1284 5645 peccata
1323 5569 1607 5647 quomodo
1647 5567 2078 5628 committantur
2114 5589 2150 5627 a

1133 5647 1298 5707 nobis
2111 5667 2145 5727 5

2210 718 2443 785 peccata
2464 725 2579 764 non
2602 703 2828 773 mentis,
2844 703 2945 763 sed
2966 701 3170 762 animat
3199 718 3310 778 207

2211 800 2443 867 peccata
2489 784 2871 845 exercitationi
2921 804 3119 843 ansam
3170 804 3312 863 prae·

2295 869 2433 926 bent
3238 864 3316 924 ib.

2213 949 2581 1028 pecuniarum
2621 946 2911 1026 aequalitas
2952 945 3105 1006 haud
3143 965 3313 1024 expe-

2295 1030 2469 1089 tenda
3240 1026 3315 1086 ib.

2215 1111 2387 1190 pedes
2422 1130 2595 1188 quare
2630 1109 2691 1169 in
2731 1107 3147 1189 longitudinem
3182 1128 3316 1187 pro·

2297 1192 2609 1252 tenduntur
3199 1189 3317 1264 746

2217 1272 2577 1352 perfectum
2561 1292 2622 1331 10
2653 1284 2909 1351 tempore
3198 1288 3317 1363 330

2216 1355 2464 1434 perfecta
2498 1353 2788 1433 quomodo
2823 1348 3170 1431 imperfectis
3206 1350 3318 1430 pri-

2299 1455 2398 1494 ora
2990 1433 3108 1492 Fic.
3131 1452 3188 1509 p.
3206 1450 3322 1505 124

2216 1515 2666 1596 perfectissima
2651 1536 2709 1574 ιο
2736 1513 2949 1573 mundo
2976 1533 3076 1573 cur
3096 1532 3321 1591 semper

2299 1609 2470 1676 agant
2973 1596 3091 1655 Fic.
3119 1614 3177 1673 p.
3201 1613 3322 1670 350

2218 1680 2465 1771 perfecta
2492 1677 2605 1737 vita
2630 1697 2757 1756 quoe
3006 1674 3127 1734 Fic.
3159 1695 3216 1753 p.
3239 1694 3321 1752 49

2221 1758 2510 1839 permistio
2545 1779 2661 1818 non
2690 1756 2956 1818 consistit
2996 1758 3054 1814 in
3097 1757 3321 1834 apposi-

2304 1843 2458 1899 tione
2972 1837 3092 1897 ffic.
3121 1858 3177 1916 p.
3201 1837 3321 1896 680

2223 1920 2663 2014 permistionem
2678 1939 2779 1999 per
2805 1932 2992 1979 totum
3020 1931 3323 1996 utrumque

2301 2023 2506 2081 eorpus
2547 2000 2667 2061 fieri
2706 2001 2994 2082 quomodo
3036 2001 3302 2139 010110ιὲ1·

3210 2099 3234 2140 ¹
3283 2101 3325 2155 4

2223 2163 2725 2322 mam&
2753 2160 3326 2337 ...μωξιῖξιὲἱῖἰ

2305 2327 2725 2386 Platonicorum
2769 2326 2841 2384 de
2884 2323 3150 2388 felicitate
3195 2344 3325 2384 sen·

2305 2407 2543 2467 tentiam
2574 2419 2908 2487 oppugnant
3246 2423 3320 2481 33

2224 2489 2724 2568 Peripateticorum
2751 2488 3031 2547 sententia
3059 2506 3229 2546 nemo
3251 2486 3330 2546 fe-

2307 2570 2382 2628 lix

2228 2651 2522 2710 Persarum
2572 2652 2734 2731 Magi
2780 2650 2853 2709 ad
2894 2650 3137 2727 Moysen
3183 2586 3332 2708 211114

2308 2733 2455 2792 dunt
2984 2729 3100 2790 Fic.
3131 2751 3186 2809 p.
3216 2745 3325 2807 135

2229 2814 2677 2892 perturbationes
2686 2811 2939 2891 corporis
2948 2810 3155 2891 potius,
3159 2831 3328 2890 quam

2310 2894 2515 2953 animae
3290 2911 3331 2965 4

2229 2975 2678 3055 perturbationes
2730 2979 2890 3054 cujus
2944 2972 3077 3040 sint,
3132 2970 3329 3052 opinio

2227 3057 2677 3216 pertssilffaiionoe
2699 3136 2865 3196 nobis
2886 3134 3174 3215 quomodo
3190 3073 3330 3194 fianl:

2228 3300 2713 3379 perturbationum
2741 3298 2899 3379 origo
3216 3231 3325 3373 143

2229 3383 2526 3475 phantasia
2551 3380 2688 3459 quid
2992 3400 3046 3456 5.
3080 3379 3174 3437 82.
3204 3395 3323 3455 307

2228 3461 2527 3542 phantasia
2552 3462 2902 3540 praefigurata
3217 3479 3327 3520 100

2226 3545 2564 3622 phantasma
2592 3543 2740 3602 unde
2767 3540 3061 3621 proveniat
3208 3558 3323 3618 395

2228 3624 2574 3684 Phavorinus
2596 3623 2964 3717 philosophus
2990 3623 3108 3681 Fic.
3131 3643 3191 3702 p.
3214 3641 3322 3682 221

2232 3706 2432 3765 Phoebi
2456 3709 2537 3765 vis
2559 3705 2616 3764 in
2638 3704 3003 3765 conversione
3026 3705 3146 3762 bic.
3172 3725 3225 3782 p.
3250 3723 3330 3779 34

2227 3786 2562 3847 Pboenicum
2593 3786 2878 3867 theologia
2977 3787 3095 3845 Fic.
3124 3806 3182 3865 p.
3216 3786 3327 3844 168

2228 3868 2574 3948 Pheoecydes
2602 3868 2967 3946 philosophus
3207 3886 3321 3943 491

2228 3949 2514 4008 Philolaus
2545 3948 2942 4029 Pythagoricus
2985 3947 3102 4006 Fic.
3134 3968 3189 4026 p.
3219 3949 3327 4006 168

2227 4030 2470 4090 Philolai
2498 4030 2751 4090 definitio
2779 4031 2851 4091 de
2878 4049 3115 4089 numero
3207 4030 3319 4087 681

2227 4111 2472 4171 Philetas
2498 4119 2671 4190 poeta
2988 4110 3105 4170 Fic.
3134 4130 3188 4188 p.
3207 4128 3326 4186 409

2227 4192 2549 4271 philosophi
2578 4204 2778 4251 natura
3251 4209 3320 4248 21

2228 4273 2567 4353 philosopho
2596 4270 2990 4332 mathematica
3017 4270 3327 4331 necessaria

3253 4370 3328 4410 20

2227 4434 2694 4528 philosophorum
2740 4446 2987 4493 veterum
3036 4433 3109 4491 de
3161 4433 3329 4492 rebus

2309 4516 2654 4576 naturalibus
2671 4514 2812 4573 falsa
2826 4514 3021 4592 opinio
3047 4515 3112 4573 F.
3136 4535 3190 4592 p.
3207 4515 3322 4591 625

2228 4596 2728 4690 philosophorum
2714 4594 2940 4675 ingenia
2955 4594 3207 4654 conciliis
3229 4616 3328 4673 pa-

2309 4691 2460 4737 trum
2488 4677 2837 4772 subjicienda
3025 4676 3144 4736 Fic.
3174 4697 3230 4755 p.
3257 4695 3328 4754 ¹9

2228 4759 2641 4839 philowphici
2626 4757 2841 4834 ingenii
2862 4770 3063 4819 natura
3084 4760 3150 4818 F.
3174 4779 3229 4836 p.
3250 4776 3325 4833 37

2230 4841 2587 4920 philosophia
2613 4838 2743 4918 quid
3254 4858 3321 4899 21

2228 4922 2585 5001 philosophia
2622 4934 2883 4981 naturam
2922 4932 3105 4981 mutat

2310 5082 2322 5096 .
2978 5002 3098 5061 Fic.
3126 5022 3183 5080 p.
3208 5018 3325 5078 407

2230 5082 2598 5161 philosophiae
2627 5095 2816 5161 partes

2229 5163 2602 5243 philosophia
2612 5176 2671 5222 et
2680 5161 2983 5222 dialecticae
3002 5101 3286 5223 collatio2
3254 5184 3284 5222 2
3299 5183 3322 5222 1

2229 5245 2672 5338 physiognomiae
2701 5243 2949 5304 officium
3218 5263 3328 5319 140

2228 5325 2582 5404 physicorum
2665 5338 2727 5385 et
2804 5324 3330 5385 mathematicorum

2308 5406 2604 5465 contentio
2979 5407 3097 5466 Fic.
3127 5427 3186 5485 p.
3213 5408 3330 5466 216

2225 5485 2464 5565 piscium
2507 5487 2731 5568 signum
2773 5487 2925 5547 unde
2964 5488 3181 5548 dictum

2977 5570 3096 5628 Fic.
3127 5589 3184 5648 p.
3210 5587 3325 5627 210

2227 5647 2389 5708 Plato
2420 5649 2597 5709 multa
2623 5649 2693 5708 de
2722 5669 2912 5710 amore
2939 5649 3161 5731 scripsit
3209 5669 3316 5728 291

2020 530 2332 596 INDEX
2377 531 2725 598 RERUM
2772 530 2899 594 ΕΤ
2947 527 3496 596 VERBORUM.

3390 701 3553 761 Plato
3582 704 3836 782 poeticus
4143 707 4261 766 Fic.
4291 727 4348 786 p.
4373 708 4495 803 506

3391 784 3555 844 Ρ1210
3599 787 3925 863 mysterium
3952 786 4293 848 christiam
4328 789 4494 846 trini·

3474 865 3605 924 tatis
3634 865 3886 928 imitatur
4142 871 4261 929 Fic.
4293 889 4349 962 p.
4375 888 4486 946 523

3391 946 3645 1008 Platonis
3685 947 3757 1010 de
3799 949 4032 1008 materia
4070 950 4354 1010 sententia
4393 971 4492 1009 ex.

3473 1027 3711 1106 plicatur
4418 1048 4491 1107 77

3392 1108 3648 1168 Platonis
3674 1109 3745 1170 de
3772 1109 3961 1170 animo
3988 1112 4275 1173 muna
4378 1112 4494 1187 706

3394 1190 3648 1250 Platonis
3700 1191 3969 1271 spelunca
4021 1207 4081 1253 et
4132 1193 4495 1272 Empuloelis

3397 1285 3700 1446 mazam
3713 1273 3998 1448 3111111121ἰο
4053 1355 4129 1415 da
4190 1275 4496 1415 fonuiffrr’»

3480 1448 3713 1493 metens
3738 1447 4042 1496 existenna
4376 1455 4445 1513 31
4469 1456 4490 1496 ι

3398 1513 3653 1573 Platonis
3704 1529 3766 1574 et
3819 1516 4021 1575 Galeni
4088 1516 4375 1577 sententia
4424 1518 4497 1577 de

3480 1596 3653 1655 modo
3675 1596 3905 1658 videndi
4143 1598 4265 1657 Fic.
4294 1619 4352 1678 p.
4374 1616 4491 1675 342

3394 1675 3652 1740 Platonis
3678 1697 3845 1738 aurea
3870 1678 4150 1738 sententia
4197 1679 4315 1739 Fic.
4346 1700 4400 1758 p.
4424 1698 4493 1754 17

3394 1757 3652 1817 Platonis
3688 1770 3748 1818 et
3780 1759 3991 1820 Plotini
4032 1762 4330 1839 antiquum
4371 1781 4495 1821 ora·

3478 1838 3666 1898 culum
4193 1841 4311 1901 Fic.
4337 1862 4395 1935 p.
4418 1860 4492 1920 95

3398 1919 3654 1979 Platonis
3702 1921 3774 1980 de
3820 1941 4057 2001 corpore
4107 1922 4391 1983 sententia
4436 1938 4500 1983 ut

3476 2001 3845 2081 intelligenda
4384 2023 4449 2063 21
4461 2021 4495 2081 5

3396 2081 3817 2144 Platonicorum
3846 2095 3908 2143 et
3933 2083 4387 2146 Christianorum
4426 2086 4497 2144 de

3476 2163 3752 2244 principio
3779 2164 3963 2244 primo
3988 2166 4189 2226 endem
4216 2167 4500 2227 sententia

3397 2325 3627 2406 planeta
3652 2325 3933 2406 angularis
3961 2325 4086 2405 quis
4151 2327 4271 2386 Fic.
4300 2347 4356 2407 p.
4379 2266 4497 2387 {gg

3399 2408 3627 2487 planeta
3655 2407 4008 2488 retrogradus
4148 2408 4270 2469 Fic.
4300 2430 4356 2488 p.
4386 2429 4415 2470 2
4432 2430 4497 2468 ιο

3400 2487 3629 2566 planeta
3653 2487 3898 2548 directus
4422 2491 4496 2550 ib.

3398 2569 3627 2649 planeta
3650 2569 3939 2649 planetam
3959 2571 4248 2649 quomodo
4267 2571 4500 2651 aspiciat

4148 2651 4267 2713 ffic.
4386 2672 4494 2713 212

3400 2731 3685 2811 planetam
3714 2734 3786 2792 ab
3813 2732 4022 2812 angulo
4046 2734 4246 2792 cadere
4252 2675 4403 2813 qiiid
4430 2735 4502 2792 sit

4151 2815 4272 2876 Fic.
4298 2836 4356 2894 p.
4386 2818 4497 2874 208

3400 2892 3642 2972 planete
3670 2893 3841 2974 longe
3866 2913 3901 2952 a
3926 2894 4161 2953 zodiaco
4421 2898 4497 2957 ib.

3403 2974 3642 3052 planetae
3662 2994 3777 3033 non
3796 2974 4039 3054 diligunt
4051 2996 4377 3054 quenquam
4391 2997 4413 3036 1
4426 2996 4499 3053 37

3402 3055 3647 3134 planetae
3671 3055 3928 3116 sentiunt
4208 3057 4325 3118 Fic.
4348 3079 4402 3135 p.
4422 3060 4501 3132 46

3404 3136 3657 3198 Planetae
3689 3135 3938 3216 corporis
3980 3138 4283 3198 conferunt
4324 3160 4500 3200 mem·

3484 3218 3600 3276 bris
4156 3219 4273 3279 Fic.
4303 3241 4359 3300 p.
4388 3222 4500 3280 218

3402 3298 3646 3378 planete
3675 3297 3886 3361 mutuis
3912 3298 4142 3361 sedibus
4170 3321 4287 3361 non
4313 3302 4500 3363 delec-

3485 3393 3680 3440 tantur
4388 3401 4499 3460 139

3404 3462 3644 3541 planetae
3653 3461 3977 3541 aspectibus
3988 3483 4101 3523 non
4121 3475 4407 3523 mutantur
4421 3465 4496 3523 ib.

3404 3543 3643 3622 planete
3670 3563 3704 3602 a
3728 3544 3966 3604 zodiaco
3992 3557 4223 3605 remote
4385 3563 4494 3621 137

3404 3624 3645 3703 planete
3688 3644 3827 3683 num
3866 3644 3931 3685 se
3967 3625 4203 3685 invicem
4247 3625 4475 3685 oderint

4153 3706 4271 3765 Fic.
4297 3728 4353 3785 p.
4385 3726 4491 3766 211

3405 3785 3648 3865 planetae
3668 3786 3742 3845 de
3767 3787 3932 3846 rebus
3958 3786 4366 3849 universalibus
4391 3788 4498 3928 silg-

3488 3888 3563 3926 na
3589 3868 3842 3947 praebent

3405 3947 3646 4027 0120οω
3683 3968 3800 4007 000
3832 3948 4043 4009 cedunt
4078 3951 4139 4008 in
4179 3962 4343 4010 tense
4377 3970 4500 4011 um-

3487 4031 3644 4088 bram
4394 4050 4503 4109 139

3404 4112 3658 4190 planetas
3685 4129 3803 4170 non
3831 4123 4049 4170 mutare
4084 4124 4343 4171 naturam
4379 4112 4503 4172 loeo

3484 4191 3732 4271 quinque
3771 4192 4084 4251 rationibus
4125 4195 4397 4272 probatur

3727 4353 3746 4412 l
4158 4273 4275 4333 Fic.
4306 4295 4365 4353 p.
4389 4276 4501 4333 208

3406 4352 3647 4432 planete
3687 4373 3726 4432 p
3751 4373 3875 4413 ures
3913 4373 4085 4433 quam
4126 4368 4343 4495 affini

4391 4455 4497 4495 221

3406 4513 3687 4594 planetas
3671 4515 3802 4573 irati
4308 4456 4364 4516 p·
4393 4534 4503 4594 137

3407 4596 3758 4692 planetarum
3779 4593 3921 4655 vires
3941 4594 4001 4655 in
4020 4596 4361 4656 exornandis
4386 4602 4505 4659 ani-

3489 4679 3598 4737 mis
4162 4679 4279 4737 Fic.
4308 4700 4363 4756 p.
4391 4681 4505 4738 216

3406 4757 3760 4837 planetarum
3785 4756 4039 4817 actiones
4065 4761 4355 4836 quomodo
4382 4781 4503 4821 mu·

3490 4852 3682 4899 tentur
4396 4858 4503 4918 137

3407 4919 3759 5000 planetarum
3789 4919 3946 4979 nulla
3971 4919 4251 4980 discordia

3407 5001 3757 5080 planetarum
3768 5000 4507 5083 significationesregionum

3486 5081 3806 5143 diversitate
3831 5095 4121 5142 mutantur
4159 5084 4283 5145 Fic.
4312 5104 4506 5163 p.409

3406 5163 3758 5242 planetarum
3800 5163 4229 5239 conjunctiones
4269 5185 4489 5244 magnae

4165 5245 4279 5306 Fic.
4307 5267 4361 5324 p.
4390 5248 4507 5321 238

3406 5325 3755 5403 planetarum
3784 5325 4159 5405 tranquillitas
4391 5345 4414 5384 1
4428 5329 4507 5403 38

3404 5407 3755 5484 planetarum
3802 5407 4049 5467 officium
4098 5407 4156 5466 in
4208 5407 4509 5467 formando

3484 5487 3623 5547 foetu
4161 5487 4277 5548 Fic.
4304 5509 4364 5567 p.
4392 5509 4425 5548 2
4441 5493 4509 5549 16

3400 5569 3752 5648 planetarum
3781 5569 3972 5628 mistio
4397 5573 4510 5647 138

3405 5651 3757 5729 planetarum
3786 5650 3983 5710 divisio
4397 5670 4509 5729 137
