5118 6613
1394 540 1595 605 LIB.
1633 541 1772 605 111.
1819 541 2278 606 ENNEAD.
2329 542 2724 607 SEXTAE.
2770 566 2837 632 p.
2874 545 3318 628 1163—1172.

623 718 683 781 αἱ
712 716 884 798 ἄκραι
912 718 1030 779 τῶν
1049 711 1252 793 μέσων
1275 713 1620 796 κνριῶτεραί
1638 716 1757 778 είσι
1784 710 1928 796 πρὸς
1956 716 2312 789 ἀπόστασιν,

623 818 718 882 καὶ
746 815 865 882 ἀπὸ
896 822 1015 880 τῶν
1043 817 1239 899 ἄκρων
1266 819 1341 880 τὰ
1368 815 1529 896 μέσα
1560 816 1666 881 τὸν
1694 818 1837 899 ὅρον
1866 817 2187 899 λαμβάνει,
2224 819 2318 883 καὶ

623 919 739 985 ἀπὸ
782 925 900 984 τῶν
940 919 1226 983 ἐναντίων
1264 921 1339 983 τᾶ
1379 920 1614 999 μεταξὺ,
1643 917 1682 1000 ἢ
1728 923 1876 986 κατὰ
1918 924 2250 1004 σύγκρισιν,
2281 920 2318 1002 ἢ

622 1020 742 1087 κατ’
774 1022 1040 1104 ἔμφασιν
1070 1022 1166 1085 καὶ
1197 1020 1320 1085 καθ’
1355 1023 1688 1103 ὁμοιότητα,
1717 1020 1755 1103 ἢ
1789 1027 1937 1088 κατὰ
1965 1025 2313 1107 παράθεσιν,

619 1121 657 1205 ἢ
702 1123 824 1190 κατ’
856 1126 1054 1189 ἄλλον
1096 1125 1336 1206 τρόπον.
1393 1126 1490 1191 καὶ
1537 1127 1589 1190 εἶ
1630 1127 1744 1206 μὲν
1786 1129 1933 1190 κατὰ
1972 1129 2320 1208 μεταβολὴν

624 1228 739 1292 ἀπὸ
783 1231 887 1291 τοῦ
932 1226 1132 1309 ἑτέρου
1182 1229 1452 1292 ἐναντίου
1499 1230 1582 1296 εἷς
1627 1226 1696 1293 τὸ
1742 1229 1945 1311 ἕτερον
1988 1233 2085 1294 διὰ
2130 1230 2319 1311 μέσου

621 1331 891 1411 πρόεισιν
920 1331 956 1409 ἡ
982 1329 1243 1411 γένεσις,
1276 1332 1417 1410 ἐνῆν
1460 1330 1689 1413 λέγειν,
1729 1332 1808 1399 ὥς
1850 1336 1947 1397 διὰ
1988 1337 2093 1397 τοῦ
2132 1333 2320 1413 μέσου

623 1435 1041 1515 προχωροῦντα
1069 1435 1145 1496 τὰ
1173 1433 1415 1497 ἐναντία
1446 1435 1772 1517 ἀφίσταται
1801 1434 1897 1499 ἀπ’
1930 1436 2233 1517 ἀλλήλων.
2268 1440 2322 1502 εἶ

627 1537 692 1598 δὲ
722 1535 857 1598 οὔτε
883 1535 1213 1615 μεταβολὴ,
1246 1537 1380 1599 οὔτε
1423 1535 1663 1618 γένεσις
1692 1542 2012 1619 θεωρεῖται,
2045 1539 2183 1603 ἀλλ’
2215 1541 2319 1622 ἀρ-

624 1640 787 1722 χηγὰ
816 1640 891 1701 τᾶ
919 1638 1068 1719 ἄκρα
1101 1639 1230 1702 ἐστὶ
1261 1637 1385 1702 καθ’
1421 1641 1619 1713 ἑαυτὰ,
1652 1640 1750 1704 καὶ
1788 1641 1857 1703 οὗ
1902 1644 2050 1705 κατὰ
2093 1643 2325 1722 κίνησιν

626 1743 722 1805 διὰ
765 1746 881 1803 τῶν
919 1739 1123 1820 μέσων
1163 1743 1571 1822 παραγόμενα,
1601 1742 1708 1806 οὐκ
1752 1741 1827 1806 ἂν
1868 1743 2173 1823 λαμβάνοι
2214 1745 2323 1825 τὴν

626 1843 963 1906 ἀπόστασιν
990 1841 1107 1906 ἀπὸ
1138 1848 1256 1907 τῶν
1282 1842 1505 1922 μέσων,
1541 1845 1700 1909 ὥστε
1741 1844 1860 1910 οὐδ’
1894 1846 1969 1910 ἂν
2000 1846 2097 1911 ἀπ’
2131 1848 2324 1911 αὐτῶν

625 1943 691 2008 τὸ
738 1944 909 2018 εἶναι,
951 1949 1162 2031 πολλῷ
1208 1947 1272 2009 δὲ
1313 1951 1554 2026 μᾶλλον
1587 1946 1707 2011 κατ’
1742 1949 1923 2028 αὐτὴν
1951 1951 2059 2028 τὴν
2087 1950 2325 2034 μορφὴν

627 2047 723 2111 καὶ
765 2046 874 2125 τὴν
919 2047 1128 2127 ταύτης
1172 2050 1482 2130 ἑτερότητα
1528 2048 1636 2127 τὴν
1684 2051 2005 2126 διάστασιν
2049 2057 2320 2137 εἴληφεν,

625 2153 771 2215 ὅταν
795 2152 915 2214 ὅλα
942 2151 1105 2214 ὅλων
1134 2151 1493 2233 διαφέροντα
1536 2153 1840 2235 φαίνηται.
1887 2156 2052 2218 ἀλλὰ
2078 2154 2146 2217 τὸ
2176 2161 2320 2235 ξαν-

626 2254 733 2319 θὸν
754 2257 835 2339 τῷ
863 2257 1054 2340 λευκῷ
1085 2252 1232 2317 κατά
1259 2279 1333 2336 γε
1361 2258 1570 2318 τοῦτον
1589 2255 1695 2318 τὸν
1717 2254 2024 2338 διορισμὸν
2054 2259 2324 2323 ἐναντίον

625 2357 813 2429 ἔσται,
844 2353 881 2436 ἢ
911 2358 1024 2439 οὐχ
1068 2358 1246 2422 οὕτως
1291 2356 1457 2440 ἔχει;
1504 2356 1573 2420 τὸ
1619 2361 1734 2441 γὰρ
1778 2360 1998 2439 ξανθὸν
2035 2360 2325 2442 ἐγγύτητά

626 2484 760 2524 τινα
803 2459 931 2543 ἔχει
973 2458 1121 2541 πρὸς
1161 2459 1228 2522 τὸ
1272 2459 1510 2534 λευκὸν,
1544 2461 1622 2528 ὧς
1664 2462 1758 2525 καὶ
1787 2464 1820 2525 ὁ
1852 2462 2115 2527 Πλάτων
2146 2466 2213 2527 ἐν
2242 2468 2321 2550 τῷ

623 2563 850 2648 Τιμαίῳ
878 2569 1341 2644 προσομολογεῖ,
1379 2564 1474 2626 καὶ
1508 2561 1932 2645 Ἀριστοτέλης
1972 2568 2039 2629 ἐν
2066 2570 2146 2651 τῷ
2188 2567 2322 2648 περὶ

626 2665 958 2745 αἰσθήσεως
1004 2666 1098 2729 καὶ
1149 2667 1462 2746 αἰσθητῶν·
1525 2668 1853 2749 ἀμφότεροι
1906 2670 2020 2750 γὰρ
2070 2669 2204 2750 περὶ
2253 2669 2322 2733 τὸ

626 2769 864 2845 λευκὸν,
896 2770 972 2836 ὥς
1012 2770 1318 2851 συγγενὲς,
1351 2770 1458 2848 τὴν
1485 2769 1820 2834 ὑπόστασιν
1846 2770 2183 2853 παράγουσι
2221 2775 2324 2835 τοῦ

627 2876 865 2953 ξανθοῦ,
896 2873 1132 2953 τρόποις
1159 2873 1271 2950 μὲν
1302 2870 1654 2953 διαφέρουσι
1680 2874 1975 2955 χρώμενοι
2004 2878 2104 2952 τῆς
2131 2899 2319 2955 παρα-

628 2979 841 3059 γωγῆς,
874 2975 941 3039 ἓν
970 2977 1034 3038 δὲ
1063 2978 1231 3037 τοῦτο
1274 2978 1435 3054 κοινῇ
1481 2978 2043 3057 συνομολογοῦντες,
2075 2976 2152 3041 ὧς
2196 2975 2323 3058 ἔχει

626 3077 1059 3162 παρακειμένην
1087 3080 1220 3141 τινὰ
1250 3076 1513 3159 ἔμφασιν
1542 3075 1609 3139 τὸ
1640 3077 1859 3156 ξανθὸν
1885 3077 2032 3159 πρὸς
2072 3078 2140 3141 τὸ
2180 3085 2320 3141 λευ-

630 3184 749 3246 κόν.
795 3181 1066 3259 πεισθείη
1098 3178 1144 3243 δ’
1177 3181 1252 3243 ἄν
1280 3204 1367 3246 τις
1393 3184 1562 3243 τοῦτο
1590 3182 1801 3265 ῥᾳδίως
1831 3182 1925 3244 καὶ
1953 3180 2070 3244 ἀπὸ
2101 3185 2201 3260 τῆς
2229 3184 2317 3244 αι’,-

629 3284 914 3366 σθήσεως.
963 3283 1032 3347 οὐ
1061 3285 1175 3365 γὰρ
1212 3284 1423 3362 ὁμοίως
1466 3282 1839 3363 διατιθέμεθα
1882 3285 1956 3348 τᾶ
1997 3287 2183 3349 λευκὰ
2221 3284 2323 3348 καὶ

631 3392 816 3468 ξανθὰ
856 3386 1293 3468 παρατιθέντες,
1329 3387 1423 3450 καὶ
1465 3390 1540 3449 τὰ
1581 3389 1769 3450 λευκὰ
1813 3388 1907 3451 καὶ
1949 3387 2204 3467 μέλανα.
2250 3390 2325 3451 τὰ

631 3493 746 3574 γὰρ
775 3493 961 3570 ξανθὰ
992 3494 1345 3570 θεωροῦντες
1382 3491 1542 3570 παρὰ
1570 3493 1644 3553 τᾶ
1671 3493 1875 3564 λευκὰ,
1908 3491 1977 3552 οὔ
2009 3488 2200 3570 πάντῃ
2242 3492 2324 3557 εἰς

633 3595 907 3658 ἐναντίαν
937 3594 1216 3672 αἴσθησιν
1243 3593 1702 3671 μεταπίπτομεν,
1737 3594 1813 3659 ὡς
1854 3594 1989 3675 περὶ
2031 3599 2148 3656 τῶν
2194 3592 2322 3657 ἑτέ-

629 3721 749 3777 ρων
774 3695 1203 3777 διακρινόμενοι
1244 3695 1338 3757 καὶ
1378 3695 1848 3775 συγκρινόμενοι.
1899 3696 2080 3762 οὕτως
2123 3696 2189 3758 δὲ
2228 3695 2324 3758 καὶ

630 3802 704 3862 τὰ
745 3799 941 3878 άμεσα
987 3797 1225 3861 ἐναντία
1271 3796 1459 3869 ἔσται,
1491 3798 1675 3876 μηδὲν
1706 3797 1924 3880 ἔχοντα
1953 3796 2166 3860 ταύτὸν
2199 3796 2320 3860 κατ’

635 3901 802 3975 εἶδος,
831 3900 941 3964 κᾶν
967 3900 1047 3980 μὴ
1073 3897 1111 3979 ᾗ
1139 3924 1273 3963 τινα
1299 3899 1516 3979 μεταξὺ
1542 3899 1732 3969 αὐτῶν
1764 3900 2321 3982 ἐπαμφοτερίζοντα.

632 4003 700 4067 οὗ
728 4006 843 4085 γὰρ
872 4002 989 4066 ἀπὸ
1017 4009 1134 4066 τῶν
1161 4002 1382 4081 μέσων,
1405 4000 1543 4065 ἀλλ’
1571 4002 1687 4066 ἀπὸ
1718 4006 1819 4082 τῆς
1849 4009 1965 4066 τῶν
1995 4004 2156 4066 ὅλων
2186 4004 2324 4066 ἰδιό-

630 4134 798 4189 τητος
826 4108 945 4187 ἔξει
972 4107 1079 4186 τὴν
1109 4108 1478 4171 ἐναντίωσιν.
1509 4109 1583 4170 τὰ
1612 4108 1675 4169 δὲ
1704 4105 1862 4186 μέσα
1891 4106 1995 4169 οὗκ
2026 4106 2195 4168 ἔσται
2224 4106 2320 4167 ἐν-

632 4212 822 4285 αντία,
853 4212 1000 4274 διότι
1031 4212 1160 4293 ἔχει
1188 4209 1254 4271 τὸ
1286 4210 1503 4287 κοινὸν,
1539 4210 1632 4272 καὶ
1662 4209 2055 4288 συνεμφαίνει
2099 4209 2325 4273 ἑαυτοῖς

631 4316 843 4396 ὁμοίως
884 4314 1061 4395 ἄμφω
1091 4315 1165 4376 τᾶ
1196 4313 1453 4376 ἐναντία.
1500 4311 1567 4374 τὸ
1597 4312 1662 4375 δὲ
1690 4309 1918 4393 λέγειν,
1950 4312 2027 4377 ὡς
2055 4313 2107 4374 εἰ
2133 4310 2213 4390 μὴ
2242 4313 2323 4395 τῷ

633 4420 822 4504 λευκῷ
875 4416 969 4480 καὶ
1018 4419 1097 4501 τῷ
1147 4414 1364 4494 μέλανι
1424 4414 1589 4477 ἐστὶν
1640 4415 1910 4478 ἐναντίον
1960 4412 2028 4476 τὸ
2079 4411 2318 4492 ξανθὸν,

634 4522 803 4606 ἄλλῳ
830 4518 905 4601 γέ
932 4543 1049 4582 τινι
1089 4519 1257 4581 ἔσται
1294 4518 1588 4589 ἐναντίον,
1618 4522 1924 4586 παντελῶς
1964 4518 2187 4580 ἄτοπόν
2218 4517 2320 4579 ἐσ-

633 4649 725 4687 τιν
754 4626 787 4685 ὀ
817 4624 932 4704 γὰρ
963 4623 1030 4684 ἐν
1060 4621 1330 4700 συμιίξει
1357 4617 1393 4699 ἢ
1425 4619 1684 4699 ἐμφάσει
1717 4626 1833 4682 τῶν
1865 4620 2148 4684 ἐναντίων
2178 4644 2320 4682 συν·

637 4728 865 4807 έστηκε,
899 4726 995 4790 καὶ
1022 4724 1258 4790 οὐδενὸς
1302 4723 1503 4801 διέστη
1532 4723 1641 4801 τὴν
1668 4724 1959 4801 πλείστην
1989 4720 2319 4794 διάστασιν,

634 4837 755 4898 πῶς
796 4830 872 4893 ἂν
912 4832 969 4893 εἴ
1011 4853 1126 4891 τινι
1177 4828 1489 4898 ἐναντίους
1539 4827 1701 4889 ἀλλὰ
1744 4828 1928 4887 ταῦτα
1973 4824 2326 4904 οἰκειότερον

633 4938 743 5016 μὲν
768 4932 843 4997 ἂν
875 4934 941 4995 ἐν
969 4936 1089 4997 τοῖς
1120 4932 1250 5008 ἑξῆς
1280 4927 1511 5010 ἐῤῥήθη,
1546 4928 1690 4991 ἔνθα
1718 4924 2127 5008 προηγουμένη
2161 4927 2321 5008 γίνε-

633 5062 728 5100 ται
754 5037 792 5115 ἡ
819 5040 937 5097 τῶν
968 5033 1250 5096 ἐναντίων
1280 5032 1653 5094 διδασκαλία.
1687 5031 1816 5113 ἔχει
1845 5031 1909 5093 δὲ
1942 5030 2036 5092 καὶ
2067 5034 2172 5092 νῦν
2195 5054 2327 5092 τινα

633 5140 821 5221 λόγον
848 5135 994 5218 πρὸς
1021 5136 1154 5201 τοὺς
1183 5134 1606 5216 ἀντιλέγοντας
1631 5141 1751 5202 τοῖς
1777 5133 1891 5198 ὑπὸ
1921 5138 2025 5196 τοῦ
2054 5130 2324 5215 Ἀριστο-

633 5241 838 5307 τέλους
866 5236 1188 5321 εἰρημένοις
1217 5239 1637 5318 ἀγωνιζόμενα.

718 5367 785 5431 p.
812 5364 840 5406 1
859 5346 999 5427 163,
1021 5341 1081 5404 8.
1115 5338 1151 5418 ἢ
1174 5342 1264 5402 ὅτι
1292 5339 1359 5402 τὸ
1385 5338 1567 5421 φαιὸν
1599 5337 1892 5421 ἐγγυτέρω
1925 5337 2146 5424 κ.τ.λ.]
2182 5335 2323 5399 Vid.

638 5447 791 5511 Plat.
827 5448 992 5532 Rep.
1025 5444 1161 5508 IX.
1191 5445 1338 5527 585.
1373 5444 1461 5505 A.
1496 5465 1562 5529 p.
1588 5460 1738 5524 451.
1771 5438 1973 5503 Bekk.
2004 5454 2068 5501 et
2098 5437 2323 5502 Timae.

640 5574 701 5637 p.
720 5552 825 5615 68.
872 5572 938 5636 p.
969 5566 1070 5633 95.
1164 5544 1439 5632 Respicit
1478 5559 1683 5608 autem
1731 5557 1939 5606 noster
1969 5540 2328 5604 Aristotelis

3964 561 4089 630 357

2406 716 2728 803 Categorr.
2762 715 2965 780 VIII.
2997 716 3071 780 6:
3121 716 3216 780 καὶ
3246 716 3375 780 ἔστι
3403 713 3478 797 γέ
3505 741 3561 779 τι
3589 716 3811 780 τούτων
3840 716 3956 779 ἀνὰ
3987 714 4092 795 μέ-

2405 841 2536 883 σον·
2585 820 2714 882 οἷον
2741 822 2846 882 τοῦ
2870 820 2983 898 μὲν
3012 823 3227 883 λευκοῦ
3256 819 3351 883 καὶ
3378 823 3483 882 τοῦ
3508 818 3769 898 μέλανος
3806 817 3876 882 τὸ
3912 817 4096 899 φαιὸν

2405 921 2501 985 καὶ
2543 920 2612 984 τὸ
2657 919 2853 1004 ὠχρὸν
2895 920 2989 984 καὶ
3031 922 3150 985 ὅσα
3193 924 3357 987 ἄλλα
3397 923 3694 1005 χρῶματα.
3767 921 3873 987 Cf.
3906 919 4095 985 Pselli

2406 1025 2661 1103 Πόνημα
2699 1021 2991 1105 Ἰατρικὸν
3030 1023 3090 1086 in
3133 1023 3538 1089 Boissonadio
3567 1024 3911 1090 Anecdott.
3945 1025 4095 1090 Grr.

2406 1125 2463 1190 Ι.
2498 1147 2563 1211 p.
2598 1145 2738 1209 193.
2769 1148 2930 1212 sqq„
2962 1126 3070 1191 ubi
3102 1126 3286 1215 plura
3326 1126 3406 1192 de
3447 1127 3757 1194 coloribus
3797 1128 4097 1217 leguntur

2404 1227 2549 1292 inde
2576 1252 2615 1291 a
2642 1250 2729 1291 VS.
2751 1231 2917 1308 448:
2957 1229 3037 1293 de
3068 1230 3186 1295 hoc
3213 1229 3416 1295 colore
3445 1231 3672 1297 ibidem
3700 1231 3871 1297 haec:
3921 1233 4100 1312 Μίξις

2405 1332 2473 1396 τὸ
2502 1331 2688 1415 φαιὸν
2715 1332 3040 1415 χρωμάτων
3072 1335 3374 1398 ἐναντίων.
3426 1334 3533 1398 Ad
3566 1358 3709 1421 quae
3734 1333 4094 1399 Boissonad.

2405 1457 2469 1521 p.
2510 1454 2653 1518 194.
2686 1458 2763 1498 ex
2798 1435 3143 1500 Herodiani
3173 1436 3633 1524 Epimerismm.
3680 1460 3744 1524 p.
3780 1440 3921 1522 163.
3964 1436 4102 1501 haec

2407 1536 2679 1625 profert:
2725 1539 2920 1622 φαιὸς,
2953 1542 2985 1603 ὁ
3015 1540 3384 1620 λευκομέλας
3426 1556 3490 1604 et
3532 1539 3612 1605 ad
3655 1538 3973 1604 Merulam
4016 1538 4095 1604 ad

2410 1643 2607 1704 Mart.
2635 1641 2691 1704 Ι.
2717 1658 2821 1725 97.
2854 1640 3110 1706 lectores
3137 1642 3452 1708 amandat.

2492 1781 2582 1793 —
2610 1762 2711 1828 15.
2757 1745 2921 1808 ἀλλὰ
2961 1746 3182 1809 τούτων
3210 1746 3247 1825 ἡ
3279 1747 3662 1831 ἐναντιότης]
3716 1747 3821 1811 Ita
3846 1771 4101 1836 quoque

2410 1847 2546 1911 Fic.
2587 1860 2650 1911 et
2691 1846 2832 1911 libri
2863 1846 3134 1935 plurimi.
3229 1848 3352 1912 Sed
3396 1848 3718 1913 advertere
3762 1873 3876 1916 nos
3916 1851 4104 1916 debet

2410 1949 2591 2013 lectio
2621 1952 2785 2015 ἀλλὰ
2812 1951 3191 2037 τούτῳ-θεά
3216 1951 3328 2015 hoc
3361 1954 3555 2040 (ipso)
3587 1953 3928 2019 diversitas
3960 1955 4097 2037 (ex-

2408 2051 2595 2135 istit).

2491 2180 2556 2244 p.
2577 2160 2764 2242 1165,
2787 2176 2850 2241 3.
2883 2158 3036 2240 Περὶ
3066 2159 3130 2221 δὲ
3161 2156 3441 2238 κινήσεως
3471 2185 3523 2220 κ.
3542 2183 3597 2220 τ.
3616 2159 3713 2246 λ.]
3751 2157 4106 2245 Simplicius

2410 2261 2470 2324 in
2506 2263 2771 2347 Categg.
2803 2259 2947 2324 Fol.
2975 2280 3078 2346 35.
3108 2260 3192 2324 b:
3243 2265 3553 2327 Πλωτῖνος
3592 2262 3656 2324 δὲ
3698 2260 3879 2340 αὐτὴν
3910 2261 4100 2344 (κίνη-

2409 2367 2538 2447 σιν)
2574 2363 2697 2428 καθ’
2731 2364 2911 2443 αὐτὴν
2938 2363 3053 2444 πρὸ
3084 2367 3189 2427 τοῦ
3214 2369 3406 2427 ποιεῖν
3436 2364 3532 2427 καὶ
3567 2362 3847 2447 πάσχειν,
3880 2365 3956 2431 ὣς
3997 2363 4101 2445 γέ-

2411 2492 2509 2533 νος
2538 2469 2688 2530 ἷδιον
2715 2467 2822 2546 τὴν
2854 2467 3085 2544 κίνησιν
3113 2466 3474 2548 ἀφωρίσατο.
3523 2469 3555 2530 ὁ
3584 2465 3787 2546 μέντοι
3826 2464 4100 2546 Ἰάμβλι-

2407 2595 2534 2653 χος,
2585 2568 2781 2633 ποσὸν
2823 2569 3004 2648 αὐτὴν
3050 2567 3202 2632 εἶναι
3244 2571 3553 2648 βούλεται.
3602 2597 3654 2634 κ.
3679 2595 3732 2633 τ.
3758 2577 3820 2635 λ.
3913 2567 4100 2632 Prius

2410 2671 2638 2736 scilicet
2670 2670 3024 2758 Simplicius
3064 2670 3310 2735 dixerat
3338 2670 3499 2735 inter
3527 2670 3930 2759 philosophos
3971 2693 4103 2735 esse

2406 2773 2575 2839 litem
2616 2773 2696 2838 de
2732 2789 2933 2850 motu,
2972 2772 3125 2838 alios
3164 2789 3372 2837 autem
3414 2773 3643 2852 dicere,
3682 2774 3796 2839 ὑπὸ
3840 2774 3908 2838 τὸ
3954 2776 4102 2856 πρός

2409 2904 2464 2942 τι
2494 2879 2725 2957 κίνησιν
2749 2877 3099 2959 ἀνάγεσθαι,
3124 2875 3273 2942 alios
3302 2876 3416 2941 ὑπὸ
3444 2879 3728 2944 πλείονας
3757 2877 4105 2959 κατηγορίας

2411 2983 2478 3044 ἐν
2508 2982 2600 3048 αῖς
2627 2986 2951 3063 θεωρεῖται.

2495 3121 2583 3132 -
2613 3084 2709 3149 18.
2760 3087 2827 3148 ἐν
2856 3087 2925 3163 τῇ
2953 3083 3100 3165 πρὸς
3127 3083 3194 3147 τὸ
3222 3088 3516 3166 πηχυαῖον
3544 3083 3894 3170 παραβολῇ]
3944 3082 4107 3146 Haec

2408 3202 2472 3252 et
2524 3186 2844 3274 sequentia
2892 3185 3148 3250 liberius
3198 3185 3381 3249 vertit
3434 3185 3568 3249 Fic.
3679 3184 3977 3273 Proprie:
4035 3186 4108 3249 in

2407 3292 2870 3379 comparatione
2918 3291 3005 3353 ad
3043 3291 3332 3355 cubitate.
3423 3286 3634 3353 Etiam
3679 3288 4107 3375 quadruplum

2407 3394 2656 3480 adjecit,
2685 3393 2859 3480 quod
2888 3417 2927 3457 a
2956 3392 3193 3457 Graecis
3225 3391 3426 3457 verbis
3453 3391 3647 3455 abest.

2495 3521 2561 3585 p.
2594 3517 2621 3560 1
2639 3498 2781 3576 166,
2813 3518 2866 3560 1.
2904 3497 3076 3560 οὐδὲν
3106 3497 3428 3574 νοούμενον
3455 3493 3568 3576 πρὸ
3597 3492 3832 3577 τούτου]
3880 3493 3994 3576 πρὸ
4024 3516 4103 3558 ex

2410 3623 2611 3687 marg.
2643 3614 2706 3663 et
2740 3601 2876 3663 Vat.
2908 3597 3112 3684 recepi
3140 3619 3281 3662 cum
3316 3595 3449 3659 Fic.
3480 3618 3597 3682 pro
3626 3597 3789 3677 πρός.
3882 3595 4099 3682 Suspi-

2408 3726 2515 3768 cor
2543 3703 2730 3767 etiam
2759 3702 2894 3766 οὐδὲ
2925 3702 3265 3780 νοούμενον.
3359 3698 3482 3762 Sed
3512 3697 3641 3761 sine
3670 3696 3844 3760 libris
3870 3719 4101 3763 novare

2408 3804 2617 3978 noiiiLI
2638 3892 2780 3969 168,
2817 3891 2879 3954 8.
2924 3891 3126 3971 ὥσπερ
3155 3888 3231 3953 ἂν
3255 3889 3293 3967 ἡ
3332 3887 4101 3970 θέρμανσις-αὕξῃ-τοῦ-

2412 3996 2652 4059 ναντίον
2672 3995 2818 4081 ἄγῃ]
2855 3993 2960 4057 Ita
2979 3990 3237 4056 correxi.
3285 3992 3451 4055 Nam
3475 3990 3617 4054 licet
3640 3988 3803 4053 Cod.
3824 3991 4099 4056 Darmst.

2409 4095 2471 4159 in
2504 4095 2777 4161 Platonis
2799 4095 3060 4184 Cratylo
3088 4119 3152 4183 p.
3184 4115 3333 4181 391.
3352 4094 3416 4160 b.
3448 4117 3515 4181 p.
3541 4115 3640 4179 19.
3670 4092 3869 4158 Bekk.
3916 4093 4103 4158 etiam

2407 4198 2728 4264 exhibeat:
2757 4200 2882 4280 ἥτις
2908 4198 3036 4264 ποτ’
3070 4201 3144 4263 ἄν
3176 4201 3343 4265 ἐστιν
3371 4198 3551 4263 αὐτοῦ
3576 4198 3612 4278 ἡ
3641 4198 3908 4280 ὀρθότηςε
3942 4196 4102 4263 facio

2409 4316 2615 4366 tamen
2645 4326 2787 4367 cum
2821 4300 3129 4381 BekkerO,
3159 4301 3271 4388 qui
3309 4300 3396 4365 ibi
3436 4300 3647 4387 posuit
3678 4301 3719 4380 ἥ
3746 4300 3833 4367 τίς
3869 4299 3997 4364 ποτ’
4030 4301 4103 4365 αὖ

2409 4405 2575 4469 ἐστὶν
2606 4406 2785 4470 αὐτοῦ
2822 4408 2859 4485 ἡ
2899 4407 3160 4487 ὀρθότης.
3253 4406 3397 4481 Qua
3430 4403 3510 4467 de
3555 4425 3623 4467 re
3664 4403 3728 4466 in
3772 4417 4103 4488 utramque

2405 4524 2649 4595 partem
2717 4508 3114 4595 disputarunt
3173 4505 3288 4570 viri
3347 4505 3536 4571 docti.
3656 4505 3801 4571 vid.
3861 4506 4099 4571 Matth.

2410 4611 2698 4676 Gramm.
2728 4634 2823 4697 gr.
2859 4613 2914 4693 ξ.
2939 4630 3088 4695 599.
3114 4628 3171 4675 2.
3193 4632 3249 4672 e.
3280 4632 3341 4696 p.
3372 4628 3552 4673 1201.
3584 4608 3684 4674 ed.
3714 4607 3821 4674 alt.
3910 4607 4104 4673 Adde

2409 4712 2683 4777 Dissenii
2712 4713 3071 4799 Disquisitt.
3105 4710 3353 4776 Philoll.
3389 4712 3448 4775 Ι.
3479 4735 3542 4799 p.
3573 4712 3632 4776 8.
3664 4736 3803 4799 sqq.
3847 4728 3910 4777 et
3954 4718 4101 4777 Ast.

2409 4816 2489 4880 ad
2525 4815 2766 4880 Platon.
2807 4818 2995 4902 [aegg.
3033 4816 3091 4880 Ι.
3118 4835 3220 4896 14.
3254 4837 3318 4902 p.
3348 4816 3451 4878 81.
3503 4814 3796 4879 Similiter
3822 4815 4104 4903 proxime

2412 4917 2592 5006 posui
2623 4919 2720 4982 καὶ
2756 4916 2796 4998 ᾖ
2836 4920 3034 4983 κοινόν
3063 4945 3119 4983 τι
3145 4920 3182 4999 ἡ
3212 4921 3454 4998 κίνησις,
3486 4940 3604 5004 pro
3631 4915 3687 4997 ἢ,
3720 4932 3784 4982 et
3813 4923 4105 4983 δοκοῦσαν

2413 5023 2522 5107 ἔχῃ
2551 5045 2668 5109 pro
2699 5023 2843 5106 ἔχει.
3410 5084 3417 5096 ,

2497 5148 2562 5212 p.
2595 5146 2783 5208 1171,
2816 5147 2841 5189 1
2860 5147 2915 5189 1.
2961 5125 3069 5203 τὴν
3096 5125 3217 5188 ἄνω
3249 5124 3522 5187 ὠθοῦσαν
3552 5123 3645 5186 καὶ
3674 5123 3871 5202 ἄλλην
3900 5122 4102 5211 λέγοι]

2414 5228 2545 5293 Fic.
2592 5227 2893 5316 expressit
2922 5227 2983 5291 in
3017 5226 3283 5304 Latinis,
3314 5249 3458 5312 quae
3489 5224 3553 5288 in
3583 5246 3777 5312 marg.
3814 5224 3990 5289 Med.
4016 5231 4106 5290 A.

2412 5331 2656 5396 addidit
2685 5345 2828 5418 post
2856 5333 3072 5409 ἄλλην,
3100 5329 3389 5393 nimirum
3422 5328 3531 5408 τὴν
3556 5327 3725 5392 κάτω.
3773 5327 3955 5392 Libri
3986 5351 4109 5394 non

2412 5450 2780 5521 agnoscunt.

2493 5562 2557 5625 p.
2595 5559 2617 5600 1
2637 5555 2779 5620 172,
2802 5558 2866 5623 5.
2900 5537 2974 5600 αὖ
3005 5535 3417 5622 ἀποχώρησιν]
3467 5535 3522 5598 F
3526 5533 3601 5598 ie.
3636 5533 3699 5597 in
3732 5534 3979 5600 Latinis
4007 5560 4113 5601 ex-
