5118 6613
1141 600 1261 667 130

1137 753 1417 819 Boisson.
1452 751 1891 818 Gnosticorum
1921 767 2133 817 autem
2165 751 2400 816 multos
2425 749 2525 815 his
2553 750 2832 816 incanta-

1137 856 1412 922 tionibus
1440 855 1698 943 aliisque
1725 854 1965 920 artibus
1993 854 2249 943 magicis
2282 876 2535 942 operam
2565 853 2829 933 dedisse,

1136 959 1487 1046 loquuntur
1527 981 1792 1047 gemmae
1835 958 2166 1042 (Abraxas,
2200 956 2486 1045 quamvis
2529 977 2656 1021 non
2693 977 2831 1021 om-

1137 1063 1244 1127 nia
1298 1061 1431 1127 haec
1484 1061 1798 1127 Gnosticis
1855 1060 2217 1147 tribuenda)
2278 1058 2527 1125 laminoe
2585 1058 2830 1146 aliaque

1138 1163 1431 1243 amuleta,
1459 1164 1733 1229 oermina
1764 1187 2039 1251 quoque,
2069 1186 2340 1250 quorum
2382 1162 2664 1250 reliquias
2707 1185 2831 1228 ser-

1138 1284 1388 1333 vantur.
1447 1267 1607 1332 Vide
1633 1290 1713 1332 ne
1741 1269 1952 1355 plures
1980 1289 2337 1346 memorem,
2370 1265 2638 1331 Routhii
2669 1264 2832 1330 Reli-

1137 1370 1319 1458 quias
1352 1372 1568 1435 Sacras
1598 1371 1654 1435 Ι.
1687 1393 1754 1458 p.
1776 1387 1886 1455 57.
1931 1388 1993 1434 et
2035 1392 2097 1458 Ρ.
2128 1371 2231 1455 65.
2284 1382 2348 1434 et
2387 1370 2507 1433 Fr.
2535 1370 2829 1434 Mamers·

1139 1474 1312 1540 Odas
1363 1474 1692 1539 Gnosticas
1744 1472 2064 1538 Thebaice
2113 1486 2178 1537 et
2230 1471 2476 1538 Latine.
2555 1470 2829 1536 Havniae

1144 1578 1333 1642 1822.

1221 1701 1288 1767 p.
1318 1680 1468 1765 386,
1508 1699 1562 1744 1.
1623 1678 2105 1759 ὖποσπησάμενοι
2145 1681 2250 1747 τὰς
2296 1680 2510 1746 νόσους
2558 1678 2830 1758 δαιμόνια

1137 1782 1318 1871 εἶναι]
1368 1783 1580 1847 Locus
1620 1780 2053 1859 memorabilis,
2082 1796 2146 1846 et
2171 1780 2282 1869 qui
2322 1803 2360 1845 a
2388 1782 2472 1845 N.
2503 1781 2592 1845 T.
2635 1780 2824 1844 inter·

1134 1885 1416 1973 pretibus
1458 1884 1913 1974 comparandus
1955 1883 2185 1950 fuerit:
2234 1883 2381 1968 (nisi
2408 1883 2571 1947 forte
2613 1905 2692 1947 ex
2735 1896 2829 1947 tot

1132 1988 1332 2054 doctis
1360 1988 1507 2070 yiris
1523 1989 1658 2076 jam
1686 1987 1900 2052 fecerit
1943 1986 2222 2074 aliquis.)
2278 1989 2575 2067 Δαιμόνια
2616 2000 2828 2050 autem

1134 2091 1200 2156 h.
1235 2091 1277 2157 l.
1325 2090 1702 2180 accipienda,
1733 2106 1801 2155 ut
1834 2090 2051 2155 Judaei
2098 2089 2466 2154 Hellenistae
2506 2103 2572 2154 et
2618 2087 2828 2176 Scrip-

1133 2213 1297 2261 tores
1339 2195 1490 2260 sacri
1535 2193 1849 2283 accipiunt
1889 2217 2008 2282 pro
2032 2195 2252 2281 geniis
2291 2193 2498 2269 malis,
2528 2215 2569 2256 a
2595 2190 2829 2278 quibus

1131 2298 1444 2387 quidquid
1472 2297 1917 2376 calamitatum,
1942 2296 2298 2360 morborum
2328 2293 2688 2383 graviorum
2717 2294 2829 2358 ho-

1132 2402 1403 2466 minibus
1431 2399 1771 2479 accidebat,
1800 2414 2080 2487 repetere
2108 2397 2389 2464 solebant
2416 2398 2458 2464 J
2463 2396 2649 2463 udaei.
2723 2398 2826 2461 De

1132 2529 1261 2592 quo
1326 2527 1446 2569 usu
1513 2502 1799 2569 vocabuli
1857 2502 2023 2581 vide,
2085 2524 2164 2566 ne
2234 2500 2466 2565 multos
2537 2499 2823 2578 excitem,

1136 2605 1525 2673 Schleusneri
1578 2607 1740 2671 Nov.
1796 2606 2104 2670 Thesaur.
2162 2602 2699 2691 Philolog.—crit.
2759 2604 2823 2667 in

1134 2711 1367 2776 LXX.
1402 2712 1490 2774 T.
1514 2709 1611 2774 II.
1647 2708 1831 2796 p.48.
1864 2730 1959 2795 sq.
2008 2706 2343 2773 Wetstenii
2374 2709 2456 2771 N.
2483 2708 2569 2770 T.
2596 2705 2738 2769 Vol.
2767 2706 2824 2770 Ι.

1132 2837 1200 2902 p.
1224 2831 1363 2899 279.
1385 2836 1480 2899 sq.
1512 2825 1576 2876 et
1598 2812 1680 2875 L.
1706 2812 1782 2876 C.
1816 2809 2239 2874 Valckenaerii
2271 2807 2525 2874 Scholas
2550 2808 2616 2872 in
2641 2810 2723 2873 N.
2742 2810 2820 2873 T.

1134 2916 1276 2981 Vol.
1312 2917 1370 2980 1.
1417 2937 1484 3003 p.
1516 2934 1659 3000 131.
1693 2928 1757 2977 et
1788 2914 1888 2977 11.
1919 2936 1983 3000 p.
2034 2916 2177 2993 264.
2268 2911 2444 2976 Nihil
2473 2927 2684 2975 autem
2716 2911 2828 2975 mi-

1130 3018 1421 3098 randum,
1473 3015 1915 3082 Gnosticorum
1966 3037 2091 3092 eos,
2143 3013 2255 3102 qui
2311 3013 2393 3079 ad
2451 3013 2825 3080 Judaeorum

1133 3120 1444 3186 doctrinas
1500 3135 1563 3184 et
1612 3117 1898 3183 instituta
1951 3116 2220 3205 pressius
2280 3140 2346 3181 se
2405 3116 2824 3204 applicabant,

1134 3240 1208 3290 ut
1252 3223 1640 3302 ValentinuS,
1689 3219 2061 3297 Heracleon,
2108 3221 2391 3298 Marcus,
2426 3217 2824 3297 Ptolemaeus,

1132 3327 1521 3405 TheodotuS,
1557 3326 1943 3391 Bardesanes
1969 3324 2321 3410 horumque
2350 3337 2701 3401 sectatores,
2724 3346 2829 3387 eos

1132 3433 1328 3521 igitur
1364 3430 1470 3495 illa
1511 3453 1765 3518 quoque
1806 3427 2035 3516 placita
2063 3426 2143 3490 de
2173 3426 2231 3490 vi
2261 3424 2566 3490 malorum
2611 3425 2824 3513 genio-

1134 3559 1275 3601 rum
1297 3535 1361 3599 in
1384 3557 1644 3622 corpora
1670 3531 2024 3597 mortalium
2054 3529 2400 3608 retinuisse,
2422 3552 2493 3593 ac
2520 3551 2642 3617 pro
2659 3528 2823 3592 fastu

1135 3664 1249 3705 suo
1277 3654 1341 3705 et
1369 3660 1611 3703 summa
1643 3634 1998 3724 arrogantia
2023 3633 2086 3697 id
2119 3633 2233 3698 sibi
2266 3632 2617 3720 sumpsisse,
2649 3647 2720 3696 ut
2764 3655 2828 3696 se

1133 3743 1358 3808 horum
1388 3741 1713 3829 geniorum
1743 3738 2090 3827 superiores
2119 3736 2497 3812 dictitarent,
2525 3750 2591 3800 et
2633 3757 2827 3822 aegro-

1134 3845 1412 3911 tantibus
1439 3843 1914 3908 efficacissimam
1946 3862 2129 3928 opem
2161 3861 2338 3904 suam
2364 3837 2824 3927 pollicerentur.

1221 3970 1285 4036 Ρ.
1318 3948 1470 4031 387,
1505 3948 1561 4010 8.
1612 3948 1706 4010 καὶ
1733 3947 2018 4024 πλείστης
2044 3946 2337 4026 περιωπῆς
2374 3942 2625 4027 ἔχουσα]
2679 3940 2823 4005 Vid.

1138 4048 1437 4138 Apollon.
1471 4049 1634 4112 Lex.
1667 4049 1862 4112 Hom.
1911 4068 1976 4133 p.
2008 4063 2160 4130 547.
2203 4043 2367 4109 Toll.
2401 4046 2634 4108 Zonar.
2666 4043 2824 4108 Lex.

1139 4176 1199 4240 p.
1240 4170 1421 4238 1534.
1464 4150 1615 4237 ibiq.
1662 4149 2014 4213 Tittmann.
2107 4147 2230 4212 Sed
2273 4146 2361 4211 ibi
2405 4151 2644 4231 σκοπιᾷ,
2688 4168 2828 4234 spe-

1137 4255 1300 4320 cula.
1395 4254 1474 4318 In
1524 4251 1704 4317 aliam
1760 4250 2123 4315 sententiam
2182 4249 2375 4335 hujus
2423 4248 2593 4313 vocis
2644 4271 2826 4313 usum

1138 4369 1523 4421 converterat
1567 4353 1978 4442 Thucydides
2033 4354 2152 4417 IV.
2184 4353 2287 4416 86.
2335 4351 2621 4416 videlicet
2670 4377 2831 4433 περι-

1139 4460 1431 4543 σκέψεως,
1487 4459 1786 4540 προνοίας,
1843 4456 1967 4520 hoc
2021 4455 2272 4519 nomine
2326 4454 2737 4542 reprehensus
2793 4477 2830 4517 a

1141 4561 1446 4649 Dionysio
1498 4561 1642 4625 Hal.
1696 4558 1901 4646 Epist.
1948 4559 2045 4622 II.
2107 4558 2187 4622 ad
2249 4560 2425 4622 Ann.
2503 4580 2642 4645 cap.
2690 4556 2829 4621 III.

1142 4668 1332 4729 Tom.
1357 4665 1432 4728 V.
1465 4686 1529 4752 p.
1558 4682 1702 4749 793.
1740 4661 1958 4726 Reisk.
2004 4660 2145 4726 Vid.
2181 4660 2494 4725 Wassium
2524 4660 2605 4724 ad
2639 4659 2827 4723 Thu-

1141 4768 1383 4854 cydidis
1424 4767 1626 4831 locum
1672 4763 1844 4830 laud.
1887 4780 1950 4829 et
2004 4765 2371 4851 Kriigerum
2413 4762 2492 4826 ad
2539 4761 2828 4849 Dionysii

1144 4872 1294 4937 Hal.
1331 4867 1911 4957 Historiographica
1938 4890 2002 4954 p.
2028 4884 2172 4946 224.
2219 4864 2625 4953 Thucydides
2648 4863 2832 4950 plane

1141 4974 1328 5039 modo
1355 4972 1481 5038 h.l.
1512 4994 1725 5035 vocem
1772 4983 2036 5057 usurpat
2076 4967 2385 5033 PlotinuS.
2464 4967 2684 5032 Utitur
2725 4991 2830 5031 eo-

1143 5078 1285 5142 dem
1328 5073 1632 5140 vocabulo
1677 5071 1985 5138 Proculus
2026 5071 2090 5134 in
2139 5069 2382 5134 Platon.
2417 5068 2627 5134 Alcib.
2661 5071 2719 5134 I.
2762 5091 2829 5157 p.

1151 5203 1251 5267 19.
1279 5204 1343 5268 p.
1370 5198 1474 5243 21.
1506 5201 1568 5265 p.
1596 5179 1695 5263 83.
1715 5175 1825 5240 ubi
1848 5191 1941 5239 est
1970 5173 2234 5257 περιωπῆ
2265 5171 2461 5254 νοερά.
2512 5172 2618 5236 Cf.
2642 5195 2834 5259 supra

1146 5288 1460 5349 Annotata
1488 5304 1551 5369 p.
1584 5298 1682 5343 22.
1719 5279 1800 5342 Β.
1831 5292 1895 5342 et
1925 5275 2284 5341 Philostrati
2334 5276 2580 5362 Imagg.
2626 5297 2693 5361 p.
2729 5275 2829 5360 89.

1145 5403 1206 5453 et
1236 5411 1296 5476 p.
1326 5405 1467 5472 133.
1498 5397 1560 5448 et
1589 5380 1836 5449 Jacobs,
1868 5379 1946 5444 ad
1977 5402 2122 5444 eum
2150 5377 2353 5442 locum
2384 5400 2450 5465 p.
2471 5378 2618 5461 656.
2669 5379 2834 5441 Con-

1149 5490 1547 5554 structionem
1586 5485 1702 5549 loci
1733 5485 1903 5571 quod
1942 5482 2201 5546 attinet:
2251 5504 2366 5569 pro
2394 5482 2835 5560 μεταδιώκουσα

1150 5610 1213 5658 et
1243 5594 1468 5675 ἔχουσα
1495 5603 1812 5677 exspectes
1853 5591 2213 5665 μεταδιῶκον
2242 5600 2303 5648 et
2336 5584 2480 5667 ἔχον
2508 5596 2650 5670 post
2686 5582 2837 5650 εἶδος

2097 577 2936 644 ANNOTATIONES
3001 577 3118 642 IN
3183 578 3642 666 PLQTINI

2915 752 3286 834 φιλοσοφίας
3312 750 3375 814 in
3403 748 3920 837 praecedentibus.
3966 746 4092 813 Sed
4121 748 4466 815 sexcenties
4497 748 4612 815 sibi

2913 853 3006 919 ita
3043 852 3332 941 indulget
3361 852 3667 931 Plotium,
3697 866 3770 917 ut
3811 874 3926 940 per
3964 849 4288 940 enallagen
4316 852 4610 919 orationis

2916 979 3050 1021 suae
3097 956 3377 1021 membra
3415 957 3665 1044 jungat.
3756 957 4064 1020 Extrema
4106 954 4368 1042 capitis:
4433 959 4511 1022 τᾶ
4560 954 4606 1022 δ’

2917 1061 3302 1141 ἃλλα-ἡμῖν
3331 1060 3406 1123 ἂν
3433 1059 3648 1142 πρέποι
3690 1058 3873 1146 plane
3905 1056 4114 1122 omisit
4144 1056 4414 1145 Taylor,
4437 1082 4610 1124 caus·

2916 1178 3087 1227 satus
3113 1162 3471 1227 obscuriora
3506 1162 3637 1227 baec
3668 1184 3820 1239 esse,
3849 1183 4038 1248 quam
4070 1158 4235 1224 utin
4264 1159 4340 1225 iis
4368 1176 4609 1226 verten-

2916 1265 3013 1329 dis
3038 1264 3368 1352 periclitari
3396 1264 3564 1330 velit.
3659 1266 3796 1328 Nec
3837 1263 4017 1328 nobis
4058 1263 4320 1328 fortasse
4361 1264 4604 1351 pericli·

2915 1368 3177 1433 tandum
3223 1368 3323 1446 sit,
3370 1367 3478 1431 sed
3522 1366 3919 1454 experiamur
3953 1381 4184 1431 tamen.
4273 1366 4600 1433 Proxima:

2912 1475 2988 1535 τὰ
3017 1470 3063 1535 δ’
3089 1473 3254 1536 ἄλλα
3280 1474 3360 1557 τῷ
3391 1472 3634 1555 τοιούτῳ
3663 1468 4085 1551 παραβάλλειν
4105 1469 4434 1556 jungenda
4462 1486 4605 1536 sunt

2911 1597 3057 1639 cum
3088 1573 3407 1661 superiore
3435 1574 3790 1646 καταλείπω,
3825 1571 3992 1636 uude
4025 1570 4249 1659 reliqui
4276 1571 4462 1637 etiam
4495 1573 4602 1638 In-

2910 1676 3132 1741 finitivi
3174 1676 3556 1764 pendebant,
3592 1675 3712 1739 hoc
3754 1698 3972 1738 sensu:
4033 1674 4258 1739 Verum
4285 1674 4422 1740 ltoec
4447 1675 4604 1755 alia,

2912 1775 2954 1843 i.
2983 1802 3039 1844 e.
3083 1780 3393 1845 contraria
3436 1778 3583 1844 huic
3626 1792 3854 1842 nostrae
3903 1776 4128 1841 rationi
4171 1776 4603 1866 philowpffiae,

2910 1884 3196 1971 relinquo
3223 1884 3395 1947 vobis
3431 1881 3568 1968 (qui
3600 1879 4046 1946 Gnosticorum
4087 1880 4315 1969 scripta
4356 1879 4598 1968 legatis)

2910 1986 3336 2073 comparanda
3391 2007 3532 2049 cum
3589 1984 3708 2048 hoc
3763 2006 3992 2072 genere
4048 1987 4284 2067 (nostro
4334 1983 4603 2071 philoso-

2911 2087 3202 2175 phandi).
3293 2088 3426 2153 Sed
3449 2087 3758 2175 quidquid
3797 2088 3878 2151 ab
3905 2087 4007 2151 his
4048 2087 4198 2152 aliis
4233 2087 4599 2174 (Gnosticis)

2913 2192 3218 2271 traditur,
3236 2191 3573 2255 omn-ibus
3549 2212 3620 2254 m
3647 2191 3834 2255 rebus
3870 2194 4378 2277 (usquequaque)
4399 2193 4607 2258 dsw-

2911 2297 3162 2360 sissimo
3186 2296 3364 2413 nendo
3390 2295 3755 2358 institutum
3783 2303 3896 2358 est.

2910 2499 3311 2588 comparatio,
3343 2521 3485 2564 cum
3520 2498 3804 2563 Gnostici
3843 2498 4016 2563 nullo
4052 2514 4237 2586 pacto
4264 2500 4491 2589 corrigi
4517 2502 4608 2566 vi-

2910 2604 3179 2669 deantur
3205 2605 3436 2691 posse.)
3528 2602 3637 2666 Ita
3679 2623 3947 2689 namque
3988 2602 4064 2665 de
4099 2602 4202 2667 his
4235 2603 4600 2686 (Gnosticis)

2910 2707 3079 2794 loqui
3108 2729 3224 2770 nos
3250 2706 3479 2770 deceat.
3568 2704 3756 2769 Vides
3786 2704 4132 2783 Plotinum,
4161 2720 4498 2792 postquam
4540 2707 4606 2772 in

2913 2809 3335 2896 superioribus
3386 2807 3650 2885 dixerat,
3698 2829 3764 2870 se
3807 2806 4130 2872 lectionem
4161 2808 4604 2875 Gnosticorum

2912 2912 3212 2977 librorum
3243 2910 3457 2975 amicis
3485 2910 3612 2974 suis
3655 2908 4029 2996 relinquere,
4058 2933 4189 2997 quo
4219 2909 4605 2978 Platonicam

2911 3014 3211 3079 rationem
3254 3036 3399 3078 cum
3440 3012 3742 3077 Gnostica
3782 3013 4021 3076 ratione
4066 3035 4425 3101 comparare
4466 3039 4606 3103 pos·

2913 3119 3071 3183 sint:
3118 3118 3182 3181 in
3212 3115 3504 3182 extremis
3547 3116 3715 3180 dicta
3757 3137 3871 3179 sua
3913 3129 4270 3194 retractare,
4296 3116 4449 3204 quia
4491 3118 4606 3183 sibi

2911 3244 3276 3311 persuasum
3317 3220 3416 3296 sit,
3449 3219 3602 3283 nihil
3640 3218 3857 3308 profici
3887 3219 4004 3284 hae
4032 3241 4223 3305 opera
4249 3219 4313 3284 in
4345 3221 4601 3286 Gnosti-

2911 3348 3126 3390 corum
3171 3323 3345 3389 libris
3385 3323 3664 3411 legendis
3712 3323 3932 3410 posita.
4025 3323 4392 3388 Formulam
4435 3326 4605 3391 οὐδὲν

2912 3432 3028 3511 γὰρ
3072 3428 3150 3492 ἂν
3192 3427 3384 3492 πλέον
3427 3450 3511 3491 sc.
3556 3427 3650 3507 ἦν,
3692 3449 3731 3491 a
3770 3426 4033 3490 Platone
4075 3425 4267 3491 habet
4296 3426 4603 3494 Plotium.

2916 3530 3036 3595 Ille
3066 3530 3229 3594 enim
3258 3530 3321 3594 in
3357 3530 3690 3618 Symposio
3730 3551 3795 3617 p.
3821 3546 3963 3612 217.
4000 3531 4078 3593 C.
4122 3551 4187 3617 p.
4219 3533 4370 3615 456.
4402 3530 4605 3596 Bekk.

2913 3634 3088 3698 οὐδὲν
3114 3633 3231 3717 γάρ
3257 3660 3358 3714 μοι
3396 3632 3587 3698 πλέον
3615 3632 3710 3712 ἦν.
3757 3632 3904 3696 item
3940 3632 4222 3719 Republ.
4257 3634 4316 3698 1.
4357 3656 4422 3721 p.
4451 3655 4604 3720 341.

2913 3759 2975 3824 p.
3021 3757 3129 3823 3ῐ.
3186 3735 3461 3801 Bekker.
3520 3735 3694 3801 οὐδέν
3749 3734 3824 3817 γέ
3883 3760 3982 3798 σοι
4039 3734 4233 3799 πλέον
4285 3735 4380 3815 ἣν.
4461 3737 4604 3801 Vid.

2915 3839 3209 3905 Valcken.
3242 3839 3306 3903 in
3335 3839 3543 3904 Diatr.
3577 3836 3870 3925 Euripid.
3904 3861 3971 3925 p.
3998 3857 4138 3923 150.
4172 3840 4320 3902 Ast.
4351 3838 4434 3903 ad
4464 3839 4607 3905 Pla-

2914 3956 3045 4007 ton.
3077 3942 3329 4006 Phaedr.
3362 3965 3427 4030 p.
3450 3943 3600 4028 386.
3627 3940 3708 4005 ad
3740 3939 4079 4028 Rempubl.
4125 3963 4187 4029 p.
4219 3943 4368 4027 363.
4459 3942 4607 4008 Sine

2912 4046 3009 4127 ἦν,
3039 4060 3109 4109 ut
3143 4044 3452 4125 Plotinus,
3482 4043 3773 4130 Xenoph.
3808 4045 4043 4131 Cyrop.
4069 4044 4148 4106 V.
4175 4060 4239 4128 5.
4268 4062 4379 4129 34.
4405 4046 4469 4108 τί
4492 4048 4608 4129 γᾶρ

2917 4150 3048 4229 ἐμοὶ
3089 4147 3282 4212 πλέον
3320 4148 3388 4211 τὸ
3432 4148 3541 4226 τὴν
3578 4150 3692 4229 γῆν
3725 4148 4151 4220 πλατύνεσθαι,
4185 4147 4366 4211 αὐτὸν
4391 4149 4459 4212 δὲ
4488 4150 4607 4213 ἅτι-

2913 4249 3221 4329 μόζεσθαι.
3302 4248 3473 4325 Quid
3501 4269 3596 4311 me
3600 4250 3854 4335 juvat?
3898 4248 4054 4335 quid
4081 4249 4236 4312 mihi
4251 4249 4564 4336 prodest?

3001 4374 3065 4438 p.
3093 4352 3244 4437 388,
3285 4371 3337 4414 1.
3380 4349 3459 4415 ‘O
3500 4352 3611 4430 μὲν
3636 4349 3988 4432 Ἐπίκουρος
4024 4351 4133 4431 τὴν
4159 4353 4446 4433 πρόνοιαν
4475 4354 4609 4418 ἆνε-

2916 4455 3062 4528 λὼν,
3102 4454 3212 4532 τὴν
3250 4454 3786 4533 ἡδονὴν-διώκειν
3828 4454 4322 4539 παρακελεύεται]
4389 4454 4470 4519 In
4511 4455 4608 4521 his

2914 4578 3281 4644 germanum
3314 4579 3378 4619 se
3410 4555 3803 4620 Platonicum
3831 4568 4092 4643 praestat
4119 4555 4424 4621 Plotinus.
4497 4560 4606 4622 Tu

2917 4659 3045 4723 vid.
3082 4658 3330 4723 Platon.
3372 4658 3454 4722 de
3484 4659 3689 4745 Legg.
3722 4659 3816 4722 X.
3868 4681 3935 4745 p.
3970 4659 4111 4743 885.
4143 4658 4205 4722 b.
4255 4675 4317 4724 et
4360 4682 4422 4748 Ρ.
4456 4682 4604 4748 900.

2916 4783 3051 4849 sqq.
3128 4761 3564 4848 Pythagoreus
3619 4784 3875 4847 quoque
3935 4760 4386 4849 Hippodamus
4435 4765 4608 4852 apud

2921 4862 3242 4927 Stobaeum
3287 4862 3352 4925 in
3398 4860 3617 4925 Floril.
3668 4861 3954 4924 XLIII.
4003 4885 4070 4947 p.
4101 4878 4249 4943 127.
4292 4862 4391 4927 ed.
4428 4864 4606 4930 Gais-

2917 4964 3079 5029 ford.
3120 4965 3186 5028 in
3215 4963 3472 5029 eandem
3502 4977 3769 5027 mentem
3801 4962 4100 5050 disputat.
4165 4963 4394 5030 Pulcre
4421 4966 4607 5033 etiam

2919 5069 3222 5157 Origenes
3253 5082 3467 5133 contra
3497 5064 3750 5131 Celsum
3782 5066 3902 5129 VI.
3933 5089 4001 5153 p.
4029 5082 4174 5151 293.
4210 5067 4434 5154 Spenc.
4464 5093 4480 5132 τ
4515 5073 4610 5135 καὶ

2920 5174 3120 5254 ὥσπερ
3150 5172 3219 5236 οὗ
3251 5170 3486 5250 καθήκει
3527 5175 3648 5235 τοῖς
3690 5171 3766 5231 τὰ
3802 5167 4131 5235 Πλάτωνος
4159 5176 4610 5253 φιλοσοφοῦσιν

2920 5276 3354 5357 ἀπολογεῖσθαι
3378 5273 3514 5355 περὶ
3539 5270 3892 5352 Ἐπικούρου
3938 5271 4034 5333 καὶ
4076 5277 4194 5335 τῶν
4236 5274 4484 5353 ἀσεβῶν
4511 5279 4612 5343 αὗ-

2920 5381 3024 5440 τοῦ
3078 5377 3406 5458 δογμάτων.
3501 5371 3963 5438 Providentiam
4021 5387 4232 5438 autem
4291 5377 4612 5445 sustulisse

2920 5479 3432 5566 voluptatemque
3487 5475 3946 5541 commendasse
4003 5475 4355 5561 Epicurum
4416 5482 4612 5570 vulgo

2920 5581 3221 5647 creditum
3255 5604 3295 5644 a
3320 5578 3652 5643 veteribus.
3736 5577 3880 5642 vid.
3909 5576 4097 5642 modo
4127 5579 4261 5644 Cic.
4293 5579 4373 5645 de
4402 5585 4487 5648 N.
4523 5588 4608 5652 D.
