<?xml version="1.0" encoding="UTF-8"?>
<!DOCTYPE html PUBLIC "-//W3C//DTD XHTML 1.0 Transitional//EN"
    "http://www.w3.org/TR/xhtml1/DTD/xhtml1-transitional.dtd">
<html xmlns="http://www.w3.org/1999/xhtml" xml:lang="en" lang="en">
 <head>
  <title>
</title>
<meta http-equiv="Content-Type" content="text/html;charset=utf-8" />
  <meta name='ocr-system' content='tesseract 3.04.00' />
  <meta name='ocr-capabilities' content='ocr_page ocr_carea ocr_par ocr_line ocrx_word'/>
</head>
<body>
  <div class='ocr_page' id='page_1' title='image "./plotinioperaomn00chumgoog_0007.png"; bbox 0 0 5118 6613; ppageno 0'>
   <div class='ocr_carea' id='block_1_1' title="bbox 638 469 1049 643">
    <p class='ocr_par' dir='ltr' id='par_1_1' title="bbox 638 469 1049 643">
     <span class='ocr_line' id='line_1_1' title="bbox 638 469 1049 556; baseline 0.005 -35"><span class='ocrx_word' id='word_1_1' title='bbox 638 469 751 541; x_wconf 54' lang='grc' dir='ltr'>’ῨἈῩ</span> <span class='ocrx_word' id='word_1_2' title='bbox 765 493 845 551; x_wconf 46' lang='lat' dir='ltr'>*afr</span> <span class='ocrx_word' id='word_1_3' title='bbox 854 476 995 532; x_wconf 50' lang='grc' dir='ltr'>Οὶοτχ</span> <span class='ocrx_word' id='word_1_4' title='bbox 1008 498 1049 556; x_wconf 43' lang='lat' dir='ltr'>”l</span> 
     </span>
     <span class='ocr_line' id='line_1_2' title="bbox 652 548 953 595; baseline -0.007 -10"><span class='ocrx_word' id='word_1_5' title='bbox 652 548 769 587; x_wconf 54' lang='grc' dir='ltr'>ἾἾΛκ</span> <span class='ocrx_word' id='word_1_6' title='bbox 784 559 843 583; x_wconf 54' lang='grc' dir='ltr'>’ἡ</span> <span class='ocrx_word' id='word_1_7' title='bbox 922 580 953 595; x_wconf 52' lang='grc' dir='ltr'><em>ο</em></span> 
     </span>
     <span class='ocr_line' id='line_1_3' title="bbox 682 600 938 643; baseline -0.008 0"><span class='ocrx_word' id='word_1_8' title='bbox 682 600 938 643; x_wconf 46' lang='grc' dir='ltr'>ΧΧΧΧΧΧ</span> 
     </span>
    </p>
   </div>
   <div class='ocr_carea' id='block_1_2' title="bbox 1458 1016 2222 1122">
    <p class='ocr_par' dir='ltr' id='par_1_2' title="bbox 1458 1016 2222 1122">
     <span class='ocr_line' id='line_1_4' title="bbox 1458 1016 2222 1122; baseline 0.004 -3"><span class='ocrx_word' id='word_1_9' title='bbox 1458 1016 2222 1122; x_wconf 90' lang='lat' dir='ltr'>FRIDERICI</span> 
     </span>
    </p>
   </div>
   <div class='ocr_carea' id='block_1_3' title="bbox 2301 1018 3056 1123">
    <p class='ocr_par' dir='ltr' id='par_1_3' title="bbox 2301 1018 3056 1123">
     <span class='ocr_line' id='line_1_5' title="bbox 2301 1018 3056 1123; baseline 0.004 -2"><span class='ocrx_word' id='word_1_10' title='bbox 2301 1018 3056 1123; x_wconf 90' lang='lat' dir='ltr'>CREUZERI</span> 
     </span>
    </p>
   </div>
   <div class='ocr_carea' id='block_1_4' title="bbox 1135 1268 3381 1355">
    <p class='ocr_par' dir='ltr' id='par_1_4' title="bbox 1135 1268 3381 1355">
     <span class='ocr_line' id='line_1_6' title="bbox 1135 1268 3381 1355; baseline 0.002 -5"><span class='ocrx_word' id='word_1_11' title='bbox 1135 1268 2254 1355; x_wconf 92' lang='lat' dir='ltr'>ANNOTATIONES</span> <span class='ocrx_word' id='word_1_12' title='bbox 2350 1270 2499 1353; x_wconf 95' lang='lat' dir='ltr'>IN</span> <span class='ocrx_word' id='word_1_13' title='bbox 2597 1271 3381 1355; x_wconf 91' lang='lat' dir='ltr'>PLOTINUM.</span> 
     </span>
    </p>
   </div>
   <div class='ocr_carea' id='block_1_5' title="bbox 1885 1505 2635 1556">
    <p class='ocr_par' dir='ltr' id='par_1_5' title="bbox 1885 1505 2635 1556">
     <span class='ocr_line' id='line_1_7' title="bbox 1885 1505 2635 1556; baseline -0.001 -19"><span class='ocrx_word' id='word_1_14' title='bbox 1885 1505 2635 1556; x_wconf 66' lang='grc'>---...--</span> 
     </span>
    </p>
   </div>
   <div class='ocr_carea' id='block_1_6' title="bbox 2044 1718 2477 1792">
    <p class='ocr_par' dir='ltr' id='par_1_6' title="bbox 2044 1718 2477 1792">
     <span class='ocr_line' id='line_1_8' title="bbox 2044 1718 2477 1792; baseline 0.007 -3"><span class='ocrx_word' id='word_1_15' title='bbox 2044 1718 2366 1791; x_wconf 86' lang='lat' dir='ltr'><strong>LIBER</strong></span> <span class='ocrx_word' id='word_1_16' title='bbox 2416 1720 2477 1792; x_wconf 91' lang='grc' dir='ltr'><strong>Ι.</strong></span> 
     </span>
    </p>
   </div>
   <div class='ocr_carea' id='block_1_7' title="bbox 519 1893 2219 5481">
    <p class='ocr_par' dir='ltr' id='par_1_7' title="bbox 528 1893 2218 2909">
     <span class='ocr_line' id='line_1_9' title="bbox 620 1893 2217 1983; baseline 0.003 -23"><span class='ocrx_word' id='word_1_17' title='bbox 620 1896 696 1960; x_wconf 91' lang='lat' dir='ltr'>P.</span> <span class='ocrx_word' id='word_1_18' title='bbox 733 1915 790 1975; x_wconf 91' lang='lat'>1,</span> <span class='ocrx_word' id='word_1_19' title='bbox 826 1913 888 1962; x_wconf 83' lang='lat'>2.</span> <span class='ocrx_word' id='word_1_20' title='bbox 939 1893 1416 1963; x_wconf 89' lang='grc' dir='ltr'><strong>ἘΝΝΕΑΔΟΣ</strong></span> <span class='ocrx_word' id='word_1_21' title='bbox 1462 1899 1543 1983; x_wconf 93' lang='grc' dir='ltr'>Α]</span> <span class='ocrx_word' id='word_1_22' title='bbox 1594 1898 1796 1963; x_wconf 87' lang='lat' dir='ltr'><strong>Vertit</strong></span> <span class='ocrx_word' id='word_1_23' title='bbox 1847 1898 2217 1965; x_wconf 84' lang='lat' dir='ltr'>Germanice</span> 
     </span>
     <span class='ocr_line' id='line_1_10' title="bbox 530 1997 2212 2091; baseline 0.003 -30"><span class='ocrx_word' id='word_1_24' title='bbox 530 1997 689 2062; x_wconf 86' lang='lat' dir='ltr'>hanc</span> <span class='ocrx_word' id='word_1_25' title='bbox 709 1997 971 2086; x_wconf 83' lang='lat' dir='ltr'>primam</span> <span class='ocrx_word' id='word_1_26' title='bbox 993 1998 1358 2063; x_wconf 85' lang='lat' dir='ltr'>Enneadem</span> <span class='ocrx_word' id='word_1_27' title='bbox 1370 2002 1499 2065; x_wconf 84' lang='lat' dir='ltr'>Dr.</span> <span class='ocrx_word' id='word_1_28' title='bbox 1518 2003 1598 2066; x_wconf 88' lang='lat' dir='ltr'>T.</span> <span class='ocrx_word' id='word_1_29' title='bbox 1615 2002 1692 2065; x_wconf 90' lang='lat' dir='ltr'>G&#39;.</span> <span class='ocrx_word' id='word_1_30' title='bbox 1710 2004 1771 2064; x_wconf 90' lang='lat' dir='ltr'>V.</span> <span class='ocrx_word' id='word_1_31' title='bbox 1790 2003 2212 2091; x_wconf 77' lang='lat' dir='ltr'>Engelhardt.</span> 
     </span>
     <span class='ocr_line' id='line_1_11' title="bbox 531 2098 2216 2188; baseline 0.004 -24"><span class='ocrx_word' id='word_1_32' title='bbox 531 2098 594 2165; x_wconf 94' lang='lat' dir='ltr'>in</span> <span class='ocrx_word' id='word_1_33' title='bbox 622 2101 802 2179; x_wconf 91' lang='lat' dir='ltr'>libro,</span> <span class='ocrx_word' id='word_1_34' title='bbox 833 2100 943 2188; x_wconf 91' lang='lat' dir='ltr'>qui</span> <span class='ocrx_word' id='word_1_35' title='bbox 971 2100 1357 2167; x_wconf 84' lang='lat' dir='ltr'>inscribitur:</span> <span class='ocrx_word' id='word_1_36' title='bbox 1406 2105 1536 2168; x_wconf 78' lang='lat' dir='ltr'>Die</span> <span class='ocrx_word' id='word_1_37' title='bbox 1564 2105 1917 2170; x_wconf 75' lang='lat' dir='ltr'>Enneadm</span> <span class='ocrx_word' id='word_1_38' title='bbox 1944 2106 2050 2169; x_wconf 75' lang='lat' dir='ltr'>des</span> <span class='ocrx_word' id='word_1_39' title='bbox 2072 2106 2216 2170; x_wconf 89' lang='lat' dir='ltr'>Plo-</span> 
     </span>
     <span class='ocr_line' id='line_1_12' title="bbox 531 2204 2217 2292; baseline 0.003 -24"><span class='ocrx_word' id='word_1_40' title='bbox 531 2206 725 2282; x_wconf 69' lang='lat' dir='ltr'>tium,</span> <span class='ocrx_word' id='word_1_41' title='bbox 770 2204 1094 2283; x_wconf 64' lang='lat' dir='ltr'>iehersem,</span> <span class='ocrx_word' id='word_1_42' title='bbox 1140 2207 1257 2270; x_wconf 79' lang='lat' dir='ltr'>mit</span> <span class='ocrx_word' id='word_1_43' title='bbox 1274 2207 1773 2292; x_wconf 72' lang='lat' dir='ltr'>firtlausenden</span> <span class='ocrx_word' id='word_1_44' title='bbox 1817 2208 1936 2272; x_wconf 77' lang='lat' dir='ltr'>den</span> <span class='ocrx_word' id='word_1_45' title='bbox 1989 2211 2217 2273; x_wconf 75' lang='lat' dir='ltr'>Urteoet</span> 
     </span>
     <span class='ocr_line' id='line_1_13' title="bbox 530 2307 2216 2398; baseline 0.003 -28"><span class='ocrx_word' id='word_1_46' title='bbox 530 2307 981 2371; x_wconf 75' lang='lat' dir='ltr'>erloeuternden</span> <span class='ocrx_word' id='word_1_47' title='bbox 1008 2308 1506 2398; x_wconf 73' lang='lat' dir='ltr'>Anmerkzmgen</span> <span class='ocrx_word' id='word_1_48' title='bbox 1534 2311 1835 2398; x_wconf 68' lang='lat' dir='ltr'>begieitet.</span> <span class='ocrx_word' id='word_1_49' title='bbox 1879 2312 2076 2375; x_wconf 75' lang='lat' dir='ltr'>Erste</span> <span class='ocrx_word' id='word_1_50' title='bbox 2094 2312 2216 2375; x_wconf 80' lang='lat' dir='ltr'>Ab.</span> 
     </span>
     <span class='ocr_line' id='line_1_14' title="bbox 531 2409 2216 2500; baseline 0.003 -27"><span class='ocrx_word' id='word_1_51' title='bbox 531 2409 838 2497; x_wconf 70' lang='lat' dir='ltr'>theitung.</span> <span class='ocrx_word' id='word_1_52' title='bbox 873 2409 1134 2497; x_wconf 91' lang='lat' dir='ltr'>Erlang.</span> <span class='ocrx_word' id='word_1_53' title='bbox 1174 2413 1357 2478; x_wconf 85' lang='lat'>1820.</span> <span class='ocrx_word' id='word_1_54' title='bbox 1392 2413 1533 2477; x_wconf 86' lang='lat' dir='ltr'>8vo.</span> <span class='ocrx_word' id='word_1_55' title='bbox 1621 2412 1735 2477; x_wconf 92' lang='lat' dir='ltr'>Ad</span> <span class='ocrx_word' id='word_1_56' title='bbox 1764 2413 1922 2477; x_wconf 89' lang='lat' dir='ltr'>hanc</span> <span class='ocrx_word' id='word_1_57' title='bbox 1950 2412 2216 2500; x_wconf 83' lang='lat' dir='ltr'>primam</span> 
     </span>
     <span class='ocr_line' id='line_1_15' title="bbox 529 2512 2215 2601; baseline 0.002 -24"><span class='ocrx_word' id='word_1_58' title='bbox 529 2512 894 2577; x_wconf 87' lang='lat' dir='ltr'>Enneadem</span> <span class='ocrx_word' id='word_1_59' title='bbox 923 2536 1069 2601; x_wconf 86' lang='lat' dir='ltr'>quae</span> <span class='ocrx_word' id='word_1_60' title='bbox 1094 2513 1482 2601; x_wconf 87' lang='lat' dir='ltr'>potissimum</span> <span class='ocrx_word' id='word_1_61' title='bbox 1518 2514 1791 2579; x_wconf 88' lang='lat' dir='ltr'>Moralia</span> <span class='ocrx_word' id='word_1_62' title='bbox 1817 2515 2092 2581; x_wconf 90' lang='lat' dir='ltr'>continet</span> <span class='ocrx_word' id='word_1_63' title='bbox 2119 2516 2215 2581; x_wconf 85' lang='lat' dir='ltr'>fa-</span> 
     </span>
     <span class='ocr_line' id='line_1_16' title="bbox 529 2615 2217 2685; baseline 0.002 -6"><span class='ocrx_word' id='word_1_64' title='bbox 529 2615 614 2679; x_wconf 89' lang='lat' dir='ltr'>cit</span> <span class='ocrx_word' id='word_1_65' title='bbox 633 2617 698 2679; x_wconf 90' lang='lat' dir='ltr'>J.</span> <span class='ocrx_word' id='word_1_66' title='bbox 713 2617 799 2681; x_wconf 88' lang='lat' dir='ltr'>F.</span> <span class='ocrx_word' id='word_1_67' title='bbox 818 2617 1097 2680; x_wconf 56' lang='lat' dir='ltr'>Winzevi</span> <span class='ocrx_word' id='word_1_68' title='bbox 1116 2617 1543 2682; x_wconf 89' lang='lat' dir='ltr'>Adumbratio</span> <span class='ocrx_word' id='word_1_69' title='bbox 1572 2618 1962 2683; x_wconf 88' lang='lat' dir='ltr'>decretorum</span> <span class='ocrx_word' id='word_1_70' title='bbox 1987 2618 2217 2685; x_wconf 90' lang='lat' dir='ltr'>Plotini</span> 
     </span>
     <span class='ocr_line' id='line_1_17' title="bbox 528 2717 2218 2809; baseline 0.003 -27"><span class='ocrx_word' id='word_1_71' title='bbox 528 2717 611 2783; x_wconf 93' lang='lat' dir='ltr'>de</span> <span class='ocrx_word' id='word_1_72' title='bbox 640 2717 828 2783; x_wconf 89' lang='lat' dir='ltr'>rebus</span> <span class='ocrx_word' id='word_1_73' title='bbox 854 2719 937 2783; x_wconf 89' lang='lat' dir='ltr'>ad</span> <span class='ocrx_word' id='word_1_74' title='bbox 966 2718 1307 2784; x_wconf 83' lang='lat' dir='ltr'>doctrinam</span> <span class='ocrx_word' id='word_1_75' title='bbox 1335 2742 1579 2784; x_wconf 89' lang='lat' dir='ltr'>morum</span> <span class='ocrx_word' id='word_1_76' title='bbox 1609 2720 2079 2809; x_wconf 85' lang='lat' dir='ltr'>pertinentibus.</span> <span class='ocrx_word' id='word_1_77' title='bbox 2112 2721 2218 2787; x_wconf 86' lang='lat' dir='ltr'>Vi-</span> 
     </span>
     <span class='ocr_line' id='line_1_18' title="bbox 529 2821 1017 2909; baseline -0.002 -23"><span class='ocrx_word' id='word_1_78' title='bbox 529 2821 802 2909; x_wconf 82' lang='lat' dir='ltr'>tebergoe</span> <span class='ocrx_word' id='word_1_79' title='bbox 835 2823 1017 2907; x_wconf 90' lang='lat'>1809.</span> 
     </span>
    </p>

    <p class='ocr_par' dir='ltr' id='par_1_8' title="bbox 519 2925 2219 5481">
     <span class='ocr_line' id='line_1_19' title="bbox 642 2925 2218 3009; baseline 0.003 -21"><span class='ocrx_word' id='word_1_80' title='bbox 642 2962 731 2974; x_wconf 95' lang='lat'><strong>—</strong></span> <span class='ocrx_word' id='word_1_81' title='bbox 786 2940 849 3008; x_wconf 90' lang='lat'>7.</span> <span class='ocrx_word' id='word_1_82' title='bbox 909 2930 1103 2989; x_wconf 91' lang='grc' dir='ltr'><strong>ΠΕΡΙ</strong></span> <span class='ocrx_word' id='word_1_83' title='bbox 1161 2925 1292 3009; x_wconf 80' lang='grc' dir='ltr'>τοῦ]</span> <span class='ocrx_word' id='word_1_84' title='bbox 1364 2925 1700 2990; x_wconf 91' lang='lat' dir='ltr'>Plotiniani</span> <span class='ocrx_word' id='word_1_85' title='bbox 1748 2925 1893 2993; x_wconf 89' lang='lat' dir='ltr'>libri</span> <span class='ocrx_word' id='word_1_86' title='bbox 1934 2927 2075 2992; x_wconf 86' lang='lat' dir='ltr'>fons</span> <span class='ocrx_word' id='word_1_87' title='bbox 2123 2942 2218 2993; x_wconf 89' lang='lat' dir='ltr'>est</span> 
     </span>
     <span class='ocr_line' id='line_1_20' title="bbox 528 3026 2212 3117; baseline 0.004 -28"><span class='ocrx_word' id='word_1_88' title='bbox 528 3026 593 3091; x_wconf 90' lang='lat' dir='ltr'>in</span> <span class='ocrx_word' id='word_1_89' title='bbox 637 3026 915 3092; x_wconf 78' lang='lat' dir='ltr'>Platonis</span> <span class='ocrx_word' id='word_1_90' title='bbox 945 3027 1191 3092; x_wconf 86' lang='lat' dir='ltr'>Timaeo</span> <span class='ocrx_word' id='word_1_91' title='bbox 1233 3050 1297 3115; x_wconf 92' lang='lat' dir='ltr'>p.</span> <span class='ocrx_word' id='word_1_92' title='bbox 1329 3046 1437 3109; x_wconf 88' lang='lat'>42.</span> <span class='ocrx_word' id='word_1_93' title='bbox 1466 3051 1525 3093; x_wconf 94' lang='lat' dir='ltr'>a.</span> <span class='ocrx_word' id='word_1_94' title='bbox 1570 3029 1652 3093; x_wconf 89' lang='lat' dir='ltr'>ad</span> <span class='ocrx_word' id='word_1_95' title='bbox 1695 3053 1883 3117; x_wconf 91' lang='lat' dir='ltr'>quem</span> <span class='ocrx_word' id='word_1_96' title='bbox 1927 3032 2011 3096; x_wconf 86' lang='lat' dir='ltr'>cf.</span> <span class='ocrx_word' id='word_1_97' title='bbox 2052 3032 2212 3096; x_wconf 77' lang='lat' dir='ltr'>Pro-</span> 
     </span>
     <span class='ocr_line' id='line_1_21' title="bbox 529 3129 2215 3221; baseline 0.002 -27"><span class='ocrx_word' id='word_1_98' title='bbox 529 3129 695 3194; x_wconf 89' lang='lat' dir='ltr'>clum</span> <span class='ocrx_word' id='word_1_99' title='bbox 724 3153 787 3219; x_wconf 93' lang='lat' dir='ltr'>p.</span> <span class='ocrx_word' id='word_1_100' title='bbox 810 3131 956 3217; x_wconf 84' lang='lat'><strong><em>326.</em></strong></span> <span class='ocrx_word' id='word_1_101' title='bbox 990 3154 1129 3218; x_wconf 87' lang='lat' dir='ltr'><strong><em>sqq.</em></strong></span> <span class='ocrx_word' id='word_1_102' title='bbox 1175 3130 1369 3196; x_wconf 89' lang='lat' dir='ltr'>Adde</span> <span class='ocrx_word' id='word_1_103' title='bbox 1399 3130 1645 3197; x_wconf 90' lang='lat' dir='ltr'>Platon.</span> <span class='ocrx_word' id='word_1_104' title='bbox 1670 3134 1872 3221; x_wconf 88' lang='lat' dir='ltr'>Legg.</span> <span class='ocrx_word' id='word_1_105' title='bbox 1900 3135 1955 3198; x_wconf 95' lang='lat' dir='ltr'>I.</span> <span class='ocrx_word' id='word_1_106' title='bbox 1977 3156 2038 3221; x_wconf 89' lang='lat' dir='ltr'>p.</span> <span class='ocrx_word' id='word_1_107' title='bbox 2066 3135 2215 3219; x_wconf 90' lang='lat'><strong><em>776.</em></strong></span> 
     </span>
     <span class='ocr_line' id='line_1_22' title="bbox 529 3233 2218 3323; baseline 0.003 -26"><span class='ocrx_word' id='word_1_108' title='bbox 529 3234 607 3298; x_wconf 89' lang='lat' dir='ltr'>F.</span> <span class='ocrx_word' id='word_1_109' title='bbox 649 3234 818 3298; x_wconf 93' lang='lat' dir='ltr'>unde</span> <span class='ocrx_word' id='word_1_110' title='bbox 860 3247 924 3298; x_wconf 88' lang='lat' dir='ltr'>et</span> <span class='ocrx_word' id='word_1_111' title='bbox 961 3233 1352 3322; x_wconf 84' lang='lat' dir='ltr'>Porphyrius</span> <span class='ocrx_word' id='word_1_112' title='bbox 1393 3234 1656 3323; x_wconf 81' lang='lat' dir='ltr'>profecit</span> <span class='ocrx_word' id='word_1_113' title='bbox 1698 3236 1777 3300; x_wconf 90' lang='lat' dir='ltr'>de</span> <span class='ocrx_word' id='word_1_114' title='bbox 1816 3236 2218 3302; x_wconf 86' lang='lat' dir='ltr'>Abstinentia</span> 
     </span>
     <span class='ocr_line' id='line_1_23' title="bbox 530 3337 2217 3430; baseline 0.003 -30"><span class='ocrx_word' id='word_1_115' title='bbox 530 3337 590 3402; x_wconf 91' lang='lat'>1.</span> <span class='ocrx_word' id='word_1_116' title='bbox 617 3356 721 3423; x_wconf 86' lang='lat'>33.</span> <span class='ocrx_word' id='word_1_117' title='bbox 752 3361 819 3426; x_wconf 92' lang='lat' dir='ltr'>p.</span> <span class='ocrx_word' id='word_1_118' title='bbox 841 3353 951 3422; x_wconf 80' lang='lat'><strong><em>54.</em></strong></span> <span class='ocrx_word' id='word_1_119' title='bbox 999 3337 1235 3424; x_wconf 85' lang='lat' dir='ltr'>Rhoer.</span> <span class='ocrx_word' id='word_1_120' title='bbox 1265 3337 1347 3401; x_wconf 85' lang='lat' dir='ltr'>cf.</span> <span class='ocrx_word' id='word_1_121' title='bbox 1379 3353 1442 3402; x_wconf 92' lang='lat' dir='ltr'>et</span> <span class='ocrx_word' id='word_1_122' title='bbox 1471 3339 1764 3404; x_wconf 85' lang='lat' dir='ltr'>Damaso.</span> <span class='ocrx_word' id='word_1_123' title='bbox 1795 3339 1874 3405; x_wconf 88' lang='lat' dir='ltr'>de</span> <span class='ocrx_word' id='word_1_124' title='bbox 1900 3339 2217 3430; x_wconf 88' lang='lat' dir='ltr'>principiis</span> 
     </span>
     <span class='ocr_line' id='line_1_24' title="bbox 528 3438 2217 3528; baseline 0.003 -25"><span class='ocrx_word' id='word_1_125' title='bbox 528 3463 591 3528; x_wconf 92' lang='lat' dir='ltr'>p.</span> <span class='ocrx_word' id='word_1_126' title='bbox 626 3458 772 3526; x_wconf 85' lang='lat'><strong><em>219.</em></strong></span> <span class='ocrx_word' id='word_1_127' title='bbox 834 3438 1055 3504; x_wconf 87' lang='lat' dir='ltr'>Wolfii</span> <span class='ocrx_word' id='word_1_128' title='bbox 1103 3454 1165 3505; x_wconf 91' lang='lat' dir='ltr'>et</span> <span class='ocrx_word' id='word_1_129' title='bbox 1212 3439 1411 3504; x_wconf 91' lang='lat' dir='ltr'>Mich.</span> <span class='ocrx_word' id='word_1_130' title='bbox 1456 3441 1736 3506; x_wconf 89' lang='lat' dir='ltr'>Psellum</span> <span class='ocrx_word' id='word_1_131' title='bbox 1783 3442 1863 3508; x_wconf 90' lang='lat' dir='ltr'>de</span> <span class='ocrx_word' id='word_1_132' title='bbox 1909 3443 2217 3509; x_wconf 89' lang='lat' dir='ltr'>Omnifar.</span> 
     </span>
     <span class='ocr_line' id='line_1_25' title="bbox 528 3542 2217 3632; baseline 0.002 -24"><span class='ocrx_word' id='word_1_133' title='bbox 528 3542 833 3608; x_wconf 81' lang='lat' dir='ltr'>Doctrina</span> <span class='ocrx_word' id='word_1_134' title='bbox 866 3566 1000 3632; x_wconf 88' lang='lat' dir='ltr'>cap.</span> <span class='ocrx_word' id='word_1_135' title='bbox 1030 3562 1139 3625; x_wconf 93' lang='lat'>44.</span> <span class='ocrx_word' id='word_1_136' title='bbox 1185 3566 1252 3631; x_wconf 92' lang='lat' dir='ltr'>p.</span> <span class='ocrx_word' id='word_1_137' title='bbox 1281 3562 1422 3630; x_wconf 86' lang='lat'>103.</span> <span class='ocrx_word' id='word_1_138' title='bbox 1456 3544 1743 3609; x_wconf 84' lang='lat' dir='ltr'>Fabricii.</span> <span class='ocrx_word' id='word_1_139' title='bbox 1833 3547 1968 3610; x_wconf 92' lang='lat' dir='ltr'>Nec</span> <span class='ocrx_word' id='word_1_140' title='bbox 2012 3546 2217 3611; x_wconf 91' lang='lat' dir='ltr'>minus</span> 
     </span>
     <span class='ocr_line' id='line_1_26' title="bbox 529 3645 2219 3714; baseline 0.002 -4"><span class='ocrx_word' id='word_1_141' title='bbox 529 3645 934 3711; x_wconf 86' lang='lat' dir='ltr'>Aristotelem</span> <span class='ocrx_word' id='word_1_142' title='bbox 984 3660 1128 3711; x_wconf 90' lang='lat' dir='ltr'>ante</span> <span class='ocrx_word' id='word_1_143' title='bbox 1178 3645 1392 3711; x_wconf 87' lang='lat' dir='ltr'>oculos</span> <span class='ocrx_word' id='word_1_144' title='bbox 1439 3646 1662 3712; x_wconf 91' lang='lat' dir='ltr'>habuit</span> <span class='ocrx_word' id='word_1_145' title='bbox 1713 3648 2020 3713; x_wconf 90' lang='lat' dir='ltr'>Plotinus.</span> <span class='ocrx_word' id='word_1_146' title='bbox 2113 3651 2219 3714; x_wconf 88' lang='lat' dir='ltr'>Ita</span> 
     </span>
     <span class='ocr_line' id='line_1_27' title="bbox 527 3729 2219 3840; baseline 0.001 -27"><span class='ocrx_word' id='word_1_147' title='bbox 527 3729 693 3813; x_wconf 87' lang='lat' dir='ltr'>enim</span> <span class='ocrx_word' id='word_1_148' title='bbox 720 3747 824 3813; x_wconf 89' lang='lat' dir='ltr'>ille</span> <span class='ocrx_word' id='word_1_149' title='bbox 844 3750 1172 3814; x_wconf 79' lang='lat' dir='ltr'>deAnima</span> <span class='ocrx_word' id='word_1_150' title='bbox 1191 3748 1301 3813; x_wconf 89' lang='lat' dir='ltr'>lib.</span> <span class='ocrx_word' id='word_1_151' title='bbox 1325 3750 1385 3813; x_wconf 93' lang='lat' dir='ltr'>I.</span> <span class='ocrx_word' id='word_1_152' title='bbox 1412 3773 1545 3837; x_wconf 84' lang='lat' dir='ltr'>cap.</span> <span class='ocrx_word' id='word_1_153' title='bbox 1570 3752 1627 3815; x_wconf 93' lang='lat' dir='ltr'>I.</span> <span class='ocrx_word' id='word_1_154' title='bbox 1656 3774 1720 3836; x_wconf 93' lang='lat' dir='ltr'>p.</span> <span class='ocrx_word' id='word_1_155' title='bbox 1738 3770 1800 3837; x_wconf 88' lang='lat'>3.</span> <span class='ocrx_word' id='word_1_156' title='bbox 1835 3750 2219 3840; x_wconf 86' lang='lat' dir='ltr'>Sylburg.—</span> 
     </span>
     <span class='ocr_line' id='line_1_28' title="bbox 526 3852 2217 3939; baseline 0.003 -23"><span class='ocrx_word' id='word_1_157' title='bbox 526 3852 817 3934; x_wconf 79' lang='grc' dir='ltr'>Ἀπορίαν</span> <span class='ocrx_word' id='word_1_158' title='bbox 844 3853 910 3916; x_wconf 68' lang='grc' dir='ltr'>δὲ</span> <span class='ocrx_word' id='word_1_159' title='bbox 948 3852 1075 3936; x_wconf 82' lang='grc' dir='ltr'>ἔχει</span> <span class='ocrx_word' id='word_1_160' title='bbox 1120 3853 1214 3916; x_wconf 86' lang='grc' dir='ltr'>καὶ</span> <span class='ocrx_word' id='word_1_161' title='bbox 1255 3856 1331 3917; x_wconf 78' lang='grc' dir='ltr'>τὰ</span> <span class='ocrx_word' id='word_1_162' title='bbox 1367 3852 1527 3934; x_wconf 82' lang='grc' dir='ltr'>πάθη</span> <span class='ocrx_word' id='word_1_163' title='bbox 1566 3857 1667 3934; x_wconf 78' lang='grc' dir='ltr'>τῆς</span> <span class='ocrx_word' id='word_1_164' title='bbox 1707 3858 1925 3939; x_wconf 81' lang='grc' dir='ltr'>ψυχῆς,</span> <span class='ocrx_word' id='word_1_165' title='bbox 1964 3857 2217 3938; x_wconf 77' lang='grc' dir='ltr'>πότερόν</span> 
     </span>
     <span class='ocr_line' id='line_1_29' title="bbox 529 3954 2218 4039; baseline 0.005 -21"><span class='ocrx_word' id='word_1_166' title='bbox 529 3956 661 4018; x_wconf 72' lang='grc' dir='ltr'>ἐστι</span> <span class='ocrx_word' id='word_1_167' title='bbox 687 3954 882 4019; x_wconf 77' lang='grc' dir='ltr'>πάντα</span> <span class='ocrx_word' id='word_1_168' title='bbox 911 3957 1079 4019; x_wconf 79' lang='grc' dir='ltr'>κοινᾶ</span> <span class='ocrx_word' id='word_1_169' title='bbox 1107 3955 1203 4018; x_wconf 87' lang='grc' dir='ltr'>καὶ</span> <span class='ocrx_word' id='word_1_170' title='bbox 1230 3959 1335 4018; x_wconf 80' lang='grc' dir='ltr'>τοῦ</span> <span class='ocrx_word' id='word_1_171' title='bbox 1364 3955 1626 4039; x_wconf 82' lang='grc' dir='ltr'>ἔχοντος·</span> <span class='ocrx_word' id='word_1_172' title='bbox 1672 3954 1711 4037; x_wconf 84' lang='grc' dir='ltr'>ἢ</span> <span class='ocrx_word' id='word_1_173' title='bbox 1742 3959 1878 4022; x_wconf 80' lang='grc' dir='ltr'>ἐστί</span> <span class='ocrx_word' id='word_1_174' title='bbox 1909 3983 1965 4022; x_wconf 80' lang='grc' dir='ltr'>τι</span> <span class='ocrx_word' id='word_1_175' title='bbox 1996 3958 2090 4022; x_wconf 87' lang='grc' dir='ltr'>καὶ</span> <span class='ocrx_word' id='word_1_176' title='bbox 2117 3962 2218 4039; x_wconf 79' lang='grc' dir='ltr'>τῆς</span> 
     </span>
     <span class='ocr_line' id='line_1_30' title="bbox 526 4058 2212 4143; baseline 0.001 -19"><span class='ocrx_word' id='word_1_177' title='bbox 526 4060 729 4141; x_wconf 70' lang='grc' dir='ltr'><em>ψυχῆς</em></span> <span class='ocrx_word' id='word_1_178' title='bbox 755 4060 906 4122; x_wconf 78' lang='grc' dir='ltr'>ἴδιον</span> <span class='ocrx_word' id='word_1_179' title='bbox 927 4058 1119 4137; x_wconf 77' lang='grc' dir='ltr'>αὐτῆς·</span> <span class='ocrx_word' id='word_1_180' title='bbox 1152 4062 1323 4122; x_wconf 81' lang='grc' dir='ltr'>τοῦτο</span> <span class='ocrx_word' id='word_1_181' title='bbox 1353 4060 1468 4141; x_wconf 72' lang='grc' dir='ltr'>γὰρ</span> <span class='ocrx_word' id='word_1_182' title='bbox 1497 4065 1717 4139; x_wconf 79' lang='grc' dir='ltr'>λαβεῖν</span> <span class='ocrx_word' id='word_1_183' title='bbox 1735 4061 1849 4140; x_wconf 76' lang='grc' dir='ltr'>μὲν</span> <span class='ocrx_word' id='word_1_184' title='bbox 1869 4062 2212 4143; x_wconf 78' lang='grc' dir='ltr'>ἀναγκαῖον,</span> 
     </span>
     <span class='ocr_line' id='line_1_31' title="bbox 529 4157 2216 4243; baseline 0.004 -19"><span class='ocrx_word' id='word_1_185' title='bbox 529 4160 602 4224; x_wconf 79' lang='grc' dir='ltr'>οὗ</span> <span class='ocrx_word' id='word_1_186' title='bbox 626 4157 831 4243; x_wconf 82' lang='grc' dir='ltr'>ῥᾴδιον</span> <span class='ocrx_word' id='word_1_187' title='bbox 859 4158 944 4225; x_wconf 82' lang='grc' dir='ltr'><strong>δέ.</strong></span> <span class='ocrx_word' id='word_1_188' title='bbox 994 4162 1271 4242; x_wconf 79' lang='grc' dir='ltr'>φαίνεται</span> <span class='ocrx_word' id='word_1_189' title='bbox 1298 4163 1363 4225; x_wconf 78' lang='grc' dir='ltr'>δὲ</span> <span class='ocrx_word' id='word_1_190' title='bbox 1398 4167 1515 4226; x_wconf 78' lang='grc' dir='ltr'>τῶν</span> <span class='ocrx_word' id='word_1_191' title='bbox 1541 4164 1844 4227; x_wconf 78' lang='grc' dir='ltr'>πλείστων</span> <span class='ocrx_word' id='word_1_192' title='bbox 1872 4163 2045 4228; x_wconf 68' lang='grc' dir='ltr'>οὐδὲν</span> <span class='ocrx_word' id='word_1_193' title='bbox 2073 4164 2216 4230; x_wconf 78' lang='grc' dir='ltr'>ἄνευ</span> 
     </span>
     <span class='ocr_line' id='line_1_32' title="bbox 528 4262 2211 4349; baseline 0.003 -23"><span class='ocrx_word' id='word_1_194' title='bbox 528 4265 800 4343; x_wconf 71' lang='grc' dir='ltr'>σώματος</span> <span class='ocrx_word' id='word_1_195' title='bbox 824 4262 1104 4347; x_wconf 78' lang='grc' dir='ltr'>πάσχειν,</span> <span class='ocrx_word' id='word_1_196' title='bbox 1126 4265 1262 4328; x_wconf 74' lang='grc' dir='ltr'>οὐδὲ</span> <span class='ocrx_word' id='word_1_197' title='bbox 1289 4270 1501 4338; x_wconf 82' lang='grc' dir='ltr'>ποιεῖν,</span> <span class='ocrx_word' id='word_1_198' title='bbox 1527 4266 1656 4329; x_wconf 77' lang='grc' dir='ltr'>οἷον</span> <span class='ocrx_word' id='word_1_199' title='bbox 1686 4267 2039 4348; x_wconf 73' lang='grc' dir='ltr'>ὀργίζεσθαι,</span> <span class='ocrx_word' id='word_1_200' title='bbox 2073 4269 2211 4349; x_wconf 81' lang='grc' dir='ltr'>θαῤ-</span> 
     </span>
     <span class='ocr_line' id='line_1_33' title="bbox 524 4365 2216 4448; baseline 0.002 -18"><span class='ocrx_word' id='word_1_201' title='bbox 524 4368 676 4448; x_wconf 78' lang='grc' dir='ltr'>ῥεῖν,</span> <span class='ocrx_word' id='word_1_202' title='bbox 701 4367 1020 4446; x_wconf 77' lang='grc' dir='ltr'>ἐπιθυμεῖν,</span> <span class='ocrx_word' id='word_1_203' title='bbox 1045 4367 1199 4434; x_wconf 82' lang='grc' dir='ltr'>ὅλως</span> <span class='ocrx_word' id='word_1_204' title='bbox 1228 4365 1636 4432; x_wconf 78' lang='grc' dir='ltr'>αἰσθάνεσθαι·</span> <span class='ocrx_word' id='word_1_205' title='bbox 1669 4367 1933 4448; x_wconf 81' lang='grc' dir='ltr'>μάλιστα</span> <span class='ocrx_word' id='word_1_206' title='bbox 1952 4367 2000 4433; x_wconf 83' lang='grc' dir='ltr'>δ’</span> <span class='ocrx_word' id='word_1_207' title='bbox 2025 4370 2216 4435; x_wconf 82' lang='grc' dir='ltr'>ἔοικεν</span> 
     </span>
     <span class='ocr_line' id='line_1_34' title="bbox 526 4466 2214 4558; baseline 0.003 -26"><span class='ocrx_word' id='word_1_208' title='bbox 526 4471 682 4532; x_wconf 74' lang='grc' dir='ltr'>ἴδιον</span> <span class='ocrx_word' id='word_1_209' title='bbox 707 4466 776 4532; x_wconf 80' lang='grc' dir='ltr'>τὸ</span> <span class='ocrx_word' id='word_1_210' title='bbox 807 4474 967 4533; x_wconf 83' lang='grc' dir='ltr'>νοεῖν</span> <span class='ocrx_word' id='word_1_211' title='bbox 997 4497 1047 4533; x_wconf 87' lang='grc' dir='ltr'><strong>κ.</strong></span> <span class='ocrx_word' id='word_1_212' title='bbox 1071 4494 1121 4532; x_wconf 80' lang='grc' dir='ltr'><strong>τ.</strong></span> <span class='ocrx_word' id='word_1_213' title='bbox 1143 4476 1204 4533; x_wconf 90' lang='grc' dir='ltr'>λ.</span> <span class='ocrx_word' id='word_1_214' title='bbox 1251 4470 1332 4534; x_wconf 86' lang='lat' dir='ltr'>cf.</span> <span class='ocrx_word' id='word_1_215' title='bbox 1364 4468 1550 4534; x_wconf 88' lang='lat' dir='ltr'>etiam</span> <span class='ocrx_word' id='word_1_216' title='bbox 1577 4493 1724 4558; x_wconf 86' lang='lat' dir='ltr'>pag.</span> <span class='ocrx_word' id='word_1_217' title='bbox 1746 4491 1812 4553; x_wconf 89' lang='lat'>4.</span> <span class='ocrx_word' id='word_1_218' title='bbox 1888 4472 1968 4536; x_wconf 93' lang='lat' dir='ltr'>In</span> <span class='ocrx_word' id='word_1_219' title='bbox 1996 4471 2214 4536; x_wconf 92' lang='lat' dir='ltr'>eodem</span> 
     </span>
     <span class='ocr_line' id='line_1_35' title="bbox 524 4570 2215 4655; baseline 0.003 -21"><span class='ocrx_word' id='word_1_220' title='bbox 524 4584 899 4655; x_wconf 88' lang='lat' dir='ltr'>argumento</span> <span class='ocrx_word' id='word_1_221' title='bbox 924 4570 1388 4636; x_wconf 84' lang='lat' dir='ltr'>elaboraverant</span> <span class='ocrx_word' id='word_1_222' title='bbox 1414 4571 1598 4636; x_wconf 87' lang='lat' dir='ltr'>etiam</span> <span class='ocrx_word' id='word_1_223' title='bbox 1633 4573 1846 4639; x_wconf 89' lang='lat' dir='ltr'>Stoici.</span> <span class='ocrx_word' id='word_1_224' title='bbox 1906 4573 2115 4652; x_wconf 84' lang='lat' dir='ltr'>Quod,</span> <span class='ocrx_word' id='word_1_225' title='bbox 2139 4586 2215 4638; x_wconf 93' lang='lat' dir='ltr'>ut</span> 
     </span>
     <span class='ocr_line' id='line_1_36' title="bbox 523 4670 2212 4763; baseline 0.002 -26"><span class='ocrx_word' id='word_1_226' title='bbox 523 4671 651 4737; x_wconf 86' lang='lat' dir='ltr'>alia</span> <span class='ocrx_word' id='word_1_227' title='bbox 669 4670 973 4752; x_wconf 87' lang='lat' dir='ltr'>omittam,</span> <span class='ocrx_word' id='word_1_228' title='bbox 997 4673 1364 4763; x_wconf 86' lang='lat' dir='ltr'>intelligitur</span> <span class='ocrx_word' id='word_1_229' title='bbox 1384 4698 1420 4739; x_wconf 96' lang='lat' dir='ltr'>e</span> <span class='ocrx_word' id='word_1_230' title='bbox 1447 4675 1799 4763; x_wconf 85' lang='lat' dir='ltr'>fragmento</span> <span class='ocrx_word' id='word_1_231' title='bbox 1823 4675 2212 4754; x_wconf 88' lang='lat' dir='ltr'>Plutarcheo,</span> 
     </span>
     <span class='ocr_line' id='line_1_37' title="bbox 534 4777 2214 4868; baseline 0.003 -28"><span class='ocrx_word' id='word_1_232' title='bbox 534 4777 770 4841; x_wconf 76' lang='lat' dir='ltr'>Utrum</span> <span class='ocrx_word' id='word_1_233' title='bbox 798 4777 1049 4842; x_wconf 79' lang='lat' dir='ltr'>Animae</span> <span class='ocrx_word' id='word_1_234' title='bbox 1086 4800 1173 4842; x_wconf 83' lang='lat' dir='ltr'>om</span> <span class='ocrx_word' id='word_1_235' title='bbox 1206 4779 1508 4868; x_wconf 61' lang='lat' dir='ltr'>Corporis</span> <span class='ocrx_word' id='word_1_236' title='bbox 1548 4781 1636 4844; x_wconf 74' lang='lat' dir='ltr'>sit</span> <span class='ocrx_word' id='word_1_237' title='bbox 1679 4781 2014 4868; x_wconf 54' lang='grc' dir='ltr'>(εέηῆιαάο,</span> <span class='ocrx_word' id='word_1_238' title='bbox 2042 4779 2214 4867; x_wconf 91' lang='lat' dir='ltr'>quod</span> 
     </span>
     <span class='ocr_line' id='line_1_38' title="bbox 523 4877 2216 4971; baseline 0.003 -28"><span class='ocrx_word' id='word_1_239' title='bbox 523 4877 886 4944; x_wconf 84' lang='lat' dir='ltr'>mutilatum</span> <span class='ocrx_word' id='word_1_240' title='bbox 916 4880 1210 4968; x_wconf 86' lang='lat' dir='ltr'>temporis</span> <span class='ocrx_word' id='word_1_241' title='bbox 1238 4880 1466 4969; x_wconf 84' lang='lat' dir='ltr'>injuria</span> <span class='ocrx_word' id='word_1_242' title='bbox 1493 4882 1739 4970; x_wconf 85' lang='lat' dir='ltr'>egregie</span> <span class='ocrx_word' id='word_1_243' title='bbox 1772 4882 2216 4971; x_wconf 84' lang='lat' dir='ltr'>redintegravit</span> 
     </span>
     <span class='ocr_line' id='line_1_39' title="bbox 525 4981 2213 5073; baseline 0.002 -27"><span class='ocrx_word' id='word_1_244' title='bbox 525 4981 979 5072; x_wconf 83' lang='lat' dir='ltr'>Wyttenbach.</span> <span class='ocrx_word' id='word_1_245' title='bbox 1003 4983 1286 5048; x_wconf 73' lang='lat' dir='ltr'>&#39;l&#39;om.V.</span> <span class='ocrx_word' id='word_1_246' title='bbox 1316 5000 1474 5071; x_wconf 86' lang='lat' dir='ltr'>part.</span> <span class='ocrx_word' id='word_1_247' title='bbox 1498 5005 1562 5072; x_wconf 85' lang='lat'>3.</span> <span class='ocrx_word' id='word_1_248' title='bbox 1592 5008 1656 5073; x_wconf 93' lang='lat' dir='ltr'>p.</span> <span class='ocrx_word' id='word_1_249' title='bbox 1682 5000 1830 5068; x_wconf 92' lang='lat'><strong><em>700.</em></strong></span> <span class='ocrx_word' id='word_1_250' title='bbox 1849 4987 1939 5050; x_wconf 93' lang='lat' dir='ltr'>A.</span> <span class='ocrx_word' id='word_1_251' title='bbox 1962 4985 2065 5050; x_wconf 95' lang='lat' dir='ltr'>ed.</span> <span class='ocrx_word' id='word_1_252' title='bbox 2096 4986 2213 5050; x_wconf 91' lang='lat' dir='ltr'>mi-</span> 
     </span>
     <span class='ocr_line' id='line_1_40' title="bbox 521 5084 2215 5174; baseline 0.002 -24"><span class='ocrx_word' id='word_1_253' title='bbox 521 5084 695 5150; x_wconf 89' lang='lat' dir='ltr'>noris</span> <span class='ocrx_word' id='word_1_254' title='bbox 719 5100 783 5150; x_wconf 89' lang='lat' dir='ltr'>et</span> <span class='ocrx_word' id='word_1_255' title='bbox 813 5084 1131 5150; x_wconf 89' lang='lat' dir='ltr'>Posidonii</span> <span class='ocrx_word' id='word_1_256' title='bbox 1162 5086 1558 5174; x_wconf 84' lang='lat' dir='ltr'>Fragmentis</span> <span class='ocrx_word' id='word_1_257' title='bbox 1597 5088 1856 5153; x_wconf 89' lang='lat' dir='ltr'>inseruit</span> <span class='ocrx_word' id='word_1_258' title='bbox 1883 5090 1955 5155; x_wconf 86' lang='lat' dir='ltr'>J.</span> <span class='ocrx_word' id='word_1_259' title='bbox 1978 5087 2215 5154; x_wconf 90' lang='lat' dir='ltr'>Bakius</span> 
     </span>
     <span class='ocr_line' id='line_1_41' title="bbox 519 5185 2216 5279; baseline 0.003 -28"><span class='ocrx_word' id='word_1_260' title='bbox 519 5211 592 5277; x_wconf 90' lang='lat' dir='ltr'>p.</span> <span class='ocrx_word' id='word_1_261' title='bbox 628 5205 769 5256; x_wconf 84' lang='lat'>222.</span> <span class='ocrx_word' id='word_1_262' title='bbox 861 5185 1042 5252; x_wconf 90' lang='lat' dir='ltr'>Idem</span> <span class='ocrx_word' id='word_1_263' title='bbox 1070 5187 1393 5253; x_wconf 88' lang='lat' dir='ltr'>consilium</span> <span class='ocrx_word' id='word_1_264' title='bbox 1429 5189 1493 5254; x_wconf 88' lang='lat' dir='ltr'>in</span> <span class='ocrx_word' id='word_1_265' title='bbox 1532 5190 1651 5256; x_wconf 89' lang='lat' dir='ltr'>hoc</span> <span class='ocrx_word' id='word_1_266' title='bbox 1677 5190 1838 5256; x_wconf 92' lang='lat' dir='ltr'>libro</span> <span class='ocrx_word' id='word_1_267' title='bbox 1865 5191 2040 5279; x_wconf 89' lang='lat' dir='ltr'>sequi</span> <span class='ocrx_word' id='word_1_268' title='bbox 2072 5191 2216 5256; x_wconf 92' lang='lat' dir='ltr'>Plo-</span> 
     </span>
     <span class='ocr_line' id='line_1_42' title="bbox 520 5288 2215 5381; baseline 0.001 -24"><span class='ocrx_word' id='word_1_269' title='bbox 520 5292 754 5369; x_wconf 88' lang='lat' dir='ltr'>tinum,</span> <span class='ocrx_word' id='word_1_270' title='bbox 781 5288 954 5377; x_wconf 91' lang='lat' dir='ltr'>quod</span> <span class='ocrx_word' id='word_1_271' title='bbox 982 5290 1310 5356; x_wconf 87' lang='lat' dir='ltr'>Platonem</span> <span class='ocrx_word' id='word_1_272' title='bbox 1348 5291 1411 5356; x_wconf 91' lang='lat' dir='ltr'>in</span> <span class='ocrx_word' id='word_1_273' title='bbox 1454 5292 1773 5358; x_wconf 87' lang='lat' dir='ltr'>Alcibiade</span> <span class='ocrx_word' id='word_1_274' title='bbox 1815 5293 2042 5381; x_wconf 90' lang='lat' dir='ltr'>priore,</span> <span class='ocrx_word' id='word_1_275' title='bbox 2071 5317 2215 5360; x_wconf 90' lang='lat' dir='ltr'>con-</span> 
     </span>
     <span class='ocr_line' id='line_1_43' title="bbox 519 5390 2211 5481; baseline 0.001 -21"><span class='ocrx_word' id='word_1_276' title='bbox 519 5390 729 5460; x_wconf 85' lang='lat' dir='ltr'>tendit</span> <span class='ocrx_word' id='word_1_277' title='bbox 770 5391 1262 5481; x_wconf 83' lang='lat' dir='ltr'>Olympiodorus</span> <span class='ocrx_word' id='word_1_278' title='bbox 1305 5394 1369 5458; x_wconf 90' lang='lat' dir='ltr'>in</span> <span class='ocrx_word' id='word_1_279' title='bbox 1410 5395 1622 5460; x_wconf 91' lang='lat' dir='ltr'>Alcib.</span> <span class='ocrx_word' id='word_1_280' title='bbox 1653 5396 1715 5460; x_wconf 91' lang='lat'>1.</span> <span class='ocrx_word' id='word_1_281' title='bbox 1758 5403 1931 5479; x_wconf 71' lang='grc' dir='ltr'>πραξ.</span> <span class='ocrx_word' id='word_1_282' title='bbox 1979 5395 2058 5462; x_wconf 86' lang='grc' dir='ltr'>α’.</span> <span class='ocrx_word' id='word_1_283' title='bbox 2101 5398 2211 5462; x_wconf 88' lang='lat' dir='ltr'>fin.</span> 
     </span>
    </p>
   </div>
   <div class='ocr_carea' id='block_1_8' title="bbox 520 5495 2221 5587">
    <p class='ocr_par' dir='ltr' id='par_1_9' title="bbox 520 5495 2221 5587">
     <span class='ocr_line' id='line_1_44' title="bbox 520 5495 2221 5587; baseline 0.004 -28"><span class='ocrx_word' id='word_1_284' title='bbox 520 5520 674 5587; x_wconf 81' lang='lat' dir='ltr'>pag.</span> <span class='ocrx_word' id='word_1_285' title='bbox 705 5517 763 5581; x_wconf 90' lang='lat'>9.</span> <span class='ocrx_word' id='word_1_286' title='bbox 794 5495 896 5561; x_wconf 87' lang='lat' dir='ltr'>ed.</span> <span class='ocrx_word' id='word_1_287' title='bbox 926 5496 1189 5586; x_wconf 88' lang='lat' dir='ltr'>princip.</span> <span class='ocrx_word' id='word_1_288' title='bbox 1253 5498 1470 5563; x_wconf 89' lang='lat' dir='ltr'>Habet</span> <span class='ocrx_word' id='word_1_289' title='bbox 1496 5497 1656 5563; x_wconf 83' lang='lat' dir='ltr'>enirn</span> <span class='ocrx_word' id='word_1_290' title='bbox 1688 5498 1812 5564; x_wconf 89' lang='lat' dir='ltr'>ita:</span> <span class='ocrx_word' id='word_1_291' title='bbox 1863 5500 1960 5565; x_wconf 86' lang='grc' dir='ltr'>καὶ</span> <span class='ocrx_word' id='word_1_292' title='bbox 1990 5501 2154 5569; x_wconf 74' lang='grc' dir='ltr'>αὖθις</span> <span class='ocrx_word' id='word_1_293' title='bbox 2181 5500 2221 5565; x_wconf 72' lang='grc' dir='ltr'>ὃ</span> 
     </span>
    </p>
   </div>
   <div class='ocr_carea' id='block_1_9' title="bbox 521 5599 2212 5688">
    <p class='ocr_par' dir='ltr' id='par_1_10' title="bbox 521 5599 2212 5688">
     <span class='ocr_line' id='line_1_45' title="bbox 521 5599 2212 5688; baseline -0.002 -19"><span class='ocrx_word' id='word_1_294' title='bbox 521 5603 607 5688; x_wconf 65' lang='grc' dir='ltr'>τῷ</span> <span class='ocrx_word' id='word_1_295' title='bbox 636 5600 927 5687; x_wconf 69' lang='grc' dir='ltr'>Πλωτίνῳ</span> <span class='ocrx_word' id='word_1_296' title='bbox 956 5599 1025 5663; x_wconf 80' lang='grc' dir='ltr'>τὸ</span> <span class='ocrx_word' id='word_1_297' title='bbox 1054 5599 1385 5683; x_wconf 77' lang='grc' dir='ltr'>κεφάλαιον</span> <span class='ocrx_word' id='word_1_298' title='bbox 1413 5600 1481 5664; x_wconf 80' lang='grc' dir='ltr'>τὸ</span> <span class='ocrx_word' id='word_1_299' title='bbox 1512 5603 1581 5666; x_wconf 76' lang='grc' dir='ltr'>ἐν</span> <span class='ocrx_word' id='word_1_300' title='bbox 1608 5607 1736 5671; x_wconf 79' lang='grc' dir='ltr'>ταῖς</span> <span class='ocrx_word' id='word_1_301' title='bbox 1765 5602 2028 5681; x_wconf 80' lang='grc' dir='ltr'>ἔννεάσι,</span> <span class='ocrx_word' id='word_1_302' title='bbox 2059 5606 2123 5667; x_wconf 79' lang='grc' dir='ltr'>τί</span> <span class='ocrx_word' id='word_1_303' title='bbox 2143 5603 2212 5667; x_wconf 79' lang='grc' dir='ltr'>τὸ</span> 
     </span>
    </p>
   </div>
   <div class='ocr_carea' id='block_1_10' title="bbox 522 5703 2210 5863">
    <p class='ocr_par' dir='ltr' id='par_1_11' title="bbox 522 5703 2210 5863">
     <span class='ocr_line' id='line_1_46' title="bbox 522 5703 2210 5786; baseline 0.003 -20"><span class='ocrx_word' id='word_1_304' title='bbox 522 5709 695 5780; x_wconf 75' lang='grc' dir='ltr'>ζῶον,</span> <span class='ocrx_word' id='word_1_305' title='bbox 720 5703 816 5766; x_wconf 82' lang='grc' dir='ltr'>καὶ</span> <span class='ocrx_word' id='word_1_306' title='bbox 843 5704 931 5771; x_wconf 78' lang='grc' dir='ltr'>τίς</span> <span class='ocrx_word' id='word_1_307' title='bbox 959 5704 993 5767; x_wconf 80' lang='grc' dir='ltr'>ὁ</span> <span class='ocrx_word' id='word_1_308' title='bbox 1023 5705 1342 5786; x_wconf 78' lang='grc' dir='ltr'>ἄνθρωπος,</span> <span class='ocrx_word' id='word_1_309' title='bbox 1367 5704 1512 5770; x_wconf 78' lang='grc' dir='ltr'>ἔνθα</span> <span class='ocrx_word' id='word_1_310' title='bbox 1541 5705 1801 5771; x_wconf 78' lang='grc' dir='ltr'>δείκνυσι</span> <span class='ocrx_word' id='word_1_311' title='bbox 1827 5711 1975 5782; x_wconf 72' lang='grc' dir='ltr'>ζῶον</span> <span class='ocrx_word' id='word_1_312' title='bbox 2000 5707 2115 5786; x_wconf 78' lang='grc' dir='ltr'>μὲν</span> <span class='ocrx_word' id='word_1_313' title='bbox 2142 5705 2210 5770; x_wconf 80' lang='grc' dir='ltr'>τὸ</span> 
     </span>
     <span class='ocr_line' id='line_1_47' title="bbox 629 5809 1091 5863; baseline 0.006 -3"><span class='ocrx_word' id='word_1_314' title='bbox 629 5809 815 5863; x_wconf 78' lang='lat' dir='ltr'>VOL.</span> <span class='ocrx_word' id='word_1_315' title='bbox 853 5810 919 5863; x_wconf 88' lang='lat'>11</span> <span class='ocrx_word' id='word_1_316' title='bbox 925 5846 941 5863; x_wconf 88' lang='grc'><strong>.</strong></span> <span class='ocrx_word' id='word_1_317' title='bbox 1006 5809 1051 5855; x_wconf 75' lang='lat'>⁴³-</span> <span class='ocrx_word' id='word_1_318' title='bbox 1064 5813 1091 5850; x_wconf 60' lang='grc' dir='ltr'>ὓ</span> 
     </span>
    </p>
   </div>
   <div class='ocr_carea' id='block_1_11' title="bbox 2301 1901 3990 2092">
    <p class='ocr_par' dir='ltr' id='par_1_12' title="bbox 2301 1901 3990 2092">
     <span class='ocr_line' id='line_1_48' title="bbox 2302 1901 3990 1987; baseline -0.006 -19"><span class='ocrx_word' id='word_1_319' title='bbox 2302 1904 2786 1986; x_wconf 77' lang='grc' dir='ltr'>συναμφότερον,</span> <span class='ocrx_word' id='word_1_320' title='bbox 2819 1901 3130 1984; x_wconf 77' lang='grc' dir='ltr'>ἄνθρωπον</span> <span class='ocrx_word' id='word_1_321' title='bbox 3159 1903 3244 1977; x_wconf 69' lang='grc' dir='ltr'>δὲ,</span> <span class='ocrx_word' id='word_1_322' title='bbox 3275 1902 3383 1982; x_wconf 73' lang='grc' dir='ltr'>τὴν</span> <span class='ocrx_word' id='word_1_323' title='bbox 3409 1901 3635 1987; x_wconf 80' lang='grc' dir='ltr'>ψυχήν.</span> <span class='ocrx_word' id='word_1_324' title='bbox 3682 1907 3854 1969; x_wconf 80' lang='grc' dir='ltr'>τοῦτο</span> <span class='ocrx_word' id='word_1_325' title='bbox 3894 1905 3990 1968; x_wconf 75' lang='grc' dir='ltr'>καὶ</span> 
     </span>
     <span class='ocr_line' id='line_1_49' title="bbox 2301 2002 3925 2092; baseline -0.001 -21"><span class='ocrx_word' id='word_1_326' title='bbox 2301 2009 2381 2092; x_wconf 72' lang='grc' dir='ltr'>τῷ</span> <span class='ocrx_word' id='word_1_327' title='bbox 2411 2004 2697 2070; x_wconf 82' lang='grc' dir='ltr'>Πλάτωνι</span> <span class='ocrx_word' id='word_1_328' title='bbox 2725 2007 2758 2068; x_wconf 81' lang='grc' dir='ltr'><em>ὁ</em></span> <span class='ocrx_word' id='word_1_329' title='bbox 2787 2002 3170 2085; x_wconf 82' lang='grc' dir='ltr'>Ἀλκιβιάδης</span> <span class='ocrx_word' id='word_1_330' title='bbox 3197 2010 3463 2070; x_wconf 81' lang='grc' dir='ltr'>τοιοῦτον</span> <span class='ocrx_word' id='word_1_331' title='bbox 3492 2005 3650 2089; x_wconf 83' lang='grc' dir='ltr'>ἔχων</span> <span class='ocrx_word' id='word_1_332' title='bbox 3679 2007 3925 2070; x_wconf 85' lang='grc' dir='ltr'>σκόπον.</span> 
     </span>
    </p>
   </div>
   <div class='ocr_carea' id='block_1_12' title="bbox 2292 2105 3995 5692">
    <p class='ocr_par' dir='ltr' id='par_1_13' title="bbox 2298 2105 3995 4972">
     <span class='ocr_line' id='line_1_50' title="bbox 2410 2105 3986 2193; baseline 0 -22"><span class='ocrx_word' id='word_1_333' title='bbox 2410 2145 2500 2157; x_wconf 94' lang='grc'><strong>-</strong></span> <span class='ocrx_word' id='word_1_334' title='bbox 2547 2128 2606 2193; x_wconf 90' lang='grc'>9.</span> <span class='ocrx_word' id='word_1_335' title='bbox 2665 2105 3016 2173; x_wconf 90' lang='grc' dir='ltr'><strong>ἩΔΟΝΑΙ</strong></span> <span class='ocrx_word' id='word_1_336' title='bbox 3076 2108 3198 2192; x_wconf 81' lang='grc' dir='ltr'>καὶ]</span> <span class='ocrx_word' id='word_1_337' title='bbox 3268 2109 3382 2173; x_wconf 91' lang='lat' dir='ltr'>Ad</span> <span class='ocrx_word' id='word_1_338' title='bbox 3443 2107 3807 2173; x_wconf 90' lang='lat' dir='ltr'>sententiam</span> <span class='ocrx_word' id='word_1_339' title='bbox 3861 2107 3986 2172; x_wconf 86' lang='lat' dir='ltr'>vid.</span> 
     </span>
     <span class='ocr_line' id='line_1_51' title="bbox 2304 2209 3989 2298; baseline 0.001 -24"><span class='ocrx_word' id='word_1_340' title='bbox 2304 2209 2551 2275; x_wconf 91' lang='lat' dir='ltr'>Platon.</span> <span class='ocrx_word' id='word_1_341' title='bbox 2602 2210 2907 2275; x_wconf 78' lang='lat' dir='ltr'>Phaedon.</span> <span class='ocrx_word' id='word_1_342' title='bbox 2951 2232 3017 2298; x_wconf 92' lang='lat' dir='ltr'>p.</span> <span class='ocrx_word' id='word_1_343' title='bbox 3049 2211 3154 2295; x_wconf 93' lang='lat'>69.</span> <span class='ocrx_word' id='word_1_344' title='bbox 3199 2211 3279 2274; x_wconf 86' lang='lat' dir='ltr'>A.</span> <span class='ocrx_word' id='word_1_345' title='bbox 3325 2235 3386 2297; x_wconf 93' lang='lat' dir='ltr'>p.</span> <span class='ocrx_word' id='word_1_346' title='bbox 3422 2228 3523 2295; x_wconf 84' lang='lat'>27.</span> <span class='ocrx_word' id='word_1_347' title='bbox 3557 2210 3848 2277; x_wconf 90' lang='lat' dir='ltr'>Bekkeri.</span> <span class='ocrx_word' id='word_1_348' title='bbox 3908 2213 3989 2277; x_wconf 86' lang='lat' dir='ltr'>cf.</span> 
     </span>
     <span class='ocr_line' id='line_1_52' title="bbox 2304 2311 3994 2401; baseline 0.001 -24"><span class='ocrx_word' id='word_1_349' title='bbox 2304 2311 2553 2377; x_wconf 89' lang='lat' dir='ltr'>Platon.</span> <span class='ocrx_word' id='word_1_350' title='bbox 2583 2312 2825 2378; x_wconf 92' lang='lat' dir='ltr'>Phileb.</span> <span class='ocrx_word' id='word_1_351' title='bbox 2855 2335 2922 2401; x_wconf 96' lang='lat' dir='ltr'>p.</span> <span class='ocrx_word' id='word_1_352' title='bbox 2940 2314 3043 2400; x_wconf 84' lang='lat'>36.</span> <span class='ocrx_word' id='word_1_353' title='bbox 3076 2334 3138 2400; x_wconf 93' lang='lat' dir='ltr'>p.</span> <span class='ocrx_word' id='word_1_354' title='bbox 3167 2313 3311 2399; x_wconf 83' lang='lat'><strong><em>185.</em></strong></span> <span class='ocrx_word' id='word_1_355' title='bbox 3343 2313 3635 2392; x_wconf 88' lang='lat' dir='ltr'>Bekkeri‚</span> <span class='ocrx_word' id='word_1_356' title='bbox 3668 2314 3778 2378; x_wconf 92' lang='lat' dir='ltr'>ubi</span> <span class='ocrx_word' id='word_1_357' title='bbox 3811 2314 3994 2379; x_wconf 85' lang='lat' dir='ltr'>Stall-</span> 
     </span>
     <span class='ocr_line' id='line_1_53' title="bbox 2300 2414 3984 2504; baseline 0.001 -24"><span class='ocrx_word' id='word_1_358' title='bbox 2300 2416 2488 2480; x_wconf 90' lang='lat' dir='ltr'>baum</span> <span class='ocrx_word' id='word_1_359' title='bbox 2524 2418 2582 2499; x_wconf 67' lang='grc' dir='ltr'><strong>ξ.</strong></span> <span class='ocrx_word' id='word_1_360' title='bbox 2609 2432 2713 2499; x_wconf 91' lang='lat'>74.</span> <span class='ocrx_word' id='word_1_361' title='bbox 2743 2438 2806 2502; x_wconf 94' lang='lat' dir='ltr'>p.</span> <span class='ocrx_word' id='word_1_362' title='bbox 2837 2417 2979 2480; x_wconf 91' lang='lat'>106.</span> <span class='ocrx_word' id='word_1_363' title='bbox 3012 2414 3197 2480; x_wconf 88' lang='lat' dir='ltr'>etiam</span> <span class='ocrx_word' id='word_1_364' title='bbox 3228 2416 3308 2481; x_wconf 88' lang='lat' dir='ltr'>de</span> <span class='ocrx_word' id='word_1_365' title='bbox 3339 2439 3456 2480; x_wconf 88' lang='lat' dir='ltr'>usu</span> <span class='ocrx_word' id='word_1_366' title='bbox 3486 2415 3743 2504; x_wconf 85' lang='lat' dir='ltr'>pluralis</span> <span class='ocrx_word' id='word_1_367' title='bbox 3783 2422 3984 2491; x_wconf 84' lang='grc' dir='ltr'>λῦπαι,</span> 
     </span>
     <span class='ocr_line' id='line_1_54' title="bbox 2302 2518 3989 2608; baseline 0.001 -26"><span class='ocrx_word' id='word_1_368' title='bbox 2302 2520 2490 2601; x_wconf 84' lang='grc' dir='ltr'>φόβοι</span> <span class='ocrx_word' id='word_1_369' title='bbox 2536 2546 2589 2583; x_wconf 87' lang='grc' dir='ltr'><strong>κ.</strong></span> <span class='ocrx_word' id='word_1_370' title='bbox 2622 2544 2674 2583; x_wconf 80' lang='grc' dir='ltr'><strong>τ.</strong></span> <span class='ocrx_word' id='word_1_371' title='bbox 2707 2525 2769 2583; x_wconf 91' lang='grc' dir='ltr'>λ.</span> <span class='ocrx_word' id='word_1_372' title='bbox 2847 2519 2948 2583; x_wconf 90' lang='lat' dir='ltr'>De</span> <span class='ocrx_word' id='word_1_373' title='bbox 2997 2519 3198 2605; x_wconf 86' lang='lat' dir='ltr'>Legg.</span> <span class='ocrx_word' id='word_1_374' title='bbox 3229 2518 3309 2583; x_wconf 91' lang='lat' dir='ltr'>V.</span> <span class='ocrx_word' id='word_1_375' title='bbox 3340 2541 3405 2607; x_wconf 97' lang='lat' dir='ltr'>p.</span> <span class='ocrx_word' id='word_1_376' title='bbox 3440 2535 3585 2606; x_wconf 89' lang='grc'>732.</span> <span class='ocrx_word' id='word_1_377' title='bbox 3614 2521 3695 2584; x_wconf 90' lang='grc' dir='ltr'>Ε.</span> <span class='ocrx_word' id='word_1_378' title='bbox 3741 2542 3802 2608; x_wconf 94' lang='lat' dir='ltr'>p.</span> <span class='ocrx_word' id='word_1_379' title='bbox 3833 2520 3989 2605; x_wconf 90' lang='grc'><strong>382.</strong></span> 
     </span>
     <span class='ocr_line' id='line_1_55' title="bbox 2303 2619 3990 2704; baseline 0.001 -19"><span class='ocrx_word' id='word_1_380' title='bbox 2303 2619 2600 2685; x_wconf 88' lang='lat' dir='ltr'>Bekkeri:</span> <span class='ocrx_word' id='word_1_381' title='bbox 2643 2621 2771 2685; x_wconf 81' lang='grc' dir='ltr'>ἔστι</span> <span class='ocrx_word' id='word_1_382' title='bbox 2798 2622 2863 2685; x_wconf 69' lang='grc' dir='ltr'>δὲ</span> <span class='ocrx_word' id='word_1_383' title='bbox 2892 2623 3074 2704; x_wconf 80' lang='grc' dir='ltr'>φύσει</span> <span class='ocrx_word' id='word_1_384' title='bbox 3103 2623 3469 2704; x_wconf 76' lang='grc' dir='ltr'>ἀνθρώπειον</span> <span class='ocrx_word' id='word_1_385' title='bbox 3496 2622 3759 2702; x_wconf 77' lang='grc' dir='ltr'>μάλιστα</span> <span class='ocrx_word' id='word_1_386' title='bbox 3785 2623 3990 2702; x_wconf 82' lang='grc' dir='ltr'>ἡδοναὶ</span> 
     </span>
     <span class='ocr_line' id='line_1_56' title="bbox 2303 2724 3985 2812; baseline 0 -24"><span class='ocrx_word' id='word_1_387' title='bbox 2303 2725 2399 2788; x_wconf 82' lang='grc' dir='ltr'>καὶ</span> <span class='ocrx_word' id='word_1_388' title='bbox 2439 2728 2623 2788; x_wconf 85' lang='grc' dir='ltr'>λῦπαι</span> <span class='ocrx_word' id='word_1_389' title='bbox 2666 2725 2761 2788; x_wconf 82' lang='grc' dir='ltr'>καὶ</span> <span class='ocrx_word' id='word_1_390' title='bbox 2804 2725 3101 2804; x_wconf 78' lang='grc' dir='ltr'>ἐπιθυμίαι</span> <span class='ocrx_word' id='word_1_391' title='bbox 3143 2753 3195 2789; x_wconf 87' lang='grc' dir='ltr'><strong>κ.</strong></span> <span class='ocrx_word' id='word_1_392' title='bbox 3220 2750 3271 2789; x_wconf 81' lang='grc' dir='ltr'><strong>τ.</strong></span> <span class='ocrx_word' id='word_1_393' title='bbox 3298 2732 3360 2789; x_wconf 90' lang='grc' dir='ltr'>λ.</span> <span class='ocrx_word' id='word_1_394' title='bbox 3426 2724 3645 2789; x_wconf 89' lang='lat' dir='ltr'>Cicero</span> <span class='ocrx_word' id='word_1_395' title='bbox 3673 2724 3752 2788; x_wconf 91' lang='lat' dir='ltr'>de</span> <span class='ocrx_word' id='word_1_396' title='bbox 3783 2725 3985 2812; x_wconf 87' lang='lat' dir='ltr'>Legg.</span> 
     </span>
     <span class='ocr_line' id='line_1_57' title="bbox 2303 2826 3992 2914; baseline 0.001 -24"><span class='ocrx_word' id='word_1_397' title='bbox 2303 2827 2358 2890; x_wconf 93' lang='lat' dir='ltr'>I.</span> <span class='ocrx_word' id='word_1_398' title='bbox 2400 2846 2499 2890; x_wconf 92' lang='lat'>11.</span> <span class='ocrx_word' id='word_1_399' title='bbox 2546 2829 2609 2911; x_wconf 63' lang='grc' dir='ltr'><strong>ξ.</strong></span> <span class='ocrx_word' id='word_1_400' title='bbox 2641 2845 2746 2912; x_wconf 93' lang='grc'><strong>32.</strong></span> <span class='ocrx_word' id='word_1_401' title='bbox 2795 2848 2863 2914; x_wconf 92' lang='lat' dir='ltr'>p.</span> <span class='ocrx_word' id='word_1_402' title='bbox 2895 2844 3000 2912; x_wconf 94' lang='lat'>79.</span> <span class='ocrx_word' id='word_1_403' title='bbox 3046 2826 3144 2891; x_wconf 94' lang='lat' dir='ltr'>ed.</span> <span class='ocrx_word' id='word_1_404' title='bbox 3177 2829 3412 2892; x_wconf 87' lang='lat' dir='ltr'>Moser.</span> <span class='ocrx_word' id='word_1_405' title='bbox 3459 2841 3523 2892; x_wconf 90' lang='lat' dir='ltr'>et</span> <span class='ocrx_word' id='word_1_406' title='bbox 3564 2841 3795 2892; x_wconf 87' lang='lat' dir='ltr'>nostr.:</span> <span class='ocrx_word' id='word_1_407' title='bbox 3847 2829 3992 2891; x_wconf 85' lang='lat' dir='ltr'>Mo-</span> 
     </span>
     <span class='ocr_line' id='line_1_58' title="bbox 2300 2928 3989 3017; baseline 0.001 -24"><span class='ocrx_word' id='word_1_408' title='bbox 2300 2928 2512 3008; x_wconf 82' lang='lat' dir='ltr'>lestioe,</span> <span class='ocrx_word' id='word_1_409' title='bbox 2544 2928 2801 3008; x_wconf 82' lang='lat' dir='ltr'>laetitiae,</span> <span class='ocrx_word' id='word_1_410' title='bbox 2831 2928 3224 3017; x_wconf 75' lang='lat' dir='ltr'>cupiditateS,</span> <span class='ocrx_word' id='word_1_411' title='bbox 3255 2929 3505 2995; x_wconf 88' lang='lat' dir='ltr'>timores</span> <span class='ocrx_word' id='word_1_412' title='bbox 3548 2929 3825 2995; x_wconf 88' lang='lat' dir='ltr'>similiter</span> <span class='ocrx_word' id='word_1_413' title='bbox 3858 2953 3989 2996; x_wconf 87' lang='lat' dir='ltr'>om-</span> 
     </span>
     <span class='ocr_line' id='line_1_59' title="bbox 2300 3031 3989 3120; baseline 0.002 -25"><span class='ocrx_word' id='word_1_414' title='bbox 2300 3031 2476 3096; x_wconf 91' lang='lat' dir='ltr'>nium</span> <span class='ocrx_word' id='word_1_415' title='bbox 2528 3045 2766 3097; x_wconf 89' lang='lat' dir='ltr'>mentes</span> <span class='ocrx_word' id='word_1_416' title='bbox 2817 3045 3259 3120; x_wconf 85' lang='lat' dir='ltr'>pervagantur.</span> <span class='ocrx_word' id='word_1_417' title='bbox 3362 3032 3726 3098; x_wconf 89' lang='lat' dir='ltr'>Macrobius</span> <span class='ocrx_word' id='word_1_418' title='bbox 3781 3035 3989 3098; x_wconf 90' lang='lat' dir='ltr'>Somn.</span> 
     </span>
     <span class='ocr_line' id='line_1_60' title="bbox 2305 3134 3995 3223; baseline 0.001 -24"><span class='ocrx_word' id='word_1_419' title='bbox 2305 3134 2608 3223; x_wconf 87' lang='lat' dir='ltr'>Scipionis</span> <span class='ocrx_word' id='word_1_420' title='bbox 2632 3134 2739 3199; x_wconf 91' lang='lat' dir='ltr'>lib.</span> <span class='ocrx_word' id='word_1_421' title='bbox 2764 3135 2859 3199; x_wconf 93' lang='lat' dir='ltr'>II.</span> <span class='ocrx_word' id='word_1_422' title='bbox 2890 3158 3033 3223; x_wconf 89' lang='lat' dir='ltr'>cap.</span> <span class='ocrx_word' id='word_1_423' title='bbox 3061 3154 3162 3204; x_wconf 82' lang='lat'>12.</span> <span class='ocrx_word' id='word_1_424' title='bbox 3224 3135 3511 3201; x_wconf 86' lang='lat' dir='ltr'>Plotinus</span> <span class='ocrx_word' id='word_1_425' title='bbox 3539 3137 3604 3201; x_wconf 91' lang='lat' dir='ltr'>in</span> <span class='ocrx_word' id='word_1_426' title='bbox 3631 3136 3792 3201; x_wconf 92' lang='lat' dir='ltr'>libro</span> <span class='ocrx_word' id='word_1_427' title='bbox 3823 3138 3995 3211; x_wconf 70' lang='lat' dir='ltr'>Quid</span> 
     </span>
     <span class='ocr_line' id='line_1_61' title="bbox 2300 3237 3994 3327; baseline 0.002 -27"><span class='ocrx_word' id='word_1_428' title='bbox 2300 3238 2562 3317; x_wconf 80' lang='lat' dir='ltr'>animal,</span> <span class='ocrx_word' id='word_1_429' title='bbox 2608 3239 2763 3326; x_wconf 69' lang='lat' dir='ltr'>quid</span> <span class='ocrx_word' id='word_1_430' title='bbox 2802 3237 3001 3319; x_wconf 81' lang='grc' dir='ltr'>Ῑιοηιο,</span> <span class='ocrx_word' id='word_1_431' title='bbox 3039 3239 3286 3327; x_wconf 86' lang='lat' dir='ltr'>quaerit‚</span> <span class='ocrx_word' id='word_1_432' title='bbox 3318 3240 3499 3327; x_wconf 89' lang='lat' dir='ltr'>cujus</span> <span class='ocrx_word' id='word_1_433' title='bbox 3542 3239 3665 3304; x_wconf 90' lang='lat' dir='ltr'>sint</span> <span class='ocrx_word' id='word_1_434' title='bbox 3706 3239 3773 3303; x_wconf 90' lang='lat' dir='ltr'>in</span> <span class='ocrx_word' id='word_1_435' title='bbox 3816 3238 3994 3304; x_wconf 87' lang='lat' dir='ltr'>nobis</span> 
     </span>
     <span class='ocr_line' id='line_1_62' title="bbox 2300 3340 3991 3431; baseline 0.001 -26"><span class='ocrx_word' id='word_1_436' title='bbox 2300 3340 2673 3428; x_wconf 85' lang='lat' dir='ltr'>voluptates,</span> <span class='ocrx_word' id='word_1_437' title='bbox 2722 3364 3035 3422; x_wconf 66' lang='lat' dir='ltr'>maerores,</span> <span class='ocrx_word' id='word_1_438' title='bbox 3083 3357 3411 3431; x_wconf 89' lang='lat' dir='ltr'>metusque</span> <span class='ocrx_word' id='word_1_439' title='bbox 3459 3367 3533 3409; x_wconf 87' lang='lat' dir='ltr'>ac</span> <span class='ocrx_word' id='word_1_440' title='bbox 3578 3343 3883 3408; x_wconf 83' lang='lat' dir='ltr'>desideria</span> <span class='ocrx_word' id='word_1_441' title='bbox 3927 3357 3991 3407; x_wconf 92' lang='lat' dir='ltr'>et</span> 
     </span>
     <span class='ocr_line' id='line_1_63' title="bbox 2299 3443 3990 3534; baseline 0.002 -26"><span class='ocrx_word' id='word_1_442' title='bbox 2299 3444 2715 3509; x_wconf 87' lang='lat' dir='ltr'>animositates</span> <span class='ocrx_word' id='word_1_443' title='bbox 2743 3443 2842 3508; x_wconf 87' lang='lat' dir='ltr'>vel</span> <span class='ocrx_word' id='word_1_444' title='bbox 2872 3443 3113 3509; x_wconf 89' lang='lat' dir='ltr'>dolores</span> <span class='ocrx_word' id='word_1_445' title='bbox 3149 3459 3463 3534; x_wconf 88' lang='lat' dir='ltr'>postremo</span> <span class='ocrx_word' id='word_1_446' title='bbox 3489 3446 3889 3534; x_wconf 85' lang='lat' dir='ltr'>cogitationes</span> <span class='ocrx_word' id='word_1_447' title='bbox 3926 3460 3990 3510; x_wconf 90' lang='lat' dir='ltr'>et</span> 
     </span>
     <span class='ocr_line' id='line_1_64' title="bbox 2300 3546 3989 3627; baseline 0.002 -17"><span class='ocrx_word' id='word_1_448' title='bbox 2300 3546 2667 3627; x_wconf 86' lang='lat' dir='ltr'>intellectus,</span> <span class='ocrx_word' id='word_1_449' title='bbox 2699 3562 2913 3612; x_wconf 92' lang='lat' dir='ltr'>utrum</span> <span class='ocrx_word' id='word_1_450' title='bbox 2956 3570 3143 3612; x_wconf 85' lang='lat' dir='ltr'>merae</span> <span class='ocrx_word' id='word_1_451' title='bbox 3184 3548 3429 3627; x_wconf 85' lang='lat' dir='ltr'>animae,</span> <span class='ocrx_word' id='word_1_452' title='bbox 3459 3571 3539 3613; x_wconf 91' lang='lat' dir='ltr'>an</span> <span class='ocrx_word' id='word_1_453' title='bbox 3581 3572 3729 3614; x_wconf 85' lang='lat' dir='ltr'>vero</span> <span class='ocrx_word' id='word_1_454' title='bbox 3767 3549 3989 3614; x_wconf 87' lang='lat' dir='ltr'>animae</span> 
     </span>
     <span class='ocr_line' id='line_1_65' title="bbox 2301 3649 3985 3739; baseline 0.002 -26"><span class='ocrx_word' id='word_1_455' title='bbox 2301 3649 2533 3715; x_wconf 86' lang='lat' dir='ltr'>utentis</span> <span class='ocrx_word' id='word_1_456' title='bbox 2558 3673 2851 3738; x_wconf 86' lang='lat' dir='ltr'>corpore:</span> <span class='ocrx_word' id='word_1_457' title='bbox 2899 3664 2962 3714; x_wconf 92' lang='lat' dir='ltr'>et</span> <span class='ocrx_word' id='word_1_458' title='bbox 2997 3665 3137 3738; x_wconf 89' lang='lat' dir='ltr'>post</span> <span class='ocrx_word' id='word_1_459' title='bbox 3172 3649 3393 3728; x_wconf 91' lang='lat' dir='ltr'>multa,</span> <span class='ocrx_word' id='word_1_460' title='bbox 3420 3674 3564 3738; x_wconf 88' lang='lat' dir='ltr'>quae</span> <span class='ocrx_word' id='word_1_461' title='bbox 3592 3652 3711 3716; x_wconf 92' lang='lat' dir='ltr'>sub</span> <span class='ocrx_word' id='word_1_462' title='bbox 3739 3651 3985 3739; x_wconf 91' lang='lat' dir='ltr'>copiosa</span> 
     </span>
     <span class='ocr_line' id='line_1_66' title="bbox 2301 3751 3988 3841; baseline 0.001 -24"><span class='ocrx_word' id='word_1_463' title='bbox 2301 3777 2510 3819; x_wconf 88' lang='lat' dir='ltr'>rerum</span> <span class='ocrx_word' id='word_1_464' title='bbox 2530 3753 2833 3818; x_wconf 88' lang='lat' dir='ltr'>densitate</span> <span class='ocrx_word' id='word_1_465' title='bbox 2854 3751 3348 3818; x_wconf 88' lang='lat' dir='ltr'>disseruit—hoc</span> <span class='ocrx_word' id='word_1_466' title='bbox 3374 3769 3686 3840; x_wconf 89' lang='lat' dir='ltr'>postremo</span> <span class='ocrx_word' id='word_1_467' title='bbox 3713 3776 3988 3841; x_wconf 91' lang='lat' dir='ltr'>pronun-</span> 
     </span>
     <span class='ocr_line' id='line_1_67' title="bbox 2301 3854 3987 3943; baseline 0 -22"><span class='ocrx_word' id='word_1_468' title='bbox 2301 3856 2436 3936; x_wconf 89' lang='lat' dir='ltr'>tiat,</span> <span class='ocrx_word' id='word_1_469' title='bbox 2465 3855 2725 3921; x_wconf 89' lang='lat' dir='ltr'>Animal</span> <span class='ocrx_word' id='word_1_470' title='bbox 2753 3878 2884 3920; x_wconf 89' lang='lat' dir='ltr'>esse</span> <span class='ocrx_word' id='word_1_471' title='bbox 2910 3878 3138 3943; x_wconf 89' lang='lat' dir='ltr'>corpus</span> <span class='ocrx_word' id='word_1_472' title='bbox 3164 3854 3525 3920; x_wconf 85' lang='lat' dir='ltr'>animatum.</span> <span class='ocrx_word' id='word_1_473' title='bbox 3575 3855 3698 3921; x_wconf 91' lang='lat' dir='ltr'>Sed</span> <span class='ocrx_word' id='word_1_474' title='bbox 3728 3878 3841 3921; x_wconf 91' lang='lat' dir='ltr'>nec</span> <span class='ocrx_word' id='word_1_475' title='bbox 3869 3856 3987 3921; x_wconf 89' lang='lat' dir='ltr'>hoc</span> 
     </span>
     <span class='ocr_line' id='line_1_68' title="bbox 2300 3957 3988 4048; baseline 0.001 -25"><span class='ocrx_word' id='word_1_476' title='bbox 2300 3957 2652 4048; x_wconf 88' lang='lat' dir='ltr'>neglectum</span> <span class='ocrx_word' id='word_1_477' title='bbox 2680 3957 2779 4023; x_wconf 87' lang='lat' dir='ltr'>vel</span> <span class='ocrx_word' id='word_1_478' title='bbox 2805 3980 2931 4022; x_wconf 93' lang='lat' dir='ltr'>non</span> <span class='ocrx_word' id='word_1_479' title='bbox 2961 3957 3294 4045; x_wconf 86' lang='lat' dir='ltr'>quaesitum</span> <span class='ocrx_word' id='word_1_480' title='bbox 3332 3957 3584 4047; x_wconf 89' lang='lat' dir='ltr'>reliquit</span> <span class='ocrx_word' id='word_1_481' title='bbox 3611 3982 3740 4046; x_wconf 91' lang='lat' dir='ltr'>quo</span> <span class='ocrx_word' id='word_1_482' title='bbox 3766 3959 3988 4024; x_wconf 83' lang='lat' dir='ltr'>animae</span> 
     </span>
     <span class='ocr_line' id='line_1_69' title="bbox 2299 4061 3988 4149; baseline 0 -22"><span class='ocrx_word' id='word_1_483' title='bbox 2299 4061 2599 4127; x_wconf 85' lang='lat' dir='ltr'>beneficio</span> <span class='ocrx_word' id='word_1_484' title='bbox 2649 4084 2851 4149; x_wconf 86' lang='lat' dir='ltr'>quave</span> <span class='ocrx_word' id='word_1_485' title='bbox 2900 4061 3003 4125; x_wconf 84' lang='lat' dir='ltr'>via</span> <span class='ocrx_word' id='word_1_486' title='bbox 3059 4061 3365 4127; x_wconf 87' lang='lat' dir='ltr'>societatis</span> <span class='ocrx_word' id='word_1_487' title='bbox 3421 4062 3750 4128; x_wconf 89' lang='lat' dir='ltr'>animetur.</span> <span class='ocrx_word' id='word_1_488' title='bbox 3846 4063 3988 4127; x_wconf 89' lang='lat' dir='ltr'>Has</span> 
     </span>
     <span class='ocr_line' id='line_1_70' title="bbox 2301 4164 3990 4254; baseline 0.001 -25"><span class='ocrx_word' id='word_1_489' title='bbox 2301 4187 2451 4252; x_wconf 91' lang='lat' dir='ltr'>ergo</span> <span class='ocrx_word' id='word_1_490' title='bbox 2478 4186 2715 4244; x_wconf 87' lang='lat' dir='ltr'>omnes,</span> <span class='ocrx_word' id='word_1_491' title='bbox 2739 4186 2896 4251; x_wconf 91' lang='lat' dir='ltr'>quas</span> <span class='ocrx_word' id='word_1_492' title='bbox 2923 4164 3351 4252; x_wconf 83' lang='lat' dir='ltr'>praediximus,</span> <span class='ocrx_word' id='word_1_493' title='bbox 3380 4165 3692 4254; x_wconf 89' lang='lat' dir='ltr'>passiones</span> <span class='ocrx_word' id='word_1_494' title='bbox 3719 4164 3990 4254; x_wconf 88' lang='lat' dir='ltr'>assignat</span> 
     </span>
     <span class='ocr_line' id='line_1_71' title="bbox 2299 4265 3987 4356; baseline 0.002 -25"><span class='ocrx_word' id='word_1_495' title='bbox 2299 4265 2568 4345; x_wconf 87' lang='lat' dir='ltr'>animali,</span> <span class='ocrx_word' id='word_1_496' title='bbox 2605 4289 2823 4332; x_wconf 85' lang='lat' dir='ltr'>verum</span> <span class='ocrx_word' id='word_1_497' title='bbox 2869 4281 3077 4332; x_wconf 88' lang='lat' dir='ltr'>autem</span> <span class='ocrx_word' id='word_1_498' title='bbox 3124 4268 3437 4333; x_wconf 89' lang='lat' dir='ltr'>hominem</span> <span class='ocrx_word' id='word_1_499' title='bbox 3480 4268 3678 4356; x_wconf 87' lang='lat' dir='ltr'>ipsam</span> <span class='ocrx_word' id='word_1_500' title='bbox 3718 4269 3987 4334; x_wconf 88' lang='lat' dir='ltr'>animam</span> 
     </span>
     <span class='ocr_line' id='line_1_72' title="bbox 2299 4370 3986 4459; baseline 0.002 -25"><span class='ocrx_word' id='word_1_501' title='bbox 2299 4392 2430 4434; x_wconf 90' lang='lat' dir='ltr'>esse</span> <span class='ocrx_word' id='word_1_502' title='bbox 2450 4383 2729 4435; x_wconf 90' lang='lat' dir='ltr'>testatur.</span> <span class='ocrx_word' id='word_1_503' title='bbox 2772 4371 3057 4435; x_wconf 86' lang='lat' dir='ltr'>Eandem</span> <span class='ocrx_word' id='word_1_504' title='bbox 3082 4370 3275 4458; x_wconf 88' lang='lat' dir='ltr'>igitur</span> <span class='ocrx_word' id='word_1_505' title='bbox 3296 4371 3488 4459; x_wconf 87' lang='lat' dir='ltr'>hujus</span> <span class='ocrx_word' id='word_1_506' title='bbox 3515 4371 3657 4436; x_wconf 89' lang='lat' dir='ltr'>libri</span> <span class='ocrx_word' id='word_1_507' title='bbox 3681 4395 3986 4438; x_wconf 87' lang='lat' dir='ltr'>summam</span> 
     </span>
     <span class='ocr_line' id='line_1_73' title="bbox 2298 4471 3988 4563; baseline 0.003 -27"><span class='ocrx_word' id='word_1_508' title='bbox 2298 4471 2510 4560; x_wconf 88' lang='lat' dir='ltr'>prodit</span> <span class='ocrx_word' id='word_1_509' title='bbox 2540 4472 2929 4552; x_wconf 86' lang='lat' dir='ltr'>Macrobius,</span> <span class='ocrx_word' id='word_1_510' title='bbox 2958 4496 3150 4561; x_wconf 89' lang='lat' dir='ltr'>quam</span> <span class='ocrx_word' id='word_1_511' title='bbox 3180 4473 3668 4563; x_wconf 84' lang='lat' dir='ltr'>Olympiodorus</span> <span class='ocrx_word' id='word_1_512' title='bbox 3708 4474 3845 4540; x_wconf 87' lang='lat' dir='ltr'>looo</span> <span class='ocrx_word' id='word_1_513' title='bbox 3887 4499 3988 4541; x_wconf 90' lang='lat' dir='ltr'>su-</span> 
     </span>
     <span class='ocr_line' id='line_1_74' title="bbox 2299 4575 3984 4666; baseline 0.003 -27"><span class='ocrx_word' id='word_1_514' title='bbox 2299 4597 2414 4663; x_wconf 89' lang='lat' dir='ltr'>pra</span> <span class='ocrx_word' id='word_1_515' title='bbox 2448 4575 2751 4664; x_wconf 88' lang='lat' dir='ltr'>apposito.</span> <span class='ocrx_word' id='word_1_516' title='bbox 2816 4575 3040 4642; x_wconf 85' lang='lat' dir='ltr'>Suidas</span> <span class='ocrx_word' id='word_1_517' title='bbox 3066 4576 3133 4640; x_wconf 92' lang='lat' dir='ltr'>in</span> <span class='ocrx_word' id='word_1_518' title='bbox 3159 4575 3490 4657; x_wconf 81' lang='grc' dir='ltr'>Ἡδόμενος</span> <span class='ocrx_word' id='word_1_519' title='bbox 3521 4578 3641 4661; x_wconf 93' lang='grc' dir='ltr'><strong>(Τ.</strong></span> <span class='ocrx_word' id='word_1_520' title='bbox 3662 4579 3761 4642; x_wconf 93' lang='lat' dir='ltr'>II.</span> <span class='ocrx_word' id='word_1_521' title='bbox 3790 4601 3856 4666; x_wconf 93' lang='lat' dir='ltr'>p.</span> <span class='ocrx_word' id='word_1_522' title='bbox 3875 4581 3984 4660; x_wconf 89' lang='lat'>46.</span> 
     </span>
     <span class='ocr_line' id='line_1_75' title="bbox 2300 4678 3983 4765; baseline 0.003 -22"><span class='ocrx_word' id='word_1_523' title='bbox 2300 4679 2515 4761; x_wconf 85' lang='lat' dir='ltr'>Kust..)</span> <span class='ocrx_word' id='word_1_524' title='bbox 2550 4678 2640 4744; x_wconf 88' lang='lat' dir='ltr'>ita</span> <span class='ocrx_word' id='word_1_525' title='bbox 2674 4678 2924 4744; x_wconf 88' lang='lat' dir='ltr'>laudat:</span> <span class='ocrx_word' id='word_1_526' title='bbox 2970 4678 3245 4754; x_wconf 84' lang='grc' dir='ltr'>Ἣδοναὶ,</span> <span class='ocrx_word' id='word_1_527' title='bbox 3276 4681 3480 4745; x_wconf 78' lang='grc' dir='ltr'>λύπαι·</span> <span class='ocrx_word' id='word_1_528' title='bbox 3528 4680 3730 4764; x_wconf 83' lang='grc' dir='ltr'>θάρῤη·</span> <span class='ocrx_word' id='word_1_529' title='bbox 3778 4683 3983 4765; x_wconf 86' lang='grc' dir='ltr'>φόβοι·</span> 
     </span>
     <span class='ocr_line' id='line_1_76' title="bbox 2299 4781 3988 4867; baseline 0.002 -21"><span class='ocrx_word' id='word_1_530' title='bbox 2299 4783 2677 4864; x_wconf 80' lang='grc' dir='ltr'>ἀποστροφαὶ</span> <span class='ocrx_word' id='word_1_531' title='bbox 2706 4783 2801 4846; x_wconf 87' lang='grc' dir='ltr'>καὶ</span> <span class='ocrx_word' id='word_1_532' title='bbox 2828 4781 2896 4845; x_wconf 79' lang='grc' dir='ltr'>τὸ</span> <span class='ocrx_word' id='word_1_533' title='bbox 2927 4783 3139 4864; x_wconf 79' lang='grc' dir='ltr'>ἀλγεῖν</span> <span class='ocrx_word' id='word_1_534' title='bbox 3162 4784 3226 4862; x_wconf 76' lang='grc' dir='ltr'>ἐξ</span> <span class='ocrx_word' id='word_1_535' title='bbox 3256 4783 3498 4865; x_wconf 88' lang='grc' dir='ltr'>ἀμφοῖν.</span> <span class='ocrx_word' id='word_1_536' title='bbox 3549 4783 3869 4867; x_wconf 64' lang='grc' dir='ltr'>Διχῶς-’ἢ</span> <span class='ocrx_word' id='word_1_537' title='bbox 3892 4787 3988 4851; x_wconf 80' lang='grc' dir='ltr'>καὶ</span> 
     </span>
     <span class='ocr_line' id='line_1_77' title="bbox 2299 4884 3984 4972; baseline 0.001 -23"><span class='ocrx_word' id='word_1_538' title='bbox 2299 4886 2454 4950; x_wconf 79' lang='grc' dir='ltr'>ἄλλο</span> <span class='ocrx_word' id='word_1_539' title='bbox 2483 4911 2540 4949; x_wconf 80' lang='grc' dir='ltr'>τι</span> <span class='ocrx_word' id='word_1_540' title='bbox 2570 4887 2635 4949; x_wconf 77' lang='grc' dir='ltr'>ἑκ</span> <span class='ocrx_word' id='word_1_541' title='bbox 2662 4889 2768 4949; x_wconf 78' lang='grc' dir='ltr'>τοῦ</span> <span class='ocrx_word' id='word_1_542' title='bbox 2791 4886 3079 4967; x_wconf 80' lang='grc' dir='ltr'>μίγματός</span> <span class='ocrx_word' id='word_1_543' title='bbox 3107 4887 3255 4949; x_wconf 76' lang='grc' dir='ltr'>ἐστι.</span> <span class='ocrx_word' id='word_1_544' title='bbox 3319 4884 3592 4972; x_wconf 86' lang='lat' dir='ltr'>Reliqua.</span> <span class='ocrx_word' id='word_1_545' title='bbox 3617 4908 3743 4950; x_wconf 89' lang='lat' dir='ltr'>non</span> <span class='ocrx_word' id='word_1_546' title='bbox 3771 4886 3984 4953; x_wconf 84' lang='lat' dir='ltr'>habet.</span> 
     </span>
    </p>

    <p class='ocr_par' dir='ltr' id='par_1_14' title="bbox 2292 4986 3987 5487">
     <span class='ocr_line' id='line_1_78' title="bbox 2404 4986 3985 5072; baseline 0.003 -22"><span class='ocrx_word' id='word_1_547' title='bbox 2404 5023 2493 5038; x_wconf 89' lang='lat'>—·</span> <span class='ocrx_word' id='word_1_548' title='bbox 2541 5007 2641 5051; x_wconf 92' lang='lat'>11.</span> <span class='ocrx_word' id='word_1_549' title='bbox 2699 4986 2736 5066; x_wconf 82' lang='grc' dir='ltr'>ἢ</span> <span class='ocrx_word' id='word_1_550' title='bbox 2785 4989 2980 5069; x_wconf 79' lang='grc' dir='ltr'>τρίτου</span> <span class='ocrx_word' id='word_1_551' title='bbox 3030 4986 3209 5072; x_wconf 79' lang='grc' dir='ltr'>τινὸς]</span> <span class='ocrx_word' id='word_1_552' title='bbox 3279 4987 3568 5052; x_wconf 87' lang='lat' dir='ltr'>Tertium</span> <span class='ocrx_word' id='word_1_553' title='bbox 3619 4988 3739 5054; x_wconf 88' lang='lat' dir='ltr'>hoc</span> <span class='ocrx_word' id='word_1_554' title='bbox 3786 5012 3985 5054; x_wconf 89' lang='lat' dir='ltr'>mem-</span> 
     </span>
     <span class='ocr_line' id='line_1_79' title="bbox 2296 5088 3987 5173; baseline 0.001 -19"><span class='ocrx_word' id='word_1_555' title='bbox 2296 5088 2523 5154; x_wconf 88' lang='lat' dir='ltr'>brum:</span> <span class='ocrx_word' id='word_1_556' title='bbox 2578 5088 2615 5170; x_wconf 84' lang='grc' dir='ltr'>ἢ</span> <span class='ocrx_word' id='word_1_557' title='bbox 2658 5092 2854 5173; x_wconf 81' lang='grc' dir='ltr'>τρίτου</span> <span class='ocrx_word' id='word_1_558' title='bbox 2896 5089 3054 5158; x_wconf 81' lang='grc' dir='ltr'>τινὸς</span> <span class='ocrx_word' id='word_1_559' title='bbox 3097 5091 3161 5169; x_wconf 76' lang='grc' dir='ltr'>ἐξ</span> <span class='ocrx_word' id='word_1_560' title='bbox 3203 5091 3445 5172; x_wconf 85' lang='grc' dir='ltr'>ἀμφοῖν,</span> <span class='ocrx_word' id='word_1_561' title='bbox 3491 5090 3697 5156; x_wconf 91' lang='lat' dir='ltr'>omisit</span> <span class='ocrx_word' id='word_1_562' title='bbox 3740 5093 3987 5156; x_wconf 90' lang='lat' dir='ltr'>Macro-</span> 
     </span>
     <span class='ocr_line' id='line_1_80' title="bbox 2298 5191 3981 5280; baseline 0.001 -23"><span class='ocrx_word' id='word_1_563' title='bbox 2298 5193 2461 5271; x_wconf 83' lang='lat' dir='ltr'>hius,</span> <span class='ocrx_word' id='word_1_564' title='bbox 2521 5192 2631 5280; x_wconf 93' lang='lat' dir='ltr'>qui</span> <span class='ocrx_word' id='word_1_565' title='bbox 2689 5191 2873 5279; x_wconf 91' lang='lat' dir='ltr'>plura</span> <span class='ocrx_word' id='word_1_566' title='bbox 2932 5191 3124 5280; x_wconf 86' lang='lat' dir='ltr'>hujus</span> <span class='ocrx_word' id='word_1_567' title='bbox 3185 5192 3304 5257; x_wconf 89' lang='lat' dir='ltr'>loci</span> <span class='ocrx_word' id='word_1_568' title='bbox 3367 5192 3621 5258; x_wconf 87' lang='lat' dir='ltr'>liberius</span> <span class='ocrx_word' id='word_1_569' title='bbox 3677 5193 3981 5259; x_wconf 86' lang='lat' dir='ltr'>tractavit.</span> 
     </span>
     <span class='ocr_line' id='line_1_81' title="bbox 2301 5294 3987 5362; baseline 0.001 -3"><span class='ocrx_word' id='word_1_570' title='bbox 2301 5295 2480 5360; x_wconf 88' lang='lat' dir='ltr'>Idem</span> <span class='ocrx_word' id='word_1_571' title='bbox 2512 5309 2724 5359; x_wconf 89' lang='lat' dir='ltr'>autem</span> <span class='ocrx_word' id='word_1_572' title='bbox 2749 5294 2984 5359; x_wconf 89' lang='lat' dir='ltr'>ibidem</span> <span class='ocrx_word' id='word_1_573' title='bbox 3015 5294 3096 5360; x_wconf 91' lang='lat' dir='ltr'>de</span> <span class='ocrx_word' id='word_1_574' title='bbox 3124 5296 3358 5361; x_wconf 91' lang='lat' dir='ltr'>Nostro</span> <span class='ocrx_word' id='word_1_575' title='bbox 3377 5295 3490 5361; x_wconf 88' lang='lat' dir='ltr'>ita:</span> <span class='ocrx_word' id='word_1_576' title='bbox 3534 5298 3826 5362; x_wconf 69' lang='lat' dir='ltr'>Phtu‘nus</span> <span class='ocrx_word' id='word_1_577' title='bbox 3854 5318 3987 5360; x_wconf 85' lang='lat' dir='ltr'>ma-</span> 
     </span>
     <span class='ocr_line' id='line_1_82' title="bbox 2292 5399 3663 5487; baseline 0.001 -27"><span class='ocrx_word' id='word_1_578' title='bbox 2292 5399 2430 5485; x_wconf 62' lang='lat' dir='ltr'>gis,</span> <span class='ocrx_word' id='word_1_579' title='bbox 2456 5419 2646 5486; x_wconf 82' lang='lat' dir='ltr'>quam</span> <span class='ocrx_word' id='word_1_580' title='bbox 2671 5399 3022 5486; x_wconf 73' lang='lat' dir='ltr'>quisquam,</span> <span class='ocrx_word' id='word_1_581' title='bbox 3053 5399 3382 5463; x_wconf 75' lang='lat' dir='ltr'>verborum</span> <span class='ocrx_word' id='word_1_582' title='bbox 3404 5420 3663 5487; x_wconf 54' lang='lat' dir='ltr'>patrous.</span> 
     </span>
    </p>

    <p class='ocr_par' dir='ltr' id='par_1_15' title="bbox 2299 5499 3987 5692">
     <span class='ocr_line' id='line_1_83' title="bbox 2384 5499 3987 5587; baseline 0.001 -22"><span class='ocrx_word' id='word_1_583' title='bbox 2384 5523 2453 5587; x_wconf 93' lang='lat' dir='ltr'>p.</span> <span class='ocrx_word' id='word_1_584' title='bbox 2484 5518 2546 5579; x_wconf 83' lang='lat'>2,</span> <span class='ocrx_word' id='word_1_585' title='bbox 2584 5520 2639 5563; x_wconf 92' lang='lat'>1.</span> <span class='ocrx_word' id='word_1_586' title='bbox 2688 5502 2751 5565; x_wconf 77' lang='grc' dir='ltr'>αἱ</span> <span class='ocrx_word' id='word_1_587' title='bbox 2788 5502 3050 5581; x_wconf 77' lang='grc' dir='ltr'>μὲν-αἶ</span> <span class='ocrx_word' id='word_1_588' title='bbox 3093 5502 3182 5585; x_wconf 79' lang='grc' dir='ltr'>δὲ]</span> <span class='ocrx_word' id='word_1_589' title='bbox 3238 5500 3494 5566; x_wconf 87' lang='lat' dir='ltr'>Ficinus</span> <span class='ocrx_word' id='word_1_590' title='bbox 3536 5499 3723 5565; x_wconf 85' lang='lat' dir='ltr'>vertit</span> <span class='ocrx_word' id='word_1_591' title='bbox 3766 5501 3987 5568; x_wconf 70' lang='lat' dir='ltr'>alia-</span> 
     </span>
     <span class='ocr_line' id='line_1_84' title="bbox 2299 5602 3987 5692; baseline 0.004 -25"><span class='ocrx_word' id='word_1_592' title='bbox 2299 5603 2450 5668; x_wconf 77' lang='lat' dir='ltr'>alia.</span> <span class='ocrx_word' id='word_1_593' title='bbox 2497 5602 2913 5690; x_wconf 88' lang='lat' dir='ltr'>Engelhardt.</span> <span class='ocrx_word' id='word_1_594' title='bbox 2935 5603 3197 5668; x_wconf 88' lang='lat' dir='ltr'>alterum</span> <span class='ocrx_word' id='word_1_595' title='bbox 3230 5606 3293 5669; x_wconf 78' lang='grc' dir='ltr'>αἱ</span> <span class='ocrx_word' id='word_1_596' title='bbox 3319 5602 3657 5669; x_wconf 83' lang='lat' dir='ltr'>necessario</span> <span class='ocrx_word' id='word_1_597' title='bbox 3677 5604 3987 5692; x_wconf 86' lang='lat' dir='ltr'>pertinere</span> 
     </span>
    </p>
   </div>
   <div class='ocr_carea' id='block_1_13' title="bbox 2294 5704 3985 5866">
    <p class='ocr_par' dir='ltr' id='par_1_16' title="bbox 2294 5704 3985 5866">
     <span class='ocr_line' id='line_1_85' title="bbox 2294 5704 3985 5787; baseline 0.002 -17"><span class='ocrx_word' id='word_1_598' title='bbox 2294 5704 2382 5771; x_wconf 92' lang='lat' dir='ltr'>ait</span> <span class='ocrx_word' id='word_1_599' title='bbox 2424 5704 2508 5770; x_wconf 84' lang='lat' dir='ltr'>ad</span> <span class='ocrx_word' id='word_1_600' title='bbox 2549 5705 2728 5787; x_wconf 84' lang='grc' dir='ltr'>πάθη,</span> <span class='ocrx_word' id='word_1_601' title='bbox 2758 5704 3023 5771; x_wconf 88' lang='lat' dir='ltr'>alterum</span> <span class='ocrx_word' id='word_1_602' title='bbox 3061 5705 3143 5770; x_wconf 89' lang='lat' dir='ltr'>ad</span> <span class='ocrx_word' id='word_1_603' title='bbox 3182 5705 3409 5771; x_wconf 81' lang='grc' dir='ltr'>διάνοια</span> <span class='ocrx_word' id='word_1_604' title='bbox 3452 5706 3547 5771; x_wconf 79' lang='grc' dir='ltr'>καὶ</span> <span class='ocrx_word' id='word_1_605' title='bbox 3585 5707 3750 5786; x_wconf 74' lang='grc' dir='ltr'>δόξα,</span> <span class='ocrx_word' id='word_1_606' title='bbox 3783 5706 3985 5774; x_wconf 86' lang='lat' dir='ltr'>Ploti-</span> 
     </span>
     <span class='ocr_line' id='line_1_86' title="bbox 2353 5813 2402 5866; baseline 0 0"><span class='ocrx_word' id='word_1_607' title='bbox 2353 5813 2402 5866; x_wconf 86' lang='lat' dir='ltr'>B</span> 
     </span>
    </p>
   </div>
  </div>
 </body>
</html>
