5118 6613
1278 576 1475 641 LIB.
1525 575 1662 641 111.
1708 575 2162 642 ENNEAD.
2213 578 2747 645 SECUNDAE.
2790 601 2854 666 p.
2892 591 3250 665 250-253.

624 770 686 836 p.
715 747 935 834 252‚8.
963 751 1096 813 Νῦν
1117 750 1183 814 δὲ
1205 747 1678 830 ἀναμνησθέντες
1695 774 1816 812 κ.τ.
1831 749 1926 836 λ.]
1947 747 2220 814 Easdem

537 848 818 916 Platonis
836 865 1114 930 tesseras,
1132 851 1196 916 in
1212 851 1373 916 libro
1393 853 1484 916 X.
1499 848 1797 939 Reipubl.
1809 874 1872 939 p.
1887 853 2033 917 616.
2051 874 2139 938 sq.
2150 874 2215 942 p.

535 954 685 1039 506.
707 976 846 1041 sqq.
872 951 1071 1019 Bekk.
1091 952 1449 1042 descriptas,
1477 953 1765 1041 pluribus
1791 953 2059 1041 explicat
2080 953 2224 1019 Plo-

535 1055 705 1122 tinus
724 1078 778 1120 c.
812 1069 911 1141 15.
934 1078 996 1143 ρ.
1024 1073 1169 1141 145.
1191 1079 1283 1143 sq.
1312 1055 1426 1122 Ad
1455 1055 1734 1121 Platonis
1759 1056 1964 1121 locum
1994 1056 2221 1123 adhibe

537 1157 696 1222 Astii
739 1160 1090 1224 Comment.
1123 1182 1190 1247 p.
1222 1162 1367 1245 630.
1416 1159 1525 1246 qui
1569 1173 1774 1224 tamen
1822 1159 2052 1225 Plotini
2094 1183 2220 1225 non

537 1260 837 1338 meminit,
883 1274 946 1325 et
990 1284 1136 1348 quoe
1184 1261 1318 1349 ipse
1360 1261 1675 1350 disputavi
1717 1261 1782 1326 in
1835 1263 2114 1351 Symbol.
2159 1277 2223 1328 et

537 1362 938 1450 Mythologia
967 1365 1026 1429 I.
1059 1387 1122 1451 p.
1152 1365 1303 1445 464.
1341 1387 1479 1452 sqq.
1552 1366 1699 1429 Hoc
1739 1365 1877 1430 loco
1913 1365 2222 1431 monuisse

535 1464 817 1543 sufficiat,
846 1489 977 1531 esse
1004 1466 1116 1530 has
1144 1483 1401 1532 tesseras
1426 1490 1466 1532 a
1494 1467 1756 1532 Platone
1782 1491 1862 1532 ex
1886 1469 2223 1557 AEgyptio-

537 1589 678 1631 rum
697 1567 1317 1656 Pythagoreorumve
1336 1568 1510 1635 libris
1529 1571 1764 1635 ductas.
1807 1570 2221 1636 Plotinianam

536 1668 1006 1757 explicationem
1048 1694 1174 1736 non
1217 1696 1461 1759 aequus,
1490 1695 1679 1761 quam
1709 1673 2092 1739 Platonicam
2126 1675 2217 1739 fa·

535 1771 749 1837 bulam
793 1773 990 1861 ipsam
1032 1774 1270 1864 accepit
1299 1774 1692 1841 Moshemius
1730 1775 1811 1841 ad
1853 1775 2219 1842 Cudworth.

538 1875 706 1962 Syst.
742 1875 952 1941 Intell.
981 1900 1045 1965 p.
1081 1893 1140 1960 7.
1172 1893 1299 1942 not.
1325 1895 1415 1963 5.:
1452 1886 1495 1917 “
1518 1880 1784 1957 Lucem,
1813 1879 1923 1958 ait,
1954 1879 2100 1944 huic
2128 1880 2223 1946 fa-

534 1975 702 2042 bulae
738 1978 1008 2066 aliquam
1050 1980 1270 2044 afferre
1297 1978 1495 2045 voluit
1525 1979 1829 2046 Plotinus.
1923 1982 2049 2047 Sed
2090 1982 2223 2070 ipse

532 2078 818 2166 ignotum
847 2081 964 2146 sibi
992 2081 1289 2168 quidnam
1322 2106 1393 2147 ea
1424 2082 1538 2148 sibi
1568 2083 1774 2162 vellet,
1804 2106 1931 2148 non
1965 2085 2224 2150 obscure

531 2180 823 2247 declarat.
912 2185 1048 2249 Nec
1077 2208 1196 2272 ego
1221 2200 1438 2272 putem
1465 2208 1844 2274 quemquam
1874 2186 2020 2251 satis
2047 2188 2223 2252 firme

531 2284 656 2348 vim
698 2307 772 2351 ac
814 2287 1177 2352 sententiam
1221 2288 1357 2374 ejus
1402 2287 1715 2353 declarare
1759 2311 1958 2378 poffle.
2054 2292 2224 2356 Tota

532 2386 822 2452 nimirum
879 2389 1158 2455 Platonis
1214 2389 1294 2454 de
1349 2390 1481 2455 fato
1539 2391 1844 2457 sententia
1900 2406 1993 2456 tot
2050 2407 2223 2480 patet

532 2491 979 2577 quaestionibus
1043 2507 1108 2558 et
1163 2493 1676 2574 dubitationibuS,
1737 2506 1811 2559 ut
1865 2494 2221 2561 incredibile

531 2591 703 2658 dictu
733 2594 872 2659 sit.”
916 2597 1080 2661 Haec
1109 2595 1228 2660 ille.
1280 2596 1560 2662 Verbum
1586 2611 1796 2662 autem
1828 2600 2219 2663 ἐπικλώθουσι

532 2697 940 2763 Homericum
975 2698 1235 2786 (Odyss.
1264 2698 1346 2783 γ’.
1376 2700 1522 2764 208.
1554 2698 1627 2764 α’.
1658 2702 1821 2785 17.)‚
1839 2723 1951 2764 nec
1972 2699 2218 2765 Platoni

530 2798 814 2887 ignotum
847 2800 1128 2883 (Theaet.
1158 2825 1224 2890 p.
1255 2803 1397 2888 169.
1429 2804 1508 2868 C.
1538 2826 1604 2891 p.
1631 2822 1777 2889 233.
1802 2800 2038 2868 Bekk.:
2071 2802 2219 2867 πάν-

530 2926 642 2970 τως
668 2903 776 2982 τὴν
804 2903 939 2985 περὶ
966 2908 1150 2968 ταῦτα
1179 2904 1551 2986 εἱμαρμένην,
1582 2905 1621 2986 ἦ
1656 2905 1731 2970 ἂν
1761 2906 1837 2970 σὺ
1867 2907 2213 2987 ἐπικλώσῃς,

532 3008 626 3070 δεῖ
656 3006 984 3085 ἀνατλῆναι
1012 3007 1471 3093 ἐλεγχόμενον),
1502 3007 1791 3073 tractavit
1821 3008 2117 3073 Eustath.
2151 3008 2216 3072 in

531 3104 697 3172 hunc
738 3106 943 3173 locum
984 3108 1283 3197 Odysseae
1312 3133 1377 3197 p.
1408 3130 1503 3174 11.
1536 3112 1682 3175 Bas.
1712 3111 1793 3176 cf.
1826 3111 2092 3176 eundem
2132 3110 2216 3175 ad

529 3208 602 3288 η’.
628 3225 767 3298 197.
798 3234 860 3299 p.
896 3211 1039 3277 280.
1072 3235 1162 3300 sq.
1214 3212 1533 3300 Apollonii
1564 3215 1725 3279 Lex.
1752 3215 1949 3278 Hom.
1974 3237 2040 3301 p.
2061 3213 2214 3301 385.

533 3312 726 3378 Tollii
752 3327 816 3378 et
843 3314 1098 3379 Jacobs.
1129 3315 1381 3381 Additt.
1412 3317 1492 3382 ad
1530 3317 1881 3405 Antholog.
1914 3316 2116 3382 Palat.
2145 3340 2212 3405 p.

534 3416 750 3481 XCV.
796 3416 1098 3504 Disputat
1147 3432 1355 3483 autem
1416 3419 1496 3484 de
1553 3419 1651 3485 his
1699 3419 2051 3485 Homericis
2101 3443 2215 3486 suo

529 3541 698 3584 more
727 3520 998 3584 Tzetzes
1040 3521 1312 3608 Exeges.
1357 3520 1422 3585 in
1471 3522 1656 3587 Iliad.
1684 3546 1745 3612 p.
1776 3543 1882 3610 33.
1917 3546 2012 3610 sq.
2061 3523 2213 3588 Por-

528 3620 790 3709 phyrius
814 3645 917 3710 ap.
955 3621 1133 3688 Stob.
1166 3622 1430 3712 Eclogg.
1468 3626 1564 3690 II.
1593 3625 1649 3689 8.
1681 3649 1744 3714 p.
1767 3628 1917 3712 366.
1946 3626 2215 3692 eundem

531 3723 808 3790 Platonis
856 3724 1064 3790 locum
1115 3726 1476 3814 respiciens:
1525 3728 1634 3807 τὴν
1660 3732 1946 3811 Ἀροπον,
1992 3729 2101 3808 τὴν
2141 3733 2216 3794 τὰ

528 3827 931 3892 ἑπικλωθέντα
957 3832 1247 3893 ποιοῦσαν
1276 3829 1671 3912 ἆμετάτροπα.

611 3966 699 3980 -
728 3947 825 3995 12.
848 3928 968 3994 Ἐν
1009 3956 1077 3995 τε
1116 3933 1373 4020 Τιμαίῳ]
1407 3932 1723 3998 Nimirum
1753 3957 1820 4021 p.
1849 3953 1955 4015 42.
1992 3933 2208 4022 Steph.

530 4030 697 4096 unde
751 4054 920 4097 nunc
976 4033 1110 4098 haec
1166 4046 1485 4100 teneamus
1546 4035 1732 4101 etiam
1791 4050 2048 4124 propter
2118 4060 2211 4101 se-

527 4133 815 4220 quentia:
863 4141 1095 4218 πρῶτον
1126 4138 1238 4216 μὲν
1269 4140 1547 4218 αἴσθησιν
1574 4140 1901 4221 ἀναγκαῖον
1941 4143 2028 4221 εἴη
2069 4142 2213 4220 μίαν

527 4242 711 4303 πᾶσιν
735 4240 801 4302 ἑκ
819 4240 1037 4318 βιαίων
1057 4239 1413 4319 παθημάτων
1441 4243 1740 4323 ξύμφυτον
1760 4241 2063 4325 γενέσθαι,
2084 4243 2212 4307 δεύ-

528 4364 701 4421 τερον
728 4342 794 4404 δὲ
836 4341 1015 4421 ἡδονῇ
1060 4342 1155 4405 καὶ
1191 4343 1349 4422 λύπῃ
1385 4343 1747 4425 μεμιγμένον
1776 4345 1962 4427 ἔρωτα
1992 4372 2043 4409 κ.
2069 4370 2121 4409 τ.
2147 4352 2210 4408 λ.

529 4442 1020 4523 Διαδεσμοτήσας
1050 4445 1113 4525 (ὁ
1145 4446 1306 4529 θεός)
1339 4447 1404 4508 δὲ
1433 4444 1629 4523 πάντα
1657 4446 1852 4514 αὐτοῖς
1879 4451 2079 4521 ταῦτα,
2113 4448 2213 4511 ἴνα

525 4547 625 4623 τῆς
652 4544 857 4610 ἔπειτα
886 4547 974 4625 εἴη
1003 4547 1204 4612 κακίας
1233 4546 1497 4611 ἑκάστων
1527 4549 1804 4615 ἀναίτιος.
1849 4549 1951 4613 Cf.
1978 4549 2058 4613 de
2087 4551 2212 4613 Re-

524 4644 703 4732 publ.
741 4647 843 4710 II.
874 4671 937 4735 p.
967 4664 1151 4734 379.:
1199 4648 1319 4713 οὐδ’
1343 4651 1457 4730 ἄρα
1486 4652 1520 4714 ὁ
1553 4649 1704 4725 θεὸς,
1740 4652 1938 4731 ἐπειδὴ
1969 4651 2208 4734 ἀγαθὸς,

523 4747 762 4813 πάντων
790 4748 867 4813 ἂν
895 4751 985 4829 εἴη
1019 4753 1220 4830 αἴτιος,
1253 4752 1329 4819 ὦς
1372 4755 1430 4816 οἱ
1471 4754 1692 4817 πολλοὶ
1733 4753 2039 4836 λέγουσιν,
2071 4752 2207 4819 ἀλλ’

525 4852 749 4933 ὀλίγων
774 4853 888 4930 μὲν
916 4858 1037 4919 τοῖς
1064 4855 1391 4935 ἀνθρώποις
1425 4857 1624 4930 αἴτιος,
1654 4862 1900 4920 πολλῶν
1927 4859 1994 4920 δὲ
2038 4857 2207 4920 ἀναί-

523 4977 660 5020 τιος.
752 4953 999 5018 Locum
1055 4954 1120 5018 in
1174 4955 1504 5021 Theaeteto
1552 4980 1619 5045 p.
1657 4960 1799 5041 176.
1836 4959 1971 5045 jam
2022 4981 2213 5045 supra

524 5053 924 5120 adhibuimus
950 5055 1031 5121 ad
1062 5058 1121 5122 I.
1157 5060 1218 5121 8.
1238 5060 1297 5122 6.
1328 5083 1396 5147 p.
1429 5078 1531 5144 70.
1557 5083 1648 5147 sq.
1703 5063 1916 5148 Atque
1945 5059 2049 5124 illa
2075 5083 2211 5125 sen-

524 5156 716 5221 tentia
740 5156 918 5223 liberi
954 5158 1193 5223 arbitrii
1235 5160 1380 5225 inde
1409 5161 1490 5226 ab
1521 5163 1803 5227 Homero
1836 5162 2095 5251 (OdysS.
2128 5161 2207 5229 α’.

521 5263 655 5345 37.)
686 5260 1003 5325 communi
1031 5261 1352 5327 hominum
1383 5264 1683 5329 sententia
1710 5266 1973 5344 firmata,
2006 5266 2213 5352 prodi-

523 5375 710 5448 taque
752 5385 866 5451 per
895 5363 1326 5452 Pythagoreos
1356 5366 1541 5448 (Aur.
1572 5369 1782 5433 Carni.
1805 5391 1897 5432 vs.
1917 5384 2023 5453 54.
2057 5370 2213 5434 Hie-

522 5463 674 5530 rocl.
702 5464 769 5528 in
797 5487 873 5530 ea
909 5488 975 5552 p.
1007 5468 1145 5548 184.
1181 5468 1455 5555 Needh.)
1501 5468 1582 5534 ad
1628 5470 1951 5535 Platonem
1995 5469 2211 5558 hujus-

522 5588 645 5653 que
672 5582 1004 5634 sectatores
1029 5585 1431 5656 pervenerat;
1478 5595 1621 5636 cum
1649 5587 1864 5638 contra
1896 5572 2106 5651 Stoici,
2135 5597 2211 5640 eo

3875 598 3988 645 101

2307 750 2481 838 quod
2509 752 2720 815 Deum
2761 764 2825 815 et
2859 749 3193 828 bonorum,
3230 771 3374 835 quoe
3410 748 3745 829 evenirent,
3775 763 3839 814 et
3866 773 3996 815 ma-

2307 852 2512 917 lorum
2561 866 2876 918 auctorem
2919 852 3122 916 facere
3164 849 3539 929 dicerentur,
3578 852 3870 918 acerrime
3910 853 3994 918 ab
4042 898 4045 901 -

2306 955 2673 1021 adversariis
2714 955 3237 1042 vituperarentur.
3288 953 3639 1037 (Plutarch.
3692 956 3988 1043 Repugn.

2311 1057 2530 1124 Stoicc.
2563 1082 2625 1147 p.
2654 1059 2837 1138 1064.
2871 1058 2946 1122 C.
2981 1078 3151 1144 seqq.
3202 1056 3305 1122 Cf.
3347 1057 3615 1144 Baguet.
3658 1057 3739 1122 de
3782 1057 3992 1146 Chry-

2308 1160 2488 1249 sippo
2514 1183 2580 1249 p.
2610 1181 2711 1246 99.
2745 1161 2915 1247 sqq.)
2946 1160 3051 1224 De
3079 1156 3359 1224 Platonis
3395 1160 3699 1225 sententia
3724 1160 3993 1226 breviter

2308 1263 2629 1329 Plutarch.
2679 1262 2760 1328 de
2809 1261 3015 1350 placit.
3069 1260 3423 1350 philosoph.
3476 1263 3533 1327 1.
3585 1277 3685 1346 27.
3732 1286 3798 1351 p.
3845 1264 3994 1346 884.

2304 1379 2461 1431 extr.
2491 1390 2556 1454 p.
2590 1367 2738 1451 560.
2774 1364 3107 1452 Wyttenb.
3155 1364 3417 1429 Πλάτων
3452 1367 3708 1448 ἐγκρίνει
3747 1369 3861 1447 μὲν
3887 1369 3996 1448 τὴν

2308 1469 2661 1551 εἱμαρμένην
2700 1470 2797 1533 ἐπὶ
2845 1474 2962 1532 τῶν
2997 1469 3381 1550 ἀνθρωπίνων
3422 1475 3641 1551 ψυχῶν
3685 1470 3780 1534 καὶ
3816 1471 3990 1550 βίων,

2306 1571 2651 1653 συνεισάγει
2681 1572 2746 1635 δὲ
2776 1572 2872 1636 καὶ
2900 1568 3035 1651 παρ’
3066 1571 3215 1650 ἡμᾶς
3241 1572 3452 1635 αἰτίαν.
3519 1570 3751 1635 Fusius
3782 1587 3994 1637 autem

2306 1688 2527 1739 tractat
2572 1673 2901 1738 Nemesius
2943 1671 3024 1737 de
3067 1673 3316 1738 Natura
3357 1672 3521 1737 hom.
3568 1697 3632 1762 p.
3665 1694 3815 1761 303.
3856 1698 3989 1763 sqq.

2306 1775 2401 1841 ed.
2434 1775 2674 1842 Matth.
2703 1774 2872 1840 unde
2900 1775 3017 1840 hoc
3046 1774 3331 1841 Platonis
3359 1774 3678 1841 decretum
3706 1800 3996 1865 excerpa..

2305 1901 2480 1943 mus:
2516 1880 2622 1959 Μῆ
2643 1882 2758 1961 γὰρ
2787 1881 2852 1959 ἐξ
2880 1879 3067 1944 ἀϊδίου
3094 1880 3342 1961 ὡρίσθαι
3367 1878 3435 1942 τὸ
3468 1877 3591 1943 καθ’
3618 1881 3989 1962 εἱμαρμένην,

2307 2089 2478 2149 τοῦτο
2504 2085 2570 2148 δὲ
2591 2090 2905 2166 συμφωνεῖ
2931 2083 3133 2158 καὶτὸ,
3161 2084 3318 2147 αἰτία
3344 2083 3648 2163 ἑλομένου,
3676 2084 3809 2153 θεὸς
3830 2088 3995 2151 ἀναί-

2307 2213 2446 2261 τιος,
2500 2187 2596 2251 καὶ
2639 2186 2731 2263 τὸ,
2778 2186 3111 2251 ἀδέσποτον
3151 2184 3302 2250 εἶναι
3344 2185 3452 2264 τὴν
3489 2186 3722 2267 ἀρετήν,
3765 2189 3860 2253 καὶ
3901 2188 3988 2263 τὸ,

2310 2288 2461 2353 εἶναι
2500 2288 2806 2368 μαντείαν.
2902 2287 3082 2352 Idem
3123 2287 3406 2352 statuisse
3444 2287 3788 2353 Pharisaeos
3814 2292 3861 2353 J
3864 2314 3994 2355 ose-

2307 2390 2474 2479 phus
2499 2404 2719 2455 auctor
2746 2405 2856 2455 est.
2917 2391 3019 2454 Ita
3046 2388 3209 2454 enim
3239 2389 3508 2478 Antiqq.
3540 2390 3735 2457 Judd.
3771 2393 3990 2458 XIII.

2306 2510 2367 2578 5.
2399 2514 2459 2579 9.
2492 2516 2561 2580 p.
2593 2496 2736 2578 649.
2785 2495 3206 2581 Havercamp.
3258 2495 3317 2557 οἱ
3371 2495 3484 2573 μὲν
3525 2494 3633 2557 οὖν
3674 2497 3999 2577 Φαρισαῖοί

2304 2620 2437 2660 τινα
2481 2597 2579 2659 καὶ
2620 2596 2690 2660 οὗ
2732 2596 2929 2661 πάντα
2969 2599 3070 2675 τῆς
3114 2595 3464 2678 εἱμαρμένης
3509 2595 3660 2660 εἶναι
3705 2596 3992 2679 λέγουσιν

2305 2697 2502 2780 ἔργον,
2534 2701 2668 2762 τινὰ
2706 2697 2755 2763 δ’
2788 2696 2883 2781 ἐφ’
2928 2700 3153 2765 ἑαυτοῖς
3193 2697 3501 2782 ὑπάρχειν,
3546 2701 3900 2778 συμβαίνειν
3926 2725 3992 2766 τε

2304 2801 2400 2863 καὶ
2426 2801 2497 2864 οὗ
2523 2800 2829 2883 γενέσθαι.
2908 2800 3042 2865 Nec
3071 2799 3279 2864 minus
3306 2800 3467 2865 inter
3496 2803 3826 2865 Persarum
3855 2802 3994 2889 phi-

2301 2900 2590 2988 losophos
2631 2901 2802 2966 haud
2846 2901 3029 2989 pauci
3070 2924 3212 2966 cum
3252 2901 3509 2967 Platone
3545 2902 3610 2966 in
3652 2903 3769 2968 hac
3808 2927 3994 2970 causa

2300 3003 2631 3070 faciebant.
2719 3004 2883 3069 Vide
2928 3006 3252 3093 Sylvestre
3289 3006 3365 3069 de
3414 3006 3585 3093 Saty
3631 3007 3829 3072 Note-5
3876 3029 3994 3072 sur

2301 3107 2816 3171 Pend—Nameh
2851 3130 2933 3173 ou
2972 3109 3029 3172 le
3058 3109 3219 3172 livre
3246 3109 3353 3172 cles
3381 3109 3640 3173 comem
3677 3110 3754 3172 de
3794 3111 3994 3175 Ferid

2298 3210 2608 3274 -Eddin
2636 3212 2829 3276 Attar
2855 3234 2918 3298 p.
2954 3227 3083 3297 73.,
3116 3209 3226 3275 ubi
3255 3209 3643 3275 doctissimus
3675 3211 3778 3276 ille
3806 3212 3993 3278 inter-

2298 3338 2440 3402 pres
2487 3316 2769 3383 Platonis
2816 3316 3024 3382 locum
3080 3340 3116 3382 e
3167 3317 3414 3382 Timaeo
3458 3331 3623 3382 recte
3679 3318 3986 3386 adhibuit.

2302 3420 2463 3484 Haec
2507 3420 2725 3506 paucis
2780 3419 3215 3485 adumbranda
3270 3419 3448 3499 duxi,
3499 3442 3630 3506 quo
3685 3420 3991 3488 Platonici

2303 3521 2761 3610 Plotinianique
2789 3523 2853 3588 in
2874 3522 3235 3611 gravissima
3255 3521 3596 3609 quaestione
3622 3525 3898 3610 responsi
3927 3540 3991 3590 et

2299 3625 2502 3691 fontes
2530 3626 2862 3713 rivulique,
2894 3642 2956 3691 et
2985 3649 3132 3690 vero
3160 3647 3304 3690 cum
3334 3624 3724 3688 orientalium
3750 3625 3989 3713 aliquot

2299 3727 2811 3817 philosophorum
2868 3727 3129 3793 decretis
3184 3725 3615 3791 similitudines
3662 3750 3986 3815 cognosce-

2298 3845 2537 3895 rentur.

2384 3957 2447 4022 p.
2485 3951 2630 4020 253,
2660 3953 2716 3996 1.
2762 3931 2799 4013 ἢ
2854 3933 2999 4015 ὅπερ
3058 3934 3242 4012 ἐσμὲν
3294 3931 3415 3996 κατ’
3463 3930 3749 4012 ἆλήθειαν
3792 3934 3979 4021 ἡμεῖς]

2300 4036 2496 4100 Plane
2552 4035 2796 4101 diversa
2851 4035 2985 4099 haec
3038 4057 3077 4099 a
3135 4032 3378 4121 vulgari
3436 4033 3724 4122 opinione
3777 4035 3840 4099 in
3890 4035 3987 4101 his

2301 4138 2534 4203 Iliados
2566 4136 2642 4204 α’.
2670 4159 2733 4224 3.
2767 4161 2856 4225 sq.
2886 4137 3389 4221 ψυχὰς-αὖτοὺς
3426 4139 3492 4201 δὲ
3522 4139 3738 4221 ἑλώρια
3768 4165 3820 4203 κ.
3846 4164 3898 4203 τ.
3920 4146 3980 4204 λ.

2296 4241 2407 4307 ubi
2436 4264 2697 4328 corpora
2725 4255 2872 4306 sunt
2900 4242 3084 4305 αὐτοί.
3174 4241 3310 4304 Nec
3339 4239 3545 4304 minus
3563 4238 3878 4305 diversum
3905 4242 3986 4307 ab

2298 4342 2638 4409 Homerico
2665 4342 2823 4407 illud
2854 4341 3087 4407 Plotini
3116 4341 3178 4407 in
3210 4342 3754 4429 sequentibus‚—‹5
3784 4345 3850 4408 δὲ
3879 4346 3981 4409 αὗ-

2296 4447 2415 4515 τὸς.
2476 4448 2714 4512 Contra
2732 4445 3037 4509 Indorum
3061 4459 3124 4509 et
3145 4443 3305 4509 ratio
3331 4457 3394 4509 et
3415 4445 3612 4509 oratio
3637 4468 3984 4533 congruens

2299 4548 2658 4615 Platonicae.
2751 4547 2884 4612 Illis
2910 4547 3072 4613 enim
3114 4570 3341 4635 corpus
3369 4547 3573 4622 Delta,
3608 4549 3785 4635 quasi
3818 4549 3985 4614 dicas

2294 4653 2807 4730 contami-natum,
2833 4664 3051 4738 utpote
3080 4650 3190 4736 qui
3218 4649 3455 4714 animas
3481 4649 3722 4715 divinas
3749 4651 3984 4739 origine

2294 4753 2491 4843 pollui
2548 4776 2621 4817 ac
2675 4751 3076 4818 contaminari
3124 4752 3386 4817 doceant
3433 4753 3798 4841 contagione
3853 4778 3983 4819 cor-

2294 4857 2483 4945 poris.
2572 4855 2713 4921 Vid.
2766 4857 2942 4943 Aug.
2999 4855 3174 4920 Guil.
3219 4856 3526 4944 Schlegel.
3567 4856 3631 4919 in
3690 4857 3982 4922 India-ke

2296 4959 2646 5025 Bibliothek
2680 4959 2781 5023 11.
2817 4979 2875 5027 2.
2910 4981 2973 5045 p.
3012 4975 3155 5043 230.

2378 5096 2464 5113 -
2489 5081 2552 5148 3.
2587 5061 2918 5126 ἀδέσποτον
2952 5059 3193 5143 ἀρετὴν]
3229 5057 3697 5124 Nobilissimum
3739 5060 3977 5127 dictum

2295 5163 2575 5230 Platonis
2622 5163 2688 5228 in
2733 5165 2897 5251 Rep.
2952 5164 3046 5228 X.
3090 5186 3152 5250 p.
3192 5164 3340 5245 617.
3386 5162 3525 5227 sub.
3571 5163 3679 5229 fin.
3721 5187 3786 5252 p.
3827 5184 3973 5249 509.

2297 5265 2500 5331 Bekk.
2530 5282 2595 5332 et
2621 5267 2958 5330 multorum
2989 5264 3300 5329 mentione
3333 5264 3729 5330 celebratum.
3821 5265 3980 5332 Vide

2295 5368 2566 5434 Nemesii
2618 5368 2823 5433 locum
2870 5367 2932 5431 in
2976 5381 3183 5432 annot.
3224 5367 3524 5455 superiori
3565 5367 3977 5456 praecedente,

2293 5485 2358 5537 et
2384 5472 2465 5536 cf.
2493 5469 2816 5560 Apollonii
2847 5470 3054 5559 Tyan.
3081 5468 3288 5558 Epist.
3321 5470 3473 5534 XV.
3495 5492 3559 5557 p.
3582 5488 3735 5554 390.
3766 5469 3972 5537 Olear.

2292 5573 2589 5661 aliosque,
2620 5596 2779 5661 quos
2805 5575 2952 5638 Ast.
2981 5572 3048 5637 in
3093 5574 3443 5638 Comment.
3483 5571 3549 5636 in
3579 5569 3826 5639 Platon.
3858 5574 3899 5641 l.
3931 5574 3972 5641 l.
