5118 6613
1348 592 1553 657 LIB.
1599 594 1798 657 VIII.
1845 595 2307 660 ENNEAD.
2355 595 2750 660 PRIMAE.
2795 619 2861 684 p.
2897 616 3252 683 139—143.

574 766 700 830 ἐστὶ
742 764 937 848 ψυχὴ,
976 762 1178 851 qualis
1219 775 1311 829 est
1351 764 1555 829 anima
1593 764 1671 843 ei,
1715 764 1825 852 qui
1866 767 2251 854 mancipatus

570 867 667 933 sit.
740 869 1057 931 Caeterum
1091 865 1294 945 Plato,
1323 890 1510 954 quem
1539 867 1642 932 hic
1671 891 1784 932 suo
1811 867 1917 933 illo
1946 871 2097 952 φησὶ
2120 869 2255 934 lau-

569 969 677 1035 dat
697 968 1005 1048 Plotinus,
1027 992 1152 1033 non
1183 992 1307 1033 uno
1337 984 1580 1034 tantum
1610 969 1744 1035 loco
1771 972 2023 1036 servilis
2051 974 2251 1035 animi

569 1071 941 1137 mentionem
968 1071 1138 1136 facit.
1172 1106 1177 1110 ·
1230 1071 1467 1137 Sufficit
1497 1096 1693 1137 uuum
1721 1073 2003 1137 laudasse
2032 1097 2111 1137 ex
2141 1072 2251 1138 Al-

570 1174 691 1240 cib.
725 1197 815 1262 pr.
849 1197 913 1260 p.
939 1190 1035 1257 17.
1070 1172 1315 1239 Etwall.
1360 1198 1422 1261 p.
1454 1195 1592 1257 144.
1625 1177 1868 1241 Buttm.
1911 1176 1994 1241 cf.
2024 1175 2250 1263 Olym-

571 1276 743 1365 piod.
774 1276 835 1341 in
863 1299 1004 1340 eum
1035 1299 1100 1362 p.
1131 1276 1270 1358 148.
1302 1301 1438 1364 sqq.
1469 1277 1580 1342 ubi
1609 1277 1792 1365 plura
1829 1278 2150 1366 posuimus
2187 1278 2251 1343 in

574 1393 984 1444 annotatione.

657 1519 741 1530 —
778 1501 876 1545 10.
940 1481 1074 1545 οὐδὲ
1128 1481 1248 1545 κατ’
1298 1483 1501 1568 αὐτὴν]
1556 1483 1689 1548 Fic.
1740 1482 1959 1569 legisse
2002 1484 2253 1549 videtur

576 1582 697 1648 καθ’
728 1584 931 1663 αὑτήν.
1019 1583 1290 1671 Engelh.
1327 1599 1542 1649 contra
1584 1585 1738 1673 legit
1782 1584 1902 1649 κατ’
1937 1588 2135 1667 αὐτὴν,
2165 1588 2255 1652 ita

571 1685 872 1773 accipiens
899 1684 1066 1749 haec:
1116 1686 1401 1751 Primum
1443 1687 1651 1752 anima
1694 1711 1817 1752 non
1845 1703 2020 1754 extra
2064 1704 2254 1755 mate-

572 1787 724 1852 riam
753 1802 867 1866 est,
896 1811 1099 1874 neque
1128 1812 1274 1854 vero
1317 1790 1397 1854 ab
1440 1813 1514 1854 ea
1559 1791 1870 1876 (materia)
1906 1815 2255 1881 usquequa-

572 1913 695 1976 que
720 1889 1186 1955 determinatur.
1240 1893 1550 1971 Fortasse,
1579 1892 1629 1956 si
1662 1894 1813 1959 εἶναι
1840 1894 2109 1982 probum
2138 1911 2252 1976 est,

572 1992 706 2058 haec
732 1992 848 2057 loci
878 1994 1211 2059 sententias
1234 1995 1472 2060 Anima
1499 2018 1701 2083 neque
1730 2012 1906 2061 extra
1934 1998 2253 2063 materiam

574 2110 685 2175 est,
711 2119 915 2183 neque
960 2096 1097 2161 talis
1141 2096 1209 2181 (i.
1243 2122 1297 2161 e.
1344 2102 1584 2185 pravae)
1618 2114 1732 2178 est,
1768 2110 2092 2187 quatenus*
2122 2101 2257 2188 ipsa

571 2212 660 2263 est
687 2198 757 2281 (i.
779 2223 832 2263 e.
865 2200 1205 2264 secundum
1235 2223 1409 2265 suam
1440 2201 1883 2290 propriamque
1910 2209 2250 2291 naturam).

574 2302 736 2366 Nam
768 2302 831 2366 in
862 2303 1165 2390 ejusmodi
1192 2304 1328 2369 loco
1357 2304 1510 2368 nihil
1539 2305 1823 2370 decerno.

654 2443 743 2457 -
775 2426 871 2487 14.
946 2407 1041 2471 καὶ
1097 2411 1176 2492 τῷ
1236 2410 1675 2472 ἐπισκοτεῖσθαι
1732 2412 1803 2488 τῇ
1861 2410 1999 2494 ὕλῃ]
2072 2408 2254 2474 Varie

572 2522 909 2596 usurpatur
934 2509 1052 2574 hoc
1080 2511 1362 2575 verbum.
1452 2511 1618 2574 Nam
1664 2528 1727 2575 et
1775 2510 1853 2575 de
1899 2511 2260 2598 corporibus

573 2610 917 2676 caelestibus
960 2611 1209 2692 dicitur,
1238 2637 1383 2700 quae
1429 2612 1758 2701 splendore
1801 2636 1915 2678 suo
1955 2613 2113 2678 visui
2151 2615 2261 2679 ob-

573 2729 758 2794 stant,
798 2729 863 2779 et
904 2715 1097 2779 oculis
1138 2716 1422 2781 tenebras
1467 2715 1806 2781 offundunt
1849 2731 1912 2781 et
1951 2716 2086 2804 ipsa
2126 2716 2260 2781 aliis

571 2818 933 2905 corporibus
960 2819 1390 2884 obscurantur.
1460 2818 1605 2882 vid.
1636 2818 1901 2884 Dorvill.
1930 2819 2011 2883 ad
2043 2819 2261 2884 Chari-

575 2932 700 2985 ton.
753 2944 813 3007 p.
847 2924 994 3007 636.
1043 2945 1131 3009 sq.
1186 2921 1286 2986 ed.
1334 2922 1514 3008 Lips.
1567 2923 1658 3009 [p.
1692 2940 1835 3008 713.
1881 2921 1977 2985 ed.
2011 2924 2249 3008 Amst.]

575 3024 685 3089 ubi
721 3024 906 3089 etiam
954 3024 1034 3089 de
1077 3024 1533 3089 constructione
1577 3024 1768 3111 hujus
1811 3025 1983 3089 verbi
2024 3025 2251 3112 agitur.

577 3126 680 3191 Cf.
711 3127 974 3213 Longin.
1020 3126 1099 3192 de
1146 3127 1324 3191 Subl.
1358 3128 1665 3191 XXXV.
1693 3149 1757 3208 4.
1848 3127 2015 3191 Hinc
2058 3127 2257 3192 varias

574 3228 652 3293 ad
695 3229 1088 3319 metaphoras
1129 3231 1516 3295 transfertur.
1611 3228 1885 3294 Sufficiet
1924 3252 2119 3294 unum
2151 3254 2257 3294 ex-

575 3333 847 3421 emplum
879 3333 1204 3420 protulisse
1233 3334 1426 3398 nostri
1453 3333 1571 3398 loci
1601 3332 1997 3398 simillimum.
2090 3335 2259 3397 Iam-

574 3434 817 3501 blichus
866 3460 967 3523 ap.
1019 3436 1195 3502 Stob.
1246 3435 1386 3501 Ecl.
1438 3436 1661 3523 Physs
1720 3437 1777 3501 Ι.
1832 3453 1941 3521 51.
1992 3458 2052 3521 p.
2103 3454 2253 3521 792.

577 3540 769 3604 Heer.
816 3542 897 3604 Οἱ
925 3539 972 3603 δ’
1004 3539 1120 3604 ἀπὸ
1151 3539 1477 3606 Πλάτωνος
1522 3539 1615 3603 καὶ
1656 3541 2010 3621 Πυθαγόρου
2050 3546 2253 3621 παρεῖ-

577 3667 672 3706 ναι
717 3644 829 3723 μὲν
876 3643 973 3706 καὶ
1023 3644 1089 3707 ἑν
1134 3648 1255 3709 τοῖς
1305 3641 1638 3724 ἆρτιγενέσι
1695 3643 1849 3724 φασὶ
1897 3640 2003 3705 τὸν
2044 3644 2253 3723 λόγον,

577 3746 1019 3810 ἐπισκοτεῖσθαί
1051 3771 1124 3827 γε
1162 3744 1278 3825 μὴν
1310 3747 1378 3808 ἐν
1405 3750 1527 3811 τοῖς
1566 3744 1801 3823 ἔξωθεν,
1836 3745 1932 3808 καὶ
1969 3744 2049 3824 μὴ
2089 3746 2253 3827 ἐνερ-

574 3853 705 3930 γεῖν
747 3848 853 3927 τὴν
896 3850 1119 3912 οἰκείαν
1164 3846 1487 3929 ἐνέργειαν,
1522 3845 1659 3910 ἀλλ’
1690 3846 2029 3930 ἡσυχάζειν.
2120 3847 2254 3911 Sub

574 3950 758 4013 finem
790 3949 1030 4036 Capitis
1058 3948 1468 4037 Engelhardt.
1500 3948 1691 4013 verba
1732 3948 2125 4035 impeditiora
2167 3949 2255 4014 ita

574 4051 862 4139 expedire
909 4051 1183 4117 studuit:
1230 4053 1268 4132 ἡ
1298 4054 1363 4116 δὲ
1389 4052 1469 4132 μὴ
1495 4053 1754 4132 μείνασα
1796 4056 1987 4126 τοῦτο,
2023 4051 2158 4115 ἀλλ’
2192 4055 2255 4131 ἐξ

576 4155 747 4233 αὖτῆς
788 4158 1183 4237 προελθοῦσα,
1213 4158 1292 4240 τῷ
1334 4154 1413 4234 μὴ
1450 4156 1659 4240 τελείῳ
1697 4157 1843 4235 μηδὲ
1882 4157 2089 4240 πρώτῳ
2122 4155 2252 4237 (με-

571 4257 821 4339 μιγμένη
850 4280 932 4322 sc.
964 4258 1002 4339 ἡ
1029 4257 1200 4341 ψυχὴ
1229 4258 1298 4320 οὗ
1323 4257 1609 4342 μείνασα)
1643 4257 1773 4321 οἷον
1799 4260 2058 4337 ἵνδαλμα
2102 4258 2250 4321 ἐκεί-

575 4386 676 4440 νης
706 4361 821 4443 (sc.
853 4365 954 4439 τῆς
982 4361 1213 4426 τελείας
1251 4362 1475 4444 ψυχῆς)
1508 4363 1587 4446 τῷ
1630 4360 1986 4440 ἀλλείμματι
2018 4359 2255 4447 (potius

575 4464 973 4548 ἐλλείμματι).
1064 4463 1256 4540 Bene,
1306 4461 1354 4525 si
1403 4460 1557 4547 quid
1609 4460 1828 4536 video;
1881 4475 1943 4526 et
1987 4461 2130 4526 libri
2175 4485 2253 4526 ex

570 4580 748 4652 parte
775 4563 1257 4653 adstipulantur.
1348 4563 1469 4628 Sed
1510 4563 1592 4628 ad
1616 4563 1806 4628 verba
1832 4569 1912 4650 τῷ
1939 4565 2016 4644 μὴ
2045 4565 2253 4651 τελείῳ

573 4670 716 4748 μηδὲ
761 4669 970 4753 πρώτῳ
1016 4666 1307 4753 equidem
1351 4666 1626 4753 suppleri
1669 4666 1879 4730 malim
1923 4670 2251 4749 ὁρισθεῖσα,

573 4770 744 4858 quod
775 4769 1184 4858 Participium
1210 4769 1492 4858 proxime
1520 4783 1940 4857 praecesserat:
1984 4777 2027 4809 “
2051 4769 2256 4833 anima

572 4897 717 4961 quae
758 4896 881 4938 non
928 4873 1202 4960 perfecto
1245 4895 1450 4959 neque
1493 4896 1588 4950 e0‚
1619 4872 1793 4959 quod
1837 4870 2108 4958 primum
2137 4885 2250 4950 est,

571 4977 980 5041 determinari
1010 4999 1073 5039 se
1099 4998 1279 5063 passa
1305 4989 1417 5040 est.
1419 4976 1455 5004 '³
1491 4977 1807 5040 Caeterum
1829 4974 2002 5062 quod
2029 4973 2255 5061 adjecit

574 5078 855 5143 Ficinus:
903 5081 974 5142 in
995 5078 1218 5166 gradu
1247 5079 1513 5166 quodam
1542 5080 1845 5142 existens.-
1876 5100 2089 5141 eorum
2123 5100 2256 5140 ver-

572 5180 837 5246 borum
822 5204 885 5245 m
917 5180 1087 5245 libris
1122 5180 1367 5245 nullum
1397 5196 1490 5245 est
1514 5179 1866 5266 vestigium.
1956 5179 2202 5259 Quod
2187 5202 2251 5244 m

574 5307 746 5371 seqq.
775 5282 1007 5371 legitur
1048 5309 1127 5370 τῳ
1175 5286 1375 5348 σκότει
1420 5295 1483 5348 et
1528 5310 1607 5370 τῳ
1652 5285 1866 5368 σκότῳ,
1896 5281 2015 5346 hoc
2056 5282 2253 5370 magis

573 5385 887 5464 Atticum,
929 5384 1085 5450 illud
1132 5386 1522 5451 communius
1568 5399 1659 5450 est
1700 5384 1961 5450 docente
2006 5386 2254 5472 Corayo

574 5488 655 5553 ad
704 5488 1027 5554 Heliodor.
1072 5487 1357 5576 AEtbiop.
1404 5512 1467 5574 p.
1504 5489 1646 5575 198.
1693 5489 1776 5553 cf.
1821 5489 2083 5575 Gregor.
2132 5489 2255 5553 Co-

574 5589 762 5657 rinth.
794 5615 859 5678 p.
883 5609 988 5658 22.
1019 5604 1082 5655 et
1109 5615 1173 5678 p.
1197 5594 1343 5677 615.
1378 5589 1695 5656 Schaeferi.

3937 602 4019 683 69

2423 790 2483 853 p.
2513 788 2658 853 143,
2695 788 2751 832 1.
2796 768 2954 832 Οὐδὲ
2997 772 3112 851 γὰρ
3157 768 3224 832 τὸ
3268 759 3418 833 εἶναι
3458 770 3584 854 ἔχει
3610 772 3648 852 ἡ
3671 770 4015 851 ὕλη-αὐτὸ

2335 870 2414 949 μὴ
2445 870 2619 955 εἶναι]
2675 871 2980 934 Extrema
3008 873 3084 938 ὣς
3112 872 3567 951 ἀληθῶς-αὐτὸ
3594 874 3674 952 μὴ
3703 873 3855 938 εἶναι
3888 886 4014 937 non

2336 973 2637 1060 expressit
2660 972 2939 1051 Ficinus,
2963 973 3071 1038 sed
3101 973 3166 1037 in
3187 973 3491 1038 Mediceis
3519 987 3726 1039 tamen
3752 975 3925 1040 libris
3945 999 4019 1041 ea

2337 1089 2712 1162 comparent.
2799 1076 3024 1163 Neque
3073 1076 3376 1164 expressit
3424 1076 3684 1165 Taylor.
3771 1078 4017 1143 Locum

2336 1175 2729 1264 impeditum,
2758 1177 2824 1242 in
2866 1201 2996 1266 quo
3023 1178 3205 1243 etiam
3239 1179 3651 1267 Engelhardt.
3697 1181 3902 1263 haesit,
3931 1182 4020 1246 ita

2338 1279 2793 1366 expediendum
2845 1280 3212 1346 crediderim
3243 1308 3258 1346 ε
3332 1290 3375 1321 “
3425 1285 3651 1370 Neque
3701 1284 3867 1349 enim
3926 1284 4021 1373 ip-

2339 1405 2475 1445 sum
2505 1406 2635 1447 esse
2662 1383 2851 1448 habet
2878 1384 3159 1465 materia,
3189 1385 3463 1473 alioquin
3491 1386 3611 1451 hoc
3634 1386 3770 1475 ipso
3790 1387 4017 1471 (ταύτῃ,

2336 1482 2453 1548 hac
2494 1485 2730 1551 ratione
2772 1486 2810 1551 i.
2835 1510 2891 1550 e.
2937 1491 3017 1575 τῷ
3061 1491 3218 1575 esse)
3253 1488 3415 1553 Boni
3459 1489 3769 1578 particeps
3809 1490 4015 1564 foret;

2340 1588 2542 1669 (Bene
2574 1588 2846 1678 Taylor:
2896 1592 3003 1677 By
3032 1612 3246 1655 means
3287 1594 3375 1677 of
3399 1592 3594 1656 which
3619 1594 3673 1657 it
3710 1593 3916 1681 might
3950 1593 4021 1658 he

2335 1691 2615 1756 inve-§ted
2643 1693 2791 1757 with
2809 1694 3031 1781 good.)
3111 1693 3233 1758 Sed
3273 1693 3390 1781 ipsi
3424 1694 3518 1776 (in
3555 1694 3690 1783 ipsa
3731 1696 4017 1780 materia)

2337 1793 2729 1881 aequivocum
2757 1810 2850 1860 est
2881 1796 3200 1883 (verbum)
3233 1818 3402 1870 mse,-
3450 1797 3538 1862 ita
3566 1812 3640 1863 ut
3669 1821 3813 1862 vere
3856 1797 4021 1863 dica-

2339 1910 2444 1960 tur
2476 1897 2636 1981 (scil.
2667 1897 2747 1962 de
2776 1898 3058 1983 materia)
3090 1921 3219 1964 esse
3245 1899 3449 1987 ipsum
3478 1922 3603 1963 non
3632 1902 3820 1965 esse.''
3867 1901 4021 1985 (Le-

2336 1999 2535 2086 gerim
2562 2014 2674 2065 aut
2703 2003 2778 2069 ὧς
2805 2004 3038 2082 ἀληθὲς,
3071 2002 3243 2089 quod
3283 2002 3617 2067 sexcenties
3645 2025 3759 2090 pro
3791 2005 4022 2085 ἀληθῶς

2339 2125 2642 2189 usurpare
2684 2126 2866 2168 nemo
2900 2104 3112 2183 nescit,
3140 2104 3487 2169 nescierunt
3531 2120 3741 2170 autem
3783 2105 4022 2194 aliquot

2338 2203 2592 2285 librarii,
2621 2220 2684 2270 et
2721 2205 2945 2289 λέγειν,
2978 2222 3042 2271 et
3082 2207 3505 2293 conjunxerim
3546 2210 3621 2275 ὥς
3664 2211 3881 2289 ἀληθὲς
3920 2209 4022 2273 λέ-

2338 2333 2486 2389 γειν,
2520 2321 2581 2372 et
2610 2332 2684 2373 ex
2693 2322 2888 2373 tremo
2913 2307 3084 2372 loco:
3136 2308 3276 2372 αὐτὸ
3311 2309 3379 2372 τὸ
3408 2309 3489 2389 μὴ
3519 2310 3718 2394 εἶναι).
3778 2309 4023 2375 Admo-

2338 2424 2483 2474 nent
2510 2411 2648 2477 haec
2679 2410 2794 2475 loci
2818 2410 3118 2497 Diogenis
3149 2410 3385 2475 Laertii
3412 2410 3476 2475 in
3509 2412 3858 2499 Pyrrhone,
3884 2414 4019 2476 IX.

2345 2527 2447 2596 77.
2497 2515 2707 2578 Μόνον
2750 2515 2856 2578 οὖν
2895 2515 3183 2580 διακόνοις
3226 2516 3485 2597 ἐχρῶντο
3525 2520 3647 2581 τοῖς
3683 2517 3904 2597 λόγοις·
3953 2517 4023 2580 οὗ

2343 2617 2457 2697 γὰρ
2486 2616 2616 2680 οἷόν
2643 2641 2709 2680 τε
2735 2617 2809 2695 ἦν
2835 2617 2915 2697 μὴ
2943 2618 3106 2702 λόγῳ
3139 2616 3293 2698 (vid.
3325 2615 3697 2680 Kiihnium
3684 2640 3745 2681 in
3776 2621 4019 2702 annot.)

2342 2720 2530 2800 λόγον
2571 2720 2809 2782 ἆνελεῖν
2851 2718 2974 2782 καθ’
3009 2718 3078 2782 ὃν
3117 2720 3335 2801 τρόπον
3375 2722 3659 2799 εἰώθαμεν
3687 2719 3893 2803 λέγειν
3921 2723 4021 2785 τό·

2341 2846 2457 2885 πον
2485 2823 2564 2900 μὴ
2595 2847 2765 2898 ειναι,
2798 2822 2891 2884 καὶ
2919 2826 3013 2885 δει
3034 2820 3264 2889 πάντως
3291 2820 3397 2885 τὸν
3424 2824 3608 2886 τόπον
3640 2825 3843 2887 εἰπεῖν.
3884 2822 4019 2887 ἀλλ’

2343 2923 2414 2986 οὗ
2441 2927 2818 3005 δογματικῶς,
2847 2926 3254 2990 ἀποδεικτικῶς
3282 2923 3365 2988 δέ.
3409 2924 3502 2988 καὶ
3531 2927 3713 3005 μηδὲν
3741 2924 4025 3007 γενέσθω

2343 3024 2463 3089 κατ’
2493 3024 2775 3108 ἀνάγκην,
2817 3027 2912 3089 καὶ
2954 3030 3048 3090 δεῖ
3083 3026 3189 3105 τὴν
3229 3025 3493 3109 ἀνάγκην
3535 3029 3741 3091 εἰπεῖν.
3818 3028 4024 3093 Mate-

2339 3127 2491 3191 riam
2526 3143 2733 3192 autem
2764 3128 2853 3192 ita
2881 3127 3171 3193 describit
3201 3128 3591 3216 Porphyrius
3619 3129 3684 3192 in
3718 3130 4020 3196 Sententt.

2342 3230 2555 3294 XXI.
2585 3254 2651 3317 p.
2675 3244 2818 3314 227.
2843 3232 3227 3315 τ-ἔλλειψις
3267 3231 3487 3300 παντὸς
3521 3238 3626 3296 τοῦ
3654 3234 3842 3301 ὄντος·
3888 3233 3958 3298 δι’
3989 3234 4023 3297 ὃ

2340 3340 2458 3399 πᾶν
2482 3334 2514 3397 ὃ
2546 3334 3004 3418 ἐπαγγέλλεται,
3027 3336 3331 3418 ψεύδεται·
3367 3336 3475 3400 κᾶν
3496 3335 3654 3418 μέγα
3682 3342 4024 3418 φαντασθῆ-

2341 3462 2458 3512 ναι,
2501 3439 2707 3519 μικρόν
2748 3439 2930 3501 ἔστιν·
2980 3439 3107 3501 οἷον
3144 3441 3260 3520 γὰρ
3302 3440 3581 3520 παίγνιόν
3610 3441 3758 3516 ἐστι,
3792 3444 4019 3522 φεῦγον

2344 3542 2426 3606 εἰς
2462 3540 2529 3603 τὸ
2568 3540 2648 3620 μῆ
2687 3541 2777 3602 ὅν·
2823 3541 2859 3620 ἡ
2890 3541 2955 3603 δὲ
2993 3540 3154 3622 φυγὴ
3181 3541 3249 3603 οὔ
3278 3542 3460 3625 τόπῳ,
3494 3543 3656 3604 ἀλλὰ
3696 3545 3767 3620 τῇ
3814 3544 3879 3605 ἐκ
3920 3547 4025 3605 τοῦ

2342 3643 2512 3709 ὄντος
2539 3643 2863 3725 ἀπολείψει
2892 3669 2942 3705 κ.
2969 3668 3021 3706 τ.
3043 3650 3104 3706 λ.
3200 3641 3302 3705 Cf.
3336 3642 3630 3706 Proclum
3659 3640 3720 3704 in
3750 3642 3892 3707 Alc.
3923 3666 4021 3730 pr.

2339 3767 2404 3830 p.
2433 3745 2577 3808 108.
2609 3743 2719 3808 ubi
2755 3746 2867 3824 ὕλη
2906 3758 2967 3808 et
2997 3748 3218 3826 ψεῦδος
3260 3742 3490 3808 dicitur
3532 3756 3595 3807 et
3638 3746 3797 3808 αἰτία
3837 3771 4017 3826 πονη-

2337 3847 2484 3929 ρίας.
2557 3846 2737 3910 Adde
2767 3845 3086 3910 Plotinum
3114 3845 3317 3933 ipsum
3348 3845 3513 3911 infra
3542 3847 3662 3911 IV.
3698 3864 3760 3912 2.
3795 3867 3850 3910 1.
3884 3846 4018 3911 init.

2339 3948 2450 4012 ubi
2478 3948 2598 4013 alia
2625 3948 2911 4012 dabimus
2939 3971 3006 4034 p.
3037 3965 3177 4034 159.

2423 4088 2509 4100 —
2531 4052 2595 4115 6.
2640 4049 2776 4114 ἀλλ’
2810 4054 3000 4116 ἐκεῖνο
3031 4051 3064 4115 ὃ
3095 4052 3266 4116 οὐδὲν
3296 4080 3347 4116 κ.
3368 4078 3421 4116 τ.
3442 4054 3533 4137 λ.]
3587 4050 3801 4117 Placet
3841 4050 4023 4117 lectio

2338 4152 2614 4239 plurium
2656 4152 2995 4217 librorum:
3058 4153 3194 4218 ἀλλ’
3247 4157 3435 4219 ἐκεῖνο
3483 4155 3515 4218 ὃ
3560 4155 3732 4219 οὐδὲν
3775 4154 3888 4236 μέν
3930 4181 4020 4220 πω

2339 4257 2592 4320 τούτωνε
2643 4263 2688 4295 “
2719 4256 2825 4320 sed
2868 4255 3026 4319 illud
3068 4256 3240 4343 quod
3282 4257 3503 4322 horum
3545 4257 3805 4321 necdum
3847 4259 4023 4346 quid-

2338 4380 2524 4445 quam
2554 4359 2705 4421 est.”
2795 4358 2899 4423 Ita
2926 4357 3080 4444 legit
3107 4359 3292 4423 etiam
3323 4360 3579 4424 Ficinus
3606 4360 3671 4423 h.
3691 4359 3733 4424 l.
3765 4375 3828 4425 et
3856 4360 4024 4425 hunc

2339 4475 2587 4525 secutus
2618 4460 2877 4548 Taylor.
2954 4463 3059 4526 Ita
3087 4485 3348 4548 sequens
3377 4465 3442 4527 δὲ
3467 4462 3677 4541 habet,
3707 4486 3837 4550 quo
3861 4464 4018 4527 refe-

2338 4577 2531 4627 ratur.
2623 4563 2901 4628 Probum
2932 4563 3115 4628 etiam
3144 4563 3392 4628 videtur
3419 4565 3701 4653 proxime
3734 4569 4022 4649 πονηρίαν

2338 4680 2595 4752 propter
2622 4666 3065 4753 praecedentia:
3115 4668 3656 4732 ἀδικίαν-κακίαν.
3732 4668 3814 4733 In
3844 4692 4016 4757 seqq.

2338 4792 2415 4832 ex
2448 4768 2753 4833 Codicum
2777 4768 3049 4854 vestigiis
3077 4769 3419 4855 conjectare
3445 4770 3672 4857 possis:
3718 4769 3755 4852 ἢ
3783 4774 3917 4851 ὕλη,
3949 4786 4022 4837 ut

2338 4870 2708 4958 respondeat
2734 4877 2856 4940 τοῖς
2880 4870 3106 4953 μέρεσι.
3202 4871 3322 4936 Sed
3356 4885 3562 4937 tamen
3591 4872 4021 4960 hujuscemodi

2338 4973 2561 5038 subitae
2590 4973 3013 5038 conversiones
3041 4974 3509 5039 constructionis
3537 4974 3599 5039 in
3626 4975 3879 5041 Plotino
3902 4977 4020 5041 fre-

2337 5077 2776 5165 quentissimae.
2842 5075 3090 5141 Deinde
3116 5076 3393 5140 omnium
3422 5077 3721 5142 librorum
3752 5080 4014 5143 auctori-

2337 5193 2464 5245 tate
2489 5180 2812 5268 posuimus
2837 5182 3024 5263 ὃρμᾷν
3044 5201 3159 5266 pro
3181 5182 3349 5263 ὁρᾷν.
3398 5179 3569 5245 Illud
3588 5196 4019 5268 expresserunt

2337 5282 2523 5347 etiam
2551 5282 2786 5371 Taylor
2813 5298 2876 5346 et
2905 5281 3318 5368 Engelhardt.

2422 5423 2511 5435 —
2532 5406 2561 5448 1
2577 5405 2629 5448 1.
2662 5387 2845 5449 νόσον
2871 5386 2984 5465 μὲν
3007 5385 3287 5466 ἔλλειψιν
3311 5384 3405 5448 καὶ
3431 5384 3799 5468 ὑπερβολὴν]
3831 5385 4015 5449 Conf.

2340 5488 2710 5576 Hippocrat.
2739 5486 2821 5551 de
2852 5485 3137 5551 Flatibus
3179 5508 3240 5572 p.
3276 5487 3419 5571 296.
3454 5487 3635 5549 Foes.
3680 5484 3793 5571 qui
3837 5489 4017 5571 ἰατρι-

2341 5592 2446 5670 κὴν
2471 5589 2623 5655 dicit
2651 5590 2971 5672 ἀφαίρεσιν
2996 5591 3109 5670 μὲν
3136 5595 3254 5653 τῶν
3279 5588 3804 5671 ὑπερβαλλόντων,
3830 5592 4016 5673 πρόσ-
