5118 6613
1373 552 1577 617 LIB.
1612 553 1730 617 VI.
1779 550 2242 617 ENNEAD.
2295 550 2695 616 SEXTAE.
2738 573 2803 638 p.
2831 552 3282 636 1262—1267.

591 728 673 794 de
713 729 791 792 B.
826 728 872 792 J
879 725 983 790 ud.
1017 726 1134 790 IV.
1172 723 1233 788 8.
1262 746 1322 805 4.
1372 748 1435 811 p.
1476 743 1615 811 295.
1666 727 2132 811 Havercamp.:
2197 726 2293 789 καὶ

591 834 726 901 τοὺς
750 834 863 913 μὲν
892 828 1163 912 φυγάδας
1194 828 1387 892 αὐτῶν
1415 831 1473 892 οἱ
1503 831 1697 897 ἱππεῖς
1735 828 2155 909 ὑπετέμνοντο,
2188 831 2293 896 τὰς

595 937 942 1017 συμπλοκὰς
970 934 1034 996 δὲ
1063 931 1132 995 τὸ
1161 930 1340 1007 πεζὸν
1362 932 1611 998 εὐτόνως
1639 930 1995 1014 διέφθειρον,
2017 930 2126 995 ubi
2148 954 2293 995 con-

592 1039 771 1104 tinuo
800 1036 1060 1102 verbum
1109 1033 1424 1120 sequitur:
1473 1035 1608 1098 οὐδὲ
1649 1035 1937 1114 ηὐτόνουν
1972 1037 2141 1117 ῥῆξαι
2183 1034 2292 1114 τὴν

594 1141 902 1226 φάλαγγα.
1001 1139 1084 1203 In
1133 1137 1465 1224 Aristoph.
1520 1136 1712 1201 Pluto
1766 1140 1929 1221 1096
1960 1162 1975 1202 ε
2043 1139 2293 1206 εὐτόνως

592 1245 1037 1328 προσ-ἴσχεσθαι
1094 1256 1187 1306 est
1219 1242 1534 1326 firmiter,
1596 1242 1897 1305 tevmciter
1951 1239 2286 1305 adhaerere.

595 1346 740 1411 Vid.
775 1345 1055 1410 Fischer.
1088 1368 1147 1431 p.
1173 1345 1315 1407 286.
1366 1343 1468 1408 Cf.
1500 1342 1687 1408 etiam
1718 1344 2012 1409 Matthaei
2055 1345 2137 1408 ad
2181 1347 2228 1408 J
2231 1369 2286 1409 o.

595 1449 917 1536 Chrysost.
954 1445 1214 1512 Homill.
1251 1448 1368 1510 IV.
1399 1471 1463 1532 p.
1495 1465 1634 1532 125.
1680 1463 1744 1511 et
1775 1448 1915 1512 111.
1948 1471 2009 1535 p.
2030 1470 2091 1529 4.
2149 1447 2292 1513 Cle-

594 1576 769 1618 mens
799 1551 991 1616 Alex.
1026 1549 1284 1636 Paedag.
1321 1550 1466 1613 111.
1498 1572 1560 1636 p.
1589 1567 1731 1633 297.
1797 1552 2034 1615 Potter.
2064 1550 2129 1615 in
2162 1552 2287 1616 Ze-

593 1656 772 1722 nonis
820 1654 1011 1720 Stoici
1061 1652 1473 1740 descriptione
1525 1652 1820 1740 virginis:
1883 1654 1963 1734 μὴ
2009 1657 2209 1721 ὕπτιος
2257 1656 2290 1718 ὁ

593 1760 906 1843 τράχηλος,
964 1760 1110 1838 μηδὲ
1167 1755 1447 1837 ἀνιέμενα
1497 1759 1572 1822 τὰ
1618 1761 1724 1822 τοῦ
1784 1759 2056 1837 σώματος
2112 1757 2289 1838 μέλη.

594 1866 758 1930 ἀλλὰ
806 1866 882 1926 τὰ
927 1859 1194 1944 μετέωρα
1246 1862 1508 1928 ἐντόνοις
1557 1861 1751 1939 ὅμοια.
1854 1858 2166 1946 Experiar
2208 1882 2291 1923 an

591 1963 999 2054 conjectando
1023 1962 1338 2027 meliorem
1369 1961 1863 2027 emendationem
1895 1962 2053 2025 alius
2072 1962 2289 2027 Critici

589 2070 807 2135 elicere
849 2090 1094 2154 queam.
1212 2068 1357 2153 Ego
1409 2065 1711 2153 tantisper
1756 2065 2035 2153 suspicor
2070 2091 2084 2129 z
2144 2068 2292 2147 μηδὲ

594 2172 877 2254 ἀνειμένα
904 2175 979 2235 τὰ
1007 2174 1112 2234 τοῦ
1142 2171 1413 2249 σώματος
1440 2168 1593 2249 μέλη
1624 2170 1807 2247 ἄλλα,
1840 2173 1916 2233 τὰ
1941 2168 2207 2251 μετέωρα
2240 2166 2288 2232 δ’

595 2277 856 2342 εὗτόνοις
888 2275 1106 2356 (Hanc
1138 2270 1464 2336 lectionem
1494 2295 1609 2359 pro
1639 2274 1901 2339 ἐντόνοις
1933 2270 2231 2358 Sylburg.
2257 2294 2292 2336 e

596 2377 881 2444 Palatino
913 2375 1074 2441 cod.
1105 2374 1407 2460 enotavit)
1440 2378 1615 2455 ὅμοια
1658 2374 1701 2438 i.
1724 2399 1779 2440 e.
1822 2383 1867 2415 “
1896 2398 2021 2440 non
2068 2375 2294 2463 supina

595 2489 638 2522 “
665 2480 901 2560 cervix,
926 2502 1131 2566 neque
1153 2478 1406 2542 remissa
1434 2478 1707 2565 corporis
1730 2478 2008 2542 membra
2028 2478 2289 2565 reliqua,

595 2592 639 2624 ‘⁶
669 2582 778 2648 sed
830 2582 1150 2670 superiora
1201 2584 1375 2668 (quae
1427 2582 1697 2647 maxime
1742 2582 2013 2669 conspici
2061 2582 2284 2662 solent)

596 2695 640 2728 “
667 2709 972 2775 generose
1031 2685 1232 2750 firmis
1268 2687 1599 2772 (generose
1657 2685 1945 2770 intensis)
2008 2685 2293 2749 similia.''

593 2793 759 2857 Nam
807 2792 1044 2858 εὔτονος
1088 2803 1181 2854 est
1227 2789 1412 2854 etiam
1460 2794 1736 2872 γενναῖος
1786 2790 2084 2872 (Zonarae
2126 2789 2289 2853 Lex.

598 2896 709 2961 Gr.
746 2917 810 2981 p.
836 2895 1037 2979 903.).

679 3034 766 3048 —-
790 2997 886 3060 18.
934 2997 1091 3059 ὥστε
1132 2996 1312 3075 ταύτῃ
1357 2996 1732 3076 Παρμενίδης
1774 2996 1959 3076 ὀρθῶς
2002 2994 2070 3058 ἓν
2110 2995 2290 3058 εἰπὼν

596 3101 663 3166 τὸ
693 3099 765 3166 ὃν
788 3101 884 3165 καὶ
912 3100 981 3163 οὗ
1012 3097 1081 3162 δι’
1108 3100 1352 3180 ἐρημίαν
1374 3099 1567 3163 ἄλλου
1596 3096 1875 3185 ἀπαθές]
1909 3095 2291 3162 parmenidis

597 3206 829 3293 Fragg.
861 3226 923 3266 v.
946 3219 1049 3286 97.
1084 3224 1257 3287 sqq.:

754 3342 837 3355 -—
915 3343 1000 3353 —
1076 3340 1160 3355 -—
1240 3338 1322 3353 -·
1403 3308 1553 3362 οὐδὲν
1577 3309 1680 3381 γάρ
1709 3306 1855 3362 ἐστιν
1881 3304 1911 3376 ἢ
1939 3308 2089 3362 ἔσται

754 3408 892 3464 ἄλλο
918 3408 1084 3480 παρὲξ
1108 3409 1203 3461 τοῦ
1230 3406 1420 3463 ἐόντος·
1464 3407 1578 3459 ἐπεὶ
1602 3407 1665 3459 τό
1690 3427 1753 3477 γε
1781 3403 1933 3477 Μοῖρ’
1961 3404 2213 3474 ἐπέδησεν

755 3505 916 3564 οὖλον
940 3505 1172 3575 ἀκίνητον
1198 3502 1244 3560 τ’
1271 3506 1462 3575 ἔμεναι,
1490 3507 1565 3577 τῷ
1589 3501 1737 3558 πάντ’
1766 3501 1907 3572 ὄνομ’
1935 3502 2100 3568 ἐστίν,

754 3603 900 3659 ὅσσα
921 3604 1104 3676 βροτοὶ
1130 3602 1415 3667 κατέθεντο,
1444 3601 1749 3657 πεποιθότες
1774 3595 1902 3655 εἶναι
1928 3600 2094 3670 ἀληθῆ

754 3701 992 3776 γίνεσθαί
1016 3722 1074 3755 τε
1101 3702 1184 3755 καὶ
1210 3697 1488 3767 ὅλλυσθαι,
1518 3693 1646 3753 εἶναι’
1669 3720 1727 3752 τε
1752 3700 1834 3753 καὶ
1861 3698 2000 3769 οὐχί,

757 3799 840 3854 καὶ
863 3800 1027 3852 τόπον
1052 3796 1363 3865 ἀλλάσσειν,
1393 3796 1478 3850 διά
1503 3818 1561 3851 τε
1585 3798 1721 3869 χρόα
1747 3797 1915 3868 φανὸν
1939 3794 2186 3865 ἀμείβειν.

597 3926 677 3992 cf.
710 3924 1022 3990 Brandisii
1054 3925 1431 3988 Commentt.
1462 3922 1698 3985 Eleatt.
1736 3921 1793 3984 I.
1825 3945 1884 4009 p.
1913 3941 1937 3983 1
1962 3922 2056 3985 18.
2101 3935 2164 3985 et
2206 3923 2288 3987 ab

595 4053 668 4094 eo
695 4027 910 4093 laudd.
941 4025 1191 4091 Platon.
1224 4024 1582 4090 Parmenid.
1616 4047 1677 4111 p.
1706 4043 1850 4110 132.
1883 4025 1948 4089 b.
1970 4047 2025 4089 c.
2063 4046 2204 4113 134.
2224 4050 2285 4090 a.

600 4131 874 4220 Sophist.
902 4153 969 4218 p.
998 4149 1033 4195 2
1037 4149 1141 4215 52.
1163 4153 1220 4193 e.
1268 4144 1387 4193 etc.
1463 4127 1714 4192 Theaet.
1751 4151 1811 4215 p.
1839 4129 1977 4192 180.
2002 4127 2064 4193 d.
2090 4151 2145 4193 e.
2175 4128 2284 4193 ali-

596 4259 789 4322 osque
817 4233 1003 4298 locoS.
1093 4232 1327 4298 Confer
1355 4229 1540 4297 etiam
1573 4229 1805 4295 Plotin.
1840 4253 2031 4317 supra
2055 4233 2288 4319 p.648.

599 4342 684 4405 A.
765 4336 992 4424 Scripsi
1023 4350 1231 4403 autem
1267 4337 1512 4418 ἐρημίαν
1539 4333 1788 4420 optimis
1817 4332 1989 4397 libris
2008 4334 2287 4422 jubenti-

595 4442 716 4508 bus
734 4466 754 4522 ;
802 4441 1072 4528 indeque
1101 4439 1340 4506 correxi
1369 4439 1709 4504 versionem
1745 4438 2030 4503 Marsilii.

1242 4613 1439 4677 LIB.
1487 4612 1646 4676 VII.

685 4753 760 4815 Ρ.
792 4750 980 4831 1267,
1011 4766 1072 4829 7.
1119 4753 1314 4811 ΠΕΡΙ
1352 4751 1521 4811 To‘r
1560 4751 1737 4812 ΠΩΣ
1780 4751 1892 4811 ΤΟ
1933 4752 2291 4813 ΠΛΗΘΟΣ

600 4859 775 4919 ΤΩΝ
831 4856 1099 4918 ῙΔΕΩΝ
1149 4854 1514 4923 ΎΠΕΣΤΗ,
1564 4855 1703 4914 ΚΑΙ
1752 4855 1947 4914 ΠΕΡΙ
1995 4855 2164 4914 ΤΟΤ
2206 4856 2290 4914 A-

600 4956 930 5043 ΓΑΘΟΎ]
978 4952 1166 5032 Quod
1198 4951 1401 5017 codd.
1433 4951 1672 5039 aliquot
1700 4952 1992 5026 offerunt,
2025 4954 2122 5018 καὶ
2159 4952 2295 5034 περὶ

598 5058 646 5123 τ’
679 5062 923 5143 ἀγαθοῦ,
953 5057 1166 5121 eadem
1198 5055 1464 5119 varietas
1490 5069 1803 5142 comparet
1845 5054 1906 5118 in
1947 5054 2110 5119 binis
2147 5054 2295 5119 locis

600 5160 938 5249 Porphyrii
990 5160 1069 5224 de
1116 5159 1264 5223 Vita
1309 5158 1544 5223 Plotini
1595 5183 1649 5223 c.
1682 5160 1761 5222 V.
1817 5174 1881 5223 et
1932 5182 1989 5222 c.
2019 5160 2293 5224 XXVI.

601 5264 895 5329 Indidem
924 5262 1239 5341 discimuS,
1271 5261 1440 5326 hunc
1482 5261 1710 5326 librum
1757 5285 1888 5326 esse
1929 5261 2294 5349 duodequa-

601 5366 951 5455 dragesimo
979 5365 1114 5429 loco
1142 5364 1529 5452 ponendum,
1563 5365 1860 5429 rationem
1909 5365 2203 5452 temporis
2247 5365 2296 5430 si

602 5472 789 5548 ineas,
819 5493 949 5557 quo
978 5468 1205 5557 singuli
1236 5467 1559 5555 compositi
1603 5483 1767 5532 sunt.
1856 5469 2004 5532 Non
2048 5483 2140 5532 est
2182 5492 2292 5533 au-

602 5592 753 5652 tem,
783 5571 958 5660 quod
996 5570 1077 5636 de
1119 5587 1492 5660 argumento
1533 5572 1670 5660 ejus
1712 5570 1913 5637 multa
1952 5572 2296 5661 praemitta-

702 5698 893 5753 VOL.
931 5697 1057 5753 111.

3942 569 4068 637 377

2376 746 2517 788 mus
2547 737 2689 810 post
2715 746 2809 801 ea,
2839 747 2983 810 quae
3019 723 3286 789 indicavi
3325 745 3470 788 cum
3513 722 3597 787 ad
3638 721 3883 788 initium
3927 723 4071 791 libri

2375 825 2456 891 de
2485 825 2689 914 primo
2705 828 2888 891 Bono
2918 840 2982 891 et
3010 826 3263 914 reliquis
3283 827 3475 892 Bonis
3497 826 3783 891 Ennead.
3807 828 3863 892 I.
3890 831 4065 915 p.61.

2378 945 2513 993 tum
2543 929 2625 994 ad
2658 953 2719 1017 p.
2748 932 2889 1013 169.
2914 934 3005 993 A.
3079 932 3281 1008 Quam
3313 945 3485 995 arcto
3517 953 3662 994 vero
3690 929 3942 994 vinculo
3970 930 4071 997 hic

2376 1032 2533 1098 liber
2571 1056 2715 1099 cum
2762 1033 3079 1121 superiore
3108 1034 3188 1097 de
3219 1033 3512 1098 Numeris
3554 1032 3882 1112 cohaereat,
3914 1033 4072 1097 utri-

2381 1161 2579 1225 usque
2606 1152 3049 1225 argumentum
3075 1135 3274 1200 docet.
3338 1136 3665 1200 Neminem
3699 1151 3904 1201 tamen
3935 1159 4074 1224 poe-

2377 1240 2600 1305 nitebit
2641 1239 2868 1327 legere,
2896 1263 3040 1327 quae
3071 1239 3152 1304 de
3182 1262 3603 1320 numerorum,
3629 1239 3910 1305 idearum
3942 1242 4069 1305 Bo-

2378 1344 2568 1432 nique
2598 1343 2943 1408 rationibus
2975 1367 3050 1408 ex
3083 1342 3366 1407 doctrina
3395 1340 3674 1407 Platonis
3705 1342 4071 1430 Speusippi-

2376 1469 2502 1533 que
2531 1446 2921 1533 aliorumque
2953 1445 3471 1511 Academicorum
3502 1445 3848 1532 disputavit
3876 1447 4076 1510 Brau-

2377 1548 2494 1614 dis.
2522 1548 2589 1614 in
2620 1549 2907 1614 Diatribe
2950 1548 3031 1613 de
3074 1549 3335 1636 perditis
3379 1548 3737 1614 Aristotelis
3778 1547 3952 1614 libris
3994 1549 4074 1614 de

2377 1653 2551 1716 [deis
2579 1661 2638 1716 et
2666 1653 2741 1716 de
2769 1654 2951 1717 Bono
2981 1652 3109 1718 sive
3139 1652 3543 1740 Philosophia
3577 1672 3677 1715 10.
3709 1677 3772 1741 p.
3799 1654 4079 1719 61—68.

2381 1754 2572 1819 Unde
2600 1754 2735 1820 haec
2764 1755 3036 1842 paucula
3063 1756 3358 1821 adhibere
3387 1756 3624 1845 placuit
3655 1759 3749 1844 (p.
3774 1759 3878 1843 65.
3910 1761 4032 1844 sq.)
4057 1783 4071 1821 :

2379 1865 2424 1897 “
2446 1857 2599 1922 Alia
2626 1874 2835 1923 autem
2867 1882 2947 1923 ex
2973 1858 3233 1923 definita
3269 1859 3475 1947 dyade
3514 1860 3895 1946 repetierunt
3928 1860 4073 1926 Pla-

2378 1961 2565 2026 tonici
2610 1961 2904 2026 adhibitis
2946 1963 3242 2041 numeriS,
3272 1962 3393 2027 alia
3435 1962 3642 2027 statim
3673 1985 3707 2026 e
3736 1963 4077 2051 principiiS,

2377 2088 2412 2128 e
2440 2087 2683 2129 summa
2712 2064 2938 2129 scilicet
2972 2065 3208 2129 unitate
3236 2080 3299 2130 et
3319 2064 3425 2129 illa
3445 2064 3682 2153 dyade;
3721 2065 4073 2145 (Aristotel.

2379 2167 2773 2254 Metaphyss.
2821 2169 3041 2232 XIII.
3091 2170 3151 2232 8.
3202 2191 3267 2255 p.
3317 2189 3460 2254 230.
3500 2188 3594 2232 10.
3646 2168 4072 2256 sylb.)—Bo-

2377 2292 2528 2334 num
2559 2284 2771 2334 autem
2797 2270 2894 2352 (τὸ
2927 2270 3184 2356 ἀγαθὸν)
3210 2294 3352 2335 eum
3381 2271 3771 2357 (Platonem)
3796 2271 3877 2336 ad
3910 2296 4077 2337 sum.

2378 2395 2538 2436 mam
2589 2373 2890 2437 unitatem
2938 2373 3240 2452 retulisse,
3274 2388 3338 2439 et
3365 2398 3511 2461 quoe
3554 2374 3635 2439 de
3676 2398 3752 2438 eo
3795 2374 4075 2462 disputat

2376 2477 2439 2540 in
2479 2475 2525 2540 l.
2548 2476 2708 2540 VII.
2751 2475 2831 2539 de
2871 2475 3245 2562 Republica,
3278 2494 3341 2541 et
3383 2476 3489 2543 illa
3533 2477 3723 2542 verba
3760 2477 4072 2542 Aristote-

2377 2578 2516 2655 lica,
2544 2602 2618 2643 ac
2647 2578 2919 2666 denique
2946 2580 3531 2644 commentariorum
3561 2580 3795 2645 indices
3828 2580 4076 2668 egregie

2377 2681 2828 2758 demonstrant,
2859 2703 3020 2767 quos
3049 2681 3418 2748 Aristoteles
3461 2683 3774 2771 ceterique
3817 2683 3896 2747 de
3927 2683 4074 2748 Pla-

2379 2784 2541 2850 tonis
2590 2783 2996 2872 Philosophia
3046 2785 3306 2872 scriptos
3357 2785 3750 2873 reliquerant.
3850 2788 4077 2873 Neque

2374 2890 2570 2978 igitur
2598 2888 2864 2954 dubium
2895 2903 3010 2969 est,
3038 2889 3192 2975 quin
3226 2889 3409 2954 Plato
3435 2890 3597 2962 inter
3625 2913 3730 2954 eos
3757 2889 3970 2968 fuerit,
3997 2888 4078 2953 de

2375 2993 2610 3080 quibus
2652 2991 3054 3057 Aristoteles:
3102 2999 3220 3057 τῶν
3267 2995 3331 3058 δὲ
3375 2996 3480 3061 τὰς
3524 2992 3829 3073 ἀκινήτους
3872 2993 4077 3061 οὐσίας

2377 3096 2530 3160 εἶναι
2571 3096 2879 3178 λεγόντων
2908 3098 2966 3160 οἱ
3006 3095 3119 3176 μέν
3150 3104 3306 3177 φασι
3350 3095 3492 3160 αὐτὸ
3534 3096 3603 3159 τὸ
3642 3096 3710 3160 ἓν
3739 3096 3806 3160 τὸ
3847 3096 4077 3180 ἀγαθὸν

2376 3198 2518 3266 αὐτὸ
2550 3199 2724 3263 εἶναι·
2773 3200 2988 3263 οὐσίαν
3014 3198 3220 3279 μέντοι
3260 3199 3328 3263 τὸ
3377 3200 3445 3284 ἓν
3474 3199 3653 3263 αὐτοῦ
3694 3197 3880 3285 ᾤοντο
3927 3198 4079 3264 εἶναι

2373 3301 2661 3384 μάλιστα.
2696 3302 3017 3389 (Metaph.
3052 3303 3247 3368 XIV.
3275 3325 3334 3384 4.
3368 3326 3435 3390 p.
3464 3303 3610 3382 246.
3642 3325 3734 3388 sq.
3800 3301 3976 3389 Sylb.
4009 3325 4075 3389 p.

2373 3427 2520 3492 301.
2544 3405 3255 3490 Brandis.)—Ceterum
3284 3427 3412 3491 qua
3440 3403 3677 3469 ratione
3706 3428 3804 3468 res
3830 3419 4074 3469 cunctae

2374 3533 2410 3574 e
2440 3509 2604 3573 Boni
2637 3508 2793 3573 Idea
2835 3508 3200 3597 penderent,
3248 3506 3432 3573 Plato
3475 3529 3678 3593 neque
3721 3506 3783 3569 in
3834 3505 4073 3570 Scholis

2375 3611 2521 3677 satis
2547 3626 2834 3677 accurate
2866 3610 3114 3676 videtur
3141 3624 3507 3698 persecutus
3535 3632 3681 3673 esse.
3757 3607 4070 3673 Aristote-

2375 3713 2464 3779 les
2491 3730 2658 3779 certe
2687 3714 3000 3779 notionem
3031 3719 3136 3778 τοῦ
3164 3714 3233 3778 οὗ
3265 3714 3440 3777 ἕνεκα
3474 3711 3815 3799 neglectam
3845 3735 3977 3776 esse
4005 3710 4072 3775 in

2377 3817 2700 3883 Platonica
2744 3816 3150 3905 Philosophia
3191 3815 3478 3895 affirmat,
3508 3830 3571 3880 et
3601 3813 3965 3880 Alexander
4006 3813 4073 3882 in

2377 3924 2729 3987 Comment.
2760 3920 2840 3985 de
2874 3921 3053 3984 Bono
3094 3943 3219 3984 non
3259 3933 3469 3984 actum
3501 3920 3578 3984 de
3605 3942 3679 3983 ea
3704 3918 3895 3982 fuisse
3935 3941 4069 3982 mo-

2375 4038 2501 4088 net.
2567 4024 2899 4111 (Sequitur
2930 4021 3285 4087 Aristotelis
3313 4021 3488 4087 locus
3514 4021 3577 4086 in
3609 4022 3897 4109 Metaph.
3924 4023 3982 4086 I.
4007 4024 4071 4085 6.

2374 4151 2438 4216 p.
2479 4129 2573 4192 18.
2614 4148 2678 4214 3.
2749 4125 2925 4215 sylb.
2970 4149 3031 4214 p.
3065 4148 3165 4213 23.
3197 4125 3488 4191 andis.
3522 4140 3585 4189 et
3614 4124 3965 4189 Alexandri
4007 4123 4073 4188 in

2375 4233 2613 4316 eum.)”
2658 4233 2820 4296 Haec
2847 4253 3361 4317 unumquemque
3384 4228 3605 4293 docere
3626 4243 3908 4315 possunt,
3933 4243 4075 4315 post

2378 4334 2698 4400 Platonem
2744 4349 2808 4398 et
2845 4333 3257 4398 Academicos
3298 4330 3599 4419 reliquam
3645 4330 3708 4394 in
3755 4330 3852 4394 his
3893 4353 4071 4417 quae·

2378 4437 2684 4504 stionibus
2713 4437 2793 4502 de
2820 4437 2975 4501 ideis
3004 4452 3068 4501 et
3096 4435 3176 4500 de
3209 4437 3470 4500 Summo
3498 4437 3680 4500 Bono
3707 4433 3896 4498 fuisse
3938 4457 4069 4498 am-

2376 4541 2713 4630 plissimam
2763 4539 3081 4604 materiam
3125 4539 3191 4603 in
3236 4562 3364 4625 qua
3406 4536 3760 4625 philosophi
3795 4536 4070 4601 elabora-

2378 4659 2539 4722 rent,
2568 4662 2632 4709 et
2660 4644 2724 4707 in
2754 4666 2882 4730 qua
2910 4641 3007 4707 his
3032 4640 3183 4729 ipsis
3217 4640 3392 4705 libris
3419 4640 3551 4729 ipse
3578 4639 3762 4705 etiam
3794 4638 4072 4704 elabora-

2377 4747 2469 4813 vit
2497 4746 2807 4811 Plotinus.

2399 4840 2405 4849 ’
2465 4888 2552 4898 -
2578 4869 2673 4913 10.
2722 4850 3027 4931 φωσφόρα
3067 4849 3204 4931 περὶ
3247 4847 3314 4910 τὸ
3357 4844 3681 4929 πρόσωπον
3720 4846 3930 4926 ἔθηκεν
3967 4848 4073 4927 ὅμ-

2378 4954 2567 5042 ματα]
2615 4950 2801 5016 Plato
2828 4952 2891 5015 in
2926 4951 3176 5017 Timaeo
3202 4973 3263 5037 p.
3285 4970 3391 5034 45.
3417 4972 3472 5013 a.
3492 4949 3556 5013 b.
3604 4972 3665 5036 p.
3695 4968 3802 5033 50.
3832 4947 4073 5013 Bekk.:

2381 5064 2499 5122 τῶν
2537 5058 2603 5122 δὲ
2647 5055 2919 5139 ὀργάνων
2956 5061 3189 5138 πρῶτον
3217 5054 3329 5134 μὲν
3357 5052 3660 5135 φωσφόρα
3702 5049 4074 5130 ξυνετεκτήν-

2384 5185 2528 5224 αντο
2559 5162 2812 5240 ὄμματα,
2843 5163 3043 5242 τοιᾷδε
3074 5156 3429 5237 ἐνδήσαντες
3459 5157 3635 5240 αἰτίᾳ.
3698 5153 4077 5218 Plutarchus

2383 5263 2486 5326 De
2514 5261 2672 5327 facie
2700 5261 2763 5326 in
2795 5262 2946 5326 orbe
2976 5262 3177 5325 Lunae
3205 5282 3267 5346 p.
3292 5259 3436 5343 928.
3464 5259 3568 5323 B.:
3616 5259 3818 5338 ὥσπερ
3846 5258 4079 5337 ὄμματα

2385 5365 2689 5450 φωσφόρα
2715 5371 2795 5453 τῷ
2822 5368 3119 5451 προσώπῳ
3143 5369 3248 5430 τοῦ
3273 5363 3493 5431 παντὸς
3523 5361 3890 5448 ἐνδεδεμένοι
3920 5386 4082 5444 περι-

2384 5475 2695 5535 πολοῦσιν.
2772 5469 2954 5534 Idem
2986 5468 3067 5532 de
3099 5469 3386 5532 Fortuna
3412 5489 3476 5554 p.
3504 5465 3609 5549 98.
3645 5465 3761 5528 B.=
3807 5464 3913 5528 οὐκ
3938 5466 4083 5547 ὄψις

2386 5574 2522 5638 οὐδὲ
2553 5574 2788 5653 ὄμματα
2816 5570 3120 5656 φωσφόρα
3162 5571 3350 5654 φησὶν
3376 5571 3408 5634 ὁ
3439 5566 3739 5636 Πλάτωνι
3785 5566 3869 5637 ad
3892 5590 4081 5658 quem

2508 5684 2554 5755 3
2592 5697 2638 5754 C
