5118 6613
1690 588 2164 653 ADDENDA
2210 588 2338 653 ΕΤ
2385 589 3038 656 CORRIGENDA.
3977 611 4104 680 505

695 778 754 837 Ρ.
789 777 926 818 202.
958 759 1030 819 Β.
1063 761 1147 838 (Ρ.
1179 759 1319 834 364.
1353 758 1391 818 l.
1421 778 1478 834 4,
1511 764 1593 836 5.)
1638 764 1739 820 οῦδὲ
1773 761 1891 830 ὅλως
1926 761 2132 823 ἔνευσεν.
2174 768 2265 823 οὐδ’
2292 763 2411 841 ἄρα,
2441 770 2487 822 εἰ
2521 768 2738 843 &pt-Rp&
2770 760 2890 824 elbo
2924 771 3044 824 ἐκεῖ.
3087 766 3175 821 καὶ
3211 770 3262 822 οὗ
3294 771 3507 838 μᾶλλον,
3539 770 3618 824 ἵνα
3652 768 3723 842 μὴ
3760 772 3974 844 ἀμυδρὸἔς
3997 767 4097 845 ἴδῃ,

618 855 813 934 Heigl.
833 924 863 936 ᾗ
895 857 988 916 Tu
1016 855 1127 916 vid.
1156 857 1211 914 V
1212 877 1289 915 ar.
1315 857 1478 916 Lect.
1510 872 1688 919 nostr.

693 985 775 1000 —
804 956 871 1013 C.
902 954 941 1014 1.
980 973 1070 1014 11.
1153 955 1388 1035 Corrige
1416 970 1750 1016 accentum:
1794 964 1852 1019 τί
1872 960 2124 1031 ἀναμένει.

693 1085 778 1098 -
801 1053 882 1112 D.
911 1055 995 1132 (Ρ.
1017 1051 1157 1131 365.
1186 1053 1225 1112 l.
1249 1059 1334 1128 2.)
1380 1058 1524 1112 ἀλλὰ
1549 1057 1620 1129 μὴ
1648 1056 1807 1114 εἰκόνα
1833 1061 2008 1115 ἐκείνου
2037 1052 2093 1130 (ἦ
2119 1082 2194 1123 τις
2218 1082 2264 1114 κ.
2286 1080 2337 1115 τ.
2355 1058 2438 1132 λ.)
2471 1056 2664 1137 Heigl.
2718 1055 2869 1115 Vide
2895 1056 3031 1115 Var.
3053 1057 3217 1117 Lect.
3250 1071 3423 1117 nostr.
3452 1073 3511 1118 et
3537 1059 3788 1140 corrige:
3835 1066 4024 1118 ἐκείνου.
4066 1058 4096 1130 ἥ

613 1155 671 1209 τί
712 1177 760 1210 κ.
778 1176 832 1211 τ.
851 1162 904 1211 λ.

665 1177 777 1293 ‘-
801 1248 880 1307 D.
913 1249 996 1327 (p.
1027 1250 1166 1326 367.
1194 1251 1384 1309 Oxou.
1413 1251 1451 1309 l.
1486 1254 1565 1327 2.)
1609 1253 1695 1309 καὶ
1722 1255 1782 1309 τί
1799 1256 1929 1319 ἔδεις
1962 1252 2065 1311 H.:
2124 1255 2210 1310 καὶ
2238 1253 2388 1330 τῇδεέ
2444 1254 2536 1310 Τιι
2563 1251 2674 1310 vid.
2696 1252 2836 1312 Var.
2866 1254 3033 1313 Lect.
3066 1267 3241 1313 nostr.
3272 1266 3331 1313 et
3354 1254 3536 1313 Ficin.

614 1367 750 1504 Idp.
785 1346 1017 1502 2321}
1051 1349 1134 1426 (p.
1164 1349 1301 1426 369.
1340 1348 1378 1407 l.
1415 1352 1537 1426 11.)
1582 1356 1639 1407 ἐκ
1665 1357 1748 1407 τοῦ
1774 1351 1883 1426 πρὸς
1907 1349 2354 1427 ἄνδρας-ψέγειν,
2391 1351 2495 1409 H.:
2541 1358 2599 1409 ἐκ
2625 1358 2710 1407 τοῦ
2735 1355 2844 1416 τοὺς
2869 1378 2923 1409 α.
2950 1357 3014 1424 ψ.
3051 1372 3164 1411 non
3198 1352 3361 1411 male.
3403 1352 3538 1412 Vid.
3560 1353 3695 1411 Var.
3725 1352 3889 1411 Lect.
3921 1367 4096 1411 nostr.

684 1464 795 1504 em.
890 1464 984 1524 eng
1010 1487 1024 1504 .

692 1576 775 1591 —
801 1542 839 1602 l.
868 1562 957 1621 15.
1002 1543 1162 1602 dedit
1186 1545 1276 1615 τὴν
1302 1548 1909 1616 ἐπιδημοῦσαν-ἀπάτην
1936 1564 2040 1624 pro
2066 1549 2407 1604 ἐτιδεύουσανε
2453 1566 2559 1604 nos
2586 1567 2654 1606 ex
2677 1548 2839 1606 bonis
2869 1547 3022 1605 libris
3049 1572 3100 1605 τ.
3131 1549 3417 1606 ἐπιθέουσαν
3443 1556 3498 1607 ὰ.
3552 1547 3683 1607 Vid.
3706 1550 3837 1607 Var.
3862 1550 4017 1607 Lect.
4042 1563 4099 1607 et

611 1645 830 1704 Annot.
862 1656 1039 1702 nostr.
1070 1643 1142 1701 ad
1169 1643 1226 1700 h.
1257 1642 1296 1701 l.
1381 1641 1757 1701 Praetermitto
1785 1663 1912 1721 quae
1941 1641 1997 1700 in
2027 1641 2295 1722 proximis
2324 1642 2584 1722 Heiglius
2612 1643 2854 1712 novavit,
2882 1643 3038 1702 libris
3068 1665 3184 1702 non
3214 1647 3667 1726 suffragantibus.

693 1762 750 1821 Ρ.
786 1757 920 1819 205.
951 1742 1024 1800 Β.
1059 1743 1143 1820 (Ρ.
1175 1758 1313 1817 370.
1352 1740 1389 1798 l.
1432 1743 1547 1814 10.)
1595 1741 1702 1815 τρὶς
1725 1745 1824 1816 ’γὰρ
1851 1737 1916 1797 αὖ
1942 1748 2056 1808 ταῖς
2078 1740 2264 1808 ἄλλαις
2304 1741 2441 1814 (vid.
2468 1743 2603 1800 Var.
2636 1742 2795 1800 Lect.
2827 1743 3049 1814 nomm),
3085 1742 3308 1820 Heigl.:
3355 1747 3463 1816 πρὸς
3488 1749 3587 1820 γὰρ
3614 1752 3728 1811 ταῖς
3754 1744 3940 1811 ἄλλαις
3969 1744 4099 1804 licet

613 1841 977 1900 Monacensis
1013 1840 1155 1899 liber
1187 1840 1342 1897 illam
1381 1837 1687 1897 lectionem
1725 1838 2011 1897 obtulerit.
2090 1840 2235 1897 Mox
2277 1851 2470 1897 tamen
2513 1839 2550 1897 l.
2584 1857 2671 1915 15.
2701 1839 2849 1898 idem
2892 1854 3042 1898 reete
3083 1839 3274 1898 dedit:
3328 1846 3379 1898 οὐ
3415 1848 3557 1918 κύριοι
3602 1841 3739 1913 (vid.
3771 1842 3907 1900 Var.
3942 1843 4098 1902 Lect.

614 1940 841 2015 nostr.).
922 1936 1152 1997 Deinde
1177 1956 1346 1996 vero:

689 2070 772 2082 —
797 2037 877 2096 D.
912 2038 994 2116 (p.
1024 2053 1164 2113 371.
1196 2035 1233 2093 l.
1263 2038 1345 2111 3.)
1378 2035 1621 2094 debebat
1647 2034 1797 2093 idern
1825 2055 1929 2113 pro
1957 2036 2229 2112 ἐγκετριθέν
2255 2035 2533 2115 corrigere
2561 2037 2872 2112 ἐγκετρισθέν
2901 2034 3037 2111 (vid.
3067 2037 3201 2095 Var.
3234 2037 3399 2095 Lect.
3431 2040 3638 2111 nostr.)
3654 2063 3672 2110 3
3717 2050 3776 2096 et
3805 2036 3841 2095 l.
3873 2057 3930 2113 9.
3962 2038 4098 2096 reti·

612 2155 745 2195 nere
770 2139 946 2202 ἑτιθεῒ,
977 2154 1084 2193 nec
1110 2153 1383 2213 reponere
1410 2138 1579 2191 ἑτιδεῖ.
1659 2134 1882 2192 Eodem
1912 2147 2100 2191 autem
2131 2132 2259 2193 loco
2297 2134 2356 2193 in
2386 2133 2640 2192 versione
2668 2134 2846 2193 Ficini
2879 2135 3157 2209 (column.
3193 2154 3246 2192 2.
3286 2134 3383 2192 lin.
3419 2154 3472 2194 2.
3502 2136 3640 2194 edit.
3671 2135 3890 2210 Oxon.)
3919 2136 4093 2194 corri-

610 2235 858 2315 gendum
890 2232 1141 2292 videtur:
1187 2234 1514 2307 religantur,
1544 2230 1676 2290 licet
1702 2232 1873 2290 etiam
1903 2231 1993 2289 ed.
2027 2231 2292 2310 princeps
2322 2233 2530 2291 habeat
2557 2236 2900 2308 redigantur.

692 2352 750 2411 p.
784 2333 916 2391 206.
944 2332 1022 2390 D.
1057 2331 1142 2409 (p.
1166 2347 1306 2406 373.
1337 2329 1438 2386 lin.
1463 2331 1549 2406 5.)
1621 2328 1792 2392 Quod
1823 2327 2010 2409 Heigl.
2041 2349 2145 2408 pro
2172 2336 2282 2388 ἐκεῖ
2301 2333 2384 2388 θεῖ
2403 2327 2631 2408 posuit:
2679 2334 2878 2399 ἐκεῖθεν,
2909 2349 3018 2389 nec
3043 2329 3176 2388 libri
3203 2330 3593 2409 suffragantur,
3619 2342 3677 2389 et
3705 2330 3965 2390 Plotinus
3993 2331 4101 2390 hoc

610 2431 782 2489 verbo
809 2430 1050 2509 respexit
1078 2428 1149 2486 ad
1179 2430 1291 2495 θεοὶ,
1322 2447 1354 2485 a
1384 2426 1526 2494 θεέιν,
1558 2440 1619 2485 ut
1647 2429 1901 2506 proxima
1926 2438 2172 2506 arguunt
2199 2426 2236 2484 l.
2259 2446 2412 2503 9-1
2431 2446 2452 2484 1
2474 2451 2489 2486 t
2534 2427 2707 2504 ἄστρα
2733 2427 2979 2496 δὲ-θεοὶ,
3002 2434 3054 2486 ἐν
3078 2425 3225 2494 τάξει
3248 2429 3493 2505 φερόμενα
3517 2431 3604 2486 καὶ
3630 2430 3798 2502 κόσμῳ
3821 2432 4080 2506 περιϊόντα.

693 2548 751 2607 p.
781 2545 917 2606 209.
947 2529 1015 2585 A.
1038 2528 1111 2585 Β.
1144 2525 1227 2604 (ρ.
1254 2526 1389 2601 378.
1420 2525 1460 2584 l.
1484 2545 1542 2603 9,
1575 2526 1694 2600 ιο.)
1761 2525 1957 2582 Etiam
1989 2523 2180 2605 Heigl.
2208 2545 2241 2584 e
2276 2524 2403 2583 cod.
2433 2524 2604 2582 Mon.
2634 2523 2847 2603 recepit
2884 2524 3184 2584 lectionem
3223 2529 3437 2603 πρότερον
3464 2546 3569 2605 pro
3594 2531 3784 2602 πρώτως
3814 2524 3950 2599 (vid.
3971 2526 4099 2583 Var.

611 2625 772 2686 Lect.
803 2627 1011 2705 nostr.)
1041 2624 1305 2702 idemque
1345 2623 1416 2682 ad
1447 2625 1595 2682 hunc
1621 2622 1811 2681 locum
1855 2622 1911 2680 in
1938 2622 2112 2682 Notis
2153 2621 2332 2681 multa
2372 2620 2679 2700 congessit,
2709 2641 2840 2681 cum
2878 2622 2989 2681 alia
3026 2635 3168 2692 tum,
3196 2643 3323 2701 quae
3360 2622 3482 2703 ipse
3520 2624 3589 2683 ad
3619 2623 3992 2702 Porphyrium
4031 2622 4102 2681 de

611 2724 748 2783 Vita
773 2722 988 2783 Plotini
1016 2723 1291 2801 liuJusque
1319 2722 1623 2780 Enneadas
1652 2740 2043 2799 apposueram.
2125 2719 2387 2779 Proxima
2413 2744 2426 2777 :

689 2855 773 2868 —
799 2822 839 2881 l.
876 2821 1128 2898 13—16.
1169 2820 1249 2878 ita
1277 2819 1535 2879 videntur
1560 2818 2017 2899 interpungenda
2043 2837 2165 2878 esse
2187 2842 2200 2877 ε
2246 2820 2470 2895 λέγοντες
2499 2818 2667 2894 (πλέον
2691 2822 2992 2895 γὰρ-ἄλλ’
3019 2820 3500 2894 ἀπαυθαδιζομένων)
3531 2825 3705 2877 ταῦτα
3730 2819 4005 2895 εἴρῆκαμεν.

689 2953 773 2966 -
798 2921 874 2982 Ε.
906 2921 989 2998 (p.
1022 2935 1158 2996 379.
1186 2918 1226 2976 l.
1268 2920 1387 2990 12.)
1420 2917 1637 2997 corrige
1662 2916 1693 2987 ἢ
1718 2918 1762 2988 ὅ,
1790 2942 1842 2974 τι
1869 2921 2113 2990 δνομᾶζειν
2140 2917 2350 2975 θέλουσι.

693 3039 750 3098 Ρ.
787 3037 923 3078 210.
952 3017 1029 3076 D.
1064 3018 1145 3095 (Ρ.
1177 3017 1317 3091 381.
1356 3014 1395 3074 l.
1429 3017 1512 3092 5.)
1557 3020 1639 3073 διὰ
1673 3016 1730 3072 τί
1758 3016 1809 3073 δὲ
1844 3022 2024 3091 πρῢτον
2049 3022 2175 3091 πῧρς
2222 3013 2412 3094 Heigl.
2446 3014 2598 3072 hunc
2623 3012 2815 3073 locum
2853 3013 2934 3072 ita
2971 3014 3428 3082 πιυῐανὶῐε-τός
3452 3015 3482 3085 ἦ
3508 3015 3717 3085 ποιήσας
3742 3022 3824 3072 τοῦ
3850 3018 3940 3082 τί;
3981 3022 4023 3047 “
4045 3015 4103 3071 τὶ

610 3121 669 3175 τί
685 3117 778 3193 μὲν
802 3118 1166 3194 «ρῦτω-διὰ
1191 3118 1248 3173 τί
1269 3116 1320 3172 δὲ
1345 3121 1525 3191 πρῶτον
1550 3114 1607 3171 τὶ
1632 3115 1690 3170 τί
1703 3111 1941 3183 ;'‘-sed
1969 3129 2076 3171 nec
2101 3111 2233 3171 libri
2264 3131 2399 3171 mss.
2431 3131 2536 3171 nec
2566 3111 2799 3171 Ficinus
2834 3111 2888 3170 ei
2929 3112 3230 3172 mutationi
3258 3111 3704 3190 patrocinantur,
3736 3111 3884 3172 sicut
3913 3131 4015 3172 nec
4042 3112 4099 3170 in

612 3214 978 3293 sequentibus
1007 3233 1130 3292 cap.
1162 3232 1183 3271 1
1200 3231 1251 3272 2.

695 3334 753 3391 p.
790 3331 924 3372 211.
951 3312 1021 3371 B.
1058 3315 1142 3391 (p.
1173 3312 1309 3386 382.
1347 3309 1383 3368 l.
1419 3311 1535 3386 ¹3·)
1580 3311 1671 3381 τὴν
1696 3313 1864 3388 φοράν.
1907 3308 2129 3389 Heigl.:
2188 3311 2279 3379 τὴν
2315 3312 2550 3388 διαφορὰν
2587 3321 2651 3367 ut
2686 3308 2775 3367 ed.
2809 3306 2980 3367 Basil.
3020 3309 3080 3366 in
3117 3320 3314 3381 textu;
3363 3309 3528 3368 male.
3584 3308 3741 3381 (vid.
3776 3309 3905 3367 Var.
3938 3309 4100 3367 Lect.

612 3414 817 3489 nostr.)
4105 3414 4113 3423 '

691 3542 775 3556 —
799 3511 873 3569 Ε.
907 3511 992 3587 (Ρ.
1018 3509 1154 3585 383.
1184 3507 1222 3567 l.
1246 3508 1335 3586 9.)
1367 3514 1448 3565 οὒκ
1473 3502 1529 3577 ἦν
1555 3510 1711 3577 δῆλον,
1739 3506 1833 3572 ὅτι.
1862 3506 1973 3563 ὅπου
1997 3505 2059 3562 ἄν
2084 3504 2292 3573 ἔνευσεν,
2323 3505 2401 3562 H.
2425 3526 2438 3560 ε
2483 3509 2566 3560 οὔκ
2592 3498 2648 3573 ἦν
2674 3502 2884 3571 δηλονότι
2907 3501 2990 3560 ὅτε
3016 3507 3098 3558 οὐκ
3124 3500 3378 3560 ἀνίνευσεν
3409 3501 3532 3575 (Sed
3559 3501 3670 3561 vid.
3693 3503 3830 3562 ναΐ.
3852 3503 4015 3561 Lect.
4044 3516 4104 3562 et

613 3609 830 3667 Annot.
861 3610 1090 3688 nostr.).
1171 3606 1333 3664 Idem
1366 3617 1556 3663 tamen
1585 3602 1840 3682 proxime
1865 3615 2019 3661 recte
2046 3600 2238 3659 dedit:
2284 3604 2371 3670 τῆς
2396 3604 2613 3669 νεύσεως,
2643 3598 2796 3676 quod
2826 3597 2948 3676 ipse
2974 3597 3124 3668 dedi,
3153 3619 3259 3679 pro
3287 3598 3486 3658 vitioso
3516 3604 3600 3670 τῆς
3625 3603 3882 3668 ἀνεῦσεως.

693 3725 750 3783 Ρ.
787 3724 920 3764 212.
950 3706 1021 3762 Ε.
1056 3703 1140 3783 (Ρ.
1171 3705 1311 3779 385.
1354 3702 1395 3760 l.
1433 3702 1551 3774 10.)
1597 3706 1747 3758 εἰπεῖν
1771 3701 1886 3757 ταδὶ
1910 3700 1997 3756 καὶ
2024 3701 2198 3755 οὑτωσὶ
2222 3698 2373 3770 μέλη,
2403 3697 2510 3754 H.:
2570 3694 2705 3753 ἔδειν
2740 3699 2821 3754 ὁδὶ
2857 3698 2943 3753 καὶ
2980 3698 3061 3754 &Bi
3089 3698 3236 3771 μέλη,
3265 3696 3422 3755 libris
3458 3697 3906 3775 refmgantib1183
3950 3697 4102 3756 idem

613 3813 804 3860 tamen
826 3798 1079 3878 proxime
1109 3811 1258 3857 recte
1281 3802 1638 3876 προσπνεύσεις,
1663 3797 1745 3854 uti
1772 3807 1831 3853 et
1855 3797 1978 3874 ipse
2004 3813 2368 3852 correxeram.
2426 3793 2587 3852 Idem
2616 3792 2871 3871 proxime
2900 3793 3108 3862 locum,
3134 3812 3304 3872 quem
3326 3813 3436 3873 ego
3464 3795 3793 3853 lacunosum
3824 3793 4101 3873 suspicor,

611 3898 692 3958 ita
728 3896 999 3957 mutavit:
1044 3902 1089 3955 εἷ
1123 3896 1175 3954 δὲ
1213 3897 1285 3970 μὴ
1321 3903 1481 3963 τοῦτο,
1510 3899 1655 3952 ἀλλά
1687 3918 1786 3959 πως
1815 3900 1998 3970 φωναῖς
2034 3895 2106 3950 τὰ
2142 3892 2431 3966 σεμνότατα
2466 3897 2527 3959 ὥς
2563 3888 2654 3948 οἶόν
2687 3915 2766 3962 τε,
2795 3894 2899 3960 οἵοις
2925 3895 3230 3969 σεμνοτέροις
3256 3899 3417 3950 αὐτῶν
3442 3897 3550 3959 τοὺς
3576 3894 3743 3968 λόγους
3767 3900 3949 3950 ποιοῦσι
3973 3897 4102 3970 φαί-

610 4001 782 4056 νεσθαι
808 4023 857 4056 κ.
873 4021 925 4054 τ.
943 4006 995 4054 λ.

693 4115 751 4174 p.
787 4111 924 4169 213.
954 4093 1025 4152 B.
1061 4093 1146 4171 (p.
1177 4090 1316 4168 386.
1344 4090 1382 4149 l.
1413 4091 1534 4165 13.)
1599 4088 1793 4148 Etiam
1824 4086 2015 4168 Heigl.
2046 4087 2235 4147 dedit:
2275 4087 2354 4145 ὅτι
2379 4088 2615 4165 ἐτρέφετο
2641 4090 2728 4145 ὑπὸ
2755 4091 2841 4158 τῆς
2866 4088 3037 4145 νόσους
3090 4086 3227 4163 (vid.
3250 4088 3381 4145 Var.
3416 4088 3576 4147 Lect.
3608 4090 3812 4162 nostr.)

691 4225 776 4238 —
800 4192 881 4251 D.
916 4192 996 4269 (p.
1027 4191 1165 4267 387.
1202 4189 1302 4247 liu.
1332 4189 1417 4261 6.)
1477 4186 1819 4267 Distingue:
1863 4192 2173 4258 ἐνδείκνυται,
2202 4188 2259 4244 τὸ
2285 4189 2458 4260 σεμνὸν
2484 4192 2536 4243 οὐ
2570 4188 2629 4245 τὸ
2663 4188 2871 4253 αὔθαδες
2894 4211 2955 4261 μ.
2986 4184 3068 4244 uti
3099 4184 3288 4265 Heigl.
3318 4184 3471 4254 fecit,
3500 4184 3592 4245 cui
3634 4185 3692 4242 in
3736 4183 3964 4262 reliquis
4002 4204 4105 4243 cur

615 4312 732 4352 non
760 4290 1053 4361 assentiar,
1085 4288 1313 4346 docebit
1339 4288 1637 4345 annotatio
1668 4305 1795 4344 mea
1822 4286 1880 4342 in
1909 4285 1966 4342 h.
1997 4284 2036 4343 1.

695 4413 756 4472 p.
791 4408 924 4464 214.
957 4389 1025 4447 B.
1057 4384 1142 4467 (p.
1168 4385 1305 4462 388.
1344 4385 1381 4444 l.
1419 4387 1537 4462 15.)
1608 4385 1801 4443 Etiam
1831 4382 2025 4463 Heigl.
2055 4381 2211 4441 dedit
2244 4383 2395 4440 καλὸν
2431 4401 2535 4460 pro
2562 4389 2715 4440 καλοῦ
2746 4381 2882 4455 (vid.
2903 4380 3039 4438 Vsr.
3069 4381 3233 4440 Lect.
3267 4394 3439 4439 nostr.
3471 4392 3591 4439 not.
3624 4396 3716 4458 15,
3743 4380 3803 4438 in
3831 4400 3944 4459 qua
3970 4379 4010 4438 l.
4040 4393 4101 4453 4.

615 4488 973 4549 scribendum
1003 4498 1090 4545 est
1119 4505 1284 4562 quam
1312 4503 1415 4562 pro
1444 4502 1627 4559 quum.

693 4619 777 4633 -—
803 4586 872 4645 C.
906 4587 988 4663 (p.
1021 4585 1158 4661 389.
1189 4582 1226 4640 l.
1255 4584 1341 4661 9.)
1385 4588 1470 4639 τοῦ
1497 4581 1615 4649 θείς.
1660 4580 1743 4639 Η.
1775 4599 1906 4639 cum
1934 4579 2074 4640 edit.
2103 4577 2279 4638 Basil.
2307 4585 2392 4635 τοῦ
2420 4581 2544 4644 θεοῦ,
2577 4576 2674 4634 sed
2700 4576 2816 4634 vid.
2838 4575 2971 4633 Var.
3001 4575 3163 4634 Lect.
3193 4588 3371 4633 nostr.

693 4718 777 4731 —
803 4685 879 4743 D.
909 4684 947 4742 l.
980 4701 1069 4757 14.
1102 4698 1190 4757 15.
1250 4678 1445 4759 Helgl.
1482 4680 1568 4736 καὶ
1602 4681 1702 4755 γὰρ
1737 4685 1835 4744 πᾶς
1866 4678 2010 4744 κακὸς
2046 4677 2462 4753 καταφρονήσειεν
2493 4673 2557 4732 ἄν
2595 4679 2730 4743 oce»,
2758 4676 2847 4733 erui
2883 4676 2953 4746 μὴ
2987 4676 3071 4750 πρὸ
3111 4682 3195 4731 τοῦ
3231 4678 3608 4754 καταφρονῆσαι
3645 4677 3918 4749 πάγκακος,
3950 4676 4034 4729 καὶ
4062 4680 4105 4730 εἰ

613 4780 794 4839 τᾶλλα
817 4784 888 4856 μὴ
914 4785 1086 4839 πάντα
1109 4780 1256 4845 κακὸς
1281 4775 1371 4848 εἴη,
1400 4783 1537 4850 αὐτᾷ
1562 4780 1716 4849 τούτῳ
1743 4772 1805 4833 ἂν
1830 4773 2033 4851 tymni<
2057 4772 2151 4844 εἴη.
2234 4774 2372 4831 Non
2405 4773 2568 4832 male.
2630 4772 2750 4849 (Cf.
2771 4773 2904 4830 Var.
2934 4771 3128 4847 Lect.)

695 4899 754 4958 Ρ.
788 4894 925 4955 215.
956 4879 1026 4937 Ε.
1060 4881 1144 4956 (Ρ.
1175 4895 1314 4952 391.
1355 4874 1393 4932 l.
1433 4892 1520 4950 15.
1550 4875 1705 4951 sqq.)
1748 4878 1851 4947 οὐχ’
1879 4873 2194 4943 ἦσθῆσεταις
2237 4875 2383 4948 οἷπερ,
2411 4877 2500 4944 οὔχ
2534 4874 2698 4944 ὁμοίως
2731 4873 2804 4927 τὰ
2838 4873 2977 4927 αὐτὰ
3008 4869 3134 4944 (οὐδὲ
3173 4875 3224 4926 ἐν
3260 4877 3376 4937 ταῖς
3397 4875 3581 4948 φωναῖς
3611 4867 3714 4924 οὐδὲ
3751 4871 3809 4925 δι’
3836 4869 4100 4942 ὀμμάτων)

613 4978 701 5045 τῆς
725 4975 899 5050 τέχνης
924 4974 1351 5046 βλέποντες-καὶ
1387 4979 1617 5038 κινοῦντες
1643 4976 1685 5028 οἵ
1720 4972 1906 5047 ἔρωτες.
1937 4968 2128 5049 Heigl.
2210 4968 2305 5027 Tu
2334 4967 2441 5027 vid.
2463 4969 2599 5027 Var.
2626 4967 2792 5026 Lect.
2823 4979 3003 5026 nostr.
3089 4967 3232 5026 Mox
3269 4966 3424 5026 idem
3464 4961 3550 5044 (p.
3582 4980 3719 5042 395.
3751 4964 3790 5025 l.
3822 4967 3927 5042 5):
3971 4991 4104 5036 κινη.

616 5074 825 5144 θήσεται
854 5091 957 5151 pro
984 5072 1259 5141 κινήσεται,
1288 5081 1354 5127 ut
1380 5069 1427 5126 F
1427 5067 1629 5127 icinus.

694 5202 778 5216 —
802 5170 869 5228 F.
907 5170 992 5247 (p.
1022 5186 1160 5245 392.
1194 5169 1232 5226 l.
1259 5168 1345 5244 9.)
1388 5163 1469 5224 οἷα
1494 5170 1590 5242 ἀφ’
1620 5168 1741 5232 οἵων,
1773 5166 1883 5223 H.:
1928 5162 2009 5222 οἶα
2037 5168 2153 5222 θεῢν
2184 5163 2307 5237 (sed
2338 5160 2449 5221 vid.
2473 5163 2609 5220 Var.
2642 5162 2804 5221 Lect.
2835 5162 3040 5237 nostr.)

697 5289 753 5349 p.
774 5265 907 5326 216.
926 5268 998 5324 Α.
1033 5268 1116 5346 (Ρ.
1132 5283 1269 5342 392.
1287 5264 1326 5323 l.
1356 5263 1473 5338 16.)
1521 5262 1719 5342 Heigl.
1761 5269 1826 5330 εἷς
1854 5266 2123 5322 διάστασιν
2148 5269 2528 5339 προαγαγοῦσαν
2559 5262 2648 5336 (ὥς
2672 5262 2732 5318 τὸ
2765 5264 2970 5338 μέγεθος
2993 5269 3079 5319 τοῦ
3113 5260 3362 5338 γενομένω
3394 5266 3467 5333 τῷ
3496 5259 3694 5336 μεγέθει
3732 5264 3907 5336 ἀμερεῒ
3927 5265 4000 5331 τᾷ
4022 5265 4107 5316 ro&

614 5369 1142 5445 ταραδείγματος-ἑν
1165 5360 1342 5438 ὄγκῳ).

694 5496 781 5509 -
803 5464 878 5521 Β.
914 5463 997 5541 (Ρ.
1028 5477 1165 5537 393.
1195 5460 1234 5518 l.
1267 5462 1351 5536 7.)
1394 5465 1619 5517 τοσοῦτον
1644 5458 1843 5525 διδόντες
1867 5464 1933 5535 τῇ
1958 5464 2043 5514 τοῦ
2069 5457 2251 5530 κόσμον
2275 5461 2418 5534 ψυχῇ
2441 5459 2701 5529 δυνάμεως.

699 5582 755 5641 p.
790 5578 923 5638 217.
947 5560 1015 5617 C.
1050 5558 1140 5638 (p.
1171 5573 1310 5635 395.
1338 5556 1378 5615 l.
1416 5575 1439 5615 1
1458 5558 1535 5630 1.)
1581 5556 1663 5615 H.
1705 5554 1790 5624 ἕως
1814 5553 1880 5614 οἲν
1904 5555 2026 5625 ἥκοι,
2055 5566 2115 5613 et
2139 5553 2268 5613 vide
2296 5555 2615 5634 proximum
2643 5556 2877 5624 δεήσοιτο.

742 5679 932 5734 vol..
971 5677 1096 5732 111.
2593 5657 2638 5723 3
2673 5671 2725 5723 'r
