5118 6613
1104 508 1228 575 206

1074 678 1411 766 relinquat,
1444 700 1764 764 nunquam
1799 692 2003 742 tamen
2034 679 2115 743 ab
2144 678 2313 743 omni
2342 701 2598 766 prorsus
2636 702 2770 742 cor-

1077 806 1231 869 pore
1260 797 1610 871 separatum
1641 781 1776 859 iri,”
1803 780 2126 845 immemor
2164 781 2258 846 sit.
2353 780 2630 846 Proinde
2670 803 2770 844 re-

1079 885 1312 973 fragari
1368 885 1732 973 praeceptori
1794 908 1908 948 suo
1975 883 2159 948 etiam
2224 883 2646 973 Porphyrium
2708 883 2770 945 in

1084 991 1285 1053 Sentt.
1340 1012 1403 1075 p.
1442 1006 1585 1072 232.
1668 985 1916 1051 Plotino
1963 985 2392 1073 patrocinatur
2433 985 2666 1050 ibidem
2706 985 2767 1049 in

1076 1104 1318 1156 annott.
1351 1088 1762 1165 MoshemiuS,
1794 1089 1902 1176 qui
1935 1105 1998 1153 et
2043 1088 2163 1153 alia
2200 1104 2263 1153 et
2309 1089 2478 1153 haec:
2530 1097 2574 1127 “
2604 1090 2770 1152 Duae

1079 1194 1272 1280 igitur
1299 1193 1461 1257 inter
1496 1191 1871 1269 Platonicos»,
1903 1191 2041 1255 haec
2083 1192 2133 1254 si
2177 1191 2459 1256 absolute
2489 1204 2768 1279 specten-

1077 1311 1179 1359 tur
1223 1294 1435 1372 verba,
1467 1294 1726 1358 fuerunt
1770 1293 1885 1358 hac
1928 1294 2007 1357 de
2053 1317 2120 1357 re
2168 1294 2508 1381 opiniones,
2601 1294 2764 1358 Nam

1076 1420 1272 1485 quum
1303 1396 1496 1485 aliqui
1542 1397 1809 1461 animam
1856 1420 2113 1485 corpore
2155 1397 2553 1462 excedentem
2598 1396 2768 1461 omni

1056 1485 1259 1587 ‘plane
1301 1523 1558 1587 corpore
1587 1498 1813 1564 vellent
1859 1500 2030 1579 exui,
2071 1499 2172 1564 alii
2219 1523 2254 1564 e
2296 1499 2606 1565 contrario
2649 1500 2763 1564 ali-

1072 1603 1246 1691 quod
1295 1617 1497 1667 tamen
1558 1625 1785 1689 corpus
1835 1602 2059 1666 animae
2104 1625 2347 1690 semper
2396 1601 2762 1688 adjunctum

1073 1729 1344 1783 manere,
1369 1705 1610 1770 tametsi
1644 1719 1954 1770 terrenum
1989 1706 2107 1770 hoc
2136 1722 2198 1770 et
2226 1729 2305 1769 ex
2345 1728 2552 1769 rerum
2588 1722 2761 1770 natu-

1073 1810 1294 1875 ralium
1326 1807 1517 1872 initiis
1544 1824 1900 1873 concretum
1942 1832 2170 1896 corpus
2207 1808 2570 1895 deponeret,
2599 1808 2759 1872 exis-

1072 1913 1397 1978 timabant.
1484 1912 1633 1998 Ipse
1685 1911 1975 1975 Plotinus
2033 1911 2238 1975 neutri
2293 1910 2542 1974 videtur
2587 1935 2759 1975 acce-

1071 2015 1218 2079 dere
1267 2012 1527 2077 voluisse
1555 2013 1824 2078 familiae.
1921 2013 2043 2078 Sed
2088 2014 2395 2078 aberrabit
2431 2030 2660 2091 tamen,
2693 2030 2761 2079 ut

1069 2117 1376 2193 existimo,
1405 2139 1444 2180 a
1472 2117 1775 2181 sententia
1805 2117 2133 2181 verborum
2178 2116 2431 2192 Plotini,
2462 2116 2572 2203 qui
2602 2117 2761 2181 hanc

1069 2220 1187 2285 illis
1215 2220 1339 2284 vim
1374 2220 1678 2284 tribuerit.
1744 2220 2169 2284 Conveniebat
2192 2219 2355 2283 inter
2374 2242 2588 2283 omnes
2614 2218 2758 2283 Pla·

1067 2322 1323 2403 tonicOS,
1370 2322 1637 2387 animam
1690 2321 1914 2387 caelesti
1962 2322 2236 2409 quodam
2280 2345 2539 2410 corpore
2580 2322 2760 2386 vesti-

1067 2443 1191 2492 tam
1224 2437 1466 2514 semper
1494 2450 1647 2500 esse,
1678 2424 1785 2490 tali
1814 2448 2072 2513 corpore
2097 2426 2357 2489 cinctam
2389 2424 2451 2487 in
2476 2423 2593 2488 hoc
2615 2447 2758 2488 con-

1066 2545 1302 2594 cretum
1333 2552 1560 2614 corpus
1588 2527 1982 2607 descendere,
2010 2527 2165 2592 illud
2199 2528 2401 2616 ipsum
2444 2526 2760 2590 disceden-

1066 2648 1187 2697 tem
1234 2632 1380 2696 inde
1420 2654 1636 2695 rursus
1683 2631 1950 2694 auferre.
2039 2632 2211 2700 Quid
2265 2654 2415 2717 ergo
2458 2630 2576 2694 sibi
2624 2632 2760 2695 vult

1068 2734 1527 2823 philosophus?
1575 2732 1839 2797 Videtur
1886 2733 2034 2797 mihi
2081 2733 2159 2798 de
2198 2757 2272 2797 eo
2322 2755 2581 2819 corpore
2628 2748 2761 2796 tan-

1068 2853 1203 2902 tum
1264 2836 1461 2923 loqui,
1505 2835 1677 2921 quod
1726 2839 1975 2900 εἴδωλον
2017 2836 2324 2900 vocabant
2381 2835 2759 2922 philosophi,

1068 2962 1252 3026 quem
1295 2938 1471 3016 dicit,
1511 2937 1812 3024 quosdam
1860 2937 2231 3010 existimare,
2277 2938 2542 3000 animam
2593 2960 2755 3000 nun-

1067 3064 1259 3128 quam
1287 3064 1544 3128 corpore
1565 3063 1820 3127 prorsus
1850 3040 2092 3105 liberari
2125 3055 2187 3104 et
2217 3039 2430 3104 solvi.''

1139 3168 1202 3231 p.
1224 3147 1373 3228 694,
1398 3163 1462 3228 9.
1486 3148 1608 3222 Τῆς
1626 3145 1738 3222 μὲν
1761 3145 1866 3207 οὖν
1890 3145 2141 3211 ἐοικυίας
2161 3147 2231 3223 τῇ
2253 3146 2488 3228 ἐμφυτῷ
2510 3143 2755 3229 μεγάλῳ

1068 3251 1427 3331 ψυχῇ-τῆς
1453 3250 1654 3330 ψυχῆς
1680 3250 1785 3310 τοῦ
1816 3246 2090 3335 παντός.]
2141 3248 2338 3310 Recte
2383 3245 2623 3310 uncinis
2658 3245 2754 3310 in·

1066 3350 1250 3415 clusit
1296 3348 1539 3438 Taylor
1588 3347 1693 3413 illa
1737 3348 1799 3412 in
1838 3347 2116 3412 versione
2165 3348 2364 3412 Ficini
2416 3348 2513 3412 ed.
2567 3348 2752 3412 Basil.

1069 3461 1112 3492 “
1142 3453 1452 3540 gubernat
1481 3450 1781 3538 plantam,
1818 3448 1920 3535 [id
1956 3461 2048 3515 est
2087 3453 2253 3515 sicut
2291 3453 2362 3513 in
2394 3451 2757 3515 vulneribus

1068 3577 1307 3620 vermes
1349 3554 1708 3642 oriuntur]
1766 3555 2022 3618 Poterat
2070 3577 2142 3617 ea
2180 3553 2495 3641 jugulare,
2530 3567 2601 3617 ut
2649 3576 2758 3616 nos

1063 3657 1343 3722 fecimus.
1433 3658 1658 3743 Neque
1688 3655 1850 3719 enim
1882 3672 2242 3743 comparent
2277 3657 2342 3720 in
2373 3655 2546 3720 Edit.
2580 3655 2753 3743 prin-

1061 3761 1198 3848 cipe
1245 3758 1517 3824 Florent.
1561 3779 1740 3842 1492.
1795 3783 1997 3846 neque
2034 3759 2297 3846 proinde
2337 3758 2535 3823 Ficini
2584 3774 2753 3822 sunt.

1065 3864 1375 3928 Caeterum
1408 3863 1469 3925 in
1504 3862 1744 3926 Graecis
1771 3886 2026 3949 quoque
2055 3861 2155 3926 hic
2195 3864 2368 3926 locus
2411 3860 2757 3925 salebrosus

1063 3982 1176 4030 est.
1269 3964 1441 4028 Libri
1500 3966 1696 4027 MSS.
1749 3987 1869 4028 non
1925 3964 2192 4028 multum
2247 3963 2385 4051 opis
2437 3978 2751 4049 praestaut.

1066 4067 1523 4154 Disputationis
1554 4088 1798 4129 summa
1820 4080 2024 4130 tamen
2056 4068 2201 4131 satis
2230 4066 2444 4153 liquet.
2511 4067 2755 4132 Plantae

1064 4169 1428 4255 arborisque
1469 4168 1800 4255 imaginem
1849 4192 2038 4256 supra
2075 4193 2138 4256 p.
2175 4188 2321 4252 277.
2360 4171 2433 4232 B.
2465 4171 2543 4234 C.
2581 4194 2758 4234 usur-

1064 4287 1175 4360 pat
1207 4272 1618 4360 philosophus
1643 4287 1870 4349 noster,
1903 4287 1988 4350 et,
2031 4271 2094 4334 in
2136 4271 2543 4336 consimiliore
2572 4272 2756 4336 etiam

1064 4389 1456 4462 argumente,
1498 4397 1560 4462 p.
1592 4392 1739 4459 351.
1778 4375 1855 4437 F.
1927 4373 2187 4466 Ibidem⁸
2207 4397 2266 4460 p.
2287 4394 2435 4458 350.
2479 4375 2556 4438 F.
2593 4376 2759 4438 vocis

1065 4476 1526 4541 similitudinem
1571 4476 1801 4562 pariter
1839 4477 2022 4541 etiam
2069 4475 2380 4553 adhibuit,
2411 4491 2602 4562 atque
2629 4474 2752 4538 h.l.

1066 4579 1527 4644 similitudinem
1560 4578 1828 4643 luminis,

1148 4721 1237 4733 —
1285 4703 1385 4762 14.
1432 4683 1527 4745 καὶ
1570 4687 1697 4749 ταῖς
1743 4685 2047 4762 μεριμναῖς
2089 4681 2235 4762 πρὸς
2275 4685 2355 4766 τῷ
2401 4685 2565 4766 φυτῷ
2622 4682 2753 4763 γίγ-

1066 4786 1258 4873 νοιτο]
1307 4783 1613 4847 Dedimus
1654 4783 1801 4866 πρὸς
1844 4782 1979 4847 loco
2021 4782 2474 4869 praepositionis
2511 4783 2647 4865 πρὸ,
2678 4806 2754 4846 ex

1063 4887 1302 4973 aliquot
1344 4885 1517 4950 libris
1546 4886 1792 4960 nostriS,
1826 4902 1888 4950 et
1938 4883 2219 4970 proxime
2263 4884 2566 4970 legimus:
2613 4885 2758 4965 πρὸς

1066 4990 1311 5055 ἐκείνοις
1361 4987 1532 5061 εἶναι,
1581 4987 1727 5069 πρὸς
1772 4989 1859 5054 οῖς
1910 4989 2095 5060 ἐστιν,
2138 5004 2240 5050 et:
2289 4985 2434 5067 πρὸς
2480 4992 2609 5053 ταῖς
2653 4992 2760 5050 τοῦ

1065 5094 1336 5172 σώματος
1364 5092 1697 5173 θεραπείαις
1725 5093 1912 5164 ὄντος,
1944 5089 2218 5175 itemque
2246 5088 2392 5170 πρὸς
2420 5093 2499 5174 τῷ
2530 5090 2759 5168 σώματι

1066 5195 1236 5258 εἶναι.
1329 5194 1450 5256 Est
1490 5192 1684 5279 igitur
1713 5209 1921 5256 noster
1949 5191 2142 5265 locus,
2175 5192 2222 5255 si
2252 5191 2394 5278 quis
2423 5192 2605 5269 alius»,
2636 5192 2757 5256 fre-

1064 5319 1267 5382 quens
1296 5295 1489 5381 hujus
1513 5293 1990 5359 constructionis
2036 5317 2171 5358 usu.
2262 5293 2504 5358 Eadem
2554 5293 2756 5359 utitur

1062 5398 1239 5462 Plato
1270 5397 1543 5462 Phaedro
1587 5421 1649 5484 p.
1688 5415 1832 5479 249.
1870 5398 1984 5461 C.:
2033 5396 2180 5479 πρὸς
2222 5400 2337 5480 γὰρ
2384 5399 2630 5464 ἐκείνοις
2660 5398 2761 5462 ἀεί

1061 5502 1191 5565 ἐστι
1232 5500 1427 5580 μνήμῃ
1475 5499 1592 5583 (ita
1648 5498 2003 5564 Schleierm.
2072 5498 2284 5587 Vulgo
2327 5499 2545 5580 μνήμη.
2606 5499 2751 5563 Vid.

2074 505 2900 572 ANNOTATIONES
2967 506 3077 570 IN
3143 507 3587 572 PLOTINI

2860 677 3120 743 Heindf.
3171 702 3237 766 p.
3292 681 3436 743 160.
3487 695 3550 744 et
3606 680 3660 746 ei
3713 679 3935 744 rationi
3979 680 4359 767 suffragatur
4410 683 4543 770 ipse

2859 798 3064 845 noster
3101 781 3300 864 locus)
3342 786 3489 847 κατὰ
3532 786 3796 863 δύναμιν.
3888 782 4067 847 Idem
4112 783 4174 847 in
4221 784 4541 850 Phaedone

2858 906 2922 970 p.
2958 885 3061 964 84.
3092 908 3183 947 c.:
3235 888 3330 947 καὶ
3360 885 3533 952 αὐτός
3569 911 3635 949 τε
3675 885 3820 967 πρὸς
3848 890 3927 971 τῷ
3959 885 4240 972 εἰρημένῳ
4269 890 4434 973 λόγῳ
4463 890 4537 969 ἦν

2858 989 2890 1049 ὁ
2922 986 3263 1067 Σωκράτηςε
3314 986 3515 1073 “ipse
3559 987 3803 1051 defixus
3845 1004 3978 1053 erat
4019 988 4081 1053 in
4126 1012 4365 1064 eorum,
4395 1014 4540 1078 quae

2855 1088 3172 1177 disputata
3216 1106 3413 1166 erant,
3447 1089 4046 1177 contemplatione-:⁵³
4088 1091 4251 1157 sive:
4302 1101 4344 1132 “
4373 1095 4533 1181 ipse-

2854 1214 2980 1277 que
3010 1190 3280 1255 habitam
3313 1190 3792 1278 disputationem
3843 1208 4048 1257 mente
4076 1217 4282 1258 secum
4310 1196 4541 1283 cogita-

2854 1293 3023 1358 bat.”
3068 1294 3169 1358 Cf.
3207 1294 3543 1381 Wyttenb.
3582 1295 3661 1359 ad
3704 1293 3825 1359 h.l.
3872 1320 3932 1383 p.
3969 1316 4115 1382 223.
4162 1312 4224 1361 et
4270 1299 4531 1365 Heindf.

2853 1420 2914 1484 p.
2956 1416 3095 1461 122.
3164 1397 3314 1460 Alia
3342 1397 3627 1485 exempla
3654 1396 3932 1463 laudavit
3959 1398 4039 1462 ad
4073 1398 4205 1463 haec
4233 1399 4540 1466 simillima

2853 1499 3174 1565 Plutarchi
3217 1499 3296 1564 de
3337 1513 3488 1563 rect.
3534 1500 3685 1564 aud.
3728 1518 3843 1565 rat.
3874 1524 3938 1587 p.
3969 1522 4075 1582 40.
4112 1506 4215 1566 A:
4265 1504 4409 1584 πρὸς
4437 1507 4532 1569 οὗ·

2852 1603 2978 1667 δενὶ
3015 1609 3131 1666 τῶν
3161 1602 3480 1685 εἰρημένων
3525 1605 3714 1667 οὖσαν
3747 1605 4082 1689 Wyttenb.
4121 1605 4180 1668 in
4220 1606 4529 1673 Animad-

2852 1728 3039 1769 νει-33.
3074 1729 3137 1792 p.
3169 1724 3312 1790 330.
3403 1706 3608 1769 Nemo
3635 1728 3784 1770 vero
3822 1707 4018 1792 magis
4046 1706 4392 1773 delectatur
4423 1710 4535 1776 hac

2850 1807 3325 1882 constructione,
3370 1831 3559 1894 quam
3614 1807 4049 1874 Philostratus,
4145 1810 4246 1875 Sic
4300 1828 4370 1877 ut
4420 1813 4533 1880 hoc

2853 1924 3013 1986 utar,
3049 1910 3129 1974 de
3163 1910 3288 1973 Vit.
3321 1908 3617 1996 Apollon.
3652 1913 3728 1974 V.
3761 1932 3870 1997 31.
3902 1935 3966 1998 p.
4002 1932 4147 1997 213.
4180 1913 4427 1980 Olear.:
4475 1922 4535 1982 οἱ

2849 2015 2913 2077 δὲ
2944 2013 3327 2096 ἐγρηγορέναι
3348 2038 3412 2077 τε
3443 2014 3622 2077 αὐτὸν
3648 2014 3836 2078 πάλαι
3860 2016 4064 2096 (abest
4090 2016 4277 2081 πάλαι
4304 2042 4343 2083 a
4372 2020 4530 2084 Cod.

2851 2114 3217 2180 Schellersh.
3264 2115 3369 2178 sed
3407 2133 3570 2180 recte
3612 2116 3896 2181 additum
3942 2142 3981 2182 a
4024 2118 4299 2183 doctiore
4341 2144 4527 2187 manu

2847 2218 3145 2301 secunda)
3172 2219 3411 2301 ἔφασαν
3443 2220 3536 2283 καὶ
3564 2218 3708 2300 πρὸς
3729 2222 4071 2289 ἐπιστολαῖς
4099 2220 4270 2287 εῖναι.
4340 2224 4532 2290 Plura

2844 2345 2921 2385 ex
2955 2321 3069 2385 hoc
3099 2321 3394 2407 scriptore
3421 2321 3705 2408 exempla
3743 2323 4046 2408 congessit
4094 2323 4532 2392 Boissonadius

2844 2423 2923 2487 ad
2973 2423 3264 2500 Heroica,
3295 2440 3356 2488 et
3397 2424 3650 2510 quidem
3682 2424 3761 2488 ad
3792 2426 4002 2502 verba,
4033 2424 4337 2492 simillima
4385 2429 4528 2494 Plo-

2846 2527 3112 2604 tinianiS,
3143 2527 3290 2608 πρὸς
3327 2532 3450 2594 τοῖς
3482 2532 3688 2609 φυτοῖς
3723 2527 3793 2601 εἳ,
3826 2551 3970 2615 quae
4016 2528 4385 2594 Scholiastes
4419 2557 4527 2596 ex-

2844 2629 3032 2716 plicat
3077 2630 3428 2710 πρόσκεισαι
3472 2635 3594 2696 τοῖς
3639 2637 3862 2712 φυτοῖς,
3912 2654 3977 2718 p.
4020 2651 4171 2715 310.
4239 2633 4527 2699 Similiter

2848 2731 3025 2796 Plato
3053 2731 3283 2818 aliique
3331 2731 3560 2796 Dativo
3602 2756 3743 2796 cum
3785 2735 3930 2815 πρὸς
3953 2736 4237 2820 jungunt
4268 2738 4524 2802 verbum

2845 2837 3170 2916 διατρίβειν
3226 2834 3486 2921 aliaque.
3565 2836 3707 2900 Vid.
3764 2835 3912 2900 ibid.
3975 2859 4035 2922 p.
4088 2838 4238 2901 660.
4337 2841 4527 2906 Adde

2848 2937 3140 3001 Schaefer.
3174 2936 3254 3000 ad
3302 2940 3347 3001 J
3356 2937 3628 3002 ulianum
3662 2963 3724 3026 p.
3763 2940 3878 3003 IV.
3926 2939 4032 3003 ubi
4074 2940 4308 3026 pariter
4353 2967 4527 3008 usur-

2842 3039 2975 3125 pari
2995 3039 3175 3104 docet
3200 3065 3213 3104 :
3266 3041 3417 3104 εἶναι
3444 3044 3589 3123 πρός
3614 3067 3666 3105 τι
3694 3057 3757 3106 et
3785 3042 3938 3107 εἶναι
3964 3046 4108 3125 πρός
4136 3070 4271 3109 τινι.
4347 3047 4523 3112 Idem

2844 3142 2939 3204 vir
2996 3142 3217 3206 doctus
3264 3143 3421 3207 hanc
3473 3166 3600 3206 rem
3657 3144 3865 3231 attigit
3918 3144 3998 3209 ad
4050 3144 4184 3210 haec
4243 3148 4526 3237 Dionysii

2844 3242 2997 3309 Hal.
3030 3245 3110 3309 de
3141 3248 3436 3334 Compos.
3482 3249 3536 3330 ξ.
3578 3249 3681 3333 83.
3715 3271 3776 3335 p.
3816 3266 3955 3328 142.
3986 3271 4118 3336 sq.:
4171 3252 4442 3335 σχήμασί
4463 3280 4526 3319 τε

2839 3348 2919 3427 μὴ
2958 3354 3081 3414 τοῖς
3121 3350 3315 3416 αὐτοῖς
3355 3350 3673 3429 διαμένειν.
3751 3349 4048 3437 Sylburg.
4096 3350 4379 3418 volebat:
4430 3359 4523 3420 ἐν-

2842 3450 3160 3529 διαμένειν.
3230 3452 3473 3537 Upton.
3522 3453 3817 3517 tuebatur
3859 3452 4218 3539 vulgatam3
4264 3457 4528 3523 Schaefe-

2843 3576 2951 3616 rus
2996 3553 3391 3639 conjiciebat:
3441 3555 3918 3637 προσδιαμένειν.
3983 3555 4200 3620 Codex
4252 3559 4522 3626 Darmst.

2843 3655 2932 3719 ita
2961 3655 3188 3720 habet:
3238 3657 3509 3740 σχήμασί
3547 3683 3613 3721 τε
3654 3658 3733 3736 μὴ
3778 3656 3874 3720 ἐπὶ
3912 3663 4033 3724 τοῖς
4070 3660 4265 3727 αὐτοῖς
4303 3664 4395 3727 ἀεὶ
4426 3665 4527 3744 μέ-

2844 3784 2991 3823 νειν.
3083 3757 3277 3822 Plane
3322 3758 3595 3844 denique
3649 3774 3720 3823 ut
3768 3758 4053 3823 Plotinus
4095 3763 4406 3830 Arrianus
4463 3767 4525 3830 in

2844 3861 3144 3949 Epictett.
3180 3862 3282 3924 II.
3321 3862 3416 3925 18.
3455 3879 3555 3925 21.
3590 3877 3650 3925 et
3696 3862 3793 3925 II.
3834 3882 3929 3946 19.
3967 3864 4028 3926 6.
4073 3865 4349 3945 γίνεσθαι
4386 3873 4529 3951 πρός

2844 3990 2958 4028 τινι
3013 3983 3293 4050 usurpat,
3351 3977 3454 4027 ut:
3503 3965 3572 4027 οὗ
3616 3963 3844 4045 γέγονα
3887 3964 4033 4046 πρὸς
4073 3969 4278 4054 τούτῳ,
4329 3978 4374 4009 “
4403 3994 4524 4036 non

2844 4065 3153 4131 elaboravi
3183 4067 3243 4130 in
3277 4066 3391 4130 hac
3423 4067 3546 4143 re,”
3573 4066 3628 4128 ei
3651 4067 3737 4129 rei
3767 4089 4019 4153 operam
4050 4090 4171 4132 non
4201 4070 4370 4136 dedi.

2933 4193 2994 4254 p.
3026 4172 3174 4254 695,
3198 4191 3261 4248 4.
3304 4168 3340 4248 ἢ
3371 4171 3681 4233 ἀπολεῖται
3709 4168 3882 4232 οὐδὲν
3902 4175 4021 4233 τῶν
4046 4173 4380 4239 ὅντων--οἶ
4399 4179 4530 4245 νόες

2844 4272 2950 4335 οὐκ
2981 4272 3397 4359 ἀπολοῦνται]
3433 4269 3588 4334 Cod.
3625 4272 3826 4335 Marc.
3859 4274 3946 4334 A.
3977 4275 4035 4335 οῑ
4064 4280 4162 4336 νοῖ
4182 4276 4529 4364 antiquiore

2842 4374 3080 4446 forma;
3116 4373 3194 4436 de
3223 4372 3557 4437 recentiore
3574 4372 3680 4436 illa
3702 4372 3828 4436 vid.
3853 4375 4220 4441 Buttmann.
4246 4379 4527 4445 Gramm.

2843 4475 2984 4561 maj.
3030 4477 3091 4558 ᾗ.
3119 4476 3225 4558 36.
3274 4498 3341 4561 p.
3381 4477 3522 4559 156.
3568 4475 3861 4540 Matthiae
3904 4478 4020 4541 Gr.
4067 4502 4166 4564 gr.
4200 4484 4261 4565 ᾗ.
4289 4503 4390 4567 90.
4422 4485 4524 4549 ed.

2840 4575 2947 4640 alt.
2980 4592 3042 4640 et
3071 4599 3216 4663 quae
3258 4576 3443 4664 plura
3471 4578 3721 4642 laudavi
3749 4578 3829 4643 ad
3863 4579 4068 4644 Procli
4104 4582 4264 4647 Inst.
4300 4586 4522 4651 Theol.

2842 4702 2895 4741 c.
2932 4679 3141 4743 XXI.
3187 4702 3247 4765 p.
3280 4701 3386 4757 40.
3438 4681 3548 4767 qui
3590 4681 3761 4745 locus
3803 4682 3987 4746 etiam
4035 4684 4113 4748 ad
4161 4689 4523 4753 sententiam

2844 4780 3033 4845 nostri
3093 4780 3211 4846 loci
3268 4781 3659 4847 adhibendus
3715 4798 3828 4848 est.
3919 4786 4071 4851 Fuit
4128 4805 4336 4854 autem
4395 4791 4528 4856 haec

2845 4883 3122 4949 Platonis
3164 4885 3477 4973 praecipue
3516 4887 3838 4965 sententia,
3869 4892 4145 4977 itemque
4179 4892 4530 4959 Platonico-

2842 5009 3003 5065 rum,
3050 4987 3198 5051 nihil
3245 5012 3323 5051 ex
3367 4989 3613 5052 entibus
3656 4989 3926 5069 interire,
3973 4992 4079 5057 sed
4131 4993 4311 5059 aliam
4358 4997 4524 5061 dun-

2844 5104 3014 5154 taxat
3061 5090 3321 5155 formam
3368 5090 3642 5155 induere.
3717 5093 3823 5157 Cf.
3872 5095 4223 5160 Casauboni
4268 5100 4528 5164 Exerci-

2843 5205 2982 5255 tatt.
3032 5193 3304 5256 Baronn.
3339 5216 3402 5279 p.
3426 5195 3529 5279 63.
3602 5194 3831 5258 Noster
3859 5218 4007 5260 vero
4050 5195 4222 5262 locus
4264 5200 4526 5289 ejusque

2840 5293 3064 5359 similes
3092 5294 3273 5360 multi
3303 5295 3638 5360 Plotiniani
3673 5319 3926 5383 prorsus
3967 5299 4352 5386 redarguunt
4396 5303 4529 5393 opi-

2840 5397 3053 5462 niones
3080 5422 3294 5463 eorum
3318 5398 3664 5478 Zoilorum,
3689 5400 3821 5487 qui,
3840 5423 3982 5465 cum
4016 5400 4332 5466 Plotinum
4366 5427 4528 5470 nun-

2838 5524 3026 5587 quam
3059 5501 3343 5590 legerint,
3389 5501 3444 5565 ei
3484 5501 3776 5588 affingere
3820 5503 4054 5568 audent
4098 5503 4300 5569 nescio
4333 5530 4541 5593 quain
