5118 6613
1044 540 1171 627 306

1058 711 1219 777 θείου
1267 713 1449 793 νόμον
1488 715 1748 797 τιμωρός.

1059 815 1352 882 Stromm.
1388 815 1491 881 11.
1521 839 1588 904 p.
1604 836 1759 903 499.

1056 931 1258 983 tatum
1319 917 1611 1007 Sophocli
1668 918 2092 986 adhibuerunt
2145 918 2491 1009 interprett.
2593 918 2742 985 vid.

1061 1019 1422 1086 Markland.
1464 1037 1527 1087 et
1564 1021 1957 1087 Doederlein.
2005 1022 2086 1087 ad
2135 1023 2424 1111 Sophocl.
2457 1022 2563 1087 l.l.
2600 1023 2744 1088 Pot-

1059 1138 1171 1188 ter.
1218 1124 1298 1189 ad
1347 1124 1653 1191 Clement.
1696 1124 1742 1189 l.
1772 1124 1816 1189 l.
1860 1140 1946 1208 et,
1988 1126 2255 1191 rationes
2299 1125 2749 1215 mythologicas

1058 1227 1230 1314 quod
1276 1227 1519 1308 attinet,
1568 1227 1987 1317 Symbolicam
2036 1246 2309 1295 nostram
2356 1230 2453 1294 11.
2499 1253 2563 1317 p.
2594 1230 2746 1314 506.

1058 1354 1147 1419 sq.
1178 1329 1280 1395 ed.
1310 1330 1482 1397 alter.

1145 1456 1212 1521 p.
1238 1453 1424 1520 1009,
1454 1455 1520 1516 4.
1564 1436 1694 1500 οἷον
1731 1435 2075 1524 ἀγάλματα]
2122 1437 2343 1524 Hujus
2385 1434 2557 1501 verbi
2599 1434 2744 1499 Pla-

1061 1536 1246 1601 tonici
1274 1537 1400 1602 vim
1432 1538 1799 1625 variumque
1830 1562 2011 1604 usum
2039 1563 2228 1628 supra
2255 1539 2522 1627 explicui
2554 1561 2617 1627 p.
2638 1556 2745 1625 57.

1063 1641 1151 1707 D.
1194 1641 1287 1724 (et
1327 1640 1411 1706 ad
1451 1641 1596 1707 libr.
1628 1641 1708 1707 de
1740 1640 1996 1708 Pulcrit.
2029 1665 2095 1731 p.
2116 1645 2264 1729 369.
2299 1644 2394 1708 ed.
2415 1639 2745 1725 Heidelb.)

1065 1743 1169 1808 Cf.
1213 1743 1396 1808 etiam
1442 1768 1509 1832 p.
1530 1746 1683 1831 465.
1717 1747 1794 1810 C.
1823 1759 1887 1811 et
1913 1768 1979 1834 p.
1994 1764 2147 1831 520.
2177 1747 2511 1811 F.-Mox
2541 1744 2749 1810 Verba

1063 1845 1565 1927 θέαμα-θεατῶν
1612 1871 1726 1913 nec
1777 1847 1981 1914 minus
2030 1871 2069 1913 a
2117 1847 2373 1914 Platone
2423 1861 2751 1912 mutuatus

1063 1964 1153 2015 est
1185 1949 1490 2016 Plotinus.
1581 1950 1701 2017 Ille
1743 1951 1907 2017 enim
1950 1950 2013 2016 in
2058 1951 2381 2018 Phaedone
2407 1974 2473 2040 p.
2506 1972 2529 2014 1
2551 1970 2650 2036 13.
2679 1974 2747 2039 p.

1072 2072 1213 2117 111.
1268 2052 1470 2119 Bekk.
1522 2053 1657 2119 ita:
1720 2055 1911 2136 θέαμα
1962 2057 2321 2136 εὐδαιμόνων
2369 2060 2615 2130 θεατῶν,
2667 2053 2748 2119 ad

1061 2179 1248 2243 quem
1279 2157 1737 2246 Wyttenbach.
1781 2182 1844 2247 p.
1873 2159 2024 2246 308.
2055 2159 2403 2247 suspicatur
2430 2158 2748 2224 Plotinum

1062 2274 1342 2326 nostrum
1392 2260 1675 2327 Platonis
1732 2261 1870 2328 loco
1917 2262 2172 2328 laudato
2221 2263 2271 2327 si
2323 2284 2444 2327 non
2504 2259 2746 2349 legisse,

1061 2377 1225 2428 certe
1271 2362 1571 2451 cogitasse
1617 2367 2143 2448 ὑπερευδαιμόνων,
2205 2364 2395 2452 idque
2449 2387 2751 2453 apparere

1062 2488 1140 2529 ex
1184 2464 1321 2532 loco
1360 2467 1553 2556 hujus
1595 2466 1739 2534 libri
1782 2491 1850 2557 p.
1879 2487 2031 2556 547.
2062 2470 2141 2533 B.
2188 2470 2352 2556 (cap.
2383 2473 2589 2555 seq.);
2638 2467 2750 2532 ubi

1062 2568 1209 2633 item
1239 2584 1334 2635 est
1359 2573 1876 2654 ὑπερευδαίμονας.
1967 2572 2073 2637 Cf.
2116 2570 2399 2658 ejusdem
2432 2570 2745 2636 Philoma-

1064 2671 1212 2737 thiae
1242 2673 1383 2739 111.
1417 2698 1480 2763 p.
1508 2678 1652 2740 106.

1147 2813 1234 2825 —
1269 2794 1367 2841 10.
1415 2777 2252 2867 ovussdpvyaw-wpordo-eoev]
2302 2778 2407 2843 Cf.
2452 2800 2641 2866 supra
2688 2777 2745 2843 I.

1064 2897 1124 2963 3.
1152 2899 1218 2958 4.
1246 2892 1311 2943 et
1337 2895 1398 2963 5.
1444 2877 1595 2966 ibiq.
1642 2894 1853 2946 annot.
1899 2880 2044 2945 item
2080 2881 2201 2945 IV.
2233 2903 2297 2961 4.
2325 2901 2431 2963 44.
2483 2883 2559 2946 V.
2588 2898 2651 2966 5.
2690 2903 2744 2948 1.

1062 2994 1126 3045 et
1154 2980 1272 3044 VI.
1306 2981 1365 3046 8.
1398 3000 1459 3065 3.

1152 3122 1239 3135 —
1267 3103 1366 3150 12.
1412 3084 1488 3165 ἦν
1516 3085 1588 3165 δὴ
1616 3086 1712 3150 καὶ
1749 3087 1783 3149 ὁ
1814 3085 2076 3150 Πλάτων
2116 3087 2362 3150 κατιδὼν
2389 3088 2600 3170 φησίν,
2631 3086 2750 3153 οὐδ’

1063 3191 1189 3269 ἥτις
1218 3190 1385 3253 ἐστὶν
1408 3190 1568 3270 ἄλλη
1598 3191 1666 3252 ἑν
1691 3189 1910 3274 ἄλλᾳ]
1965 3188 2045 3253 111
2078 3185 2400 3254 Phaedone
2433 3211 2499 3276 p.
2534 3191 2640 3275 83.
2683 3213 2748 3277 p.

1063 3294 1172 3379 56.
1203 3290 1449 3358 Bekk.:
1497 3293 1533 3356 ὅ
1575 3317 1631 3356 τι
1673 3289 1723 3358 δ’
1754 3291 1830 3358 ἂν
1859 3290 1930 3358 δι’
1958 3292 2165 3358 ἄλλων
2194 3295 2387 3373 σκοπῇ
2433 3294 2501 3358 ἐν
2543 3294 2755 3363 ἄλλοις

1066 3397 1140 3462 ὃν
1175 3397 1353 3473 ἄλλο,
1397 3398 1581 3478 μηδὲν
1620 3396 1895 3478 ἡγεῖσθαι
1937 3396 2170 3477 ἀληθές.
2258 3395 2362 3461 Ad
2391 3420 2537 3485 quae
2565 3398 2755 3463 verba

1067 3500 1519 3589 Wyttenbach.
1554 3522 1619 3588 p.
1649 3519 1809 3584 219:
1860 3508 1905 3540 ‘⁴
1933 3499 1977 3564 i.
1999 3523 2058 3565 e.
2101 3500 2410 3589 quidquid
2451 3522 2600 3566 vero
2629 3523 2756 3589 per

1064 3606 1198 3670 alia
1222 3604 1566 3668 consideret
1611 3601 1681 3686 (1.
1714 3626 1771 3666 e.
1813 3625 2176 3691 corporeum
2206 3625 2334 3691 per
2358 3624 2581 3669 semus
2621 3626 2755 3668 cor-

1055 3710 1296 3798 pori-Q)
1327 3730 1520 3796 quum
1560 3709 1634 3770 in
1680 3706 1831 3771 aliis
1873 3707 2159 3772 semibus
2198 3706 2381 3771 aliud
2420 3717 2753 3795 appareat,

1063 3812 1230 3876 nihil
1275 3812 1497 3876 horum
1555 3831 1773 3874 verum
1816 3809 2114 3897 putare.”
2202 3811 2375 3874 Tum
2435 3823 2754 3897 comparat

1065 3914 1217 3980 alios
1258 3913 1423 3980 locos
1466 3935 1610 3979 cum
1654 3912 1850 3999 ἱρέας
1879 3910 2179 3990 Platonis,
2211 3927 2346 3977 tum
2378 3928 2752 3978 sectatorum

1067 4020 1204 4108 ejus
1245 4035 1309 4084 et
1350 4017 1542 4107 ipsius
1586 4015 1938 4104 philosophi
1987 4017 2181 4081 nostri
2226 4016 2389 4082 infra
2419 4017 2541 4082 vl.
2575 4035 2637 4101 7.
2681 4042 2747 4106 p.

1068 4141 1213 4208 727.
1252 4124 1327 4187 C.
1418 4120 1543 4185 His
1583 4142 1701 4206 ego
1743 4117 1967 4206 adjicio
2010 4117 2215 4184 locum
2260 4121 2600 4201 Damascii,
2641 4122 2753 4209 qui

1066 4226 1238 4292 haud
1267 4224 1459 4291 dubie
1486 4222 1654 4287 illam
1686 4221 1965 4287 Platonis
2008 4222 2370 4288 sententiam
2413 4236 2559 4289 ante
2601 4248 2749 4290 ocu-

1065 4331 1158 4396 los
1202 4328 1425 4394 habuit
1465 4349 1608 4392 cum
1655 4324 1790 4390 hoec
1832 4323 2123 4389 scriberet
2166 4327 2300 4407 περὶ
2347 4329 2548 4411 ἀρχῶν
2592 4328 2751 4393 Cod.

1069 4436 1255 4499 Mon.
1299 4431 1411 4497 fol.
1445 4432 1590 4517 265.
1635 4442 1831 4494 rect.:
1879 4427 2131 4493 Βέλτιον
2179 4430 2295 4511 ἄρα
2341 4435 2422 4516 τῷ
2474 4436 2753 4520 διορισμῷ

1066 4540 1244 4603 αὐτοῦ
1290 4534 1585 4617 ἐμμένειν,
1633 4536 1780 4597 κατὰ
1823 4532 1931 4612 τὴν
1976 4533 2393 4615 Πυθαγορικὴν
2435 4533 2754 4614 συνήθειαν

1067 4642 1162 4706 καὶ
1209 4640 1317 4719 τὴν
1365 4638 1544 4703 αὑτοῦ
1590 4641 1695 4700 τοῦ
1745 4635 2090 4716 Πλάτωνος,
2140 4637 2304 4701 ἄλλα
2354 4642 2630 4708 νοοῦντος
2677 4644 2754 4705 τὸ

1066 4745 1251 4809 ἔνυλα
1291 4741 1626 4824 πράγματα,
1658 4739 1753 4803 καὶ
1783 4739 1963 4818 αὐτὴν
1987 4739 2096 4819 τὴν
2123 4742 2293 4820 ὕλην.
2340 4741 2409 4806 ἔν
2433 4768 2500 4806 τε
2527 4746 2644 4825 γᾶρ
2670 4749 2751 4830 τῷ

1065 4849 1324 4912 Φαίδωνι
1352 4846 1533 4911 οὕτως
1559 4841 1831 4922 ὀνομάζει
1856 4844 1931 4906 τὰ
1951 4842 2133 4916 ἄλλα,
2158 4846 2233 4907 τὰ
2262 4846 2383 4924 εἴδη
2405 4848 2479 4909 τὰ
2500 4849 2753 4927 αἰσθητὰ

1015 4967 1019 4978 ’
1063 4948 1279 5032 λέγων·
1324 4947 1489 5010 ἄλλα
1519 4945 1614 5009 καὶ
1644 4945 1712 5007 ἐν
1739 4944 1948 5011 ἄλλοις
1972 4942 2392 5027 Ἀριστοτέλης
2430 4948 2495 5011 δὲ
2534 4949 2603 5013 ἓν
2629 4955 2752 5018 τοῖς

1060 5052 1427 5135 Ἀρχυτείοις
1471 5050 1698 5128 ἱστορεῖ
1736 5047 1830 5111 καὶ
1876 5048 2238 5128 Πυθαγόραν
2267 5049 2422 5111 ἄλλο
2465 5049 2574 5129 τὴν
2599 5052 2750 5133 ὕλην

1063 5161 1268 5221 καλεῖν
1297 5156 1374 5221 ὦς
1398 5151 1653 5235 ῥευστὴν
1684 5151 1778 5214 καὶ
1806 5150 1901 5214 ἀεὶ
1932 5147 2089 5238 [καὶ]
2117 5151 2274 5214 ἄλλο
2305 5153 2400 5216 καὶ
2427 5152 2583 5216 ἄλλο
2613 5178 2743 5236 γιγ-

1061 5260 1331 5339 νόμενον·
1378 5257 1534 5319 ὥστε
1577 5253 1754 5331 δῆλός
1794 5253 1926 5316 ἐστι
1969 5252 2064 5316 καὶ
2103 5253 2137 5315 ὁ
2179 5252 2440 5317 Πλάτων
2467 5256 2646 5334 ταύτῃ
2673 5258 2747 5320 τᾶ

1058 5363 1221 5427 ἄλλα
1249 5354 1940 5441 ἀφοριζόμενος-011113
1968 5353 2196 5419 deinde
2229 5371 2578 5442 sequuntur
2609 5381 2744 5423 ver-

1060 5463 1141 5527 ba
1170 5459 1439 5526 Plotini:
1487 5461 1644 5525 ὅπως
1685 5456 1946 5537 δέ-τὴν
1974 5456 2175 5548 ςἀρχὴν
2212 5457 2596 5539 ποιήσασθαι,
2628 5460 2745 5528 hoc

1057 5564 1255 5653 magis
1282 5561 1550 5628 tenenda
1579 5573 1746 5641 sunt,
1777 5558 1949 5647 quod
1983 5557 2415 5647 philosophuS,
2442 5560 2742 5651 singulari

2005 539 2831 607 ANNOTATIONES
2908 540 3021 605 IN
3084 526 3530 608 PLO'TINI

1839 712 2041 792 Quem
2084 711 2289 779 locum
2339 737 2377 779 a
2418 713 2741 779 Clemente
2826 735 2975 802 erga
3019 712 3346 779 Platonem
3389 714 3739 782 reverentia
3790 714 4166 803 prohibitus,
4212 713 4521 781 rarissime

1832 815 2097 896 Potteri,
2141 815 2402 905 aliisque
2442 817 2739 905 frequen-
2826 817 3030 906 palam
3078 817 3411 905 profitetur
3457 818 3657 907 (quod
3707 818 4042 908 saepissime
4087 833 4296 884 tamen
4341 818 4522 903 facit)

2829 944 2894 986 se
2939 919 3449 1009 philosophorum
3502 921 3604 986 dei
3652 921 3908 987 inventa
3954 921 4226 1003 firmare,
4271 944 4523 1011 augere,

2829 1023 3105 1112 expolire
3135 1023 3312 1089 velle.

2915 1149 2979 1214 p.
3009 1146 3118 1191 101
3137 1148 3193 1205 1,
3220 1127 3297 1213 3]
3343 1126 3458 1192 Διὸ
3490 1128 3585 1192 καὶ
3614 1131 3719 1196 τὰς
3757 1127 3916 1196 ἰδέας
3954 1129 4102 1193 ὄντα
4129 1128 4347 1211 ἔλεγον
4375 1126 4529 1192 εἶναι

2832 1231 2891 1294 02
2932 1232 3178 1296 παλαιοὶ
3230 1232 3325 1296 καὶ
3373 1233 3626 1318 otio-lam]
3683 1232 3935 1298 Plotino
3982 1234 4041 1297 οἱ
4084 1233 4332 1298 παλαιοὶ
4381 1246 4530 1297 sunt

2833 1354 2953 1396 non
3002 1332 3201 1398 solum
3249 1335 3662 1422 antiquissimi
3707 1334 4085 1423 philosophi,
4124 1348 4200 1400 ut
4246 1332 4527 1399 Heracli-

2833 1451 2957 1514 tus,
2984 1435 3093 1525 qui
3125 1439 3271 1502 ὄντα
3297 1454 3633 1526 negaverat
3661 1461 3794 1503 esse
3823 1462 3918 1517 ea,
3947 1460 4095 1526 quae
4122 1452 4411 1503 concreta
4434 1460 4527 1503 es-

2833 1555 2969 1604 sent
2997 1555 3060 1604 et
3088 1538 3367 1605 sensibus
3394 1541 3579 1606 obvia
3603 1541 3883 1626 (Platon.
3909 1540 4148 1630 Cratyl.
4174 1559 4394 1630 p.402.
4418 1543 4523 1622 A.)

2836 1641 2960 1706 Sed
2991 1641 3174 1706 etiam
3208 1642 3392 1708 Plato
3432 1660 3495 1709 et
3539 1643 3827 1732 aequales.
3919 1646 4020 1710 Ac
4053 1643 4334 1710 Platonis
4375 1642 4522 1709 doc-

2833 1745 2995 1809 trina
3036 1745 3318 1810 idearum
3363 1747 3715 1812 continetur
3758 1748 4148 1835 potissimum
4177 1747 4242 1813 in
4274 1746 4529 1812 Parme-

2833 1848 2979 1914 nide
3013 1854 3225 1937 (quem
3256 1849 3400 1914 vide
3429 1850 3589 1915 hanc
3617 1850 4022 1938 quaestionem
4056 1850 4228 1938 quod
4273 1848 4524 1931 attinet)

2832 1974 2899 2039 p.
2924 1972 3063 2038 130.
3097 1952 3159 2018 b.
3213 1972 3351 2040 133.
3384 1952 3449 2017 b.
3502 1972 3683 2040 1135.
3718 1953 3806 2036 b.)
3872 1955 3977 2019 Cf.
4012 1952 4256 2041 Cratyl.
4286 1970 4521 2040 p.439.

2834 2055 2923 2118 D.
2957 2056 3040 2120 E.
3084 2069 3146 2119 et
3189 2055 3442 2121 consule
3473 2056 3842 2121 Buttmanni
3874 2059 4233 2122 Excursum
4273 2055 4352 2121 ad
4387 2057 4530 2121 Me-

2832 2177 3056 2220 nonem
3091 2157 3235 2221 111.
3265 2180 3330 2246 p.
3358 2174 3481 2241 742
3531 2167 3577 2198 “
3608 2159 3713 2223 De
3740 2158 4065 2224 abstractis
4093 2180 4303 2223 rerum
4333 2156 4533 2222 notio-

2834 2257 3020 2323 nibus
3077 2259 3417 2324 secundum
3476 2275 3747 2326 mentem
3801 2260 4139 2326 Platonis.”
4225 2262 4529 2349 Wytten-

2837 2359 3125 2425 bachium
3154 2360 3235 2425 ad
3260 2361 3564 2428 Phaedon.
3599 2385 3662 2451 p.
3690 2378 4048 2447 270—272.
4070 2378 4134 2427 et
4162 2361 4527 2429 Stallbaum.

2837 2464 3134 2552 Prolegg.
3165 2464 3230 2529 in
3262 2465 3499 2531 Phile-b.
3548 2488 3614 2553 p.
3643 2466 3897 2530 XXII.
3928 2488 4071 2529 cum
4102 2481 4252 2530 nota
4277 2485 4343 2550 5.
4390 2463 4530 2527 Ari-

2834 2567 3115 2634 stotelem
3142 2567 3315 2655 quod
3343 2568 3586 2647 attinet,
3613 2568 3755 2633 vide
3787 2567 4183 2656 Metapbyss.
4212 2568 4272 2631 1.
4295 2568 4357 2632 6.
4387 2566 4526 2632 coll.

2837 2672 3057 2736 XIII.
3084 2692 3151 2753 4.
3181 2693 3247 2759 p.
3272 2673 3416 2757 265.
3461 2669 3796 2751 Brandisii,
3827 2670 4059 2735 Ethica
4089 2670 4336 2734 Nicom.
4371 2671 4431 2733 1.
4459 2690 4527 2749 4.

2836 2774 3052 2839 Ethic.
3083 2774 3357 2839 Eudem.
3394 2773 3442 2837 1.
3476 2774 3534 2838 8.
3619 2774 3722 2838 De
3772 2774 4067 2839 Generat.
4115 2788 4179 2837 et
4227 2775 4524 2860 Corrupt.

2838 2879 2940 2941 11.
2968 2898 3031 2963 3.
3101 2877 3206 2942 Cf.
3238 2879 3444 2942 Henr.
3476 2875 3759 2943 Richteri
3804 2875 3885 2940 de
3931 2874 4103 2940 Ideis
4132 2876 4414 2941 Platonis
4454 2875 4530 2939 li-

2836 2980 3061 3046 bellus.
3094 2980 3264 3068 Lips.
3303 2981 3486 3064 1827.
3579 2981 3707 3061 Qui
3751 2980 4012 3067 scriptor
4055 2978 4357 3067 distingui
4395 2978 4535 3044 vult

2837 3085 3008 3173 apud
3039 3085 3366 3150 Platonem
3405 3084 3567 3150 inter
3615 3085 3767 3153 εἶδος
3793 3099 3858 3149 et
3885 3084 4031 3158 ἰδέα,
4064 3095 4128 3149 et
4152 3083 4360 3148 ideam
4393 3082 4536 3149 Pla-

2838 3189 2971 3253 toni
3000 3212 3131 3254 esse
3160 3187 3309 3253 dicit
3337 3188 3599 3253 formam
3644 3210 3853 3252 rerum
3899 3187 4274 3268 universam,
4301 3187 4366 3251 in
4404 3211 4533 3275 qua

2839 3291 3211 3381 sempiterna
3260 3314 3474 3356 earum
3532 3289 3796 3356 essentia
3850 3306 3913 3357 et
3971 3304 4196 3356 natura
4249 3305 4532 3380 apparet.

2842 3395 3024 3461 Idem
3076 3419 3139 3484 p.
3171 3397 3277 3461 66.
3323 3418 3458 3483 sqq.
3516 3409 3724 3484 negat,
3773 3394 3902 3460 ullo
3949 3395 4016 3460 in
4066 3394 4204 3461 loco
4254 3395 4533 3461 Platonis

2837 3500 3226 3564 substantias
3254 3497 3374 3562 dici
3405 3499 3599 3562 ideas.
3693 3497 3880 3578 Quod
3909 3497 4073 3562 enim
4104 3498 4318 3563 οὐσίαν
4349 3498 4532 3564 Plato

2839 3600 2994 3666 ideis
3022 3600 3279 3678 tribuat,
3313 3600 3429 3665 hoc
3458 3622 3537 3664 ex
3567 3600 3762 3688 ipsius
3792 3600 4073 3665 Platonis
4101 3602 4404 3667 sententia
4434 3602 4528 3666 ni·

2839 3704 2926 3769 hil
2955 3702 3126 3768 aliud
3156 3702 3501 3791 designare,
3528 3703 3645 3769 nisi
3673 3703 3844 3770 ideas
3870 3729 4002 3769 esse
4029 3728 4329 3793 perennes
4365 3712 4528 3794 (per-

2839 3811 3059 3897 petuo)
3094 3807 3159 3871 in
3187 3805 3525 3872 intellectu.
3591 3808 3997 3873 Aristotelem
4025 3807 4203 3873 aliter
4230 3809 4534 3897 accepisse

2839 3914 3046 3981 οὐσίας
3071 3911 3382 3977 notionem
3411 3933 3484 3975 ac
3518 3911 3781 3999 proinde
3809 3934 3933 3977 non
3965 3911 4169 3977 ubivis
4213 3927 4378 3977 recte
4418 3934 4527 3977 ex·

2842 4016 3095 4104 plicasse
3127 4015 3400 4081 Platonis
3433 4015 3517 4080 de
3554 4014 3711 4079 ideis
3748 4014 4028 4080 decreta:
4081 4014 4535 4080 Alexandrinos

2838 4134 3045 4184 autem
3077 4118 3477 4207 philosophos
3519 4117 3705 4183 latius
3747 4141 4122 4206 propagasse
4153 4118 4531 4206 opinionem,

2839 4221 3213 4287 substantias
3278 4246 3431 4300 esse,
3493 4244 3652 4309 quas
3712 4221 3894 4287 Plato
3948 4222 4119 4287 ideas
4178 4221 4527 4310 appellarit.

2840 4327 3002 4390 Haec
3026 4325 3627 4391 Richterus.—Jam
3657 4324 3927 4412 primum
3955 4349 4074 4413 ego
4103 4347 4226 4390 non
4259 4324 4528 4389 multum

2838 4428 3047 4495 tribuo
3094 4428 3191 4507 iis,
3235 4428 3347 4515 qui
3391 4427 3849 4515 anquirendum
3897 4427 4272 4507 existimant,
4319 4446 4530 4493 utrum

2840 4531 3024 4598 Plato
3051 4531 3219 4595 ideas
3247 4531 3312 4595 in
3343 4521 3551 4596 mente
3587 4529 3797 4596 divina
3840 4529 4229 4596 solummodo
4271 4529 4527 4596 colloca-

2841 4635 3016 4713 verit,
3038 4657 3118 4698 an
3140 4649 3321 4698 extra
3349 4649 3619 4699 mentem
3649 4656 3762 4721 per
3790 4657 3855 4699 se
3884 4657 3987 4698 eas
4014 4650 4256 4699 exstare
4284 4633 4528 4699 dixerit.

2837 4737 3086 4804 Deinde
3117 4736 3443 4803 Aristoteli
3473 4760 3573 4802 me
3610 4737 3727 4801 hac
3755 4736 3819 4800 in
3846 4760 4033 4802 causa
4060 4736 4364 4802 vindicem
4402 4758 4530 4801 non

2836 4843 3050 4922 offero,
3083 4857 3302 4929 utpote
3330 4840 3441 4928 qui
3472 4840 3682 4919 sciam,
3713 4862 3857 4904 eum
3893 4839 4172 4905 Platonis
4205 4839 4376 4904 ideas
4410 4862 4521 4927 ap·

2834 4947 3093 5034 pellasse
3121 4946 3509 5027 τερετίσματα
3536 4942 3578 5007 i.
3602 4967 3659 5007 e.
3688 4966 3903 5033 nugas
3927 4966 4197 5008 canoras
4225 4967 4272 5009 S.
4303 4946 4528 5009 inanes

2833 5053 3151 5115 cantiones
3183 5046 3539 5130 (Aristotel.
3571 5046 3836 5135 Analyt.
3866 5061 4093 5135 poster.
4140 5069 4202 5135 p.
4248 5048 4406 5112 228:
4452 5051 4529 5113 τὸ

2833 5157 2949 5237 γὰρ
2980 5156 3102 5233 εἴδη
3129 5150 3403 5236 χαιρέτω·
3449 5153 3839 5233 τερετίσματα
3864 5150 3981 5233 γάρ
4012 5153 4160 5216 ἐστι.
4233 5150 4337 5216 Cf.
4370 5149 4523 5217 Tib.

2835 5254 3198 5320 Hemsterh.
3239 5254 3319 5319 ad
3351 5254 3585 5319 Thom.
3618 5252 3877 5341 Magist.
3924 5278 3987 5342 p.
4020 5255 4169 5340 908.
4216 5269 4279 5319 et
4321 5254 4386 5319 in
4429 5257 4519 5320 A·

2832 5357 3106 5423 necdott.
3145 5356 3246 5422 ed.
3282 5357 3336 5421 1.
3359 5356 3536 5422 Geel.
3564 5379 3626 5444 p.
3649 5374 3760 5442 32.
3792 5359 3912 5444 sq.)
3947 5356 4121 5444 quod
4153 5355 4526 5425 Scholiastes

2830 5460 3132 5529 Aristidis
3174 5482 3242 5548 p.
3280 5461 3424 5545 167.
3467 5456 3745 5525 Fromel.
3795 5458 3885 5524 ita
3940 5459 4163 5525 effert:
4230 5461 4313 5541 μὴ
4370 5461 4525 5528 εἶναι

2831 5566 3008 5634 ἰδέας.
3096 5562 3552 5629 Alexandrinos
3599 5560 3866 5650 denique
3908 5561 4313 5652 philosophos
4353 5587 4525 5630 nunc
