5118 6613
1315 573 1513 639 LIB.
1560 572 1704 638 111.
1749 572 2208 638 ENNEAD.
2255 572 2787 639 SECUNDAE.
2830 595 2894 662 p.
2928 592 3286 662 199-242.

564 742 778 836 potius
822 743 1186 831 conjecerit:
1235 746 1290 809 εἰ
1331 745 1438 809 οὖν
1468 744 1550 826 μὴ
1590 747 1716 811 ἐκεῖ
1750 746 1937 825 μόνον
1973 747 2249 821 ὁπουοῦν,

565 851 731 914 ἀλλὰ
758 852 1085 931 πανταχοῦ,
1116 851 1424 930 πανταχοῦ
1450 847 1812 928 οἰσθήσεται.
1899 848 2048 912 Non
2072 847 2250 912 male.

566 950 760 1017 Initio
803 950 1115 1038 sequentis
1157 950 1376 1038 capitis
1421 949 1675 1014 Ficinus
1716 948 1935 1037 legisse
1964 950 2249 1017 videturz

562 1054 603 1135 ἦ
629 1054 743 1138 οὐχ
769 1056 936 1118 ὅλον.
996 1052 1177 1117 Libri
1198 1052 1285 1118 nil
1302 1052 1563 1130 variant,
1586 1067 1650 1118 et
1671 1052 2036 1140 saepiuscule
2064 1075 2249 1118 suum

562 1156 721 1223 illud
750 1156 1028 1244 profecto
1059 1168 1319 1243 usurpat
1348 1154 1684 1221 MarsiliuS.

652 1283 719 1349 p.
754 1279 898 1338 202,
936 1279 1034 1325 11.
1066 1256 1103 1338 ἢ
1146 1260 1237 1323 ὅτι
1276 1258 1357 1339 μὴ
1393 1260 1580 1339 μόνον
1620 1260 1779 1347 ἐκεῖ]
1811 1258 2126 1323 Juvandae
2151 1257 2246 1322 in-

566 1361 922 1450 telligentioe
978 1384 1162 1427 causa
1224 1383 1529 1426 summam
1594 1360 1959 1426 brevitatem
2018 1360 2249 1426 Plotini

565 1465 683 1530 hoc
717 1464 878 1544 loco,
909 1477 982 1530 ut
1010 1463 1310 1529 sexcentis
1336 1462 1492 1542 aliis,
1523 1462 1804 1528 dilatavit
1834 1463 2122 1537 Ficinus;
2170 1486 2249 1529 ne

562 1567 725 1634 forte
752 1591 897 1634 eum
927 1566 1112 1656 plura
1138 1566 1203 1632 iu
1233 1566 1360 1632 suis
1385 1565 1558 1631 libris
1585 1566 1880 1654 reperisse
1909 1566 2139 1631 credas.

646 1708 737 1726 —
760 1691 859 1758 13.
891 1669 994 1754 ἀφ’
1027 1671 1096 1735 οὗ
1121 1672 1159 1752 ἡ
1188 1672 1369 1756 ἄλλη]
1408 1671 1511 1735 Ita
1537 1668 1823 1734 dedimus
1850 1692 1932 1733 ex
1962 1667 2249 1756 pluribus

560 1773 753 1842 libris.
845 1772 1035 1852 Quod
1075 1772 1335 1839 Ficinus
1375 1772 1552 1836 addit
1590 1774 1749 1851 vita,
1778 1771 1842 1836 in
1875 1771 2066 1837 MSS.
2101 1770 2245 1836 nul·

562 1875 695 1943 lum
726 1876 1056 1963 vestigium
1086 1876 1253 1941 vocis
1279 1876 1393 1955 ζωὴ
1419 1889 1755 1962 comparet.
1844 1875 1926 1942 In
1967 1874 2248 1961 proxime

562 1978 1058 2068 praecedentibus
1085 1981 1323 2062 φύσεως
1348 1981 1550 2062 ψυχῆς
1588 1976 1754 2042 idem
1793 1993 1885 2041 est
1910 1991 2101 2064 atque
2127 1983 2246 2061 ψυ-

562 2088 674 2169 χῆς
715 2083 935 2150 solum.
1027 2084 1130 2148 De
1172 2105 1303 2170 quo
1342 2104 1460 2146 usu
1497 2103 1688 2169 supra
1714 2095 1808 2147 est
1836 2082 2138 2147 monitum
2167 2080 2250 2146 ad

567 2189 624 2252 Ι.
649 2188 714 2251 6.
744 2207 802 2251 1.
848 2185 1145 2252 Proxima
1172 2207 1295 2249 non
1324 2183 1501 2249 aliter
1530 2183 1843 2272 expedias,
1867 2207 2057 2272 quam
2086 2182 2136 2248 si
2164 2183 2251 2249 ita

563 2288 944 2377 distinguas:
994 2291 1071 2354 El
1097 2290 1163 2353 δὲ
1187 2291 1388 2372 ψυχῆς
1423 2290 1552 2352 ἐστι
1585 2287 1695 2370 (sc.
1725 2286 1794 2351 τὸ
1834 2287 2054 2371 μέσον)
2086 2312 2246 2370 περι-

565 2392 787 2458 θέουσα
813 2392 921 2458 τὸν
949 2391 1089 2456 θεὸν
1117 2389 1624 2474 ἆμφαγαπόζεται,
1656 2403 1767 2454 aut
1804 2388 1854 2454 si
1896 2411 2041 2455 cum
2068 2387 2245 2454 Vati-

564 2516 721 2561 cano
745 2493 952 2581 legas:
999 2496 1052 2559 εἰ
1078 2494 1145 2559 δὲ
1172 2492 1343 2577 ψυχή
1372 2496 1502 2558 ἐστι
1527 2498 1718 2576 περιθ.
1752 2518 1802 2556 τ.
1833 2491 1992 2566 θεὸν,
2025 2493 2176 2575 ἀμφ.

652 2621 716 2685 p.
749 2615 895 2683 203,
928 2617 1025 2662 11.
1064 2597 1178 2661 Καὶ
1207 2594 1468 2661 Πλάτων
1496 2623 1551 2660 κ.
1572 2621 1623 2659 τ.
1649 2595 1746 2684 λ.]
1782 2595 1863 2660 In
1895 2593 2141 2660 Timaeo
2181 2616 2248 2682 p.

562 2721 671 2788 34.
699 2713 764 2766 et
791 2723 859 2789 p.
887 2720 997 2781 40.
1045 2699 1149 2765 Cf.
1199 2694 1548 2764 Cleomedis
1593 2699 1880 2764 Meteora
1908 2699 1964 2762 Ι.
1994 2717 2057 2783 3.
2094 2697 2250 2786 ibiq.

567 2801 927 2868 Balforeum
954 2825 1017 2890 p.
1052 2820 1197 2887 297.
1225 2824 1360 2888 sqq.

648 2943 738 2956 —
764 2921 861 2989 17.
890 2906 929 2985 ἦ
973 2907 1039 2969 δὲ
1089 2905 1480 2970 αἰσθάνεσθαι
1527 2904 1846 2989 πεφυκυῖα]
1903 2903 2001 2967 Sc.
2051 2906 2252 2988 ψυχῆς

566 3009 829 3089 δύναμις.
897 3009 1003 3072 Ex
1034 3006 1306 3073 Platonis
1335 3005 1617 3071 doctrina
1642 3005 1706 3070 in
1736 3005 1983 3070 Timaeo
2009 3004 2090 3071 de
2116 3006 2248 3071 ani-

567 3132 671 3175 ma
712 3109 995 3176 rationali
1045 3125 1109 3174 et
1149 3109 1230 3175 de
1271 3108 1566 3188 inferiori,
1618 3107 2022 3196 sensibusque
2060 3123 2252 3196 atque

564 3212 1025 3301 opinationibus
1048 3212 1338 3279 obnoxia.
1386 3210 1526 3276 Vid.
1556 3233 1622 3298 p.
1650 3226 1757 3298 37.
1788 3233 1855 3298 p.
1885 3229 1994 3291 44.

648 3340 715 3405 p.
766 3335 916 3399 204,
961 3335 1018 3383 2.
1076 3315 1445 3401 ἐποχουμένη
1481 3316 1576 3381 καὶ
1618 3318 1689 3395 rii
1726 3313 2010 3402 προτέρᾳ]
2058 3315 2251 3379 Incu-

564 3420 722 3487 bam
771 3420 1070 3509 inferiori
1120 3418 1380 3484 Ficinus
1394 3442 1417 3499 3
1491 3417 1661 3483 unde
1716 3415 2049 3481 credideris
2104 3439 2247 3481 eum

564 3521 893 3610 conjecisse
933 3526 1004 3604 τῇ
1047 3520 1411 3604 ποῤῥωτέρω,
1450 3522 1509 3585 ei
1544 3542 1684 3608 qius
1720 3521 2017 3585 remotius
2057 3520 2249 3600 abest,

566 3648 649 3691 sc.
680 3648 721 3691 a
747 3623 1070 3713 superiori.
1114 3622 1231 3688 Vel
1257 3622 1516 3688 fortasse
1541 3622 1632 3688 ita
1654 3620 1865 3702 vertit,
1896 3621 2075 3709 quasi
2104 3621 2249 3687 Plo-

567 3727 756 3807 tinus,
799 3728 880 3793 ab
923 3726 1150 3792 infimis
1193 3725 1512 3815 incipiens,
1554 3728 1834 3813 priorem
1874 3724 2062 3803 dicat,
2105 3748 2250 3812 quae

564 3829 819 3899 inferior
864 3829 962 3897 sit.
1022 3831 1126 3895 De
1176 3852 1296 3894 usu
1343 3843 1405 3894 et
1441 3826 1896 3895 constructione
1932 3828 2107 3892 verbi
2145 3831 2246 3894 ἑπ-

566 3937 841 4016 οχεῖσθαι
881 3930 1170 4020 pluribus
1211 3930 1311 4018 egi
1353 3929 1436 3995 ad
1480 3929 1708 3995 Plotin.
1740 3930 1800 3995 I.
1832 3930 1897 3994 6.
1927 3930 2033 4014 56.
2067 3931 2148 3995 F.
2183 3929 2250 3995 in

565 4033 744 4099 Edit.
774 4032 978 4122 pecul.
1007 4056 1073 4121 p.
1105 4052 1257 4118 340.
1284 4056 1376 4120 sq.
1423 4032 1504 4097 cf.
1536 4055 1600 4120 p.
1632 4048 1740 4116 52.
1773 4034 1855 4096 E.
1887 4033 2126 4115 μορφὴν
2155 4032 2250 4098 ἐπὶ

566 4137 780 4206 ἄλλαις
818 4142 1076 4219 μορφαῖς
1119 4134 1544 4219 ἐποχουμένην,
1574 4134 1753 4222 quasi
1777 4137 2247 4223 inequitantem,

563 4249 802 4307 vectam
829 4263 853 4303 .·
904 4237 1176 4304 Locutio
1231 4237 1421 4303 ducta
1475 4261 1516 4302 a
1561 4236 1831 4324 navigio,
1882 4260 2095 4318 curru,
2144 4237 2252 4324 ju-

562 4356 797 4409 mento.
844 4342 950 4409 Cf.
985 4340 1320 4430 Wyttenb.
1367 4340 1449 4405 ad
1494 4339 1813 4406 Plutarch.
1846 4340 1927 4406 de
1968 4342 2033 4406 S.
2061 4340 2148 4405 N.
2172 4342 2247 4406 V.

561 4467 627 4533 p.
664 4445 768 4510 86.
802 4467 865 4533 p.
898 4461 1043 4529 271.
1072 4443 1169 4508 ed.
1200 4466 1341 4509 noV.
1370 4455 1434 4508 et
1460 4442 1541 4507 ad
1584 4442 1692 4508 lib.
1734 4442 1816 4508 de
1852 4444 2027 4508 Fort.
2060 4441 2247 4508 Alex.

563 4571 627 4635 p.
659 4549 800 4614 126.
830 4563 896 4613 et
924 4546 1221 4612 Coi-aium
1264 4545 1347 4614 ad
1392 4544 1768 4633 Hippocrat.
1807 4546 1888 4611 de
1925 4568 2073 4633 aqu.
2103 4555 2249 4610 aere

563 4664 629 4716 et
656 4649 809 4717 locis
834 4672 902 4739 p.
931 4669 1079 4736 330.
1152 4652 1620 4737 Argumentum
1662 4661 1872 4713 autem
1916 4648 2108 4735 hujus
2149 4670 2249 4713 ca-

564 4752 712 4841 pitis
760 4751 1097 4819 Plotiniani
1150 4751 1354 4818 lucem
1401 4748 1775 4816 nanciscitur
1829 4774 1910 4816 ex
1963 4750 2058 4829 iis,
2104 4773 2250 4837 quae

561 4854 710 4922 alibi
737 4854 1040 4943 disputat,
1069 4853 1410 4942 praesertim
1437 4853 1501 4919 in
1530 4852 1692 4919 libro
1718 4853 1797 4919 de
1826 4853 2026 4919 tribus
2051 4853 2251 4941 hypo-

563 4957 850 5025 stasibus.
895 4957 1041 5025 vid.
1068 4973 1142 5023 ut
1168 4957 1288 5023 hoc
1325 4971 1488 5036 utar,
1516 4956 1681 5022 infra
1707 4955 1787 5020 V.
1818 4976 1874 5020 1.
1905 4956 1965 5021 8.
1996 4978 2063 5043 p.
2093 4974 2243 5040 490.

562 5075 626 5126 et
651 5083 721 5149 p.
745 5080 898 5146 494.
971 5063 1287 5126 Caeterum
1339 5058 1457 5124 hoc
1500 5058 1581 5124 de
1628 5057 1785 5137 loco,
1835 5080 2025 5146 quem
2081 5079 2249 5123 nunc

562 5178 921 5242 tractamus,
952 5162 1232 5251 disputat
1258 5160 1565 5229 Brucker.
1590 5161 1657 5226 in
1686 5160 1860 5227 Hist.
1904 5160 2063 5227 Crit.
2099 5159 2249 5225 Phi-

562 5264 674 5333 los.
702 5290 771 5355 p.
799 5285 950 5351 409.
983 5288 1075 5352 sq.

644 5406 735 5421 —·
748 5385 816 5456 5.
844 5370 1058 5454 Κύκλῳ
1080 5368 1186 5433 οὖν
1205 5369 1429 5450 ἐκείνης
1448 5368 1856 5451 περιεχούσης,
1877 5367 2248 5432 συννεύουσα

565 5470 982 5555 ἐπιστρέφεται
1011 5498 1065 5536 κ.
1087 5496 1139 5535 τ.
1159 5471 1250 5555 λ.]
1288 5471 1486 5536 Notat
1511 5468 1629 5534 hoc
1656 5469 1905 5535 nomine
1930 5468 2247 5534 Plotinum

564 5587 752 5661 atque
800 5573 1009 5662 ipsum
1042 5571 1390 5654 Platonem,
1434 5572 1608 5660 quod
1655 5595 1735 5638 ex
1777 5571 1967 5637 animi
2012 5570 2249 5637 viribus

3929 599 4010 671 95

2334 743 2922 832 operationibusque
2947 746 3156 811 omnia
3181 747 3461 837 adeoque
3478 773 3804 839 corporum
3833 776 4017 820 mun-

2335 846 2640 912 danorum
2687 861 2926 912 motum
2975 850 3382 939 ordinemque
3423 853 3728 941 explicare
3774 856 4017 923 institu-

2335 966 2468 1029 ant,
2500 949 2970 1017 Tiedemannus
3011 952 3076 1017 in
3119 952 3312 1019 libro:
3364 956 3538 1021 θεία
3579 957 3693 1022 der
3731 962 4013 1047 specula-

2336 1053 2508 1118 tiven
2536 1053 2935 1141 Philosophia
2965 1056 3104 1121 111.
3138 1079 3201 1144 p.
3239 1076 3381 1143 293.
3415 1058 3673 1141 addem,
3701 1060 3890 1128 latere
3920 1080 4015 1129 ta-

2334 1177 2475 1220 men
2518 1155 2583 1219 in
2626 1154 2723 1220 his
2766 1155 2966 1244 prima
3003 1158 3262 1247 vestigia
3297 1160 3615 1243 doctrinae,
3656 1163 3872 1254 multis
3909 1189 4020 1233 sae-

2333 1256 2489 1322 culis
2527 1273 2670 1346 post
2707 1258 2992 1341 eruditae,
3020 1262 3448 1328 Attractionis.
3517 1267 3615 1330 At
3640 1288 3789 1332 vero
3830 1267 4021 1357 hujus

2333 1359 2653 1439 doctrinae,
2684 1385 2875 1450 quam
2907 1364 3316 1431 Attractionis
3357 1366 3575 1434 dicunt
3604 1383 3796 1458 atque
3831 1373 4019 1438 etiam

2338 1464 2720 1544 Gravitatis,
2765 1465 2966 1532 multo
3008 1467 3418 1535 luculentiora
3472 1471 3808 1558 primordia
3854 1499 4019 1540 com-

2332 1580 2555 1653 parent
2580 1567 2645 1632 in
2678 1567 2997 1635 Phaedone
3023 1594 3076 1635 c.
3110 1574 3216 1636 60.
3246 1571 3311 1636 in
3341 1574 3681 1642 Aristotele
3719 1577 3801 1643 de
3844 1579 4018 1644 Caelo

2337 1670 2436 1735 11.
2464 1690 2561 1757 13.
2593 1670 2872 1759 aliisque,
2901 1672 2982 1737 de
3023 1672 3255 1760 quibus
3297 1674 3479 1742 docte
3520 1679 3830 1765 exposuit,
3865 1681 4016 1747 alio-

2331 1794 2471 1837 rum
2502 1772 2913 1840 recentiorum
2939 1798 3175 1841 errores
3202 1778 3550 1862 confutans,
3565 1782 4021 1869 Wyttenbach-

2332 1873 2432 1939 ius
2470 1899 2616 1941 cum
2658 1876 2723 1941 in
2763 1880 3008 1944 Annot.
3047 1880 3114 1944 in
3145 1881 3457 1947 Posidonii
3490 1883 3742 1973 Reliqq.
3771 1909 3838 1974 p.
3872 1904 4016 1971 272.

2333 2000 2427 2065 sq.
2456 1978 2559 2044 ed.
2600 1978 2803 2058 nami,
2847 1995 2981 2046 tum
3024 1981 3092 2047 in
3135 1982 3414 2049 Platonis
3457 1986 3760 2053 Phaedon.
3804 1990 3849 2053 l.
3880 1989 3922 2054 l.
3951 2013 4016 2078 p.

2337 2080 2698 2165 296-298,
2746 2083 3063 2148 Caeterum
3090 2085 3444 2171 nuperrime
3471 2086 3641 2153 hunc
3670 2087 3901 2156 Plotini
3930 2089 4018 2154 lo-

2333 2202 2478 2246 cum
2513 2181 2805 2248 adhibuit
2833 2183 2930 2249 vir
2969 2185 3195 2250 artium
3241 2187 3644 2273 peritissimus
3674 2191 4018 2278 Inghirami

2334 2285 2401 2350 in
2428 2309 2638 2374 opere,
2668 2287 2841 2376 quod
2878 2288 3235 2354 inscribitur
3262 2292 3660 2357 Monummti
3688 2294 4018 2374 Etruschi,

2330 2387 2412 2452 ad
2457 2388 2585 2454 tab.
2624 2410 2732 2476 33.
2776 2390 2839 2455 in
2889 2414 2964 2457 ea
3009 2406 3207 2481 parte,
3252 2393 3362 2457 ubi
3396 2393 3476 2458 de
3513 2393 3674 2459 vasis
3721 2396 4017 2463 fictilibus

2330 2491 2559 2580 agitur,
2589 2515 2652 2580 p.
2681 2493 2829 2581 365.

2985 2681 3046 2747 L
3061 2683 3095 2746 1
3109 2684 3183 2747 B.
3232 2683 3369 2748 111.

2421 2800 2498 2864 P.
2532 2818 2679 2882 242,
2700 2815 2761 2882 7.
2789 2804 2983 2866 ΠΕΡΙ
3011 2806 3177 2867 ΤΟΥ
3205 2807 3287 2868 ΕΙ
3319 2808 3552 2869 ΠΟΙΕῙ
3583 2810 3692 2871 ΤΑ
3722 2809 4013 2897 ΑΣΤΡΑ]

2335 2901 2531 2967 Liber
2572 2902 3124 2991 quinquagesimus
3167 2905 3497 2985 secundus,
3533 2930 3606 2972 ac
3646 2908 3906 2995 proinde
3940 2933 4019 2975 ex

2336 3004 2595 3084 ultimis,
2651 3028 2811 3093 quos
2870 3004 3159 3072 Plotinus
3216 3008 3595 3097 conscripsit,
3652 3026 4020 3098 argumento

2334 3121 2544 3172 autem
2572 3108 2941 3196 conjunctus
2967 3132 3109 3174 cum
3140 3108 3313 3175 libris
3338 3112 3618 3198 ejusdem
3656 3112 3737 3178 de
3765 3116 3931 3180 Fato
3958 3131 4022 3180 et

2335 3209 2415 3274 de
2457 3211 2889 3276 Providentia.
2961 3211 3106 3278 Vid.
3138 3214 3474 3306 Porphyr..
3486 3213 3568 3282 de
3596 3215 3740 3281 Vita
3767 3215 3934 3283 Plot.
3963 3240 4016 3283 c.

2339 3331 2466 3394 24.;
2500 3315 2612 3401 qui
2639 3314 2805 3380 idem
2833 3314 2955 3381 alio
2982 3314 3118 3382 loco
3148 3332 3429 3397 testatur,
3451 3318 3891 3409 philosophum
3913 3344 4022 3386 no-

2336 3429 2533 3482 strum
2569 3440 2713 3482 cum
2743 3418 3224 3506 Astrologorum
3268 3420 3696 3507 praedictiones
3732 3421 3858 3487 fide
3896 3446 4018 3488 non

2332 3540 2464 3583 esse
2492 3516 2713 3605 dignas
2743 3516 3265 3607 deprehendisset,
3285 3543 3409 3585 non
3433 3521 3725 3609 piguisse,
3743 3523 3808 3586 in
3831 3525 4020 3612 scrip-

2333 3619 2413 3685 tis
2441 3619 2569 3685 suis
2596 3643 2810 3686 eorum
2848 3621 3150 3709 praesagia
3191 3622 3513 3688 confutare
3543 3625 3622 3706 (c.
3654 3627 3814 3710 15.).
3905 3628 4018 3692 Tu

2333 3724 2566 3804 confer,
2585 3737 2815 3811 praeter
2840 3723 3010 3788 hunc
3035 3724 3240 3811 ipsum
3271 3723 3523 3804 librum,
3548 3725 3662 3791 hos
3687 3726 3851 3793 locos
3874 3727 4020 3793 Plo-

2335 3825 2448 3890 tini
2476 3849 2537 3914 p.
2569 3844 2717 3892 211.
2750 3850 2843 3913 sq.
2869 3845 3015 3913 232.
3048 3828 3196 3911 263.
3226 3842 3371 3912 245.
3397 3844 3544 3912 275.
3591 3830 3777 3894 Hanc
3805 3846 4017 3897 autem

2332 3928 2531 4016 ipsam
2562 3928 2925 3994 sententiam
2955 3928 3036 3993 de
3062 3942 3366 3994 astrorum
3400 3929 3496 3995 vel
3523 3931 3803 4019 potentia
3826 3931 3891 3997 in
3920 3956 4018 3999 res
4091 4012 4100 4027 ³

2335 4029 2639 4096 humanas
2685 4030 2781 4096 vel
2821 4030 3184 4119 impotentia
3228 4031 3456 4120 singuli
3503 4032 3634 4099 fere
3677 4033 4020 4122 attigerunt

2333 4132 2683 4222 philosophi
2707 4162 2722 4209 ς
2755 4133 2850 4199 uti
2869 4133 2968 4199 vel
3000 4134 3313 4199 Ciceronis
3337 4134 3480 4200 libri
3509 4134 3591 4202 de
3618 4135 4018 4204 Divinatione

2334 4250 2397 4302 et
2423 4236 2503 4301 de
2532 4237 2695 4302 Fato
2725 4259 3237 4325 unumquemque
3258 4237 3478 4303 docere
3505 4255 3789 4326 possunt.
3877 4243 4019 4320 Qua

2332 4338 2399 4403 in
2426 4361 2494 4403 re
2521 4339 2798 4427 ejusdem
2831 4363 2994 4428 soepe
3033 4339 3283 4407 familiae
3310 4340 3545 4406 alumni
3573 4365 3612 4407 a
3650 4365 3715 4406 se
3755 4341 4014 4409 invicem

2334 4440 2765 4508 discesserunt.
2857 4443 2982 4522 Sic,
3028 4459 3102 4508 ut
3147 4443 3265 4508 hoc
3315 4457 3478 4522 utar,
3529 4468 3567 4509 e
3618 4444 3857 4525 Stoicis,
3906 4446 4016 4533 qui

2331 4544 2563 4632 alioqui
2609 4561 2813 4610 tamen
2858 4545 3030 4610 fatali
3085 4545 3427 4611 necessitati
3474 4545 3741 4611 multum
3786 4547 4019 4613 tribue-

2329 4647 2506 4727 bant,
2535 4647 2618 4713 de
2659 4647 3058 4713 Divinatione
3101 4648 3388 4713 universa
3431 4648 3759 4715 dubitabat
3804 4649 4019 4715 Panae·

2334 4749 2477 4815 tius.
2568 4750 2698 4816 Cic.
2743 4751 2823 4816 de
2866 4750 3080 4815 Divin.
3132 4752 3193 4815 I.
3233 4771 3297 4837 3.
3343 4758 3388 4790 “
3411 4752 3534 4816 Sed
3575 4775 3614 4817 a
3657 4751 3879 4819 Stoicis
3919 4752 4019 4818 vel

2330 4852 2618 4942 princeps
2674 4853 2866 4941 hujus
2919 4851 3740 4941 disciplinae—degeneravit
3794 4857 4015 4921 Panse·

2332 4955 2491 5021 tius:
2538 4979 2653 5021 nec
2681 4969 2884 5022 tamen
2914 4979 3104 5020 ausus
3131 4970 3223 5020 est
3251 4978 3498 5043 negare,
3530 4956 3657 5023 vim
3696 4981 3827 5023 esse
3863 4957 4018 5024 divi-

2332 5058 2558 5134 nandi;
2607 5058 2717 5124 sed
2744 5057 3031 5124 dubitare
3054 5081 3119 5122 se
3148 5058 3360 5123 dixit.”
3447 5059 3545 5122 Cf.
3576 5082 3696 5124 van
3727 5059 4014 5148 Lynden.

2333 5161 2413 5226 de
2444 5160 2728 5226 Panaetio
2754 5184 2818 5249 p.
2853 5177 2953 5244 70.
2988 5184 3127 5248 sqq.
3160 5174 3223 5225 et
3248 5159 3511 5225 aliorum
3545 5163 3890 5227 Stoicorum
3919 5161 4018 5227 his

2332 5263 2414 5329 de
2438 5264 2628 5329 rebus
2657 5265 2904 5329 decreta
2932 5263 3105 5350 quod
3132 5262 3375 5343 attinet,
3408 5264 3672 5351 Baguet.
3703 5263 3781 5327 de
3811 5262 4015 5353 Chry-

2334 5366 2514 5454 sippo
2544 5369 2606 5451 §-
2642 5367 3007 5431 XXXIX.
3039 5389 3130 5452 sq.
3163 5388 3225 5452 p.
3258 5385 3360 5451 94.
3398 5389 3534 5453 sqq.
3582 5364 3705 5431 Sed
3734 5366 4017 5433 universe

2334 5468 2415 5534 de
2456 5468 2553 5534 his
2594 5466 2834 5555 placitis
2877 5467 3398 5556 Philosophorum
3444 5482 3726 5532 veterum
3768 5466 4018 5534 dicendi

2332 5570 2532 5637 otium
2561 5571 2740 5637 nobis
2766 5569 2913 5636 fecit
2942 5569 3363 5637 Cudworthus
3389 5568 3639 5656 egregia
3665 5592 3780 5635 sua
3805 5569 4018 5660 dispu-
