5118 6613
1082 541 1200 608 168

1076 717 1193 797 γὰρ
1228 714 1424 791 ἴσμεν,
1468 712 1561 774 ὅτι
1604 708 1710 775 οὐκ
1757 708 1923 774 ἔστιν
1966 708 2109 774 ἄνευ
2136 704 2403 789 Ἔρωτος
2427 703 2773 787 Ἀφροδίτη.

1075 819 1214 895 μιᾶς
1239 816 1352 895 μὲν
1385 813 1492 877 οὖν
1521 813 1703 892 οὔσης
1731 812 1816 879 εἷς
1843 808 1920 875 ἂν
1949 810 2024 890 ἦν
2043 808 2257 891 Ἔρως.
2308 809 2438 873 ἐπεὶ
2476 810 2541 872 δὲ
2570 808 2640 886 δὴ
2671 808 2774 872 δύο

1080 918 1282 992 ἐστὸν,
1314 919 1416 983 δύο
1458 915 1686 998 ἀνάγκη
1723 915 1821 980 καὶ
1839 912 2071 995 Ἔρωτε
2113 911 2282 977 εἶναι.
2330 915 2452 977 πῶς
2491 908 2539 973 δ’
2572 908 2643 973 οὗ
2675 909 2777 973 δύο

1078 1023 1161 1086 τὸ
1192 1001 1338 1095 aed}
1399 1021 1437 1100 ἡ
1463 1018 1575 1101 μέν
1606 1018 1682 1102 γέ
1708 1043 1825 1082 που
1851 1013 2235 1097 πρεσβυτέρα
2264 1014 2360 1078 καὶ
2390 1011 2626 1093 ἀμήτωρ
2655 1011 2778 1076 Οὖ-

1078 1127 1265 1206 ρανοΰ
1290 1122 1568 1205 θυγάτηρ,
1600 1120 1674 1200 ἣν
1705 1121 1770 1185 δὲ
1801 1121 1895 1184 καὶ
1925 1118 2207 1200 οὐρανίαν
2238 1113 2697 1195 ἐπονομάζομεν·
2740 1113 2779 1192 ἦ

1079 1227 1146 1290 δὲ
1173 1224 1417 1307 δευτέρα
1447 1224 1595 1292 Διὸς
1625 1224 1721 1288 καὶ
1751 1223 2000 1301 Διώνης,
2030 1220 2105 1300 ἣν
2133 1220 2203 1300 δὴ
2232 1219 2538 1299 πάνδημον
2569 1220 2782 1282 καλοῦ-

1076 1354 1211 1409 μεν.
1304 1330 1507 1407 Quem
1555 1326 1763 1391 locum
1806 1323 1992 1389 multi
2020 1333 2405 1400 tractarunt3
2455 1319 2625 1385 unde
2670 1342 2781 1385 no-

1079 1430 1362 1496 vissimos
1419 1443 1664 1495 tantum
1726 1427 2038 1493 laudabo:
2098 1428 2201 1492 Jo.
2256 1428 2454 1513 Bapt.
2518 1427 2659 1489 Vico
2713 1422 2777 1487 in

1082 1533 1408 1623 Principiis
1438 1534 1641 1598 Novae
1674 1530 1962 1597 Scientiae
1999 1553 2063 1617 p.
2093 1530 2243 1616 362.
2277 1552 2433 1593 vers.
2479 1529 2777 1592 German.

1092 1637 1332 1701 Weber-i
1369 1635 1782 1700 Tiedemann.
1812 1633 1876 1697 in
1911 1633 2089 1697 Geist
2114 1633 2229 1696 der
2256 1629 2586 1717 Spekulat.
2618 1629 2778 1694 Phi-

1077 1741 1350 1828 losophie
1382 1740 1523 1804 ΙΙΙ.
1551 1762 1614 1827 p.
1638 1758 1789 1823 415.
1820 1752 1884 1802 et
1913 1735 2278 1801 Heusdium
2300 1735 2363 1800 in
2397 1733 2603 1800 Initiis
2621 1734 2777 1800 Phi-

1081 1842 1379 1932 losophiae
1412 1840 1752 1907 Platonicae
1784 1841 1846 1905 I.
1878 1863 1944 1928 p.
1975 1858 2117 1906 112.
2153 1862 2246 1925 sq.

1167 1969 1232 2033 p.
1258 1963 1411 2032 530,
1443 1962 1543 2029 17.
1591 1946 1686 2010 καὶ
1716 1945 1786 2025 δὴ
1827 1945 1921 2009 καὶ
1961 1945 2080 2008 ὅσα
2109 1945 2177 2008 ἐν
2201 1944 2521 2029 Συμποσίῳ
2562 1946 2782 2025 εἴρηται

1080 2047 1520 2131 παραληπτέον,
1543 2051 1611 2113 ἐν
1627 2048 1715 2116 οἷς
1741 2048 1847 2113 οὐκ
1873 2046 2228 2129 Ἀφροδίτης
2253 2049 2607 2130 γενεθλίοις,
2632 2049 2784 2111 ἐκ-

1079 2157 1184 2217 τοῦ
1206 2152 1442 2241 Πόρου]
1472 2153 1870 2216 Lacunosum
1889 2149 2094 2215 locum
2117 2150 2206 2215 ita
2233 2148 2580 2237 expleveris
2607 2152 2783 2215 ε-ἐν

1080 2257 1168 2322 οἷς
1213 2255 1320 2319 οὐκ
1361 2254 1466 2319 οἶδ’
1499 2253 1856 2337 Ἀφροδίτης
1898 2254 2233 2337 γενεθλίοις
2271 2254 2528 2317 ἐκ-τοῦ
2580 2254 2783 2335 Πόρου

1071 2357 1314 2440 Ἔρωτα
1343 2357 1677 2440 γεγονέναι.
1771 2358 2085 2422 Praeterea
2134 2371 2282 2420 sunt
2323 2355 2508 2420 etiam
2556 2354 2783 2443 adjun-

1076 2460 1307 2548 genda,
1337 2483 1484 2548 quae
1513 2459 1576 2524 in
1611 2460 1944 2547 Symposio
1970 2458 2271 2524 dicuntur
2297 2460 2370 2523 in
2398 2461 2605 2524 nescio
2634 2462 2778 2546 qui-

1078 2564 1195 2628 bus
1226 2563 1484 2628 Veneris
1507 2561 1817 2628 natalibus
1845 2586 1922 2627 ex
1955 2561 2154 2628 Penia
2180 2576 2244 2626 et
2276 2562 2444 2626 Poro
2475 2565 2778 2627 Amorem

1067 2668 1483 2755 progenitum
1528 2689 1679 2731 esse.
1770 2665 2028 2731 Ficinus
2072 2680 2281 2731 tamen
2325 2664 2388 2728 in
2434 2688 2549 2729 sua
2593 2665 2781 2730 inter-

1078 2767 1424 2854 pretatione
1482 2766 1662 2831 aliter
1722 2767 1927 2832 locum
1989 2767 2362 2855 integravit:
2441 2769 2508 2832 ἐν
2568 2769 2655 2835 οἷς
2712 2772 2780 2834 ἐν

1078 2869 1434 2953 Ἀφροδίτης
1480 2872 2105 2953 γενεθλίοις-Πόρου
2163 2870 2481 2953 γεγονέναι
2537 2870 2782 2954 λέγεται

1072 2972 1288 3054 Ἔρως.
1382 2972 1497 3047 Ac,
1529 2993 1607 3035 ne
1636 2971 1790 3058 quid
1814 2971 2219 3050 dissimulem,
2246 2972 2380 3037 hoec
2408 2973 2567 3039 ratio
2598 2997 2782 3063 prop-

1086 3091 1254 3140 terea
1303 3072 1507 3137 verior
1552 3073 1824 3151 videtur,
1868 3072 2043 3160 quod
2086 3072 2149 3137 in
2196 3074 2558 3139 testimoniis
2586 3077 2779 3165 scrip-

1087 3194 1294 3243 torum
1326 3173 1589 3241 citandis
1616 3176 1902 3263 usurpari
1933 3174 2089 3241 solet
2110 3175 2421 3250 formula3
2472 3180 2540 3243 ἐν
2570 3179 2657 3248 οἶς
2684 3181 2785 3246 λέ-

1087 3306 1273 3365 γεται.
1365 3279 1679 3345 Caeterum
1722 3278 1893 3367 quod
1935 3278 2089 3345 edit.
2136 3279 2326 3345 habet
2368 3303 2431 3346 m
2483 3297 2781 3349 contextu

1085 3387 1342 3467 πόρνου;
1394 3383 1622 3470 saepius
1659 3398 1980 3470 peccatum
2028 3384 2092 3448 in
2138 3385 2254 3450 boc
2299 3385 2569 3452 nomine.
2635 3388 2778 3453 vid.

1086 3488 1379 3576 interprr.
1426 3487 1507 3552 ad
1551 3486 1727 3574 Orig.
1781 3510 1831 3552 c.
1892 3486 2145 3552 Celsum
2192 3489 2306 3555 IV.
2358 3512 2417 3576 p.
2469 3509 2623 3575 532.
2678 3491 2786 3556 ubi

1088 3597 1300 3674 Πῶρος
1350 3589 1628 3655 similiter
1684 3603 1878 3678 atque
1937 3591 1998 3655 in
2059 3591 2420 3680 Porphyrio
2477 3592 2557 3656 de
2606 3609 2787 3660 antro

1089 3694 1375 3783 Nymph.
1421 3717 1485 3782 p.
1534 3713 1674 3775 107.
1725 3693 1833 3758 ubi
1876 3694 2009 3761 vid.
2068 3695 2299 3761 Goens.
2352 3696 2414 3759 in
2476 3696 2784 3783 Ejusdem

1088 3797 1261 3862 libris
1299 3797 1378 3862 de
1416 3796 1672 3862 Abstin.
1721 3797 1862 3862 111.
1897 3821 1960 3885 p.
2006 3800 2151 3886 289.
2185 3799 2419 3864 Rboer.
2452 3799 2613 3864 tueri
2651 3822 2785 3866 ma-

1090 3900 1162 3964 lit
1197 3899 1515 3987 vulgatam
1555 3899 1878 3965 lectionem
1922 3902 2030 3966 τὸν
2075 3904 2270 3984 κόρον.
2366 3902 2444 3967 In
2481 3901 2648 3968 illius
2692 3918 2784 3969 ta-

1092 4023 1233 4065 men
1285 4000 1617 4065 Sententiis
1658 4024 1724 4088 p.
1754 4005 1895 4080 248.
1923 4004 2220 4068 Cantabr.
2246 4004 2356 4068 fin.
2379 4005 2551 4069 haud
2597 4005 2789 4071 dubie

1091 4102 1463 4191 legendum:
1513 4106 1620 4182 τὴν
1646 4105 1759 4183 μὲν
1791 4106 2024 4173 εἰκότως
2052 4108 2302 4171 Πενίαν·
2346 4108 2452 4186 τὴν
2482 4111 2548 4172 δὲ
2583 4111 2789 4194 Πόρον

1100 4210 1242 4295 (pro
1290 4208 1490 4287 κόρον)
1545 4207 1604 4269 οἱ
1651 4209 1824 4269 τοῦτο
1883 4213 2115 4287 πρῶτον
2160 4211 2405 4291 γνόντες
2450 4215 2550 4288 τῆς
2592 4216 2793 4295 ψυχῆς

1092 4310 1159 4373 τὸ
1202 4313 1422 4390 πλῆρες
1464 4307 1761 4387 ἠνίξαντο.
1854 4309 2033 4374 Infra
2074 4333 2138 4397 p.
2170 4331 2318 4397 317.
2355 4314 2433 4377 C.
2476 4313 2622 4378 item
2654 4338 2786 4380 cor·

1094 4411 1369 4477 reximus
1398 4409 1615 4475 falsam
1647 4410 1969 4477 lectionem
1997 4418 2077 4500 τῷ
2108 4416 2345 4502 Πόῤῥῳ.

1182 4541 1247 4604 p.
1284 4536 1429 4603 231,
1466 4517 1522 4580 8.
1570 4519 1660 4581 ὅτι
1687 4521 1832 4599 μηδὲ
1864 4520 1930 4583 ἐν
1961 4520 2189 4607 οὗρανῷ
2219 4521 2428 4611 γάμοι]
2481 4524 2645 4589 Haec
2672 4523 2786 4588 ad·

1097 4636 1352 4686 monent
1390 4618 1637 4683 illorum
1668 4618 1730 4683 in
1765 4622 2015 4710 Evang.
2052 4622 2255 4687 Marci
2284 4624 2449 4689 XII.
2479 4645 2594 4712 25:
2644 4627 2789 4690 ὅταν

1098 4728 1214 4808 γὰρ
1245 4725 1311 4787 ἐκ
1350 4727 1571 4804 νεκρῶν
1603 4724 1966 4802 ἀναστῶσιν,
1998 4726 2134 4790 οὔτε
2177 4730 2472 4808 γαμοῦσιν
2512 4731 2650 4794 οὔτε
2678 4755 2789 4812 γα-

1098 4830 1410 4909 μίσκονται
1439 4825 1577 4890 ἀλλ’
1622 4828 1776 4891 εἰσὶν
1823 4829 1899 4894 ὣς
1934 4830 2185 4910 ἄγγελοι
2231 4830 2299 4892 ἐν
2339 4835 2459 4898 τοῖς
2503 4832 2792 4913 οὐρανοῖς.

1102 4934 1403 5019 Disputat
1430 4945 1640 4996 autem
1684 4930 1764 4997 de
1803 4931 1920 4997 hoc
1963 4931 2100 4997 loco
2146 4932 2511 5000 Cudworth.
2545 4937 2609 4999 in
2642 4938 2792 5024 Sys-

1103 5052 1252 5102 tem.
1288 5033 1593 5100 Intellect.
1635 5058 1699 5123 p.
1735 5037 1880 5100 660.
1915 5037 2059 5120 679.
2093 5052 2156 5100 et
2197 5037 2509 5102 Moshem.
2542 5038 2693 5104 ibid.
2725 5063 2790 5126 p.

1102 5139 1246 5206 680.
1289 5139 1437 5205 681.
1469 5139 1615 5203 682.
1670 5138 1972 5202 Brucker.
2021 5139 2082 5203 in
2138 5138 2307 5203 Hist.
2347 5140 2507 5205 Crit.
2556 5141 2796 5207 Philos.

1105 5244 1202 5309 11.
1255 5265 1316 5330 p.
1349 5260 1497 5326 405.
1548 5264 1642 5329 sq.
1670 5253 1819 5304 :—“
1855 5241 2441 5329 Supramundanam
2479 5245 2614 5331 jam
2660 5244 2794 5309 ani·

1103 5368 1269 5410 mam
1299 5344 1592 5410 Natuisse
1622 5366 1745 5407 non
1778 5357 2018 5409 tantum
2052 5345 2373 5410 Amelium
2405 5362 2467 5411 et
2513 5347 2794 5435 Porphy-

1107 5447 1293 5528 rium,
1323 5445 1430 5511 sed
1461 5463 1525 5512 et
1574 5445 1890 5512 Plotinum
1931 5446 2135 5512 innuit
2184 5448 2438 5514 Procius
2488 5450 2580 5532 (in
2623 5451 2791 5514 Tim.

1106 5573 1173 5639 p.
1206 5569 1309 5638 92.
1344 5553 1465 5638 sq.)
1557 5550 1803 5629 Quibus
1831 5549 1895 5613 in
1925 5549 2130 5615 verbis
2150 5551 2264 5615 etsi
2294 5550 2374 5616 de
2405 5551 2649 5618 Plotino
2676 5552 2798 5617 du-

2050 531 2878 598 ANNOTATIONES
2943 530 3053 595 IN
3119 528 3568 595 PLOTINI

2859 702 3018 768 bitat
3060 700 3336 781 Proclus,
3365 717 3531 768 recte
3566 717 3774 768 tamen
3815 700 4060 765 monuit
4107 697 4550 776 Cndworthus,

2866 806 3216 896 Porphyrio
3243 828 3365 871 non
3396 804 3830 894 denegandam
3853 827 3986 869 esse
4011 803 4127 868 hac
4156 802 4220 867 in
4250 825 4316 867 re
4345 802 4553 879 fidem,

2864 910 2976 998 qui
3005 909 3235 976 scilicet
3271 909 3675 998 praeceptoris
3717 924 3990 973 mentem
4032 906 4112 972 ad
4161 928 4442 994 unguem
4473 920 4555 971 te-

2865 1012 3024 1078 nuit.
3115 1013 3252 1077 Nec
3301 1034 3340 1077 a
3383 1009 3918 1076 verisimilitudine
3973 1007 4240 1086 abludit,
4292 1011 4554 1074 Ammo-

2865 1114 3066 1193 nium,
3095 1136 3240 1180 cum
3270 1114 3530 1179 triadem
3583 1112 3958 1179 Platonicam
3992 1111 4076 1177 ad
4105 1133 4389 1176 normam
4419 1110 4559 1177 tria-

2864 1218 2962 1284 dis
3002 1216 3376 1283 Christianae
3416 1230 3766 1295 exornaret,
3796 1215 4066 1280 animam
4098 1238 4246 1279 vero
4289 1213 4553 1281 munda·

2866 1345 3034 1400 nam,
3063 1320 3308 1387 dividui
3334 1344 3459 1386 non
3488 1320 3694 1386 minus
3721 1342 3913 1408 quam
3958 1318 4290 1398 individui,
4318 1334 4384 1384 et
4411 1319 4556 1385 alte-

2863 1428 2995 1492 rius
3042 1448 3232 1514 quam
3284 1426 3587 1514 ejusdem,
3633 1423 4023 1513 participem,
4062 1445 4317 1511 prorsus
4359 1421 4559 1510 digni.

2865 1530 2978 1596 tati
3050 1529 3405 1594 divinorum
3461 1527 3907 1617 principiorum
3981 1549 4108 1592 non
4181 1525 4555 1614 respondere

2866 1634 3126 1714 videret,
3156 1634 3319 1700 banc
3348 1633 3800 1698 distinctionem
3838 1629 4300 1718 excogitavisse.
4391 1631 4554 1694 Nam

2865 1739 3038 1826 quod
3083 1738 3458 1805 Cadmortlao
3487 1737 3713 1814 visum,
3745 1735 4009 1800 inveniri
4048 1757 4183 1800 eam
4220 1734 4355 1821 jam
4386 1733 4554 1822 apud

2869 1842 3217 1919 Platonem,
3248 1839 3475 1905 falsum
3504 1839 3759 1904 omnino
3784 1852 3900 1914 est,
3932 1852 3993 1902 et
4024 1836 4104 1901 ad
4135 1835 4558 1921 exculpandos

2869 1961 3109 2011 tantum
3142 1944 3524 2021 Platonicos,
3556 1966 3717 2029 quos
3744 1940 3928 2007 valde
3956 1941 4279 2028 deperibat
4303 1941 4400 2004 vir
4417 1964 4560 2005 acu·

2869 2048 3165 2126 tissimu3‚
3208 2045 3686 2134 excogitatum.''
3776 2046 4104 2131 Integrum
4152 2043 4323 2108 hunc
4352 2043 4556 2108 locum

2866 2150 3131 2238 apposui
3170 2170 3314 2215 cum
3343 2149 3492 2236 quia
3524 2148 3658 2214 haec
3701 2146 3968 2236 quaestio
4008 2146 4303 2234 primaria
4344 2162 4439 2212 est
4482 2147 4559 2213 de

2868 2252 3118 2340 duplice
3156 2252 3364 2318 anima
3392 2251 3634 2330 mnndi,
3664 2263 3797 2315 tum
3828 2273 3959 2336 quo
3984 2249 4104 2314 hoc
4133 2249 4423 2337 exemplo
4466 2250 4556 2314 in-

2869 2356 3208 2444 telligatur,
3259 2353 3579 2444 quomodo
3635 2353 4047 2419 recentiorum
4096 2351 4558 2418 Platonicorum

2868 2460 3096 2549 placita
3145 2482 3490 2546 eorumque
3546 2459 3946 2546 interpretem
4009 2456 4441 2523 Britannicum
4491 2475 4560 2523 ut

2867 2565 3212 2653 plurimum
3256 2564 3607 2652 acceperint
3638 2563 4030 2629 Mosloemius
4069 2575 4132 2626 et
4170 2563 4556 2628 Bmckerus.

2866 2670 2987 2745 Ut,
3019 2691 3138 2754 ego
3181 2665 3335 2755 quid
3384 2667 3670 2744 seutiam,
3715 2665 3985 2752 ingenue
4028 2665 4250 2743 fatear,
4288 2667 4561 2755 utrique,

2866 2787 2929 2836 et
2959 2772 3309 2836 Moshemio
3353 2786 3418 2835 et
3446 2771 3797 2847 Bruckero,
3840 2790 3975 2833 eam
4020 2768 4290 2834 defuisse
4333 2770 4563 2856 ingenii

2865 2874 3139 2940 indolem
3169 2874 3517 2961 mentisque
3545 2874 3940 2960 sagacitatem
3972 2895 4211 2951 censeo,
4244 2888 4317 2938 ut
4360 2873 4562 2938 ubivis

2867 2994 3193 3066 penetrare
3222 2977 3543 3065 potuerint
3571 2977 3632 3041 in
3666 2977 3890 3040 horum
3922 2975 4440 3064 philosophorum
4475 2978 4564 3041 in-

2871 3082 3097 3148 teriora
3147 3080 3509 3170 penetralia,
3565 3079 3848 3166 adeoque
3909 3081 4273 3146 Cudwortht’
4347 3083 4564 3150 merita

2868 3199 3033 3249 recte
3080 3183 3401 3249 aestimare.
3492 3184 3629 3247 Nec
3672 3181 3849 3247 aliter
3899 3184 4433 3270 pronuntiandum
4487 3185 4565 3251 de

2877 3287 3327 3365 Tiedemanno,
3359 3286 3468 3375 qui
3499 3287 3632 3352 haec
3661 3287 3797 3374 ipsa
3823 3301 3887 3352 et
3915 3287 4239 3374 sequentia
4264 3289 4475 3377 attigit
4501 3290 4566 3356 in

2868 3389 3030 3454 libro
3079 3390 3259 3454 Geist
3307 3390 3421 3453 der
3468 3391 3801 3477 Spekulat.
3858 3390 4258 3479 Philosophia
4307 3393 4447 3458 111.
4498 3418 4561 3483 p.

2871 3512 3023 3573 410.
3068 3517 3160 3579 sq.
3206 3491 3347 3557 licet
3390 3491 3492 3557 hic
3536 3492 3598 3556 in
3661 3491 3894 3557 Plotini
3938 3493 4173 3558 meritis
4205 3495 4565 3582 judicandis

2872 3595 3073 3661 multo
3116 3595 3357 3683 aequior
3401 3596 3497 3661 sit.
3570 3596 3710 3660 Vid.
3753 3596 3901 3660 ibid.
3933 3619 4001 3683 p.
4032 3617 4390 3686 431-433.
4460 3603 4566 3667 Cf.

2872 3697 3059 3764 etiam
3113 3699 3552 3762 Tennemanni
3602 3699 3841 3763 Histor.
3881 3697 4119 3764 Philos.
4166 3702 4287 3765 VI.
4322 3726 4384 3790 p.
4428 3722 4565 3791 105.

2874 3824 3012 3889 sqq.
3102 3802 3445 3888 Comparat
3483 3800 3652 3865 hune
3690 3800 3896 3866 locum
3937 3824 4080 3866 cum
4113 3803 4571 3873 Valentiniano-

2873 3926 3014 3968 rum
3053 3902 3296 3992 placitis
3324 3903 3630 3968 Neander
3658 3903 3755 3969 in:
3810 3905 4171 3969 Genetische
4209 3907 4570 3976 Entwicke·

2874 4012 3041 4099 lang
3081 4010 3194 4074 der
3223 4010 3657 4075 vomekmsten
3706 4009 4113 4075 Gnostischm
4159 4009 4454 4098 Systeme.
4502 4037 4566 4102 p.

2880 4134 3022 4201 213.
3055 4138 3144 4202 sq.

2962 4254 3050 4266 —
3081 4237 3139 4302 9.
3190 4219 3257 4280 ἐκ
3302 4217 3552 4298 Κρόνου,
3588 4220 3693 4279 νοῦ
3722 4218 3893 4283 ὄντος
3934 4218 4187 4303 ἐκείνου]
4243 4218 4415 4285 Fons
4457 4220 4573 4286 hu-

2868 4319 2978 4407 jus
3024 4318 3253 4383 decreti
3299 4318 3362 4382 in
3423 4317 3703 4382 Platonis
3749 4318 4011 4407 Cratylo
4065 4343 4131 4407 p.
4181 4324 4332 4406 396.
4380 4322 4442 4388 b.
4491 4325 4568 4390 ad

2877 4444 3066 4508 quem
3089 4420 3349 4487 Procius
3372 4421 3434 4485 in
3469 4420 3733 4486 Scholiis
3757 4423 3817 4507 ξ.
3852 4443 3993 4504 104.
4025 4445 4089 4509 p.
4113 4426 4217 4488 60.
4251 4426 4566 4494 Boisson.:

2871 4523 3046 4587 Ἀλλ’
3099 4524 3244 4589 ὅταν
3291 4526 3404 4603 μὲν
3447 4526 3481 4587 ὁ
3529 4527 3756 4607 Κρόνος
3809 4530 3944 4593 νοῦς
3992 4525 4260 4608 λέγηται,
4312 4533 4571 4600 διανοίας

2877 4625 3082 4708 ἐπέχει
3124 4624 3289 4705 τάξιν
3334 4628 3366 4689 ὁ
3413 4626 3579 4699 Ζεὺς,
3627 4628 3774 4691 ὅταν
3818 4627 3865 4691 δ’
3922 4629 3996 4692 αὖ
4040 4630 4269 4709 Κρόνος
4320 4632 4568 4712 διάνοια,

2882 4728 3115 4796 πάντως
3142 4754 3257 4793 που
3297 4728 3445 4811 πρὸς
3486 4731 3682 4794 ἄλλον
3721 4735 3856 4796 τινὰ
3898 4737 4040 4797 νοῦν
4084 4732 4407 4816 ὑπέρτερον
4451 4737 4571 4801 κατ’

2884 4834 3217 4915 ἀναλογίαν
3247 4832 3521 4914 φήσομεν
3562 4836 3744 4902 οὕτως
3774 4840 4105 4899 καλεῖσθαι.
4199 4836 4334 4901 Ubi
4377 4839 4576 4905 multa

2880 4935 3159 5023 disputat
3187 4935 3249 4999 in
3283 4958 3421 5021 sqq.
3511 4935 3662 5000 Alia
3705 4936 3849 5001 dedi
3894 4937 3960 5001 in
4007 4936 4393 5004 Meletemm.
4439 4964 4578 5008 nos-

2882 5039 2994 5103 tris
3027 5039 3081 5102 I.
3114 5062 3179 5126 p.
3207 5060 3311 5120 44.
3348 5062 3437 5125 sq.
3509 5038 3670 5104 Vide
3698 5041 3880 5105 etiam
3914 5041 4240 5128 Anonymi
4258 5042 4574 5131 frag-men-

2885 5156 3018 5205 tum
3050 5143 3185 5223 περὶ
3213 5146 3366 5206 θεῶν
3393 5163 3493 5230 ap.
3526 5142 3943 5230 Koppium-in
3973 5158 4187 5208 annot.
4219 5144 4281 5208 in
4314 5146 4577 5213 Damas-

2884 5244 3049 5308 cium
3092 5245 3227 5327 περὶ
3267 5247 3468 5329 ἀρχῶν
3511 5269 3578 5334 p.
3608 5248 3715 5331 63.
3780 5248 4078 5311 Ceterum
4122 5247 4202 5312 de
4243 5251 4454 5336 Κρόνῳ
4497 5252 4578 5316 cf.

2885 5346 3118 5412 Plotin.
3152 5350 3230 5412 V.
3268 5368 3322 5412 1.
3350 5369 3413 5428 4.
3445 5365 3508 5414 et
3540 5350 3617 5412 V.
3658 5369 3708 5413 1.
3746 5368 3802 5431 7.

2971 5475 3037 5539 p.
3067 5470 3219 5538 532,
3258 5453 3357 5517 18.
3405 5454 3499 5517 καὶ
3527 5456 3629 5533 τῆς
3655 5458 3774 5517 τῶν
3805 5456 3995 5518 ὄντων
4034 5450 4268 5540 οὐσίας]
4321 5456 4387 5520 Si
4415 5480 4575 5544 proe·

2884 5555 3166 5620 cedentia
3208 5556 3517 5644 respiciaS,
3552 5560 3615 5636 ἐξ
3646 5560 3966 5640 ἐνεργείας,
3994 5558 4285 5645 conjicias
4319 5559 4581 5630 fortasse
