5118 6613
1666 529 2148 596 ADDENDA
2189 528 2321 594 ET
2369 528 3022 597 CORRIGENDA.
3968 555 4097 624 503

690 731 749 790 p.
773 709 872 787 96.
893 708 963 766 Α.
996 709 1080 786 (p.
1110 705 1241 783 178.
1266 707 1458 765 Oxon.
1487 703 1589 763 lin.
1619 722 1669 764 1.
1699 704 1871 780 text.)
1916 702 2063 763 Dele
2089 722 2315 766 comma
2341 702 2492 762 inter
2517 710 2671 779 σῶμα
2695 716 2755 763 et
2779 703 2976 779 ἔχοντα.

691 830 748 889 p.
768 824 867 886 97.
885 807 967 866 D.
1011 805 1239 865 Laudat
1260 805 1380 864 baec
1402 802 1619 863 Plotini
1637 804 1704 862 C.
1725 804 1799 862 E.
1821 804 1890 862 C.
1914 801 2287 861 Schneiderus
2315 801 2387 860 ad
2412 800 2666 860 Platonis
2688 800 3060 862 civitatvn.
3081 822 3141 882 p.
3156 803 3300 881 456.
3319 801 3393 864 Β.
3417 806 3501 884 (p.
3520 806 3658 882 308.
3678 804 3771 867 ed.
3791 807 4088 887 Schneid.)

606 905 780 971 Quod
808 917 997 965 autem
1027 901 1237 962 verbis:
1281 907 1685 977 ἀπαραλλάκτως
1709 898 1808 969 ἔξω
1835 903 1922 960 καὶ
1947 903 2007 959 τὸ
2029 904 2261 968 ὡσαύτως
2295 898 2641 978 interposuit
2665 922 2678 957 :
2725 912 2858 978 post
2880 901 2940 958 τὶ
2966 898 3028 960 in
3056 902 3414 980 parenthesi:
3464 910 3507 938 “
3526 924 3599 964 an
3626 907 3714 966 ἀεί
3728 910 3788 966 Γ·
3832 929 3939 969 nec
3965 910 4093 971 libri

608 1004 790 1065 nostri
821 1021 928 1062 nec
954 1000 1306 1081 Philoponus
1332 1002 1737 1080 suffragantur-3
1782 1000 1935 1079 quod
1962 999 2166 1059 deinde
2192 997 2419 1077 scripsit
2443 1004 2504 1065 ὸς
2533 995 2599 1072 (l.
2620 996 2692 1074 ὅς)
2722 995 2838 1076 ἔφη,
2867 996 2947 1056 ita
2973 996 3093 1078 ipse
3116 1000 3247 1060 dedi
3274 1020 3343 1061 ex
3369 1002 3536 1063 codd.
3566 1015 3628 1064 et
3650 1024 3720 1065 ex
3747 1006 4089 1089 Philopono.

688 1122 744 1182 p.
767 1100 867 1179 98.
892 1101 958 1159 Α.
1001 1101 1162 1159 Pone
1187 1098 1246 1158 in
1273 1097 1497 1159 Latinis
1523 1098 1725 1178 capitis
1751 1117 2050 1159 numerum
2084 1098 2230 1173 (111)
2262 1109 2397 1157 ante
2420 1097 2625 1156 verba:
2673 1102 2712 1129 ‘⁴
2733 1095 2867 1160 Quo
2895 1094 3067 1176 igitur
3092 1098 3321 1159 modo.”

690 1221 749 1280 p.
778 1217 909 1257 100.
931 1199 1003 1257 A.
1034 1197 1133 1256 lin.
1156 1197 1211 1256 8.
1251 1197 1431 1278 Lege,
1461 1208 1524 1256 ut
1552 1196 1612 1256 in
1641 1199 1775 1256 Var.
1805 1197 1971 1256 Lect.
2003 1195 2218 1256 dictum
2245 1208 2351 1264 est,
2378 1193 2654 1265 πεποιηκότι
2682 1213 2785 1272 pro
2811 1193 3134 1265 πεποιηκότος.

685 1317 743 1377 p.
775 1296 988 1355 101.F.
1017 1294 1118 1355 lin.
1139 1296 1196 1354 6.
1227 1315 1261 1355 a
1286 1296 1386 1356 fin.
1413 1294 1474 1354 in
1504 1294 1693 1354 Latin.
1722 1294 1847 1375 lege
1879 1297 2142 1354 Accendit
2168 1295 2327 1354 Deus
2356 1292 2551 1352 lumen
2580 1312 2685 1370 pro
2712 1292 2945 1352 Accedit
2970 1293 3053 1353 D.
3082 1292 3122 1352 l.

684 1418 741 1476 p.
772 1393 899 1454 108.
917 1395 987 1452 A.
1013 1390 1099 1472 (p.
1127 1413 1262 1454 200.
1289 1392 1393 1453 liu.
1423 1411 1517 1453 12.
1541 1394 1771 1467 Oxou.)-
1802 1392 1833 1464 ἧ
1861 1397 2109 1470 εὐθυπορεῖ
2128 1392 2211 1461 ἕως
2239 1391 2302 1455 ἂν
2326 1391 2428 1462 ἥκοι
2457 1395 2524 1457 εἷς
2547 1391 2607 1448 τὶ
2633 1388 2686 1448 οὗ
2715 1391 2986 1451 τέτακται.
3032 1391 3332 1451 Debebnm
3360 1391 3534 1454 trium
3559 1396 3725 1457 codd.
3753 1399 4090 1461 auctoritate

603 1494 884 1573 corrigere
908 1492 1018 1569 ἥκῃ,
1050 1490 1136 1551 uti
1165 1490 1273 1550 feei
1300 1511 1357 1571 p.
1384 1510 1479 1551 21.
1508 1493 1576 1550 C.
1605 1489 1781 1549 Basil.
1804 1503 1865 1550 et
1890 1489 2028 1551 ibid.
2047 1492 2115 1549 E.
2161 1490 2252 1549 Cf.
2279 1501 2339 1550 et
2366 1507 2423 1567 p.
2444 1506 2478 1564 3
2497 1506 2545 1547 1.
2564 1489 2641 1547 G.
2670 1508 2726 1567 p.
2745 1489 2953 1563 43.C.,
2981 1487 3082 1548 ubi
3125 1489 3185 1547 in
3226 1489 3384 1550 libris
3423 1512 3560 1553 mss.
3589 1506 3649 1553 et
3674 1495 3959 1557 ed.Basil.
3997 1517 4091 1558 ea·

604 1592 735 1651 dem
763 1588 999 1649 varietas
1026 1588 1315 1669 reperitur.
1357 1588 1506 1649 Vide
1532 1601 1789 1649 annotat.
1818 1608 2007 1648 meam
2034 1588 2106 1647 ad
2134 1608 2190 1668 p.
2211 1602 2307 1666 57.
2325 1587 2405 1647 D.
2440 1591 2523 1666 (p.
2549 1604 2573 1644 1
2592 1604 2682 1661 14.
2711 1587 2904 1647 Oxon.
2931 1584 3032 1646 lin.
3055 1605 3110 1646 2.
3133 1587 3219 1663 3.)
3250 1587 3349 1647 ubi
3375 1602 3493 1650 est:
3536 1591 3623 1661 ἕως
3647 1591 3712 1651 ὢν
3735 1599 4093 1670 ἐκλάμψω-

604 1689 690 1756 ἔυς
714 1688 778 1746 ὦ
798 1686 901 1759 ἴδῃς
923 1712 972 1745 κ.
994 1711 1046 1744 τ.
1067 1697 1121 1745 λ.

688 1807 744 1865 p.
772 1803 903 1844 121.
933 1784 1108 1844 Basil.
1142 1785 1224 1864 (p.
1249 1802 1382 1844 220.
1414 1783 1473 1843 in
1503 1797 1701 1845 annot.
1729 1784 2141 1845 commentario
2167 1781 2353 1844 Ficini
2381 1802 2416 1841 a
2437 1802 2530 1843 me
2551 1784 2806 1862 subjecta
2832 1781 2930 1844 lin.
2952 1781 3173 1863 penult.
3200 1782 3290 1844 ed.
3313 1785 3534 1861 Oxon.)
3567 1786 3678 1864 leg.
3706 1787 3825 1849 Die
3856 1791 4095 1850 Chri-etin

602 1904 707 1966 pro
732 1885 842 1943 Die
874 1884 1143 1942 Chr-istem.

687 2002 745 2062 p.
783 1980 914 2058 138.
942 1983 1013 2041 A.
1060 1983 1141 2060 (p.
1178 1999 1311 2056 244.
1353 1980 1446 2039 ed.
1476 1980 1697 2056 Oxou.)
1761 1977 1973 2060 Attigit
2017 1980 2164 2040 banc
2204 1977 2649 2058 disputationem
2692 1976 3136 2058 Olympiodorus
3178 1978 3238 2039 in
3283 1979 3539 2041 Platonis
3582 1982 3874 2063 Gorgiam.
3956 1988 4092 2047 Vid.

605 2080 679 2139 V.
702 2077 916 2139 Cousin
947 2077 1004 2137 in
1032 2078 1274 2138 Journal
1301 2079 1402 2138 des
1430 2080 1643 2137 Savans
1680 2079 1850 2154 1832.
1878 2098 1934 2156 p.
1962 2093 2115 2155 7473
2161 2078 2260 2157 qui
2299 2077 2417 2136 ita:
2466 2085 2504 2111 ‘⁶
2530 2077 2618 2136 La
2655 2075 2803 2154 ηαξ.
2834 2078 3125 2138 ΧΙΝΙΠ.
3167 2077 3429 2139 contient
3469 2076 3744 2159 l'opinion
3787 2082 3859 2142 de
3898 2083 4093 2144 Plotin

604 2198 704 2239 sur
729 2177 1088 2257 l'astrologie.
1167 2177 1360 2237 Plotin
1391 2176 1620 2236 aecable
1659 2175 2003 2256 l'astrologie
2029 2196 2131 2254 par
2157 2194 2223 2235 ce
2248 2174 2519 2235 dilemme
2537 2173 2590 2234 :”
2637 2182 2676 2208 ‘⁸
2695 2174 2809 2234 Les
2837 2187 3014 2234 astres
3042 2187 3175 2235 sont
3201 2176 3441 2246 animes,
3468 2197 3544 2236 ou
3572 2177 3870 2239 inanimes.
3963 2181 4093 2241 S'ils

603 2290 736 2336 sont
761 2274 1061 2344 inanimes,
1090 2295 1158 2334 ce
1180 2275 1278 2354 qui
1307 2275 1450 2334 n’est
1477 2294 1597 2354 pas,
1625 2286 1921 2334 comment
1961 2272 2305 2352 peuvent-ils
2348 2272 2615 2352 produire
2651 2272 2895 2352 quelque
2928 2274 3059 2333 effet
3092 2276 3336 2354 operant
3376 2294 3507 2335 sans
3547 2295 3694 2347 ame,
3721 2282 3930 2353 ἀψύχοις
3968 2285 4094 2356 ἐκρ-

602 2377 825 2450 γοῧνταέ
895 2372 1026 2432 S'ils
1067 2385 1202 2432 sont
1242 2374 1481 2442 animes,
1511 2385 1571 2432 et
1597 2393 1707 2451 que
1733 2372 1855 2431 leur
1879 2375 2069 2431 action
2097 2371 2211 2431 soit
2235 2371 2445 2442 divine,
2475 2372 2730 2448 θειοτέρως
2752 2370 2783 2442 ἢ
2809 2375 2923 2430 καθ’
2952 2372 3084 2446 ἡμᾶς
3123 2377 3320 2450 hemi,
3350 2386 3644 2433 comment
3669 2375 4027 2436 donnent-ils
4056 2378 4093 2435 a

605 2470 719 2531 l'un
749 2472 804 2531 la
830 2473 1077 2531 richesse
1103 2481 1163 2530 et
1191 2483 1321 2530 tous
1350 2471 1431 2530 les
1457 2483 1756 2551 avantages
1783 2471 1854 2530 de
1880 2490 1946 2530 ce
1973 2490 2163 2551 genre,
2185 2470 2437 2529 ὲ1ἰιιῑτε
2464 2469 2521 2529 la
2546 2471 2813 2549 pauvrete
2840 2483 2901 2529 et
2924 2481 3116 2530 toutes
3144 2470 3229 2530 les
3248 2483 3437 2532 autres
3464 2484 3645 2532 sortes
3671 2472 4017 2534 d'infortune
4035 2473 4088 2534 ?''

608 2578 645 2603 “
669 2573 750 2629 Ce
780 2569 1048 2629 dilemme
1075 2583 1163 2629 est
1189 2568 1244 2628 le
1272 2569 1409 2628 fond
1438 2570 1515 2628 du
1541 2569 1887 2649 paragraphe
1913 2568 2174 2628 onzieme
2201 2569 2277 2627 du
2306 2566 2449 2627 livre
2475 2568 2586 2627 111.
2615 2568 2688 2628 de
2715 2567 2771 2626 la
2795 2566 3058 2628 onzieme
3083 2569 3396 2629 enneade.”
3452 2569 3652 2630 Voluit
3678 2572 3750 2628 V.
3770 2572 3862 2630 Cl.
3891 2573 4091 2651 capitis

602 2671 822 2727 secundi
847 2667 975 2727 libri
1004 2668 1116 2727 111.
1142 2666 1436 2727 Enneadis
1461 2670 1724 2726 secunda.

685 2786 741 2845 p.
770 2783 900 2844 145.
924 2766 1002 2825 D.
1038 2769 1121 2846 (p.
1151 2766 1285 2825 260.
1315 2764 1413 2824 lin.
1435 2784 1492 2840 4.
1521 2778 1581 2823 et
1604 2781 1659 2842 5.
1687 2764 1909 2842 Oxon.)
1952 2769 2017 2822 ‘O
2044 2764 2095 2822 δὲ
2126 2753 2738 2839 ὴλάτων-τροαιρέσιις.
2822 2762 2913 2821 Ita
2940 2763 3184 2824 correxit
3209 2762 3380 2824 etiam
3410 2767 3477 2824 C.
3499 2765 3571 2825 E.
3592 2766 3662 2825 C.
3685 2766 3995 2827 Schneider
4018 2771 4088 2827 ad

601 2863 856 2923 Platonis
882 2863 1111 2923 Civitat.
1140 2863 1250 2922 vol.
1270 2863 1381 2922 111.
1411 2884 1467 2941 p.
1489 2881 1628 2939 300.
1713 2862 1873 2920 Idem
1904 2881 2034 2919 mox
2067 2859 2195 2936 (lin.
2226 2879 2247 2918 1
2270 2859 2349 2931 ι.)
2380 2862 2789 2935 συγκλυσθέντα,
2817 2858 2967 2920 sicut
2993 2879 3064 2919 ex
3090 2860 3251 2921 libris
3280 2882 3416 2921 mss.
3446 2861 3685 2924 restitui.

681 2983 740 3042 p.
773 2962 986 3038 147.F.
1019 2964 1099 3041 (p.
1124 2962 1259 3039 265.
1291 2960 1394 3021 lin.
1425 2979 1476 3020 1.
1506 2961 1731 3033 Oxou.)
1779 2960 1938 3039 Lege
1963 2966 2188 3017 τυποῦσα
2214 2978 2319 3038 pro
2344 2965 2584 3016 τυποῦσα.

682 3080 740 3139 p.
769 3060 898 3136 165.
918 3061 991 3118 G.
1024 3061 1110 3139 (p.
1133 3060 1269 3136 296.
1297 3057 1396 3117 lin.
1416 3059 1505 3135 3.)
1553 3059 1712 3138 Lege
1735 3055 1878 3134 ὄγκου
1904 3077 2010 3137 pro
2037 3055 2194 3133 ὄγκον,
2224 3067 2290 3115 ut
2313 3066 2402 3116 est
2428 3053 2487 3114 in
2514 3057 2653 3115 Var.
2676 3054 2840 3115 Lect.
2869 3054 3201 3117 indicatum.

683 3176 742 3233 p.
776 3156 905 3215 166.
938 3158 1019 3234 (p.
1047 3173 1181 3234 297.
1209 3155 1315 3216 lin.
1340 3172 1394 3232 7.
1423 3176 1459 3215 a
1484 3157 1580 3215 fin.
1612 3158 1669 3214 in
1698 3154 1970 3232 Latinis.)
2016 3156 2132 3214 Aut
2157 3153 2458 3235 legendum
2487 3165 2611 3212 est:
2645 3153 3141 3214 eam—materiam
3168 3176 3273 3235 pro
3300 3175 3607 3227 eum—m„
3639 3170 3736 3218 aut
3762 3157 4086 3232 dicendum,

601 3252 859 3315 Ficinum
889 3252 1088 3335 legisse
1114 3256 1261 3313 αὐτὸν
1288 3274 1392 3333 pro
1418 3257 1591 3327 αὐτὴν,
1623 3260 1784 3335 cujus
1811 3253 2073 3315 lectionis
2100 3265 2295 3314 tamen
2322 3251 2382 3314 in
2411 3252 2571 3314 libris
2601 3272 2734 3313 mss.
2761 3253 2982 3314 nullum
3010 3252 3332 3335 vestigium.

684 3373 741 3432 p.
772 3365 901 3429 173.
925 3353 991 3410 C.
1029 3353 1113 3432 (p.
1137 3370 1274 3427 311.
1304 3351 1404 3412 lin.
1426 3355 1480 3414 8.
1505 3355 1725 3432 Oxon.)
1771 3354 1968 3413 Scribe
1994 3357 2103 3429 μεθ’
2131 3355 2271 3422 αὑτὸ,
2300 3365 2359 3412 et
2387 3350 2469 3410 ita
2493 3350 2664 3410 etiam
2690 3353 2750 3409 in
2779 3351 3098 3411 Var.Lect.
3126 3370 3234 3429 pro
3256 3358 3371 3426 μετ’
3399 3352 3539 3410 αὑτό.

683 3471 740 3529 p.
764 3467 893 3528 179.
912 3450 989 3509 D.
1023 3449 1107 3529 (p.
1133 3468 1271 3526 324.
1302 3449 1406 3510 lin.
1438 3470 1526 3526 14.
1546 3453 1662 3532 sq.)
1708 3451 2049 3533 Distingue:
2092 3456 2207 3510 καθ’
2230 3449 2259 3508 2
2298 3454 2415 3510 ποιὰ
2456 3453 2619 3517 οὐσία,
2649 3458 2733 3509 τοῦ
2766 3457 2898 3508 ποιοῦ
2931 3454 2984 3507 οὐ
3021 3450 3612 3525 &calefit—«omer
3638 3468 3743 3528 pro
3767 3449 3931 3509 xao’ss
3970 3457 4087 3511 ποιὰ

598 3549 742 3608 οὐσία
767 3557 852 3608 τοῦ
878 3556 1022 3619 ποιοῦ,
1050 3556 1101 3607 οὗ
1128 3553 1308 3609 8.-1.

678 3669 736 3727 p.
761 3650 892 3707 181.
914 3649 981 3707 C.
1015 3649 1096 3727 (p.
1117 3664 1255 3724 327.
1285 3646 1389 3707 lin.
1417 3648 1533 3724 13.)
1578 3646 1727 3706 Dele
1753 3646 1920 3705 colon
1951 3644 2098 3703 inter
2121 3644 2360 3714 cedma
2384 3655 2444 3703 et
2470 3646 2708 3701 διάθεσιν.

679 3766 734 3823 p.
768 3763 896 3822 199.
915 3746 984 3802 A.
1019 3746 1100 3822 (p.
1119 3745 1259 3820 358.
1281 3743 1502 3818 Oxon.)
1552 3746 1734 3823 Supra
1763 3742 1959 3801 monui
1987 3742 2142 3799 hunc
2166 3739 2376 3799 Plotini
2405 3739 2613 3798 librum
2651 3758 2834 3818 nuper
2859 3738 3165 3799 admodum
3204 3738 3444 3801 seorsim
3479 3740 3697 3802 editum
3723 3763 3846 3804 esse
3874 3746 3983 3805 hoc
4011 3749 4083 3804 ti-

596 3843 720 3902 tulo
744 3866 757 3898 z
806 3843 1017 3898 Plotini
1043 3842 1120 3898 ad
1154 3842 1435 3898 Gnosticos
1462 3841 1615 3899 liber.
1648 3841 1867 3899 Graeee.
1916 3836 2264 3918 Castigatius
2291 3836 2466 3896 edidit
2490 3848 2661 3915 atque
2683 3836 2870 3897 Notas
2896 3838 2965 3897 ad
2996 3837 3226 3899 Codicis
3251 3839 3624 3900 Monacensis
3652 3844 4081 3906 CCCCXLIX.

598 3961 730 4001 cum
757 3937 1007 3998 editione
1031 3936 1348 3996 Basileensi
1374 3936 1566 3996 collati
1593 3935 1869 3996 variantes
1904 3934 2178 3995 lectiones
2219 3934 2424 4014 adjecit
2458 3937 2658 4011 Georg.
2678 3936 2887 3994 Ancon.
2911 3935 3511 4012 Heigl.-Ratisbonae
3537 3940 4085 4002 MDCCCXXXII.

602 4040 730 4098 8vo.
758 4036 895 4095 min.
924 4055 947 4094 1
964 4054 1054 4110 14.
1077 4055 1242 4114 pagg.
1327 4035 1420 4094 De
1449 4055 1563 4114 quo
1590 4033 1803 4104 libello,
1834 4053 2021 4114 neque
2046 4033 2243 4093 charta
2276 4053 2458 4114 neque
2499 4033 2786 4094 literarum
2823 4034 3237 4096 characteribus
3274 4036 3733 4108 commendabili,
3760 4040 4080 4100 scholarum

598 4151 795 4197 tamen
832 4134 1274 4194 academicamm
1304 4132 1561 4193 consiliis
1589 4131 1732 4202 utili,
1762 4133 1812 4191 si
1840 4133 1966 4211 quis
1991 4130 2284 4190 Professor
2310 4130 2577 4192 studiosis
2602 4132 2931 4213 Theologiae
2958 4152 3025 4193 ac
3052 4132 3430 4213 Philosophia
3465 4133 3742 4214 explicare
3768 4136 3924 4207 velit,
3952 4138 4080 4218 plu·

599 4236 755 4296 ribus
793 4234 905 4295 dixi
943 4234 1004 4292 in
1033 4252 1270 4292 censura
1309 4231 1447 4308 ejus,
1478 4253 1648 4312 quam
1679 4231 1789 4291 feci
1815 4233 1877 4291 in
1904 4230 2277 4292 collectione:
2331 4231 2715 4307 Theologische
2742 4231 2975 4290 Studien
3002 4235 3118 4291 und
3142 4231 3933 4314 Kritiloen—herausgegeben
3962 4256 4080 4294 von

600 4337 715 4393 Dr.
739 4336 800 4393 C.
830 4334 1092 4392 Ullmcmn
1120 4331 1238 4390 und
1263 4334 1374 4391 Dr.
1397 4333 1456 4390 F.
1486 4333 1570 4390 W.
1598 4332 1658 4390 C.
1688 4332 1947 4389 Umbreit.
1991 4327 2312 4408 Hamburgi
2348 4329 2520 4405 1834.
2562 4329 2813 4391 fascicul.
2841 4331 2921 4390 11.
2960 4350 3018 4409 p.
3048 4331 3406 4407 337—380;
3450 4330 3604 4391 unde
3632 4331 3688 4390 h.
3706 4330 3744 4390 l.
3772 4331 4082 4412 insigniora

597 4432 997 4491 tantummodo
1033 4443 1296 4507 excerpta
1330 4430 1512 4489 dabo:
1558 4431 1644 4488 Ac
1681 4430 1945 4509 primum,
1977 4427 2125 4505 quod
2155 4426 2340 4486 editor
2366 4427 2624 4487 Graecam
2661 4429 2828 4507 hujus
2869 4427 2997 4488 libri
3036 4426 3467 4507 inscriptionem
3503 4430 3612 4507 τρὶς
3642 4433 3754 4496 τοὺς
3790 4436 4081 4497 ruminet<

595 4528 865 4588 Latinam
896 4528 1060 4587 fecit:
1107 4535 1145 4561 ‘⁸
1168 4530 1244 4587 ad
1271 4526 1614 4588 Gnosticos”
1643 4527 1702 4586 in
1741 4547 1810 4587 eo
1845 4528 2055 4607 pariter
2086 4525 2275 4604 lapsus
2314 4538 2403 4585 est
2441 4538 2614 4605 atque
2638 4526 2869 4587 Ficinus
2905 4528 2970 4586 in
3009 4526 3290 4586 vertendis
3316 4527 3501 4587 verbis
3528 4526 3825 4608 Porphyrii
3850 4527 3922 4587 de
3949 4528 4082 4587 Vita

593 4624 808 4685 Plotini
837 4645 964 4705 cap.
992 4644 1087 4685 20.
1118 4646 1175 4704 p.
1204 4626 1335 4685 126.
1363 4646 1449 4705 sq.
1480 4625 1738 4686 Fabric.=
1783 4629 2118 4703 ἐπιγράφεται
2159 4624 2210 4682 δὲ
2250 4625 2308 4682 τὸ
2347 4625 2543 4695 βιβλίον
2571 4630 2805 4701 Λογγῖνον
2841 4625 2951 4703 πρὸς
2988 4631 3239 4683 luam-‘im
3264 4650 3311 4683 κ.
3330 4650 3383 4685 τ.
3402 4636 3454 4686 λ.
3538 4625 3668 4684 Vid.
3697 4645 3824 4705 quae
3849 4625 3922 4686 ad
3948 4646 4079 4686 eum

596 4723 785 4782 locum
813 4725 875 4781 in
905 4724 993 4781 his
1021 4726 1304 4782 Addendis
1329 4736 1388 4782 et
1419 4724 1767 4798 Corrigendis
1795 4721 2078 4799 adscripta
2103 4734 2273 4789 sunt3
2317 4721 2470 4799 quod
2500 4721 2761 4802 Heiglius
2788 4721 2847 4781 in
2876 4734 3074 4781 annot.
3102 4742 3159 4801 p.
3182 4740 3285 4797 44.
3312 4741 3472 4782 suam
3501 4722 3954 4782 immutationem
3993 4722 4079 4781 his

595 4819 883 4879 Lactantii
911 4820 1091 4879 verbis
1124 4821 1286 4896 (Div.
1312 4822 1498 4880 Instit.
1520 4823 1595 4881 V.
1625 4820 1743 4896 2.):
1776 4829 1815 4854 “
1839 4816 2179 4898 Compomit
2211 4818 2494 4897 (quidam)
2524 4819 2749 4881 libellos
2775 4820 2919 4880 duos
2946 4839 3065 4879 non
3093 4829 3286 4878 contra
3320 4819 3690 4889 Christianos,
3717 4839 3791 4879 ne
3818 4819 4079 4879 insectari

593 4915 898 4986 videretur,
927 4917 1024 4976 sed
1054 4921 1128 4975 ad
1156 4917 1524 4987 Christianos,
1557 4931 1623 4977 ut
1649 4919 1897 4978 humane
1923 4938 1991 4977 ac
2018 4916 2267 4997 benigne
2294 4916 2592 4977 consulere
2618 4917 2954 4977 videretur.”
2983 4918 3317 4978 confirmare
3336 4917 3609 4987 instituit,
3634 4916 3782 4975 illius
3810 4916 4076 4988 hominis,

595 5012 897 5084 Hieroclis,
926 5026 993 5073 ut
1019 5015 1256 5085 videtur,
1286 5015 1456 5096 plane
1496 5015 1606 5075 alia
1643 5034 1809 5076 mens
1849 5014 1975 5084 fuit,
2003 5026 2174 5094 atque
2200 5013 2431 5086 Plotini,
2459 5017 2558 5095 qui
2584 5014 2643 5074 in
2673 5013 2981 5075 Gnosticos
3007 5015 3252 5096 graviter
3276 5029 3448 5095 atque
3473 5014 3715 5095 ingenue
3742 5012 3932 5073 invehi
3960 5035 4077 5075 non

592 5109 885 5172 dubitavit.
967 5111 1098 5171 Nec
1125 5112 1304 5193 magis
1329 5126 1589 5173 accurate
1614 5116 1768 5175 hunc
1794 5113 2005 5174 Plotini
2032 5113 2237 5174 librum
2267 5113 2593 5174 memoriter
2615 5112 2858 5172 laudavit
2881 5112 3113 5172 Matter.
3134 5114 3211 5172 V.
3231 5114 3299 5171 C.
3334 5114 3419 5189 (in
3451 5110 3709 5171 Histoire
3734 5110 3971 5192 critique
3997 5114 4075 5172 du

597 5207 983 5269 Gnosticisme
1011 5210 1180 5269 Tom.
1204 5212 1282 5270 11.
1313 5232 1370 5291 p.
1391 5213 1598 5287 462.):
1642 5216 1783 5271 κατὰ
1821 5219 1919 5271 τῶν
1959 5219 2257 5280 Γνωστικόν,
2302 5230 2471 5289 quem
2513 5208 2742 5270 titulum
2785 5208 2973 5268 nullus
3014 5209 3193 5268 codex
3234 5207 3506 5290 agnoscit.
3590 5208 3847 5270 Omnino
3888 5222 4078 5270 autem

593 5304 774 5367 teneri
815 5306 1078 5377 debebat,
1118 5310 1256 5386 quid
1299 5309 1523 5370 intersit
1565 5310 1714 5369 inter
1749 5314 1892 5369 κατὰ
1928 5331 2059 5370 cum
2100 5309 2369 5370 Genitivo
2407 5321 2470 5368 et
2499 5310 2611 5385 τρὶς
2647 5307 2914 5386 adjuncto
2940 5305 3279 5367 Accusativo
3306 5305 3367 5366 in
3395 5306 3737 5366 Orationum
3769 5306 4077 5367 forensium

592 5404 793 5475 titulis,
822 5416 889 5463 ut
912 5410 1053 5464 κατὰ
1082 5410 1281 5466 Μειδίου
1307 5411 1364 5467 in
1391 5408 1655 5478 Midiam,
1685 5410 1833 5468 sicut
1867 5411 1926 5466 in
1962 5410 2200 5476 Verrem,
2229 5421 2290 5467 et
2327 5409 2435 5486 τρὶς
2460 5410 2716 5477 Λατίνην,
2745 5408 3003 5464 adversus
3028 5403 3356 5484 Leptinem,
3383 5402 3633 5483 itemque
3674 5405 3822 5484 apud
3851 5407 4076 5465 Aristo·-

592 5500 766 5561 telem
797 5503 1115 5582 (Topicorr.
1144 5508 1223 5584 1.)
1257 5508 1367 5584 ςρὸς
1389 5512 1497 5574 τοὺς
1522 5510 1757 5585 δρυμοὺς,
1785 5510 2043 5566 adversm
2082 5505 2457 5566 definitiones.
2526 5504 2620 5563 De
2648 5523 2760 5582 qua
2783 5502 3103 5564 differentia
3142 5514 3275 5582 post
3298 5502 3700 5562 Robortellum
3733 5502 3817 5577 (in
3846 5503 4079 5564 Gruteri

591 5596 797 5677 Lamp.
829 5599 908 5659 11.
941 5620 1038 5678 37.
1067 5623 1124 5683 p.
1147 5605 1277 5684 63.)
1307 5617 1368 5665 et
1393 5606 1705 5676 Mur-etum,
1734 5617 2079 5666 monuerunt
2102 5605 2313 5684 Taylor
2339 5605 2408 5665 ad
2440 5604 2744 5664 Demosth.
2774 5602 2903 5664 adv.
2931 5599 3198 5663 Eubulid.
3240 5621 3296 5680 p.
3327 5599 3465 5677 965.
3508 5612 3569 5661 et
3606 5601 3672 5660 F.
3691 5599 3768 5661 A.
3795 5600 3976 5662 Wolf.
4018 5603 4075 5663 in

1523 5814 1564 5843 θ’
