5118 6613
1076 542 1157 605 62

1072 732 1307 789 corum,
1337 725 1411 775 ut
1451 711 1570 776 hoc
1601 732 1796 775 unum
1833 708 2141 797 adjiciam,
2170 709 2251 774 de
2279 709 2396 774 hac
2436 731 2502 773 re
2541 707 2759 795 dispu-

1079 830 1205 880 tata
1233 814 1296 878 in
1327 815 1635 902 epitomen
1677 812 1925 878 redacta
1966 812 2156 877 habes
2191 811 2364 899 apud
2406 811 2751 899 Diogenem

1075 917 1403 983 Laertium
1449 917 1605 981 VII.
1631 937 1731 1001 94.
1775 930 1838 980 et
1882 935 2023 980 101.
2111 918 2270 994 Quoe
2319 928 2524 979 autem
2575 913 2755 978 tertio

1072 1021 1263 1107 hujus
1288 1019 1477 1085 libelli
1514 1019 1713 1107 capite
1757 1017 1837 1083 de
1872 1034 2070 1083 morte
2104 1018 2312 1106 attigit
2342 1016 2649 1094 Plotium,
2681 1039 2755 1080 ea

1072 1124 1401 1210 conjuncta
1430 1138 1573 1187 sunt
1617 1145 1759 1186 cum
1803 1135 2170 1209 argumento
2210 1145 2249 1185 a
2291 1120 2527 1185 Graecis
2554 1117 2753 1207 philo-

1073 1225 1281 1314 sophis
1336 1224 1612 1290 certatim
1663 1238 2081 1313 pertractato;
2129 1246 2396 1311 quorum
2445 1247 2481 1287 e
2531 1221 2752 1287 scholis

1071 1328 1341 1415 plurima
1384 1328 1448 1392 in
1505 1328 1765 1415 primam
1810 1326 2304 1391 Tusculanarum
2357 1324 2743 1414 Disputatio-

1073 1454 1226 1496 num
1252 1430 1464 1496 retulit
1494 1431 1734 1496 Cicer0.
1795 1429 1955 1494 Vide
1985 1429 2173 1494 modo
2198 1428 2306 1493 lib.
2342 1431 2402 1493 I.
2432 1452 2486 1493 c.
2520 1445 2579 1513 7.
2613 1452 2745 1516 sqq.

1071 1550 1135 1599 et
1183 1557 1327 1620 quae
1370 1534 1457 1598 ibi
1506 1533 1570 1597 in
1619 1533 2013 1598 annotatione
2056 1557 2091 1596 e
2139 1531 2417 1597 fontibus
2461 1530 2750 1596 adhibuit

1072 1636 1384 1702 Davisius.
1477 1638 1911 1701 Memorantur
1949 1635 2112 1700 enim
2164 1633 2303 1698 libri
2350 1633 2747 1722 philosopho-

1069 1762 1211 1804 rum
1254 1740 1387 1822 περὶ
1430 1738 1705 1819 θανάτου,
1735 1754 1808 1804 ut
1854 1737 2227 1803 Xenocratis
2271 1736 2493 1824 (Diog.
2527 1737 2746 1802 Laert.

1073 1843 1188 1906 IV.
1222 1847 1378 1926 12.),
1423 1841 1722 1928 Diogenis
1768 1840 1988 1927 Cynici
2035 1840 2330 1927 (Diogen.
2377 1840 2588 1903 Laert.
2623 1841 2746 1905 VI.

1073 1946 1235 2029 80.)‚
1267 1943 1605 2022 AEschiniS‚
1637 1944 1916 2008 aliorum.
2008 1942 2285 2008 Pertinet
2317 1941 2437 2006 huc
2474 1943 2624 2006 item
2653 1965 2749 2006 ar-

1069 2061 1437 2135 gumentum
1499 2048 2025 2124 Consolationum,
2084 2044 2148 2108 in
2209 2067 2337 2131 quo
2390 2043 2749 2109 nobilissimi

1072 2150 1276 2215 Graeci
1316 2150 1639 2236 scriptores
1682 2148 2164 2213 elaboraverant.
2252 2149 2354 2211 De
2393 2146 2624 2235 quibus
2653 2148 2749 2212 di-

1069 2253 1246 2318 cendi
1290 2253 1485 2317 otium
1533 2252 1712 2317 nobis
1745 2251 1890 2316 fecit
1930 2249 2401 2336 Wyttenbachii
2441 2249 2563 2313 mei
2605 2249 2752 2315 doc-

1071 2356 1233 2421 trina
1258 2354 1702 2442 diligentiaque
1731 2354 1794 2419 in
1825 2352 2487 2417 Animadversionibus
2507 2353 2571 2416 in
2599 2352 2748 2417 Plu-

1068 2458 1265 2524 tarchi
1324 2457 1819 2523 consolationem
1881 2456 1962 2521 ad
2022 2455 2438 2544 Apollonium.
2545 2458 2746 2534 Quem

1068 2561 1339 2635 consule,
1383 2561 1722 2649 praesertim
1767 2559 1885 2624 sub
1927 2559 2174 2623 initium
2204 2581 2267 2645 p.
2299 2561 2444 2643 697.
2479 2582 2612 2646 sqq.
2644 2558 2743 2623 ed.

1071 2666 1277 2729 Oxon.
1307 2665 1524 2728 formoe
1567 2677 1764 2728 octav.
1795 2676 1858 2726 et
1894 2675 2260 2748 praesentem
2302 2661 2384 2725 ad
2419 2660 2625 2726 locum
2669 2660 2749 2725 de

1070 2767 1270 2845 bonis,
1300 2790 1445 2853 quae
1475 2781 1621 2830 sunt
1648 2765 1711 2829 in
1736 2779 1932 2828 morte
1962 2788 2024 2851 p.
2056 2781 2090 2847 7
2095 2763 2416 2848 58—770.

1154 2887 1371 2935 —12.
1419 2870 1495 2932 El
1553 2869 1913 2948 δέ-ἆρίστη
1972 2869 2124 2931 οὖσα
2173 2867 2405 2950 κ.τ.λ.]
2476 2867 2559 2929 In
2617 2865 2746 2930 Ed.

1072 2970 1288 3034 vitiose
1329 2984 1462 3034 erat
1503 2969 1867 3057 impressum
1914 2970 2078 3049 οὕσ-η.
2171 2968 2547 3032 Sententiam
2592 2968 2749 3033 bene

1071 3073 1338 3160 explicat
1397 3070 1834 3160 Engelhardt.‚
1893 3070 2183 3134 nimirum
2243 3069 2361 3134 ita:
2429 3070 2747 3136 Naturalis

1071 3174 1214 3239 vitae
1242 3175 1402 3240 actio
1426 3174 1762 3261 unicuique
1790 3187 1882 3238 est
1922 3174 2212 3248 Bonum;
2262 3172 2520 3261 proinde
2561 3174 2745 3238 etiam

1070 3277 1312 3342 animae.
1408 3276 1532 3343 Sed
1575 3294 1800 3365 praeter
1841 3275 2182 3342 naturalem
2212 3276 2512 3342 actionem
2543 3278 2749 3345 anima

1069 3380 1323 3445 alteram
1370 3404 1623 3468 quoque
1679 3380 1979 3446 actionem
2030 3379 2241 3458 habet,
2283 3403 2427 3467 quoe
2470 3381 2551 3444 ad
2590 3382 2749 3469 opti-

1070 3506 1242 3548 mum
1301 3483 1662 3558 contendit;
1711 3506 1835 3570 qua
1893 3482 2146 3570 quidem
2200 3482 2470 3547 secunda
2511 3485 2750 3549 actione

1067 3587 1205 3674 ipsa
1235 3587 1495 3671 (anima)
1538 3587 1772 3674 optima
1815 3587 1903 3651 fit.
1993 3590 2213 3674 Atque
2261 3585 2378 3650 hoc
2423 3586 2750 3675 Optimum

1069 3711 1195 3753 non
1253 3689 1452 3754 solum
1499 3691 1747 3754 Bonum
1800 3702 1892 3753 est
1947 3702 2228 3775 respectu
2272 3687 2488 3752 habito
2528 3689 2750 3753 animae

1073 3792 1245 3875 (πρὸς
1275 3793 1509 3876 αὐτήν),
1539 3792 1645 3856 sed
1675 3806 1768 3856 est
1798 3791 2046 3855 Bonum
2077 3789 2430 3876 simpliciter
2451 3813 2523 3855 ac
2545 3815 2657 3879 per
2687 3815 2750 3856 se

1069 3895 1699 3981 ipsum—Caeterum
1755 3893 1818 3956 in
1876 3892 2190 3980 principiis
2245 3892 2460 3958 ethicis
2519 3894 2751 3959 Stoico-

1070 4019 1210 4061 rum
1239 3994 1429 4060 fuisse
1465 3996 1532 4059 τὸ
1563 4000 1710 4060 κατὰ
1737 3998 1921 4078 φύσιν
1949 4000 2053 4075 ζῇν
2096 3994 2222 4059 sive
2268 3996 2753 4079 ὁμολογουμένως

1070 4103 1141 4179 τῇ
1182 4099 1363 4181 φύσει
1405 4102 1530 4177 ζῇν,
1561 4112 1836 4184 arguunt
1878 4121 1948 4161 ea
1993 4120 2135 4183 quae
2174 4098 2346 4184 apud
2391 4098 2747 4165 Ciceronem

1073 4202 1471 4289 disputantur
1504 4200 1582 4264 de
1627 4199 1880 4264 Finibb.
1914 4200 2052 4263 III.
2084 4220 2148 4285 5.
2179 4213 2240 4263 et
2270 4201 2327 4262 6.
2363 4200 2471 4264 ubi
2501 4201 2750 4265 consule

1073 4303 1425 4383 Davisium,
1451 4318 1515 4368 et
1542 4302 1714 4390 apud
1756 4302 2103 4389 Diogenem
2145 4303 2361 4368 Laert.
2398 4305 2556 4368 VII.
2583 4304 2619 4367 8
2622 4325 2752 4389 5—-

1075 4408 1151 4490 87
1179 4432 1198 4479 3
1245 4406 1323 4471 ad
1356 4429 1542 4493 quem
1574 4405 1758 4495 plura
1786 4404 2047 4470 contulit
2077 4404 2431 4492 MenagiuS.

1158 4532 1219 4596 p.
1253 4529 1393 4587 121,
1428 4528 1487 4572 2.
1532 4513 1608 4573 τὰ
1634 4512 1698 4573 δὲ
1739 4510 1898 4573 ἄλλα
1937 4513 2110 4591 διχῶς
2152 4506 2227 4572 ἂν
2268 4508 2397 4593 ἔχοι
2438 4511 2582 4595 ὅσα]
2631 4512 2750 4575 ὅσα

1073 4611 1310 4697 aliquot
1352 4611 1668 4675 vocabulis
1698 4610 2031 4698 interjectis
2071 4626 2210 4699 post
2255 4613 2414 4676 ἄλλα
2451 4611 2747 4699 positum,

1072 4714 1378 4777 neminem
1407 4714 1770 4793 morabitur,
1801 4714 1910 4801 qui
1943 4715 2234 4779 Graecum
2268 4737 2449 4778 usum
2480 4715 2674 4778 novit.

1160 4853 1245 4866 —
1260 4836 1321 4901 5.
1372 4815 1982 4901 ἐφιέμενον-οὖσαν]
2035 4817 2429 4882 Femininum
2468 4815 2532 4880 in
2564 4819 2750 4882 οὖσαν

1074 4930 1217 5006 post
1247 4918 1560 5001 ἐφιέμενον
1587 4942 1664 4982 ex
1695 4919 2116 4998 AttractioniS‚
2140 4942 2325 5007 quam
2358 4918 2598 4998 dicunt,
2630 4942 2748 4983 usu

1075 5019 1510 5108 explicandum
1562 5037 1672 5085 est.
1761 5021 2193 5110 Perspicuitati
2250 5020 2567 5086 consulere
2623 5036 2752 5086 stu-

1077 5124 1219 5189 duit
1247 5123 1503 5189 Ficinus
1545 5124 1846 5189 mutando
1878 5125 2203 5189 verborum
2243 5123 2478 5188 ordine.
2569 5122 2752 5187 Illius

1074 5244 1282 5292 autem
1305 5226 1714 5290 Attractionis
1730 5227 1822 5290 vis
1839 5227 2143 5315 pertinere
2165 5225 2428 5292 dicenda
2445 5225 2524 5290 sit
2553 5249 2750 5312 usque

1077 5330 1157 5395 ad
1200 5332 1386 5395 finem
1426 5327 1684 5417 periodi.
1774 5331 1939 5394 Nam
1983 5353 2098 5417 pro
2127 5330 2261 5394 ἀλλ’
2295 5331 2439 5409 αὐτῇ
2473 5331 2624 5409 μόνῃ
2652 5330 2752 5393 τά-

1077 5432 1264 5516 γαθὸν
1294 5433 1445 5498 εἶναι
1481 5431 1926 5519 exspectaveris
1965 5431 2099 5495 ἀλλ’
2132 5434 2282 5517 αὐτῷ
2309 5434 2490 5518 μόνῳ.
2565 5431 2750 5509 Quod

1078 5535 1474 5601 durissimum
1521 5534 1617 5601 sit.
1711 5533 1982 5599 Proinde
2009 5557 2132 5599 non
2161 5534 2437 5598 dubitavi
2481 5534 2543 5598 in
2591 5531 2755 5597 ordi-

2035 535 2852 605 ANNOTATIONES
2919 535 3030 599 IN
3097 533 3542 599 PLOTINI

2839 729 2981 772 nem
3029 704 3296 792 recipere
3346 706 3488 786 αὐτῇ
3536 707 3606 785 τῇ
3661 706 3832 783 μονῇ,
3879 701 4014 790 ipsa
4050 705 4508 789 permansione.

2841 812 2998 888 Quae
3013 809 3365 896 conjectura
3381 809 3663 872 firmatur
3675 819 3737 870 et
3758 804 4198 893 superioribus,
4218 809 4284 870 ἐν
4305 808 4509 894 ἡσύχῳ

2840 914 3049 992 οὖσαν,
3094 926 3157 976 et
3212 911 3647 998 sequentibus:
3695 915 3788 974 δεῖ
3833 911 3937 973 οὖν
3984 908 4185 989 μένειν
4236 910 4396 984 αὐτὸ,
4449 925 4511 974 et

2839 1038 2984 1079 vero
3009 1014 3144 1080 loco
3174 1014 3378 1079 Procli
3406 1014 3470 1078 in
3502 1013 3810 1100 Theolog.
3845 1010 4144 1091 Platonis,
4174 1034 4363 1100 quem
4401 1036 4511 1101 ap-

2837 1121 3156 1208 posuimus
3212 1120 3293 1185 ad
3352 1121 3536 1184 finem
3586 1118 3776 1205 hujus
3825 1117 4061 1205 capitis·
4151 1119 4510 1205 Opponitur

2835 1225 2969 1290 haec
3010 1225 3159 1307 μονὴ
3200 1223 3394 1311 ipsius
3445 1222 3606 1287 Boni
3650 1248 3718 1301 τῃ
3765 1222 4032 1306 ἐνεργείᾳ
4073 1234 4135 1285 et
4177 1226 4247 1301 τῇ
4296 1221 4506 1304 ἐφέσει

2834 1352 2948 1394 nec
2976 1328 3181 1393 minus
3208 1331 3277 1408 τῇ
3308 1325 3531 1407 νοήσει.
3617 1324 3728 1388 Ad
3771 1323 4129 1387 sententiam
4171 1323 4364 1388 nostri
4391 1322 4507 1388 loci

2832 1432 3059 1497 adhibe
3112 1429 3396 1495 Proclum
3432 1428 3498 1491 in
3527 1426 3735 1491 Alcib.
3780 1449 3874 1513 pr.
3908 1449 3973 1513 p.
4002 1428 4099 1489 16.
4148 1426 4257 1490 ubi
4298 1426 4367 1490 τὸ
4411 1427 4506 1491 τέ-

2832 1542 2999 1599 λειον
3031 1534 3180 1601 εἶδος
3220 1532 3366 1596 item
3409 1529 3636 1594 dicitur
3681 1530 3747 1593 ἓν
3791 1531 3883 1593 καὶ
3925 1529 3993 1592 τὸ
4039 1527 4179 1593 αὐτὸ
4220 1528 4401 1609 μένον
4442 1531 4510 1594 ἑν

2836 1640 3042 1723 ἑαυτῷ.
3173 1633 3464 1700 Similiter
3537 1632 3970 1697 Theodoretus
4037 1633 4181 1695 III.
4240 1654 4305 1718 p.
4358 1647 4507 1714 470.

2838 1738 3114 1805 Schutzii
3155 1751 3417 1826 usurpat
3452 1737 3640 1817 μονὴν
3667 1738 3825 1817 παρὰ
3866 1738 3946 1820 τῷ
3988 1735 4181 1816 πατρὶ,
4216 1747 4286 1798 ut
4328 1736 4510 1816 λόγος

2833 1842 2915 1907 ab
2941 1858 3172 1907 oeterno
3199 1840 3386 1905 fuerit
3414 1837 3584 1927 apud
3618 1840 3890 1915 Patrem,
3918 1860 4105 1924 quem
4131 1836 4298 1901 vocis
4326 1859 4507 1901 usum

2833 1945 3106 2033 neglexit
3137 1943 3369 2008 Suioer.
3399 1941 3463 2006 in
3491 1942 3680 2006 Thes.
3715 1939 3949 2005 EccleS.
3979 1962 4091 2003 nec
4135 1938 4370 2003 Lexiea
4404 1961 4510 2003 an-

2836 2061 3116 2113 notatum
3153 2046 3404 2111 habent.
3494 2043 3756 2109 Initium
3786 2042 4022 2130 periodi
4049 2064 4375 2131 perperam
4405 2065 4505 2106 ac·

2833 2150 2997 2237 cepit
3024 2147 3477 2236 Engelbardt.;
3523 2147 3696 2234 quod
3727 2169 3847 2210 non
3889 2168 4223 2209 moramur.
4298 2144 4506 2209 Plato-

2834 2252 3032 2317 nicam
3067 2251 3400 2317 formulam
3443 2251 3635 2333 πηγὴν
3681 2251 3776 2313 καὶ
3819 2249 4006 2331 ἀρχὴν
4048 2246 4367 2333 attigimus
4408 2271 4511 2312 su-

2833 2379 2947 2443 pra
2976 2354 3056 2419 ad
3089 2357 3147 2419 I.
3178 2358 3240 2419 6.
3270 2377 3335 2441 p.
3359 2354 3462 2441 58.
3495 2355 3580 2416 A.
3657 2351 3826 2430 Quid
3874 2365 4081 2415 autem
4116 2350 4376 2415 moverit
4405 2352 4508 2416 Fi-

2833 2459 3064 2538 cinum,
3093 2472 3165 2523 ut
3191 2472 3333 2545 post
3361 2457 3593 2521 fontem
3624 2469 3687 2519 et
3709 2456 4096 2542 principium
4124 2452 4379 2519 inferret
4406 2476 4511 2518 ea·-

2831 2562 3101 2640 ordium,
3132 2584 3256 2625 non
3296 2572 3555 2648 exput0.
3627 2560 3708 2622 In
3745 2556 3916 2621 libris
3943 2555 4097 2620 nihil
4126 2556 4365 2643 vestigii
4394 2571 4505 2622 est.

2836 2664 3168 2751 Excerpsit
3194 2665 3364 2728 hune
3391 2661 3597 2727 locum
3624 2661 4048 2725 Tennemann.
4069 2658 4132 2723 in
4165 2659 4333 2724 Hist.
4367 2660 4508 2725 Phi-

2835 2764 2942 2831 los.
2976 2766 3092 2831 VI.
3123 2789 3185 2853 p.
3220 2786 3360 2846 141.
3391 2789 3487 2852 sq.

2936 2906 3024 2917 —
3042 2884 3102 2951 7.
3155 2869 3496 2952 ἀγαθοειδῆ]
3580 2870 3744 2932 Item
3799 2865 4206 2930 Platonicum.
4291 2863 4505 2928 Plato-

2834 2970 2985 3035 nicis
3011 2982 3218 3035 autem
3262 2969 3642 3058 philosophis
3687 2970 3891 3033 anima
3927 2968 4250 3033 dicebatur
4287 2980 4510 3032 natura

2831 3096 2961 3137 esse
2999 3073 3343 3155 ἆγαθοειδὴς
3382 3071 3824 3157 (boniformis).
3875 3071 4076 3136 Proel.
4119 3070 4181 3134 in
4220 3069 4360 3134 Alc.
4407 3092 4504 3156 pr.

2829 3198 2895 3264 p.
2921 3177 3066 3243 280.
3095 3175 3194 3240 ed.
3225 3189 3450 3239 nostr.:
3499 3178 3680 3258 φύσει
3707 3175 3820 3257 γάρ
3845 3177 4008 3239 ἐστιν
4034 3176 4097 3256 (ἡ
4125 3173 4321 3257 ψυχὴ)
4363 3173 4509 3254 ἀγαμ-

2833 3279 3071 3361 θοειδής.
3120 3278 3222 3345 Cf.
3260 3278 3575 3343 Hermetis
3617 3277 3868 3342 Clavem
3908 3300 3973 3365 p.
3999 3296 4099 3341 11.
4143 3275 4243 3340 ed.
4285 3276 4506 3341 Franc.

2835 3382 3095 3447 Patritii.
3150 3381 3474 3469 Praecipue
3512 3395 3721 3446 autem
3766 3395 3977 3445 nostro
4010 3402 4152 3444 eum
4191 3379 4327 3444 loco
4362 3402 4506 3443 con-

2831 3486 3002 3574 gruit
3022 3484 3123 3550 hic
3145 3484 3298 3549 alter
3314 3484 3485 3549 locus
3511 3483 3715 3548 Procli
3735 3483 3798 3547 in
3821 3486 3975 3548 Inst.
3997 3481 4224 3546 Theol.
4240 3484 4505 3547 CXIX.

2831 3612 2897 3678 p.
2928 3606 3066 3672 174.
3108 3587 3209 3655 ed.
3250 3602 3442 3652 nostr.
3483 3585 3656 3651 Ἀλλ’
3701 3584 3737 3668 ᾗ
3778 3590 3934 3665 ἑνᾶς,
3972 3587 4149 3665 ταύτῃ
4197 3587 4508 3667 ἆγαθότης,

2837 3693 2932 3756 καὶ
2967 3689 3003 3771 ᾖ
3042 3692 3350 3774 ἆγαθότης,
3384 3693 3539 3768 ἑνᾶς,
3580 3690 3676 3754 καὶ
3719 3691 3794 3757 ὡς
3835 3690 3945 3768 μὲν
3986 3685 4103 3751 ἀπὸ
4143 3692 4249 3751 τοῦ
4282 3690 4509 3771 πρώτου

2834 3795 3224 3876 προελθόντες
3268 3796 3326 3857 οἱ
3375 3796 3523 3872 μετὰ
3575 3790 3642 3855 τὸ
3694 3798 3944 3873 πρῶτον,
3996 3792 4360 3872 ἆγαθοειδεΐς
4416 3791 4510 3854 καὶ

2838 3899 3126 3963 ἑνοειδεῖς·
3158 3898 3320 3979 εἴπερ
3351 3898 3540 3959 ἐκεῖνο
3564 3896 3629 3959 ἓν
3661 3895 3754 3958 καὶ
3774 3896 4035 3975 τάγαθόν
4059 3921 4109 3958 κ.
4134 3918 4185 3956 τ.
4208 3900 4270 3955 λ.
4321 3900 4362 3931 “
4385 3891 4510 3955 Sed

2836 4012 3142 4085 quatenus
3170 4011 3263 4063 est
3295 3997 3538 4076 Unitas,
3556 4012 3810 4062 eatenus
3838 4010 3929 4060 est
3961 3995 4237 4071 Bonitas,
4268 4009 4331 4058 et
4358 4016 4510 4080 qua-

2836 4116 3018 4165 tenus
3044 4114 3137 4165 est
3181 4100 3437 4166 Bonitas
3466 4114 3720 4165 eatenus
3762 4114 3852 4163 est
3895 4098 4157 4171 Unitas;
4205 4111 4267 4160 et
4312 4112 4385 4161 ut
4428 4096 4509 4161 ab

2835 4202 2942 4268 illo
2983 4203 3235 4290 quidem
3280 4204 3493 4268 Primo
3535 4201 3841 4291 progressi
3884 4200 3994 4278 illi,
4032 4200 4140 4287 qui
4183 4214 4328 4264 sunt
4369 4214 4512 4287 post

2834 4305 2991 4369 illud
3020 4306 3314 4394 primum,
3346 4320 3492 4370 sunt
3524 4306 3703 4369 Bono
3744 4302 3967 4368 similes
3993 4317 4056 4367 et
4093 4302 4225 4368 Uni
4255 4302 4505 4373 similes;

2837 4407 3140 4496 siquidem
3178 4407 3333 4473 illud
3378 4410 3595 4473 Unum
3626 4421 3719 4471 est
3752 4406 3933 4471 etiam
3978 4406 4183 4493 ipsum
4224 4407 4504 4469 Bonum:

2835 4512 2992 4575 cet.''
3022 4512 3130 4576 ubi
3153 4511 3218 4575 in
3240 4525 3448 4576 annot.
3470 4526 3534 4575 et
3562 4509 3752 4574 nostri
3781 4508 3897 4573 loci
3925 4522 3988 4572 et
4013 4507 4274 4572 aliorum
4291 4507 4504 4573 admo-

2834 4614 2965 4678 nui.
3056 4614 3134 4677 In
3174 4614 3388 4679 eodem
3431 4629 3636 4677 autem
3674 4611 3832 4676 libro
3862 4613 4017 4675 Inst.
4052 4610 4274 4676 Theol.
4307 4611 4503 4674 VIII.

2834 4740 2900 4804 p.
2933 4737 3026 4798 14.
3072 4716 3333 4781 Proclus
3360 4716 3540 4780 docet
3576 4716 3644 4778 τὸ
3689 4721 3920 4797 πρῶτον
3949 4714 4176 4796 ἀγαθὸν
4206 4714 4300 4778 καὶ
4334 4714 4510 4794 τάγα-

2837 4819 2945 4884 θὸν
2978 4825 3304 4894 καλεῖσθαι,
3337 4832 3400 4882 et
3426 4817 3685 4882 alterum
3716 4816 3910 4880 illud:
3958 4817 4025 4880 τὸ
4061 4820 4258 4882 ἅπλῶς
4285 4812 4508 4896 ἀγαθὸν

2835 4944 2964 4985 esse
2990 4920 3147 4986 illud
3173 4923 3241 4986 οὗ
3263 4922 3457 4985 πάντα
3476 4923 3552 4984 τὰ
3580 4920 3724 4984 ὄντα
3754 4921 4002 5001 ἐφίεται.
4077 4924 4120 4956 “
4143 4914 4509 5002 Simpliciter

2838 5025 3087 5087 Bonum
3117 5047 3267 5102 esse,
3299 5022 3470 5109 quod
3498 5021 3707 5086 omnia
3733 5022 3898 5086 entia
3923 5020 4275 5110 appetant.''
4350 5020 4509 5096 Quae

2837 5126 3153 5190 sententiae
3180 5149 3257 5189 ex
3285 5124 3404 5189 hoc
3433 5124 3667 5189 Plotini
3694 5124 3831 5189 loco
3859 5124 4063 5188 ductae
4092 5121 4401 5186 videntur.

2921 5265 3008 5276 —
3034 5248 3127 5293 12.
3174 5228 3528 5293 Οὕτω-καὶ
3545 5230 3779 5307 ἀληθὲς,
3811 5226 3900 5300 τὸ,
3933 5228 4001 5289 οὗ
4029 5226 4224 5290 πάντα
4253 5225 4507 5307 ἐφίεται]

2841 5331 2930 5396 Ut
2975 5353 3139 5395 nunc
3178 5345 3322 5394 sunt
3366 5330 3573 5408 verba„
3619 5343 3783 5395 recte
3824 5327 4011 5392 vertit
4051 5327 4327 5391 Ficinus.
4372 5327 4510 5389 En-

2836 5431 3098 5519 gelhart.
3144 5454 3267 5495 non
3313 5433 3546 5496 monito
3589 5431 3817 5497 lectore
3861 5430 4078 5494 vertit:
4134 5436 4178 5469 “
4209 5431 4398 5493 Denn
4444 5450 4511 5490 so

2836 5534 2918 5599 ist
2933 5558 2998 5599 es
3018 5535 3133 5598 das
3163 5534 3406 5612 Wahre,
3426 5533 3583 5598 nach
3603 5531 3889 5598 welchem
3912 5529 4078 5595 Alles
4094 5530 4224 5596 sich
4244 5530 4513 5596 sehnet.''
