<?xml version="1.0" encoding="UTF-8"?>
<!DOCTYPE html PUBLIC "-//W3C//DTD XHTML 1.0 Transitional//EN"
    "http://www.w3.org/TR/xhtml1/DTD/xhtml1-transitional.dtd">
<html xmlns="http://www.w3.org/1999/xhtml" xml:lang="en" lang="en">
 <head>
  <title>
</title>
<meta http-equiv="Content-Type" content="text/html;charset=utf-8" />
  <meta name='ocr-system' content='tesseract 3.04.00' />
  <meta name='ocr-capabilities' content='ocr_page ocr_carea ocr_par ocr_line ocrx_word'/>
</head>
<body>
  <div class='ocr_page' id='page_1' title='image "./plotinioperaomn00chumgoog_0385.png"; bbox 0 0 5118 6613; ppageno 0'>
   <div class='ocr_carea' id='block_1_1' title="bbox 1384 471 3282 562">
    <p class='ocr_par' dir='ltr' id='par_1_1' title="bbox 1384 471 3282 562">
     <span class='ocr_line' id='line_1_1' title="bbox 1384 471 3282 562; baseline 0.003 -27"><span class='ocrx_word' id='word_1_1' title='bbox 1384 471 1581 535; x_wconf 90' lang='lat' dir='ltr'><strong>LIB.</strong></span> <span class='ocrx_word' id='word_1_2' title='bbox 1617 473 1733 537; x_wconf 90' lang='lat' dir='ltr'><strong>VI.</strong></span> <span class='ocrx_word' id='word_1_3' title='bbox 1781 473 2241 539; x_wconf 88' lang='lat' dir='ltr'><strong>ENNEAD.</strong></span> <span class='ocrx_word' id='word_1_4' title='bbox 2293 474 2697 538; x_wconf 87' lang='lat' dir='ltr'><strong>SEXTAE.</strong></span> <span class='ocrx_word' id='word_1_5' title='bbox 2742 496 2803 562; x_wconf 92' lang='lat' dir='ltr'><strong>p.</strong></span> <span class='ocrx_word' id='word_1_6' title='bbox 2843 491 3282 556; x_wconf 82' lang='lat'><strong>1242—1244.</strong></span> 
     </span>
    </p>
   </div>
   <div class='ocr_carea' id='block_1_2' title="bbox 595 642 2292 1341">
    <p class='ocr_par' dir='ltr' id='par_1_2' title="bbox 595 642 2292 1341">
     <span class='ocr_line' id='line_1_2' title="bbox 601 642 2291 730; baseline 0.001 -22"><span class='ocrx_word' id='word_1_7' title='bbox 601 642 874 708; x_wconf 78' lang='lat' dir='ltr'><strong>Charon.</strong></span> <span class='ocrx_word' id='word_1_8' title='bbox 912 661 1008 728; x_wconf 83' lang='lat'><strong>13.</strong></span> <span class='ocrx_word' id='word_1_9' title='bbox 1040 665 1102 730; x_wconf 89' lang='lat' dir='ltr'><strong>p.</strong></span> <span class='ocrx_word' id='word_1_10' title='bbox 1124 659 1277 728; x_wconf 89' lang='lat'><strong>507.</strong></span> <span class='ocrx_word' id='word_1_11' title='bbox 1308 666 1398 730; x_wconf 91' lang='lat' dir='ltr'><strong>sq.</strong></span> <span class='ocrx_word' id='word_1_12' title='bbox 1441 659 1505 708; x_wconf 90' lang='lat' dir='ltr'><strong>et</strong></span> <span class='ocrx_word' id='word_1_13' title='bbox 1543 646 1615 709; x_wconf 93' lang='lat' dir='ltr'><strong>C.</strong></span> <span class='ocrx_word' id='word_1_14' title='bbox 1642 644 1815 709; x_wconf 89' lang='lat' dir='ltr'><strong>Frid.</strong></span> <span class='ocrx_word' id='word_1_15' title='bbox 1851 647 2291 710; x_wconf 89' lang='lat' dir='ltr'><strong>Hermannum</strong></span> 
     </span>
     <span class='ocr_line' id='line_1_3' title="bbox 597 744 2292 834; baseline 0.002 -27"><span class='ocrx_word' id='word_1_16' title='bbox 597 761 878 808; x_wconf 82' lang='lat' dir='ltr'><strong>nostrum</strong></span> <span class='ocrx_word' id='word_1_17' title='bbox 923 744 1004 809; x_wconf 92' lang='lat' dir='ltr'><strong>ad</strong></span> <span class='ocrx_word' id='word_1_18' title='bbox 1037 744 1299 809; x_wconf 88' lang='lat' dir='ltr'><strong>Lucian.</strong></span> <span class='ocrx_word' id='word_1_19' title='bbox 1343 745 1423 809; x_wconf 89' lang='lat' dir='ltr'><strong>de</strong></span> <span class='ocrx_word' id='word_1_20' title='bbox 1461 746 1760 813; x_wconf 87' lang='lat' dir='ltr'><strong>conscrib.</strong></span> <span class='ocrx_word' id='word_1_21' title='bbox 1793 748 1965 813; x_wconf 89' lang='lat' dir='ltr'><strong>Hist.</strong></span> <span class='ocrx_word' id='word_1_22' title='bbox 1997 771 2061 834; x_wconf 92' lang='lat' dir='ltr'><strong>p.</strong></span> <span class='ocrx_word' id='word_1_23' title='bbox 2094 767 2197 833; x_wconf 85' lang='lat'><strong>3¹·</strong></span> <span class='ocrx_word' id='word_1_24' title='bbox 2230 761 2292 810; x_wconf 92' lang='lat' dir='ltr'><strong>et</strong></span> 
     </span>
     <span class='ocr_line' id='line_1_4' title="bbox 600 833 2291 938; baseline 0.001 -26"><span class='ocrx_word' id='word_1_25' title='bbox 600 871 661 934; x_wconf 88' lang='lat' dir='ltr'><strong>p.</strong></span> <span class='ocrx_word' id='word_1_26' title='bbox 693 850 846 934; x_wconf 84' lang='lat'><strong>362.</strong></span> <span class='ocrx_word' id='word_1_27' title='bbox 878 863 941 912; x_wconf 89' lang='lat' dir='ltr'><strong>et</strong></span> <span class='ocrx_word' id='word_1_28' title='bbox 971 849 1045 911; x_wconf 91' lang='lat' dir='ltr'><strong>C.</strong></span> <span class='ocrx_word' id='word_1_29' title='bbox 1073 849 1156 913; x_wconf 90' lang='lat' dir='ltr'><strong>G.</strong></span> <span class='ocrx_word' id='word_1_30' title='bbox 1181 833 1405 913; x_wconf 81' lang='lat' dir='ltr'><strong>Jacob.</strong></span> <span class='ocrx_word' id='word_1_31' title='bbox 1436 849 1517 913; x_wconf 84' lang='lat' dir='ltr'><strong>ad</strong></span> <span class='ocrx_word' id='word_1_32' title='bbox 1551 851 1817 915; x_wconf 87' lang='lat' dir='ltr'><strong>Luciani</strong></span> <span class='ocrx_word' id='word_1_33' title='bbox 1847 849 2195 915; x_wconf 83' lang='lat' dir='ltr'><strong>Alexandr.</strong></span> <span class='ocrx_word' id='word_1_34' title='bbox 2225 874 2291 938; x_wconf 89' lang='lat' dir='ltr'><strong>p.</strong></span> 
     </span>
     <span class='ocr_line' id='line_1_5' title="bbox 599 950 2290 1041; baseline 0.001 -27"><span class='ocrx_word' id='word_1_35' title='bbox 599 972 703 1036; x_wconf 85' lang='grc'>93.</span> <span class='ocrx_word' id='word_1_36' title='bbox 736 975 829 1037; x_wconf 89' lang='lat' dir='ltr'><strong>sq.</strong></span> <span class='ocrx_word' id='word_1_37' title='bbox 893 950 1222 1016; x_wconf 88' lang='lat' dir='ltr'><strong>Iamblich.</strong></span> <span class='ocrx_word' id='word_1_38' title='bbox 1253 950 1332 1016; x_wconf 89' lang='lat' dir='ltr'><strong>de</strong></span> <span class='ocrx_word' id='word_1_39' title='bbox 1361 952 1486 1017; x_wconf 87' lang='lat' dir='ltr'><strong>vit.</strong></span> <span class='ocrx_word' id='word_1_40' title='bbox 1518 953 1792 1041; x_wconf 89' lang='lat' dir='ltr'><strong>Pythag.</strong></span> <span class='ocrx_word' id='word_1_41' title='bbox 1826 955 2063 1018; x_wconf 84' lang='lat' dir='ltr'><strong>XVII.</strong></span> <span class='ocrx_word' id='word_1_42' title='bbox 2093 977 2157 1040; x_wconf 92' lang='lat' dir='ltr'><strong>p.</strong></span> <span class='ocrx_word' id='word_1_43' title='bbox 2184 957 2290 1038; x_wconf 93' lang='lat'><strong>65.</strong></span> 
     </span>
     <span class='ocr_line' id='line_1_6' title="bbox 599 1054 2287 1142; baseline 0.001 -23"><span class='ocrx_word' id='word_1_44' title='bbox 599 1057 787 1119; x_wconf 84' lang='lat' dir='ltr'><strong>Kust.</strong></span> <span class='ocrx_word' id='word_1_45' title='bbox 818 1078 882 1142; x_wconf 87' lang='lat' dir='ltr'><strong>p.</strong></span> <span class='ocrx_word' id='word_1_46' title='bbox 916 1055 1054 1118; x_wconf 90' lang='lat'><strong>166.</strong></span> <span class='ocrx_word' id='word_1_47' title='bbox 1091 1054 1428 1142; x_wconf 85' lang='lat' dir='ltr'><strong>Kiessling.</strong></span> <span class='ocrx_word' id='word_1_48' title='bbox 1456 1080 1471 1120; x_wconf 90' lang='lat'><strong>:</strong></span> <span class='ocrx_word' id='word_1_49' title='bbox 1520 1057 1868 1138; x_wconf 76' lang='grc' dir='ltr'>ὀνομάξαιμι</span> <span class='ocrx_word' id='word_1_50' title='bbox 1908 1060 1973 1122; x_wconf 76' lang='grc' dir='ltr'>δὲ</span> <span class='ocrx_word' id='word_1_51' title='bbox 2015 1060 2111 1122; x_wconf 81' lang='grc' dir='ltr'>καὶ</span> <span class='ocrx_word' id='word_1_52' title='bbox 2138 1057 2287 1139; x_wconf 84' lang='grc' dir='ltr'>πρά-</span> 
     </span>
     <span class='ocr_line' id='line_1_7' title="bbox 597 1158 2290 1243; baseline 0.001 -22"><span class='ocrx_word' id='word_1_53' title='bbox 597 1183 701 1222; x_wconf 87' lang='grc' dir='ltr'>τον</span> <span class='ocrx_word' id='word_1_54' title='bbox 747 1159 1020 1223; x_wconf 75' lang='grc' dir='ltr'>ἐπελθὼν</span> <span class='ocrx_word' id='word_1_55' title='bbox 1063 1158 1255 1223; x_wconf 78' lang='grc' dir='ltr'>αὐτῶν</span> <span class='ocrx_word' id='word_1_56' title='bbox 1297 1162 1402 1225; x_wconf 77' lang='grc' dir='ltr'>τὰς</span> <span class='ocrx_word' id='word_1_57' title='bbox 1440 1159 1717 1241; x_wconf 77' lang='grc' dir='ltr'>ματέρας,</span> <span class='ocrx_word' id='word_1_58' title='bbox 1749 1161 2040 1243; x_wconf 77' lang='grc' dir='ltr'>ἀκρασίαν</span> <span class='ocrx_word' id='word_1_59' title='bbox 2084 1186 2151 1224; x_wconf 90' lang='grc' dir='ltr'><strong>τε</strong></span> <span class='ocrx_word' id='word_1_60' title='bbox 2196 1161 2290 1224; x_wconf 85' lang='grc' dir='ltr'>καὶ</span> 
     </span>
     <span class='ocr_line' id='line_1_8' title="bbox 595 1261 2285 1341; baseline 0.001 -16"><span class='ocrx_word' id='word_1_61' title='bbox 595 1263 968 1341; x_wconf 77' lang='grc' dir='ltr'>πλεονεξίαν.</span> <span class='ocrx_word' id='word_1_62' title='bbox 1062 1262 1195 1327; x_wconf 94' lang='lat' dir='ltr'><strong>Ubi</strong></span> <span class='ocrx_word' id='word_1_63' title='bbox 1229 1261 1440 1327; x_wconf 88' lang='lat' dir='ltr'><strong>nullus</strong></span> <span class='ocrx_word' id='word_1_64' title='bbox 1481 1263 1763 1328; x_wconf 90' lang='lat' dir='ltr'><strong>codicum</strong></span> <span class='ocrx_word' id='word_1_65' title='bbox 1795 1280 2148 1329; x_wconf 88' lang='lat' dir='ltr'><strong>nostrorum</strong></span> <span class='ocrx_word' id='word_1_66' title='bbox 2179 1287 2285 1328; x_wconf 84' lang='lat' dir='ltr'><strong>ex-</strong></span> 
     </span>
    </p>
   </div>
   <div class='ocr_carea' id='block_1_3' title="bbox 495 1362 2287 1454">
    <p class='ocr_par' dir='ltr' id='par_1_3' title="bbox 495 1362 2287 1454">
     <span class='ocr_line' id='line_1_9' title="bbox 495 1362 2287 1454; baseline 0.002 -27"><span class='ocrx_word' id='word_1_67' title='bbox 495 1441 505 1454; x_wconf 47' lang='lat'><strong>·</strong></span> <span class='ocrx_word' id='word_1_68' title='bbox 598 1362 771 1429; x_wconf 89' lang='lat' dir='ltr'><strong>hibet</strong></span> <span class='ocrx_word' id='word_1_69' title='bbox 800 1363 1148 1444; x_wconf 74' lang='grc' dir='ltr'>ὀνομάξαιμι</span> <span class='ocrx_word' id='word_1_70' title='bbox 1182 1378 1246 1428; x_wconf 89' lang='lat' dir='ltr'><strong>et</strong></span> <span class='ocrx_word' id='word_1_71' title='bbox 1287 1365 1550 1446; x_wconf 74' lang='grc' dir='ltr'>πράτονε</span> <span class='ocrx_word' id='word_1_72' title='bbox 1598 1389 1812 1431; x_wconf 89' lang='lat' dir='ltr'><strong>omnes</strong></span> <span class='ocrx_word' id='word_1_73' title='bbox 1854 1382 2070 1431; x_wconf 91' lang='lat' dir='ltr'><strong>contra</strong></span> <span class='ocrx_word' id='word_1_74' title='bbox 2110 1370 2287 1431; x_wconf 80' lang='grc' dir='ltr'>ἐπελ-</span> 
     </span>
    </p>
   </div>
   <div class='ocr_carea' id='block_1_4' title="bbox 519 1468 2298 2688">
    <p class='ocr_par' dir='ltr' id='par_1_4' title="bbox 599 1468 750 1656">
     <span class='ocr_line' id='line_1_10' title="bbox 601 1468 728 1532; baseline -0.008 -1"><span class='ocrx_word' id='word_1_75' title='bbox 601 1468 728 1532; x_wconf 86' lang='grc' dir='ltr'>θόν.</span> 
     </span>
     <span class='ocr_line' id='line_1_11' title="bbox 599 1569 750 1656; baseline 0.013 -25"><span class='ocrx_word' id='word_1_76' title='bbox 599 1569 750 1656; x_wconf 85' lang='lat' dir='ltr'><strong>ling.</strong></span> 
     </span>
    </p>

    <p class='ocr_par' dir='ltr' id='par_1_5' title="bbox 519 1671 2298 2688">
     <span class='ocr_line' id='line_1_12' title="bbox 686 1671 2288 1760; baseline 0.002 -23"><span class='ocrx_word' id='word_1_77' title='bbox 686 1696 748 1760; x_wconf 91' lang='lat' dir='ltr'><strong>p.</strong></span> <span class='ocrx_word' id='word_1_78' title='bbox 799 1692 976 1753; x_wconf 81' lang='grc'>1244,</span> <span class='ocrx_word' id='word_1_79' title='bbox 1009 1693 1073 1757; x_wconf 92' lang='lat'><strong>9.</strong></span> <span class='ocrx_word' id='word_1_80' title='bbox 1116 1671 1206 1738; x_wconf 84' lang='grc' dir='ltr'><strong>διδ</strong></span> <span class='ocrx_word' id='word_1_81' title='bbox 1245 1676 1341 1738; x_wconf 82' lang='grc' dir='ltr'>καὶ</span> <span class='ocrx_word' id='word_1_82' title='bbox 1376 1677 1450 1737; x_wconf 75' lang='grc' dir='ltr'><strong>τὰ</strong></span> <span class='ocrx_word' id='word_1_83' title='bbox 1492 1676 1614 1755; x_wconf 81' lang='grc' dir='ltr'>εἴδη</span> <span class='ocrx_word' id='word_1_84' title='bbox 1657 1674 2288 1759; x_wconf 84' lang='grc' dir='ltr'>ἔλεγον-ἆριθμούς·]</span> 
     </span>
     <span class='ocr_line' id='line_1_13' title="bbox 601 1774 2291 1864; baseline 0.002 -24"><span class='ocrx_word' id='word_1_85' title='bbox 601 1775 1037 1863; x_wconf 89' lang='lat' dir='ltr'><strong>Olympiodor.</strong></span> <span class='ocrx_word' id='word_1_86' title='bbox 1071 1777 1134 1839; x_wconf 92' lang='lat' dir='ltr'><strong>in</strong></span> <span class='ocrx_word' id='word_1_87' title='bbox 1168 1774 1377 1840; x_wconf 86' lang='lat' dir='ltr'><strong>Alcib.</strong></span> <span class='ocrx_word' id='word_1_88' title='bbox 1408 1799 1504 1864; x_wconf 88' lang='lat' dir='ltr'><strong>pr.</strong></span> <span class='ocrx_word' id='word_1_89' title='bbox 1538 1776 1621 1840; x_wconf 91' lang='lat' dir='ltr'><strong>X.</strong></span> <span class='ocrx_word' id='word_1_90' title='bbox 1654 1799 1716 1863; x_wconf 91' lang='lat' dir='ltr'><strong>p.</strong></span> <span class='ocrx_word' id='word_1_91' title='bbox 1742 1798 1860 1863; x_wconf 91' lang='lat'><strong>95:</strong></span> <span class='ocrx_word' id='word_1_92' title='bbox 1912 1779 2113 1842; x_wconf 76' lang='grc' dir='ltr'>ἰστέον</span> <span class='ocrx_word' id='word_1_93' title='bbox 2155 1781 2291 1861; x_wconf 76' lang='grc' dir='ltr'>γὰρ,</span> 
     </span>
     <span class='ocr_line' id='line_1_14' title="bbox 601 1880 2292 1962; baseline 0.002 -21"><span class='ocrx_word' id='word_1_94' title='bbox 601 1880 692 1942; x_wconf 84' lang='grc' dir='ltr'>ὅτι</span> <span class='ocrx_word' id='word_1_95' title='bbox 736 1881 794 1942; x_wconf 78' lang='grc' dir='ltr'><strong>οῑ</strong></span> <span class='ocrx_word' id='word_1_96' title='bbox 838 1881 1206 1962; x_wconf 80' lang='grc' dir='ltr'>Πυθαγόριοι</span> <span class='ocrx_word' id='word_1_97' title='bbox 1254 1880 1329 1959; x_wconf 86' lang='lat' dir='ltr'><strong>(f.</strong></span> <span class='ocrx_word' id='word_1_98' title='bbox 1377 1882 1815 1962; x_wconf 74' lang='grc' dir='ltr'>Πυθαγόρειοιε</span> <span class='ocrx_word' id='word_1_99' title='bbox 1874 1880 1980 1944; x_wconf 88' lang='lat' dir='ltr'><strong>sed</strong></span> <span class='ocrx_word' id='word_1_100' title='bbox 2029 1880 2153 1945; x_wconf 84' lang='lat' dir='ltr'><strong>vid.</strong></span> <span class='ocrx_word' id='word_1_101' title='bbox 2199 1895 2292 1944; x_wconf 85' lang='lat' dir='ltr'><strong>ta-</strong></span> 
     </span>
     <span class='ocr_line' id='line_1_15' title="bbox 602 1980 2298 2071; baseline 0.003 -27"><span class='ocrx_word' id='word_1_102' title='bbox 602 2002 740 2045; x_wconf 85' lang='lat' dir='ltr'><strong>men</strong></span> <span class='ocrx_word' id='word_1_103' title='bbox 785 1997 917 2045; x_wconf 87' lang='lat' dir='ltr'><strong>not.</strong></span> <span class='ocrx_word' id='word_1_104' title='bbox 948 1980 1028 2045; x_wconf 93' lang='lat' dir='ltr'><strong>ad</strong></span> <span class='ocrx_word' id='word_1_105' title='bbox 1059 2005 1124 2069; x_wconf 90' lang='lat' dir='ltr'><strong>p.</strong></span> <span class='ocrx_word' id='word_1_106' title='bbox 1153 2000 1256 2066; x_wconf 84' lang='lat'><strong>92.</strong></span> <span class='ocrx_word' id='word_1_107' title='bbox 1293 1980 1759 2071; x_wconf 80' lang='lat' dir='ltr'><strong>olympiodori)</strong></span> <span class='ocrx_word' id='word_1_108' title='bbox 1794 1985 2121 2063; x_wconf 76' lang='grc' dir='ltr'>ἐθαύμαζον</span> <span class='ocrx_word' id='word_1_109' title='bbox 2163 1985 2298 2051; x_wconf 82' lang='grc' dir='ltr'>τοὺς</span> 
     </span>
     <span class='ocr_line' id='line_1_16' title="bbox 600 2085 2294 2169; baseline 0.002 -21"><span class='ocrx_word' id='word_1_110' title='bbox 600 2085 861 2165; x_wconf 72' lang='grc' dir='ltr'>πρώτους</span> <span class='ocrx_word' id='word_1_111' title='bbox 901 2087 1177 2167; x_wconf 81' lang='grc' dir='ltr'>εὑρόντας</span> <span class='ocrx_word' id='word_1_112' title='bbox 1217 2085 1353 2152; x_wconf 79' lang='grc' dir='ltr'>τοὺς</span> <span class='ocrx_word' id='word_1_113' title='bbox 1393 2085 1687 2167; x_wconf 81' lang='grc' dir='ltr'>ἀριθμοὺς,</span> <span class='ocrx_word' id='word_1_114' title='bbox 1720 2085 2013 2169; x_wconf 80' lang='grc' dir='ltr'>λέγοντας</span> <span class='ocrx_word' id='word_1_115' title='bbox 2043 2087 2294 2169; x_wconf 75' lang='grc' dir='ltr'>ἐγνωκέ·</span> 
     </span>
     <span class='ocr_line' id='line_1_17' title="bbox 519 2188 2293 2272; baseline 0.002 -22"><span class='ocrx_word' id='word_1_116' title='bbox 519 2227 525 2232; x_wconf 85' lang='grc'>-</span> <span class='ocrx_word' id='word_1_117' title='bbox 603 2212 699 2251; x_wconf 90' lang='grc' dir='ltr'><strong>ναι</strong></span> <span class='ocrx_word' id='word_1_118' title='bbox 727 2189 966 2254; x_wconf 79' lang='grc' dir='ltr'>τούτους</span> <span class='ocrx_word' id='word_1_119' title='bbox 989 2188 1098 2267; x_wconf 82' lang='grc' dir='ltr'>τὴν</span> <span class='ocrx_word' id='word_1_120' title='bbox 1126 2189 1340 2252; x_wconf 80' lang='grc' dir='ltr'>οὐσίαν</span> <span class='ocrx_word' id='word_1_121' title='bbox 1367 2194 1472 2252; x_wconf 84' lang='grc' dir='ltr'><strong>τοῦ</strong></span> <span class='ocrx_word' id='word_1_122' title='bbox 1502 2193 1625 2253; x_wconf 85' lang='grc' dir='ltr'>νοῦ·</span> <span class='ocrx_word' id='word_1_123' title='bbox 1674 2193 1730 2253; x_wconf 76' lang='grc' dir='ltr'><strong>εἴ</strong></span> <span class='ocrx_word' id='word_1_124' title='bbox 1755 2216 1829 2272; x_wconf 80' lang='grc' dir='ltr'><strong>γε</strong></span> <span class='ocrx_word' id='word_1_125' title='bbox 1857 2189 2134 2272; x_wconf 75' lang='grc' dir='ltr'>ἀριθμοὺς</span> <span class='ocrx_word' id='word_1_126' title='bbox 2160 2190 2293 2254; x_wconf 75' lang='grc' dir='ltr'>ἐκά-</span> 
     </span>
     <span class='ocr_line' id='line_1_18' title="bbox 603 2289 2292 2378; baseline 0.002 -25"><span class='ocrx_word' id='word_1_127' title='bbox 603 2298 752 2355; x_wconf 85' lang='grc' dir='ltr'>λουν</span> <span class='ocrx_word' id='word_1_128' title='bbox 789 2289 893 2357; x_wconf 84' lang='grc' dir='ltr'>τὰς</span> <span class='ocrx_word' id='word_1_129' title='bbox 939 2291 1114 2364; x_wconf 72' lang='grc' dir='ltr'>ἰδέας,</span> <span class='ocrx_word' id='word_1_130' title='bbox 1163 2292 1225 2354; x_wconf 78' lang='grc' dir='ltr'>αἱ</span> <span class='ocrx_word' id='word_1_131' title='bbox 1264 2293 1328 2354; x_wconf 77' lang='grc' dir='ltr'>δὲ</span> <span class='ocrx_word' id='word_1_132' title='bbox 1375 2291 1524 2355; x_wconf 81' lang='grc' dir='ltr'>ἰδέαι</span> <span class='ocrx_word' id='word_1_133' title='bbox 1565 2294 1632 2356; x_wconf 80' lang='grc' dir='ltr'>ἑν</span> <span class='ocrx_word' id='word_1_134' title='bbox 1675 2297 1756 2378; x_wconf 74' lang='grc' dir='ltr'><strong>τῷ</strong></span> <span class='ocrx_word' id='word_1_135' title='bbox 1799 2296 1879 2378; x_wconf 74' lang='grc' dir='ltr'>νῷ</span> <span class='ocrx_word' id='word_1_136' title='bbox 1926 2296 2096 2357; x_wconf 81' lang='grc' dir='ltr'>εἰσιν.</span> <span class='ocrx_word' id='word_1_137' title='bbox 2189 2292 2292 2357; x_wconf 88' lang='lat' dir='ltr'><strong>Cf.</strong></span> 
     </span>
     <span class='ocr_line' id='line_1_19' title="bbox 604 2391 2295 2483; baseline 0.002 -27"><span class='ocrx_word' id='word_1_138' title='bbox 604 2391 959 2457; x_wconf 87' lang='lat' dir='ltr'><strong>Aristotelis</strong></span> <span class='ocrx_word' id='word_1_139' title='bbox 1007 2394 1295 2479; x_wconf 87' lang='lat' dir='ltr'><strong>Metaph.</strong></span> <span class='ocrx_word' id='word_1_140' title='bbox 1349 2395 1403 2457; x_wconf 94' lang='lat' dir='ltr'><strong>I.</strong></span> <span class='ocrx_word' id='word_1_141' title='bbox 1448 2414 1515 2479; x_wconf 91' lang='lat'><strong>5.</strong></span> <span class='ocrx_word' id='word_1_142' title='bbox 1615 2397 1786 2459; x_wconf 80' lang='lat' dir='ltr'><strong>Sext.</strong></span> <span class='ocrx_word' id='word_1_143' title='bbox 1837 2395 2085 2482; x_wconf 90' lang='lat' dir='ltr'><strong>Empir.</strong></span> <span class='ocrx_word' id='word_1_144' title='bbox 2133 2398 2295 2483; x_wconf 89' lang='lat' dir='ltr'><strong>Pyr-</strong></span> 
     </span>
     <span class='ocr_line' id='line_1_20' title="bbox 601 2496 2292 2585; baseline 0.001 -25"><span class='ocrx_word' id='word_1_145' title='bbox 601 2496 824 2560; x_wconf 90' lang='lat' dir='ltr'><strong>rhonn.</strong></span> <span class='ocrx_word' id='word_1_146' title='bbox 859 2499 1239 2585; x_wconf 88' lang='lat' dir='ltr'><strong>Hypotypp.</strong></span> <span class='ocrx_word' id='word_1_147' title='bbox 1279 2498 1420 2561; x_wconf 91' lang='lat' dir='ltr'><strong>III.</strong></span> <span class='ocrx_word' id='word_1_148' title='bbox 1460 2515 1600 2582; x_wconf 85' lang='grc'>152.</span> <span class='ocrx_word' id='word_1_149' title='bbox 1672 2496 2035 2562; x_wconf 83' lang='lat' dir='ltr'><strong>Nicomachi</strong></span> <span class='ocrx_word' id='word_1_150' title='bbox 2085 2498 2292 2563; x_wconf 89' lang='lat' dir='ltr'><strong>Instit.</strong></span> 
     </span>
     <span class='ocr_line' id='line_1_21' title="bbox 604 2600 2294 2688; baseline -0.001 -23"><span class='ocrx_word' id='word_1_151' title='bbox 604 2600 882 2665; x_wconf 89' lang='lat' dir='ltr'><strong>Arithm.</strong></span> <span class='ocrx_word' id='word_1_152' title='bbox 927 2624 991 2688; x_wconf 87' lang='lat' dir='ltr'><strong>p.</strong></span> <span class='ocrx_word' id='word_1_153' title='bbox 1034 2620 1138 2682; x_wconf 89' lang='lat'><strong>74.</strong></span> <span class='ocrx_word' id='word_1_154' title='bbox 1234 2604 1379 2665; x_wconf 91' lang='lat' dir='ltr'><strong>Ast.</strong></span> <span class='ocrx_word' id='word_1_155' title='bbox 1429 2602 1562 2666; x_wconf 82' lang='lat' dir='ltr'><strong>Cic.</strong></span> <span class='ocrx_word' id='word_1_156' title='bbox 1611 2601 1977 2666; x_wconf 87' lang='lat' dir='ltr'><strong>Academm.</strong></span> <span class='ocrx_word' id='word_1_157' title='bbox 2027 2603 2144 2666; x_wconf 94' lang='lat' dir='ltr'><strong>IV.</strong></span> <span class='ocrx_word' id='word_1_158' title='bbox 2186 2621 2294 2687; x_wconf 83' lang='lat'><strong>37.</strong></span> 
     </span>
    </p>
   </div>
   <div class='ocr_carea' id='block_1_5' title="bbox 819 1467 2287 1557">
    <p class='ocr_par' dir='ltr' id='par_1_6' title="bbox 819 1467 2287 1557">
     <span class='ocr_line' id='line_1_22' title="bbox 819 1467 2287 1557; baseline 0.001 -25"><span class='ocrx_word' id='word_1_159' title='bbox 819 1468 911 1532; x_wconf 93' lang='lat' dir='ltr'><strong>Et</strong></span> <span class='ocrx_word' id='word_1_160' title='bbox 953 1467 1072 1531; x_wconf 92' lang='lat' dir='ltr'><strong>hoc</strong></span> <span class='ocrx_word' id='word_1_161' title='bbox 1114 1467 1384 1532; x_wconf 88' lang='lat' dir='ltr'><strong>debebat</strong></span> <span class='ocrx_word' id='word_1_162' title='bbox 1411 1492 1447 1532; x_wconf 89' lang='lat' dir='ltr'><strong>e</strong></span> <span class='ocrx_word' id='word_1_163' title='bbox 1478 1468 1726 1533; x_wconf 87' lang='lat' dir='ltr'><strong>Cizensi</strong></span> <span class='ocrx_word' id='word_1_164' title='bbox 1770 1469 2045 1557; x_wconf 88' lang='lat' dir='ltr'><strong>recipere</strong></span> <span class='ocrx_word' id='word_1_165' title='bbox 2077 1469 2287 1533; x_wconf 85' lang='lat' dir='ltr'><strong>Kiess-</strong></span> 
     </span>
    </p>
   </div>
   <div class='ocr_carea' id='block_1_6' title="bbox 603 2703 2299 3402">
    <p class='ocr_par' dir='ltr' id='par_1_7' title="bbox 603 2703 2299 3097">
     <span class='ocr_line' id='line_1_23' title="bbox 606 2703 2296 2791; baseline 0.002 -25"><span class='ocrx_word' id='word_1_166' title='bbox 606 2703 930 2768; x_wconf 90' lang='lat' dir='ltr'><strong>Iamblich.</strong></span> <span class='ocrx_word' id='word_1_167' title='bbox 964 2703 1043 2767; x_wconf 91' lang='lat' dir='ltr'><strong>de</strong></span> <span class='ocrx_word' id='word_1_168' title='bbox 1068 2704 1193 2768; x_wconf 91' lang='lat' dir='ltr'><strong>Vit.</strong></span> <span class='ocrx_word' id='word_1_169' title='bbox 1227 2705 1501 2791; x_wconf 87' lang='lat' dir='ltr'><strong>Pythag.</strong></span> <span class='ocrx_word' id='word_1_170' title='bbox 1539 2708 1673 2784; x_wconf 80' lang='lat'><strong>146.</strong></span> <span class='ocrx_word' id='word_1_171' title='bbox 1707 2721 1768 2768; x_wconf 92' lang='lat' dir='ltr'><strong>et</strong></span> <span class='ocrx_word' id='word_1_172' title='bbox 1799 2705 2183 2769; x_wconf 88' lang='lat' dir='ltr'><strong>Rittershus.</strong></span> <span class='ocrx_word' id='word_1_173' title='bbox 2214 2704 2296 2769; x_wconf 90' lang='lat' dir='ltr'><strong>ad</strong></span> 
     </span>
     <span class='ocr_line' id='line_1_24' title="bbox 605 2804 2293 2894; baseline 0.001 -25"><span class='ocrx_word' id='word_1_174' title='bbox 605 2805 916 2893; x_wconf 86' lang='lat' dir='ltr'><strong>Porphyr.</strong></span> <span class='ocrx_word' id='word_1_175' title='bbox 964 2804 1044 2869; x_wconf 89' lang='lat' dir='ltr'><strong>de</strong></span> <span class='ocrx_word' id='word_1_176' title='bbox 1091 2804 1217 2869; x_wconf 89' lang='lat' dir='ltr'><strong>Vit.</strong></span> <span class='ocrx_word' id='word_1_177' title='bbox 1269 2806 1608 2894; x_wconf 81' lang='lat' dir='ltr'><strong>Pythagor.</strong></span> <span class='ocrx_word' id='word_1_178' title='bbox 1656 2831 1720 2893; x_wconf 93' lang='lat' dir='ltr'><strong>p.</strong></span> <span class='ocrx_word' id='word_1_179' title='bbox 1755 2822 1858 2892; x_wconf 86' lang='lat'><strong>75.</strong></span> <span class='ocrx_word' id='word_1_180' title='bbox 1903 2806 2001 2871; x_wconf 91' lang='lat' dir='ltr'><strong>ed.</strong></span> <span class='ocrx_word' id='word_1_181' title='bbox 2039 2809 2293 2872; x_wconf 86' lang='lat' dir='ltr'><strong>Kuster.</strong></span> 
     </span>
     <span class='ocr_line' id='line_1_25' title="bbox 603 2906 2299 2996; baseline 0.001 -26"><span class='ocrx_word' id='word_1_182' title='bbox 603 2920 668 2972; x_wconf 92' lang='lat' dir='ltr'><strong>et</strong></span> <span class='ocrx_word' id='word_1_183' title='bbox 695 2906 839 2971; x_wconf 81' lang='lat' dir='ltr'><strong>vide</strong></span> <span class='ocrx_word' id='word_1_184' title='bbox 876 2930 1021 2993; x_wconf 71' lang='lat' dir='ltr'><strong>quae</strong></span> <span class='ocrx_word' id='word_1_185' title='bbox 1066 2929 1255 2993; x_wconf 89' lang='lat' dir='ltr'><strong>supra</strong></span> <span class='ocrx_word' id='word_1_186' title='bbox 1299 2906 1624 2995; x_wconf 84' lang='lat' dir='ltr'><strong>posuimus</strong></span> <span class='ocrx_word' id='word_1_187' title='bbox 1665 2910 1744 2972; x_wconf 91' lang='lat' dir='ltr'><strong>ad</strong></span> <span class='ocrx_word' id='word_1_188' title='bbox 1787 2907 2061 2995; x_wconf 83' lang='lat' dir='ltr'><strong>inscript.</strong></span> <span class='ocrx_word' id='word_1_189' title='bbox 2109 2906 2299 2996; x_wconf 86' lang='lat' dir='ltr'><strong>hujus</strong></span> 
     </span>
     <span class='ocr_line' id='line_1_26' title="bbox 603 3009 1595 3097; baseline -0.002 -23"><span class='ocrx_word' id='word_1_190' title='bbox 603 3009 742 3076; x_wconf 87' lang='lat' dir='ltr'><strong>libri</strong></span> <span class='ocrx_word' id='word_1_191' title='bbox 774 3033 834 3097; x_wconf 88' lang='lat' dir='ltr'><strong>p.</strong></span> <span class='ocrx_word' id='word_1_192' title='bbox 859 3013 1008 3090; x_wconf 90' lang='lat'><strong>671.</strong></span> <span class='ocrx_word' id='word_1_193' title='bbox 1589 3025 1595 3032; x_wconf 85' lang='grc'><em>·</em></span> 
     </span>
    </p>

    <p class='ocr_par' dir='ltr' id='par_1_8' title="bbox 604 3112 2299 3402">
     <span class='ocr_line' id='line_1_27' title="bbox 687 3112 2294 3198; baseline 0 -22"><span class='ocrx_word' id='word_1_194' title='bbox 687 3150 775 3163; x_wconf 92' lang='grc'>-</span> <span class='ocrx_word' id='word_1_195' title='bbox 801 3134 898 3177; x_wconf 90' lang='grc'><strong>11.</strong></span> <span class='ocrx_word' id='word_1_196' title='bbox 944 3115 977 3176; x_wconf 80' lang='grc' dir='ltr'>ὁ</span> <span class='ocrx_word' id='word_1_197' title='bbox 1021 3114 1133 3191; x_wconf 71' lang='grc' dir='ltr'>μὲν</span> <span class='ocrx_word' id='word_1_198' title='bbox 1176 3114 1672 3194; x_wconf 77' lang='grc' dir='ltr'>ἐπιθεωρούμενος</span> <span class='ocrx_word' id='word_1_199' title='bbox 1711 3119 1835 3179; x_wconf 80' lang='grc' dir='ltr'>τοῖς</span> <span class='ocrx_word' id='word_1_200' title='bbox 1877 3115 2087 3198; x_wconf 75' lang='grc' dir='ltr'>εἴδεσι]</span> <span class='ocrx_word' id='word_1_201' title='bbox 2140 3112 2294 3177; x_wconf 84' lang='grc' dir='ltr'>Ρ111-</span> 
     </span>
     <span class='ocr_line' id='line_1_28' title="bbox 604 3214 2299 3302; baseline -0.001 -21"><span class='ocrx_word' id='word_1_202' title='bbox 604 3216 800 3281; x_wconf 88' lang='lat' dir='ltr'><strong>tarchi</strong></span> <span class='ocrx_word' id='word_1_203' title='bbox 831 3217 1113 3279; x_wconf 91' lang='lat' dir='ltr'><strong>Demetr.</strong></span> <span class='ocrx_word' id='word_1_204' title='bbox 1145 3217 1419 3279; x_wconf 88' lang='lat' dir='ltr'><strong>Prooem.</strong></span> <span class='ocrx_word' id='word_1_205' title='bbox 1465 3238 1526 3302; x_wconf 89' lang='lat' dir='ltr'><strong>p.</strong></span> <span class='ocrx_word' id='word_1_206' title='bbox 1564 3235 1622 3281; x_wconf 85' lang='lat'><strong>2.</strong></span> <span class='ocrx_word' id='word_1_207' title='bbox 1655 3214 2035 3280; x_wconf 72' lang='lat' dir='ltr'><strong>Reisk.—·rci.</strong></span> <span class='ocrx_word' id='word_1_208' title='bbox 2074 3216 2123 3280; x_wconf 78' lang='grc' dir='ltr'>δ’</span> <span class='ocrx_word' id='word_1_209' title='bbox 2151 3218 2299 3297; x_wconf 74' lang='grc' dir='ltr'>ὑπὲρ</span> 
     </span>
     <span class='ocr_line' id='line_1_29' title="bbox 606 3316 2297 3402; baseline -0.001 -18"><span class='ocrx_word' id='word_1_210' title='bbox 606 3325 709 3384; x_wconf 80' lang='grc' dir='ltr'><strong>τοῦ</strong></span> <span class='ocrx_word' id='word_1_211' title='bbox 773 3319 1153 3402; x_wconf 75' lang='grc' dir='ltr'>φυλάξασθαι</span> <span class='ocrx_word' id='word_1_212' title='bbox 1227 3316 1373 3382; x_wconf 80' lang='grc' dir='ltr'>κατὰ</span> <span class='ocrx_word' id='word_1_213' title='bbox 1439 3317 1821 3400; x_wconf 76' lang='grc' dir='ltr'>συμβεβηκὸς</span> <span class='ocrx_word' id='word_1_214' title='bbox 1893 3322 2297 3402; x_wconf 76' lang='grc' dir='ltr'>ἐπιθεωροῦσι.</span> 
     </span>
    </p>
   </div>
   <div class='ocr_carea' id='block_1_7' title="bbox 609 3421 2299 3510">
    <p class='ocr_par' dir='ltr' id='par_1_9' title="bbox 609 3421 2299 3510">
     <span class='ocr_line' id='line_1_30' title="bbox 609 3421 2299 3510; baseline -0.001 -23"><span class='ocrx_word' id='word_1_215' title='bbox 609 3425 777 3487; x_wconf 83' lang='lat' dir='ltr'><strong>Sext.</strong></span> <span class='ocrx_word' id='word_1_216' title='bbox 809 3421 1057 3509; x_wconf 90' lang='lat' dir='ltr'><strong>Empir.</strong></span> <span class='ocrx_word' id='word_1_217' title='bbox 1092 3421 1448 3509; x_wconf 89' lang='lat' dir='ltr'><strong>Pyrrhonn.</strong></span> <span class='ocrx_word' id='word_1_218' title='bbox 1481 3424 1706 3510; x_wconf 89' lang='lat' dir='ltr'><strong>Hypp.</strong></span> <span class='ocrx_word' id='word_1_219' title='bbox 1743 3423 1883 3488; x_wconf 94' lang='lat' dir='ltr'><strong>III.</strong></span> <span class='ocrx_word' id='word_1_220' title='bbox 1923 3426 1981 3508; x_wconf 65' lang='grc' dir='ltr'>ξ.</span> <span class='ocrx_word' id='word_1_221' title='bbox 2011 3442 2157 3506; x_wconf 88' lang='lat'><strong>157:</strong></span> <span class='ocrx_word' id='word_1_222' title='bbox 2194 3424 2299 3486; x_wconf 85' lang='grc' dir='ltr'><strong>οὐκ</strong></span> 
     </span>
    </p>
   </div>
   <div class='ocr_carea' id='block_1_8' title="bbox 606 3522 2410 3608">
    <p class='ocr_par' dir='ltr' id='par_1_10' title="bbox 606 3522 2410 3608">
     <span class='ocr_line' id='line_1_31' title="bbox 606 3522 2410 3608; baseline -0.002 -18"><span class='ocrx_word' id='word_1_223' title='bbox 606 3529 718 3608; x_wconf 79' lang='grc' dir='ltr'>ἄρα</span> <span class='ocrx_word' id='word_1_224' title='bbox 761 3524 834 3589; x_wconf 82' lang='grc' dir='ltr'><strong>τὰ</strong></span> <span class='ocrx_word' id='word_1_225' title='bbox 878 3524 1165 3607; x_wconf 86' lang='grc' dir='ltr'>ἆριθμητά</span> <span class='ocrx_word' id='word_1_226' title='bbox 1209 3527 1377 3589; x_wconf 76' lang='grc' dir='ltr'>ἐστιν</span> <span class='ocrx_word' id='word_1_227' title='bbox 1415 3525 1447 3586; x_wconf 88' lang='grc' dir='ltr'>ὁ</span> <span class='ocrx_word' id='word_1_228' title='bbox 1493 3522 1751 3606; x_wconf 78' lang='grc' dir='ltr'>ἀριθμὸς,</span> <span class='ocrx_word' id='word_1_229' title='bbox 1788 3522 1925 3587; x_wconf 82' lang='grc' dir='ltr'>ἀλλ’</span> <span class='ocrx_word' id='word_1_230' title='bbox 1960 3525 2114 3588; x_wconf 77' lang='grc' dir='ltr'>ἰδίαν</span> <span class='ocrx_word' id='word_1_231' title='bbox 2150 3525 2294 3588; x_wconf 76' lang='grc' dir='ltr'>ὑπό·</span> <span class='ocrx_word' id='word_1_232' title='bbox 2405 3539 2410 3545; x_wconf 90' lang='grc'><strong>’</strong></span> 
     </span>
    </p>
   </div>
   <div class='ocr_carea' id='block_1_9' title="bbox 606 3625 2308 5561">
    <p class='ocr_par' dir='ltr' id='par_1_11' title="bbox 606 3625 2300 4024">
     <span class='ocr_line' id='line_1_32' title="bbox 608 3625 2300 3711; baseline -0.002 -18"><span class='ocrx_word' id='word_1_233' title='bbox 608 3654 824 3693; x_wconf 86' lang='grc' dir='ltr'>στασιν</span> <span class='ocrx_word' id='word_1_234' title='bbox 871 3628 998 3711; x_wconf 81' lang='grc' dir='ltr'>ἔχει</span> <span class='ocrx_word' id='word_1_235' title='bbox 1039 3630 1202 3710; x_wconf 76' lang='grc' dir='ltr'>παρὰ</span> <span class='ocrx_word' id='word_1_236' title='bbox 1243 3631 1444 3701; x_wconf 85' lang='grc' dir='ltr'>ταῦτα,</span> <span class='ocrx_word' id='word_1_237' title='bbox 1490 3625 1614 3689; x_wconf 88' lang='grc' dir='ltr'>καθ’</span> <span class='ocrx_word' id='word_1_238' title='bbox 1644 3625 1719 3705; x_wconf 84' lang='grc' dir='ltr'>ἣν</span> <span class='ocrx_word' id='word_1_239' title='bbox 1758 3627 1852 3690; x_wconf 83' lang='grc' dir='ltr'>καὶ</span> <span class='ocrx_word' id='word_1_240' title='bbox 1897 3629 2300 3708; x_wconf 78' lang='grc' dir='ltr'>ἐπιθεωρεΐται</span> 
     </span>
     <span class='ocr_line' id='line_1_33' title="bbox 607 3728 2298 3813; baseline -0.002 -19"><span class='ocrx_word' id='word_1_241' title='bbox 607 3737 726 3798; x_wconf 81' lang='grc' dir='ltr'>τοῖς</span> <span class='ocrx_word' id='word_1_242' title='bbox 778 3733 1130 3813; x_wconf 84' lang='grc' dir='ltr'>ἆριθμητοΐς,</span> <span class='ocrx_word' id='word_1_243' title='bbox 1179 3731 1275 3793; x_wconf 86' lang='grc' dir='ltr'>καὶ</span> <span class='ocrx_word' id='word_1_244' title='bbox 1320 3730 1448 3794; x_wconf 83' lang='grc' dir='ltr'>ἔστι</span> <span class='ocrx_word' id='word_1_245' title='bbox 1495 3736 1817 3812; x_wconf 84' lang='grc' dir='ltr'>στοιχεῖον.</span> <span class='ocrx_word' id='word_1_246' title='bbox 1912 3728 2016 3793; x_wconf 90' lang='lat' dir='ltr'><strong>Cf.</strong></span> <span class='ocrx_word' id='word_1_247' title='bbox 2064 3728 2298 3793; x_wconf 84' lang='lat' dir='ltr'><strong>Plotin.</strong></span> 
     </span>
     <span class='ocr_line' id='line_1_34' title="bbox 606 3831 2300 3922; baseline -0.001 -25"><span class='ocrx_word' id='word_1_248' title='bbox 606 3834 811 3922; x_wconf 87' lang='lat' dir='ltr'><strong>ipsum</strong></span> <span class='ocrx_word' id='word_1_249' title='bbox 847 3836 923 3898; x_wconf 94' lang='lat' dir='ltr'><strong>V.</strong></span> <span class='ocrx_word' id='word_1_250' title='bbox 948 3854 1006 3917; x_wconf 89' lang='lat'><strong>9.</strong></span> <span class='ocrx_word' id='word_1_251' title='bbox 1034 3854 1092 3917; x_wconf 90' lang='lat'><strong>9.</strong></span> <span class='ocrx_word' id='word_1_252' title='bbox 1123 3831 1261 3897; x_wconf 90' lang='lat' dir='ltr'><strong>init.</strong></span> <span class='ocrx_word' id='word_1_253' title='bbox 1293 3848 1357 3896; x_wconf 92' lang='lat' dir='ltr'><strong>et</strong></span> <span class='ocrx_word' id='word_1_254' title='bbox 1381 3833 1498 3896; x_wconf 94' lang='lat' dir='ltr'><strong>VI.</strong></span> <span class='ocrx_word' id='word_1_255' title='bbox 1520 3834 1576 3896; x_wconf 96' lang='lat'><strong>6.</strong></span> <span class='ocrx_word' id='word_1_256' title='bbox 1597 3850 1659 3917; x_wconf 87' lang='lat'><strong>5.</strong></span> <span class='ocrx_word' id='word_1_257' title='bbox 1689 3832 1771 3896; x_wconf 88' lang='lat' dir='ltr'><strong>cf.</strong></span> <span class='ocrx_word' id='word_1_258' title='bbox 1800 3831 1984 3896; x_wconf 89' lang='lat' dir='ltr'><strong>etiam</strong></span> <span class='ocrx_word' id='word_1_259' title='bbox 2016 3831 2300 3918; x_wconf 83' lang='lat' dir='ltr'><strong>proxime</strong></span> 
     </span>
     <span class='ocr_line' id='line_1_35' title="bbox 606 3935 1549 4024; baseline -0.005 -22"><span class='ocrx_word' id='word_1_260' title='bbox 606 3961 660 4002; x_wconf 90' lang='lat' dir='ltr'><strong>c.</strong></span> <span class='ocrx_word' id='word_1_261' title='bbox 692 3956 789 4002; x_wconf 91' lang='lat'><strong>10.</strong></span> <span class='ocrx_word' id='word_1_262' title='bbox 821 3935 1012 4024; x_wconf 87' lang='lat' dir='ltr'><strong>hujus</strong></span> <span class='ocrx_word' id='word_1_263' title='bbox 1039 3935 1179 4000; x_wconf 86' lang='lat' dir='ltr'><strong>libri</strong></span> <span class='ocrx_word' id='word_1_264' title='bbox 1212 3960 1275 4022; x_wconf 91' lang='lat' dir='ltr'><strong>p.</strong></span> <span class='ocrx_word' id='word_1_265' title='bbox 1302 3937 1445 4000; x_wconf 92' lang='lat'><strong>680.</strong></span> <span class='ocrx_word' id='word_1_266' title='bbox 1474 3936 1549 3998; x_wconf 90' lang='lat' dir='ltr'><strong>B.</strong></span> 
     </span>
    </p>

    <p class='ocr_par' dir='ltr' id='par_1_12' title="bbox 606 4038 2308 5561">
     <span class='ocr_line' id='line_1_36' title="bbox 677 4038 2298 4125; baseline -0.001 -23"><span class='ocrx_word' id='word_1_267' title='bbox 677 4059 878 4124; x_wconf 90' lang='grc'>-13.</span> <span class='ocrx_word' id='word_1_268' title='bbox 911 4039 1102 4119; x_wconf 83' lang='grc' dir='ltr'>βάσιν</span> <span class='ocrx_word' id='word_1_269' title='bbox 1131 4041 1195 4103; x_wconf 78' lang='grc' dir='ltr'>δὲ</span> <span class='ocrx_word' id='word_1_270' title='bbox 1227 4040 1354 4123; x_wconf 83' lang='grc' dir='ltr'>ἔχει</span> <span class='ocrx_word' id='word_1_271' title='bbox 1388 4042 1458 4102; x_wconf 76' lang='grc' dir='ltr'><strong>τὰ</strong></span> <span class='ocrx_word' id='word_1_272' title='bbox 1488 4040 1635 4103; x_wconf 84' lang='grc' dir='ltr'>ὄντα</span> <span class='ocrx_word' id='word_1_273' title='bbox 1663 4042 1730 4103; x_wconf 80' lang='grc' dir='ltr'>ἑν</span> <span class='ocrx_word' id='word_1_274' title='bbox 1760 4040 1933 4125; x_wconf 75' lang='grc' dir='ltr'>αὐτῷ,</span> <span class='ocrx_word' id='word_1_275' title='bbox 1960 4040 2056 4103; x_wconf 77' lang='grc' dir='ltr'>καὶ</span> <span class='ocrx_word' id='word_1_276' title='bbox 2083 4038 2298 4120; x_wconf 74' lang='grc' dir='ltr'>πηγὴν,</span> 
     </span>
     <span class='ocr_line' id='line_1_37' title="bbox 612 4141 2296 4230; baseline -0.003 -21"><span class='ocrx_word' id='word_1_277' title='bbox 612 4146 705 4209; x_wconf 77' lang='grc' dir='ltr'>καὶ</span> <span class='ocrx_word' id='word_1_278' title='bbox 731 4145 897 4227; x_wconf 79' lang='grc' dir='ltr'>ῥίζαν</span> <span class='ocrx_word' id='word_1_279' title='bbox 925 4143 1020 4207; x_wconf 80' lang='grc' dir='ltr'>καὶ</span> <span class='ocrx_word' id='word_1_280' title='bbox 1049 4141 1295 4230; x_wconf 65' lang='grc' dir='ltr'>ἀρχήν]</span> <span class='ocrx_word' id='word_1_281' title='bbox 1331 4141 1464 4205; x_wconf 88' lang='lat' dir='ltr'><strong>Cic.</strong></span> <span class='ocrx_word' id='word_1_282' title='bbox 1499 4141 1747 4206; x_wconf 87' lang='lat' dir='ltr'><strong>Acadd.</strong></span> <span class='ocrx_word' id='word_1_283' title='bbox 1785 4143 1883 4206; x_wconf 92' lang='lat' dir='ltr'><strong>II.</strong></span> <span class='ocrx_word' id='word_1_284' title='bbox 1916 4158 2020 4226; x_wconf 89' lang='grc'>37.</span> <span class='ocrx_word' id='word_1_285' title='bbox 2061 4142 2200 4204; x_wconf 89' lang='lat'><strong>118.</strong></span> <span class='ocrx_word' id='word_1_286' title='bbox 2233 4162 2296 4226; x_wconf 93' lang='lat' dir='ltr'><strong>p.</strong></span> 
     </span>
     <span class='ocr_line' id='line_1_38' title="bbox 611 4244 2298 4332; baseline -0.003 -20"><span class='ocrx_word' id='word_1_287' title='bbox 611 4266 755 4332; x_wconf 81' lang='lat'><strong>213.</strong></span> <span class='ocrx_word' id='word_1_288' title='bbox 786 4248 1096 4311; x_wconf 84' lang='lat' dir='ltr'><strong>Goerenz.</strong></span> <span class='ocrx_word' id='word_1_289' title='bbox 1121 4269 1135 4309; x_wconf 88' lang='lat'>:</span> <span class='ocrx_word' id='word_1_290' title='bbox 1184 4252 1225 4282; x_wconf 91' lang='lat'><strong>“</strong></span> <span class='ocrx_word' id='word_1_291' title='bbox 1252 4244 1633 4331; x_wconf 82' lang='lat' dir='ltr'><strong>Pythagorei</strong></span> <span class='ocrx_word' id='word_1_292' title='bbox 1663 4268 1742 4309; x_wconf 85' lang='lat' dir='ltr'><strong>ex</strong></span> <span class='ocrx_word' id='word_1_293' title='bbox 1773 4244 2047 4332; x_wconf 81' lang='lat' dir='ltr'><strong>numeris</strong></span> <span class='ocrx_word' id='word_1_294' title='bbox 2076 4257 2136 4308; x_wconf 90' lang='lat' dir='ltr'><strong>et</strong></span> <span class='ocrx_word' id='word_1_295' title='bbox 2168 4266 2298 4306; x_wconf 90' lang='lat' dir='ltr'><strong>ma·</strong></span> 
     </span>
     <span class='ocr_line' id='line_1_39' title="bbox 610 4346 2302 4435; baseline -0.002 -21"><span class='ocrx_word' id='word_1_296' title='bbox 610 4348 1085 4414; x_wconf 87' lang='lat' dir='ltr'><strong>thematicorum</strong></span> <span class='ocrx_word' id='word_1_297' title='bbox 1134 4347 1325 4412; x_wconf 88' lang='lat' dir='ltr'><strong>initiis</strong></span> <span class='ocrx_word' id='word_1_298' title='bbox 1383 4347 1686 4435; x_wconf 88' lang='lat' dir='ltr'><strong>proficisci</strong></span> <span class='ocrx_word' id='word_1_299' title='bbox 1739 4347 1959 4412; x_wconf 87' lang='lat' dir='ltr'><strong>volunt</strong></span> <span class='ocrx_word' id='word_1_300' title='bbox 2016 4346 2223 4410; x_wconf 88' lang='lat' dir='ltr'><strong>omnia</strong></span> <span class='ocrx_word' id='word_1_301' title='bbox 2247 4347 2302 4411; x_wconf 84' lang='lat'><strong>:&#39;&#39;</strong></span> 
     </span>
     <span class='ocr_line' id='line_1_40' title="bbox 610 4450 2301 4517; baseline -0.002 0"><span class='ocrx_word' id='word_1_302' title='bbox 610 4452 716 4517; x_wconf 91' lang='lat' dir='ltr'><strong>ubi</strong></span> <span class='ocrx_word' id='word_1_303' title='bbox 745 4451 871 4516; x_wconf 86' lang='lat' dir='ltr'><strong>vid.</strong></span> <span class='ocrx_word' id='word_1_304' title='bbox 904 4450 1117 4515; x_wconf 71' lang='lat' dir='ltr'><strong>DaviS.</strong></span> <span class='ocrx_word' id='word_1_305' title='bbox 1195 4451 1305 4515; x_wconf 86' lang='lat' dir='ltr'><strong>Ad</strong></span> <span class='ocrx_word' id='word_1_306' title='bbox 1335 4451 1597 4516; x_wconf 86' lang='lat' dir='ltr'><strong>verbum</strong></span> <span class='ocrx_word' id='word_1_307' title='bbox 1629 4466 1832 4516; x_wconf 86' lang='lat' dir='ltr'><strong>autem</strong></span> <span class='ocrx_word' id='word_1_308' title='bbox 1863 4474 2006 4515; x_wconf 92' lang='lat' dir='ltr'><strong>cum</strong></span> <span class='ocrx_word' id='word_1_309' title='bbox 2041 4450 2301 4515; x_wconf 90' lang='lat' dir='ltr'><strong>Plotini-</strong></span> 
     </span>
     <span class='ocr_line' id='line_1_41' title="bbox 609 4554 2300 4620; baseline -0.002 0"><span class='ocrx_word' id='word_1_310' title='bbox 609 4555 741 4620; x_wconf 88' lang='lat' dir='ltr'><strong>anis</strong></span> <span class='ocrx_word' id='word_1_311' title='bbox 783 4554 917 4619; x_wconf 84' lang='lat' dir='ltr'><strong>haec</strong></span> <span class='ocrx_word' id='word_1_312' title='bbox 948 4554 1231 4618; x_wconf 83' lang='lat' dir='ltr'><strong>Theonis</strong></span> <span class='ocrx_word' id='word_1_313' title='bbox 1271 4554 1352 4618; x_wconf 91' lang='lat' dir='ltr'><strong>de</strong></span> <span class='ocrx_word' id='word_1_314' title='bbox 1399 4555 1781 4619; x_wconf 88' lang='lat' dir='ltr'><strong>Mathemm.</strong></span> <span class='ocrx_word' id='word_1_315' title='bbox 1813 4557 1892 4619; x_wconf 89' lang='lat' dir='ltr'><strong>ad</strong></span> <span class='ocrx_word' id='word_1_316' title='bbox 1925 4554 2171 4619; x_wconf 86' lang='lat' dir='ltr'><strong>Platon.</strong></span> <span class='ocrx_word' id='word_1_317' title='bbox 2208 4554 2300 4618; x_wconf 90' lang='lat' dir='ltr'><strong>uti</strong></span> 
     </span>
     <span class='ocr_line' id='line_1_42' title="bbox 609 4656 2297 4744; baseline 0 -23"><span class='ocrx_word' id='word_1_318' title='bbox 609 4657 715 4722; x_wconf 87' lang='lat' dir='ltr'><strong>lib.</strong></span> <span class='ocrx_word' id='word_1_319' title='bbox 738 4681 792 4722; x_wconf 91' lang='lat' dir='ltr'><strong>c.</strong></span> <span class='ocrx_word' id='word_1_320' title='bbox 819 4658 920 4723; x_wconf 93' lang='grc' dir='ltr'>ΙΙ.</span> <span class='ocrx_word' id='word_1_321' title='bbox 941 4656 1049 4720; x_wconf 90' lang='lat' dir='ltr'><strong>fin.</strong></span> <span class='ocrx_word' id='word_1_322' title='bbox 1074 4680 1136 4744; x_wconf 94' lang='lat' dir='ltr'><strong>p.</strong></span> <span class='ocrx_word' id='word_1_323' title='bbox 1164 4676 1261 4742; x_wconf 89' lang='lat'><strong>23.</strong></span> <span class='ocrx_word' id='word_1_324' title='bbox 1286 4680 1351 4744; x_wconf 87' lang='lat' dir='ltr'><strong>p.</strong></span> <span class='ocrx_word' id='word_1_325' title='bbox 1377 4676 1480 4742; x_wconf 88' lang='lat'><strong>25.</strong></span> <span class='ocrx_word' id='word_1_326' title='bbox 1503 4657 1602 4722; x_wconf 89' lang='lat' dir='ltr'><strong>ed.</strong></span> <span class='ocrx_word' id='word_1_327' title='bbox 1628 4657 1884 4722; x_wconf 89' lang='lat' dir='ltr'><strong>Gelderi</strong></span> <span class='ocrx_word' id='word_1_328' title='bbox 1913 4672 2297 4742; x_wconf 83' lang='lat' dir='ltr'><strong>congruunt:</strong></span> 
     </span>
     <span class='ocr_line' id='line_1_43' title="bbox 612 4759 2304 4843; baseline -0.001 -19"><span class='ocrx_word' id='word_1_329' title='bbox 612 4765 756 4825; x_wconf 75' lang='grc' dir='ltr'>κατὰ</span> <span class='ocrx_word' id='word_1_330' title='bbox 784 4763 850 4825; x_wconf 78' lang='grc' dir='ltr'>δὲ</span> <span class='ocrx_word' id='word_1_331' title='bbox 879 4760 1012 4827; x_wconf 79' lang='grc' dir='ltr'>τοὺς</span> <span class='ocrx_word' id='word_1_332' title='bbox 1033 4759 1478 4842; x_wconf 79' lang='grc' dir='ltr'>Πυθαγορικοὺς</span> <span class='ocrx_word' id='word_1_333' title='bbox 1505 4764 1880 4843; x_wconf 73' lang='grc' dir='ltr'>πρεσβευτὰς</span> <span class='ocrx_word' id='word_1_334' title='bbox 1908 4763 1983 4825; x_wconf 73' lang='grc' dir='ltr'><strong>τὰ</strong></span> <span class='ocrx_word' id='word_1_335' title='bbox 2002 4767 2122 4824; x_wconf 83' lang='grc' dir='ltr'>τῶν</span> <span class='ocrx_word' id='word_1_336' title='bbox 2143 4761 2304 4842; x_wconf 81' lang='grc' dir='ltr'>ἀριθ-</span> 
     </span>
     <span class='ocr_line' id='line_1_44' title="bbox 606 4862 2304 4946; baseline -0.001 -18"><span class='ocrx_word' id='word_1_337' title='bbox 606 4871 730 4944; x_wconf 78' lang='grc' dir='ltr'>μῶν</span> <span class='ocrx_word' id='word_1_338' title='bbox 759 4866 837 4931; x_wconf 84' lang='grc' dir='ltr'>ὦς</span> <span class='ocrx_word' id='word_1_339' title='bbox 864 4863 1017 4946; x_wconf 77' lang='grc' dir='ltr'>ἀρχὴ</span> <span class='ocrx_word' id='word_1_340' title='bbox 1048 4862 1144 4926; x_wconf 86' lang='grc' dir='ltr'>καὶ</span> <span class='ocrx_word' id='word_1_341' title='bbox 1169 4862 1327 4944; x_wconf 75' lang='grc' dir='ltr'>πηγὴ</span> <span class='ocrx_word' id='word_1_342' title='bbox 1361 4863 1456 4927; x_wconf 82' lang='grc' dir='ltr'>καὶ</span> <span class='ocrx_word' id='word_1_343' title='bbox 1483 4865 1614 4946; x_wconf 76' lang='grc' dir='ltr'>ῥίζα</span> <span class='ocrx_word' id='word_1_344' title='bbox 1640 4870 1758 4928; x_wconf 82' lang='grc' dir='ltr'>τῶν</span> <span class='ocrx_word' id='word_1_345' title='bbox 1785 4863 2045 4927; x_wconf 89' lang='grc' dir='ltr'>πάντων.</span> <span class='ocrx_word' id='word_1_346' title='bbox 2118 4864 2304 4927; x_wconf 90' lang='lat' dir='ltr'><strong>Uter-</strong></span> 
     </span>
     <span class='ocr_line' id='line_1_45' title="bbox 607 4964 2300 5054; baseline 0 -23"><span class='ocrx_word' id='word_1_347' title='bbox 607 4990 732 5054; x_wconf 88' lang='lat' dir='ltr'><strong>que</strong></span> <span class='ocrx_word' id='word_1_348' title='bbox 777 4981 985 5030; x_wconf 88' lang='lat' dir='ltr'><strong>autem</strong></span> <span class='ocrx_word' id='word_1_349' title='bbox 1031 4969 1276 5048; x_wconf 75' lang='grc' dir='ltr'>τεχνικὰ</span> <span class='ocrx_word' id='word_1_350' title='bbox 1318 4965 1861 5053; x_wconf 85' lang='lat' dir='ltr'><strong>Pythagoreorum</strong></span> <span class='ocrx_word' id='word_1_351' title='bbox 1906 4964 2158 5030; x_wconf 89' lang='lat' dir='ltr'><strong>nomina</strong></span> <span class='ocrx_word' id='word_1_352' title='bbox 2198 4989 2300 5031; x_wconf 87' lang='lat' dir='ltr'><strong>re·</strong></span> 
     </span>
     <span class='ocr_line' id='line_1_46' title="bbox 610 5067 2305 5158; baseline -0.001 -24"><span class='ocrx_word' id='word_1_353' title='bbox 610 5070 830 5158; x_wconf 86' lang='lat' dir='ltr'><strong>spexit.</strong></span> <span class='ocrx_word' id='word_1_354' title='bbox 881 5067 1217 5132; x_wconf 87' lang='lat' dir='ltr'><strong>Videamus</strong></span> <span class='ocrx_word' id='word_1_355' title='bbox 1246 5067 1326 5131; x_wconf 92' lang='lat' dir='ltr'><strong>de</strong></span> <span class='ocrx_word' id='word_1_356' title='bbox 1356 5068 1654 5156; x_wconf 88' lang='lat' dir='ltr'><strong>singulis:</strong></span> <span class='ocrx_word' id='word_1_357' title='bbox 1691 5070 1876 5137; x_wconf 84' lang='grc' dir='ltr'>Βάσις</span> <span class='ocrx_word' id='word_1_358' title='bbox 1905 5069 1968 5132; x_wconf 87' lang='lat' dir='ltr'><strong>in</strong></span> <span class='ocrx_word' id='word_1_359' title='bbox 1998 5068 2305 5156; x_wconf 89' lang='lat' dir='ltr'><strong>rhythmi-</strong></span> 
     </span>
     <span class='ocr_line' id='line_1_47' title="bbox 609 5170 2306 5260; baseline -0.001 -22"><span class='ocrx_word' id='word_1_360' title='bbox 609 5173 694 5238; x_wconf 88' lang='lat' dir='ltr'><strong>cis</strong></span> <span class='ocrx_word' id='word_1_361' title='bbox 746 5172 1291 5260; x_wconf 83' lang='lat' dir='ltr'><strong>Pythagoreorum</strong></span> <span class='ocrx_word' id='word_1_362' title='bbox 1349 5170 1522 5236; x_wconf 88' lang='lat' dir='ltr'><strong>libris</strong></span> <span class='ocrx_word' id='word_1_363' title='bbox 1577 5189 1949 5260; x_wconf 89' lang='lat' dir='ltr'><strong>usurpatum</strong></span> <span class='ocrx_word' id='word_1_364' title='bbox 2011 5171 2306 5237; x_wconf 86' lang='lat' dir='ltr'><strong>credibile</strong></span> 
     </span>
     <span class='ocr_line' id='line_1_48' title="bbox 609 5272 2307 5360; baseline -0.001 -21"><span class='ocrx_word' id='word_1_365' title='bbox 609 5292 738 5349; x_wconf 72' lang='lat' dir='ltr'><strong>estr,</strong></span> <span class='ocrx_word' id='word_1_366' title='bbox 788 5274 973 5339; x_wconf 88' lang='lat' dir='ltr'><strong>Plato</strong></span> <span class='ocrx_word' id='word_1_367' title='bbox 1015 5273 1096 5338; x_wconf 93' lang='lat' dir='ltr'><strong>de</strong></span> <span class='ocrx_word' id='word_1_368' title='bbox 1139 5272 1420 5360; x_wconf 86' lang='lat' dir='ltr'><strong>Republ.</strong></span> <span class='ocrx_word' id='word_1_369' title='bbox 1457 5275 1596 5339; x_wconf 93' lang='lat'><strong>111.</strong></span> <span class='ocrx_word' id='word_1_370' title='bbox 1637 5294 1804 5360; x_wconf 86' lang='lat'><strong>399:</strong></span> <span class='ocrx_word' id='word_1_371' title='bbox 1855 5277 2147 5354; x_wconf 82' lang='grc' dir='ltr'>ἑπόμενον</span> <span class='ocrx_word' id='word_1_372' title='bbox 2190 5278 2307 5356; x_wconf 73' lang='grc' dir='ltr'><strong>γὰρ</strong></span> 
     </span>
     <span class='ocr_line' id='line_1_49' title="bbox 613 5377 2308 5460; baseline 0.001 -19"><span class='ocrx_word' id='word_1_373' title='bbox 613 5379 682 5458; x_wconf 76' lang='grc' dir='ltr'>δὴ</span> <span class='ocrx_word' id='word_1_374' title='bbox 709 5383 837 5445; x_wconf 81' lang='grc' dir='ltr'>ταῖς</span> <span class='ocrx_word' id='word_1_375' title='bbox 865 5378 1168 5460; x_wconf 73' lang='grc' dir='ltr'>ἁρμονίως</span> <span class='ocrx_word' id='word_1_376' title='bbox 1210 5378 1287 5442; x_wconf 75' lang='grc' dir='ltr'>ἂν</span> <span class='ocrx_word' id='word_1_377' title='bbox 1325 5378 1465 5456; x_wconf 79' lang='grc' dir='ltr'>ἡμῖν</span> <span class='ocrx_word' id='word_1_378' title='bbox 1504 5381 1592 5457; x_wconf 80' lang='grc' dir='ltr'><strong>εἴη</strong></span> <span class='ocrx_word' id='word_1_379' title='bbox 1638 5377 1705 5441; x_wconf 87' lang='grc' dir='ltr'><strong>τὸ</strong></span> <span class='ocrx_word' id='word_1_380' title='bbox 1749 5379 1884 5460; x_wconf 85' lang='grc' dir='ltr'>περὶ</span> <span class='ocrx_word' id='word_1_381' title='bbox 1926 5378 2196 5460; x_wconf 83' lang='grc' dir='ltr'>ῥυθμοὺς,</span> <span class='ocrx_word' id='word_1_382' title='bbox 2227 5377 2308 5457; x_wconf 80' lang='grc' dir='ltr'><strong>μὴ</strong></span> 
     </span>
     <span class='ocr_line' id='line_1_50' title="bbox 609 5479 2304 5561; baseline 0.001 -16"><span class='ocrx_word' id='word_1_383' title='bbox 609 5481 913 5548; x_wconf 81' lang='grc' dir='ltr'>ποικίλους</span> <span class='ocrx_word' id='word_1_384' title='bbox 941 5479 1150 5547; x_wconf 79' lang='grc' dir='ltr'>αὐτοὺς</span> <span class='ocrx_word' id='word_1_385' title='bbox 1178 5481 1426 5555; x_wconf 77' lang='grc' dir='ltr'>διώκειν,</span> <span class='ocrx_word' id='word_1_386' title='bbox 1457 5484 1605 5561; x_wconf 78' lang='grc' dir='ltr'>μηδὲ</span> <span class='ocrx_word' id='word_1_387' title='bbox 1648 5484 2027 5547; x_wconf 80' lang='grc' dir='ltr'>παντοδαπὰς</span> <span class='ocrx_word' id='word_1_388' title='bbox 2068 5480 2304 5559; x_wconf 84' lang='grc' dir='ltr'>βάσεις,</span> 
     </span>
    </p>
   </div>
   <div class='ocr_carea' id='block_1_10' title="bbox 3946 495 4070 562">
    <p class='ocr_par' dir='ltr' id='par_1_13' title="bbox 3946 495 4070 562">
     <span class='ocr_line' id='line_1_51' title="bbox 3946 495 4070 562; baseline -0.024 0"><span class='ocrx_word' id='word_1_389' title='bbox 3946 495 4070 562; x_wconf 84' lang='lat'><strong>371</strong></span> 
     </span>
    </p>
   </div>
   <div class='ocr_carea' id='block_1_11' title="bbox 2376 645 4079 1351">
    <p class='ocr_par' dir='ltr' id='par_1_14' title="bbox 2376 645 4079 1351">
     <span class='ocr_line' id='line_1_52' title="bbox 2380 645 4072 730; baseline 0.001 -18"><span class='ocrx_word' id='word_1_390' title='bbox 2380 649 2544 712; x_wconf 77' lang='grc' dir='ltr'>ἀλλὰ</span> <span class='ocrx_word' id='word_1_391' title='bbox 2588 648 2729 727; x_wconf 83' lang='grc' dir='ltr'>βίου</span> <span class='ocrx_word' id='word_1_392' title='bbox 2775 645 3026 728; x_wconf 79' lang='grc' dir='ltr'>ῥυθμοὺς</span> <span class='ocrx_word' id='word_1_393' title='bbox 3074 648 3220 711; x_wconf 77' lang='grc' dir='ltr'>ἰδεῖν</span> <span class='ocrx_word' id='word_1_394' title='bbox 3265 645 3512 725; x_wconf 87' lang='grc' dir='ltr'>κοσμίου</span> <span class='ocrx_word' id='word_1_395' title='bbox 3554 671 3623 709; x_wconf 86' lang='grc' dir='ltr'><strong>τε</strong></span> <span class='ocrx_word' id='word_1_396' title='bbox 3667 645 3761 709; x_wconf 83' lang='grc' dir='ltr'>καὶ</span> <span class='ocrx_word' id='word_1_397' title='bbox 3803 648 4072 730; x_wconf 77' lang='grc' dir='ltr'>ἀνδρείου</span> 
     </span>
     <span class='ocr_line' id='line_1_53' title="bbox 2379 747 4076 837; baseline 0.002 -25"><span class='ocrx_word' id='word_1_398' title='bbox 2379 752 2536 817; x_wconf 87' lang='grc' dir='ltr'>τίνες</span> <span class='ocrx_word' id='word_1_399' title='bbox 2581 751 2757 813; x_wconf 78' lang='grc' dir='ltr'>εἰσίν.</span> <span class='ocrx_word' id='word_1_400' title='bbox 2847 750 3006 827; x_wconf 66' lang='lat' dir='ltr'><strong>Quae</strong></span> <span class='ocrx_word' id='word_1_401' title='bbox 3049 748 3297 837; x_wconf 84' lang='lat' dir='ltr'><strong>respicit</strong></span> <span class='ocrx_word' id='word_1_402' title='bbox 3331 747 3662 836; x_wconf 87' lang='lat' dir='ltr'><strong>Longinus</strong></span> <span class='ocrx_word' id='word_1_403' title='bbox 3700 748 3781 813; x_wconf 93' lang='lat' dir='ltr'><strong>de</strong></span> <span class='ocrx_word' id='word_1_404' title='bbox 3812 749 4076 815; x_wconf 86' lang='lat' dir='ltr'><strong>Sublim.</strong></span> 
     </span>
     <span class='ocr_line' id='line_1_54' title="bbox 2384 850 4078 939; baseline 0.001 -23"><span class='ocrx_word' id='word_1_405' title='bbox 2384 853 2732 917; x_wconf 91' lang='lat' dir='ltr'><strong>XXXIV.</strong></span> <span class='ocrx_word' id='word_1_406' title='bbox 2764 871 2823 916; x_wconf 84' lang='lat'><strong>2.</strong></span> <span class='ocrx_word' id='word_1_407' title='bbox 2855 851 2996 934; x_wconf 91' lang='lat' dir='ltr'><strong>(ubi</strong></span> <span class='ocrx_word' id='word_1_408' title='bbox 3029 850 3151 914; x_wconf 91' lang='lat' dir='ltr'><strong>vid.</strong></span> <span class='ocrx_word' id='word_1_409' title='bbox 3185 850 3527 915; x_wconf 87' lang='lat' dir='ltr'><strong>Ruhnken.</strong></span> <span class='ocrx_word' id='word_1_410' title='bbox 3556 850 3956 939; x_wconf 89' lang='lat' dir='ltr'><strong>reliquosque</strong></span> <span class='ocrx_word' id='word_1_411' title='bbox 3985 852 4078 917; x_wconf 88' lang='lat' dir='ltr'><strong>in-</strong></span> 
     </span>
     <span class='ocr_line' id='line_1_55' title="bbox 2381 953 4079 1041; baseline 0.002 -23"><span class='ocrx_word' id='word_1_412' title='bbox 2381 971 2601 1041; x_wconf 87' lang='lat' dir='ltr'><strong>terprr.</strong></span> <span class='ocrx_word' id='word_1_413' title='bbox 2650 978 2714 1041; x_wconf 89' lang='lat' dir='ltr'><strong>p.</strong></span> <span class='ocrx_word' id='word_1_414' title='bbox 2746 975 2894 1040; x_wconf 85' lang='grc'>443.</span> <span class='ocrx_word' id='word_1_415' title='bbox 2937 953 3223 1018; x_wconf 88' lang='lat' dir='ltr'><strong>laudatos</strong></span> <span class='ocrx_word' id='word_1_416' title='bbox 3262 953 3447 1018; x_wconf 86' lang='lat' dir='ltr'><strong>Astio</strong></span> <span class='ocrx_word' id='word_1_417' title='bbox 3488 954 3554 1019; x_wconf 88' lang='lat' dir='ltr'><strong>in</strong></span> <span class='ocrx_word' id='word_1_418' title='bbox 3598 958 3949 1021; x_wconf 90' lang='lat' dir='ltr'><strong>Comment.</strong></span> <span class='ocrx_word' id='word_1_419' title='bbox 3994 955 4079 1021; x_wconf 90' lang='lat' dir='ltr'><strong>ad</strong></span> 
     </span>
     <span class='ocr_line' id='line_1_56' title="bbox 2378 1056 4077 1145; baseline 0.002 -25"><span class='ocrx_word' id='word_1_420' title='bbox 2378 1056 2719 1144; x_wconf 86' lang='lat' dir='ltr'><strong>Rempubl.</strong></span> <span class='ocrx_word' id='word_1_421' title='bbox 2781 1079 2844 1143; x_wconf 91' lang='lat' dir='ltr'><strong>p.</strong></span> <span class='ocrx_word' id='word_1_422' title='bbox 2885 1061 3069 1141; x_wconf 88' lang='lat'><strong>457.)</strong></span> <span class='ocrx_word' id='word_1_423' title='bbox 3176 1056 3411 1120; x_wconf 84' lang='lat' dir='ltr'><strong>Confer</strong></span> <span class='ocrx_word' id='word_1_424' title='bbox 3465 1056 3731 1145; x_wconf 81' lang='lat' dir='ltr'><strong>Dionys.</strong></span> <span class='ocrx_word' id='word_1_425' title='bbox 3790 1058 3942 1123; x_wconf 87' lang='lat' dir='ltr'><strong>Hal.</strong></span> <span class='ocrx_word' id='word_1_426' title='bbox 3995 1059 4077 1123; x_wconf 89' lang='lat' dir='ltr'><strong>de</strong></span> 
     </span>
     <span class='ocr_line' id='line_1_57' title="bbox 2377 1154 4071 1246; baseline 0.002 -24"><span class='ocrx_word' id='word_1_427' title='bbox 2377 1159 2716 1245; x_wconf 84' lang='lat' dir='ltr'><strong>Composit.</strong></span> <span class='ocrx_word' id='word_1_428' title='bbox 2745 1159 3002 1223; x_wconf 91' lang='lat' dir='ltr'><strong>XXII.</strong></span> <span class='ocrx_word' id='word_1_429' title='bbox 3035 1154 3273 1245; x_wconf 43' lang='lat' dir='ltr'><strong>p.‘298.</strong></span> <span class='ocrx_word' id='word_1_430' title='bbox 3307 1174 3371 1222; x_wconf 93' lang='lat' dir='ltr'><strong>et</strong></span> <span class='ocrx_word' id='word_1_431' title='bbox 3398 1182 3462 1246; x_wconf 94' lang='lat' dir='ltr'><strong>p.</strong></span> <span class='ocrx_word' id='word_1_432' title='bbox 3483 1177 3632 1245; x_wconf 84' lang='lat'><strong>334.</strong></span> <span class='ocrx_word' id='word_1_433' title='bbox 3655 1159 3756 1224; x_wconf 90' lang='lat' dir='ltr'><strong>ed.</strong></span> <span class='ocrx_word' id='word_1_434' title='bbox 3778 1161 4071 1226; x_wconf 83' lang='lat' dir='ltr'><strong>Schaefer·</strong></span> 
     </span>
     <span class='ocr_line' id='line_1_58' title="bbox 2376 1260 4072 1351; baseline 0.002 -25"><span class='ocrx_word' id='word_1_435' title='bbox 2376 1260 2631 1327; x_wconf 87' lang='lat' dir='ltr'><strong>Ernesti</strong></span> <span class='ocrx_word' id='word_1_436' title='bbox 2683 1262 2839 1327; x_wconf 82' lang='lat' dir='ltr'><strong>Lex.</strong></span> <span class='ocrx_word' id='word_1_437' title='bbox 2888 1261 3197 1325; x_wconf 89' lang='lat' dir='ltr'><strong>Technol.</strong></span> <span class='ocrx_word' id='word_1_438' title='bbox 3245 1262 3486 1326; x_wconf 84' lang='lat' dir='ltr'><strong>Graecc.</strong></span> <span class='ocrx_word' id='word_1_439' title='bbox 3535 1261 3799 1327; x_wconf 88' lang='lat' dir='ltr'><strong>Rhetor.</strong></span> <span class='ocrx_word' id='word_1_440' title='bbox 3853 1286 3919 1351; x_wconf 91' lang='lat' dir='ltr'><strong>p.</strong></span> <span class='ocrx_word' id='word_1_441' title='bbox 3962 1266 4072 1349; x_wconf 88' lang='lat'><strong>56.</strong></span> 
     </span>
    </p>
   </div>
   <div class='ocr_carea' id='block_1_12' title="bbox 2353 1363 4075 1453">
    <p class='ocr_par' dir='ltr' id='par_1_15' title="bbox 2353 1363 4075 1453">
     <span class='ocr_line' id='line_1_59' title="bbox 2353 1363 4075 1453; baseline 0.002 -25"><span class='ocrx_word' id='word_1_442' title='bbox 2353 1364 2572 1446; x_wconf 35' lang='lat' dir='ltr'><strong>‚Adde</strong></span> <span class='ocrx_word' id='word_1_443' title='bbox 2602 1363 2967 1453; x_wconf 87' lang='lat' dir='ltr'><strong>Olympiod.</strong></span> <span class='ocrx_word' id='word_1_444' title='bbox 3015 1365 3078 1428; x_wconf 94' lang='lat' dir='ltr'><strong>in</strong></span> <span class='ocrx_word' id='word_1_445' title='bbox 3125 1363 3271 1429; x_wconf 91' lang='lat' dir='ltr'><strong>Alc.</strong></span> <span class='ocrx_word' id='word_1_446' title='bbox 3308 1387 3404 1451; x_wconf 88' lang='lat' dir='ltr'><strong>pr.</strong></span> <span class='ocrx_word' id='word_1_447' title='bbox 3452 1386 3518 1452; x_wconf 90' lang='lat' dir='ltr'><strong>p.</strong></span> <span class='ocrx_word' id='word_1_448' title='bbox 3552 1382 3667 1450; x_wconf 88' lang='lat'><strong>79:</strong></span> <span class='ocrx_word' id='word_1_449' title='bbox 3719 1368 3918 1432; x_wconf 83' lang='grc' dir='ltr'>κοινὸν</span> <span class='ocrx_word' id='word_1_450' title='bbox 3958 1371 4075 1450; x_wconf 78' lang='grc' dir='ltr'><strong>γὰρ</strong></span> 
     </span>
    </p>
   </div>
   <div class='ocr_carea' id='block_1_13' title="bbox 2376 1466 4082 3306">
    <p class='ocr_par' dir='ltr' id='par_1_16' title="bbox 2376 1466 4082 3306">
     <span class='ocr_line' id='line_1_60' title="bbox 2379 1466 4078 1551; baseline 0.002 -21"><span class='ocrx_word' id='word_1_451' title='bbox 2379 1469 2568 1548; x_wconf 84' lang='grc' dir='ltr'>ὄνομα</span> <span class='ocrx_word' id='word_1_452' title='bbox 2609 1468 2646 1547; x_wconf 83' lang='grc' dir='ltr'>ἦ</span> <span class='ocrx_word' id='word_1_453' title='bbox 2688 1467 2873 1547; x_wconf 87' lang='grc' dir='ltr'>βάσις</span> <span class='ocrx_word' id='word_1_454' title='bbox 2915 1468 3144 1549; x_wconf 80' lang='grc' dir='ltr'>ἄρσεως</span> <span class='ocrx_word' id='word_1_455' title='bbox 3189 1468 3283 1532; x_wconf 83' lang='grc' dir='ltr'>καὶ</span> <span class='ocrx_word' id='word_1_456' title='bbox 3326 1466 3571 1541; x_wconf 84' lang='grc' dir='ltr'>θέσεως,</span> <span class='ocrx_word' id='word_1_457' title='bbox 3619 1468 3769 1551; x_wconf 77' lang='grc' dir='ltr'>άπερ</span> <span class='ocrx_word' id='word_1_458' title='bbox 3814 1471 3931 1534; x_wconf 78' lang='grc' dir='ltr'>εἶσὶ</span> <span class='ocrx_word' id='word_1_459' title='bbox 3973 1475 4078 1534; x_wconf 81' lang='grc' dir='ltr'><strong>τοῦ</strong></span> 
     </span>
     <span class='ocr_line' id='line_1_61' title="bbox 2376 1568 4081 1658; baseline 0.002 -25"><span class='ocrx_word' id='word_1_460' title='bbox 2376 1573 2618 1652; x_wconf 83' lang='grc' dir='ltr'>ῥυθμοῦ.</span> <span class='ocrx_word' id='word_1_461' title='bbox 2679 1572 2770 1634; x_wconf 84' lang='lat' dir='ltr'><strong>Et</strong></span> <span class='ocrx_word' id='word_1_462' title='bbox 2803 1571 3028 1634; x_wconf 91' lang='lat' dir='ltr'><strong>Franc.</strong></span> <span class='ocrx_word' id='word_1_463' title='bbox 3063 1568 3338 1635; x_wconf 89' lang='lat' dir='ltr'><strong>Goeller.</strong></span> <span class='ocrx_word' id='word_1_464' title='bbox 3372 1569 3453 1634; x_wconf 89' lang='lat' dir='ltr'><strong>ad</strong></span> <span class='ocrx_word' id='word_1_465' title='bbox 3485 1570 3754 1658; x_wconf 86' lang='lat' dir='ltr'><strong>Dionys.</strong></span> <span class='ocrx_word' id='word_1_466' title='bbox 3785 1571 3865 1635; x_wconf 89' lang='lat' dir='ltr'><strong>de</strong></span> <span class='ocrx_word' id='word_1_467' title='bbox 3896 1573 4081 1636; x_wconf 89' lang='lat' dir='ltr'><strong>Com-</strong></span> 
     </span>
     <span class='ocr_line' id='line_1_62' title="bbox 2383 1671 4078 1762; baseline 0 -24"><span class='ocrx_word' id='word_1_468' title='bbox 2383 1674 2562 1761; x_wconf 88' lang='lat' dir='ltr'><strong>posit.</strong></span> <span class='ocrx_word' id='word_1_469' title='bbox 2593 1698 2660 1762; x_wconf 93' lang='lat' dir='ltr'><strong>p.</strong></span> <span class='ocrx_word' id='word_1_470' title='bbox 2694 1675 2835 1756; x_wconf 90' lang='lat'><strong>187.</strong></span> <span class='ocrx_word' id='word_1_471' title='bbox 2870 1685 2933 1737; x_wconf 89' lang='lat' dir='ltr'><strong>et</strong></span> <span class='ocrx_word' id='word_1_472' title='bbox 2962 1697 3026 1761; x_wconf 89' lang='lat' dir='ltr'><strong>p.</strong></span> <span class='ocrx_word' id='word_1_473' title='bbox 3054 1693 3202 1758; x_wconf 96' lang='grc'>300.</span> <span class='ocrx_word' id='word_1_474' title='bbox 3234 1672 3387 1760; x_wconf 92' lang='lat' dir='ltr'><strong>ibiq.</strong></span> <span class='ocrx_word' id='word_1_475' title='bbox 3418 1671 3587 1737; x_wconf 89' lang='lat' dir='ltr'><strong>laud.</strong></span> <span class='ocrx_word' id='word_1_476' title='bbox 3617 1675 3968 1738; x_wconf 87' lang='lat' dir='ltr'><strong>Hermann.</strong></span> <span class='ocrx_word' id='word_1_477' title='bbox 3997 1673 4078 1738; x_wconf 89' lang='lat' dir='ltr'><strong>de</strong></span> 
     </span>
     <span class='ocr_line' id='line_1_63' title="bbox 2382 1775 4080 1864; baseline 0.001 -24"><span class='ocrx_word' id='word_1_478' title='bbox 2382 1791 2721 1841; x_wconf 88' lang='lat' dir='ltr'><strong>metrorum</strong></span> <span class='ocrx_word' id='word_1_479' title='bbox 2755 1776 3151 1863; x_wconf 88' lang='lat' dir='ltr'><strong>quorundam</strong></span> <span class='ocrx_word' id='word_1_480' title='bbox 3188 1798 3480 1840; x_wconf 89' lang='lat' dir='ltr'><strong>mensura</strong></span> <span class='ocrx_word' id='word_1_481' title='bbox 3505 1775 3862 1864; x_wconf 87' lang='lat' dir='ltr'><strong>rhythmica</strong></span> <span class='ocrx_word' id='word_1_482' title='bbox 3904 1800 3964 1864; x_wconf 89' lang='lat' dir='ltr'><strong>p.</strong></span> <span class='ocrx_word' id='word_1_483' title='bbox 3998 1778 4080 1842; x_wconf 91' lang='lat' dir='ltr'><strong>V.</strong></span> 
     </span>
     <span class='ocr_line' id='line_1_64' title="bbox 2384 1878 4078 1965; baseline 0.001 -22"><span class='ocrx_word' id='word_1_484' title='bbox 2384 1879 2492 1943; x_wconf 91' lang='lat' dir='ltr'><strong>ubi</strong></span> <span class='ocrx_word' id='word_1_485' title='bbox 2544 1880 2827 1954; x_wconf 87' lang='lat' dir='ltr'><strong>docetur,</strong></span> <span class='ocrx_word' id='word_1_486' title='bbox 2878 1878 3037 1965; x_wconf 89' lang='lat' dir='ltr'><strong>quid</strong></span> <span class='ocrx_word' id='word_1_487' title='bbox 3087 1878 3269 1959; x_wconf 87' lang='grc' dir='ltr'>βάσις</span> <span class='ocrx_word' id='word_1_488' title='bbox 3324 1878 3576 1943; x_wconf 88' lang='lat' dir='ltr'><strong>musicis</strong></span> <span class='ocrx_word' id='word_1_489' title='bbox 3631 1878 3733 1958; x_wconf 88' lang='lat' dir='ltr'><strong>sit,</strong></span> <span class='ocrx_word' id='word_1_490' title='bbox 3785 1879 4078 1945; x_wconf 90' lang='lat' dir='ltr'><strong>nimirum</strong></span> 
     </span>
     <span class='ocr_line' id='line_1_65' title="bbox 2385 1982 4075 2070; baseline 0.002 -25"><span class='ocrx_word' id='word_1_491' title='bbox 2385 2005 2551 2046; x_wconf 91' lang='lat' dir='ltr'><strong>nunc</strong></span> <span class='ocrx_word' id='word_1_492' title='bbox 2595 1983 2809 2059; x_wconf 68' lang='lat' dir='ltr'><strong>thesis,</strong></span> <span class='ocrx_word' id='word_1_493' title='bbox 2852 2004 3018 2046; x_wconf 90' lang='lat' dir='ltr'><strong>nunc</strong></span> <span class='ocrx_word' id='word_1_494' title='bbox 3061 1983 3229 2045; x_wconf 68' lang='lat' dir='ltr'><strong>locus</strong></span> <span class='ocrx_word' id='word_1_495' title='bbox 3271 1991 3331 2045; x_wconf 80' lang='lat' dir='ltr'><strong>et</strong></span> <span class='ocrx_word' id='word_1_496' title='bbox 3373 1982 3547 2046; x_wconf 68' lang='lat' dir='ltr'><strong>seties</strong></span> <span class='ocrx_word' id='word_1_497' title='bbox 3589 1983 3835 2070; x_wconf 73' lang='lat' dir='ltr'><strong>integri</strong></span> <span class='ocrx_word' id='word_1_498' title='bbox 3873 1984 4075 2070; x_wconf 70' lang='lat' dir='ltr'><strong>pedis,</strong></span> 
     </span>
     <span class='ocr_line' id='line_1_66' title="bbox 2383 2085 4082 2151; baseline 0.002 -3"><span class='ocrx_word' id='word_1_499' title='bbox 2383 2108 2550 2149; x_wconf 87' lang='lat' dir='ltr'><strong>nunc</strong></span> <span class='ocrx_word' id='word_1_500' title='bbox 2579 2085 2761 2149; x_wconf 87' lang='lat' dir='ltr'><strong>etiam</strong></span> <span class='ocrx_word' id='word_1_501' title='bbox 2801 2086 3098 2148; x_wconf 71' lang='lat' dir='ltr'><strong>universe</strong></span> <span class='ocrx_word' id='word_1_502' title='bbox 3140 2087 3420 2149; x_wconf 70' lang='lat' dir='ltr'><strong>incessus</strong></span> <span class='ocrx_word' id='word_1_503' title='bbox 3458 2087 3729 2149; x_wconf 75' lang='lat' dir='ltr'><strong>numeri.</strong></span> <span class='ocrx_word' id='word_1_504' title='bbox 3824 2086 3879 2150; x_wconf 94' lang='lat' dir='ltr'><strong>F</strong></span> <span class='ocrx_word' id='word_1_505' title='bbox 3882 2085 4082 2151; x_wconf 86' lang='lat' dir='ltr'><strong>icinus</strong></span> 
     </span>
     <span class='ocr_line' id='line_1_67' title="bbox 2385 2186 4078 2275; baseline 0.002 -25"><span class='ocrx_word' id='word_1_506' title='bbox 2385 2202 2589 2251; x_wconf 83' lang='lat' dir='ltr'><strong>tamen</strong></span> <span class='ocrx_word' id='word_1_507' title='bbox 2626 2188 2815 2268; x_wconf 86' lang='grc' dir='ltr'>βάσιν</span> <span class='ocrx_word' id='word_1_508' title='bbox 2848 2187 3085 2273; x_wconf 87' lang='lat' dir='ltr'><strong>accepit</strong></span> <span class='ocrx_word' id='word_1_509' title='bbox 3128 2186 3484 2275; x_wconf 88' lang='lat' dir='ltr'><strong>simpliciter</strong></span> <span class='ocrx_word' id='word_1_510' title='bbox 3517 2210 3633 2274; x_wconf 89' lang='lat' dir='ltr'><strong>pro</strong></span> <span class='ocrx_word' id='word_1_511' title='bbox 3641 2190 4078 2274; x_wconf 78' lang='lat' dir='ltr'><strong>firmamento.</strong></span> 
     </span>
     <span class='ocr_line' id='line_1_68' title="bbox 2384 2289 4073 2379; baseline 0.001 -25"><span class='ocrx_word' id='word_1_512' title='bbox 2384 2291 2573 2369; x_wconf 82' lang='lat' dir='ltr'><strong>Quod</strong></span> <span class='ocrx_word' id='word_1_513' title='bbox 2603 2291 2653 2354; x_wconf 89' lang='lat' dir='ltr'><strong>si</strong></span> <span class='ocrx_word' id='word_1_514' title='bbox 2687 2289 3005 2356; x_wconf 90' lang='lat' dir='ltr'><strong>Plotinum</strong></span> <span class='ocrx_word' id='word_1_515' title='bbox 3037 2290 3252 2355; x_wconf 89' lang='lat' dir='ltr'><strong>credas</strong></span> <span class='ocrx_word' id='word_1_516' title='bbox 3293 2289 3632 2379; x_wconf 86' lang='lat' dir='ltr'><strong>respexisse</strong></span> <span class='ocrx_word' id='word_1_517' title='bbox 3664 2289 3943 2355; x_wconf 89' lang='lat' dir='ltr'><strong>Platonis</strong></span> <span class='ocrx_word' id='word_1_518' title='bbox 3986 2289 4073 2356; x_wconf 88' lang='grc' dir='ltr'><strong>Ιο-</strong></span> 
     </span>
     <span class='ocr_line' id='line_1_69' title="bbox 2382 2393 4078 2482; baseline 0 -23"><span class='ocrx_word' id='word_1_519' title='bbox 2382 2418 2524 2459; x_wconf 89' lang='lat' dir='ltr'><strong>cum</strong></span> <span class='ocrx_word' id='word_1_520' title='bbox 2556 2395 2619 2458; x_wconf 90' lang='lat' dir='ltr'><strong>in</strong></span> <span class='ocrx_word' id='word_1_521' title='bbox 2652 2394 2899 2459; x_wconf 83' lang='lat' dir='ltr'><strong>Timaeo</strong></span> <span class='ocrx_word' id='word_1_522' title='bbox 2928 2418 2991 2482; x_wconf 91' lang='lat' dir='ltr'><strong>p.</strong></span> <span class='ocrx_word' id='word_1_523' title='bbox 3014 2395 3120 2458; x_wconf 89' lang='lat'><strong>81.</strong></span> <span class='ocrx_word' id='word_1_524' title='bbox 3145 2418 3201 2460; x_wconf 92' lang='lat' dir='ltr'><strong>a.</strong></span> <span class='ocrx_word' id='word_1_525' title='bbox 3236 2417 3301 2481; x_wconf 91' lang='lat' dir='ltr'><strong>p.</strong></span> <span class='ocrx_word' id='word_1_526' title='bbox 3330 2414 3468 2480; x_wconf 89' lang='lat'><strong>119.</strong></span> <span class='ocrx_word' id='word_1_527' title='bbox 3504 2393 3728 2471; x_wconf 65' lang='lat' dir='ltr'><strong>Bekk„</strong></span> <span class='ocrx_word' id='word_1_528' title='bbox 3759 2393 3949 2475; x_wconf 85' lang='grc' dir='ltr'>βάσιν</span> <span class='ocrx_word' id='word_1_529' title='bbox 3979 2393 4078 2459; x_wconf 90' lang='lat' dir='ltr'><strong>hic</strong></span> 
     </span>
     <span class='ocr_line' id='line_1_70' title="bbox 2379 2496 4075 2585; baseline 0.001 -24"><span class='ocrx_word' id='word_1_530' title='bbox 2379 2496 2774 2585; x_wconf 87' lang='lat' dir='ltr'><strong>interpretari</strong></span> <span class='ocrx_word' id='word_1_531' title='bbox 2818 2497 3013 2584; x_wconf 85' lang='lat' dir='ltr'><strong>possis</strong></span> <span class='ocrx_word' id='word_1_532' title='bbox 3062 2520 3200 2575; x_wconf 69' lang='lat' dir='ltr'><strong>vas,</strong></span> <span class='ocrx_word' id='word_1_533' title='bbox 3251 2498 3757 2585; x_wconf 76' lang='lat' dir='ltr'><strong>receptaculum;</strong></span> <span class='ocrx_word' id='word_1_534' title='bbox 3822 2496 3903 2561; x_wconf 88' lang='lat' dir='ltr'><strong>de</strong></span> <span class='ocrx_word' id='word_1_535' title='bbox 3944 2520 4075 2585; x_wconf 90' lang='lat' dir='ltr'><strong>quo</strong></span> 
     </span>
     <span class='ocr_line' id='line_1_71' title="bbox 2382 2599 4075 2690; baseline 0 -27"><span class='ocrx_word' id='word_1_536' title='bbox 2382 2601 2729 2688; x_wconf 87' lang='lat' dir='ltr'><strong>significatu</strong></span> <span class='ocrx_word' id='word_1_537' title='bbox 2763 2599 2929 2665; x_wconf 86' lang='lat' dir='ltr'><strong>vocis</strong></span> <span class='ocrx_word' id='word_1_538' title='bbox 2959 2600 3086 2665; x_wconf 86' lang='lat' dir='ltr'><strong>vid.</strong></span> <span class='ocrx_word' id='word_1_539' title='bbox 3120 2600 3500 2665; x_wconf 87' lang='lat' dir='ltr'><strong>Lindavium</strong></span> <span class='ocrx_word' id='word_1_540' title='bbox 3531 2600 3613 2664; x_wconf 91' lang='lat' dir='ltr'><strong>ad</strong></span> <span class='ocrx_word' id='word_1_541' title='bbox 3645 2600 3818 2664; x_wconf 90' lang='lat' dir='ltr'><strong>Tim.</strong></span> <span class='ocrx_word' id='word_1_542' title='bbox 3851 2599 3894 2665; x_wconf 93' lang='lat' dir='ltr'><strong>l.</strong></span> <span class='ocrx_word' id='word_1_543' title='bbox 3922 2600 3961 2664; x_wconf 92' lang='lat' dir='ltr'><strong>l.</strong></span> <span class='ocrx_word' id='word_1_544' title='bbox 4008 2624 4075 2690; x_wconf 93' lang='lat' dir='ltr'><strong>p.</strong></span> 
     </span>
     <span class='ocr_line' id='line_1_72' title="bbox 2389 2702 4081 2791; baseline 0.001 -23"><span class='ocrx_word' id='word_1_545' title='bbox 2389 2724 2527 2791; x_wconf 87' lang='grc'>123.</span> <span class='ocrx_word' id='word_1_546' title='bbox 2619 2706 2765 2790; x_wconf 87' lang='lat' dir='ltr'><strong>Ego</strong></span> <span class='ocrx_word' id='word_1_547' title='bbox 2809 2703 2958 2767; x_wconf 91' lang='lat' dir='ltr'><strong>nihil</strong></span> <span class='ocrx_word' id='word_1_548' title='bbox 3005 2702 3699 2782; x_wconf 70' lang='lat' dir='ltr'><strong>decerna—Proxima,</strong></span> <span class='ocrx_word' id='word_1_549' title='bbox 3744 2704 3941 2787; x_wconf 76' lang='grc' dir='ltr'>πηγὴν</span> <span class='ocrx_word' id='word_1_550' title='bbox 3985 2708 4081 2770; x_wconf 83' lang='grc' dir='ltr'>καὶ</span> 
     </span>
     <span class='ocr_line' id='line_1_73' title="bbox 2381 2805 4077 2896; baseline 0 -24"><span class='ocrx_word' id='word_1_551' title='bbox 2381 2809 2570 2890; x_wconf 81' lang='grc' dir='ltr'>ῥίζαν,</span> <span class='ocrx_word' id='word_1_552' title='bbox 2626 2807 2965 2872; x_wconf 90' lang='lat' dir='ltr'><strong>admonent</strong></span> <span class='ocrx_word' id='word_1_553' title='bbox 3010 2805 3423 2895; x_wconf 86' lang='lat' dir='ltr'><strong>jurisjurandi</strong></span> <span class='ocrx_word' id='word_1_554' title='bbox 3478 2806 3885 2894; x_wconf 86' lang='lat' dir='ltr'><strong>Pythagorici</strong></span> <span class='ocrx_word' id='word_1_555' title='bbox 3945 2810 4077 2896; x_wconf 90' lang='lat' dir='ltr'><strong>(ap.</strong></span> 
     </span>
     <span class='ocr_line' id='line_1_74' title="bbox 2388 2909 4078 2998; baseline 0 -24"><span class='ocrx_word' id='word_1_556' title='bbox 2388 2913 2559 2975; x_wconf 81' lang='lat' dir='ltr'><strong>Sext.</strong></span> <span class='ocrx_word' id='word_1_557' title='bbox 2609 2911 2853 2998; x_wconf 88' lang='lat' dir='ltr'><strong>Empir.</strong></span> <span class='ocrx_word' id='word_1_558' title='bbox 2899 2910 3046 2974; x_wconf 87' lang='lat' dir='ltr'><strong>adv.</strong></span> <span class='ocrx_word' id='word_1_559' title='bbox 3094 2909 3470 2975; x_wconf 87' lang='lat' dir='ltr'><strong>Mathemm.</strong></span> <span class='ocrx_word' id='word_1_560' title='bbox 3508 2910 3627 2974; x_wconf 91' lang='lat' dir='ltr'><strong>IV.</strong></span> <span class='ocrx_word' id='word_1_561' title='bbox 3662 2929 3719 2974; x_wconf 90' lang='grc'>2.</span> <span class='ocrx_word' id='word_1_562' title='bbox 3776 2910 3937 2974; x_wconf 94' lang='lat' dir='ltr'><strong>VII.</strong></span> <span class='ocrx_word' id='word_1_563' title='bbox 3971 2931 4078 2996; x_wconf 89' lang='lat'><strong>94.</strong></span> 
     </span>
     <span class='ocr_line' id='line_1_75' title="bbox 2387 3010 4079 3100; baseline 0.001 -24"><span class='ocrx_word' id='word_1_564' title='bbox 2387 3012 2709 3078; x_wconf 85' lang='lat' dir='ltr'><strong>Plutarch.</strong></span> <span class='ocrx_word' id='word_1_565' title='bbox 2739 3012 2821 3076; x_wconf 89' lang='lat' dir='ltr'><strong>de</strong></span> <span class='ocrx_word' id='word_1_566' title='bbox 2852 3011 3008 3076; x_wconf 91' lang='lat' dir='ltr'><strong>Isid.</strong></span> <span class='ocrx_word' id='word_1_567' title='bbox 3043 3036 3108 3100; x_wconf 89' lang='lat' dir='ltr'><strong>p.</strong></span> <span class='ocrx_word' id='word_1_568' title='bbox 3134 3014 3285 3097; x_wconf 85' lang='lat'><strong>381.</strong></span> <span class='ocrx_word' id='word_1_569' title='bbox 3315 3014 3396 3077; x_wconf 88' lang='grc' dir='ltr'><strong>Ε.</strong></span> <span class='ocrx_word' id='word_1_570' title='bbox 3431 3011 3512 3075; x_wconf 89' lang='lat' dir='ltr'><strong>de</strong></span> <span class='ocrx_word' id='word_1_571' title='bbox 3543 3011 3781 3077; x_wconf 79' lang='lat' dir='ltr'><strong>Placitt.</strong></span> <span class='ocrx_word' id='word_1_572' title='bbox 3815 3010 4079 3084; x_wconf 85' lang='lat' dir='ltr'><strong>Philoss.</strong></span> 
     </span>
     <span class='ocr_line' id='line_1_76' title="bbox 2386 3114 4079 3204; baseline 0.001 -25"><span class='ocrx_word' id='word_1_573' title='bbox 2386 3117 2448 3180; x_wconf 91' lang='lat'><strong>1.</strong></span> <span class='ocrx_word' id='word_1_574' title='bbox 2478 3136 2540 3201; x_wconf 84' lang='lat'><strong>3.</strong></span> <span class='ocrx_word' id='word_1_575' title='bbox 2577 3139 2640 3202; x_wconf 93' lang='lat' dir='ltr'><strong>p.</strong></span> <span class='ocrx_word' id='word_1_576' title='bbox 2670 3135 2820 3200; x_wconf 87' lang='grc'><strong>527.</strong></span> <span class='ocrx_word' id='word_1_577' title='bbox 2883 3116 3220 3204; x_wconf 81' lang='lat' dir='ltr'><strong>VVyttenb.</strong></span> <span class='ocrx_word' id='word_1_578' title='bbox 3255 3114 3583 3180; x_wconf 89' lang='lat' dir='ltr'><strong>Iamblich.</strong></span> <span class='ocrx_word' id='word_1_579' title='bbox 3614 3114 3696 3179; x_wconf 90' lang='lat' dir='ltr'><strong>de</strong></span> <span class='ocrx_word' id='word_1_580' title='bbox 3726 3115 3852 3180; x_wconf 88' lang='lat' dir='ltr'><strong>Vit.</strong></span> <span class='ocrx_word' id='word_1_581' title='bbox 3888 3116 4079 3204; x_wconf 81' lang='lat' dir='ltr'><strong>Pyth.</strong></span> 
     </span>
     <span class='ocr_line' id='line_1_77' title="bbox 2387 3219 4079 3306; baseline 0.002 -24"><span class='ocrx_word' id='word_1_582' title='bbox 2387 3219 2748 3283; x_wconf 92' lang='lat' dir='ltr'><strong>XXVIII.</strong></span> <span class='ocrx_word' id='word_1_583' title='bbox 2787 3238 2927 3303; x_wconf 90' lang='lat'><strong>150.</strong></span> <span class='ocrx_word' id='word_1_584' title='bbox 2960 3242 3027 3305; x_wconf 90' lang='lat' dir='ltr'><strong>p.</strong></span> <span class='ocrx_word' id='word_1_585' title='bbox 3052 3222 3201 3305; x_wconf 85' lang='lat'><strong>316.</strong></span> <span class='ocrx_word' id='word_1_586' title='bbox 3231 3232 3293 3282; x_wconf 90' lang='lat' dir='ltr'><strong>et</strong></span> <span class='ocrx_word' id='word_1_587' title='bbox 3326 3220 3618 3283; x_wconf 88' lang='lat' dir='ltr'><strong>XXIX.</strong></span> <span class='ocrx_word' id='word_1_588' title='bbox 3655 3220 3798 3283; x_wconf 83' lang='lat'><strong>162.</strong></span> <span class='ocrx_word' id='word_1_589' title='bbox 3830 3241 3897 3305; x_wconf 90' lang='lat' dir='ltr'><strong>p.</strong></span> <span class='ocrx_word' id='word_1_590' title='bbox 3927 3240 4079 3306; x_wconf 86' lang='lat'><strong>344.</strong></span> 
     </span>
    </p>
   </div>
   <div class='ocr_carea' id='block_1_14' title="bbox 2385 3321 4090 5561">
    <p class='ocr_par' dir='ltr' id='par_1_17' title="bbox 2385 3321 3418 3409">
     <span class='ocr_line' id='line_1_78' title="bbox 2385 3321 3418 3409; baseline 0 -23"><span class='ocrx_word' id='word_1_591' title='bbox 2385 3321 2611 3387; x_wconf 86' lang='lat' dir='ltr'><strong>Kiessl.</strong></span> <span class='ocrx_word' id='word_1_592' title='bbox 2645 3338 2709 3386; x_wconf 92' lang='lat' dir='ltr'><strong>et</strong></span> <span class='ocrx_word' id='word_1_593' title='bbox 2737 3322 2906 3409; x_wconf 83' lang='lat' dir='ltr'><strong>apud</strong></span> <span class='ocrx_word' id='word_1_594' title='bbox 2940 3322 3093 3386; x_wconf 91' lang='lat' dir='ltr'><strong>alios</strong></span> <span class='ocrx_word' id='word_1_595' title='bbox 3121 3322 3418 3407; x_wconf 84' lang='lat' dir='ltr'><strong>multos):</strong></span> 
     </span>
    </p>

    <p class='ocr_par' dir='ltr' id='par_1_18' title="bbox 2546 3428 3886 3598">
     <span class='ocr_line' id='line_1_79' title="bbox 2546 3428 3886 3502; baseline 0 -19"><span class='ocrx_word' id='word_1_596' title='bbox 2546 3429 2622 3483; x_wconf 79' lang='grc' dir='ltr'><strong>Οὔ</strong></span> <span class='ocrx_word' id='word_1_597' title='bbox 2649 3430 2721 3498; x_wconf 84' lang='grc' dir='ltr'><strong>μὰ</strong></span> <span class='ocrx_word' id='word_1_598' title='bbox 2745 3430 2838 3482; x_wconf 83' lang='grc' dir='ltr'>τὸν</span> <span class='ocrx_word' id='word_1_599' title='bbox 2864 3428 3084 3502; x_wconf 76' lang='grc' dir='ltr'>ἁμετέρᾳ</span> <span class='ocrx_word' id='word_1_600' title='bbox 3111 3430 3265 3501; x_wconf 74' lang='grc' dir='ltr'>ψυχᾷ</span> <span class='ocrx_word' id='word_1_601' title='bbox 3287 3429 3582 3502; x_wconf 81' lang='grc' dir='ltr'>παραδόντα</span> <span class='ocrx_word' id='word_1_602' title='bbox 3605 3428 3886 3501; x_wconf 75' lang='grc' dir='ltr'>τετρακτύν</span> 
     </span>
     <span class='ocr_line' id='line_1_80' title="bbox 2547 3523 3742 3598; baseline 0 -19"><span class='ocrx_word' id='word_1_603' title='bbox 2547 3526 2730 3598; x_wconf 80' lang='grc' dir='ltr'>Παγὰν</span> <span class='ocrx_word' id='word_1_604' title='bbox 2755 3525 2936 3579; x_wconf 80' lang='grc' dir='ltr'>ἀενάου</span> <span class='ocrx_word' id='word_1_605' title='bbox 2965 3524 3180 3596; x_wconf 81' lang='grc' dir='ltr'>φύσεως</span> <span class='ocrx_word' id='word_1_606' title='bbox 3203 3524 3398 3596; x_wconf 70' lang='grc' dir='ltr'>ρίξωμά</span> <span class='ocrx_word' id='word_1_607' title='bbox 3423 3523 3471 3577; x_wconf 83' lang='grc' dir='ltr'><strong>τ’</strong></span> <span class='ocrx_word' id='word_1_608' title='bbox 3498 3525 3742 3594; x_wconf 75' lang='grc' dir='ltr'>ἔχουσαν.</span> 
     </span>
    </p>

    <p class='ocr_par' dir='ltr' id='par_1_19' title="bbox 2385 3622 4090 5561">
     <span class='ocr_line' id='line_1_81' title="bbox 2386 3622 4077 3711; baseline 0.001 -20"><span class='ocrx_word' id='word_1_609' title='bbox 2386 3627 2496 3691; x_wconf 88' lang='lat' dir='ltr'><strong>ubi</strong></span> <span class='ocrx_word' id='word_1_610' title='bbox 2535 3627 2681 3691; x_wconf 92' lang='lat' dir='ltr'><strong>libri</strong></span> <span class='ocrx_word' id='word_1_611' title='bbox 2724 3627 2915 3689; x_wconf 89' lang='lat' dir='ltr'><strong>nostri</strong></span> <span class='ocrx_word' id='word_1_612' title='bbox 2957 3625 3182 3711; x_wconf 88' lang='lat' dir='ltr'><strong>partim</strong></span> <span class='ocrx_word' id='word_1_613' title='bbox 3211 3626 3579 3688; x_wconf 83' lang='lat' dir='ltr'><strong>confirmant</strong></span> <span class='ocrx_word' id='word_1_614' title='bbox 3617 3622 3942 3691; x_wconf 90' lang='lat' dir='ltr'><strong>lectionem</strong></span> <span class='ocrx_word' id='word_1_615' title='bbox 3977 3630 4077 3693; x_wconf 81' lang='grc' dir='ltr'><strong>ἆε-</strong></span> 
     </span>
     <span class='ocr_line' id='line_1_82' title="bbox 2385 3726 4078 3816; baseline -0.001 -21"><span class='ocrx_word' id='word_1_616' title='bbox 2385 3731 2553 3808; x_wconf 84' lang='grc' dir='ltr'>νάου,</span> <span class='ocrx_word' id='word_1_617' title='bbox 2586 3729 2691 3793; x_wconf 85' lang='lat' dir='ltr'><strong>sed</strong></span> <span class='ocrx_word' id='word_1_618' title='bbox 2720 3751 2934 3793; x_wconf 91' lang='lat' dir='ltr'><strong>omnes</strong></span> <span class='ocrx_word' id='word_1_619' title='bbox 2977 3728 3073 3791; x_wconf 86' lang='lat' dir='ltr'><strong>vel</strong></span> <span class='ocrx_word' id='word_1_620' title='bbox 3117 3726 3382 3810; x_wconf 75' lang='grc' dir='ltr'>ῥιζόματ’</span> <span class='ocrx_word' id='word_1_621' title='bbox 3417 3728 3511 3811; x_wconf 77' lang='grc' dir='ltr'>ἔχ.</span> <span class='ocrx_word' id='word_1_622' title='bbox 3551 3726 3646 3790; x_wconf 85' lang='lat' dir='ltr'><strong>vel</strong></span> <span class='ocrx_word' id='word_1_623' title='bbox 3692 3730 3950 3811; x_wconf 77' lang='grc' dir='ltr'>ῥιζῶμετ’</span> <span class='ocrx_word' id='word_1_624' title='bbox 3985 3733 4078 3816; x_wconf 81' lang='grc' dir='ltr'>ἔχ.</span> 
     </span>
     <span class='ocr_line' id='line_1_83' title="bbox 2388 3830 4077 3919; baseline 0.001 -22"><span class='ocrx_word' id='word_1_625' title='bbox 2388 3831 2721 3919; x_wconf 86' lang='lat' dir='ltr'><strong>Reliquam</strong></span> <span class='ocrx_word' id='word_1_626' title='bbox 2772 3831 3129 3895; x_wconf 89' lang='lat' dir='ltr'><strong>varietatem</strong></span> <span class='ocrx_word' id='word_1_627' title='bbox 3176 3830 3276 3895; x_wconf 87' lang='lat' dir='ltr'><strong>hic</strong></span> <span class='ocrx_word' id='word_1_628' title='bbox 3320 3853 3444 3895; x_wconf 90' lang='lat' dir='ltr'><strong>non</strong></span> <span class='ocrx_word' id='word_1_629' title='bbox 3489 3852 3718 3909; x_wconf 87' lang='lat' dir='ltr'><strong>moror,</strong></span> <span class='ocrx_word' id='word_1_630' title='bbox 3758 3832 3882 3896; x_wconf 89' lang='lat' dir='ltr'><strong>alio</strong></span> <span class='ocrx_word' id='word_1_631' title='bbox 3921 3847 4077 3898; x_wconf 86' lang='lat' dir='ltr'><strong>tem·</strong></span> 
     </span>
     <span class='ocr_line' id='line_1_84' title="bbox 2389 3933 4078 4022; baseline 0.002 -24"><span class='ocrx_word' id='word_1_632' title='bbox 2389 3958 2537 4022; x_wconf 88' lang='lat' dir='ltr'><strong>pore</strong></span> <span class='ocrx_word' id='word_1_633' title='bbox 2569 3936 2701 3999; x_wconf 87' lang='lat' dir='ltr'><strong>haec</strong></span> <span class='ocrx_word' id='word_1_634' title='bbox 2733 3933 3136 4011; x_wconf 90' lang='lat' dir='ltr'><strong>Iamblichea,</strong></span> <span class='ocrx_word' id='word_1_635' title='bbox 3170 3934 3219 3998; x_wconf 93' lang='lat' dir='ltr'><strong>si</strong></span> <span class='ocrx_word' id='word_1_636' title='bbox 3252 3935 3430 3998; x_wconf 89' lang='lat' dir='ltr'><strong>Deus</strong></span> <span class='ocrx_word' id='word_1_637' title='bbox 3469 3933 3779 4011; x_wconf 87' lang='lat' dir='ltr'><strong>annuerit,</strong></span> <span class='ocrx_word' id='word_1_638' title='bbox 3810 3934 3872 3998; x_wconf 90' lang='lat' dir='ltr'><strong>in</strong></span> <span class='ocrx_word' id='word_1_639' title='bbox 3914 3937 4078 4022; x_wconf 90' lang='lat' dir='ltr'><strong>pub·</strong></span> 
     </span>
     <span class='ocr_line' id='line_1_85' title="bbox 2387 4036 4085 4120; baseline 0.002 -19"><span class='ocrx_word' id='word_1_640' title='bbox 2387 4038 2572 4102; x_wconf 90' lang='lat' dir='ltr'><strong>licum</strong></span> <span class='ocrx_word' id='word_1_641' title='bbox 2604 4038 2887 4104; x_wconf 79' lang='lat' dir='ltr'><strong>daturus,</strong></span> <span class='ocrx_word' id='word_1_642' title='bbox 2926 4036 3125 4101; x_wconf 91' lang='lat' dir='ltr'><strong>Venio</strong></span> <span class='ocrx_word' id='word_1_643' title='bbox 3152 4037 3233 4101; x_wconf 87' lang='lat' dir='ltr'><strong>ad</strong></span> <span class='ocrx_word' id='word_1_644' title='bbox 3257 4061 3470 4102; x_wconf 90' lang='lat' dir='ltr'><strong>vocem</strong></span> <span class='ocrx_word' id='word_1_645' title='bbox 3507 4037 3711 4120; x_wconf 82' lang='grc' dir='ltr'>ἆρχήν.</span> <span class='ocrx_word' id='word_1_646' title='bbox 3762 4037 4085 4104; x_wconf 85' lang='lat' dir='ltr'><strong>Philolaus</strong></span> 
     </span>
     <span class='ocr_line' id='line_1_86' title="bbox 2386 4139 4085 4228; baseline 0.002 -24"><span class='ocrx_word' id='word_1_647' title='bbox 2386 4141 2558 4228; x_wconf 88' lang='lat' dir='ltr'><strong>apud</strong></span> <span class='ocrx_word' id='word_1_648' title='bbox 2594 4139 2814 4205; x_wconf 86' lang='lat' dir='ltr'><strong>Iambl.</strong></span> <span class='ocrx_word' id='word_1_649' title='bbox 2858 4139 2918 4203; x_wconf 90' lang='lat' dir='ltr'><strong>in</strong></span> <span class='ocrx_word' id='word_1_650' title='bbox 2967 4139 3326 4205; x_wconf 88' lang='lat' dir='ltr'><strong>Nicomach.</strong></span> <span class='ocrx_word' id='word_1_651' title='bbox 3373 4163 3435 4227; x_wconf 83' lang='lat' dir='ltr'><strong>p.</strong></span> <span class='ocrx_word' id='word_1_652' title='bbox 3480 4160 3618 4224; x_wconf 87' lang='lat'><strong>109.</strong></span> <span class='ocrx_word' id='word_1_653' title='bbox 3653 4140 3966 4206; x_wconf 86' lang='lat' dir='ltr'><strong>Tenullii:</strong></span> <span class='ocrx_word' id='word_1_654' title='bbox 4015 4145 4085 4208; x_wconf 82' lang='grc' dir='ltr'><strong>οὐ</strong></span> 
     </span>
     <span class='ocr_line' id='line_1_87' title="bbox 2387 4242 4081 4327; baseline 0.001 -20"><span class='ocrx_word' id='word_1_655' title='bbox 2387 4242 2685 4327; x_wconf 64' lang='grc' dir='ltr'>γὰρ,““Εν,</span> <span class='ocrx_word' id='word_1_656' title='bbox 2718 4244 2926 4326; x_wconf 81' lang='grc' dir='ltr'>φησὶν,</span> <span class='ocrx_word' id='word_1_657' title='bbox 2972 4246 3129 4326; x_wconf 76' lang='grc' dir='ltr'>ἀρχὰ</span> <span class='ocrx_word' id='word_1_658' title='bbox 3171 4244 3409 4307; x_wconf 90' lang='grc' dir='ltr'>πάντων</span> <span class='ocrx_word' id='word_1_659' title='bbox 3453 4242 3563 4324; x_wconf 84' lang='lat' dir='ltr'><strong>(cf.</strong></span> <span class='ocrx_word' id='word_1_660' title='bbox 3597 4243 3896 4308; x_wconf 85' lang='lat' dir='ltr'><strong>Boeckhii</strong></span> <span class='ocrx_word' id='word_1_661' title='bbox 3929 4245 4081 4310; x_wconf 85' lang='lat' dir='ltr'><strong>Phi·</strong></span> 
     </span>
     <span class='ocr_line' id='line_1_88' title="bbox 2387 4345 4081 4434; baseline 0.001 -24"><span class='ocrx_word' id='word_1_662' title='bbox 2387 4346 2617 4411; x_wconf 87' lang='lat' dir='ltr'><strong>lolaum</strong></span> <span class='ocrx_word' id='word_1_663' title='bbox 2675 4370 2741 4434; x_wconf 91' lang='lat' dir='ltr'><strong>p.</strong></span> <span class='ocrx_word' id='word_1_664' title='bbox 2789 4351 2960 4433; x_wconf 86' lang='grc'>150.)</span> <span class='ocrx_word' id='word_1_665' title='bbox 3053 4345 3418 4410; x_wconf 85' lang='lat' dir='ltr'><strong>Alexander</strong></span> <span class='ocrx_word' id='word_1_666' title='bbox 3466 4369 3569 4432; x_wconf 91' lang='lat' dir='ltr'><strong>ap.</strong></span> <span class='ocrx_word' id='word_1_667' title='bbox 3619 4346 3811 4433; x_wconf 89' lang='lat' dir='ltr'><strong>Diog.</strong></span> <span class='ocrx_word' id='word_1_668' title='bbox 3862 4347 4081 4412; x_wconf 79' lang='lat' dir='ltr'><strong>Lae&#39;rt.</strong></span> 
     </span>
     <span class='ocr_line' id='line_1_89' title="bbox 2395 4447 4079 4536; baseline 0.001 -21"><span class='ocrx_word' id='word_1_669' title='bbox 2395 4452 2591 4515; x_wconf 91' lang='lat' dir='ltr'><strong>VIII.</strong></span> <span class='ocrx_word' id='word_1_670' title='bbox 2644 4469 2721 4536; x_wconf 84' lang='grc'><strong>25</strong></span> <span class='ocrx_word' id='word_1_671' title='bbox 2756 4476 2770 4514; x_wconf 90' lang='lat'>:</span> <span class='ocrx_word' id='word_1_672' title='bbox 2846 4448 3076 4532; x_wconf 78' lang='grc' dir='ltr'>Ἀρχὴν</span> <span class='ocrx_word' id='word_1_673' title='bbox 3132 4452 3245 4529; x_wconf 75' lang='grc' dir='ltr'>μὲν</span> <span class='ocrx_word' id='word_1_674' title='bbox 3307 4456 3426 4513; x_wconf 81' lang='grc' dir='ltr'>τῶν</span> <span class='ocrx_word' id='word_1_675' title='bbox 3490 4447 3769 4514; x_wconf 79' lang='grc' dir='ltr'>ἁπάντων</span> <span class='ocrx_word' id='word_1_676' title='bbox 3833 4452 4079 4531; x_wconf 88' lang='grc' dir='ltr'>μονάδα.</span> 
     </span>
     <span class='ocr_line' id='line_1_90' title="bbox 2389 4550 4078 4642; baseline 0.001 -24"><span class='ocrx_word' id='word_1_677' title='bbox 2389 4561 2769 4642; x_wconf 88' lang='lat' dir='ltr'><strong>Anonymus</strong></span> <span class='ocrx_word' id='word_1_678' title='bbox 2806 4576 2908 4640; x_wconf 91' lang='lat' dir='ltr'><strong>ap.</strong></span> <span class='ocrx_word' id='word_1_679' title='bbox 2941 4551 3115 4616; x_wconf 86' lang='lat' dir='ltr'><strong>Stob.</strong></span> <span class='ocrx_word' id='word_1_680' title='bbox 3150 4550 3415 4639; x_wconf 83' lang='lat' dir='ltr'><strong>Eclogg.</strong></span> <span class='ocrx_word' id='word_1_681' title='bbox 3451 4552 3679 4638; x_wconf 86' lang='lat' dir='ltr'><strong>Physs.</strong></span> <span class='ocrx_word' id='word_1_682' title='bbox 3710 4553 3769 4616; x_wconf 93' lang='grc' dir='ltr'>Ι.</span> <span class='ocrx_word' id='word_1_683' title='bbox 3807 4571 3868 4617; x_wconf 82' lang='lat'><strong>2.</strong></span> <span class='ocrx_word' id='word_1_684' title='bbox 3900 4576 3960 4639; x_wconf 93' lang='lat'><strong>9.</strong></span> <span class='ocrx_word' id='word_1_685' title='bbox 4009 4578 4078 4642; x_wconf 95' lang='lat' dir='ltr'><strong>p.</strong></span> 
     </span>
     <span class='ocr_line' id='line_1_91' title="bbox 2392 4656 4081 4741; baseline 0.001 -20"><span class='ocrx_word' id='word_1_686' title='bbox 2392 4677 2491 4721; x_wconf 90' lang='grc'><strong>20.</strong></span> <span class='ocrx_word' id='word_1_687' title='bbox 2556 4659 2829 4720; x_wconf 87' lang='lat' dir='ltr'><strong>Heeren.</strong></span> <span class='ocrx_word' id='word_1_688' title='bbox 2873 4670 2936 4719; x_wconf 90' lang='lat' dir='ltr'><strong>et</strong></span> <span class='ocrx_word' id='word_1_689' title='bbox 2977 4677 3076 4741; x_wconf 85' lang='lat' dir='ltr'><strong>ap.</strong></span> <span class='ocrx_word' id='word_1_690' title='bbox 3106 4656 3355 4719; x_wconf 90' lang='lat' dir='ltr'><strong>Theon.</strong></span> <span class='ocrx_word' id='word_1_691' title='bbox 3387 4679 3439 4719; x_wconf 92' lang='lat' dir='ltr'><strong>c.</strong></span> <span class='ocrx_word' id='word_1_692' title='bbox 3472 4656 3604 4719; x_wconf 88' lang='lat' dir='ltr'><strong>IV:</strong></span> <span class='ocrx_word' id='word_1_693' title='bbox 3652 4658 3744 4719; x_wconf 81' lang='grc' dir='ltr'>ὅτι</span> <span class='ocrx_word' id='word_1_694' title='bbox 3771 4662 3890 4722; x_wconf 81' lang='grc' dir='ltr'>τῶν</span> <span class='ocrx_word' id='word_1_695' title='bbox 3918 4659 4081 4739; x_wconf 83' lang='grc' dir='ltr'>ἀριθ-</span> 
     </span>
     <span class='ocr_line' id='line_1_92' title="bbox 2385 4756 4083 4841; baseline 0.001 -18"><span class='ocrx_word' id='word_1_696' title='bbox 2385 4766 2512 4838; x_wconf 81' lang='grc' dir='ltr'>μῶν</span> <span class='ocrx_word' id='word_1_697' title='bbox 2562 4758 2958 4841; x_wconf 76' lang='grc' dir='ltr'>εἰσηγήσαντο</span> <span class='ocrx_word' id='word_1_698' title='bbox 3002 4761 3109 4824; x_wconf 75' lang='grc' dir='ltr'>τὰς</span> <span class='ocrx_word' id='word_1_699' title='bbox 3159 4759 3346 4841; x_wconf 77' lang='grc' dir='ltr'>ἀρχὰς</span> <span class='ocrx_word' id='word_1_700' title='bbox 3397 4757 3504 4839; x_wconf 85' lang='lat' dir='ltr'><strong>(cf.</strong></span> <span class='ocrx_word' id='word_1_701' title='bbox 3556 4756 3636 4821; x_wconf 87' lang='lat' dir='ltr'><strong>de</strong></span> <span class='ocrx_word' id='word_1_702' title='bbox 3689 4757 3949 4823; x_wconf 88' lang='lat' dir='ltr'><strong>Gelder.</strong></span> <span class='ocrx_word' id='word_1_703' title='bbox 4000 4760 4083 4824; x_wconf 83' lang='lat' dir='ltr'><strong>ad</strong></span> 
     </span>
     <span class='ocr_line' id='line_1_93' title="bbox 2391 4859 4080 4949; baseline 0.001 -24"><span class='ocrx_word' id='word_1_704' title='bbox 2391 4862 2643 4926; x_wconf 92' lang='lat' dir='ltr'><strong>Theon.</strong></span> <span class='ocrx_word' id='word_1_705' title='bbox 2676 4884 2741 4948; x_wconf 93' lang='lat' dir='ltr'><strong>p.</strong></span> <span class='ocrx_word' id='word_1_706' title='bbox 2772 4862 2914 4944; x_wconf 90' lang='lat'><strong>136.</strong></span> <span class='ocrx_word' id='word_1_707' title='bbox 2948 4873 3013 4924; x_wconf 92' lang='lat' dir='ltr'><strong>et</strong></span> <span class='ocrx_word' id='word_1_708' title='bbox 3043 4883 3105 4947; x_wconf 92' lang='lat' dir='ltr'><strong>p.</strong></span> <span class='ocrx_word' id='word_1_709' title='bbox 3138 4880 3281 4939; x_wconf 87' lang='lat'><strong>140.</strong></span> <span class='ocrx_word' id='word_1_710' title='bbox 3316 4866 3442 4946; x_wconf 86' lang='lat' dir='ltr'><strong>sq.)</strong></span> <span class='ocrx_word' id='word_1_711' title='bbox 3498 4859 3787 4924; x_wconf 85' lang='lat' dir='ltr'><strong>Stobaeus</strong></span> <span class='ocrx_word' id='word_1_712' title='bbox 3815 4860 4080 4949; x_wconf 86' lang='lat' dir='ltr'><strong>Eclogg.</strong></span> 
     </span>
     <span class='ocr_line' id='line_1_94' title="bbox 2392 4964 4087 5050; baseline 0.002 -21"><span class='ocrx_word' id='word_1_713' title='bbox 2392 4966 2452 5029; x_wconf 93' lang='lat' dir='ltr'><strong>I.</strong></span> <span class='ocrx_word' id='word_1_714' title='bbox 2491 4986 2590 5029; x_wconf 87' lang='lat'><strong>11.</strong></span> <span class='ocrx_word' id='word_1_715' title='bbox 2630 4983 2727 5029; x_wconf 83' lang='lat'><strong>12.</strong></span> <span class='ocrx_word' id='word_1_716' title='bbox 2775 4987 2837 5050; x_wconf 86' lang='lat' dir='ltr'><strong>p.</strong></span> <span class='ocrx_word' id='word_1_717' title='bbox 2878 4964 3021 5048; x_wconf 87' lang='grc'>298.</span> <span class='ocrx_word' id='word_1_718' title='bbox 3057 4986 3228 5050; x_wconf 89' lang='lat' dir='ltr'><strong>sqq.:</strong></span> <span class='ocrx_word' id='word_1_719' title='bbox 3279 4965 3910 5047; x_wconf 80' lang='grc' dir='ltr'>Πυθαγόρας-ἀρχὰς</span> <span class='ocrx_word' id='word_1_720' title='bbox 3951 4966 4087 5033; x_wconf 78' lang='grc' dir='ltr'>τοὺς</span> 
     </span>
     <span class='ocr_line' id='line_1_95' title="bbox 2391 5064 4083 5151; baseline -0.002 -18"><span class='ocrx_word' id='word_1_721' title='bbox 2391 5068 2758 5151; x_wconf 84' lang='grc' dir='ltr'>ἆριθμοὺς-</span> <span class='ocrx_word' id='word_1_722' title='bbox 2772 5072 2963 5130; x_wconf 79' lang='grc' dir='ltr'>καλεῖ.</span> <span class='ocrx_word' id='word_1_723' title='bbox 3053 5064 3360 5131; x_wconf 90' lang='lat' dir='ltr'><strong>Consulto</strong></span> <span class='ocrx_word' id='word_1_724' title='bbox 3405 5066 3484 5130; x_wconf 85' lang='lat' dir='ltr'><strong>ad</strong></span> <span class='ocrx_word' id='word_1_725' title='bbox 3536 5066 3720 5129; x_wconf 86' lang='lat' dir='ltr'><strong>finem</strong></span> <span class='ocrx_word' id='word_1_726' title='bbox 3775 5068 4083 5130; x_wconf 87' lang='lat' dir='ltr'><strong>reservavi</strong></span> 
     </span>
     <span class='ocr_line' id='line_1_96' title="bbox 2391 5168 4089 5256; baseline 0 -22"><span class='ocrx_word' id='word_1_727' title='bbox 2391 5171 2526 5235; x_wconf 83' lang='lat' dir='ltr'><strong>haec</strong></span> <span class='ocrx_word' id='word_1_728' title='bbox 2554 5170 2633 5235; x_wconf 90' lang='lat' dir='ltr'><strong>ad</strong></span> <span class='ocrx_word' id='word_1_729' title='bbox 2671 5169 3024 5234; x_wconf 86' lang='lat' dir='ltr'><strong>universum</strong></span> <span class='ocrx_word' id='word_1_730' title='bbox 3066 5169 3184 5233; x_wconf 91' lang='lat' dir='ltr'><strong>hoc</strong></span> <span class='ocrx_word' id='word_1_731' title='bbox 3221 5184 3413 5256; x_wconf 90' lang='lat' dir='ltr'><strong>caput</strong></span> <span class='ocrx_word' id='word_1_732' title='bbox 3451 5168 3839 5256; x_wconf 83' lang='lat' dir='ltr'><strong>pertinentia.</strong></span> <span class='ocrx_word' id='word_1_733' title='bbox 3931 5170 4089 5234; x_wconf 92' lang='lat' dir='ltr'><strong>Pro-</strong></span> 
     </span>
     <span class='ocr_line' id='line_1_97' title="bbox 2390 5270 4087 5360; baseline -0.001 -22"><span class='ocrx_word' id='word_1_734' title='bbox 2390 5274 2525 5338; x_wconf 87' lang='lat' dir='ltr'><strong>clus</strong></span> <span class='ocrx_word' id='word_1_735' title='bbox 2551 5274 2614 5337; x_wconf 89' lang='lat' dir='ltr'><strong>in</strong></span> <span class='ocrx_word' id='word_1_736' title='bbox 2642 5270 2871 5337; x_wconf 89' lang='lat' dir='ltr'><strong>Theol.</strong></span> <span class='ocrx_word' id='word_1_737' title='bbox 2907 5270 3071 5335; x_wconf 86' lang='lat' dir='ltr'><strong>Plat.</strong></span> <span class='ocrx_word' id='word_1_738' title='bbox 3102 5273 3215 5336; x_wconf 93' lang='lat' dir='ltr'><strong>IV.</strong></span> <span class='ocrx_word' id='word_1_739' title='bbox 3246 5290 3345 5338; x_wconf 84' lang='grc'>22.</span> <span class='ocrx_word' id='word_1_740' title='bbox 3376 5296 3440 5360; x_wconf 92' lang='lat' dir='ltr'><strong>p.</strong></span> <span class='ocrx_word' id='word_1_741' title='bbox 3466 5291 3616 5358; x_wconf 69' lang='grc'>2311</span> <span class='ocrx_word' id='word_1_742' title='bbox 3653 5273 3783 5335; x_wconf 81' lang='grc' dir='ltr'>ἐπεὶ</span> <span class='ocrx_word' id='word_1_743' title='bbox 3812 5273 3878 5335; x_wconf 78' lang='grc' dir='ltr'>δὲ</span> <span class='ocrx_word' id='word_1_744' title='bbox 3907 5278 4087 5337; x_wconf 82' lang='grc' dir='ltr'>Πλω-</span> 
     </span>
     <span class='ocr_line' id='line_1_98' title="bbox 2391 5373 4089 5461; baseline 0 -20"><span class='ocrx_word' id='word_1_745' title='bbox 2391 5383 2552 5443; x_wconf 84' lang='grc' dir='ltr'>τῖνος</span> <span class='ocrx_word' id='word_1_746' title='bbox 2580 5376 2685 5439; x_wconf 85' lang='grc' dir='ltr'>τὸν</span> <span class='ocrx_word' id='word_1_747' title='bbox 2714 5374 2964 5457; x_wconf 80' lang='grc' dir='ltr'>ἀριθμὸν</span> <span class='ocrx_word' id='word_1_748' title='bbox 2983 5373 3097 5456; x_wconf 79' lang='grc' dir='ltr'><strong>πρὸ</strong></span> <span class='ocrx_word' id='word_1_749' title='bbox 3127 5379 3232 5439; x_wconf 83' lang='grc' dir='ltr'><strong>τοῦ</strong></span> <span class='ocrx_word' id='word_1_750' title='bbox 3263 5376 3553 5452; x_wconf 75' lang='grc' dir='ltr'>αὖτοζῶου</span> <span class='ocrx_word' id='word_1_751' title='bbox 3580 5377 3821 5446; x_wconf 88' lang='grc' dir='ltr'>τίθεται,</span> <span class='ocrx_word' id='word_1_752' title='bbox 3849 5378 3944 5441; x_wconf 81' lang='grc' dir='ltr'>καὶ</span> <span class='ocrx_word' id='word_1_753' title='bbox 3973 5386 4089 5461; x_wconf 86' lang='grc' dir='ltr'><strong>φη-</strong></span> 
     </span>
     <span class='ocr_line' id='line_1_99' title="bbox 2393 5477 4090 5561; baseline 0.002 -19"><span class='ocrx_word' id='word_1_754' title='bbox 2393 5480 2494 5544; x_wconf 88' lang='grc' dir='ltr'>σὶν</span> <span class='ocrx_word' id='word_1_755' title='bbox 2522 5479 2590 5542; x_wconf 85' lang='grc' dir='ltr'><strong>τὸ</strong></span> <span class='ocrx_word' id='word_1_756' title='bbox 2621 5477 2693 5543; x_wconf 78' lang='grc' dir='ltr'>ὃν</span> <span class='ocrx_word' id='word_1_757' title='bbox 2720 5479 3053 5560; x_wconf 76' lang='grc' dir='ltr'>πρώτιστον</span> <span class='ocrx_word' id='word_1_758' title='bbox 3080 5477 3370 5560; x_wconf 81' lang='grc' dir='ltr'>παράγειν</span> <span class='ocrx_word' id='word_1_759' title='bbox 3398 5477 3502 5561; x_wconf 78' lang='grc' dir='ltr'><strong>ἀφ’</strong></span> <span class='ocrx_word' id='word_1_760' title='bbox 3536 5482 3746 5544; x_wconf 83' lang='grc' dir='ltr'>ἑαυτοῦ</span> <span class='ocrx_word' id='word_1_761' title='bbox 3782 5477 3888 5543; x_wconf 84' lang='grc' dir='ltr'>τὸν</span> <span class='ocrx_word' id='word_1_762' title='bbox 3927 5482 4090 5560; x_wconf 82' lang='grc' dir='ltr'>ἀριθ-</span> 
     </span>
    </p>
   </div>
   <div class='ocr_carea' id='block_1_15' title="bbox 2545 5574 2761 5640">
    <p class='ocr_par' dir='ltr' id='par_1_20' title="bbox 2545 5574 2761 5640">
     <span class='ocr_line' id='line_1_100' title="bbox 2545 5574 2761 5640; baseline -0.014 0"><span class='ocrx_word' id='word_1_763' title='bbox 2545 5574 2761 5640; x_wconf 76' lang='grc'>3112</span> 
     </span>
    </p>
   </div>
  </div>
 </body>
</html>
