5118 6613
1390 473 1748 540 LIB.V1.
1797 476 2261 541 ENNEAD.
2309 477 2702 545 SEXTAE.
2750 502 2817 569 p.
2855 495 3304 566 1230—1233.

595 645 822 734 Eclog.
857 645 913 711 1.
951 666 1048 712 11.
1087 663 1184 733 13.
1216 668 1279 735 p.
1302 665 1455 734 302.
1488 649 1761 713 Heeren.
1793 649 1964 713 unde
1995 648 2127 714 haec
2157 663 2293 715 tan-

594 749 919 816 tummodo
962 749 1290 838 decerpam
1322 775 1339 815 :
1404 754 1437 815 ὁ
1490 754 1555 816 δὲ
1607 753 2024 836 (Πυθαγόρας)
2073 753 2177 817 οὐκ
2228 755 2292 832 ἐξ

594 856 859 936 ἀριθμοῦ,
892 856 1040 917 κατὰ
1083 856 1148 917 δὲ
1193 854 1439 936 ἀριθμὸν
1478 854 1655 937 ἔλεγε
1698 854 1895 920 πάντα
1934 858 2284 939 γίγνεσθαιε

594 962 639 996 “
660 954 777 1020 Ille
807 978 955 1019 vero
980 978 1108 1020 non
1137 977 1217 1021 ea·
1246 959 1549 1032 numeris,
1571 958 1683 1021 sed
1709 958 2049 1022 secundum
2078 979 2290 1022 nume-

593 1079 697 1124 ros
724 1057 869 1122 oriri
900 1073 1126 1124 cuncta
1152 1058 1455 1125 dicebat.”
1522 1059 1645 1124 Sed
1676 1059 1836 1125 illud
1865 1061 2286 1148 fragmentum

593 1182 708 1248 pro
738 1160 952 1248 spurio
979 1178 1145 1226 recte
1176 1161 1365 1226 habet
1396 1163 1686 1228 Brandis.
1719 1163 1760 1228 l.
1785 1163 1827 1227 Ι.
1858 1188 1920 1252 p.
1952 1185 2099 1246 214.
2168 1165 2289 1228 Ve-

592 1264 697 1329 nio
721 1264 803 1328 ad
836 1262 1177 1329 Platonem.
1226 1264 1349 1343 Qui
1377 1264 1633 1352 quidem
1663 1289 1807 1331 cum
1837 1266 1898 1330 in
1930 1266 2064 1332 aliis
2092 1266 2286 1345 libris,

593 1382 667 1434 ut
694 1367 774 1432 de
803 1367 1085 1456 Republ.
1119 1369 1282 1433 VII.
1316 1383 1380 1436 et
1410 1370 1610 1434 VIII.
1644 1392 1709 1458 p.
1734 1386 1885 1456 522.
1917 1394 2009 1458 sq.
2043 1385 2107 1436 et
2138 1372 2286 1455 546.

593 1469 869 1560 itemque
910 1470 990 1536 de
1031 1472 1228 1558 Legg.
1263 1473 1336 1536 V.
1385 1495 1449 1559 p.
1483 1489 1629 1555 747.
1675 1495 2079 1537 numerorum
2126 1495 2286 1559 prae-

590 1574 877 1640 stantiam
909 1574 1201 1655 celebrat,
1219 1587 1353 1638 tum
1383 1574 1446 1639 in
1477 1598 1692 1640 eorum
1725 1576 2068 1641 doctrinam
2100 1575 2288 1640 altius

592 1678 930 1756 descendit,
963 1693 1037 1742 ut
1079 1678 1141 1741 in
1175 1677 1423 1743 Timaeo
1464 1701 1530 1765 p.
1558 1698 1596 1764 3
1601 1695 1841 1764 5—37.
1876 1698 1983 1759 41.
2026 1677 2288 1765 (quibus

583 1782 732 1849 locis
773 1781 1003 1847 adhibe
1047 1781 1441 1847 Chalcidium
1484 1781 1814 1846 XXXII.
1848 1805 1983 1868 sqq.
2040 1804 2099 1868 p.
2137 1782 2286 1847 288.

584 1905 720 1974 sqq.
752 1886 849 1951 ed.
884 1887 939 1951 F
942 1885 1166 1970 abric.)
1235 1884 1358 1949 Cui
1390 1909 1454 1949 se
1482 1882 1755 1971 applicat
1784 1901 2002 1949 auctor
2039 1884 2285 1970 Epino-

587 1989 770 2054 midis
796 2013 864 2077 p.
890 2006 1034 2072 977.
1067 2012 1202 2075 sqq.
1234 1987 1330 2052 vel
1363 1988 1572 2075 potius
1603 1986 1702 2052 hic
1743 1987 2007 2074 scriptor
2042 1985 2128 2050 nil
2158 1986 2290 2052 fere

584 2092 700 2158 nisi
732 2090 1222 2181 Pythagoricum
1253 2090 1461 2155 sentit.
1556 2089 1835 2177 Respicit
1864 2089 2036 2154 hunc
2078 2089 2286 2154 locum

588 2195 886 2261 Julianus
916 2195 1271 2279 Imperator
1301 2195 1480 2259 Orat.
1514 2193 1630 2257 IV.
1662 2217 1726 2281 p.
1757 2211 1898 2278 152.
1959 2191 2284 2256 Platonem

587 2314 903 2365 auctorem
951 2296 1271 2385 appellans
1317 2296 1410 2379 (in
1456 2296 1829 2361 Parmenide
1870 2318 1938 2383 p.
1979 2316 2117 2376 144.
2147 2319 2286 2383 sqq.

584 2417 647 2468 et
674 2401 738 2465 in
771 2401 1104 2466 Theaeteto
1132 2423 1196 2488 p.
1225 2401 1365 2479 146.
1391 2405 1518 2487 sq.)
1582 2402 1732 2464 Jam
1763 2399 1813 2463 si
1843 2399 2095 2487 quaeris,
2128 2422 2287 2486 quo-

588 2505 777 2570 modo
805 2503 989 2569 Plato
1016 2526 1306 2568 numeros
1335 2502 1450 2567 sibi
1479 2502 1932 2567 informaverit:
1976 2525 2111 2567 eam
2141 2525 2287 2567 cau-

589 2631 724 2674 sam
753 2607 1031 2673 certatim
1062 2630 1266 2694 nuper
1292 2623 1643 2694 peroratam
1673 2629 1803 2670 esse
1831 2621 2109 2693 arguunt
2138 2605 2286 2670 scri-

593 2726 705 2801 pta
732 2712 903 2777 haec:
952 2709 1232 2775 Platonis
1269 2709 1350 2774 de
1388 2709 1543 2774 ideis
1582 2725 1644 2775 et
1689 2708 1963 2774 numeris
2007 2709 2289 2774 doctrina

594 2838 674 2881 ex
705 2813 1045 2881 Aristotele
1085 2813 1394 2878 illustrata
1432 2836 1470 2877 a
1500 2813 1609 2876 Fr.
1635 2815 1719 2876 A.
1746 2811 2288 2901 Trendelenburg.

596 2919 773 3008 Lips.
801 2920 985 2983 1826.
1031 2916 1285 2981 Ernesti
1309 2913 1647 2980 Reinholdi
1681 2915 1980 3002 Symbola
2007 2914 2085 2980 ad
2119 2914 2290 2981 illus-

593 3021 880 3088 trandam
892 3020 1352 3110 Pythagoream
1366 3018 1890 3106 Metaphysicam.
1905 3020 1952 3082 J
1956 3041 2090 3082 enae
2105 3039 2130 3083 1
2144 3019 2287 3102 827.

595 3140 660 3191 et
689 3126 841 3190 Chr.
867 3128 1042 3210 Aug.
1090 3120 1402 3187 Brandisii
1426 3120 1714 3187 Diatribe
1742 3120 1823 3184 de
1856 3120 2114 3208 perditis
2144 3120 2292 3185 Ari.

594 3227 830 3295 stotelis
869 3226 1044 3291 libris
1083 3224 1164 3290 de
1196 3224 1368 3289 Ideis
1410 3238 1472 3289 et
1516 3223 1597 3288 de
1628 3226 1810 3288 Bono
1849 3224 1978 3289 sive
2007 3224 2288 3290 Philoso-

598 3333 765 3420 phia.
800 3334 1060 3397 Bonnae.
1087 3330 1272 3415 1823.
1361 3330 1581 3414 Atque
1608 3326 1710 3393 hic
1737 3327 1991 3414 quidem
2024 3328 2118 3392 vir
2144 3327 2291 3394 doc-

596 3454 701 3503 tus
726 3459 792 3524 p.
816 3455 924 3522 33.
948 3433 1084 3498 haec
1111 3431 1349 3520 posuit:
1385 3438 1429 3470 “
1452 3430 1517 3495 Si
1545 3432 1797 3495 ’lameri
1824 3430 2019 3518 igitur
2046 3453 2291 3496 summa

592 3562 802 3606 rerum
833 3535 1135 3625 principia
1162 3549 1331 3611 sunt,
1360 3532 1598 3622 quippe
1627 3533 1739 3620 qui
1767 3532 2061 3622 simplicis
2099 3546 2283 3598 natu·

594 3666 684 3709 1·oe
725 3655 1035 3717 maneant,
1064 3636 1302 3703 etiamsi
1344 3651 1550 3701 cetera
1590 3635 1892 3700 tollantur
1933 3635 2141 3700 omnia
2171 3636 2286 3719 (sic

597 3745 760 3812 enim
810 3742 1016 3832 pergit
1064 3740 1341 3806 Platonis
1391 3738 1804 3822 ratiocinatio)
1852 3740 2011 3804 ἰάσω
2051 3761 2287 3827 quoque

595 3850 683 3915 ad
709 3870 809 3913 eos
835 3845 1181 3932 rqfermdae
1205 3852 1375 3908 sunt.
1455 3843 1780 3908 Platonem
1807 3842 1982 3907 ideae
2007 3843 2287 3907 docuisse

594 3972 889 4016 numeros
930 3969 1060 4013 ease
1101 3945 1331 4034 saepius
1374 3958 1635 4010 testatur
1665 3943 2056 4024 Aristoteles,
2091 3968 2282 4032 quam

593 4068 671 4119 ut
696 4074 902 4140 operae
929 4048 1199 4138 pretium
1230 4047 1308 4113 sit
1336 4069 1696 4112 coacervare
1739 4045 1872 4110 loca
1914 4046 2278 4133 probantia:

593 4178 669 4221 ac
707 4170 875 4220 recte
905 4151 1113 4218 Graeci
1148 4150 1516 4237 interpretes
1558 4148 1693 4235 ejus
1725 4147 1927 4211 verbis
1957 4148 2277 4236 (Metaph.

599 4259 815 4323 XIII.
847 4277 908 4341 9.
941 4278 1005 4343 p.
1033 4273 1176 4340 234.
1208 4258 1309 4338 5.)
1357 4255 1391 4316 ὁ
1435 4254 1500 4316 δὲ
1543 4257 1768 4335 πρῦτος
1813 4248 2061 4332 θέμενος
2101 4251 2177 4315 τά
2217 4278 2284 4317 τε

598 4365 721 4440 εἴδη
749 4360 885 4426 τοὺς
912 4356 1189 4441 ἀριθμοὺς
1208 4354 1722 4442 philosophorum
1743 4354 1918 4418 illum
1942 4353 2283 4442 principem

592 4463 904 4530 affirmant
931 4459 1259 4547 significari
1283 4456 1959 4542 (Pseudo-Alexander
1987 4472 2051 4521 et
2079 4456 2287 4545 Syria-

598 4588 719 4631 nus
743 4563 809 4628 in
839 4563 1044 4628 Arist.
1076 4560 1369 4648 Metaph.
1402 4560 1442 4625 l.
1468 4560 1578 4646 l.”)
1645 4562 1799 4626 Post
1829 4560 2152 4625 Platonem
2185 4584 2288 4625 ve-

598 4668 745 4735 teris
772 4664 1133 4732 Academiae
1162 4663 1514 4753 philosophi
1545 4664 1936 4752 Speusippus
1969 4678 2033 4727 et
2062 4663 2283 4728 Xeno-

594 4786 794 4838 crates
820 4770 885 4834 in
914 4790 1316 4833 numerorum
1344 4767 1626 4832 doctrina
1654 4766 2044 4833 elaborarant
2076 4765 2282 4849 (The-

593 4871 875 4962 ophrasti
906 4869 1344 4958 Metaphysica
1369 4892 1430 4956 p.
1459 4885 1605 4955 255.
1650 4867 2019 4933 Alexander
2045 4867 2109 4931 in
2139 4867 2288 4932 Ari-

597 4974 802 5042 stotel.
849 4973 1242 5059 Metapbyss.
1292 4971 1511 5036 XIII.
1546 4972 1609 5036 6.
1657 4970 1741 5036 cf.
1787 4968 2100 5035 Brandisii
2140 4967 2282 5034 libr.

596 5077 881 5168 proxime
927 5074 1251 5140 laudatum
1295 5096 1359 5161 p.
1389 5092 1494 5158 45.
1526 5097 1622 5161 sq.
1665 5094 1733 5160 p.
1771 5078 1874 5138 60.
1918 5075 2047 5160 sq.)
2152 5073 2289 5136 Nec

596 5180 1010 5270 posteriorum
1037 5176 1414 5241 familiarum
1452 5191 1780 5242 sectatores
1806 5176 1969 5241 hanc
1996 5173 2284 5262 disquisi-

597 5284 828 5351 tionem
872 5280 1329 5367 neglexerunt;
1391 5279 1562 5367 quod
1607 5279 1709 5344 vel
1755 5282 2077 5367 Excerpta
2117 5276 2289 5342 varia

597 5386 825 5452 docent
850 5407 892 5449 a
919 5383 1170 5448 Stoboeo
1211 5381 1486 5449 exhibita
1525 5381 1592 5447 in
1636 5381 1893 5469 Eclogis
1922 5382 1981 5447 Ι.
2015 5401 2071 5449 2.
2108 5380 2169 5445 8.
2211 5402 2278 5467 p.

604 5490 877 5570 18—24.
908 5487 1102 5552 Heer.
1154 5484 1634 5575 Pythagoricam
1666 5483 2177 5573 Platonicamque
2202 5482 2285 5549 de

3952 486 4080 571 367

2379 649 2657 716 numeris
2719 649 3065 715 doctrinam
3128 651 3418 716 funditus
3481 665 3759 718 evertere
3822 656 4081 724 molitur

2380 755 2613 820 Sextus
2629 752 2990 840 Empiricus
3020 777 3163 818 cum
3195 754 3339 819 alibi
3373 773 3510 821 tum
3539 757 3885 844 proesertim
3916 761 4080 827 binis

2375 856 2928 945 disputationibus,
2973 881 3118 943 quae
3160 858 3296 940 περὶ
3339 860 3587 941 ἀριθμοῦ
3628 859 4077 944 inscribuntur,
4204 901 4211 906 ι

2372 960 2437 1024 in
2471 960 2826 1047 Pyrrhonn.
2861 961 3243 1047 Hypotypp.
3277 962 3417 1027 111.
3465 963 3565 1027 18.
3610 985 3676 1049 p.
3714 967 4073 1045 164—168.

2375 1064 2622 1129 Fabric.
2669 1077 2734 1127 et
2774 1062 2921 1127 adv.
2971 1057 3372 1128 Mathema'tt.
3408 1065 3501 1131 X.
3535 1086 3601 1145 4.
3649 1069 3710 1151 ξ.
3744 1071 3891 1148 248.
3937 1094 4077 1158 sqq.

2373 1190 2439 1254 p.
2473 1168 2838 1251 674—684.
2886 1169 3125 1230 Contra
3160 1165 3344 1230 Philo
3371 1168 3418 1230 J
3423 1166 3644 1232 udaeus
3672 1191 3815 1233 cum
3846 1169 3910 1234 in
3942 1171 4079 1236 aliis

2372 1270 2568 1350 libris,
2594 1288 2727 1334 tum
2754 1271 2855 1334 De
2881 1269 3115 1333 Mundi
3143 1268 3413 1357 Opificio
3439 1292 3502 1356 p.
3527 1289 3629 1336 21.
3650 1294 3787 1358 sqq.
3824 1275 4074 1363 Mang,

2375 1395 2775 1438 numerorum
2811 1372 3153 1437 doctrinam
3198 1372 3282 1436 ad
3326 1372 3545 1438 mundi
3589 1374 3969 1441 incunabula
4007 1378 4072 1443 in

2376 1476 2609 1541 Genesi
2639 1476 2888 1563 prodita
2916 1475 3285 1563 explicanda
3313 1475 3625 1541 adhibuit.
3671 1478 4074 1546 Recentiores

2377 1579 2681 1644 Platonici
2736 1579 3018 1644 nonnulli
3073 1579 3618 1668 Pythagoreorum
3671 1581 3754 1647 de
3799 1585 4076 1648 numeris

2371 1682 2715 1748 doctrinam
2769 1683 2984 1747 eadem
3040 1684 3342 1748 sententia
3397 1683 3704 1772 accepisse
3756 1685 4073 1764 videntur,

2372 1800 2563 1873 atque
2594 1786 2883 1864 Theano,
2916 1809 3061 1873 quae
3089 1785 3347 1873 quidem
3375 1786 3574 1852 videri
3604 1788 3768 1867 vult,
3803 1789 3867 1854 in
3901 1791 4070 1878 frag·

2376 1905 2587 1953 mento
2630 1911 2820 1975 supra
2863 1888 3117 1953 laudato
3160 1888 3404 1976 accipit.
3496 1890 3637 1974 (Cf.
3673 1892 3941 1958 Brandis
3970 1896 4073 1959 De

2378 1991 2757 2079 Pythagorr.
2780 2008 2846 2057 et
2870 1990 3275 2056 Platonicorr.
3307 1992 3580 2057 numeris
3607 2017 3675 2082 p.
3699 2001 3879 2080 214.)
3928 1998 4075 2084 Ego

2377 2093 2584 2159 Procli
2628 2110 2691 2158 et
2733 2094 3166 2182 Olympiodori
3213 2095 3291 2159 de
3333 2094 3610 2159 numeris
3640 2096 4077 2185 Pythagoricis

2378 2197 2539 2260 locos
2569 2213 2892 2284 excerptos
2919 2196 3174 2261 exhibui
3207 2220 3399 2285 supra
3425 2196 3507 2261 ad
3540 2198 3613 2261 V.
3652 2218 3710 2261 1.
3739 2215 3804 2285 5.
3839 2224 3901 2288 p.
3922 2202 4069 2280 486.

2376 2303 2461 2364 A.
2515 2300 2694 2364 Alios
2732 2299 2929 2364 Procli
2956 2299 3144 2378 locos,
3173 2299 3235 2363 in
3266 2298 3500 2387 quibus
3530 2300 3723 2389 hujus
3752 2300 3894 2366 libri
3927 2301 4072 2369 Plo-

2341 2402 2590 2490 „tiniani
2623 2403 2852 2467 mentio
2881 2402 2977 2481 fit,
3008 2402 3173 2467 infra
3203 2402 3474 2468 laudabo
3502 2403 3585 2468 ad
3613 2426 3675 2491 p.
3701 2404 3848 2487 678.
3939 2406 4070 2472 Hic

2374 2527 2570 2570 unum
2593 2505 2749 2570 illud
2780 2505 3031 2582 addam,
3054 2505 3228 2593 quod
3255 2504 3515 2571 Proclus
3536 2505 3602 2570 in
3627 2506 3829 2574 Instit.
3848 2508 4070 2574 Theol.

2371 2632 2425 2673 c.
2462 2627 2600 2693 113.
2631 2630 2960 2672 numerum
3006 2606 3253 2672 dixerat
3293 2606 3578 2672 divinum
3613 2611 3676 2690 (ὁ
3706 2613 3863 2678 θεῖος
3907 2613 4067 2693 ἀριθ-

2370 2708 2530 2794 μὸς),
2564 2709 2681 2775 hoc
2711 2708 2958 2774 nomine
2999 2709 3275 2795 graviter
3303 2708 3782 2795 reprehenditur
3810 2734 3849 2775 a
3877 2713 3940 2776 N
3946 2712 4067 2777 ico-

2370 2811 2471 2876 lao
2490 2812 2889 2877 Methonensi
2918 2812 2980 2876 in
3011 2811 3367 2892 Ἀναπτύξει
3386 2817 3488 2892 τῆς
3511 2818 3883 2897 Θεολογικῆς
3903 2822 4072 2880 Στοι-

2374 2918 2674 2999 χειώσεως
2711 2918 2808 3003 (p.
2838 2934 2979 2996 140.
3011 2939 3108 3003 sq.
3140 2914 3495 2999 Voemelii)‚
3537 2915 3648 3003 qui
3687 2939 3936 2982 omnem
3980 2919 4070 2983 la-

2375 3017 2588 3105 pidem
2648 3033 2876 3097 movet,
2938 3033 3011 3084 ut
3064 3033 3283 3083 eontra
3338 3018 3619 3084 ethnicos
3674 3019 4075 3110 philosophos

2381 3119 2798 3186 Christianam
2845 3122 2964 3186 Dei
3010 3121 3199 3186 unius
3245 3138 3310 3187 et
3356 3122 3686 3188 Trinitatis
3727 3123 4072 3191 doctrinam

2379 3237 2655 3288 tueatur.

2461 3351 2523 3415 p.
2556 3347 2743 3413 1230,
2776 3348 2839 3410 9.
2869 3325 3008 3411 Ἆρ’
3041 3329 3171 3393 ἔστι
3213 3329 3282 3393 τὸ
3324 3333 3552 3408 πλῆθος
3594 3330 3925 3399 ἀπόστασις
3966 3337 4073 3396 τοῦ

2376 3428 2527 3504 ἑνὸς,
2564 3431 2659 3495 καὶ
2684 3432 2722 3511 ἡ
2751 3432 2986 3512 ἀπειρία
3029 3432 3361 3498 ἀπόστασις
3401 3431 3881 3510 παντελὴς-καὶ
3906 3435 4071 3513 ἡμεῖς

2374 3535 2540 3598 κακοὶ
2568 3535 2714 3597 ὅταν
2740 3535 2993 3621 πλῆθος]
3042 3533 3200 3619 Conj
3211 3547 3396 3597 uncta
3423 3532 3558 3597 haec
3586 3547 3736 3597 sunt
3765 3556 3909 3598 cum
3938 3537 4069 3623 Py.

2373 3635 2858 3723 thagoricorum,
2888 3634 3296 3723 inprimisque
3324 3634 3594 3700 Philolai
3630 3635 3913 3700 doctrina
3951 3645 4069 3703 τῶν

2371 3741 2772 3822 περαινόντων
2821 3740 2918 3802 καὶ
2967 3739 3226 3821 ἀπείρων
3272 3752 3335 3802 et
3383 3737 3663 3803 Platonis
3707 3738 3787 3803 de
3835 3739 4063 3822 πέρατι,

2369 3842 2545 3930 quod
2574 3841 2679 3906 ille
2705 3841 2767 3906 in
2801 3839 3065 3905 Philebo
3094 3865 3160 3927 p.
3188 3861 3291 3925 91.
3320 3840 3487 3905 idem
3516 3864 3648 3906 esse
3685 3841 3836 3907 dicit
3876 3858 4066 3930 atque

2368 3944 2437 4009 τὸ
2488 3945 2554 4009 ἓν
2602 3942 2759 4027 (vid.
2807 3942 3106 4009 Boeckhii
3156 3943 3510 4008 Philolaum
3563 3966 3625 4032 p.
3657 3964 3767 4030 45.
3816 3968 3951 4033 sqq.
4003 3962 4069 4010 et

2371 4046 2660 4111 Brandis.
2708 4045 2790 4110 de
2838 4046 3172 4110 Numeror.
3220 4046 3420 4111 doctr.
3467 4070 3533 4134 p.
3578 4065 3720 4114 221.
3769 4071 3908 4135 sqq.
3957 4048 4069 4114 ubi

2368 4149 2551 4214 etiam
2587 4148 2946 4213 Aristotelis
2990 4149 3107 4214 hoc
3149 4148 3230 4215 de
3272 4149 3581 4238 principio
3610 4151 3929 4216 sententias
3971 4169 4067 4217 at—

2370 4251 2755 4339 tinguntur.)
2846 4252 2906 4316 E
2944 4251 3388 4317 recentioribus
3417 4251 3751 4317 Platonicis
3793 4253 3918 4319 huc
3959 4255 4070 4319 ad-

2369 4353 2634 4419 vocandi
2667 4369 2817 4418 sunt
2846 4354 3108 4419 Proclus
3137 4356 3201 4419 in
3228 4354 3441 4419 Alcib.
3464 4379 3558 4443 pr.
3588 4378 3656 4443 p.
3677 4375 3787 4442 50.
3817 4373 3882 4421 et
3907 4348 4068 4445 pras-

2371 4458 2582 4523 sertim
2625 4480 2695 4544 p.
2734 4474 3139 4542 245—250.·
3201 4457 3384 4522 Idem
3427 4458 3492 4522 in
3540 4459 3699 4524 Inst.
3730 4459 3958 4524 Theol.
4003 4484 4061 4525 c.

2372 4562 2590 4627 XIII.
2622 4583 2689 4648 p.
2718 4578 2996 4642 22—24.
3027 4560 3202 4648 quod
3229 4560 3317 4626 ita
3340 4559 3689 4626 clauditur:
3738 4562 3907 4627 ἔστιν
3948 4564 4064 4645 ἆρα

2371 4666 2467 4729 καὶ
2492 4666 2530 4745 ἡ
2559 4661 2853 4747 ἀγαθότης
2894 4664 3125 4735 ἕνωσις.
3160 4663 3257 4727 καὶ
3294 4664 3331 4743 ἦ
3369 4664 3580 4732 ἕνωσις
3622 4661 3933 4746 ἀγαθότης,
3968 4667 4064 4729 καὶ

2370 4767 2439 4832 τὸ
2470 4764 2701 4850 ἀγαθὸν
2730 4767 2817 4841 ἓν,
2851 4768 2947 4831 καὶ
2973 4763 3042 4830 τὸ
3084 4766 3152 4831 ἓν
3178 4768 3419 4849 πρῶτως
3462 4763 3720 4849 ἀγαθόνε
3772 4765 3881 4831 ubi
3922 4766 4060 4831 lau-

2370 4870 2516 4934 davi
2548 4868 2876 4957 Porphyrii
2909 4871 3212 4933 Sententt.
3248 4869 3683 4933 XXXVIII.
3721 4868 3803 4932 de
3842 4868 4060 4933 Absti-

2371 4986 2540 5036 nent.
2569 4973 2626 5037 I.
2660 4974 2762 5038 28.
2797 4971 3126 5037 Iamblich.
3155 4972 3291 5054 περὶ
3319 4976 3511 5052 κοινῆς
3537 4975 3935 5052 μαθηματικῆς
3963 4974 4064 5036 ἐπ-

2373 5074 2618 5155 ιστήμης
2641 5074 2707 5139 in
2740 5075 3060 5140 Villoison.
3089 5075 3427 5140 Anecdott.
3462 5075 3562 5138 ΙΙ.
3594 5097 3658 5160 p.
3688 5089 3827 5158 195.
3860 5097 3953 5160 sq.
3999 5089 4062 5139 et

2370 5176 2579 5264 ipsum
2606 5177 2925 5243 Plotinum
2955 5201 3018 5265 p.
3051 5197 3191 5263 199.
3217 5180 3302 5242 A.
3341 5201 3402 5265 p.
3427 5194 3575 5262 524.
3602 5198 3697 5262 sq.
3730 5178 3947 5263 p.667.
3970 5201 4061 5265 sq.

2369 5294 2542 5469 ets-’⁰1
2555 5280 2704 5467 Ξξὲ,
2723 5399 2820 5461 14.
2848 5380 3061 5463 φεύγει
3089 5382 3154 5444 δὲ
3182 5380 3288 5445 οὐκ
3317 5383 3400 5449 εἷς
3426 5378 3613 5445 τόπον
3639 5378 4059 5447 ἄλλου-ἀλλ,

2366 5484 2514 5550 ὅταν
2562 5486 2711 5571 ἁλῷ.
2752 5482 2978 5562 ὑπέστη
3028 5480 3235 5569 τόπος]
3294 5485 3466 5549 Fons
3507 5480 3949 5570 disputationis
3997 5484 4062 5563 in
