5118 6613
1040 509 1164 575 270

1044 661 1498 752 (quemqlocum
1529 660 1725 727 codex
1758 675 1968 726 noster
1993 660 2736 726 Palatino—Heidelber-

1041 767 1250 855 gensis
1278 767 1364 831 N.
1390 782 1535 849 292.
1566 763 1676 828 fol.
1707 764 1807 848 65.
1842 786 1996 827 νοτε.
2030 762 2089 826 in
2134 763 2469 852 Excerptis
2506 763 2732 828 habet:

1044 873 1137 935 ὅτι
1187 870 1289 934 δύο
1342 867 1520 951 ἀρχαὶ
1569 869 1716 930 κατὰ
1774 866 2095 940 Πλάτωνα,
2145 867 2278 934 θεὸς
2326 869 2421 931 καὶ
2465 870 2607 949 ὕλη)
2657 868 2737 932 ad

1042 996 1231 1062 quem
1262 971 1463 1036 locum
1497 970 1719 1035 Merici
1760 970 2113 1035 Casauboni
2160 988 2221 1035 et
2266 972 2545 1059 Menagii
2592 971 2735 1036 dili-

1045 1072 1258 1166 gentia
1285 1074 1699 1163 copiosissime
1728 1074 2110 1162 suppeditat,
2130 1074 2442 1162 quidquid
2467 1074 2546 1139 ad
2580 1076 2737 1139 hanc

1043 1178 1516 1267 discrepantiam
1540 1177 2026 1265 cognoscendam
2048 1178 2249 1242 facere
2270 1178 2536 1243 videtur.
2609 1179 2735 1243 Ne-

1041 1306 1167 1371 que
1197 1296 1402 1347 tamen
1433 1279 1811 1345 consuluisse
1854 1302 2229 1367 quemquam
2264 1281 2562 1368 poeniteat
2605 1283 2737 1346 Ga-

1043 1387 1211 1452 leum
1240 1385 1324 1449 ad
1362 1382 1695 1448 Iamblich.
1741 1382 1820 1447 de
1865 1385 2131 1471 Myster.
2179 1383 2639 1448 Cudworthum
2677 1400 2739 1447 et

1045 1488 1470 1554 Moshemium
1520 1486 1583 1550 in
1640 1488 1987 1572 Systemate
2050 1485 2358 1552 Intellect.
2417 1511 2479 1574 p.
2524 1506 2738 1572 233—

1047 1614 1196 1674 244.
1229 1615 1291 1679 p.
1319 1592 1465 1656 660.
1487 1614 1579 1677 sq.
1610 1613 1675 1678 p.
1700 1590 1849 1672 678.
1882 1601 2012 1654 not.
2035 1591 2143 1670 48.
2179 1590 2316 1671 (ubi
2344 1589 2739 1655 Moshemius

1042 1699 1124 1763 de
1161 1695 1450 1762 universo
1489 1693 1606 1757 hoc
1647 1692 1878 1757 Plotini
1922 1691 2081 1757 libro
2113 1692 2423 1781 judicium
2466 1693 2642 1776 facit)
2676 1708 2738 1757 et

1042 1823 1104 1887 p.
1132 1799 1278 1879 884.
1368 1795 1821 1860 Ruhnkenium
1865 1794 2136 1883 denique
2180 1796 2242 1859 in
2291 1797 2739 1861 Dissertatione

1043 1902 1123 1967 de
1143 1900 1288 1966 Vita
1315 1912 1378 1964 et
1410 1898 1662 1986 Scriptt.
1690 1898 1963 1984 Longini
1999 1900 2057 1982 ξ.
2075 1920 2138 1985 5.
2175 1923 2238 1986 p.
2274 1920 2296 1961 1
2316 1921 2368 1963 1.
2390 1900 2492 1963 ed.
2517 1901 2734 1986 Toup.

1133 2004 1258 2068 His
1288 2025 1433 2066 vero
1463 2003 1539 2067 dc
1574 2001 1901 2088 Principiis
1928 2024 2152 2088 parum
2191 2001 2548 2066 convenisse
2589 2001 2731 2066 Plo·

1044 2108 1243 2173 tinum
1276 2106 1436 2170 inter
1469 2121 1530 2169 et
1560 2105 1695 2191 ejus
1723 2103 2215 2192 condiscipulum
2250 2104 2581 2191 Origenem
2616 2104 2737 2169 dis-

1039 2210 1238 2275 cimus
1259 2232 1335 2273 ex
1361 2210 1422 2273 N
1426 2207 1696 2271 otatione
1721 2206 1891 2295 apud
1918 2204 2211 2271 Proclum
2230 2205 2295 2270 in
2316 2207 2376 2271 Τ
2376 2206 2534 2271 heol.
2569 2207 2734 2271 Plat.

1047 2315 1148 2379 II.
1176 2312 1242 2393 4.
1274 2335 1339 2400 p.
1362 2332 1462 2396 90.
1540 2313 1879 2398 Apponam
1913 2308 2116 2375 locum
2146 2309 2530 2374 luculentum
2564 2325 2626 2374 et
2654 2309 2733 2373 ad

1046 2416 1322 2484 Platonis
1362 2413 1586 2503 placita
1624 2435 1744 2478 non
1783 2413 1990 2477 minus
2033 2436 2222 2500 quam
2272 2411 2503 2478 Plotini
2550 2413 2736 2500 perti-

1041 2537 1324 2587 nentem:
1377 2520 1471 2583 καὶ
1508 2518 1579 2597 δὴ
1615 2518 2012 2599 διαφερόντως
2053 2516 2381 2600 (θαυμάζω)
2411 2514 2735 2599 Ὠριγένην

1039 2627 1147 2690 τὸν
1193 2629 1274 2711 τῷ
1322 2623 1614 2708 Πλωτίνῳ
1658 2625 1758 2701 τῆς
1809 2621 1983 2700 offis·
2026 2623 2407 2704 μετασχόντα
2449 2623 2732 2688 παιδείας·

1045 2730 1139 2794 καὶ
1166 2732 1282 2811 γὰρ
1321 2728 1395 2791 αὖ
1436 2725 1529 2789 καὶ
1569 2724 1744 2791 αὐτὸς
1788 2727 1869 2791 είς
1900 2725 2005 2787 τὸν
2051 2729 2193 2787 νοῦν
2235 2728 2483 2808 τελευτᾷ
2529 2726 2625 2788 καὶ
2666 2725 2734 2787 τὸ

1041 2832 1374 2913 πρώτιστον
1404 2829 1493 2891 ὅν·
1539 2827 1607 2889 τὸ
1648 2828 1713 2891 δὲ
1758 2827 1846 2903 ἓν,
1877 2826 1945 2889 τὸ
1976 2825 2199 2894 παντὸς
2243 2830 2348 2890 νοῦ
2386 2828 2481 2889 καὶ
2513 2826 2736 2892 παντὸς

1043 2932 1318 2997 ἐπέκεινα
1345 2934 1450 2993 τοῦ
1478 2929 1650 2995 ὄντος
1692 2930 1927 3010 ἀφίησι.
1978 2930 2072 2991 καὶ
2113 2931 2167 2992 εί
2197 2930 2309 3007 μὲν
2350 2930 2426 2994 ὣς
2471 2935 2735 3009 κρεῖττον

1044 3033 1277 3113 ἁπάσης
1314 3032 1593 3114 γνώσεως
1624 3031 1718 3094 καὶ
1745 3028 1967 3096 παντὸς
1992 3031 2200 3111 λόγου,
2237 3030 2331 3093 καὶ
2368 3029 2563 3108 πάσης
2608 3031 2732 3093 ἑπι-

1039 3141 1249 3219 βολῆς,
1288 3133 1406 3200 οὔτ’
1446 3132 1521 3198 ἂν
1564 3138 1665 3212 τῆς
1708 3137 1812 3197 τοῦ
1855 3132 2183 3199 Πλάτωνος
2226 3135 2572 3211 συμφωνίας
2615 3131 2733 3197 οὔτ’

1041 3241 1117 3305 ἂν
1154 3243 1254 3320 τῆς
1296 3244 1414 3302 τῶν
1457 3235 1817 3320 πραγμάτων
1868 3238 2106 3320 φύσεως
2149 3235 2329 3299 αὐτὸν
2379 3235 2737 3318 ἁμαρτάνειν

1043 3343 1352 3426 ἐλέγομεν.
1403 3343 1457 3406 εἰ
1485 3339 1533 3406 δ’
1560 3343 1652 3405 ὅτι
1678 3345 1986 3408 παντελῶς
2027 3340 2400 3420 ἀνύπαρκτον
2428 3341 2496 3403 τὸ
2535 3341 2601 3403 ἓν
2642 3343 2736 3404 καὶ

1042 3447 1475 3522 ἀνυπόστατον,
1509 3444 1604 3509 καὶ
1626 3446 1716 3508 ὅτι
1743 3443 1812 3507 τὸ
1844 3445 2089 3526 ἄριστον
2119 3445 2152 3506 ὁ
2184 3447 2337 3516 νοῦς,
2374 3444 2469 3506 καὶ
2497 3444 2574 3510 ὡς
2602 3444 2737 3506 ταύ-

1042 3553 1148 3615 τόν
1192 3551 1321 3623 ἐστι
1355 3548 1423 3610 τὸ
1463 3548 1703 3628 πρώτως
1741 3544 1832 3620 ὃν,
1868 3545 1962 3609 καὶ
1999 3546 2067 3608 τὸ
2113 3548 2352 3627 πρώτως
2387 3546 2472 3617 ἓν,
2507 3543 2626 3609 οὔτ’
2659 3545 2737 3609 ἂν

1041 3655 1206 3733 ἡμεῖς
1260 3653 1417 3737 ἀὐτῷ
1476 3654 1660 3714 ταῦτα
1714 3646 2330 3729 συνομολογήσαιμεν,
2381 3647 2498 3712 οὔτ’
2565 3648 2638 3712 ἂν
2704 3651 2737 3712 ὁ

1044 3755 1305 3821 Πλάτων
1334 3752 1701 3831 ἀποδέξαιτο,
1737 3754 1831 3815 καὶ
1860 3757 1982 3819 τοῖς
2011 3754 2221 3815 ἑαυτοῦ
2247 3753 2558 3833 γνωρίμοις
2588 3777 2733 3815 συν-

1047 3857 1407 3941 αριθμήσειε.
1451 3857 1651 3937 πόῤῥω
1680 3856 1796 3936 γᾶρ
1829 3853 2051 3936 (οἶμαι)
2074 3853 2143 3916 τὸ
2166 3858 2394 3917 τοιοῦτο
2421 3856 2612 3936 δόγμα
2640 3858 2740 3933 τῆς

1044 3965 1150 4025 τοῦ
1192 3957 1519 4025 Πλάτωνος
1565 3957 1932 4040 φιλοσοφίας
1982 3954 2289 4036 ἐπέρηται
2338 3956 2512 4035 (fort.
2570 3957 2739 4036 ἐστή-

1046 4065 1264 4145 ρικται)
1301 4062 1395 4124 καὶ
1433 4065 1533 4139 τῆς
1569 4061 2017 4140 περιπατητικῆς
2058 4058 2510 4136 ἀναπέπλησται
2540 4085 2735 4123 καινο-

1046 4166 1270 4245 τομίας.
1319 4166 1372 4227 εΖ
1408 4166 1472 4226 δὲ
1515 4163 1729 4240 βούλει
1761 4160 1853 4222 καὶ
1883 4158 2028 4240 πρὸς
2065 4164 2258 4232 τοῦτο,
2290 4162 2384 4223 καὶ
2422 4163 2569 4242 πρὸς
2606 4162 2741 4229 τοὺς

1046 4269 1269 4334 ἄλλους
1296 4265 1577 4337 ἅπαντας,
1609 4265 1743 4326 ὅσοι
1781 4265 1881 4341 τῆς
1917 4262 2090 4340 αὐτῆς
2126 4261 2505 4341 προέστησαν
2549 4266 2735 4345 δόξης,

1047 4373 1223 4452 μικρὰ
1252 4368 1576 4447 διέλθωμεν
1602 4367 1749 4447 ὑπὲρ
1777 4367 1878 4443 τῆς
1907 4362 2235 4430 Πλάτωνος
2263 4367 2494 4445 γνώμης
2524 4372 2736 4449 διαγω-

1051 4474 1357 4551 νιζόμενοι,
1393 4470 1487 4533 καὶ
1531 4471 1875 4541 δεικνύντες,
1907 4468 2000 4530 ὅτι
2035 4465 2144 4545 τὴν
2180 4469 2513 4547 πρωτίστην
2545 4471 2740 4533 αἰτίαν

1052 4576 1325 4641 ἐπέκεινα
1347 4576 1452 4635 τοῦ
1480 4576 1585 4635 νοῦ
1616 4572 1710 4634 καὶ
1743 4576 1861 4633 τῶν
1889 4570 2079 4633 ὄντων
2108 4568 2384 4632 ἁπάντων
2423 4571 2744 4652 ἐξῃρῆσθαί

1053 4689 1222 4763 φησι,
1276 4674 1534 4756 καθάπερ
1580 4674 1757 4738 αὐτὸν
1802 4673 2111 4739 Πλωτῖνός
2152 4697 2219 4735 τε
2266 4673 2359 4736 καὶ
2398 4677 2741 4757 Πορφύριος

1056 4784 1152 4847 καὶ
1195 4780 1413 4845 πάντες
1455 4779 1512 4840 οἱ
1562 4776 1664 4855 τὴν
1707 4777 1928 4840 τούτων
1971 4774 2438 4856 παραδεξάμενοι
2483 4785 2736 4858 φιλοσο-

1054 4885 1202 4967 φίαν
1231 4884 1455 4946 οἴονται
1480 4878 1710 4959 λέγειν.
1803 4877 1999 4940 Hunc
2030 4874 2235 4940 Procli
2282 4875 2484 4940 locum
2533 4878 2741 4965 attigit

1051 4985 1237 5051 etiam
1287 4982 1586 5048 Tholuck.
1631 4979 1694 5042 in
1733 4978 1913 5056 libro,
1955 4978 2065 5065 qui
2108 4979 2460 5044 inscribitur
2503 4983 2743 5064 Ssufis-

1055 5111 1193 5154 mus
1237 5110 1303 5176 p.
1330 5104 1492 5172 203:
1542 5082 1651 5171 qui
1706 5097 1910 5145 tamen
1956 5081 2035 5146 de
2071 5081 2289 5159 causis,
2335 5107 2479 5169 quae
2525 5085 2744 5171 Orige-

1051 5214 1193 5257 nem
1241 5188 1322 5254 ad
1374 5185 1977 5276 praetermittendum
2031 5186 2242 5249 Unum
2300 5186 2463 5249 illud
2508 5188 2604 5271 (τὸ
2645 5189 2740 5272 ἓν)

1056 5288 1521 5366 commoverint,
1543 5286 1836 5351 fidentius
1856 5286 2256 5373 pronuntiare
2274 5286 2743 5376 videtur,quam

2018 488 2844 556 ANNOTATIONES
2910 491 3021 556 IN
3086 492 3536 556 PLOTINI

2825 689 2884 752 p.
2923 684 3021 749 29.
3055 680 3118 728 et
3147 688 3209 752 p.
3241 685 3345 748 49.
3383 680 3446 729 et
3488 663 3715 729 adhibe
3755 666 4153 731 Damascium
4195 668 4274 731 de
4319 667 4509 731 Prin·

2824 767 2998 855 cipiis
3040 767 3290 855 passim,
3322 767 3664 855 praesertim
3709 791 3763 832 c.
3795 789 3899 853 34.
3943 791 4010 855 p.
4036 786 4138 855 95.
4171 786 4235 835 et
4276 793 4328 834 c.
4369 791 4512 834 111.

2824 893 2887 957 p.
2915 891 3064 956 345.
3096 895 3232 958 sqq.
3262 870 3363 934 ed.
3400 871 3657 957 Koppii.
3746 872 4067 959 Excerpta
4096 896 4173 936 ex
4214 873 4330 938 hoc
4361 872 4511 937 Plo-

2826 975 3061 1039 tiniano
3105 974 3264 1039 libro
3306 974 3433 1038 suis
3470 973 3751 1038 diatribis
3789 973 4174 1041 incluserunt
4212 976 4508 1064 CyrilluS,

2826 1076 3140 1142 Eusebius
3196 1094 3260 1142 et
3321 1076 3782 1154 Theodoram,
3840 1099 3986 1163 quae
4043 1101 4158 1143 suo
4215 1079 4512 1167 quodque

2823 1179 2959 1245 loco
2978 1180 3057 1245 ad
3086 1179 3508 1244 Plotinianum
3533 1191 3800 1257 textum,
3825 1180 4036 1267 quoad
4059 1182 4196 1268 ejus
4219 1181 4348 1247 fieri
4376 1198 4513 1270 pot-

2825 1297 2940 1361 est,
2985 1282 3448 1347 emendandum
3489 1282 3910 1347 adhibuimus„
4025 1284 4284 1372 Anglice
4325 1286 4512 1351 vertit

2824 1385 2993 1451 hunc
3041 1385 3269 1450 librum
3329 1385 3462 1450 Th.
3494 1385 3735 1473 Taylor
3789 1385 3851 1450 in
3904 1386 4107 1452 Select
4151 1388 4389 1453 Works
4445 1390 4519 1453 of

2826 1488 3114 1554 Plotinus
3143 1512 3204 1577 p.
3233 1506 3374 1574 252.
3407 1513 3544 1576 sqq.

2897 1615 2960 1678 p.
2985 1594 3133 1676 896,
3166 1612 3188 1655 1
3207 1610 3233 1653 1
3249 1638 3263 1653 .
3292 1592 3330 1670 ἡ
3358 1593 3552 1671 τόλμα
3576 1593 3726 1672 καὶὴ
3748 1590 3986 1674 γένεσις
4007 1593 4153 1673 καὶὴ
4169 1596 4366 1676 πρώτη
4384 1597 4511 1659 ἑτε-

2822 1696 2995 1776 ρότης
3027 1722 3077 1758 κ.
3095 1720 3150 1758 τ.
3172 1694 3271 1782 λ.]
3321 1694 3530 1780 Supra
3573 1716 3639 1781 p.
3669 1713 3815 1775 274.
3849 1694 3932 1759 D.
3989 1711 4199 1759 nostro
4237 1697 4510 1762 restitui-

2826 1820 2964 1861 mus
2991 1801 3169 1877 τομῆς
3196 1820 3313 1885 pro
3343 1798 3578 1876 τόλμης.
3672 1798 3773 1860 De
3804 1795 3995 1884 hujus
4023 1799 4191 1863 vocis
4218 1799 4419 1864 forma
4447 1816 4510 1865 et

2822 1916 3078 1964 accentu
3125 1899 3251 1964 vid.
3308 1898 3583 1964 Lobeck.
3631 1898 3711 1963 ad
3763 1900 4102 1988 Phrynich.
4157 1925 4217 1990 p.
4250 1921 4397 1988 331.
4445 1918 4507 1968 et

2825 2002 3058 2067 Arcad.
3088 2004 3222 2085 περὶ
3249 2028 3371 2067 τον.
3403 2024 3467 2088 p.
3499 2020 3598 2065 22.
3630 2024 3696 2089 p.
3721 2005 3824 2087 96.
3859 2018 3923 2067 et
3951 2026 4014 2090 p.
4046 2024 4071 2069 1
4094 2023 4186 2070 10.
4220 2006 4319 2070 ed.
4355 2007 4509 2070 Bar-

2823 2105 2975 2169 keri.
3065 2107 3226 2170 Erat
3251 2120 3458 2169 autem
3490 2107 3685 2185 τόλμα
3723 2106 4141 2193 Pythagorica
4178 2108 4511 2196 appellatio

2820 2213 2922 2287 τῆς
2950 2208 3173 2276 δυάδος.
3252 2206 3735 2295 Theologumm.
3765 2208 4098 2274 Arithmet.
4125 2235 4185 2299 p.
4226 2232 4323 2277 10.
4354 2236 4414 2300 p.
4446 2216 4505 2277 8.

2825 2310 3027 2376 Astii:
3075 2312 3272 2393 πρώτη
3314 2315 3429 2393 γὰρ
3466 2312 3503 2391 ἡ
3548 2314 3687 2380 δυὰς
3725 2315 4073 2397 διεχώρισεν
4103 2316 4285 2395 αὐτὴν
4315 2319 4381 2381 ἐκ
4408 2321 4509 2397 τῆς

2819 2413 3091 2492 μονάδος,
3125 2414 3265 2477 ὅθεν
3295 2414 3391 2477 καὶ
3416 2415 3610 2492 τόλμα
3641 2419 3925 2479 καλεῖται.
3987 2416 4092 2479 Cf.
4127 2440 4187 2504 p.
4220 2439 4237 2481 ι
4249 2438 4312 2503 3.
4349 2420 4505 2485 Pro-

2820 2516 2953 2581 clus
2996 2515 3059 2581 in
3100 2515 3309 2580 Alcib.
3339 2537 3432 2603 pr.
3469 2516 3528 2599 §.
3560 2518 3667 2597 46.
3712 2540 3775 2604 p.
3809 2536 3946 2602 132.
3979 2518 4059 2583 ed
4101 2532 4332 2584 nostr.:
4380 2525 4413 2586 ὁ
4443 2526 4507 2587 δὲ

2823 2619 3130 2700 Σωκράτης
3157 2618 3381 2701 πλήρης
3407 2618 3520 2699 μέν
3542 2621 3672 2684 ἐστι
3699 2625 3817 2683 τῶν
3835 2621 4075 2702 ἀγαθῶν
4099 2622 4195 2686 καὶ
4214 2626 4509 2703 προτείνει

2822 2728 2901 2809 τῷ
2932 2726 3220 2809 νεανίσκῳ
3265 2722 3308 2805 ('
3319 2722 3675 2807 Αλκιβιάδῃ)
3707 2723 3814 2801 τὴν
3852 2723 4172 2803 μετάδοσιν
4215 2732 4333 2790 τῶν
4369 2729 4503 2809 ἀρε-

2821 2831 2959 2889 τῶν.
3033 2828 3184 2890 Οῒον
3213 2828 3279 2890 δὲ
3308 2825 3571 2890 κάτεισιν
3594 2828 3676 2893 εἰς
3695 2825 3803 2904 τὴν
3819 2825 3963 2908 πρὸς
3985 2828 4180 2893 ἄλλον
4202 2831 4511 2912 ἐνέργειαν

2823 2929 2918 2992 καὶ
2945 2931 3214 3009 πρόεισιν
3248 2930 3356 3010 (εἷς
3382 2926 3529 2993 add.
3556 2951 3633 2991 ex
3666 2927 3830 2993 Cod.
3853 2930 3975 3013 D.)
4006 2932 4332 3014 ὖφειμένην
4356 2936 4511 3016 κίνη-

2822 3056 2922 3094 σιν
2951 3031 3067 3094 ἀπὸ
3112 3034 3213 3109 τῆς
3248 3031 3420 3095 ἔνδον
3448 3035 3591 3110 ζωῆς
3623 3032 3718 3095 καὶ
3757 3035 3854 3096 διὰ
3892 3037 4065 3096 τοῦτο
4105 3034 4212 3113 τὴν
4251 3039 4508 3111 πρόοδον

2822 3136 3037 3212 ταύτην
3079 3135 3307 3212 τόλμαν
3357 3134 3653 3198 ἀποκαλεῖ
3685 3135 3792 3197 τὸν
3832 3137 4245 3219 Πυθαγόρειον
4288 3141 4509 3221 τρόπον

2824 3264 2875 3299 κ.
2896 3262 2947 3299 τ.
2969 3245 3029 3299 λ.
3110 3235 3463 3317 (Pertinent
3506 3235 3639 3300 haec
3690 3236 3769 3300 ad
3816 3237 4006 3303 verba
4061 3240 4331 3305 Socratis
4374 3243 4510 3329 ejus

2821 3337 3052 3425 dialogi
3099 3362 3162 3425 p.
3200 3359 3339 3418 104.
3374 3340 3476 3403 E:
3525 3342 3680 3419 ὅμως
3726 3343 3791 3405 δὲ
3835 3343 4165 3422 τολμητέον
4209 3344 4317 3424 τὴν
4365 3347 4511 3427 ἐμὴν

2823 3440 3137 3523 διάνοιαν.)
3218 3441 3321 3506 Cf.
3384 3441 3821 3529 Olympiodor.
3867 3443 3931 3507 in
3981 3445 4252 3511 eundem
4302 3471 4362 3535 p.
4402 3452 4505 3530 48.

2824 3545 3100 3632 Etymol.
3131 3547 3229 3610 M.
3263 3569 3326 3631 p.
3350 3547 3491 3630 289.
3519 3545 3815 3611 Heidelb.
3847 3571 3910 3633 p.
3941 3551 4081 3613 262.
4111 3549 4328 3638 Lips.:
4360 3555 4511 3634 μόνη

2823 3651 2939 3730 γᾶρ
2966 3650 3163 3730 πρώτη
3190 3649 3228 3728 ἡ
3263 3653 3401 3715 δυᾶς
3429 3647 3719 3714 διίσταται
3748 3651 3864 3715 ἀπὸ
3907 3655 4008 3731 τῆς
4051 3653 4325 3732 μονάδος.
4370 3656 4513 3720 ὅθεν

2825 3751 2883 3813 οἱ
2912 3752 3308 3833 Πυθαγόρειοι
3334 3752 3564 3831 τόλμαν
3602 3752 3784 3830 αὐτὴν
3829 3751 4015 3817 εἶπον.
4093 3754 4191 3818 Cf.
4225 3756 4505 3844 Etymol.

2826 3852 3003 3917 Gud.
3034 3875 3100 3940 p.
3134 3872 3270 3938 152.
3340 3853 3710 3941 Pherecydi,
3738 3877 3925 3941 quem
3958 3855 4340 3944 Pythagorae
4379 3881 4508 3924 ma·

2822 3955 3086 4041 gistrum
3133 3956 3439 4034 ferebant,
3501 3956 3660 4021 hanc
3731 3957 4206 4044 appellationem
4268 3961 4507 4042 tribuit,

2826 4058 3028 4122 nescio
3069 4082 3199 4147 quo
3231 4075 3502 4136 auctore,
3546 4060 3651 4124 J0.
3687 4060 3887 4124 Laur.
3921 4061 4147 4148 Lydus
4174 4062 4236 4127 in
4272 4063 4508 4129 Menss.

2824 4184 2885 4248 p.
2939 4181 3036 4244 17.
3096 4184 3161 4249 p.
3194 4163 3296 4242 48.
3356 4161 3668 4226 Roetheri.
3763 4165 4055 4227 Ceterum
4111 4164 4362 4230 consule
4407 4167 4508 4232 Jo.

2829 4264 3092 4328 Mem-sii
3152 4267 3383 4330 Denar.
3437 4265 3784 4353 Pythagor.
3845 4288 3912 4353 p.
3965 4286 4147 4351 1351.
4203 4267 4293 4349 (in
4343 4271 4508 4335 Gro-

2826 4365 2993 4430 novii
3040 4366 3266 4431 Thess.
3318 4366 3458 4432 Vol.
3513 4367 3679 4452 IX.)
3786 4368 4139 4454 Conjuncta
4186 4369 4322 4435 haec
4365 4388 4514 4437 sunt

2825 4492 2966 4534 cum
3027 4468 3287 4534 decretis
3337 4470 3642 4558 Archytae
3687 4482 3750 4534 et
3797 4469 4054 4535 Philolai
4095 4489 4158 4536 et
4201 4495 4346 4538 cum
4391 4474 4516 4539 dis-

2822 4573 3253 4660 putationibus
3292 4574 3572 4639 Platonis
3615 4575 3678 4638 in
3726 4574 3989 4640 Philebo
4030 4599 4092 4663 p.
4126 4596 4229 4663 23.
4274 4601 4410 4666 sqq.
4444 4602 4513 4667 p.

2823 4697 2927 4762 59.
2961 4700 3095 4765 sqq.
3135 4676 3355 4741 Stallb.
3399 4678 3480 4742 de
3521 4679 3729 4759 πέρατι
3771 4694 3836 4743 et
3875 4678 3955 4742 de
3999 4681 4218 4766 ἀπείρῳ
4261 4697 4325 4746 et
4366 4705 4510 4746 cum

2826 4779 3208 4845 Aristoteleis
3244 4780 3608 4868 Metaphys.
3642 4782 3697 4845 1.
3728 4800 3791 4865 5.
3827 4780 4035 4846 XIII.
4067 4784 4131 4845 6.
4210 4783 4355 4848 Vid.
4389 4786 4510 4872 Sy-

2828 4884 3069 4947 rianum
3127 4883 3191 4947 in
3251 4883 3691 4971 Metaphysica
3741 4884 3948 4948 XIII.
4009 4907 4071 4971 p.
4128 4905 4245 4950 102
4307 4902 4371 4950 et
4427 4887 4511 4952 cf.

2833 4984 3132 5049 Boeckhii
3166 4984 3520 5049 Philolaum
3551 5008 3614 5073 p.
3640 5006 3745 5071 54.
3782 5009 3915 5074 sqq.
3952 5004 4014 5050 et
4042 5010 4105 5074 p.
4140 5007 4279 5070 147.
4315 5012 4453 5076 sqq.

2917 5110 2975 5174 p.
3011 5088 3158 5172 897,
3197 5107 3290 5153 12.
3341 5090 3475 5153 οὔτε
3533 5093 3678 5153 θεοῦ
3727 5092 3911 5171 φύσιν
3960 5091 4096 5153 οὔτε
4153 5092 4399 5171 δύναμιν
4441 5094 4520 5158 ἄν

2831 5216 2975 5255 ποτε
3020 5193 3087 5255 ἐν
3131 5195 3289 5278 θυμῷ
3334 5193 3618 5281 βάλοιτο]
3668 5193 3865 5256 Recte
3913 5194 4405 5258 Tennemannus
4452 5196 4518 5259 in

2835 5296 3006 5360 Hist.
3059 5296 3283 5360 Philos.
3318 5297 3437 5361 VI.
3482 5320 3545 5384 p.
3579 5318 3686 5384 54.
3733 5319 3867 5383 sqq.
3916 5295 4086 5360 hunc
4129 5294 4332 5361 locum
4373 5299 4521 5364 inde

1054 5397 1157 5461 hic
1215 5395 1388 5459 locus
1443 5392 1701 5480 patitur.
1794 5392 2107 5455 Caeterum
2171 5389 2305 5476 lege
2352 5407 2415 5455 et
2466 5393 2750 5478 expende
2835 5399 2916 5463 ab
2958 5398 3135 5463 initio
3177 5400 3396 5488 capitis
3436 5400 3745 5478 adhibuit,
3777 5423 3906 5486 quo
3942 5415 4312 5465 monstraret
4339 5425 4516 5488 egre-

1061 5500 1340 5590 ejusdem
1384 5497 1590 5562 Procli
1638 5496 1956 5584 disputata
2000 5495 2061 5558 in
2109 5495 2387 5560 Platonis
2434 5497 2747 5564 Timaeum
2835 5501 3002 5588 giam
3047 5501 3314 5567 indolem
3361 5503 3589 5568 ethices
3621 5501 4008 5579 Plotinianae‚
4039 5518 4101 5566 et
4144 5501 4259 5568 hoc
4302 5527 4523 5569 exem-
