5118 6613
1439 546 1637 615 LIB.
1684 548 1785 613 II.
1830 548 2292 616 ENNEAD.
2337 551 2858 617 SECUNDAE.
2901 573 2968 640 p.
3004 571 3148 638 199.

563 720 752 812 plicio
779 720 1168 810 intelligitur,
1191 734 1346 808 quot
1373 734 1437 786 et
1463 743 1653 808 quam
1673 719 1858 785 variis
1885 719 2249 808 disputatio-

563 826 751 891 nibus
790 824 892 890 hic
931 823 1105 889 locus
1130 826 1234 889 De
1259 825 1448 889 Motu
1485 825 1642 890 Goelz·
1680 847 1719 888 a
1757 822 1938 888 variis
1979 823 2248 911 philoso-

563 928 831 1017 phorum
862 926 1109 993 familiis
1136 941 1546 1013 pertractatus
1564 926 1773 991 fuerit.
1865 928 1948 991 In
1975 924 2250 990 clausula

566 1030 758 1120 hujus
789 1029 1280 1096 Introductionis
1306 1051 1611 1117 apponam
1642 1027 1848 1093 locum
1877 1028 2182 1094 Macrobii
2212 1051 2248 1093 e

567 1136 916 1201 Comment.
936 1134 1000 1199 in
1026 1137 1237 1203 Somn.
1262 1134 1428 1221 Scip.
1450 1135 1505 1200 1.
1533 1152 1659 1217 17.‚
1684 1132 1792 1197 ubi
1812 1132 1865 1196 is
1889 1132 2247 1197 Plotinianae

565 1235 850 1303 diatribae
900 1252 1141 1325 partem
1192 1235 1320 1301 suis
1368 1236 1572 1300 verbis
1620 1235 1903 1301 exhibet:
1951 1221 2247 1299 —“Ver-

562 1340 686 1406 sari
729 1339 953 1405 ooelum
1006 1339 1336 1404 mundanae
1379 1338 1600 1404 animae
1653 1354 1877 1404 natura
1930 1354 1992 1405 et
2044 1339 2137 1403 vis
2184 1354 2247 1404 et

564 1443 722 1508 ratio
771 1441 952 1508 docet
1001 1443 1182 1530 cujus
1231 1444 1540 1507 aeternitas
1587 1442 1649 1506 in
1702 1457 1879 1508 motu
1924 1458 2051 1518 est;
2098 1444 2249 1531 quia

565 1567 891 1632 nunquam
938 1557 1144 1609 motus
1193 1542 1506 1630 relinquit,
1563 1541 1733 1629 quod
1784 1543 1914 1608 vita
1961 1566 2080 1607 non
2135 1544 2243 1608 de-

566 1646 748 1712 serit:
798 1670 910 1712 nec
937 1647 1019 1712 ab
1058 1670 1132 1711 eo
1160 1645 1288 1710 vita
1316 1645 1596 1724 discedit,
1626 1644 1689 1709 in
1735 1669 1864 1733 quo
1892 1645 2060 1733 viget
2088 1669 2243 1711 sem-

563 1771 676 1837 per
691 1748 986 1837 agitatus,
1007 1748 1200 1837 igitur
1217 1763 1279 1814 et
1302 1747 1541 1813 eoeleste
1562 1771 1808 1836 corpus,
1826 1748 2001 1836 quod
2027 1748 2245 1814 mundi

563 1851 771 1917 anima
808 1851 1098 1917 futurum
1137 1851 1253 1916 sibi
1294 1850 1767 1916 immortalitatis
1808 1851 2113 1939 particeps
2149 1852 2243 1916 fa-

562 1954 800 2021 bricata
836 1969 950 2035 est,
977 1977 1056 2021 ne
1099 1976 1377 2042 unquam
1407 1953 1672 2018 vivendo
1713 1953 1977 2034 deficiat,
2007 1976 2246 2041 semper

562 2056 627 2123 in
673 2071 848 2123 motu
887 2070 1003 2138 est,
1044 2073 1107 2123 et
1146 2070 1306 2122 stare
1338 2056 1566 2131 nescit;
1615 2056 1765 2144 quia
1802 2079 1915 2121 nec
1947 2057 2084 2144 ipsa
2125 2071 2246 2121 stat

561 2159 769 2226 anima
794 2183 922 2248 qua
947 2159 1306 2248 impellitur.
1353 2181 1495 2225 nam
1536 2183 1680 2226 cum
1707 2161 1951 2236 animae,
1983 2183 2127 2247 quae
2154 2159 2247 2225 in-

562 2285 859 2351 corporea
884 2277 999 2342 est,
1021 2262 1282 2327 essentia
1302 2262 1381 2327 sit
1398 2262 1463 2327 in
1486 2277 1659 2327 motu
1680 2288 1698 2338 ;
1732 2263 2005 2351 primum
2035 2277 2243 2328 autem

562 2365 841 2431 omnium
899 2364 1039 2431 ooeli
1085 2388 1311 2453 corpus
1356 2364 1561 2430 anima
1609 2366 1909 2431 fabricata
1955 2366 2068 2430 sit:
2116 2365 2245 2431 sine

562 2467 759 2533 dubio
799 2467 864 2534 in
897 2491 1123 2555 corpus
1160 2468 1278 2533 hoc
1305 2467 1576 2556 primum
1606 2492 1683 2533 ex
1710 2468 2081 2556 incorporeis
2108 2492 2242 2534 mo·

564 2584 669 2636 tus
703 2587 929 2637 natura
968 2570 1277 2659 migravit.
1319 2571 1501 2659 cujus
1526 2571 1620 2636 vis
1661 2570 1902 2659 integra
1943 2586 2006 2636 et
2045 2571 2244 2636 incor-

561 2688 751 2761 rupta
790 2696 914 2739 non
959 2673 1205 2752 deserit,
1235 2672 1406 2761 quod
1446 2673 1716 2761 primum
1757 2673 1947 2761 ooepit
1973 2697 2239 2740 movere.

561 2775 703 2840 ideo
752 2799 901 2842 vero
943 2776 1079 2841 caeli
1134 2792 1341 2841 motus
1384 2776 1724 2842 necessario
1768 2776 2056 2842 volubilis
2110 2791 2240 2856 est;

560 2879 711 2967 quia
735 2902 881 2945 cum
910 2902 1153 2967 semper
1173 2878 1404 2944 moveri
1434 2902 1675 2945 necesse
1704 2878 1817 2953 sit;
1850 2878 2016 2944 ultra
2035 2894 2243 2944 autem

560 2981 732 3048 locus
757 2981 968 3048 nullus
996 2982 1097 3061 sit,
1128 3006 1258 3070 quo
1286 3006 1349 3047 se
1377 2981 1590 3047 tendat
1616 2982 1898 3062 accessio,
1925 2981 2243 3047 continua-

563 3084 728 3151 tione
753 3100 1073 3173 perpetuae
1099 3084 1165 3149 in
1194 3109 1258 3150 se
1296 3084 1610 3150 reditionis
1649 3083 1941 3172 agitatur.
1986 3108 2136 3171 ergo
2177 3084 2241 3149 in

561 3211 689 3275 quo
718 3203 921 3276 potest
949 3186 1048 3253 vel
1091 3187 1302 3266 habet,
1331 3186 1545 3266 currit,
1575 3198 1638 3251 et
1667 3187 1955 3253 accedere
1981 3187 2116 3274 ejus
2142 3210 2237 3252 re·

560 3289 724 3357 volvi
766 3304 893 3356 est:
940 3290 1092 3379 quia
1132 3290 1391 3379 sphoerae
1433 3289 1630 3380 spatia
1665 3302 1727 3356 et
1763 3289 1896 3356 loca
1934 3291 2239 3380 complec-

561 3393 747 3459 tentis
787 3393 996 3459 omnia
1038 3417 1202 3460 unus
1243 3409 1336 3459 est
1372 3417 1614 3474 cursus,
1655 3394 1863 3459 rotari.
1903 3393 2013 3459 sed
2054 3409 2117 3459 et
2156 3394 2240 3459 sic

554 3497 827 3562 animam
857 3497 1032 3585 sequi
1070 3519 1311 3584 semper
1337 3495 1607 3574 videtur,
1634 3519 1778 3583 quae
1822 3496 1884 3560 in
1926 3495 2063 3584 ipsa
2099 3496 2239 3561 uni·

560 3599 847 3665 versitate
873 3598 1183 3665 discurrit.
1256 3598 1554 3665 Dicemus
1582 3621 1753 3686 ergo,
1784 3597 1953 3686 quod
1983 3623 2120 3664 eam
2146 3623 2240 3664 re-

559 3701 779 3789 periat,
809 3701 859 3767 si
888 3725 1130 3790 semper
1156 3701 1316 3767 hanc
1343 3701 1645 3789 sequitur,
1678 3702 1804 3767 imo
1838 3724 2077 3789 semper
2102 3725 2237 3767 eam

558 3805 807 3891 reperit,
851 3805 1002 3892 quia
1052 3804 1286 3892 ubique
1337 3819 1486 3883 tota,
1535 3804 1769 3891 ubique
1810 3805 2084 3892 perfecta
2124 3817 2238 3870 est.

562 3908 698 3973 Cur
723 3932 894 3996 ergo,
925 3907 997 3987 si,
1021 3931 1211 3995 quam
1239 3907 1487 3996 quaerit,
1509 3907 1760 3994 reperit,
1782 3930 1905 3972 non
1935 3906 2238 3994 quiescit?

558 4010 708 4099 quia
748 4024 813 4076 et
850 4010 956 4075 illa
997 4010 1291 4099 requietis
1331 4025 1423 4075 est
1453 4009 1673 4075 nescia.
1763 4012 1968 4077 Staret
1996 4009 2159 4073 enim
2189 4009 2239 4074 si

558 4136 821 4201 usquam
873 4128 1136 4183 stantem
1181 4113 1448 4178 animam
1490 4111 1803 4199 reperiret.
1892 4114 2058 4177 Cum
2093 4135 2241 4177 vero

556 4215 683 4295 illa,
729 4215 815 4282 ad
857 4217 1040 4304 cujus
1085 4216 1500 4305 appetentiam
1548 4214 1834 4294 trahitur,
1886 4237 2126 4302 semper
2173 4215 2238 4279 in

558 4317 847 4384 universa
873 4342 938 4383 se
964 4318 1210 4397 fundat,
1242 4341 1483 4407 semper
1510 4334 1575 4383 et
1601 4341 1827 4405 corpus
1858 4341 1921 4383 se
1947 4317 2012 4381 in
2038 4317 2238 4405 ipsam

555 4434 618 4487 et
645 4443 761 4509 per
786 4421 984 4510 ipsam
1014 4435 1351 4509 retorquet.
1420 4423 1582 4486 Hoec
1610 4421 1689 4485 de
1717 4419 1973 4486 eoelestis
2000 4419 2241 4485 volubi-

552 4521 742 4590 litatis
769 4547 996 4589 arcano
1023 4546 1222 4612 pauca
1249 4524 1329 4588 de
1357 4523 1568 4589 multis
1588 4525 1840 4589 Plotina
1868 4538 2119 4589 auctore
2146 4547 2240 4588 re·

558 4640 735 4713 perta
762 4625 1127 4692 sufficiant.”

640 4751 702 4817 p.
730 4749 873 4815 199,
905 4751 966 4815 9.
1001 4733 1122 4794 Διά
1163 4731 1226 4794 τί
1255 4731 1446 4817 κύκλῳ
1489 4734 1730 4795 κινεῖται
1749 4757 1765 4804 3
1813 4731 1903 4793 ὅτι
1934 4734 2075 4794 νοῦν
2099 4755 2234 4809 μιμ-

557 4832 736 4921 εῖται]
768 4833 865 4897 Sc.
896 4835 930 4896 6
960 4833 1225 4914 οὐρανός,
1256 4856 1334 4897 ex
1376 4831 1770 4919 inscriptione
1814 4831 1977 4896 libri.
2066 4833 2238 4897 Fons

555 4933 873 5000 sententiae
900 4933 966 4998 in
995 4933 1297 4999 Platonici
1327 4933 1551 4999 Timaei
1592 4935 1728 5000 loco
1767 4947 1914 5000 nota
1953 4933 2240 5022 proxima

551 5036 824 5103 laudato.
912 5037 1209 5103 Eundem
1238 5035 1419 5102 multi
1445 5036 1805 5125 attigerunt.
1879 5037 2238 5124 Appuleius

552 5138 633 5206 de
670 5141 909 5227 Dogm.
950 5139 1197 5206 Platon.
1229 5163 1296 5228 p.
1326 5141 1471 5226 198.
1512 5139 2072 5205 Bossch.:—“hoec
2114 5160 2238 5203 una

544 5241 791 5308 mundo
816 5241 1030 5308 relicta
1055 5258 1150 5308 est
1176 5242 1492 5331 sapientioe
1512 5257 1576 5307 et
1592 5242 1940 5330 prudentiae
1961 5241 2232 5330 propria,

552 5355 624 5411 nt
649 5346 1114 5411 rationabiliter
1141 5346 1551 5411 volvor-ebur?⁹
1640 5344 2000 5411 Chalcidius
2026 5344 2090 5410 in
2123 5344 2236 5408 Ti-

550 5469 778 5513 maeum
808 5469 875 5534 p.
908 5466 1082 5533 213.:
1132 5457 1177 5489 ‘⁶
1198 5447 1463 5513 alterum
1491 5470 1641 5513 vero
1672 5448 1969 5532 (motum)
2001 5446 2232 5535 princi-

551 5548 774 5637 palem,
803 5551 915 5638 qui
943 5566 1038 5617 est
1063 5549 1476 5631 circumactio,
1506 5551 1793 5639 circaque
1819 5559 2007 5617 semet
2035 5552 2231 5617 verti-

3927 573 4007 640 93

2332 734 2443 789 tur
2481 722 2741 789 similem
2791 722 3208 789 deliberativoe
3259 721 3482 788 animae
3525 723 3781 792 motui.”
3866 724 4011 789 Plo-

2334 826 2531 891 tinum
2586 850 2732 890 vero
2780 826 3151 890 verbotenus
3207 825 3656 913 propemodum
3712 828 4012 914 expressit

2336 929 2665 994 Sallustius
2713 928 3118 1016 philosophus
3167 928 3246 993 de
3296 928 3435 992 Diis
3476 944 3541 993 et
3583 930 3835 994 Mundo
3870 953 4004 1019 cap.

2334 1033 2536 1097 VIII.
2570 1056 2629 1118 p.
2666 1052 2764 1112 24.
2798 1031 2899 1096 ed.
2931 1033 3027 1097 Io.
3061 1033 3249 1096 Conr.
3285 1029 3533 1096 Orellii:
3582 1038 3699 1096 τῶν
3728 1034 3792 1096 δὲ
3832 1035 3899 1097 ἐν
3926 1037 4006 1120 τῷ

2335 1138 2532 1222 κόσμῳ
2563 1135 2850 1216 σωμάτων
2869 1138 2943 1199 τά
2968 1136 3081 1215 μὲν
3100 1139 3241 1200 νοῦν
3260 1141 3515 1216 μιμεῖται
3544 1137 3640 1200 καὶ
3669 1137 3859 1222 κύκλῳ
3890 1162 4008 1201 κιν-

2334 1244 2501 1315 εῖται,
2549 1241 2625 1301 τὰ
2670 1239 2735 1301 δὲ
2778 1237 3006 1321 ψυχὴν,
3045 1238 3140 1302 καὶ
3186 1236 3275 1302 ἐπ’
3315 1238 3563 1314 εὐθείας,
3601 1243 3714 1321 πῦρ
3757 1235 3880 1319 μέιῖ
3913 1241 4009 1304 καὶ

2332 1341 2441 1423 ἀὴρ
2470 1341 2614 1417 ἄνω,
2644 1344 2721 1422 γῆ
2750 1342 2815 1404 δὲ
2843 1341 2939 1405 καὶ
2963 1342 3117 1421 ὕδωρ
3147 1340 3318 1406 κάτω.
3350 1347 3469 1405 τῶν
3497 1343 3561 1405 δὲ
3591 1343 3801 1428 κύκλῳ,
3831 1343 3869 1422 ἡ
3895 1343 4007 1422 μὲν

2332 1443 2598 1522 ἀπλανὴς
2625 1441 2721 1507 ἀπ’
2754 1444 3065 1521 ἀνατολῆς,
3095 1446 3157 1508 αἱ
3185 1445 3250 1508 δὲ
3281 1446 3428 1508 ἑπτὰ
3458 1446 3524 1508 ἐκ
3546 1445 3766 1511 δύσεως
3794 1445 4008 1528 φέρον-

2329 1571 2445 1611 ται.
2491 1543 2875 1609 Luculenter
2905 1546 3163 1609 Proclus
3190 1545 3253 1609 in
3290 1545 3567 1611 Platonis
3595 1545 4004 1636 Theologiam

2332 1647 2551 1712 XIII.
2581 1670 2647 1734 p.
2677 1665 2783 1733 35.
2816 1646 2958 1716 infr.
2990 1650 3266 1730 Πρόσθες
3294 1651 3379 1726 δὲ,
3412 1651 3466 1713 εἶ
3497 1652 3729 1729 βούλει,
3763 1652 3857 1715 καὶ
3899 1650 4005 1730 τὴν

2332 1754 2414 1818 εἰς
2441 1750 2508 1814 τὸ
2537 1757 2708 1830 σῶμα
2733 1750 3064 1833 παρουσίαν
3090 1755 3191 1830 τῆς
3223 1756 3429 1833 νοερᾶς
3467 1752 3843 1835 ἑλλάμψεως·
3889 1756 3969 1817 πό
3976 1789 4004 1806 -

2331 1858 2437 1918 θεν
2468 1856 2584 1936 γὰρ
2616 1854 2649 1915 6
2680 1855 2911 1933 σύμπας
2939 1854 3107 1921 οὗτος
3134 1853 3380 1936 οὐρανὸς
3405 1851 3443 1935 ἢ
3480 1858 3788 1938 σφαιρικός
3817 1858 4001 1933 ἐστιν,

2328 1954 2366 2036 ἢ
2396 1958 2587 2041 κύκλῳ
2617 1955 2861 2039 φέρεται
2890 1957 2984 2020 καὶ
3022 1957 3156 2038 περὶ
3197 1955 3265 2020 τὸ
3311 1956 3451 2021 αὐτὸ
3492 1960 3639 2022 κατὰ
3671 1961 3814 2038 μίαν
3841 1958 4006 2039 τάξιν

2330 2057 2660 2141 ὦρισμένην
2701 2060 3162 2132 ἀνακυκλοῦταις
3209 2064 3330 2126 πῶς
3373 2063 3489 2141 γὰρ
3540 2060 3632 2124 ἀεὶ
3680 2059 3785 2139 τὴν
3825 2062 4004 2141 αὐτὴν

2331 2160 2493 2226 ἰδέαν
2522 2162 2619 2226 καὶ
2645 2162 2890 2241 δύναμιν
2911 2159 3204 2242 ἀτρέπτως
3226 2161 3411 2245 ἔλαχε
3441 2166 3587 2226 κατά
3613 2165 3822 2246 φύσιν,
3847 2167 3901 2228 εἰ
3925 2166 4005 2244 μὴ

2328 2267 2428 2345 τῆς
2457 2265 2605 2327 κατὰ
2632 2267 2773 2328 νοῦν
2798 2265 3152 2347 μετείληχεν
3179 2263 3525 2338 εἰδοποιῖαςς
3555 2265 3726 2348 ψυχὴ
3752 2267 3865 2346 μὲν
3890 2270 4004 2349 γὰρ

2329 2365 2609 2445 κινήσεως
2638 2366 2767 2430 ἐστὶ
2797 2365 3073 2449 χορηγὸς,
3103 2366 3169 2430 τὸ
3199 2368 3264 2430 δὲ
3301 2370 3401 2446 τῆς
3434 2367 3682 2447 μονίμου
3712 2367 4000 2433 καταστά-

2329 2494 2481 2536 σεως
2508 2471 2696 2533 αἴτιον
2725 2470 2822 2533 καὶ
2857 2468 2964 2548 τὴν
2993 2470 3297 2550 ἀνῶρυτον
3325 2473 3442 2532 τῶν
3472 2468 3827 2550 κινουμένων
3852 2496 3999 2553 παρ·

2329 2571 2581 2650 ἀλλαξιν
2625 2574 2708 2639 εἰς
2746 2572 3087 2651 ταυτότητα,
3131 2571 3238 2650 τήν
3265 2596 3332 2634 τε
3376 2569 3499 2635 καθ’
3532 2572 3640 2637 ἕνα
3679 2575 3870 2655 λόγον
3894 2598 4000 2638 πε-

2327 2673 2705 2755 περασμένην
2740 2673 2891 2753 ζωὴν
2934 2675 3031 2738 καὶ
3071 2675 3345 2740 ὡσαύτως
3383 2673 3644 2756 ἔχουσαν
3674 2680 4004 2759 περιφορὰν

2329 2775 2652 2860 ἑπανάγον,
2682 2780 2864 2857 δῆλον
2892 2778 2969 2843 ὥς
3006 2775 3278 2841 ἐπέκεινα
3321 2778 3408 2857 εἴη
3443 2781 3660 2861 ψυχῆς.
3710 2777 3892 2842 Idem
3923 2779 4002 2842 V.

2326 2879 2430 2964 36.
2462 2902 2520 2964 p.
2551 2882 2888 2964 324—&6
2930 2882 3045 2961 γὰρ
3088 2882 3258 2942 τοῦτο
3310 2880 3404 2943 καὶ
3446 2882 3480 2943 6
3524 2880 3769 2962 οὐρανὸς
3810 2882 4005 2950 ἀϊδίοις

2326 2984 2599 3065 χορεύειν
2624 2981 3116 3064 λέγεται-διότι
3156 2983 3267 3061 μὲν
3304 2985 3419 3065 γὰρ
3457 2984 3646 3069 κύκλῳ
3691 2987 4001 3057 κινοῦνται,

2327 3084 2433 3148 τὸν
2462 3088 2604 3148 νοῦν
2632 3085 3080 3157 ἀποτυποῦνται,
3123 3084 3217 3148 καὶ
3258 3083 3367 3163 τὴν
3401 3087 3614 3166 νοερᾶν
3652 3085 4003 3168 περιφοράν.

2327 3186 2795 3275 Pythagoreum
2844 3186 3076 3250 fontem
3124 3185 3347 3250 horum
3405 3186 3767 3273 dogmatum
3824 3210 4006 3253 nemo

2324 3313 2451 3355 non
2495 3289 2791 3377 agnoscit.
2882 3291 3103 3354 Unum
3149 3288 3350 3354 locum
3401 3288 3675 3378 attigisse
3723 3289 4003 3358 sufficiet.

2327 3392 2772 3481 Hippodamus
2803 3392 3239 3480 Pythagoreus
3264 3392 3328 3456 in
3353 3392 3534 3457 Galei
3557 3395 3830 3481 Opuscc.
3854 3396 4005 3481 My-

2326 3495 2475 3561 thol.
2507 3519 2570 3581 p.
2606 3497 2751 3578 664.
2789 3497 2919 3560 ἔστι
2944 3498 3060 3579 γὰρ
3088 3498 3127 3560 ἆ
3153 3497 3264 3576 μὲν
3295 3496 3545 3577 ἁρμονία
3573 3498 3752 3578 ἀρετὰ
3780 3499 3999 3583 κόσμῳ.

2326 3597 2522 3663 Plura
2546 3598 2810 3687 apposui
2853 3596 2931 3662 ad
2965 3597 3097 3662 Cic.
3127 3597 3206 3661 de
3236 3599 3321 3662 N.
3345 3597 3430 3660 D.
3464 3598 3599 3661 ΙΙΙ.
3628 3618 3725 3661 ιι.
3756 3621 3821 3685 p.
3847 3618 3999 3684 531.

2325 3701 2586 3767 Proclus
2627 3716 2857 3776 autem,
2892 3713 2962 3764 ut
2988 3698 3137 3764 illuc
3169 3699 3438 3778 redeam,
3469 3698 3603 3764 hoec
3628 3699 3775 3764 alibi
3802 3724 3997 3788 expo·

2324 3804 2469 3881 suit,
2521 3818 2595 3867 ut
2652 3803 2717 3868 in
2766 3803 3072 3867 Timaeum
3121 3824 3184 3889 p.
3236 3806 3375 3885 167.
3428 3825 3562 3889 sqq.
3617 3815 3679 3867 et
3722 3802 3787 3866 in
3841 3804 3997 3867 Inst.

2326 3905 2551 3972 Theol.
2582 3928 2718 3992 cap.
2748 3925 2857 3991 33.
2890 3919 2952 3970 et
2980 3924 3084 3990 34.
3115 3928 3180 3992 p.
3208 3906 3487 3989 58—60.
3518 3905 3616 3970 ed.
3641 3919 3828 3970 nostr.
3861 3906 4002 3971 Ad-

2324 4032 2537 4073 versus
2585 4007 2878 4073 Proclum
2935 4006 3046 4095 qui
3098 4006 3439 4095 disputavit
3494 4007 3574 4072 de
3622 4009 4001 4075 AEternitate

2325 4112 2562 4177 Mundi
2592 4112 2804 4176 XIII.
2840 4129 2895 4176 2.
2930 4112 3025 4175 10.
3059 4109 3446 4198 Philoponus
3488 4109 3579 4175 ita
3614 4111 3857 4176 scribit:
3906 4114 4001 4177 καὶ

2322 4215 2428 4280 τὸν
2463 4215 2715 4298 οὐρανὸν
2752 4217 2817 4280 δὲ
2860 4217 2894 4278 6
2938 4213 3200 4278 Πλάτων
3243 4215 3519 4298 ἔμψυχον
3558 4214 3708 4279 εἶναι
3751 4216 3847 4278 καὶ
3886 4214 3999 4280 ὑπὸ

2321 4322 2522 4402 ψυχῆς
2570 4322 2856 4382 κινεῖσθαι
2904 4319 3209 4398 βούλεται.
3259 4321 3442 4396 δῆλον
3480 4318 3594 4400 ἄρα
3635 4318 3725 4382 ὅτι
3761 4319 3837 4385 ὥς
3877 4319 4000 4404 caup

2325 4424 2472 4486 κατὰ
2509 4422 2695 4503 φύσιν
2723 4420 2878 4507 αὐτῷ
2916 4420 3022 4500 τὴν
3053 4421 3242 4504 κύκλῳ
3288 4421 3517 4499 κίνησιν
3545 4422 3901 4502 ἀφορίζεται.
3948 4423 4002 4485 εἰ

2321 4528 2438 4606 γὰρ
2464 4524 2600 4606 περὶ
2623 4526 2764 4588 νοῦν
2779 4521 3040 4602 μάλιστα
3062 4521 3219 4586 εἶναί
3237 4531 3386 4604 φησι
3406 4521 3514 4601 τὴν
3536 4523 3725 4609 κύκλῳ
3748 4524 3997 4603 κίνησιν,

2324 4627 2419 4691 καὶ
2464 4628 2540 4693 ὣς
2589 4627 2897 4692 Πλωτῖνός
2943 4632 3112 4707 φησι,
3161 4625 3352 4711 κύκλῳ
3403 4630 3664 4702 κινεῖται,
3716 4626 3808 4689 ὅτι
3860 4629 4001 4689 νοῦν

2321 4734 2599 4809 μιμεῖται,
2645 4732 2826 4807 δῆλον
2874 4729 2951 4793 ὣς
3003 4726 3118 4791 ἀπὸ
3167 4730 3367 4810 ψυχῆς
3412 4726 3654 4809 ἑφήκειν
3696 4727 3848 4814 αὐτῷ
3894 4727 4000 4807 τὴν

2324 4833 2514 4916 κύκλῳ
2562 4832 2849 4911 βούλεται
2900 4832 3129 4910 κίνησιν
3172 4829 3319 4912 πρὸς
3362 4830 3607 4909 μζιιησιν
3650 4833 3751 4909 τῆς
3796 4835 4002 4912 νοερᾶς

2324 4933 2624 5017 ἐνεργείας
2650 4932 2717 4996 τὸ
2747 4935 2965 4996 οἰκεῖον
2993 4936 3163 5011 σῶμα
3194 4932 3477 5011 κινούσης.
3569 4930 3750 4996 Idem
3776 4931 3840 4996 in
3863 4931 4002 4995 Ari-

2323 5035 2556 5101 stotelis
2600 5033 3009 5121 Meteorolog.
3046 5056 3111 5120 p.
3160 5034 3262 5116 78.
3293 5033 3356 5098 b.
3409 5038 3530 5099 Διὰ
3577 5035 3639 5099 τί
3692 5037 3758 5099 δὲ
3807 5037 3997 5119 κύκλῳ

2323 5139 2569 5203 κινεῖταί
2606 5146 2792 5220 φησιν
2835 5139 2869 5200 6
2912 5141 3242 5215 Πλωτῖνος,
3288 5138 3379 5201 ὅτι
3423 5141 3565 5201 νοῦν
3606 5143 3878 5217 μιμεῖται.
3922 5138 3999 5204 ὦς

2320 5244 2436 5324 γὰρ
2477 5243 2511 5304 6
2557 5245 2713 5308 θεῖος
2755 5243 2890 5307 νοῦς
2932 5240 3027 5303 καὶ
3069 5238 3469 5321 δημιουργικὸς
3507 5241 3589 5306 εἷς
3631 5237 3839 5303 ἑαυτὸν
3869 5239 3993 5302 ἐπι.

2320 5345 2723 5426 στρεφόμενος
2765 5346 2977 5424 θεωρεῖ
3011 5340 3206 5407 πάντα
3249 5342 3342 5406 καὶ
3386 5341 3597 5406 ἑαυτὸν
3629 5343 3696 5404 ἐν
3733 5341 3993 5416 ἐκείνοις,

2319 5447 2467 5509 οὕτω
2519 5448 2666 5510 κατὰ
2709 5444 2777 5508 τὸ
2828 5445 3078 5509 δυνατόν
3113 5452 3263 5527 φησι
3310 5448 3517 5509 τοῦτον
3558 5441 3844 5525 (fortasse
3885 5441 3996 5507 de-

2317 5546 2572 5613 lendum
2599 5548 2838 5632 τοῦτον)
2867 5550 2943 5612 τὰ
2971 5545 3092 5612 κατ’
3123 5546 3375 5629 οὐρανὸν
3403 5548 3486 5613 εἷς
3514 5547 3694 5611 ἑαυτὸ
3731 5544 3839 5625 τὴν
3868 5547 3993 5611 ἑπι-
