5118 6613
1333 529 1532 595 LIB.
1585 530 1718 595 IX.
1764 530 2221 596 ENNEAD.
2268 531 2711 609 QUINTAE.
2756 553 2819 619 p.
2858 550 3303 618 1027—1034.

667 727 731 791 p.
761 722 947 789 1030,
986 722 1081 784 14.
1108 700 1329 786 Ἐγγὺς
1354 706 1468 786 μὲν
1497 705 2063 793 ἀληθείας-ψυχῇ]
2112 705 2277 769 Haec

585 807 773 871 verba
800 829 926 871 non
956 806 1258 894 expressit
1278 806 1539 896 Taylor.
1601 806 1858 871 Ficinus
1885 806 2185 894 expressit
2213 821 2277 873 et

581 910 721 974 libri
750 932 966 975 omnes
994 924 1363 997 agnoscunt.
1439 912 1754 976 Caeterum
1788 909 2056 975 universi
2087 909 2277 997 hujus

580 1014 695 1079 loci
724 1013 962 1078 fontem
993 1035 1124 1077 esse
1151 1012 1215 1076 111
1245 1012 1528 1078 Platonis
1551 1011 1800 1077 Timaeo
1827 1035 1952 1077 non
1982 1024 2075 1077 est
2103 1014 2277 1099 quod

578 1140 836 1206 operose
880 1129 1316 1181 monstremus.
1409 1114 1551 1180 Vid.
1599 1116 1914 1203 proecipue
1943 1138 2006 1203 p.
2045 1116 2148 1180 28.
2181 1139 2274 1203 sq.

580 1244 644 1309 p.
677 1240 778 1306 23.
814 1243 952 1307 sqq.
984 1217 1191 1284 Bekk.
1258 1218 1363 1284 Cf.
1400 1218 1482 1284 de
1512 1223 1592 1305 νῷ
1623 1223 1949 1305 δημιουργῷ
1979 1216 2272 1283 Proclum

580 1324 642 1387 in
674 1321 886 1389 Alcib.
917 1344 1013 1410 pr.
1047 1345 1110 1408 p.
1136 1341 1288 1407 311.

662 1462 750 1475 —-
777 1425 876 1490 18.
912 1426 982 1489 οὗ
1010 1427 1127 1508 γὰρ
1156 1423 1245 1503 δὴ,
1280 1425 1356 1492 ὥς
1384 1425 1633 1500 οἴονται,
1662 1423 1833 1506 ψυχὴ
1865 1427 2007 1488 νοῦν
2033 1431 2269 1488 τελειω·

580 1535 752 1595 θεῖσα
778 1528 999 1615 γεννᾷ]
1048 1527 1191 1592 Non
1234 1525 1488 1614 praecise
1530 1525 1793 1590 dixerim
1826 1529 2272 1614 Anaxagoram

578 1657 617 1698 a
649 1632 892 1697 Plotino
922 1631 1116 1718 tangi,
1146 1630 1258 1717 qui
1288 1628 1629 1694 Aristotele
1672 1645 1827 1693 teste
1857 1628 1973 1711 (cf.
2007 1630 2083 1693 de
2113 1628 2270 1693 Ani-

580 1759 682 1801 1113
709 1736 765 1800 I.
791 1754 852 1800 2.
884 1757 952 1821 p.
979 1736 1042 1799 6.
1078 1733 1285 1823 Sylb.)
1319 1748 1652 1798 statuerat:
1686 1732 1793 1797 τὸν
1816 1737 1958 1797 νοῦν
1986 1733 2140 1797 εἶναι
2167 1732 2274 1798 τὸν

580 1839 759 1905 αὐτὸν
801 1842 872 1918 τῇ
918 1841 1109 1921 ψυχῇ,
1140 1850 1252 1901 aut
1282 1836 1740 1915 Democritum,
1773 1835 1885 1923 qui
1920 1835 2087 1900 idem
2122 1859 2269 1901 con-

578 1941 881 2019 tenderat,
924 1940 1140 2005 eodem
1190 1955 1367 2017 teste,
1414 1938 1568 2003 ibid.
1616 1962 1682 2026 p.
1717 1958 1778 2021 7.
1872 1938 2080 2004 Potest
2122 1939 2274 2003 alios

574 2068 827 2135 quoque
857 2043 1131 2132 tetigisse
1159 2041 1584 2131 philosophos.
1662 2042 1764 2108 Cf.
1797 2044 1843 2107 J
1847 2067 1907 2106 o.
1936 2042 2268 2129 Philopon.

578 2149 639 2213 in
662 2146 989 2213 Aristotel.
1011 2144 1092 2210 de
1115 2145 1341 2210 Anima
1367 2146 1423 2210 Ι.
1454 2143 1495 2209 1.
1515 2144 1554 2208 l.
1586 2160 1650 2209 et
1677 2144 1739 2208 in
1772 2143 1910 2209 libr.
1935 2145 2034 2209 11.
2052 2168 2145 2209 nr.
2163 2163 2268 2230 32.

578 2250 809 2317 Plotini
860 2248 1166 2314 sententia
1208 2247 1441 2336 pendet
1490 2271 1529 2312 a
1577 2247 1857 2313 Platonis
1906 2247 2156 2312 decreto
2206 2248 2268 2311 in

579 2355 826 2421 Timaeo
854 2376 916 2440 p.
941 2373 1050 2441 30.
1096 2376 1163 2438 p.
1198 2355 1300 2418 26.
1332 2350 1579 2417 Bekk.:
1626 2357 1768 2416 νοῦν
1808 2353 1921 2432 μὲν
1965 2352 2034 2416 ἓν
2077 2355 2267 2436 ψυχῇ,

575 2458 782 2543 ψυχὴν
810 2459 875 2522 δὲ
920 2459 989 2521 ἐν
1017 2458 1244 2536 σώματι
1288 2459 1570 2523 συνιστὰς
1600 2455 1663 2537 (ὁ
1690 2456 2089 2541 δημιουργός.)
2179 2457 2270 2519 Et

577 2585 721 2628 vero
756 2558 1133 2627 Plutarchus
1173 2556 1264 2622 illi
1307 2557 1608 2646 opinioni,
1638 2579 1829 2644 quam
1871 2557 1936 2622 h.
1960 2557 2000 2620 Ι.
2032 2557 2271 2644 respuit

578 2665 878 2741 Plotinus,
908 2661 1291 2749 obloquitur.
1389 2664 1490 2727 Ita
1533 2662 1695 2726 enim
1740 2661 1820 2726 de
1864 2661 2107 2727 Animae
2136 2664 2266 2727 Ge·

574 2767 890 2832 neratione
919 2764 982 2829 in
1005 2764 1252 2829 Timaeo
1273 2788 1340 2852 p.
1357 2769 1538 2830 1026.
1564 2765 1645 2829 E.
1679 2788 1740 2852 p.
1758 2765 1899 2848 178.
1922 2788 2011 2851 sq.
2027 2766 2263 2852 Wytt.:

575 2870 641 2935 τὸ
669 2874 787 2953 γὰρ
814 2868 1137 2949 παθητικὸν
1166 2869 1523 2932 ἀναδίδωσιν
1554 2870 1617 2947 ἐξ
1648 2871 1854 2948 ἑαυτῆς
1881 2869 1918 2948 ἡ
1941 2867 2132 2952 ψυχὴ,
2165 2872 2270 2933 τοῦ

573 2975 638 3038 δὲ
667 2978 775 3038 νοῦ
799 2971 1097 3056 μετέσχεν
1126 2971 1243 3035 ἀπὸ
1287 2976 1387 3050 τῆς
1431 2974 1757 3055 κρείττονος
1807 2974 1991 3056 ἀρχῆς
2033 2974 2264 3055 ἐγγινο-

571 3076 773 3158 μένου.
825 3074 931 3140 Cf.
962 3074 1149 3138 etiam
1183 3073 1380 3138 Procli
1420 3073 1628 3138 Instit.
1664 3074 1890 3139 Theol.
1926 3075 2263 3140 CXCIII.

575 3201 640 3266 p.
673 3179 832 3243 288:
880 3182 1049 3242 πᾶσα
1077 3177 1248 3260 ψυχὴ
1285 3184 1597 3262 προσεχῶς
1640 3178 1756 3242 ἀπὸ
1802 3183 1908 3243 νοῦ
1932 3178 2267 3261 ὑφέστηκεν

576 3311 628 3347 κ.
655 3308 710 3346 τ.
732 3289 794 3347 λ.
888 3281 994 3347 Cf.
1025 3304 1078 3347 c.
1104 3283 1416 3348 CXCIV.
1448 3304 1510 3370 p.
1539 3302 1685 3367 290.

658 3409 722 3471 p.
750 3403 937 3471 1031,
972 3403 1071 3448 10.
1114 3386 1191 3449 El
1225 3388 1341 3468 γὰρ
1383 3384 1452 3448 τὸ
1493 3387 1561 3449 ἐν
1605 3386 1804 3471 κόσμῳ
1833 3385 1901 3449 τὸ
1944 3388 2013 3449 ἐν
2041 3387 2268 3466 σώματι

574 3490 667 3553 καὶ
702 3491 835 3569 ὕλῃ,
869 3489 1043 3553 οὐδὲν
1070 3488 1287 3553 ταύτὸν
1312 3488 1502 3573 μένει]
1557 3488 1876 3576 Archytas
1906 3491 2168 3555 Tarent.
2200 3490 2265 3555 111

572 3590 730 3657 libro
756 3593 894 3675 περὶ
923 3596 1029 3657 νοῦ
1056 3595 1171 3674 γὰρ
1199 3592 1530 3672 αἰσθήσεως
1557 3615 1660 3680 ap.
1695 3591 1870 3657 Stob.
1904 3592 2173 3681 Eclogg.
2209 3596 2262 3659 1.

570 3709 678 3778 51.
710 3717 773 3782 p.
797 3694 942 3777 786.
977 3696 1171 3759 Heer.
1195 3719 1210 3759 ε
1242 3697 1673 3776 παραπλασίως
1701 3698 1767 3760 δὲ
1798 3697 1892 3760 καὶ
1922 3699 1962 3760 ἆ
1991 3699 2269 3767 αἵσθασις

570 3798 663 3861 καὶ
692 3799 726 3860 ὁ
756 3798 893 3865 νόος
931 3798 1134 3882 ἔχοντι
1177 3801 1217 3862 ἁ
1256 3801 1368 3879 μὲν
1399 3802 1512 3882 γὰρ
1555 3802 1834 3867 αἵσθασις
1877 3803 1958 3886 τῷ
2003 3802 2266 3887 αἰσθατῷ

573 3899 854 3982 (videtur
881 3900 1180 3965 excidisse
1207 3900 1470 3985 χρέεται,
1501 3902 1596 3965 vel
1643 3900 1839 3966 simile
1884 3901 2070 3989 quid)
2107 3901 2262 3988 [for-

566 4017 725 4066 tasse
751 4002 937 4067 etiam
970 4002 1364 4067 scribendum
1395 4009 1476 4067 τῶ
1506 4004 1822 4087 nicoma]-
1869 4001 1935 4068 τὸ
1967 4003 2015 4067 δ’
2049 4008 2260 4069 αἰσθα-

567 4103 670 4169 τὸν
713 4105 809 4169 καὶ
855 4111 1099 4169 κινεῖται
1149 4107 1245 4169 καὶ
1287 4104 1663 4185 μεταβάλλει
1717 4108 1812 4170 καὶ
1863 4105 2146 4170 οὐδέποτε
2198 4109 2267 4171 ἐν

567 4208 756 4294 ταύτῷ
787 4208 1041 4290 ἀτρεμεῖ·
1074 4206 1163 4273 διδ
1192 4209 1288 4272 καὶ
1310 4213 1547 4288 μᾶλλον
1569 4209 1665 4272 καὶ
1691 4208 1868 4288 ἧττον
1897 4209 1993 4272 καὶ
2015 4207 2266 4288 βέλτιον

569 4311 663 4375 καὶ
709 4316 916 4395 χεῖρον
944 4313 1171 4394 γίνεται
1216 4314 1364 4396 ὁρᾷν
1396 4310 1549 4398 (leg.
1580 4313 1743 4393 ὁρῇν.
1813 4313 2064 4376 Canter.
2098 4314 2259 4394 ὁρῆν,

567 4411 739 4499 quod
789 4434 916 4477 non
965 4412 1233 4478 debebat
1272 4412 1610 4493 immutari,
1638 4436 1752 4478 nec
1799 4413 1880 4479 ab
1925 4414 2158 4479 Orellio
2200 4415 2261 4479 in

568 4513 896 4602 Opuscull.
922 4516 1232 4580 Graecorr.
1260 4519 1566 4581 Sententt.
1603 4518 1686 4580 T.
1714 4519 1812 4582 11.
1846 4541 1913 4605 p.
1945 4520 2086 4599 267.
2117 4518 2259 4582 infr.

565 4617 773 4684 denuo
803 4617 1000 4683 reddi.
1095 4619 1236 4684 vid.
1270 4620 1459 4685 modo
1491 4623 1690 4685 Koen.
1724 4621 1805 4686 ad
1836 4623 2101 4709 Gregor.
2134 4626 2258 4688 Co-

565 4720 750 4788 rinth.
797 4744 859 4809 p.
894 4740 1036 4806 229.
1074 4745 1167 4810 sq.
1214 4723 1311 4787 ed.
1349 4723 1574 4789 Schaef.
1606 4738 1671 4788 et
1703 4725 1906 4811 Bast.)
1941 4728 1975 4789 ὁ
2018 4728 2085 4789 δὲ
2129 4728 2263 4794 νόος

564 4829 641 4911 τᾷ
673 4829 885 4912 νοατῷ,
909 4825 977 4889 τὸ
1008 4828 1072 4890 δὲ
1102 4826 1322 4891 νοατὸν
1351 4828 1634 4892 ἆκίνατον
1661 4830 1726 4906 ἐξ
1754 4828 1979 4895 οὐσίας·
2014 4827 2103 4892 διὸ
2126 4830 2262 4893 οὔτε

563 4933 820 5008 μᾶλλον,
852 4931 988 4994 οὔτε
1015 4929 1214 5009 ἦττον,
1248 4932 1385 4995 οὔτε
1412 4929 1685 5010 βέλτιον,
1719 4932 1854 4995 οὔτε
1883 4936 2088 5015 χεῖρον
2121 4929 2258 5010 ((13-

564 5028 751 5096 bebat
791 5030 1033 5115 χέρῃον,
1067 5043 1140 5095 ut
1168 5032 1456 5119 Theages
1500 5031 1937 5119 Pythagoreus
1987 5034 2076 5118 (p.
2111 5031 2258 5114 689.

563 5133 769 5216 Galei)
820 5134 884 5198 in
940 5134 1113 5199 Stob.
1161 5132 1377 5200 Floril.
1428 5137 1491 5201 1.
1540 5159 1602 5223 p.
1635 5155 1739 5222 32.
1772 5135 1970 5201 Gaisf.
2018 5148 2081 5199 et
2127 5134 2262 5223 ipse

564 5235 879 5326 Archytas
936 5260 1040 5325 ap.
1090 5237 1265 5303 Stob.
1324 5237 1620 5327 Florileg.
1670 5239 1806 5304 Tit.
1852 5259 1960 5325 43.
2009 5261 2075 5325 p.
2113 5241 2258 5319 167.

3925 556 4059 621 315

2447 738 2536 753 -—-
2561 722 2661 784 14.
2697 709 2815 768 Δεῖ
2853 705 2918 769 δὲ
2962 707 3105 768 νοῦν
3131 704 3472 785 λαμβάνειν
3502 733 3552 770 κ.
3576 731 3629 770 τ.
3656 708 3753 796 λ.]
3803 709 3964 773 Haec
3993 724 4057 773 et

2364 806 2687 893 sequentia
2722 820 2867 871 ante
2895 806 3108 871 oculos
3151 805 3508 874 habuerunt
3536 810 3583 872 J
3586 832 3643 873 ο.
3671 809 4061 898 Philopouus

2362 909 2424 973 in
2459 908 2783 974 Aristotel.
2816 908 2896 973 de
2924 909 3161 974 Anima
3193 910 3333 976 111.
3379 910 3490 976 fol.
3523 913 3599 991 Q.
3647 935 3707 1000 p.
3742 931 3799 997 7.
3835 914 4056 979 Venet.

2361 1027 2425 1077 et
2474 1013 2777 1101 Syrianus
2836 1011 2901 1077 in
2954 1012 3350 1100 Metaphyss.
3404 1015 3501 1079 11.
3548 1037 3609 1095 4.
3670 1038 3731 1103 p.
3766 1034 3866 1101 29.
3914 1040 4054 1105 sqq.

2366 1116 2710 1204 Utriusque
2753 1116 2918 1181 locos
2964 1138 3157 1204 supra
3203 1116 3285 1181 ad
3331 1116 3624 1182 Titulum
3679 1117 3870 1205 hujus
3912 1117 4054 1184 libri

2359 1220 2622 1306 apposui
2657 1241 2714 1303 p.
2737 1238 2887 1306 555.
2951 1218 3191 1306 Attigit
3221 1219 3356 1284 haec
3383 1244 3636 1308 quoque
3658 1222 4055 1287 Tenneman-

2362 1347 2477 1390 nus
2508 1325 2571 1389 in
2608 1325 2779 1389 Hist.
2810 1323 3175 1412 Philosoph.
3196 1326 3317 1390 VI.
3349 1348 3416 1413 p.
3443 1324 3551 1410 98.

2444 1451 2509 1515 p.
2544 1446 2731 1515 1032,
2763 1446 2863 1493 12.
2902 1428 2971 1492 τὸ
3000 1431 3113 1510 γὰρ
3142 1431 3208 1492 ἐν
3240 1429 3436 1496 αὐτοῖς
3479 1428 4055 1497 εἶδος-εἴδωλον-

2361 1532 2456 1595 καὶ
2515 1532 2682 1596 ἔστιν
2740 1532 2912 1596 εἰκὼν
2970 1533 3252 1621 ἐκείνου]
3330 1531 3650 1619 Archytas
3705 1555 3808 1620 ap.
3872 1533 4050 1598 Stob.

2360 1633 2629 1721 Eclogg.
2671 1635 2731 1698 I.
2772 1654 2880 1719 51.
2925 1656 2988 1720 p.
3023 1635 3186 1717 788:
3238 1636 3334 1699 καὶ
3377 1638 3453 1700 τὰ
3492 1637 3607 1715 μὲν
3653 1637 3922 1716 σώματα,
3969 1638 4053 1702 ὧν

2361 1739 2489 1801 ἐντί
2529 1763 2616 1804 τις
2660 1738 2984 1811 ἀντιτυπία,
3030 1737 3304 1803 αἰσθατά·
3350 1743 3611 1818 δοξαστὰ
3656 1741 3721 1803 δὲ
3762 1742 3839 1803 τὰ
3882 1738 4051 1821 μετέ-

2358 1865 2548 1922 χοντα
2577 1844 2695 1903 τῶν
2725 1838 2927 1903 εἰδέων
2957 1841 3034 1906 ὡς
3063 1841 3124 1904 αἱ
3156 1841 3399 1914 εἰκόνες,
3431 1842 3561 1904 οἷον
3582 1842 3617 1904 ὅ
3637 1863 3723 1908 τις
3751 1841 4056 1924 ἄνθρωπος

2358 1948 2438 2005 τῶ
2469 1943 2775 2024 ἀνθρώπω,
2811 1943 2907 2006 καὶ
2947 1944 3018 2006 τό
3060 1968 3117 2006 τι
3158 1943 3447 2025 τρίγωνον
3475 1948 3555 2006 τῶ
3582 1945 3853 2026 τριγόνω.
3948 1944 4053 2010 Cf.

2358 2058 2421 2108 et
2450 2043 2726 2109 Platonis
2755 2044 2925 2108 Tim.
2958 2068 3019 2133 p.
3050 2046 3154 2109 28.
3179 2048 3258 2109 A.

2453 2185 2539 2198 —
2588 2167 2683 2229 14.
2732 2150 2808 2211 ΕΖ
2846 2149 2911 2211 δὲ
2956 2148 3051 2212 καὶ
3096 2147 3613 2228 ποιητὴν-τοῦδε
3653 2152 3761 2212 τοῦ
3797 2149 4048 2238 παντὸς]

2360 2250 2536 2315 Plato
2564 2249 2627 2313 in
2661 2250 2908 2314 Timaeo
2937 2273 2997 2336 p.
3026 2250 3129 2316 28.
3161 2273 3226 2337 p.
3250 2269 3355 2334 23.
3393 2248 3635 2313 Bekk.:
3669 2250 3777 2315 τὸν
3802 2253 3916 2331 μὲν
3944 2253 4052 2316 οῦν

2353 2353 2602 2434 ποιητὴν
2632 2354 2726 2418 καὶ
2753 2352 2982 2435 πατέρα
3009 2355 3217 2417 τούτου
3247 2357 3351 2417 τοῦ
3377 2351 3599 2419 παντὸς
3643 2380 3697 2416 κ.
3715 2379 3769 2417 τ.
3791 2362 3851 2416 λ.
3943 2354 4046 2420 Cf.

2357 2457 2659 2520 Nostrum
2686 2456 2890 2543 ipsum
2916 2478 3107 2543 supra
3128 2478 3192 2543 p.
3227 2471 3365 2541 175.
3389 2478 3483 2541 sq.
3519 2458 3662 2520 260.
3688 2457 3763 2520 Β.
3795 2459 3946 2538 406.
3965 2459 4047 2522 Ε.

2440 2580 2506 2646 p.
2542 2578 2730 2644 1033,
2760 2562 2823 2623 6.
2865 2561 3030 2623 ἀλλὰ
3072 2560 3201 2623 οἷον
3232 2558 3834 2639 νομοθέτης-νόμος
3874 2560 4051 2628 αὐτὸς

2355 2666 2460 2726 τοῦ
2488 2661 2670 2750 εἶναι]
2722 2660 2957 2726 Similia
2986 2663 3046 2725 in
3085 2660 3361 2726 Platonis
3393 2660 3676 2748 Legibus
3718 2673 3782 2726 et
3828 2663 4048 2728 Minoi}

2355 2763 2632 2852 itemque
2659 2764 2724 2828 in
2753 2763 3020 2830 Philebo
3050 2788 3114 2853 p.
3146 2765 3244 2830 28.
3280 2764 3388 2830 ubi
3422 2762 3789 2830 Stallbaum.
3840 2788 3905 2853 p.
3940 2786 4043 2851 77.

2351 2867 2503 2932 alios
2531 2867 2698 2933 locos
2720 2868 3029 2934 excitavit.
3075 2867 3270 2933 Adde
3295 2868 3652 2954 Archytam
3670 2867 3733 2931 111
3756 2867 4046 2956 fragmm.

2351 2970 2494 3036 libri
2535 2972 2672 3053 περὶ
2717 2973 2899 3051 νόμον
2942 2970 3007 3036 111
3048 2973 3316 3059 Opuscc.
3354 2972 3593 3036 Graecc.
3629 2972 3935 3037 Sententt.
3968 2972 4047 3038 T.

2355 3075 2457 3139 11.
2488 3097 2555 3162 p.
2592 3093 2737 3161 252.
2773 3073 2964 3139 Orell.
3059 3075 3557 3162 Reciprocarunt
3600 3073 3760 3139 hanc
3805 3090 4051 3140 senten-

2354 3177 2500 3243 tiam
2534 3179 2812 3257 Veteres,
2843 3201 2919 3242 eo
2946 3177 3121 3265 quod
3152 3178 3352 3266 legem
3383 3176 3748 3243 dictitabant
3781 3194 4049 3245 mentem

2353 3294 2618 3346 naturae.
2708 3279 2851 3345 vid.
2885 3280 3174 3347 Ciceron.
3215 3279 3295 3346 de
3336 3281 3543 3368 Legg.
3575 3280 3635 3344 I.
3667 3283 3725 3345 6.
3761 3282 3822 3346 8.
3862 3299 3926 3347 et
3968 3282 4052 3348 ad

2353 3407 2497 3450 eum
2550 3386 2771 3450 Davis.
2819 3398 2884 3451 et
2931 3385 3270 3474 Wyttenb.
3317 3384 3380 3448 in
3425 3399 3636 3448 annot.
3687 3408 3751 3472 p.
3789 3387 3898 3468 46.
3948 3386 4045 3451 ed.

2356 3488 2614 3552 Moseri.

2438 3627 2526 3640 -
2562 3611 2659 3676 15.
2721 3594 2882 3673 παρὰ
2936 3590 3498 3675 ἆνδριαντοποιϊκῆς]
3563 3591 3705 3653 Non
3760 3590 4047 3656 dubitavi

2352 3692 2512 3757 hanc
2554 3694 2819 3757 formam
2866 3693 3157 3780 recipere,
3191 3693 3432 3756 tametsi
3486 3692 3614 3756 duo
3661 3692 3801 3757 libri
3851 3696 4045 3759 nostri

2351 3796 2614 3860 offerant
2647 3798 3274 3878 ἆνδριαντοποιητικῆς,
3307 3794 3479 3881 quod
3510 3795 3713 3882 ipsum
3756 3796 3849 3861 bis
3890 3799 4040 3884 legi-

2355 3914 2460 3964 tur
2508 3898 2574 3962 in
2620 3898 2835 3963 033110
2879 3900 3134 3962 Lucano
3177 3920 3279 3984 ap.
3332 3897 3605 3963 Galeum
3657 3898 3718 3963 in
3774 3901 4045 3987 Opuscc.

2355 4000 2655 4090 Mytboll.
2691 4024 2753 4089 p.
2777 4017 2927 4087 517.
2993 4000 3289 4065 Similiter
3317 4001 3381 4065 in
3416 4000 3687 4067 Platonis
3731 4003 3932 4090 Gorg.
3976 4026 4039 4092 p.

2349 4108 2501 4186 464.
2532 4105 2598 4169 d.
2639 4104 2831 4191 vulgo
2871 4103 3100 4191 legitur
3142 4107 3559 4188 ὀψοποιητικῆ,
3597 4127 3785 4192 quam
3834 4105 4042 4172 lectio-

2352 4229 2489 4271 nem
2543 4206 2730 4271 etiam
2783 4206 3048 4271 Heindf.
3109 4229 3174 4293 p.
3214 4226 3317 4291 59.
3373 4206 3648 4271 retinuit.
3755 4210 3852 4272 At
3901 4208 4043 4274 cod.

2350 4313 2631 4375 Darmst.
2662 4310 2937 4396 itemque
2968 4308 3171 4374 Palat.
3204 4308 3382 4390 (vid.
3419 4309 3808 4374 Meletemm.
3839 4326 4048 4377 nostra

2352 4415 2408 4479 I.
2442 4436 2505 4501 p.
2539 4429 2683 4496 117.
2749 4410 3124 4476 Bekkeriani
3153 4411 3336 4476 etiam
3367 4411 3622 4499 plurimi
3654 4413 3828 4495 (vid.
3866 4416 4040 4479 Varr.

2352 4519 2547 4581 Lectt.
2582 4513 2781 4581 Bekk.
2814 4538 2875 4602 p.
2912 4518 3083 4599 178.)
3116 4514 3247 4579 bis:
3296 4517 3638 4599 ὀψοποιῖκῆ,
3669 4516 3843 4604 quod
3879 4517 4040 4582 Bek-

2350 4618 2478 4682 ker.
2510 4619 2695 4683 etiam
2741 4617 2802 4681 in
2844 4616 3124 4681 ordinem
3170 4616 3448 4698 reduxit,
3480 4641 3645 4682 unus
3689 4634 3932 4684 tantum
3976 4621 4040 4685 in

2347 4720 2626 4808 margine
2671 4719 2853 4784 simili
2895 4742 3101 4783 errore
3144 4734 3337 4807 atque
3384 4721 3449 4786 h.
3479 4720 3519 4784 1.
3565 4721 3628 4785 111
3673 4721 3773 4787 ed.
3806 4723 4036 4788 Basil.:

2347 4822 2699 4906 ὀψοποιηκή.
2790 4822 3109 4886 Addenda
3138 4839 3346 4888 autem
3373 4824 3508 4889 haec
3535 4823 3738 4888 forma
3765 4828 4037 4908 ἀνδριαν-

2345 4928 2610 5008 τοποιϊκῆ
2639 4926 2884 4991 Lexicis
2911 4927 3282 4992 est.—Mox
3314 4927 3401 4990 D.
3433 4925 3543 4991 lin.
3567 4948 3633 5009 4.
3663 4926 3923 4992 fortasse
3952 4928 4037 4992 le·

2344 5029 2658 5117 gendum:
2706 5029 3024 5113 ἆνδριάντα
3051 5055 3118 5094 τε
3149 5032 3246 5094 καὶ
3275 5031 3504 5111 κλίνην.

2433 5155 2497 5219 p.
2529 5151 2715 5217 1034,
2749 5149 2807 5197 2.
2843 5131 3133 5211 σωμάτων
3176 5135 3292 5214 γὰρ
3335 5133 3516 5215 φύσις
3559 5134 3855 5209 σώζεσθαι
3898 5134 4035 5217 παρ’

2346 5236 2542 5300 ἄλλον
2585 5233 2775 5320 θέλει]
2827 5233 3079 5299 Alludit
3110 5235 3192 5299 ad
3223 5235 3688 5323 Etymologiam
3722 5235 3888 5300 vocis
3917 5244 4033 5302 σῶ-

562 5340 760 5405 Gaisf.
793 5339 903 5404 ubi
933 5339 1162 5428 legitur
1190 5347 1271 5405 τῶ
1300 5341 1603 5426 χερήονος.
1700 5342 1824 5407 Sed
1869 5340 2068 5406 multa
2113 5340 2258 5405 talia
2341 5365 2442 5419 μα.
2533 5336 2721 5401 Plato
2750 5336 3013 5425 Cratylo
3045 5360 3105 5425 p.
3129 5359 3278 5419 400.
3310 5363 3365 5404 c.
3412 5362 3476 5426 p.
3507 5359 3613 5426 39.
3649 5338 3888 5405 Bekk.:
3938 5348 4034 5409 δο-

558 5441 924 5532 corrigenda
953 5459 1185 5508 restant
1228 5443 1292 5508 111
1336 5444 1434 5508 his
1465 5445 1799 5533 Excerptis
1830 5445 2251 5533 Pythagoreo-

2344 5446 2512 5507 κοῦσι
2554 5439 2759 5520 μέντοι
2803 5466 2904 5521 μοι
2945 5440 3213 5521 μάλιστα
3260 5442 3473 5508 θέσθαι
3517 5445 3576 5507 οὶ
3622 5444 3775 5526 ἀμφὶ
3802 5442 4040 5529 Ὀρφέα

556 5568 720 5626 rum,
751 5546 1094 5634 praesertim
1123 5546 1188 5610 in
1220 5546 1534 5635 Eclogis.)
1569 5551 1693 5614 ἐντὶ
1723 5555 1887 5614 νοεῖν
1912 5549 1981 5612 τὸ
2017 5549 2250 5613 νοατόν.
2340 5550 2513 5610 τοῦτο
2550 5542 2618 5606 τὸ
2663 5545 2852 5623 ὄνομα
2885 5546 3114 5629 (σῶμα)
3147 5546 3223 5613 ὧς
3263 5548 3429 5626 δίκην
3456 5548 3726 5627 διδούσης
3770 5552 3871 5627 τῆς
3914 5557 4032 5633 ψυ-

2446 5638 2633 5705 ss2
