5118 6613
1286 589 1487 654 LIB.
1535 590 1673 655 lx.
1719 591 2185 655 ENNEAD.
2233 590 2761 655 SECUNDAE.
2806 612 2873 677 p.
2902 590 3269 677 343-358.

550 757 682 824 tino
707 758 1069 848 impugnari
1098 760 1526 848 opinarentur.
1603 765 1681 827 In
1713 763 1835 828 alia
1860 763 2071 829 omnia
2097 764 2251 829 abiit

548 863 831 943 FicinuS,
854 864 966 951 qui
996 864 1058 928 in
1082 865 1525 930 commentario
1553 866 1615 930 in
1648 866 1815 932 hunc
1844 866 2074 932 librum
2107 867 2252 932 Plo-

547 964 752 1032 tinum
786 990 828 1031 a
867 966 1223 1032 Christiana
1263 968 1401 1056 lege
1446 993 1569 1034 non
1614 969 1885 1036 alienum
1931 971 2122 1036 fuisse
2151 970 2248 1036 vel

547 1068 695 1135 inde
740 1069 1003 1158 intelligi
1056 1094 1234 1158 posse
1284 1073 1646 1151 arbitratur,
1699 1075 1873 1160 quod
1922 1074 2247 1139 Ammonii

547 1195 792 1263 semper
823 1175 1181 1240 Christiani
1223 1174 1568 1264 discipulus
1610 1177 1821 1257 fuerit,
1852 1192 1915 1243 et
1958 1177 2249 1265 Origenis

552 1278 1093 1344 Christianissimi
1133 1301 1376 1366 semper
1408 1279 1647 1344 amicus
1679 1281 1771 1367 (p.
1807 1301 1944 1365 191.
1976 1295 2040 1345 et
2064 1281 2149 1346 cf.
2180 1305 2245 1368 p.

558 1383 702 1465 196.
730 1379 830 1445 ed.
863 1380 1084 1466 Basil.)
1175 1382 1528 1447 Confundit
1557 1382 1880 1448 Marsilius
1910 1383 2246 1471 Origenem

550 1483 819 1549 ecclesiae
848 1497 1112 1572 patrem,
1139 1508 1282 1550 cum
1328 1485 1653 1551 Platonico
1698 1486 1970 1574 Origene
2017 1487 2248 1552 Plotini

553 1586 978 1675 condiscipulo
995 1588 1366 1652 Ammonius
1385 1604 1593 1653 autem
1623 1591 1841 1654 Saccas
1864 1612 1942 1653 an
1969 1613 2246 1677 unquam

554 1689 950 1756 Christianus
985 1690 1198 1768 fuerit,
1228 1690 1552 1777 quaeritur.
1643 1693 1787 1770 Qua
1828 1691 1907 1755 de
1951 1715 2018 1756 re
2062 1716 2253 1780 supra

554 1793 916 1860 monuimus
951 1793 1032 1858 ad
1074 1793 1497 1881 Porphyrium
1538 1793 1618 1858 de
1647 1794 1792 1859 Vita
1832 1794 2064 1859 Plotini
2094 1819 2152 1861 c.
2184 1817 2248 1882 3.

550 1920 620 1985 ·p.
676 1899 786 1981 96.
846 1898 1060 1974 Fabr.,
1111 1920 1257 1983 quae
1302 1896 1370 1961 h.
1394 1896 1433 1960 l.
1494 1910 1772 1985 repetere
1829 1920 1952 1962 non
2010 1898 2253 1965 attinet.

561 2000 710 2087 Ipse
732 2021 881 2064 vero
910 1998 1200 2064 Plotinus
1227 2022 1350 2064 non
1384 1999 1580 2087 magis
1614 2002 1937 2066 Gnosticos
1957 2002 2253 2090 appellat,

554 2125 748 2190 quam
812 2102 1231 2168 Christianos.
1323 2103 1728 2184 Eustochius,
1772 2127 1963 2191 quem
2021 2105 2084 2169 in
2142 2130 2257 2171 sua

557 2227 820 2290 operum
869 2205 1363 2271 Plotinianorum
1408 2205 1759 2293 recensione
1800 2208 1947 2274 huic
1986 2209 2146 2275 libro
2183 2212 2258 2275 ti-

559 2307 765 2374 tulum
828 2307 1146 2388 indiderit,
1204 2309 1532 2389 nescimuS,
1591 2309 1852 2375 fortasse
1917 2311 2255 2400 longiorem

558 2410 759 2490 illum,
790 2434 981 2499 quem
1025 2435 1217 2500 supra
1253 2437 1329 2477 ex
1376 2412 1616 2500 aliquot
1648 2414 1990 2480 Codicibus
2025 2438 2254 2480 memo·

561 2514 866 2579 ravimus:
912 2514 1059 2597 πρὸς
1079 2516 1214 2583 τοὺς
1242 2515 1421 2581 κακὸν
1448 2516 1555 2580 τὸν
1578 2518 2256 2602 Δημιουργὸν-λέγον-

560 2642 697 2685 ras:
745 2617 993 2683 brevior
1028 2617 1152 2697 hic,
1182 2633 1245 2683 et
1276 2619 1390 2706 qui
1427 2619 1490 2683 in
1532 2619 1817 2707 plurimis
1853 2619 2026 2684 libris
2054 2644 2256 2686 serva-

560 2738 698 2786 tur:
760 2720 907 2803 πρὸς
954 2721 1089 2788 τοὺς
1135 2723 1516 2804 γνωστικοὺς,
1562 2721 1830 2787 debetur
1876 2724 2250 2812 Porphyrio.

559 2824 766 2912 Cujus
801 2822 892 2888 rei
928 2847 1145 2889 causas
1179 2824 1314 2912 ipse
1342 2824 1616 2914 explicat
1644 2825 1724 2890 de
1757 2825 1900 2891 Vita
1930 2824 2164 2892 Plotini
2193 2851 2248 2893 c.

564 2929 666 2994 16.
710 2950 773 3016 p.
805 2928 946 2993 118.
979 2951 1074 3015 sq.
1163 2927 1410 2992 Fabric.
1459 2926 1595 2993 loco
1636 2928 1909 3007 classim,
1955 2928 2125 2994 unde
2166 2928 2259 2993 in-

558 3029 831 3117 signiora
858 3052 1281 3118 apponamus:
1330 3032 1629 3113 Γεγόνασι
1659 3032 1725 3094 δὲ
1766 3030 1888 3095 κατ’
1920 3032 2102 3097 αὐτὸν
2139 3039 2258 3097 τῶν

559 3137 933 3214 Χριστιανῶν
965 3133 1188 3198 πολλοὶ
1227 3135 1340 3213 μὲν
1384 3134 1481 3197 καὶ
1524 3135 1726 3211 ἄλλοι,
1760 3136 2039 3216 αἱρετικοὶ
2082 3138 2147 3199 δὲ
2191 3138 2259 3200 ἐκ

560 3238 660 3314 τῆς
709 3240 970 3303 παλαιᾶς
1026 3238 1397 3320 φιλοσοφίας
1455 3236 1796 3321 ἀνηγμένοι,
1847 3241 1906 3303 οἱ
1961 3239 2096 3322 περὶ
2152 3240 2258 3305 τὸν

557 3335 1253 3421 Ἀὃέλφιον-πολλοὺς
1311 3339 1637 3420 ἑξηπάτουν
1682 3342 1778 3406 καὶ
1826 3343 1992 3407 αὐτοὶ
2040 3344 2257 3425 ἠπατη-

557 3440 751 3522 μένοι,
783 3443 861 3509 ὡς
886 3443 957 3522 δὴ
984 3448 1090 3508 τοῦ
1116 3442 1446 3512 Πλάτωνος
1476 3447 1559 3512 εἷς
1596 3445 1664 3508 τὸ
1704 3444 1896 3525 βάθος
1921 3451 2022 3526 τῆς
2051 3453 2260 3528 νοητῆς

558 3544 764 3611 οὗσίας
819 3545 888 3610 οὗ
946 3545 1342 3613 πελάσαντος-ε
1408 3547 1551 3611 ὅθεν
1609 3547 1784 3615 αὐτὸς
1830 3551 1945 3629 μὲν
1994 3552 2260 3619 πολλοὺς

558 3646 851 3731 ἐλέγχους
907 3650 1256 3729 ποιούμενος
1309 3652 1377 3714 ἐν
1427 3656 1554 3717 ταῖς
1606 3653 1972 3731 συνουσίαις,
2016 3653 2260 3738 γράψας

562 3751 657 3814 καὶ
682 3751 958 3830 βίβλων,
988 3753 1137 3833 ὅπερ
1163 3751 1309 3834 πρὸς
1335 3752 1470 3820 τοὺς
1508 3755 1873 3823 Γνωστικοὺς
1907 3757 2253 3840 ἐπεγράψα-

558 3877 690 3932 μεν,
721 3854 862 3933 ἡμῖν
892 3856 966 3918 τὰ
993 3856 1179 3917 λοιπὰ
1208 3857 1427 3936 κρίνειν
1466 3855 1886 3922 καταλέλοιπε.
1978 3866 2021 3898 “
2054 3860 2259 3924 Erant

562 3955 901 4022 Christiani
922 3979 998 4020 eo
1019 3969 1299 4043 tempore
1326 3956 1507 4022 multi
1533 3974 1668 4023 tum
1701 3959 1801 4023 alii
1827 3974 1960 4025 tum
1993 3985 2071 4025 ex
2102 3962 2260 4026 anti-

559 4082 688 4147 qua
715 4058 1112 4146 philomphia
1147 4060 1373 4147 egressi
1414 4061 1687 4127 haeretici
1724 4063 2026 4152 Adelphii
2071 4082 2257 4130 secta,-

558 4177 725 4227 tores
766 4174 829 4227 et
867 4161 1251 4250 deceperunt
1293 4162 1546 4242 multoS,
1578 4179 1641 4229 et
1685 4164 1803 4253 ipsi
1840 4165 2084 4256 decepti
2120 4169 2252 4256 jam

468 4296 476 4307 ·
554 4265 832 4331 fuerant:
860 4282 1200 4330 asserentes
1210 4266 1534 4331 Platonem
1555 4267 1962 4356 intelligibilis
1976 4272 2256 4338 essentiae

553 4367 944 4457 profundum
969 4368 1221 4434 minime
1243 4385 1613 4457 penetrasse.
1644 4372 1848 4448 Quam
1870 4373 1953 4438 ob
1973 4396 2097 4439 rem
2115 4374 2260 4440 Plo-

556 4471 724 4537 tinus
753 4471 984 4537 multas
1020 4471 1085 4535 in
1127 4471 1655 4561 disputationibus
1692 4475 1818 4538 suis
1845 4476 1909 4539 in
1939 4501 2045 4542 eos
2071 4501 2259 4566 argu-

555 4575 966 4641 mentationes
991 4574 1225 4652 intulit,
1249 4575 1616 4663 scripsitque
1638 4593 1856 4643 contra
1875 4604 1981 4644 eos
2000 4579 2255 4661 librum,

554 4700 734 4768 quem
756 4686 976 4743 contra
988 4679 1314 4743 Gnosticos
1334 4702 1450 4744 nos
1470 4681 1936 4769 inscripsimus,
1954 4682 2257 4771 nobisque

556 4780 798 4869 reliqua
824 4779 1134 4845 discutere
1161 4793 1225 4844 et
1249 4779 1536 4866 judicare
1568 4783 1934 4849 commisit.”
2021 4787 2067 4849 J
2071 4809 2169 4850 am
2206 4787 2256 4851 si

555 4899 1048 4971 quaeras,utrum
1069 4898 1233 4948 recte
1248 4882 1419 4949 hunc
1436 4884 1690 4950 titulum
1709 4887 2258 4954 librofeceritPor-

556 4988 841 5075 phyrius,
866 5009 980 5051 nec
1010 5009 1113 5050 ne:
1147 5002 1314 5051 recte
1341 5011 1485 5052 eum
1508 4988 1724 5054 fecisse
1744 4990 2108 5079 optimaque
2135 4993 2257 5057 fide

555 5090 774 5178 egisse,
804 5089 1081 5155 dubitari
1121 5113 1233 5155 nos
1269 5114 1393 5156 non
1431 5092 1671 5178 patitur
1703 5094 1839 5182 ejus
1874 5094 2161 5183 discipuli
2191 5095 2255 5159 in

556 5193 923 5282 magistrum
969 5193 1187 5281 pietas,
1219 5216 1333 5259 nec
1379 5195 1577 5283 magis
1613 5196 2040 5262 dubitabimus
2080 5197 2258 5262 fami-

555 5294 687 5361 liari
731 5296 796 5360 in
846 5319 1128 5361 sermone
1177 5296 1408 5386 saepius
1450 5297 1612 5363 inter
1656 5324 1761 5365 eos
1812 5299 2253 5365 Gnosticorum

558 5399 933 5465 mentionem
973 5399 1163 5465 fuisse
1205 5400 1471 5475 factam;
1519 5416 1583 5467 et
1609 5426 1759 5468 vero
1795 5402 1928 5492 ipse
1968 5402 2258 5470 Plotinus

558 5503 759 5591 capite
803 5517 981 5568 sexto
1022 5501 1166 5567 libri
1209 5503 1307 5567 sui
1348 5503 1535 5592 plane
1575 5528 1718 5570 cum
1760 5505 2116 5596 Porphyrio
2143 5507 2186 5571 l.
2211 5506 2255 5571 l.

558 5605 861 5672 consentit
903 5604 1176 5670 scribens
1207 5629 1274 5693 p.
1309 5624 1452 5693 203.
1488 5609 1564 5672 F.
1608 5608 1762 5675 ὅλως
1800 5611 1917 5692 γὰρ
1952 5610 2150 5680 αὐτοῖς
2181 5614 2258 5675 τὰ

3911 613 4032 678 119

2333 765 2447 843 μὲν
2475 765 2638 845 παρὰ
2667 767 2772 827 τοῦ
2800 761 3130 830 Πλάτωνος
3158 766 3452 844 εὶληπται,
3476 767 3552 829 τὰ
3579 766 3666 842 δὲ,
3689 765 3809 829 ὅσα
3838 791 4033 830 καινο-

2334 872 2638 946 τομοῦσιν,
2689 868 2789 931 ἵνα
2839 867 2992 930 ἰδίαν
3050 869 3429 950 φιλοσοφίαν
3486 873 3724 946 θῶνται,
3769 868 3879 948 ἔξω
3932 872 4034 949 τῆς

2335 969 2618 1049 ἀληθείας
2674 971 2913 1051 εἴρηται.
3010 969 3176 1035 Haec
3233 993 3417 1035 nemo
3474 983 3603 1036 tam
3661 994 3862 1036 caecus
3915 987 4031 1051 est,

2334 1072 2484 1158 quia
2506 1071 2738 1150 videat,
2762 1094 2885 1136 non
2915 1074 2987 1136 in
3021 1074 3422 1139 Christianos
3450 1073 3571 1139 dici
3603 1074 3900 1163 potuisse,
3927 1077 4033 1141 sed

2335 1176 2404 1238 in
2437 1175 2784 1253 Gnosticos,
2816 1198 2921 1239 eos
2950 1175 3364 1264 potissimum,
3388 1177 3499 1265 qui
3527 1201 3671 1243 cum
3702 1201 3742 1242 a
3769 1177 4035 1243 Platone

2333 1277 2679 1365 plurimum
2718 1279 3128 1364 profecerant,
3157 1279 3352 1368 hujus
3387 1280 3744 1370 philosophi
3786 1279 4038 1350 decreta

2333 1380 2415 1445 ad
2464 1404 2641 1445 suam
2695 1380 2996 1446 rationem
3047 1381 3528 1470 detorquebant.
3619 1387 3840 1470 Atque
3888 1406 4033 1448 cum

2333 1483 2599 1571 quaestio
2626 1485 2702 1547 de
2728 1487 2987 1573 origine
3018 1486 3170 1549 mali
3210 1486 3274 1550 in
3311 1486 3428 1551 hoc
3467 1485 3629 1551 libro
3670 1486 4034 1574 primarium

2335 1587 2540 1652 locum
2599 1603 2899 1675 occupet;
2970 1611 3161 1676 supra
3217 1589 3351 1676 jam
3418 1588 3835 1654 intelleximus
3898 1612 4033 1655 eam

2334 1690 2742 1777 quaestionem
2800 1690 2883 1755 ab
2937 1691 3248 1756 haereticis
3299 1691 3686 1779 potissimum
3736 1692 4034 1780 agitatam

2338 1793 2545 1857 fuisse.
2636 1793 2797 1858 Vide
2830 1794 3017 1857 finem
3057 1794 3503 1860 Annotationis
3539 1810 3768 1860 nostrae
3810 1796 3874 1860 in
3922 1797 4038 1861 In-

2339 1895 2734 1982 scriptionem
2765 1896 3052 1961 Ennead.
3090 1898 3145 1962 1.
3184 1898 3241 1962 8.
3275 1922 3338 1984 p.
3359 1916 3466 1981 72.
3530 1901 3846 1963 Caeterum
3878 1898 4035 1964 illud

2340 2015 2671 2087 propterea
2696 2022 2820 2063 non
2843 1999 3219 2087 negaverim,
3247 2001 3670 2089 Porphyrium
3695 2018 3759 2067 et
3778 2002 4040 2068 fortasse

2341 2102 2525 2167 etiam
2575 2101 2894 2167 Amelium
2940 2102 3218 2190 aliosque
3259 2103 3322 2167 in
3368 2104 3497 2169 suis
3530 2103 3705 2169 libris
3740 2105 4040 2170 adversus

2345 2205 2678 2270 Gnosticos
2706 2205 2888 2270 etiam
2915 2206 3303 2271 Christianos
3324 2230 3489 2294 soepe
3510 2207 3865 2294 complexos
3886 2232 4037 2287 esse,

2342 2322 2407 2372 et
2435 2306 2637 2372 multa
2655 2306 2903 2372 inimico
2919 2307 2983 2371 in
3009 2307 3427 2372 Christianam
3451 2306 3808 2396 religionem
3832 2309 4041 2374 animo

2341 2409 2713 2498 disputasse.
2801 2411 3125 2475 Plotinum
3181 2420 3390 2476 autem
3439 2421 3759 2477 teneamus
3807 2416 3880 2476 in
3929 2414 4041 2480 hoc

2340 2522 2502 2578 certe
2543 2515 2705 2578 libro
2745 2536 2873 2577 non
2917 2523 3046 2577 tam
3078 2513 3386 2578 adversus
3433 2515 3834 2581 Christianos
3875 2517 4043 2580 mili-

2343 2626 2503 2694 tare,
2542 2639 2734 2704 quam
2776 2617 3085 2681 adversus
3132 2617 3475 2681 Giwsticos.
3566 2618 3790 2682 Restat
3837 2634 3907 2683 ut
3948 2618 4043 2683 di-

2341 2720 2695 2807 spiciamuS,
2721 2742 2910 2807 quam
2934 2721 3333 2807 potissimum
3365 2720 3802 2785 Gnosticorum
3813 2723 4037 2808 fimi·

2336 2824 2492 2886 liam
2535 2832 2801 2911 tangere
2831 2820 3121 2886 videatur
3165 2821 3568 2910 Lycopolites
3609 2822 4040 2912 philosophus.

2342 2928 2447 2990 Ac
2504 2948 2689 2990 nemo
2739 2924 2985 3012 ignorat
3036 2925 3278 2989 Gnosin
3329 2925 3550 2990 horum
3610 2925 4041 2994 haereticorum

2343 3028 2528 3092 variis
2584 3052 2620 3093 e
2675 3028 2958 3093 fontibus
3013 3050 3313 3106 manasse,
3372 3029 3436 3093 in
3495 3052 3693 3116 eaque
3749 3029 4045 3095 conflatas

2312 3131 2533 3196 'fuisse
2594 3131 2868 3211 IndicaS,
2925 3130 3225 3213 Persicas,
3278 3133 3324 3195 J
3331 3131 3604 3211 udaicas,
3666 3131 4041 3212 Platonicas,

2347 3234 2731 3300 Christianas
2775 3233 3048 3322 denique
3094 3233 3425 3301 doctrinas.
3517 3237 3653 3301 Nec
3701 3218 4046 3303 Manichae-

2343 3361 2523 3403 orum
2575 3338 2732 3403 ratio
2782 3354 2845 3403 et
2888 3357 3054 3403 secta
3093 3362 3132 3403 a
3177 3339 3493 3404 Gnosticis
3536 3340 3881 3428 separanda
3931 3357 4040 3406 est.

2344 3440 2843 3507 Manichaeorum
2894 3457 3103 3506 autem
3151 3440 3379 3529 placita
3425 3441 3506 3506 ad
3550 3442 3763 3507 vivum
3816 3467 4046 3531 cogno-

2345 3545 2573 3610 scimus
2599 3569 2678 3610 ex
2701 3545 2974 3610 formula
2999 3544 3403 3609 execrationis
3429 3567 3670 3623 eorum,
3693 3545 3803 3633 qui
3833 3546 3916 3611 ad
3943 3568 4042 3611 ca-

2346 3647 2636 3714 tholicam
2666 3647 3011 3713 doctrinam
3047 3646 3319 3711 redirent
3347 3670 3446 3735 ap.
3477 3649 3523 3711 J
3527 3670 3619 3713 ac.
3651 3647 3934 3714 Tollium
3972 3649 4038 3714 in

2348 3750 2589 3839 Insign.
2638 3750 2949 3816 Itinerarii
2996 3749 3139 3814 Ital.
3192 3751 3381 3815 Tom.
3419 3752 3476 3814 Ι.
3514 3773 3576 3838 p.
3608 3770 3747 3836 134.
3790 3750 4040 3818 Ἀναθε-

2341 3857 2557 3935 ματίζω
2586 3855 2721 3923 τοὺς
2749 3854 2855 3918 τὸν
2885 3853 3180 3936 Ζαράδαν,
3215 3854 3311 3918 καὶ
3340 3858 3588 3929 Βουδᾶν,
3623 3857 3719 3919 καὶ
3755 3854 3862 3919 τὸν
3897 3860 4039 3938 Χρι-

2345 3957 2516 4032 στὸν,
2547 3958 2642 4022 καὶ
2670 3958 2779 4021 τὸν
2807 3962 3173 4041 Μανιχαῖον,
3208 3982 3303 4021 και
3330 3957 3437 4023 τὸν
3462 3958 3639 4038 ἥλιον
3669 3959 3778 4023 ἕνα
3808 3959 3903 4023 καὶ
3931 3958 4037 4024 τὸν

2345 4060 2524 4124 αὐτὸν
2576 4061 2728 4126 εἶναι
2766 4060 3076 4143 λέγοντας.
3168 4061 3271 4124 Eo
3312 4059 3477 4124 enim
3519 4059 3765 4125 redibat
3811 4061 4036 4127 horum

2344 4163 2651 4242 doctrina,
2679 4178 2754 4229 ut
2800 4163 3121 4228 Christum
3166 4163 3398 4250 pariter
3437 4178 3629 4251 atque
3672 4162 4038 4244 Buddham,

2343 4270 2738 4333 Zoroastrem
2770 4268 3219 4354 Manetemque
3245 4265 3711 4353 quodammodo
3738 4290 3856 4355 pro
3898 4267 4043 4333 solis

2342 4370 2486 4436 filiis
2513 4372 2641 4436 sive
2671 4393 2785 4459 pro
2811 4370 2885 4435 iis
2913 4371 3191 4448 haberet,
3213 4369 3277 4434 in
3306 4369 3538 4456 quibus
3554 4370 3649 4434 vis
3676 4370 3821 4435 solis
3847 4386 4038 4459 atque

2344 4476 2632 4564 majestas
2659 4498 2723 4539 se
2753 4475 2910 4539 miro
2947 4473 3221 4561 quodam
3253 4472 3440 4537 modo
3466 4474 3862 4562 conspicuam
3899 4474 4038 4539 red-

2342 4577 2616 4643 didisset.
2707 4579 2810 4641 De
2867 4575 3147 4641 Buddha
3192 4573 3499 4639 tenendus
3555 4590 3650 4640 est
3706 4575 3808 4643 hic
3864 4576 4037 4643 locus

2346 4680 2685 4747 Clementis
2741 4678 2933 4743 Alex.
2996 4681 3286 4743 Stromm.
3342 4679 3402 4743 Ι.
3445 4701 3511 4766 p.
3542 4698 3691 4765 359.
3753 4681 4032 4746 Potteri:

2345 4785 2463 4849 εἶσὶ
2492 4787 2557 4848 δὲ
2587 4790 2703 4848 τῶν
2730 4783 2934 4848 Ἰνδῶν
2964 4785 3023 4847 οἱ
3050 4787 3173 4850 τοῖς
3203 4783 3432 4846 Bostra
3450 4783 3792 4863 πειθόμενοι
3810 4809 4039 4868 παραγ-

2342 4887 2665 4970 γέλμασιν.
2712 4886 2784 4951 ὃν
2812 4885 2882 4950 δι’
2912 4885 3257 4968 ὑπερβολὴν
3285 4887 3645 4964 σεμνότητος
3672 4888 3755 4952 εἰς
3776 4885 3905 4968 (vel
3927 4890 4032 4972 ὥς)

2342 4990 2485 5055 θεὸν
2512 4989 2871 5070 τετιμήκασι.
2931 4990 3022 5053 Et
3052 4986 3358 5075 principes
3388 4986 3888 5053 Manichaeorum
3916 4988 4034 5054 hoc

2332 5093 2678 5180 jactabant,
2714 5091 3091 5179 Scythianus
3134 5115 3198 5156 se
3245 5092 3497 5155 Patrem
3540 5114 3693 5172 esse,
3728 5090 4034 5157 Buddhas

2341 5195 2470 5261 sive
2516 5195 2944 5261 Terebinthus
2989 5195 3407 5279 (Τερέβινθος)
3452 5217 3518 5259 se
3553 5193 3752 5259 filium
3788 5193 3913 5257 Dei
3950 5218 4031 5261 ex

2341 5298 2584 5387 virgine
2637 5298 3057 5387 progenitum,
3111 5299 3339 5362 Manes
3392 5296 3665 5384 denique
3719 5320 3784 5360 se
3842 5298 4035 5363 Para-

2338 5401 2568 5469 cletum
2598 5401 3035 5486 (παράκλητον)
3062 5400 3189 5464 sive
3222 5390 3523 5488 Spiritum
3552 5403 3849 5465 Sanctum
3878 5424 4032 5467 esse.

2344 5504 2645 5587 (Photius
2683 5502 2982 5567 adversus
3026 5502 3414 5568 Manichaeos
3457 5500 3564 5566 lib.
3611 5501 3665 5564 Ι.
3710 5524 3777 5589 p.
3821 5520 3927 5588 47.
3972 5506 4038 5572 in

2341 5608 2558 5675 Wolfii
2602 5604 2890 5672 Anecdd.
2938 5606 3091 5671 Grr.
3126 5608 3215 5690 Ι.)
3310 5604 3513 5670 Indici
3557 5604 3855 5673 Buddhae
3896 5609 4039 5675 reli·
