<?xml version="1.0" encoding="UTF-8"?>
<!DOCTYPE html PUBLIC "-//W3C//DTD XHTML 1.0 Transitional//EN"
    "http://www.w3.org/TR/xhtml1/DTD/xhtml1-transitional.dtd">
<html xmlns="http://www.w3.org/1999/xhtml" xml:lang="en" lang="en">
 <head>
  <title>
</title>
<meta http-equiv="Content-Type" content="text/html;charset=utf-8" />
  <meta name='ocr-system' content='tesseract 3.04.00' />
  <meta name='ocr-capabilities' content='ocr_page ocr_carea ocr_par ocr_line ocrx_word'/>
</head>
<body>
  <div class='ocr_page' id='page_1' title='image "./plotinioperaomn00chumgoog_0171.png"; bbox 0 0 5118 6613; ppageno 0'>
   <div class='ocr_carea' id='block_1_1' title="bbox 1318 558 3203 653">
    <p class='ocr_par' dir='ltr' id='par_1_1' title="bbox 1318 558 3203 653">
     <span class='ocr_line' id='line_1_1' title="bbox 1318 558 3203 653; baseline 0.002 -30"><span class='ocrx_word' id='word_1_1' title='bbox 1318 558 1515 623; x_wconf 88' lang='lat' dir='ltr'><strong>LIB.</strong></span> <span class='ocrx_word' id='word_1_2' title='bbox 1565 560 1681 624; x_wconf 92' lang='lat' dir='ltr'><strong>1v.</strong></span> <span class='ocrx_word' id='word_1_3' title='bbox 1730 560 2194 626; x_wconf 85' lang='lat' dir='ltr'><strong>ENNEAD.</strong></span> <span class='ocrx_word' id='word_1_4' title='bbox 2243 560 2703 627; x_wconf 81' lang='lat' dir='ltr'><strong>TERTIAE.</strong></span> <span class='ocrx_word' id='word_1_5' title='bbox 2749 578 3203 653; x_wconf 81' lang='lat' dir='ltr'><strong>p·515—520·</strong></span> 
     </span>
    </p>
   </div>
   <div class='ocr_carea' id='block_1_2' title="bbox 533 728 2238 4842">
    <p class='ocr_par' dir='ltr' id='par_1_2' title="bbox 541 728 2237 1437">
     <span class='ocr_line' id='line_1_2' title="bbox 541 728 2235 818; baseline 0.001 -23"><span class='ocrx_word' id='word_1_6' title='bbox 541 728 1008 795; x_wconf 61' lang='lat' dir='ltr'>trahebantur-J⁹</span> <span class='ocrx_word' id='word_1_7' title='bbox 1096 730 1382 818; x_wconf 90' lang='lat' dir='ltr'>Cogendi</span> <span class='ocrx_word' id='word_1_8' title='bbox 1424 745 1636 797; x_wconf 86' lang='lat' dir='ltr'>autem</span> <span class='ocrx_word' id='word_1_9' title='bbox 1664 731 1793 796; x_wconf 82' lang='lat' dir='ltr'>vim</span> <span class='ocrx_word' id='word_1_10' title='bbox 1822 732 2005 797; x_wconf 86' lang='lat' dir='ltr'>etiam</span> <span class='ocrx_word' id='word_1_11' title='bbox 2039 731 2235 797; x_wconf 87' lang='lat' dir='ltr'>inesse</span> 
     </span>
     <span class='ocr_line' id='line_1_3' title="bbox 541 830 2236 920; baseline 0.001 -22"><span class='ocrx_word' id='word_1_12' title='bbox 541 834 605 898; x_wconf 89' lang='lat' dir='ltr'>in</span> <span class='ocrx_word' id='word_1_13' title='bbox 630 833 748 897; x_wconf 92' lang='lat' dir='ltr'>hoc</span> <span class='ocrx_word' id='word_1_14' title='bbox 766 832 980 911; x_wconf 83' lang='lat' dir='ltr'>verbo,</span> <span class='ocrx_word' id='word_1_15' title='bbox 1002 847 1067 897; x_wconf 93' lang='lat' dir='ltr'>et</span> <span class='ocrx_word' id='word_1_16' title='bbox 1087 830 1263 898; x_wconf 88' lang='lat' dir='ltr'>locus</span> <span class='ocrx_word' id='word_1_17' title='bbox 1285 833 1691 901; x_wconf 88' lang='lat' dir='ltr'>Herodoteus</span> <span class='ocrx_word' id='word_1_18' title='bbox 1710 836 1872 899; x_wconf 91' lang='lat' dir='ltr'><strong>v11.</strong></span> <span class='ocrx_word' id='word_1_19' title='bbox 1902 855 2039 920; x_wconf 87' lang='grc'><strong>130.</strong></span> <span class='ocrx_word' id='word_1_20' title='bbox 2062 857 2236 899; x_wconf 91' lang='lat' dir='ltr'>mon-</span> 
     </span>
     <span class='ocr_line' id='line_1_4' title="bbox 541 934 2233 1026; baseline 0 -24"><span class='ocrx_word' id='word_1_21' title='bbox 541 952 716 1015; x_wconf 85' lang='lat' dir='ltr'>strat,</span> <span class='ocrx_word' id='word_1_22' title='bbox 743 950 808 1000; x_wconf 92' lang='lat' dir='ltr'>et</span> <span class='ocrx_word' id='word_1_23' title='bbox 841 957 995 999; x_wconf 89' lang='lat' dir='ltr'>usus</span> <span class='ocrx_word' id='word_1_24' title='bbox 1022 934 1216 1000; x_wconf 85' lang='lat' dir='ltr'>Verbi</span> <span class='ocrx_word' id='word_1_25' title='bbox 1250 934 1548 1011; x_wconf 85' lang='lat' dir='ltr'>forensis;</span> <span class='ocrx_word' id='word_1_26' title='bbox 1595 937 1677 1002; x_wconf 90' lang='lat' dir='ltr'>de</span> <span class='ocrx_word' id='word_1_27' title='bbox 1709 961 1841 1026; x_wconf 90' lang='lat' dir='ltr'>quo</span> <span class='ocrx_word' id='word_1_28' title='bbox 1870 937 1999 1003; x_wconf 86' lang='lat' dir='ltr'><strong>vid.</strong></span> <span class='ocrx_word' id='word_1_29' title='bbox 2040 938 2233 1003; x_wconf 91' lang='lat' dir='ltr'>Dion.</span> 
     </span>
     <span class='ocr_line' id='line_1_5' title="bbox 543 1037 2232 1129; baseline 0.001 -23"><span class='ocrx_word' id='word_1_30' title='bbox 543 1037 888 1106; x_wconf 82' lang='lat' dir='ltr'>Godofred.</span> <span class='ocrx_word' id='word_1_31' title='bbox 929 1037 1013 1103; x_wconf 85' lang='lat' dir='ltr'>ad</span> <span class='ocrx_word' id='word_1_32' title='bbox 1053 1037 1397 1125; x_wconf 84' lang='lat' dir='ltr'>Theophili</span> <span class='ocrx_word' id='word_1_33' title='bbox 1442 1039 1755 1107; x_wconf 83' lang='lat' dir='ltr'>Institutt.</span> <span class='ocrx_word' id='word_1_34' title='bbox 1787 1041 1907 1106; x_wconf 91' lang='lat' dir='ltr'>1v.</span> <span class='ocrx_word' id='word_1_35' title='bbox 1939 1042 2002 1105; x_wconf 89' lang='lat'>6.</span> <span class='ocrx_word' id='word_1_36' title='bbox 2035 1060 2135 1123; x_wconf 86' lang='lat'>24.</span> <span class='ocrx_word' id='word_1_37' title='bbox 2165 1064 2232 1129; x_wconf 89' lang='lat' dir='ltr'>p.</span> 
     </span>
     <span class='ocr_line' id='line_1_6' title="bbox 545 1141 2232 1233; baseline 0.002 -26"><span class='ocrx_word' id='word_1_38' title='bbox 545 1143 689 1209; x_wconf 83' lang='lat'><strong>812.</strong></span> <span class='ocrx_word' id='word_1_39' title='bbox 738 1142 842 1207; x_wconf 88' lang='lat' dir='ltr'>ed.</span> <span class='ocrx_word' id='word_1_40' title='bbox 886 1141 1096 1207; x_wconf 88' lang='lat' dir='ltr'>Reitz.</span> <span class='ocrx_word' id='word_1_41' title='bbox 1186 1142 1396 1208; x_wconf 88' lang='lat' dir='ltr'>Possis</span> <span class='ocrx_word' id='word_1_42' title='bbox 1444 1143 1632 1210; x_wconf 88' lang='lat' dir='ltr'>etiam</span> <span class='ocrx_word' id='word_1_43' title='bbox 1681 1143 1958 1233; x_wconf 86' lang='lat' dir='ltr'>accipere</span> <span class='ocrx_word' id='word_1_44' title='bbox 2004 1143 2232 1210; x_wconf 88' lang='lat' dir='ltr'>deflec-</span> 
     </span>
     <span class='ocr_line' id='line_1_7' title="bbox 542 1244 2237 1337; baseline 0 -25"><span class='ocrx_word' id='word_1_45' title='bbox 542 1245 716 1312; x_wconf 86' lang='lat' dir='ltr'><strong>tendi</strong></span> <span class='ocrx_word' id='word_1_46' title='bbox 744 1245 1092 1333; x_wconf 85' lang='lat' dir='ltr'>significatu</span> <span class='ocrx_word' id='word_1_47' title='bbox 1123 1244 1404 1333; x_wconf 84' lang='lat' dir='ltr'>tropico;</span> <span class='ocrx_word' id='word_1_48' title='bbox 1454 1247 1565 1334; x_wconf 89' lang='lat' dir='ltr'>qui</span> <span class='ocrx_word' id='word_1_49' title='bbox 1609 1248 1901 1337; x_wconf 89' lang='lat' dir='ltr'>proprius</span> <span class='ocrx_word' id='word_1_50' title='bbox 1928 1248 2237 1336; x_wconf 85' lang='lat' dir='ltr'>reperitur</span> 
     </span>
     <span class='ocr_line' id='line_1_8' title="bbox 542 1346 1479 1437; baseline 0.001 -22"><span class='ocrx_word' id='word_1_51' title='bbox 542 1351 604 1416; x_wconf 89' lang='lat' dir='ltr'>in</span> <span class='ocrx_word' id='word_1_52' title='bbox 639 1348 939 1437; x_wconf 89' lang='lat' dir='ltr'>Xenoph.</span> <span class='ocrx_word' id='word_1_53' title='bbox 969 1346 1247 1434; x_wconf 76' lang='grc' dir='ltr'>Ἱππαρχ.</span> <span class='ocrx_word' id='word_1_54' title='bbox 1283 1351 1343 1414; x_wconf 94' lang='grc' dir='ltr'><strong>Ι.</strong></span> <span class='ocrx_word' id='word_1_55' title='bbox 1382 1351 1479 1417; x_wconf 91' lang='lat'>18.</span> 
     </span>
    </p>

    <p class='ocr_par' dir='ltr' id='par_1_3' title="bbox 541 1452 2237 1851">
     <span class='ocr_line' id='line_1_9' title="bbox 613 1452 2232 1542; baseline 0.002 -24"><span class='ocrx_word' id='word_1_56' title='bbox 613 1477 684 1542; x_wconf 91' lang='lat' dir='ltr'>p.</span> <span class='ocrx_word' id='word_1_57' title='bbox 695 1473 736 1539; x_wconf 87' lang='lat'><em>5</em></span> <span class='ocrx_word' id='word_1_58' title='bbox 751 1452 922 1532; x_wconf 87' lang='lat'><strong>18,2.</strong></span> <span class='ocrx_word' id='word_1_59' title='bbox 936 1458 1222 1535; x_wconf 88' lang='grc' dir='ltr'>μαρτυρεῖ</span> <span class='ocrx_word' id='word_1_60' title='bbox 1235 1457 1310 1518; x_wconf 78' lang='grc' dir='ltr'>τὰ</span> <span class='ocrx_word' id='word_1_61' title='bbox 1328 1457 1485 1541; x_wconf 74' lang='grc' dir='ltr'>ἐντῷ</span> <span class='ocrx_word' id='word_1_62' title='bbox 1502 1456 1758 1542; x_wconf 78' lang='grc' dir='ltr'>Τιμαίῳ]</span> <span class='ocrx_word' id='word_1_63' title='bbox 1789 1454 2038 1521; x_wconf 86' lang='lat' dir='ltr'>Platon.</span> <span class='ocrx_word' id='word_1_64' title='bbox 2060 1456 2232 1521; x_wconf 85' lang='lat' dir='ltr'><strong>Tim.</strong></span> 
     </span>
     <span class='ocr_line' id='line_1_10' title="bbox 543 1555 2233 1646; baseline 0.002 -24"><span class='ocrx_word' id='word_1_65' title='bbox 543 1581 604 1646; x_wconf 87' lang='lat' dir='ltr'>p.</span> <span class='ocrx_word' id='word_1_66' title='bbox 629 1578 737 1644; x_wconf 90' lang='lat'>90.</span> <span class='ocrx_word' id='word_1_67' title='bbox 763 1579 830 1645; x_wconf 92' lang='lat' dir='ltr'>p.</span> <span class='ocrx_word' id='word_1_68' title='bbox 869 1575 1009 1643; x_wconf 90' lang='lat'><strong>137.</strong></span> <span class='ocrx_word' id='word_1_69' title='bbox 1041 1579 1132 1643; x_wconf 89' lang='lat' dir='ltr'>sq.</span> <span class='ocrx_word' id='word_1_70' title='bbox 1167 1555 1368 1622; x_wconf 86' lang='lat' dir='ltr'><strong>Bekk.</strong></span> <span class='ocrx_word' id='word_1_71' title='bbox 1415 1557 1520 1624; x_wconf 85' lang='lat' dir='ltr'><strong>Cf.</strong></span> <span class='ocrx_word' id='word_1_72' title='bbox 1558 1558 1743 1622; x_wconf 86' lang='lat' dir='ltr'>etiam</span> <span class='ocrx_word' id='word_1_73' title='bbox 1791 1557 1998 1624; x_wconf 89' lang='lat' dir='ltr'>Procli</span> <span class='ocrx_word' id='word_1_74' title='bbox 2027 1559 2233 1625; x_wconf 89' lang='lat' dir='ltr'>locum</span> 
     </span>
     <span class='ocr_line' id='line_1_11' title="bbox 542 1660 2237 1752; baseline 0.002 -26"><span class='ocrx_word' id='word_1_75' title='bbox 542 1663 607 1726; x_wconf 92' lang='lat' dir='ltr'>in</span> <span class='ocrx_word' id='word_1_76' title='bbox 635 1660 839 1726; x_wconf 89' lang='lat' dir='ltr'>Alcib.</span> <span class='ocrx_word' id='word_1_77' title='bbox 869 1683 964 1748; x_wconf 89' lang='lat' dir='ltr'>pr.</span> <span class='ocrx_word' id='word_1_78' title='bbox 987 1662 1171 1748; x_wconf 88' lang='lat' dir='ltr'>cujus</span> <span class='ocrx_word' id='word_1_79' title='bbox 1200 1661 1537 1750; x_wconf 82' lang='lat' dir='ltr'>insigniora</span> <span class='ocrx_word' id='word_1_80' title='bbox 1551 1662 1733 1750; x_wconf 90' lang='lat' dir='ltr'>posui</span> <span class='ocrx_word' id='word_1_81' title='bbox 1763 1663 1826 1727; x_wconf 92' lang='lat' dir='ltr'>in</span> <span class='ocrx_word' id='word_1_82' title='bbox 1859 1680 2009 1729; x_wconf 86' lang='lat' dir='ltr'>nota</span> <span class='ocrx_word' id='word_1_83' title='bbox 2034 1664 2237 1752; x_wconf 89' lang='lat' dir='ltr'>prima</span> 
     </span>
     <span class='ocr_line' id='line_1_12' title="bbox 541 1763 1235 1851; baseline -0.001 -22"><span class='ocrx_word' id='word_1_84' title='bbox 541 1764 605 1829; x_wconf 86' lang='lat' dir='ltr'>in</span> <span class='ocrx_word' id='word_1_85' title='bbox 633 1764 755 1829; x_wconf 89' lang='lat' dir='ltr'>hoc</span> <span class='ocrx_word' id='word_1_86' title='bbox 780 1763 989 1851; x_wconf 89' lang='lat' dir='ltr'>ipsum</span> <span class='ocrx_word' id='word_1_87' title='bbox 1017 1777 1235 1851; x_wconf 84' lang='lat' dir='ltr'>caput.</span> 
     </span>
    </p>

    <p class='ocr_par' dir='ltr' id='par_1_4' title="bbox 539 1867 2238 2787">
     <span class='ocr_line' id='line_1_13' title="bbox 623 1867 2232 1957; baseline 0.001 -23"><span class='ocrx_word' id='word_1_88' title='bbox 623 1905 713 1919; x_wconf 94' lang='lat'>--</span> <span class='ocrx_word' id='word_1_89' title='bbox 748 1887 846 1934; x_wconf 89' lang='lat'>10.</span> <span class='ocrx_word' id='word_1_90' title='bbox 870 1868 964 1933; x_wconf 83' lang='grc' dir='ltr'>καὶ</span> <span class='ocrx_word' id='word_1_91' title='bbox 993 1869 1217 1948; x_wconf 83' lang='grc' dir='ltr'>δαίμων</span> <span class='ocrx_word' id='word_1_92' title='bbox 1238 1870 1424 1954; x_wconf 80' lang='grc' dir='ltr'>τούτῳ</span> <span class='ocrx_word' id='word_1_93' title='bbox 1455 1867 1618 1956; x_wconf 90' lang='grc' dir='ltr'>θεός]</span> <span class='ocrx_word' id='word_1_94' title='bbox 1667 1867 1767 1933; x_wconf 85' lang='lat' dir='ltr'>Cf.</span> <span class='ocrx_word' id='word_1_95' title='bbox 1793 1869 1957 1933; x_wconf 83' lang='lat' dir='ltr'>infra</span> <span class='ocrx_word' id='word_1_96' title='bbox 1985 1892 2048 1957; x_wconf 89' lang='lat' dir='ltr'>p.</span> <span class='ocrx_word' id='word_1_97' title='bbox 2086 1872 2232 1956; x_wconf 89' lang='lat'><strong>296.</strong></span> 
     </span>
     <span class='ocr_line' id='line_1_14' title="bbox 543 1971 2238 2061; baseline -0.001 -20"><span class='ocrx_word' id='word_1_98' title='bbox 543 1977 617 2041; x_wconf 88' lang='grc' dir='ltr'>Β.</span> <span class='ocrx_word' id='word_1_99' title='bbox 644 1977 725 2041; x_wconf 85' lang='lat' dir='ltr'>C.</span> <span class='ocrx_word' id='word_1_100' title='bbox 792 1975 948 2038; x_wconf 92' lang='lat' dir='ltr'>Huc</span> <span class='ocrx_word' id='word_1_101' title='bbox 974 1971 1124 2038; x_wconf 83' lang='lat' dir='ltr'>facit</span> <span class='ocrx_word' id='word_1_102' title='bbox 1153 1972 1425 2038; x_wconf 85' lang='lat' dir='ltr'>narratio</span> <span class='ocrx_word' id='word_1_103' title='bbox 1446 1972 1784 2061; x_wconf 82' lang='lat' dir='ltr'>Porphyrii</span> <span class='ocrx_word' id='word_1_104' title='bbox 1813 1974 1894 2038; x_wconf 94' lang='lat' dir='ltr'>de</span> <span class='ocrx_word' id='word_1_105' title='bbox 1916 1975 2061 2040; x_wconf 90' lang='lat' dir='ltr'>Vita</span> <span class='ocrx_word' id='word_1_106' title='bbox 2091 1975 2238 2040; x_wconf 92' lang='lat' dir='ltr'>Plo-</span> 
     </span>
     <span class='ocr_line' id='line_1_15' title="bbox 542 2074 2234 2165; baseline 0.001 -23"><span class='ocrx_word' id='word_1_107' title='bbox 542 2076 655 2143; x_wconf 83' lang='lat' dir='ltr'>tini</span> <span class='ocrx_word' id='word_1_108' title='bbox 691 2078 787 2142; x_wconf 89' lang='lat' dir='ltr'>X.</span> <span class='ocrx_word' id='word_1_109' title='bbox 823 2099 886 2165; x_wconf 90' lang='lat' dir='ltr'>p.</span> <span class='ocrx_word' id='word_1_110' title='bbox 919 2095 1059 2140; x_wconf 80' lang='lat'><strong>111.</strong></span> <span class='ocrx_word' id='word_1_111' title='bbox 1112 2075 1324 2154; x_wconf 89' lang='lat' dir='ltr'>Fabr.,</span> <span class='ocrx_word' id='word_1_112' title='bbox 1369 2074 1479 2140; x_wconf 91' lang='lat' dir='ltr'>ubi</span> <span class='ocrx_word' id='word_1_113' title='bbox 1517 2075 1868 2163; x_wconf 84' lang='lat' dir='ltr'>AEgyptius</span> <span class='ocrx_word' id='word_1_114' title='bbox 1915 2075 2234 2143; x_wconf 90' lang='lat' dir='ltr'>Plotinum</span> 
     </span>
     <span class='ocr_line' id='line_1_16' title="bbox 540 2177 2234 2266; baseline -0.001 -20"><span class='ocrx_word' id='word_1_115' title='bbox 540 2180 796 2247; x_wconf 78' lang='lat' dir='ltr'>beatum</span> <span class='ocrx_word' id='word_1_116' title='bbox 835 2178 1008 2255; x_wconf 86' lang='lat' dir='ltr'>dicit,</span> <span class='ocrx_word' id='word_1_117' title='bbox 1039 2177 1148 2265; x_wconf 92' lang='lat' dir='ltr'>qui</span> <span class='ocrx_word' id='word_1_118' title='bbox 1182 2200 1299 2266; x_wconf 88' lang='lat' dir='ltr'>pro</span> <span class='ocrx_word' id='word_1_119' title='bbox 1326 2177 1513 2266; x_wconf 89' lang='lat' dir='ltr'>genio</span> <span class='ocrx_word' id='word_1_120' title='bbox 1551 2180 1761 2242; x_wconf 88' lang='lat' dir='ltr'>Deum</span> <span class='ocrx_word' id='word_1_121' title='bbox 1802 2178 2069 2245; x_wconf 87' lang='lat' dir='ltr'>habeat:</span> <span class='ocrx_word' id='word_1_122' title='bbox 2116 2208 2234 2262; x_wconf 88' lang='grc' dir='ltr'>μα-</span> 
     </span>
     <span class='ocr_line' id='line_1_17' title="bbox 541 2281 2232 2372; baseline -0.002 -22"><span class='ocrx_word' id='word_1_123' title='bbox 541 2284 736 2367; x_wconf 78' lang='grc' dir='ltr'>κάριος</span> <span class='ocrx_word' id='word_1_124' title='bbox 765 2283 827 2349; x_wconf 82' lang='grc' dir='ltr'>εἳ</span> <span class='ocrx_word' id='word_1_125' title='bbox 848 2282 990 2348; x_wconf 81' lang='grc' dir='ltr'>θεὸν</span> <span class='ocrx_word' id='word_1_126' title='bbox 1019 2283 1178 2365; x_wconf 83' lang='grc' dir='ltr'>ἔχων</span> <span class='ocrx_word' id='word_1_127' title='bbox 1205 2282 1312 2347; x_wconf 88' lang='grc' dir='ltr'>τδν</span> <span class='ocrx_word' id='word_1_128' title='bbox 1339 2282 1607 2362; x_wconf 88' lang='grc' dir='ltr'>δαίμονα.</span> <span class='ocrx_word' id='word_1_129' title='bbox 1700 2281 1905 2346; x_wconf 87' lang='lat' dir='ltr'>Addit</span> <span class='ocrx_word' id='word_1_130' title='bbox 1939 2283 2232 2372; x_wconf 89' lang='lat' dir='ltr'>Porphy-</span> 
     </span>
     <span class='ocr_line' id='line_1_18' title="bbox 539 2385 2234 2476; baseline 0 -21"><span class='ocrx_word' id='word_1_131' title='bbox 539 2389 670 2455; x_wconf 82' lang='lat' dir='ltr'>rius</span> <span class='ocrx_word' id='word_1_132' title='bbox 696 2388 892 2476; x_wconf 86' lang='lat' dir='ltr'>hujus</span> <span class='ocrx_word' id='word_1_133' title='bbox 927 2385 1069 2452; x_wconf 86' lang='lat' dir='ltr'>libri</span> <span class='ocrx_word' id='word_1_134' title='bbox 1106 2387 1242 2469; x_wconf 84' lang='grc' dir='ltr'>περὶ</span> <span class='ocrx_word' id='word_1_135' title='bbox 1285 2390 1392 2450; x_wconf 85' lang='grc' dir='ltr'>τοῦ</span> <span class='ocrx_word' id='word_1_136' title='bbox 1430 2388 1738 2470; x_wconf 75' lang='grc' dir='ltr'>εἰληχότος</span> <span class='ocrx_word' id='word_1_137' title='bbox 1779 2388 1929 2468; x_wconf 77' lang='grc' dir='ltr'>ἡμᾶς</span> <span class='ocrx_word' id='word_1_138' title='bbox 1958 2388 2234 2467; x_wconf 88' lang='grc' dir='ltr'>δαίμονος</span> 
     </span>
     <span class='ocr_line' id='line_1_19' title="bbox 540 2488 2229 2575; baseline -0.001 -17"><span class='ocrx_word' id='word_1_139' title='bbox 540 2492 943 2558; x_wconf 87' lang='lat' dir='ltr'>mentionem.</span> <span class='ocrx_word' id='word_1_140' title='bbox 1030 2488 1380 2555; x_wconf 81' lang='lat' dir='ltr'>Historiam</span> <span class='ocrx_word' id='word_1_141' title='bbox 1422 2488 1631 2575; x_wconf 85' lang='lat' dir='ltr'>attigit</span> <span class='ocrx_word' id='word_1_142' title='bbox 1656 2490 1840 2554; x_wconf 85' lang='lat' dir='ltr'>etiam</span> <span class='ocrx_word' id='word_1_143' title='bbox 1875 2490 2139 2556; x_wconf 78' lang='lat' dir='ltr'>Procius</span> <span class='ocrx_word' id='word_1_144' title='bbox 2166 2492 2229 2557; x_wconf 87' lang='lat' dir='ltr'>in</span> 
     </span>
     <span class='ocr_line' id='line_1_20' title="bbox 542 2593 2228 2685; baseline -0.002 -21"><span class='ocrx_word' id='word_1_145' title='bbox 542 2598 754 2664; x_wconf 81' lang='lat' dir='ltr'>Alcib.</span> <span class='ocrx_word' id='word_1_146' title='bbox 787 2620 883 2685; x_wconf 91' lang='lat' dir='ltr'>pr.</span> <span class='ocrx_word' id='word_1_147' title='bbox 910 2614 1016 2682; x_wconf 85' lang='lat'>23.</span> <span class='ocrx_word' id='word_1_148' title='bbox 1047 2618 1112 2684; x_wconf 90' lang='lat' dir='ltr'>p.</span> <span class='ocrx_word' id='word_1_149' title='bbox 1147 2610 1256 2681; x_wconf 91' lang='lat'>73.</span> <span class='ocrx_word' id='word_1_150' title='bbox 1289 2593 1389 2658; x_wconf 90' lang='lat' dir='ltr'>ed.</span> <span class='ocrx_word' id='word_1_151' title='bbox 1429 2610 1618 2659; x_wconf 81' lang='lat' dir='ltr'>nostr.</span> <span class='ocrx_word' id='word_1_152' title='bbox 1699 2593 1894 2660; x_wconf 89' lang='lat' dir='ltr'>Plura</span> <span class='ocrx_word' id='word_1_153' title='bbox 1931 2594 2110 2682; x_wconf 86' lang='lat' dir='ltr'>posui</span> <span class='ocrx_word' id='word_1_154' title='bbox 2151 2596 2228 2661; x_wconf 88' lang='lat' dir='ltr'>ad</span> 
     </span>
     <span class='ocr_line' id='line_1_21' title="bbox 540 2696 1015 2787; baseline -0.008 -22"><span class='ocrx_word' id='word_1_155' title='bbox 540 2698 877 2787; x_wconf 83' lang='lat' dir='ltr'>Porphyrii</span> <span class='ocrx_word' id='word_1_156' title='bbox 905 2697 950 2762; x_wconf 88' lang='lat' dir='ltr'><strong>l.</strong></span> <span class='ocrx_word' id='word_1_157' title='bbox 969 2696 1015 2762; x_wconf 89' lang='lat' dir='ltr'><strong>l.</strong></span> 
     </span>
    </p>

    <p class='ocr_par' dir='ltr' id='par_1_5' title="bbox 533 2798 2237 4124">
     <span class='ocr_line' id='line_1_22' title="bbox 620 2798 2229 2881; baseline 0.001 -16"><span class='ocrx_word' id='word_1_158' title='bbox 620 2839 711 2853; x_wconf 91' lang='lat'>—-</span> <span class='ocrx_word' id='word_1_159' title='bbox 748 2803 846 2866; x_wconf 86' lang='lat'>16.</span> <span class='ocrx_word' id='word_1_160' title='bbox 890 2799 968 2865; x_wconf 84' lang='lat' dir='ltr'>‘O</span> <span class='ocrx_word' id='word_1_161' title='bbox 995 2800 1201 2880; x_wconf 88' lang='grc' dir='ltr'>μέντοι</span> <span class='ocrx_word' id='word_1_162' title='bbox 1243 2798 1799 2880; x_wconf 69' lang='grc' dir='ltr'>δαίμων-ἀγαγὼν</span> <span class='ocrx_word' id='word_1_163' title='bbox 1841 2798 2089 2881; x_wconf 87' lang='grc' dir='ltr'>λέγεται</span> <span class='ocrx_word' id='word_1_164' title='bbox 2145 2804 2229 2868; x_wconf 74' lang='grc' dir='ltr'>εἰς</span> 
     </span>
     <span class='ocr_line' id='line_1_23' title="bbox 542 2899 2235 2990; baseline -0.002 -20"><span class='ocrx_word' id='word_1_165' title='bbox 542 2904 703 2990; x_wconf 76' lang='grc' dir='ltr'>ᾅδου·</span> <span class='ocrx_word' id='word_1_166' title='bbox 737 2902 933 2968; x_wconf 80' lang='grc' dir='ltr'>οὐκέτι</span> <span class='ocrx_word' id='word_1_167' title='bbox 961 2904 994 2966; x_wconf 82' lang='grc' dir='ltr'>ὁ</span> <span class='ocrx_word' id='word_1_168' title='bbox 1025 2902 1200 2969; x_wconf 75' lang='grc' dir='ltr'>αὐτὸς</span> <span class='ocrx_word' id='word_1_169' title='bbox 1235 2899 1471 2988; x_wconf 91' lang='grc' dir='ltr'>μένειν]</span> <span class='ocrx_word' id='word_1_170' title='bbox 1517 2899 1764 2969; x_wconf 76' lang='lat' dir='ltr'>Quaerit</span> <span class='ocrx_word' id='word_1_171' title='bbox 1810 2899 1890 2964; x_wconf 91' lang='lat' dir='ltr'>de</span> <span class='ocrx_word' id='word_1_172' title='bbox 1932 2900 2070 2966; x_wconf 90' lang='lat' dir='ltr'>loco</span> <span class='ocrx_word' id='word_1_173' title='bbox 2092 2902 2235 2967; x_wconf 89' lang='lat' dir='ltr'>Pla-</span> 
     </span>
     <span class='ocr_line' id='line_1_24' title="bbox 541 3002 2229 3093; baseline -0.002 -20"><span class='ocrx_word' id='word_1_174' title='bbox 541 3007 702 3074; x_wconf 86' lang='lat' dir='ltr'>tonis</span> <span class='ocrx_word' id='word_1_175' title='bbox 752 3005 814 3070; x_wconf 89' lang='lat' dir='ltr'>in</span> <span class='ocrx_word' id='word_1_176' title='bbox 865 3003 1188 3069; x_wconf 83' lang='lat' dir='ltr'>Phoedone</span> <span class='ocrx_word' id='word_1_177' title='bbox 1232 3025 1300 3090; x_wconf 91' lang='lat' dir='ltr'><strong>p.</strong></span> <span class='ocrx_word' id='word_1_178' title='bbox 1334 3019 1478 3085; x_wconf 88' lang='lat'><strong>107.</strong></span> <span class='ocrx_word' id='word_1_179' title='bbox 1524 3003 1610 3066; x_wconf 92' lang='lat' dir='ltr'>E.</span> <span class='ocrx_word' id='word_1_180' title='bbox 1660 3024 1728 3089; x_wconf 92' lang='lat' dir='ltr'><strong>p.</strong></span> <span class='ocrx_word' id='word_1_181' title='bbox 1771 3002 1876 3068; x_wconf 85' lang='lat'>82.</span> <span class='ocrx_word' id='word_1_182' title='bbox 1919 3005 2129 3092; x_wconf 86' lang='lat' dir='ltr'>wytt.</span> <span class='ocrx_word' id='word_1_183' title='bbox 2162 3028 2229 3093; x_wconf 92' lang='lat' dir='ltr'><strong>p.</strong></span> 
     </span>
     <span class='ocr_line' id='line_1_25' title="bbox 548 3106 2237 3194; baseline -0.002 -17"><span class='ocrx_word' id='word_1_184' title='bbox 548 3128 690 3194; x_wconf 87' lang='lat'><strong>107.</strong></span> <span class='ocrx_word' id='word_1_185' title='bbox 726 3106 972 3175; x_wconf 82' lang='lat' dir='ltr'><strong>Bekk.:</strong></span> <span class='ocrx_word' id='word_1_186' title='bbox 1021 3107 1279 3191; x_wconf 81' lang='grc' dir='ltr'>Λέγεται</span> <span class='ocrx_word' id='word_1_187' title='bbox 1320 3108 1386 3170; x_wconf 82' lang='grc' dir='ltr'>δὲ</span> <span class='ocrx_word' id='word_1_188' title='bbox 1425 3107 1628 3181; x_wconf 83' lang='grc' dir='ltr'>οὕτως,</span> <span class='ocrx_word' id='word_1_189' title='bbox 1676 3108 1754 3174; x_wconf 82' lang='grc' dir='ltr'>ὥς</span> <span class='ocrx_word' id='word_1_190' title='bbox 1800 3108 1916 3189; x_wconf 83' lang='grc' dir='ltr'>ἄρα</span> <span class='ocrx_word' id='word_1_191' title='bbox 1962 3108 2237 3189; x_wconf 83' lang='grc' dir='ltr'>τελευτή-</span> 
     </span>
     <span class='ocr_line' id='line_1_26' title="bbox 542 3208 2231 3292; baseline -0.007 -13"><span class='ocrx_word' id='word_1_192' title='bbox 542 3239 733 3279; x_wconf 89' lang='grc' dir='ltr'>σαντα</span> <span class='ocrx_word' id='word_1_193' title='bbox 762 3213 1017 3277; x_wconf 79' lang='grc' dir='ltr'>ἕκαστον</span> <span class='ocrx_word' id='word_1_194' title='bbox 1046 3212 1080 3273; x_wconf 84' lang='grc' dir='ltr'>ὁ</span> <span class='ocrx_word' id='word_1_195' title='bbox 1118 3208 1373 3273; x_wconf 81' lang='grc' dir='ltr'>ἑκάστου</span> <span class='ocrx_word' id='word_1_196' title='bbox 1409 3210 1653 3289; x_wconf 82' lang='grc' dir='ltr'>δαίμων,</span> <span class='ocrx_word' id='word_1_197' title='bbox 1686 3209 1876 3292; x_wconf 80' lang='grc' dir='ltr'>ὅσπερ</span> <span class='ocrx_word' id='word_1_198' title='bbox 1916 3215 2106 3286; x_wconf 75' lang='grc' dir='ltr'>ζῶντα</span> <span class='ocrx_word' id='word_1_199' title='bbox 2150 3214 2231 3276; x_wconf 83' lang='grc' dir='ltr'>εζ-</span> 
     </span>
     <span class='ocr_line' id='line_1_27' title="bbox 540 3313 2237 3403; baseline -0.001 -20"><span class='ocrx_word' id='word_1_200' title='bbox 540 3319 734 3403; x_wconf 81' lang='grc' dir='ltr'>λήχει,</span> <span class='ocrx_word' id='word_1_201' title='bbox 781 3316 953 3383; x_wconf 77' lang='grc' dir='ltr'>οὗτος</span> <span class='ocrx_word' id='word_1_202' title='bbox 990 3315 1160 3398; x_wconf 76' lang='grc' dir='ltr'>ἄγειν</span> <span class='ocrx_word' id='word_1_203' title='bbox 1198 3315 1490 3397; x_wconf 74' lang='grc' dir='ltr'>ἐπιχειρεῖ</span> <span class='ocrx_word' id='word_1_204' title='bbox 1531 3317 1613 3381; x_wconf 85' lang='grc' dir='ltr'>εΖς</span> <span class='ocrx_word' id='word_1_205' title='bbox 1654 3313 1725 3394; x_wconf 83' lang='grc' dir='ltr'>δή</span> <span class='ocrx_word' id='word_1_206' title='bbox 1763 3339 1898 3379; x_wconf 89' lang='grc' dir='ltr'>τινα</span> <span class='ocrx_word' id='word_1_207' title='bbox 1937 3317 2142 3391; x_wconf 89' lang='grc' dir='ltr'>τόπον,</span> <span class='ocrx_word' id='word_1_208' title='bbox 2175 3318 2237 3382; x_wconf 81' lang='lat' dir='ltr'>ot</span> 
     </span>
     <span class='ocr_line' id='line_1_28' title="bbox 541 3416 2233 3500; baseline 0.001 -18"><span class='ocrx_word' id='word_1_209' title='bbox 541 3428 631 3488; x_wconf 69' lang='grc' dir='ltr'>δεῖ</span> <span class='ocrx_word' id='word_1_210' title='bbox 668 3420 807 3488; x_wconf 77' lang='grc' dir='ltr'>τοὺς</span> <span class='ocrx_word' id='word_1_211' title='bbox 860 3416 1259 3500; x_wconf 72' lang='grc' dir='ltr'>ξυλλεγέντας</span> <span class='ocrx_word' id='word_1_212' title='bbox 1316 3416 1841 3497; x_wconf 88' lang='grc' dir='ltr'>διαδικασαμένους</span> <span class='ocrx_word' id='word_1_213' title='bbox 1893 3421 1977 3486; x_wconf 78' lang='grc' dir='ltr'>είς</span> <span class='ocrx_word' id='word_1_214' title='bbox 2021 3416 2233 3484; x_wconf 79' lang='grc' dir='ltr'>Ἀιδου</span> 
     </span>
     <span class='ocr_line' id='line_1_29' title="bbox 533 3518 2227 3608; baseline -0.009 -17"><span class='ocrx_word' id='word_1_215' title='bbox 533 3526 891 3608; x_wconf 85' lang='grc' dir='ltr'>πορεύεσθαι</span> <span class='ocrx_word' id='word_1_216' title='bbox 915 3524 1067 3602; x_wconf 78' lang='grc' dir='ltr'>μετᾶ</span> <span class='ocrx_word' id='word_1_217' title='bbox 1091 3521 1382 3604; x_wconf 78' lang='grc' dir='ltr'>ἡγεμόνος</span> <span class='ocrx_word' id='word_1_218' title='bbox 1410 3522 1659 3594; x_wconf 76' lang='grc' dir='ltr'>ἐκείνου,</span> <span class='ocrx_word' id='word_1_219' title='bbox 1684 3518 1731 3607; x_wconf 75' lang='grc' dir='ltr'><strong><em>ᾧ</em></strong></span> <span class='ocrx_word' id='word_1_220' title='bbox 1761 3521 1833 3600; x_wconf 76' lang='grc' dir='ltr'>δὴ</span> <span class='ocrx_word' id='word_1_221' title='bbox 1859 3521 2227 3604; x_wconf 80' lang='grc' dir='ltr'>προστέτακ-</span> 
     </span>
     <span class='ocr_line' id='line_1_30' title="bbox 541 3622 2227 3707; baseline -0.003 -14"><span class='ocrx_word' id='word_1_222' title='bbox 541 3654 634 3694; x_wconf 89' lang='grc' dir='ltr'>ται</span> <span class='ocrx_word' id='word_1_223' title='bbox 660 3628 796 3694; x_wconf 81' lang='grc' dir='ltr'>τοὺς</span> <span class='ocrx_word' id='word_1_224' title='bbox 842 3624 1084 3690; x_wconf 75' lang='grc' dir='ltr'>ἐνθένδε</span> <span class='ocrx_word' id='word_1_225' title='bbox 1129 3625 1324 3688; x_wconf 75' lang='grc' dir='ltr'>ἐκεῖσε</span> <span class='ocrx_word' id='word_1_226' title='bbox 1351 3627 1659 3706; x_wconf 71' lang='grc' dir='ltr'>πορεῦσαι·</span> <span class='ocrx_word' id='word_1_227' title='bbox 1687 3624 1977 3707; x_wconf 88' lang='grc' dir='ltr'>τυχόντας</span> <span class='ocrx_word' id='word_1_228' title='bbox 2004 3622 2053 3688; x_wconf 87' lang='grc' dir='ltr'>δ’</span> <span class='ocrx_word' id='word_1_229' title='bbox 2087 3626 2227 3699; x_wconf 77' lang='grc' dir='ltr'>ἐκεῖ,</span> 
     </span>
     <span class='ocr_line' id='line_1_31' title="bbox 542 3725 2233 3812; baseline -0.002 -15"><span class='ocrx_word' id='word_1_230' title='bbox 542 3734 623 3797; x_wconf 71' lang='grc' dir='ltr'>ὃν</span> <span class='ocrx_word' id='word_1_231' title='bbox 651 3736 747 3796; x_wconf 91' lang='grc' dir='ltr'>δεῖ</span> <span class='ocrx_word' id='word_1_232' title='bbox 769 3733 993 3812; x_wconf 89' lang='grc' dir='ltr'>τυχεῖν,</span> <span class='ocrx_word' id='word_1_233' title='bbox 1027 3728 1124 3792; x_wconf 86' lang='grc' dir='ltr'>καὶ</span> <span class='ocrx_word' id='word_1_234' title='bbox 1150 3727 1485 3806; x_wconf 88' lang='grc' dir='ltr'>μείναντας,</span> <span class='ocrx_word' id='word_1_235' title='bbox 1528 3725 1599 3790; x_wconf 78' lang='grc' dir='ltr'>ὃν</span> <span class='ocrx_word' id='word_1_236' title='bbox 1626 3726 1743 3810; x_wconf 79' lang='grc' dir='ltr'>χρὴ</span> <span class='ocrx_word' id='word_1_237' title='bbox 1769 3727 2012 3810; x_wconf 86' lang='grc' dir='ltr'>χρόνον,</span> <span class='ocrx_word' id='word_1_238' title='bbox 2046 3727 2233 3795; x_wconf 83' lang='grc' dir='ltr'>ἄλλος</span> 
     </span>
     <span class='ocr_line' id='line_1_32' title="bbox 537 3830 2229 3917; baseline -0.004 -17"><span class='ocrx_word' id='word_1_239' title='bbox 537 3839 705 3917; x_wconf 73' lang='grc' dir='ltr'>δείἰρο</span> <span class='ocrx_word' id='word_1_240' title='bbox 733 3832 920 3898; x_wconf 79' lang='grc' dir='ltr'>πόλιν</span> <span class='ocrx_word' id='word_1_241' title='bbox 962 3831 1200 3914; x_wconf 70' lang='grc' dir='ltr'>ἡγεμὼν</span> <span class='ocrx_word' id='word_1_242' title='bbox 1230 3831 1447 3910; x_wconf 73' lang='grc' dir='ltr'>κομίζει</span> <span class='ocrx_word' id='word_1_243' title='bbox 1488 3831 1556 3893; x_wconf 76' lang='grc' dir='ltr'>ἐν</span> <span class='ocrx_word' id='word_1_244' title='bbox 1584 3834 1837 3897; x_wconf 82' lang='grc' dir='ltr'>πολλοῖς</span> <span class='ocrx_word' id='word_1_245' title='bbox 1862 3830 2102 3913; x_wconf 86' lang='grc' dir='ltr'>χρόνοις</span> <span class='ocrx_word' id='word_1_246' title='bbox 2134 3830 2229 3894; x_wconf 77' lang='grc' dir='ltr'>καὶ</span> 
     </span>
     <span class='ocr_line' id='line_1_33' title="bbox 536 3931 2227 4020; baseline -0.002 -19"><span class='ocrx_word' id='word_1_247' title='bbox 536 3942 778 4020; x_wconf 80' lang='grc' dir='ltr'>μακροῖς</span> <span class='ocrx_word' id='word_1_248' title='bbox 803 3936 1116 4017; x_wconf 81' lang='grc' dir='ltr'>περιόδοις.</span> <span class='ocrx_word' id='word_1_249' title='bbox 1209 3934 1370 4011; x_wconf 83' lang='lat' dir='ltr'>Quae</span> <span class='ocrx_word' id='word_1_250' title='bbox 1397 3932 1646 4019; x_wconf 83' lang='lat' dir='ltr'>copiose</span> <span class='ocrx_word' id='word_1_251' title='bbox 1665 3931 1999 3996; x_wconf 83' lang='lat' dir='ltr'>illustravit</span> <span class='ocrx_word' id='word_1_252' title='bbox 2032 3933 2227 4020; x_wconf 83' lang='lat' dir='ltr'>wyt-</span> 
     </span>
     <span class='ocr_line' id='line_1_34' title="bbox 538 4035 1787 4124; baseline -0.006 -18"><span class='ocrx_word' id='word_1_253' title='bbox 538 4037 902 4106; x_wconf 82' lang='lat' dir='ltr'>tenbachius</span> <span class='ocrx_word' id='word_1_254' title='bbox 929 4037 991 4101; x_wconf 92' lang='lat' dir='ltr'>in</span> <span class='ocrx_word' id='word_1_255' title='bbox 1026 4039 1296 4101; x_wconf 89' lang='lat' dir='ltr'>Annott.</span> <span class='ocrx_word' id='word_1_256' title='bbox 1331 4058 1395 4124; x_wconf 91' lang='lat' dir='ltr'><strong>p.</strong></span> <span class='ocrx_word' id='word_1_257' title='bbox 1429 4035 1787 4120; x_wconf 86' lang='grc'><strong>289-292.</strong></span> 
     </span>
    </p>

    <p class='ocr_par' dir='ltr' id='par_1_6' title="bbox 534 4139 2230 4842">
     <span class='ocr_line' id='line_1_35' title="bbox 619 4139 2224 4232; baseline -0.003 -25"><span class='ocrx_word' id='word_1_258' title='bbox 619 4166 683 4232; x_wconf 90' lang='lat' dir='ltr'><strong>p.</strong></span> <span class='ocrx_word' id='word_1_259' title='bbox 713 4160 867 4229; x_wconf 85' lang='lat'><strong>519,</strong></span> <span class='ocrx_word' id='word_1_260' title='bbox 902 4160 961 4207; x_wconf 84' lang='lat'>2.</span> <span class='ocrx_word' id='word_1_261' title='bbox 1011 4140 1079 4204; x_wconf 84' lang='grc' dir='ltr'>τὸ</span> <span class='ocrx_word' id='word_1_262' title='bbox 1118 4139 1191 4219; x_wconf 75' lang='grc' dir='ltr'>δὴ</span> <span class='ocrx_word' id='word_1_263' title='bbox 1227 4141 1480 4223; x_wconf 84' lang='grc' dir='ltr'>ἀγαγεῖν</span> <span class='ocrx_word' id='word_1_264' title='bbox 1511 4141 1592 4206; x_wconf 78' lang='grc' dir='ltr'>εἰς</span> <span class='ocrx_word' id='word_1_265' title='bbox 1618 4140 1727 4218; x_wconf 70' lang='grc' dir='ltr'>τὴν</span> <span class='ocrx_word' id='word_1_266' title='bbox 1767 4140 2224 4221; x_wconf 78' lang='grc' dir='ltr'>κρίσιν-κολα·</span> 
     </span>
     <span class='ocr_line' id='line_1_36' title="bbox 536 4240 2230 4329; baseline -0.003 -18"><span class='ocrx_word' id='word_1_267' title='bbox 536 4245 804 4327; x_wconf 75' lang='grc' dir='ltr'>ζομέναις</span> <span class='ocrx_word' id='word_1_268' title='bbox 845 4243 1337 4328; x_wconf 78' lang='grc' dir='ltr'>πάρεστι-δίκη]</span> <span class='ocrx_word' id='word_1_269' title='bbox 1409 4240 1550 4306; x_wconf 91' lang='lat' dir='ltr'>Vid.</span> <span class='ocrx_word' id='word_1_270' title='bbox 1603 4241 1884 4307; x_wconf 81' lang='lat' dir='ltr'>Platonis</span> <span class='ocrx_word' id='word_1_271' title='bbox 1928 4241 2230 4329; x_wconf 76' lang='lat' dir='ltr'>Gorgiam</span> 
     </span>
     <span class='ocr_line' id='line_1_37' title="bbox 537 4342 2226 4437; baseline -0.003 -22"><span class='ocrx_word' id='word_1_272' title='bbox 537 4371 602 4437; x_wconf 90' lang='lat' dir='ltr'><strong>p.</strong></span> <span class='ocrx_word' id='word_1_273' title='bbox 631 4364 785 4434; x_wconf 83' lang='grc'><strong>523.</strong></span> <span class='ocrx_word' id='word_1_274' title='bbox 812 4369 952 4434; x_wconf 85' lang='lat' dir='ltr'><strong>sqq.</strong></span> <span class='ocrx_word' id='word_1_275' title='bbox 986 4369 1047 4432; x_wconf 91' lang='lat' dir='ltr'><strong>p.</strong></span> <span class='ocrx_word' id='word_1_276' title='bbox 1087 4345 1231 4430; x_wconf 86' lang='lat'><strong>185.</strong></span> <span class='ocrx_word' id='word_1_277' title='bbox 1264 4342 1468 4409; x_wconf 86' lang='lat' dir='ltr'><strong>Bekk.</strong></span> <span class='ocrx_word' id='word_1_278' title='bbox 1498 4342 1610 4408; x_wconf 92' lang='lat' dir='ltr'>ubi</span> <span class='ocrx_word' id='word_1_279' title='bbox 1648 4343 1732 4408; x_wconf 87' lang='lat' dir='ltr'>ad</span> <span class='ocrx_word' id='word_1_280' title='bbox 1759 4344 1953 4408; x_wconf 84' lang='lat' dir='ltr'>verba</span> <span class='ocrx_word' id='word_1_281' title='bbox 1978 4367 2047 4431; x_wconf 89' lang='lat' dir='ltr'><strong>p.</strong></span> <span class='ocrx_word' id='word_1_282' title='bbox 2075 4363 2226 4430; x_wconf 83' lang='lat'><strong>523.</strong></span> 
     </span>
     <span class='ocr_line' id='line_1_38' title="bbox 536 4446 2228 4528; baseline -0.002 -12"><span class='ocrx_word' id='word_1_283' title='bbox 536 4450 601 4516; x_wconf 92' lang='lat' dir='ltr'>b.</span> <span class='ocrx_word' id='word_1_284' title='bbox 645 4453 682 4515; x_wconf 80' lang='grc' dir='ltr'>ὅ</span> <span class='ocrx_word' id='word_1_285' title='bbox 727 4475 796 4514; x_wconf 88' lang='grc' dir='ltr'>τε</span> <span class='ocrx_word' id='word_1_286' title='bbox 841 4450 950 4514; x_wconf 72' lang='grc' dir='ltr'>οὖν</span> <span class='ocrx_word' id='word_1_287' title='bbox 989 4450 1281 4513; x_wconf 80' lang='grc' dir='ltr'>Πλούτων</span> <span class='ocrx_word' id='word_1_288' title='bbox 1311 4448 1409 4512; x_wconf 86' lang='grc' dir='ltr'>καὶ</span> <span class='ocrx_word' id='word_1_289' title='bbox 1449 4450 1508 4511; x_wconf 74' lang='grc' dir='ltr'>οἱ</span> <span class='ocrx_word' id='word_1_290' title='bbox 1556 4448 1904 4528; x_wconf 78' lang='grc' dir='ltr'>ἐπιμεληταὶ</span> <span class='ocrx_word' id='word_1_291' title='bbox 1949 4446 2013 4510; x_wconf 91' lang='lat' dir='ltr'>in</span> <span class='ocrx_word' id='word_1_292' title='bbox 2064 4446 2228 4513; x_wconf 89' lang='lat' dir='ltr'><strong>Cod.</strong></span> 
     </span>
     <span class='ocr_line' id='line_1_39' title="bbox 537 4547 2224 4636; baseline -0.001 -19"><span class='ocrx_word' id='word_1_293' title='bbox 537 4550 775 4617; x_wconf 86' lang='lat' dir='ltr'>Clarkii</span> <span class='ocrx_word' id='word_1_294' title='bbox 814 4548 1160 4615; x_wconf 79' lang='lat' dir='ltr'>Bodleiano</span> <span class='ocrx_word' id='word_1_295' title='bbox 1188 4571 1250 4636; x_wconf 89' lang='lat' dir='ltr'><strong>p.</strong></span> <span class='ocrx_word' id='word_1_296' title='bbox 1284 4568 1390 4635; x_wconf 89' lang='lat'><strong>93.</strong></span> <span class='ocrx_word' id='word_1_297' title='bbox 1424 4547 1625 4613; x_wconf 87' lang='lat' dir='ltr'>Gaisf.</span> <span class='ocrx_word' id='word_1_298' title='bbox 1656 4547 1775 4614; x_wconf 91' lang='lat' dir='ltr'>hoc</span> <span class='ocrx_word' id='word_1_299' title='bbox 1809 4548 2082 4616; x_wconf 86' lang='lat' dir='ltr'>scholion</span> <span class='ocrx_word' id='word_1_300' title='bbox 2112 4550 2224 4616; x_wconf 89' lang='lat' dir='ltr'>ad-</span> 
     </span>
     <span class='ocr_line' id='line_1_40' title="bbox 534 4656 2219 4745; baseline -0.001 -21"><span class='ocrx_word' id='word_1_301' title='bbox 534 4657 835 4745; x_wconf 85' lang='lat' dir='ltr'>scriptum</span> <span class='ocrx_word' id='word_1_302' title='bbox 859 4681 875 4720; x_wconf 79' lang='lat' dir='ltr'><strong><em>z</em></strong></span> <span class='ocrx_word' id='word_1_303' title='bbox 925 4656 1043 4721; x_wconf 76' lang='grc' dir='ltr'>εἰσὶ</span> <span class='ocrx_word' id='word_1_304' title='bbox 1072 4658 1137 4720; x_wconf 78' lang='grc' dir='ltr'>δὲ</span> <span class='ocrx_word' id='word_1_305' title='bbox 1167 4657 1440 4736; x_wconf 86' lang='grc' dir='ltr'>δαίμονες</span> <span class='ocrx_word' id='word_1_306' title='bbox 1471 4656 1830 4720; x_wconf 81' lang='grc' dir='ltr'>κολαστικοὶ·</span> <span class='ocrx_word' id='word_1_307' title='bbox 1885 4658 1980 4722; x_wconf 89' lang='grc' dir='ltr'>καὶ</span> <span class='ocrx_word' id='word_1_308' title='bbox 2010 4662 2219 4739; x_wconf 82' lang='grc' dir='ltr'>καθαρ·</span> 
     </span>
     <span class='ocr_line' id='line_1_41' title="bbox 534 4759 1309 4842; baseline -0.006 -15"><span class='ocrx_word' id='word_1_309' title='bbox 534 4762 700 4827; x_wconf 85' lang='grc' dir='ltr'>τικοί·</span> <span class='ocrx_word' id='word_1_310' title='bbox 755 4759 850 4824; x_wconf 87' lang='grc' dir='ltr'>καὶ</span> <span class='ocrx_word' id='word_1_311' title='bbox 877 4760 1309 4842; x_wconf 88' lang='grc' dir='ltr'>τελεσιουργοί.</span> 
     </span>
    </p>
   </div>
   <div class='ocr_carea' id='block_1_3' title="bbox 616 4858 2216 4949">
    <p class='ocr_par' dir='ltr' id='par_1_7' title="bbox 616 4858 2216 4949">
     <span class='ocr_line' id='line_1_42' title="bbox 616 4858 2216 4949; baseline 0.003 -23"><span class='ocrx_word' id='word_1_312' title='bbox 616 4899 706 4913; x_wconf 93' lang='lat'>--</span> <span class='ocrx_word' id='word_1_313' title='bbox 736 4864 799 4927; x_wconf 89' lang='lat'><strong>6.</strong></span> <span class='ocrx_word' id='word_1_314' title='bbox 850 4862 1103 4926; x_wconf 79' lang='grc' dir='ltr'>ἔλαττον</span> <span class='ocrx_word' id='word_1_315' title='bbox 1127 4858 1164 4941; x_wconf 83' lang='grc' dir='ltr'>ἢ</span> <span class='ocrx_word' id='word_1_316' title='bbox 1194 4859 1492 4942; x_wconf 83' lang='grc' dir='ltr'>δαίμων,ἢ</span> <span class='ocrx_word' id='word_1_317' title='bbox 1520 4865 1772 4945; x_wconf 89' lang='grc' dir='ltr'>πονηρός</span> <span class='ocrx_word' id='word_1_318' title='bbox 1798 4888 1892 4946; x_wconf 88' lang='grc' dir='ltr'>γε,</span> <span class='ocrx_word' id='word_1_319' title='bbox 1922 4861 1959 4944; x_wconf 85' lang='grc' dir='ltr'>ἢ</span> <span class='ocrx_word' id='word_1_320' title='bbox 1984 4863 2216 4949; x_wconf 80' lang='grc' dir='ltr'>εὐήθης]</span> 
     </span>
    </p>
   </div>
   <div class='ocr_carea' id='block_1_4' title="bbox 532 4963 2251 5053">
    <p class='ocr_par' dir='ltr' id='par_1_8' title="bbox 532 4963 2251 5053">
     <span class='ocr_line' id='line_1_43' title="bbox 532 4963 2251 5053; baseline -0.002 -20"><span class='ocrx_word' id='word_1_321' title='bbox 532 4967 635 5033; x_wconf 91' lang='lat' dir='ltr'>De</span> <span class='ocrx_word' id='word_1_322' title='bbox 663 4966 1048 5031; x_wconf 82' lang='lat' dir='ltr'>Daemonum</span> <span class='ocrx_word' id='word_1_323' title='bbox 1086 4963 1420 5052; x_wconf 91' lang='lat' dir='ltr'>generibus</span> <span class='ocrx_word' id='word_1_324' title='bbox 1452 4979 1516 5029; x_wconf 88' lang='lat' dir='ltr'>et</span> <span class='ocrx_word' id='word_1_325' title='bbox 1549 4964 1721 5030; x_wconf 87' lang='lat' dir='ltr'>varia</span> <span class='ocrx_word' id='word_1_326' title='bbox 1763 4981 1990 5029; x_wconf 88' lang='lat' dir='ltr'>natura</span> <span class='ocrx_word' id='word_1_327' title='bbox 2031 4979 2251 5053; x_wconf 82' lang='lat' dir='ltr'>atque·</span> 
     </span>
    </p>
   </div>
   <div class='ocr_carea' id='block_1_5' title="bbox 530 5066 2225 5673">
    <p class='ocr_par' dir='ltr' id='par_1_9' title="bbox 530 5066 2225 5673">
     <span class='ocr_line' id='line_1_44' title="bbox 533 5066 2218 5156; baseline -0.001 -21"><span class='ocrx_word' id='word_1_328' title='bbox 533 5068 741 5135; x_wconf 91' lang='lat' dir='ltr'>indole</span> <span class='ocrx_word' id='word_1_329' title='bbox 799 5067 964 5146; x_wconf 84' lang='lat' dir='ltr'>vide,</span> <span class='ocrx_word' id='word_1_330' title='bbox 1024 5091 1103 5133; x_wconf 93' lang='lat' dir='ltr'>ne</span> <span class='ocrx_word' id='word_1_331' title='bbox 1151 5066 1358 5156; x_wconf 88' lang='lat' dir='ltr'>plura,</span> <span class='ocrx_word' id='word_1_332' title='bbox 1422 5068 1748 5134; x_wconf 87' lang='lat' dir='ltr'>Iamblich.</span> <span class='ocrx_word' id='word_1_333' title='bbox 1808 5067 1890 5132; x_wconf 91' lang='lat' dir='ltr'>de</span> <span class='ocrx_word' id='word_1_334' title='bbox 1949 5068 2218 5155; x_wconf 91' lang='lat' dir='ltr'>Myster.</span> 
     </span>
     <span class='ocr_line' id='line_1_45' title="bbox 534 5171 2223 5261; baseline 0 -23"><span class='ocrx_word' id='word_1_335' title='bbox 534 5174 805 5261; x_wconf 82' lang='lat' dir='ltr'>AEgypt.</span> <span class='ocrx_word' id='word_1_336' title='bbox 843 5173 904 5236; x_wconf 95' lang='lat' dir='ltr'>I.</span> <span class='ocrx_word' id='word_1_337' title='bbox 937 5173 1000 5236; x_wconf 95' lang='lat'>6.</span> <span class='ocrx_word' id='word_1_338' title='bbox 1040 5194 1175 5259; x_wconf 85' lang='lat' dir='ltr'><strong>sqq.</strong></span> <span class='ocrx_word' id='word_1_339' title='bbox 1209 5194 1277 5260; x_wconf 91' lang='lat' dir='ltr'>p.</span> <span class='ocrx_word' id='word_1_340' title='bbox 1314 5192 1411 5237; x_wconf 92' lang='lat'>10.</span> <span class='ocrx_word' id='word_1_341' title='bbox 1446 5195 1585 5259; x_wconf 89' lang='lat' dir='ltr'><strong>sqq.</strong></span> <span class='ocrx_word' id='word_1_342' title='bbox 1616 5171 1717 5237; x_wconf 91' lang='lat' dir='ltr'>ed.</span> <span class='ocrx_word' id='word_1_343' title='bbox 1761 5171 1908 5238; x_wconf 89' lang='lat' dir='ltr'><strong>Gal.</strong></span> <span class='ocrx_word' id='word_1_344' title='bbox 1961 5171 2223 5238; x_wconf 88' lang='lat' dir='ltr'>Proclus</span> 
     </span>
     <span class='ocr_line' id='line_1_46' title="bbox 533 5272 2225 5363; baseline 0 -24"><span class='ocrx_word' id='word_1_345' title='bbox 533 5275 595 5341; x_wconf 91' lang='lat' dir='ltr'>in</span> <span class='ocrx_word' id='word_1_346' title='bbox 625 5273 838 5341; x_wconf 88' lang='lat' dir='ltr'>Alcib.</span> <span class='ocrx_word' id='word_1_347' title='bbox 871 5296 971 5361; x_wconf 94' lang='lat' dir='ltr'>pr.</span> <span class='ocrx_word' id='word_1_348' title='bbox 1002 5297 1067 5362; x_wconf 89' lang='lat' dir='ltr'>p.</span> <span class='ocrx_word' id='word_1_349' title='bbox 1096 5275 1205 5339; x_wconf 89' lang='lat'>68.</span> <span class='ocrx_word' id='word_1_350' title='bbox 1237 5296 1376 5362; x_wconf 84' lang='lat' dir='ltr'><strong>sqq.</strong></span> <span class='ocrx_word' id='word_1_351' title='bbox 1410 5272 1845 5363; x_wconf 86' lang='lat' dir='ltr'>Olympiodor.</span> <span class='ocrx_word' id='word_1_352' title='bbox 1867 5274 1932 5338; x_wconf 94' lang='lat' dir='ltr'>in</span> <span class='ocrx_word' id='word_1_353' title='bbox 1955 5273 2225 5340; x_wconf 89' lang='lat' dir='ltr'>eundem</span> 
     </span>
     <span class='ocr_line' id='line_1_47' title="bbox 532 5376 2224 5467; baseline 0 -24"><span class='ocrx_word' id='word_1_354' title='bbox 532 5401 674 5467; x_wconf 85' lang='lat' dir='ltr'><strong>pag.</strong></span> <span class='ocrx_word' id='word_1_355' title='bbox 710 5395 810 5464; x_wconf 82' lang='lat'>15.</span> <span class='ocrx_word' id='word_1_356' title='bbox 841 5400 980 5465; x_wconf 85' lang='lat' dir='ltr'><strong>sqq.</strong></span> <span class='ocrx_word' id='word_1_357' title='bbox 1009 5376 1161 5464; x_wconf 90' lang='lat' dir='ltr'><strong>ibiq.</strong></span> <span class='ocrx_word' id='word_1_358' title='bbox 1189 5392 1434 5445; x_wconf 90' lang='lat' dir='ltr'>annott.</span> <span class='ocrx_word' id='word_1_359' title='bbox 1525 5377 1708 5443; x_wconf 90' lang='lat' dir='ltr'>Idem</span> <span class='ocrx_word' id='word_1_360' title='bbox 1737 5377 1843 5442; x_wconf 85' lang='lat' dir='ltr'>ille</span> <span class='ocrx_word' id='word_1_361' title='bbox 1871 5376 2135 5443; x_wconf 89' lang='lat' dir='ltr'>Proclus</span> <span class='ocrx_word' id='word_1_362' title='bbox 2160 5378 2224 5443; x_wconf 87' lang='lat' dir='ltr'>in</span> 
     </span>
     <span class='ocr_line' id='line_1_48' title="bbox 536 5479 2217 5569; baseline -0.001 -22"><span class='ocrx_word' id='word_1_363' title='bbox 536 5480 743 5547; x_wconf 85' lang='lat' dir='ltr'>Alcib.</span> <span class='ocrx_word' id='word_1_364' title='bbox 773 5503 869 5569; x_wconf 90' lang='lat' dir='ltr'>pr.</span> <span class='ocrx_word' id='word_1_365' title='bbox 900 5503 967 5569; x_wconf 91' lang='lat' dir='ltr'>p.</span> <span class='ocrx_word' id='word_1_366' title='bbox 1001 5499 1102 5567; x_wconf 88' lang='grc'>73.</span> <span class='ocrx_word' id='word_1_367' title='bbox 1121 5480 1212 5545; x_wconf 89' lang='lat' dir='ltr'>ita</span> <span class='ocrx_word' id='word_1_368' title='bbox 1239 5479 1604 5569; x_wconf 87' lang='lat' dir='ltr'>distinguit:</span> <span class='ocrx_word' id='word_1_369' title='bbox 1652 5484 1686 5546; x_wconf 84' lang='grc' dir='ltr'>ὁ</span> <span class='ocrx_word' id='word_1_370' title='bbox 1715 5482 1892 5567; x_wconf 71' lang='grc' dir='ltr'>οὐσίᾳ</span> <span class='ocrx_word' id='word_1_371' title='bbox 1915 5479 2073 5563; x_wconf 87' lang='lat' dir='ltr'>(sive</span> <span class='ocrx_word' id='word_1_372' title='bbox 2096 5481 2217 5546; x_wconf 87' lang='grc' dir='ltr'>κατ’</span> 
     </span>
     <span class='ocr_line' id='line_1_49' title="bbox 530 5582 2223 5673; baseline 0 -24"><span class='ocrx_word' id='word_1_373' title='bbox 530 5584 771 5669; x_wconf 74' lang='grc' dir='ltr'>οὐσίαν)</span> <span class='ocrx_word' id='word_1_374' title='bbox 823 5585 1067 5664; x_wconf 81' lang='grc' dir='ltr'>δαίμων,</span> <span class='ocrx_word' id='word_1_375' title='bbox 1098 5582 1213 5671; x_wconf 91' lang='lat' dir='ltr'>qui</span> <span class='ocrx_word' id='word_1_376' title='bbox 1251 5584 1379 5650; x_wconf 91' lang='lat' dir='ltr'>suis</span> <span class='ocrx_word' id='word_1_377' title='bbox 1418 5584 1794 5672; x_wconf 87' lang='lat' dir='ltr'>quibusdam</span> <span class='ocrx_word' id='word_1_378' title='bbox 1829 5583 2223 5673; x_wconf 89' lang='lat' dir='ltr'>propriisque</span> 
     </span>
    </p>
   </div>
   <div class='ocr_carea' id='block_1_6' title="bbox 3899 567 4018 652">
    <p class='ocr_par' dir='ltr' id='par_1_10' title="bbox 3899 567 4018 652">
     <span class='ocr_line' id='line_1_50' title="bbox 3899 567 4018 652; baseline 0 -21"><span class='ocrx_word' id='word_1_379' title='bbox 3899 567 4018 652; x_wconf 83' lang='lat'>165</span> 
     </span>
    </p>
   </div>
   <div class='ocr_carea' id='block_1_7' title="bbox 2319 733 4021 1960">
    <p class='ocr_par' dir='ltr' id='par_1_11' title="bbox 2319 733 4021 1546">
     <span class='ocr_line' id='line_1_51' title="bbox 2321 733 4018 827; baseline 0.004 -30"><span class='ocrx_word' id='word_1_380' title='bbox 2321 733 2561 799; x_wconf 83' lang='lat' dir='ltr'>viribus</span> <span class='ocrx_word' id='word_1_381' title='bbox 2587 734 2753 823; x_wconf 90' lang='lat' dir='ltr'>genii</span> <span class='ocrx_word' id='word_1_382' title='bbox 2786 734 3146 821; x_wconf 81' lang='lat' dir='ltr'>(daemonis)</span> <span class='ocrx_word' id='word_1_383' title='bbox 3178 735 3500 802; x_wconf 85' lang='lat' dir='ltr'>essentiam</span> <span class='ocrx_word' id='word_1_384' title='bbox 3524 737 3714 803; x_wconf 85' lang='lat' dir='ltr'>habet</span> <span class='ocrx_word' id='word_1_385' title='bbox 3742 738 4018 827; x_wconf 90' lang='lat' dir='ltr'>disjunc-</span> 
     </span>
     <span class='ocr_line' id='line_1_52' title="bbox 2322 839 4018 914; baseline 0.004 -13"><span class='ocrx_word' id='word_1_386' title='bbox 2322 851 2449 901; x_wconf 85' lang='lat' dir='ltr'>tam</span> <span class='ocrx_word' id='word_1_387' title='bbox 2477 862 2518 903; x_wconf 87' lang='lat' dir='ltr'>a</span> <span class='ocrx_word' id='word_1_388' title='bbox 2544 839 2760 905; x_wconf 87' lang='lat' dir='ltr'>divina</span> <span class='ocrx_word' id='word_1_389' title='bbox 2794 855 2860 906; x_wconf 89' lang='lat' dir='ltr'>et</span> <span class='ocrx_word' id='word_1_390' title='bbox 2900 840 3177 906; x_wconf 85' lang='lat' dir='ltr'>humana</span> <span class='ocrx_word' id='word_1_391' title='bbox 3214 841 3519 914; x_wconf 84' lang='lat' dir='ltr'>essentia;</span> <span class='ocrx_word' id='word_1_392' title='bbox 3570 844 3604 905; x_wconf 85' lang='grc' dir='ltr'>ὁ</span> <span class='ocrx_word' id='word_1_393' title='bbox 3637 841 3758 907; x_wconf 85' lang='grc' dir='ltr'>κατ’</span> <span class='ocrx_word' id='word_1_394' title='bbox 3793 843 4018 907; x_wconf 88' lang='grc' dir='ltr'>ἀναλο-</span> 
     </span>
     <span class='ocr_line' id='line_1_53' title="bbox 2320 943 4015 1034; baseline 0.001 -28"><span class='ocrx_word' id='word_1_395' title='bbox 2320 943 2462 1024; x_wconf 90' lang='grc' dir='ltr'>γίαν</span> <span class='ocrx_word' id='word_1_396' title='bbox 2490 945 2737 1025; x_wconf 76' lang='grc' dir='ltr'>δαίμων,</span> <span class='ocrx_word' id='word_1_397' title='bbox 2768 944 2883 1031; x_wconf 91' lang='lat' dir='ltr'>qui</span> <span class='ocrx_word' id='word_1_398' title='bbox 2922 958 3158 1010; x_wconf 87' lang='lat' dir='ltr'>attente</span> <span class='ocrx_word' id='word_1_399' title='bbox 3192 944 3439 1032; x_wconf 87' lang='lat' dir='ltr'>singula</span> <span class='ocrx_word' id='word_1_400' title='bbox 3479 945 3780 1034; x_wconf 87' lang='lat' dir='ltr'>prospicit</span> <span class='ocrx_word' id='word_1_401' title='bbox 3806 944 4015 1010; x_wconf 72' lang='lat' dir='ltr'>alicui,</span> 
     </span>
     <span class='ocr_line' id='line_1_54' title="bbox 2321 1043 4021 1135; baseline 0.002 -26"><span class='ocrx_word' id='word_1_402' title='bbox 2321 1043 2449 1110; x_wconf 85' lang='lat' dir='ltr'>sive</span> <span class='ocrx_word' id='word_1_403' title='bbox 2477 1044 2583 1110; x_wconf 88' lang='lat' dir='ltr'>ille</span> <span class='ocrx_word' id='word_1_404' title='bbox 2610 1046 2768 1112; x_wconf 91' lang='lat' dir='ltr'>deus</span> <span class='ocrx_word' id='word_1_405' title='bbox 2797 1048 2897 1126; x_wconf 91' lang='lat' dir='ltr'>sit,</span> <span class='ocrx_word' id='word_1_406' title='bbox 2929 1047 3058 1112; x_wconf 82' lang='lat' dir='ltr'>sive</span> <span class='ocrx_word' id='word_1_407' title='bbox 3101 1048 3377 1112; x_wconf 88' lang='lat' dir='ltr'>secundo</span> <span class='ocrx_word' id='word_1_408' title='bbox 3419 1063 3563 1135; x_wconf 88' lang='lat' dir='ltr'>post</span> <span class='ocrx_word' id='word_1_409' title='bbox 3609 1049 3761 1113; x_wconf 91' lang='lat' dir='ltr'>deos</span> <span class='ocrx_word' id='word_1_410' title='bbox 3803 1048 4021 1113; x_wconf 88' lang='lat' dir='ltr'>ordine</span> 
     </span>
     <span class='ocr_line' id='line_1_55' title="bbox 2319 1148 4021 1239; baseline 0.002 -26"><span class='ocrx_word' id='word_1_411' title='bbox 2319 1148 2594 1213; x_wconf 87' lang='lat' dir='ltr'>locatus:</span> <span class='ocrx_word' id='word_1_412' title='bbox 2644 1151 2677 1213; x_wconf 81' lang='grc' dir='ltr'>ὁ</span> <span class='ocrx_word' id='word_1_413' title='bbox 2710 1153 2858 1215; x_wconf 71' lang='grc' dir='ltr'>κατὰ</span> <span class='ocrx_word' id='word_1_414' title='bbox 2886 1150 3106 1235; x_wconf 81' lang='grc' dir='ltr'>σχέσιν</span> <span class='ocrx_word' id='word_1_415' title='bbox 3135 1153 3376 1231; x_wconf 86' lang='grc' dir='ltr'>δαίμων,</span> <span class='ocrx_word' id='word_1_416' title='bbox 3408 1152 3518 1238; x_wconf 88' lang='lat' dir='ltr'>qui</span> <span class='ocrx_word' id='word_1_417' title='bbox 3542 1150 3705 1216; x_wconf 88' lang='lat' dir='ltr'>vires</span> <span class='ocrx_word' id='word_1_418' title='bbox 3733 1152 4021 1239; x_wconf 88' lang='lat' dir='ltr'>majores,</span> 
     </span>
     <span class='ocr_line' id='line_1_56' title="bbox 2320 1252 4014 1342; baseline 0.002 -26"><span class='ocrx_word' id='word_1_419' title='bbox 2320 1274 2513 1338; x_wconf 89' lang='lat' dir='ltr'>quam</span> <span class='ocrx_word' id='word_1_420' title='bbox 2553 1276 2670 1340; x_wconf 91' lang='lat' dir='ltr'>pro</span> <span class='ocrx_word' id='word_1_421' title='bbox 2711 1252 3026 1333; x_wconf 86' lang='lat' dir='ltr'>humanis,</span> <span class='ocrx_word' id='word_1_422' title='bbox 3057 1253 3288 1341; x_wconf 89' lang='lat' dir='ltr'>arguit,</span> <span class='ocrx_word' id='word_1_423' title='bbox 3320 1254 3808 1342; x_wconf 64' lang='lat' dir='ltr'>daemonumque</span> <span class='ocrx_word' id='word_1_424' title='bbox 3849 1255 4014 1319; x_wconf 88' lang='lat' dir='ltr'>simi-</span> 
     </span>
     <span class='ocr_line' id='line_1_57' title="bbox 2323 1353 4021 1446; baseline 0.004 -28"><span class='ocrx_word' id='word_1_425' title='bbox 2323 1353 2439 1419; x_wconf 90' lang='lat' dir='ltr'>lior</span> <span class='ocrx_word' id='word_1_426' title='bbox 2465 1379 2654 1443; x_wconf 86' lang='lat' dir='ltr'>quam</span> <span class='ocrx_word' id='word_1_427' title='bbox 2684 1356 3009 1421; x_wconf 90' lang='lat' dir='ltr'>hominum</span> <span class='ocrx_word' id='word_1_428' title='bbox 3040 1379 3215 1421; x_wconf 88' lang='lat' dir='ltr'>suam</span> <span class='ocrx_word' id='word_1_429' title='bbox 3247 1356 3439 1421; x_wconf 85' lang='lat' dir='ltr'>vitam</span> <span class='ocrx_word' id='word_1_430' title='bbox 3469 1358 3718 1445; x_wconf 90' lang='lat' dir='ltr'>penitus</span> <span class='ocrx_word' id='word_1_431' title='bbox 3747 1381 3786 1423; x_wconf 88' lang='lat' dir='ltr'>a</span> <span class='ocrx_word' id='word_1_432' title='bbox 3822 1359 4021 1446; x_wconf 89' lang='lat' dir='ltr'>geniis</span> 
     </span>
     <span class='ocr_line' id='line_1_58' title="bbox 2324 1458 2941 1546; baseline 0.003 -24"><span class='ocrx_word' id='word_1_433' title='bbox 2324 1481 2681 1546; x_wconf 88' lang='lat' dir='ltr'>suspensam</span> <span class='ocrx_word' id='word_1_434' title='bbox 2714 1458 2941 1524; x_wconf 90' lang='lat' dir='ltr'>reddit.</span> 
     </span>
    </p>

    <p class='ocr_par' dir='ltr' id='par_1_12' title="bbox 2321 1563 4021 1960">
     <span class='ocr_line' id='line_1_59' title="bbox 2408 1563 4016 1650; baseline 0.002 -25"><span class='ocrx_word' id='word_1_435' title='bbox 2408 1599 2498 1613; x_wconf 91' lang='lat'>-—</span> <span class='ocrx_word' id='word_1_436' title='bbox 2534 1583 2630 1643; x_wconf 88' lang='lat'><strong>14.</strong></span> <span class='ocrx_word' id='word_1_437' title='bbox 2667 1564 2763 1628; x_wconf 86' lang='grc' dir='ltr'>καὶ</span> <span class='ocrx_word' id='word_1_438' title='bbox 2799 1564 3257 1645; x_wconf 88' lang='grc' dir='ltr'>ἀπαλλαγείσας</span> <span class='ocrx_word' id='word_1_439' title='bbox 3297 1563 3428 1644; x_wconf 85' lang='grc' dir='ltr'>(τῆς</span> <span class='ocrx_word' id='word_1_440' title='bbox 3460 1568 3689 1650; x_wconf 81' lang='grc' dir='ltr'>ψυχῆς)</span> <span class='ocrx_word' id='word_1_441' title='bbox 3734 1566 3860 1628; x_wconf 73' lang='grc' dir='ltr'>ἐκεῖ</span> <span class='ocrx_word' id='word_1_442' title='bbox 3882 1567 4016 1647; x_wconf 81' lang='grc' dir='ltr'>γίγ·</span> 
     </span>
     <span class='ocr_line' id='line_1_60' title="bbox 2325 1665 4019 1755; baseline 0.001 -26"><span class='ocrx_word' id='word_1_443' title='bbox 2325 1666 2564 1755; x_wconf 89' lang='grc' dir='ltr'>νεσθαι]</span> <span class='ocrx_word' id='word_1_444' title='bbox 2616 1665 2718 1732; x_wconf 85' lang='lat' dir='ltr'>Cf.</span> <span class='ocrx_word' id='word_1_445' title='bbox 2750 1667 2920 1731; x_wconf 86' lang='lat' dir='ltr'>Eun.</span> <span class='ocrx_word' id='word_1_446' title='bbox 2947 1666 3064 1731; x_wconf 90' lang='lat' dir='ltr'>IV.</span> <span class='ocrx_word' id='word_1_447' title='bbox 3097 1685 3160 1752; x_wconf 89' lang='grc'>3.</span> <span class='ocrx_word' id='word_1_448' title='bbox 3195 1684 3292 1731; x_wconf 83' lang='lat'>12.</span> <span class='ocrx_word' id='word_1_449' title='bbox 3345 1667 3462 1731; x_wconf 89' lang='lat' dir='ltr'>IV.</span> <span class='ocrx_word' id='word_1_450' title='bbox 3488 1686 3548 1751; x_wconf 91' lang='lat'>9.</span> <span class='ocrx_word' id='word_1_451' title='bbox 3574 1688 3639 1747; x_wconf 88' lang='lat'>4.</span> <span class='ocrx_word' id='word_1_452' title='bbox 3686 1669 3788 1732; x_wconf 91' lang='lat' dir='ltr'>De</span> <span class='ocrx_word' id='word_1_453' title='bbox 3812 1666 4019 1731; x_wconf 88' lang='lat' dir='ltr'>reditu</span> 
     </span>
     <span class='ocr_line' id='line_1_61' title="bbox 2321 1768 4021 1857; baseline 0.002 -25"><span class='ocrx_word' id='word_1_454' title='bbox 2321 1769 2668 1834; x_wconf 88' lang='lat' dir='ltr'>animarum</span> <span class='ocrx_word' id='word_1_455' title='bbox 2717 1769 2798 1835; x_wconf 86' lang='lat' dir='ltr'>ad</span> <span class='ocrx_word' id='word_1_456' title='bbox 2845 1769 3164 1857; x_wconf 85' lang='lat' dir='ltr'>superiora</span> <span class='ocrx_word' id='word_1_457' title='bbox 3212 1770 3464 1856; x_wconf 81' lang='grc' dir='ltr'>(ἀνόδῳ)</span> <span class='ocrx_word' id='word_1_458' title='bbox 3511 1768 3839 1857; x_wconf 87' lang='lat' dir='ltr'>peculiaris</span> <span class='ocrx_word' id='word_1_459' title='bbox 3885 1785 4021 1835; x_wconf 89' lang='lat' dir='ltr'>erat</span> 
     </span>
     <span class='ocr_line' id='line_1_62' title="bbox 2326 1871 4019 1960; baseline -0.001 -24"><span class='ocrx_word' id='word_1_460' title='bbox 2326 1872 2658 1960; x_wconf 83' lang='lat' dir='ltr'>Porphyrii</span> <span class='ocrx_word' id='word_1_461' title='bbox 2685 1871 2843 1937; x_wconf 90' lang='lat' dir='ltr'>liber</span> <span class='ocrx_word' id='word_1_462' title='bbox 2879 1871 3256 1960; x_wconf 87' lang='lat' dir='ltr'>(Augustin.</span> <span class='ocrx_word' id='word_1_463' title='bbox 3287 1871 3369 1937; x_wconf 93' lang='lat' dir='ltr'>de</span> <span class='ocrx_word' id='word_1_464' title='bbox 3392 1874 3574 1938; x_wconf 91' lang='lat' dir='ltr'><strong>C.D.</strong></span> <span class='ocrx_word' id='word_1_465' title='bbox 3607 1874 3691 1938; x_wconf 91' lang='lat' dir='ltr'>X.</span> <span class='ocrx_word' id='word_1_466' title='bbox 3730 1875 3867 1957; x_wconf 87' lang='grc'><strong>29.)</strong></span> <span class='ocrx_word' id='word_1_467' title='bbox 3931 1872 4019 1937; x_wconf 86' lang='grc' dir='ltr'>Εἰ</span> 
     </span>
    </p>
   </div>
   <div class='ocr_carea' id='block_1_8' title="bbox 2322 1974 4011 2065">
    <p class='ocr_par' dir='ltr' id='par_1_13' title="bbox 2322 1974 4011 2065">
     <span class='ocr_line' id='line_1_63' title="bbox 2322 1974 4011 2065; baseline 0.002 -26"><span class='ocrx_word' id='word_1_468' title='bbox 2322 1974 2624 2041; x_wconf 75' lang='lat' dir='ltr'>doctrinae</span> <span class='ocrx_word' id='word_1_469' title='bbox 2653 1991 2932 2041; x_wconf 83' lang='lat' dir='ltr'>veterum</span> <span class='ocrx_word' id='word_1_470' title='bbox 2973 2000 3038 2042; x_wconf 94' lang='lat' dir='ltr'>se</span> <span class='ocrx_word' id='word_1_471' title='bbox 3081 1974 3387 2065; x_wconf 88' lang='lat' dir='ltr'>applicuit</span> <span class='ocrx_word' id='word_1_472' title='bbox 3426 1974 3725 2062; x_wconf 86' lang='lat' dir='ltr'>Virgilius</span> <span class='ocrx_word' id='word_1_473' title='bbox 3755 1976 4011 2043; x_wconf 84' lang='lat' dir='ltr'>AEneid.</span> 
     </span>
    </p>
   </div>
   <div class='ocr_carea' id='block_1_9' title="bbox 2323 2076 2785 2167">
    <p class='ocr_par' dir='ltr' id='par_1_14' title="bbox 2323 2076 2785 2167">
     <span class='ocr_line' id='line_1_64' title="bbox 2323 2076 2785 2167; baseline 0.009 -4"><span class='ocrx_word' id='word_1_474' title='bbox 2323 2076 2446 2143; x_wconf 89' lang='lat' dir='ltr'>VI·</span> <span class='ocrx_word' id='word_1_475' title='bbox 2474 2096 2620 2165; x_wconf 84' lang='lat'>735·</span> <span class='ocrx_word' id='word_1_476' title='bbox 2649 2102 2785 2167; x_wconf 72' lang='lat' dir='ltr'>sqq·</span> 
     </span>
    </p>
   </div>
   <div class='ocr_carea' id='block_1_10' title="bbox 2306 2181 4019 5664">
    <p class='ocr_par' dir='ltr' id='par_1_15' title="bbox 2311 2181 4019 4849">
     <span class='ocr_line' id='line_1_65' title="bbox 2350 2181 4016 2262; baseline 0.002 -21"><span class='ocrx_word' id='word_1_477' title='bbox 2350 2190 2393 2216; x_wconf 86' lang='lat'><em>“</em></span> <span class='ocrx_word' id='word_1_478' title='bbox 2413 2183 2573 2242; x_wconf 77' lang='lat' dir='ltr'>Quin</span> <span class='ocrx_word' id='word_1_479' title='bbox 2604 2197 2682 2249; x_wconf 86' lang='lat' dir='ltr'>et.</span> <span class='ocrx_word' id='word_1_480' title='bbox 2711 2202 2977 2262; x_wconf 87' lang='lat' dir='ltr'>supremo</span> <span class='ocrx_word' id='word_1_481' title='bbox 3005 2203 3180 2262; x_wconf 89' lang='lat' dir='ltr'>quum</span> <span class='ocrx_word' id='word_1_482' title='bbox 3210 2182 3423 2241; x_wconf 86' lang='lat' dir='ltr'>lumine</span> <span class='ocrx_word' id='word_1_483' title='bbox 3449 2181 3564 2242; x_wconf 84' lang='lat' dir='ltr'>vita</span> <span class='ocrx_word' id='word_1_484' title='bbox 3591 2183 3875 2262; x_wconf 83' lang='lat' dir='ltr'>reliquit,”</span> <span class='ocrx_word' id='word_1_485' title='bbox 3906 2199 4016 2246; x_wconf 89' lang='lat' dir='ltr'>cet.</span> 
     </span>
     <span class='ocr_line' id='line_1_66' title="bbox 2321 2278 4014 2367; baseline 0.001 -24"><span class='ocrx_word' id='word_1_486' title='bbox 2321 2278 2434 2344; x_wconf 94' lang='lat' dir='ltr'>Ad</span> <span class='ocrx_word' id='word_1_487' title='bbox 2476 2303 2622 2367; x_wconf 84' lang='lat' dir='ltr'>quae</span> <span class='ocrx_word' id='word_1_488' title='bbox 2649 2279 2902 2344; x_wconf 87' lang='lat' dir='ltr'>consule</span> <span class='ocrx_word' id='word_1_489' title='bbox 2945 2279 3185 2367; x_wconf 80' lang='lat' dir='ltr'>Heynii</span> <span class='ocrx_word' id='word_1_490' title='bbox 3212 2301 3455 2345; x_wconf 83' lang='lat' dir='ltr'>excurs.</span> <span class='ocrx_word' id='word_1_491' title='bbox 3489 2280 3709 2345; x_wconf 90' lang='lat' dir='ltr'><strong>XIII.</strong></span> <span class='ocrx_word' id='word_1_492' title='bbox 3757 2280 4014 2347; x_wconf 88' lang='lat' dir='ltr'>Iambli-</span> 
     </span>
     <span class='ocr_line' id='line_1_67' title="bbox 2319 2381 4017 2470; baseline 0.002 -24"><span class='ocrx_word' id='word_1_493' title='bbox 2319 2381 2476 2447; x_wconf 90' lang='lat' dir='ltr'>chus</span> <span class='ocrx_word' id='word_1_494' title='bbox 2529 2382 2593 2447; x_wconf 91' lang='lat' dir='ltr'>in</span> <span class='ocrx_word' id='word_1_495' title='bbox 2640 2385 2956 2470; x_wconf 91' lang='lat' dir='ltr'>Protrept.</span> <span class='ocrx_word' id='word_1_496' title='bbox 3010 2383 3150 2447; x_wconf 94' lang='lat' dir='ltr'><strong>III.</strong></span> <span class='ocrx_word' id='word_1_497' title='bbox 3198 2405 3265 2470; x_wconf 91' lang='lat' dir='ltr'>p.</span> <span class='ocrx_word' id='word_1_498' title='bbox 3294 2401 3404 2468; x_wconf 89' lang='lat'>34.</span> <span class='ocrx_word' id='word_1_499' title='bbox 3454 2381 3831 2470; x_wconf 85' lang='lat' dir='ltr'>Kiessling.:</span> <span class='ocrx_word' id='word_1_500' title='bbox 3880 2386 4017 2450; x_wconf 75' lang='grc' dir='ltr'>οὐδὲ</span> 
     </span>
     <span class='ocr_line' id='line_1_68' title="bbox 2318 2484 4016 2574; baseline 0.001 -23"><span class='ocrx_word' id='word_1_501' title='bbox 2318 2490 2434 2569; x_wconf 73' lang='grc' dir='ltr'>γὰρ</span> <span class='ocrx_word' id='word_1_502' title='bbox 2463 2486 2538 2552; x_wconf 78' lang='grc' dir='ltr'>ἂν</span> <span class='ocrx_word' id='word_1_503' title='bbox 2572 2485 2778 2569; x_wconf 88' lang='lat' dir='ltr'>(addit</span> <span class='ocrx_word' id='word_1_504' title='bbox 2802 2484 2964 2551; x_wconf 92' lang='lat' dir='ltr'>Cod.</span> <span class='ocrx_word' id='word_1_505' title='bbox 2990 2486 3126 2552; x_wconf 88' lang='lat' dir='ltr'><strong>Ciz.</strong></span> <span class='ocrx_word' id='word_1_506' title='bbox 3161 2502 3225 2551; x_wconf 90' lang='lat' dir='ltr'>et</span> <span class='ocrx_word' id='word_1_507' title='bbox 3255 2488 3417 2573; x_wconf 85' lang='lat' dir='ltr'><strong>Reg.</strong></span> <span class='ocrx_word' id='word_1_508' title='bbox 3452 2486 3651 2551; x_wconf 86' lang='lat' dir='ltr'>Paris.</span> <span class='ocrx_word' id='word_1_509' title='bbox 3681 2487 3863 2574; x_wconf 90' lang='lat' dir='ltr'>cujus</span> <span class='ocrx_word' id='word_1_510' title='bbox 3892 2486 4016 2553; x_wconf 87' lang='lat' dir='ltr'>ool·</span> 
     </span>
     <span class='ocr_line' id='line_1_69' title="bbox 2319 2588 4016 2677; baseline 0.001 -24"><span class='ocrx_word' id='word_1_511' title='bbox 2319 2588 2468 2654; x_wconf 86' lang='lat' dir='ltr'>latio</span> <span class='ocrx_word' id='word_1_512' title='bbox 2510 2612 2702 2677; x_wconf 89' lang='lat' dir='ltr'>penes</span> <span class='ocrx_word' id='word_1_513' title='bbox 2750 2613 2848 2654; x_wconf 88' lang='lat' dir='ltr'>me</span> <span class='ocrx_word' id='word_1_514' title='bbox 2891 2594 3014 2674; x_wconf 89' lang='lat' dir='ltr'>est)</span> <span class='ocrx_word' id='word_1_515' title='bbox 3063 2591 3263 2657; x_wconf 83' lang='grc' dir='ltr'>ἄλλως</span> <span class='ocrx_word' id='word_1_516' title='bbox 3308 2615 3396 2657; x_wconf 88' lang='grc' dir='ltr'>τις</span> <span class='ocrx_word' id='word_1_517' title='bbox 3440 2592 3712 2670; x_wconf 85' lang='grc' dir='ltr'>δυνηθείη</span> <span class='ocrx_word' id='word_1_518' title='bbox 3758 2591 3904 2673; x_wconf 86' lang='grc' dir='ltr'>πρὸς</span> <span class='ocrx_word' id='word_1_519' title='bbox 3946 2590 4016 2656; x_wconf 84' lang='grc' dir='ltr'>τὸ</span> 
     </span>
     <span class='ocr_line' id='line_1_70' title="bbox 2319 2693 4016 2781; baseline 0.002 -24"><span class='ocrx_word' id='word_1_520' title='bbox 2319 2695 2628 2758; x_wconf 86' lang='grc' dir='ltr'>θειότατον</span> <span class='ocrx_word' id='word_1_521' title='bbox 2656 2696 2836 2758; x_wconf 82' lang='grc' dir='ltr'>αὑτοῦ</span> <span class='ocrx_word' id='word_1_522' title='bbox 2873 2696 3252 2775; x_wconf 78' lang='grc' dir='ltr'>ἀναδραμεῖν,</span> <span class='ocrx_word' id='word_1_523' title='bbox 3287 2696 3342 2757; x_wconf 80' lang='grc' dir='ltr'>εί</span> <span class='ocrx_word' id='word_1_524' title='bbox 3377 2693 3459 2774; x_wconf 75' lang='grc' dir='ltr'>μὴ</span> <span class='ocrx_word' id='word_1_525' title='bbox 3491 2693 3559 2757; x_wconf 84' lang='grc' dir='ltr'>τὸ</span> <span class='ocrx_word' id='word_1_526' title='bbox 3604 2696 3847 2781; x_wconf 81' lang='grc' dir='ltr'>τοιούτῳ</span> <span class='ocrx_word' id='word_1_527' title='bbox 3892 2697 4016 2760; x_wconf 84' lang='grc' dir='ltr'>δαί-</span> 
     </span>
     <span class='ocr_line' id='line_1_71' title="bbox 2311 2795 4019 2884; baseline 0 -22"><span class='ocrx_word' id='word_1_528' title='bbox 2311 2824 2449 2879; x_wconf 89' lang='grc' dir='ltr'>μονι</span> <span class='ocrx_word' id='word_1_529' title='bbox 2476 2797 2768 2881; x_wconf 82' lang='grc' dir='ltr'>χρήσαιτο</span> <span class='ocrx_word' id='word_1_530' title='bbox 2815 2795 3009 2878; x_wconf 86' lang='lat' dir='ltr'>(adde</span> <span class='ocrx_word' id='word_1_531' title='bbox 3053 2811 3197 2884; x_wconf 89' lang='lat' dir='ltr'>post</span> <span class='ocrx_word' id='word_1_532' title='bbox 3241 2798 3473 2877; x_wconf 83' lang='grc' dir='ltr'>δαίμονι</span> <span class='ocrx_word' id='word_1_533' title='bbox 3515 2819 3592 2860; x_wconf 86' lang='lat' dir='ltr'>ex</span> <span class='ocrx_word' id='word_1_534' title='bbox 3635 2795 3731 2860; x_wconf 90' lang='lat' dir='ltr'>ed.</span> <span class='ocrx_word' id='word_1_535' title='bbox 3764 2800 3918 2862; x_wconf 90' lang='lat' dir='ltr'>Arc.</span> <span class='ocrx_word' id='word_1_536' title='bbox 3953 2813 4019 2862; x_wconf 87' lang='lat' dir='ltr'>et</span> 
     </span>
     <span class='ocr_line' id='line_1_72' title="bbox 2320 2898 4014 2988; baseline 0.001 -23"><span class='ocrx_word' id='word_1_537' title='bbox 2320 2900 2493 2965; x_wconf 86' lang='lat' dir='ltr'>libris</span> <span class='ocrx_word' id='word_1_538' title='bbox 2541 2902 2743 2965; x_wconf 90' lang='lat' dir='ltr'><strong>MSS.</strong></span> <span class='ocrx_word' id='word_1_539' title='bbox 2786 2900 3062 2985; x_wconf 82' lang='grc' dir='ltr'>ἡγεμόνι)</span> <span class='ocrx_word' id='word_1_540' title='bbox 3097 2899 3170 2964; x_wconf 81' lang='grc' dir='ltr'>δν</span> <span class='ocrx_word' id='word_1_541' title='bbox 3212 2903 3307 2963; x_wconf 85' lang='grc' dir='ltr'>δεῖ</span> <span class='ocrx_word' id='word_1_542' title='bbox 3347 2898 3464 2982; x_wconf 81' lang='lat' dir='ltr'>(ita</span> <span class='ocrx_word' id='word_1_543' title='bbox 3507 2898 3666 2964; x_wconf 90' lang='lat' dir='ltr'><strong>Cod.</strong></span> <span class='ocrx_word' id='word_1_544' title='bbox 3700 2899 3836 2965; x_wconf 88' lang='lat' dir='ltr'><strong>Ciz.</strong></span> <span class='ocrx_word' id='word_1_545' title='bbox 3868 2924 4014 2988; x_wconf 84' lang='lat' dir='ltr'>pro·</span> 
     </span>
     <span class='ocr_line' id='line_1_73' title="bbox 2320 3002 4016 3092; baseline -0.001 -22"><span class='ocrx_word' id='word_1_546' title='bbox 2320 3005 2509 3070; x_wconf 86' lang='lat' dir='ltr'>bante</span> <span class='ocrx_word' id='word_1_547' title='bbox 2539 3002 2873 3090; x_wconf 86' lang='lat' dir='ltr'>Kiessling.</span> <span class='ocrx_word' id='word_1_548' title='bbox 2905 3002 3165 3067; x_wconf 84' lang='lat' dir='ltr'>fortasse</span> <span class='ocrx_word' id='word_1_549' title='bbox 3196 3015 3404 3067; x_wconf 88' lang='lat' dir='ltr'>tamen</span> <span class='ocrx_word' id='word_1_550' title='bbox 3448 3003 3517 3067; x_wconf 83' lang='grc' dir='ltr'>οὗ</span> <span class='ocrx_word' id='word_1_551' title='bbox 3547 3007 3654 3078; x_wconf 86' lang='grc' dir='ltr'>δεῖ,</span> <span class='ocrx_word' id='word_1_552' title='bbox 3687 3004 3797 3069; x_wconf 75' lang='lat' dir='ltr'>uhi</span> <span class='ocrx_word' id='word_1_553' title='bbox 3825 3027 4016 3092; x_wconf 89' lang='lat' dir='ltr'>opor-</span> 
     </span>
     <span class='ocr_line' id='line_1_74' title="bbox 2321 3104 4019 3193; baseline 0 -19"><span class='ocrx_word' id='word_1_554' title='bbox 2321 3123 2428 3174; x_wconf 90' lang='lat' dir='ltr'>tet.</span> <span class='ocrx_word' id='word_1_555' title='bbox 2518 3109 2686 3172; x_wconf 88' lang='lat' dir='ltr'>Nam</span> <span class='ocrx_word' id='word_1_556' title='bbox 2715 3107 2780 3171; x_wconf 92' lang='lat' dir='ltr'>in</span> <span class='ocrx_word' id='word_1_557' title='bbox 2822 3105 3041 3193; x_wconf 89' lang='lat' dir='ltr'>reliqq.</span> <span class='ocrx_word' id='word_1_558' title='bbox 3072 3104 3245 3170; x_wconf 88' lang='lat' dir='ltr'>libris</span> <span class='ocrx_word' id='word_1_559' title='bbox 3278 3120 3373 3170; x_wconf 90' lang='lat' dir='ltr'>est</span> <span class='ocrx_word' id='word_1_560' title='bbox 3416 3106 3486 3170; x_wconf 81' lang='grc' dir='ltr'>οὔ</span> <span class='ocrx_word' id='word_1_561' title='bbox 3529 3109 3649 3191; x_wconf 87' lang='grc' dir='ltr'>δεῖ)</span> <span class='ocrx_word' id='word_1_562' title='bbox 3687 3107 3884 3173; x_wconf 84' lang='grc' dir='ltr'>πάντα</span> <span class='ocrx_word' id='word_1_563' title='bbox 3911 3109 4019 3174; x_wconf 84' lang='grc' dir='ltr'>τὸν</span> 
     </span>
     <span class='ocr_line' id='line_1_75' title="bbox 2323 3209 4017 3295; baseline -0.001 -18"><span class='ocrx_word' id='word_1_564' title='bbox 2323 3212 2580 3295; x_wconf 79' lang='grc' dir='ltr'>ἐραστὴν</span> <span class='ocrx_word' id='word_1_565' title='bbox 2608 3217 2726 3276; x_wconf 80' lang='grc' dir='ltr'>τῶν</span> <span class='ocrx_word' id='word_1_566' title='bbox 2755 3215 2908 3275; x_wconf 81' lang='grc' dir='ltr'>θεῶν</span> <span class='ocrx_word' id='word_1_567' title='bbox 2936 3211 3194 3293; x_wconf 86' lang='grc' dir='ltr'>γνησίως</span> <span class='ocrx_word' id='word_1_568' title='bbox 3223 3210 3660 3291; x_wconf 84' lang='grc' dir='ltr'>ἀποκαθαίρειν.</span> <span class='ocrx_word' id='word_1_569' title='bbox 3710 3209 3815 3294; x_wconf 82' lang='grc' dir='ltr'>ἀφ’</span> <span class='ocrx_word' id='word_1_570' title='bbox 3848 3213 3917 3276; x_wconf 80' lang='grc' dir='ltr'>οὗ</span> <span class='ocrx_word' id='word_1_571' title='bbox 3946 3212 4017 3292; x_wconf 79' lang='grc' dir='ltr'>δὴ</span> 
     </span>
     <span class='ocr_line' id='line_1_76' title="bbox 2319 3312 4012 3400; baseline -0.001 -19"><span class='ocrx_word' id='word_1_572' title='bbox 2319 3323 2554 3399; x_wconf 76' lang='grc' dir='ltr'>πρῶτον</span> <span class='ocrx_word' id='word_1_573' title='bbox 2603 3316 2722 3397; x_wconf 88' lang='lat' dir='ltr'>(ita</span> <span class='ocrx_word' id='word_1_574' title='bbox 2761 3313 2828 3379; x_wconf 91' lang='lat' dir='ltr'>in</span> <span class='ocrx_word' id='word_1_575' title='bbox 2885 3336 3085 3400; x_wconf 85' lang='lat' dir='ltr'>marg.</span> <span class='ocrx_word' id='word_1_576' title='bbox 3136 3312 3299 3378; x_wconf 91' lang='lat' dir='ltr'>Cod.</span> <span class='ocrx_word' id='word_1_577' title='bbox 3354 3314 3516 3399; x_wconf 88' lang='lat' dir='ltr'>Reg.</span> <span class='ocrx_word' id='word_1_578' title='bbox 3566 3327 3631 3377; x_wconf 93' lang='lat' dir='ltr'>et</span> <span class='ocrx_word' id='word_1_579' title='bbox 3686 3314 3825 3379; x_wconf 91' lang='lat' dir='ltr'>cod.</span> <span class='ocrx_word' id='word_1_580' title='bbox 3878 3315 4012 3380; x_wconf 88' lang='lat' dir='ltr'><strong>Ciz.</strong></span> 
     </span>
     <span class='ocr_line' id='line_1_77' title="bbox 2320 3416 4009 3504; baseline -0.002 -18"><span class='ocrx_word' id='word_1_581' title='bbox 2320 3424 2513 3486; x_wconf 88' lang='lat' dir='ltr'>Arc.:</span> <span class='ocrx_word' id='word_1_582' title='bbox 2562 3421 2791 3504; x_wconf 77' lang='grc' dir='ltr'>πρώτη)</span> <span class='ocrx_word' id='word_1_583' title='bbox 2822 3416 2935 3498; x_wconf 85' lang='grc' dir='ltr'>μέν</span> <span class='ocrx_word' id='word_1_584' title='bbox 2965 3418 3095 3481; x_wconf 76' lang='grc' dir='ltr'>ἐστι</span> <span class='ocrx_word' id='word_1_585' title='bbox 3124 3422 3316 3480; x_wconf 81' lang='grc' dir='ltr'>κακῶν</span> <span class='ocrx_word' id='word_1_586' title='bbox 3335 3420 3537 3480; x_wconf 85' lang='grc' dir='ltr'>παῦλα</span> <span class='ocrx_word' id='word_1_587' title='bbox 3565 3422 3683 3482; x_wconf 79' lang='grc' dir='ltr'>τῶν</span> <span class='ocrx_word' id='word_1_588' title='bbox 3705 3427 4009 3501; x_wconf 82' lang='grc' dir='ltr'>συμπεφυ-</span> 
     </span>
     <span class='ocr_line' id='line_1_78' title="bbox 2322 3518 4015 3604; baseline -0.003 -14"><span class='ocrx_word' id='word_1_589' title='bbox 2322 3527 2508 3590; x_wconf 87' lang='grc' dir='ltr'>κότων</span> <span class='ocrx_word' id='word_1_590' title='bbox 2534 3524 2674 3604; x_wconf 81' lang='grc' dir='ltr'>ἡμῖν</span> <span class='ocrx_word' id='word_1_591' title='bbox 2706 3520 2823 3587; x_wconf 81' lang='grc' dir='ltr'>ἀπὸ</span> <span class='ocrx_word' id='word_1_592' title='bbox 2866 3523 2966 3600; x_wconf 89' lang='grc' dir='ltr'>τῆς</span> <span class='ocrx_word' id='word_1_593' title='bbox 3009 3518 3325 3602; x_wconf 87' lang='grc' dir='ltr'>γενέσεως·</span> <span class='ocrx_word' id='word_1_594' title='bbox 3373 3518 3578 3583; x_wconf 84' lang='grc' dir='ltr'>ἔπειτα</span> <span class='ocrx_word' id='word_1_595' title='bbox 3616 3525 3835 3601; x_wconf 80' lang='grc' dir='ltr'>γνῶσις</span> <span class='ocrx_word' id='word_1_596' title='bbox 3874 3521 4015 3601; x_wconf 87' lang='grc' dir='ltr'>ἡμῖν</span> 
     </span>
     <span class='ocr_line' id='line_1_79' title="bbox 2320 3620 4009 3707; baseline -0.002 -18"><span class='ocrx_word' id='word_1_597' title='bbox 2320 3626 2572 3707; x_wconf 78' lang='grc' dir='ltr'>ἀληθινὴ</span> <span class='ocrx_word' id='word_1_598' title='bbox 2601 3623 2895 3706; x_wconf 75' lang='grc' dir='ltr'>παρέστω</span> <span class='ocrx_word' id='word_1_599' title='bbox 2921 3624 3022 3701; x_wconf 85' lang='grc' dir='ltr'>τῆς</span> <span class='ocrx_word' id='word_1_600' title='bbox 3062 3621 3364 3700; x_wconf 87' lang='grc' dir='ltr'>δαιμονίας</span> <span class='ocrx_word' id='word_1_601' title='bbox 3400 3620 3497 3684; x_wconf 84' lang='grc' dir='ltr'>καὶ</span> <span class='ocrx_word' id='word_1_602' title='bbox 3529 3622 3817 3702; x_wconf 89' lang='grc' dir='ltr'>μακαρίας</span> <span class='ocrx_word' id='word_1_603' title='bbox 3847 3626 4009 3701; x_wconf 77' lang='grc' dir='ltr'>ζωῆς,</span> 
     </span>
     <span class='ocr_line' id='line_1_80' title="bbox 2317 3721 4013 3812; baseline -0.004 -16"><span class='ocrx_word' id='word_1_604' title='bbox 2317 3735 2434 3812; x_wconf 82' lang='grc' dir='ltr'>ὅση</span> <span class='ocrx_word' id='word_1_605' title='bbox 2462 3731 2549 3796; x_wconf 84' lang='grc' dir='ltr'>τίς</span> <span class='ocrx_word' id='word_1_606' title='bbox 2580 3730 2712 3793; x_wconf 80' lang='grc' dir='ltr'>ἔστι</span> <span class='ocrx_word' id='word_1_607' title='bbox 2740 3726 2835 3791; x_wconf 85' lang='grc' dir='ltr'>καὶ</span> <span class='ocrx_word' id='word_1_608' title='bbox 2865 3725 3061 3788; x_wconf 80' lang='grc' dir='ltr'>ὁποία·</span> <span class='ocrx_word' id='word_1_609' title='bbox 3107 3721 3236 3803; x_wconf 90' lang='grc' dir='ltr'>μεθ’</span> <span class='ocrx_word' id='word_1_610' title='bbox 3267 3723 3336 3803; x_wconf 89' lang='grc' dir='ltr'>ἧς</span> <span class='ocrx_word' id='word_1_611' title='bbox 3363 3724 3631 3791; x_wconf 86' lang='grc' dir='ltr'>ἀνιόντες</span> <span class='ocrx_word' id='word_1_612' title='bbox 3649 3723 3718 3788; x_wconf 81' lang='grc' dir='ltr'>τὸ</span> <span class='ocrx_word' id='word_1_613' title='bbox 3743 3725 4013 3809; x_wconf 84' lang='grc' dir='ltr'>ἀρχηγὸν</span> 
     </span>
     <span class='ocr_line' id='line_1_81' title="bbox 2317 3827 4012 3917; baseline -0.006 -14"><span class='ocrx_word' id='word_1_614' title='bbox 2317 3842 2481 3904; x_wconf 88' lang='grc' dir='ltr'>θεῖον</span> <span class='ocrx_word' id='word_1_615' title='bbox 2509 3830 2686 3917; x_wconf 88' lang='grc' dir='ltr'>γένος</span> <span class='ocrx_word' id='word_1_616' title='bbox 2713 3834 2831 3892; x_wconf 78' lang='grc' dir='ltr'>τῶν</span> <span class='ocrx_word' id='word_1_617' title='bbox 2859 3827 3185 3909; x_wconf 73' lang='grc' dir='ltr'>ἀνθρώπων</span> <span class='ocrx_word' id='word_1_618' title='bbox 3207 3827 3611 3909; x_wconf 76' lang='grc' dir='ltr'>κατοψόμεθα,</span> <span class='ocrx_word' id='word_1_619' title='bbox 3638 3827 3732 3891; x_wconf 85' lang='grc' dir='ltr'>καὶ</span> <span class='ocrx_word' id='word_1_620' title='bbox 3757 3831 3839 3896; x_wconf 74' lang='grc' dir='ltr'>εἰς</span> <span class='ocrx_word' id='word_1_621' title='bbox 3864 3827 4012 3892; x_wconf 81' lang='grc' dir='ltr'>αὐτὸ</span> 
     </span>
     <span class='ocr_line' id='line_1_82' title="bbox 2316 3930 4012 4022; baseline -0.006 -16"><span class='ocrx_word' id='word_1_622' title='bbox 2316 3936 2718 4022; x_wconf 78' lang='grc' dir='ltr'>ἑνιδρυθέντες</span> <span class='ocrx_word' id='word_1_623' title='bbox 2744 3930 2920 3998; x_wconf 84' lang='grc' dir='ltr'>τέλος</span> <span class='ocrx_word' id='word_1_624' title='bbox 2959 3930 3170 4009; x_wconf 74' lang='grc' dir='ltr'>ἕξομεν</span> <span class='ocrx_word' id='word_1_625' title='bbox 3196 3933 3302 3993; x_wconf 83' lang='grc' dir='ltr'>τοῦ</span> <span class='ocrx_word' id='word_1_626' title='bbox 3336 3930 3725 4012; x_wconf 88' lang='grc' dir='ltr'>προτεθέντος</span> <span class='ocrx_word' id='word_1_627' title='bbox 3750 3930 3865 3996; x_wconf 78' lang='grc' dir='ltr'>ὑπὸ</span> <span class='ocrx_word' id='word_1_628' title='bbox 3893 3937 4012 3996; x_wconf 78' lang='grc' dir='ltr'>τῶν</span> 
     </span>
     <span class='ocr_line' id='line_1_83' title="bbox 2316 4032 4012 4118; baseline -0.005 -9"><span class='ocrx_word' id='word_1_629' title='bbox 2316 4049 2468 4109; x_wconf 80' lang='grc' dir='ltr'>θεῶν</span> <span class='ocrx_word' id='word_1_630' title='bbox 2497 4044 2622 4106; x_wconf 88' lang='grc' dir='ltr'>τοῖς</span> <span class='ocrx_word' id='word_1_631' title='bbox 2655 4036 2985 4118; x_wconf 79' lang='grc' dir='ltr'>ἀνθρώποις</span> <span class='ocrx_word' id='word_1_632' title='bbox 3020 4032 3462 4114; x_wconf 83' lang='grc' dir='ltr'>μακαριωτάτου</span> <span class='ocrx_word' id='word_1_633' title='bbox 3499 4035 3661 4114; x_wconf 86' lang='grc' dir='ltr'>βίου·</span> <span class='ocrx_word' id='word_1_634' title='bbox 3708 4035 3806 4100; x_wconf 77' lang='grc' dir='ltr'>ἐπὶ</span> <span class='ocrx_word' id='word_1_635' title='bbox 3849 4034 4012 4101; x_wconf 88' lang='grc' dir='ltr'>τέλει</span> 
     </span>
     <span class='ocr_line' id='line_1_84' title="bbox 2315 4134 4009 4226; baseline -0.006 -13"><span class='ocrx_word' id='word_1_636' title='bbox 2315 4149 2518 4212; x_wconf 84' lang='grc' dir='ltr'>τοίνυν</span> <span class='ocrx_word' id='word_1_637' title='bbox 2545 4140 2693 4224; x_wconf 82' lang='grc' dir='ltr'>πρὸς</span> <span class='ocrx_word' id='word_1_638' title='bbox 2720 4138 2829 4218; x_wconf 76' lang='grc' dir='ltr'>τὴν</span> <span class='ocrx_word' id='word_1_639' title='bbox 2854 4135 3228 4218; x_wconf 82' lang='grc' dir='ltr'>μετάστασιν</span> <span class='ocrx_word' id='word_1_640' title='bbox 3261 4134 3379 4219; x_wconf 81' lang='lat' dir='ltr'>(ita</span> <span class='ocrx_word' id='word_1_641' title='bbox 3399 4136 3585 4200; x_wconf 89' lang='lat' dir='ltr'>etiam</span> <span class='ocrx_word' id='word_1_642' title='bbox 3607 4136 3813 4203; x_wconf 91' lang='lat' dir='ltr'>Codd.</span> <span class='ocrx_word' id='word_1_643' title='bbox 3843 4139 4009 4226; x_wconf 89' lang='lat' dir='ltr'>Reg.</span> 
     </span>
     <span class='ocr_line' id='line_1_85' title="bbox 2316 4238 4006 4326; baseline -0.005 -11"><span class='ocrx_word' id='word_1_644' title='bbox 2316 4266 2381 4314; x_wconf 91' lang='lat' dir='ltr'>et</span> <span class='ocrx_word' id='word_1_645' title='bbox 2412 4246 2707 4326; x_wconf 88' lang='lat' dir='ltr'>Memm.)</span> <span class='ocrx_word' id='word_1_646' title='bbox 2739 4245 2841 4320; x_wconf 81' lang='grc' dir='ltr'>τῆς</span> <span class='ocrx_word' id='word_1_647' title='bbox 2866 4243 3069 4323; x_wconf 76' lang='grc' dir='ltr'>ψυχῆς</span> <span class='ocrx_word' id='word_1_648' title='bbox 3094 4238 3412 4321; x_wconf 87' lang='grc' dir='ltr'>προτρέπει</span> <span class='ocrx_word' id='word_1_649' title='bbox 3440 4241 3537 4305; x_wconf 86' lang='grc' dir='ltr'>καὶ</span> <span class='ocrx_word' id='word_1_650' title='bbox 3563 4240 3672 4320; x_wconf 76' lang='grc' dir='ltr'>τὴν</span> <span class='ocrx_word' id='word_1_651' title='bbox 3713 4241 3864 4321; x_wconf 76' lang='grc' dir='ltr'>ζωὴν</span> <span class='ocrx_word' id='word_1_652' title='bbox 3903 4242 4006 4306; x_wconf 80' lang='grc' dir='ltr'>αὗ-</span> 
     </span>
     <span class='ocr_line' id='line_1_86' title="bbox 2316 4340 4006 4433; baseline -0.003 -19"><span class='ocrx_word' id='word_1_653' title='bbox 2316 4357 2418 4433; x_wconf 84' lang='grc' dir='ltr'>τῆς</span> <span class='ocrx_word' id='word_1_654' title='bbox 2444 4350 2553 4430; x_wconf 82' lang='grc' dir='ltr'>τὴν</span> <span class='ocrx_word' id='word_1_655' title='bbox 2586 4345 2710 4412; x_wconf 88' lang='grc' dir='ltr'>καθ’</span> <span class='ocrx_word' id='word_1_656' title='bbox 2745 4343 2979 4424; x_wconf 82' lang='grc' dir='ltr'>ἑαυτὴν,</span> <span class='ocrx_word' id='word_1_657' title='bbox 3013 4340 3138 4407; x_wconf 82' lang='grc' dir='ltr'>καθ’</span> <span class='ocrx_word' id='word_1_658' title='bbox 3168 4341 3242 4421; x_wconf 80' lang='grc' dir='ltr'>ἣν</span> <span class='ocrx_word' id='word_1_659' title='bbox 3272 4342 3647 4422; x_wconf 84' lang='grc' dir='ltr'>ἀπήλλακται</span> <span class='ocrx_word' id='word_1_660' title='bbox 3674 4349 3780 4408; x_wconf 84' lang='grc' dir='ltr'>τοῦ</span> <span class='ocrx_word' id='word_1_661' title='bbox 3809 4347 4006 4425; x_wconf 76' lang='grc' dir='ltr'>σώμα-</span> 
     </span>
     <span class='ocr_line' id='line_1_87' title="bbox 2316 4444 4009 4529; baseline -0.005 -9"><span class='ocrx_word' id='word_1_662' title='bbox 2316 4481 2416 4523; x_wconf 91' lang='grc' dir='ltr'>τος</span> <span class='ocrx_word' id='word_1_663' title='bbox 2445 4454 2540 4519; x_wconf 84' lang='grc' dir='ltr'>καὶ</span> <span class='ocrx_word' id='word_1_664' title='bbox 2584 4456 2702 4515; x_wconf 80' lang='grc' dir='ltr'>τῶν</span> <span class='ocrx_word' id='word_1_665' title='bbox 2746 4449 2975 4528; x_wconf 77' lang='grc' dir='ltr'>σώματι</span> <span class='ocrx_word' id='word_1_666' title='bbox 3013 4445 3467 4528; x_wconf 79' lang='grc' dir='ltr'>συνηρτημένων</span> <span class='ocrx_word' id='word_1_667' title='bbox 3504 4448 3768 4529; x_wconf 77' lang='grc' dir='ltr'>φύσεων.</span> <span class='ocrx_word' id='word_1_668' title='bbox 3861 4444 4009 4512; x_wconf 81' lang='lat' dir='ltr'>Alia</span> 
     </span>
     <span class='ocr_line' id='line_1_88' title="bbox 2311 4548 4006 4646; baseline -0.004 -25"><span class='ocrx_word' id='word_1_669' title='bbox 2311 4557 2584 4646; x_wconf 85' lang='lat' dir='ltr'>plurima</span> <span class='ocrx_word' id='word_1_670' title='bbox 2624 4551 2867 4628; x_wconf 89' lang='lat' dir='ltr'>omitto,</span> <span class='ocrx_word' id='word_1_671' title='bbox 2906 4572 3053 4636; x_wconf 81' lang='lat' dir='ltr'>quse</span> <span class='ocrx_word' id='word_1_672' title='bbox 3087 4548 3148 4612; x_wconf 89' lang='lat' dir='ltr'>in</span> <span class='ocrx_word' id='word_1_673' title='bbox 3194 4548 3549 4636; x_wconf 84' lang='lat' dir='ltr'>Symbolica</span> <span class='ocrx_word' id='word_1_674' title='bbox 3579 4550 3719 4615; x_wconf 89' lang='lat'><strong>111.</strong></span> <span class='ocrx_word' id='word_1_675' title='bbox 3767 4572 3830 4636; x_wconf 89' lang='lat' dir='ltr'>p.</span> <span class='ocrx_word' id='word_1_676' title='bbox 3860 4569 4006 4638; x_wconf 81' lang='grc'><strong>432.</strong></span> 
     </span>
     <span class='ocr_line' id='line_1_89' title="bbox 2312 4652 4008 4747; baseline -0.003 -23"><span class='ocrx_word' id='word_1_677' title='bbox 2312 4684 2449 4747; x_wconf 89' lang='lat' dir='ltr'><strong>sqq.</strong></span> <span class='ocrx_word' id='word_1_678' title='bbox 2482 4658 2563 4722; x_wconf 91' lang='lat' dir='ltr'>de</span> <span class='ocrx_word' id='word_1_679' title='bbox 2595 4654 2800 4720; x_wconf 90' lang='lat' dir='ltr'>reditu</span> <span class='ocrx_word' id='word_1_680' title='bbox 2830 4652 3178 4717; x_wconf 89' lang='lat' dir='ltr'>animarum</span> <span class='ocrx_word' id='word_1_681' title='bbox 3209 4674 3287 4715; x_wconf 88' lang='lat' dir='ltr'>ex</span> <span class='ocrx_word' id='word_1_682' title='bbox 3318 4664 3601 4717; x_wconf 85' lang='lat' dir='ltr'>veterum</span> <span class='ocrx_word' id='word_1_683' title='bbox 3639 4654 4008 4742; x_wconf 88' lang='lat' dir='ltr'>religionum</span> 
     </span>
     <span class='ocr_line' id='line_1_90' title="bbox 2312 4754 3339 4849; baseline -0.007 -22"><span class='ocrx_word' id='word_1_684' title='bbox 2312 4778 2376 4827; x_wconf 89' lang='lat' dir='ltr'>et</span> <span class='ocrx_word' id='word_1_685' title='bbox 2405 4757 2815 4849; x_wconf 62' lang='lat' dir='ltr'>philosophias</span> <span class='ocrx_word' id='word_1_686' title='bbox 2843 4754 3109 4820; x_wconf 90' lang='lat' dir='ltr'>decretis</span> <span class='ocrx_word' id='word_1_687' title='bbox 3135 4755 3339 4843; x_wconf 89' lang='lat' dir='ltr'>posui.</span> 
     </span>
    </p>

    <p class='ocr_par' dir='ltr' id='par_1_16' title="bbox 2306 4859 4008 5664">
     <span class='ocr_line' id='line_1_91' title="bbox 2397 4859 4008 4952; baseline 0 -24"><span class='ocrx_word' id='word_1_688' title='bbox 2397 4887 2462 4952; x_wconf 90' lang='lat' dir='ltr'>p.</span> <span class='ocrx_word' id='word_1_689' title='bbox 2494 4880 2649 4949; x_wconf 83' lang='lat'><strong>520,</strong></span> <span class='ocrx_word' id='word_1_690' title='bbox 2688 4880 2787 4943; x_wconf 81' lang='lat'>17.</span> <span class='ocrx_word' id='word_1_691' title='bbox 2837 4859 2966 4924; x_wconf 83' lang='grc' dir='ltr'>εἶτα</span> <span class='ocrx_word' id='word_1_692' title='bbox 3008 4861 3455 4940; x_wconf 82' lang='grc' dir='ltr'>παραλαβοῦσα</span> <span class='ocrx_word' id='word_1_693' title='bbox 3496 4859 3535 4939; x_wconf 84' lang='grc' dir='ltr'>ἡ</span> <span class='ocrx_word' id='word_1_694' title='bbox 3571 4865 3678 4923; x_wconf 84' lang='grc' dir='ltr'>τοῦ</span> <span class='ocrx_word' id='word_1_695' title='bbox 3722 4862 4008 4944; x_wconf 83' lang='grc' dir='ltr'>ἀτράκτου</span> 
     </span>
     <span class='ocr_line' id='line_1_92' title="bbox 2308 4960 3999 5053; baseline -0.001 -21"><span class='ocrx_word' id='word_1_696' title='bbox 2308 4964 2607 5050; x_wconf 83' lang='grc' dir='ltr'>λεγομένη</span> <span class='ocrx_word' id='word_1_697' title='bbox 2637 4964 2867 5048; x_wconf 90' lang='grc' dir='ltr'>φύσις.]</span> <span class='ocrx_word' id='word_1_698' title='bbox 2920 4960 3106 5026; x_wconf 92' lang='lat' dir='ltr'>Plato</span> <span class='ocrx_word' id='word_1_699' title='bbox 3126 4960 3207 5025; x_wconf 91' lang='lat' dir='ltr'>de</span> <span class='ocrx_word' id='word_1_700' title='bbox 3240 4960 3514 5049; x_wconf 87' lang='lat' dir='ltr'>Republ.</span> <span class='ocrx_word' id='word_1_701' title='bbox 3550 4961 3635 5028; x_wconf 90' lang='lat' dir='ltr'>X.</span> <span class='ocrx_word' id='word_1_702' title='bbox 3669 4986 3737 5051; x_wconf 91' lang='lat' dir='ltr'>p.</span> <span class='ocrx_word' id='word_1_703' title='bbox 3763 4965 3908 5029; x_wconf 93' lang='lat'><strong>616.</strong></span> <span class='ocrx_word' id='word_1_704' title='bbox 3938 4988 3999 5053; x_wconf 92' lang='lat' dir='ltr'>p.</span> 
     </span>
     <span class='ocr_line' id='line_1_93' title="bbox 2306 5065 4007 5156; baseline 0.001 -22"><span class='ocrx_word' id='word_1_705' title='bbox 2306 5072 2458 5156; x_wconf 82' lang='lat'><strong>506.</strong></span> <span class='ocrx_word' id='word_1_706' title='bbox 2491 5066 2696 5133; x_wconf 81' lang='lat' dir='ltr'><strong>Bekk.</strong></span> <span class='ocrx_word' id='word_1_707' title='bbox 2744 5068 2808 5131; x_wconf 76' lang='grc' dir='ltr'>ἐκ</span> <span class='ocrx_word' id='word_1_708' title='bbox 2852 5068 2915 5130; x_wconf 80' lang='grc' dir='ltr'>δὲ</span> <span class='ocrx_word' id='word_1_709' title='bbox 2961 5071 3078 5130; x_wconf 78' lang='grc' dir='ltr'>τῶν</span> <span class='ocrx_word' id='word_1_710' title='bbox 3124 5066 3318 5147; x_wconf 81' lang='grc' dir='ltr'>ἄκρων</span> <span class='ocrx_word' id='word_1_711' title='bbox 3356 5065 3680 5145; x_wconf 85' lang='grc' dir='ltr'>τεταμένον</span> <span class='ocrx_word' id='word_1_712' title='bbox 3712 5066 4007 5150; x_wconf 83' lang='grc' dir='ltr'>Ἀνάγκης</span> 
     </span>
     <span class='ocr_line' id='line_1_94' title="bbox 2310 5167 4008 5255; baseline 0 -17"><span class='ocrx_word' id='word_1_713' title='bbox 2310 5174 2621 5255; x_wconf 81' lang='grc' dir='ltr'>ἄτρακτον,</span> <span class='ocrx_word' id='word_1_714' title='bbox 2659 5169 2730 5236; x_wconf 82' lang='grc' dir='ltr'>δι’</span> <span class='ocrx_word' id='word_1_715' title='bbox 2765 5171 2834 5234; x_wconf 80' lang='grc' dir='ltr'>οὗ</span> <span class='ocrx_word' id='word_1_716' title='bbox 2876 5168 3075 5235; x_wconf 83' lang='grc' dir='ltr'>πάσας</span> <span class='ocrx_word' id='word_1_717' title='bbox 3110 5167 3578 5250; x_wconf 83' lang='grc' dir='ltr'>ἐπιστρέφεσθαι</span> <span class='ocrx_word' id='word_1_718' title='bbox 3622 5173 3727 5237; x_wconf 77' lang='grc' dir='ltr'>τὰς</span> <span class='ocrx_word' id='word_1_719' title='bbox 3766 5171 4008 5252; x_wconf 87' lang='grc' dir='ltr'>πορείας</span> 
     </span>
     <span class='ocr_line' id='line_1_95' title="bbox 2314 5269 3999 5358; baseline -0.002 -17"><span class='ocrx_word' id='word_1_720' title='bbox 2314 5306 2366 5342; x_wconf 92' lang='grc' dir='ltr'>κ.</span> <span class='ocrx_word' id='word_1_721' title='bbox 2390 5302 2444 5341; x_wconf 85' lang='grc' dir='ltr'>τ.</span> <span class='ocrx_word' id='word_1_722' title='bbox 2463 5284 2528 5341; x_wconf 91' lang='grc' dir='ltr'>λ.</span> <span class='ocrx_word' id='word_1_723' title='bbox 2608 5271 2873 5340; x_wconf 90' lang='lat' dir='ltr'>Proclus</span> <span class='ocrx_word' id='word_1_724' title='bbox 2899 5271 2964 5335; x_wconf 92' lang='lat' dir='ltr'>in</span> <span class='ocrx_word' id='word_1_725' title='bbox 2998 5269 3275 5335; x_wconf 87' lang='lat' dir='ltr'>Platonis</span> <span class='ocrx_word' id='word_1_726' title='bbox 3306 5269 3718 5358; x_wconf 86' lang='lat' dir='ltr'>Theologiam</span> <span class='ocrx_word' id='word_1_727' title='bbox 3752 5270 3871 5335; x_wconf 90' lang='lat' dir='ltr'>VI.</span> <span class='ocrx_word' id='word_1_728' title='bbox 3898 5289 3999 5358; x_wconf 83' lang='lat'>23.</span> 
     </span>
     <span class='ocr_line' id='line_1_96' title="bbox 2312 5372 4007 5468; baseline -0.002 -25"><span class='ocrx_word' id='word_1_729' title='bbox 2312 5402 2378 5468; x_wconf 91' lang='lat' dir='ltr'>p.</span> <span class='ocrx_word' id='word_1_730' title='bbox 2406 5397 2535 5461; x_wconf 89' lang='lat'>409</span> <span class='ocrx_word' id='word_1_731' title='bbox 2561 5376 2767 5443; x_wconf 73' lang='lat' dir='ltr'><strong>:—xo.2</strong></span> <span class='ocrx_word' id='word_1_732' title='bbox 2810 5376 3013 5456; x_wconf 78' lang='grc' dir='ltr'>ὥσπερ</span> <span class='ocrx_word' id='word_1_733' title='bbox 3052 5372 3233 5438; x_wconf 79' lang='grc' dir='ltr'>αὐτὸν</span> <span class='ocrx_word' id='word_1_734' title='bbox 3267 5372 3374 5437; x_wconf 83' lang='grc' dir='ltr'>τὸν</span> <span class='ocrx_word' id='word_1_735' title='bbox 3417 5374 3567 5438; x_wconf 84' lang='grc' dir='ltr'>ὅλον</span> <span class='ocrx_word' id='word_1_736' title='bbox 3608 5375 3898 5454; x_wconf 75' lang='grc' dir='ltr'>ἄτρακτον</span> <span class='ocrx_word' id='word_1_737' title='bbox 3938 5376 4007 5439; x_wconf 71' lang='grc' dir='ltr'>ἓν</span> 
     </span>
     <span class='ocr_line' id='line_1_97' title="bbox 2307 5475 4001 5565; baseline -0.003 -19"><span class='ocrx_word' id='word_1_738' title='bbox 2307 5487 2429 5549; x_wconf 88' lang='grc' dir='ltr'>τοῖς</span> <span class='ocrx_word' id='word_1_739' title='bbox 2477 5483 2698 5565; x_wconf 88' lang='grc' dir='ltr'>γόνασι</span> <span class='ocrx_word' id='word_1_740' title='bbox 2743 5482 2845 5558; x_wconf 86' lang='grc' dir='ltr'>τῆς</span> <span class='ocrx_word' id='word_1_741' title='bbox 2881 5476 3179 5559; x_wconf 84' lang='grc' dir='ltr'>Ἀνάγκης</span> <span class='ocrx_word' id='word_1_742' title='bbox 3222 5475 3593 5558; x_wconf 87' lang='grc' dir='ltr'>στρέφεσθαι</span> <span class='ocrx_word' id='word_1_743' title='bbox 3635 5475 4001 5556; x_wconf 85' lang='grc' dir='ltr'>προείρηκεν,</span> 
     </span>
     <span class='ocr_line' id='line_1_98' title="bbox 2310 5580 4004 5664; baseline -0.003 -14"><span class='ocrx_word' id='word_1_744' title='bbox 2310 5588 2460 5651; x_wconf 82' lang='grc' dir='ltr'>οὕτω</span> <span class='ocrx_word' id='word_1_745' title='bbox 2500 5584 2572 5664; x_wconf 78' lang='grc' dir='ltr'>δὴ</span> <span class='ocrx_word' id='word_1_746' title='bbox 2619 5584 2713 5648; x_wconf 83' lang='grc' dir='ltr'>καὶ</span> <span class='ocrx_word' id='word_1_747' title='bbox 2753 5582 2862 5662; x_wconf 75' lang='grc' dir='ltr'>τὴν</span> <span class='ocrx_word' id='word_1_748' title='bbox 2890 5581 3025 5663; x_wconf 83' lang='grc' dir='ltr'>περὶ</span> <span class='ocrx_word' id='word_1_749' title='bbox 3057 5583 3164 5647; x_wconf 72' lang='grc' dir='ltr'>τὸς</span> <span class='ocrx_word' id='word_1_750' title='bbox 3199 5582 3439 5661; x_wconf 83' lang='grc' dir='ltr'>μερικᾶς</span> <span class='ocrx_word' id='word_1_751' title='bbox 3471 5581 3675 5661; x_wconf 74' lang='grc' dir='ltr'>ψυχὰς</span> <span class='ocrx_word' id='word_1_752' title='bbox 3717 5580 4004 5661; x_wconf 89' lang='grc' dir='ltr'>πρόνοιαν</span> 
     </span>
    </p>
   </div>
   <div class='ocr_carea' id='block_1_11' title="bbox 5069 41 5074 732">
    <p class='ocr_par' dir='ltr' id='par_1_17' title="bbox 5069 41 5074 732">
     <span class='ocr_line' id='line_1_99' title="bbox 5069 41 5074 732; baseline 0 0"><span class='ocrx_word' id='word_1_753' title='bbox 5069 41 5074 732; x_wconf 95' lang='lat' dir='ltr'> </span> 
     </span>
    </p>
   </div>
  </div>
 </body>
</html>
