5118 6613
1068 580 1146 644 26
1734 606 1741 615 ·
2030 577 2854 643 ANNOTATIONES
2925 579 3034 642 IN
3103 578 3548 644 PLOTINI

1066 749 1167 813 II.
1195 769 1258 834 5.
1290 765 1353 814 et
1384 748 1586 814 Hebr.
1621 750 1718 813 X.
1743 768 1850 834 32.
1895 747 2081 813 Ρ11110
2108 750 2154 812 J
2162 748 2265 813 ud.
2311 748 2373 812 in
2418 748 2600 827 libre,
2631 750 2743 837 qui

1064 852 1420 918 inscribitur
1446 850 1640 916 liber:
1677 851 1972 938 Quisquis
1998 851 2214 917 virtuti
2243 852 2473 928 studet,
2502 875 2569 939 p.
2593 872 2743 937 449.

1064 957 1327 1043 Mang.:
1376 955 1479 1019 τὸν
1507 958 1572 1019 δὲ
1610 957 2238 1035 τυπτόμενον-ὄντως
2278 955 2537 1037 γέμοντα
2574 957 2749 1021 πνεύ-

1062 1085 1244 1140 ματος
1285 1059 1854 1138 ἀθλητικοῦ-οὐδὲν
1889 1059 2001 1138 μὲν
2035 1058 2181 1141 πρὸς
2223 1061 2327 1125 τὰς
2367 1062 2601 1142 πληγὰς
2648 1061 2744 1123 ἐν·

1064 1164 1258 1227 δόντα.
1304 1162 1383 1225 cf.
1415 1160 1562 1226 ibid.
1593 1182 1661 1248 p.
1678 1161 1824 1242 462.
1849 1161 1995 1240 468.

1148 1288 1212 1352 p.
1245 1281 1349 1348 70,
1386 1284 1440 1329 1.
1487 1261 1901 1344 βαπτισθεὶςῆ
1932 1264 2161 1351 νόσοις]
2211 1265 2357 1329 Ηο0
2400 1263 2536 1328 1000
2575 1264 2738 1329 idem

1063 1367 1231 1455 quod
1260 1368 1585 1447 βυθισθείς.
1631 1365 1933 1431 Activum
1955 1381 2048 1430 est
2075 1367 2451 1455 demergere.
2497 1366 2742 1432 Himer.

1064 1470 1327 1558 Eclogg.
1361 1471 1515 1534 XV.
1546 1489 1610 1554 3.
1654 1492 1721 1556 p.
1756 1487 1900 1553 249.
1934 1468 2012 1533 de
2043 1468 2500 1534 Themistocle:
2551 1470 2742 1550 ἐβάπ-

1063 1583 1179 1651 τιζε
1220 1577 1335 1656 γὰρ
1372 1574 1522 1653 ὅλην
1554 1575 1678 1637 ἐκεῖ
1716 1571 1821 1651 τὴν
1847 1571 2066 1636 Ἀσίαν
2092 1573 2447 1655 μαχόμενος,
2481 1571 2591 1636 11111
2619 1571 2742 1636 vid.

1066 1676 1462 1741 Wernsdorf.
1502 1675 1583 1741 cf.
1610 1674 1762 1740 ibid.
1796 1676 1972 1739 Orat.
2009 1675 2099 1738 X.
2134 1692 2191 1738 2.
2237 1697 2300 1761 p.
2331 1676 2484 1759 564.
2576 1675 2746 1739 Η1110

1064 1782 1452 1861 βαπτίζεσθαι
1477 1778 1574 1843 vel
1606 1777 1942 1842 solitarium
1968 1776 2063 1841 vel
2092 1776 2320 1841 additis
2349 1777 2748 1842 substantivis

1064 1884 1366 1971 demergi,
1390 1882 1570 1945 valde
1589 1883 1824 1969 qfflffl,
1847 1894 1967 1945 cet.
1994 1879 2178 1945 Plato
2200 1879 2492 1968 Euthyd.
2514 1904 2577 1968 p.
2600 1897 2746 1963 277.

1067 1986 1133 2051 d.
1165 1987 1259 2050 καὶ
1285 1987 1401 2068 ἐγὼ
1431 1986 1607 2067 γνοὺς
1630 1986 2062 2065 βαπτιζόμενον
2083 1983 2150 2047 τὸ
2177 1983 2495 2066 μειράκων,
2526 1985 2747 2064 βουλό-

1063 2115 1239 2170 μενος
1266 2091 1603 2153 ἀναπαῦσαι
1632 2087 1793 2161 αὐτὸ,
1825 2087 1905 2167 μὴ
1932 2088 2070 2166 ἡμῖν
2098 2086 2534 2150 ἀποδειλιάσειε
2563 2112 2748 2169 παρα-

1063 2194 1421 2272 μυθούμενος
1470 2190 1657 2264 εἶπον,
1707 2189 1815 2254 11111
1862 2188 1986 2252 vid.
2034 2188 2368 2254 Heindorf.
2422 2189 2503 2253 ab
2548 2212 2747 2276 eoque

1064 2293 1275 2359 laudd.
1330 2317 1394 2381 p.
1427 2312 1574 2379 320.
1640 2292 1899 2358 Diodor.
1946 2291 2133 2357 Sicul.
2176 2292 2236 2356 I.
2273 2308 2377 2377 73.
2428 2315 2492 2379 p.
2528 2293 2632 2378 85.
2678 2293 2749 2356 οὐ

1062 2398 1411 2478 βαπτίζουσι
1449 2402 1575 2464 ταῖς
1613 2399 1936 2479 εἰσφοραῖς,
1969 2417 2093 2459 11011
2124 2395 2372 2460 tributis
2413 2395 2748 2458 exhauriri

1063 2523 1109 2564 S.
1153 2502 1376 2573 obrui,·
1421 2499 1500 2563 cf.
1527 2498 1898 2586 VVesseling.
1946 2515 2010 2563 et
2050 2497 2298 2563 Libanii
2327 2498 2629 2586 Epitaph.
2678 2497 2744 2561 in

1063 2602 1303 2666 Julian.
1334 2625 1398 2689 p.
1432 2621 1580 2686 571.
1630 2601 1843 2665 Reisk.
1893 2601 2170 2666 Achilles
2200 2602 2350 2665 Tat.
2381 2602 2498 2665 VI.
2541 2622 2642 2687 19.
2673 2623 2736 2688 p.

1070 2724 1207 2787 147.
1256 2707 1289 2768 6
1334 2707 1397 2768 δὲ
1441 2709 1519 2790 τῷ
1563 2708 1720 2790 θυμῷ
1762 2704 2261 2784 βεβαπτισμένος,
2297 2703 2405 2768 11111
2449 2703 2577 2767 vid.
2624 2705 2738 2768 Ja-

1063 2807 1226 2871 cobs.
1260 2805 1320 2869 in
1355 2805 1734 2870 Animadvv.
1765 2829 1831 2893 p.
1865 2808 2006 2885 871.
2056 2805 2167 2892 qui
2206 2806 2340 2870 haec
2368 2829 2447 2869 ex
2478 2805 2740 2870 Themi-

1062 2909 1179 2974 stio
1212 2910 1382 2973 XX.
1413 2932 1478 2996 p.
1506 2927 1648 2993 233.
1684 2907 1920 2995 profert
1938 2911 2474 2988 ε-βαπτιζόμενον
2500 2908 2614 2972 ὑπὸ
2643 2913 2744 2989 τῆς

1064 3015 1287 3093 ὀδύνης.
1359 3010 1508 3075 Alia
1534 3011 1691 3075 ratio
1718 3025 1811 3075 est
1838 3009 1954 3074 loci
1988 3009 2288 3075 Platonici
2318 3010 2380 3073 in
2416 3011 2744 3099 Symposio

1067 3139 1130 3203 p.
1161 3117 1298 3198 176.
1334 3138 1399 3202 p.
1422 3131 1569 3200 377.
1608 3113 1810 3178 Bekk.
1843 3113 1951 3177 ubi
1980 3112 2099 3177 alia
2125 3136 2456 3200 apponam.

1152 3218 1236 3283 ib.
1284 3215 1321 3297 ἢ
1369 3217 1574 3300 μάγων
1621 3217 1881 3302 τέχναις]
1936 3216 2226 3281 Similiter
2266 3215 2493 3280 Plotin.
2529 3217 2645 3281 IV.
2678 3237 2741 3297 4.

1069 3323 1169 3387 26.
1205 3321 1336 3386 init.
1373 3324 1489 3386 IV.
1514 3343 1576 3403 4.
1604 3341 1707 3407 43.
1743 3321 1846 3385 fin.
1893 3336 1956 3386 et.
1995 3320 2201 3403 μάγων
2231 3320 2501 3401 δυνάμεις
2531 3321 2645 3384 IV.
2679 3341 2741 3406 3.

1072 3444 1169 3511 13.
1215 3426 1456 3507 μαγείαι
1486 3426 1599 3490 IV.
1635 3445 1694 3508 9.
1720 3444 1782 3509 3.
1829 3426 2110 3505 μαγεύειν
2141 3424 2239 3488 II.
2276 3444 2337 3507 9.
2376 3444 2472 3504 14.
2520 3438 2585 3487 et
2630 3446 2740 3487 sae·

1065 3527 1225 3615 pius.
1329 3526 1452 3592 Sed
1505 3527 1693 3610 μάγος
1746 3542 1809 3591 et
1863 3528 2083 3609 μαγεία
2138 3526 2345 3590 minus
2402 3526 2640 3604 Attica,
2695 3526 2745 3589 si

1066 3630 1492 3718 Phrynichum
1522 3630 1758 3708 audiaS,
1789 3653 1974 3716 quam
2017 3632 2158 3712 γόης
2198 3643 2262 3694 et
2304 3631 2566 3712 γοητεία,
2599 3629 2740 3693 vid.

1064 3734 1325 3798 Ruhnk.
1360 3735 1437 3797 ad
1465 3734 1634 3798 Tim.
1667 3757 1731 3821 p.
1761 3751 1860 3818 73.
1895 3748 1957 3797 et
1987 3732 2257 3797 Bekkeri
2280 3731 2568 3796 Anecdd.
2593 3733 2739 3797 Grr.

1064 3859 1129 3923 p.
1159 3856 1263 3922 31.
1369 3837 1488 3901 Sed
1538 3853 1741 3901 tamen
1788 3835 2126 3923 Euripides
2175 3835 2236 3899 in
2287 3837 2506 3899 Oreste
2563 3836 2740 3915 1488.

1067 3939 1298 4003 Matth.
1335 3940 1552 4022 (1497.
1584 3959 1765 4023 15⁴0.
1800 3943 1925 4024 sq.)
1971 3939 2099 4018 ἦτοι
2142 3937 2539 4020 φαρμάκοισιν
2567 3936 2604 4017 ἢ
2632 3939 2742 4018 μά-

1064 4066 1187 4123 γων
1215 4040 1540 4124 τέχναισιν,
1572 4040 1755 4127 plane
1792 4040 1883 4105 uti
1915 4040 2237 4114 Plotinus;
2286 4055 2348 4104 et
2378 4039 2501 4103 vid.
2535 4040 2746 4105 Photii

1065 4143 1226 4208 Lex.
1258 4143 1324 4207 111
1350 4143 1588 4225 μάγους.
1659 4142 1781 4208 Sed
1814 4157 1884 4207 ut
1910 4142 1973 4205 in
2002 4143 2120 4207 hoc
2150 4166 2267 4207 usu
2301 4142 2742 4230 philosophum

1064 4260 1342 4310 nostrum
1375 4246 1574 4311 aetatis
1602 4270 1732 4310 suae
1760 4268 1990 4309 morem
2030 4261 2363 4332 sequutum
2394 4270 2524 4311 esse
2551 4247 2743 4311 confi·

1067 4365 1219 4427 teor,
1263 4350 1350 4414 ita
1392 4349 1558 4413 idem
1605 4348 1881 4413 Platonis
1924 4348 2018 4412 sui
2064 4349 2349 4436 exemplo
2392 4349 2746 4436 frequentat

1066 4454 1225 4533 γόης,
1272 4454 1531 4535 γοητεία,
1585 4451 1898 4535 γοήτευμα,
1952 4453 2337 4533 γοητεύεσθαι
2390 4468 2453 4516 et
2501 4451 2741 4517 similia.

1067 4556 1211 4641 Ego
1238 4554 1420 4642 plura
1448 4554 1527 4619 de
1564 4555 1787 4619 horum
1821 4554 2151 4618 verborum
2183 4577 2298 4618 usu
2330 4554 2644 4643 disputavi
2679 4554 2744 4618 111

1069 4657 1453 4722 uberioribus
1496 4660 1764 4723 Annott.
1815 4656 1878 4721 in
1926 4656 2154 4721 Plotin.
2202 4656 2282 4721 de
2333 4657 2591 4721 Pulcrit.
2634 4657 2743 4738 (ad

1066 4784 1127 4846 p.
1159 4778 1264 4845 57.
1302 4763 1376 4825 Α.
1414 4760 1635 4844 Basil.)
1667 4783 1730 4847 p.
1756 4761 1903 4845 348.
1939 4784 2074 4846 sqq.
2112 4759 2277 4824 unde
2303 4760 2438 4824 haec
2471 4775 2742 4824 tantum·

1065 4862 1252 4926 modo
1293 4863 1418 4927 huc
1462 4862 1881 4928 transferenda
1923 4863 2223 4927 existimo,
2274 4872 2316 4903 ‘⁶
2347 4864 2393 4926 J
2397 4886 2494 4927 am
2526 4862 2746 4950 quide

1065 4965 1312 5029 nomine
1339 4967 1527 5049 μάγος
1556 4966 1837 5030 universe
1868 4965 2010 5030 velit
2040 4965 2301 5043 edoceri,
2330 4965 2382 5029 is
2410 4966 2592 5030 adeat
2619 4990 2743 5044 005,

1064 5093 1223 5156 quos
1263 5068 1473 5132 laudat
1507 5068 1665 5133 Bek.
1691 5071 1751 5132 in
1781 5069 1948 5133 Hist.
1977 5068 2261 5133 Univers.
2295 5068 2412 5133 vol.
2438 5070 2495 5132 Ι.
2518 5069 2740 5155 p.646.

1064 5172 1162 5237 ed.
1206 5172 1376 5236 alter.
1424 5187 1486 5236 et
1529 5171 1992 5236 Tiedemannus
2037 5170 2117 5237 de
2162 5171 2417 5236 Artium
2458 5171 2742 5258 Magica-

1065 5298 1201 5340 rum
1237 5274 1494 5362 Origine
1521 5298 1586 5362 p.
1605 5294 1708 5360 33.
1740 5298 1872 5361 sqq.
1909 5272 2082 5359 [add.
2113 5277 2187 5339 C.
2216 5276 2292 5338 F.
2328 5273 2407 5338 de
2436 5275 2631 5338 Cauz.
2666 5272 2745 5338 de

1066 5377 1360 5443 Cultibus
1404 5376 1690 5465 MagiciS.
1785 5377 2052 5442 vindob.
2093 5380 2278 5462 1767.
2307 5398 2373 5458 4.
2417 5377 2564 5462 376.
2597 5378 2742 5465 pp.]

1067 5483 1287 5569 Neque
1316 5481 1513 5568 magis
1540 5504 1644 5545 eos
1681 5478 1846 5545 locos
1885 5480 2207 5567 attingam,
2240 5479 2348 5545 ubi
2378 5479 2493 5568 ipsi
2522 5478 2612 5542 illi
2641 5503 2744 5543 ve-

2830 765 3273 831 memorantur,
3324 764 3397 814 ut
3450 749 3749 837 Xenoph.
3801 752 4036 838 Cyrop.
4077 750 4233 814 VII.
4285 769 4348 834 5.
4405 742 4508 817 20.

2834 854 3036 919 VIII.
3075 855 3174 918 18.
3238 852 3480 918 Platon.
3519 852 3724 917 Alcib.
3761 853 3818 917 1.
3866 875 3928 939 p.
3968 870 4108 918 122.
4160 851 4513 939 reliquos—

2834 960 3054 1045 Atque
3094 971 3499 1044 posteaquam
3542 956 3749 1038 μάγων
3786 970 3849 1020 et
3892 976 4114 1019 nomen
4156 970 4220 1017 et
4261 954 4518 1020 artificia

2833 1059 3185 1124 Romanum
3226 1059 3437 1123 orbem
3477 1072 3954 1146 occupaverant,
3995 1057 4320 1146 scriptores
4363 1058 4515 1123 nihil

2830 1163 2962 1227 fere
3004 1185 3129 1227 non
3174 1162 3546 1226 fascinorum
3594 1177 3658 1225 et
3707 1160 4159 1248 praestigiarum
4206 1161 4322 1226 hac
4371 1186 4516 1228 voce

2829 1265 3246 1330 declarabant.
3327 1264 3487 1329 Inde
3514 1263 3635 1328 illae
3664 1263 4100 1351 explicationes
4130 1265 4512 1353 Lexicogra·

2830 1368 3122 1456 phorum,
3155 1383 3229 1432 ut
3259 1369 3560 1432 Zonaroe:
3609 1369 3770 1450 γόης·
3814 1369 3847 1430 6
3876 1367 4124 1446 πλάνης,
4156 1370 4189 1431 6
4220 1369 4511 1444 ἆπατέων,

2831 1474 2864 1535 6
2894 1473 3247 1554 φαρμακεύς.
3343 1469 3444 1535 Sic
3473 1470 3695 1558 passim
3727 1468 4044 1534 indefinite
4070 1469 4258 1552 μάγος
4285 1470 4348 1534 111
4378 1471 4515 1536 Lu-

2831 1574 3029 1650 ciano,
3052 1589 3122 1639 ut
3145 1575 3441 1661 Necyom.
3471 1596 3534 1660 p.
3561 1574 3660 1637 28.
3696 1572 3839 1660 Bip.
3888 1572 3988 1637 Cf.
4014 1571 4194 1637 etiam
4227 1572 4512 1660 interprr.

2831 1676 2911 1741 ad
2961 1679 3134 1742 Actt.
3184 1675 3493 1764 Apostoll.
3539 1676 3753 1740 XIII.
3792 1677 3851 1740 6.
3945 1678 4256 1741 Caeterum
4304 1691 4518 1764 postea

2833 1802 3084 1867 quoque
3123 1779 3410 1843 subtilius
3448 1794 3878 1867 praeceperunt
3904 1777 3985 1842 de
4012 1777 4361 1844 discrimine
4401 1807 4509 1861 μα-

2831 1884 3015 1965 γείας,
3068 1884 3339 1964 γοητείας
3385 1896 3448 1945 et
3501 1882 3866 1964 φαρμακείας
3925 1880 4250 1969 scriptores
4296 1883 4361 1946 111
4418 1883 4514 1948 his

2832 1985 3119 2050 Eudocia
3142 1984 3203 2048 in
3229 1983 3468 2048 Violeto
3496 2007 3561 2071 p.
3590 1985 3774 2063 284.''
3806 1982 3997 2048 Adde
4023 1984 4268 2049 Scholia
4280 1987 4517 2053 Veneta

2831 2087 2896 2151 in
2951 2086 3133 2152 Iliad.
3192 2114 3248 2151 α.
3303 2111 3361 2151 v.
3420 2088 3524 2151 86.
3616 2088 3907 2151 Ceterum
3958 2087 4037 2152 de
4083 2088 4333 2153 Plotino
4381 2088 4516 2177 ipso

2832 2190 3085 2277 magicis
3113 2189 3383 2254 artificiis
3411 2204 3715 2255 tentatum
3758 2213 3822 2254 se
3859 2204 4119 2277 putante
4158 2206 4250 2255 est
4287 2215 4516 2257 memo-

2832 2292 3042 2357 rabilis
3084 2292 3254 2356 locus
3289 2292 3350 2356 in
3382 2294 3518 2379 ejus
3551 2293 3691 2357 Vita
3719 2316 3757 2357 a
3787 2292 4141 2380 Porphyrio
4169 2296 4515 2384 conscripta

2832 2421 2885 2461 c.
2915 2417 3009 2462 10.
3045 2419 3108 2483 p.
3145 2417 3283 2462 110.
3319 2395 3567 2461 Fabric.
3640 2398 3844 2460 Erant
3872 2395 4034 2459 enim
4066 2419 4278 2461 omnes
4307 2399 4515 2463 Plato-

2830 2499 2950 2564 nici
3003 2499 3134 2564 fere
3182 2499 3411 2564 addicti
3454 2499 3553 2563 his
3600 2498 3996 2586 opinionibus
4050 2499 4282 2585 pariter
4325 2517 4513 2589 atque

2831 2602 3083 2691 plurimi
3125 2602 3238 2667 viri
3277 2602 3632 2679 doctissimi,
3663 2600 3770 2688 qui
3814 2601 3909 2666 vel
3950 2618 4091 2689 post
4133 2620 4514 2670 renascentes

2828 2706 3034 2771 literas
3061 2705 3142 2770 ad
3171 2705 3484 2770 decimum
3524 2720 3766 2769 sextum
3800 2728 3998 2791 usque
4036 2704 4308 2770 seculum
4343 2707 4508 2771 vixe-

2831 2824 3015 2883 runt;
3061 2808 3368 2895 adeoque,
3417 2808 3465 2871 si
3510 2806 3766 2872 notandi
3812 2823 3958 2871 sunt
4006 2806 4137 2886 ulli,
4181 2823 4346 2874 certe
4389 2833 4509 2875 non

2828 2912 2938 2977 soli
2970 2927 3115 2976 sunt
3145 2911 3398 2975 notandi
3432 2910 3752 2975 Platonici.

2914 3052 3002 3064 —
3023 3033 3081 3078 2.
3127 3013 3262 3078 ἀλλ’
3297 3017 3350 3079 εἰ
3389 3016 3501 3094 μὲν
3548 3013 3919 3096 φυλάξουσιν
3962 3014 4140 3079 αὐτὸν
4185 3021 4509 3081 σπουδαῖον

2834 3117 2985 3181 εἶναι
3038 3119 3219 3183 οὕτως
3265 3117 3514 3205 ἔχοντα]
3564 3118 3710 3180 Νο11
3758 3117 3916 3180 male
3964 3116 4253 3181 Ficinus:
4318 3120 4406 3183 At
4454 3122 4512 3184 si

2830 3222 3255 3284 concesserint.
3351 3219 3614 3306 Proprie
3673 3234 3918 3284 tamen:
3988 3222 4075 3284 At
4128 3221 4186 3284 si
4243 3221 4354 3284 Ιιοο
4405 3223 4509 3284 in·

2831 3333 3082 3411 tegrum
3125 3333 3383 3387 servant
3429 3325 3509 3406 (s.
3556 3347 3683 3388 non
3733 3333 4041 3403 evertunt,
4085 3347 4209 3388 non
4254 3336 4508 3413 negant.

2832 3427 3200 3490 Nostrates:
3279 3429 3473 3490 Wenn
3529 3429 3621 3490 sie
3673 3428 3790 3491 das
3838 3428 4052 3514 gelten
4109 3427 4313 3492 lassen
4365 3429 4513 3493 oder

2829 3529 3130 3616 zugeben,
3196 3531 3344 3594 dass
3406 3551 3477 3593 er
3533 3530 3921 3618 tugendhafl
3987 3534 4125 3616 sey)
4184 3554 4325 3595 eum
4387 3532 4512 3595 vir-

2833 3646 2967 3695 tute
3010 3631 3341 3718 praeditum
3373 3656 3523 3710 esse,
3555 3632 3697 3696 licet
3737 3634 3825 3697 ita
3869 3656 3932 3696 se
3974 3632 4198 3698 habeat
4232 3635 4513 3716 (affectus

2832 3733 2964 3819 sit).
3055 3734 3410 3800 Addendus
3452 3749 3660 3800 autem
3708 3750 3914 3799 noster
3957 3734 4127 3800 locus
4170 3753 4261 3801 est
4304 3738 4397 3813 iis,
4435 3738 4513 3801 de

2830 3837 3060 3924 quibus
3102 3837 3503 3924 disputarunt
3532 3837 3646 3900 viri
3679 3838 3845 3903 docti
3876 3839 4199 3903 Dawesius
4239 3839 4304 3904 in
4351 3840 4513 3904 Mis-

2830 3939 2967 4004 cell.
3004 3940 3189 4005 Critt.
3234 3964 3299 4028 p.
3340 3942 3483 4026 156.
3518 3964 3650 4028 sqq.
3713 3941 3910 4004 Kidd.
3945 3940 4205 4005 Dorvill.
4236 3942 4315 4004 ad
4349 3943 4514 4006 Cha.

2829 4043 3012 4108 riton.
3035 4066 3100 4130 p.
3121 4062 3270 4123 442.
3300 4066 3363 4130 p.
3386 4045 3533 4127 469.
3583 4043 3755 4130 Lips.
3785 4042 4120 4106 Heindorf.
4150 4042 4230 4106 ad
4263 4044 4510 4108 Platon.

2832 4147 3033 4233 Gorg.
3079 4169 3145 4233 p.
3176 4164 3279 4230 50.
3328 4146 3406 4210 ad
3439 4145 3687 4209 Theaet.
3728 4168 3792 4232 p.
3822 4163 3968 4229 323.
4016 4143 4233 4208 Elmsl.
4264 4146 4346 4209 ad
4375 4149 4511 4211 Eu-

2830 4248 2948 4335 rip.
2981 4248 3159 4312 Med.
3195 4267 3432 4332 v.314.
3473 4269 3535 4334 p.
3576 4249 3719 4331 136.
3752 4261 3815 4310 et
3858 4247 3967 4332 qui
4014 4270 4077 4310 se
4119 4248 4388 4334 pressius
4430 4250 4511 4314 ad

2832 4349 3100 4413 Dawesii
3145 4350 3441 4413 rationem
3487 4348 3798 4436 applicare
3835 4348 4103 4428 videtur,
4134 4352 4387 4417 Jacobs.
4429 4353 4510 4418 ad

2833 4450 3065 4516 Achill.
3099 4454 3249 4516 Tat.
3297 4454 3387 4539 (p.
3429 4453 3565 4536 169.
3611 4455 3701 4535 9.)
3750 4474 3813 4538 p.
3846 4470 3994 4538 923.
4083 4454 4256 4520 Sicut
4301 4472 4511 4521 autem

2829 4554 2964 4619 aliis
3006 4554 3068 4617 in
3114 4553 3260 4617 locis
3304 4554 3645 4637 φυλάσσειν
3671 4573 3784 4632 est,
3817 4556 3988 4641 quod
4016 4566 4230 4640 τηρεῖν,
4263 4559 4347 4624 ita
4377 4561 4437 4625 h.
4463 4560 4508 4624 l.

2833 4656 3064 4723 Plotini
3105 4655 3434 4744 respondet
3465 4655 3683 4721 Attico
3730 4661 3959 4738 σώζειν,
4004 4660 4118 4726 i.e.
4167 4663 4403 4727 salvum
4449 4678 4512 4727 et

2829 4760 3138 4848 integrum
3173 4759 3450 4824 retinere.
3517 4761 3679 4823 Mox
3709 4760 4050 4849 elegantius
4075 4781 4168 4829 est
4197 4767 4512 4845 εὐδαίμονα

2832 4864 3009 4928 αὐτὸν
3040 4861 3542 4929 <tuat—Deinde
3570 4879 3843 4929 correcta
3886 4865 4066 4932 lectio
4105 4870 4210 4935 ἕως
4252 4868 4327 4931 ἂν
4367 4866 4404 4946 ᾗ
4447 4868 4508 4930 111

2831 4967 3082 5032 duobus
3122 4965 3292 5029 libris
3340 4988 3461 5029 11011
3510 4965 3684 5030 11111111
3730 4982 3842 5033 est.
3934 4971 4032 5035 Cf.
4069 4968 4358 5033 Matthiae
4389 4970 4506 5033 Gr.

2834 5071 2952 5135 Gr.
2985 5072 3045 5153 ξ.
3066 5085 3212 5155 522.

2907 5210 2995 5222 -
3018 5192 3118 5239 12.
3152 5173 3228 5239 ὡς
3258 5174 3324 5237 ἐν
3352 5177 3421 5254 τῇ
3451 5177 3639 5260 σοφίᾳ
3667 5177 4336 5258 γὰρ-παρακολουθεῖν
4365 5173 4509 5253 αὐτῇ

2829 5277 3127 5360 παρεῖναι]
3183 5275 3500 5340 Particula
3527 5281 3642 5360 γὰρ
3669 5278 3891 5366 quinto
3918 5276 4052 5340 loco
4078 5274 4279 5361 posita
4321 5275 4510 5339 nemi-

2831 5400 2970 5441 nem
3020 5379 3312 5458 offendet,
3363 5379 3471 5467 qui
3519 5379 3756 5467 legerit,
3803 5402 3948 5466 quae
3991 5376 4072 5442 de
4124 5376 4313 5464 hujus
4366 5378 4509 5443 sede

2833 5480 3073 5545 monuit
3096 5482 3247 5547 Tib.
3276 5482 3789 5546 Hemsterbusius
3816 5480 3894 5543 ad
3931 5479 4191 5543 Lucian.
4218 5479 4505 5566 Dialogg.

1064 5599 1265 5649 terum
1316 5586 1639 5651 Persarum
1685 5583 2028 5649 sacerdotes
2076 5605 2415 5671 eorumque
2465 5582 2751 5648 instituta
2837 5584 3064 5649 Mortt.
3101 5604 3202 5670 25.
3241 5606 3296 5649 1.
3345 5608 3409 5672 p.
3441 5603 3591 5670 432.
3681 5586 3782 5647 De
3821 5583 4009 5647 verbo
4044 5589 4511 5666 παρακολουθεῖν
