5118 6613
1050 535 1175 599 274

1052 688 1371 754 reduceret
1401 689 1668 754 animam
1705 691 2024 772 (Macrob.
2056 689 2120 753 in
2155 692 2368 754 Somn.
2405 687 2572 776 Scip.
2597 690 2656 752 Ι.
2688 710 2743 752 c.

1061 813 1159 856 11.
1204 792 1282 856 cf.
1326 793 1539 878 Zoega
1579 791 1659 856 de
1695 791 1994 855 Obeliscis
2040 815 2100 878 p.
2131 794 2301 874 297.)
2398 791 2570 854 Hinc
2615 811 2750 876 sep-

1055 898 1211 959 tima
1240 894 1466 959 dicitur
1488 897 1758 983 affictio.-
1803 896 1840 974 ἡ
1872 897 2096 977 Κρονία
2117 897 2350 974 ποίησις
2378 894 2496 982 ipsi
2526 892 2751 957 Proclo

1057 1000 1116 1062 in
1150 998 1355 1062 Alcib.
1390 1021 1484 1084 pr.
1519 1020 1582 1084 p.
1617 1000 1752 1082 196.
1788 997 1924 1063 h.e.
1955 1021 2029 1061 ea
2056 997 2319 1075 effectiO,
2349 1020 2495 1083 quae
2544 996 2750 1073 efficit,

1057 1118 1128 1166 ut
1171 1115 1410 1165 nosmet
1449 1101 1715 1165 naturali
1756 1100 1943 1165 modo
1985 1101 2387 1188 sejungamus
2430 1124 2468 1165 a
2495 1122 2753 1187 corpore

1055 1221 1119 1269 et
1147 1205 1333 1269 rebus
1361 1205 1690 1291 corporeis.
1786 1207 1940 1268 Huc
1969 1204 2152 1268 etiam
2202 1202 2506 1267 Platonici
2538 1202 2747 1267 trahe·

1055 1309 1206 1373 bant
1247 1310 1523 1373 Saturni
1552 1310 1803 1395 regiam
1844 1308 2170 1390 (Hermias
2210 1307 2270 1371 in
2323 1306 2661 1372 Phaedrum
2693 1329 2749 1370 c.

1060 1432 1163 1494 29.
1198 1434 1259 1498 p.
1296 1416 1468 1496 152.)
1501 1425 1564 1474 et
1597 1409 2064 1498 Pythagoreum
2100 1425 2303 1474 vatem
2334 1409 2753 1496 agnoscebant

1057 1514 1404 1579 Pindarum
1430 1513 1639 1591 etiam,
1670 1513 1731 1576 in
1774 1513 1869 1576 his
1908 1512 2225 1600 praecipue
2264 1512 2524 1599 Olymp.
2559 1512 2661 1575 ΙΙ.
2692 1534 2752 1596 p.

1065 1638 1205 1696 124.
1247 1640 1417 1705 sqq.:
1466 1619 1601 1681 ὅσοι
1645 1619 1710 1681 δὲ
1756 1618 2099 1695 ἐτόλμασαν
2146 1618 2206 1682 ἐς
2247 1617 2370 1697 τρὶς
2395 1612 2755 1695 Ἑκατέρωθι

1054 1723 1362 1800 μείναντες
1402 1717 1556 1783 Ἀπὸ
1593 1717 1840 1799 πάμπαν
1878 1719 2093 1782 ἀδίκων
2137 1718 2301 1801 ἔχειν
2342 1720 2572 1800 Ψυχᾶν,
2607 1718 2752 1779 ἔτει-

1056 1833 1175 1887 λαν
1206 1823 1354 1890 Διὸς
1381 1823 1522 1886 ὁδὸν
1552 1824 1713 1904 παρὰ
1742 1823 1975 1903 Κρόνου
2002 1823 2228 1902 τύρσιν.
2325 1821 2638 1883 Caeterum
2670 1818 2751 1882 cf.

1057 1927 1136 1989 de
1183 1927 1454 1990 Saturno
1491 1922 1720 1988 Plotin.
1759 1924 1901 1986 111.
1931 1942 1992 2007 5.
2030 1941 2084 1987 2.
2116 1936 2179 1987 et.
2208 1921 2352 1986 infr.
2387 1922 2464 1985 V.
2509 1940 2564 1982 1.
2599 1939 2658 2003 7.
2687 1934 2752 1983 et

1057 2029 1138 2091 de
1169 2029 1320 2113 κόρῳ
1362 2028 1501 2091 ΙΙΙ.
1552 2029 1613 2090 6.
1665 2048 1764 2106 14.
1820 2026 1962 2090 111.
1997 2026 2057 2090 8.
2097 2044 2196 2087 10.
2246 2027 2336 2111 (p.
2360 2043 2508 2109 353.
2545 2023 2657 2107 Β.)
2689 2037 2753 2085 et

1056 2130 1219 2194 infra
1251 2132 1322 2193 V.
1358 2151 1417 2214 9.
1454 2130 1513 2193 8.
1564 2130 1655 2216 (p.
1684 2131 1834 2214 561.
1872 2131 1957 2192 A.
1988 2130 2096 2207 B.)
2177 2127 2496 2205 Proxima,
2535 2127 2599 2189 τί
2637 2129 2752 2208 γὰρ

1056 2236 1366 2314 ζητεῖ-ἐν
1397 2236 1563 2298 αἰῶνι
1589 2233 1785 2297 πάντα
1815 2232 2001 2296 habet
2031 2230 2308 2319 Cyrillus
2336 2230 2480 2295 adv.
2515 2229 2752 2296 Julian.

1056 2362 1120 2424 p.
1161 2337 1304 2401 280.
1338 2338 1414 2400 Β.
1508 2339 1612 2400 Ex
1652 2361 1726 2400 eo
1775 2335 1980 2423 recepi
2033 2338 2216 2417 αὔξην
2259 2358 2375 2423 pro
2418 2337 2637 2414 αὔξειν,
2691 2350 2755 2397 et

1054 2440 1207 2505 illud
1240 2439 1457 2527 legisse
1486 2439 1671 2504 etiam
1705 2440 1953 2504 videtur
1984 2439 2182 2503 Ficin.
2251 2438 2352 2503 Cf.
2385 2460 2554 2525 supr.
2575 2436 2654 2501 ad
2687 2459 2753 2525 p.

1066 2546 1205 2629 185.
1239 2546 1317 2608 A.
1347 2544 1424 2606 Β.

1140 2671 1208 2733 p.
1241 2667 1388 2732 903,
1418 2665 1474 2710 2.
1526 2651 1657 2710 νοεῖ
1678 2648 1744 2709 δὲ
1776 2646 1844 2709 οὐ
1873 2651 2077 2725 ζητῶν,
2101 2643 2238 2709 ἀλλ’
2273 2645 2455 2729 ἔχων]
2512 2643 2753 2707 Aristo-

1056 2750 1207 2814 teles
1247 2747 1638 2834 MetaphysS.
1672 2749 1838 2812 XII.
1873 2766 1934 2830 7.
1983 2772 2047 2836 p.
2086 2767 2229 2834 203.
2283 2747 2460 2836 Sylb.
2505 2770 2569 2835 p.
2606 2766 2749 2831 249.

1062 2850 1389 2916 Brandis.:
1438 2853 1475 2929 ἦ
1523 2852 1587 2914 δὲ
1625 2853 1829 2930 νόησις
1870 2852 1906 2930 ἡ
1952 2851 2076 2916 καθ’
2111 2852 2292 2931 αὐτὴν
2319 2856 2426 2915 τοῦ
2455 2850 2580 2916 καθ’
2613 2853 2754 2915 αὐτὸ

1058 2956 1325 3035 ἀρίστου,
1387 2954 1482 3016 καὶ
1528 2954 1564 3032 ἡ
1619 2952 1882 3032 μάλιστα
1939 2959 2045 3018 τοῦ
2099 2954 2383 3034 μάλιστα.
2451 2955 2631 3019 αὑτὸν
2689 2958 2754 3020 δὲ

1061 3063 1193 3121 νοεῖ
1218 3060 1251 3125 ὁ
1283 3060 1417 3123 νοῦς
1448 3058 1594 3119 κατὰ
1620 3055 1963 3139 μετάληψιν
1990 3062 2097 3121 τοῦ
2125 3062 2356 3137 νοητοῦ·
2406 3057 2611 3138 νοητὸς
2639 3061 2755 3140 γὰρ

1059 3162 1328 3243 γίγνεται
1364 3158 1664 3242 θιγγάνων
1697 3161 1792 3223 καὶ
1826 3166 1998 3224 νοῶν.
2050 3162 2208 3224 ὥστε
2242 3160 2457 3224 ταύτὸν
2488 3164 2623 3227 νοῦς
2663 3161 2757 3224 καὶ

1059 3265 1291 3344 νοητόν·
1339 3262 1408 3327 τὸ
1448 3265 1564 3346 γὰρ
1594 3263 1858 3328 δεκτικὸν
1894 3268 2001 3328 τοῦ
2046 3267 2259 3345 νοητοῦ
2298 3264 2393 3328 καὶ
2421 3266 2522 3342 τῆς
2550 3262 2757 3331 οὐσίας

1058 3373 1212 3435 νοῦς·
1263 3370 1499 3449 ἐνεργεῖ
1534 3369 1598 3431 δὲ
1637 3367 1814 3451 ἔχων·
1863 3369 2020 3431 ὥστε
2062 3370 2252 3431 ἐκεῖνο
2280 3372 2518 3447 μᾶλλον
2547 3368 2756 3430 τούτου

1057 3473 1090 3535 ὃ
1123 3476 1288 3535 δοκεῖ
1311 3472 1344 3533 ὁ
1374 3474 1509 3537 νοῦς
1538 3473 1701 3533 θεῖον
1733 3468 1921 3552 ἔχειν,
1956 3470 2052 3533 καὶ
2079 3470 2115 3548 ἡ
2145 3471 2361 3551 θεωρία
2398 3468 2467 3532 τὸ
2512 3470 2755 3547 ἥδιστον

1061 3576 1156 3639 καὶ
1185 3576 1449 3656 ἄριστον.

1141 3716 1230 3727 -
1248 3679 1308 3742 6.
1341 3677 1490 3741 ποτὲ
1515 3677 1628 3755 μὲν
1646 3673 1974 3756 Σωκράτης,
1997 3676 2143 3738 ποτὲ
2163 3677 2228 3738 δὲ
2258 3676 2488 3763 ἵππος]
2526 3673 2754 3760 Scripsi

1056 3784 1168 3862 μὲν
1213 3803 1330 3868 pro
1375 3783 1489 3861 γὰρ
1536 3801 1680 3842 cum
1736 3777 1899 3842 cod.
1954 3776 2133 3841 Med.
2191 3779 2270 3841 B.
2369 3779 2758 3865 Frequentat

1060 3884 1349 3948 Plotinus
1375 3881 1643 3946 Socratis
1666 3880 2056 3945 mentionem.
2107 3881 2266 3945 Vide
2285 3881 2402 3946 Ill.
2426 3901 2485 3947 2.
2511 3898 2610 3967 15.
2640 3882 2755 3945 IV.

1060 4007 1120 4071 3.
1152 4007 1217 4071 5.
1268 3985 1384 4050 IV.
1419 4005 1481 4065 4.
1519 4003 1574 4049 2.
1610 3985 1689 4047 V.
1721 4003 1786 4069 3.
1817 3984 1983 4068 3.V.
2019 4001 2076 4066 7.
2116 4005 2172 4048 1.
2204 3985 2276 4048 V.
2312 4005 2374 4068 9.
2412 4004 2506 4048 12.
2546 3985 2662 4048 VI.
2702 4005 2759 4049 1.

1068 4109 1169 4173 13.
1204 4090 1319 4152 v1.
1356 4106 1416 4151 2.
1454 4108 1509 4162 1,
1570 4088 1690 4151 VI.
1725 4107 1789 4172 3.
1822 4107 1886 4166 4.
1916 4107 1979 4171 5.
2014 4089 2077 4150 6.
2114 4089 2224 4152 Sto.
2313 4087 2760 4175 Distinguendi

1064 4207 1268 4254 tamen
1300 4205 1447 4253 sunt
1475 4189 1517 4253 ii
1546 4188 1687 4263 loci,
1717 4188 1782 4252 in
1821 4188 2054 4274 quibus
2072 4189 2323 4277 proprie
2349 4191 2632 4255 Socrates
2660 4190 2763 4254 ille

1066 4311 1464 4366 memoratur,
1499 4294 1582 4357 ab
1623 4291 1757 4356 aliis
1799 4289 2133 4379 plerisque,
2183 4291 2291 4356 ubi
2338 4293 2606 4357 Socratis
2649 4315 2761 4357 no-

1066 4395 1230 4460 mine
1275 4395 1564 4460 Plotinus
1622 4394 1823 4459 utitur
1874 4418 1991 4482 pro
2042 4394 2291 4459 nomine
2346 4394 2613 4460 hominis
2655 4420 2763 4460 cu-

1055 4502 1438 4586 juscunque,
1472 4511 1543 4563 ut
1583 4498 1650 4562 h.
1677 4497 1720 4561 l.
1755 4514 1817 4562 et
1861 4498 1934 4561 V.
1970 4515 2030 4573 7.
2071 4518 2123 4563 1.
2163 4497 2424 4585 aliisque
2456 4498 2759 4587 plurimis.

1067 4604 1208 4679 Qua
1236 4601 1297 4665 in
1330 4623 1397 4665 re
1425 4623 1814 4665 communem
1848 4600 2214 4665 Graecorum
2262 4600 2763 4690 Latinorumque

1065 4727 1244 4767 usum
1278 4704 1560 4790 sequitur
1590 4702 1998 4790 philosophus
2027 4719 2255 4768 noster.
2348 4703 2563 4770 Solent
2594 4705 2755 4770 enim

1068 4807 1393 4893 utriusque
1433 4806 1671 4893 linguae,
1703 4806 2031 4893 scriptores
2074 4829 2187 4893 pro
2222 4830 2287 4870 re
2322 4823 2467 4871 nata
2512 4808 2762 4872 nomina

1069 4908 1321 4997 propria
1347 4931 1514 4973 nunc
1556 4907 2009 4972 celebratorum
2054 4908 2376 4973 hominum
2422 4928 2534 4974 aut
2576 4934 2760 4997 gene-

1071 5035 1206 5076 rum
1258 5011 1540 5074 universe
1596 5033 1923 5097 usurpare,
1980 5032 2148 5074 nunc
2204 5011 2636 5089 obscurorum,
2689 5029 2762 5077 ut

1069 5136 1413 5190 servorum,
1444 5112 1875 5177 libertinorum
1907 5112 2343 5200 similiumque.
2422 5115 2521 5179 Sic
2552 5116 2761 5180 Graeci

1069 5218 1309 5298 Calliae,
1327 5214 1598 5295 CleoniS,
1619 5215 1860 5292 DioniS,
1889 5216 2178 5296 SocratiS,
2204 5216 2484 5281 Theonis
2513 5220 2764 5284 nomina

1070 5344 1185 5406 pro
1213 5319 1595 5407 quibuslibet
1623 5318 1979 5384 nominibus
2006 5320 2273 5407 propriis
2302 5336 2584 5408 ponunt:
2637 5322 2763 5386 La,

1073 5422 1223 5485 tini:
1275 5423 1431 5501 Caii,
1478 5421 1670 5502 Caiae,
1715 5420 1898 5499 Titii,
1938 5422 2162 5500 Mevii,
2203 5423 2349 5502 Seii,
2386 5426 2759 5512 Sempronii,

1078 5525 1384 5604 Numerii,
1414 5541 1479 5590 et
1522 5550 1557 5590 e
1591 5524 1915 5592 servilibus
1950 5528 2193 5604 Damae‚
2227 5527 2416 5608 Davi,
2449 5527 2759 5616 Dionysii,

1980 516 2823 582 ANNOTATIONES
2887 515 2997 579 IN
3062 515 3491 579 PLOTINI

2836 687 3069 764 Erotis,
3116 685 3333 751 Stichi.
3425 689 3526 751 Ac
3571 687 3856 752 Socratis
3897 685 4237 772 Calliaeque
4279 683 4528 748 nomina

2836 790 3114 855 similiter
3140 788 3409 876 exempli
3436 812 3624 855 causa
3651 804 3913 876 usurpat
3944 785 4339 859 Aristoteles;
4389 809 4449 850 v.
4471 810 4526 859 c,

2836 894 2897 958 in
2935 894 3296 982 Metaphys.
3329 893 3462 958 init.
3499 894 3556 958 Ι.
3593 914 3646 957 1.
3687 892 3962 979 itemque
3989 891 4155 955 XII.
4190 910 4251 976 3.
4284 913 4348 978 p.
4383 907 4526 974 197.

2842 997 3015 1085 Sylb.
3070 1020 3138 1084 p.
3174 1016 3319 1077 242.
3371 995 3698 1061 Brandis.:
3762 995 3963 1059 οὐσίαι
4012 996 4078 1058 δὲ
4114 999 4289 1076 τρεῖς,
4337 994 4375 1073 ἡ
4418 995 4532 1079 μὲν

2837 1102 2950 1181 ὕλη
2978 1102 3114 1164 τόδε
3144 1126 3195 1164 ει
3224 1100 3376 1163 οὖσα
3404 1103 3485 1185 τῶ
3516 1097 3987 1182 φαίνεσθαι,-ἡ
4017 1098 4082 1159 δὲ
4111 1096 4291 1178 φύσις
4317 1096 4453 1159 τόδε
4474 1120 4532 1157 τι

2841 1206 2923 1271 εἷς
2955 1203 3028 1282 ἣν
3076 1203 3170 1267 καὶ
3217 1203 3333 1281 ἕξις
3374 1223 3480 1269 τις·
3531 1203 3618 1264 ἔτι
3659 1203 3821 1282 τρίτη
3863 1200 3901 1279 ἡ
3948 1202 4012 1263 ἐκ
4058 1199 4281 1262 τούτων
4322 1198 4360 1277 ἥ
4405 1202 4529 1261 καθ

2839 1307 3078 1378 ἕκαστα,
3119 1306 3248 1369 οἶον
3293 1302 3602 1385 Σωκράτης
3642 1300 3679 1383 ἢ
3726 1303 4013 1369 Καλλίας.
4107 1302 4338 1365 Sextus
4379 1299 4532 1362 Em-

2837 1409 2956 1497 pir.
2989 1407 3259 1472 Advers.
3293 1405 3666 1471 Mathemm.
3701 1406 3781 1470 V.
3811 1423 3950 1485 104.
3988 1405 4084 1468 καὶ
4112 1404 4184 1468 ὃν
4211 1405 4433 1485 τρόπον
4464 1404 4531 1466 ἐν

2839 1518 2909 1593 τῆ
2940 1514 3161 1593 ἰατρικῇ
3192 1508 3577 1591 ἐτηρήσαμεν,
3617 1510 3709 1573 ὅτι
3735 1510 3771 1588 ἡ
3799 1512 3900 1587 τῆς
3940 1508 4176 1589 καρδίας
4201 1512 4414 1588 τρῶσις
4442 1509 4529 1570 αἴ-

2841 1618 2969 1680 τιόν
3015 1617 3142 1678 ἐστι
3178 1613 3451 1686 θανάτου,
3494 1612 3565 1676 οὗ
3601 1611 3710 1691 τὴν
3751 1613 3982 1677 Δίωνος
4021 1611 4209 1690 μόνον
4251 1609 4534 1687 τελευτὴν

2844 1721 2986 1800 αὐτῇ
3016 1714 3672 1799 συμπαρατηρήσαντος,
3695 1715 3857 1778 ἄλλα
3887 1714 3984 1777 καὶ
4013 1711 4259 1779 Θέωνος
4282 1712 4377 1775 καὶ
4403 1717 4531 1775 Σω·

2850 1822 3091 1903 κράτους
3123 1821 3218 1885 καὶ
3257 1820 3464 1883 ἄλλων
3504 1823 3770 1881 πολλῶν.
3858 1815 3995 1881 Ubi
4030 1813 4282 1880 consule
4318 1815 4374 1878 F
4375 1813 4539 1878 abri-

2835 1926 2996 1990 cium
3040 1948 3098 2010 p.
3127 1940 3278 2008 355.
3320 1920 3402 1985 cf.
3434 1918 3620 1983 eund.
3665 1917 3748 1982 ad
3790 1916 4097 2006 Pyrrhon.
4146 1918 4528 2004 Hypotypp.

2841 2030 2900 2092 1.
2945 2028 3083 2112 189.
3120 2049 3184 2113 p.
3204 2043 3312 2107 47.
3403 2023 3507 2087 De
3544 2023 3693 2088 Caii
3721 2035 3785 2085 et
3816 2023 3997 2087 Caiae
4024 2018 4438 2107 appellatione
4468 2019 4532 2082 in

2840 2130 3197 2217 nuptiarum
3226 2125 3511 2191 formulis
3534 2126 3661 2189 vid.
3695 2125 3967 2189 Brisson.
3995 2123 4075 2188 de
4105 2123 4231 2188 ritu
4262 2123 4532 2210 nuptiar.

2839 2258 2908 2323 p.
2937 2235 3087 2319 326.
3121 2234 3406 2318 Grupen.
3438 2230 3519 2294 de
3548 2251 3743 2293 uxore
3785 2230 4065 2293 Romana
4103 2251 4168 2315 p.
4204 2246 4344 2310 205.
4377 2241 4441 2291 et
4468 2248 4534 2312 p.

2839 2360 2986 2427 312.
3018 2353 3080 2403 et
3124 2337 3204 2403 cf.
3239 2334 3578 2424 Wyttenb.
3618 2333 3696 2398 ad
3744 2332 4068 2398 Plutarch.
4112 2333 4378 2410 Quaestt.
4412 2331 4538 2395 Ro-

2841 2465 3052 2507 mann.
3094 2464 3158 2528 p.
3185 2459 3292 2525 30.
3339 2461 3406 2526 p.
3440 2456 3585 2521 271.
3620 2439 3706 2501 Ι).
3763 2436 3850 2517 (in
3897 2435 4247 2501 animadvv.
4293 2459 4357 2524 p.
4391 2439 4531 2521 33.)

2844 2544 3171 2610 Servilium
3220 2541 3542 2606 nominum
3592 2540 3874 2604 universe
3933 2553 4372 2626 usurpatorum
4424 2562 4530 2602 ex·

2839 2648 3045 2735 empla
3081 2646 3271 2711 habes
3308 2645 3373 2709 in
3427 2643 3679 2710 Horatii
3721 2643 3907 2708 Satir.
3963 2644 4024 2708 Ι.
4064 2649 4126 2706 6.
4174 2643 4284 2728 38.
4341 2642 4440 2706 11.
4468 2662 4530 2728 5.

2847 2751 2940 2813 18.
2976 2749 3082 2814 ubi
3112 2748 3195 2814 cf.
3226 2747 3513 2834 interprr.
3549 2761 3613 2810 et
3640 2744 3802 2809 adde
3833 2745 3966 2809 haec
4008 2744 4202 2808 Persii
4237 2743 4419 2808 Satir.
4456 2745 4528 2807 V.

2843 2871 2948 2937 75·
2979 2877 3149 2941 sqq-²

2884 2983 2920 3007 “
2943 2975 3074 3032 Heu
3102 2973 3320 3032 steriles
3347 2970 3479 3041 veri,
3505 2969 3712 3049 quibus
3742 2988 3855 3026 una
3883 2967 4166 3030 Quiritem

2882 3072 3117 3151 Vertigo
3147 3073 3296 3130 facit.
3381 3069 3499 3127 Hic
3528 3071 3722 3126 Dama
3747 3080 3854 3135 est,
3887 3085 4003 3124 non
4035 3065 4233 3124 tressis
4262 3085 4433 3145 agaso

2884 3171 3084 3248 Vappa
3111 3182 3170 3227 et
3196 3168 3383 3247 lippus
3412 3180 3469 3226 et
3498 3166 3552 3223 in
3584 3164 3742 3224 tenui
3771 3163 4047 3243 farragine
4076 3164 4338 3222 mendax.

2888 3266 3133 3327 verterit
3180 3266 3330 3324 hunc
3384 3266 3667 3333 dominus,
3717 3275 4011 3322 momento
4067 3260 4310 3321 turbinis
4370 3261 4535 3339 [liber

3003 3366 3129 3422 MS.
3162 3383 3320 3422 meus
3351 3366 3606 3439 temporis
3634 3361 3806 3437 male]
3833 3361 3952 3420 exit

2885 3464 3112 3520 Marcus
3142 3459 3388 3520 Dama.''

2848 3573 2971 3638 Ubi
3002 3573 3064 3637 in
3095 3573 3310 3638 eodem
3343 3570 3501 3637 libro
3534 3572 3682 3636 MS.
3707 3569 3979 3636 scholion
4003 3570 4128 3635 ita:
4179 3570 4310 3634 Hic
4329 3572 4536 3636 Dama

2841 3691 2976 3758 est3
3021 3678 3126 3740 ille
3156 3677 3304 3740 vilis
3333 3697 3556 3740 servus
3589 3684 3650 3739 et
3678 3696 3985 3762 nequam3
4032 3689 4116 3751 et,
4148 3675 4340 3739 Servi
4370 3677 4536 3738 mim

2833 3783 3240 3868 praenomina
3281 3802 3408 3844 non
3464 3779 3790 3855 habebant,
3834 3778 3943 3842 sed
3983 3778 4213 3865 adepta
4256 3778 4538 3842 libertate

2834 3885 3236 3971 praenomina
3280 3884 3369 3946 eis
3417 3882 3914 3969 imponebantur.
4007 3882 4121 3946 Sic
4157 3890 4217 3945 et
4263 3882 4364 3945 hic
4406 3903 4538 3946 ser-

2846 4009 2986 4063 vus,
3017 3988 3127 4074 qui
3158 3988 3350 4073 prius
3378 3986 3596 4049 Dama
3624 3994 3779 4049 esset
3820 3985 4046 4059 dictus,
4087 4007 4258 4048 nunc
4282 3995 4432 4072 post
4457 3986 4538 4048 li-

2846 4091 3143 4154 bertatem
3189 4090 3277 4152 M
3271 4110 3461 4151 arcus
3494 4088 3711 4151 Dama
3749 4088 4101 4175 appellatus
4145 4097 4257 4152 est.
4347 4088 4538 4152 Plura

2849 4193 2928 4256 de
2979 4214 3296 4256 servorum
3352 4190 3704 4255 nominibus
3741 4189 3873 4254 dixi
3915 4191 3977 4253 in
4023 4191 4538 4256 commentatione

2849 4294 3212 4359 Academiae
3245 4293 3459 4379 Regioe
3489 4293 3789 4356 Parisinae
3821 4292 4306 4381 Inscriptionum
4338 4309 4537 4359 trans-

2850 4397 3054 4475 missa,
3085 4414 3148 4461 et
3176 4420 3213 4460 a
3245 4397 3378 4461 viro
3406 4395 3740 4460 clarissimo
3769 4395 4029 4483 Edgaro
4063 4398 4293 4471 Quinet
4319 4397 4539 4484 gallice

2849 4523 3056 4564 versa:
3089 4500 3568 4588 Prole'gomenes
3587 4521 3705 4564 sur
3726 4500 4096 4587 l'esclavagr
4124 4500 4270 4563 chez
4296 4501 4385 4564 les
4413 4501 4542 4565 Ro.

2848 4626 3072 4668 mama.

2931 4744 3019 4754 —
3043 4726 3137 4770 12.
3169 4705 3239 4769 τὸ
3262 4708 3327 4770 δὲ
3356 4703 3449 4783 ὂν,
3477 4708 3558 4792 τῶ
3589 4709 3859 4768 νοεῖσθαι
3879 4706 3959 4789 τῶ
3983 4708 4063 4789 νῷ
4093 4703 4254 4768 διδὸν
4281 4704 4350 4768 τὸ
4375 4713 4540 4771 νοεῖν

2849 4811 2944 4873 καὶ
2971 4809 3038 4874 τὸ
3081 4809 3283 4896 εἶναι·]
3356 4806 3708 4871 Philostrat.
3754 4805 3834 4870 de
3879 4805 4022 4868 Vita
4061 4804 4370 4893 Apollonii
4420 4809 4539 4872 IV.

2851 4913 2949 4976 28.
3002 4934 3067 4997 p.
3106 4915 3248 4993 167.
3297 4910 3780 4992 Clean—aya&
3821 4913 3964 4987 Ζεῦ,
4009 4908 4085 4971 σὺ
4127 4912 4243 4991 γὰρ
4287 4912 4437 4974 οὕτω
4483 4938 4541 4977 τι

2846 5015 3070 5097 ἀγαθὸς
3113 5016 3189 5081 ὣς
3227 5014 3322 5077 καὶ
3359 5017 3583 5077 σαυτοῦ
3626 5015 3979 5091 κοινωνῆσαι
4020 5017 4142 5078 τοῖς
4186 5013 4534 5094 ἀνθρώποις.

2847 5117 2980 5182 Ubi
3023 5116 3461 5203 Pythagoricae
3509 5114 3666 5179 hanc
3719 5112 4082 5178 sententiam
4130 5112 4541 5201 philosopbiae

2849 5220 3069 5284 tribuit
3097 5217 3404 5299 OleariuS,
3432 5240 3796 5306 comparans
3822 5233 3885 5280 et
3928 5232 4209 5279 nostrum
4238 5216 4443 5282 locum
4477 5232 4543 5285 et

2851 5346 2996 5387 vero
3022 5322 3316 5386 Proclum
3338 5322 3401 5385 in
3426 5322 3589 5387 Plat.
3615 5320 3787 5385 Tim.
3821 5344 3884 5407 p.
3912 5324 3970 5383 6.
3999 5334 4060 5382 et
4092 5318 4446 5385 Hieroclem
4476 5322 4542 5386 in

2852 5425 3194 5514 Pythagor.
3225 5448 3413 5490 aurea
3437 5447 3687 5489 carmm.
3715 5448 3770 5485 v.
3805 5443 3860 5486 1.
3952 5424 4061 5484 Tu
4091 5421 4325 5509 inspice
4352 5424 4539 5491 etiam

2850 5530 3014 5617 ipsas
3041 5528 3154 5593 has
3184 5528 3518 5593 Enneadas
3548 5529 3624 5593 V.
3657 5549 3717 5612 9.
3751 5545 3807 5591 2.
3837 5542 3900 5591 et
3928 5526 4003 5589 V.
4037 5546 4094 5610 9.
4130 5544 4190 5608 7.
