5118 6613
1099 579 1180 666 98

1098 748 1211 816 ὦσι
1238 754 1353 814 τόν
1367 748 1583 813 τόπων·
1614 747 1778 811 ἀλλὰ
1803 742 2203 824 κοινωνήσωσι
2235 746 2381 808 κατὰ
2402 743 2509 823 τὴν
2529 743 2783 826 αἵρεσιν,

1098 854 1176 921 ὣς
1203 851 1412 931 ὅτανὴ
1451 850 1734 931 ἀφροδίτη
1773 849 1827 912 εί
1862 848 2032 931 τύχοι
2075 848 2143 910 ἐν
2180 848 2319 932 οἴκῳ
2362 845 2535 928 ἄρεος
2578 848 2782 929 εὑρεθῇ

1102 954 1198 1021 καὶ
1224 953 1291 1018 τὸ
1321 951 1618 1018 ἀνάπαλιν
1646 952 1680 1013 ὁ
1709 950 1849 1032 ἀρης
1878 951 1944 1013 ἐν
1974 950 2116 1033 οἴκῳ
2155 948 2490 1030 ἀφροδίτης.
2535 950 2642 1013 ἐὰν
2668 950 2784 1030 γὸρ

1099 1057 1180 1138 μὴ
1209 1058 1389 1122 οὕτως
1416 1056 1749 1135 εὑρεθῶσιν,
1773 1052 1843 1116 οὐ
1863 1050 2145 1134 λέγονται
2171 1052 2424 1134 χαίρειν.
2469 1059 2514 1091 “
2535 1051 2785 1114 Proeter

1100 1159 1236 1223 haec
1261 1158 1474 1223 omnia
1488 1178 1688 1244 porro
1707 1154 1995 1243 gaudere
2014 1153 2313 1217 dicuntur
2320 1153 2619 1241 planetes,
2638 1173 2783 1217 cum

1101 1261 1170 1326 in
1209 1258 1421 1326 alienis
1458 1257 1709 1346 quidem
1749 1254 2072 1321 domiciliis
2113 1253 2529 1342 reperiuntur,
2559 1278 2600 1319 a
2633 1253 2783 1318 locis

1102 1380 1310 1431 tamen
1368 1384 1490 1426 non
1535 1359 1788 1425 omnino
1836 1371 1984 1423 sunt
2026 1355 2229 1436 alieni,
2275 1356 2383 1420 sed
2433 1355 2785 1422 conditione

1105 1464 1583 1540 communicant,
1613 1473 1687 1527 ut
1713 1483 1858 1527 cum
1875 1461 2086 1526 Venus
2111 1459 2176 1523 in
2198 1458 2530 1524 Domicilio
2557 1456 2787 1523 Martis

1102 1583 1350 1657 reperta
1388 1565 1599 1643 fuerit,
1636 1578 1709 1631 ut
1735 1563 1868 1628 vioe
1908 1585 2087 1628 versa
2124 1563 2305 1626 Mars
2345 1561 2411 1626 in
2455 1559 2787 1626 Domicilio

1105 1670 1383 1738 Veneris.
1470 1670 1634 1733 Nam
1678 1666 1794 1732 nisi
1836 1665 1924 1730 ita
1965 1664 2199 1729 inventi
2234 1662 2488 1742 fuerint,
2527 1686 2653 1728 non
2696 1661 2790 1727 di-

1102 1789 1333 1841 cuntur
1359 1771 1687 1861 gaudere.''

1188 1901 1256 1966 p.
1294 1878 1438 1958 246,
1469 1875 1533 1939 6.
1568 1876 1622 1939 εί
1650 1874 1853 1954 ὥσπερ
1878 1873 2074 1953 ὄρνισι
2115 1872 2260 1933 κατὰ
2303 1866 2683 1948 συμβεβηκὸς
2718 1865 2786 1931 τὸ

1107 1979 1444 2067 σημαίνειν]
1486 1975 1818 2042 Salmasius
1866 1973 1947 2038 de
1989 1971 2197 2037 Annis
2243 1968 2683 2035 Climactericis
2722 1985 2787 2034 et

1106 2081 1363 2169 antiqua
1387 2077 1767 2165 Astrologia,
1799 2073 2016 2162 Lugd.
2049 2074 2191 2137 Bat.
2216 2071 2400 2153 1648.
2430 2092 2494 2157 p.
2524 2070 2668 2151 804.
2690 2093 2783 2157 sq.

1105 2184 1230 2250 ita:
1262 2190 1306 2223 “
1326 2181 1569 2247 Clarius
1597 2177 1883 2243 Plotinus
1908 2175 1971 2241 in
2001 2175 2184 2254 libre,
2203 2175 2562 2260 Sisaciunt
2585 2182 2787 2251 astra,

1105 2285 1495 2376 pronunciat,
1524 2284 1671 2349 &02⁹
1759 2283 2123 2369 Sequuntur
2151 2277 2342 2342 verba
2369 2274 2682 2341 Macrobii
2723 2274 2787 2339 in

1111 2394 1324 2456 Somn.
1355 2386 1522 2475 Scip.
1552 2386 1607 2451 1.
1633 2409 1687 2451 c.
1720 2405 1815 2471 19.
1837 2383 1973 2460 fin„
2003 2404 2148 2470 quse
2177 2401 2367 2468 supra
2393 2377 2790 2445 exhibuimus

1109 2516 1310 2580 usque
1351 2489 1433 2555 ad
1475 2488 1733 2553 verbum
1778 2488 2115 2552 nescientes
2132 2508 2156 2557 ,-
2217 2496 2354 2547 tum
2400 2481 2606 2569 pergit
2652 2480 2788 2547 Sal-

1109 2595 1371 2660 masius:
1421 2600 1464 2632 “
1490 2594 1651 2656 Haec
1681 2588 2061 2654 Macrobius.
2124 2584 2337 2651 Hodie
2364 2583 2466 2649 hic
2494 2597 2793 2649 tractatus

1110 2697 1174 2762 in
1203 2696 1376 2762 libris
1406 2692 1638 2759 Plotini
1665 2689 1993 2779 reperitur,
2025 2691 2077 2753 εί
2103 2693 2265 2752 ποιεῖ
2286 2690 2361 2752 τὰ
2390 2687 2601 2768 ἄστρα.
2667 2685 2792 2750 Sed

1110 2797 1232 2864 alia
1278 2821 1423 2885 quae
1470 2794 1659 2860 habet
1708 2790 2094 2869 Macrobius,
2137 2787 2223 2851 ibi
2284 2809 2408 2852 non
2463 2787 2790 2851 habentur.

1116 2902 1398 2965 Tantum
1428 2896 1603 2974 dicit,
1633 2919 1708 2960 ea
1733 2916 1863 2958 esse
1893 2893 2240 2972 σημαντικᾶ,
2268 2904 2342 2954 ut
2369 2911 2445 2953 ex
2484 2888 2704 2954 avibus
2730 2904 2795 2953 et

1112 3002 1248 3068 aliis
1289 2997 1655 3065 animalibus
1691 2996 1764 3060 fit
1791 2992 2109 3059 divinatio.
2199 2993 2300 3056 Ne
2336 2990 2495 3056 illud
2536 2989 2789 3078 quidem

1114 3126 1332 3170 verum
1359 3117 1474 3181 est,
1501 3099 1567 3165 id
1595 3114 1760 3164 astra
1784 3096 2035 3175 habere,
2059 3093 2231 3182 quod
2252 3092 2326 3158 iis
2352 3092 2463 3158 dat
2482 3091 2791 3172 Plotium,

1115 3207 1184 3274 τὸ
1215 3205 1590 3288 σημαντικόν.
1634 3204 1726 3267 Et
1743 3196 2246 3289 praevaricatione
2265 3195 2534 3284 quadam
2555 3211 2795 3261 certum

1116 3325 1231 3390 est,
1252 3310 1371 3374 hoc
1399 3306 1473 3373 iis
1493 3304 1739 3372 tribui.”
1796 3304 1962 3369 Haec
1987 3298 2339 3367 Salmasius.
2385 3298 2629 3365 Eadem
2652 3300 2797 3364 Ma-

1116 3411 1307 3479 crobii
1338 3410 1528 3476 verba
1567 3407 1858 3497 apposuit
1885 3407 1931 3470 J
1937 3419 2113 3471 ustus
2143 3401 2396 3491 Lipsius
2433 3404 2499 3466 in
2528 3401 2795 3491 Physio-

1118 3515 1283 3604 logia
1314 3512 1659 3580 Stoicorum
1688 3510 1799 3576 lib.
1828 3510 1925 3574 II.
1948 3531 2002 3572 c.
2034 3526 2133 3589 14.
2149 3506 2255 3570 fin.
2282 3506 2372 3593 (p.
2392 3506 2544 3591 587.
2572 3507 2797 3593 Opp.)‚

1118 3618 1387 3684 addens:
1421 3624 1469 3657 “
1490 3614 1702 3703 Magis
1727 3612 1891 3678 enim
1913 3611 2014 3690 sit,
2038 3607 2376 3697 significare
2405 3622 2592 3687 astra,
2610 3631 2799 3695 quam

1119 3721 1340 3801 facere,
1371 3734 1434 3785 et
1463 3717 1696 3785 Plotini
1738 3713 2072 3781 modestior
2106 3711 2358 3776 assertio
2386 3714 2606 3798 (quam
2650 3712 2799 3775 Ma-

1122 3821 1724 3910 nilii)—-Modestior
1749 3817 1902 3897 dixi,
1932 3839 2059 3881 non
2089 3814 2345 3880 verior.”
2406 3813 2648 3879 Avium
2679 3836 2802 3877 me-

1123 3926 1305 3991 minit
1349 3925 1534 3989 etiam
1580 3921 1880 4009 Origenes
1924 3918 1988 3982 in
2038 3917 2308 3983 Genesin
2355 3920 2415 4002 ξ.
2453 3936 2554 3981 10.
2601 3939 2667 4003 p.
2704 3930 2800 3999 17.

1127 4027 1334 4106 Ruaei,
1393 4025 1576 4114 plane
1631 4024 1697 4087 in
1755 4019 1984 4087 Plotini
2043 4019 2402 4085 sententiam
2459 4018 2802 4106 disputans.

1129 4131 1340 4195 Locus
1375 4126 1616 4213 longior
1654 4139 1770 4204 est,
1799 4122 2088 4211 quocirca
2114 4137 2389 4187 extrema
2417 4135 2661 4186 tantum
2698 4144 2808 4209 ap-

1129 4253 1391 4322 ponam:
1440 4231 1502 4295 τί
1538 4233 1776 4307 μᾶλλον
1825 4225 1942 4290 ἀπὸ
1990 4229 2106 4287 τῶν
2148 4222 2412 4306 ἀστέρων
2449 4220 2487 4303 ἢ
2531 4223 2648 4287 ἀπὸ
2689 4229 2808 4288 τῶν

1130 4338 1353 4400 οἰωνῶν
1383 4333 1550 4397 ἔσται
1577 4333 1653 4395 τᾶ
1679 4330 1964 4412 γινόμενα
1981 4329 2271 4399 ς-ταῦτα
2305 4327 2418 4406 μὲν
2445 4326 2551 4390 οὖν
2580 4327 2678 4391 ἐπὶ
2704 4329 2809 4390 τοῦ

1132 4438 1420 4519 παρόντος
1445 4432 1684 4517 ἀρκέσει
1713 4433 1796 4498 εἷς
1824 4431 2129 4510 ἀναίρεσιν
2157 4431 2262 4492 τοῦ
2301 4427 2628 4507 ποιητικοὺς
2657 4425 2807 4492 εἶναι

1132 4539 1266 4606 τοὺς
1286 4536 1537 4619 ἀστέρας
1555 4541 1672 4599 τῶν
1694 4532 2093 4615 ἀνθρωπίνων.
2141 4531 2288 4616 Ipse
2310 4542 2516 4594 noster
2534 4529 2809 4617 auspicia

1133 4638 1383 4727 attingit
1407 4638 1572 4702 infra
1600 4636 1744 4701 ΙΙΙ.
1774 4652 1828 4698 1.
1854 4651 1920 4719 5.
1952 4656 2018 4720 p.
2051 4649 2196 4719 232.
2228 4632 2304 4696 B.
2348 4634 2559 4712 ὁμοίως
2600 4632 2676 4697 ἂν
2714 4633 2810 4697 καὶ

1136 4745 1194 4809 οἱ
1220 4745 1412 4824 ὄρνεις
1445 4738 1749 4819 ποιητικοὶ,
1781 4738 1864 4801 ὧν
1893 4737 2299 4816 σημαίνουσιν,
2333 4732 2475 4799 εἶεν.
2557 4733 2811 4799 Iambli-

1134 4844 1291 4910 chus
1315 4842 1396 4908 de
1423 4839 1740 4930 Mysteriis
1770 4839 2038 4925 AEgypt.
2072 4836 2217 4900 111.
2245 4836 2343 4899 16.
2373 4857 2438 4922 p.
2471 4835 2574 4900 80.
2606 4834 2807 4914 Galei,

1136 4969 1281 5015 cum
1323 4945 1403 5011 de
1444 4943 1652 5009 avium
1695 4956 1836 5007 tum
1878 4938 1959 5003 de
2007 4953 2311 5003 astrorum
2363 4936 2553 5024 signis
2601 4937 2814 5025 dispu-

1137 5068 1296 5128 tans,
1347 5047 1436 5111 ita
1482 5044 1720 5133 pergit:
1770 5046 1977 5122 Δῆλον
2028 5040 2097 5120 δὴ
2139 5040 2246 5104 οὖν
2284 5042 2381 5104 διὰ
2419 5038 2656 5104 πάντων
2696 5046 2814 5105 τῶν

1139 5149 1455 5237 εἰρημένων
1498 5148 1594 5211 καὶ
1636 5150 1806 5210 τοῦτο
1852 5143 2124 5227 γέγονεν.
2170 5143 2248 5210 ὥς
2293 5141 2565 5224 ὀργάνοις
2609 5142 2816 5223 μέσοις

1138 5257 1388 5323 πολλοῖς
1423 5252 1483 5316 ot
1518 5249 1645 5314 θεοὶ
1675 5249 1970 5331 χρόμενοι
2001 5247 2077 5309 τὰ
2104 5249 2317 5326 σημεῖα
2343 5249 2466 5311 τοῖς
2491 5246 2817 5328 ἀνθρώποις

1142 5355 1532 5437 ἐπιπέμπουσι
1560 5378 1614 5414 κ.
1636 5374 1691 5413 τ.
1713 5355 1775 5413 λ.
1834 5349 1936 5412 De
1962 5346 2182 5412 avibus
2207 5344 2611 5433 auguralibus
2641 5348 2814 5412 Iam-

1140 5458 1328 5526 blichi
1369 5456 1555 5522 etiam
1595 5449 1963 5518 auctoritate
1996 5448 2194 5514 utitur
2221 5447 2595 5515 Eustathius
2628 5449 2696 5514 in
2726 5451 2816 5516 O-

1144 5562 1314 5651 dyss.
1343 5565 1431 5647 (3.
1448 5573 1586 5644 153.
1603 5575 1671 5642 p.
1682 5554 1787 5641 83.
1805 5553 1953 5618 Bas.
1970 5550 2331 5618 cf.Galeum
2346 5550 2428 5616 ad
2443 5550 2487 5616 l.
2502 5550 2545 5618 l.
2565 5573 2629 5640 p.
2643 5555 2813 5640 236.)

2067 570 2891 638 ANNOTATIONES
2958 571 3070 637 IN
3137 571 3575 639 PLOTINI

2948 780 3036 793 ——
3060 764 3155 808 10.
3189 746 3470 827 τρίγωνος
3493 747 3605 825 μὲν
3631 745 4260 833 ὁρῶν-τετράγωνος]
4282 744 4443 810 Vide
4463 744 4543 811 de

2866 844 2962 910 his
3008 846 3357 934 aspectibus
3407 845 3728 912 Ptolemaei
3767 848 4113 913 Tetrabibl.
4149 849 4235 912 L.
4269 850 4382 913 Iv.
4428 848 4547 914 sub

2864 948 2975 1012 fin.
3017 963 3082 1013 et
3121 948 3540 1037 Porphyrium
3591 948 3658 1013 in
3702 972 3845 1014 eum
3899 950 4124 1016 librum
4168 974 4232 1039 p.
4266 969 4413 1016 201.
4443 950 4544 1016 ed.

2867 1050 3054 1116 Basil.
3085 1067 3268 1137 1559.
3316 1051 3550 1139 Attigit
3579 1051 3713 1117 hoec
3741 1051 3922 1117 etiam
3958 1052 4282 1118 Sallustius
4313 1054 4390 1118 de
4408 1052 4548 1118 Diis

2866 1167 2930 1219 et
2958 1153 3212 1219 Mundo
3238 1176 3371 1241 cap.
3405 1155 3544 1230 IX.
3575 1177 3642 1242 p.
3671 1177 3776 1242 34.
3852 1155 4057 1221 Verba
4111 1155 4549 1244 adscripsimus

2868 1278 3058 1343 supra
3097 1257 3164 1320 in
3205 1269 3414 1321 annot.
3445 1256 3509 1320 in
3550 1280 3685 1344 cap.
3713 1278 3779 1343 3.
3810 1257 3943 1322 init.
4011 1260 4157 1323 Hoc
4204 1257 4342 1323 loco
4391 1258 4546 1323 illud

2867 1359 3159 1446 adjecisse
3202 1357 3481 1438 sufficiat,
3525 1359 3592 1424 in
3649 1359 3998 1447 fragmento
4039 1360 4229 1426 Vettii
4275 1361 4551 1427 Valentis

2871 1461 3280 1549 Astrologioo‚
3303 1462 3485 1550 cujus
3512 1463 3941 1550 apographum
3972 1478 4067 1528 est
4086 1462 4150 1529 in
4172 1463 4346 1530 libris
4372 1464 4546 1542 meis,

2869 1579 3061 1651 caput
3088 1586 3283 1629 unum
3315 1564 3401 1629 ita
3426 1564 3675 1630 inscribi
3707 1579 3897 1652 atque
3935 1565 4021 1630 ita
4060 1565 4366 1655 incipere:
4413 1570 4548 1651 περὶ

2872 1668 3204 1731 ἀκουόντων
3264 1668 3359 1731 καὶ
3414 1668 3768 1748 βλεπόντων
3816 1667 4397 1750 (obicem—‘Ouolas
4455 1674 4549 1736 καὶ

2871 1769 3005 1850 περὶ
3033 1770 3367 1834 ἀκοούντων
3396 1769 3490 1833 καὶ
3526 1771 3879 1850 βλεπόντων
3904 1772 4121 1846 ζωδίων
4151 1774 4216 1837 ἐκ
4257 1780 4374 1838 τῶν
4403 1776 4546 1839 ἀνα-

2871 1877 3074 1954 φορῶν
3100 1870 3424 1954 γνωστέον·
3469 1873 3598 1936 οῖον
3624 1874 3805 1939 οὕτως
3833 1900 3888 1936 κ.
3906 1898 3961 1935 τ.
3987 1880 4046 1936 λ.

2951 1997 3019 2062 p.
3053 1974 3198 2054 248,
3228 1975 3291 2037 6.
3325 1974 3452 2038 Οὗκ
3482 1975 3922 2055 ἐπικουροῦντος
3951 2002 4001 2038 κ.
4020 2000 4074 2039 τ.
4092 1977 4186 2064 λ.]
4221 1978 4324 2041 De
4367 1999 4549 2042 sensu

2869 2074 3101 2163 duplici
3130 2075 3320 2162 hujus
3347 2073 3464 2139 loci
3491 2089 3554 2139 et
3573 2073 3653 2139 de
3682 2074 3986 2162 probabili
4015 2077 4334 2159 sententia,
4357 2102 4553 2166 quan-

2871 2194 3007 2245 tum
3035 2177 3286 2265 quidem
3316 2176 3379 2241 in
3415 2176 3513 2241 his
3541 2177 3807 2242 tenebris
3843 2178 4105 2266 perspici
4148 2181 4362 2268 possit,
4393 2181 4553 2247 dixit

2874 2279 3130 2346 Ficinus
3154 2279 3217 2344 in
3251 2280 3706 2354 Commentario
3734 2303 3924 2368 supra
3950 2304 4017 2368 p.
4048 2302 4075 2344 1
4092 2284 4186 2346 16.

2957 2400 3166 2448 —12.
3198 2384 3320 2447 Δία
3365 2384 3427 2446 δὲ
3478 2381 3548 2446 ὃν
3594 2382 3878 2465 λέγουσιν
3923 2410 3972 2447 κ.
4001 2407 4052 2448 τ.
4087 2384 4181 2473 λ.]
4232 2385 4549 2474 Insignem

2873 2484 3405 2573 transpositionem
3434 2484 3501 2548 h.
3524 2484 3565 2549 l.
3597 2484 3841 2550 obviam
3871 2485 3935 2548 in
3963 2484 4110 2550 Var.
4145 2487 4327 2552 Lect.
4351 2489 4553 2577 desig-

2874 2586 3177 2652 navimus.
3226 2589 3385 2666 Quae
3414 2599 3625 2652 utrum
3656 2587 3930 2652 confusae
3954 2587 4189 2675 duplici
4218 2592 4553 2657 recensioni

2876 2688 3175 2754 debeatur
3203 2710 3328 2754 non
3359 2688 3655 2754 dixerim:
3705 2689 3812 2754 sed
3842 2689 3989 2754 talia
4015 2690 4079 2754 in
4107 2692 4396 2758 omnibus
4427 2694 4555 2759 fere

2877 2791 3276 2879 scriptoribus
3323 2792 3894 2879 deprehenduntur.
3988 2795 4366 2859 Sententiam
4413 2796 4554 2875 loci,

2875 2893 3086 2982 quoad
3128 2895 3264 2981 ejus
3307 2894 3437 2958 fieri
3480 2908 3743 2982 poterat,
3778 2894 4089 2982 expedivit
4121 2897 4378 2964 Ficinus
4410 2924 4554 2966 cum

2873 2997 2941 3062 in
2981 2997 3256 3063 versione
3301 3011 3436 3061 tum
3478 2996 3543 3062 in
3590 2996 4063 3063 Commentario.
4151 2999 4253 3064 De
4283 3001 4559 3069 Planetis

2878 3100 3161 3165 universe
3186 3099 3329 3164 vide
3361 3099 3711 3165 Cleomedis
3741 3102 4004 3166 Meteor.
4032 3102 4087 3165 1.
4106 3121 4170 3188 3.
4193 3125 4258 3190 p.
4286 3121 4389 3169 21.
4414 3128 4551 3193 sqq.

2878 3202 2974 3267 ed.
3006 3201 3191 3267 Bakii
3218 3225 3361 3267 cum
3390 3202 3673 3290 interprr.
3705 3227 3769 3289 p.
3797 3205 3946 3289 306.
3977 3226 4112 3290 sqq.
4203 3205 4336 3271 Cic.
4359 3206 4440 3272 de
4467 3210 4553 3274 N.

2881 3308 3103 3371 Deorr.
3141 3306 3238 3370 ΙΙ.
3274 3325 3373 3373 20.
3403 3305 3558 3394 ibiq.
3581 3321 3792 3372 annot.
3821 3328 3888 3393 p.
3915 3308 4058 3372 286.
4091 3306 4243 3374 edit.
4273 3327 4464 3377 nostr.
4495 3327 4560 3379 et

2881 3407 3137 3473 Moseri.

2964 3532 3088 3575 -Ι
3094 3530 3158 3597 3.
3185 3511 3347 3593 Πρὸς
3376 3513 3439 3575 δὲ
3467 3511 3573 3575 τὸν
3593 3513 3884 3593 πυρόεντα
3915 3516 4277 3595 καλούμενον
4313 3522 4384 3598 τῇ
4426 3519 4561 3602 κρό-

2885 3615 3009 3703 σει]
3043 3614 3331 3678 Fortasse
3368 3612 3595 3678 excidit
3635 3615 3956 3696 σύμφορος,
3987 3615 4085 3681 vel
4128 3635 4294 3683 certe
4333 3619 4562 3686 intelli-

2882 3715 3196 3803 gendum:
3261 3730 3334 3781 ut
3383 3715 3567 3780 etiam
3610 3715 3843 3803 accepit
3896 3716 4171 3784 Ficinus.
4244 3723 4562 3789 Caeterum

2888 3818 3107 3884 Cicero
3127 3817 3167 3882 l.
3189 3816 3227 3882 l.
3255 3818 3374 3883 ita:
3413 3816 3640 3881 “Huic
3668 3831 3876 3882 autem
3905 3821 4184 3906 proxime
4211 3822 4563 3892 inferiorem

2886 3921 3097 3986 orbem
3129 3934 3295 3985 tenet
3328 3922 3582 4003 πυρόεις,
3622 3943 3765 4007 quae
3808 3920 3982 3986 stella
4026 3925 4252 3989 Martis
4292 3928 4566 4016 appella-

2887 4039 2995 4090 tur
3024 4024 3169 4089 &c.”
3244 4023 3367 4087 Pro
3395 4024 3718 4105 ἀλλοτρίως
3744 4021 4074 4111 legendum
4105 4026 4352 4092 videtur
4380 4034 4565 4098 ἀλλό-

2889 4152 3046 4210 τριος
3072 4125 3169 4191 vel
3201 4140 3452 4213 propter
3480 4125 3819 4211 sequentia.

2973 4248 3168 4310 —14.
3177 4226 3623 4310 Ἑρμῆς-πρὸς
3639 4227 4387 4322 ἅπαντας-ὁμοιούμενος]
4402 4235 4566 4301 Haec

2889 4353 2968 4394 ex
3016 4353 3148 4394 asse
3176 4328 3547 4416 respondent
3591 4328 3688 4393 his
3726 4330 4046 4396 Ptolemaei
4087 4332 4152 4397 in
4197 4336 4568 4405 Tetrabiblo

2894 4433 2991 4497 11.
3022 4454 3083 4519 p.
3118 4432 3254 4513 87.:
3303 4433 3337 4494 ὁ
3366 4433 3431 4495 δὲ
3459 4436 3564 4495 τοῦ
3588 4430 3810 4514 Ἑρμοῦ
3845 4434 3953 4513 τὴν
3980 4438 4425 4503 οἰκοδεσποτίαν
4451 4447 4566 4505 λα·-

2890 4538 3040 4617 βῶν,
3087 4534 3340 4598 καθόλου
3384 4535 3496 4614 μὲν
3536 4532 3581 4620 ᾧ
3629 4533 3705 4598 ἂν
3736 4532 3773 4615 ᾖ
3815 4537 4289 4618 συγκιρνάμενος,
4338 4542 4567 4630 ἑκάστῳ

2892 4642 3009 4702 τῶν
3034 4633 3240 4700 ἄλλων
3269 4637 3690 4700 συνοικειοΰται
3714 4642 3840 4703 ταῖς
3868 4639 4108 4703 ἐκείνων
4127 4643 4406 4723 φύσεσιν.
4456 4642 4571 4709 Ad

2893 4761 3038 4803 eum
3068 4736 3271 4802 locum
3303 4737 3620 4824 Interpres
3644 4736 3734 4802 ita
3754 4762 3818 4825 p.
3844 4754 3976 4825 73.:
4013 4744 4263 4824 Εὕρηται
4288 4746 4404 4826 γὰρ
4432 4749 4572 4829 περὶ

2894 4846 2999 4906 τοῦ
3023 4838 3245 4923 Ἑρμοῦ
3271 4841 3362 4903 ὅτι
3391 4838 3585 4906 κοινὸς
3612 4838 3695 4904 ὢν
3721 4841 3827 4921 τὴν
3856 4845 4043 4925 φύσιν
4061 4845 4167 4924 τὴν
4193 4850 4311 4908 τῶν
4337 4871 4572 4930 σχημα-

2893 4942 3206 5023 τιζομένων
3230 4947 3484 5023 μιμεῖται
3510 4944 3808 5024 ποιότητα.
3852 4944 4118 5010 Videtur
4135 4946 4572 5034 corrigendum

2896 5044 3502 5129 συσχηματιζομένων.
3580 5046 3684 5110 Cf.
3734 5047 3918 5111 etiam
3971 5049 4304 5138 Porphyrii
4357 5053 4569 5120 Intro-

2896 5146 3068 5212 duct.
3096 5147 3162 5211 in
3189 5145 3454 5211 eundem
3487 5146 3712 5212 librum
3738 5171 3802 5236 p.
3834 5169 3972 5235 199.

2981 5284 3069 5299 —
3090 5268 3190 5333 15.
3214 5250 3517 5332 ἀναφορὰς
3534 5252 3750 5326 (matam
3767 5251 4114 5343 ἀναμένειν]
4140 5256 4367 5320 Sextus
4382 5257 4573 5348 Emp.

2897 5349 3041 5416 adV.
3073 5351 3383 5416 Mathem.
3416 5352 3490 5416 V.
3525 5372 3627 5417 20.
3655 5374 3722 5439 p.
3751 5373 3872 5439 341
3887 5355 4061 5419 .-οὐ
4096 5359 4212 5439 γορ
4249 5358 4358 5439 τὴν
4391 5361 4577 5444 αὐτὴν

2901 5455 3144 5533 δύναμιν
3173 5453 3336 5536 ἔχειν
3361 5455 3642 5535 ἡγοῦνται
3667 5456 3800 5523 τοὺς
3837 5455 4088 5537 ἀστέρας
4125 5458 4270 5540 πρὸς
4299 5459 4368 5525 τὸ
4399 5490 4574 5531 xm.

2898 5560 3111 5630 ποιεῖν,
3141 5552 3179 5636 ἢ
3213 5554 3311 5635 μὴ,
3345 5556 3448 5621 ἐπί
3479 5580 3548 5621 τε
3582 5560 3700 5622 τόν
3729 5557 3983 5639 κέντρων
4010 5562 4443 5642 θεωρουμένους
4481 5571 4579 5635 καὶ
