5118 6613
996 540 1128 620 446

1010 725 1284 794 quanmm
1313 724 1374 771 st
1399 731 1501 771 ens
1528 710 1794 770 differunt

1013 794 1244 873 quande
1269 793 1768 873 prodit-*amentum
1795 811 1869 851 an
1891 801 2117 869 tempus

1097 875 1478 972 temporisque
1526 887 1712 953 partes
1759 872 1978 932 formali
2027 891 2115 930 ra-

1097 960 1254 1016 tione
1280 956 1721 1035 comprehendat
2001 969 2120 1028 579

1018 1037 1405 1116 quaternarius
1444 1037 1503 1095 in
1539 1057 1723 1096 rerum
1751 1033 2121 1129 prpduefione

1020 1198 1356 1278 quaternarii
1384 1197 1596 1259 creatio
1770 1118 1890 1255 gig.
1920 1135 1977 1274 g.
2001 1130 2121 1271 {go

1020 1282 1258 1360 questio
1283 1280 1472 1340 omnis
1510 1280 1581 1339 ad
1617 1277 1956 1358 principium
1994 1291 2119 1334 ten-

1021 1362 1298 1522 qugjattio
1280 1442 1516 1512 inutilis,
1537 1460 1638 1500 cur
1656 1460 1744 1499 res
1771 1439 1846 1498 sit
1869 1438 1949 1506 id,
1969 1373 2121 1517 qiigisi

1102 1535 1192 1582 est
1773 1520 1892 1579 Fic.
1922 1540 1978 1598 p.
2000 1520 2120 1593 448

1022 1602 1396 1682 questionum
1426 1603 1622 1662 forma
1647 1614 1890 1680 quatuor
1978 1616 2118 1694 ’745

1021 1684 1361 1763 questiones
1379 1685 1451 1743 de
1471 1704 1530 1743 re
1550 1683 1799 1762 qualibet
1826 1700 2122 1762 praempuae

1102 1766 1229 1825 duas
2001 1763 2122 1839 ⁶94

1022 1845 1155 1926 quid
1184 1846 1258 1905 sit
1284 1865 1386 1914 res,
1418 1865 1580 1904 mens
1612 1864 1790 1923 penes
1828 1862 1891 1902 se
1932 1843 2123 1912 babet,

1024 1927 1908 2087 &imvm-xxm,
1930 2024 2000 2064 ex
2026 1923 2124 2064 eig-

1102 2090 1231 2148 dem
1261 2090 1418 2148 fonte
1446 2102 1682 2148 manant
2007 2102 2125 2163 749

1022 2170 1352 2248 quidditatis
1373 2169 1676 2229 rationisve
1691 2167 1943 2228 formalis
1963 2167 2125 2247 signa

1101 2265 1345 2331 quatuor
1768 2249 1892 2309 Fic.
1923 2268 1981 2328 p.
2004 2267 2116 2345 321

1022 2332 1179 2411 quies
1204 2332 1337 2411 quid
1365 2333 1458 2399 sit
1487 2330 1548 2390 in
1574 2332 1778 2410 quibus
1819 2331 1988 2391 rebus
2028 2331 2122 2401 sit,

1100 2427 1161 2473 et
1184 2412 1278 2473 eui
1300 2415 1579 2472 eontraria
2004 2411 2121 2485 642

1023 2493 1309 2574 quinarius
1350 2494 1408 2553 in
1450 2513 1636 2553 rerum
1680 2492 2053 2572 productione

1771 2573 1893 2633 Fic.
1921 2594 1982 2653 p.
2008 2587 2119 2649 271

1532 2656 1611 2715 R.

1022 2737 1238 2797 Radius
1266 2737 1488 2796 visualis
1783 2736 1901 2795 Fie.
1928 2756 1984 2815 p.
2006 2753 2124 2832 340

1023 2820 1241 2878 radium
1284 2818 1552 2877 visualem
1600 2837 1669 2877 ex
1713 2817 1893 2877 oculis
1939 2816 2124 2876 emitti

1101 2899 1266 2958 variis
1293 2901 1560 2978 probatur
1585 2898 1760 2978 signis
1828 2899 1894 2956 F.
1923 2917 1981 2976 p.
2006 2915 2123 2973 342

1024 2981 1164 3039 radii
1200 2999 1269 3039 ex
1306 2983 1457 3040 bono
1494 2979 1654 3038 effusi
1689 3000 1804 3057 quo
1840 2993 2125 3037 transmu-

1103 3073 1298 3120 tentur
1324 3060 1380 3118 in
1409 3059 1588 3140 ipsam
1617 3060 1945 3119 felicitatem
2004 3060 2124 3135 630

1025 3141 1181 3201 radix
1221 3142 1522 3201 mundanae
1555 3140 1773 3201 arboris
1813 3159 1941 3219 qnoe
1978 3139 2054 3197 ait

1778 3221 1895 3281 Fic.
1924 3240 1981 3300 p.
2005 3238 2123 3297 452

1025 3303 1261 3365 rarefieri
1302 3317 1362 3364 et
1405 3302 1575 3365 dividi
1613 3302 1863 3383 corporis
1905 3303 2125 3382 passio-

1105 3405 1206 3445 nes
1233 3398 1369 3445 sunt
2005 3385 2121 3461 635

1027 3467 1266 3527 raritatis
1307 3481 1365 3527 et
1408 3465 1703 3527 densitatis
1744 3465 1955 3524 utilitas

1778 3546 1897 3606 Fic.
1928 3567 1983 3626 p.
2014 3547 2125 3605 168

1025 3627 1194 3688 Rasis
1240 3628 1542 3688 eonsilium
1589 3631 1650 3689 in
1696 3627 2128 3709 physiognomia

1105 3710 1444 3769 servandum
1776 3710 1899 3769 Fic.
1928 3728 1984 3789 p.
2011 3726 2127 3768 220

1025 3793 1171 3850 ratio
1198 3791 1407 3871 duplex
1821 3789 1939 3849 Fic.
1967 3809 2025 3868 p.
2049 3805 2124 3867 53

1025 3873 1174 3931 ratio
1189 3872 1489 3950 dupliciter
1505 3874 1680 3931 utitur
1697 3869 1986 3930 intellectu
2009 3889 2128 3948 499

1027 3952 1172 4012 ratio
1199 3952 1400 4045 triplex
1786 3951 1903 4011 Fic.
1932 3974 1990 4032 p.
2010 3969 2126 4026 332

1024 4031 1256 4092 rationis
1283 4033 1524 4110 pravitas
2008 4050 2131 4108 304

1026 4114 1171 4172 ratio
1196 4112 1494 4173 seminaria
1518 4112 1652 4191 quid
1780 4112 1898 4172 Fic.
1928 4133 1985 4193 p.
2010 4130 2126 4188 332

1026 4193 1169 4253 ratio
1196 4195 1483 4273 quomodo
1511 4195 1689 4253 libera
2011 4210 2128 4272 739

1029 4275 1171 4335 ratio
1215 4274 1609 4347 intellectualis
1644 4295 1680 4334 a
1705 4274 1999 4335 Gnosticis
2041 4274 2127 4333 in-

1107 4356 1369 4416 troducta
1393 4356 1666 4416 refellitur
2012 4374 2124 4434 293

1029 4452 1283 4579 ’,ἓῖἒὲῗζ
1290 4441 2131 4578 ῗέἓὲῗὲῗιὲἕῢζὶἳῗέἔῶῗ

1110 4599 1458 4660 discursione
1485 4600 1739 4679 deposita
1992 4600 2128 4694 ,769

1030 4682 1171 4741 ratio
1212 4683 1413 4740 mnndi
1451 4680 1680 4762 gemina
1717 4680 2038 4740 eommunis

1779 4761 1987 4855 F¹013
2006 4780 2127 4839 449

1030 4843 1173 4903 ratio
1200 4842 1471 4904 conv'ersa
1495 4843 1783 4923 quomodo
1810 4842 2004 4902 omnia
2039 4842 2127 4899 in-

1109 4937 1335 4984 tueatur
1824 4926 1942 4983 Fic.
1970 4944 2026 5002 p.
2051 4924 2121 4982 81

1029 5006 1170 5066 ratio
1198 5020 1257 5064 et
1285 5005 1603 5065 intellectus
1641 5005 1864 5085 corpori
1906 5026 1968 5065 se
2009 5024 2127 5063 non

1109 5086 1342 5146 tradunt
2009 5086 2127 5161 386

1026 5168 1168 5227 ratio
1209 5168 1495 5246 quomodo
1536 5167 1827 5245 adjuvetur
1862 5186 1897 5225 a
1936 5179 2129 5226 mente

1028 5327 1169 5387 ratio
1197 5343 1472 5407 quatenus
1502 5328 1675 5386 libera
2009 5267 2128 5406 739

1024 5409 1164 5468 ratio
1207 5421 1403 5468 nostra
1446 5409 1505 5467 in
1548 5408 1751 5467 eodem
1798 5420 1949 5466 statu
1991 5427 2124 5467 eum

1101 5488 1289 5548 anima
1317 5489 1512 5549 mundi
1536 5508 1764 5548 manere
1791 5500 1980 5568 potest
2000 5507 2117 5564 472

1023 5569 1163 5629 ratio
1190 5570 1436 5629 effectrix
1464 5591 1645 5630 rerum
1674 5570 1844 5650 plane
1869 5570 2123 5650 inculpa-

1100 5649 1231 5711 bilis
2007 5652 2116 5728 265

2275 803 2381 859 est,
2410 789 2812 885 argumenmri,
2838 789 3047 849 sentiat
3178 790 3303 863 614

2197 874 2339 930 ratio
2367 870 2812 932 animadvertit
2797 891 2857 930 ιιι
2894 872 3060 930 nobis
3085 869 3304 949 judicia

2280 952 2606 1013 inferiorum
2635 952 2834 1011 virium
3181 952 3303 1027 649

2199 1034 2341 1092 ratio
2382 1033 2823 1114 argumentatrix
2850 1034 2919 1091 ad
2945 1031 3302 1091 intellectum

2280 1135 2391 1208 qua
2419 1116 2784 1194 proportione
2808 1135 2872 1173 ae
2900 1115 3103 1172 babeat
3181 1113 3299 1171 6ι2

2199 1194 2341 1254 ratio
2381 1197 2673 1274 quomodo
2712 1197 2949 1256 dueatur
2987 1196 3060 1253 ab
3100 1193 3304 1252 anina

2282 1289 2442 1336 m⁰t¹¹
3186 1290 3301 1352 735

2201 1357 2345 1416 ratio
2371 1359 2708 1438 pedissequa
2735 1357 2958 1426 animae,
2989 1359 3112 1416 bec
3140 1374 3303 1415 men·

2283 1440 2358 1498 5⁸
3188 1453 3300 1513 27³

2201 1522 2346 1578 ratio
2363 1519 2565 1578 mundi
2593 1520 2795 1580 artifex
2815 1539 2987 1599 quare
3011 1518 3154 1578 nolit
3178 1538 3306 1577 om-

2283 1600 2381 1659 nia
2405 1621 2565 1679 neque
2593 1603 2746 1660 bona
2771 1620 2894 1660 esse
3189 1601 3301 1675 263

2201 1681 2345 1741 ratio
2362 1682 2689 1741 felicitatem
2708 1696 2776 1742 ut
2790 1683 3062 1776 degustet·
3072 1682 3140 1740 F.
3159 1701 3215 1759 p.
3229 1680 3305 1739 80

2200 1763 2342 1822 ratio
2359 1762 2535 1838 judex
2564 1775 2622 1823 et
2647 1764 2839 1844 auriga
3006 1763 3117 1821 Fie.
3144 1783 3202 1842 p.
3224 1777 3303 1837 47

2204 1843 2345 1903 ratio
2372 1864 2542 1903 eausa
2566 1858 2655 1903 est
2679 1846 2822 1904 bene
2850 1844 3067 1903 vivendi
3227 1842 3303 1901 ib.

2203 1926 2348 1984 ratio
2375 1924 2575 2004 triplex
2955 1925 3075 1985 Fic.
3105 1944 3161 2003 p.
3187 1941 3306 1999 320

2202 2006 2345 2066 ratio
2374 2005 2689 2065 adulterina
2714 2007 2849 2085 quid
3197 2006 3306 2062 166

2202 2087 2344 2147 ratio
2385 2088 2676 2167 quomodo
2717 2101 2967 2147 mentem
3009 2085 3195 2145 videat

2998 2166 3115 2226 Fic.

2203 2248 2348 2309 ratio
2375 2251 2663 2328 quomodo
2693 2252 2906 2309 bonum
2935 2181 3305 2324 habeatp4gg

2204 2330 2347 2390 ratio
2364 2332 2433 2389 ad
2456 2344 2704 2390 mentem
2725 2330 2904 2390 instar
2919 2328 3146 2389 oculiF.
3157 2348 3214 2406 p.
3227 2345 3303 2405 53

2202 2411 2344 2471 ratio
2373 2411 2506 2471 felix
3003 2410 3121 2469 Fic.
3150 2428 3209 2488 p.
3227 2427 3308 2487 49

2202 2492 2344 2553 ratio
2202 2493 2661 2585 ratioquomodo
2686 2492 2962 2551 formetur
2999 2491 3117 2550 Fic.
3147 2511 3205 2569 p.
3227 2507 3306 2566 50

2205 2573 2346 2633 ratio
2375 2574 2665 2633 materiam
2694 2593 2731 2632 a
2755 2593 2925 2633 sensu
2954 2571 3161 2650 accipit
3184 2572 3306 2648 498

2203 2654 2347 2714 ratio
2374 2655 2664 2714 seminalis
2690 2668 2749 2714 et
2777 2654 3006 2734 legifera
3030 2656 3094 2713 F.
3116 2674 3174 2732 p.
3186 2653 3307 2728 436

2204 2735 2348 2795 ratio
2380 2736 2686 2796 seminaria
2723 2755 2793 2796 ex
2833 2734 3125 2795 contrariis
3164 2754 3308 2793 con-

2285 2829 2402 2876 stat
3192 2833 3304 2892 295

2204 2897 2435 2957 rationis
2463 2898 2871 2995 impedimenta
2960 2896 3079 2957 Fic.
3110 2915 3305 2976 p.45o

2204 2980 2438 3038 rationis
2463 2982 2788 3039 eommunis
2813 2992 2875 3039 et
2902 2990 3108 3037 nostre
3135 2996 3307 3057 quare

2283 3060 2523 3119 difficilis
2549 3059 2992 3121 communicatio
3018 3060 3095 3118 sit
3184 3059 3306 3136 649

2207 3139 2439 3199 rationis
2465 3161 2675 3200 munus
2998 3140 3116 3200 Fie-
3145 3160 3203 3219 p.
3228 3155 3304 3216 53

2205 3220 2439 3280 rationis
2458 3222 2730 3281 universae
2746 3223 3166 3281 decrementum
3191 3237 3302 3297 273

2206 3302 2437 3362 rationis
2477 3302 2599 3363 aine
2640 3302 2874 3363 materia
2910 3302 3287 3363 consideratio

3197 3384 3307 3443 186

2205 3465 2440 3526 rationis
2465 3465 2746 3525 disemus
2773 3464 2907 3544 quid
3268 3481 3308 3538 4

2205 3547 2438 3607 rationis
2464 3548 2711 3607 officium
3007 3544 3124 3605 Fic.
3151 3567 3209 3624 p.
3229 3564 3304 3621 47

2205 3629 2438 3688 rationis
2464 3630 2726 3687 bumanae
2753 3627 2833 3687 via
2954 3628 3076 3686 Fic.
3104 3648 3164 3704 p.
3189 3642 3308 3704 549

2208 3710 2444 3769 rationis
2472 3710 2600 3769 finis
2998 3710 3118 3768 Fic-
3144 3729 3204 3785 p.
3226 3709 3306 3782 48

2208 3792 2443 3851 rationis
2469 3812 2608 3851 usus
2963 3790 3079 3850 Fic.
3108 3810 3166 3869 p.
3187 3806 3305 3866 407

2207 3872 2440 3932 rationis
2477 3872 2784 3952 descriptio
2825 3870 3115 3951 analogica

2960 3953 3078 4011 Fic·
3107 3972 3166 4031 Ρ·
3188 3969 3309 4027 439

2209 4032 2438 4094 rationis
2465 4036 2761 4129 proprium
2959 4033 3075 4092 Fie.
3104 4052 3164 4111 p.
3186 4052 3308 4106 440

2209 4114 2440 4175 tationis
2467 4116 2781 4175 sennaarioe
2816 4134 2958 4195 prop
3065 4113 3146 4172 tio
3172 4132 3308 4192 qua·

2287 4196 2360 4255 lis
3012 4197 3079 4255 ic.
3107 4215 3167 4274 p.
3190 4212 3304 4268 441

2210 4275 2413 4337 ratiom'
2439 4279 2833 4355 obtemperare
3189 4291 3305 4351 307

2208 4357 2425 4417 ratione
2464 4358 2757 4437 quomodo
2790 4356 3051 4437 proficiat
3087 4355 3312 4415 animus

2958 4439 3082 4497 Fic·
3112 4457 3167 4516 1>-
3189 4456 3311 4515 449

2208 4518 2453 4579 rationes
2478 4538 2664 4578 rerum
2685 4521 2747 4578 in
2770 4518 2959 4577 anima
2984 4518 3313 4577 naturaliter

2287 4599 2486 4660 mobili
2539 4601 2827 4679 quomodo
2871 4599 3224 4660 vindicentur
3277 4618 3313 4657 a

2288 4682 2603 4741 mutatione
3193 4681 3311 4758 558

2208 4762 2495 4822 rationalis
2504 4763 2790 4822 facultatis
2806 4760 3215 4841 impedimenta
3235 4777 3314 4837 74

2209 4844 2498 4903 rationalis
2540 4844 2623 4903 vis
2662 4844 2952 4904 Aristoteli
2994 4842 3247 4903 mortalis

2998 4923 3119 4983 Fic.
3149 4945 3206 5004 p.
3231 4939 3306 5000 53

3002 5005 3121 5065 Fie.
3150 5025 3208 5084 p.
3236 5023 3312 5082 79

2208 5087 2497 5146 rationalis
2509 5086 2788 5145 faoultatis
2800 5085 3062 5145 formatio
3077 5087 3145 5145 F.
3163 5106 3220 5164 p.
3235 5085 3311 5143 80

2207 5167 2510 5226 rationales
2559 5180 2775 5227 naturoe
2813 5181 3091 5246 quatenus
3131 5169 3311 5227 beatae

3001 5247 3121 5307 Fic.
3150 5268 3209 5326 p.
3235 5262 3312 5327 79

2207 5328 2498 5388 rationalis
2523 5330 2745 5389 animus
2772 5350 2808 5388 a
2826 5329 2944 5389 fato
2971 5349 3033 5388 se
3058 5328 3312 5388 defendit

2961 5410 3078 5470 Fic.
3109 5431 3165 5489 p.
3193 5411 3309 5469 228

2994 5492 3060 5550 F
3046 5511 3118 5551 ¹0
3148 5513 3204 5571 Ρ·
3230 5510 3308 5568 49

2208 5570 2499 5630 rationalis
2526 5572 2733 5631 animae
2761 5571 2885 5631 finis
3000 5572 3118 5632 Fie.
3148 5594 3207 5653 p.
3229 5591 3308 5649 50

2207 5650 2496 5711 rationalia
2522 5653 2793 5732 potentie
2817 5655 3066 5714 offleium
3227 5672 3307 5728 44

2209 5004 2498 5064 rationalis
2523 5005 2762 5064 facultas

2208 5487 2494 5549 rationalis
2519 5490 2699 5551 virtus

1990 531 2311 599 INDEX
2353 535 2704 602 RERUM
2755 536 2885 601 ET
2931 532 3488 599 VERBORUM.

1999 708 2116 783 164
2193 711 2338 769 ratio
2373 711 2472 768 ubi
2513 722 2753 790 agaaet
2791 707 2888 768 ubi
2928 728 2990 767 se
3031 706 3300 788 agoeaid
3379 704 4486 799 rationalisetnaturalisvisimperffie·

3464 786 4041 848 tiononestmalum
4138 792 4342 871 Fiep.
4373 811 4485 870 129

3383 867 3713 928 rationalem
3740 872 3988 930 animam
4018 870 4078 930 in
4106 891 4167 931 ae
4189 885 4369 932 totam
4390 894 4488 933 ex-

3461 951 3633 1009 istere
3672 950 3849 1011 tribus
3890 956 4241 1032 argumentis
4281 956 4487 1032 proba·

3465 1043 3557 1089 tur
4138 1033 4259 1094 Fic.
4288 1056 4348 1114 p.
4376 1035 4489 1115 296

3385 1112 3685 1171 rationales
3714 1114 3984 1191 potentiae
4010 1115 4083 1174 ad
4106 1136 4280 1193 quam
4303 1115 4489 1176 ἱὰιαιιι

3466 1193 3767 1252 referend-
4131 1196 4255 1257 Fic.
4266 1218 4343 1290 p.
4366 1216 4490 1293 440

3385 1274 3743 1334 rationalium
3783 1275 4098 1336 animarum
4125 1278 4382 1337 omnium
4421 1279 4490 1337 ii-

3465 1356 3595 1414 dem
3624 1370 3784 1416 acuas
4144 1358 4263 1419 Fie-
4290 1379 4346 1439 p.
4377 1377 4485 1437 197

3386 1436 3748 1496 ratiocinator
3774 1438 3953 1517 qualis
4365 1442 4489 1515 406

3387 1516 3738 1576 ratiocinatio
3794 1531 4089 1580 moveatne
4149 1520 4488 1600 appetitum.

3467 1618 3538 1657 an
3569 1600 3639 1658 ab
3667 1619 3737 1658 eo
3766 1613 4054 1659 moveatur
4372 1604 4489 1680 736

3386 1679 3738 1739 nnoeinano
3807 1695 4106 1742 move-tue
4170 1683 4488 1763 appetitum

3387 1839 3757 1900 ratiocinandi
3787 1842 4025 1903 facultas
4369 1780 4484 1924 gg}

3386 1921 3759 1982 ratiocinandi
3811 1923 3993 1984 virtus
4046 1944 4119 1983 an
4184 1945 4245 1986 se
4304 1926 4486 2006 ipsam

3466 2017 3775 2081 oosnoectt
4368 2010 4489 2085 49⁸

3387 2084 3758 2144 ratiocinandi
3787 2085 3968 2146 virtus
4006 2088 4158 2148 eirca
4195 2109 4322 2167 qun
4362 2109 4491 2148 ver·

3466 2178 3625 2259 2³00?
3687 2249 3702 2263 .
4366 2187 4486 2248 4⁴⁷

3387 2258 3703 2306 ratmcman

3386 2328 3665 2387 reeordari
3694 2328 3827 2408 quid
4135 2330 4255 2391 Fie.
4288 2352 4345 2410 p.
4372 2271 4491 2410 546ι

3387 2422 3574 2469 rectus
3616 2423 3805 2470 motus
3844 2430 3959 2470 non
3988 2423 4078 2470 est
4112 2412 4488 2492 sempiternus

4132 2494 4253 2554 Fie-
4283 2515 4342 2574 p.
4374 2494 4485 2569 167

3388 2582 3573 2629 rectus
3601 2583 3791 2630 motus
3818 2571 3955 2650 quid
4409 2575 4490 2653 96

3387 2651 3525 2710 recti
3554 2665 3613 2711 et
3634 2652 3849 2731 obliqui
3893 2653 4129 2714 nomine
4154 2654 4291 2733 quid
4316 2655 4486 2716 intel·

3467 2732 3647 2812 ligant
3674 2733 3949 2794 Platonici
4137 2738 4259 2796 Fic.
4286 2757 4345 2816 p.
4374 2738 4489 2797 226

3387 2813 3579 2873 referri
3609 2816 3863 2893 quiedam
3892 2816 3964 2876 ad
3990 2816 4225 2912 aliquid,
4250 2839 4377 2911 quas
4404 2831 4488 2878 ta·

3469 2914 3602 2954 men
3629 2896 3924 2956 absolute
3909 2917 3970 2956 ιιι
3998 2917 4060 2957 se
4087 2898 4223 2978 ipsis
4244 2899 4493 2959 existunt

3388 3056 3615 3137 mamus
3639 3077 3873 3136 serpen·
4370 2998 4487 3139 ⁴3}

3387 3138 3678 3218 regionum
3715 3138 4048 3200 diversitatis
4088 3161 4272 3201 eausae
4311 3143 4490 3222 expli-

3466 3232 3667 3278 cantur
4148 3222 4267 3283 Fic.
4291 3244 4349 3303 p.
4370 3226 4491 3299 406

3386 3299 3591 3360 relatio
3619 3316 3761 3380 quot
3788 3299 3972 3361 modis
3999 3305 4102 3362 fiat
4370 3322 4446 3383 57
4452 3324 4486 3382 3

3389 3382 3585 3442 relatio
3612 3384 3748 3461 quid
3790 3384 3882 3452 sit,
3911 3396 3974 3442 et
4000 3385 4173 3443 relata
4199 3388 4488 3463 quomodo

3468 3463 3618 3523 inter
3636 3484 3699 3523 se
3724 3465 3926 3523 affecta
3952 3484 4075 3524 ease
4096 3466 4341 3526 debeant
4364 3468 4480 3544 643

3388 3544 3628 3604 relatio
3610 3565 3672 3603 ιιι
3698 3545 3885 3613 rebus,
3907 3566 4034 3624 quae
4052 3547 4303 3625 quaedam
4325 3567 4486 3607 eom-

3472 3625 3660 3685 munis
3713 3626 3989 3686 habitudo
4042 3629 4294 3698 babetur,
4348 3649 4487 3687 m

3471 3719 3675 3766 natura
3700 3707 3939 3767 univoca
3963 3707 4039 3768 sit
4369 3726 4480 3787 571

3388 3788 3675 3848 relationis
3701 3789 4135 3867 praedicamento
4155 3811 4281 3870 qnoe
4308 3791 4488 3851 inelu-

3468 3870 3612 3929 dunt
3625 3870 3997 3964 Peripatetici,
4008 3892 4079 3929 an
4097 3871 4494 3932 inunaaamra

3468 3950 3728 4030 geuerica
3753 3951 4092 4010 conveniant
4374 3970 4491 4031 570

3389 4031 3676 4092 relationis
3715 4032 4020 4111 descriptio
4050 4047 4136 4094 est
4165 4048 4367 4094 munna
4388 4054 4489 4094 eo·

3472 4134 3596 4171 rum
3626 4113 3897 4173 habitudo
4376 4134 4489 4193 572

3390 4193 3721 4254 relationem
3776 4193 4161 4288 significantia
4215 4196 4288 4255 ad
4341 4197 4493 4275 quod

3468 4295 3648 4354 genua
3675 4274 3997 4355 redigantur
4370 4278 4491 4371 61ss

3391 4355 3623 4415 relativa
3659 4357 3873 4416 diversa
3909 4355 4245 4436 simpliciter
4276 4378 4395 4418 uon
4432 4357 4491 4417 in

3470 4438 3667 4496 eadem
3698 4450 3896 4497 natura
3921 4457 4233 4517 coagmen-e
4375 4454 4484 4516 57ι

3390 4518 3538 4577 inter
3579 4517 3837 4577 Relativa
3880 4519 4155 4578 nonnulla
4199 4539 4318 4579 una
4356 4540 4489 4580 eum

3471 4598 3800 4658 habitudine
3835 4619 3957 4659 esse
3988 4600 4275 4679 quandam
4314 4601 4493 4661 aetio-

3470 4699 3606 4739 nem
4377 4698 4484 4758 27ι

3392 4761 3615 4821 relative
3637 4781 3762 4839 quae
3786 4760 4023 4820 invicem
4045 4759 4331 4833 dicuntur,
4352 4783 4493 4842 pra·

3469 4844 3707 4993 ἷίωξᾚ
3725 4845 3977 5002 ἳιΐξέἒ
3993 4840 4291 4983 ¹3„ssssss
4308 4863 4491 5003 ”5⁸50

3391 5005 3683 5064 relativum
3712 5024 3827 5063 non
3857 5020 4135 5083 quatenus
4176 5006 4493 5066 mrbstantia

3470 5086 3762 5145 relativum
3792 5106 3932 5155 esse,
3963 5086 4065 5146 sed
4091 5100 4369 5164 quatenns
4403 5109 4490 5148 re·-

3469 5167 3682 5226 latione
3707 5167 3972 5226 affectum
3998 5179 4088 5226 est
4368 5170 4484 5244 643

3389 5247 3446 5306 in
3480 5247 3756 5307 Relativis
3794 5247 4181 5308 differentibus
4218 5268 4291 5308 an
4332 5249 4488 5308 habi-

3468 5330 3606 5388 tudo
3635 5331 3875 5388 univoca
3898 5329 3975 5388 sit
4369 5346 4485 5408 572

3388 5409 3448 5468 ἰιι
3489 5410 3763 5473 Relativis
3804 5424 3892 5471 eut
3933 5424 4132 5470 mutua
4168 5410 4440 5471 habitudo

4372 5508 4482 5569 721

3389 5572 3614 5631 relativa
3645 5571 3838 5632 omnia
3868 5572 4020 5632 eirea
4054 5574 4343 5634 materiam
4370 5595 4494 5636 0220
