5118 6613
1382 573 1584 637 LIB.
1630 573 1750 638 lv,
1796 574 2248 640 ENNEAD.
2297 574 2752 639 TERTIAE.
2797 596 2862 661 p.
2892 587 3256 660 513-515·

561 747 642 814 de
671 748 934 814 Virtutt.
965 760 1028 812 et
1057 745 1247 810 Vitio.
1279 768 1344 834 p.
1377 748 1521 832 690.
1593 748 1909 812 Coeterum
1945 747 2009 812 h.
2035 746 2079 812 1.
2110 761 2255 811 81110

558 851 770 918 0011103
813 849 1036 915 118111111
1080 848 1405 914 Platonem
1450 849 1531 913 de
1571 848 1850 937 Republ.
1881 851 1971 914 X.
2003 873 2072 938 p.
2105 852 2252 916 620.

558 980 626 1045 p.
654 974 801 1043 513.
836 978 930 1041 3(1.
963 952 1063 1017 ed.
1096 951 1301 1017 Bekk.
1391 952 1504 1018 Ad
1534 952 1726 1017 verba
1754 952 1816 1017 in
1848 953 1971 1018 fine
1998 953 2249 1042 capitis:

558 1058 864 1125 πολιτικὸν
906 1063 1057 1133 ζῶον
1104 1055 1353 1136 μέλιττα
1398 1054 1522 1119 vid.
1572 1056 1886 1145 Porphyr.
1934 1056 2015 1121 de
2044 1059 2256 1121 Antro

562 1164 623 1227 Ν
627 1163 848 1251 ymph.
869 1183 1006 1248 cap.
1034 1160 1133 1224 18.
1167 1158 1461 1224 Bocharti
1482 1158 1836 1225 Hierozoic.
1859 1182 1921 1248 p.
1946 1179 2096 1246 500.
2121 1183 2255 1248 sqq.

562 1281 625 1331 et
646 1289 793 1352 quae
817 1263 996 1351 plura
1017 1261 1236 1349 collegi
1255 1262 1316 1326 in
1347 1261 1703 1350 Symbolica
1722 1264 1839 1328 IV.
1866 1286 1929 1351 p.
1945 1267 2095 1350 369.
2116 1287 2252 1351 sqq.

565 1368 821 1433 Animae
880 1389 1135 1453 quoque
1191 1381 1430 1429 vocatae
1477 1380 1625 1430 sunt
1681 1389 1830 1453 apes
1883 1367 2256 1452 (μέλισσαι),

560 1495 706 1559 quae
733 1470 1025 1559 puritatis
1064 1468 1364 1534 studiosae
1404 1467 1674 1533 reditum
1721 1492 1798 1533 ex
1827 1470 1946 1535 hac
1974 1471 2106 1536 vita
2133 1493 2258 1535 me-

562 1576 863 1641 ditantur.
914 1573 1230 1661 Porphyr.
1264 1574 1305 1637 1.
1331 1572 1373 1637 l.
1417 1597 1478 1661 p.
1512 1594 1608 1659 19.
1639 1575 1871 1639 Goens.
1903 1598 2038 1663 cap.
2069 1595 2129 1661 3.

645 1702 713 1768 p.
756 1696 909 1765 515,
953 1698 1013 1763 5.
1070 1677 1164 1741 καὶ
1212 1679 1245 1740 6
1291 1679 1514 1757 δαίμων
1556 1678 1623 1741 τὸ
1672 1678 1971 1762 λογικόν]
2039 1680 2259 1767 Sequi-

562 1797 668 1847 tur
711 1779 1030 1846 Platonem
1066 1779 1131 1843 in
1179 1778 1428 1843 Timaeo
1463 1802 1525 1867 p.
1551 1799 1654 1865 90.
1690 1804 1746 1844 8.
1781 1803 1844 1868 p.
1879 1799 2018 1865 137.
2053 1781 2252 1846 Bekk.

563 1886 629 1950 τὸ
648 1887 714 1950 δὲ
744 1885 814 1965 δὴ
842 1885 977 1967 περὶ
1006 1887 1110 1948 τοῦ
1139 1882 1491 1965 κυριωτάτου
1511 1882 1647 1965 παρ’
1676 1885 1815 1963 ἡμῖν
1845 1888 2047 1968 ψυχῆς
2070 1888 2257 1953 εἴδους

563 1993 927 2053 διανοεῖσθαι
987 1991 1082 2051 δεῖ
1121 1990 1282 2067 τῇδε,
1334 1988 1411 2054 ὡς
1455 1987 1568 2068 ἄρα
1621 1986 1762 2051 αὐτὸ
1815 1988 2067 2067 δαίμονα
2123 1989 2257 2057 θεὸς

564 2090 791 2177 ἑκάστῳ
831 2089 1068 2155 δέδωκε.
1137 2087 1477 2175 Wyttenb.
1518 2087 1599 2152 ad
1645 2088 1952 2153 Phaedon.
1987 2112 2047 2177 p.
2086 2091 2249 2176 289:

557 2200 603 2233 “
636 2194 843 2259 Erant
869 2215 1021 2257 vero
1041 2192 1249 2269 etiam,
1274 2190 1384 2278 qui
1416 2191 1584 2256 hunc
1616 2192 1985 2256 Daemonem
2011 2208 2250 2280 partem

556 2295 754 2384 ipsius
780 2295 1004 2361 animoe
1030 2295 1326 2375 facerent,
1357 2292 1456 2358 vel
1485 2298 1646 2369 νοῦν,
1680 2310 1752 2360 111
1779 2294 1911 2382 ipse
1958 2294 2143 2361 Plato
2186 2295 2251 2361 in

559 2399 826 2477 Timaeo,
850 2397 949 2463 vel
978 2400 1138 2481 ἦθος,
1158 2387 1490 2487 dequibus
1519 2399 1794 2465 diximus
1820 2399 1900 2465 ad
1925 2400 2251 2467 Plutarch.

559 2503 801 2580 Quaest.
832 2502 1081 2567 Platon.
1116 2504 1171 2567 I.
1216 2503 1279 2567 in
1322 2503 1490 2568 Bibl.
1525 2503 1685 2569 Crit.
1721 2505 1855 2569 IX.
1889 2527 1951 2591 p.
1994 2507 2091 2572 16.
2125 2507 2255 2593 sq.”

561 2607 770 2687 (Tum
803 2605 1141 2694 Porphyrii
1172 2621 1235 2671 et
1276 2606 1604 2671 Iamblichi
1636 2608 1972 2672 contrarias
2001 2608 2164 2673 inter
2191 2632 2256 2674 se

555 2709 874 2797 opiniones
900 2709 1146 2791 refert.)
1222 2709 1526 2775 Videlicet
1550 2709 1717 2774 illam
1751 2710 2117 2776 sententiam
2150 2712 2254 2777 alii

559 2814 970 2900 Anaxagorae,
1002 2810 1103 2876 alii
1147 2811 1490 2892 Heraclit0‚
1521 2812 1690 2877 unde
1734 2812 2076 2902 Euripides
2111 2837 2256 2902 pro-

551 2915 698 2981 fecit
737 2929 800 2980 et
840 2913 1216 2990 Menander,
1246 2914 1350 2979 alii
1400 2916 1649 2981 Platoni
1682 2931 1979 3005 tanquam
2011 2918 2252 2983 auctori

556 3017 935 3097 tribuebant,
980 3017 1249 3105 indeque
1307 3042 1382 3082 ea
1423 3019 1505 3084 ad
1555 3019 1794 3084 Stoicos
1840 3020 2248 3108 permanavit.

556 3121 890 3187 Iamblich.
943 3123 1255 3208 Protrept.
1308 3145 1362 3186 c.
1410 3124 1467 3186 8.
1512 3144 1578 3209 p.
1608 3139 1716 3208 53.
1754 3146 1818 3210 p.
1858 3124 2004 3207 138.
2035 3124 2253 3189 Κίσσο-

550 3226 712 3316 ling.
757 3228 791 3290 6
818 3228 953 3292 νοῦς
981 3228 1097 3309 γὰρ
1126 3225 1289 3305 ἡμῶν
1319 3227 1352 3289 6
1392 3225 1545 3300 θεὸς,
1600 3229 1718 3290 εἴτε
1745 3224 2099 3309 Ἑρμότιμος
2132 3231 2252 3292 εἴτε

554 3329 960 3412 Ἀναξαγόρας
1004 3329 1134 3394 εἶπε
1172 3333 1344 3393 τοῦτο
1378 3328 1519 3411 (ubi
1560 3328 1719 3394 Cod.
1770 3332 2036 3395 Memm.
2068 3333 2250 3419 cujus

550 3432 841 3499 lectiones
868 3455 1057 3520 penes
1099 3454 1199 3496 me
1251 3447 1436 3496 sunt:
1484 3435 1517 3496 6
1562 3438 1698 3500 νοῦς
1736 3437 1852 3516 γὰρ
1889 3434 2054 3514 ἡμῶν
2092 3435 2244 3510 θεὸς,

553 3537 778 3601 01111330
825 3533 1141 3620 811101110).
1219 3535 1450 3599 Stobaei
1509 3535 1729 3600 Floril.
1789 3536 1926 3600 Tit.
1981 3555 2121 3601 102.
2178 3561 2244 3624 p.

553 3656 697 3725 559.
729 3662 794 3726 p.
823 3656 971 3724 351.
1006 3638 1334 3724 Gaiqford.
1356 3663 1378 3701 .·
1421 3636 1815 3720 Ἡράκλειτος
1844 3639 1980 3722 ἔφη,
2014 3641 2091 3708 ὡς
2110 3641 2252 3720 ἦθος

553 3744 838 3829 ἀνθρώπῳ
883 3742 1126 3821 δαίμων.
1210 3740 1408 3805 Plura
1450 3741 1561 3807 dat
1594 3743 1897 3806 Gataker.
1934 3742 2016 3808 ad
2046 3746 2251 3808 Anto-

550 3846 676 3910 nin.
727 3846 806 3909 V.
856 3863 960 3928 27.
1006 3868 1067 3930 p.
1105 3845 1246 3929 163.
1295 3858 1358 3908 et
1419 3844 1690 3932 explicat
1738 3845 2074 3933 VVyttenb.
2122 3847 2165 3911 1.
2204 3846 2245 3910 l.

549 3947 758 4013 Relati
822 3946 901 4012 ad
954 3947 1215 4012 eandem
1263 3947 1632 4011 sententiam
1680 3964 1826 4013 sunt
1884 3947 2004 4013 loci
2061 3949 2246 4013 etiam

551 4049 871 4116 Homerici
898 4049 961 4115 in
992 4049 1208 4139 primis
1240 4050 1470 4138 Odyss.
1496 4056 1568 4115 A.
1595 4069 1701 4136 32.
1728 4070 1832 4131 42.
1856 4071 1959 4137 43.
1998 4059 2072 4116 Δ.
2098 4067 2242 4135 712.

549 4172 689 4239 713.
726 4152 840 4240 [ad
881 4153 1155 4241 primum
1199 4152 1404 4218 locum
1450 4153 1703 4217 consule
1746 4176 1893 4240 quae
1937 4154 2247 4242 congessit

549 4258 884 4346 Duportus
917 4257 980 4321 in
1029 4256 1449 4344 Gnomologia
1494 4255 1836 4321 Homerica
1871 4279 1933 4345 p.
1975 4259 2119 4340 146.
2154 4281 2249 4346 sq.

551 4359 850 4428 Cantabr.
900 4362 1089 4426 1660.
1119 4360 1285 4448 4to.]
1360 4358 1498 4423 Vid.
1534 4359 1824 4424 Ciceron.
1871 4359 1953 4424 de
2002 4363 2167 4425 Fato
2193 4385 2249 4426 c.

552 4464 650 4526 18.
698 4461 851 4550 1111(1.
911 4476 1122 4528 8111101.
1167 4486 1229 4550 p.
1266 4465 1417 4545 641.
1471 4461 1573 4526 ed.
1630 4464 1716 4528 G.
1752 4464 1843 4528 H.
1900 4466 2139 4530 Moseri
2183 4480 2248 4530 et

549 4563 828 4630 Gellium
856 4565 974 4629 VI.
1011 4584 1070 4631 2.
1137 4563 1469 4652 Expressit
1506 4565 1766 4630 eandem
1799 4565 2097 4654 Virgilius
2125 4591 2241 4633 no-

547 4666 651 4732 bili
680 4667 817 4732 loco
850 4668 1006 4732 AEn.
1042 4668 1176 4733 IX.
1217 4668 1356 4750 184.
1389 4690 1481 4756 sq.

547 4779 583 4805 “
614 4772 794 4831 Nisus
823 4771 920 4842 ait,
953 4772 1111 4831 Dine
1141 4775 1294 4833 hunc
1318 4774 1573 4832 ardorem
1605 4775 1890 4833 mentibus
1919 4775 2156 4843 addunt,

543 4878 580 4903 ‘⁶
609 4870 897 4949 Euryale?
945 4891 1017 4929 an
1056 4890 1159 4930 3118
1185 4871 1388 4951 cuique
1415 4871 1552 4931 deus
1580 4873 1645 4930 fit
1672 4872 1793 4932 dira
1819 4873 2026 4952 cupido
2045 4872 2102 4930 ?”

544 4966 647 5032 Ad
675 4990 823 5054 quae
855 4966 1109 5033 Servius
1138 4965 1259 5031 ita:
1312 4975 1355 5006 “
1390 4968 1591 5056 Apud
1612 4969 1939 5034 Plotinum
1969 4968 2240 5057 philoso-

541 5071 735 5157 phum
785 5085 849 5135 et
890 5067 1048 5135 'alios
1097 5071 1425 5157 quaeritur,
1472 5085 1682 5136 utrum
1738 5071 1962 5138 mentis
2006 5088 2236 5137 nostrae

539 5174 698 5240 acies
726 5197 842 5263 per
870 5196 937 5238 se
964 5173 1046 5238 ad
1092 5173 1464 5261 cupiditates
1492 5189 1557 5239 et
1595 5173 1848 5240 consilia
1890 5192 2236 5255 moveatur,

537 5299 614 5341 an
637 5275 918 5366 impulsu
940 5276 1121 5365 alicuj
1132 5299 1204 5341 us
1223 5276 1540 5341 numinis?
1575 5279 1666 5342 Et
1688 5278 1892 5366 primo
1914 5277 2233 5358 dixerunt,

537 5395 773 5445 mentes
800 5378 1108 5444 humanas
1144 5380 1379 5444 moveri
1426 5403 1540 5445 sua
1583 5397 1841 5469 sponte;
1892 5380 2237 5468 depreben-

3919 573 4037 658 163

2339 745 2626 812 centibus
2681 746 2906 825 datur3
2969 769 3164 834 prava
3211 768 3361 810 vero
3404 754 3627 810 nostra
3671 760 3878 810 mente
3923 768 4037 811 nos

2337 873 2570 938 cupere
2605 865 2669 915 et
2714 850 3101 915 desiderare:
3151 873 3263 915 nec
3306 849 3472 915 enim
3515 862 3723 937 potest
3763 849 3920 928 fieri,
3965 866 4041 915 ut

2335 977 2551 1042 prava,
2580 955 2911 1019 numinum
2931 953 3275 1032 voluntate,
3301 952 3650 1041 cupiamus,
3681 953 3915 1040 quibus
3941 955 4036 1019 ni-

2342 1055 2429 1120 hil
2460 1054 2696 1120 malum
2727 1071 2970 1122 constat
3014 1055 3313 1143 placere.”
3401 1058 3489 1121 At
3518 1079 3668 1121 vero
3697 1056 3858 1122 hanc
3899 1059 4042 1123 Me-

2343 1158 2568 1223 nandri
2596 1159 2987 1246 aliorumque
3017 1159 3229 1247 potius
3257 1159 3621 1225 sententiam
3663 1183 3817 1240 esse,
3850 1183 4041 1248 quam

2346 1261 2581 1326 Plotini
2608 1277 2888 1350 arguunt
2915 1286 3010 1342 ea,
3032 1286 3179 1350 quoe
3207 1262 3269 1326 in
3300 1276 3541 1328 annott.
3567 1262 3648 1328 ad
3679 1262 3871 1351 hujus
3897 1262 4042 1329 libri

2344 1364 2600 1430 titulum
2630 1364 3041 1431 laudavimus,
3106 1364 3373 1431 Proclus
3398 1365 3463 1430 in
3494 1366 3700 1432 Alcib.
3722 1390 3818 1456 pr.
3841 1368 4039 1432 XIV.

2342 1491 2409 1556 p.
2439 1489 2546 1554 45.
2582 1492 2673 1556 sq.
2720 1468 2799 1533 de
2842 1470 3093 1534 Socrate
3122 1484 3187 1534 et
3214 1467 3546 1534 Alcibiade
3565 1470 3770 1535 z—xal
3810 1471 3978 1535 ἔστιν
4008 1472 4041 1534 6

2347 1573 2521 1641 αὐτὸς
2572 1575 2795 1652 δαίμων
2830 1574 2944 1652 μὲν
2983 1574 3061 1640 ὡς
3111 1572 3258 1655 πρὸς
3300 1573 3631 1654 ἄνθρωπον,
3680 1577 3815 1641 νοῦς
3856 1574 3922 1638 δὲ
3966 1574 4043 1641 ὧς

2340 1675 2489 1758 πρὸς
2514 1674 2743 1761 ψυχήν.
2838 1674 3020 1740 Idem
3054 1674 3205 1739 ibid.
3238 1699 3302 1762 p.
3337 1692 3441 1761 73.
3476 1674 3704 1740 Timaei
3736 1674 4042 1742 Platonici

2339 1777 2545 1844 locum
2577 1778 2805 1867 attigit.

2427 1917 2515 1934 —-
2576 1902 2637 1966 7.
2696 1883 2927 1966 Ὀρθῶς
2990 1884 3096 1948 οὖν
3147 1881 3422 1970 λέγεται]
3481 1880 3670 1947 Plato
3730 1881 3812 1948 de
3872 1884 4037 1971 Rep.

2344 1988 2438 2052 X.
2474 1987 2624 2071 617.
2657 1989 2739 2052 E.
2777 2010 2835 2072 p.
2869 2005 3022 2073 509.
3054 1984 3296 2050 Bekk.:
3345 1986 3459 2070 οὐχ
3490 1988 3640 2066 ὑμᾶς
3670 1988 3895 2066 δαίμων
3931 1986 4040 2066 λή-

2341 2096 2521 2170 ξεται,
2573 2089 2709 2154 ἀλλ’
2760 2093 2925 2170 ὑμεῖς
2969 2091 3222 2170 δαίμονα
3267 2088 3592 2171 αἱρήσεσθε
3636 2094 3864 2171 πρῶτος
3914 2089 3965 2153 δ’
4009 2091 4042 2153 6

2340 2194 2550 2277 λαχὼν
2578 2199 2806 2276 πρῶτος
2844 2194 3123 2275 αἱρείσθω
3167 2193 3332 2271 βίον,
3363 2189 3412 2277 ᾧ
3443 2190 3733 2256 συνέσται
3762 2193 3826 2272 ἐξ
3853 2191 4039 2275 ἀνάγ-

2340 2322 2458 2377 κης.
2507 2296 2687 2378 ἀρετὴ
2741 2298 2805 2361 δὲ
2852 2295 3207 2370 ἀδέσποτον,
3253 2293 3328 2374 ἣν
3377 2299 3561 2374 τψῶν
3607 2295 3704 2359 καὶ
3750 2294 4041 2376 ἀτιμάζων

2337 2398 2529 2463 πλέον
2563 2400 2660 2463 καὶ
2690 2398 2943 2463 ἔλαττον
2974 2400 3147 2478 αὐτῆς
3178 2399 3427 2465 ἕκαστος
3457 2397 3596 2477 ἔξει.
3643 2399 3802 2462 αἰτία
3832 2398 4042 2479 ἑλομέ-

2343 2523 2469 2566 νου·
2519 2501 2655 2568 θεὸς
2683 2503 2964 2569 ἀναίτιος.
3033 2499 3480 2565 Adhibuerunt
3508 2500 3645 2565 11ωο
3673 2501 3799 2565 Ez.
3823 2502 4037 2589 Span-

2339 2604 2494 2668 hem.
2541 2603 2623 2667 ad
2668 2603 2906 2670 Juliani
2952 2606 3232 2669 Caesares
3272 2604 3338 2668 in
3367 2618 3545 2669 notes
3591 2627 3651 2692 p.
3689 2622 3833 2691 273.
3878 2620 3943 2669 et
3972 2626 4039 2692 p.

2344 2706 2487 2792 285.
2518 2723 2582 2772 et
2609 2707 2673 2771 in
2707 2708 2989 2773 Preuves
3017 2707 3125 2773 des
3153 2709 3541 2795 Reman-ques
3564 2729 3683 2773 sur
3701 2708 3790 2772 les
3811 2709 4043 2773 Οέσατε

2340 2810 2416 2874 de
2441 2811 2694 2875 Julian.
2735 2833 2799 2899 p.
2834 2830 2933 2896 29.
2966 2833 3028 2898 p.
3067 2829 3209 2877 120.
3243 2825 3308 2875 et
3336 2833 3398 2899 p.
3438 2812 3580 2891 146.
3613 2822 3677 2875 et
3707 2810 4042 2899 Wyttenb.

2335 2911 2418 2977 ad
2451 2913 2754 2978 Phaedon.
2786 2937 2838 2978 0.
2863 2914 2967 2979 60.
3003 2937 3066 3001 p.
3104 2915 3206 2978 82.
3240 2913 3303 2978 in
3326 2918 3597 2980 Annott.
3629 2937 3692 3001 p.
3720 2915 3865 2999 289.
3898 2937 4035 3001 sqq.

2336 3039 2523 3102 quem
2558 3016 2841 3082 Platonis
2868 3016 3076 3082 locum
3106 3039 3230 3081 non
3264 3016 3491 3095 minus,
3523 3040 3714 3105 quam
3745 3017 4039 3105 reliqum,

2337 3142 2498 3205 quos
2542 3118 2818 3199 laudavi,
2854 3118 2920 3182 in
2970 3118 3087 3183 hoc
3137 3117 3341 3205 capite
3374 3133 3521 3183 ante
3564 3117 3777 3184 oculos
3819 3118 4040 3185 habuit

2340 3220 2650 3286 Plotinus.

2407 3363 2494 3377 —-
2510 3347 2537 3390 1
2551 3345 2606 3390 2.
2622 3330 2675 3392 εἰ
2696 3329 2763 3392 δὲ
2782 3329 3184 3409 βαρύνοιτοτῇ
3202 3329 3386 3410 ῥώσει
3404 3332 3512 3392 τοῦ
3531 3329 4036 3418 χείρονοςῆθους.]

2337 3429 2445 3493 Sin
2482 3453 2630 3494 vero
2657 3446 2958 3517 gravatur
2993 3429 3411 3517 (ingravescit)
3445 3429 3668 3495 robore
3718 3432 4038 3514 (corrobo-

2335 3532 2603 3617 ratione)
2635 3531 2812 3620 pravi
2841 3531 3225 3597 characteris
3316 3533 3419 3596 De
3445 3531 3564 3597 hoc
3591 3533 3899 3598 vocabulo
3926 3533 4038 3599 ad-

2336 3633 2481 3699 dam
2512 3634 2813 3701 nonnulla
2840 3635 2934 3715 iis,
2965 3659 3110 3723 quae
3140 3634 3390 3722 collegit
3420 3635 3719 3700 Budaeus.
3767 3635 4032 3724 Apollo-

2334 3736 2420 3801 nii
2451 3738 2615 3803 Lex.
2653 3739 2919 3803 Homer.
2951 3761 3015 3826 p.
3049 3758 3198 3824 591.
3266 3737 3480 3812 Tollii,
3513 3736 3783 3826 explicat
3808 3741 4034 3821 ῥώοντο

2334 3839 2432 3905 1113
2467 3841 2709 3906 verbis:
2757 3844 2944 3925 ῥῶσιν
2986 3840 3338 3922 ἐλάμβανον
3385 3840 3525 3923 (sed
3568 3840 3698 3905 vid.
3742 3840 4034 3929 interprr.

2333 3942 2417 4006 ad
2463 3942 2649 4007 Iliad.
2684 3949 2756 4008 Σ.
2789 3947 2974 4029 411.)
3023 3942 3343 4008 Heraclid.
3379 3942 3695 4031 Allegorr.
3735 3946 4036 4011 Homerr.

2332 4068 2389 4111 0.
2428 4048 2532 4111 61.
2577 4069 2642 4133 p.
2693 4048 2836 4111 186.
2874 4046 3164 4121 Schow.;
3215 4048 3312 4111 καὶ
3349 4048 3500 4111 ὅσον
3543 4048 3580 4128 ἡ
3617 4052 3725 4113 τοῦ
3764 4050 4035 4129 σώματος

2341 4149 2513 4233 ἰσχὺς
2562 4151 2900 4231 ὑποφθίνει,
2950 4153 3238 4213 τοσοῦτον
3277 4150 3315 4229 ἡ
3361 4153 3465 4229 τῆς
3502 4151 3763 4218 διανοίας
3800 4152 4036 4230 αὔξεται

2336 4254 2535 4334 ρὣις.
2614 4251 2968 4335 (Sententia
2997 4250 3320 4316 Platonica
3357 4251 3700 4317 multorum
3744 4251 4035 4318 imitatio-

2338 4353 2524 4418 nibus
2568 4353 2897 4433 celebrata,
2946 4376 3217 4441 quorum
3264 4353 3552 4442 exempla
3599 4377 3906 4442 ponemus
3950 4355 4034 4420 ad

2339 4456 2715 4521 Convivium
2761 4480 2827 4545 p.
2862 4476 3009 4543 219.
3048 4462 3141 4542 a.)
3221 4457 3527 4522 Libanius
3577 4458 3641 4522 in
3687 4457 3844 4540 Ῥητ.
3893 4466 4029 4543 λογ.

2332 4557 2471 4623 Vol.
2507 4559 2625 4623 IV.
2659 4581 2722 4646 p.
2754 4578 2901 4645 524.
2936 4559 3195 4625 Reisk.:
3245 4563 3278 4625 6
3307 4562 3421 4641 μὲν
3452 4562 3538 4625 ἔτι
3567 4564 3896 4645 προσιόντα
3923 4563 4031 4627 τὸν

2328 4662 2543 4742 λοιμὸν
2575 4662 2904 4737 ἀπελάσας,
2939 4664 3143 4743 κοινὴν
3172 4664 3361 4728 ἅπασι
3398 4666 3695 4746 πορίζεται
3738 4667 3942 4748 ῥῶσιν,
3997 4668 4030 4730 6

2330 4766 2396 4828 δὲ
2427 4766 2614 4829 νόσον
2644 4765 3097 4846 εἰσ-πηδήσασαν
3133 4765 3326 4839 ἔνδον,
3363 4767 3459 4829 καὶ
3485 4769 3560 4830 τὰ
3590 4769 3836 4848 σώματα
3865 4769 4031 4849 δίκην

2329 4866 2563 4949 φλογὸς
2595 4867 2943 4948 νεμομένην,
2982 4868 3328 4949 ἀποσβέσαι
3355 4871 3733 4950 πειρώμενος,
3766 4871 4031 4938 πολλοὺς

2327 4970 2441 5047 μὲν
2484 4971 2627 5035 ἴσως
2670 4968 2984 5048 δυνήσεται
3026 4974 3132 5033 τοῦ
3171 4972 3353 5052 πυρὸς
3395 4971 3729 5051 ἐξελέσθαι·
3777 4978 4029 5040 πολλοῖς

2330 5073 2394 5135 δὲ
2444 5071 2636 5151 μάτην
2682 5073 3019 5154 ἐπικουρίαν
3076 5072 3363 5154 προσάξει
3410 5073 3816 5155 παντοδαπήν.
3900 5074 4027 5138 Ubi

2325 5173 2656 5241 Reiskius:
2710 5184 2755 5215 ‘⁶
2785 5174 3004 5238 Malim
3065 5178 3262 5257 ῥῦσιν,
3323 5177 3635 5264 Rettung,
3686 5199 3722 5240 a
3768 5200 3828 5241 v.
3888 5178 4020 5259 ῥύε-

2324 5278 2527 5341 σθω.”
2604 5277 2805 5343 Μ810.
2879 5276 3090 5346 Ῥῶσις
3139 5293 3232 5343 031
3280 5279 3652 5344 vocabulum
3714 5278 4022 5344 medicum

2327 5378 2595 5459 Galeno‚
2647 5381 3015 5446 Alexandro
3074 5381 3397 5446 Tralliano
3436 5382 3571 5447 aliis
3625 5394 4025 5468 usurpatum.

536 5478 765 5577 derunt
795 5495 1027 5560 tamen,
1051 5480 1131 5546 ad
1162 5481 1372 5546 omnia
1397 5480 1658 5548 honesta
1686 5481 1922 5571 impelli
1951 5505 2066 5547 nos
2097 5484 2231 5548 Ge·
2321 5484 2410 5549 Et
2432 5484 2587 5551 audi
2613 5483 2895 5573 Hesych.
2929 5485 3025 5549 11.
3062 5508 3087 5551 1
3107 5505 3158 5550 1.
3185 5505 3289 5573 33.
3357 5483 3586 5551 ‘mms-
3619 5486 3810 5566 ὑγεία.
3859 5488 4026 5576 Ety-

536 5582 637 5648 1110
663 5598 727 5649 01
756 5583 1014 5648 numine
1041 5581 1316 5671 quodam
1346 5582 1657 5664 familiari,
1689 5583 1861 5673 quod
1897 5584 2077 5651 nobis
2097 5608 2235 5651 nas-
2321 5587 2469 5652 mol.
2504 5586 2682 5652 Gud.
2713 5610 2774 5675 p.
2807 5606 2960 5672 494.
3001 5589 3123 5652 60:
3171 5590 3366 5670 ῥῶσις,
3400 5589 3438 5668 ἡ
3465 5587 3823 5670 ὑγεία-καὶ
3852 5591 3890 5670 ἡ
3918 5594 4016 5658 δύ-

2446 5683 2575 5746 12
