5118 6613
1301 556 1494 621 LIB.
1543 556 1600 621 Ι.
1649 555 2103 621 ENNEAD.
2149 556 2618 635 QUARTAE.
2665 578 2728 644 p.
2765 555 3127 642 657—665.

541 726 764 792 tentias
806 741 869 791 et
903 727 1214 793 subtiliter
1255 727 1604 814 excogitata
1641 727 1889 815 placita,
1919 752 2065 815 quae
2093 727 2228 792 infi-

3878 576 3995 623 201

2313 729 2501 796 etiam
2546 729 2842 793 admonui
2887 727 3144 794 lectores
3188 739 3448 805 nostros,
3488 726 3660 813 quod
3704 750 3809 791 eos
3854 729 4001 793 sub-

538 830 662 894 nita
709 845 878 907 sunt,
924 831 1006 894 ab
1058 830 1133 894 iis
1176 829 1578 917 scriptoribus
1627 830 1856 896 tradita
1902 831 1965 895 in
2014 830 2229 918 primis
2310 834 2456 899 inde
2481 833 2757 898 refutare
2783 831 3014 896 studet.
3103 830 3355 896 Etenim
3388 830 3706 895 Eusebius
3730 829 3794 895 in
3828 831 3897 896 P.
3915 832 3991 896 E.

535 951 702 1012 sunt,
732 932 844 1019 qui
872 934 1201 998 deAnima
1231 933 1420 997 libros
1448 948 1952 1019 composuerunt.
2020 935 2102 998 In
2131 933 2228 998 his
2314 937 2469 1001 XV.
2505 955 2603 1003 22.
2635 959 2698 1023 p.
2731 935 2873 1015 824.
2917 932 3125 998 locum
3165 933 3528 1021 longiorem,
3558 956 3744 1021 quem
3783 957 3860 998 ex
3900 933 3997 998 his

533 1034 775 1122 primus
817 1049 911 1099 est
946 1035 1133 1100 trium
1167 1035 1534 1113 Aristotelis,
1566 1036 1631 1099 in
1660 1060 1791 1123 quo
1823 1037 2223 1124 antiquorum

533 1136 783 1201 decreta
818 1136 1330 1225 philosophorum
1368 1136 1697 1223 dijudicari
1742 1138 2036 1202 diximus.
2114 1140 2222 1203 Se-

530 1257 819 1326 quuntur
862 1240 1355 1328 Theophrastus,
1399 1240 1825 1319 Dicaearchus,
1873 1240 2226 1305 Alexander

533 1342 1034 1430 Aphmdisiensis
1087 1343 1320 1430 aliique
1379 1343 1790 1431 Peripatetici.
1882 1343 2224 1432 Chrysippi

531 1445 864 1510 duodecim
895 1460 958 1510 et
998 1446 1256 1509 fortasse
1297 1445 1480 1533 plura
1522 1446 1827 1511 exstitisse
1860 1447 1995 1529 περὶ
2023 1452 2223 1531 ψυχῆς

531 1548 851 1613 volumina
893 1548 1186 1613 videntur
1233 1550 1527 1638 (Bag-net
1573 1548 1739 1634 l.l.),
1794 1549 2012 1615 Cicero
2054 1549 2224 1615 hunc

535 1650 834 1716 Historiae
871 1650 1320 1738 Philosophicae
1361 1650 1563 1715 locum
1594 1675 1738 1716 cum
1771 1650 1921 1716 alibi
1949 1652 2222 1740 attingit,

536 1772 665 1819 tum
697 1757 1039 1841 praesertim
1071 1755 1133 1817 in
1168 1755 1668 1819 Tusculanarum
1708 1755 2222 1843 Disputationum

534 1855 672 1921 libri
699 1856 886 1945 primi
928 1856 1238 1943 capitibus
1270 1859 1403 1921 IX.
1433 1872 1494 1922 et
1529 1860 1621 1922 X.
1714 1860 1820 1923 Ex
1870 1857 2222 1923 Platonico-

535 1982 670 2024 rum
730 1959 990 2036 familia,
1030 1959 1141 2047 qui
1191 1959 1373 2025 multi
1420 1961 1499 2025 de
1545 1961 1771 2026 Anima
1828 1962 2223 2026 commentati

532 2080 728 2140 erant,
776 2063 818 2126 ii
858 2062 1085 2150 partim
1136 2063 1416 2150 priorum
1473 2062 1657 2129 etiam
1706 2063 2223 2153 philosophorum

534 2167 784 2232 decreta
815 2188 1183 2230 memorasse
1210 2166 1477 2254 putandi
1520 2183 1688 2246 sunt,
1720 2182 1794 2232 ut
1841 2167 2224 2255 Porphyrius

531 2272 594 2334 in
624 2269 799 2334 libris
825 2270 901 2333 de
931 2270 1176 2333 viribus
1192 2272 1425 2334 am'mae
1452 2284 1514 2334 et
1543 2271 1619 2334 de
1646 2272 1878 2334 animae
1902 2272 2223 2335 immorta-

532 2376 724 2439 litate.
777 2373 942 2456 (Vid.
973 2375 1244 2437 Heeren.
1266 2372 1347 2436 de
1371 2373 1683 2438 Fontibus
1701 2372 2083 2460 Eclogarum
2110 2375 2157 2438 J
2160 2398 2218 2438 0.

537 2478 771 2543 Stoboei
800 2479 860 2561 ξ.
890 2496 994 2562 53.
1025 2499 1088 2563 p.
1124 2495 1192 2540 21
1212 2480 1302 2560 1.)
1368 2476 1752 2541 lamblichus
1782 2476 2084 2564 inprimis,
2115 2499 2223 2541 cu-

526 2581 636 2667 jus
662 2579 893 2645 librum
934 2581 1070 2662 περὶ
1111 2583 1312 2663 ψυχῆς
1339 2601 1456 2667 pro
1489 2602 1657 2643 mere
1698 2578 1991 2644 historico
2032 2578 2219 2644 habet

533 2686 695 2750 idem
728 2685 823 2748 vir
850 2684 1072 2748 doctus
1119 2685 1212 2767 (ξ.
1243 2704 1349 2765 44.
1384 2707 1444 2770 p.
1481 2687 1680 2767 203.).
1770 2682 1980 2768 Atque
2009 2704 2087 2746 ex
2124 2680 2221 2745 his

534 2787 794 2874 aliisque
823 2787 1065 2874 scriptis
1086 2786 1293 2850 omnia
1320 2809 1431 2851 sua
1461 2784 2043 2851 consarcinaverunt
2073 2784 2222 2849 Plu-

535 2890 808 2970 tarchuS,
852 2889 961 2976 qui
1006 2889 1227 2966 fertur,
1275 2888 1355 2953 de
1403 2888 1655 2953 Placitis
1696 2886 2221 2975 Philosophorum

538 2996 650 3059 IV.
687 3012 919 3077 2—23‚
964 3007 1050 3070 et,
1081 2991 1192 3078 qui
1222 2991 1285 3055 in
1318 2991 1433 3055 hoc
1464 2991 1596 3055 loco
1629 2990 1830 3055 multo
1868 2989 2222 3077 diligentior

530 3095 960 3184 copiosiorque
1000 3093 1329 3181 reperitur,
1378 3094 1480 3160 Jo.
1518 3093 1805 3158 Stoboeus
1858 3093 1921 3157 in
1966 3092 2221 3180 Eclogis

534 3197 819 3287 Physicis
856 3198 915 3260 Ι.
948 3214 1053 3282 52.
1089 3195 1343 3282 quando
1385 3195 1467 3260 de
1497 3195 1733 3260 Anima
1776 3195 2097 3259 sententiae
2140 3195 2220 3259 ab

534 3326 608 3366 eo
634 3300 909 3366 collectoe
935 3316 1222 3387 quartam
1258 3298 1447 3364 totius
1474 3298 1614 3364 libri
1648 3298 2050 3386 Physicorum
2080 3321 2223 3385 par-

533 3424 655 3471 tem
708 3421 1039 3488 occupant.
1104 3406 1409 3486 (Heeren.
1457 3403 1536 3467 ad
1592 3403 1770 3468 Stob.
1819 3404 1879 3467 Ι.
1923 3427 1986 3489 p.
2018 3407 2218 3487 794.).

537 3507 769 3573 Plotini
812 3506 1182 3573 mentionem
1222 3508 1385 3571 idem
1427 3506 1577 3571 facit
1608 3529 1673 3594 p.
1711 3506 1858 3570 866.
1889 3505 2034 3570 880.
2071 3507 2217 3570 886.

533 3616 681 3698 894.
721 3612 864 3695 896.
921 3611 1056 3694 (ubi
1103 3633 1429 3697 perperam
1477 3612 1778 3675 Πλοτίνου
1820 3608 2213 3696 impressum)

531 3733 679 3799 902.
715 3733 860 3797 924.
900 3713 1082 3797 1056.
1115 3712 1434 3775 Heerenii.
1530 3711 1708 3777 Idem
1750 3711 2038 3775 Stobaeus
2063 3709 2218 3773 ibid.

534 3818 589 3881 1.
643 3835 751 3902 52.
803 3820 860 3900 ᾗ.
914 3834 1007 3900 ¹3·
1053 3838 1186 3901 sqq.
1279 3816 1596 3902 Excerpta
1652 3813 2216 3900 Porphyrianarum

531 3922 819 4002 ἀφορμῶν
844 3917 989 3999 πρὸς
1014 3920 1090 3980 τὰ
1119 3920 1299 3996 νοητὰ
1320 3917 1608 3990 exhibet;
1656 3940 1801 4004 quae
1831 3915 1892 3979 in
1925 3915 2239 4004 Porphy--

532 4023 604 4087 rii
651 4020 987 4109 Opusculis
1013 4020 1095 4084 ab
1124 4020 1459 4084 Holstenio
1505 4021 1730 4084 Romae
1775 4020 1957 4104 1630.
1989 4018 2222 4083 emissis

531 4140 594 4189 et
623 4125 686 4189 in
718 4122 987 4188 editione
1015 4121 1507 4209 Cantabrigiensi
1541 4127 1601 4207 ᾗ.
1632 4141 1899 4208 15-23,
1931 4127 1990 4207 ᾗ.
2014 4143 2119 4207 39.
2153 4145 2217 4208 p.

536 4225 897 4291 222—228.
925 4248 992 4311 p.
1028 4227 1171 4304 246.
1205 4248 1294 4311 sq.
1328 4223 1645 4311 leguntur,
1677 4241 1762 4303 et,
1794 4226 1954 4290 sicut
1982 4224 2220 4311 reliqua

528 4330 812 4417 ejusdem
836 4327 1000 4405 libri,
1025 4327 1513 4393 Plotinianarum
1540 4329 2028 4417 disputationum
2049 4352 2216 4393 sum-

531 4454 693 4495 mam
739 4429 1078 4495 continent.
1169 4430 1599 4495 Tertullianus
1636 4430 1817 4495 etiam
1868 4431 1949 4495 de
1994 4431 2220 4496 Anima

530 4532 699 4598 haud
729 4554 932 4619 pauca
959 4530 1169 4610 habet,
1200 4531 1367 4596 unde
1396 4533 1672 4620 priorum
1706 4532 2216 4621 pbilosophorum

529 4635 934 4724 pronuntiata
960 4633 1178 4712 discaS,
1204 4658 1314 4700 nec
1344 4637 1548 4700 minus
1580 4635 1905 4701 Nemesius
1925 4636 1987 4700 in
2018 4636 2219 4724 capite

533 4736 807 4803 secundo
835 4736 975 4801 libri
1002 4737 1082 4802 de
1113 4740 1361 4803 Natura
1390 4738 1704 4817 HominiS,
1737 4739 1909 4827 quod
1939 4741 2074 4821 περὶ
2101 4746 2218 4822 ψυ-

530 4847 639 4926 χῆς
655 4840 1013 4906 inscribitur
1032 4865 1099 4929 p.
1124 4844 1231 4925 67.
1252 4864 1386 4929 sqq.
1418 4841 1519 4906 ed.
1545 4842 1860 4907 Matthaei.
1897 4841 2220 4908 Cassiodo-

533 4946 661 5010 rius
687 4943 980 5030 denique‚
1007 4942 1150 5009 licet
1188 4967 1498 5009 sacrorum
1537 4945 1907 5032 scriptorum
1953 4944 2219 5008 maxime

532 5047 900 5113 auctoritate
929 5069 1097 5124 usuS,
1117 5069 1230 5111 nec
1251 5047 1383 5134 ipse
1413 5063 1615 5112 tamen
1641 5046 1793 5111 nihil
1820 5047 2026 5127 habet,
2044 5046 2216 5134 quod

533 5150 612 5215 ad
642 5164 922 5214 veterum
968 5148 1309 5214 doctrinam
1357 5150 1863 5237 philosophorum
1909 5149 2216 5236 quodam-

536 5253 721 5319 modo
762 5253 965 5317 facere
1005 5252 1309 5317 videatur.
1402 5255 1608 5339 Supra
1644 5253 1959 5339 profectus
2001 5274 2136 5315 sum
2181 5275 2220 5316 a

537 5353 814 5421 Platonis
857 5355 1337 5441 Aristotelisque
1381 5356 1714 5432 mentione,
1758 5354 2052 5441 quoniam
2106 5354 2215 5418 ho·

535 5481 670 5523 rum
703 5457 1178 5523 duumvirorum
1202 5456 1532 5522 sententias
1552 5457 1937 5545 potissimum
1972 5454 2219 5542 respicit

540 5560 822 5628 Plotinns
875 5561 940 5625 in
997 5560 1095 5626 bis
1151 5560 1323 5626 libris
1379 5561 1458 5625 de
1506 5560 1747 5624 Anima.
1869 5558 2214 5624 Stoicorum

634 5670 824 5723 VOL.
861 5670 989 5722 111.

2314 1036 2678 1103 Plotinianis
2716 1036 2889 1100 libris
2922 1035 3113 1119 (infra
3141 1059 3206 1123 p.
3237 1037 3387 1120 456.
3418 1040 3585 1123 sqq.)
3630 1035 3997 1125 desumpsit,

2311 1139 2399 1204 ita
2423 1139 2764 1227 inscripsit:
2814 1138 2978 1221 Πρὸς
3018 1137 3152 1204 τοὺς
3192 1137 3497 1211 Στωϊκοὺς,
3529 1139 3621 1202 ὅτι
3658 1139 3728 1202 οὗ
3756 1141 3998 1204 δύναται

2312 1243 2610 1324 σωματικὴ
2641 1242 2791 1307 εἶναι
2835 1243 2872 1321 ἡ
2916 1240 3109 1324 ψυχὴ,
3156 1240 3272 1304 ἀπὸ
3317 1244 3423 1303 τοῦ
3465 1241 3600 1322 περὶ
3639 1240 3997 1321 (ἀθανασίας

2310 1345 2633 1429 nimirum)
2662 1349 2863 1428 ψυχῆς
2891 1345 3225 1407 Πλωτίυου.
3295 1343 3457 1406 Hoec
3485 1343 3844 1408 Eusebiana
3872 1366 3998 1409 me-

2309 1469 2508 1514 morat
2530 1449 2714 1514 etiam
2743 1449 2974 1512 Justus
3002 1447 3266 1533 Lipsius
3294 1443 3357 1509 in
3390 1444 3793 1533 Physiologia
3838 1448 3999 1512 Stoi-

2306 1575 2520 1617 corum
2569 1551 2678 1616 lib.
2734 1552 2871 1615 111.
2922 1549 3186 1614 Dissert.
3240 1567 3335 1633 13.
3385 1571 3449 1635 p.
3484 1549 3633 1632 617.
3686 1552 3993 1636 Operum.

2314 1655 2555 1721 Plotino
2591 1678 2807 1719 rursus
2843 1652 3118 1718 oblocuti
3148 1665 3293 1716 sunt
3325 1649 3534 1738 plures
3562 1652 3656 1716 uti
3686 1652 3998 1742 Nicepho-

2311 1780 2419 1822 rus
2448 1757 2780 1822 Chumnus
2807 1756 2935 1820 sive
2964 1754 3338 1834 Nathanael,
3368 1753 3479 1841 qui
3507 1754 3572 1817 in
3603 1756 3996 1822 Antithetico

2309 1883 2445 1938 su0,
2494 1859 2724 1924 Plotini
2773 1859 2852 1923 de
2892 1858 3117 1922 Anima
3167 1857 3500 1922 sententias
3542 1858 3864 1945 primarias
3904 1860 3998 1925 di·

2308 1986 2488 2027 ruere
2545 1962 2755 2027 studet
2775 1987 2793 2041 ;
2853 1961 3127 2046 itemque
3185 1961 3555 2047 Anonymus
3611 1960 3691 2025 de
3748 1963 3992 2028 Anima.

2309 2068 2482 2144 Quos
2502 2065 2739 2130 libellos
2760 2088 2902 2129 cum
2930 2064 3193 2129 aliorum
3223 2063 3556 2150 Excerptis
3585 2065 3731 2130 huic
3752 2067 3997 2131 Ennea·
4026 2095 4031 2104 ·

2307 2167 2461 2233 dum
2516 2169 2780 2256 Corpori
2829 2167 3255 2255 adjunximus·
3345 2168 3556 2254 Atque
3600 2192 3676 2234 ex
3738 2171 3992 2250 Plotini,

2308 2270 2516 2335 Procli
2544 2269 2931 2355 aliorumque
2978 2268 3439 2334 Platonicorum
3487 2270 3729 2359 scriptis
3775 2275 3996 2338 Hoere-

2307 2373 2568 2438 ticorum
2599 2373 2783 2438 falsas
2813 2372 2893 2437 de
2923 2372 3149 2435 Anima
3176 2371 3495 2460 opiniones
3523 2389 3817 2461 repetunt
3858 2398 3996 2462 pas-

2306 2477 2418 2542 sim
2473 2476 2811 2543 Christiani
2860 2477 3202 2564 scriptores.
3294 2478 3396 2540 De
3445 2475 3667 2541 Proclo
3709 2478 3828 2543 hoc
3882 2502 3992 2543 no-

2308 2580 2471 2645 mine
2499 2581 2729 2668 saepius
2771 2578 3175 2666 conqueritur
3210 2578 3507 2643 Nicolaus
3536 2580 3991 2660 Methonensis,

2304 2705 2491 2770 quem
2523 2706 2726 2770 nuper
2755 2681 3107 2746 Voemelius
3129 2696 3337 2746 noster
3364 2680 3581 2746 edidit.
3652 2682 3993 2763 Plotinum,

2306 2786 2477 2873 quod
2506 2786 2727 2851 attinet
2754 2786 2890 2851 haec
2934 2784 3262 2850 Nemesius
3303 2784 3384 2849 de
3424 2785 3672 2850 Natura
3701 2787 3995 2853 Hominis

2307 2911 2373 2975 p.
2406 2909 2464 2974 9.
2495 2912 2562 2976 p.
2589 2891 2696 2975 36.
2725 2888 2825 2954 ed.
2857 2889 3155 2953 Matthaei
3177 2913 3198 2952 :
3243 2889 3420 2954 Τινὲς
3457 2890 3588 2968 μὲν,
3623 2891 3705 2952 ὧν
3735 2892 3866 2955 ἔστι
3896 2892 3993 2957 καὶ

2308 2997 2635 3066 Πλωτΐνος,
2682 2993 2878 3072 ἄλλην
2914 2992 3065 3055 εἶναι
3113 2991 3223 3070 τὴν
3263 2990 3471 3074 ψυχὴν
3511 2992 3608 3054 καὶ
3651 2992 3846 3056 ἄλλον
3889 2991 3996 3058 τὸν

2308 3097 2451 3158 νοῦν
2479 3095 2962 3176 δογματίσαντες,
2995 3097 3062 3158 ἐκ
3104 3099 3279 3176 τριῶν
3319 3093 3426 3157 τὸν
3465 3094 3778 3175 ἄνθρωπον
3818 3120 3995 3161 συνει·

2308 3195 2521 3260 στάναι
2547 3199 2895 3276 βούλονται,
2926 3199 3215 3278 σώματος,
3244 3197 3338 3260 καὶ
3365 3199 3585 3279 ψυχῆς,
3614 3197 3709 3260 καὶ
3739 3201 3861 3262 νοῦ.
3908 3200 3996 3267 οἷς

2306 3299 2675 3381 ἠκολούθησε
2730 3302 2827 3366 καὶ
2875 3298 3333 3383 Ἀπολλινάριος
3391 3301 3423 3363 6
3484 3303 3585 3378 τῆς
3647 3303 3994 3371 Λαοδικείας

2306 3404 2627 3484 γενόμενος
2682 3405 3019 3470 ἐπίσκοπος.
3111 3401 3385 3467 ΜὶοὴειὲΙ
3446 3401 3679 3490 Glycas
3732 3404 3988 3477 AnnalL

2310 3506 2483 3569 Part.
2518 3506 2576 3568 I.
2618 3527 2680 3591 p.
2715 3519 2817 3586 70.
2857 3503 2961 3568 ed.
3008 3504 3195 3568 Paris.
3228 3526 3291 3590 p.
3321 3522 3426 3589 54.
3460 3504 3677 3568 Venet.
3723 3505 3871 3569 item
3913 3506 3993 3571 de

2307 3605 2680 3695 Apollinarii
2712 3606 3013 3671 sententia
3033 3607 3195 3670 duas
3222 3608 3293 3669 in
3321 3606 3564 3669 homine
3592 3610 3843 3672 animas
3864 3630 3994 3673 esse

2303 3733 2620 3797 exponens
2645 3709 2734 3773 ita
2761 3710 2999 3797 pergit:
3051 3711 3212 3774 ἀλλὰ
3252 3710 3348 3773 καὶ
3375 3715 3685 3777 Πλωτΐνος
3713 3712 3746 3774 6
3777 3712 3987 3794 σοφὸς,

2305 3811 2351 3899 ᾧ
2401 3814 2472 3892 δὴ
2512 3814 2607 3877 καὶ
2654 3812 3111 3894 Ἀπολλινάριος
3154 3815 3187 3876 6
3238 3813 3557 3879 Λαοδικεὺς
3604 3814 3990 3894 ἠκολούθησε.

2307 3916 2482 3979 Tum
2513 3913 2726 3979 Basilii
2758 3913 2982 4000 Magni
3010 3912 3262 3977 decreto
3290 3912 3370 3977 de
3411 3912 3646 3978 Anima
3683 3931 3747 3978 et
3781 3918 3989 3980 Gene-

2306 4041 2439 4083 seos
2467 4017 2640 4082 loco:
2693 4018 2786 4081 καὶ
2828 4016 3068 4098 ἐγένετο
3114 4019 3147 4080 6
3193 4018 3498 4099 ἄνθρωπος
3528 4020 3610 4084 εἰς
3637 4017 3845 4101 ψυχὴν
3883 4025 3993 4095 (ὣ-

2307 4147 2446 4198 σαν,
2476 4120 2643 4183 illam
2674 4119 3035 4184 sententiam
3073 4119 3153 4184 de
3181 4119 3387 4183 anima
3414 4119 3639 4207 triplici
3670 4122 3993 4188 confutare

2306 4223 2537 4289 studet.
2627 4224 2731 4286 Ex
2775 4222 3137 4310 hujusmodi
3167 4222 3316 4286 locis
3344 4222 3561 4309 conjici
3605 4222 3746 4288 licet
3790 4223 3990 4290 Ploti-

2305 4350 2456 4392 num
2487 4344 2639 4392 tunc
2668 4328 2965 4413 temporis
3008 4326 3205 4413 magis
3242 4324 3582 4390 lectitatum
3623 4348 3774 4404 esse,
3802 4349 3991 4413 quam

2304 4435 2509 4520 ipsum
2571 4431 2937 4504 Platonem;
2994 4427 3502 4516 quandoquidem
3564 4428 3664 4492 hic
3720 4427 3991 4515 philoso-

2302 4535 2569 4623 phorum
2603 4537 2759 4598 deus
2787 4533 2867 4597 ab
2896 4532 3109 4598 eadem
3141 4531 3324 4619 culpa
3347 4554 3467 4595 non
3498 4530 3794 4595 immunis
3822 4548 3972 4597 erat.

2388 4661 2450 4725 p.
2483 4638 2634 4721 665,
2684 4655 2776 4721 13.
2825 4638 2972 4715 ὁμοῦ
3014 4637 3079 4699 δὲ
3121 4639 3310 4699 πᾶσαι
3365 4633 3579 4716 ψυχαὶ,
3645 4635 3712 4697 ἐν
3764 4635 3852 4698 ἑνὶ
3909 4640 3990 4721 τῷ

2307 4743 2526 4826 κόσμῳ,
2575 4741 2681 4804 οὐκ
2728 4741 2795 4803 ἐν
2837 4738 3146 4803 διαστάσει
3189 4738 3428 4824 τοπικῇ]
3485 4736 3672 4800 Conf.
3719 4736 3990 4804 Platonis

2306 4842 2555 4907 Phaedr.
2597 4865 2665 4929 p.
2699 4860 2843 4923 247.
2884 4855 2946 4904 et
2993 4839 3316 4904 Hermiam
3363 4838 3423 4902 in
3468 4861 3613 4901 eum
3657 4861 3719 4925 p.
3760 4859 3898 4920 142.
3929 4858 3993 4907 et

2305 4945 2562 5010 Astium
2612 4944 2676 5007 in
2726 4945 3148 5008 Commentar.
3190 4966 3250 5029 p.
3295 4961 3445 5027 30¹.
3492 4965 3583 5028 sq.
3638 4941 3751 5028 qui
3800 4944 3987 5009 etiam

2306 5047 2538 5113 Plotini
2568 5047 2735 5111 hunc
2763 5044 2964 5109 locum
2996 5043 3284 5109 adhibuit
3320 5044 3575 5108 Platoni.
3666 5043 3777 5108 Ad
3804 5068 3990 5133 prox-

2303 5150 2427 5215 ima
2453 5150 2603 5214 facit
2633 5148 3017 5236 Porphyrius
3045 5147 3124 5211 de
3148 5146 3490 5223 Gradibus,
3510 5146 3638 5211 sive
3667 5147 3729 5211 in
3761 5150 3983 5231 ἆφορμ.

2302 5280 2402 5335 πρ.
2432 5256 2508 5318 τὰ
2538 5256 2720 5334 νοητὰ
2746 5274 2849 5340 ap.
2882 5251 3054 5315 Stob.
3086 5248 3351 5337 Eclogg.
3390 5248 3612 5336 Physs.
3648 5250 3705 5313 1.
3737 5269 3846 5335 52.
3883 5270 3983 5337 13.

2303 5379 2368 5443 p.
2401 5356 2545 5436 814.
2582 5358 2776 5419 Heer.
2807 5352 2891 5417 ‘H
2918 5356 3030 5434 μὲν
3057 5353 3228 5437 ψυχὴ
3254 5357 3355 5432 τῆς
3384 5354 3700 5435 ἀμερίστου
3729 5352 3825 5415 καὶ
3852 5356 3988 5436 περὶ

2304 5462 2379 5522 τὰ
2417 5461 2664 5537 σώματα
2693 5460 2969 5537 μεριστῆς
3011 5457 3216 5523 οὐσίας
3255 5455 3445 5534 μέσον
3487 5480 3544 5518 τι
3592 5453 3804 5536 (μέσον
3855 5457 3992 5520 ἐστί

2307 5559 2620 5720 Holsteg.)
2669 5562 2702 5623 6
2733 5561 2798 5623 δὲ
2839 5564 2973 5626 νοῦς
3009 5558 3319 5641 ἀμέριστος
3359 5557 3534 5621 οὐσία
3573 5557 3778 5636 μόνον,
3818 5562 3893 5622 τὰ
3921 5563 3988 5624 δὲ

2427 5668 2483 5719 D
