5118 6613
1396 585 1596 650 LIB.
1639 584 1757 649 VI.
1802 584 2265 652 ENNEAD.
2309 585 2707 651 PRIMAE.
2752 608 2819 673 p.
2855 602 3208 668 102-104.

560 758 822 825 Rectius
850 757 919 823 h.
950 756 997 822 l.
1026 755 1284 823 Ficinus
1315 756 1576 822 c'oetera.
1639 757 1745 823 Ita
1770 756 1954 822 etiam
1984 755 2253 824 debebat

558 862 624 928 in
668 860 973 950 proximis
1028 883 1145 948 pro
1197 861 1347 925 alia.
1416 859 1564 924 Vid.
1616 883 1827 949 supra.
1893 860 2252 943 Videamus,

560 964 717 1054 quid
750 964 831 1029 sit
861 963 1017 1031 εἶδος
1054 964 1258 1047 χρόας.
1325 962 1786 1029 Grammaticus
1812 986 1997 1028 mscr.
2024 971 2251 1049 χρῶμα·

564 1069 768 1151 κυρίως
809 1066 876 1131 τὸ
918 1069 1070 1148 μετὰ
1114 1069 1213 1145 τῆς
1244 1067 1388 1146 ὕλης
1426 1067 1554 1130 οἶον
1585 1067 1770 1150 ὥχρα,
1816 1066 2068 1149 κινόβαρ
2105 1066 2250 1155 [leg.

566 1170 904 1256 κιννάβαρι]
957 1170 1115 1254 χρόα
1167 1169 1234 1232 δὲ
1279 1169 1374 1233 καὶ
1419 1171 1597 1251 χροιᾶ
1645 1168 1787 1233 αὐτὸ
1834 1168 1904 1233 τὸ
1951 1170 2104 1238 εἶδος
2150 1174 2256 1234 τοῦ

562 1275 883 1360 χρώματος.
976 1269 1268 1337 Similiter
1300 1269 1662 1336 Chalcidius
1684 1269 1749 1335 in
1774 1271 2054 1336 Platonis
2079 1272 2248 1338 Tim.

564 1400 629 1466 p.
679 1391 826 1461 454.
878 1376 1119 1440 Meurs.
1166 1373 1400 1439 colores
1441 1374 1688 1462 sylvam
1729 1373 1913 1440 dicit:
1964 1382 2009 1415 ‘⁶
2029 1377 2254 1464 Imago

564 1492 773 1545 autem
802 1501 880 1543 ex
910 1492 1042 1543 arte
1062 1477 1249 1558 facta,
1271 1491 1335 1542 et
1353 1477 1544 1564 juxta
1562 1475 1962 1566 archetypam
1986 1478 2253 1566 speciem

563 1579 857 1670 effigiata,
885 1580 1004 1646 nisi
1031 1579 1220 1645 habet
1246 1581 1513 1667 sylvam,
1544 1579 1596 1645 si
1624 1580 1879 1668 quidem
1907 1580 2025 1645 erit
2053 1580 2255 1668 pictu-

563 1708 654 1764 ra,
706 1685 779 1749 id
830 1671 944 1762 bct,
995 1681 1543 1748 colores—carebit
1599 1699 1768 1749 certa
1821 1684 2254 1772 perfectione.”

564 1786 774 1876 Atqui
804 1784 1056 1851 Plotino
1080 1785 1149 1850 τὸ
1181 1786 1335 1853 εἶδος
1361 1790 1460 1865 τῆς
1487 1788 1672 1870 χρόας
1692 1802 1786 1852 est
1808 1787 2098 1852 universa
2118 1810 2255 1875 spe-

565 1889 687 1956 cies
732 1888 956 1955 coloris
998 1890 1077 1972 (s.
1122 1887 1292 1953 color
1338 1887 1652 1974 universe)
1702 1890 1883 1978 cujus
1927 1912 2146 1955 caussa
2192 1904 2256 1955 et

567 1992 710 2059 fons
737 1991 894 2057 sicut
922 1991 1084 2079 ignis
1113 2005 1227 2069 est,
1258 1990 1346 2055 sic
1373 1990 1510 2079 ipsa
1537 1990 1755 2057 coloris
1785 1992 2017 2081 species
2045 1992 2256 2080 singu-

567 2094 771 2161 lorum
803 2093 1084 2159 colorum
1119 2094 1261 2159 fons
1303 2108 1395 2159 est
1424 2107 1614 2182 atque
1641 2094 1838 2183 origo.
1913 2095 2018 2160 Cf.
2048 2095 2254 2183 ipsum

567 2210 849 2265 nostrum
878 2220 944 2285 p.
975 2214 1122 2281 711.
1152 2220 1286 2283 cap.
1312 2198 1414 2260 18.
1445 2219 1504 2261 a.

652 2320 859 2365 -11.
894 2299 1190 2384 ἐξίτηλον]
1227 2298 1504 2384 Hesych.
1539 2300 1636 2364 11.
1665 2299 1766 2365 82.
1798 2299 1951 2387 ibiq.
1985 2299 2253 2366 Alberti.

570 2403 782 2469 Photii
805 2403 968 2468 Lex.
994 2403 1113 2467 Gr.
1135 2424 1202 2489 p.
1225 2422 1329 2487 90.
1359 2402 1757 2467 Contrarium
1781 2417 1874 2468 est
1891 2407 2257 2473 δευσοποιός.

567 2507 727 2571 Lex.
759 2505 954 2570 Rhet.
992 2504 1057 2568 in
1102 2502 1373 2568 Bekkeri
1411 2504 1699 2569 Anecdd.
1740 2505 1892 2572 Grr.
1927 2507 1980 2570 1.
2012 2530 2076 2594 p.
2108 2523 2256 2593 252.

571 2608 908 2697 Wyttenb.
951 2607 1032 2672 ad
1078 2605 1317 2671 Selecta
1359 2606 1634 2671 Historr.
1678 2631 1744 2695 p.
1773 2627 1926 2693 340.
1974 2610 2259 2696 Usurpa-

571 2724 675 2777 tur
715 2711 797 2776 de
838 2709 1004 2788 luce,
1037 2708 1262 2787 colore,
1291 2708 1583 2788 tinctura,
1623 2708 2070 2798 literarumque
2111 2711 2260 2777 cha-

568 2813 927 2880 racteribus.
988 2814 1445 2899 Fragmentum
1469 2811 1773 2878 Doricum
1803 2835 1903 2900 ap.
1932 2814 2258 2879 Iamblich.

568 2918 649 2985 de
678 2917 785 2983 vit.
818 2914 1094 3005 Pythag.
1124 2916 1361 2981 XVII.
1386 2917 1488 2999 76.
1520 2916 1677 2983 ὅπως
1707 2918 1810 2999 (τᾶ
1839 2915 2065 3003 ἱμάτια)
2092 2918 2262 2983 ἀνέκ-

568 3028 796 3087 τλυτον
822 3023 935 3085 τὸν
962 3021 1176 3101 βαφᾶν
1204 3020 1546 3099 ἆναπίωντι,
1570 3019 1666 3083 καὶ
1689 3018 1982 3099 μηδέποτε
2010 3045 2262 3102 γενησο-

569 3123 756 3205 μέναν
796 3124 1092 3202 ἑξίταλον.
1183 3121 1441 3187 Tralate
1483 3121 1684 3187 utitur
1724 3120 1841 3187 hac
1878 3144 2030 3187 voce
2064 3125 2259 3187 Arte-

569 3225 790 3291 midor.
825 3224 1160 3290 Onirocrit.
1194 3224 1310 3289 IV.
1343 3238 1452 3308 47.
1479 3247 1541 3312 p.
1572 3225 1717 3311 360.
1750 3224 1942 3289 Reiff.
1985 3224 2260 3314 itemque

572 3329 861 3396 Plotinus
909 3351 972 3416 p.
1017 3336 1301 3414 347.—“
1323 3328 1485 3393 Cod.
1534 3330 1713 3394 Voss.
1763 3330 1833 3394 οὗ
1872 3328 2150 3413 μετέχον,
2187 3342 2255 3394 ut

569 3456 771 3521 marg.
800 3430 901 3498 ed.
933 3433 1077 3497 Bas.
1108 3430 1391 3496 rectius.”
1420 3433 1508 3495 D.
1540 3433 1630 3494 W.

655 3571 744 3585 —
768 3553 872 3619 13.
925 3535 988 3599 αἱ
1036 3535 1103 3597 δὲ
1153 3532 1807 3616 ἁρμονίαι-δόξασαι]
1856 3533 2090 3612 Locus,
2143 3532 2259 3598 nisi

568 3637 923 3716 lacunosus,
939 3635 1028 3702 ita
1044 3634 1296 3701 videtur
1322 3634 1779 3722 expediendus:
1814 3639 1876 3701 αἱ
1899 3638 1964 3701 δὲ
1986 3638 2260 3719 ἁρμονίαι

574 3744 637 3806 αἱ
663 3742 733 3805 ἐν
761 3765 812 3803 τ.
844 3749 913 3823 φ.
943 3741 1005 3805 αἱ
1047 3741 1157 3821 ἆφ.
1185 3763 1239 3803 τ.
1271 3746 1340 3820 φ.
1370 3738 1716 3819 ποιήσασαι,
1757 3739 1851 3803 καὶ
1888 3740 2057 3804 αὐταὶ
2097 3740 2257 3804 ἑποί-

571 3867 731 3925 ησαν
776 3843 1238 3921 ὥς-δείξασαιε
1289 3849 1333 3880 “
1366 3842 1732 3907 Harmoniae
1777 3865 1926 3907 vero
1975 3841 2259 3922 occultae,

572 3969 720 4033 quae
767 3957 916 4010 sunt
954 3943 1018 4010 in
1066 3943 1344 4023 vocibus,
1386 3944 1862 4032 harmoniasque
1906 3945 2263 4010 manifestas

572 4048 813 4114 faciunt
829 4046 1143 4133 (eliciunt)
1163 4057 1222 4113 et
1247 4049 1405 4135 ipsoe
1432 4047 1699 4112 animam
1727 4047 2024 4113 imbuunt
2043 4047 2264 4113 notitia

573 4149 797 4239 pulcri,
820 4159 1032 4238 utpote
1058 4172 1204 4238 quae
1232 4149 1297 4214 in
1325 4148 1446 4215 alio
1471 4172 1696 4237 genere
1721 4150 1842 4215 hoc
1869 4150 2077 4238 ipsum
2097 4174 2270 4216 com-e

574 4253 978 4318 monstrent.”
1022 4254 1341 4318 Caeterum
1383 4253 1467 4318 cf.
1508 4253 1945 4341 Augustinum
1986 4252 2067 4318 de
2102 4255 2262 4319 Mu·

576 4355 701 4420 sica
728 4356 845 4420 VI.
879 4354 983 4441 38.
1014 4379 1080 4444 p.
1108 4373 1262 4441 531.
1293 4357 1378 4420 E.

657 4496 747 4508 —
768 4478 868 4545 15.
899 4462 1522 4542 Παρακαλουθεῖ-εἶς
1562 4459 1630 4524 τὸ
1677 4459 1935 4544 κρατεῖν]
1989 4462 2262 4547 Compa-

572 4575 793 4630 rantur
820 4562 882 4626 h.
913 4560 954 4625 l.
986 4584 1277 4627 sonorum
1307 4562 1644 4627 harmoniae
1684 4561 1943 4628 occultae
1971 4584 2115 4627 cum
2145 4584 2260 4650 ap-

571 4664 956 4753 parentibus.
1044 4666 1173 4729 Hoe
1200 4664 1456 4752 quidem
1484 4665 1758 4730 numeris
1783 4680 2261 4731 mensurantur:

573 4766 699 4832 illae
726 4790 852 4833 non
880 4767 1048 4832 item.
1113 4769 1337 4856 Neque
1358 4791 1507 4832 vero
1535 4767 1831 4855 quaelibet
1857 4768 2017 4833 ratio
2041 4767 2266 4833 idonea

575 4886 670 4936 est
696 4871 794 4936 his
820 4868 1096 4936 numeris
1123 4869 1575 4949 mensurandis,
1607 4894 1736 4958 quo
1778 4869 2077 4937 efficiatur
2110 4893 2262 4935 con-

573 4987 792 5039 centus
825 4987 1014 5060 aptus
1051 4995 1100 5038 s.
1128 4972 1364 5061 pulcer,
1392 4973 1501 5038 sed
1543 4997 1619 5038 ea
1659 4972 1809 5052 sola,
1840 4997 1985 5061 quae
2027 4973 2265 5039 obtem-

573 5089 772 5164 peret,
799 5098 947 5163 quae
974 5098 1041 5141 se
1068 5075 1374 5164 spatiatur
1401 5077 1730 5164 temperari
1758 5076 1839 5141 ad
1882 5075 2261 5142 efficiendam

571 5177 861 5266 speciem,
882 5178 973 5243 ita
999 5193 1075 5244 ut
1094 5177 1228 5244 haec
1254 5178 1395 5244 idea
1416 5178 1635 5244 victrix
1665 5178 1917 5267 subigat
1943 5179 2262 5244 materiam

570 5280 754 5367 quasi
808 5281 1188 5347 inconditam
1245 5304 1557 5347 sonorum.
1639 5282 1745 5348 Cf.
1798 5281 2000 5348 Ficini
2057 5284 2265 5370 Argu-

570 5397 880 5463 mentum,
908 5386 1143 5466 ποίησις
1169 5383 1231 5449 h.
1261 5383 1303 5449 l.
1332 5384 1532 5450 active
1558 5385 2009 5474 accipiendum,
2035 5399 2108 5450 ut
2127 5408 2186 5449 v.
2206 5408 2262 5451 c.

570 5485 641 5549 in
671 5485 952 5551 Platonis
981 5487 1285 5552 Convivio
1309 5510 1377 5576 p.
1411 5502 1552 5573 205.
1583 5488 1645 5553 b.
1678 5503 1740 5555 et
1769 5488 2137 5576 saepissime;
2184 5491 2265 5557 εἷς

570 5601 723 5658 ante
740 5590 983 5669 ποίησιν
978 5593 1187 5676 finem
1209 5613 1256 5656 s.
1277 5591 1606 5658 comiliwm
1627 5591 1967 5680 siguificat:
1998 5590 2262 5657 alterum

3936 606 4020 674 45

2337 761 2420 827 εἷς
2446 771 2593 824 ante
2618 758 2685 824 τὸ
2710 763 2965 841 κρατεῖν,
2982 761 3477 848 consequentiam
3505 782 3558 824 s.
3577 761 3882 849 ffatum,
3902 759 4025 827 hoc

2335 884 2553 928 sensu:
2602 861 2713 928 sed
2740 885 2814 927 ea
2841 861 3150 927 duntaxat
3176 861 3337 927 ratio
3370 861 3725 927 adhibenda
3749 862 4028 929 numeris

2335 963 2455 1029 illis
2487 980 2603 1045 est,
2632 988 2776 1053 quoe
2804 963 3008 1030 valeat
3033 964 3236 1029 ideam
3266 987 3626 1054 procreare;
3658 968 3930 1054 quofiet,
3952 981 4028 1032 ut

2335 1066 2471 1134 haec
2498 1068 2661 1148 idea,
2690 1082 2991 1156 tanquam
3015 1067 3261 1147 victrix,
3294 1067 3544 1155 subigat
3569 1067 3909 1133 materiam.

2422 1209 2513 1221 -—
2533 1186 2637 1255 17.
2671 1174 2888 1238 εἴδωλα
2931 1172 3030 1237 καὶ
3064 1171 3260 1261 σκιαί]
3295 1171 3396 1237 Cf.
3425 1170 3570 1237 infr.
3602 1194 3669 1259 p.
3698 1172 3803 1256 56.
3835 1172 3912 1236 F.
3944 1174 4025 1239 el-

2342 1275 2509 1343 κόνες
2538 1275 2635 1339 καὶ
2661 1276 2800 1358 ἴχνη
2830 1275 2926 1339 καὶ
2954 1276 3134 1349 σκιαὶ,
3159 1274 3310 1340 item
3331 1274 3412 1339 de
3432 1297 3727 1362 corporea
3754 1273 4030 1363 pulchri-

2338 1375 2579 1443 tudine.
2666 1377 3007 1443 Platonicae
3061 1377 3352 1442 formulae
3398 1391 3463 1443 et
3507 1375 3830 1442 vocabula.
3877 1377 4026 1443 Vid.

2339 1480 2594 1545 Phaedr.
2636 1504 2706 1568 p.
2740 1499 2887 1567 255.
2919 1480 2985 1545 d.
3054 1480 3323 1546 Heindf.
3371 1480 3454 1545 ad
3494 1480 3734 1546 Theoet.
3779 1504 3847 1569 p.
3872 1500 4025 1568 499.

2345 1582 2675 1671 Wyttenb.
2706 1583 2788 1648 ad
2820 1582 3122 1649 Phaedon.
3152 1606 3216 1672 p.
3250 1600 3386 1667 171.
3409 1599 3475 1650 et
3502 1606 3647 1671 quae
3674 1582 3861 1671 plura
3886 1606 4032 1649 con-

2337 1685 2501 1774 gessi
2549 1685 2614 1750 in
2661 1685 2807 1751 edit.
2856 1686 3061 1775 pecul.
3104 1710 3174 1775 p.
3205 1706 3348 1773 203.
3394 1702 3458 1752 et
3495 1686 3578 1752 ad
3621 1685 3828 1753 Procli
3870 1689 4028 1752 Inst.

2341 1787 2571 1856 Theol.
2600 1813 2668 1872 p.
2695 1809 2837 1854 101.

2424 1916 2492 1980 p.
2526 1912 2672 1973 104,
2703 1912 2757 1957 1.
2789 1893 3161 1981 ἐκόσμησαν]
3193 1894 3395 1958 Recte
3422 1891 3561 1957 Fic.
3587 1891 3658 1956 h.
3678 1915 3738 1956 v.
3770 1891 3855 1957 ad
3881 1893 4033 1973 ὕλην

2339 1994 2576 2075 retulit,
2609 1997 2964 2076 διεπτόησαν
2992 1994 3073 2059 ad
3118 2018 3334 2060 sensus
3375 1993 3701 2060 hominum
3744 1995 3858 2083 qui
3901 2018 4037 2061 cor-

2339 2121 2530 2185 porea
2578 2097 3000 2185 pulcritudine
3044 2111 3415 2172 moventur;
3462 2111 3683 2185 utpote
3729 2121 3889 2185 quos
3933 2097 4033 2162 in-

2341 2200 2536 2288 telligi
2565 2200 2703 2265 vult
2726 2215 3070 2267 contextus
3118 2201 3422 2266 Activum
3444 2200 3708 2288 simplex
3738 2203 4034 2267 ἐπτόασεν

2342 2318 2606 2390 usurpat
2650 2302 2731 2368 de
2777 2304 3077 2369 amatorio
3118 2303 3347 2368 affectu
3395 2302 3650 2391 Sappho
3691 2302 3756 2367 in
3797 2301 4034 2368 Odario

2341 2406 2451 2470 illo
2477 2431 2585 2496 ap.
2617 2406 2885 2495 Longin.
2914 2406 2995 2471 de
3028 2404 3206 2471 Subl.
3240 2407 3337 2470 X.
3368 2429 3430 2493 p.
3449 2426 3557 2487 42.
3587 2404 3699 2470 ubi
3719 2430 3778 2469 v.
3816 2406 4034 2492 Toup.

2347 2508 2531 2574 Plato
2576 2510 2784 2597 Legg.
2816 2510 2933 2574 VI.
2962 2533 3025 2597 p.
3059 2511 3207 2595 783.
3253 2510 3618 2591 ἀφροδισίων
3661 2509 4033 2587 διαπτοίησιν

2344 2611 2425 2676 de
2468 2611 2820 2677 vehementi
2869 2611 3126 2676 libidine
3174 2611 3534 2676 amantium.
3625 2612 3717 2676 H.
3747 2609 3789 2674 l.
3820 2608 4033 2675 malim

2346 2714 2632 2779 universe
2668 2714 2862 2803 accipi
2904 2713 2983 2778 de
3024 2714 3563 2803 obstupffaciendo
3601 2727 3666 2778 et
3705 2713 4035 2778 excitando

2345 2818 2674 2882 desideria.

2430 2956 2518 2970 -
2533 2939 2598 3005 3.
2630 2920 2765 3003 περὶ
2792 2921 2904 3000 μὲν
2923 2925 3041 2984 τῶν
3057 2918 3320 3002 προτέρω
3346 2922 3545 2982 καλῶν
3568 2917 3790 3005 κ.τ.λ.]
3818 2918 4036 2982 Ducta

2343 3021 2478 3086 haec
2508 3036 2657 3087 sunt
2684 3045 2762 3086 ex
2794 3020 3067 3086 Platonis
3097 3019 3402 3085 Convivio
3429 3043 3492 3107 p.
3525 3036 3669 3084 210.
3702 3042 3761 3083 a.
3780 3019 3847 3084 b.
3877 3020 4038 3097 Quae

2345 3125 2562 3190 eadem
2594 3138 2737 3189 ante
2765 3123 2977 3188 oculos
3005 3122 3193 3188 babet
3223 3124 3470 3188 Noster.
3500 3144 3566 3210 p.
3584 3122 3734 3207 556.
3761 3122 3926 3186 A.B.
3951 3120 4038 3188 cf.

2346 3228 2531 3293 etiam
2564 3228 2880 3292 Timoeum
2908 3251 2974 3316 p.
3005 3247 3113 3314 31.
3138 3250 3195 3291 c.
3228 3240 3292 3291 et
3321 3224 3618 3290 Proclum
3659 3225 3724 3288 in
3776 3248 3923 3290 eum
3969 3247 4036 3313 p.

2351 3333 2491 3398 128.
2562 3333 2723 3396 Mox
2755 3330 3194 3412 ὀντειλημένοις
3222 3329 3439 3395 vitiose
3478 3329 3776 3415 scriptum
3813 3344 3946 3394 erat
3973 3328 4038 3392 in

2345 3435 2445 3500 ed.
2495 3434 2710 3515 Basil.‚
2766 3432 2849 3499 ad
2904 3457 3049 3521 quae
3096 3435 3310 3521 Wytt.
3368 3433 3457 3497 ita
3485 3456 3500 3496 t
3569 3439 3618 3471 “
3640 3431 3798 3497 Cod.
3859 3432 4038 3496 Voss.

2346 3537 2843 3618 ἆντειλημμένοις,
2905 3536 3191 3600 rectiuS.”
3299 3536 3434 3599 Nos
3493 3534 3582 3599 ita
3636 3533 4038 3598 correximus.

2348 3643 2587 3705 Contra
2615 3640 2679 3704 in
2709 3640 2996 3727 Dionyso
3021 3661 3084 3726 p.
3118 3641 3222 3722 76.
3270 3636 3578 3703 Clementi
3605 3634 4042 3701 Alexandrino

2349 3742 2688 3830 Paedagog.
2748 3742 2849 3806 II.
2893 3764 2961 3828 p.
3010 3760 3157 3825 219.
3211 3739 3593 3819 ἑνειλημένον
3648 3737 4040 3803 reddidimus

2347 3869 2463 3935 pro
2494 3844 2938 3926 ἐνειλημμένον.

2432 3985 2519 3998 -
2542 3968 2605 4033 7.
2627 3949 2756 4012 οἶον
2778 3949 2835 4011 εἴ
2859 3946 3317 4029 τινες-τυφλοὶ
3348 3947 3696 4035 γεγονότες]
3721 3946 3887 4010 Haec
3908 3944 4040 4010 vel-

2347 4066 2419 4114 ut
2448 4046 2798 4136 parenthesi
2827 4048 3108 4136 sejuncta
3134 4046 3415 4135 accipias
3509 4046 3766 4112 Ficinus
3792 4061 4041 4113 vertens

2347 4152 2623 4240 explevit
2672 4151 3057 4217 sententiam.
3150 4152 3467 4216 Caeterum
3516 4149 3652 4215 hoec
3702 4150 4041 4217 admonent

2349 4255 2730 4321 Aristotelici
2761 4254 2910 4320 dicti
2939 4278 3040 4343 ap.
3071 4253 3244 4319 Stob.
3271 4252 3489 4318 Floril.
3513 4252 3646 4318 Tit.
3671 4256 3774 4338 65.
3802 4276 3868 4341 p.
3883 4252 4034 4335 408.

2345 4382 2410 4446 p.
2431 4361 2584 4444 496.
2610 4358 2927 4425 Gaisford.
2949 4361 3046 4423 διὰ
3065 4358 3130 4422 τί
3152 4362 3269 4421 τῶν
3294 4362 3491 4421 καλῶν
3509 4358 3542 4419 ὁ
3574 4355 3718 4438 ἔρως
3739 4384 3756 4430 ;
3787 4359 4041 4439 Τυφλοΰ

2349 4460 2515 4525 εἶπεν
2541 4462 2580 4541 ἦ
2610 4462 2908 4543 ἐρώτησις.
2974 4459 3077 4525 Cf.
3106 4457 3234 4523 Dio
3265 4458 3588 4545 Chrysost.
3624 4459 3801 4522 Orat.
3833 4475 3933 4542 29.
3965 4478 4034 4545 p.

2346 4578 2496 4648 539.
2543 4561 2763 4627 Reisk.
2795 4576 2858 4626 et
2887 4559 3100 4625 Basilii
3140 4558 3365 4647 Magni
3413 4556 3652 4624 Homil.
3696 4558 3762 4623 in
3804 4558 4039 4625 Psalm.

2350 4666 2609 4730 XLIV.
2638 4688 2701 4752 p.
2734 4680 2886 4751 505.
2915 4664 2992 4728 A.

2433 4805 2521 4817 —
2547 4788 2647 4833 11.
2679 4769 2755 4835 ὥς
2794 4766 2980 4832 καλὸν
3009 4765 3076 4830 τὸ
3110 4769 3212 4844 τῆς
3246 4765 3615 4844 δικαιοσύνης
3655 4765 3753 4829 καὶ
3795 4775 4034 4848 σωφρο.

2350 4872 2530 4951 σύνης
2571 4871 2914 4956 πρόσωπον]
2956 4881 2995 4903 “
3022 4870 3117 4934 καὶ
3159 4868 3552 4950 σωφροσύνης
3589 4866 3764 4933 abest
3792 4891 3832 4933 a
3870 4867 4030 4935 Cod.

2351 4973 2533 5037 Leid.
2600 4972 2900 5038 Refertur
2923 4972 3006 5037 ad
3033 4970 3269 5036 dictum
3302 4985 3545 5058 poetae:
3578 4972 3947 5052 δικαιοσύνης
3965 4971 4033 5037 τὸ

2347 5077 2609 5159 χρύσεον
2636 5076 2977 5156 πρόσωπον,
3008 5074 3177 5162 quod
3210 5073 3619 5138 Aristoxenus
3649 5073 3837 5138 habet
3864 5072 4035 5160 apud

2348 5179 2736 5244 Athenaeum
2790 5178 2969 5243 XII.
3001 5202 3063 5265 p.
3108 5178 3260 5263 546.
3299 5177 3364 5242 b.
3404 5178 3498 5264 [p.
3527 5194 3681 5263 529.
3714 5174 4034 5264 Schwgh]

2348 5281 2427 5347 cf.
2452 5297 2515 5346 et
2533 5279 2860 5369 Heynium
2881 5280 2963 5345 ad
2982 5279 3240 5345 Pindari
3262 5281 3499 5367 Fragg.
3522 5279 3738 5344 incert.
3763 5277 4036 5344 LXIII.

2359 5384 2447 5472 [p.
2476 5384 2686 5468 114]”
2714 5384 2805 5446 D.
2835 5382 3188 5447 W.—Gell.
3220 5384 3304 5447 N.
3324 5383 3403 5447 A.
3438 5383 3633 5447 XIV.
3664 5402 3742 5460 4:
3793 5386 3839 5419 “
3864 5381 4036 5446 Con-

2349 5487 2538 5574 digne
2581 5484 2931 5550 mehercule
2973 5501 3037 5550 et
3065 5484 3400 5550 condecore
3431 5485 3832 5570 Chrysippus
3870 5483 3933 5548 in
3969 5483 4042 5549 li-

2348 5590 2629 5669 brorum,
2660 5587 2772 5677 qui
2808 5587 3230 5654 inscribuntur
3261 5589 3395 5670 περὶ
3434 5589 3619 5652 καλοῦ
3668 5587 3765 5652 καὶ
3808 5588 4037 5670 ἡδονῆς,
