5118 6613
1137 565 1220 651 58
2087 560 2921 627 ANNOTATIONES
2988 560 3099 624 IN
3167 559 3607 624 PLOTINI

1136 761 1199 825 p.
1231 752 1378 823 553.
1413 757 1504 822 sq.
1539 736 1703 799 Cum
1742 744 1953 798 nostro
1988 731 2126 797 loco
2163 732 2449 822 congruit
2474 732 2630 798 alter
2659 732 2804 798 Plo-
2885 733 3085 820 pulcr.
3106 756 3158 797 c.
3182 752 3277 797 10.
3301 755 3365 819 p.
3386 748 3534 818 551.
3561 732 3637 795 B.
3672 728 3971 794 Proxima
3995 751 4210 795 rursus
4238 729 4565 819 desumpta

1138 838 1247 904 tin.
1281 862 1343 926 p.
1379 854 1523 922 723.
1554 841 1671 902 ποῦ
1708 840 1741 899 ὁ
1784 836 2034 917 ποιήσας
2077 836 2475 905 “fluxos—nal
2516 836 2810 918 γεννήσας

1136 942 1383 1015 obolum

1221 1062 1441 1131 p.113‚
1463 1061 1522 1107 2.
1545 1044 1652 1110 Τίς
1679 1043 1785 1106 οὖν
1803 1043 1836 1104 ὁ
1860 1043 2135 1128 στόλοςς]
2161 1041 2302 1106 Vid.
2325 1063 2513 1129 supra
2534 1042 2622 1108 τίς
2641 1041 2746 1106 οὖν
2773 1043 2810 1121 ἡ

1139 1146 1319 1230 φυγὴ,
1369 1147 1463 1210 καὶ
1510 1151 1630 1212 πῶς
1681 1146 2053 1224 ἆναξόμεθας
2104 1146 2331 1231 Itaque
2382 1143 2444 1209 h.
2495 1143 2542 1207 l.
2598 1145 2812 1211 στόλος

1139 1271 1261 1313 11011
1290 1262 1381 1313 est
1408 1248 1646 1325 classis,
1676 1261 1748 1312 ut
1777 1246 1960 1311 vertit
1985 1246 2143 1327 Pie„
2171 1246 2277 1312 sed
2306 1248 2661 1334 navigatio,
2690 1247 2812 1311 iter

1137 1353 1543 1415 maritimum.
1611 1348 1755 1414 Vid.
1810 1352 2010 1415 Orum
2065 1349 2129 1412 in
2171 1348 2447 1438 Etymol.
2497 1371 2705 1435 magn.
2745 1371 2806 1436 p.

1140 1456 1283 1538 728.
1317 1474 1412 1540 13.
1460 1450 1719 1518 Wessel.
1765 1451 1848 1517 ad
1885 1451 2190 1516 Herodot.
2228 1454 2283 1517 Ι.
2322 1471 2421 1519 21.
2472 1450 2806 1516 Ruhnken.

1138 1557 1218 1622 ad
1246 1556 1408 1622 Tim.
1442 1581 1505 1645 p.
1536 1575 1640 1641 43.
1673 1555 1752 1620 cf.
1784 1553 1946 1619 infra
1970 1555 2026 1619 Ι.
2051 1555 2109 1619 8.
2133 1556 2192 1619 6.
2224 1579 2288 1643 p.
2316 1556 2418 1639 76.
2447 1555 2522 1618 A.
2547 1555 2624 1618 B.
2658 1553 2805 1641 ibiq.

1139 1675 1346 1725 annon

1222 1762 1306 1829 ib.
1339 1763 1408 1826 οὗ
1457 1762 1602 1826 ποσὶ
1644 1766 1737 1826 δεῖ
1773 1761 2071 1849 διανύσαι]
2122 1759 2322 1825 Schol.
2374 1760 2536 1825 Plat.
2570 1783 2634 1848 p.
2665 1778 2803 1843 129.

1139 1864 1400 1933 Ruhnk.
1430 1863 1511 1929 ad
1543 1865 1738 1950 Gorg.
1772 1886 1836 1950 p.
1868 1879 2016 1949 507.
2052 1865 2137 1927 D.
2172 1865 2247 1931 ὡς
2276 1864 2403 1948 ἔχει
2429 1869 2649 1928 ποδῶν;
2679 1862 2802 1927 ita:

1138 1969 1270 2033 ἇντὶ
1296 1971 1400 2031 τοῦ
1426 1968 1574 2030 ὅσον
1596 1965 1890 2046 δυνάμεθα
1916 1967 2240 2047 ὀφείλομεν
2268 1971 2481 2048 φυγεῖν
2501 1968 2606 2031 τᾶς
2635 1968 2811 2032 κακὰς

1136 2070 1604 2153 πράξεις-κατὰ
1628 2069 1778 2147 ζωὴν
1806 2069 1911 2132 οὖν
1940 2070 2255 2150 φεύγωμεν
2283 2070 2357 2131 τὰ
2397 2070 2563 2141 κακᾶ,
2592 2068 2672 2148 μὴ
2701 2092 2807 2131 πο-

1138 2174 1259 2252 σὶν,
1292 2172 1418 2236 ἐπεὶ
1448 2172 1543 2236 καὶ
1571 2176 1878 2238 Πλωτῖνος
1903 2170 2234 2252 ἀνάγεσθαι
2260 2169 2429 2252 λέγει
2457 2172 2562 2237 τὰς
2587 2172 2806 2252 ψυχᾶς,

1137 2276 1207 2340 οὔ
1235 2277 1388 2349 ποδὶ,
1421 2276 1583 2339 ἀλλὰ
1609 2277 1740 2354 ζωῇ.

1219 2415 1308 2428 -
1331 2396 1394 2464 5.
1427 2375 1563 2441 ἀλλ’
1608 2377 1737 2440 οἷον
1782 2376 2077 2460 μύσαντα]
2131 2381 2174 2412 “
2201 2372 2522 2439 Platonica
2564 2374 2813 2440 dictio.”

1135 2484 1224 2546 D.
1241 2483 1336 2545 W.
1380 2478 1562 2544 Plato
1605 2478 1669 2542 in
1714 2478 1911 2565 Gorg.
1946 2501 2008 2565 p.
2033 2477 2179 2560 480.
2216 2478 2289 2541 C.
2319 2480 2399 2557 μὴ
2444 2479 2808 2562 ἆποδειλιᾷν,

1138 2586 1299 2648 ἀλλὰ
1337 2582 1623 2666 παρέχειν
1666 2582 1939 2662 μύσαντα
1991 2580 2085 2644 καὶ
2142 2580 2417 2661 ἀνδρείως
2460 2607 2511 2643 κ.
2544 2607 2598 2645 τ.
2631 2588 2691 2645 λ.
2727 2580 2807 2645 cf.

1140 2686 1390 2750 Phaedr.
1422 2708 1486 2772 p.
1524 2702 1666 2768 251.
1716 2681 1979 2747 Aristid.
2014 2683 2216 2746 Oratt.
2249 2682 2326 2745 T.
2363 2683 2419 2746 1.
2447 2705 2511 2769 p.
2535 2697 2686 2767 547.
2721 2684 2816 2748 καὶ

1138 2793 1306 2852 τοῦτο
1334 2787 1403 2865 δὴ
1425 2786 1492 2849 τὸ
1515 2787 1844 2868 λεγόμενον
1863 2786 2164 2866 μύσαντας
2184 2782 2407 2866 φέρειν.
2460 2783 2643 2849 Philo
2659 2786 2699 2851 J
2703 2785 2810 2849 ud.

1141 2890 1240 2954 ῙΙ.
1272 2912 1334 2976 p.
1359 2888 1507 2970 464.
1539 2888 1608 2951 τὸ
1639 2891 1739 2966 τῆς
1766 2891 1964 2971 ψυχῆς
1989 2885 2239 2966 μεμυκὸς
2264 2888 2422 2965 ὄμμα
2449 2887 2814 2970 ἆναβλέψαν

1141 3020 1191 3056 κ.
1217 3017 1270 3056 τ.
1295 3000 1355 3055 λ.
1432 2989 1533 3054 Ad
1584 3004 2017 3077 argumentum
2062 2987 2287 3052 adhibe
2331 2989 2688 3053 Hemsterh.
2732 2989 2813 3054 ad

1141 3094 1405 3159 Lucian.
1441 3095 1540 3157 11.
1574 3115 1636 3179 p.
1669 3092 1817 3177 498.
1867 3090 2010 3178 Bip.
2044 3089 2274 3155 Plotin.
2306 3113 2371 3179 p.
2408 3108 2551 3174 724.
2588 3092 2663 3156 A.
2699 3092 2811 3157 Διὸ

1141 3199 1236 3262 καὶ
1265 3198 1409 3261 ὅταν
1440 3195 1657 3262 κάλλος
1676 3193 1941 3277 λέγηται,
1963 3193 2251 3276 φευκτέον
2270 3199 2503 3274 μᾶλλον
2532 3195 2649 3258 ἀπὸ
2676 3222 2814 3278 μορ-

1141 3304 1255 3383 φῆς
1295 3301 1582 3380 τοιαύτης.
1630 3296 1765 3364 ἀλλ’
1812 3297 1880 3362 οὗ
1917 3296 2030 3381 πρὸ
2075 3296 2346 3378 ὀμμάτων
2387 3297 2681 3377 ποιητέον.
2728 3298 2808 3364 cf.

1138 3403 1321 3469 etiam
1350 3426 1413 3490 p·
1445 3418 1593 3488 543-

1225 3509 1390 3570 —6.
1425 3506 1519 3569 καὶ
1563 3503 1886 3589 ἀνεγεῖραι]
1926 3510 1970 3541 “
1996 3504 2301 3586 ἆναγεῖραι
2333 3502 2432 3568 ed.
2472 3504 2615 3568 Bas.
2650 3504 2808 3571 cod.

1141 3608 1320 3674 Leid.
1357 3611 1529 3674 Voss
1556 3609 1888 3690 ἆνεγεῖραιε
1922 3605 2206 3670 rectiu8.''
2233 3607 2323 3671 D.
2340 3608 2430 3671 W.
2480 3607 2621 3672 Vid.
2650 3631 2810 3674 varr.

1141 3714 1344 3778 Lectt.

1224 3851 1313 3865 —
1329 3832 1388 3899 7.
1407 3817 1489 3879 Τί
1505 3815 1611 3879 οὖν
1633 3816 1844 3894 ἐκείνη,
1862 3812 1900 3893 ἣ
1919 3814 2090 3878 ἔνδον
2113 3812 2393 3901 βλέπει3]
2414 3813 2583 3888 Quid
2601 3815 2813 3902 igitur

1114 3918 1494 4003 faciendum
1519 3917 1626 3980 illo
1652 3916 1844 3994 ocule,
1875 3918 1983 4004 qui
2010 3918 2185 3980 ι’πιω
2212 3918 2493 4003 spectat?
2541 3917 2644 3980 Ita
2684 3915 2807 3981 dis-

1143 4019 1297 4083 tinxi
1327 4017 1687 4082 auctoritate
1712 4016 2016 4081 bonorum
2054 4016 2350 4081 librorum
2382 4018 2585 4083 nixus.
2661 4018 2814 4084 Vult

1145 4121 1305 4186 enim
1336 4118 1622 4184 Plotinus
1663 4118 1921 4206 intelligi
1963 4119 2285 4200 rationem,
2315 4145 2442 4209 qua
2468 4121 2685 4187 oculus
2711 4121 2812 4187 ille

1143 4249 1182 4289 a
1210 4221 1511 4312 principio
1537 4221 1724 4286 hebes
1751 4235 1814 4286 et
1841 4220 2157 4286 imbecillis
2184 4223 2503 4309 paullatim
2533 4225 2673 4289 acui
2701 4224 2807 4290 de-

1144 4327 1287 4392 beat
1315 4340 1378 4390 et
1409 4325 1492 4391 ad
1522 4324 1740 4390 altiora
1778 4323 2083 4388 cernenda
2122 4323 2463 4389 adsuefieri.
2557 4327 2812 4392 Monuit

1146 4427 1449 4494 Riuckius
1476 4441 1682 4492 noster
1709 4425 1964 4507 addens,
1994 4425 2281 4491 Ficinum
2320 4426 2453 4491 haec
2486 4450 2612 4492 non
2649 4443 2812 4495 recte

1143 4533 1411 4599 vertisse.

1230 4636 1313 4700 ib.
1347 4636 1416 4700 οὗ
1443 4637 1596 4702 πάνυ
1617 4640 1691 4702 τὰ
1715 4639 1957 4720 λαμπρᾶ
1977 4637 2215 4701 δύναται
2235 4635 2513 4720 βλέπειν]
2541 4636 2644 4701 Cf.
2670 4636 2812 4702 infr.

1146 4763 1211 4827 p.
1239 4756 1344 4823 57.
1380 4739 1456 4802 F.
1492 4739 1561 4803 οὗ
1603 4738 1919 4820 δυνάμενος
1960 4740 2036 4802 τὰ
2074 4737 2230 4802 πάνυ
2268 4741 2510 4819 λαμπρᾶ
2535 4737 2809 4818 βλέπειν.

1147 4842 1467 4908 Pertinent
1496 4841 1561 4906 hi
1589 4840 1705 4906 loci
1730 4857 1794 4906 et
1822 4840 2044 4906 similes
2070 4840 2151 4905 ad
2180 4839 2523 4905 doctrinam
2552 4841 2688 4927 ejus
2716 4841 2809 4905 vi-

1146 4945 1351 5026 sionis,
1380 4967 1565 5032 quam
1600 4944 1781 5008 Plato
1809 4944 1876 5007 τὸ
1904 4948 2004 5024 τῆς
2029 4947 2228 5027 ψυχῆς
2256 4945 2415 5024 ὄμμα
2437 4958 2635 5007 vocat.
2669 4943 2810 5009 vid.

1146 5049 1225 5115 de
1253 5047 1529 5137 Republ.
1563 5048 1723 5111 VII.
1756 5070 1819 5134 p.
1851 5060 2001 5133 533.
2031 5069 2094 5133 p.
2126 5050 2277 5131 361.
2304 5044 2503 5110 Bekk.
2541 5045 2668 5110 sive
2709 5046 2816 5126 τὴν

1146 5156 1245 5233 τῆς
1290 5152 1547 5219 διανοίας
1595 5151 1762 5233 ὄψιν.
1831 5150 2114 5236 Symp08.
2162 5171 2225 5235 p.
2268 5166 2411 5233 219.
2445 5146 2521 5212 A.
2568 5171 2630 5234 p.
2663 5149 2813 5228 460.

1146 5255 1411 5319 Bekker.
1444 5251 1523 5317 cf.
1558 5252 1761 5316 Marc.
1795 5249 2087 5314 Antonin.
2124 5251 2264 5315 111.
2292 5265 2388 5335 15.
2428 5272 2493 5338 p.
2528 5249 2629 5314 80.
2662 5247 2811 5336 ibiq.

1148 5357 1472 5424 Gatak.cf.
1497 5378 1560 5443 p.
1586 5354 1728 5421 228.
1776 5354 2101 5441 Wyttenb.
2129 5353 2208 5418 ad
2240 5352 2409 5418 Plut.
2442 5350 2811 5418 Animadvv.

1148 5483 1212 5548 p.
1248 5479 1431 5546 1013.
1496 5456 1678 5523 Adde
1729 5454 1932 5521 Procl.
1982 5454 2048 5520 in
2092 5454 2221 5520 Alc.
2265 5478 2361 5543 pr.
2410 5478 2473 5543 p.
2502 5470 2613 5541 37.
2657 5468 2720 5518 et
2747 5477 2811 5542 p.

1153 5584 1296 5649 194.
1323 5565 1473 5652 ibiq.
1513 5577 1722 5629 annot.
1769 5577 1960 5629 nostr.
2004 5575 2067 5627 et
2097 5560 2324 5627 Plotin.
2366 5561 2444 5626 de
2478 5560 2813 5649 intellig-ib.

2892 851 3038 901 sunt
3078 859 3156 899 ex
3202 834 3477 901 Platonis
3519 834 3823 900 Convivio
3863 857 3915 898 c.
3963 834 4063 901 28.
4095 834 4179 899 cf.
4222 857 4413 922 supra
4453 857 4564 902 an·

2893 953 3106 1003 notata
3130 937 3211 1002 ad
3238 960 3305 1026 p.
3332 954 3437 1024 50.
3471 939 3546 1002 A.

2979 1078 3064 1091 —
3086 1061 3181 1106 10.
3216 1041 3343 1106 εἶτα
3368 1041 3574 1124 ψυχὴν
3604 1040 3717 1124 ἰδὲ]
3756 1040 3835 1103 111
3864 1036 4089 1102 talibus
4117 1037 4264 1104 boni
4292 1038 4432 1104 libri
4459 1063 4565 1104 ex-

2893 1143 3199 1233 primendi
3241 1158 3406 1222 sunt,
3437 1142 3547 1230 qui
3573 1142 3638 1207 h.
3671 1141 3714 1207 l.
3756 1157 3818 1207 et
3850 1141 4151 1229 proxime,
4191 1142 4375 1207 etiam
4417 1141 4563 1208 alibi

2894 1248 2972 1313 ad
3022 1248 3367 1314 Atticorum
3417 1269 3650 1311 morem
3708 1245 4171 1311 accommodant
4218 1261 4561 1326 accentum,

2895 1351 3027 1439 qui,
3054 1364 3296 1416 aetatem
3326 1349 3558 1415 Plotini
3588 1349 3638 1413 si
3674 1349 3973 1436 respicere
4001 1349 4172 1427 velis,
4201 1349 4565 1437 rejiciendus

2894 1469 3060 1520 erat:
3093 1458 3201 1533 ἴδε,
3233 1453 3327 1519 uti
3356 1478 3415 1517 v.
3448 1478 3501 1519 c.
3536 1453 3768 1518 factum
3810 1453 3874 1517 in
3915 1452 4254 1540 Epicteteis
4285 1454 4339 1517 1.
4368 1472 4464 1536 17.
4499 1454 4559 1517 6.

2900 1558 2997 1622 ΙΙ.
3048 1559 3144 1621 16.
3193 1575 3298 1643 31.
3357 1556 3455 1620 ΙΙ.
3503 1556 3600 1620 18.
3652 1573 3752 1621 22.
3800 1553 4072 1642 itemque
4116 1554 4179 1618 in
4231 1555 4315 1619 N.
4357 1555 4439 1619 T.
4493 1568 4564 1619 ut

2894 1661 3124 1724 Joann.
3190 1660 3245 1723 1.
3309 1677 3409 1742 29.
3470 1656 3550 1722 cf.
3616 1658 3879 1744 Gregor.
3951 1656 4234 1721 Corinth.
4294 1678 4357 1744 p.
4420 1676 4558 1723 121.

2897 1760 3120 1827 Schaef.
3172 1760 3321 1847 ibiq.
3377 1761 3546 1825 Bast.
3599 1759 3796 1823 Plura
3838 1758 4020 1824 citavi
4066 1758 4131 1823 in
4181 1757 4305 1824 Ed.
4360 1758 4559 1846 pecul.

2893 1862 3084 1929 Adde
3113 1877 3321 1927 annot.
3351 1861 3432 1926 ad
3462 1860 3888 1949 Olympiodor.
3920 1884 3983 1949 p.
4014 1879 4157 1945 217.
4189 1858 4319 1939 ubi,
4339 1860 4566 1947 juben-

2896 1967 3062 2032 tibus
3087 1966 3257 2031 libris
3284 1965 3650 2030 retinuimus
3676 1968 3780 2030 ἴδε.

2978 2106 3064 2120 -
3087 2091 3183 2134 11.
3218 2075 3356 2137 Πῶς
3405 2069 3480 2134 ἂν
3525 2070 3631 2133 οὖν
3675 2071 3818 2134 ἴδοις
3846 2065 4079 2151 ψυχήν]
4114 2072 4162 2105 “
4182 2065 4341 2130 Cod.
4384 2068 4557 2131 Voss,

2896 2174 2971 2238 ἂν
2998 2174 3123 2252 οὖν,
3169 2173 3423 2237 rectius:
3469 2185 3543 2236 ut
3586 2193 3802 2257 margo
3849 2167 4036 2233 Basil.
4091 2168 4242 2251 [Ed.
4280 2170 4385 2234 οὖν
4422 2170 4566 2259 ἃν]”

2895 2279 2982 2341 D.
3005 2279 3099 2340 W.
3167 2273 3761 2362 Frequentissimum
3816 2273 3969 2336 hoc:
4039 2270 4192 2335 illud
4247 2284 4450 2336 tamen
4501 2287 4564 2337 et

2894 2379 3097 2467 ipsum
3130 2378 3417 2468 probum,
3441 2392 3504 2441 et
3524 2375 3736 2464 probis
3754 2373 3926 2438 libris
3953 2374 4408 2439 confirmatum:
4432 2399 4558 2440 v.c.

2897 2482 3140 2547 Platon.
3177 2481 3377 2570 Hipp.
3411 2480 3554 2567 maj.
3587 2502 3650 2566 p.
3687 2494 3829 2564 237.
3865 2478 3940 2542 A.
3972 2500 4035 2564 p.
4068 2477 4213 2563 382.
4250 2476 4447 2542 Bekk.
4479 2480 4566 2545 τίς

2897 2585 3002 2648 οὖν
3031 2585 3106 2648 ἂν
3132 2585 3269 2663 ἡμῖν
3294 2586 3552 2651 τοιοῦτος
3585 2583 3767 2663 λόγος
3808 2581 4059 2662 φανείη;
4109 2577 4301 2643 Plura
4340 2579 4404 2643 in
4434 2578 4560 2643 Ed.

2899 2685 3096 2774 pecul.
3129 2700 3194 2751 et
3221 2685 3382 2750 conf.
3420 2683 3759 2749 Stallbaum
3805 2682 3869 2746 in
3908 2682 4149 2746 Erratis
4193 2680 4274 2747 ad
4320 2681 4559 2747 Phileb.

2898 2812 2960 2876 p.
2993 2791 3131 2874 169.
3182 2790 3315 2853 Nos
3346 2803 3549 2853 tamen
3578 2803 3640 2852 et
3667 2787 3731 2851 h.
3756 2786 3799 2851 l.
3831 2785 4078 2873 optimis
4120 2785 4290 2850 libris
4333 2808 4564 2850 morem

2895 2891 3211 2979 gessimus.

2982 3030 3069 3044 —
3098 3011 3192 3058 12.
3243 2993 3351 3057 κᾶν
3386 2991 3555 3073 μήπω
3600 2992 3820 3057 σαυτὸν
3865 2993 3989 3071 ἴδῃς
4030 2989 4566 3072 καλὸν-ἀγάλμα-

2898 3096 3025 3179 τος]
3069 3094 3233 3159 1)1118
3278 3094 3710 3180 Pythagoreus
3753 3117 3853 3181 ap.
3905 3093 4077 3157 Stob.
4128 3093 4320 3156 Serm.
4361 3093 4463 3177 63.
4497 3115 4562 3179 p.

2896 3199 3044 3281 408.
3071 3222 3161 3285 sq.
3184 3221 3246 3286 p.
3269 3198 3416 3283 498.
3446 3197 3642 3262 Gaisf.
3662 3197 3724 3261 in
3744 3197 3901 3261 libro
3920 3196 3998 3260 de
4015 3193 4427 3283 pulcritudine
4447 3220 4462 3258 :
4489 3194 4567 3260 ‘A

2899 3301 2967 3367 δέ
2993 3330 3106 3386 γαρ
3130 3303 3417 3385 εὐμορφία
3444 3309 3565 3370 τοῖς
3592 3300 4057 3366 ποτοκέλλουσιν
4084 3302 4296 3367 ἁδονᾶς
4321 3298 4567 3383 παρέχει

2894 3406 3356 3487 ποθερπύζουσα,
3389 3405 3646 3486 καθάπερ
3688 3406 3928 3487 ἄγαλμα
3963 3402 4001 3483 ἢ
4036 3406 4240 3486 γραφᾶ
4279 3401 4318 3484 ἢ
4361 3403 4569 3484 ἅτερον

2896 3508 3283 3590 χειρόκματον
3312 3506 3676 3587 ἐπιτήδευμα.
3726 3505 3828 3569 Cf.
3865 3507 4143 3569 Socrates
4182 3503 4333 3570 ibid.
4368 3505 4563 3568 Serm.

2900 3611 2957 3673 1.
2989 3632 3052 3697 p.
3085 3630 3147 3692 4.
3180 3632 3245 3698 p.
3279 3609 3375 3673 18.
3411 3608 3607 3674 Gaisf.
3640 3631 3733 3672 nr.
3765 3627 3868 3693 33.
3905 3609 4058 3671 Post
4084 3606 4151 3670 τὸ
4192 3608 4305 3687 μὲν
4333 3608 4574 3688 ἀφαιρεῖ

2900 3711 3153 3777 Ficinus
3194 3713 3257 3795 (e
3299 3714 3671 3799 conjectura,
3712 3712 3803 3776 uti
3833 3711 4114 3784 videtur;
4161 3732 4364 3796 neque
4404 3708 4564 3773 enim

2899 3814 3168 3879 Medicei
3217 3815 3419 3881 Codd.
3473 3814 3654 3903 plura
3704 3814 3963 3898 habent)
4014 3812 4286 3878 addidit:
4320 3812 4567 3900 partim

2894 3940 3128 4007 quoque
3177 3919 3431 4007 dirigit,
3482 3933 3552 3983 ut
3596 3918 3713 3983 hoc
3759 3918 4106 3982 membrum
4154 3939 4232 3980 ex
4288 3937 4421 3980 asse
4466 3936 4563 3978 re-

2901 4020 3198 4108 spondeat
3227 4021 3533 4086 inferiori:
3584 4023 3680 4086 καὶ
3708 4022 3995 4085 ἆπεύθυνε
4025 4021 4141 4083 ὅσα
4168 4016 4399 4081 σκολιά.

2982 4160 3068 4172 -
3095 4143 3190 4205 14.
3237 4124 3304 4188 τὸ
3333 4126 3445 4204 μὲν
3474 4124 3741 4208 ἀφαιρεῖ]
3796 4121 3978 4186 Conf.
4017 4119 4149 4185 Cic.
4177 4118 4256 4183 de
4285 4117 4566 4184 Divinat-

2901 4225 2997 4290 ΙΙ.
3023 4244 3137 4292 21;
3187 4234 3230 4265 “
3262 4225 3366 4290 illa
3392 4226 3555 4290 enim
3595 4223 3964 4308 (Praxitelia
4001 4222 4231 4311 capita)
4272 4221 4409 4310 ipsa
4443 4220 4568 4286 effi-

2895 4327 3144 4392 ciuntur
3170 4329 3564 4407 detractione,
3596 4351 3707 4392 nec
3747 4326 4092 4414 quidquam
4125 4324 4274 4390 illuc
4315 4324 4568 4390 affertur

2896 4452 2935 4494 a
2964 4429 3309 4504 Praxitele3
3356 4432 3465 4495 aed
3491 4453 3630 4495 cum
3659 4430 3855 4494 multa
3882 4438 4031 4494 sunt
4056 4430 4355 4508 detracta,
4384 4443 4448 4493 et
4487 4426 4568 4491 ad

2896 4532 3263 4598 lineamenta
3312 4534 3434 4598 oris
3482 4546 3848 4621 perventum
3894 4547 4006 4610 est,
4055 4546 4191 4596 tum
4240 4529 4566 4619 intelligas,

2894 4634 3074 4715 illud,
3104 4636 3273 4723 quod
3293 4636 3426 4722 jam
3456 4637 3792 4723 expolitum
3822 4634 3921 4714 sit,
3950 4634 4120 4699 intus
4146 4633 4392 4698 fuisse.”

2978 4739 3063 4804 ib.
3112 4739 3178 4803 τὸ
3217 4741 3283 4803 δὲ
3310 4739 3588 4823 ἆπέξεσε]
3640 4738 3741 4802 De
3787 4737 4115 4824 scriptione
4157 4736 4284 4800 vid.
4338 4737 4566 4801 Zonar.

2898 4842 3060 4906 Lex.
3104 4865 3168 4930 p.
3195 4856 3341 4926 275.
3386 4857 3448 4904 et
3497 4843 3681 4920 1416.
3738 4855 3802 4905 et
3852 4841 4154 4928 Interprr.
4203 4836 4283 4902 ad
4333 4836 4566 4902 Thom.

2899 4946 3079 5031 Mag.
3109 4967 3176 5031 p.
3197 4947 3343 5025 641.
3411 4945 3512 5006 De
3542 4965 3657 5006 usu
3690 4942 3881 5021 verbi,
3916 4943 4023 5030 qui
4053 4958 4144 5006 est
4173 4938 4461 5027 proprius
4488 4939 4570 5006 de

2898 5045 3225 5134 sculptore,
3255 5044 3366 5131 qui
3412 5045 3588 5131 signa
3633 5045 3889 5134 expolit,
3919 5045 4045 5110 vid.
4082 5043 4439 5108 Hemsterh.
4486 5043 4570 5108 ad

2901 5148 3165 5214 Lucian.
3188 5146 3378 5212 Dian.
3399 5149 3623 5213 Mortt.
3646 5171 3713 5236 p.
3731 5169 3880 5235 351.
3903 5147 4045 5236 Bip.
4071 5161 4134 5212 et
4155 5149 4234 5212 F.
4250 5148 4336 5210 A.
4355 5144 4570 5210 Wolfli

2902 5251 3188 5339 Prolegg.
3219 5250 3300 5315 ad
3342 5252 3533 5315 Hom.
3565 5274 3627 5338 p.
3654 5269 3757 5335 74.
3787 5275 3923 5339 sqq.
4013 5249 4343 5314 Tralatum
4387 5271 4567 5313 usum

2898 5354 3070 5442 quod
3098 5353 3338 5432 attinet,
3366 5353 3490 5418 vid.
3525 5354 3800 5443 Hesych.
3834 5355 3893 5417 1.
3924 5375 3988 5440 p.
4006 5369 4158 5437 437.
4206 5351 4379 5417 Suid.
4415 5353 4469 5417 Ι.
4500 5374 4567 5438 p.

2904 5472 3044 5541 254.
3092 5456 3319 5521 Pollux
3355 5458 3471 5521 VI.
3504 5477 3641 5539 141.
3688 5457 3881 5542 Greg.
3927 5456 4082 5518 Naz.
4127 5454 4192 5519 in
4234 5454 4405 5520 laud.
4450 5455 4572 5518 Ba-

2902 5557 3018 5624 silii
3042 5559 3111 5622 τὸ
3142 5563 3246 5624 τοῦ
3275 5559 3450 5640 ἤθους
3491 5560 3769 5626 εὐσταθὲς
3798 5559 3892 5622 καὶ
3928 5557 4190 5638 βεβηκὸς
4231 5558 4327 5622 καὶ
4362 5559 4566 5637 ἀπεξε-
