5118 6613
1448 526 1646 591 LIB.
1683 526 1738 590 I.
1785 526 2246 592 ENNEAD.
2296 524 2698 591 SEXTAE.
2742 548 2806 613 p.
2845 540 3030 611 1079,
3065 527 3248 593 1080.

616 703 798 779 ζώοις,
829 698 1012 765 οὕτως
1048 699 1086 778 ἦ
1121 699 1452 779 οἰκοδομικὴ
1498 701 1594 763 καὶ
1636 698 1937 777 τεκτονικὴ
1983 697 2078 763 καὶ
2120 699 2311 780 ὑφαν-

618 804 765 884 τικὴ,
800 802 895 866 καὶ
932 803 994 866 αὶ
1033 802 1220 865 ἄλλαι
1260 800 1489 885 τέχναι,
1521 806 1595 866 τὰ
1638 803 1998 866 ἐλλείποντα
2045 807 2166 867 τοῖς
2207 802 2312 864 ἀν-

618 908 868 989 θρώποις
909 905 1340 987 ἀναπληροῦσι,
1371 909 1446 969 τᾶ
1478 905 1742 988 χρήσιμα
1777 903 1922 988 πρὸς
1963 905 2069 984 τὴν
2100 903 2314 986 αὐτάρ-

619 1036 785 1076 κειαν
812 1012 918 1073 τοῦ
942 1009 1084 1087 βίου
1115 1007 1666 1084 κατασκευάζουσαι.
1713 1009 1914 1090 τρίτον
1943 1009 2008 1071 δὲ
2045 1010 2151 1070 τοῦ
2187 1032 2315 1070 ποι-

621 1119 711 1178 εῖν
739 1111 933 1196 γένος,
965 1108 1034 1176 τὸ
1060 1112 1129 1175 ἐν
1156 1113 1236 1197 τῷ
1268 1110 1566 1192 πράσσειν
1596 1112 2004 1193 ἀπηρίθμηται,
2037 1110 2183 1190 ὅπερ
2210 1112 2318 1173 τοῦ

617 1219 807 1298 λόγου
850 1218 955 1282 τὰς
998 1214 1133 1295 περὶ
1181 1216 1257 1278 τᾶ
1302 1216 1556 1292 αἰσθητὰ
1608 1214 1704 1278 καὶ
1750 1211 2007 1277 σύνθετα
2051 1212 2317 1292 ποιήσεις

619 1314 1006 1401 ἐπιτροπεύει,
1050 1317 1420 1399 προαίρεσιν,
1469 1318 1562 1382 καὶ
1604 1316 1856 1396 βουλὴν,
1897 1317 2075 1394 δόξαν
2102 1341 2186 1389 τε,
2222 1316 2316 1379 καὶ

622 1419 866 1503 σκέψιν,
921 1420 1016 1484 καὶ
1071 1421 1177 1486 τὰς
1232 1416 1503 1487 τοιαύτας
1557 1418 1824 1499 ποιήσεις
1879 1418 2310 1501 παρεχόμενον·

622 1520 828 1588 τούτου
874 1523 958 1596 δὲ,
1007 1519 1077 1586 τὸ
1111 1521 1224 1601 μέν
1269 1524 1399 1585 ἐστι
1446 1520 1571 1586 καθ’
1614 1522 1759 1585 ὅλου
1802 1524 1877 1584 τὰ
1920 1525 2035 1585 τῶν
2078 1521 2318 1584 πόλεων

623 1623 939 1707 πράγματα
967 1627 1242 1688 διοικοῦν·
1293 1625 1389 1687 καὶ
1418 1625 1486 1687 ἐν
1511 1626 1622 1704 μὲν
1651 1623 1892 1708 πολέμῳ
1925 1626 2313 1705 στρατηγοῦν·

625 1730 694 1793 ἐν
721 1730 786 1791 δὲ
816 1726 1014 1809 εἰρήνῃ
1054 1729 1157 1793 τὰς
1198 1727 1404 1793 πόλεις
1449 1727 1837 1809 ἐπανορθοῦν·
1884 1723 1955 1789 τὸ
1982 1728 2045 1790 δὲ
2073 1726 2317 1806 μερικῶ-

626 1855 816 1913 τερον,
850 1833 954 1896 τὰς
982 1829 1130 1895 ἰδίας
1156 1827 1412 1908 οἰκήσεις
1442 1829 1751 1905 εὖθετίζον,
1778 1830 1923 1910 ὅπερ
1954 1826 2318 1907 οἰκονομικὸν

624 1939 911 1998 καλεῖται.
957 1935 1131 1995 τοῦτο
1178 1933 1243 1995 δὲ
1285 1929 1355 1995 τὸ
1396 1932 1545 1995 ὅλον
1578 1930 1754 2014 γένος
1802 1937 1920 1995 τῶν
1958 1935 2318 2010 δοξαστικῶν

625 2038 755 2099 ἐστι
791 2036 996 2116 λόγων
1023 2037 1123 2114 τῆς
1160 2038 1380 2117 ψυχῆς,
1411 2034 1546 2116 περὶ
1587 2037 1664 2098 τὰ
1707 2036 1959 2114 αἰσθητὰ
2004 2030 2314 2115 ἐνεργούν-

623 2164 759 2213 των,
785 2138 880 2202 καὶ
909 2136 1124 2219 ἀρετὴν
1155 2137 1251 2200 καὶ
1279 2137 1488 2200 κακίαν
1517 2136 1971 2220 ἐπιδεχομένων,
1996 2133 2143 2200 διότι
2171 2138 2318 2200 κατὰ

620 2240 968 2322 προαίρεσιν
998 2239 1093 2303 καὶ
1122 2238 1307 2320 ὁρμὴν
1337 2239 1579 2319 ζωτικὴν
1611 2240 1984 2303 ἐπιτελεῖται·
2029 2240 2177 2303 οὕτω
2205 2240 2318 2318 μὲν

619 2340 914 2427 Ἀρχύτας
954 2339 1023 2405 τὸ
1063 2340 1342 2423 πράττειν
1376 2339 1494 2405 ἀπὸ
1528 2345 1632 2405 τοῦ
1669 2347 1862 2406 ποιεῖν
1892 2346 2120 2423 διαιρεῖ.
2163 2343 2321 2408 τινὲς

620 2448 685 2510 δὲ
726 2448 1026 2526 ποιητικὰς
1066 2446 1181 2523 μὲν
1220 2443 1528 2527 λέγουσιν,
1564 2445 1648 2508 ὧν
1679 2443 1942 2524 ἐπιμένει
1985 2448 2058 2508 τὰ
2100 2446 2313 2509 ἀποτε-

622 2549 895 2630 λέσματα
924 2549 1022 2612 καὶ
1046 2549 1197 2627 μετὰ
1223 2547 1331 2626 τὴν
1358 2549 1619 2627 ποίησιν,
1653 2549 1729 2614 ὡς
1756 2548 2059 2626 τεκτονικὴ
2100 2548 2196 2611 καὶ
2235 2550 2316 2611 οἰ-

623 2650 919 2733 κοδομική.
964 2653 1283 2733 πρακτικὰς
1319 2652 1403 2724 δὲ,
1436 2653 1519 2714 ὦν
1546 2653 1622 2715 τὸ,
1650 2649 2111 2730 ἀποτελέσματα
2143 2652 2210 2714 ἐν
2236 2654 2317 2737 τῷ

620 2758 897 2839 γίνεσθαι
927 2755 1055 2838 ἔχει
1081 2750 1149 2816 τὸ
1176 2752 1345 2827 εἶναι,
1379 2754 1456 2820 ὥς
1484 2752 1766 2834 αὐλητική
1804 2778 1871 2817 τε
1911 2754 2004 2817 καὶ
2042 2755 2318 2837 ὀρχηστι-

623 2860 711 2940 κὴ,
744 2860 841 2923 καὶ
877 2860 939 2922 αἱ
979 2860 1265 2921 τοιαῦται.
1313 2857 1471 2921 ἄλλο
1512 2858 1577 2920 δὲ
1620 2854 1797 2938 γένος
1840 2856 2143 2938 ἐνεργείας
2187 2856 2318 2919 ἐστὶ

619 2966 769 3043 μετᾶ
795 2965 999 3035 ταῦτα,
1033 2959 1066 3024 ὃ
1099 2965 1303 3027 κοινῶς
1345 2961 1486 3024 ἄνευ
1532 2960 1793 3027 διανοίας
1832 2958 2125 3043 Ἀρχύτας
2167 2961 2312 3024 ἀπο-

626 3070 814 3138 καλεῖ,
847 3062 916 3127 τὸ
955 3065 1022 3127 ἐν
1050 3068 1171 3130 τοῖς
1212 3060 1458 3145 ἀλόγοις
1499 3065 1681 3138 ζώοις,
1716 3064 1810 3127 καὶ
1853 3067 2036 3142 δῆλον
2064 3065 2155 3126 ὅτι
2198 3064 2317 3126 ὅσα

618 3167 766 3233 ποτέ
807 3169 957 3241 ἐστι,
1001 3166 1096 3230 καὶ
1136 3168 1314 3230 ὁποῖα
1361 3168 1483 3244 εἴδη
1526 3171 1643 3229 τῶν
1683 3164 1924 3248 ἀλόγων
1961 3167 2141 3241 ζώων,
2172 3191 2312 3229 τοσ-

619 3276 769 3337 αὓτα
817 3271 912 3336 καὶ
954 3271 1196 3333 τοιαῦτα
1240 3269 1334 3333 καὶ
1380 3270 1448 3334 ἐν
1486 3272 1566 3356 τῷ
1610 3275 1804 3334 ποιεῖν
1850 3267 2106 3352 διάφορά
2151 3270 2317 3334 ἐστιν

622 3379 745 3456 εἴδη
790 3376 937 3439 κατὰ
979 3373 1086 3453 τὴν
1124 3369 1395 3452 τοιαύτην
1426 3371 1750 3454 ἐνέργειαν,
1784 3374 1917 3454 περὶ
1961 3376 2045 3436 ὧν
2083 3375 2150 3437 ἐν
2189 3379 2316 3440 ταῖς

621 3479 754 3561 περὶ
780 3479 943 3554 ζώων
973 3477 1255 3558 ὶστορίαις
1284 3480 1715 3558 διαριθμεῖσθαι
1760 3477 2066 3555 εἰώθαμεν.
2112 3483 2315 3539 τελευ-

621 3588 790 3647 ταῖον
811 3584 877 3646 δὲ
905 3580 1080 3663 γένος
1110 3581 1422 3661 ἐνεργειῶν
1445 3580 1699 3643 νοείσθω
1725 3580 1913 3661 φησὶν
1939 3578 2309 3662 Ἰάμβλιχος,

621 3685 768 3766 ὅπερ
811 3686 1010 3767 ψυχῆς
1057 3685 1170 3763 μὲν
1222 3683 1318 3746 καὶ
1361 3684 1598 3764 φύσεως
1648 3683 1742 3746 καὶ
1787 3680 1991 3765 λόγων
2036 3683 2130 3746 καὶ
2171 3686 2315 3761 ζωῆς

621 3785 814 3851 οὐκέτι
845 3787 1204 3850 ἐπιδείκνυσι
1231 3786 1492 3865 ποίησιν·
1541 3790 1660 3848 τῶν
1689 3786 1753 3848 δὲ
1784 3785 2093 3865 σωμάτων,
2125 3782 2161 3866 ᾗ
2193 3787 2310 3848 σῶ-

617 3889 775 3972 ματά
804 3892 972 3954 ἐστιν
999 3890 1231 3972 ἄψυχα,
1263 3891 1534 3970 φανερὰν
1564 3889 1875 3967 καθίστησι
1902 3888 2010 3967 τὴν
2040 3914 2307 3968 σωματο-

622 3996 744 4072 ειδῆ
774 3990 1099 4075 ἐνέργειαν,
1135 3994 1281 4055 κατὰ
1317 3989 1516 4058 πάσας
1556 3994 1669 4070 μὲν
1708 3994 1812 4058 τὰς
1856 3993 1992 4074 περὶ
2028 3990 2095 4055 τὸ
2141 3998 2312 4071 σῶμα

618 4098 724 4164 τὰς
750 4093 1116 4177 φαινομένας
1144 4090 1449 4174 ἰδιότητας·
1495 4097 1642 4158 κατὰ
1667 4093 1867 4161 πάσας
1894 4096 1959 4157 δὲ
1989 4093 2181 4158 αὐτῶν
2209 4098 2314 4163 τὰς

620 4196 891 4277 δυνάμεις
939 4198 1052 4280 οὑχ
1095 4192 1131 4276 ᾗ
1181 4193 1369 4276 μόνον
1416 4196 1632 4278 στερεά
1678 4199 1807 4261 ἐστι
1859 4198 1952 4260 καὶ
2004 4198 2308 4272 ἀντίτυπα,

623 4298 761 4364 ἀλλ’
790 4296 830 4379 ᾖ
857 4298 992 4380 περὶ
1036 4300 1227 4363 αὐτῶν
1265 4299 1392 4382 ἔχει
1433 4302 1666 4366 πολλᾶς
1710 4301 2092 4381 δραστηρίους
2135 4300 2307 4364 δυνά-

616 4426 764 4481 μεις.
811 4401 938 4464 αἵτε
981 4402 1096 4482 γὰρ
1141 4398 1436 4482 σύμφυτοι
1478 4407 1596 4464 τῶν
1637 4403 1953 4485 στοιχείων
1997 4402 2308 4485 ἐνέργειαι,

621 4506 716 4569 καὶ
755 4506 817 4568 αἱ
852 4507 953 4583 τῆς
993 4505 1175 4585 ῥοπῆς
1220 4501 1492 4583 κινήσεις,
1522 4500 1559 4583 ἢ
1591 4505 1687 4567 ἐπὶ
1716 4504 1783 4567 τὸ
1814 4503 2022 4584 βάθος,
2051 4502 2088 4585 ἢ
2119 4506 2214 4569 ἐπὶ
2244 4506 2311 4570 τὸ

618 4609 796 4691 ὕψος,
829 4608 956 4670 αἵτε
998 4607 1329 4686 πληκτικαὶ,
1367 4607 1462 4670 καὶ
1493 4609 1641 4670 κατὰ
1670 4606 1778 4687 τὴν
1806 4605 1956 4692 ᾥσιν
1983 4606 2309 4690 γινόμεναι,

618 4711 878 4795 ἔσχαταί
913 4735 980 4773 τε
1021 4707 1376 4793 ὑπάρχουσι,
1411 4710 1507 4774 καὶ
1548 4711 1615 4773 ἐν
1651 4715 1773 4775 τοῖς
1817 4710 2123 4778 συνθέτοις
2166 4716 2310 4774 θεω·

616 4819 877 4898 ροΰνται,
911 4819 1220 4895 συμμιγεῖς
1255 4812 1323 4876 τέ
1353 4814 1470 4876 εἰσι
1511 4812 1659 4894 πρὸς
1701 4813 1895 4879 ἄλλας
1939 4810 2171 4895 φύσεις.
2220 4815 2308 4877 αἴ-

617 4943 772 4985 τινες
799 4916 993 4981 οὐκέτι
1022 4917 1177 4980 εἰσὶν
1206 4917 1519 4998 ἐνέργειαι,
1544 4913 1612 4979 τό
1643 4941 1709 4979 τε
1739 4915 2092 4997 δραστήριον
2120 4915 2313 4980 οὗκέτι

618 5023 831 5101 ὁμοίως
874 5019 1139 5103 ἔχουσιν,
1173 5018 1309 5082 ἀλλ’
1344 5018 1792 5101 ἐπιμεμιγμέναι
1829 5018 1975 5101 πρὸς
2021 5017 2179 5099 πάθη
2229 5021 2305 5083 εῖ-

619 5126 739 5197 σὶν,
773 5123 949 5187 αὐταί
972 5148 1039 5185 τε
1071 5121 1196 5187 καθ’
1228 5125 1437 5189 ἑαυτὰς
1473 5122 1668 5194 οὖσαι,
1705 5123 1801 5186 καὶ
1829 5120 1932 5204 ἀφ’
1967 5121 2185 5203 ἑτέρων
2213 5126 2306 5186 δε-

614 5223 867 5309 χόμεναι
894 5227 1027 5288 τινᾶ
1058 5227 1139 5292 εἷς
1169 5227 1378 5292 ἑαυτὰς
1407 5223 1751 5303 ἐπιπλοκήν·
1784 5226 1905 5288 ὅσα
1931 5226 2045 5304 μὲν
2066 5226 2173 5289 οὖν
2193 5224 2307 5289 ὑπὸ

616 5329 683 5393 τὸ
725 5333 919 5393 ποιεῖν
958 5326 1266 5409 ὑπάγεται,
1297 5331 1393 5391 διᾶ
1428 5326 1650 5392 τούτων
1677 5326 1969 5410 πέφηνεν.
2004 5325 2216 5406 ’Aaou
2245 5330 2310 5392 δὲ

619 5434 953 5511 ἐπιστῆσαι,
986 5433 1081 5495 διὰ
1118 5431 1179 5493 τί
1209 5429 1276 5493 τὸ
1316 5436 1660 5494 τελευταῖον
1687 5435 1859 5494 τοῦτο
1907 5430 2059 5496 εἶδος
2100 5429 2167 5493 τὸ
2214 5432 2312 5495 ἐπὶ

618 5540 734 5598 τῶν
763 5531 1021 5617 ἀψύχων
1049 5530 1472 5614 θεωρούμενον,
1503 5537 1727 5615 παρῆκε
1768 5534 1987 5601 τελέως
2016 5535 2048 5596 ὁ
2090 5531 2308 5617 Ἀρχύ-

3963 545 4085 614 341

2399 724 2525 765 τας.
2578 700 2679 762 καί
2719 724 2819 777 μοι
2866 703 3028 762 δοκεῖ
3069 702 3172 766 τὰς
3222 700 3425 781 κυρίως
3473 696 3742 778 ποιήσεις
3789 697 4094 763 διελέσθαι

2399 800 2782 883 προθέμενος,
2828 802 3045 868 αἵτινες
3087 803 3155 865 ἐν
3201 804 3433 869 ἑαυταῖς
3484 803 3689 883 κυρίως
3735 801 3943 884 ἔχουσι
3987 803 4095 882 τὴν

2402 905 2594 987 ἀρχὴν
2642 908 2742 983 τῆς
2794 902 3095 983 κινήσεως,
3146 909 3559 987 παραιτεῖσθαι
3609 907 3712 972 τᾶς
3763 908 4096 985 σωματικὰς

2400 1003 2633 1080 ταύτας,
2678 1006 2780 1071 ἅτε
2824 1006 2971 1088 πρὸς
3017 1006 3204 1074 πάθος
3255 994 3748 1089 συμμεμιγμένας,
3801 1009 3897 1073 καὶ
3943 1010 4094 1088 μετᾶ

2404 1108 2686 1188 κινήσεως
2715 1109 2810 1174 καὶ
2839 1109 3222 1176 ἀλλοιώσεως
3259 1109 3592 1191 γινομένας.
3637 1108 3883 1175 Τούτων
3912 1114 3976 1176 δὲ
4008 1116 4091 1175 δι-

2403 1212 2758 1296 αιρεθέντων
2788 1214 2983 1295 καιρὸς
3011 1214 3087 1278 ἂν
3118 1217 3206 1293 εἴη
3234 1214 3451 1277 λοιπὸν
3479 1217 3554 1277 τᾶ.
3582 1215 3695 1279 ὑπὸ
3726 1220 3831 1279 τοῦ
3859 1217 4096 1280 Πλωτί-

2404 1342 2509 1381 νου
2537 1315 2841 1399 λεγόμενα
2885 1316 3353 1400 ἐπισκέψασθαι·
3402 1316 3468 1379 τὸ
3495 1318 3696 1381 τοίνυν
3722 1320 3826 1384 τὰς
3853 1317 3999 1399 πρὸς
4028 1316 4097 1380 τὸ

2399 1419 2662 1502 πάσχειν
2689 1419 2990 1503 ῥέπουσας
3035 1419 3293 1499 κινήσεις
3334 1418 3540 1501 λέγειν
3568 1418 3850 1498 ποιήσεις,
3884 1425 4104 1502 συγχεῖ

2399 1518 2473 1585 τὰ
2518 1520 2622 1586 δύο
2663 1521 2808 1605 γένη
2855 1522 3001 1604 πρὸς
3046 1522 3309 1601 ἄλληλα.
3360 1522 3430 1585 οὑ
3460 1521 3574 1603 γάρ
3606 1524 3761 1584 εἰσιν
3784 1524 3988 1589 ἁπλῶς
4032 1523 4100 1585 ἐν

2400 1628 2480 1711 τῷ
2507 1631 2705 1689 ποιεῖν
2733 1628 2795 1688 αἱ
2823 1621 3305 1704 συμπλεκόμεναι
3347 1624 3493 1706 πρὸς
3535 1623 3603 1687 τὸ
3647 1622 3909 1706 πάσχειν
3939 1623 4095 1703 κινή-

2403 1753 2545 1794 σεις.
2581 1731 2634 1791 εἰ
2663 1727 2730 1791 δέ
2757 1753 2844 1795 τις
2876 1728 2969 1791 καὶ
2998 1725 3101 1794 τὰς
3131 1726 3387 1806 κινήσεις
3415 1726 3800 1810 περιέχεσθαι
3829 1724 4003 1808 λέγοι
4033 1727 4101 1791 ἐν

2401 1834 2481 1916 τῷ
2510 1836 2723 1905 ποιεῖν,
2755 1828 2860 1898 τὰς
2898 1828 3045 1894 κατὰ
3069 1829 3138 1893 τὸ
3171 1836 3353 1893 κινεῖν
3384 1825 3659 1909 δηλονότι
3701 1827 3964 1911 λήψεται
4008 1832 4097 1893 αἱ·

2401 1934 2531 2000 τίας
2559 1937 2664 1996 τοῦ
2693 1938 3001 2007 κινεῖσθαι,
3035 1934 3253 1999 αἵτινες
3280 1934 3356 1999 ὡς
3387 1933 3454 1996 ἐν
3485 1932 3672 1998 αἰτίας
3706 1928 3871 2017 λόγῳ
3900 1932 4093 2014 περιέ-

2401 2061 2581 2118 χουσι
2608 2032 2709 2101 τὰς
2737 2032 2919 2118 ἀρχὰς
2959 2036 3107 2101 ὅλας
3145 2040 3263 2098 τῶν
3294 2032 3599 2113 κινήσεων.
3648 2031 3786 2096 ἀλλ’
3819 2033 3954 2097 οὐδὲ
3993 2032 4098 2100 τὰς

2404 2140 2708 2221 ἐνεργείας
2736 2143 2815 2225 τῷ
2846 2137 3123 2224 ἀπολύτῳ
3153 2136 3350 2224 τρόπῳ
3383 2141 3479 2201 δεῖ
3510 2138 3972 2221 χαρακτηρίζειν.
4008 2138 4101 2201 καὶ

2403 2238 2515 2325 γὰρ
2557 2241 2828 2321 κινήσεσι
2856 2239 2924 2304 τὸ
2951 2240 3252 2305 ἀπόλυτον
3280 2239 3549 2323 ὑπάρχει,
3584 2241 3660 2306 ὡς
3701 2237 3770 2303 τὸ
3808 2242 4095 2319 βαδίζειν·

2407 2346 2501 2409 καὶ
2543 2347 2865 2427 ἐνεργείαις
2905 2345 3019 2428 οὐχ
3057 2343 3328 2428 ὑπάρχει,
3362 2344 3438 2409 ὦς
3481 2344 3548 2406 ἐν
3574 2346 3654 2428 τῷ
3683 2348 3863 2415 νοεῖν,
3899 2341 4098 2420 ἐπειδὴ

2400 2446 2469 2512 τὸ
2496 2449 2770 2512 νοεῖσθαί
2792 2449 2958 2511 ἐστιν
2986 2444 3022 2526 ἢ
3051 2452 3244 2509 ποιεῖν
3271 2443 3308 2524 ἢ
3336 2444 3615 2528 πάσχειν.
3661 2441 3728 2508 τὸ
3765 2447 3829 2508 δὲ
3867 2443 4094 2526 λέγειν,

2400 2550 2625 2631 μήποτε
2654 2552 2789 2614 οὐδὲ
2820 2554 2927 2613 τοῦ
2952 2554 3147 2613 ποιεῖν
3179 2550 3306 2612 ἐστι
3337 2545 3404 2611 τὸ
3432 2553 3593 2611 νοεῖν
3622 2549 3716 2612 καὶ
3741 2547 3809 2610 τὸ
3833 2547 4100 2627 βαδίζειν

2403 2652 2499 2718 διὰ
2522 2653 2591 2716 τὸ
2620 2653 2772 2717 εἶναι
2801 2648 3089 2725 ἀπόλυτα,
3122 2651 3472 2715 τούναντίον
3499 2655 3741 2730 μᾶλλον
3772 2675 4091 2713 κατασκευ-

2403 2756 2524 2832 άζει
2554 2784 2606 2820 κ.
2629 2781 2678 2820 τ.
2703 2762 2761 2817 λ.

2488 2883 2558 2946 p.
2591 2878 2775 2941 1079,
2807 2878 2859 2920 Ι.
2898 2857 3110 2921 οὐκοῦν
3138 2859 3407 2940 γίγνεται
3436 2856 3503 2920 τὸ
3531 2856 3794 2940 πάσχειν
3823 2859 3903 2942 τῷ
3934 2855 4100 2939 ἔχειν

2404 2964 2471 3026 ἐν
2501 2964 2654 3047 αὐτῷ
2690 2962 3101 3040 κίνησιν-καὶ
3131 2959 3197 3024 τὸ
3227 2966 3421 3024 ποιεῖν
3449 2958 3486 3040 ἢ
3518 2960 3711 3047 ἔχειν]
3754 2960 3858 3023 Ita
3885 2982 3963 3022 ex
3991 2959 4101 3024 bo-

2401 3064 2498 3129 nis
2538 3063 2743 3129 Codd.
2787 3063 2956 3128 hunc
2999 3062 3204 3128 locum
3252 3062 3566 3127 constitui.
3657 3063 3734 3126 In
3767 3061 3894 3127 Ed.
3929 3061 4102 3127 deest

2400 3173 2481 3255 τῷ
2511 3169 2694 3252 ἔχειν,
2726 3167 3017 3232 scribitur
3046 3168 3221 3254 αὑτῷ,
3254 3180 3316 3231 et
3346 3182 3486 3253 post
3515 3172 3709 3230 ποιεῖν
3738 3164 3978 3229 illatum
4009 3180 4102 3229 est

2401 3273 2528 3337 οὖν.
2617 3270 2865 3336 Deinde
2895 3271 2976 3335 B.
3023 3269 3132 3336 lin.
3166 3291 3227 3354 9.
3273 3269 3477 3358 recepi
3508 3293 3584 3334 ex
3616 3268 3903 3334 editionis
3933 3291 4094 3334 mar-

2398 3375 2544 3462 gine
2576 3377 2755 3442 οὕτως
2784 3376 3103 3439 διατίθεται
3146 3396 3262 3460 pro
3292 3374 3478 3440 οὗτος.
3573 3374 3720 3437 Hoc
3750 3387 3955 3436 tamen
3987 3395 4093 3436 ex-

2399 3478 2622 3566 pressit
2664 3477 2798 3542 Fic.
2894 3478 3124 3540 Nostra
3168 3474 3348 3541 lectio
3395 3475 3483 3540 ita
3529 3474 3934 3563 exprimenda
3979 3475 4093 3539 sit:

2396 3583 2693 3669 quoniam
2720 3581 2849 3644 Icoec
2877 3581 2970 3644 ita
2998 3580 3376 3666 efficiuntur.

2484 3706 2548 3769 p.
2587 3683 2773 3759 1080,
2807 3701 2865 3764 7.
2913 3680 3052 3745 ἀλλ’
3086 3682 3153 3744 ἐκ
3193 3686 3298 3744 τοῦ
3341 3680 3492 3744 εἶναι
3537 3678 3716 3743 αὐτὸν
3760 3679 3919 3743 ἄλλο
3961 3705 4017 3743 τι
4059 3678 4095 3758 ἢ

2398 3786 2622 3873 ποιεῖν]
2672 3783 3046 3871 Legendum
3079 3782 3325 3847 videtur
3356 3782 3417 3846 in
3452 3780 3774 3846 Ficiniana
3817 3781 4096 3845 versione

2396 3888 2582 3952 ali-ud
2605 3888 2779 3975 quid,
2812 3901 3003 3973 atque
3033 3885 3120 3950 ita
3149 3885 3411 3962 correxi,
3444 3908 3560 3972 pro
3585 3884 3848 3972 aliquid.

2481 4028 2570 4039 -
2601 4012 2696 4055 11.
2744 3991 2899 4072 Περὶ
2937 3992 3002 4054 δὲ
3036 3993 3143 4053 τοῦ
3182 3990 3365 4073 ἔχειν,
3400 3992 3453 4053 εἰ
3480 3987 3548 4052 τὸ
3580 3989 3745 4072 ἔχειν
3773 3993 4097 4072 πολλαχῶς

2399 4122 2451 4158 κ.
2471 4119 2525 4156 τ.
2549 4094 2646 4181 λ.]
2690 4092 2874 4157 Venit
2904 4092 2987 4156 ad
3022 4091 3300 4157 ultimam
3337 4092 3731 4179 Categoriam
3767 4089 4089 4155 Plotinus:

2395 4197 2531 4277 περὶ
2574 4200 2680 4261 τοῦ
2724 4197 2909 4279 ἔχειν,
2943 4194 3289 4260 Aristotelis
3321 4197 3584 4281 Categg.
3621 4218 3671 4260 e.
3712 4195 3890 4258 XII.
3921 4193 4092 4280 quod

2397 4315 2588 4387 caput
2616 4300 2704 4363 ita
2734 4298 2984 4386 incipit:
3018 4296 3086 4362 τὸ
3117 4301 3181 4363 δὲ
3214 4299 3379 4382 ἔχειν
3402 4302 3549 4362 κατὰ
3577 4298 3821 4364 πλείους
3848 4298 4098 4378 τρόπους

2395 4401 2789 4485 λέγεται-εἱ
2817 4401 2902 4465 ita
2930 4400 3181 4466 finitur:
3206 4400 3387 4468 Ἴσως
3417 4404 3480 4465 δὲ
3511 4401 3586 4465 ἂν
3609 4401 3703 4465 καὶ
3733 4402 3914 4465 ἄλλοι
3941 4402 4098 4467 τινὲς

2399 4506 2738 4587 φανείησαν
2757 4509 2862 4568 τοῦ
2891 4504 3054 4589 ἔχειν
3076 4506 3300 4586 τρόποι·
3336 4506 3478 4567 οἶδὲ
3511 4506 3779 4571 εἰωθότες
3805 4502 4096 4584 λέγεσθαι

2400 4605 2624 4691 σχεδὸν
2654 4608 2908 4676 ἅπαντες
2936 4610 3406 4691 κατηρίθμηνται.
3499 4607 3851 4695 Simplicius
3877 4606 3941 4672 in
3974 4609 4095 4672 Ca-

2401 4727 2570 4798 tegg.
2601 4735 2662 4799 p.
2691 4731 2795 4796 93.
2829 4711 2906 4775 b:
2943 4710 3222 4794 Ἀπορίαι
3252 4713 3316 4775 δὲ
3347 4717 3594 4775 πολλῶν
3625 4712 3719 4774 καὶ
3746 4711 3895 4792 πρὸς
3923 4715 4095 4775 τοῦτο

2398 4816 2689 4897 γεγόνασι
2717 4811 2784 4877 τὸ
2807 4813 3003 4896 γένος·
3039 4816 3133 4878 καὶ
3156 4817 3272 4896 γᾶρ
3296 4819 3608 4881 Πλωτῖνος
3638 4816 3852 4896 ἀπορεῖ
3874 4813 4091 4896 λέγων·

2398 4918 2531 4999 περὶ
2575 4919 2639 4981 δὲ
2685 4921 2790 4981 τοῦ
2838 4918 3023 5000 ἔχειν,
3058 4919 3112 4981 εἶ
3156 4915 3226 4981 τὸ
3267 4917 3431 5000 ἔχειν
3470 4924 3812 5000 πολλαχῶς,
3847 4918 4005 4981 διατί
4027 4917 4096 4981 οὐ

2396 5019 2615 5086 πάντες
2644 5022 2701 5083 οἱ
2731 5022 2936 5102 τρόποι
2967 5023 3048 5087 εἰς
3076 5022 3293 5100 ταύτην
3315 5020 3421 5098 τὴν
3452 5020 3809 5101 κατηγορίαν
3836 5018 4095 5102 ἀναχθή-

2397 5149 2641 5196 σονται;
2676 5125 2830 5187 ὥστε
2861 5127 2957 5187 καὶ
2982 5121 3050 5187 τδ
3079 5123 3293 5197 ποσὸν,
3319 5124 3409 5186 ὅτι
3440 5124 3566 5207 ἔχει
3594 5122 3866 5204 μέγεθος·
3903 5123 3997 5186 καὶ
4026 5123 4093 5186 τὸ

2393 5224 2568 5290 ποιὸν
2606 5227 2696 5289 ὅτι
2740 5226 2867 5309 ἔχει
2910 5232 3136 5309 χρῶμα·
3187 5227 3282 5290 καὶ
3323 5229 3356 5289 ὁ
3392 5226 3602 5307 πατὴρ,
3634 5227 3726 5288 ὅτι
3772 5226 3898 5308 ἔχει
3939 5226 4092 5289 υῑόν·

2400 5329 2494 5392 καὶ
2522 5331 2554 5392 ὁ
2585 5326 2730 5402 υῑός,
2763 5331 2854 5392 ὅτι
2885 5330 3014 5412 ἔχει
3040 5329 3287 5412 πατέρα,
3322 5330 3416 5393 καὶ
3445 5330 3535 5392 ὅτι
3566 5326 3844 5408 κτήματα.
3889 5327 4035 5410 πρὸς
4061 5328 4094 5392 ὃ

2394 5431 2628 5514 ῥητέον,
2663 5433 2753 5495 ὅτι
2784 5432 2896 5514 οὐχ
2925 5432 3055 5495 οἶόν
3083 5459 3148 5496 τε
3177 5439 3294 5496 τῶν
3325 5432 3646 5513 ὁμωνύμων
3677 5431 3771 5495 καὶ
3802 5434 3949 5495 κατὰ
3992 5430 4092 5514 γέ-

2399 5561 2500 5602 νος
2529 5534 3010 5616 ἐξνηλλαγμένων,
3037 5536 3181 5616 μίαν
3212 5535 3364 5599 εἶναι
3394 5536 3746 5617 κατηγορίαν
3777 5535 3872 5599 καὶ
3903 5535 3970 5599 ἓν
3999 5534 4100 5618 γέ-
