5118 6613
1054 559 1186 645 384

1059 754 1171 818 per
1201 753 1421 795 manus
1443 729 1620 817 quasi
1649 729 1875 795 tradita
1904 746 2269 818 servataque
2296 731 2546 797 habere.
2614 731 2755 796 Plo-

1060 834 1173 898 tini
1213 834 1466 922 quidem
1515 856 1638 898 non
1682 849 1774 898 est
1817 833 2162 898 istiusmodi
2205 835 2549 921 ingenium,
2581 834 2751 922 quod

1058 937 1350 1024 cuiquam
1390 960 1466 1002 ex
1495 936 1809 1002 veteribus
1846 936 2232 1026 philosophis
2272 938 2623 1027 quidquam
2657 937 2752 1002 af-

1059 1040 1275 1126 fingat.

1142 1165 1207 1229 p.
1251 1142 1434 1223 1289,
1472 1162 1569 1206 10.
1620 1144 1716 1207 καὶ
1753 1143 1843 1206 ὅτι
1880 1142 1954 1207 ἀν
1984 1147 2133 1225 σᾶρξ
2162 1143 2404 1226 γένηται
2432 1146 2498 1208 ἐκ
2526 1148 2633 1207 τοῦ
2661 1143 2750 1206 αἴ-

1057 1245 1292 1325 ματος.]
1340 1244 1636 1331 Sequitur
1659 1244 1981 1310 Platonem
2006 1245 2068 1309 in
2097 1247 2346 1310 Timaeo
2375 1268 2440 1333 p.
2464 1247 2567 1310 80.
2592 1259 2751 1309 extr.

1054 1371 1120 1436 p.
1148 1369 1172 1411 1
1193 1368 1287 1430 19.
1315 1347 1550 1411 Bekk.:
1597 1347 1630 1411 δ
1663 1352 1957 1428 καλοῦμεν
1984 1350 2146 1429 αἷμα,
2173 1349 2359 1429 νομὴν
2392 1347 2750 1436 (pabulum,

1055 1451 1296 1535 cibum)
1334 1457 1569 1533 σαρκῶν
1604 1453 1700 1515 καὶ
1733 1453 2063 1531 ξύμπαντος
2090 1456 2196 1515 τοῦ
2225 1453 2513 1532 σώματος.
2592 1453 2751 1529 Quae

1057 1555 1247 1619 verba
1290 1553 1352 1617 in
1398 1553 1698 1641 exemplis
1744 1553 1974 1642 posuit,
2004 1576 2135 1641 quo
2177 1567 2591 1619 monstrarent
2636 1553 2752 1617 hu-

1057 1657 1221 1722 mani
1280 1657 1555 1743 corporis
1610 1655 1908 1721 fabricam
1959 1655 2172 1720 divino
2222 1656 2468 1721 dicendi
2524 1679 2752 1743 genere

1054 1784 1185 1826 esse
1211 1759 1544 1845 depictam,
1563 1759 1893 1846 Longinus
1919 1759 1999 1823 de
2031 1759 2293 1825 Sublim.
2327 1763 2389 1844 ξ.
2419 1760 2748 1825 ΧΧΧῙῙ.

1056 1888 1116 1952 p.
1150 1865 1291 1929 108.
1326 1861 1610 1927 Weiskii.

1139 2004 1228 2016 —
1261 1969 1361 2031 16.
1408 1969 1617 2029 τοῦτον
1657 1964 1763 2030 τὸν
1801 1967 2021 2048 τρόπον
2063 1964 2315 2048 πάρεστι
2359 1966 2455 2029 καὶ
2492 1965 2603 2045 τὴν
2629 1973 2749 2049 ψυ-

1054 2070 1354 2155 χὴν-καὶ
1392 2070 1462 2134 οὗ
1500 2066 1769 2158 πάρεισι]
1817 2070 1873 2132 F
1877 2068 1949 2133 ic.
1979 2068 2313 2155 expressit:
2367 2066 2617 2151 πάρεστι
2659 2067 2753 2131 καὶ

1052 2177 1091 2256 ἡ
1113 2173 1466 2258 ψυχὴ-καὶ
1495 2174 1565 2237 οὗ
1591 2170 1864 2255 πάρεστι,
1887 2185 1952 2236 et
1979 2171 2067 2237 ita
2096 2170 2399 2236 sententia
2425 2169 2752 2235 commoda

1051 2276 1347 2341 nascitur.
1428 2275 1548 2339 Sed
1584 2274 1714 2339 sine
1749 2274 1919 2340 libris
1945 2275 2106 2340 hanc
2136 2275 2459 2340 lectionem
2499 2289 2751 2338 contex-

1055 2379 1148 2445 tui
1177 2379 1406 2443 inferre
1432 2377 1766 2443 noluimus

1139 2505 1202 2570 p.
1241 2500 1429 2566 1290,
1458 2502 1516 2564 9.
1569 2483 1637 2546 ἐν
1663 2483 1771 2564 ῥοῇ
1804 2482 1898 2546 καὶ
1925 2485 2038 2561 ζωῇ
2068 2480 2358 2563 μενούσῃ]
2411 2479 2516 2543 Ita
2557 2501 2636 2542 ex
2681 2477 2753 2541 li-

1051 2587 1181 2650 bris
1223 2584 1625 2650 correximus.
1717 2587 2012 2649 Ceterum
2054 2583 2188 2648 haec
2235 2580 2575 2647 similitudo
2619 2580 2750 2646 soni

1050 2689 1114 2752 in
1166 2687 1417 2752 duobus
1461 2686 1780 2751 vocabulis
1827 2709 1952 2751 non
2003 2685 2287 2774 putanda
2335 2700 2428 2750 est
2477 2684 2752 2750 studiose

1051 2791 1315 2878 quaesita
1342 2813 1381 2853 a
1402 2789 1655 2853 Plotino
1673 2813 1718 2854 a
1745 2790 2076 2854 verborum
2107 2788 2421 2854 lenociniis
2449 2787 2546 2852 vel
2579 2810 2749 2852 max-

1051 2895 1175 2957 ime
1213 2892 1436 2956 alien0.
1528 2893 1670 2955 Non
1702 2891 1865 2955 idem
1898 2892 2312 2978 judicandum
2345 2890 2424 2954 de
2456 2889 2751 2955 Callicleo

1051 2997 1160 3062 illo
1210 2994 1467 3060 flosculo
1516 2994 1580 3058 in
1634 2994 1912 3058 Platonis
1964 2993 2205 3081 Gorgia
2249 3017 2315 3080 p.
2347 3013 2497 3077 494.
2546 3016 2612 3079 p.
2644 2994 2745 3077 98.

1058 3098 1299 3165 Bekk.:
1372 3100 1555 3178 νόμον
1604 3122 1671 3161 τε
1719 3098 1812 3161 καὶ
1857 3099 2048 3179 λόγον
2099 3098 2196 3161 καὶ
2241 3093 2463 3179 ψόγον,
2513 3118 2623 3160 nec
2669 3094 2750 3159 de

1055 3199 1448 3290 Agathoneis
1473 3198 1594 3264 illis
1621 3199 1684 3263 in
1712 3198 2040 3286 Symposio
2070 3221 2132 3285 p.
2158 3218 2299 3284 137.
2328 3198 2420 3261 D:
2472 3200 2539 3262 ἐν
2563 3196 2749 3284 πόνῳ,

1056 3311 1124 3375 ἐν
1152 3303 1350 3391 φόβῳ,
1382 3305 1449 3368 ἐν
1477 3300 1660 3390 πόθῳ,
1694 3304 1761 3367 ἐν
1790 3301 1973 3389 λόγῳ.
2062 3300 2186 3366 Sed
2220 3316 2422 3365 tamen
2453 3300 2571 3388 ipsi
2608 3300 2751 3366 Pla-

1056 3410 1186 3476 toni
1237 3408 1383 3473 talia
1432 3407 1603 3472 baud
1650 3429 1851 3494 pauca
1903 3409 2004 3489 (ut
2050 3430 2104 3469 v.
2141 3428 2191 3469 c.
2237 3402 2393 3469 illud
2436 3405 2597 3492 Rep.
2631 3404 2748 3468 VI.

1055 3538 1119 3602 p.
1152 3532 1300 3599 495.
1336 3514 1433 3577 E:
1484 3514 1549 3575 ἐκ
1588 3515 1822 3591 δεσμῶν
1857 3509 2210 3590 λελυμένου,
2245 3510 2313 3572 ἐν
2346 3509 2655 3593 βαλανείῳ
2687 3509 2751 3571 δὲ

1054 3616 1450 3700 λελουμένου)
1482 3613 1781 3679 excidisse
1814 3612 2117 3699 exemplis
2145 3610 2575 3698 comprobavit
2603 3610 2749 3674 doc-

1054 3719 1327 3784 tissimus
1349 3720 1563 3783 Groen
1589 3740 1708 3781 van
1742 3716 2091 3781 Prinsterer
2117 3715 2182 3779 in
2208 3712 2754 3801 Prosopographia

1058 3821 1381 3888 Platonica
1409 3840 1547 3901 104.
1570 3844 1659 3907 sq.
1706 3819 1790 3884 cf.
1817 3818 2016 3884 Geelii
2043 3818 2216 3883 Hist.
2246 3818 2522 3905 Sophist.
2555 3841 2616 3905 p.
2636 3834 2748 3902 54:

1057 3941 1120 3991 et
1149 3949 1213 4012 p.
1243 3943 1389 4008 254.
1416 3947 1507 4009 sq.
1546 3939 1610 3988 et
1641 3925 1718 3988 C.
1745 3925 1855 3987 Fr.
1884 3923 2233 3986 Hermann.
2264 3920 2344 3985 ad
2377 3920 2645 3985 Lucian.
2675 3919 2756 3984 de

1063 4026 1388 4094 Conscrib.
1419 4025 1592 4089 Hist.
1623 4048 1686 4112 p.
1716 4025 1857 4088 268.
1905 4038 1991 4102 et,
2023 4024 2133 4113 qui
2172 4048 2251 4088 ex
2295 4023 2567 4088 ecclesiae
2595 4046 2749 4109 quo·

1060 4154 1184 4218 que
1243 4127 1650 4215 scriptoribus
1708 4126 1930 4191 similia
1986 4150 2189 4215 nuper
2244 4126 2511 4213 collegit.
2569 4126 2629 4189 1.
2673 4126 2783 4189 F.

1063 4231 1444 4298 Boissonade
1490 4230 1551 4294 in
1603 4230 1857 4295 Notices
1905 4245 1969 4294 et
2015 4230 2299 4295 Extraits
2343 4230 2481 4293 Vol.
2521 4230 2659 4293 XI.
2693 4247 2751 4293 2.

1061 4360 1127 4425 p.
1170 4355 1309 4415 141.
1343 4358 1432 4421 sq.
1523 4335 1666 4421 Ego
1697 4356 1894 4398 unum
1937 4332 2165 4397 addam
2204 4357 2282 4397 ex
2313 4332 2589 4397 oratione
2619 4332 2753 4395 Ro-

1064 4460 1386 4504 manorum
1419 4436 1746 4525 principis:
1795 4436 2014 4502 Cicero
2041 4437 2106 4501 in
2139 4438 2393 4501 Verrem
2427 4437 2525 4500 11.
2565 4455 2624 4501 2.
2652 4482 2666 4497 .
2693 4484 2707 4499 .
2738 4481 2754 4497 .

1063 4553 1107 4583 ‘⁴
1129 4541 1304 4605 -ita
1346 4555 1553 4604 tamen
1599 4562 1762 4604 novo
1805 4563 2000 4615 more,
2035 4556 2105 4604 ut
2134 4539 2322 4627 legati
2350 4539 2616 4604 laedant:
2666 4538 2751 4602 le-

1059 4644 1231 4734 gatio
1258 4643 1532 4708 laudet.”
1608 4643 1978 4707 Brevissime
2007 4643 2168 4708 hanc
2197 4666 2327 4708 rem
2357 4642 2534 4729 attigi
2566 4665 2757 4729 supra

1059 4749 1138 4814 ad
1171 4772 1232 4837 p.
1263 4766 1410 4833 542.
1443 4748 1526 4811 E.
1560 4760 1718 4810 extr.
1810 4747 1912 4811 De
1956 4770 2104 4812 voce
2145 4749 2254 4830 ῥοὴ
2293 4746 2564 4811 vidimus
2604 4745 2753 4810 item

1061 4876 1251 4941 supra
1279 4850 1360 4915 ad
1389 4872 1536 4937 pag.
1566 4870 1716 4935 443.
1749 4851 1829 4914 E.

1145 4980 1210 5044 p.
1251 4974 1434 5040 1291,
1465 4975 1526 5035 4.
1579 4955 1673 5018 καὶ
1711 4956 1859 5033 ὁμοῦ
1894 4955 2170 5021 οίνῶδους
2196 4951 2527 5037 ποιότητος]
2582 4950 2757 5016 Reti-

1059 5058 1166 5127 nui
1212 5056 1553 5145 vulgatam,
1591 5079 1779 5144 quam
1825 5056 2067 5121 codices
2110 5056 2348 5143 aliquot
2391 5071 2650 5121 tuentur
2692 5069 2756 5120 et

1057 5161 1361 5250 expressit
1405 5161 1541 5225 Fic.
1632 5158 1803 5229 Quid
1849 5164 2043 5223 vero?
2113 5160 2161 5224 si
2204 5158 2408 5246 legas:
2472 5187 2521 5223 κ.
2555 5162 2611 5222 ὁ.
2641 5160 2750 5222 οἶν.

1056 5264 1394 5348 πυρότητος,
1437 5281 1510 5328 ut
1552 5264 1795 5350 igneam
1843 5261 1968 5325 vim
2018 5262 2141 5326 vini
2189 5262 2508 5348 significet.
2584 5261 2750 5325 Nam

1060 5368 1218 5435 οἶνος
1244 5370 1607 5450 πυρίβλητος
1635 5365 1884 5442 dicitur,
1910 5380 1972 5428 et
1995 5364 2368 5430 vocabulum
2397 5351 2607 5428 rarum
2640 5386 2753 5428 nec

1058 5470 1124 5537 in
1177 5470 1429 5534 Lexicis
1478 5468 1932 5555 consignatum,
1984 5491 2173 5555 supra
2231 5483 2437 5532 tamen
2495 5466 2754 5531 obvium

1058 5595 1123 5665 p.
1177 5576 1318 5638 180.
1367 5576 1468 5638 A:
1543 5567 1814 5656 πυρότης,
1873 5570 2052 5636 facile
2109 5595 2148 5636 a
2203 5569 2467 5639 librariis
2522 5569 2753 5635 obduci

2018 558 2867 625 ANNOTATIONES
2920 557 3031 622 IN
3087 556 3523 622 PLOTINI

2840 732 3047 819 potuit
3075 728 3501 819 vulgatissimo
3528 743 3591 794 et
3619 727 3683 793 in
3715 726 4213 815 praecedentibus
4241 728 4537 816 frequen-

2840 847 2995 901 tato,

2925 977 3015 991 —
3048 938 3145 1002 16.
3191 935 3533 1018 ὁμοιομερές
3558 961 3615 999 τι
3646 936 3743 999 καὶ
3771 935 4113 1022 ἀποίκιλον]
4163 935 4284 999 Est
4310 932 4413 998 hic
4442 932 4535 998 lo·

2840 1067 2952 1108 cus
2992 1039 3319 1106 addendus
3362 1038 3565 1104 tribus
3607 1037 3748 1117 illis,
3783 1059 3946 1124 quos
3990 1059 4195 1123 nuper
4238 1036 4357 1101 sub
4400 1060 4534 1101 voc.

2841 1148 3153 1211 ἀποίκιλον
3193 1141 3578 1229 collegerunt
3621 1139 3737 1204 viri
3783 1139 3951 1204 docti
3994 1138 4057 1202 in
4107 1139 4327 1227 Steph.
4367 1139 4536 1204 The-

2841 1273 3006 1314 saur.
3050 1271 3115 1336 p.
3152 1264 3340 1331 7797.
3371 1244 3473 1310 ed.
3505 1241 3774 1308 Londin.
3866 1243 4073 1307 Locus
4102 1239 4432 1307 Iamblicbi
4459 1242 4539 1307 de

2841 1353 2966 1419 Vit.
3000 1353 3276 1439 Pythag.
3310 1348 3604 1413 XXIII.
3644 1351 3702 1432 ξ.
3742 1366 3878 1432 103.
3923 1368 3988 1433 p.
4022 1363 4164 1410 222.
4198 1343 4539 1432 Kiessling.

2837 1456 2925 1521 ita
2969 1455 3191 1520 habet:
3249 1456 3306 1517 εἴ
3345 1477 3432 1519 τις
3469 1451 3849 1533 διαρθρώσειε
3887 1453 4097 1530 σαφῶς
4134 1450 4238 1514 τὰς
4265 1453 4384 1511 τῶν
4413 1453 4540 1512 Πυ-

2839 1564 3166 1643 θαγορικῶν
3206 1556 3534 1636 συμβόλων
3575 1550 3865 1635 ἐμφάσεις
3906 1552 4000 1615 καὶ
4039 1550 4399 1633 ἀποῤῥήτους
4443 1553 4539 1615 ἐν-

2839 1664 3020 1735 νοίας,
3053 1663 3200 1740 ὅσης
3235 1656 3548 1741 ὀρθότητος
3578 1657 3673 1721 καὶ
3703 1655 3985 1736 ἀληθείας
4010 1653 4368 1737 μετέχουσιν
4395 1655 4541 1718 ἀπο-

2840 1769 3237 1847 καλυφθεῖσαι
3277 1761 3373 1825 καὶ
3412 1764 3518 1822 τοῦ
3555 1759 4014 1841 αἰνιγματῶδους
4048 1760 4540 1838 ἐλευθερωθεΐσαι

2838 1871 3042 1945 τύπου,
3090 1866 3217 1948 (καὶ
3264 1861 3442 1928 addit
3487 1861 3645 1926 Cod.
3696 1862 3949 1924 Monac.
3992 1860 4105 1943 B.)
4150 1885 4535 1941 προσοικειω-

2840 1975 3038 2034 θεῖσαι
3076 1972 3142 2034 δὲ
3183 1965 3308 2032 καθ’
3341 1969 3540 2044 ἀπλῆν
3573 1966 3753 2046 (κατὰ
3781 1967 3978 2042 ἁπλῆν
4007 1962 4205 2046 idem)
4239 1964 4336 2026 καὶ
4365 1964 4535 2027 ἀποί·

2840 2082 3009 2138 κιλον
3045 2074 3351 2154 (ἀπίκιλον
3381 2071 3650 2134 Memm.
3683 2069 3771 2130 A.
3809 2066 3959 2130 vitio
4002 2088 4080 2129 ex
4124 2063 4533 2129 recentiorum

2840 2179 3207 2242 Graecorum
3254 2169 3757 2260 pronuntiatione
3811 2173 3987 2251 nato)
4037 2165 4370 2250 παράδοσιν
4412 2173 4538 2235 ταῖς

2837 2286 2956 2344 τῶν
2984 2274 3347 2362 φιλοσόφων
3379 2276 3602 2338 τούτων
3627 2269 4079 2355 μεγαλοφυΐαις,
4114 2271 4211 2335 καὶ
4248 2272 4396 2353 ὑπὲρ
4435 2272 4537 2335 ἀν-

2838 2382 3134 2464 θρωπίνην
3179 2380 3447 2443 ἐπίνοιαν
3491 2381 3805 2441 θεωθεῖσαι
3851 2373 4087 2456 (Arier.
4126 2379 4422 2448 θεωθεῖσι,
4468 2373 4531 2436 in

2837 2507 2966 2570 quo
3004 2482 3157 2546 vitio
3201 2480 3407 2547 Codd.
3445 2502 3658 2544 omnes
3702 2478 3894 2542 nostri
3939 2491 4356 2565 perseverant.
4432 2478 4534 2542 De

2838 2587 2954 2652 hac
3003 2584 3365 2651 confusione
3410 2582 3843 2669 Krabingerus
3886 2584 3981 2644 vir
4030 2580 4421 2645 doctissimus
4469 2579 4532 2643 in

2839 2690 3171 2778 Excerptis
3220 2686 3426 2753 codd.
3482 2688 3771 2751 Monacc.
3824 2683 4042 2749 laudat
4092 2682 4291 2748 Bastii
4343 2684 4529 2746 Com·

2838 2809 3032 2858 ment.
3062 2790 3479 2879 palaeograph.
3509 2812 3575 2876 p.
3604 2808 3635 2869 7
3642 2793 3800 2872 52.).

2924 2919 2986 2984 p.
3021 2914 3207 2979 1293,
3241 2913 3298 2958 2.
3348 2895 3383 2972 ἡ
3414 2894 3479 2956 δὲ
3507 2890 3707 2971 πλάνη
3736 2892 3890 2978 αὐτῷ
3922 2892 3990 2955 ἐν
4017 2894 4097 2978 τῷ
4127 2894 4226 2969 τῆς
4255 2890 4537 2967 ἀληθείας

2835 2995 3069 3085 πεδίῳ.]
3104 2997 3289 3061 Plato
3314 2994 3591 3059 Phaedro
3618 3017 3683 3080 p.
3705 2994 3851 3074 248.
3873 2993 3936 3058 b.
3969 3016 4034 3080 p.
4052 3012 4156 3078 43.
4182 3016 4271 3079 sq.
4302 2990 4531 3056 Bekk.:

2837 3103 2906 3166 οῦ
2949 3100 2998 3166 δ’
3032 3098 3189 3183 ἕνεχ’
3219 3101 3258 3179 ἣ
3284 3097 3485 3177 πολλὴ
3524 3098 3776 3176 σπουδὴ,
3806 3096 3874 3160 τὸ
3919 3095 4199 3176 ἀληθείας
4242 3098 4389 3159 ἰδεῖν
4429 3120 4536 3160 πε-

2837 3205 2966 3270 δίον
2994 3204 3063 3267 οῦ
3094 3204 3279 3277 ἐστιν,
3313 3229 3366 3265 κ.
3386 3227 3437 3265 τ.
3458 3209 3519 3265 λ.
3596 3199 3858 3265 Proclus
3884 3199 3949 3264 in
3978 3198 4200 3263 Theol.
4225 3197 4383 3263 Plat.
4410 3198 4526 3264 IV.

2845 3326 2943 3392 15.
2987 3331 3051 3395 p.
3089 3325 3239 3370 201:
3291 3305 3388 3370 ἐπὶ
3416 3304 3487 3384 δὴ
3515 3306 3742 3372 τούτοις
3768 3301 3975 3387 τριάδα
3999 3302 4390 3386 θεωρήσωμεν
4419 3304 4528 3368 ἄλ-

2838 3419 2954 3492 λην
2984 3412 3051 3475 ἐν
3079 3414 3227 3496 τῷδε
3254 3413 3334 3494 τῷ
3363 3405 3524 3494 τόπῳ
3557 3407 4080 3491 προϋπάρχουσαν,
4111 3406 4186 3486 ἦν
4225 3407 4322 3471 καὶ
4361 3406 4534 3475 αὐτὸς

2838 3517 2871 3578 ὁ
2906 3513 3215 3596 Σωκράτης
3259 3514 3569 3593 ἐξύμνησε,
3601 3510 3670 3574 τὸ
3708 3514 3811 3589 τῆς
3849 3510 4131 3588 ἀληθείας
4172 3510 4395 3583 πεδίον,
4428 3509 4535 3574 τὸν

2837 3623 3118 3706 λειμῶνα,
3142 3616 3251 3694 τὴν
3282 3615 3507 3697 τροφὴν
3536 3619 3653 3677 τῶν
3684 3619 3836 3678 θεῶν
3868 3611 3978 3694 (de
4007 3612 4125 3676 boc
4154 3611 4534 3676 nutrimento

2838 3721 2965 3785 vid.
3010 3742 3201 3807 supra
3241 3718 3322 3783 ad
3366 3741 3427 3803 p.
3462 3736 3608 3803 552.
3644 3718 3756 3799 C.)
3849 3715 4029 3780 Idem
4074 3714 4227 3780 ibid.
4273 3737 4337 3801 p.
4374 3734 4532 3796 204:

2840 3825 2908 3889 τὸ
2952 3827 3017 3889 δὲ
3056 3827 3157 3902 τῆς
3198 3822 3481 3902 ἀληθείας
3515 3820 3723 3884 πεδίον
3749 3819 3788 3899 ἡ
3813 3822 3919 3883 τοῦ
3959 3814 4157 3901 φωτός
4196 3819 4362 3883 ἐστιν
4401 3815 4531 3896 ἑξά-

2839 3936 3069 3994 πλωσις
3105 3929 3211 3989 τοῦ
3248 3928 3480 4005 νοητοῦ,
3512 3923 3607 3986 καὶ
3652 3921 3959 4003 ἔκφανσις,
4005 3921 4099 3984 καὶ
4141 3920 4178 4000 ἡ
4223 3919 4537 3999 ἀνάπτυξις

2840 4036 2957 4093 τῶν
2986 4029 3161 4093 ἔνδον
3189 4026 3409 4110 λόγων,
3442 4027 3537 4089 καὶ
3565 4025 3602 4105 ἡ
3631 4022 3933 4104 τελειότης
3960 4025 3997 4104 ἡ
4025 4028 4335 4107 πανταχοῦ
4366 4033 4533 4105 προῖ-

2841 4138 2995 4198 οῦσα
3028 4160 3076 4196 κ.
3098 4158 3152 4196 τ.
3171 4137 3233 4195 λ.
3326 4128 3612 4194 Plotinus
3657 4151 3847 4214 supra
3889 4151 3956 4215 p.
3993 4147 4095 4192 21.
4130 4128 4209 4190 Β.
4254 4126 4335 4191 de
4378 4125 4532 4190 Dia-

2839 4234 3056 4300 lectica
3074 4235 3469 4298 ε-παύσασα
3498 4235 3563 4295 δὲ
3602 4236 3704 4310 τῆς
3730 4231 3865 4313 περὶ
3898 4230 3966 4293 τὸ
3999 4228 4284 4309 αἰσθητὸν
4310 4227 4539 4309 πλάνης

2842 4340 3092 4420 ἐνιδρύει
3132 4341 3212 4423 τῷ
3251 4340 3459 4421 νοητῷ,
3494 4340 3661 4399 κακεῖ
3699 4334 3807 4413 τὴν
3849 4334 4256 4414 πραγματείαν
4286 4332 4436 4416 ἔχει,
4467 4331 4536 4395 τὸ

2839 4445 3062 4524 ψεῦδος
3088 4442 3335 4522 ἀφεῖσα,
3371 4440 3437 4502 ἐν
3465 4442 3544 4525 τῷ
3573 4436 3880 4523 λεγομένῳ
3912 4437 4195 4515 ἀληθείας
4221 4438 4401 4521 πεδίῳ
4432 4436 4539 4515 τὴν

2839 4544 3048 4627 ψυχὴν
3075 4541 3381 4624 τρέφουσα
3411 4568 3459 4604 κ.
3480 4567 3529 4603 τ.
3551 4548 3610 4606 λ.
3704 4540 3897 4604 Unde
3940 4538 4126 4602 etiam
4172 4537 4539 4623 intelligitur

2840 4646 2903 4709 in
2935 4644 3052 4708 hac
3080 4643 3493 4731 appellatione
3527 4666 3674 4708 mox
3708 4641 4058 4708 Articulum
4092 4642 4372 4729 praeponi
4403 4641 4535 4705 voci

2842 4748 3147 4827 ἀληθείας,
3180 4769 3324 4809 mox
3358 4745 3581 4810 omitti.

2925 4874 2993 4938 p.
3032 4870 3220 4934 1294,
3250 4869 3313 4934 3.
3371 4848 3543 4913 οὐδέν
3588 4850 3756 4912 ἐστιν
3798 4847 4006 4935 αὐτοῦ]
4058 4848 4345 4911 Fortasse
4387 4843 4533 4908 scri-

2839 4952 3116 5018 bendum
3149 4954 3283 5016 οὗδὲ
3314 4952 3401 5016 ἕν.
3481 4952 3585 5015 Ita
3611 4965 3798 5028 certe,
3829 4964 3939 5014 aut
3970 4950 4065 5014 καὶ
4094 4948 4269 5014 οὐδέν
4297 4950 4426 5012 ἐστι
4453 4946 4537 5011 le-

2837 5056 3001 5144 gisse
3035 5055 3279 5120 videtur
3309 5057 3365 5119 F
3367 5055 3587 5120 icinuS.

2924 5196 3012 5208 —
3032 5160 3093 5222 8.
3137 5160 3213 5224 ὡς
3241 5159 3347 5222 οὐκ
3375 5156 3818 5241 ἀνέχεται-μὴ
3848 5157 4036 5223 ἄλλος
4067 5154 4273 5244 εἶναι]
4308 5155 4537 5218 Noster

2838 5260 3247 5349 philosophus
3293 5262 3347 5324 Ι.
3382 5263 3443 5325 6.
3480 5279 3539 5325 2.
3586 5283 3647 5347 p.
3677 5278 3785 5345 52.
3819 5262 3925 5323 A:
3974 5259 4078 5323 οὐκ
4120 5257 4536 5341 ἆνασχομένης

2837 5369 2939 5445 τῆς
2965 5367 3111 5444 ὕλης
3138 5364 3207 5428 τὸ
3236 5361 3425 5444 πάντῃ
3458 5369 3603 5429 κατὰ
3631 5365 3699 5428 τὸ
3738 5363 3893 5431 εἶδος
3924 5366 4319 5444 μορφοῦσθαι,
4350 5377 4435 5437 et,
4464 5377 4539 5425 ut

2837 5467 2901 5532 h.
2928 5466 2994 5544 1.,
3041 5466 3170 5531 sine
3213 5466 3476 5532 articulo
3521 5465 3957 5554 Olympiodor.
3987 5464 4051 5527 in
4084 5463 4228 5527 Alc.
4261 5485 4357 5551 pr.
4394 5464 4535 5528 XI.

2838 5593 2904 5659 p.
2922 5590 3067 5634 101:
3093 5569 3174 5651 μή
3197 5568 3557 5654 ἀνεχόμενος
3574 5571 3966 5652 ὁμολογῆσαι.
3998 5565 4537 5634 Ibid.XXVIII.
