5118 6613
1799 540 2276 608 ADDENDA
2321 542 2450 606 ΕΤ
2499 542 3149 611 CORRIGENDA.
4084 566 4208 637 507

805 735 863 794 p.
895 732 1033 791 312.
1064 714 1133 772 A.
1169 714 1251 791 (p.
1284 711 1423 790 569.
1467 710 1506 769 1.
1538 713 1657 787 1ο.)
1710 711 1854 793 Leg.
1883 715 1937 772 τί
1964 714 2028 774 ἂν
2051 719 2231 789 πάθοις
2279 714 2361 774 uti
2391 715 2450 774 in
2478 718 2612 776 Var.
2642 718 2804 778 Lect.
2833 718 3140 779 indicatum
3170 732 3277 789 est,
3305 719 3571 786 nimirum
3603 742 3737 782 cum
3773 721 3936 803 signo
3973 725 4209 794 interro-

719 812 911 893 gandi.

799 931 853 990 p.
885 928 1023 986 313.
1053 910 1123 967 Β.
1154 911 1239 986 (ρ.
1271 923 1408 984 571.
1438 907 1476 966 1.
1511 927 1577 984 13
1611 921 1670 967 et
1708 911 1835 985 14.)
1894 911 2053 991 Lege
2077 915 2480 981 αὑτῆς-αὖτῆς,
2509 925 2569 970 et
2597 912 2697 972 lin.
2728 931 2818 991 15.
2849 913 3129 995 distingue
3154 921 3472 977 ἀλλοιοῦσθαι
3498 927 3678 997 πρῶτον
3702 922 3813 994 μέν.

798 1029 855 1088 p.
876 1007 1017 1083 316.
1038 1007 1102 1065 F.
1136 1010 1218 1086 (p.
1241 1008 1380 1082 578.
1410 1005 1450 1065 l.
1478 1008 1596 1084 19.)
1654 1008 1832 1088 Lege,
1861 1015 1940 1068 οὐκ
1967 1009 2032 1066 ἂν
2056 1010 2126 1083 μὴ
2154 1006 2276 1068 εἶναι
2303 1013 2515 1082 ἀληθινὰ
2540 1012 2787 1083 ἠπιστήθη
2813 1016 2886 1069 τὰ
2914 1017 3192 1090 ἐνορῶμενα,
3222 1014 3421 1074 deletis
3449 1015 3712 1080 vocibus:
3757 1019 3845 1076 arai
3870 1019 4202 1079 :mour-m.

716 1106 806 1165 Cf.
828 1109 966 1166 Var.
995 1106 1158 1165 Lect.

797 1225 852 1283 p.
877 1221 1014 1280 317.
1045 1206 1112 1262 A.
1147 1205 1230 1281 (p.
1256 1219 1391 1280 579.
1421 1202 1457 1261 1.
1488 1204 1574 1278 9.)
1631 1202 1780 1261 Dele
1807 1223 2032 1262 comma
2059 1203 2206 1263 inter
2230 1202 2360 1272 ’ὄντος
2386 1217 2446 1264 et
2470 1211 2553 1262 οὐκ
2579 1203 2658 1262 ἄν.

795 1335 877 1347 -
904 1303 982 1359 D.
1015 1302 1100 1377 (p.
1126 1302 1262 1377 580.
1295 1300 1329 1358 l.
1354 1303 1445 1378 5.)
1504 1301 1664 1379 Lege
1689 1299 1785 1369 ὅ,τι
1811 1326 1899 1377 τερ
1927 1322 2029 1379 pro
2053 1302 2129 1360 ὅτι
2154 1327 2209 1360 τ.
2238 1314 2298 1360 et
2324 1301 2586 1361 similiter
2612 1301 2755 1360 infra
2784 1302 2821 1362 l.
2849 1322 2941 1361 10.

794 1421 850 1479 p.
880 1400 1020 1476 318.
1047 1400 1115 1457 A.
1151 1402 1232 1477 (p.
1263 1399 1401 1476 581.
1433 1399 1471 1457 1.
1504 1402 1624 1474 11.)
1683 1399 1842 1477 Lege
1868 1406 1942 1457 ἐτ’
1973 1405 2125 1469 αὐτῆς
2148 1421 2250 1479 pro
2279 1407 2354 1459 ἐπ’
2383 1407 2530 1477 αὐτῇ.
2576 1398 2815 1459 Cf.Var.
2848 1401 3013 1461 Lect.

795 1519 851 1577 p.
879 1517 1015 1575 319.
1049 1498 1120 1556 F.
1158 1504 1238 1574 (p.
1270 1497 1407 1573 584.
1440 1496 1477 1556 l.
1507 1496 1610 1555 ult.
1637 1495 1694 1554 in
1725 1497 1885 1570 Lat.)
1946 1498 2192 1576 Legefit
2221 1517 2488 1577 magnum
2514 1517 2621 1577 pro
2647 1501 2718 1555 sit
2746 1519 2822 1558 m.

793 1616 848 1675 p.
876 1613 1014 1671 320.
1036 1594 1113 1653 D.
1149 1597 1231 1672 (p.
1257 1595 1395 1670 586.
1428 1593 1468 1654 l.
1497 1596 1616 1670 10.)
1671 1596 1861 1674 Jnnge
1887 1597 2235 1668 εὐτυχήσαντα.
3238 1666 3245 1674 ,

789 1714 845 1772 p.
877 1712 1014 1771 321.
1042 1694 1109 1752 F.
1142 1695 1226 1772 (p.
1257 1693 1394 1768 589.
1436 1692 1472 1750 1.
1503 1695 1625 1767 10.)
1686 1691 1835 1751 Dele
1876 1706 2152 1770 punctum
2184 1692 2332 1751 inter
2357 1694 2676 1768 αἰνιττόμενοι
2701 1708 2760 1753 et
2782 1700 2979 1773 Ἑρμῆν,
3010 1710 3069 1756 et
3097 1695 3193 1756 lin.
3222 1701 3480 1777 sequenti
3507 1719 3738 1762 comma
3763 1700 3910 1760 inter
3935 1699 4115 1776 ἔχοντα
4142 1715 4201 1760 et

703 1792 829 1869 τρίς.

787 1910 844 1970 p.
877 1891 1013 1966 328.
1042 1890 1106 1947 F.
1141 1889 1224 1968 (p.
1249 1888 1385 1964 603.
1416 1888 1453 1947 1.
1479 1890 1565 1964 3.)
1623 1887 1958 1967 Legendnm
1989 1888 2207 1947 videtur
2232 1888 2421 1948 deleto
2448 1902 2770 1949 commate:
2815 1889 2846 1960 ἢ
2875 1891 3065 1967 δραμὼν
3090 1895 3177 1949 καὶ
3205 1895 3350 1962 αὕτὸς
3374 1900 3442 1960 εἰς
3467 1899 3622 1951 αἰῶνα
3647 1892 3791 1964 ἔστη.

784 2008 841 2067 p.
871 2007 1011 2065 329.
1044 1988 1110 2046 Ε.
1143 1990 1226 2065 (p.
1257 1987 1393 2062 605.
1423 1985 1460 2044 l.
1498 2005 1551 2057 2,
1581 1988 1668 2062 3.)
1731 1986 1909 2066 Lege,
1938 1986 2136 2045 deletis
2169 1986 2398 2046 mediis:
2446 1995 2509 2046 Et
2533 1985 2610 2046 οὖν
2634 1990 2764 2061 μήτε
2790 1991 3008 2067 πρότερον
3030 1992 3161 2064 μήτε
3188 1993 3383 2066 ὕστερον
3409 1993 3513 2067 περὶ
3538 1991 3677 2048 αὐτό.

787 2106 845 2165 p.
875 2103 1012 2161 333.
1040 2086 1110 2144 B.
1147 2087 1231 2163 (p.
1263 2085 1400 2142 612.
1430 2084 1467 2143 1.
1499 2087 1583 2160 3.)
1642 2086 1799 2143 Pone
1825 2083 1993 2143 colon
2022 2084 2172 2144 inter
2196 2090 2422 2155 κινήσεων
2448 2099 2510 2145 et
2534 2089 2696 2154 αὐτός.

783 2202 839 2261 p.
871 2199 1010 2257 337.
1042 2184 1108 2240 A.
1144 2183 1224 2258 (p.
1256 2181 1394 2257 619.
1423 2180 1462 2240 l.
1494 2181 1694 2240 ultima
1722 2180 1781 2239 in
1811 2181 2077 2256 Latinis.)
2134 2182 2416 2263 Disjunge
2440 2187 2489 2242 si
2511 2192 2619 2243 stet
2646 2205 2748 2263 pro
2773 2189 2942 2245 sistet.

782 2314 867 2327 —
893 2282 959 2338 C.
992 2281 1075 2358 (p.
1100 2280 1238 2338 620.
1269 2278 1307 2337 l.
1341 2281 1423 2354 8.)
1477 2280 1755 2339 Volebam
1783 2280 1887 2338 οὐδὲ
1914 2288 2108 2356 μετρεῖν
2132 2287 2246 2358 παρ’
2274 2287 2455 2350 αὐτοῖς.
2500 2282 2629 2342 Vid.
2651 2284 2782 2341 Var.
2816 2283 2978 2343 Lect.

784 2399 843 2458 p.
875 2380 1010 2454 338.
1042 2380 1119 2437 D.
1151 2381 1233 2457 (p.
1263 2379 1402 2437 622.
1432 2377 1471 2436 l.
1504 2381 1622 2455 15.)
1681 2379 1838 2437 Pone
1864 2377 2290 2440 distinctionem
2321 2387 2592 2461 majorem
2623 2379 2773 2440 inter
2797 2386 2820 2440 ὅ
2848 2383 3003 2459 χρόνος
3028 2394 3090 2441 et
3112 2383 3223 2451 τήν.

783 2509 866 2524 ·-
893 2478 958 2536 F.
991 2479 1076 2556 (p.
1108 2477 1245 2552 623.
1279 2475 1316 2533 l.
1341 2478 1428 2552 3.)
1486 2475 1754 2555 corrige:
1801 2482 1882 2532 οὐκ
1909 2473 2050 2548 ἔχων.

782 2595 839 2655 p.
871 2592 1010 2650 343.
1042 2576 1107 2632 C.
1142 2577 1224 2652 (p.
1256 2574 1395 2649 631.
1424 2573 1463 2632 l.
1492 2574 1549 2632 6.
1581 2573 1638 2631 in
1673 2574 1830 2648 Lat.)
1891 2572 2086 2632 Scribe
2116 2576 2276 2633 ludat
2302 2594 2404 2653 pro
2432 2575 2645 2634 laudat.

780 2693 837 2751 p.
861 2690 997 2747 344.
1024 2672 1097 2729 D.
1131 2674 1213 2750 (p.
1244 2673 1383 2747 632.
1415 2674 1466 2731 b.
1499 2670 1598 2729 lin.
1633 2673 1688 2731 8.
1721 2670 1775 2729 in
1807 2671 1968 2744 Lat.)
2033 2673 2240 2750 Scr.fit
2266 2673 2541 2752 ejusmodi
2569 2693 2674 2752 pro
2698 2677 2771 2738 sit
2797 2692 2847 2732 e.

780 2789 835 2848 p.
861 2786 999 2845 345.
1032 2772 1099 2828 Β.
1133 2773 1217 2848 (p.
1249 2771 1384 2845 634.
1413 2769 1451 2827 1.
1487 2776 1572 2843 2.)
1630 2769 1787 2847 Lege
1814 2775 1945 2847 αὐτῇ
1970 2790 2075 2849 pro
2103 2776 2254 2848 αὑτῇ.

776 2887 834 2946 p.
860 2885 996 2943 347.
1026 2868 1102 2927 D.
1132 2866 1219 2947 (p.
1250 2868 1386 2943 638.
1419 2869 1472 2926 b.
1519 2867 1616 2925 lin.
1646 2869 1706 2926 6.
1735 2868 1795 2926 in
1830 2867 1986 2942 Lat.)
2044 2867 2202 2947 Lege
2231 2869 2465 2925 habeant
2502 2887 2605 2946 pro
2634 2870 2849 2926 habeat.

771 2984 829 3045 p.
860 2981 932 3041 35
951 2985 1000 3023 1.
1033 2967 1099 3023 Β.
1134 2968 1216 3045 (p.
1243 2966 1382 3041 645.
1412 2965 1448 3023 1.
1474 2968 1592 3041 13.)
1649 2966 1805 3024 Pone
1833 2965 1998 3024 colon
2031 2986 2132 3044 pro
2161 2963 2544 3044 interrogandi
2575 2965 2739 3045 signo
2769 2978 2899 3045 post
2923 2971 2995 3023 τὰ
3018 2971 3208 3025 πάντα.

772 3083 830 3142 p.
859 3063 996 3139 358.
1020 3065 1093 3123 Β.
1129 3066 1212 3143 (p.
1239 3064 1379 3141 659.
1412 3063 1450 3123 1.
1478 3068 1562 3142 7.)
1621 3063 1684 3122 Si
1712 3062 1971 3122 Ficiuurn
2001 3062 2269 3142 sequaris,
2299 3075 2526 3142 oportet
2552 3063 2825 3123 scribere:
2866 3070 2934 3121 ‘H
2965 3064 3017 3123 δὲ
3044 3065 3201 3137 νόησις
3224 3065 3255 3136 ἦ
3281 3070 3459 3136 αὑτὸν,
3491 3068 3659 3126 vertit
3685 3066 3838 3126 enim
3869 3070 4130 3125 nostram.

762 3240 869 3304 Ad
892 3240 1090 3304 locum
1121 3241 1362 3305 Plotini
1391 3262 1471 3304 ex
1496 3241 1776 3305 Eusebio
1805 3242 1877 3304 in
1905 3239 2069 3304 hanc
2097 3241 2428 3308 editionem
2458 3240 2843 3305 tramlatum
2864 3249 3010 3328 post
3026 3242 3348 3330 paginam
3377 3243 3527 3328 364.
3559 3242 3654 3306 ed.
3679 3243 4068 3308 Basileensis
4085 3269 4106 3308 .·

770 3363 916 3422 Haec
951 3362 1147 3422 eadem
1189 3364 1452 3442 leguntur
1478 3364 1538 3422 in
1578 3364 1897 3444 fragmento
1923 3362 2134 3423 codicis
2171 3363 2470 3432 chartacei,
2500 3365 2655 3443 quod
2683 3362 3035 3422 Francofurti
3076 3364 3148 3422 ad
3178 3365 3441 3423 Moenum
3470 3364 3762 3443 acquisivit
3799 3365 3858 3424 J.
3897 3366 4000 3423 Th.
4038 3364 4177 3423 Voc-

687 3463 895 3530 melius,
925 3480 992 3520 ac
1018 3461 1444 3540 perhumaniter
1471 3483 1695 3522 mecum
1726 3461 2184 3523 communicavit.
2270 3462 2515 3520 Proinde
2542 3460 2815 3540 quidquid
2844 3480 2914 3519 eo
2951 3460 3008 3518 in
3040 3460 3185 3520 libro
3214 3461 3476 3520 variantis
3506 3460 3766 3522 lectionis
3796 3474 3886 3521 est
3913 3462 4020 3520 hoc
4048 3460 4175 3521 loco

689 3561 968 3619 enotabo:

766 3658 1096 3733 Fragment.
1127 3657 1478 3715 Francofurt.
1508 3677 1635 3736 pag.
1665 3676 1714 3715 1.
1747 3658 1847 3715 lin.
1879 3676 1926 3715 1.
1972 3655 2048 3714 ὅδ’
2076 3656 2139 3713 ἄν
2167 3680 2242 3722 τις
2267 3656 2565 3726 ἐπισκέψεται
2590 3654 2726 3723 ὅπως.

763 3789 927 3801 ——
952 3775 1008 3833 p.
1040 3773 1089 3812 1.
1120 3752 1160 3813 l.
1192 3754 1247 3810 6.
1290 3759 1432 3815 ἀλλὰ
1458 3760 1666 3826 ψυχικοῦ
1692 3759 1952 3829 ὀργανικοῦ.

978 3884 1063 3897 —
1116 3850 1153 3908 l.
1186 3869 1362 3928 7—9.
1405 3857 1450 3908 εἷ
1473 3852 1565 3925 μὲν
1592 3848 1667 3909 οὖν
1692 3851 1727 3929 ᾖ
1754 3852 2138 3929 παραβέβληται
2181 3855 2409 3925 cuipare<
2433 3852 2820 3928 συμμερίζεσθαι
2853 3855 2945 3923 τὴν
2985 3855 3151 3927 Μὴν
3175 3856 3558 3928 &cummium
3595 3854 3720 3920 τινὸς
3741 3853 3923 3929 μέρους,
3951 3850 4174 3910 omissis

686 3947 906 4009 mediis.

974 4081 1056 4093 —
1111 4046 1149 4105 1.
1181 4065 1272 4106 12.
1315 4045 1442 4123 εἴπερ
1470 4048 1525 4117 δὴ
1552 4053 1799 4125 προσ-φνεῖ..

757 4178 923 4192 --
975 4178 1060 4189 —
1113 4144 1153 4204 l.
1186 4160 1276 4220 17.
1321 4147 1577 4214 αἰσθήσεις
1601 4145 1649 4202 δὲ
1672 4146 1809 4217 μόνον
1836 4145 2035 4202 δυνατὸν
2061 4147 2298 4202 τίθενται·
2341 4147 2440 4209 τὰς
2465 4144 2517 4201 δὲ
2544 4145 2728 4214 νοήσεις
2750 4149 2999 4203 ἀδύνατον.

946 4263 1001 4322 p.
1029 4262 1080 4301 2.
1112 4242 1149 4300 l.
1180 4243 1235 4300 6.
1279 4247 1386 4309 τοὺς
1412 4244 1577 4309 τόπους
1604 4240 1708 4316 ἔχει
1736 4254 1796 4300 et
1825 4240 2078 4319 proxime
2102 4239 2156 4298 ἓν
2181 4239 2397 4309 ἔσονται.
2485 4242 2807 4320 Utrumque
2834 4243 3004 4302 male.

755 4373 919 4388 ——
971 4374 1055 4387 —
1106 4340 1143 4399 l.
1175 4360 1263 4398 1ο.
1307 4347 1367 4406 ὥς
1392 4346 1653 4416 ἀχώριστα
1682 4343 1989 4413 ἐντελέχεια,
2022 4340 2277 4418 proxime
2306 4352 2498 4397 tamen
2529 4353 2719 4399 recte:
2762 4347 3036 4417 ἀχῶριστος
3060 4347 3104 4400 ἐ.

752 4472 916 4486 ---
968 4472 1052 4485 -
1105 4439 1140 4498 l.
1168 4457 1255 4513 14.
1294 4436 1322 4496 ὃ
1348 4440 1733 4516 ἀμφισβήτησιν
1760 4435 1934 4504 δόξειεν
1960 4437 2024 4493 ἄν
2051 4436 2201 4510 ἔχειν,
2234 4437 2453 4511 10111085
2500 4437 2796 4507 continuo,
2824 4440 2897 4512 1⁴³1
2925 4447 3089 4496 τοῦτον
3113 4439 3199 4496 τὸν
3225 4439 3407 4515 τρόπον.

751 4570 915 4585 -—
965 4570 1050 4583 —
1104 4535 1140 4593 l.
1165 4556 1253 4613 19.
1297 4541 1369 4593 τὰ
1398 4542 1535 4594 κάτω
1562 4543 1611 4593 ἐν
1638 4543 1846 4603 πολλοῖς.
1892 4536 1982 4594 Cf.
2003 4535 2196 4614 vigeri
2227 4548 2345 4595 not.
2376 4537 2446 4595 ad
2476 4535 2533 4594 h.
2564 4535 2600 4593 l.

756 4666 904 4681 ·—-
944 4656 998 4714 p.
1024 4653 1080 4710 3.
1109 4634 1145 4692 l.
1170 4651 1225 4711 5,
1251 4636 1306 4694 6.
1357 4642 1587 4710 μεριστοῦ
1628 4639 1858 4708 σώματος
1896 4634 2183 4707 ἐντέλεχεια
2219 4634 2421 4709 γένοιτο,
2462 4633 2675 4692 omisso
2716 4643 2800 4693 τοῦ
2840 4646 2899 4694 et
2937 4634 3162 4711 μεριστῆ.
3244 4630 3509 4692 Proxime
3547 4638 3635 4690 τοῦ
3674 4630 3848 4690 etiam
3889 4628 4159 4690 omissum

679 4746 809 4793 ante
839 4740 865 4790 ἑ
1017 4775 1031 4790 .

863 4731 1047 4876 &eq-<—
1103 4830 1141 4889 l.
1175 4849 1267 4901 10,
1301 4851 1321 4888 1
1340 4847 1390 4887 1.
1437 4834 1519 4885 οὐκ
1544 4826 1646 4905 ἄρα
1673 4835 1757 4885 τοῦ
1783 4823 1907 4886 εἶναι
1934 4824 2050 4896 εἶδος
2075 4830 2196 4896 τινὸς
2219 4831 2278 4886 τὶ
2312 4824 2435 4886 εἶναι
2474 4827 2600 4902 ἔχει,
2631 4828 2778 4887 idem
2809 4827 3093 4908 proxime:
3139 4834 3190 4887 οὔ
3227 4832 3333 4906 περὶ
3359 4830 3418 4888 τὸ
3455 4834 3507 4888 δν
3532 4831 3733 4904 σάματι
3772 4830 3989 4904 {optio-0⁶⁸
4016 4838 4156 4900 λαμ·

668 4931 911 5000 βόαμα...

964 5057 1047 5069 -
1101 5024 1140 5085 l.
1172 5024 1257 5082 16.
1297 5010 1494 5101 τράξεις
1519 5023 1570 5081 δὲ
1597 5025 1683 5081 καὶ
1707 5024 1935 5094 ποιήσεις,
1965 5021 2118 5101 quod
2147 5021 2417 5102 expressit
2445 5022 2680 5103 interpr.
2707 5021 2899 5082 Latin.

745 5218 833 5277 Ad
862 5220 1129 5276 Annotat.
1160 5215 1219 5273 in
1246 5214 1436 5273 locum
1466 5234 1522 5293 p.
1542 5233 1685 5290 403.
1710 5216 1778 5272 A.
1807 5214 1898 5273 ed.
1920 5213 2095 5273 Basil.
2129 5216 2260 5290 (IV.
2287 5233 2347 5289 4.
2378 5217 2466 5293 9.)
2497 5215 2684 5275 fontes
2723 5215 2903 5296 attigi,
2933 5216 3088 5275 unde
3113 5215 3280 5276 Plato
3306 5215 3364 5274 in
3392 5212 3747 5274 nobilissimo
3774 5198 4003 5273 Phaedri'
4024 5212 4154 5273 loco

669 5320 753 5396 (p.
784 5317 918 5392 246.
947 5316 1115 5373 b—e.
1155 5319 1222 5369 ‘H
1258 5314 1948 5389 ψυχὴ-μετεωροπολεῒ.-ὄ
1987 5313 2080 5386 μὲν
2121 5314 2175 5383 δὴ
2215 5313 2379 5389 μέγας
2418 5319 2467 5371 ἐν
2503 5319 2681 5389 οὐρανῷ
2715 5318 2830 5382 Ζεύς
2865 5340 2917 5373 κ.
2936 5339 2989 5373 τ.
3004 5315 3085 5390 λ.)
3130 5314 3379 5374 hausisse
3417 5312 3707 5373 videatur:
3755 5332 3909 5372 nunc
3950 5311 4154 5373 addere

666 5414 852 5484 liceat,
883 5411 1202 5472 Heusdium
1250 5409 1336 5485 (in
1381 5408 1573 5468 Initiia
1616 5408 1988 5488 philosophiae
2027 5410 2247 5470 Platon.
2291 5412 2338 5469 1.
2381 5429 2438 5487 p.
2473 5411 2604 5485 138.
2635 5413 2751 5489 sq.)
2795 5412 2915 5471 haec
2955 5423 3016 5470 et
3056 5411 3279 5481 similia,
3318 5430 3442 5489 quae
3483 5430 3663 5491 prosae
3703 5408 3975 5470 orationis
4012 5410 4155 5471 fines

665 5511 930 5592 migrant,
961 5507 1277 5589 appellare:
1323 5515 1362 5540 ‘⁸
1383 5507 1513 5565 vitia
1532 5506 1797 5585 juvenilis
1826 5507 2268 5586 luxurientisque
2295 5492 2505 5588 ingenii
2522 5512 2583 5581 ς’·
2626 5509 2855 5567 Astium
2889 5508 2973 5585 (in
3005 5511 3162 5569 novis
3189 5513 3490 5569 Annotatt.
3513 5508 3570 5567 in
3600 5508 3903 5568 Phaedrum
3931 5531 3993 5590 p.
4013 5511 4153 5588 398.

664 5609 818 5687 sqq.)
865 5610 986 5669 haec
1026 5608 1246 5674 eadem,
1277 5608 1622 5665 sententiam
1664 5605 1817 5684 quod
1858 5604 2085 5674 attinet,
2120 5626 2189 5665 ex
2229 5605 2753 5685 antiquissimorum
2796 5607 3137 5686 populorum
3178 5608 3611 5687 sapientumque
3652 5606 3870 5668 ratione
3908 5606 4150 5676 fluxisse,
