5118 6613
1040 565 1168 632 304

1048 721 1220 786 καίως
1264 720 1403 783 ἐστὲ
1445 719 1597 798 ἄξιοι
1639 717 1958 800 τυγχάνειν
1988 721 2084 782 διὰ
2118 722 2222 787 τὰς
2261 720 2561 784 αὖταύτων
2592 722 2728 784 ἀκο-

1046 825 1283 899 λασίας,
1344 825 1788 903 ἐμβαλλόμενοι
1841 822 2028 904 ῥύπον
2085 825 2152 887 ἐν
2200 827 2353 899 ζωὰν
2407 823 2736 906 ἐλευθέρων

1044 928 1287 992 παίδων.
1381 929 1537 1004 Quae
1564 925 1717 990 mire
1744 939 2103 1011 congruunt
2131 924 2224 1002 iis,
2259 948 2405 1012 quae
2447 924 2732 1013 indigna-

1044 1029 1298 1094 bundus
1354 1029 1756 1116 conqueritur
1813 1028 2153 1092 Pausanias
2207 1052 2310 1117 ap.
2363 1027 2608 1094 Platon.
2671 1029 2736 1094 in

1047 1130 1351 1196 Convivio
1381 1154 1443 1218 p.
1476 1133 1615 1195 181.
1645 1131 1754 1195 fin.
1787 1147 1850 1195 et
1886 1133 2025 1194 182.
2056 1155 2111 1196 a.
2181 1132 2289 1198 Cf.
2319 1132 2502 1197 etiam
2537 1136 2739 1198 Fron-

1047 1234 1208 1299 tonis
1250 1234 1512 1322 epistoll.
1544 1257 1764 1321 graecc.
1798 1256 1865 1320 p.
1889 1234 2038 1319 380.
2069 1250 2131 1298 et
2159 1236 2477 1323 praecipue
2507 1258 2567 1321 p.
2587 1256 2737 1322 392.

1045 1337 1144 1402 ed.
1176 1337 1373 1424 princ.
1407 1337 1751 1402 Mediolan.

1132 1465 1193 1529 p.
1236 1461 1420 1523 1004,
1456 1443 1556 1505 18.
1598 1440 1815 1506 Ἔστιν
1864 1442 2000 1529 οὖν]
2073 1442 2407 1528 Sequentia
2467 1442 2734 1507 eundem

1045 1544 1279 1609 fontem
1323 1543 1577 1621 habent,
1607 1567 1795 1632 quem
1840 1544 2027 1609 modo
2065 1544 2512 1621 indicavimus;
2562 1545 2736 1611 vide-

1042 1646 1185 1712 licet
1212 1647 1275 1709 in
1306 1646 1604 1711 Diotimae
1631 1646 1928 1725 oratione,
1963 1646 2247 1711 Convivii
2278 1671 2339 1735 p.
2368 1667 2512 1713 210.
2549 1673 2639 1736 sq.

1130 1774 1192 1838 p.
1222 1770 1406 1835 1005,
1445 1770 1542 1813 10.
1575 1749 1712 1813 ἀλλ’
1744 1751 1872 1814 οἶον
1900 1752 2312 1834 χρυσοῦ-καὶ
2343 1754 2396 1815 εἰ
2431 1754 2511 1833 μὴ
2553 1757 2732 1817 καθα-

1040 1854 1173 1942 ρός]
1221 1852 1504 1917 Eandem
1537 1851 2000 1918 similitudinem
2029 1853 2319 1920 adhibuit
2350 1854 2640 1920 Plotinus
2668 1880 2734 1944 p.

1042 1975 1151 2043 54.
1185 1959 1264 2022 F.
1286 1958 1383 2022 G:
1435 1957 1531 2020 καὶ
1560 1956 1689 2020 ἔστι
1716 1961 1887 2021 τοῦτο
1920 1957 2131 2041 αἶσχος
2158 1963 2349 2042 ψυχῇ,
2387 1960 2467 2040 μὴ
2508 1965 2734 2044 καθαρᾷ

1040 2065 1185 2143 μηδὲ
1232 2065 1537 2142 εἰλικρινεῖ
1576 2059 1748 2135 εἶναι,
1784 2063 1986 2145 ὥσπερ
2023 2066 2249 2148 χρυσῷ,
2280 2064 2736 2142 ἀναπεπλῆσθαι

1042 2168 1107 2230 δὲ
1135 2169 1241 2229 τοῦ
1269 2166 1540 2247 γεώδους,
1574 2162 1608 2227 ὃ
1640 2165 1696 2228 εἴ
1721 2188 1807 2230 τις
1835 2163 2075 2244 ἀφέλοι,
2109 2165 2569 2230 καταλέλειπται
2594 2193 2735 2250 χρυ-

1042 2267 1168 2341 σὸς,
1208 2267 1301 2331 καὶ
1349 2266 1478 2329 ἔστι
1529 2264 1728 2338 καλὸς,
1780 2268 2144 2346 μονούμενος
2187 2269 2298 2347 μὲν
2343 2273 2461 2331 τῶν
2504 2270 2730 2342 ἄλλων,

1041 2373 1192 2456 αὐτῷ
1225 2372 1288 2433 δὲ
1319 2370 1515 2432 συνὼν
1542 2369 1741 2453 μόνῳε
1792 2368 1899 2432 ubi
1930 2369 2066 2455 ejus
2094 2370 2569 2456 comparationis
2598 2372 2733 2435 fon-

1042 2491 1133 2537 tes
1159 2489 1222 2537 et
1252 2470 1577 2535 varietates
1606 2469 2033 2535 indicavimus.
2117 2474 2276 2536 Mox
2302 2497 2316 2536 :
2367 2475 2462 2538 καὶ
2490 2474 2558 2538 τὸ
2593 2474 2732 2539 κάλ-

1039 2587 1146 2645 λος
1189 2577 1380 2640 αὐτῶν
1420 2573 1747 2658 ἀμήχανον,
1798 2574 1981 2638 Plato
2028 2577 2314 2662 Sympos,
2349 2599 2414 2663 p.
2440 2576 2586 2639 218.
2618 2577 2729 2642 fin.

1038 2704 1102 2765 p.
1129 2698 1278 2763 459.
1312 2676 1552 2741 Bekk.:
1602 2676 1912 2760 ἀμήχανόν
1949 2704 2005 2742 τι
2054 2678 2274 2747 κάλλος
2315 2677 2500 2765 ὁρῴης
2543 2679 2621 2744 ἂν
2665 2684 2734 2745 ἐν

1041 2784 1169 2861 ἐμοὶ
1202 2784 1296 2846 καὶ
1323 2785 1423 2859 τῆς
1450 2779 1610 2861 παρά
1640 2806 1739 2844 σοι
1768 2782 2087 2862 εὐμορφίας
2115 2781 2396 2862 πάμπολυ
2424 2782 2730 2863 διαφέρον.

1040 2883 1227 2949 Conf.
1260 2885 1563 2946 Nostrum
1595 2905 1785 2969 supra
1817 2884 1875 2946 I.
1910 2889 1973 2946 6.
2008 2884 2066 2947 8.
2102 2907 2161 2971 p.
2192 2887 2294 2970 56.
2328 2885 2409 2947 E.
2442 2883 2595 2971 ibiq.
2627 2909 2734 2950 an-

1037 3002 1166 3051 not.

1124 3113 1188 3176 p.
1223 3088 1406 3163 1006,
1437 3109 1497 3167 4.
1547 3088 1616 3151 οὗ
1646 3090 1759 3169 γὰρ
1803 3088 1872 3166 δὴ
1915 3090 2060 3152 ποτὲ
2102 3092 2212 3168 μὲν
2244 3096 2553 3173 φρονοῦσι,
2586 3096 2732 3157 ποτὲ

1042 3194 1106 3255 δὲ
1137 3191 1560 3278 ἀφραίνουσιν]
1607 3189 1734 3255 Ed.
1769 3193 2155 3273 ἀφρονοῦσιν,
2196 3193 2301 3256 sed
2348 3192 2494 3257 huic
2536 3193 2728 3258 inter-

1038 3309 1425 3384 pretamento
1447 3293 1781 3380 genuinam
1816 3292 2136 3359 lectionem
2166 3294 2554 3362 substituunt
2584 3322 2725 3363 cum

1038 3398 1316 3485 margine
1345 3420 1558 3461 omnes
1586 3398 1715 3462 fere
1746 3396 2028 3462 CodiceS.
2104 3397 2388 3462 Eandem
2423 3400 2727 3465 medelam

1041 3504 1391 3571 Themistio
1419 3506 1529 3568 Or.
1560 3503 1805 3569 XXIV.
1854 3529 1917 3590 p.
1947 3522 2098 3589 307.
2133 3506 2211 3569 C.
2271 3503 2494 3568 Dionis
2524 3503 2732 3591 Chry-

1039 3608 1291 3674 sostomi
1308 3631 1429 3695 ope
1448 3631 1598 3672 usus
1628 3610 1846 3688 (Tom.
1870 3608 1966 3672 11.
1998 3631 2063 3695 p.
2085 3608 2190 3672 80.
2213 3606 2460 3692 Reisk.)
2483 3607 2730 3695 Phocy-

1038 3712 1145 3778 lidi
1188 3712 1476 3777 adhibuit
1519 3710 1752 3775 Jacobs
1802 3710 1880 3775 ad
1926 3710 2276 3798 Antholog.
2311 3712 2429 3776 Gr.
2462 3712 2518 3774 1.
2554 3731 2613 3776 2.
2656 3735 2726 3799 p.

1045 3817 1186 3900 196.
1239 3838 1355 3902 pro
1397 3816 1588 3879 Νίνου
1632 3815 2008 3897 ἀφρονούσης
2053 3836 2355 3901 reponens
2404 3816 2724 3897 ἀφραινού·

1037 3944 1164 3996 σης,
1195 3933 1258 3980 et
1287 3915 1443 3981 alter
1470 3924 1654 4003 possta
1685 3916 2030 3981 Gnomicus
2062 3916 2384 4003 Theognis
2412 3941 2514 4004 ap.
2551 3920 2724 3982 Stob.

1042 4020 1427 4083 XXXVII.
1461 4042 1527 4106 p.
1555 4035 1696 4104 145.
1721 4043 1795 4082 eo
1819 4020 2156 4106 Participio
2184 4020 2399 4085 utitur.
2446 4021 2725 4086 Verbum

1031 4124 1160 4208 jam
1210 4123 1492 4185 Homero
1534 4138 1905 4207 usurpatum
1939 4121 2123 4185 Iliad.
2161 4124 2259 4188 11.
2297 4126 2440 4209 258.
2472 4141 2536 4190 et
2571 4126 2724 4190 VII.

1046 4246 1187 4310 109.
1229 4224 1592 4305 Ἀφραίνεις,
1640 4222 1943 4297 Μενέλαε,
1990 4247 2174 4310 quem
2224 4224 2452 4303 locum,
2495 4242 2568 4291 ut
2611 4228 2727 4292 hoc

1038 4328 1240 4392 obiter
1267 4325 1555 4403 delibem,
1595 4348 1719 4389 non
1762 4324 1961 4389 solum
2007 4326 2283 4392 imitatus
2326 4345 2418 4393 est
2458 4330 2727 4394 Nomius

1042 4431 1334 4517 DionysS.
1370 4430 1539 4493 XX.
1567 4448 1717 4514 397.
1745 4428 2108 4513 Ἀφραίνεις,
2141 4433 2463 4515 Λυκόοργε,
2506 4456 2721 4498 verum

1040 4533 1301 4599 laudant
1361 4532 1544 4596 etiam
1602 4532 1827 4619 passim
1889 4533 2236 4620 scriptores,
2284 4551 2355 4599 ut
2409 4535 2728 4603 Lucianus

1044 4638 1305 4704 ConviV.
1355 4638 1553 4719 5.12.
1598 4658 1663 4722 p.
1693 4639 1838 4716 426.
1876 4637 2106 4701 Wetst.
2135 4651 2198 4700 et
2230 4637 2606 4703 Plutarchus
2648 4640 2728 4705 de

1043 4740 1307 4805 discern.
1351 4735 1587 4801 adulat.
1617 4760 1684 4824 p.
1704 4754 1812 4822 55.
1872 4737 1982 4802 Ad
2015 4737 2334 4803 Plotinum
2380 4740 2527 4806 facit
2571 4743 2729 4808 alius

1045 4839 1369 4908 Plutarchi
1411 4839 1584 4903 locus
1626 4839 1706 4902 de
1752 4839 2044 4904 Stoicorr.
2076 4843 2419 4928 Repugnn.
2448 4867 2509 4931 p.
2543 4866 2727 4931 1037.

1047 4950 1129 5013 D.
1163 4969 1228 5032 p.
1262 4962 1402 5027 227.
1436 4944 1647 5029 Wytt.
1675 4968 1688 5006 ε
1738 4945 1770 5005 6
1801 4947 1916 5026 γὰρ
1942 4944 2021 5024 μὴ
2048 4944 2365 5024 δυνάμενος
2393 4955 2731 5029 σωφρονεῖν

1046 5055 1368 5133 ἄνθρωπος,
1401 5048 1470 5111 οὐ
1514 5047 1754 5111 δύναται
1794 5047 1873 5125 μὴ
1916 5048 2392 5110 ἀκολασταίνειν·
2440 5049 2533 5112 καὶ
2578 5052 2611 5112 6
2653 5052 2732 5130 μὴ

1044 5155 1364 5235 δυνάμενος
1392 5155 1639 5233 φρονεῖν
1668 5150 1737 5212 οὐ
1767 5151 2006 5213 δύναται
2032 5148 2111 5228 μὴ
2139 5149 2474 5230 ἀφραίνειν.
2546 5151 2728 5216 Idem

1044 5256 1193 5322 ibid.
1225 5279 1288 5343 p.
1317 5253 1503 5333 1048.
1528 5254 1607 5317 E.
1654 5275 1718 5338 p.
1752 5270 1892 5334 274.
1928 5252 2179 5338 Wytt.:
2228 5252 2289 5314 τί
2314 5251 2420 5315 οὖν
2447 5255 2585 5336 περὶ
2612 5260 2730 5318 τῶν

1044 5365 1250 5427 ἄλλων
1279 5361 1606 5441 φρονοῦσιν
1632 5353 1668 5434 ἢ
1697 5360 1878 5419 ταῦτα
1907 5355 2056 5438 ἅπερ
2084 5355 2335 5438 λέγουσι
2356 5385 2370 5430 ;
2414 5359 2730 5436 μαίνεσθαι

1046 5463 1286 5535 πάντας,
1307 5460 1639 5543 ἀφραίνειν,
1664 5459 1941 5525 ἀνοσίους
1971 5458 2121 5522 εἶναι
2148 5460 2521 5539 παρανόμους
2549 5470 2727 5525 κ.τ.λ.

1055 5564 1347 5629 Similiter
1404 5561 1690 5628 Clemens
1745 5560 1927 5626 Alex.
1991 5563 2301 5648 Protrept.
2363 5585 2426 5649 p.
2471 5584 2535 5649 3.
2594 5564 2731 5629 init.

2018 546 2839 610 ANNOTATIONES

2907 547 3017 612 IN
3084 549 3536 614 PLOTINI

2819 722 3061 786 Potter.
3093 721 3507 787 Bacchanalia
3534 737 3790 809 agentes
3817 723 4092 812 appellat
4120 727 4522 809 ἆφραίνοντας

2821 826 3078 894 ἐκτόπως
3115 848 3258 889 cum
3292 825 3479 912 θιάσῳ
3517 826 3777 908 μαινάλῃ
3810 827 3935 910 (vel
3966 828 4177 915 potius
4206 833 4519 910 μαινόλῃ).

2824 927 3263 993 Theodoretus
3290 928 3351 992 in
3378 929 3680 993 Encomio
3703 929 3764 995 in
3792 932 3856 996 N
3859 930 4053 996 ativit.
4075 934 4122 996 J
4124 956 4308 996 oann.
4330 934 4518 1021 Bapt.

2826 1029 2961 1093 Vol.
2997 1030 3075 1094 V.
3121 1054 3185 1118 p.
3220 1051 3327 1116 93.
3381 1030 3672 1095 Schulz.:
3719 1031 3920 1098 Ἀλλᾶ
3968 1037 4083 1116 γὰρ
4132 1035 4260 1098 ἐπεὶ
4305 1035 4523 1099 λοιπὸν

2828 1134 2921 1197 καὶ
2951 1135 2985 1197 6
3015 1134 3492 1215 ἀποτεταγμένος
3521 1134 3716 1217 καιρὸς
3742 1140 3844 1216 τῆς
3870 1141 3976 1201 τοῦ
4003 1139 4349 1218 τηλικούτου
4378 1164 4516 1221 γεν-

2825 1235 3052 1314 νήσεως
3082 1235 3152 1317 (l.
3188 1236 3510 1320 γενέσεως)
3542 1238 3664 1317 ἧκε,
3699 1239 3793 1303 καὶ
3830 1242 3863 1303 6
3894 1242 4111 1322 γλυκὺς
4155 1242 4325 1309 οὗτος
4365 1244 4513 1324 φόρ-

2825 1363 2923 1405 τος
2950 1341 3054 1405 τᾶς
3082 1338 3294 1406 ὠδῖνας
3325 1339 3462 1403 ἔλυε
3489 1343 3830 1422 παραδόξως
3858 1344 3927 1406 οὗ
3949 1346 4254 1412 λυπούσας
4280 1349 4520 1424 μᾶλλον

2822 1438 2858 1519 ἢ
2909 1442 3334 1523 ἀφραίνουσας,
3390 1442 3485 1506 καὶ
3534 1443 3752 1522 ἡδονὴν
3806 1445 4056 1526 ἆῤῥητον
4115 1450 4518 1528 προξενούσας

2826 1570 2875 1605 κ.
2897 1568 2950 1605 τ.
2968 1549 3029 1607 λ.
3057 1540 3163 1605 ubi
3190 1542 3535 1607 Garnerius
3563 1543 3767 1610 nescio
3795 1547 4112 1632 quomodo
4140 1550 4519 1631 ἀφρενούσας

2824 1640 2960 1706 vult
3010 1643 3213 1708 scribi.
3303 1644 3590 1710 Debebat
3640 1647 4092 1729 εὖφραίνουσας,
4141 1648 4313 1735 quod
4362 1671 4512 1735 pro-

2822 1747 2970 1811 bare
2999 1746 3155 1812 velle
3182 1747 3476 1834 putidum
3508 1749 3606 1814 sit.
3700 1751 3920 1816 Potius
3962 1752 4313 1818 admonebo
4343 1753 4514 1817 Lex-

2821 1849 3137 1937 icographi
3183 1851 3246 1914 in
3289 1850 3558 1915 Bekkeri
3589 1853 3918 1919 Anecdott.
3954 1856 4105 1920 Grr.
4140 1856 4196 1919 1.
4244 1879 4308 1943 p.
4342 1874 4511 1938 472:

2819 1951 3155 2036 Ἀφραίνει·
3199 1961 3549 2036 παρανομεῖ,
3580 1958 3880 2038 μωραίνει,
3909 1965 4303 2041 παραφρονεῖ.
4362 1960 4516 2022 Pos-

2822 2055 2937 2121 sis:
2983 2063 3268 2139 παροινεῖ.
3361 2059 3526 2122 Nam
3561 2058 3849 2124 Clemens
3878 2061 3922 2123 l.
3948 2059 3991 2123 l.
4022 2061 4267 2126 eosdem
4300 2061 4513 2149 paullo

2820 2174 2965 2224 ante
2987 2158 3232 2224 dixerat
3258 2167 3699 2243 παροινοῦντας,
3724 2186 3884 2250 quos
3911 2166 4311 2245 ἀφραίνοντας
4335 2164 4508 2230 dicit.

2825 2262 2949 2327 Sed
2992 2262 3193 2328 lenius
3239 2278 3442 2328 tamen
3471 2282 3564 2330 est
3591 2264 3899 2353 corrigere
3927 2274 4221 2349 παρανοεῖ
4250 2292 4328 2332 ex
4362 2269 4503 2331 He-

2821 2364 3057 2452 sychiO,
3084 2366 3231 2454 qui:
3276 2365 3685 2451 Ἀφραίνοντι·
3716 2375 4135 2453 παρανοοῦντι.
4223 2372 4511 2436 Fortasse

2817 2468 3003 2532 etiam
3051 2467 3203 2533 nihil
3250 2470 3624 2536 mutandum
3670 2472 3952 2538 videatur
3999 2474 4313 2561 reputanti
4358 2474 4510 2540 Plu-

2820 2571 3100 2636 tarcheos
3141 2571 3278 2637 illos
3325 2574 3562 2639 Stoicos
3605 2574 3643 2638 l.
3676 2575 3717 2640 l.
3771 2578 3980 2643 Verbo
4011 2580 4326 2661 ἀφραίνειν
4365 2581 4511 2644 sub-

2806 2673 3000 2760 jicere
3049 2678 3424 2758 παρανόμους
3474 2677 3641 2743 εῖναι.
3748 2679 3942 2744 Adde
3991 2680 4125 2745 haec
4174 2704 4275 2769 ap.
4332 2682 4510 2747 Stob.

2822 2776 3087 2866 Eclogg.
3125 2780 3183 2842 I.
3217 2798 3274 2860 7.
3305 2803 3374 2867 p.
3406 2798 3547 2865 192.
3583 2782 3803 2846 Haer.:
3852 2784 4234 2866 ἁμαρτήματα
4265 2787 4329 2849 δὲ
4359 2785 4511 2850 εἶναι

2820 2881 2977 2953 τό,τε
3021 2882 3354 2963 ἀφραίνειν,
3403 2884 3497 2948 καὶ
3531 2883 3599 2947 τὸ
3646 2885 4121 2966 ἀκολασταίνειν,
4157 2889 4252 2951 καὶ
4280 2887 4348 2950 τὸ
4381 2889 4504 2952 ἀδι-

2822 3007 2966 3047 κειν.

2904 3123 2991 3135 -
3013 3105 3072 3164 7.
3112 3093 3251 3153 Τῶν
3281 3090 3345 3153 δὲ
3375 3094 3525 3153 θεῶν
3555 3092 3613 3153 οἱ
3638 3091 3750 3170 μὲν
3781 3092 3847 3155 έν
3876 3092 4103 3178 οὐρανῷ
4147 3094 4505 3161 ὅντες-υε-

2814 3211 2939 3274 que
2967 3190 3048 3253 ad
3078 3191 3264 3256 finem
3295 3191 3543 3280 capitis]
3578 3192 3872 3257 Dubitari
3904 3195 4143 3281 nequit,
4177 3195 4329 3282 quin
4363 3197 4509 3260 Plo-

2816 3291 2983 3357 tinus
3027 3292 3306 3359 Platonis
3350 3295 3797 3361 nobilissimum
3848 3296 4055 3362 locum
4106 3314 4250 3364 ante
4293 3299 4508 3365 oculos

2814 3394 3040 3461 habeat
3082 3396 3145 3461 in
3191 3398 3462 3464 Phaedro
3502 3398 3758 3464 obvium
3805 3423 3871 3488 p.
3899 3402 4045 3482 246.
4075 3402 4182 3468 fin.
4210 3407 4396 3489 ε-τῷ
4441 3406 4506 3467 δὲ

2820 3498 2985 3583 (Διΐ)
3021 3501 3224 3565 ἕπεται
3253 3505 3500 3583 στρατιᾶ.
3528 3507 3680 3567 θεῶν
3709 3530 3760 3568 κ.
3785 3529 3833 3566 τ.
3859 3513 3921 3567 λ.
3968 3507 4252 3570 Deorum
4278 3529 4509 3593 genera

2815 3617 2878 3665 et
2922 3601 3160 3682 classes,
3204 3602 3284 3668 de
3328 3604 3560 3691 quibus
3603 3604 3803 3670 multa
3845 3605 4167 3694 disputant
4197 3608 4506 3675 Platonici

2814 3705 3190 3794 philosophi,
3225 3708 3291 3771 in
3337 3706 3549 3773 tabula
3590 3707 3886 3795 disposita
3930 3709 4161 3791 videaS,
4190 3734 4381 3799 quam
4427 3736 4503 3776 ex

2817 3808 2977 3874 Cod.
3014 3811 3227 3875 MScr.
3261 3811 3661 3876 exhibuimus
3702 3812 3783 3876 ad
3825 3812 4256 3901 Olympiodor.
4290 3816 4354 3880 in
4384 3816 4502 3880 Al-

2811 3914 2931 3979 cib.
2963 3937 3060 4002 pr.
3091 3939 3156 4003 p.
3186 3934 3288 3980 20.

2896 4056 2984 4067 -—
3014 4021 3114 4084 16.
3148 4020 3265 4084 Καὶ
3287 4022 3401 4101 γὰρ
3422 4019 3490 4083 τὸ
3517 4022 3650 4101 ῥεῖα
3677 4023 3846 4096 ζῶειν
3876 4049 3924 4085 κ.
3949 4047 4001 4085 τ.
4026 4023 4124 4110 λ.]
4169 4024 4341 4088 Fons
4369 4025 4504 4089 uni-

2815 4121 2973 4186 versi
3002 4121 3196 4209 hujus
3225 4121 3340 4186 loci
3372 4138 3464 4186 est
3493 4121 3554 4186 in
3590 4123 3869 4188 Platonis
3897 4123 4165 4190 Philebo
4192 4149 4254 4213 p.
4289 4128 4390 4192 61.
4437 4152 4503 4215 p.

2817 4243 2964 4303 241.
3015 4224 3125 4289 ubi
3176 4223 3411 4310 duplex
3463 4224 3716 4289 scientia
3765 4226 4136 4313 explicatur,
4189 4230 4505 4318 praecipue

2814 4343 3019 4393 tamen
3048 4328 3111 4391 in
3143 4326 3417 4392 Phaedro
3459 4349 3525 4414 p.
3561 4343 3706 4406 247.
3751 4351 3817 4415 p.
3845 4348 3955 4410 42.
3988 4353 4078 4417 sq.
4112 4330 4315 4397 Bekk.
4364 4334 4505 4416 (ubi

2815 4429 3160 4495 Stallbaum
3207 4452 3270 4516 p.
3306 4431 3451 4494 206.
3491 4445 3554 4494 et
3584 4432 3727 4494 Ast.
3774 4454 3835 4517 p.
3865 4450 4014 4516 304.
4108 4432 4335 4498 Plotini
4379 4459 4504 4501 non

2811 4533 2989 4599 obliti
3022 4548 3189 4598 sunt.
3282 4535 3384 4598 De
3412 4532 3551 4597 loco
3588 4533 3846 4598 Phaedri
3875 4534 4072 4600 multa
4113 4534 4413 4624 leguntur
4440 4540 4504 4605 in

2817 4637 3092 4701 Hermiae
3123 4638 3473 4701 Commeat.
3506 4659 3570 4723 p.
3604 4641 3993 4723 142—146.)
4038 4638 4222 4705 Adde
4253 4642 4504 4708 tertium

2814 4741 3019 4806 locum
3067 4740 3377 4827 Symposii
3406 4762 3470 4827 p.
3498 4759 3639 4805 211.
3687 4763 3754 4827 p.
3782 4760 3932 4822 444.
3964 4740 4167 4806 Bekk.
4201 4745 4500 4831 (quocum

2814 4845 2896 4910 cf.
2929 4843 3062 4909 Cic.
3097 4845 3346 4908 Orator.
3384 4843 3526 4907 111.
3571 4858 3633 4906 et
3672 4841 3784 4929 qui
3829 4844 4020 4909 verbo
4050 4861 4232 4910 tenus
4259 4846 4364 4911 illa
4391 4872 4503 4913 ex-

2816 4947 3044 5025 hibuit,
3068 4944 3413 5033 Dionysius
3437 4944 4103 5034 Pseudo-Areopagita
4139 4948 4219 5013 de
4240 4950 4497 5016 Divinn.

2816 5048 3158 5114 nominibb.
3203 5050 3320 5112 IV.
3358 5068 3411 5131 7.
3462 5072 3527 5136 p.
3557 5053 3740 5134 559.)
3787 5048 4057 5137 denique
4098 5069 4394 5138 quartum
4438 5056 4504 5120 in

2818 5152 3117 5230 PlatoniS,
3162 5175 3304 5239 quae
3344 5151 3656 5229 feruntur,
3703 5151 4003 5239 Epistolis
4038 5156 4196 5219 VII.
4248 5179 4316 5244 p.
4346 5178 4499 5245 342.

2815 5281 2965 5448 sqp.
3000 5376 3185 5440 1007,
3218 5379 3281 5440 9.
3329 5358 3458 5421 ἔστι
3502 5359 3565 5421 δὲ
3615 5358 3709 5420 καὶ
3752 5359 3976 5437 κίνησις
4023 5364 4430 5441 καθαρᾶ-καὶ
4469 5366 4507 5443 ἡ

2817 5464 3189 5548 στάσις-τῷ
3232 5462 3311 5540 μὴ
3361 5462 3653 5546 στασίμῳ]
3707 5459 3973 5548 Dionys.
4018 5466 4340 5550 Areopag.
4387 5464 4431 5529 l.
4465 5467 4507 5530 l.

2818 5591 2883 5656 p.
2913 5568 3063 5651 560.
3099 5588 3228 5650 sq.:
3279 5564 3488 5631 στάσις
3515 5563 3629 5645 γάρ
3673 5566 3803 5628 ἐστι
3840 5569 3987 5629 πᾶσι
4034 5567 4128 5628 καὶ
4168 5567 4393 5644 κίνησις
4437 5571 4506 5634 τὸ
