5118 6613
987 560 1113 648 388

993 733 1206 807 νεύειν,
1259 730 1357 794 διὰ
1405 728 1471 791 δὲ
1520 728 1816 809 φρόνησιν
1862 727 2046 806 μηδὲν
2093 731 2302 791 πονεῖν
2355 726 2473 808 (ita
2524 726 2687 792 Cod.

993 839 1259 902 Memm.
1290 833 1356 896 in
1384 828 1637 895 ordine:
1685 829 1750 893 in
1794 851 1989 915 marg.
2019 835 2233 904 ποιεῖν,
2264 830 2441 916 quod
2481 847 2688 918 poste-

992 940 1124 1003 rius
1149 937 1248 1003 ed.
1273 932 1517 1000 Arcerii
1557 934 1621 998 in
1649 931 1867 997 ordine
1896 930 2195 1016 habebat)
2226 936 2371 1014 μηδὲ
2400 939 2689 1017 δαπανᾷν.

992 1042 1030 1123 ἦ
1063 1041 1129 1124 (ᾖ
1159 1061 1322 1105 unus
1349 1062 1385 1103 e
1416 1036 1624 1102 Codd.
1654 1036 1717 1100 in
1762 1035 2003 1100 schedis
2045 1035 2300 1120 nostris)
2330 1037 2447 1117 μὴν
2476 1038 2689 1118 ἄνδρα·

993 1144 1250 1212 ποδῶδές
1286 1168 1361 1226 γε
1401 1146 1506 1206 τοῦ
1541 1145 1667 1221 ζῆν,
1700 1141 1862 1205 ἀλλὰ
1889 1140 1970 1219 μὴ
2001 1138 2204 1220 (abest
2233 1138 2315 1204 ab
2344 1162 2473 1203 uno
2501 1138 2690 1222 libro)

995 1253 1101 1314 τοῦ
1131 1247 1249 1330 (ita
1283 1245 1469 1310 etiam
1514 1241 1731 1320 nostri,
1766 1257 1836 1306 ut
1867 1241 2004 1306 Ciz.
2037 1241 2214 1306 Edit.
2245 1242 2492 1307 Arcerii
2535 1240 2696 1306 male

993 1352 1090 1437 τὸ)
1121 1355 1227 1431 ζῇν
1257 1350 1321 1414 εὖ
1349 1349 1689 1431 γλίχεσθαι.
1759 1343 2028 1433 Dionys.
2054 1344 2206 1410 Hal.
2240 1344 2320 1409 de
2350 1344 2694 1433 Composit.

994 1454 1228 1520 Verbb.
1265 1451 1495 1517 XXII
1522 1473 1536 1513 t
1588 1451 1656 1513 ἐν
1680 1450 1792 1530 μὲν
1822 1448 1891 1528 δὴ
1920 1455 2043 1516 τοῖς
2072 1450 2327 1528 ὀνόμασι
2354 1453 2537 1513 ταῦτα
2565 1473 2692 1513 πει-

994 1564 1166 1643 ρᾶται
1194 1558 1441 1628 διῶκειν,
1475 1555 1572 1618 καὶ
1598 1555 1820 1617 τούτων
1849 1554 2175 1636 γλίχεσθαι
2210 1553 2342 1636 (Ita
2363 1550 2604 1616 Aldina
2629 1549 2695 1615 in

998 1661 1296 1727 Rhetorr.
1331 1659 1480 1722 Grr.
1515 1654 1621 1720 sed
1655 1677 1906 1742 margo:
1953 1681 2051 1737 γρ.
2082 1656 2359 1739 γλίχεται
2403 1666 2443 1688 “
2473 1654 2517 1718 l.
2552 1683 2607 1720 κ.
2637 1680 2690 1719 τ.

996 1762 1236 1848 γλίχε,”
1263 1758 1435 1849 apud
1468 1757 1739 1824 Goeller.
1773 1781 1840 1846 p.
1869 1761 1973 1823 61.
2005 1759 2286 1842 γλίχεται
2327 1774 2697 1846 receperunt

995 1864 1418 1950 recentiores.)

1081 1992 1150 2057 p.
1181 1983 1367 2054 1307,
1395 1987 1450 2031 1.
1502 1966 1595 2030 καὶ
1623 1967 1825 2030 τοίνυν
1852 1964 2022 2048 ψυχὴ
2065 1969 2349 2045 λαβοῦσα
2393 1968 2476 2032 εἷς
2518 1965 2700 2045 αὐτὴν

999 2076 1227 2137 ἐκεῖθεν
1254 2069 1735 2153 ἆποῤῥοὴν-καὶ
1774 2071 1959 2135 ὄντως
1996 2072 2466 2150 πτεροῦται-ηῇ
2503 2068 2699 2148 μνήμῃ

996 2182 1194 2256 μεῖζον
1245 2173 1608 2261 κουφίζεται]
1680 2170 1985 2236 Primaria
2035 2169 2229 2259 hujus
2279 2170 2396 2235 loci
2447 2185 2695 2235 senten-

998 2280 1083 2343 tia
1124 2278 1317 2342 ducta
1358 2291 1452 2341 est
1494 2299 1530 2339 e
1572 2274 2052 2340 celebratissimo
2094 2273 2230 2339 loco
2260 2273 2517 2339 Phoedri
2549 2273 2715 2360 Pla‘.

997 2380 1184 2447 tonici
1213 2403 1276 2468 p.
1314 2397 1457 2465 251.
1483 2381 1561 2444 B.
1592 2401 1652 2466 p.
1672 2400 1779 2464 49.
1813 2377 2018 2443 Bekk.
2062 2378 2142 2443 cf.
2188 2392 2425 2443 annott.
2473 2394 2695 2442 nostrr.

999 2508 1189 2573 supra
1231 2483 1312 2549 ad
1358 2507 1423 2571 p.
1448 2500 1556 2569 54.
1581 2483 1665 2546 D.
1703 2501 1847 2568 294.
1869 2483 1947 2547 B.
1984 2498 2129 2567 297.
2150 2481 2230 2546 A.
2260 2495 2324 2546 et
2351 2504 2419 2569 p.
2445 2484 2593 2566 691.
2618 2482 2691 2546 A.

997 2592 1225 2677 Neque
1275 2603 1478 2652 tamen
1538 2609 1795 2675 prorsus
1845 2588 2194 2667 ἀσύμβολος
2248 2583 2559 2650 discedam
2618 2584 2699 2649 ab

999 2693 1116 2757 hoc
1148 2691 1303 2756 loce.
1349 2689 1537 2769 Quod
1561 2693 1813 2772 οἴστρων
1840 2691 2174 2769 πίμπλαται
2200 2687 2348 2753 dicit
2376 2686 2693 2753 Plotinus:

999 2795 1278 2861 similiter
1305 2794 1563 2858 verbum
1594 2798 2020 2875 διοιστρεΐσθαι
2051 2805 2392 2879 usurpatur
2419 2792 2501 2856 de
2530 2794 2695 2856 Cen-

1002 2897 1197 2965 tauris
1226 2896 1351 2961 vini
1380 2895 1572 2960 odore
1608 2895 1891 2960 excitatis
1922 2894 2114 2959 Diod.
2147 2894 2266 2959 IV.
2302 2913 2402 2959 12.
2446 2918 2513 2982 p.
2548 2896 2692 2980 258.

1001 2999 1295 3065 Wessel.:
1330 2999 1560 3079 συνέβη
1588 3002 2023 3080 διοιστρηθῆναι
2050 3000 2305 3064 τούτους.
2366 2997 2701 3084 Eunapius

1000 3105 1064 3168 in
1112 3105 1443 3189 Excerptt.
1481 3100 1723 3165 Histor.
1768 3101 1861 3182 (in
1908 3102 2092 3164 Nova
2122 3100 2377 3165 Collect.
2413 3101 2696 3167 Vatican.

1007 3209 1106 3272 II.
1156 3230 1218 3296 p.
1254 3206 1429 3292 258.)
1482 3203 1562 3268 de
1610 3203 1978 3270 Constantio
2025 3203 2323 3268 adversus
2367 3207 2411 3268 J
2420 3202 2697 3269 ulianum

1001 3310 1233 3377 bellum
1265 3309 1636 3376 meditante:
1686 3310 1782 3373 καὶ
1810 3310 2281 3391 διοιστρούμενος
2315 3309 2430 3373 ὑπὸ
2472 3311 2701 3392 φθόνου

1006 3416 1100 3481 καὶ
1145 3415 1333 3495 λύπης
1379 3414 1524 3496 πρὸς
1567 3412 1675 3476 τὸν
1721 3414 2015 3494 ἐμφύλιον
2060 3414 2361 3495 ἐξώγκωτο
2406 3414 2695 3493 πόλεμον.

1005 3517 1424 3584 Philostratus
1443 3515 1524 3580 de
1546 3515 1693 3580 Vita
1715 3513 2038 3602 Apollonii
2062 3515 2119 3578 1.
2144 3535 2249 3601 34.
2283 3538 2345 3602 p.
2365 3534 2473 3597 42.
2492 3514 2698 3581 Olear.

1002 3621 1083 3687 de
1124 3619 1468 3686 eunuchis:
1516 3619 1717 3698 ἐπειδὴ
1754 3622 1870 3701 γὰρ
1897 3619 1936 3698 ἡ
1964 3619 2112 3699 τομὴ
2151 3618 2219 3683 τὸ
2261 3619 2702 3702 ἀφροδισιάζειν

1005 3728 1342 3808 ἀφαιρεῖται
1371 3727 1549 3806 σφᾶς,
1582 3723 1853 3787 ἆνεῖνταί
1876 3729 2094 3804 σφισιν
2123 3725 2186 3787 αὶ
2213 3723 2701 3806 γυναικωνίτιδες,

1008 3827 1116 3891 κᾶν
1142 3828 1554 3909 ξυγκαθεύδειν
1573 3831 1701 3892 ταῖς
1728 3825 1959 3908 γυναιξὶ
1985 3827 2312 3905 βούλονται
2335 3828 2706 3908 (βούλωνται

1006 3946 1171 3994 recte
1203 3928 1363 3994 Cod.
1402 3927 1903 4011 Schellershem.)
1935 3929 2003 3992 τὸ
2047 3931 2114 3993 δὲ
2160 3931 2321 4013 ἐρᾷν,
2356 3929 2540 4004 εἶπεν,
2571 3927 2609 4009 ἢ
2637 3929 2705 3993 τὸ

885 4036 890 4043 '
1007 4036 1390 4116 ξυγγίνεσθαι
1410 4032 1677 4114 γυναιξὶν
1699 4033 2085 4112 ἐκτετμῆσθαι
2112 4032 2308 4099 αὐτοῖς
2331 4034 2446 4096 οἴει
2454 4059 2471 4105 ;
2504 4032 2703 4113 ἄμφω,

1009 4137 1145 4219 ἔφη’
1194 4138 1246 4200 εῑ
1273 4139 1388 4218 γὰρ
1417 4136 1708 4214 σβεσθείη
1736 4134 1805 4198 τὸ
1832 4136 2060 4215 μόριον,
2090 4133 2191 4216 ὑφ’
2223 4134 2293 4198 οὗ
2330 4139 2708 4215 διοιστρεῖται

1010 4238 1077 4301 τὸ
1108 4244 1297 4319 σῶμα,
1330 4236 1448 4301 οὐδ’
1481 4237 1556 4302 ἂν
1583 4238 1651 4301 τὸ
1684 4239 1827 4321 ἑρᾷν
1858 4236 2102 4302 ἐπέλθοι
2130 4236 2363 4301 οὐδένα.
2432 4238 2710 4324 Sequen-

1011 4340 1179 4405 tibus
1221 4339 1616 4406 adhibendus
1658 4354 1750 4405 est
1793 4340 2041 4427 elegans
2083 4338 2256 4405 locus
2294 4339 2425 4405 Nili
2454 4343 2708 4405 Ascetae

1009 4446 1145 4526 περὶ
1188 4444 1429 4527 ἁγνείας
1474 4446 1567 4508 καὶ
1610 4448 2003 4528 σωφροσύνης
2043 4444 2109 4508 in
2151 4445 2459 4509 Graecorr.
2494 4445 2706 4530 Opus-

1012 4545 1155 4612 cull.
1180 4546 1582 4612 Sententiosis
1602 4547 1701 4613 ed.
1718 4546 2250 4614 Jo.Conr.Orellii
2271 4549 2354 4612 T.
2381 4549 2436 4612 1.
2460 4571 2522 4635 p.
2545 4566 2704 4633 352:

1016 4650 1189 4715 Hinc
1230 4650 1489 4715 fortasse
1535 4651 1776 4717 medela
1820 4651 2025 4740 parari
2066 4665 2272 4739 potest
2317 4649 2456 4716 loco
2500 4650 2711 4715 Taciti

1015 4753 1226 4819 multis
1282 4753 1555 4819 virorum
1621 4755 1950 4821 doctorum
2015 4754 2385 4843 conjecturis
2449 4767 2708 4832 tentato,

1017 4857 1276 4923 Annall.
1311 4859 1526 4923 XIII.
1552 4880 1672 4940 44:
1722 4867 1767 4899 “
1799 4861 2001 4937 Tum,
2034 4875 2108 4924 ut
2140 4857 2379 4923 adsolet
2407 4857 2471 4921 in
2500 4880 2711 4922 amore

1016 4978 1078 5029 et
1108 4963 1219 5041 ira,
1240 4961 1475 5049 jurgia,
1506 4985 1743 5051 preces,
1774 4961 2194 5050 exprobrati0‚
2227 4960 2599 5026 satisfactio:
2647 4976 2712 5025 et

1015 5090 1160 5155 pars
1188 5067 1583 5131 tenebrarum
1612 5065 1869 5130 libidine
1895 5064 2183 5153 seposita.
2258 5066 2373 5129 Ea·
2400 5087 2525 5153 qua
2555 5073 2712 5128 aestu

1017 5172 1300 5235 incensus
1351 5167 1506 5233 nihil
1552 5184 1932 5234 metuentem
1981 5169 2148 5233 ferro
2198 5167 2711 5233 transverberas*

1019 5273 1429 5340 Nemesianus
1459 5273 1769 5359 Cyneget.
1800 5291 1865 5357 3.
1911 5279 1956 5311 ‘⁶
1987 5270 2139 5335 mihi
2168 5286 2387 5358 pectus
2414 5271 2495 5335 ab
2522 5280 2712 5335 oestro

1017 5378 1298 5444 aestuat.”
1384 5374 1577 5453 Quid,
1608 5374 1659 5438 si
1689 5374 1957 5439 Tacitus
1998 5374 2275 5463 scripsit:
2326 5382 2370 5414 “
2392 5375 2489 5438 Et
2527 5375 2712 5461 quasi

1017 5490 1204 5546 oestro
1233 5479 1674 5544 incensus”—?

1106 5621 1192 5634 —-
1219 5600 1319 5667 15.
1363 5579 1408 5668 ᾦ
1447 5581 1528 5661 μὴ
1557 5579 1842 5663 ἐμπρέπει
1881 5580 2053 5665 χάρις
2091 5580 2413 5647 ἐπιθέουσα
2444 5585 2526 5668 τῷ
2567 5579 2711 5644 κάλ-

1955 547 2797 622 ANNOTATIONES
2861 554 2974 621 IN
3032 551 3491 619 PLOTINI

2773 730 2901 818 λει]
2967 729 3067 793 De
3114 724 3572 792 constructione
3627 737 3691 790 et
3752 747 3873 790 usu
3926 725 4103 791 verbi
4155 728 4478 811 ἐμπρέπειν

2775 831 2900 897 vid.
2934 832 3214 895 Pierson.
3243 829 3490 917 proefat.
3519 827 3602 892 ad
3635 828 3873 893 Moerin
3910 850 3972 918 p.
4007 830 4248 897 XLII.
4280 856 4371 921 sq.
4416 848 4483 902 et

2780 934 3078 1000 Valcken.
3106 933 3189 998 ad
3219 931 3536 996 Herodot.
3558 932 3724 997 VII.
3752 933 3863 1016 67.
3936 933 4233 1022 Euripidi
4278 958 4483 1025 nuper

2778 1038 3051 1105 reddidit
3079 1037 3332 1103 Jacobs.
3363 1035 3426 1100 in
3461 1036 3666 1101 Lectt.
3701 1036 3925 1101 Stobb.
3956 1060 4022 1125 p.
4047 1057 4151 1124 33.
4218 1039 4483 1104 Himerii

2783 1144 2963 1208 Orat.
2999 1142 3148 1206 XV.
3180 1142 3240 1205 6.
3286 1162 3355 1226 p.
3384 1138 3548 1204 680:
3598 1140 3697 1204 ἵνα
3736 1140 3852 1204 ὑπὸ
3881 1143 4108 1209 τούτοις
4144 1144 4296 1207 οὕτω
4333 1168 4479 1226 γρα-

2781 1244 2996 1328 φέντες
3027 1243 3380 1327 (τραφέντες
3414 1241 3811 1308 Wernsdorf.
3904 1244 4017 1308 Tu
4055 1244 4199 1310 vide
4240 1245 4322 1310 de
4366 1246 4482 1311 bac

2779 1348 3052 1413 formula
3081 1345 3358 1412 Wurmii
3389 1348 3813 1410 Commentar.
3846 1346 3909 1410 in
3942 1346 4245 1412 Dinarchi
4277 1350 4482 1414 Oratt.

2783 1476 2846 1540 p.
2884 1469 3026 1537 135.
3067 1455 3188 1538 sq.)
3232 1456 3354 1518 τοῖς
3395 1450 3605 1530 ἤθεσιν
3645 1451 3899 1517 ἆττικοΐς
3940 1456 4228 1531 λειμόσιν
4268 1452 4481 1535 ἐμπρέ-

2778 1562 2967 1639 ψωσι,
3001 1555 3097 1619 καὶ
3132 1557 3208 1618 τὰ
3245 1553 3436 1631 κάλλη
3464 1558 3581 1617 τῶν
3613 1554 3931 1635 ἀγωγίμων
3963 1553 4205 1619 ἐνθένδε
4246 1556 4477 1635 λαβόν-

2778 1684 2878 1726 τες
2905 1660 3086 1725 οὕτως
3114 1657 3210 1721 ἐπὶ
3238 1660 3313 1721 τὰ
3345 1659 3566 1720 ἑαυτῶν
3594 1654 3964 1736 ἀσκήσωσιν.
4044 1655 4487 1722 Theodoretus

2781 1758 2862 1825 de
2908 1759 3263 1826 Provident.
3301 1759 3420 1823 IV.
3463 1781 3531 1845 p.
3562 1777 3733 1844 543:
3791 1759 3888 1823 ἐπὶ
3930 1759 4039 1839 τὴν
4080 1761 4486 1842 γραμματικὴν

2780 1868 3100 1945 βαδιοῦμαι
3141 1863 3361 1946 τέχνην
3389 1866 3469 1949 τῷ
3493 1863 3677 1947 λόγῳ,
3708 1860 3747 1941 ἠ
3772 1868 3893 1926 τῶν
3926 1863 4136 1927 ἄλλων
4164 1863 4295 1927 ἐστὶ
4321 1871 4487 1945 λογι·

2785 1966 3026 2049 κωτέρα,
3073 1968 3167 2031 καὶ
3206 1964 3591 2047 ἐμπρέπουσα
3626 1969 3707 2051 τῷ
3755 1967 3880 2052 cuiq»
3924 1969 4005 2053 τῷ
4051 1969 4294 2052 λογικῷ.
4383 1967 4487 2030 De

2781 2071 2976 2135 verbo
3000 2069 3258 2135 ἐπιθέειν
3280 2067 3413 2132 dixi
3442 2090 3634 2156 supra
3651 2066 3735 2132 ad
3753 2068 3808 2131 1.
3832 2069 3890 2132 6.
3909 2083 3970 2153 5.
4002 2090 4064 2155 p.
4086 2085 4190 2154 54.
4225 2069 4323 2132 11.
4343 2089 4402 2152 9.
4422 2068 4481 2132 6.

2783 2197 2847 2261 p.
2880 2192 3023 2251 204.
3051 2174 3131 2237 F.
3194 2172 3299 2236 De
3327 2171 3689 2259 symmetria
3718 2186 4017 2257 tanquam
4049 2170 4488 2259 pulcritudinis

2782 2275 3087 2342 effectrice
3114 2274 3245 2362 ipse
3276 2291 3482 2339 noster
3507 2272 3920 2362 philosophus
3954 2273 4237 2362 disputat
4277 2296 4346 2362 p.
4374 2292 4482 2361 50.

2785 2380 2895 2445 dat
2932 2403 2996 2469 p.
3028 2396 3138 2465 51.
3171 2381 3275 2443 A:
3331 2380 3408 2446 ὡς
3450 2380 3777 2461 συμμετρία
3816 2384 3937 2443 τῶν
3978 2378 4482 2460 μερῶν-κάλλος

2784 2490 2961 2559 ποιεῖ,
2993 2480 3073 2548 ad
3106 2505 3294 2570 quem
3326 2480 3531 2548 locum
3559 2480 3758 2546 multa
3787 2480 4149 2568 collegimus
4188 2480 4256 2544 in
4299 2502 4481 2565 pecu-

2784 2586 2918 2652 liari
2943 2586 3214 2652 editione
3248 2585 3388 2650 libri
3417 2585 3498 2650 de
3528 2585 3974 2651 Piderit-adine
4016 2607 4083 2672 p.
4122 2586 4482 2669 146—152.

2785 2690 2914 2755 Hic
2940 2705 3150 2755 autem
3177 2688 3371 2768 locus,
3402 2711 3591 2776 quem
3622 2710 3792 2753 nunc
3820 2703 4158 2754 tractamus
4185 2686 4285 2752 vel
4313 2709 4487 2752 max-

2782 2793 2904 2858 ime
2936 2792 3242 2857 tenendus
3269 2810 3364 2856 est
3397 2791 3478 2856 ad
3510 2791 3865 2857 interiorem
3908 2791 4208 2856 rationem
4252 2790 4483 2879 pulcri·

2783 2897 3020 2962 tudinis
3040 2911 3103 2961 et
3131 2896 3350 2984 gratiae
3382 2895 3681 2982 (χάριτος)
3712 2911 3776 2960 et
3803 2894 4031 2960 artium
4062 2909 4353 2959 naturam
4380 2918 4481 2961 eo·

2783 3000 3223 3089 gnoscendam.

2870 3126 2937 3191 p.
2968 3105 3155 3188 1308,
3190 3123 3245 3167 1.
3292 3103 3387 3167 καὶ
3423 3102 3594 3183 μήπω
3633 3107 3739 3166 τοῦ
3774 3103 4484 3185 προσόπου--μεμαρασ-

2783 3205 2997 3295 μένου]
3049 3208 3153 3270 Ita
3180 3206 3482 3270 bonorum
3515 3204 3814 3269 librorum
3846 3227 3968 3292 ope
3995 3203 4260 3269 correxi.
4339 3202 4486 3269 Vid.

2787 3333 2977 3399 supra
3019 3310 3100 3375 ad
3144 3333 3208 3398 p.
3242 3330 3353 3396 51.
3380 3313 3454 3373 A.
3487 3309 3567 3373 ad
3597 3332 3787 3396 quem
3832 3309 4038 3374 locum
4082 3308 4143 3372 in
4190 3306 4488 3396 peculiari

2784 3414 3056 3479 editione
3098 3413 3350 3478 laudavi
3382 3412 3684 3500 Thucyd.
3721 3414 3824 3478 11.
3853 3433 3961 3497 49.
4008 3434 4152 3477 cum
4200 3411 4484 3490 Scholiis,

2790 3518 3048 3583 Isocrat.
3082 3517 3164 3582 ad
3193 3515 3520 3582 Demonic.
3551 3539 3613 3604 p.
3642 3535 3701 3580 2.
3730 3516 3834 3582 ed.
3866 3515 4114 3603 Langii.
4178 3517 4483 3603 Interprr.

2787 3621 2851 3686 in
2896 3620 3267 3710 Alc-iphron.
3303 3621 3358 3684 1.
3406 3644 3466 3707 p.
3503 3621 3649 3686 208.
3695 3643 3759 3709 p.
3799 3620 3947 3685 268.
4026 3618 4255 3683 Isidori
4299 3618 4483 3684 Pelu-

2790 3724 2963 3789 siotae
3003 3723 3296 3813 Epistoll.
3320 3725 3398 3789 V.
3428 3744 3492 3809 3.
3535 3746 3603 3812 p.
3630 3743 3781 3810 554.
3812 3725 3891 3789 A.
3940 3736 4002 3788 et
4046 3722 4250 3811 ipsum
4293 3722 4482 3788 Ploti-

2790 3850 2943 3893 num
2972 3827 3137 3892 infra
3164 3851 3227 3916 p.
3254 3844 3402 3912 725.
3429 3830 3507 3892 A.

2876 3955 2942 4020 p.
2973 3951 3158 4018 1309,
3189 3952 3250 4016 5.
3282 3936 3452 3995 τοῦτο
3484 3929 3533 3994 δ’
3565 3931 3886 4019 ἀδύνατον]
3924 3929 4111 3994 Conf.
4135 3931 4298 3996 Luc.
4328 3929 4490 3995 Hol-

2792 4051 2949 4101 sten.
2980 4051 3045 4099 et
3066 4037 3254 4099 Conr.
3281 4033 3477 4100 Orelli
3506 4033 3589 4098 ad
3619 4033 3872 4098 Sallust.
3904 4032 3986 4097 de
4013 4031 4132 4097 diis
4156 4046 4223 4097 et
4251 4033 4489 4099 mundo

2793 4162 2857 4225 P·
2888 4160 2990 4225 99·
3022 4162 3112 4226 Sq-

2877 4280 2963 4294 -
2984 4245 3046 4306 6.
3076 4240 3165 4307 *A
3195 4240 3241 4306 δ’
3269 4242 3432 4305 ἄλλα
3458 4238 3746 4322 λέγουσιν
3775 4241 3991 4321 ἆγαθᾶ,
4024 4241 4109 4306 εἷς
4134 4242 4492 4304 τοῦτο-καὶ

2792 4348 2868 4410 τὸ
2895 4347 3059 4410 ἄλλα
3086 4346 3205 4408 ὅσα
3229 4345 3417 4426 λόγου
3443 4341 3482 4423 ἢ
3513 4348 3619 4408 νοῦ
3644 4341 3682 4423 ἦ
3723 4347 3868 4422 ζωῆς
3907 4342 4171 4427 μετέχει]
4229 4343 4492 4409 Profecit

2793 4447 2938 4513 hinc
2969 4446 3298 4512 Sallustius
3325 4447 3407 4511 de
3437 4446 3576 4512 Diis
3604 4461 3667 4511 et
3698 4445 3953 4510 Mundo
3980 4468 4118 4533 cap.
4147 4465 4187 4530 5
4218 4471 4234 4510 ε
4284 4450 4338 4512 εἰ
4376 4450 4490 4529 μὲν

2795 4553 2900 4618 οὖν
2926 4551 3001 4631 ἦν
3026 4551 3214 4631 μόνον
3241 4554 3317 4614 τὰ
3343 4553 3509 4625 ὄντα,
3542 4551 3739 4632 ἀγαθὰ
3776 4551 3841 4613 δὲ
3878 4549 3984 4615 οὐκ
4021 4549 4115 4628 ἦν,
4151 4550 4375 4630 ἀληθὴς
4414 4551 4490 4630 ἦν

2796 4656 2831 4719 ὁ
2858 4656 3060 4737 λόγος.
3110 4656 3165 4718 εἰ
3207 4656 3272 4718 δὲ
3315 4652 3387 4717 δι’
3419 4652 3757 4735 ἆγαθότητά
3788 4652 3964 4734 (sort.
3995 4650 4067 4716 δι’
4097 4653 4489 4738 ἆγαθότητός)

2798 4759 2934 4821 ἐστί
2955 4782 3022 4822 τε
3049 4759 3124 4821 τὰ
3151 4759 3316 4831 ὄντα,
3349 4756 3446 4820 καὶ
3485 4758 3841 4840 μετείληχεν
3869 4756 4098 4837 ἀγαθοῦ
4137 4758 4493 4837 ὑπερούσιον

2795 4863 2908 4941 μὲν
2935 4858 3164 4942 ἀγαθὸν
3191 4860 3257 4923 δὲ
3287 4858 3439 4923 εἶναι
3466 4859 3536 4923 τὸ
3567 4864 3801 4940 πρῶτον
3829 4856 4076 4941 ἀνάγκη.
4161 4857 4272 4922 Ad
4301 4881 4490 4946 quem

2795 4964 2999 5029 locum
3035 4963 3194 5027 Luc.
3229 4960 3518 5027 Holsten.
3552 4986 3617 5050 p.
3645 4982 3749 5046 99.
3784 4984 3877 5048 sq.
3910 4962 4005 5026 ed.
4027 4959 4219 5025 Orelli
4250 4978 4313 5026 et
4343 4960 4485 5026 Plo·

2795 5067 3029 5131 tiniana
3067 5065 3201 5130 haec
3236 5064 3317 5128 ad
3356 5080 3566 5153 partes
3595 5064 3839 5129 vocavit
3864 5079 3930 5128 et
3956 5085 4107 5128 vero
4136 5063 4343 5130 Procli
4377 5064 4490 5131 In-

2795 5169 2919 5233 stit.
2953 5168 3178 5233 Theol.
3213 5168 3392 5232 XII.
3436 5167 3714 5255 ejusdem
3751 5166 3976 5232 Theol.
4010 5166 4259 5232 Platon.
4294 5169 4352 5233 I.
4389 5170 4486 5234 18.

2797 5296 2859 5360 p.
2879 5273 2982 5353 46.
3013 5270 3420 5359 ejusdemque
3447 5290 3775 5336 comment.
3806 5270 3874 5336 in
3895 5273 4129 5360 Remp.
4149 5271 4409 5337 Dissert.
4433 5292 4491 5339 2.

2798 5390 2862 5439 et
2902 5378 3006 5460 36.
3052 5390 3116 5439 et
3153 5373 3218 5438 in
3252 5374 3568 5439 Timaeum
3612 5398 3679 5462 p.
3717 5391 3877 5460 1093
3926 5374 4198 5463 denique
4226 5374 4493 5463 Dionys.

2800 5479 3121 5564 Areopag.
3171 5477 3273 5541 De
3304 5476 3562 5541 Divinn.
3611 5477 3956 5543 nominibb.
4000 5502 4057 5542 c.
4088 5498 4153 5557 4.
4246 5478 4327 5542 In
4371 5479 4497 5545 fine

2797 5579 3017 5668 capitis
3046 5578 3335 5644 Ficinum
3364 5596 3616 5645 secutus
3642 5580 3835 5647 verba
3878 5583 3933 5646 εἰ
3973 5580 4041 5646 δέ
4077 5580 4374 5646 τι-εἶναι
4415 5582 4497 5648 ab
