5118 6613
1317 545 1514 612 Lm.
1559 544 1678 612 v1.
1724 547 2183 614 ENNEAD.
2233 547 2688 613 TERTIAE.
2733 570 2795 637 p.
2824 547 3190 637 584—589·

542 719 824 788 Platonis
863 719 1051 786 etiam
1085 719 1149 785 in
1172 718 1291 787 hac
1319 742 1507 787 causa
1548 718 1849 786 sententia
1876 718 2068 785 fuerit
2089 722 2231 784 :—6

541 831 658 911 γὰρ
687 827 760 907 δὴ
787 824 1194 908 Ἐμπεδοκλῆς
1221 826 1436 908 ἔλεγεν
1464 824 1836 910 ἀπέρχεσθαι
1866 825 1961 889 καὶ
1982 823 2099 889 ἀπὸ
2127 827 2233 889 τοῦ

541 929 763 1013 πατρὸς
806 930 901 994 καὶ
943 928 1062 993 ὰπὸ
1097 932 1201 1008 τῆς
1234 928 1450 1011 μητρὸς
1488 927 1655 1011 μέρη,
1703 926 1841 993 ἀλλ’
1872 929 1986 1013 οὐχ
2028 929 2229 1011 ὥσπερ

543 1036 760 1098 ἐκεῖνοι
790 1029 1146 1115 (Platonem
1176 1029 1279 1095 hic
1310 1028 1602 1118 intelligit
1638 1029 1969 1118 aliosque).
2015 1032 2230 1095 ἐκεῖνοι

541 1138 653 1215 μὲν
679 1138 819 1219 γὰρ,
850 1135 941 1198 ὅτι
983 1134 1079 1199 καὶ
1113 1133 1230 1197 ὰπὸ
1265 1137 1372 1197 τοῦ
1403 1133 1626 1216 πατρὸς
1659 1131 1874 1208 πάντα,
1905 1134 2025 1196 ὅσα
2059 1133 2224 1197 συνί·

543 1263 723 1320 στησι
750 1237 821 1302 τὸ
859 1243 1029 1318 ζῶον,
1059 1237 1156 1302 καὶ
1194 1235 1311 1301 ἀπὸ
1341 1240 1446 1317 τῆς
1485 1238 1699 1320 μητρὸς
1739 1238 1952 1316 ὁμοίως
1979 1238 2054 1300 τὰ
2083 1235 2230 1300 αὐτὰ

542 1340 762 1406 πάντα.
809 1342 844 1404 6
871 1342 939 1404 δὲ
974 1337 1379 1420 Ἐμπεδοκλῆς
1418 1338 1633 1421 ἔλεγεν
1660 1338 1752 1402 ὅτι
1788 1341 1922 1403 τινὰ
1962 1338 2075 1417 μὲν
2114 1335 2230 1400 ἀπὸ

543 1448 649 1510 τοῦ
674 1442 915 1527 πατρὸς,
944 1445 1079 1506 τινὰ
1106 1442 1171 1506 δὲ
1200 1440 1317 1505 ὰπὸ
1335 1445 1436 1523 τῆς
1449 1442 1666 1523 μητρός
1694 1469 1747 1505 κ.
1765 1466 1821 1505 τ.
1841 1448 1903 1504 λ.
1954 1438 2058 1505 Cf.
2079 1440 2234 1505 Em·

543 1543 832 1635 pedocles
876 1542 1324 1632 Agrigentinus
1360 1542 1462 1609 ed.
1512 1544 1719 1609 Sturz.
1765 1565 1831 1631 p.
1864 1561 2229 1630 390—393.

544 1650 696 1715 Jam
744 1646 918 1736 quod
978 1645 1298 1713 Plotinum
1359 1646 1604 1725 attinet,
1641 1668 1767 1711 non
1816 1645 1922 1711 ille
1977 1644 2235 1733 quidem

548 1749 800 1840 praecise
826 1748 1179 1836 disertoque
1207 1748 1369 1813 hanc
1409 1747 1580 1813 litem
1615 1747 1903 1813 dirimere
1946 1746 2065 1811 hoc
2098 1745 2236 1811 loco

545 1851 850 1919 instituit:
893 1850 1014 1917 hoc
1040 1866 1247 1916 tamen
1290 1850 1519 1915 nemini
1566 1850 1899 1916 obscurum
1942 1864 2057 1928 est,
2088 1870 2234 1913 eum

546 1956 692 2022 illuc
729 1953 1044 2032 inclinare,
1075 1967 1148 2019 ut
1189 1954 1254 2018 in
1289 1952 1648 2041 generando
1676 1969 1862 2040 partu
1893 1967 2021 2018 tam
2052 1951 2234 2017 matri

549 2083 738 2148 quam
767 2058 931 2148 patri
957 2071 1165 2147 partes
1192 2056 1520 2123 efficientes
1549 2071 1614 2122 et
1638 2055 1799 2121 vires
1826 2053 2236 2144 generatrices

549 2162 805 2244 tribuat,
848 2185 922 2227 ac
974 2160 1236 2248 proinde
1279 2159 1343 2223 in
1399 2159 1518 2224 hoc
1560 2180 1818 2247 quoque
1866 2173 2237 2246 argumento

550 2287 722 2332 suam
751 2263 1114 2330 sententiam
1146 2261 1226 2328 ad
1260 2261 1583 2326 Platonem
1613 2259 1946 2349 applicare.

631 2389 697 2456 p.
728 2367 880 2455 589,
914 2367 973 2432 8.
1022 2368 1235 2431 Μόνον
1263 2368 1379 2447 γὰρ
1406 2364 1474 2429 τὸ
1506 2363 1660 2431 εἶδος
1679 2358 2239 2446 γόνιμον-Ἑρμῆν

551 2470 740 2535 -τὸν
782 2471 1034 2553 ἀρχαῖον
1078 2496 1129 2533 κ.
1162 2493 1215 2532 τ.
1249 2469 1348 2555 λ.]
1415 2463 1844 2531 Memorabilis
1901 2462 2108 2537 locus;
2158 2461 2238 2527 de

550 2595 678 2660 quo
705 2568 1015 2659 sigillatim
1044 2568 1415 2634 videbimus.
1480 2571 1585 2633 Ac
1612 2566 1908 2655 primum,
1931 2563 2085 2652 quid
2121 2563 2238 2629 sibi

552 2673 741 2739 velint
774 2672 912 2738 illa:
958 2678 1246 2753 μυστικῶς
1285 2674 1382 2736 καὶ
1425 2673 1493 2736 ἐν
1537 2676 1804 2738 τελεταῖς
1847 2670 2238 2749 αῑνιττόμενοι

547 2775 772 2858 Ἑρμῆν
813 2778 925 2855 μὲν
952 2780 1189 2840 ποιοῦσι
1224 2774 1331 2839 τὸν
1359 2777 1610 2859 ἀρχαῖον
1641 2802 1695 2839 κ.
1715 2800 1767 2838 τ.
1793 2781 1856 2838 λ.
1901 2773 2084 2837 docet
2125 2794 2238 2835 nos

549 2878 679 2967 ipse
730 2876 1029 2943 Historiae
1055 2893 1234 2965 pater
1276 2878 1370 2941 ΙΙ.
1402 2896 1508 2962 51.
1544 2876 1657 2964 qui
1696 2875 1926 2941 ibidem
1966 2873 2150 2963 plura
2175 2887 2239 2938 et

549 2980 718 3046 haec:
765 2983 916 3063 ὀρθὰ
942 2981 1049 3046 οῦν
1077 2981 1242 3065 ἔχειν
1269 2982 1344 3044 τὰ
1373 2984 1566 3045 αἰδοῖα
1594 2978 1947 3061 τάγάλματα
1974 2982 2080 3042 τοῦ
2104 2974 2243 3060 Ἑρ-

547 3085 692 3164 μέω,
719 3082 1027 3165 Ἀθηναῖοι
1053 3090 1273 3166 πρῶτοι
1300 3089 1419 3147 τῶν
1433 3080 1749 3161 Ἑλλήνων
1765 3082 2054 3161 μαθόντες
2080 3083 2243 3162 παρὰ

553 3193 668 3253 τῶν
706 3192 1052 3269 Πελασγῶν
1102 3186 1476 3266 ἐποιήσαντο.
1526 3187 1584 3250 οἱ
1630 3186 1696 3248 δὲ
1747 3185 2067 3266 Πελασγοὶ
2117 3185 2244 3265 ἱρόν

550 3316 684 3356 τινα
710 3291 901 3373 λόγον
925 3290 1063 3372 περὶ
1091 3290 1271 3354 αὐτοῦ
1298 3289 1531 3369 ἔλεξαν,
1553 3291 1628 3354 τὰ
1658 3289 1725 3352 ἐν
1753 3292 1912 3351 τοῖσι
1941 3288 2008 3351 ἐν
2038 3293 2239 3367 Σαμο-

552 3391 753 3475 θρηΐκη
780 3395 1152 3475 μυστηρίοισι
1181 3391 1519 3472 δεδήλωται.
1611 3392 1681 3455 Η
1686 3413 1808 3455 unc
1851 3389 2244 3477 Pelasgicum

554 3495 951 3583 priscumque
981 3494 1396 3573 Mercurium,
1426 3493 1507 3558 de
1534 3517 1665 3581 quo
1699 3493 1781 3558 ad
1821 3492 2244 3559 Samothracia

553 3596 865 3685 Mysteria
890 3596 1146 3662 lectores
1168 3621 1313 3662 suos
1339 3596 1634 3661 amandat
1662 3594 2051 3673 HerodotuS,
2073 3594 2242 3659 idem

553 3716 644 3767 est
687 3712 880 3789 atque
921 3700 996 3780 is,
1038 3700 1118 3765 de
1162 3724 1292 3788 quo
1346 3698 1567 3766 Cicero
1608 3698 1689 3764 de
1732 3700 1819 3762 N.
1839 3699 1927 3762 D.
1961 3698 2099 3762 111.
2133 3716 2238 3763 22.

551 3805 677 3888 56:
730 3811 774 3843 “
808 3803 1167 3869 Mercurius
1211 3826 1373 3867 unus
1414 3801 1589 3868 Caelo
1633 3815 1833 3890 patre,
1876 3799 2005 3865 Dia
2046 3814 2243 3864 matre

553 3921 762 3986 natus,
784 3907 883 3994 cuj
893 3930 965 3971 us
997 3907 1339 3971 obscaenius
1367 3907 1641 3971 eme-itata
1667 3913 1907 3969 natu-ra
1936 3903 2243 3979 traditur,

551 4009 726 4097 quod
750 4009 1051 4097 adspectu
1081 4009 1471 4096 Proserpinae
1509 4016 1842 4073 commotus
1890 4006 2035 4072 sit?
2122 4006 2244 4070 Est

557 4112 910 4178 Mercurius
942 4111 1424 4200 IthyphallicuS,
1446 4111 1546 4198 cuj
1556 4133 1628 4174 us
1649 4107 1833 4198 plura
1852 4106 2113 4196 vestigia
2129 4131 2244 4196 per

555 4232 834 4280 veterum
865 4230 1268 4279 monumenta
1290 4214 1683 4301 scriptorum.
1716 4211 2113 4277 Pausan.VI.
2137 4213 2237 4278 26.

555 4340 618 4405 p.
648 4339 802 4404 519.
851 4341 915 4405 p.
956 4338 1096 4399 124.
1153 4316 1427 4382 Siebelis.
1478 4315 1558 4380 de
1610 4313 2038 4403 Cylleniorum
2084 4312 2241 4378 diis:

557 4428 660 4486 τοῦ
707 4421 932 4505 Ἑρμοῦ
977 4424 1043 4485 δὲ
1087 4421 1155 4485 τὸ
1203 4422 1463 4503 ἄγαλμα,
1507 4418 1578 4482 ὃν
1624 4420 1682 4483 οἱ
1725 4418 1905 4497 ταύτῃ
1950 4422 2247 4499 περισσῶς

557 4524 870 4604 σέβουσιν,
930 4526 1109 4606 ὀρθόν
1160 4526 1327 4587 ἐστιν
1384 4526 1611 4587 αἰδοῖον
1670 4522 1765 4586 ἐπὶ
1818 4525 1924 4585 τοῦ
1990 4519 2240 4601 βάθρου.

562 4627 742 4691 Idem
767 4642 860 4691 est
889 4626 971 4690 de
999 4650 1128 4714 quo
1151 4625 1473 4690 Lucianus
1499 4625 1649 4689 Jov.
1680 4622 1986 4711 Tragoed.
2017 4624 2102 4687 T.
2125 4623 2242 4687 VI.

555 4750 620 4814 p.
675 4745 823 4815 275.
859 4728 1048 4816 Bip.:
1096 4731 1336 4797 θύοντες
1384 4726 1709 4808 Κυλλήνιοι
1753 4726 2004 4808 Φάλητι,
2056 4748 2245 4812 quem

560 4829 758 4895 locum
824 4830 1113 4896 infaustis
1183 4830 1553 4919 conjecturis
1628 4829 1844 4895 Critici
1902 4838 2243 4894 tentarunt.

558 4932 853 5000 Eundem
913 4933 1306 4999 Mercurium
1363 4933 1642 5023 agnoscit
1699 4930 2079 4997 Plutarchus
2144 4931 2248 4994 De

557 5060 687 5125 rep.
736 5037 994 5124 gerend.
1036 5062 1102 5126 p.
1126 5055 1274 5124 797.
1306 5039 1406 5118 F„
1433 5059 1622 5124 quem
1663 5035 1866 5101 locum
1915 5034 2249 5121 descripse-

558 5157 705 5205 runt
736 5142 1058 5206 Cornutus
1086 5140 1167 5206 de
1203 5142 1349 5206 Nat.
1381 5142 1605 5205 Deorr.
1638 5164 1692 5206 c.
1732 5142 1831 5205 16.
1861 5152 1925 5204 et
1956 5136 2246 5204 Eudocia

3896 552 4015 640 185

2317 720 2489 809 apud
2520 719 2870 786 Eusebium
2906 720 2974 785 in
3003 722 3215 809 Praep.
3245 720 3370 787 Ev.
3408 722 3552 787 111.
3580 745 3644 811 p.
3675 743 3832 806 114:
3885 729 4013 791 Τοῦ

2317 823 2385 889 δέ
2410 825 2600 907 λόγου
2639 828 2746 889 τοῦ
2779 823 3020 889 πάντων
3045 827 3348 906 ποιητικοῦ
3384 825 3480 890 καὶ
3524 826 3937 908 ἑρμηνευτικοῦ
3972 829 4007 891 6

2313 930 2532 1009 Ἐρμῆς
2556 929 3010 1009 παραστατικός·
3058 929 3091 991 6
3131 928 3197 991 δὲ
3238 926 3620 1010 ἐντεταμένας
3644 925 3865 1011 Ἑρμῆς
3905 933 4003 1009 δη-

2313 1035 2420 1094 λοῖ
2457 1029 2566 1109 τὴν
2611 1029 2900 1094 εὐτονίαν·
2947 1031 3207 1094 δείκνυσι
3246 1030 3312 1093 δὲ
3351 1031 3446 1094 καὶ
3473 1030 3580 1096 τὸν
3606 1031 4007 1114 σπερματικὸν

2311 1133 2503 1215 λόγον
2529 1132 2637 1195 τὸν
2665 1130 2939 1212 διήκοντα
2966 1134 3062 1196 διᾶ
3089 1131 3351 1197 πάντων.
3396 1132 3613 1198 λοιπὸν
3639 1135 3705 1198 δὲ
3726 1136 4009 1202 σύνθετος

2314 1236 2515 1317 λόγος·
2565 1236 2598 1298 6
2655 1236 2768 1315 μὲν
2824 1236 2893 1300 ἐν
2948 1236 3098 1322 ἡλίῳ
3153 1232 3393 1318 Ἑρμῆς.
3476 1234 3695 1319 Ἑκάτη
3743 1239 3811 1302 δὲ
3859 1240 3894 1302 6
3937 1240 4007 1303 ἐν

2316 1335 2563 1418 σελήνῃ.
2634 1334 2943 1421 Ἑρμόπαν
2969 1340 3037 1402 δὲ
3066 1340 3099 1402 6
3132 1339 3198 1402 ἐν
3226 1341 3307 1425 τῷ
3326 1340 3526 1403 παντί.
3599 1341 3745 1418 Quo
3771 1340 3836 1405 in
3867 1338 4004 1406 loco

2319 1439 2620 1505 Kuhnius
2646 1440 2729 1505 ad
2775 1438 3105 1505 Pausaniae
3131 1439 3173 1504 l.
3198 1437 3239 1505 l.
3268 1440 3350 1505 ad
3379 1463 3590 1506 vocem
3623 1442 4008 1527 ἐντεταμένος

2317 1555 2485 1607 recte
2527 1543 2883 1632 supplevit:
2930 1549 3053 1612 τοῖς
3089 1545 3316 1626 μορίοις
3338 1542 3382 1606 i.
3411 1568 3471 1632 q.
3517 1560 3721 1610 erecto
3748 1546 4005 1626 fascino,

2319 1643 2447 1708 sive
2490 1648 2764 1712 eoecitata
2803 1655 3063 1711 natura.
3153 1644 3527 1712 Universum
3571 1661 3780 1713 autem
3837 1649 4003 1714 Por·

2317 1746 2527 1834 phyrii
2571 1747 2779 1814 locum
2817 1747 2978 1814 male
3025 1747 3263 1837 accepit
3310 1748 3617 1837 Vigerius.
3705 1750 4012 1829 Quocirca

2316 1848 2880 1938 interpunctionem
2908 1849 3252 1915 emendavi.
3337 1853 3805 1938 Argumentum
3836 1853 4011 1942 quod

2318 1952 2564 2032 attinet,
2594 1952 2868 2041 primum
2889 1967 3208 2018 teneamus
3235 1951 3370 2016 hoec
3400 1952 3625 2018 Proclo
3653 1978 3755 2042 ap.
3779 1956 4006 2021 Joann.

2322 2055 2582 2143 Lydum
2604 2057 2684 2121 de
2702 2058 2943 2121 Menss.
2970 2058 3224 2121 Romm.
3248 2079 3310 2144 p.
3338 2075 3478 2120 101.
3539 2056 3622 2121 Ei
3652 2058 4011 2125 Mercurius

2320 2157 2551 2223 dicitur
2577 2161 2761 2242 λόγος
2789 2160 2823 2222 6
2853 2162 2949 2223 διὰ
2975 2156 3215 2223 πάντων
3233 2156 3460 2238 διήκων.
3531 2157 3777 2225 Ibidem
3806 2161 4013 2248 Aqui-

2320 2259 2447 2326 lino
2490 2262 2849 2327 Mercurius
2876 2276 2970 2326 est
3012 2263 3196 2344 λόγος
3233 2263 3268 2325 6
3312 2264 3407 2325 διὰ
3447 2259 3687 2325 πάντων
3712 2266 4004 2346 πεφυκός.

2324 2363 2503 2429 Idem
2531 2363 2757 2446 Ἑρμῆν
2773 2363 2972 2427 filium
3002 2362 3154 2428 dicit
3182 2367 3284 2443 τῆς
3305 2367 3513 2443 νοητῆς
3527 2365 3693 2445 ὕλης,
3710 2381 3774 2429 et
3803 2366 4011 2432 omnia

2321 2491 2400 2531 ex
2429 2468 2717 2532 Materia
2754 2467 2955 2553 (ὕλης)
2987 2480 3050 2531 et
3091 2467 3547 2554 speciefoma,
3580 2468 3827 2553 (εἴδους)
3857 2491 4007 2534 con-

2322 2585 2500 2635 stare.
2591 2569 2743 2635 Alia
2772 2592 2896 2634 non
2938 2568 3125 2647 addo,
3156 2591 3302 2656 quae
3328 2567 3411 2633 ad
3448 2567 3651 2633 locum
3699 2569 4012 2638 Ciceronis

2322 2672 2645 2737 laudatum
2678 2672 2882 2762 posui,
2914 2670 3030 2736 nisi
3064 2670 3221 2750 haec,
3250 2693 3396 2757 quae
3431 2669 3511 2735 ad
3553 2669 3786 2736 Plotini
3816 2676 4011 2740 nostri

2324 2775 2681 2862 sequentia:
2728 2775 2834 2839 τὸν
2863 2780 3168 2858 γεννῶντα
3195 2777 3270 2839 τὰ
3299 2776 3367 2838 ἑν
3397 2773 3672 2854 αἰσθήσει
3700 2779 4014 2856 δηλοῦντες

2327 2878 2479 2944 εἶναι
2519 2879 2627 2942 τὸν
2671 2878 2884 2959 νοητὸν
2924 2879 3133 2960 λόγον,
3179 2875 3454 2963 itemque
3495 2875 3578 2940 ad
3624 2878 3816 2943 verba
3858 2881 4017 2944 Por-

2325 2979 2535 3071 phyrii
2565 2979 2754 3045 modo
2781 2979 2968 3044 citata
2994 2978 3330 3066 pertinent.
3422 2978 3722 3046 Videlicet
3760 2983 4017 3048 Mercu-

2325 3083 2457 3148 rius
2486 3080 2947 3170 Ithyphallicus
2963 3098 3057 3148 est
3083 3081 3245 3147 ratio
3264 3080 3572 3146 seminalis
3590 3082 4014 3167 (σπερματικὸς

2326 3190 2509 3269 λόγος
2552 3184 2867 3273 Porphyr.
2922 3184 2962 3249 1.
2986 3183 3064 3268 l.)
3110 3200 3174 3250 et
3223 3184 3524 3265 effectrix,
3568 3208 3710 3250 cum
3751 3209 4014 3274 genera-

2327 3288 2496 3355 tione
2523 3311 2757 3368 rerum,
2787 3286 3166 3376 plantarum,
3203 3286 3558 3354 animalium
3589 3304 3705 3355 cet.
3738 3303 3873 3356 tum
3918 3315 4019 3357 co-

2325 3393 2626 3481 gitatione
2654 3406 2718 3458 et
2744 3391 3009 3479 loquela.
3101 3392 3181 3457 In
3214 3391 3450 3456 utrovis
3477 3392 3728 3479 negotio
3757 3396 4016 3460 Mercu-

2327 3495 2458 3560 rius
2500 3495 2750 3561 effectas
2793 3505 3049 3581 proestat
3095 3517 3398 3582 perennes
3439 3516 3646 3558 rerum
3690 3495 3924 3561 formas
3966 3521 4012 3562 ε.

2326 3599 2517 3665 ideas.
2603 3600 2751 3664 «Iam
2784 3598 2922 3662 haec
2951 3597 3109 3662 ratio
3137 3595 3443 3662 seminalis
3482 3610 3545 3660 et
3587 3596 3862 3662 effectrix
3908 3599 4016 3664 ad-

2329 3701 2528 3766 sciscit
2569 3701 2684 3766 sibi
2728 3699 3028 3766 rationem
3074 3699 3469 3787 receptricem
3515 3713 3579 3764 et
3618 3701 4011 3787 genetricem.

2331 3803 2451 3869 Ille
2494 3817 2589 3868 est
2631 3826 2799 3878 mas;
2849 3802 2983 3867 hoec
3020 3801 3287 3867 femina:
3335 3801 3438 3866 ille
3481 3801 3567 3867 sol
3592 3827 3612 3883 ς
3659 3802 3793 3868 haec
3844 3803 4010 3870 luna.

2329 3908 2518 3985 Nam,
2546 3906 2754 3994 inquit
2786 3905 3162 3970 Plutarchus
3189 3904 3270 3969 de
3302 3904 3455 3970 Isid.
3485 3919 3549 3970 et
3577 3905 3741 3971 Osir.
3771 3931 3839 3996 p.
3863 3912 4009 3995 367.

2327 4011 2410 4074 D.
2442 4025 2505 4075 et
2534 4011 2638 4074 De
2674 4008 2832 4074 facie
2858 4008 2924 4072 in
2963 4007 3116 4072 orbe
3142 4007 3311 4073 lunoe
3349 4031 3414 4096 p.
3447 4029 3595 4095 943.
3628 4011 3730 4090 Β.,
3762 4012 4016 4077 Mercu-

2325 4113 2488 4177 rium
2518 4113 2585 4177 in
2613 4113 2764 4177 luna
2791 4111 3061 4177 locatum
3090 4110 3475 4190 fabulantur,
3497 4111 3649 4200 quia
3674 4135 3820 4199 quae
3862 4114 4013 4180 luna

2328 4214 2535 4293 efficit,
2567 4239 2640 4279 ea
2666 4214 2921 4279 rationis
2950 4238 3021 4279 ac
3052 4213 3369 4302 sapientiae
3392 4238 3652 4302 operum
3676 4231 3825 4282 sunt
3851 4218 4017 4284 simi-

2329 4316 2430 4381 lia.
2520 4316 2632 4382 Vis
2661 4331 2956 4404 vegetans
2998 4332 3062 4381 et
3098 4317 3258 4382 ratio
3302 4318 3610 4385 seminalis
3637 4320 3780 4387 solis
3808 4340 3922 4402 est,
3954 4340 4018 4389 et

2329 4418 2641 4506 quidquid
2685 4420 2821 4507 ejus
2862 4418 3116 4484 rationis
3159 4418 3325 4485 lunoe
3366 4422 3741 4510 impertitur,
3770 4424 3834 4489 id
3878 4426 3934 4490 ei
3978 4450 4017 4491 a

2331 4521 2456 4587 sole
2498 4521 2886 4610 impertitum
2930 4522 3329 4609 significatur.
3421 4526 3583 4589 Haec
3623 4526 3703 4591 ad
3740 4527 4015 4593 fabulam

2330 4623 2503 4712 apud
2551 4624 2912 4690 Ciceronem
2958 4624 3234 4713 aliosque
3280 4627 3357 4690 de
3404 4630 3724 4693 Mercurii
3777 4641 4016 4697 natura

2330 4728 2625 4815 adspectu
2654 4729 3064 4815 Proempinae
3093 4730 3362 4815 (Luuae)
3402 4734 3673 4798 excitata
3708 4720 4017 4822 explicat}-

2330 4828 2474 4894 dam
2504 4828 2570 4895 h.
2592 4829 2635 4893 l.
2659 4830 2980 4896 sufficiant.
3056 4831 3253 4898 Plura
3281 4834 3425 4899 dedi
3454 4834 3532 4900 ad
3567 4836 3882 4902 Ciceronis
3911 4838 3953 4903 l.
3973 4840 4012 4904 1.

2332 4931 2711 4998 —Plotinus
2752 4949 2984 5013 autem,
3017 4948 3090 4999 ut
3119 4934 3267 5002 illuc
3307 4937 3579 5018 redeam,
3612 4941 3723 5026 qui
3763 4943 4017 5007 Mercu-

2337 5034 2495 5099 rium
2534 5059 2776 5123 semper
2819 5038 3155 5103 excitatum
3202 5039 3373 5119 dicit,
3421 5041 3646 5129 accipit
3685 5067 3828 5108 eum
3877 5046 4013 5109 uni-

2326 5160 2502 5202 verse
2547 5161 2673 5225 pro
2718 5140 2965 5204 ratione
3019 5142 3308 5205 seminali
3372 5145 3497 5225 (die
3552 5145 3833 5211 bildende
3882 5150 4017 5212 und

557 5244 618 5307 in
664 5242 936 5308 Violario
979 5269 1043 5332 p.
1082 5265 1222 5331 155.
1307 5244 1588 5309 Attende
1637 5267 1806 5322 vero,
1851 5264 2042 5330 quam
2086 5262 2245 5326 pure
2317 5243 2806 5330 gesetzgsbende
2860 5243 3028 5322 Ides,
3071 5244 3190 5308 den
3248 5248 3320 5308 in
3372 5247 3646 5312 Formen
3687 5249 3819 5314 sich
3863 5272 4010 5317 αω-

558 5363 846 5433 casteque
892 5346 1029 5412 haec
1074 5347 1382 5436 exprimat
1429 5346 1838 5436 philosophus
1880 5357 2131 5424 noster3
2175 5343 2243 5407 τὸ
2315 5343 2712 5432 proegenden
2752 5346 3361 5435 Vmunflbegnssffo
3396 5349 3578 5437 eique
3613 5350 3770 5415 adeo
3811 5377 4011 5442 oppo-

559 5452 655 5527 τῆς
688 5448 988 5531 γενέσεως
1026 5454 1286 5534 ὄργανον
1337 5451 1429 5514 ἀεὶ
1475 5450 1695 5534 ἔχοντα
1739 5450 1886 5532 πρὸς
1932 5448 2240 5530 ἐργασίαν.

561 5552 703 5616 Non
762 5550 968 5616 minus
1023 5552 1252 5641 pudice
1306 5554 1442 5641 ejus
1496 5553 1790 5618 alumnus
1855 5548 2246 5637 Porphyrius

656 5660 843 5713 Vol..
882 5661 1007 5714 111.

2329 5445 2423 5510 nit
2483 5445 2815 5511 Materiam
2899 5447 3031 5531 (τὴν
3087 5449 3297 5532 ἑτέραν
3346 5454 3560 5535 φύσιν)
3620 5457 4013 5542 receptricem

2328 5547 2497 5614 illam
2528 5548 2778 5635 quidem
2810 5549 3170 5631 formarum,
3203 5552 3309 5618 sed
3355 5552 3619 5618 sterilem
3652 5572 3715 5621 et
3756 5558 3836 5624 ad
3878 5561 4014 5651 gig.

2451 5640 2585 5709 nb
