5118 6613
1335 530 1523 593 LlB.
1573 530 1690 594 IV.
1742 527 2192 592 ENNEAD.
2244 526 2751 604 QUARTAE.
2798 548 2861 613 p.
2897 527 3264 612 803—806.

533 705 821 794 apposui,
846 704 992 769 item
1030 704 1131 768 11.
1167 722 1228 788 3.
1261 720 1323 784 7.
1373 702 1494 765 1v.
1524 720 1586 785 3.
1627 719 1730 766 12.
1822 700 1995 763 Fons
2031 714 2243 764 autem

533 807 814 873 omnium
846 807 1073 871 horum
1104 804 1382 869 locorum
1413 802 1836 889 similiumque
1863 802 2026 867 inest
2052 801 2118 867 in
2148 801 2246 866 his

534 909 841 977 Platonici
891 907 1202 996 Symposii
1249 930 1315 993 p.
1365 926 1510 971 202.
1560 919 1718 970 extr.
1766 919 1832 969 et
1872 928 1940 992 p.
1977 922 2125 990 203.
2171 927 2237 992 p.

553 1017 673 1097 48.
707 1034 856 1101 430.
893 1011 1098 1077 Bekk.
1131 1010 1212 1075 de
1243 1017 1506 1075 Amore:
1560 1012 1627 1073 ἐν
1654 1008 1821 1094 μέσῳ
1843 1011 1910 1073 δὲ
1940 1007 2013 1072 ὃν
2043 1010 2240 1091 ἀμφο-

531 1117 720 1200 τέρων
759 1120 1119 1196 συμπληροῖ,
1153 1115 1232 1180 ὤς
1274 1138 1339 1176 τε
1382 1112 1451 1175 τὸ
1494 1116 1616 1175 πᾶν
1648 1111 1791 1175 αὐτὸ
1836 1112 1993 1196 αὐτῷ
2037 1116 2239 1188 ξυνδε-

533 1219 764 1284 δέσθαι.
857 1220 980 1282 Διὰ
1008 1217 1217 1280 τούτου
1249 1217 1345 1278 καὶ
1371 1216 1409 1295 ἡ
1437 1214 1687 1295 μαντικὴ
1713 1218 1883 1278 πᾶσα
1922 1219 2110 1297 χωρεῖ
2150 1214 2246 1278 καὶ

535 1323 574 1402 ἡ
601 1328 722 1386 τῶν
752 1319 959 1402 ἱερέων
987 1319 1171 1403 τέχνη
1199 1324 1318 1382 τῶν
1347 1343 1414 1382 τε
1452 1317 1589 1398 περὶ
1631 1314 1738 1384 τὰς
1774 1318 1984 1383 θυσίας
2019 1316 2114 1380 καὶ
2140 1319 2245 1384 τὰς

536 1427 784 1491 τελετὰς
806 1423 903 1487 καὶ
930 1426 1035 1489 τὰς
1065 1424 1296 1506 ἐπῳδὰς
1325 1422 1422 1485 καὶ
1450 1419 1558 1498 τὴν
1581 1419 1872 1498 μαντείαν
1899 1423 2106 1482 πᾶσαν
2147 1419 2242 1483 καὶ

532 1529 839 1610 γοητείαν.
904 1524 1154 1590 Deinde
1181 1523 1348 1587 idem
1383 1526 1590 1587 Amor
1618 1521 1848 1587 dicitur
1878 1522 2071 1589 δεινὸς
2097 1524 2243 1605 γόης

537 1631 633 1695 καὶ
661 1629 1004 1713 φαρμακεὺς
1035 1631 1132 1693 καὶ
1162 1627 1476 1708 σοφιστής.
1569 1625 1698 1703 Qui
1726 1624 1844 1689 loci
1869 1639 2028 1711 quot
2054 1625 2243 1689 inter-

533 1747 742 1820 pretes
768 1746 833 1796 et
858 1731 1199 1795 imitatores
1221 1752 1336 1817 per
1366 1728 1680 1793 Graeciam
1708 1727 2078 1806 invenerint,
2103 1727 2238 1792 lon-

533 1857 687 1922 gum
717 1847 813 1899 est
841 1856 1151 1912 enarrare,
1172 1847 1236 1897 et
1263 1831 1412 1897 alibi
1436 1854 1516 1895 ex
1543 1845 1721 1917 parte
1750 1830 1930 1916 attigi
1954 1830 2021 1894 in
2055 1833 2234 1917 Sym-

532 1937 735 2003 bolica
783 1938 924 2002 III.
980 1960 1046 2025 p.
1077 1938 1184 2021 65.
1217 1958 1357 2021 sqq.
1435 1936 1496 1998 E
1545 1932 1994 1997 recentioribus
2035 1933 2236 1997 nomi-

533 2063 713 2106 nasse
757 2038 1021 2104 sufficiat
1076 2035 1534 2104 Cudworthum
1580 2036 1645 2099 in
1701 2037 1973 2122 System.
2020 2034 2235 2100 Intell.

533 2164 597 2229 p.
638 2159 785 2225 174.
817 2164 951 2228 sqq.
973 2140 1072 2205 ed.
1101 2138 1419 2204 Moshem.
1453 2136 1928 2224 Sydenhamum
1958 2135 2040 2201 ad
2071 2138 2238 2201 Con-

534 2242 684 2310 vivii
713 2243 759 2308 l.
781 2244 824 2308 l.
857 2246 1086 2308 Mosen
1129 2239 1574 2306 Mendelsohn.
1604 2241 1670 2303 in
1711 2242 1935 2325 Operr.
1970 2238 2236 2304 Philoss.

535 2349 618 2412 T.
650 2348 707 2412 1.
740 2370 803 2435 p.
843 2346 988 2428 148.
1021 2346 1454 2410 Tennemann.
1508 2342 1573 2406 in
1627 2343 1800 2407 Hist.
1848 2342 2082 2408 Philos.
2115 2344 2238 2407 VI.

538 2472 606 2537 p.
643 2466 785 2536 155.
828 2462 893 2514 et
937 2447 1275 2533 Schelling.
1321 2446 1386 2509 in
1430 2448 1732 2510 Brunone
1772 2468 1836 2532 p.
1879 2444 2020 2509 188.
2051 2469 2143 2532 sq.
2177 2461 2241 2510 et

538 2551 900 2617 Heusdium
945 2550 1009 2614 in
1053 2549 1260 2615 Initiis
1303 2548 1543 2613 Philos.
1589 2547 1845 2612 Platon.
1878 2549 1935 2611 I.
1967 2571 2032 2636 p.
2069 2566 2235 2622 1203

3932 546 4054 614 235

2331 697 2563 762 mirum
2593 697 2779 785 cujus
2819 698 2994 761 Orat.
3030 698 3189 761 VII.
3228 716 3324 760 11.
3356 719 3402 784 p
3455 716 3610 781 530.
3649 697 3737 762 ita
3779 700 4045 764 mentio·

2329 821 2472 863 nem
2497 798 2731 864 fecerat
2758 824 2774 864 z
2821 800 2858 878 ἡ
2887 800 3001 878 μὲν
3029 800 3138 864 οὖν
3182 800 3409 881 Καρίνη
3446 804 3689 874 Μοῦσα,
3722 800 3831 879 τὴν
3856 799 4044 883 Ἡρο-

2329 904 2505 967 δότου
2533 902 2728 986 λέγω)
2762 903 2859 966 καὶ
2887 903 3054 969 ὅσοις
3080 904 3246 987 λόγῳ
3277 901 3512 984 γράψαι
3551 903 3661 981 τὴν
3690 903 4042 985 οἰκουμένην

2329 1007 2559 1085 σπουδὴ
2602 1004 2865 1088 ἐγένετο,
2899 1004 3045 1086 πρὸς
3082 1007 3311 1073 ἐκείνας
3353 1009 3458 1073 τὰς
3495 1009 3709 1088 ἵῦγγας
3752 1007 3845 1074 αἶς
3887 1009 4039 1072 οὕτω

2330 1114 2654 1188 κατακηλεῖ
2695 1108 3193 1194 (Hermogenes)
3247 1108 3382 1174 τοὺς
3439 1110 3784 1177 ἀκούοντας.
3875 1108 4038 1174 Inde

2331 1209 2514 1274 etiam
2540 1216 2745 1291 κηλεῖν
2761 1225 2857 1275 est
2884 1211 3339 1274 incantationis
3365 1211 3639 1297 quadam
3669 1213 3737 1276 vi
3765 1212 4038 1299 aliquem

2328 1321 2620 1408 defigere.
2692 1318 2840 1384 Vid.
2864 1317 3132 1384 Lucian.
3171 1319 3421 1404 Imagg.
3459 1338 3560 1399 14.
3589 1343 3657 1407 p.
3685 1339 3813 1406 473
3842 1345 3856 1385 :
3888 1347 4038 1404 παρ-

2332 1424 2545 1504 εστήξῃ
2584 1422 2702 1507 γὰρ
2732 1424 2798 1488 εὖ
2827 1422 2934 1487 οἶδ’
2968 1424 3061 1487 ὅτι
3091 1421 3549 1503 κεκηλημένοιςι
3597 1423 3711 1509 qui
3750 1424 3924 1489 locus
3956 1448 4035 1489 ex

2329 1526 2656 1592 Platonico
2701 1524 3010 1591 Convivio
3054 1548 3119 1612 p.
3155 1527 3301 1591 216.
3347 1547 3414 1612 p.
3445 1540 3598 1610 454.
3645 1524 3850 1590 Bekk.
3896 1526 4033 1591 imi-

2330 1629 2522 1694 tando
2578 1651 2909 1715 expressus
2955 1641 3064 1692 est.
3156 1630 3458 1693 Ceterum
3505 1628 3589 1692 cf.
3639 1629 3893 1694 Jacobs.
3953 1629 4036 1695 ad

2328 1731 2569 1796 Achill.
2593 1733 2737 1796 Tat.
2758 1755 2822 1819 p.
2846 1732 2995 1817 643.
3028 1754 3118 1818 sq.
3143 1730 3289 1794 infr.
3310 1730 3497 1796 Plato
3516 1730 3798 1819 Republ.
3834 1733 3937 1797 11.
3970 1755 4036 1820 p.

2324 1834 2472 1919 358.
2509 1857 2572 1920 p.
2603 1849 2708 1919 59.
2739 1831 2980 1897 Bekk.:
3032 1834 3442 1916 Θρασύμαχος
3482 1833 3600 1916 γάρ
3627 1860 3729 1914 μοι
3759 1835 4041 1916 φαίνεται

2324 1938 2715 2017 πρωϊαίτερον
2750 1939 2857 1998 τοῦ
2891 1933 3130 2001 δέοντος
3144 1934 3259 1999 ὑπὸ
3296 1939 3410 1998 σοῦ
3449 1936 3653 2017 ὥσπερ
3693 1938 3833 2018 ὄφις
3865 1944 4040 2017 κηλη-

2326 2041 2499 2117 θῆναι
2534 2036 2669 2119 (ubi
2698 2035 2826 2100 vid.
2859 2037 3028 2101 Astii
3057 2038 3408 2102 Comment.
3439 2060 3507 2124 p.
3534 2039 3685 2124 389.
3718 2045 3844 2126 sq.)
3878 2040 4035 2104 Plu·

2325 2140 2519 2206 tarch.
2544 2141 2786 2205 Catone
2803 2139 3026 2204 minor.
3046 2163 3100 2205 c.
3112 2142 3297 2228 56.p.
3319 2142 3423 2205 86.
3451 2142 3658 2206 Coraii
3678 2142 3758 2206 de
3780 2142 4037 2231 Psyllis:

2325 2244 2565 2308 -αὗτᾶ
2595 2246 2660 2307 δὲ
2699 2247 2775 2307 τὰ
2819 2244 2993 2326 θηρία
3035 2243 3463 2311 κατεπάδοντες
3502 2247 3911 2326 ἆμβλύττουσι
3942 2247 4039 2311 καὶ

2330 2350 2635 2426 κηλοῦσιν.
2703 2344 3123 2410 Philostratus
3169 2346 3299 2410 Vit.
3355 2346 3681 2434 Apollonii
3732 2347 3811 2412 de
3860 2348 4039 2414 Indis

2330 2449 2470 2512 III.
2498 2449 2555 2512 8.
2582 2471 2649 2536 p.
2677 2468 2833 2513 100:
2866 2450 3057 2513 ὕπνον
3080 2450 3588 2531 ἑγγοητεύσαντες
3607 2448 3802 2532 (cod.
3826 2450 4038 2515 Schel-

2324 2549 2511 2614 lersh.
2543 2552 3033 2635 γοητεύσαντες),
3063 2550 3356 2614 nimirum
3402 2550 3796 2616 draconibus.
3864 2555 4036 2617 Con·

535 2654 647 2743 qui
688 2654 877 2719 etiam
906 2652 1183 2718 fabulam
1231 2651 1312 2715 de
1356 2650 1613 2716 Amoris
1655 2664 1800 2715 ortu
1845 2673 1951 2738 ap.
1985 2649 2238 2715 Platon.
2317 2652 2535 2740 jungit
2564 2652 2701 2717 haec
2729 2653 2921 2717 verba
2950 2653 3079 2717 Dio
3109 2653 3599 2740 chrysostomus
3618 2657 3797 2719 Orat.
3826 2656 4025 2719 XVI.

537 2756 647 2823 1.ι.
676 2755 1037 2845 explicavit.

620 2882 692 2947 p.
720 2861 873 2938 806,
896 2879 957 2943 9.
1023 2856 1278 2940 Πέφνκε
1337 2858 1404 2921 δὲ
1463 2857 1559 2920 καὶ
1611 2858 1864 2942 ἐπῳδαῖς
1910 2859 1992 2941 τῷ
2038 2854 2236 2941 μέλει]

536 2960 834 3027 Villoison
863 2959 1005 3026 vult
1048 2960 1145 3025 καὶ
1181 2964 1262 3045 τῷ
1289 2959 1483 3039 μέλει,
1530 2973 1595 3023 et
1630 2958 1720 3022 ita
1760 2957 2063 3044 expressit
2104 2958 2238 3023 Fic.

538 3066 777 3130 Contra
798 3062 1086 3151 proxima
1105 3061 1299 3126 verba
1329 3059 1465 3125 ἀλλ’
1496 3062 1533 3140 ἡ
1562 3060 1752 3144 ψυχὴ,
1779 3083 1924 3146 quae
1951 3059 2101 3124 item
2131 3083 2240 3125 ex-

534 3167 757 3256 pressit
797 3165 1075 3245 Ficinus,
1121 3164 1548 3250 exhibentque
1591 3161 1734 3226 libri
1769 3161 1965 3227 nostri
1993 3161 2240 3252 reliqui,

537 3293 661 3337 non
691 3270 930 3337 habent
955 3268 1088 3334 bini
1122 3267 1432 3334 Marciani
1467 3266 1842 3331 Villoisonis.

616 3410 708 3423 —
740 3392 838 3458 13.
887 3373 1005 3437 Καὶ
1034 3372 1105 3436 οὗ
1145 3370 1499 3451 θαυμάζεται
1534 3370 1571 3449 ἡ
1609 3371 1854 3452 γοητεία
1895 3370 1934 3449 ἡ
1977 3371 2236 3451 τοιαύτη,

538 3477 726 3542 καίτοι
754 3480 1005 3558 φιλοῦσι
1037 3473 1420 3561 κηλούμενοι]
1468 3472 1808 3560 Proprium
1836 3471 1956 3536 hoc
1974 3472 2237 3538 verbum

533 3576 613 3642 de
643 3577 708 3641 vi
753 3575 1042 3654 musices,
1071 3590 1315 3650 cantuS‚
1346 3574 1664 3652 orationis,
1692 3573 2006 3638 similium.
2054 3575 2241 3640 Plato

536 3679 805 3745 Conviv.
853 3702 917 3767 p.
946 3695 1092 3763 215.
1138 3702 1201 3765 p.
1242 3677 1395 3758 482.
1436 3677 1517 3741 de
1565 3678 1831 3763 Marsya
1871 3676 2155 3742 tibicine:
2206 3681 2239 3742 ὁ

531 3782 641 3862 μέν
670 3807 745 3864 γε
781 3779 851 3846 δι’
884 3780 1158 3863 ὀργάνων
1205 3779 1404 3860 ἐκήλει
1442 3779 1576 3846 τοὺς
1615 3780 1960 3860 ἀνθρώπους
2000 3782 2072 3857 τῇ
2118 3780 2237 3844 ἀπὸ

532 3890 638 3950 τοῦ
681 3886 978 3966 στόματος
1019 3883 1279 3964 δυνάμει.
1354 3884 1683 3969 Protagor.
1714 3904 1781 3968 p.
1814 3898 1962 3967 315.
1996 3906 2060 3969 p.
2102 3885 2238 3948 160.

537 3987 735 4053 Bekk.
763 4012 781 4052 t
831 3993 1028 4067 κηλῶν
1053 4011 1119 4049 τε
1152 3989 1323 4067 φωνῇ
1364 3987 1567 4068 ὥσπερ
1591 3984 1875 4066 Ὀρφεὺς,
1909 3987 1968 4049 οἱ
1997 3987 2061 4050 δὲ
2093 3988 2242 4050 κατὰ

534 4090 642 4169 τὴν
669 4089 881 4172 φωνὴν
911 4089 1157 4153 ἕπονται
1188 4088 1595 4168 κεκηλημένοι,
1620 4087 1727 4151 ubi
1758 4087 1840 4153 cf.
1871 4087 2138 4151 Heindf.
2170 4111 2236 4175 p.

531 4192 681 4273 482.
714 4191 801 4255 cf.
851 4191 1036 4255 etiam
1083 4192 1341 4255 Menex.
1375 4214 1437 4277 p.
1475 4209 1621 4276 235.
1655 4213 1713 4254 a.
1756 4213 1818 4277 p.
1847 4190 1997 4275 378.
2032 4189 2235 4255 Bekk.

533 4310 595 4359 et
647 4292 777 4359 vid.
840 4292 1242 4358 Valckenaer.
1289 4292 1370 4356 ad
1426 4291 1720 4380 Euripid.
1777 4290 2117 4379 Hippolyt.
2170 4315 2233 4356 v.

532 4416 678 4482 303.
728 4395 1105 4461 Plutarcbea
1142 4394 1388 4482 aliaque
1430 4394 1719 4483 exempla
1755 4393 2006 4481 collegit
2045 4396 2237 4481 Wyt-

534 4498 822 4565 tenbach.
866 4497 948 4562 ad
1010 4496 1324 4562 Plutarch.
1371 4521 1436 4584 p.
1474 4499 1617 4578 844.
1664 4497 1774 4584 qui
1818 4495 1983 4560 idem
2031 4496 2235 4575 docet,

538 4599 754 4666 tralate
780 4600 903 4665 hoc
932 4600 1196 4665 verbum
1230 4600 1524 4688 usurpari
1549 4600 1630 4664 de
1658 4600 1828 4665 omni
1859 4600 2097 4665 ratione
2118 4600 2232 4665 de·

536 4702 847 4768 mulcendi
876 4725 989 4790 per
1016 4701 1405 4790 voluptatem
1438 4702 1652 4768 animi.
1714 4704 1762 4766 J
1765 4702 2027 4789 ungitur
2047 4703 2232 4767 etiam

535 4827 670 4870 cum
719 4803 886 4890 ᾄδειν
927 4820 992 4870 et
1042 4827 1187 4870 cum
1235 4802 1477 4889 ἐπᾴδειν
1520 4804 1784 4869 docente
1832 4804 2125 4870 Jacobsio
2170 4804 2233 4869 in

537 4908 930 4974 Additamm.
993 4907 1352 4973 Observatt.
1401 4908 1464 4972 in
1520 4908 1909 4973 Athenaeum
1968 4931 2033 4995 p.
2088 4911 2235 4988 264.

539 5010 852 5076 Lucianus
868 5010 932 5073 in
954 5009 1289 5075 Herodoto
1310 5034 1374 5098 p.
1400 5011 1545 5097 833.
1568 5010 1670 5075 ed.
1694 5012 2041 5076 Wetsten.:
2077 5008 2237 5095 ᾅδων

533 5116 632 5182 τὰς
659 5114 924 5195 ἱστορίας
954 5114 1049 5178 καὶ
1092 5120 1288 5194 κηλῶν
1315 5114 1452 5182 τοὺς
1487 5116 1804 5196 παρόντας,
1838 5114 1979 5196 ἄχρι
2006 5117 2113 5177 τοῦ
2141 5115 2238 5178 καὶ

533 5217 786 5282 Μούσας
807 5218 1094 5295 κληθῆναι
1120 5219 1226 5282 τὰς
1252 5216 1513 5296 βίβλους
1541 5217 1743 5280 αὐτοῦ.
1836 5215 1997 5278 Haec
2024 5213 2232 5278 imita-

530 5331 662 5381 tum
708 5315 944 5381 dixeris
981 5317 1341 5382 Himerium
1384 5320 1564 5382 Orat.
1593 5317 1783 5381 XIV.
1822 5335 1926 5399 27.
1966 5339 2031 5403 p.
2066 5316 2228 5401 658:

532 5419 749 5501 Μικροὶ
788 5417 857 5483 δέ
900 5445 1002 5499 μοι
1047 5419 1267 5484 λοιπὸν
1290 5418 1650 5484 Ἕλλανικοί
1690 5445 1757 5484 τε
1807 5420 1902 5484 καὶ
1947 5419 2233 5500 Δούριδες

530 5522 614 5587 ἔτι
643 5547 712 5588 τε
737 5522 776 5602 ἡ
799 5526 906 5586 τοῦ
930 5520 1461 5604 Ἁλικαρνασσέως
1488 5524 1725 5602 ποίησις
1757 5519 2104 5604 (Herodoti
2133 5519 2229 5583 ni-

2326 2778 2398 2842 p.
2433 2775 2578 2837 244.
2614 2757 2691 2820 Β.
2723 2774 2871 2841 457.
2908 2755 3166 2820 Reisk.:
3218 2760 3572 2837 κηλούμενοι
3610 2760 3727 2840 γὰρ
3764 2759 3861 2823 καὶ
3895 2785 4038 2842 γοη-

2329 2859 2637 2937 τευόμενοι
2663 2861 2826 2940 παρὰ
2846 2860 3028 2939 ταύτῃ
3060 2859 3161 2941 (τῇ
3178 2860 3390 2943 ἡδονῇ)
3409 2859 3692 2939 μένουσιτ
3727 2861 3839 2946 qui
3862 2861 4037 2928 locus

2330 2982 2455 3024 non
2476 2960 2703 3048 effugit
2730 2960 3002 3047 Bagueti
3025 2961 3412 3048 diligentiam
3436 2963 3517 3027 ad
3541 2963 3823 3051 ejusdem
3841 2965 4034 3053 scrip-

2330 3062 2483 3128 toris
2529 3064 2707 3128 Orat·
2758 3065 2962 3128 VIII.
3010 3087 3079 3152 p.
3114 3065 3217 3128 88.
3265 3088 3356 3152 sq.
3409 3064 3490 3130 de
3537 3089 3689 3131 voce
3731 3069 4041 3150 γοητεύειν

2330 3165 2518 3231 docte
2544 3179 2860 3253 agentem.
2910 3166 3204 3232 Clemens
3234 3166 3427 3233 Alex.
3458 3168 3804 3256 Paedagog.
3840 3172 3937 3234 11.
3968 3191 4036 3252 4.

2329 3290 2394 3355 p.
2435 3286 2578 3354 192,
2614 3267 2895 3334 Potteri:
2945 3269 3041 3333 καὶ
3086 3272 3202 3352 γὰρ
3244 3271 3322 3339 ὦς
3371 3272 3605 3351 ἀληθῶς
3647 3271 4039 3353 ἆποπεμπτέα

2325 3375 2400 3435 τὰ
2429 3374 2661 3454 ὄργανα
2688 3376 2873 3436 ταῦτα
2904 3372 3146 3455 (σύριγξ
3178 3373 3274 3436 καὶ
3314 3372 3523 3457 αὐλὸς)
3557 3378 3856 3455 νηφαλίου
3885 3401 4032 3456 συμ-

2324 3477 2562 3550 ποσίου,
2596 3477 2817 3557 θηρίοις
2843 3481 3083 3556 μᾶλλον
3109 3473 3147 3555 ἢ
3178 3477 3509 3558 ἀνθρώποις
3535 3477 3903 3557 κατάλληλα,
3939 3480 4037 3543 καὶ

2328 3580 2656 3660 ἀνθρώπων
2686 3585 2810 3646 τοῖς
2852 3576 3266 3660 ἆλογωτέροις.
3315 3580 3421 3644 τὰς
3459 3579 3574 3657 μὲν
3607 3582 3724 3660 γὰρ
3773 3578 4037 3662 ἐλάφους

2325 3686 2453 3747 ταῖς
2498 3682 2733 3763 σύριγξι
2784 3684 3096 3761 κηλεῖσθαι
3138 3679 3619 3762 παρειλήφαμεν,
3655 3681 3752 3744 καὶ
3793 3681 3889 3745 ἐπὶ
3932 3685 4037 3750 τὰς

2325 3782 2628 3865 ποδάγρας
2675 3782 2822 3865 πρὸς
2859 3788 2978 3846 τῶν
3026 3787 3293 3864 κυνηγῶν
3342 3780 3738 3862 θηρευομένας
3778 3784 4033 3865 ἄγεσθαι

2327 3888 2408 3970 τῷ
2445 3883 2641 3964 μέλει.
2730 3883 3140 3972 Ejuscemodi
3184 3884 3570 3948 narrationes
3614 3883 3880 3950 librariis
3922 3885 4033 3950 ob-

2328 4000 2602 4051 versatas
2628 3985 2997 4051 crediderim
3039 4008 3184 4050 cum
3228 3984 3388 4051 alius
3432 3986 3724 4052 scriberet
3768 3988 3834 4052 in
3880 3987 4029 4054 Plo-

2329 4089 2565 4154 tiniano
2606 4088 2746 4153 loco
2785 4090 3095 4172 ἄνθρωπος
3134 4091 3323 4172 ὄφεις,
3356 4088 3493 4154 aliis
3529 4092 3675 4172 ὅφιν
3704 4092 4029 4173 ἅνθρωπος,

2326 4191 2500 4279 quod
2542 4190 2854 4280 posterius
2889 4206 3101 4256 tamen
3144 4191 3208 4256 in
3257 4191 3439 4257 Med.
3472 4195 3562 4256 A.
3601 4210 3948 4256 correctum
3993 4214 4031 4255 a

2326 4294 2599 4359 secunda
2647 4316 2861 4359 manu.
2950 4297 3087 4359 Nos
3129 4294 3314 4359 etiam
3360 4317 3504 4358 cum
3544 4294 3725 4359 bonis
3768 4293 3941 4359 libris
3969 4310 4034 4360 et

2323 4420 2466 4462 cum
2501 4397 2722 4462 Ficino
2754 4395 3026 4484 amplexi
3068 4419 3287 4461 sumus
3334 4396 3659 4462 lectionem
3690 4395 4032 4476 Editionis,

2323 4522 2514 4587 quam
2579 4500 2760 4565 unice
2804 4521 3013 4563 veram
3064 4522 3196 4563 esse
3245 4498 3570 4585 sequentia
3619 4513 3920 4587 arguunt,
3965 4516 4029 4563 et

2323 4603 2461 4668 aliae
2491 4604 2875 4669 narrationes
2916 4603 3320 4667 confirmant:
3370 4603 3574 4691 Apud
3606 4602 4024 4683 Aristotelem,

2321 4704 2432 4791 qui
2473 4704 2701 4784 fertur,
2743 4703 2806 4769 in
2858 4702 3163 4769 Mirabill.
3198 4703 3514 4769 Auscultt.
3545 4728 3599 4770 c.
3648 4706 3790 4769 162.
3819 4705 3879 4768 T
3882 4704 4024 4768 hes-

2323 4807 2451 4871 sala
2514 4807 2791 4871 venefica
2847 4820 3194 4893 serpentem
3256 4805 3444 4869 variis
3487 4806 3762 4870 artificiis
3819 4806 4028 4871 incan-

2321 4925 2456 4974 tare
2483 4909 2775 4987 instituit,
2805 4925 2872 4974 at
2907 4908 3108 4974 bestia
3149 4908 3385 4973 recanit
3429 4909 3528 4992 (τὸ
3569 4910 3636 4973 δὲ
3670 4912 3874 4991 θηρίον
3918 4911 4021 4973 ἆν-

2322 5009 2553 5098 τᾴδειν)
2600 5025 2665 5077 et
2698 5011 2933 5077 femina
2978 5010 3131 5075 nihil
3179 5013 3455 5076 sentiens
3499 5009 3759 5075 vixdum
3807 5033 4025 5074 somno

2320 5114 2632 5180 abstinere
2674 5127 2902 5201 potest,
2935 5135 3048 5178 nec
3090 5113 3361 5178 multum
3407 5113 3635 5184 abfuit,
3666 5112 3732 5177 ni
3771 5112 4024 5177 adstans

2322 5217 2490 5282 filius
2522 5231 2785 5281 matrem
2830 5216 3370 5303 expergefecisset,
3401 5216 3558 5303 quin
3600 5215 3707 5280 illa
3748 5216 3812 5279 in
3858 5236 4019 5278 som-

2320 5341 2474 5384 num
2519 5318 2834 5383 letiferum
2883 5318 3301 5384 delaberetur.
3372 5318 3618 5383 Plinius
3653 5318 3822 5383 Hist.
3870 5319 4018 5382 Nat.

2321 5420 2676 5484 XXVIII.
2709 5437 2772 5485 2.
2801 5442 2865 5507 p.
2896 5422 3048 5501 446.
3082 5420 3333 5485 Hard.:
3382 5426 3426 5460 “
3459 5443 3581 5485 non
3621 5420 3805 5507 pauci
3834 5421 4021 5487 etiam

2323 5520 2491 5604 (cred
2499 5524 2647 5681 ign}
2665 5531 2983 5609 serpentes
3010 5525 3188 5610 ipsas
3203 5544 3517 5603 recanere,
3540 5532 3600 5589 et
3627 5524 3796 5591 hunc
3821 5550 4019 5593 unum

2427 5628 2486 5680 Η
