<?xml version="1.0" encoding="UTF-8"?>
<!DOCTYPE html PUBLIC "-//W3C//DTD XHTML 1.0 Transitional//EN"
    "http://www.w3.org/TR/xhtml1/DTD/xhtml1-transitional.dtd">
<html xmlns="http://www.w3.org/1999/xhtml" xml:lang="en" lang="en">
 <head>
  <title>
</title>
<meta http-equiv="Content-Type" content="text/html;charset=utf-8" />
  <meta name='ocr-system' content='tesseract 3.04.00' />
  <meta name='ocr-capabilities' content='ocr_page ocr_carea ocr_par ocr_line ocrx_word'/>
</head>
<body>
  <div class='ocr_page' id='page_1' title='image "./plotinioperaomn00chumgoog_0311.png"; bbox 0 0 5118 6613; ppageno 0'>
   <div class='ocr_carea' id='block_1_1' title="bbox 1302 542 3361 631">
    <p class='ocr_par' dir='ltr' id='par_1_1' title="bbox 1302 542 3361 631">
     <span class='ocr_line' id='line_1_1' title="bbox 1302 542 3361 631; baseline -0.004 -19"><span class='ocrx_word' id='word_1_1' title='bbox 1302 548 1502 612; x_wconf 89' lang='lat' dir='ltr'><strong>LIB.</strong></span> <span class='ocrx_word' id='word_1_2' title='bbox 1552 547 1752 612; x_wconf 91' lang='lat' dir='ltr'><strong>VIII.</strong></span> <span class='ocrx_word' id='word_1_3' title='bbox 1803 546 2271 611; x_wconf 89' lang='lat' dir='ltr'><strong>ENNEAD.</strong></span> <span class='ocrx_word' id='word_1_4' title='bbox 2321 542 2775 622; x_wconf 82' lang='lat' dir='ltr'><strong>QUINTAE.</strong></span> <span class='ocrx_word' id='word_1_5' title='bbox 2817 564 2879 631; x_wconf 90' lang='lat' dir='ltr'><strong>p.</strong></span> <span class='ocrx_word' id='word_1_6' title='bbox 2919 559 3361 625; x_wconf 75' lang='lat'><strong>1004—1009.</strong></span> 
     </span>
    </p>
   </div>
   <div class='ocr_carea' id='block_1_2' title="bbox 562 718 2281 5725">
    <p class='ocr_par' dir='ltr' id='par_1_2' title="bbox 586 718 2281 1117">
     <span class='ocr_line' id='line_1_2' title="bbox 586 718 2281 805; baseline -0.003 -18"><span class='ocrx_word' id='word_1_7' title='bbox 586 723 732 805; x_wconf 73' lang='grc' dir='ltr'>ὑπὲρ</span> <span class='ocrx_word' id='word_1_8' title='bbox 781 727 987 787; x_wconf 79' lang='grc' dir='ltr'>πᾶσαν</span> <span class='ocrx_word' id='word_1_9' title='bbox 1035 720 1253 786; x_wconf 81' lang='grc' dir='ltr'>στάσιν</span> <span class='ocrx_word' id='word_1_10' title='bbox 1306 722 1401 786; x_wconf 82' lang='grc' dir='ltr'>καὶ</span> <span class='ocrx_word' id='word_1_11' title='bbox 1451 726 1655 785; x_wconf 79' lang='grc' dir='ltr'>πᾶσαν</span> <span class='ocrx_word' id='word_1_12' title='bbox 1707 721 1957 801; x_wconf 85' lang='grc' dir='ltr'>κίνησιν,</span> <span class='ocrx_word' id='word_1_13' title='bbox 2014 718 2281 802; x_wconf 80' lang='grc' dir='ltr'>ἐνιδρύον</span> 
     </span>
     <span class='ocr_line' id='line_1_3' title="bbox 590 822 2277 911; baseline -0.003 -21"><span class='ocrx_word' id='word_1_14' title='bbox 590 827 844 891; x_wconf 80' lang='grc' dir='ltr'>ἕκαστον</span> <span class='ocrx_word' id='word_1_15' title='bbox 873 827 941 889; x_wconf 78' lang='grc' dir='ltr'><strong>ἐν</strong></span> <span class='ocrx_word' id='word_1_16' title='bbox 966 828 1047 911; x_wconf 71' lang='grc' dir='ltr'>τῷ</span> <span class='ocrx_word' id='word_1_17' title='bbox 1096 827 1306 889; x_wconf 83' lang='grc' dir='ltr'>ἑαυτοῦ</span> <span class='ocrx_word' id='word_1_18' title='bbox 1346 825 1533 909; x_wconf 82' lang='grc' dir='ltr'>λόγῳ,</span> <span class='ocrx_word' id='word_1_19' title='bbox 1565 824 1659 887; x_wconf 84' lang='grc' dir='ltr'>καὶ</span> <span class='ocrx_word' id='word_1_20' title='bbox 1701 827 1899 887; x_wconf 81' lang='grc' dir='ltr'>κινοῦν</span> <span class='ocrx_word' id='word_1_21' title='bbox 1930 824 2028 886; x_wconf 76' lang='grc' dir='ltr'><strong>ἐπὶ</strong></span> <span class='ocrx_word' id='word_1_22' title='bbox 2055 822 2163 902; x_wconf 77' lang='grc' dir='ltr'>τὴν</span> <span class='ocrx_word' id='word_1_23' title='bbox 2191 823 2277 885; x_wconf 78' lang='grc' dir='ltr'><strong>οἱ·</strong></span> 
     </span>
     <span class='ocr_line' id='line_1_4' title="bbox 588 923 2281 1012; baseline -0.002 -21"><span class='ocrx_word' id='word_1_24' title='bbox 588 929 751 992; x_wconf 83' lang='grc' dir='ltr'>κείαν</span> <span class='ocrx_word' id='word_1_25' title='bbox 781 929 1033 1008; x_wconf 81' lang='grc' dir='ltr'>κίνησιν.</span> <span class='ocrx_word' id='word_1_26' title='bbox 1087 927 1192 991; x_wconf 90' lang='lat' dir='ltr'><strong>Ita</strong></span> <span class='ocrx_word' id='word_1_27' title='bbox 1218 925 1380 990; x_wconf 89' lang='lat' dir='ltr'><strong>euim</strong></span> <span class='ocrx_word' id='word_1_28' title='bbox 1412 925 1514 990; x_wconf 91' lang='lat' dir='ltr'><strong>hic</strong></span> <span class='ocrx_word' id='word_1_29' title='bbox 1543 924 1715 990; x_wconf 90' lang='lat' dir='ltr'><strong>locus</strong></span> <span class='ocrx_word' id='word_1_30' title='bbox 1742 923 2281 1012; x_wconf 87' lang='lat' dir='ltr'><strong>interpungendus</strong></span> 
     </span>
     <span class='ocr_line' id='line_1_5' title="bbox 586 1029 1642 1117; baseline -0.003 -22"><span class='ocrx_word' id='word_1_31' title='bbox 586 1045 701 1109; x_wconf 90' lang='lat' dir='ltr'><strong>est,</strong></span> <span class='ocrx_word' id='word_1_32' title='bbox 732 1054 862 1117; x_wconf 91' lang='lat' dir='ltr'><strong>quo</strong></span> <span class='ocrx_word' id='word_1_33' title='bbox 891 1029 1192 1094; x_wconf 90' lang='lat' dir='ltr'><strong>sententia</strong></span> <span class='ocrx_word' id='word_1_34' title='bbox 1223 1051 1371 1093; x_wconf 88' lang='lat' dir='ltr'><strong>sana</strong></span> <span class='ocrx_word' id='word_1_35' title='bbox 1399 1029 1642 1094; x_wconf 87' lang='lat' dir='ltr'><strong>existat.</strong></span> 
     </span>
    </p>

    <p class='ocr_par' dir='ltr' id='par_1_3' title="bbox 562 1131 2281 5654">
     <span class='ocr_line' id='line_1_6' title="bbox 671 1131 2277 1221; baseline 0 -25"><span class='ocrx_word' id='word_1_36' title='bbox 671 1155 738 1221; x_wconf 88' lang='lat' dir='ltr'><strong>p.</strong></span> <span class='ocrx_word' id='word_1_37' title='bbox 770 1134 955 1212; x_wconf 90' lang='lat'>1008,</span> <span class='ocrx_word' id='word_1_38' title='bbox 984 1152 1045 1218; x_wconf 91' lang='lat'><strong>3.</strong></span> <span class='ocrx_word' id='word_1_39' title='bbox 1077 1134 1207 1197; x_wconf 80' lang='grc' dir='ltr'>οἷον</span> <span class='ocrx_word' id='word_1_40' title='bbox 1237 1136 1403 1200; x_wconf 77' lang='grc' dir='ltr'>εἴτις</span> <span class='ocrx_word' id='word_1_41' title='bbox 1432 1132 1665 1215; x_wconf 88' lang='grc' dir='ltr'>γένοιτο</span> <span class='ocrx_word' id='word_1_42' title='bbox 1695 1131 1803 1209; x_wconf 76' lang='grc' dir='ltr'>τὴν</span> <span class='ocrx_word' id='word_1_43' title='bbox 1831 1132 1980 1213; x_wconf 80' lang='grc' dir='ltr'>ὄψιν</span> <span class='ocrx_word' id='word_1_44' title='bbox 1998 1133 2277 1203; x_wconf 83' lang='grc' dir='ltr'>τοιοῦτος,</span> 
     </span>
     <span class='ocr_line' id='line_1_7' title="bbox 585 1232 2276 1320; baseline -0.003 -20"><span class='ocrx_word' id='word_1_45' title='bbox 585 1238 708 1304; x_wconf 78' lang='grc' dir='ltr'>οἶος</span> <span class='ocrx_word' id='word_1_46' title='bbox 735 1239 768 1300; x_wconf 98' lang='lat'><em>6</em></span> <span class='ocrx_word' id='word_1_47' title='bbox 797 1236 1069 1319; x_wconf 85' lang='grc' dir='ltr'>Λυγγεὺς</span> <span class='ocrx_word' id='word_1_48' title='bbox 1099 1235 1365 1317; x_wconf 80' lang='grc' dir='ltr'>ἐλέγετο,</span> <span class='ocrx_word' id='word_1_49' title='bbox 1399 1236 1495 1299; x_wconf 83' lang='grc' dir='ltr'>καὶ</span> <span class='ocrx_word' id='word_1_50' title='bbox 1521 1238 1597 1299; x_wconf 77' lang='grc' dir='ltr'>τὰ</span> <span class='ocrx_word' id='word_1_51' title='bbox 1639 1237 1780 1299; x_wconf 79' lang='grc' dir='ltr'>εἵσω</span> <span class='ocrx_word' id='word_1_52' title='bbox 1819 1238 1920 1313; x_wconf 83' lang='grc' dir='ltr'>τῆς</span> <span class='ocrx_word' id='word_1_53' title='bbox 1955 1237 2061 1315; x_wconf 85' lang='grc' dir='ltr'><strong>γῆς</strong></span> <span class='ocrx_word' id='word_1_54' title='bbox 2099 1232 2276 1320; x_wconf 79' lang='grc' dir='ltr'>ὁρᾷν]</span> 
     </span>
     <span class='ocr_line' id='line_1_8' title="bbox 590 1334 2281 1424; baseline -0.004 -20"><span class='ocrx_word' id='word_1_55' title='bbox 590 1341 692 1405; x_wconf 91' lang='lat' dir='ltr'><strong>lta</strong></span> <span class='ocrx_word' id='word_1_56' title='bbox 722 1339 889 1404; x_wconf 90' lang='lat' dir='ltr'><strong>hunc</strong></span> <span class='ocrx_word' id='word_1_57' title='bbox 918 1338 1122 1403; x_wconf 90' lang='lat' dir='ltr'><strong>locum</strong></span> <span class='ocrx_word' id='word_1_58' title='bbox 1154 1361 1234 1402; x_wconf 85' lang='lat' dir='ltr'><strong>ex</strong></span> <span class='ocrx_word' id='word_1_59' title='bbox 1262 1336 1512 1424; x_wconf 89' lang='lat' dir='ltr'><strong>optimis</strong></span> <span class='ocrx_word' id='word_1_60' title='bbox 1541 1336 1712 1401; x_wconf 90' lang='lat' dir='ltr'><strong>libris</strong></span> <span class='ocrx_word' id='word_1_61' title='bbox 1741 1352 1803 1401; x_wconf 92' lang='lat' dir='ltr'><strong>et</strong></span> <span class='ocrx_word' id='word_1_62' title='bbox 1833 1334 2110 1423; x_wconf 79' lang='lat' dir='ltr'>margine</span> <span class='ocrx_word' id='word_1_63' title='bbox 2138 1357 2281 1399; x_wconf 90' lang='lat' dir='ltr'><strong>con-</strong></span> 
     </span>
     <span class='ocr_line' id='line_1_9' title="bbox 584 1437 2277 1528; baseline -0.003 -22"><span class='ocrx_word' id='word_1_64' title='bbox 584 1442 778 1509; x_wconf 89' lang='lat' dir='ltr'><strong>stitui.</strong></span> <span class='ocrx_word' id='word_1_65' title='bbox 870 1441 971 1506; x_wconf 84' lang='lat' dir='ltr'><strong>Ad</strong></span> <span class='ocrx_word' id='word_1_66' title='bbox 1018 1441 1210 1506; x_wconf 87' lang='lat' dir='ltr'><strong>verba</strong></span> <span class='ocrx_word' id='word_1_67' title='bbox 1254 1442 1583 1524; x_wconf 76' lang='grc' dir='ltr'>καὶ-ὁρᾷν</span> <span class='ocrx_word' id='word_1_68' title='bbox 1611 1440 1813 1528; x_wconf 89' lang='lat' dir='ltr'><strong>cogita</strong></span> <span class='ocrx_word' id='word_1_69' title='bbox 1844 1438 1941 1502; x_wconf 88' lang='lat' dir='ltr'><strong>vel</strong></span> <span class='ocrx_word' id='word_1_70' title='bbox 1973 1440 2146 1512; x_wconf 81' lang='grc' dir='ltr'>ὥστε,</span> <span class='ocrx_word' id='word_1_71' title='bbox 2179 1437 2277 1502; x_wconf 83' lang='lat' dir='ltr'><strong>vel</strong></span> 
     </span>
     <span class='ocr_line' id='line_1_10' title="bbox 582 1539 2277 1632; baseline -0.005 -22"><span class='ocrx_word' id='word_1_72' title='bbox 582 1568 662 1610; x_wconf 82' lang='lat' dir='ltr'><strong>ex</strong></span> <span class='ocrx_word' id='word_1_73' title='bbox 704 1543 1245 1632; x_wconf 66' lang='lat' dir='ltr'><strong>praecedentibus:</strong></span> <span class='ocrx_word' id='word_1_74' title='bbox 1294 1542 1360 1611; x_wconf 82' lang='grc' dir='ltr'><strong>ὃς</strong></span> <span class='ocrx_word' id='word_1_75' title='bbox 1405 1544 1560 1625; x_wconf 87' lang='grc' dir='ltr'>(καὶ)</span> <span class='ocrx_word' id='word_1_76' title='bbox 1609 1542 1874 1625; x_wconf 82' lang='grc' dir='ltr'>ἐλέγετο.</span> <span class='ocrx_word' id='word_1_77' title='bbox 1970 1540 2073 1605; x_wconf 90' lang='lat' dir='ltr'><strong>Sic</strong></span> <span class='ocrx_word' id='word_1_78' title='bbox 2114 1539 2277 1604; x_wconf 89' lang='lat' dir='ltr'><strong>enim</strong></span> 
     </span>
     <span class='ocr_line' id='line_1_11' title="bbox 582 1644 2279 1735; baseline -0.004 -22"><span class='ocrx_word' id='word_1_79' title='bbox 582 1647 872 1735; x_wconf 87' lang='lat' dir='ltr'><strong>congruit</strong></span> <span class='ocrx_word' id='word_1_80' title='bbox 918 1647 1204 1712; x_wconf 81' lang='lat' dir='ltr'><strong>brevitati</strong></span> <span class='ocrx_word' id='word_1_81' title='bbox 1241 1644 1637 1711; x_wconf 81' lang='lat' dir='ltr'><strong>Plotinianae.</strong></span> <span class='ocrx_word' id='word_1_82' title='bbox 1724 1645 1996 1727; x_wconf 82' lang='grc' dir='ltr'>Λυγγεὺς</span> <span class='ocrx_word' id='word_1_83' title='bbox 2038 1658 2279 1707; x_wconf 88' lang='lat' dir='ltr'><strong>mutare</strong></span> 
     </span>
     <span class='ocr_line' id='line_1_12' title="bbox 584 1745 2280 1824; baseline -0.003 -8"><span class='ocrx_word' id='word_1_84' title='bbox 584 1751 714 1816; x_wconf 89' lang='lat' dir='ltr'><strong>sine</strong></span> <span class='ocrx_word' id='word_1_85' title='bbox 759 1750 1058 1816; x_wconf 88' lang='lat' dir='ltr'><strong>librorum</strong></span> <span class='ocrx_word' id='word_1_86' title='bbox 1110 1747 1478 1814; x_wconf 88' lang='lat' dir='ltr'><strong>auctoritate</strong></span> <span class='ocrx_word' id='word_1_87' title='bbox 1523 1770 1646 1813; x_wconf 91' lang='lat' dir='ltr'><strong>non</strong></span> <span class='ocrx_word' id='word_1_88' title='bbox 1695 1770 1831 1812; x_wconf 89' lang='lat' dir='ltr'><strong>sum</strong></span> <span class='ocrx_word' id='word_1_89' title='bbox 1881 1770 2093 1824; x_wconf 90' lang='lat' dir='ltr'><strong>ausus,</strong></span> <span class='ocrx_word' id='word_1_90' title='bbox 2137 1745 2280 1811; x_wconf 87' lang='lat' dir='ltr'><strong>licet</strong></span> 
     </span>
     <span class='ocr_line' id='line_1_13' title="bbox 588 1849 2281 1942; baseline -0.004 -22"><span class='ocrx_word' id='word_1_91' title='bbox 588 1854 771 1920; x_wconf 86' lang='lat' dir='ltr'><strong>sciam</strong></span> <span class='ocrx_word' id='word_1_92' title='bbox 807 1853 998 1942; x_wconf 82' lang='lat' dir='ltr'><strong>vulgo</strong></span> <span class='ocrx_word' id='word_1_93' title='bbox 1025 1852 1203 1918; x_wconf 88' lang='lat' dir='ltr'><strong>aliter</strong></span> <span class='ocrx_word' id='word_1_94' title='bbox 1230 1851 1382 1917; x_wconf 84' lang='lat' dir='ltr'><strong>fieri.</strong></span> <span class='ocrx_word' id='word_1_95' title='bbox 1443 1850 1743 1917; x_wconf 85' lang='lat' dir='ltr'>Arbitror</span> <span class='ocrx_word' id='word_1_96' title='bbox 1769 1849 1931 1914; x_wconf 90' lang='lat' dir='ltr'><strong>enim</strong></span> <span class='ocrx_word' id='word_1_97' title='bbox 1961 1850 2122 1914; x_wconf 91' lang='lat' dir='ltr'><strong>hanc</strong></span> <span class='ocrx_word' id='word_1_98' title='bbox 2149 1873 2281 1914; x_wconf 86' lang='lat' dir='ltr'><strong>esse</strong></span> 
     </span>
     <span class='ocr_line' id='line_1_14' title="bbox 588 1952 2276 2046; baseline -0.004 -23"><span class='ocrx_word' id='word_1_99' title='bbox 588 1957 799 2045; x_wconf 91' lang='lat' dir='ltr'><strong>potius</strong></span> <span class='ocrx_word' id='word_1_100' title='bbox 827 1956 1183 2046; x_wconf 89' lang='lat' dir='ltr'><strong>posterioris</strong></span> <span class='ocrx_word' id='word_1_101' title='bbox 1213 1954 1414 2021; x_wconf 84' lang='lat' dir='ltr'><strong>aetatis</strong></span> <span class='ocrx_word' id='word_1_102' title='bbox 1442 1954 1833 2042; x_wconf 84' lang='lat' dir='ltr'><strong>scripturam,</strong></span> <span class='ocrx_word' id='word_1_103' title='bbox 1856 1975 2044 2040; x_wconf 91' lang='lat' dir='ltr'><strong>quam</strong></span> <span class='ocrx_word' id='word_1_104' title='bbox 2077 1952 2276 2040; x_wconf 88' lang='lat' dir='ltr'><strong>negli-</strong></span> 
     </span>
     <span class='ocr_line' id='line_1_15' title="bbox 584 2055 2276 2149; baseline -0.005 -21"><span class='ocrx_word' id='word_1_105' title='bbox 584 2063 860 2149; x_wconf 81' lang='lat' dir='ltr'><strong>gentiam</strong></span> <span class='ocrx_word' id='word_1_106' title='bbox 905 2060 1321 2126; x_wconf 80' lang='lat' dir='ltr'><strong>librariorum.</strong></span> <span class='ocrx_word' id='word_1_107' title='bbox 1413 2060 1710 2123; x_wconf 88' lang='lat' dir='ltr'><strong>Ceterum</strong></span> <span class='ocrx_word' id='word_1_108' title='bbox 1740 2055 1884 2121; x_wconf 89' lang='lat' dir='ltr'><strong>vide</strong></span> <span class='ocrx_word' id='word_1_109' title='bbox 1913 2055 1994 2120; x_wconf 91' lang='lat' dir='ltr'><strong>de</strong></span> <span class='ocrx_word' id='word_1_110' title='bbox 2020 2055 2137 2120; x_wconf 91' lang='lat' dir='ltr'><strong>hac</strong></span> <span class='ocrx_word' id='word_1_111' title='bbox 2180 2056 2276 2119; x_wconf 92' lang='lat' dir='ltr'><strong>di-</strong></span> 
     </span>
     <span class='ocr_line' id='line_1_16' title="bbox 585 2158 2274 2252; baseline -0.004 -24"><span class='ocrx_word' id='word_1_112' title='bbox 585 2164 874 2230; x_wconf 85' lang='lat' dir='ltr'><strong>versitate</strong></span> <span class='ocrx_word' id='word_1_113' title='bbox 918 2163 1211 2252; x_wconf 88' lang='lat' dir='ltr'><strong>interprr.</strong></span> <span class='ocrx_word' id='word_1_114' title='bbox 1252 2160 1333 2227; x_wconf 90' lang='lat' dir='ltr'><strong>ad</strong></span> <span class='ocrx_word' id='word_1_115' title='bbox 1382 2160 1627 2249; x_wconf 86' lang='lat' dir='ltr'><strong>Hygin.</strong></span> <span class='ocrx_word' id='word_1_116' title='bbox 1669 2160 1799 2225; x_wconf 87' lang='lat' dir='ltr'><strong>fab.</strong></span> <span class='ocrx_word' id='word_1_117' title='bbox 1837 2160 1981 2224; x_wconf 82' lang='lat'><strong>168.</strong></span> <span class='ocrx_word' id='word_1_118' title='bbox 2027 2183 2092 2247; x_wconf 91' lang='lat' dir='ltr'><strong>p.</strong></span> <span class='ocrx_word' id='word_1_119' title='bbox 2130 2158 2274 2240; x_wconf 82' lang='lat'><strong>284.</strong></span> 
     </span>
     <span class='ocr_line' id='line_1_17' title="bbox 584 2262 2272 2356; baseline -0.002 -25"><span class='ocrx_word' id='word_1_120' title='bbox 584 2267 879 2356; x_wconf 88' lang='lat' dir='ltr'><strong>Heynius</strong></span> <span class='ocrx_word' id='word_1_121' title='bbox 920 2266 1000 2333; x_wconf 90' lang='lat' dir='ltr'><strong>ad</strong></span> <span class='ocrx_word' id='word_1_122' title='bbox 1033 2265 1396 2354; x_wconf 88' lang='lat' dir='ltr'><strong>Apollodor.</strong></span> <span class='ocrx_word' id='word_1_123' title='bbox 1424 2288 1491 2353; x_wconf 91' lang='lat' dir='ltr'><strong>p.</strong></span> <span class='ocrx_word' id='word_1_124' title='bbox 1520 2284 1662 2349; x_wconf 89' lang='lat'>109.</span> <span class='ocrx_word' id='word_1_125' title='bbox 1727 2263 2002 2329; x_wconf 84' lang='lat' dir='ltr'><strong>Fischer.</strong></span> <span class='ocrx_word' id='word_1_126' title='bbox 2034 2262 2118 2327; x_wconf 89' lang='lat' dir='ltr'><strong>ad</strong></span> <span class='ocrx_word' id='word_1_127' title='bbox 2149 2265 2272 2328; x_wconf 92' lang='lat' dir='ltr'><strong>Pa-</strong></span> 
     </span>
     <span class='ocr_line' id='line_1_18' title="bbox 582 2365 2273 2459; baseline -0.002 -24"><span class='ocrx_word' id='word_1_128' title='bbox 582 2371 834 2459; x_wconf 83' lang='lat' dir='ltr'><strong>laephat.</strong></span> <span class='ocrx_word' id='word_1_129' title='bbox 866 2393 933 2457; x_wconf 93' lang='lat' dir='ltr'><strong>p.</strong></span> <span class='ocrx_word' id='word_1_130' title='bbox 961 2372 1066 2456; x_wconf 85' lang='lat'><strong>58.</strong></span> <span class='ocrx_word' id='word_1_131' title='bbox 1123 2368 1373 2433; x_wconf 87' lang='lat' dir='ltr'><strong>Jacobs.</strong></span> <span class='ocrx_word' id='word_1_132' title='bbox 1413 2368 1495 2432; x_wconf 90' lang='lat' dir='ltr'><strong>ad</strong></span> <span class='ocrx_word' id='word_1_133' title='bbox 1525 2366 1793 2432; x_wconf 88' lang='lat' dir='ltr'><strong>Anthol.</strong></span> <span class='ocrx_word' id='word_1_134' title='bbox 1822 2365 2024 2433; x_wconf 87' lang='lat' dir='ltr'><strong>Palat.</strong></span> <span class='ocrx_word' id='word_1_135' title='bbox 2070 2389 2133 2454; x_wconf 93' lang='lat' dir='ltr'><strong>p.</strong></span> <span class='ocrx_word' id='word_1_136' title='bbox 2168 2386 2273 2451; x_wconf 91' lang='lat'><strong>91.</strong></span> 
     </span>
     <span class='ocr_line' id='line_1_19' title="bbox 581 2469 2275 2563; baseline -0.002 -25"><span class='ocrx_word' id='word_1_137' title='bbox 581 2489 645 2539; x_wconf 90' lang='lat' dir='ltr'><strong>et</strong></span> <span class='ocrx_word' id='word_1_138' title='bbox 688 2497 754 2563; x_wconf 90' lang='lat' dir='ltr'><strong>p.</strong></span> <span class='ocrx_word' id='word_1_139' title='bbox 792 2492 976 2554; x_wconf 83' lang='lat'><strong>1042.</strong></span> <span class='ocrx_word' id='word_1_140' title='bbox 1019 2488 1082 2537; x_wconf 90' lang='lat' dir='ltr'><strong>et</strong></span> <span class='ocrx_word' id='word_1_141' title='bbox 1124 2471 1203 2536; x_wconf 89' lang='lat' dir='ltr'><strong>ad</strong></span> <span class='ocrx_word' id='word_1_142' title='bbox 1253 2469 1612 2536; x_wconf 86' lang='lat' dir='ltr'><strong>Philostrati</strong></span> <span class='ocrx_word' id='word_1_143' title='bbox 1654 2470 1882 2557; x_wconf 88' lang='lat' dir='ltr'><strong>imagg.</strong></span> <span class='ocrx_word' id='word_1_144' title='bbox 1928 2494 1994 2558; x_wconf 88' lang='lat' dir='ltr'><strong>p.</strong></span> <span class='ocrx_word' id='word_1_145' title='bbox 2031 2486 2131 2555; x_wconf 85' lang='lat'><strong>75.</strong></span> <span class='ocrx_word' id='word_1_146' title='bbox 2180 2472 2275 2557; x_wconf 90' lang='lat' dir='ltr'><strong>(p.</strong></span> 
     </span>
     <span class='ocr_line' id='line_1_20' title="bbox 581 2573 2273 2662; baseline -0.002 -21"><span class='ocrx_word' id='word_1_147' title='bbox 581 2580 810 2662; x_wconf 86' lang='lat'><strong>479.).·.</strong></span> <span class='ocrx_word' id='word_1_148' title='bbox 875 2575 1193 2641; x_wconf 86' lang='lat' dir='ltr'><strong>Gaisford.</strong></span> <span class='ocrx_word' id='word_1_149' title='bbox 1244 2574 1326 2640; x_wconf 91' lang='lat' dir='ltr'><strong>ad</strong></span> <span class='ocrx_word' id='word_1_150' title='bbox 1377 2573 1574 2639; x_wconf 91' lang='lat' dir='ltr'><strong>Procli</strong></span> <span class='ocrx_word' id='word_1_151' title='bbox 1622 2573 1971 2639; x_wconf 88' lang='lat' dir='ltr'><strong>Chrestom.</strong></span> <span class='ocrx_word' id='word_1_152' title='bbox 2020 2595 2084 2661; x_wconf 95' lang='lat' dir='ltr'><strong>p.</strong></span> <span class='ocrx_word' id='word_1_153' title='bbox 2118 2593 2273 2660; x_wconf 91' lang='lat'><strong>473.</strong></span> 
     </span>
     <span class='ocr_line' id='line_1_21' title="bbox 584 2676 2269 2766; baseline -0.002 -22"><span class='ocrx_word' id='word_1_154' title='bbox 584 2679 724 2761; x_wconf 86' lang='lat' dir='ltr'><strong>(ubi</strong></span> <span class='ocrx_word' id='word_1_155' title='bbox 769 2678 909 2744; x_wconf 89' lang='lat' dir='ltr'><strong>libri</strong></span> <span class='ocrx_word' id='word_1_156' title='bbox 954 2677 1194 2766; x_wconf 87' lang='lat' dir='ltr'><strong>aliquot</strong></span> <span class='ocrx_word' id='word_1_157' title='bbox 1234 2677 1469 2742; x_wconf 89' lang='lat' dir='ltr'><strong>habent</strong></span> <span class='ocrx_word' id='word_1_158' title='bbox 1514 2676 1736 2742; x_wconf 89' lang='lat' dir='ltr'><strong>vitiosa</strong></span> <span class='ocrx_word' id='word_1_159' title='bbox 1776 2678 2006 2760; x_wconf 84' lang='grc' dir='ltr'>Λυγεὺς</span> <span class='ocrx_word' id='word_1_160' title='bbox 2044 2692 2108 2743; x_wconf 91' lang='lat' dir='ltr'><strong>et</strong></span> <span class='ocrx_word' id='word_1_161' title='bbox 2151 2682 2269 2741; x_wconf 88' lang='grc' dir='ltr'>Λυ-</span> 
     </span>
     <span class='ocr_line' id='line_1_22' title="bbox 581 2778 2276 2868; baseline -0.001 -23"><span class='ocrx_word' id='word_1_162' title='bbox 581 2780 1082 2866; x_wconf 74' lang='grc' dir='ltr'>γέως.)-ΡεεΙΙο</span> <span class='ocrx_word' id='word_1_163' title='bbox 1131 2803 1334 2868; x_wconf 88' lang='lat' dir='ltr'><strong>nuper</strong></span> <span class='ocrx_word' id='word_1_164' title='bbox 1379 2778 1739 2844; x_wconf 89' lang='lat' dir='ltr'><strong>Boissonad.</strong></span> <span class='ocrx_word' id='word_1_165' title='bbox 1794 2778 1856 2844; x_wconf 92' lang='lat' dir='ltr'><strong>in</strong></span> <span class='ocrx_word' id='word_1_166' title='bbox 1908 2778 2163 2844; x_wconf 88' lang='lat' dir='ltr'><strong>Notices</strong></span> <span class='ocrx_word' id='word_1_167' title='bbox 2212 2793 2276 2843; x_wconf 90' lang='lat' dir='ltr'><strong>et</strong></span> 
     </span>
     <span class='ocr_line' id='line_1_23' title="bbox 581 2881 2272 2971; baseline -0.001 -23"><span class='ocrx_word' id='word_1_168' title='bbox 581 2883 869 2949; x_wconf 82' lang='lat' dir='ltr'><strong>Extraits</strong></span> <span class='ocrx_word' id='word_1_169' title='bbox 897 2884 1035 2947; x_wconf 84' lang='lat' dir='ltr'><strong>XI.</strong></span> <span class='ocrx_word' id='word_1_170' title='bbox 1070 2902 1128 2948; x_wconf 85' lang='lat'><strong>2.</strong></span> <span class='ocrx_word' id='word_1_171' title='bbox 1158 2907 1222 2971; x_wconf 90' lang='lat' dir='ltr'><strong>p.</strong></span> <span class='ocrx_word' id='word_1_172' title='bbox 1253 2903 1391 2966; x_wconf 88' lang='lat'><strong>190.</strong></span> <span class='ocrx_word' id='word_1_173' title='bbox 1426 2905 1542 2969; x_wconf 89' lang='lat' dir='ltr'><strong>pro</strong></span> <span class='ocrx_word' id='word_1_174' title='bbox 1568 2884 1912 2966; x_wconf 84' lang='grc' dir='ltr'>λιγγούριον</span> <span class='ocrx_word' id='word_1_175' title='bbox 1945 2881 2272 2947; x_wconf 83' lang='lat' dir='ltr'><strong>restituen-</strong></span> 
     </span>
     <span class='ocr_line' id='line_1_24' title="bbox 582 2985 2273 3069; baseline -0.002 -17"><span class='ocrx_word' id='word_1_176' title='bbox 582 2986 734 3052; x_wconf 93' lang='lat' dir='ltr'><strong>dum</strong></span> <span class='ocrx_word' id='word_1_177' title='bbox 765 2985 987 3052; x_wconf 84' lang='lat' dir='ltr'><strong>duxit:</strong></span> <span class='ocrx_word' id='word_1_178' title='bbox 1038 2989 1384 3069; x_wconf 83' lang='grc' dir='ltr'>λύγκουρον.</span> <span class='ocrx_word' id='word_1_179' title='bbox 1478 2987 1735 3050; x_wconf 84' lang='lat' dir='ltr'><strong>Poterat</strong></span> <span class='ocrx_word' id='word_1_180' title='bbox 1778 3000 1983 3050; x_wconf 90' lang='lat' dir='ltr'><strong>tamen</strong></span> <span class='ocrx_word' id='word_1_181' title='bbox 2030 2985 2273 3049; x_wconf 89' lang='lat' dir='ltr'><strong>tolerari</strong></span> 
     </span>
     <span class='ocr_line' id='line_1_25' title="bbox 579 3087 2270 3173; baseline -0.001 -18"><span class='ocrx_word' id='word_1_182' title='bbox 579 3092 939 3173; x_wconf 80' lang='grc' dir='ltr'>λυγγούριον</span> <span class='ocrx_word' id='word_1_183' title='bbox 990 3104 1054 3154; x_wconf 88' lang='lat' dir='ltr'><strong>et</strong></span> <span class='ocrx_word' id='word_1_184' title='bbox 1100 3112 1248 3153; x_wconf 84' lang='lat' dir='ltr'><strong>vero</strong></span> <span class='ocrx_word' id='word_1_185' title='bbox 1302 3091 1669 3171; x_wconf 81' lang='grc' dir='ltr'>λιγγούριον,</span> <span class='ocrx_word' id='word_1_186' title='bbox 1722 3088 1771 3152; x_wconf 90' lang='lat' dir='ltr'><strong>si</strong></span> <span class='ocrx_word' id='word_1_187' title='bbox 1826 3087 2270 3153; x_wconf 89' lang='lat' dir='ltr'><strong>Schneiderum</strong></span> 
     </span>
     <span class='ocr_line' id='line_1_26' title="bbox 581 3191 2275 3280; baseline 0 -22"><span class='ocrx_word' id='word_1_188' title='bbox 581 3192 818 3271; x_wconf 78' lang='lat' dir='ltr'><strong>audiaS‚</strong></span> <span class='ocrx_word' id='word_1_189' title='bbox 851 3209 914 3257; x_wconf 91' lang='lat' dir='ltr'><strong>et</strong></span> <span class='ocrx_word' id='word_1_190' title='bbox 941 3191 1229 3279; x_wconf 88' lang='lat' dir='ltr'><strong>interprr.</strong></span> <span class='ocrx_word' id='word_1_191' title='bbox 1264 3192 1342 3256; x_wconf 93' lang='lat' dir='ltr'><strong>ad</strong></span> <span class='ocrx_word' id='word_1_192' title='bbox 1379 3194 1639 3256; x_wconf 86' lang='lat' dir='ltr'><strong>Sextum</strong></span> <span class='ocrx_word' id='word_1_193' title='bbox 1673 3192 1919 3278; x_wconf 89' lang='lat' dir='ltr'><strong>Empir.</strong></span> <span class='ocrx_word' id='word_1_194' title='bbox 1963 3216 2028 3280; x_wconf 94' lang='lat' dir='ltr'><strong>p.</strong></span> <span class='ocrx_word' id='word_1_195' title='bbox 2058 3214 2167 3279; x_wconf 83' lang='lat'><strong>39.</strong></span> <span class='ocrx_word' id='word_1_196' title='bbox 2211 3212 2275 3258; x_wconf 88' lang='lat' dir='ltr'><strong>et</strong></span> 
     </span>
     <span class='ocr_line' id='line_1_27' title="bbox 582 3294 2275 3385; baseline 0.001 -24"><span class='ocrx_word' id='word_1_197' title='bbox 582 3321 649 3385; x_wconf 91' lang='lat' dir='ltr'><strong>p.</strong></span> <span class='ocrx_word' id='word_1_198' title='bbox 681 3316 828 3381; x_wconf 87' lang='lat'><strong>209.</strong></span> <span class='ocrx_word' id='word_1_199' title='bbox 857 3294 1149 3361; x_wconf 87' lang='lat' dir='ltr'><strong>Fabricii.</strong></span> <span class='ocrx_word' id='word_1_200' title='bbox 1240 3295 1449 3361; x_wconf 92' lang='lat' dir='ltr'><strong>Aliter</strong></span> <span class='ocrx_word' id='word_1_201' title='bbox 1468 3294 1883 3385; x_wconf 86' lang='lat' dir='ltr'><strong>judicandum</strong></span> <span class='ocrx_word' id='word_1_202' title='bbox 1912 3295 1975 3361; x_wconf 91' lang='lat' dir='ltr'><strong>in</strong></span> <span class='ocrx_word' id='word_1_203' title='bbox 2006 3296 2275 3363; x_wconf 79' lang='lat' dir='ltr'><strong>vocabu-</strong></span> 
     </span>
     <span class='ocr_line' id='line_1_28' title="bbox 580 3398 2276 3488; baseline 0.002 -25"><span class='ocrx_word' id='word_1_204' title='bbox 580 3398 674 3477; x_wconf 88' lang='lat' dir='ltr'><strong>lis,</strong></span> <span class='ocrx_word' id='word_1_205' title='bbox 721 3399 830 3464; x_wconf 90' lang='lat' dir='ltr'><strong>ubi</strong></span> <span class='ocrx_word' id='word_1_206' title='bbox 885 3413 1139 3488; x_wconf 85' lang='lat' dir='ltr'><strong>etymon</strong></span> <span class='ocrx_word' id='word_1_207' title='bbox 1185 3399 1442 3465; x_wconf 90' lang='lat' dir='ltr'><strong>alteram</strong></span> <span class='ocrx_word' id='word_1_208' title='bbox 1494 3400 1861 3487; x_wconf 83' lang='lat' dir='ltr'><strong>scripturam</strong></span> <span class='ocrx_word' id='word_1_209' title='bbox 1911 3400 2170 3488; x_wconf 85' lang='lat' dir='ltr'><strong>respuit,</strong></span> <span class='ocrx_word' id='word_1_210' title='bbox 2203 3415 2276 3466; x_wconf 88' lang='lat' dir='ltr'><strong>ut</strong></span> 
     </span>
     <span class='ocr_line' id='line_1_29' title="bbox 580 3502 2274 3590; baseline 0.001 -23"><span class='ocrx_word' id='word_1_211' title='bbox 580 3504 929 3585; x_wconf 74' lang='grc' dir='ltr'>Σύγγελλος</span> <span class='ocrx_word' id='word_1_212' title='bbox 957 3526 1072 3590; x_wconf 91' lang='lat' dir='ltr'><strong>pro</strong></span> <span class='ocrx_word' id='word_1_213' title='bbox 1102 3505 1461 3586; x_wconf 82' lang='grc' dir='ltr'>Σύγκελλος.</span> <span class='ocrx_word' id='word_1_214' title='bbox 1549 3502 1693 3566; x_wconf 86' lang='lat' dir='ltr'><strong>Vid.</strong></span> <span class='ocrx_word' id='word_1_215' title='bbox 1727 3505 1812 3568; x_wconf 92' lang='lat' dir='ltr'><strong>du</strong></span> <span class='ocrx_word' id='word_1_216' title='bbox 1846 3505 2062 3590; x_wconf 86' lang='lat' dir='ltr'><strong>Cange</strong></span> <span class='ocrx_word' id='word_1_217' title='bbox 2093 3503 2274 3569; x_wconf 90' lang='lat' dir='ltr'><strong>Glos-</strong></span> 
     </span>
     <span class='ocr_line' id='line_1_30' title="bbox 580 3605 2267 3692; baseline 0.001 -21"><span class='ocrx_word' id='word_1_218' title='bbox 580 3629 702 3671; x_wconf 87' lang='lat' dir='ltr'><strong>sar.</strong></span> <span class='ocrx_word' id='word_1_219' title='bbox 734 3606 900 3670; x_wconf 90' lang='lat' dir='ltr'><strong>med.</strong></span> <span class='ocrx_word' id='word_1_220' title='bbox 926 3621 988 3671; x_wconf 92' lang='lat' dir='ltr'><strong>et</strong></span> <span class='ocrx_word' id='word_1_221' title='bbox 1016 3605 1220 3671; x_wconf 86' lang='lat' dir='ltr'><strong>intim.</strong></span> <span class='ocrx_word' id='word_1_222' title='bbox 1254 3606 1514 3671; x_wconf 81' lang='lat' dir='ltr'><strong>Graecit.</strong></span> <span class='ocrx_word' id='word_1_223' title='bbox 1559 3630 1620 3692; x_wconf 94' lang='lat' dir='ltr'><strong>p.</strong></span> <span class='ocrx_word' id='word_1_224' title='bbox 1654 3610 1801 3690; x_wconf 89' lang='lat'><strong>629.</strong></span> <span class='ocrx_word' id='word_1_225' title='bbox 1848 3605 1933 3670; x_wconf 88' lang='lat' dir='ltr'><strong>cf.</strong></span> <span class='ocrx_word' id='word_1_226' title='bbox 1980 3629 2046 3692; x_wconf 90' lang='lat' dir='ltr'><strong>p.</strong></span> <span class='ocrx_word' id='word_1_227' title='bbox 2084 3624 2267 3689; x_wconf 86' lang='lat'><strong>1471.</strong></span> 
     </span>
     <span class='ocr_line' id='line_1_31' title="bbox 582 3706 2268 3798; baseline -0.001 -25"><span class='ocrx_word' id='word_1_228' title='bbox 582 3706 692 3795; x_wconf 86' lang='lat' dir='ltr'><strong>[cf.</strong></span> <span class='ocrx_word' id='word_1_229' title='bbox 729 3709 998 3775; x_wconf 90' lang='lat' dir='ltr'><strong>Meursii</strong></span> <span class='ocrx_word' id='word_1_230' title='bbox 1029 3708 1419 3775; x_wconf 87' lang='lat' dir='ltr'><strong>Glossarium</strong></span> <span class='ocrx_word' id='word_1_231' title='bbox 1466 3709 2027 3774; x_wconf 83' lang='lat' dir='ltr'><strong>Graecobarbarum</strong></span> <span class='ocrx_word' id='word_1_232' title='bbox 2073 3708 2141 3773; x_wconf 90' lang='lat' dir='ltr'><strong>h.</strong></span> <span class='ocrx_word' id='word_1_233' title='bbox 2170 3710 2268 3798; x_wconf 89' lang='lat' dir='ltr'><strong>v.]</strong></span> 
     </span>
     <span class='ocr_line' id='line_1_32' title="bbox 585 3810 2274 3900; baseline 0 -25"><span class='ocrx_word' id='word_1_234' title='bbox 585 3811 913 3900; x_wconf 84' lang='lat' dir='ltr'><strong>Singulare</strong></span> <span class='ocrx_word' id='word_1_235' title='bbox 957 3826 1071 3889; x_wconf 91' lang='lat' dir='ltr'><strong>est,</strong></span> <span class='ocrx_word' id='word_1_236' title='bbox 1122 3811 1293 3898; x_wconf 90' lang='lat' dir='ltr'><strong>quod</strong></span> <span class='ocrx_word' id='word_1_237' title='bbox 1344 3811 1408 3875; x_wconf 94' lang='lat' dir='ltr'><strong>in</strong></span> <span class='ocrx_word' id='word_1_238' title='bbox 1460 3811 1793 3876; x_wconf 90' lang='lat' dir='ltr'><strong>Cleomede</strong></span> <span class='ocrx_word' id='word_1_239' title='bbox 1839 3835 1905 3899; x_wconf 90' lang='lat' dir='ltr'><strong>p.</strong></span> <span class='ocrx_word' id='word_1_240' title='bbox 1940 3812 2045 3893; x_wconf 83' lang='lat'><strong>84.</strong></span> <span class='ocrx_word' id='word_1_241' title='bbox 2090 3810 2274 3876; x_wconf 88' lang='lat' dir='ltr'><strong>Bakii</strong></span> 
     </span>
     <span class='ocr_line' id='line_1_33' title="bbox 581 3913 2268 4002; baseline -0.001 -23"><span class='ocrx_word' id='word_1_242' title='bbox 581 3915 830 3979; x_wconf 90' lang='lat' dir='ltr'><strong>MScrr.</strong></span> <span class='ocrx_word' id='word_1_243' title='bbox 861 3913 1001 3979; x_wconf 85' lang='lat' dir='ltr'><strong>libri</strong></span> <span class='ocrx_word' id='word_1_244' title='bbox 1032 3914 1272 4002; x_wconf 86' lang='lat' dir='ltr'><strong>aliquot</strong></span> <span class='ocrx_word' id='word_1_245' title='bbox 1313 3913 1655 3979; x_wconf 84' lang='lat' dir='ltr'><strong>offerebant</strong></span> <span class='ocrx_word' id='word_1_246' title='bbox 1698 3914 1916 3996; x_wconf 80' lang='grc' dir='ltr'>γλυκὺς</span> <span class='ocrx_word' id='word_1_247' title='bbox 1956 3936 2073 4002; x_wconf 89' lang='lat' dir='ltr'><strong>pro</strong></span> <span class='ocrx_word' id='word_1_248' title='bbox 2104 3920 2268 3997; x_wconf 82' lang='grc' dir='ltr'>Λυγ·</span> 
     </span>
     <span class='ocr_line' id='line_1_34' title="bbox 579 4005 2267 4104; baseline -0.001 -24"><span class='ocrx_word' id='word_1_249' title='bbox 579 4019 725 4085; x_wconf 80' lang='grc' dir='ltr'>κεύς.</span> <span class='ocrx_word' id='word_1_250' title='bbox 815 4017 1030 4082; x_wconf 88' lang='lat' dir='ltr'><strong>Nostri</strong></span> <span class='ocrx_word' id='word_1_251' title='bbox 1059 4017 1175 4082; x_wconf 87' lang='lat' dir='ltr'><strong>loci</strong></span> <span class='ocrx_word' id='word_1_252' title='bbox 1219 4016 1408 4095; x_wconf 83' lang='lat' dir='ltr'><strong>soluS‚</strong></span> <span class='ocrx_word' id='word_1_253' title='bbox 1438 4016 1612 4104; x_wconf 91' lang='lat' dir='ltr'><strong>quod</strong></span> <span class='ocrx_word' id='word_1_254' title='bbox 1655 4015 1864 4092; x_wconf 87' lang='lat' dir='ltr'><strong>sciam,</strong></span> <span class='ocrx_word' id='word_1_255' title='bbox 1896 4005 2267 4080; x_wconf 76' lang='lat' dir='ltr'><strong>mentionem</strong></span> 
     </span>
     <span class='ocr_line' id='line_1_35' title="bbox 574 4118 2265 4206; baseline 0.001 -24"><span class='ocrx_word' id='word_1_256' title='bbox 574 4119 722 4184; x_wconf 85' lang='lat' dir='ltr'><strong>fecit</strong></span> <span class='ocrx_word' id='word_1_257' title='bbox 751 4119 903 4185; x_wconf 91' lang='lat' dir='ltr'><strong>Tib.</strong></span> <span class='ocrx_word' id='word_1_258' title='bbox 939 4120 1304 4186; x_wconf 87' lang='lat' dir='ltr'><strong>Hemsterh.</strong></span> <span class='ocrx_word' id='word_1_259' title='bbox 1340 4119 1420 4183; x_wconf 85' lang='lat' dir='ltr'><strong>ad</strong></span> <span class='ocrx_word' id='word_1_260' title='bbox 1452 4119 1707 4184; x_wconf 91' lang='lat' dir='ltr'><strong>Lucian.</strong></span> <span class='ocrx_word' id='word_1_261' title='bbox 1744 4118 2001 4184; x_wconf 89' lang='lat' dir='ltr'><strong>Timon.</strong></span> <span class='ocrx_word' id='word_1_262' title='bbox 2032 4142 2094 4206; x_wconf 91' lang='lat' dir='ltr'><strong>p.</strong></span> <span class='ocrx_word' id='word_1_263' title='bbox 2126 4121 2265 4205; x_wconf 88' lang='grc'><strong>138·</strong></span> 
     </span>
     <span class='ocr_line' id='line_1_36' title="bbox 576 4221 2265 4311; baseline 0 -24"><span class='ocrx_word' id='word_1_264' title='bbox 576 4225 787 4287; x_wconf 89' lang='lat' dir='ltr'><strong>Amst.</strong></span> <span class='ocrx_word' id='word_1_265' title='bbox 836 4245 903 4311; x_wconf 89' lang='lat' dir='ltr'><strong>p.</strong></span> <span class='ocrx_word' id='word_1_266' title='bbox 933 4224 1082 4309; x_wconf 83' lang='lat'><strong>389.</strong></span> <span class='ocrx_word' id='word_1_267' title='bbox 1119 4222 1260 4311; x_wconf 87' lang='lat' dir='ltr'><strong>Bip.</strong></span> <span class='ocrx_word' id='word_1_268' title='bbox 1364 4224 1831 4310; x_wconf 87' lang='lat' dir='ltr'><strong>Frequentatur</strong></span> <span class='ocrx_word' id='word_1_269' title='bbox 1874 4236 2084 4287; x_wconf 91' lang='lat' dir='ltr'><strong>autem</strong></span> <span class='ocrx_word' id='word_1_270' title='bbox 2130 4221 2265 4287; x_wconf 88' lang='lat' dir='ltr'><strong>haec</strong></span> 
     </span>
     <span class='ocr_line' id='line_1_37' title="bbox 573 4324 2265 4414; baseline 0.002 -25"><span class='ocrx_word' id='word_1_271' title='bbox 573 4324 789 4390; x_wconf 82' lang='lat' dir='ltr'><strong>fabula</strong></span> <span class='ocrx_word' id='word_1_272' title='bbox 832 4325 894 4389; x_wconf 90' lang='lat' dir='ltr'><strong>in</strong></span> <span class='ocrx_word' id='word_1_273' title='bbox 941 4325 1457 4414; x_wconf 89' lang='lat' dir='ltr'><strong>philosophorum</strong></span> <span class='ocrx_word' id='word_1_274' title='bbox 1504 4326 1765 4413; x_wconf 81' lang='lat' dir='ltr'><strong>scriptis,</strong></span> <span class='ocrx_word' id='word_1_275' title='bbox 1861 4324 1984 4406; x_wconf 80' lang='lat' dir='ltr'><strong>Sic,</strong></span> <span class='ocrx_word' id='word_1_276' title='bbox 2031 4342 2102 4391; x_wconf 93' lang='lat' dir='ltr'><strong>ut</strong></span> <span class='ocrx_word' id='word_1_277' title='bbox 2147 4326 2265 4393; x_wconf 91' lang='lat' dir='ltr'><strong>hoc</strong></span> 
     </span>
     <span class='ocr_line' id='line_1_38' title="bbox 574 4428 2261 4519; baseline 0.002 -26"><span class='ocrx_word' id='word_1_278' title='bbox 574 4444 741 4508; x_wconf 85' lang='lat' dir='ltr'><strong>utar,</strong></span> <span class='ocrx_word' id='word_1_279' title='bbox 774 4428 1154 4496; x_wconf 86' lang='lat' dir='ltr'><strong>Plutarchus</strong></span> <span class='ocrx_word' id='word_1_280' title='bbox 1195 4454 1260 4518; x_wconf 90' lang='lat' dir='ltr'><strong>p.</strong></span> <span class='ocrx_word' id='word_1_281' title='bbox 1296 4430 1399 4512; x_wconf 92' lang='lat'><strong>87.</strong></span> <span class='ocrx_word' id='word_1_282' title='bbox 1429 4429 1496 4495; x_wconf 93' lang='lat' dir='ltr'><strong>b.</strong></span> <span class='ocrx_word' id='word_1_283' title='bbox 1543 4454 1607 4518; x_wconf 91' lang='lat' dir='ltr'><strong>p.</strong></span> <span class='ocrx_word' id='word_1_284' title='bbox 1639 4447 1789 4517; x_wconf 87' lang='grc'><strong>335.</strong></span> <span class='ocrx_word' id='word_1_285' title='bbox 1822 4432 2035 4519; x_wconf 79' lang='lat' dir='ltr'><strong>Wytt.</strong></span> <span class='ocrx_word' id='word_1_286' title='bbox 2082 4430 2261 4496; x_wconf 86' lang='lat' dir='ltr'><strong>item-</strong></span> 
     </span>
     <span class='ocr_line' id='line_1_39' title="bbox 572 4534 2266 4621; baseline 0.001 -24"><span class='ocrx_word' id='word_1_287' title='bbox 572 4555 697 4619; x_wconf 89' lang='lat' dir='ltr'><strong>que</strong></span> <span class='ocrx_word' id='word_1_288' title='bbox 742 4556 808 4621; x_wconf 91' lang='lat' dir='ltr'><strong>p.</strong></span> <span class='ocrx_word' id='word_1_289' title='bbox 846 4534 1029 4620; x_wconf 92' lang='lat'><strong>1083.</strong></span> <span class='ocrx_word' id='word_1_290' title='bbox 1078 4556 1139 4621; x_wconf 92' lang='lat' dir='ltr'><strong>p.</strong></span> <span class='ocrx_word' id='word_1_291' title='bbox 1162 4552 1313 4615; x_wconf 89' lang='grc'><strong>422.</strong></span> <span class='ocrx_word' id='word_1_292' title='bbox 1349 4534 1558 4621; x_wconf 93' lang='lat' dir='ltr'><strong>Wytt.</strong></span> <span class='ocrx_word' id='word_1_293' title='bbox 1606 4556 1874 4620; x_wconf 90' lang='lat' dir='ltr'><strong>quocum</strong></span> <span class='ocrx_word' id='word_1_294' title='bbox 1924 4535 2266 4621; x_wconf 88' lang='lat' dir='ltr'><strong>comparari</strong></span> 
     </span>
     <span class='ocr_line' id='line_1_40' title="bbox 570 4635 2260 4724; baseline 0.001 -22"><span class='ocrx_word' id='word_1_295' title='bbox 570 4635 757 4702; x_wconf 87' lang='lat' dir='ltr'><strong>debet</strong></span> <span class='ocrx_word' id='word_1_296' title='bbox 798 4635 1105 4700; x_wconf 88' lang='lat' dir='ltr'><strong>Nazarius</strong></span> <span class='ocrx_word' id='word_1_297' title='bbox 1148 4636 1212 4700; x_wconf 91' lang='lat' dir='ltr'><strong>in</strong></span> <span class='ocrx_word' id='word_1_298' title='bbox 1258 4637 1568 4724; x_wconf 87' lang='lat' dir='ltr'><strong>Panegyr.</strong></span> <span class='ocrx_word' id='word_1_299' title='bbox 1601 4635 1665 4701; x_wconf 90' lang='lat' dir='ltr'><strong>in</strong></span> <span class='ocrx_word' id='word_1_300' title='bbox 1700 4637 2088 4703; x_wconf 90' lang='lat' dir='ltr'><strong>Constantin.</strong></span> <span class='ocrx_word' id='word_1_301' title='bbox 2124 4639 2260 4704; x_wconf 92' lang='lat' dir='ltr'><strong>XI.</strong></span> 
     </span>
     <span class='ocr_line' id='line_1_41' title="bbox 567 4739 2261 4828; baseline 0.002 -26"><span class='ocrx_word' id='word_1_302' title='bbox 567 4759 629 4825; x_wconf 92' lang='grc'><strong>5.</strong></span> <span class='ocrx_word' id='word_1_303' title='bbox 660 4763 726 4828; x_wconf 91' lang='lat' dir='ltr'><strong>p.</strong></span> <span class='ocrx_word' id='word_1_304' title='bbox 747 4758 856 4824; x_wconf 89' lang='grc'><strong>34.</strong></span> <span class='ocrx_word' id='word_1_305' title='bbox 891 4739 1141 4826; x_wconf 82' lang='lat' dir='ltr'><strong>Jaegeri.</strong></span> <span class='ocrx_word' id='word_1_306' title='bbox 1193 4739 1502 4826; x_wconf 83' lang='lat' dir='ltr'><strong>Porphyr.</strong></span> <span class='ocrx_word' id='word_1_307' title='bbox 1535 4739 1614 4804; x_wconf 90' lang='lat' dir='ltr'><strong>de</strong></span> <span class='ocrx_word' id='word_1_308' title='bbox 1643 4740 2005 4805; x_wconf 87' lang='lat' dir='ltr'><strong>Abstinent.</strong></span> <span class='ocrx_word' id='word_1_309' title='bbox 2035 4742 2176 4804; x_wconf 93' lang='lat'><strong>111.</strong></span> <span class='ocrx_word' id='word_1_310' title='bbox 2204 4742 2261 4806; x_wconf 88' lang='lat'><strong>8.</strong></span> 
     </span>
     <span class='ocr_line' id='line_1_42' title="bbox 571 4840 2263 4929; baseline 0.001 -22"><span class='ocrx_word' id='word_1_311' title='bbox 571 4865 635 4929; x_wconf 92' lang='lat' dir='ltr'><strong>p.</strong></span> <span class='ocrx_word' id='word_1_312' title='bbox 668 4861 815 4928; x_wconf 86' lang='lat'><strong>234.</strong></span> <span class='ocrx_word' id='word_1_313' title='bbox 849 4840 1120 4906; x_wconf 84' lang='lat' dir='ltr'><strong>Rhoer.:</strong></span> <span class='ocrx_word' id='word_1_314' title='bbox 1168 4844 1256 4909; x_wconf 93' lang='grc' dir='ltr'>τίς</span> <span class='ocrx_word' id='word_1_315' title='bbox 1299 4844 1412 4922; x_wconf 77' lang='grc' dir='ltr'><strong>μὲν</strong></span> <span class='ocrx_word' id='word_1_316' title='bbox 1451 4846 1567 4925; x_wconf 76' lang='grc' dir='ltr'><strong>γὰρ</strong></span> <span class='ocrx_word' id='word_1_317' title='bbox 1612 4843 1936 4925; x_wconf 76' lang='grc' dir='ltr'>ἀνθρώπων</span> <span class='ocrx_word' id='word_1_318' title='bbox 1976 4849 2263 4908; x_wconf 84' lang='grc' dir='ltr'>τοσοῦτον</span> 
     </span>
     <span class='ocr_line' id='line_1_43' title="bbox 568 4944 2258 5028; baseline 0.001 -18"><span class='ocrx_word' id='word_1_319' title='bbox 568 4944 788 5025; x_wconf 80' lang='grc' dir='ltr'>βλέπει</span> <span class='ocrx_word' id='word_1_320' title='bbox 821 4945 987 5027; x_wconf 78' lang='grc' dir='ltr'>(οὐδὲ</span> <span class='ocrx_word' id='word_1_321' title='bbox 1015 4948 1129 5027; x_wconf 74' lang='grc' dir='ltr'><strong>γὰρ</strong></span> <span class='ocrx_word' id='word_1_322' title='bbox 1158 4947 1192 5009; x_wconf 91' lang='lat'><em>6</em></span> <span class='ocrx_word' id='word_1_323' title='bbox 1221 4946 1616 5026; x_wconf 79' lang='grc' dir='ltr'>μυθευόμενος</span> <span class='ocrx_word' id='word_1_324' title='bbox 1644 4947 1926 5028; x_wconf 80' lang='grc' dir='ltr'>Λυγκεὺς,</span> <span class='ocrx_word' id='word_1_325' title='bbox 1960 4946 2069 5010; x_wconf 90' lang='lat' dir='ltr'><strong>ubi</strong></span> <span class='ocrx_word' id='word_1_326' title='bbox 2101 4948 2258 5012; x_wconf 85' lang='lat' dir='ltr'><strong>cod.</strong></span> 
     </span>
     <span class='ocr_line' id='line_1_44' title="bbox 572 5047 2260 5138; baseline 0.002 -25"><span class='ocrx_word' id='word_1_327' title='bbox 572 5050 966 5113; x_wconf 88' lang='lat' dir='ltr'><strong>Meermaun.</strong></span> <span class='ocrx_word' id='word_1_328' title='bbox 995 5048 1283 5131; x_wconf 86' lang='grc' dir='ltr'>Λυγγεὺς,</span> <span class='ocrx_word' id='word_1_329' title='bbox 1315 5047 1417 5113; x_wconf 90' lang='grc'><strong>0111</strong></span> <span class='ocrx_word' id='word_1_330' title='bbox 1447 5047 1757 5113; x_wconf 87' lang='lat' dir='ltr'><strong>maledicit</strong></span> <span class='ocrx_word' id='word_1_331' title='bbox 1780 5048 2116 5129; x_wconf 76' lang='lat' dir='ltr'><strong>RhoeriuS,</strong></span> <span class='ocrx_word' id='word_1_332' title='bbox 2148 5051 2260 5138; x_wconf 90' lang='lat' dir='ltr'><strong>qui</strong></span> 
     </span>
     <span class='ocr_line' id='line_1_45' title="bbox 569 5149 2256 5238; baseline 0.001 -21"><span class='ocrx_word' id='word_1_333' title='bbox 569 5167 733 5217; x_wconf 88' lang='lat' dir='ltr'><strong>recte</strong></span> <span class='ocrx_word' id='word_1_334' title='bbox 790 5149 1047 5238; x_wconf 90' lang='lat' dir='ltr'><strong>quidem</strong></span> <span class='ocrx_word' id='word_1_335' title='bbox 1104 5172 1183 5215; x_wconf 83' lang='lat' dir='ltr'><strong>ex</strong></span> <span class='ocrx_word' id='word_1_336' title='bbox 1247 5149 1382 5215; x_wconf 84' lang='lat' dir='ltr'><strong>aliis</strong></span> <span class='ocrx_word' id='word_1_337' title='bbox 1441 5150 1647 5215; x_wconf 93' lang='lat' dir='ltr'><strong>Codd.</strong></span> <span class='ocrx_word' id='word_1_338' title='bbox 1707 5149 1880 5215; x_wconf 90' lang='lat' dir='ltr'><strong>dedit</strong></span> <span class='ocrx_word' id='word_1_339' title='bbox 1937 5149 2256 5238; x_wconf 84' lang='lat' dir='ltr'><strong>vulgarem</strong></span> 
     </span>
     <span class='ocr_line' id='line_1_46' title="bbox 567 5251 2257 5341; baseline 0.001 -22"><span class='ocrx_word' id='word_1_340' title='bbox 567 5253 968 5341; x_wconf 82' lang='lat' dir='ltr'><strong>scripturam)</strong></span> <span class='ocrx_word' id='word_1_341' title='bbox 1023 5253 1174 5316; x_wconf 84' lang='grc' dir='ltr'>ὅσον</span> <span class='ocrx_word' id='word_1_342' title='bbox 1224 5254 1258 5316; x_wconf 91' lang='lat'><em>6</em></span> <span class='ocrx_word' id='word_1_343' title='bbox 1309 5252 1584 5335; x_wconf 84' lang='grc' dir='ltr'>δράκων;</span> <span class='ocrx_word' id='word_1_344' title='bbox 1648 5251 2138 5341; x_wconf 80' lang='lat' dir='ltr'><strong>olympiodorus</strong></span> <span class='ocrx_word' id='word_1_345' title='bbox 2192 5256 2257 5322; x_wconf 95' lang='grc'><strong>111</strong></span> 
     </span>
     <span class='ocr_line' id='line_1_47' title="bbox 570 5354 2256 5447; baseline 0.002 -26"><span class='ocrx_word' id='word_1_346' title='bbox 570 5354 848 5421; x_wconf 90' lang='lat' dir='ltr'><strong>Platonis</strong></span> <span class='ocrx_word' id='word_1_347' title='bbox 877 5354 1173 5420; x_wconf 78' lang='lat' dir='ltr'><strong>Phaedon.</strong></span> <span class='ocrx_word' id='word_1_348' title='bbox 1205 5379 1309 5444; x_wconf 91' lang='lat' dir='ltr'><strong>ap.</strong></span> <span class='ocrx_word' id='word_1_349' title='bbox 1334 5355 1785 5447; x_wconf 83' lang='lat' dir='ltr'><strong>Wyttenbach.</strong></span> <span class='ocrx_word' id='word_1_350' title='bbox 1817 5379 1881 5444; x_wconf 91' lang='lat' dir='ltr'><strong>p.</strong></span> <span class='ocrx_word' id='word_1_351' title='bbox 1909 5374 2066 5422; x_wconf 83' lang='lat'><strong>202:</strong></span> <span class='ocrx_word' id='word_1_352' title='bbox 2112 5361 2256 5425; x_wconf 83' lang='grc' dir='ltr'>καθὸ</span> 
     </span>
     <span class='ocr_line' id='line_1_48' title="bbox 568 5459 2255 5546; baseline 0.001 -20"><span class='ocrx_word' id='word_1_353' title='bbox 568 5463 602 5526; x_wconf 82' lang='lat'><em>6</em></span> <span class='ocrx_word' id='word_1_354' title='bbox 640 5459 910 5542; x_wconf 79' lang='grc' dir='ltr'>Λυγγεὺς</span> <span class='ocrx_word' id='word_1_355' title='bbox 956 5460 1110 5541; x_wconf 75' lang='grc' dir='ltr'>ἑώρα</span> <span class='ocrx_word' id='word_1_356' title='bbox 1148 5462 1224 5524; x_wconf 74' lang='grc' dir='ltr'>τὰ</span> <span class='ocrx_word' id='word_1_357' title='bbox 1264 5460 1481 5543; x_wconf 83' lang='grc' dir='ltr'>πόῤῥω,</span> <span class='ocrx_word' id='word_1_358' title='bbox 1522 5459 1696 5546; x_wconf 92' lang='lat' dir='ltr'><strong>quod</strong></span> <span class='ocrx_word' id='word_1_359' title='bbox 1743 5476 1908 5525; x_wconf 90' lang='lat' dir='ltr'><strong>recte</strong></span> <span class='ocrx_word' id='word_1_360' title='bbox 1953 5459 2255 5527; x_wconf 89' lang='lat' dir='ltr'><strong>intactum</strong></span> 
     </span>
     <span class='ocr_line' id='line_1_49' title="bbox 562 5561 2252 5654; baseline 0.002 -28"><span class='ocrx_word' id='word_1_361' title='bbox 562 5563 812 5651; x_wconf 81' lang='lat' dir='ltr'><strong>reliquit</strong></span> <span class='ocrx_word' id='word_1_362' title='bbox 840 5561 1388 5649; x_wconf 82' lang='lat' dir='ltr'><strong>Wyttenbachius.</strong></span> <span class='ocrx_word' id='word_1_363' title='bbox 1439 5561 1824 5628; x_wconf 88' lang='lat' dir='ltr'><strong>lamblichus</strong></span> <span class='ocrx_word' id='word_1_364' title='bbox 1850 5563 1915 5628; x_wconf 92' lang='lat' dir='ltr'><strong>in</strong></span> <span class='ocrx_word' id='word_1_365' title='bbox 1947 5562 2252 5654; x_wconf 88' lang='lat' dir='ltr'><strong>Protrept.</strong></span> 
     </span>
    </p>

    <p class='ocr_par' dir='ltr' id='par_1_4' title="bbox 663 5671 1013 5725">
     <span class='ocr_line' id='line_1_50' title="bbox 663 5671 1013 5725; baseline 0.003 -2"><span class='ocrx_word' id='word_1_366' title='bbox 663 5672 850 5725; x_wconf 79' lang='lat' dir='ltr'><strong>VOL.</strong></span> <span class='ocrx_word' id='word_1_367' title='bbox 889 5671 1013 5724; x_wconf 88' lang='lat'><strong>111.</strong></span> 
     </span>
    </p>
   </div>
   <div class='ocr_carea' id='block_1_3' title="bbox 3931 553 4056 624">
    <p class='ocr_par' dir='ltr' id='par_1_5' title="bbox 3931 553 4056 624">
     <span class='ocr_line' id='line_1_51' title="bbox 3931 553 4056 624; baseline -0.008 0"><span class='ocrx_word' id='word_1_368' title='bbox 3931 553 4056 624; x_wconf 84' lang='lat'><strong>305</strong></span> 
     </span>
    </p>
   </div>
   <div class='ocr_carea' id='block_1_4' title="bbox 2343 710 4054 5726">
    <p class='ocr_par' dir='ltr' id='par_1_6' title="bbox 2349 710 4054 4823">
     <span class='ocr_line' id='line_1_52' title="bbox 2364 710 4047 805; baseline -0.003 -26"><span class='ocrx_word' id='word_1_369' title='bbox 2364 738 2504 803; x_wconf 90' lang='lat' dir='ltr'><strong>cap.</strong></span> <span class='ocrx_word' id='word_1_370' title='bbox 2529 717 2728 782; x_wconf 91' lang='lat' dir='ltr'><strong>VIII.</strong></span> <span class='ocrx_word' id='word_1_371' title='bbox 2762 740 2828 805; x_wconf 92' lang='lat' dir='ltr'><strong>p.</strong></span> <span class='ocrx_word' id='word_1_372' title='bbox 2847 733 2953 802; x_wconf 83' lang='lat'><strong>52.</strong></span> <span class='ocrx_word' id='word_1_373' title='bbox 3000 715 3222 780; x_wconf 87' lang='lat' dir='ltr'><strong>Arcer.</strong></span> <span class='ocrx_word' id='word_1_374' title='bbox 3252 737 3318 803; x_wconf 91' lang='lat' dir='ltr'><strong>p.</strong></span> <span class='ocrx_word' id='word_1_375' title='bbox 3345 733 3485 799; x_wconf 83' lang='lat'><strong>132.</strong></span> <span class='ocrx_word' id='word_1_376' title='bbox 3515 735 3652 800; x_wconf 87' lang='lat' dir='ltr'><strong>sqq.</strong></span> <span class='ocrx_word' id='word_1_377' title='bbox 3685 710 4047 798; x_wconf 86' lang='lat' dir='ltr'><strong>Kiessling.:</strong></span> 
     </span>
     <span class='ocr_line' id='line_1_53' title="bbox 2367 814 4052 902; baseline -0.004 -20"><span class='ocrx_word' id='word_1_378' title='bbox 2367 820 2539 901; x_wconf 74' lang='grc' dir='ltr'>ἰσχύς</span> <span class='ocrx_word' id='word_1_379' title='bbox 2567 845 2634 884; x_wconf 90' lang='grc' dir='ltr'><strong>τε</strong></span> <span class='ocrx_word' id='word_1_380' title='bbox 2662 823 2776 902; x_wconf 76' lang='grc' dir='ltr'><strong>γὰρ</strong></span> <span class='ocrx_word' id='word_1_381' title='bbox 2808 819 2902 883; x_wconf 84' lang='grc' dir='ltr'>καὶ</span> <span class='ocrx_word' id='word_1_382' title='bbox 2928 817 3179 900; x_wconf 88' lang='grc' dir='ltr'>μέγεθος</span> <span class='ocrx_word' id='word_1_383' title='bbox 3208 818 3301 882; x_wconf 83' lang='grc' dir='ltr'>καὶ</span> <span class='ocrx_word' id='word_1_384' title='bbox 3331 816 3551 884; x_wconf 81' lang='grc' dir='ltr'>κάλλος</span> <span class='ocrx_word' id='word_1_385' title='bbox 3577 814 3771 898; x_wconf 90' lang='grc' dir='ltr'>γέλως</span> <span class='ocrx_word' id='word_1_386' title='bbox 3800 815 3928 879; x_wconf 80' lang='grc' dir='ltr'>ἐστὶ</span> <span class='ocrx_word' id='word_1_387' title='bbox 3959 815 4052 878; x_wconf 86' lang='grc' dir='ltr'>καὶ</span> 
     </span>
     <span class='ocr_line' id='line_1_54' title="bbox 2366 917 4053 1003; baseline -0.003 -18"><span class='ocrx_word' id='word_1_388' title='bbox 2366 922 2606 990; x_wconf 78' lang='grc' dir='ltr'>οὐδενὸς</span> <span class='ocrx_word' id='word_1_389' title='bbox 2648 924 2801 1002; x_wconf 73' lang='grc' dir='ltr'>ἄξια,</span> <span class='ocrx_word' id='word_1_390' title='bbox 2837 921 3057 989; x_wconf 81' lang='grc' dir='ltr'>κάλλος</span> <span class='ocrx_word' id='word_1_391' title='bbox 3091 946 3157 984; x_wconf 90' lang='grc' dir='ltr'><strong>τε</strong></span> <span class='ocrx_word' id='word_1_392' title='bbox 3194 923 3356 1002; x_wconf 78' lang='grc' dir='ltr'>παρὰ</span> <span class='ocrx_word' id='word_1_393' title='bbox 3382 919 3450 983; x_wconf 88' lang='grc' dir='ltr'>τὸ</span> <span class='ocrx_word' id='word_1_394' title='bbox 3477 921 3661 1001; x_wconf 77' lang='grc' dir='ltr'>μηδὲν</span> <span class='ocrx_word' id='word_1_395' title='bbox 3690 921 3839 1003; x_wconf 76' lang='grc' dir='ltr'>ὁρᾷν</span> <span class='ocrx_word' id='word_1_396' title='bbox 3875 917 4053 1001; x_wconf 84' lang='lat' dir='ltr'><strong>(Ver-</strong></span> 
     </span>
     <span class='ocr_line' id='line_1_55' title="bbox 2364 1018 4053 1109; baseline -0.004 -19"><span class='ocrx_word' id='word_1_397' title='bbox 2364 1024 2516 1090; x_wconf 90' lang='lat' dir='ltr'><strong>bum</strong></span> <span class='ocrx_word' id='word_1_398' title='bbox 2577 1025 2695 1090; x_wconf 87' lang='lat' dir='ltr'><strong>hoc</strong></span> <span class='ocrx_word' id='word_1_399' title='bbox 2751 1048 2827 1089; x_wconf 87' lang='lat' dir='ltr'><strong>ex</strong></span> <span class='ocrx_word' id='word_1_400' title='bbox 2887 1023 3019 1089; x_wconf 87' lang='lat' dir='ltr'><strong>ciz.</strong></span> <span class='ocrx_word' id='word_1_401' title='bbox 3079 1023 3323 1088; x_wconf 86' lang='lat' dir='ltr'><strong>addidit</strong></span> <span class='ocrx_word' id='word_1_402' title='bbox 3381 1021 3715 1109; x_wconf 88' lang='lat' dir='ltr'><strong>Kiessling.</strong></span> <span class='ocrx_word' id='word_1_403' title='bbox 3774 1018 4053 1108; x_wconf 87' lang='lat' dir='ltr'><strong>agnoscit</strong></span> 
     </span>
     <span class='ocr_line' id='line_1_56' title="bbox 2363 1125 4048 1212; baseline -0.002 -21"><span class='ocrx_word' id='word_1_404' title='bbox 2363 1126 2550 1191; x_wconf 89' lang='lat' dir='ltr'><strong>etiam</strong></span> <span class='ocrx_word' id='word_1_405' title='bbox 2582 1127 2738 1192; x_wconf 92' lang='lat' dir='ltr'><strong>Cod.</strong></span> <span class='ocrx_word' id='word_1_406' title='bbox 2776 1130 3041 1192; x_wconf 89' lang='lat' dir='ltr'><strong>Memm.</strong></span> <span class='ocrx_word' id='word_1_407' title='bbox 3072 1126 3136 1190; x_wconf 91' lang='lat' dir='ltr'><strong>in</strong></span> <span class='ocrx_word' id='word_1_408' title='bbox 3170 1125 3413 1191; x_wconf 88' lang='lat' dir='ltr'><strong>schedis</strong></span> <span class='ocrx_word' id='word_1_409' title='bbox 3453 1125 3634 1212; x_wconf 90' lang='lat' dir='ltr'><strong>meis)</strong></span> <span class='ocrx_word' id='word_1_410' title='bbox 3668 1127 3910 1208; x_wconf 79' lang='grc' dir='ltr'>ἀκριβὲς</span> <span class='ocrx_word' id='word_1_411' title='bbox 3952 1128 4048 1188; x_wconf 70' lang='lat'><strong>60-</strong></span> 
     </span>
     <span class='ocr_line' id='line_1_57' title="bbox 2369 1228 4053 1313; baseline -0.002 -18"><span class='ocrx_word' id='word_1_412' title='bbox 2369 1236 2463 1295; x_wconf 81' lang='grc' dir='ltr'><strong>κεῖ</strong></span> <span class='ocrx_word' id='word_1_413' title='bbox 2493 1229 2644 1295; x_wconf 84' lang='grc' dir='ltr'>εἶναι</span> <span class='ocrx_word' id='word_1_414' title='bbox 2671 1235 2939 1295; x_wconf 84' lang='grc' dir='ltr'>τοιοῦτον</span> <span class='ocrx_word' id='word_1_415' title='bbox 2973 1230 3066 1313; x_wconf 84' lang='grc' dir='ltr'><strong>(τὸ</strong></span> <span class='ocrx_word' id='word_1_416' title='bbox 3094 1235 3361 1294; x_wconf 85' lang='grc' dir='ltr'>τοιοῦτον</span> <span class='ocrx_word' id='word_1_417' title='bbox 3391 1252 3553 1294; x_wconf 88' lang='lat' dir='ltr'><strong>unus</strong></span> <span class='ocrx_word' id='word_1_418' title='bbox 3594 1228 3749 1294; x_wconf 90' lang='lat' dir='ltr'><strong>liber</strong></span> <span class='ocrx_word' id='word_1_419' title='bbox 3778 1229 3965 1312; x_wconf 89' lang='lat' dir='ltr'><strong>MS.)</strong></span> <span class='ocrx_word' id='word_1_420' title='bbox 4000 1230 4053 1291; x_wconf 79' lang='grc' dir='ltr'>εἶ</span> 
     </span>
     <span class='ocr_line' id='line_1_58' title="bbox 2367 1329 4045 1420; baseline -0.001 -24"><span class='ocrx_word' id='word_1_421' title='bbox 2367 1333 2481 1416; x_wconf 83' lang='grc' dir='ltr'><strong>γάρ</strong></span> <span class='ocrx_word' id='word_1_422' title='bbox 2509 1359 2596 1400; x_wconf 89' lang='grc' dir='ltr'>τις</span> <span class='ocrx_word' id='word_1_423' title='bbox 2625 1332 2825 1417; x_wconf 88' lang='lat' dir='ltr'><strong>(deest</strong></span> <span class='ocrx_word' id='word_1_424' title='bbox 2852 1360 2940 1401; x_wconf 86' lang='grc' dir='ltr'>τις</span> <span class='ocrx_word' id='word_1_425' title='bbox 2966 1333 3029 1397; x_wconf 87' lang='grc'><strong>111</strong></span> <span class='ocrx_word' id='word_1_426' title='bbox 3058 1332 3348 1420; x_wconf 87' lang='lat' dir='ltr'><strong>pluribus</strong></span> <span class='ocrx_word' id='word_1_427' title='bbox 3390 1329 3590 1417; x_wconf 85' lang='lat' dir='ltr'><strong>libris)</strong></span> <span class='ocrx_word' id='word_1_428' title='bbox 3622 1334 3864 1398; x_wconf 75' lang='grc' dir='ltr'>ἐδύνατο</span> <span class='ocrx_word' id='word_1_429' title='bbox 3891 1330 4045 1410; x_wconf 83' lang='grc' dir='ltr'>βλέ-</span> 
     </span>
     <span class='ocr_line' id='line_1_59' title="bbox 2365 1433 4052 1517; baseline -0.002 -16"><span class='ocrx_word' id='word_1_430' title='bbox 2365 1462 2501 1501; x_wconf 89' lang='grc' dir='ltr'>πειν</span> <span class='ocrx_word' id='word_1_431' title='bbox 2532 1437 2665 1517; x_wconf 74' lang='grc' dir='ltr'><strong>(ὀξὺ</strong></span> <span class='ocrx_word' id='word_1_432' title='bbox 2694 1460 2772 1501; x_wconf 84' lang='lat' dir='ltr'><strong>ex</strong></span> <span class='ocrx_word' id='word_1_433' title='bbox 2804 1437 2965 1501; x_wconf 92' lang='lat' dir='ltr'><strong>Cod.</strong></span> <span class='ocrx_word' id='word_1_434' title='bbox 2999 1435 3134 1501; x_wconf 88' lang='lat' dir='ltr'><strong>Ciz.</strong></span> <span class='ocrx_word' id='word_1_435' title='bbox 3167 1435 3411 1500; x_wconf 87' lang='lat' dir='ltr'><strong>addidit</strong></span> <span class='ocrx_word' id='word_1_436' title='bbox 3441 1434 3669 1500; x_wconf 86' lang='lat' dir='ltr'><strong>Kiessl.</strong></span> <span class='ocrx_word' id='word_1_437' title='bbox 3735 1433 3914 1498; x_wconf 89' lang='lat' dir='ltr'><strong>Libri</strong></span> <span class='ocrx_word' id='word_1_438' title='bbox 3943 1456 4052 1498; x_wconf 90' lang='lat' dir='ltr'><strong>no-</strong></span> 
     </span>
     <span class='ocr_line' id='line_1_60' title="bbox 2366 1535 4049 1625; baseline -0.001 -24"><span class='ocrx_word' id='word_1_439' title='bbox 2366 1538 2474 1602; x_wconf 84' lang='lat' dir='ltr'><strong>stri</strong></span> <span class='ocrx_word' id='word_1_440' title='bbox 2521 1561 2643 1602; x_wconf 94' lang='lat' dir='ltr'><strong>non</strong></span> <span class='ocrx_word' id='word_1_441' title='bbox 2691 1554 3059 1625; x_wconf 85' lang='lat' dir='ltr'><strong>agnoscunt,</strong></span> <span class='ocrx_word' id='word_1_442' title='bbox 3091 1553 3154 1604; x_wconf 89' lang='lat' dir='ltr'><strong>et</strong></span> <span class='ocrx_word' id='word_1_443' title='bbox 3192 1562 3428 1614; x_wconf 87' lang='lat' dir='ltr'><strong>vereor,</strong></span> <span class='ocrx_word' id='word_1_444' title='bbox 3473 1561 3552 1602; x_wconf 92' lang='lat' dir='ltr'><strong>ne</strong></span> <span class='ocrx_word' id='word_1_445' title='bbox 3593 1536 3896 1624; x_wconf 89' lang='lat' dir='ltr'><strong>glossema</strong></span> <span class='ocrx_word' id='word_1_446' title='bbox 3943 1535 4049 1619; x_wconf 88' lang='lat' dir='ltr'><strong>sit)</strong></span> 
     </span>
     <span class='ocr_line' id='line_1_61' title="bbox 2368 1639 4048 1726; baseline -0.001 -21"><span class='ocrx_word' id='word_1_447' title='bbox 2368 1641 2629 1724; x_wconf 87' lang='grc' dir='ltr'>καθάπερ</span> <span class='ocrx_word' id='word_1_448' title='bbox 2675 1641 2778 1707; x_wconf 85' lang='grc' dir='ltr'>τὸν</span> <span class='ocrx_word' id='word_1_449' title='bbox 2818 1641 3059 1724; x_wconf 82' lang='grc' dir='ltr'>Λυγκέα</span> <span class='ocrx_word' id='word_1_450' title='bbox 3091 1642 3353 1726; x_wconf 91' lang='grc' dir='ltr'>(Λιγγέα</span> <span class='ocrx_word' id='word_1_451' title='bbox 3395 1665 3561 1706; x_wconf 89' lang='lat' dir='ltr'><strong>unus</strong></span> <span class='ocrx_word' id='word_1_452' title='bbox 3605 1641 3762 1706; x_wconf 85' lang='lat' dir='ltr'><strong>Cod.</strong></span> <span class='ocrx_word' id='word_1_453' title='bbox 3793 1639 4048 1705; x_wconf 86' lang='lat' dir='ltr'><strong>vitiose:</strong></span> 
     </span>
     <span class='ocr_line' id='line_1_62' title="bbox 2364 1743 4052 1834; baseline -0.001 -26"><span class='ocrx_word' id='word_1_454' title='bbox 2364 1744 2611 1827; x_wconf 84' lang='grc' dir='ltr'>Λυγγέα</span> <span class='ocrx_word' id='word_1_455' title='bbox 2655 1744 2788 1811; x_wconf 84' lang='lat' dir='ltr'><strong>Ciz.</strong></span> <span class='ocrx_word' id='word_1_456' title='bbox 2838 1767 2960 1809; x_wconf 91' lang='lat' dir='ltr'><strong>non</strong></span> <span class='ocrx_word' id='word_1_457' title='bbox 3013 1744 3371 1833; x_wconf 83' lang='lat' dir='ltr'><strong>depravate,</strong></span> <span class='ocrx_word' id='word_1_458' title='bbox 3420 1761 3492 1811; x_wconf 90' lang='lat' dir='ltr'><strong>ut</strong></span> <span class='ocrx_word' id='word_1_459' title='bbox 3532 1744 3777 1834; x_wconf 88' lang='lat' dir='ltr'><strong>judicat</strong></span> <span class='ocrx_word' id='word_1_460' title='bbox 3825 1743 4052 1809; x_wconf 88' lang='lat' dir='ltr'><strong>Kiessl.</strong></span> 
     </span>
     <span class='ocr_line' id='line_1_63' title="bbox 2363 1846 4046 1935; baseline 0.001 -25"><span class='ocrx_word' id='word_1_461' title='bbox 2363 1846 2472 1910; x_wconf 90' lang='lat' dir='ltr'><strong>sed</strong></span> <span class='ocrx_word' id='word_1_462' title='bbox 2500 1846 2708 1912; x_wconf 87' lang='lat' dir='ltr'><strong>minus</strong></span> <span class='ocrx_word' id='word_1_463' title='bbox 2734 1848 3018 1935; x_wconf 88' lang='lat' dir='ltr'><strong>antique)</strong></span> <span class='ocrx_word' id='word_1_464' title='bbox 3051 1850 3262 1932; x_wconf 87' lang='grc' dir='ltr'>φασὶν,</span> <span class='ocrx_word' id='word_1_465' title='bbox 3292 1849 3357 1916; x_wconf 76' lang='grc' dir='ltr'><strong>ὃς</strong></span> <span class='ocrx_word' id='word_1_466' title='bbox 3389 1853 3445 1932; x_wconf 85' lang='grc' dir='ltr'><strong>(ὁ</strong></span> <span class='ocrx_word' id='word_1_467' title='bbox 3478 1872 3640 1914; x_wconf 90' lang='lat' dir='ltr'><strong>unus</strong></span> <span class='ocrx_word' id='word_1_468' title='bbox 3669 1848 3832 1914; x_wconf 85' lang='lat' dir='ltr'><strong>cod.</strong></span> <span class='ocrx_word' id='word_1_469' title='bbox 3862 1847 4046 1928; x_wconf 87' lang='lat' dir='ltr'><strong>male)</strong></span> 
     </span>
     <span class='ocr_line' id='line_1_64' title="bbox 2363 1952 4054 2036; baseline 0.001 -22"><span class='ocrx_word' id='word_1_470' title='bbox 2363 1954 2459 2015; x_wconf 75' lang='grc' dir='ltr'><strong>διὰ</strong></span> <span class='ocrx_word' id='word_1_471' title='bbox 2484 1957 2602 2016; x_wconf 83' lang='grc' dir='ltr'>τῶν</span> <span class='ocrx_word' id='word_1_472' title='bbox 2628 1953 2849 2036; x_wconf 85' lang='grc' dir='ltr'>τοίχων</span> <span class='ocrx_word' id='word_1_473' title='bbox 2880 1954 3034 2035; x_wconf 77' lang='grc' dir='ltr'>ἑώρα</span> <span class='ocrx_word' id='word_1_474' title='bbox 3079 1954 3173 2017; x_wconf 84' lang='grc' dir='ltr'>καὶ</span> <span class='ocrx_word' id='word_1_475' title='bbox 3215 1959 3333 2018; x_wconf 82' lang='grc' dir='ltr'>τῶν</span> <span class='ocrx_word' id='word_1_476' title='bbox 3360 1953 3636 2035; x_wconf 81' lang='grc' dir='ltr'>δένδρων,</span> <span class='ocrx_word' id='word_1_477' title='bbox 3667 1952 3797 2018; x_wconf 86' lang='grc' dir='ltr'>ποτ’</span> <span class='ocrx_word' id='word_1_478' title='bbox 3828 1952 3905 2017; x_wconf 75' lang='grc' dir='ltr'><strong>ἂν</strong></span> <span class='ocrx_word' id='word_1_479' title='bbox 3936 1952 4054 2034; x_wconf 85' lang='lat' dir='ltr'><strong>(ita</strong></span> 
     </span>
     <span class='ocr_line' id='line_1_65' title="bbox 2363 2052 4053 2142; baseline 0.003 -27"><span class='ocrx_word' id='word_1_480' title='bbox 2363 2055 2585 2119; x_wconf 87' lang='lat' dir='ltr'><strong>Arcer.</strong></span> <span class='ocrx_word' id='word_1_481' title='bbox 2619 2065 2681 2117; x_wconf 90' lang='lat' dir='ltr'><strong>et</strong></span> <span class='ocrx_word' id='word_1_482' title='bbox 2711 2052 2853 2118; x_wconf 90' lang='lat' dir='ltr'><strong>libri</strong></span> <span class='ocrx_word' id='word_1_483' title='bbox 2876 2077 3109 2120; x_wconf 91' lang='lat' dir='ltr'><strong>omnes.</strong></span> <span class='ocrx_word' id='word_1_484' title='bbox 3167 2054 3528 2142; x_wconf 86' lang='lat' dir='ltr'><strong>Kiessling.:</strong></span> <span class='ocrx_word' id='word_1_485' title='bbox 3560 2058 3683 2123; x_wconf 75' lang='grc' dir='ltr'><strong>πῶς</strong></span> <span class='ocrx_word' id='word_1_486' title='bbox 3711 2055 3786 2120; x_wconf 79' lang='grc' dir='ltr'><strong>ἂν</strong></span> <span class='ocrx_word' id='word_1_487' title='bbox 3808 2078 3887 2118; x_wconf 84' lang='lat' dir='ltr'><strong>ex</strong></span> <span class='ocrx_word' id='word_1_488' title='bbox 3908 2077 4053 2120; x_wconf 90' lang='lat' dir='ltr'><strong>con-</strong></span> 
     </span>
     <span class='ocr_line' id='line_1_66' title="bbox 2353 2155 4049 2246; baseline 0.002 -27"><span class='ocrx_word' id='word_1_489' title='bbox 2353 2155 2630 2242; x_wconf 88' lang='lat' dir='ltr'><strong>jectura)</strong></span> <span class='ocrx_word' id='word_1_490' title='bbox 2666 2157 2867 2236; x_wconf 74' lang='grc' dir='ltr'>ἔὸοξεν</span> <span class='ocrx_word' id='word_1_491' title='bbox 2897 2157 3056 2223; x_wconf 85' lang='grc' dir='ltr'>εἶναι’</span> <span class='ocrx_word' id='word_1_492' title='bbox 3076 2184 3211 2223; x_wconf 88' lang='grc' dir='ltr'>τινα</span> <span class='ocrx_word' id='word_1_493' title='bbox 3242 2157 3388 2241; x_wconf 89' lang='lat' dir='ltr'><strong>(hoc</strong></span> <span class='ocrx_word' id='word_1_494' title='bbox 3415 2157 3590 2223; x_wconf 85' lang='lat' dir='ltr'><strong>abest</strong></span> <span class='ocrx_word' id='word_1_495' title='bbox 3618 2181 3658 2222; x_wconf 84' lang='lat' dir='ltr'><strong>a</strong></span> <span class='ocrx_word' id='word_1_496' title='bbox 3677 2157 3834 2223; x_wconf 92' lang='lat' dir='ltr'><strong>Cod.</strong></span> <span class='ocrx_word' id='word_1_497' title='bbox 3856 2158 4049 2246; x_wconf 86' lang='lat' dir='ltr'><strong>Reg.)</strong></span> 
     </span>
     <span class='ocr_line' id='line_1_67' title="bbox 2364 2260 4052 2350; baseline 0.001 -27"><span class='ocrx_word' id='word_1_498' title='bbox 2364 2260 2613 2324; x_wconf 79' lang='grc' dir='ltr'>ἀνεκτὸν</span> <span class='ocrx_word' id='word_1_499' title='bbox 2639 2262 2810 2342; x_wconf 81' lang='grc' dir='ltr'>ὁρῶν,</span> <span class='ocrx_word' id='word_1_500' title='bbox 2838 2263 2902 2340; x_wconf 73' lang='grc' dir='ltr'><strong>ἐξ</strong></span> <span class='ocrx_word' id='word_1_501' title='bbox 2929 2263 3074 2325; x_wconf 80' lang='grc' dir='ltr'>οἵων</span> <span class='ocrx_word' id='word_1_502' title='bbox 3094 2260 3420 2341; x_wconf 74' lang='grc' dir='ltr'>συνέστηκε</span> <span class='ocrx_word' id='word_1_503' title='bbox 3442 2267 3660 2337; x_wconf 82' lang='grc' dir='ltr'>κακῶν;</span> <span class='ocrx_word' id='word_1_504' title='bbox 3693 2261 4052 2350; x_wconf 86' lang='lat' dir='ltr'><strong>Appuleius</strong></span> 
     </span>
     <span class='ocr_line' id='line_1_68' title="bbox 2363 2362 4049 2449; baseline 0.003 -25"><span class='ocrx_word' id='word_1_505' title='bbox 2363 2362 2630 2425; x_wconf 90' lang='lat' dir='ltr'><strong>Metam.</strong></span> <span class='ocrx_word' id='word_1_506' title='bbox 2653 2362 2750 2425; x_wconf 91' lang='lat'><strong>11.</strong></span> <span class='ocrx_word' id='word_1_507' title='bbox 2763 2364 2873 2448; x_wconf 91' lang='grc'><strong>36.</strong></span> <span class='ocrx_word' id='word_1_508' title='bbox 2892 2385 2958 2449; x_wconf 92' lang='lat' dir='ltr'><strong>p.</strong></span> <span class='ocrx_word' id='word_1_509' title='bbox 2978 2362 3455 2443; x_wconf 84' lang='lat' dir='ltr'><strong>146.0udend.:</strong></span> <span class='ocrx_word' id='word_1_510' title='bbox 3477 2364 3723 2429; x_wconf 88' lang='lat' dir='ltr'><strong>“Vides</strong></span> <span class='ocrx_word' id='word_1_511' title='bbox 3740 2364 4049 2429; x_wconf 89' lang='lat' dir='ltr'><strong>hominem</strong></span> 
     </span>
     <span class='ocr_line' id='line_1_69' title="bbox 2359 2463 4052 2554; baseline 0.004 -28"><span class='ocrx_word' id='word_1_512' title='bbox 2359 2463 2631 2528; x_wconf 86' lang='lat' dir='ltr'><strong>ferreum</strong></span> <span class='ocrx_word' id='word_1_513' title='bbox 2671 2475 2733 2527; x_wconf 90' lang='lat' dir='ltr'><strong>et</strong></span> <span class='ocrx_word' id='word_1_514' title='bbox 2773 2463 3140 2544; x_wconf 90' lang='lat' dir='ltr'><strong>insomnem,</strong></span> <span class='ocrx_word' id='word_1_515' title='bbox 3172 2479 3337 2530; x_wconf 89' lang='lat' dir='ltr'><strong>certe</strong></span> <span class='ocrx_word' id='word_1_516' title='bbox 3380 2465 3883 2554; x_wconf 87' lang='lat' dir='ltr'><strong>perspicaciorem</strong></span> <span class='ocrx_word' id='word_1_517' title='bbox 3915 2466 4052 2554; x_wconf 87' lang='lat' dir='ltr'><strong>ipso</strong></span> 
     </span>
     <span class='ocr_line' id='line_1_70' title="bbox 2363 2566 4050 2659; baseline 0.004 -29"><span class='ocrx_word' id='word_1_518' title='bbox 2363 2567 2625 2653; x_wconf 88' lang='lat' dir='ltr'><strong>Lynceo</strong></span> <span class='ocrx_word' id='word_1_519' title='bbox 2672 2566 2875 2650; x_wconf 86' lang='lat' dir='ltr'><strong>(multi</strong></span> <span class='ocrx_word' id='word_1_520' title='bbox 2919 2567 3062 2633; x_wconf 90' lang='lat' dir='ltr'><strong>libri</strong></span> <span class='ocrx_word' id='word_1_521' title='bbox 3091 2569 3334 2659; x_wconf 87' lang='lat' dir='ltr'><strong>Lynce‚</strong></span> <span class='ocrx_word' id='word_1_522' title='bbox 3380 2593 3493 2635; x_wconf 90' lang='lat' dir='ltr'><strong>nec</strong></span> <span class='ocrx_word' id='word_1_523' title='bbox 3537 2570 3693 2635; x_wconf 90' lang='lat' dir='ltr'><strong>male</strong></span> <span class='ocrx_word' id='word_1_524' title='bbox 3727 2571 4050 2659; x_wconf 88' lang='lat' dir='ltr'><strong>judicante</strong></span> 
     </span>
     <span class='ocr_line' id='line_1_71' title="bbox 2362 2669 4047 2759; baseline 0.001 -23"><span class='ocrx_word' id='word_1_525' title='bbox 2362 2669 2684 2754; x_wconf 91' lang='lat' dir='ltr'><strong>Oudend.)</strong></span> <span class='ocrx_word' id='word_1_526' title='bbox 2719 2670 2816 2735; x_wconf 91' lang='lat' dir='ltr'><strong>vel</strong></span> <span class='ocrx_word' id='word_1_527' title='bbox 2862 2672 3045 2759; x_wconf 87' lang='lat' dir='ltr'><strong>Argo</strong></span> <span class='ocrx_word' id='word_1_528' title='bbox 3085 2687 3150 2736; x_wconf 89' lang='lat' dir='ltr'><strong>et</strong></span> <span class='ocrx_word' id='word_1_529' title='bbox 3191 2672 3474 2738; x_wconf 88' lang='lat' dir='ltr'><strong>oculeum</strong></span> <span class='ocrx_word' id='word_1_530' title='bbox 3520 2675 3781 2739; x_wconf 78' lang='lat' dir='ltr'><strong>totum.”</strong></span> <span class='ocrx_word' id='word_1_531' title='bbox 3869 2674 4047 2738; x_wconf 89' lang='lat' dir='ltr'><strong>The-</strong></span> 
     </span>
     <span class='ocr_line' id='line_1_72' title="bbox 2361 2774 4048 2864; baseline 0.003 -26"><span class='ocrx_word' id='word_1_532' title='bbox 2361 2774 2604 2839; x_wconf 89' lang='lat' dir='ltr'><strong>mistius</strong></span> <span class='ocrx_word' id='word_1_533' title='bbox 2634 2776 2811 2839; x_wconf 88' lang='lat' dir='ltr'><strong>Orat.</strong></span> <span class='ocrx_word' id='word_1_534' title='bbox 2843 2776 3008 2841; x_wconf 89' lang='lat' dir='ltr'><strong>VII.</strong></span> <span class='ocrx_word' id='word_1_535' title='bbox 3051 2799 3116 2864; x_wconf 90' lang='lat' dir='ltr'><strong>p.</strong></span> <span class='ocrx_word' id='word_1_536' title='bbox 3146 2795 3227 2863; x_wconf 89' lang='grc'><strong>92</strong></span> <span class='ocrx_word' id='word_1_537' title='bbox 3253 2802 3268 2841; x_wconf 89' lang='lat'>:</span> <span class='ocrx_word' id='word_1_538' title='bbox 3318 2776 3454 2842; x_wconf 79' lang='grc' dir='ltr'>ἀλλ’</span> <span class='ocrx_word' id='word_1_539' title='bbox 3488 2779 3881 2860; x_wconf 83' lang='grc' dir='ltr'>ἐπεφαίνοντο</span> <span class='ocrx_word' id='word_1_540' title='bbox 3913 2780 4048 2843; x_wconf 85' lang='grc' dir='ltr'>ἑκα-</span> 
     </span>
     <span class='ocr_line' id='line_1_73' title="bbox 2362 2880 4047 2964; baseline 0.002 -22"><span class='ocrx_word' id='word_1_541' title='bbox 2362 2883 2610 2964; x_wconf 80' lang='grc' dir='ltr'>σταχοῦ,</span> <span class='ocrx_word' id='word_1_542' title='bbox 2661 2884 2897 2958; x_wconf 74' lang='grc' dir='ltr'>μᾶλλον</span> <span class='ocrx_word' id='word_1_543' title='bbox 2948 2881 3014 2944; x_wconf 71' lang='grc' dir='ltr'><strong>δὲ</strong></span> <span class='ocrx_word' id='word_1_544' title='bbox 3070 2884 3465 2963; x_wconf 78' lang='grc' dir='ltr'>συμπαρῆσαν</span> <span class='ocrx_word' id='word_1_545' title='bbox 3520 2883 3614 2946; x_wconf 77' lang='grc' dir='ltr'>ἀεὶ</span> <span class='ocrx_word' id='word_1_546' title='bbox 3671 2880 4047 2955; x_wconf 80' lang='grc' dir='ltr'>κατάσκοποι,</span> 
     </span>
     <span class='ocr_line' id='line_1_74' title="bbox 2360 2980 4047 3068; baseline 0.004 -22"><span class='ocrx_word' id='word_1_547' title='bbox 2360 2983 2745 3059; x_wconf 83' lang='grc' dir='ltr'>ὠτακουσταὶ,</span> <span class='ocrx_word' id='word_1_548' title='bbox 2785 2980 3016 3066; x_wconf 79' lang='grc' dir='ltr'>Ἀργου</span> <span class='ocrx_word' id='word_1_549' title='bbox 3062 2985 3347 3051; x_wconf 87' lang='grc' dir='ltr'>πλείονας</span> <span class='ocrx_word' id='word_1_550' title='bbox 3395 2983 3636 3068; x_wconf 80' lang='grc' dir='ltr'>ἔχοντες</span> <span class='ocrx_word' id='word_1_551' title='bbox 3685 2984 4047 3066; x_wconf 83' lang='grc' dir='ltr'>ὀφθαλμοὺς,</span> 
     </span>
     <span class='ocr_line' id='line_1_75' title="bbox 2360 3085 4051 3173; baseline 0.001 -23"><span class='ocrx_word' id='word_1_552' title='bbox 2360 3085 2636 3168; x_wconf 81' lang='grc' dir='ltr'>Λυγκέως</span> <span class='ocrx_word' id='word_1_553' title='bbox 2677 3085 3126 3169; x_wconf 75' lang='grc' dir='ltr'>ὀξυωπέστεροι.</span> <span class='ocrx_word' id='word_1_554' title='bbox 3234 3086 3419 3151; x_wconf 89' lang='lat' dir='ltr'><strong>Philo</strong></span> <span class='ocrx_word' id='word_1_555' title='bbox 3464 3088 3510 3150; x_wconf 85' lang='lat' dir='ltr'>J</span> <span class='ocrx_word' id='word_1_556' title='bbox 3516 3087 3624 3151; x_wconf 91' lang='lat' dir='ltr'><strong>ud.</strong></span> <span class='ocrx_word' id='word_1_557' title='bbox 3665 3109 3769 3173; x_wconf 85' lang='lat' dir='ltr'><strong>ap.</strong></span> <span class='ocrx_word' id='word_1_558' title='bbox 3814 3087 4051 3152; x_wconf 87' lang='lat' dir='ltr'><strong>Euseb.</strong></span> 
     </span>
     <span class='ocr_line' id='line_1_76' title="bbox 2360 3188 4048 3279; baseline 0.001 -25"><span class='ocrx_word' id='word_1_559' title='bbox 2360 3190 2436 3254; x_wconf 90' lang='lat' dir='ltr'><strong>P.</strong></span> <span class='ocrx_word' id='word_1_560' title='bbox 2461 3191 2541 3254; x_wconf 89' lang='lat' dir='ltr'><strong>E.</strong></span> <span class='ocrx_word' id='word_1_561' title='bbox 2571 3190 2766 3253; x_wconf 89' lang='lat' dir='ltr'><strong>VIII.</strong></span> <span class='ocrx_word' id='word_1_562' title='bbox 2804 3210 2903 3268; x_wconf 93' lang='lat'><strong>14.</strong></span> <span class='ocrx_word' id='word_1_563' title='bbox 2948 3213 3010 3277; x_wconf 93' lang='lat' dir='ltr'><strong>p.</strong></span> <span class='ocrx_word' id='word_1_564' title='bbox 3040 3190 3193 3275; x_wconf 88' lang='grc'><strong>387.</strong></span> <span class='ocrx_word' id='word_1_565' title='bbox 3229 3188 3324 3271; x_wconf 87' lang='grc'><strong>(111</strong></span> <span class='ocrx_word' id='word_1_566' title='bbox 3354 3189 3631 3254; x_wconf 89' lang='lat' dir='ltr'><strong>versione</strong></span> <span class='ocrx_word' id='word_1_567' title='bbox 3671 3193 3933 3256; x_wconf 86' lang='lat' dir='ltr'><strong>Armen.</strong></span> <span class='ocrx_word' id='word_1_568' title='bbox 3978 3214 4048 3279; x_wconf 96' lang='lat' dir='ltr'><strong>p.</strong></span> 
     </span>
     <span class='ocr_line' id='line_1_77' title="bbox 2357 3292 4052 3379; baseline 0.004 -21"><span class='ocrx_word' id='word_1_569' title='bbox 2357 3314 2466 3379; x_wconf 79' lang='lat'><strong>55.</strong></span> <span class='ocrx_word' id='word_1_570' title='bbox 2497 3292 2598 3359; x_wconf 92' lang='lat' dir='ltr'><strong>ed.</strong></span> <span class='ocrx_word' id='word_1_571' title='bbox 2630 3294 2918 3379; x_wconf 88' lang='lat' dir='ltr'><strong>Venet.):</strong></span> <span class='ocrx_word' id='word_1_572' title='bbox 2964 3293 3043 3374; x_wconf 79' lang='grc' dir='ltr'><strong>μὴ</strong></span> <span class='ocrx_word' id='word_1_573' title='bbox 3071 3294 3358 3359; x_wconf 82' lang='grc' dir='ltr'>τοσοῦτόν</span> <span class='ocrx_word' id='word_1_574' title='bbox 3383 3319 3528 3360; x_wconf 86' lang='grc' dir='ltr'>ποτε</span> <span class='ocrx_word' id='word_1_575' title='bbox 3557 3295 3924 3377; x_wconf 80' lang='grc' dir='ltr'>ψευσθείσης</span> <span class='ocrx_word' id='word_1_576' title='bbox 3951 3297 4052 3375; x_wconf 80' lang='grc' dir='ltr'>τῆς</span> 
     </span>
     <span class='ocr_line' id='line_1_78' title="bbox 2361 3397 4042 3481; baseline 0.001 -19"><span class='ocrx_word' id='word_1_577' title='bbox 2361 3399 2658 3478; x_wconf 81' lang='grc' dir='ltr'>ἆληθείας,</span> <span class='ocrx_word' id='word_1_578' title='bbox 2706 3399 2783 3465; x_wconf 82' lang='grc' dir='ltr'><strong>ὡς</strong></span> <span class='ocrx_word' id='word_1_579' title='bbox 2826 3397 3141 3478; x_wconf 74' lang='grc' dir='ltr'>εὐδαίμονά</span> <span class='ocrx_word' id='word_1_580' title='bbox 3177 3423 3311 3462; x_wconf 91' lang='grc' dir='ltr'>τινα</span> <span class='ocrx_word' id='word_1_581' title='bbox 3337 3403 3457 3461; x_wconf 79' lang='grc' dir='ltr'>τῶν</span> <span class='ocrx_word' id='word_1_582' title='bbox 3485 3398 3734 3481; x_wconf 83' lang='grc' dir='ltr'>φαύλων</span> <span class='ocrx_word' id='word_1_583' title='bbox 3763 3397 3916 3462; x_wconf 78' lang='grc' dir='ltr'>εἶναι</span> <span class='ocrx_word' id='word_1_584' title='bbox 3946 3425 4042 3464; x_wconf 88' lang='grc' dir='ltr'><strong>νο-</strong></span> 
     </span>
     <span class='ocr_line' id='line_1_79' title="bbox 2361 3498 4046 3583; baseline 0 -18"><span class='ocrx_word' id='word_1_585' title='bbox 2361 3501 2550 3580; x_wconf 87' lang='grc' dir='ltr'>μίσαι,</span> <span class='ocrx_word' id='word_1_586' title='bbox 2587 3501 2695 3565; x_wconf 79' lang='grc' dir='ltr'><strong>κᾶν</strong></span> <span class='ocrx_word' id='word_1_587' title='bbox 2720 3503 3155 3583; x_wconf 76' lang='grc' dir='ltr'>πλουσιώτερος</span> <span class='ocrx_word' id='word_1_588' title='bbox 3188 3503 3302 3582; x_wconf 69' lang='grc' dir='ltr'><strong>μὲν</strong></span> <span class='ocrx_word' id='word_1_589' title='bbox 3327 3498 3366 3580; x_wconf 79' lang='grc' dir='ltr'>ᾗ</span> <span class='ocrx_word' id='word_1_590' title='bbox 3395 3502 3655 3583; x_wconf 85' lang='grc' dir='ltr'>Κροίσου</span> <span class='ocrx_word' id='word_1_591' title='bbox 3682 3501 3960 3583; x_wconf 83' lang='grc' dir='ltr'>Λυγκέως</span> <span class='ocrx_word' id='word_1_592' title='bbox 3996 3500 4046 3565; x_wconf 82' lang='grc' dir='ltr'><strong>δ’</strong></span> 
     </span>
     <span class='ocr_line' id='line_1_80' title="bbox 2362 3602 4046 3685; baseline 0.001 -19"><span class='ocrx_word' id='word_1_593' title='bbox 2362 3604 2823 3685; x_wconf 72' lang='grc' dir='ltr'>ὀξυωπέστερος,</span> <span class='ocrx_word' id='word_1_594' title='bbox 2846 3605 3247 3685; x_wconf 82' lang='grc' dir='ltr'>ἀνδρειότερος</span> <span class='ocrx_word' id='word_1_595' title='bbox 3273 3605 3337 3666; x_wconf 79' lang='grc' dir='ltr'><strong>δὲ</strong></span> <span class='ocrx_word' id='word_1_596' title='bbox 3366 3608 3472 3667; x_wconf 83' lang='grc' dir='ltr'>τοῦ</span> <span class='ocrx_word' id='word_1_597' title='bbox 3500 3602 3906 3685; x_wconf 79' lang='grc' dir='ltr'>Κροτωνιάτου</span> <span class='ocrx_word' id='word_1_598' title='bbox 3929 3606 4046 3668; x_wconf 82' lang='grc' dir='ltr'><strong>Μί-</strong></span> 
     </span>
     <span class='ocr_line' id='line_1_81' title="bbox 2356 3703 4041 3785; baseline 0 -16"><span class='ocrx_word' id='word_1_599' title='bbox 2356 3712 2566 3779; x_wconf 85' lang='grc' dir='ltr'>λωνος,</span> <span class='ocrx_word' id='word_1_600' title='bbox 2610 3707 2873 3770; x_wconf 81' lang='grc' dir='ltr'>καλλίων</span> <span class='ocrx_word' id='word_1_601' title='bbox 2902 3707 2968 3769; x_wconf 80' lang='grc' dir='ltr'><strong>δὲ</strong></span> <span class='ocrx_word' id='word_1_602' title='bbox 3006 3703 3395 3785; x_wconf 83' lang='grc' dir='ltr'>Γανυμήδους.</span> <span class='ocrx_word' id='word_1_603' title='bbox 3487 3704 3701 3769; x_wconf 87' lang='lat' dir='ltr'><strong>Versio</strong></span> <span class='ocrx_word' id='word_1_604' title='bbox 3731 3706 3996 3769; x_wconf 90' lang='lat' dir='ltr'><strong>Armen.</strong></span> <span class='ocrx_word' id='word_1_605' title='bbox 4025 3731 4041 3769; x_wconf 75' lang='lat' dir='ltr'><strong><em>z</em></strong></span> 
     </span>
     <span class='ocr_line' id='line_1_82' title="bbox 2359 3806 4041 3896; baseline 0.001 -24"><span class='ocrx_word' id='word_1_606' title='bbox 2359 3817 2402 3846; x_wconf 90' lang='lat'>“</span> <span class='ocrx_word' id='word_1_607' title='bbox 2433 3809 2524 3872; x_wconf 90' lang='lat' dir='ltr'><strong>Et</strong></span> <span class='ocrx_word' id='word_1_608' title='bbox 2555 3808 2816 3895; x_wconf 88' lang='lat' dir='ltr'><strong>Lynceo</strong></span> <span class='ocrx_word' id='word_1_609' title='bbox 2854 3806 3093 3871; x_wconf 91' lang='lat' dir='ltr'><strong>acutior</strong></span> <span class='ocrx_word' id='word_1_610' title='bbox 3124 3806 3281 3886; x_wconf 86' lang='lat' dir='ltr'><strong>visu,</strong></span> <span class='ocrx_word' id='word_1_611' title='bbox 3310 3829 3385 3871; x_wconf 86' lang='lat' dir='ltr'><strong>ac</strong></span> <span class='ocrx_word' id='word_1_612' title='bbox 3422 3807 3776 3896; x_wconf 65' lang='lat' dir='ltr'><strong>longaevior</strong></span> <span class='ocrx_word' id='word_1_613' title='bbox 3804 3809 4041 3873; x_wconf 66' lang='lat' dir='ltr'><strong>Anniv-</strong></span> 
     </span>
     <span class='ocr_line' id='line_1_83' title="bbox 2362 3908 4047 3998; baseline 0.001 -23"><span class='ocrx_word' id='word_1_614' title='bbox 2362 3934 2626 3987; x_wconf 70' lang='grc' dir='ltr'><strong>ΤιιοΝε,</strong></span> <span class='ocrx_word' id='word_1_615' title='bbox 2679 3908 3117 3998; x_wconf 85' lang='lat' dir='ltr'><strong>pulchriorque</strong></span> <span class='ocrx_word' id='word_1_616' title='bbox 3170 3910 3561 3998; x_wconf 85' lang='lat' dir='ltr'><strong>Ganymede.</strong></span> <span class='ocrx_word' id='word_1_617' title='bbox 3651 3912 3912 3977; x_wconf 89' lang='lat' dir='ltr'><strong>Lacuna</strong></span> <span class='ocrx_word' id='word_1_618' title='bbox 3959 3912 4047 3977; x_wconf 89' lang='lat' dir='ltr'><strong>ita</strong></span> 
     </span>
     <span class='ocr_line' id='line_1_84' title="bbox 2355 4013 4042 4100; baseline 0.002 -22"><span class='ocrx_word' id='word_1_619' title='bbox 2355 4013 2666 4100; x_wconf 82' lang='lat' dir='ltr'><strong>explenda</strong></span> <span class='ocrx_word' id='word_1_620' title='bbox 2706 4037 2778 4079; x_wconf 86' lang='lat' dir='ltr'><strong>ac</strong></span> <span class='ocrx_word' id='word_1_621' title='bbox 2822 4014 3152 4100; x_wconf 87' lang='lat' dir='ltr'><strong>legendum</strong></span> <span class='ocrx_word' id='word_1_622' title='bbox 3184 4038 3200 4078; x_wconf 70' lang='grc' dir='ltr'>ε</span> <span class='ocrx_word' id='word_1_623' title='bbox 3266 4014 3542 4097; x_wconf 87' lang='grc' dir='ltr'>Λυγκέως</span> <span class='ocrx_word' id='word_1_624' title='bbox 3583 4013 3630 4080; x_wconf 87' lang='grc' dir='ltr'><strong>δ’</strong></span> <span class='ocrx_word' id='word_1_625' title='bbox 3677 4016 4042 4095; x_wconf 73' lang='grc' dir='ltr'>ὀξυωπέστε-</span> 
     </span>
     <span class='ocr_line' id='line_1_85' title="bbox 2353 4115 4044 4202; baseline 0.004 -21"><span class='ocrx_word' id='word_1_626' title='bbox 2353 4145 2474 4199; x_wconf 87' lang='grc' dir='ltr'>ρος,</span> <span class='ocrx_word' id='word_1_627' title='bbox 2521 4120 2993 4200; x_wconf 74' lang='grc' dir='ltr'>μακροβιώτερος</span> <span class='ocrx_word' id='word_1_628' title='bbox 3042 4116 3090 4182; x_wconf 83' lang='grc' dir='ltr'><strong>δ’</strong></span> <span class='ocrx_word' id='word_1_629' title='bbox 3136 4115 3598 4201; x_wconf 85' lang='grc' dir='ltr'>Ἀργανθωνίου,</span> <span class='ocrx_word' id='word_1_630' title='bbox 3645 4121 4044 4202; x_wconf 82' lang='grc' dir='ltr'>ἀνδρειότερος</span> 
     </span>
     <span class='ocr_line' id='line_1_86' title="bbox 2352 4220 4041 4304; baseline 0.001 -19"><span class='ocrx_word' id='word_1_631' title='bbox 2352 4224 2416 4285; x_wconf 78' lang='grc' dir='ltr'><strong>δὲ</strong></span> <span class='ocrx_word' id='word_1_632' title='bbox 2445 4225 2551 4285; x_wconf 81' lang='grc' dir='ltr'>τοῦ</span> <span class='ocrx_word' id='word_1_633' title='bbox 2579 4222 2860 4288; x_wconf 80' lang='grc' dir='ltr'>Μίλωνος</span> <span class='ocrx_word' id='word_1_634' title='bbox 2893 4220 3021 4302; x_wconf 85' lang='lat' dir='ltr'><strong>(vel</strong></span> <span class='ocrx_word' id='word_1_635' title='bbox 3049 4225 3155 4285; x_wconf 81' lang='grc' dir='ltr'>τοῦ</span> <span class='ocrx_word' id='word_1_636' title='bbox 3184 4221 3590 4304; x_wconf 86' lang='grc' dir='ltr'>Κροτωνιάτου</span> <span class='ocrx_word' id='word_1_637' title='bbox 3620 4229 3771 4287; x_wconf 85' lang='grc' dir='ltr'>Μιλ.</span> <span class='ocrx_word' id='word_1_638' title='bbox 3802 4222 3851 4286; x_wconf 91' lang='lat' dir='ltr'><strong>si</strong></span> <span class='ocrx_word' id='word_1_639' title='bbox 3883 4222 4041 4287; x_wconf 84' lang='lat' dir='ltr'><strong>sorte</strong></span> 
     </span>
     <span class='ocr_line' id='line_1_87' title="bbox 2351 4322 4036 4411; baseline 0.001 -23"><span class='ocrx_word' id='word_1_640' title='bbox 2351 4323 2414 4388; x_wconf 89' lang='lat' dir='ltr'><strong>in</strong></span> <span class='ocrx_word' id='word_1_641' title='bbox 2465 4323 2585 4388; x_wconf 90' lang='lat' dir='ltr'><strong>hoc</strong></span> <span class='ocrx_word' id='word_1_642' title='bbox 2641 4322 2771 4388; x_wconf 93' lang='lat' dir='ltr'><strong>solo</strong></span> <span class='ocrx_word' id='word_1_643' title='bbox 2819 4322 3039 4410; x_wconf 83' lang='lat' dir='ltr'><strong>patriae</strong></span> <span class='ocrx_word' id='word_1_644' title='bbox 3095 4323 3468 4389; x_wconf 89' lang='lat' dir='ltr'><strong>mentionem</strong></span> <span class='ocrx_word' id='word_1_645' title='bbox 3525 4324 3751 4411; x_wconf 82' lang='lat' dir='ltr'><strong>adjecit</strong></span> <span class='ocrx_word' id='word_1_646' title='bbox 3798 4324 4036 4411; x_wconf 91' lang='lat' dir='ltr'><strong>Philo.)</strong></span> 
     </span>
     <span class='ocr_line' id='line_1_88' title="bbox 2351 4425 4032 4515; baseline 0.001 -23"><span class='ocrx_word' id='word_1_647' title='bbox 2351 4428 2577 4493; x_wconf 90' lang='lat' dir='ltr'><strong>Alium</strong></span> <span class='ocrx_word' id='word_1_648' title='bbox 2603 4449 2812 4515; x_wconf 84' lang='lat' dir='ltr'><strong>regem</strong></span> <span class='ocrx_word' id='word_1_649' title='bbox 2843 4426 3195 4513; x_wconf 83' lang='lat' dir='ltr'><strong>longaevum</strong></span> <span class='ocrx_word' id='word_1_650' title='bbox 3229 4449 3431 4514; x_wconf 90' lang='lat' dir='ltr'><strong>nuper</strong></span> <span class='ocrx_word' id='word_1_651' title='bbox 3460 4425 3730 4491; x_wconf 88' lang='lat' dir='ltr'><strong>Libanio</strong></span> <span class='ocrx_word' id='word_1_652' title='bbox 3762 4429 3948 4493; x_wconf 89' lang='lat' dir='ltr'><strong>Tom.</strong></span> <span class='ocrx_word' id='word_1_653' title='bbox 3976 4428 4032 4493; x_wconf 93' lang='lat' dir='ltr'><strong>I.</strong></span> 
     </span>
     <span class='ocr_line' id='line_1_89' title="bbox 2349 4528 4041 4619; baseline 0.001 -24"><span class='ocrx_word' id='word_1_654' title='bbox 2349 4554 2412 4618; x_wconf 90' lang='lat' dir='ltr'><strong>p.</strong></span> <span class='ocrx_word' id='word_1_655' title='bbox 2457 4534 2642 4616; x_wconf 88' lang='lat'><strong>403.)</strong></span> <span class='ocrx_word' id='word_1_656' title='bbox 2703 4528 3091 4594; x_wconf 89' lang='lat' dir='ltr'><strong>reddendum</strong></span> <span class='ocrx_word' id='word_1_657' title='bbox 3147 4529 3388 4593; x_wconf 88' lang='lat' dir='ltr'><strong>censuit</strong></span> <span class='ocrx_word' id='word_1_658' title='bbox 3443 4529 3727 4596; x_wconf 88' lang='lat' dir='ltr'><strong>eruditus</strong></span> <span class='ocrx_word' id='word_1_659' title='bbox 3786 4531 4041 4619; x_wconf 85' lang='lat' dir='ltr'><strong>juvenis</strong></span> 
     </span>
     <span class='ocr_line' id='line_1_90' title="bbox 2349 4630 4039 4699; baseline -0.001 0"><span class='ocrx_word' id='word_1_660' title='bbox 2349 4636 2420 4698; x_wconf 86' lang='lat' dir='ltr'><strong>J.</strong></span> <span class='ocrx_word' id='word_1_661' title='bbox 2439 4635 2527 4699; x_wconf 85' lang='lat' dir='ltr'><strong>E.</strong></span> <span class='ocrx_word' id='word_1_662' title='bbox 2551 4634 2632 4698; x_wconf 90' lang='lat' dir='ltr'><strong>G.</strong></span> <span class='ocrx_word' id='word_1_663' title='bbox 2657 4632 2897 4697; x_wconf 80' lang='lat' dir='ltr'><strong>Roulez</strong></span> <span class='ocrx_word' id='word_1_664' title='bbox 2922 4630 2987 4695; x_wconf 93' lang='lat' dir='ltr'><strong>in</strong></span> <span class='ocrx_word' id='word_1_665' title='bbox 3018 4631 3372 4697; x_wconf 86' lang='lat' dir='ltr'><strong>Observatt.</strong></span> <span class='ocrx_word' id='word_1_666' title='bbox 3413 4630 3577 4697; x_wconf 90' lang='lat' dir='ltr'><strong>critt.</strong></span> <span class='ocrx_word' id='word_1_667' title='bbox 3607 4631 3670 4697; x_wconf 93' lang='lat' dir='ltr'><strong>in</strong></span> <span class='ocrx_word' id='word_1_668' title='bbox 3705 4633 4039 4699; x_wconf 89' lang='lat' dir='ltr'><strong>Themistii</strong></span> 
     </span>
     <span class='ocr_line' id='line_1_91' title="bbox 2351 4734 3879 4823; baseline -0.001 -21"><span class='ocrx_word' id='word_1_669' title='bbox 2351 4739 2556 4802; x_wconf 88' lang='lat' dir='ltr'><strong>Oratt.</strong></span> <span class='ocrx_word' id='word_1_670' title='bbox 2586 4757 2653 4823; x_wconf 89' lang='lat' dir='ltr'><strong>p.</strong></span> <span class='ocrx_word' id='word_1_671' title='bbox 2684 4754 2779 4820; x_wconf 88' lang='grc'><strong>13.</strong></span> <span class='ocrx_word' id='word_1_672' title='bbox 2810 4756 2927 4821; x_wconf 92' lang='lat' dir='ltr'><strong>pro</strong></span> <span class='ocrx_word' id='word_1_673' title='bbox 2957 4736 3232 4803; x_wconf 85' lang='grc' dir='ltr'>Σόλωνος</span> <span class='ocrx_word' id='word_1_674' title='bbox 3260 4734 3530 4800; x_wconf 88' lang='lat' dir='ltr'><strong>scribens</strong></span> <span class='ocrx_word' id='word_1_675' title='bbox 3558 4736 3879 4819; x_wconf 76' lang='grc' dir='ltr'>Νέστορος.</span> 
     </span>
    </p>

    <p class='ocr_par' dir='ltr' id='par_1_7' title="bbox 2345 4837 4034 5238">
     <span class='ocr_line' id='line_1_92' title="bbox 2416 4837 4034 4929; baseline 0.003 -28"><span class='ocrx_word' id='word_1_676' title='bbox 2416 4862 2481 4927; x_wconf 90' lang='lat' dir='ltr'><strong>p.</strong></span> <span class='ocrx_word' id='word_1_677' title='bbox 2511 4858 2698 4924; x_wconf 83' lang='lat'><strong>1009,</strong></span> <span class='ocrx_word' id='word_1_678' title='bbox 2728 4857 2786 4904; x_wconf 88' lang='grc'><strong>2.</strong></span> <span class='ocrx_word' id='word_1_679' title='bbox 2822 4839 2916 4903; x_wconf 84' lang='grc' dir='ltr'>καὶ</span> <span class='ocrx_word' id='word_1_680' title='bbox 2944 4839 2981 4918; x_wconf 83' lang='grc' dir='ltr'>ἦ</span> <span class='ocrx_word' id='word_1_681' title='bbox 3011 4837 3813 4921; x_wconf 75' lang='grc' dir='ltr'>αὐτοεπισ-ιήμη-πάρεδρος</span> <span class='ocrx_word' id='word_1_682' title='bbox 3840 4844 3920 4928; x_wconf 69' lang='grc' dir='ltr'>τῷ</span> <span class='ocrx_word' id='word_1_683' title='bbox 3953 4846 4034 4929; x_wconf 71' lang='grc' dir='ltr'><strong>νῷ</strong></span> 
     </span>
     <span class='ocr_line' id='line_1_93' title="bbox 2345 4940 4034 5027; baseline 0.001 -21"><span class='ocrx_word' id='word_1_684' title='bbox 2345 4944 2564 5006; x_wconf 81' lang='grc' dir='ltr'>-οἶον</span> <span class='ocrx_word' id='word_1_685' title='bbox 2589 4941 3023 5024; x_wconf 83' lang='grc' dir='ltr'>λέγουσι-καὶ</span> <span class='ocrx_word' id='word_1_686' title='bbox 3048 4945 3128 5027; x_wconf 74' lang='grc' dir='ltr'>τῷ</span> <span class='ocrx_word' id='word_1_687' title='bbox 3161 4940 3268 5005; x_wconf 67' lang='grc' dir='ltr'><strong>Διῒ</strong></span> <span class='ocrx_word' id='word_1_688' title='bbox 3291 4941 3398 5021; x_wconf 79' lang='grc' dir='ltr'>τὴν</span> <span class='ocrx_word' id='word_1_689' title='bbox 3429 4942 3667 5026; x_wconf 87' lang='grc' dir='ltr'>Δίκην.]</span> <span class='ocrx_word' id='word_1_690' title='bbox 3720 4941 3864 5008; x_wconf 87' lang='lat' dir='ltr'><strong>Vid.</strong></span> <span class='ocrx_word' id='word_1_691' title='bbox 3899 4945 4034 5008; x_wconf 87' lang='lat' dir='ltr'><strong>He·</strong></span> 
     </span>
     <span class='ocr_line' id='line_1_94' title="bbox 2347 5044 4028 5132; baseline 0.001 -22"><span class='ocrx_word' id='word_1_692' title='bbox 2347 5045 2501 5111; x_wconf 89' lang='lat' dir='ltr'><strong>siodi</strong></span> <span class='ocrx_word' id='word_1_693' title='bbox 2547 5047 2678 5128; x_wconf 81' lang='grc' dir='ltr'>ἐργ.</span> <span class='ocrx_word' id='word_1_694' title='bbox 2723 5062 2865 5131; x_wconf 87' lang='grc'><strong>254.</strong></span> <span class='ocrx_word' id='word_1_695' title='bbox 2897 5067 2987 5131; x_wconf 91' lang='lat' dir='ltr'><strong>sq.</strong></span> <span class='ocrx_word' id='word_1_696' title='bbox 3045 5044 3286 5132; x_wconf 88' lang='lat' dir='ltr'><strong>Orphei</strong></span> <span class='ocrx_word' id='word_1_697' title='bbox 3315 5045 3561 5132; x_wconf 82' lang='lat' dir='ltr'><strong>Hymn.</strong></span> <span class='ocrx_word' id='word_1_698' title='bbox 3589 5044 3794 5111; x_wconf 91' lang='lat' dir='ltr'><strong>LXI.</strong></span> <span class='ocrx_word' id='word_1_699' title='bbox 3831 5065 3891 5111; x_wconf 90' lang='grc'><strong>2.</strong></span> <span class='ocrx_word' id='word_1_700' title='bbox 3934 5062 4028 5111; x_wconf 92' lang='lat' dir='ltr'><strong>at-</strong></span> 
     </span>
     <span class='ocr_line' id='line_1_95' title="bbox 2345 5146 3547 5238; baseline -0.002 -24"><span class='ocrx_word' id='word_1_701' title='bbox 2345 5173 2471 5238; x_wconf 91' lang='lat' dir='ltr'><strong>que</strong></span> <span class='ocrx_word' id='word_1_702' title='bbox 2503 5147 2839 5236; x_wconf 85' lang='lat' dir='ltr'><strong>Sophocles</strong></span> <span class='ocrx_word' id='word_1_703' title='bbox 2867 5146 3028 5212; x_wconf 84' lang='lat' dir='ltr'><strong>(Ed.</strong></span> <span class='ocrx_word' id='word_1_704' title='bbox 3061 5146 3200 5213; x_wconf 93' lang='lat' dir='ltr'><strong>Col.</strong></span> <span class='ocrx_word' id='word_1_705' title='bbox 3239 5165 3425 5232; x_wconf 87' lang='grc'><strong>1375.</strong></span> <span class='ocrx_word' id='word_1_706' title='bbox 3458 5169 3547 5233; x_wconf 89' lang='lat' dir='ltr'><strong>sq.</strong></span> 
     </span>
    </p>

    <p class='ocr_par' dir='ltr' id='par_1_8' title="bbox 2343 5258 4030 5726">
     <span class='ocr_line' id='line_1_96' title="bbox 2586 5258 3791 5334; baseline 0.002 -19"><span class='ocrx_word' id='word_1_707' title='bbox 2586 5293 2669 5306; x_wconf 88' lang='lat'>-</span> <span class='ocrx_word' id='word_1_708' title='bbox 2744 5292 2829 5306; x_wconf 91' lang='lat'>—</span> <span class='ocrx_word' id='word_1_709' title='bbox 2905 5291 2988 5303; x_wconf 94' lang='lat'><strong>—</strong></span> <span class='ocrx_word' id='word_1_710' title='bbox 3066 5258 3211 5334; x_wconf 76' lang='grc' dir='ltr'>εἴπερ</span> <span class='ocrx_word' id='word_1_711' title='bbox 3234 5259 3381 5315; x_wconf 67' lang='grc' dir='ltr'>ἐστὶν</span> <span class='ocrx_word' id='word_1_712' title='bbox 3406 5258 3438 5330; x_wconf 81' lang='grc' dir='ltr'><strong><em>ἦ</em></strong></span> <span class='ocrx_word' id='word_1_713' title='bbox 3463 5259 3791 5332; x_wconf 80' lang='grc' dir='ltr'>παλαίφατος</span> 
     </span>
     <span class='ocr_line' id='line_1_97' title="bbox 2587 5357 3634 5432; baseline -0.002 -16"><span class='ocrx_word' id='word_1_714' title='bbox 2587 5360 2712 5430; x_wconf 82' lang='grc' dir='ltr'>Δίκη</span> <span class='ocrx_word' id='word_1_715' title='bbox 2739 5358 2980 5432; x_wconf 74' lang='grc' dir='ltr'>ξῦνεδρος</span> <span class='ocrx_word' id='word_1_716' title='bbox 3004 5359 3162 5428; x_wconf 77' lang='grc' dir='ltr'>Ζηνὸς</span> <span class='ocrx_word' id='word_1_717' title='bbox 3187 5357 3419 5432; x_wconf 80' lang='grc' dir='ltr'>ἀρχαίοις</span> <span class='ocrx_word' id='word_1_718' title='bbox 3444 5359 3634 5429; x_wconf 77' lang='grc' dir='ltr'>νόμοις.</span> 
     </span>
     <span class='ocr_line' id='line_1_98' title="bbox 2343 5457 4028 5550; baseline -0.001 -23"><span class='ocrx_word' id='word_1_719' title='bbox 2343 5462 2526 5528; x_wconf 90' lang='lat' dir='ltr'><strong>Plato</strong></span> <span class='ocrx_word' id='word_1_720' title='bbox 2568 5460 2650 5527; x_wconf 89' lang='lat' dir='ltr'><strong>de</strong></span> <span class='ocrx_word' id='word_1_721' title='bbox 2694 5463 2901 5548; x_wconf 87' lang='lat' dir='ltr'><strong>Legg.</strong></span> <span class='ocrx_word' id='word_1_722' title='bbox 2948 5460 3066 5526; x_wconf 91' lang='lat' dir='ltr'><strong>IV.</strong></span> <span class='ocrx_word' id='word_1_723' title='bbox 3115 5460 3263 5543; x_wconf 85' lang='lat'><strong>716.</strong></span> <span class='ocrx_word' id='word_1_724' title='bbox 3294 5460 3379 5524; x_wconf 85' lang='lat' dir='ltr'><strong>A.</strong></span> <span class='ocrx_word' id='word_1_725' title='bbox 3422 5481 3488 5547; x_wconf 95' lang='lat' dir='ltr'><strong>p.</strong></span> <span class='ocrx_word' id='word_1_726' title='bbox 3516 5476 3667 5545; x_wconf 85' lang='lat'><strong>354.</strong></span> <span class='ocrx_word' id='word_1_727' title='bbox 3697 5457 3901 5526; x_wconf 88' lang='lat' dir='ltr'><strong>Bekk.</strong></span> <span class='ocrx_word' id='word_1_728' title='bbox 3948 5466 4028 5550; x_wconf 68' lang='grc' dir='ltr'>τῷ</span> 
     </span>
     <span class='ocr_line' id='line_1_99' title="bbox 2346 5561 4030 5652; baseline 0.001 -22"><span class='ocrx_word' id='word_1_729' title='bbox 2346 5567 2510 5652; x_wconf 76' lang='grc' dir='ltr'>(θεῷ)</span> <span class='ocrx_word' id='word_1_730' title='bbox 2548 5563 2597 5630; x_wconf 82' lang='grc' dir='ltr'><strong>δ’</strong></span> <span class='ocrx_word' id='word_1_731' title='bbox 2628 5564 2722 5630; x_wconf 78' lang='grc' dir='ltr'>ἀεὶ</span> <span class='ocrx_word' id='word_1_732' title='bbox 2748 5562 3058 5643; x_wconf 72' lang='grc' dir='ltr'>ξυνέπεται</span> <span class='ocrx_word' id='word_1_733' title='bbox 3099 5563 3226 5642; x_wconf 80' lang='grc' dir='ltr'>δίκη</span> <span class='ocrx_word' id='word_1_734' title='bbox 3267 5567 3387 5628; x_wconf 75' lang='grc' dir='ltr'>τῶν</span> <span class='ocrx_word' id='word_1_735' title='bbox 3413 5561 3900 5642; x_wconf 74' lang='grc' dir='ltr'>ἀπολειπομένων</span> <span class='ocrx_word' id='word_1_736' title='bbox 3925 5570 4030 5631; x_wconf 83' lang='grc' dir='ltr'>τοῦ</span> 
     </span>
     <span class='ocr_line' id='line_1_100' title="bbox 2460 5674 2589 5726; baseline -0.008 0"><span class='ocrx_word' id='word_1_737' title='bbox 2460 5674 2515 5726; x_wconf 82' lang='lat' dir='ltr'>R</span> <span class='ocrx_word' id='word_1_738' title='bbox 2549 5678 2589 5725; x_wconf 88' lang='lat'><strong>1·</strong></span> 
     </span>
    </p>
   </div>
  </div>
 </body>
</html>
