5118 6613
1095 517 1220 581 224

1093 672 1172 737 ad
1209 671 1469 737 Lucian.
1506 670 1695 736 Diall.
1733 670 2013 736 Marinn.
2051 672 2104 735 1.
2130 690 2189 738 2.
2222 671 2681 760 Wyttenbach.
2712 671 2793 735 ad

1101 773 1418 839 Plutarchi
1465 774 2011 861 Apophthegmm.
2056 773 2261 861 Regg.
2308 796 2375 861 p.
2413 774 2600 857 1078.
2645 775 2792 838 Car.

1099 876 1279 942 Frid.
1339 878 1691 940 Hermann.
1765 876 1845 940 ad
1917 874 2180 939 Lucian.
2257 877 2483 954 Quom.
2549 875 2795 941 Histor.

1097 1002 1334 1044 conscr.
1363 994 1567 1066 oport.
1599 1002 1665 1066 p.
1704 980 1842 1043 188.
1884 977 2250 1064 Perictyone
2289 1000 2392 1064 ap.
2427 977 2602 1041 Stob.
2638 977 2794 1041 Flo-

1097 1081 1195 1146 ril.
1232 1082 1366 1146 Tit.
1404 1083 1460 1145 I.
1491 1104 1555 1168 p.
1593 1100 1652 1163 7.
1685 1105 1752 1166 p.
1786 1097 1888 1164 25.
1921 1079 2121 1144 Gaisf.
2151 1079 2489 1166 (Archytae
2511 1079 2800 1144 tribuun-

1101 1201 1203 1249 tur
1242 1184 1376 1248 haec
1415 1184 1479 1247 in
1531 1182 1862 1248 Iamblichi
1906 1183 2213 1268 Protrept.
2255 1203 2389 1267 cap.
2436 1182 2553 1245 1v.
2588 1204 2656 1268 p.
2687 1183 2794 1267 58.

1102 1286 1365 1369 Kiessl.)
1385 1285 1604 1353 Ὅστις
1643 1283 1727 1348 ὢν
1758 1286 2056 1349 ἀναλῦσαι
2085 1285 2209 1351 οἶός
2253 1285 2383 1347 ἐστι
2415 1283 2615 1347 πάντα
2654 1284 2801 1365 γένη

1098 1388 1212 1453 ὑπὸ
1241 1390 1384 1468 μίαν
1415 1388 1509 1451 καὶ
1544 1387 1655 1451 τάν
1685 1388 1869 1451 αὗτᾶν
1907 1389 2120 1471 ἀρχᾶν,
2156 1388 2252 1451 καὶ
2279 1385 2465 1450 πάλιν
2496 1388 2563 1450 ἐκ
2590 1389 2805 1454 ταύτας

1102 1494 1409 1554 συνθεῖναι
1456 1490 1551 1553 καὶ
1605 1488 2046 1571 ἀριθμάσασθαι
2109 1489 2213 1570 (cf.
2273 1487 2591 1552 Gaisford.
2648 1490 2799 1552 Not.

1106 1590 1436 1655 Iamblich.
1463 1591 2072 1674 συναριθμήσασθαι),
2093 1593 2263 1660 οὗτος
2292 1597 2457 1655 δοκεῖ
2480 1593 2578 1655 καὶ
2601 1593 2803 1673 σοφό-

1101 1722 1274 1762 τατος
1304 1694 1456 1758 εἶναι
1498 1696 1592 1758 καὶ
1634 1692 2039 1773 ἀληθέστατος
2084 1693 2315 1772 (lamb.
2348 1695 2399 1756 ὁ.
2434 1698 2485 1757 δ.
2516 1720 2619 1773 μοι
2649 1721 2700 1757 κ.
2735 1719 2796 1757 σ.

1098 1799 1265 1879 ἦμεν.
1317 1797 1511 1860 Bene.
1546 1798 1641 1860 καὶ
1661 1795 2212 1878 παναληθέστατος)
2251 1795 2339 1860 ἔτι
2371 1797 2436 1859 δὲ
2480 1796 2578 1859 καὶ
2609 1798 2801 1859 καλᾶν

1100 1904 1357 1965 σκοπιᾶν
1406 1897 1789 1980 ἀνευρηκέναι
1842 1896 2181 1979 (εὑρηκέναι
2241 1896 2530 1981 Iambl.),
2580 1895 2685 1979 ἀφ’
2733 1895 2801 1965 ἇς

1101 2003 1345 2070 δυνατὸς
1376 2003 1645 2065 ἐσσεῖται
1673 2001 1779 2063 τόν
1809 2025 1874 2062 τε
1905 2000 2045 2062 θεὸν
2077 2000 2450 2081 κατόψεσθαι
2480 1998 2576 2062 καὶ
2604 1998 2800 2063 πάντα

1097 2132 1163 2170 τε
1192 2109 1268 2169 τὰ
1298 2106 1365 2168 ἐν
1395 2107 1468 2187 τᾷ
1498 2103 1814 2187 συστοιχίᾳ
1843 2127 1908 2164 τε
1941 2101 2035 2164 καὶ
2064 2099 2227 2179 τάξει
2256 2104 2331 2164 τὰ
2360 2102 2590 2164 ἐκείνου
2622 2126 2798 2164 κατα-

1097 2204 1506 2291 κεχωρισμένα
1542 2202 1798 2287 (Iambl.
1828 2202 1927 2266 ed.
1966 2200 2190 2266 Kiessl.
2225 2230 2276 2267 κ.
2309 2202 2507 2267 πάντα
2542 2206 2618 2268 τᾶ
2658 2228 2706 2266 ε.
2742 2228 2793 2267 τ.

1097 2337 1156 2374 σ.
1192 2338 1245 2374 κ.
1276 2335 1326 2373 τ.
1360 2312 1434 2391 τᾷ
1468 2309 1671 2371 ἐκείνω
1703 2309 1865 2389 κατ.)
1917 2304 2210 2368 AElianus
2235 2305 2297 2368 in
2333 2306 2592 2391 Fragm.
2626 2304 2798 2370 librr.

1094 2412 1174 2477 de
1207 2408 1604 2476 Providentia
1631 2430 1698 2494 p.
1717 2410 1865 2494 363.
1897 2407 2000 2470 ed.
2037 2406 2215 2493 Lips.
2248 2408 2444 2489 1780‘:
2495 2408 2603 2471 οὐκ
2633 2409 2797 2471 ἐπαι-

1097 2521 1192 2579 νεῖ
1218 2514 1351 2581 θεὸς
1379 2514 1513 2575 οὐδὲ
1542 2512 1678 2577 τοὺς
1705 2514 1780 2573 τὰ
1805 2510 1992 2592 μέτρα
2020 2514 2369 2582 πατοῦντας,
2402 2508 2798 2593 γλιχομένους

1093 2643 1166 2700 γε
1209 2617 1326 2697 μὴν
1363 2622 1480 2679 τῶν
1517 2616 1665 2694 ὑπὲρ
1714 2615 1954 2679 ἑαυτούς
1996 2637 2062 2675 τε
2102 2612 2196 2676 καὶ
2241 2614 2482 2693 ὑψηλᾶς
2525 2611 2794 2678 σκοπιάς.

1095 2718 1221 2783 Sed
1264 2718 1329 2782 in
1371 2715 1577 2779 verbis
1630 2713 1862 2778 Plotini
1912 2713 2137 2777 residet
2187 2711 2342 2799 quid
2390 2712 2790 2791 incommodi,

1092 2820 1264 2909 quod
1297 2818 1559 2903 scriptor
1578 2815 1806 2881 codicis
1834 2818 1972 2880 Vat.
2001 2814 2217 2879 tollere
2236 2814 2433 2878 voluit
2461 2838 2575 2901 per
2605 2838 2788 2878 suum

1095 2921 1275 2986 αὐτὸν
1317 2919 1468 3005 (leg.
1510 2918 1720 3002 αὑτὸν)
1752 2940 1870 3004 pro
1908 2920 2105 2992 αὑτοῦ,
2148 2917 2196 2982 si
2238 2916 2531 2980 nimirum
2586 2917 2793 2982 deleas

1092 3022 1318 3086 verba:
1369 3020 1476 3083 τὸν
1520 3021 1859 3102 ὀφθαλμόν.
1950 3021 2041 3083 Et
2080 3017 2143 3081 in
2191 3017 2455 3082 lectione
2485 3018 2674 3083 Vind.
2712 3021 2790 3083 A.

1093 3126 1285 3189 latere
1342 3120 1496 3207 quid
1562 3119 1830 3184 videtur.
1930 3122 2076 3207 Ego
2135 3120 2445 3207 scripsisse
2511 3121 2792 3208 suspicor

1095 3224 1412 3291 Plotinum
1436 3246 1450 3286 ε
1501 3222 1630 3285 οἷον
1659 3224 1716 3285 εἴ
1739 3247 1825 3287 τις
1854 3223 2179 3303 ἀνεγείρων
2209 3224 2389 3287 αὑτοῦ
2417 3223 2524 3287 τὸν
2552 3226 2786 3306 ὀφθαλ.

1089 3330 1205 3410 μὸν
1235 3329 1339 3392 ἐπί
1360 3328 1871 3392 τινος-σκοπιᾶς.
1963 3324 2211 3388 Deinde
2254 3325 2400 3389 dedi
2445 3329 2646 3405 μηδεὶς
2676 3335 2791 3393 τῶν

1092 3435 1161 3498 οὗ
1192 3432 1305 3495 σὺν
1333 3430 1487 3514 αὐτῷ
1519 3429 2006 3507 ἀναβεβηκότων.
2099 3430 2262 3492 Cum
2303 3430 2597 3493 extremis
2640 3454 2789 3494 con-

1085 3536 1182 3600 fer
1237 3531 1502 3598 Luciani
1548 3529 1924 3592 Hermotim.
1960 3531 2074 3595 28:
2136 3531 2451 3611 ἀναβάντα
2502 3533 2601 3596 ἐπὶ
2643 3559 2787 3597 σκο-

1085 3639 1203 3719 πήν
1231 3662 1364 3701 τινα
1391 3633 1759 3717 σκέψασθαι.

1171 3764 1237 3828 p.
1273 3756 1420 3824 745,
1449 3757 1543 3801 10.
1577 3738 1750 3800 οὐδὲν
1774 3737 1838 3799 δὲ
1864 3736 2077 3799 κωλύει
2099 3735 2284 3799 πάλιν
2308 3737 2589 3821 ἐκδῦναι]
2618 3737 2788 3800 Fons

1087 3847 1280 3933 hujus
1301 3840 1621 3907 sententiae
1650 3855 1743 3904 est
1772 3839 1835 3901 in
1867 3837 2147 3902 Platonis
2167 3837 2486 3901 Phaedone
2509 3860 2646 3924 cap.
2677 3856 2781 3922 29.

1087 3972 1149 4036 p.
1181 3966 1287 4026 40.
1325 3946 1537 4029 Wytt.
1570 3941 1753 4027 cujus
1795 3955 2008 4003 annot.
2048 3940 2332 4003 conferas
2362 3964 2424 4025 p.
2459 3943 2605 4004 206.
2637 3940 2785 4004 item

1092 4046 1334 4134 Cratyl.
1376 4067 1440 4131 p.
1471 4063 1620 4128 403.
1717 4041 1990 4106 Consule
2024 4041 2168 4106 item
2215 4042 2446 4106 Plotini
2493 4067 2681 4130 supra
2721 4066 2785 4130 p.

1087 4151 1237 4237 381.
1271 4162 1335 4212 et
1363 4169 1509 4232 quae
1538 4143 1724 4232 plura
1751 4141 1967 4229 collegi
2002 4143 2062 4206 in
2095 4146 2541 4210 Commentatt.
2578 4148 2785 4210 Hero-

1087 4253 1248 4316 dott.
1277 4272 1344 4336 p.
1374 4266 1526 4332 310.
1559 4269 1695 4332 sqq.
1792 4243 1978 4322 Quod
2014 4268 2159 4309 vero
2201 4246 2458 4310 Ficinus
2495 4248 2556 4311 in
2598 4248 2791 4334 hujus

1084 4352 1302 4440 capitis
1329 4364 1701 4437 argumento
1735 4347 2063 4435 Porphyrii
2096 4347 2548 4436 lamblichique
2577 4364 2640 4412 et
2670 4352 2715 4414 J
2721 4374 2791 4414 u-

1090 4454 1235 4520 liani
1268 4451 1641 4517 mentionem
1675 4450 1853 4514 fecit:
1901 4448 2068 4513 illius
2101 4450 2273 4514 locus
2303 4466 2396 4515 est
2425 4451 2488 4514 in
2522 4451 2683 4516 libro
2711 4452 2790 4515 de

1094 4562 1292 4644 Styge
1336 4578 1439 4642 ap.
1474 4553 1795 4617 Stobaeum
1846 4552 2113 4640 Eclogg.
2161 4553 2382 4641 Physs.
2433 4553 2574 4617 Vol.
2625 4555 2684 4617 I.
2721 4577 2782 4640 p.

1103 4680 1290 4744 1034.
1324 4659 1522 4721 Heer.
1553 4654 1878 4719 lamblichi
1908 4655 2136 4719 ibidem
2180 4679 2248 4742 p.
2287 4658 2467 4741 1056.
2500 4680 2635 4743 sqq.
2668 4657 2714 4719 J
2719 4680 2789 4719 u-

1089 4760 1234 4826 liani
1264 4757 1535 4844 denique
1563 4756 1627 4819 in
1657 4755 1958 4820 Oratione
1983 4758 2098 4820 IV.
2130 4779 2196 4843 p.
2231 4761 2374 4843 136.
2411 4758 2650 4844 Spanh.

1176 4899 1264 4911 —
1300 4877 1395 4945 15.
1443 4861 1679 4940 ἄστρων
1725 4860 1790 4922 δὲ
1833 4858 1967 4940 περὶ
2010 4863 2210 4941 ψυχῆς
2262 4887 2311 4922 κ.
2337 4885 2388 4923 τ.
2416 4861 2507 4944 λ.]
2582 4859 2784 4923 Perti-

1089 4980 1239 5029 nent
1271 4963 1406 5026 haec
1444 4975 1507 5025 et
1554 4958 1874 5046 sequentia
1916 4959 1997 5022 ad
2042 4958 2197 5023 illud
2251 4960 2782 5047 Pythagoreorum

1088 5064 1413 5152 placitum,
1444 5061 1638 5147 quod,
1670 5084 1707 5124 a
1739 5061 2001 5124 Platone
2030 5060 2369 5139 eruditum,
2392 5084 2506 5147 per
2534 5083 2787 5125 manus-

1091 5190 1213 5254 que
1236 5164 1411 5254 quasi
1446 5162 1770 5242 traditum,
1798 5164 1877 5227 ad
1906 5177 2217 5226 extremos
2249 5162 2603 5227 Platonicos
2644 5186 2788 5249 per-

1091 5269 1285 5344 venit,
1315 5282 1380 5331 et
1407 5264 1579 5351 quod
1612 5265 1698 5329 ita
1726 5263 1998 5351 explicat
2022 5263 2244 5328 Cicero
2270 5265 2333 5328 in
2370 5266 2581 5328 Somn.
2618 5264 2786 5353 Scip.

1091 5392 1145 5433 c.
1182 5371 1322 5434 111.
1363 5367 1469 5451 (de
1498 5365 1779 5453 Republ.
1814 5367 1934 5430 VI.
1970 5386 2070 5446 14.
2098 5388 2163 5452 p.
2199 5367 2346 5447 481.
2379 5390 2474 5453 sq.
2506 5365 2605 5431 ed.
2642 5367 2785 5430 Mo·

1094 5474 1279 5548 ser.):
1331 5478 1376 5510 ‘⁶
1411 5468 1719 5534 Homines
1762 5466 1924 5532 enim
1958 5483 2105 5532 sunt
2149 5468 2267 5533 hac
2305 5469 2443 5558 lege
2484 5469 2788 5556 generati,

2076 500 2901 565 ANNOTATIONES

2968 499 3079 563 IN
3145 497 3596 562 PLOTINI

2882 670 2992 755 qui
3025 682 3351 734 tuerentur
3376 668 3553 732 illum
3582 668 3866 755 globum,
3890 691 4077 756 quem
4103 669 4165 733 in
4196 669 4315 734 hoc
4345 670 4582 757 templo

2884 772 3157 836 medium
3179 772 3373 848 videS‚
3405 794 3551 858 quae
3570 785 3735 835 terra
3764 771 3993 836 dicitur
4018 796 4032 834 ε
4085 772 4306 859 hisque
4333 773 4580 837 animus

2883 874 3069 938 datus
3096 889 3189 938 est
3217 897 3294 937 ex
3326 873 3445 937 illis
3474 873 3861 961 sempiternis
3900 874 4175 960 ignibus,
4202 896 4344 963 quae
4370 876 4586 940 sidera

2884 987 2945 1040 et
2985 978 3196 1040 stellas
3228 978 3463 1039 vocatis
3485 1001 3507 1046 ‚·
3553 999 3725 1062 qnae,
3746 976 4028 1063 globosae
4056 987 4114 1041 et
4144 978 4455 1054 rotundoe,
4484 978 4581 1042 di-

2886 1081 3056 1143 vinis
3099 1080 3403 1141 animata?
3441 1079 3748 1142 mentibus
3796 1079 4064 1143 circulos
4103 1101 4252 1144 mos
4292 1081 4586 1167 orbesque

2885 1182 3223 1265 conficiunt
3250 1181 3560 1243 celeritate
3590 1181 3867 1243 mirabili
3888 1181 3946 1243 .·”
3991 1195 4106 1246 cet.
4200 1181 4324 1246 Cui
4354 1181 4585 1247 adhibe

2892 1282 3289 1348 Macrobium
3338 1299 3399 1345 et
3446 1285 3619 1368 Aug.
3665 1282 3934 1345 Maium.
4024 1284 4184 1361 Quae
4229 1283 4481 1348 decreta
4521 1283 4582 1347 in

2889 1383 3141 1471 egregio
3170 1383 3408 1470 hymno
3437 1383 3689 1447 inclusit
3722 1383 3973 1448 Proclus
4000 1384 4063 1448 in
4102 1384 4331 1464 Solem,
4363 1387 4429 1450 in
4462 1389 4588 1450 An-

2891 1486 3044 1551 thol.
3079 1489 3199 1552 Gr.
3233 1489 3375 1551 III.
3407 1511 3469 1573 p.
3514 1488 3652 1566 148.
3700 1486 3801 1551 ed.
3844 1488 4127 1565 Jacobs.‚
4160 1511 4350 1574 quem
4397 1490 4579 1575 hym-

2890 1611 3041 1652 num
3088 1588 3357 1671 Anglice
3400 1589 3587 1653 vertit
3632 1600 3693 1653 et
3738 1589 4037 1677 explicuit
4068 1591 4179 1653 Vir
4222 1590 4586 1656 venerabilis

2893 1691 3130 1754 Thom.
3164 1690 3424 1777 Taylor,
3454 1690 3533 1754 ad
3570 1691 3797 1755 calcem
3843 1691 4120 1756 Sallustii
4154 1694 4252 1757 On
4284 1695 4382 1758 the
4414 1694 4584 1759 θοάς

2885 1794 3019 1856 and
3038 1794 3137 1857 the
3171 1794 3405 1871 World‚
3428 1793 3630 1857 Lond.
3666 1811 3847 1879 1793.
3872 1794 3934 1858 in
3959 1819 4088 1881 quo
4108 1796 4380 1861 carmine
4397 1797 4582 1862 etiam

2885 1895 2974 1960 ita
3001 1896 3204 1960 Solem
3236 1895 3577 1982 alloquitur
3607 1904 3785 1982 poeta
3818 1921 3882 1960 v.
3906 1916 4010 1983 34.
4036 1921 4164 1983 sq.:

3006 2001 3175 2056 Ἀλλὰ
3203 2003 3334 2057 θεῶν
3363 2004 3668 2075 πανάριστε,
3698 2006 4035 2076 περιστεφὲς,
4057 2002 4209 2070 ὄλβιε
4235 2005 4437 2072 δαῖμον,

3128 2100 3294 2153 Εἷκῶν
3319 2100 3656 2172 παγγενέτοιο
3685 2101 3826 2164 θεοῦ,
3856 2102 4050 2173 ψυχῶν
4075 2100 4359 2174 ἇναγωγεῦ.

2888 2207 2999 2271 Ad
3043 2231 3185 2294 quae
3229 2209 3483 2273 consule
3526 2209 3797 2275 Jacobsii
3846 2210 4231 2275 Animadvv.
4277 2211 4461 2274 Tom.
4498 2210 4578 2273 X.

2884 2331 2946 2395 p.
2975 2311 3121 2375 280.
3171 2310 3405 2374 Fusius
3433 2327 3642 2375 autem
3684 2312 3844 2376 hanc
3878 2312 4224 2377 doctrinam
4271 2312 4583 2400 persequi·

2886 2424 2991 2477 tur
3041 2412 3340 2478 Julianus
3396 2413 3695 2478 Oratione
3752 2429 4000 2501 quarta,
4059 2438 4249 2501 quam
4313 2414 4583 2479 refutare

2885 2515 3097 2579 studet
3130 2515 3464 2580 Zacharias
3496 2518 3570 2579 M
3574 2514 3903 2603 ytilenaeus
3932 2517 3994 2580 in
4031 2517 4322 2605 Dialogo.
4392 2515 4583 2580 Unde

2884 2617 3019 2682 haec
3063 2618 3376 2683 duntaxat
3416 2633 3710 2705 excerpta
3753 2619 3919 2684 dabo
3963 2643 4025 2707 p.
4071 2621 4212 2704 178.
4255 2619 4355 2684 ed.
4394 2620 4577 2706 Casp.

2885 2719 3103 2783 Barth.
3134 2745 3148 2783 ε
3198 2721 3341 2784 ὅθεν
3367 2724 3448 2807 τῷ
3492 2723 3687 2785 κείνου
3728 2723 3864 2802 (τοῦ
3907 2726 4079 2806 θεοῦ)
4124 2726 4283 2809 νόμῳ
4312 2725 4582 2802 πειθόμε-

2880 2845 2981 2888 νος
3028 2821 3092 2902 (ὁ
3135 2823 3333 2905 ἥλως)
3372 2823 3538 2901 δίκην
3571 2827 3790 2905 τροχοῦ
3823 2830 4140 2905 περιπολεῖ
4173 2827 4309 2889 τάδε
4353 2825 4420 2887 τὸ
4463 2827 4582 2888 πᾶν

2875 2927 3152 3002 μονοειδῆ
3181 2926 3295 3002 μὲν
3326 2923 3484 3006 ἔχων
3513 2925 3621 3003 τὴν
3650 2928 3848 3006 φορᾶν
3890 2927 3985 2989 καὶ
4023 2928 4307 2991 ἀκούσιον
4340 2928 4417 2994 ὣς
4445 2929 4574 2989 δοῦ·

2876 3032 2985 3092 λος
3015 3025 3110 3089 καὶ
3143 3027 3400 3109 ἄψυχος,
3436 3027 3530 3091 καὶ
3556 3025 3689 3106 μηθ’
3723 3028 3879 3094 ὅλως
3905 3033 4053 3103 ζῶον
4083 3028 4332 3110 λογικὸν
4360 3027 4576 3111 τνγχά·

2878 3153 3017 3201 νων,
3066 3129 3142 3195 ὥς
3186 3128 3657 3204 ὑποτοπάζουσιν
3696 3131 3755 3193 οἱ
3797 3135 4008 3194 τοῦτον
4052 3135 4499 3213 θεολογοῦντες,
4542 3128 4578 3210 ἢ

2875 3229 3020 3311 πρὸς
3063 3233 3136 3294 τὰ
3177 3232 3441 3311 δύστηνα
3485 3233 3711 3295 τούτων
3755 3232 3995 3315 δοξάρια
4040 3235 4373 3317 κεχηνότες.
4467 3231 4575 3296 Ad

2879 3355 3024 3418 quae
3082 3332 3296 3397 confer
3358 3333 3599 3397 Barthii
3660 3349 3838 3399 notas
3895 3357 3959 3421 p.
4018 3336 4381 3420 279—282.
4475 3337 4577 3400 Se-

2876 3435 3133 3520 quentia
3165 3435 3432 3499 Plotini:
3481 3441 3588 3499 τοῦ
3620 3437 3767 3504 Διὸς
3797 3438 3977 3500 αὐτοῦ
4004 3440 4108 3504 τὰς
4134 3436 4365 3516 μνήμας
4392 3446 4574 3501 πολυ-

2876 3544 3265 3619 πραγμονεῖν,
3303 3536 3673 3624 explicanda
3717 3552 3863 3602 sunt
3907 3562 3984 3602 ex
4030 3537 4126 3616 iis,
4155 3561 4302 3625 quae
4349 3540 4577 3604 Noster

2876 3639 3042 3703 infra
3066 3662 3203 3727 cap.
3240 3641 3378 3704 IX.
3408 3663 3472 3727 p.
3507 3660 3661 3726 403.
3695 3665 3786 3728 sq.
3819 3641 3900 3705 de
3943 3641 4105 3706 Jove
4149 3655 4449 3727 tanquam
4497 3641 4576 3706 de

2873 3741 3150 3806 omnium
3197 3764 3402 3805 rerum
3449 3756 3686 3807 rectore
3727 3758 3790 3808 et
3840 3758 4127 3807 curatore
4170 3742 4398 3830 posuit.
4488 3744 4578 3807 Et

2872 3842 3135 3911 Jovialis
3171 3843 3328 3907 ordo
3377 3846 3441 3925 (ἡ
3473 3844 3617 3909 Διΐα
3658 3844 3846 3929 τάξις)
3892 3869 3968 3910 ex
4001 3858 4281 3910 veterum
4314 3844 4579 3931 philoso-

2874 3947 3142 4036 phorum
3174 3946 3497 4023 sententia,
3535 3961 3629 4010 est
3667 3948 3703 4026 ἡ
3746 3948 4030 4029 πρακτικὴ
4076 3949 4170 4011 καὶ
4207 3949 4245 4028 ἡ
4282 3947 4573 4028 πολιτική.

2883 4048 3021 4113 Vid.
3060 4047 3350 4112 Proclum
3382 4048 3443 4112 in
3478 4047 3686 4113 Alcib.
3717 4071 3816 4135 pr.
3848 4072 3914 4136 p.
3956 4052 4098 4133 196.

2957 4174 3020 4237 p.
3061 4153 3208 4232 746,
3241 4172 3302 4233 9.
3340 4149 3876 4233 Ἀλλος--τρόπος
3913 4154 4014 4230 τῆς
4051 4153 4134 4219 εἰς
4176 4151 4244 4215 τὸ
4282 4156 4405 4217 πᾶν
4436 4149 4569 4233 παρ’

2878 4253 3069 4315 αὐτῶν
3117 4252 3565 4337 εὗθημοσύνης.]
3619 4251 3888 4338 Aliquot
3948 4251 4089 4317 libri
4139 4252 4202 4316 h.
4226 4251 4268 4317 l.
4326 4254 4569 4334 εὐθυμο-

2876 4357 3074 4434 σύνης.
3170 4356 3349 4419 Infra
3379 4377 3443 4442 p.
3480 4371 3511 4436 7
3517 4371 3626 4439 52.
3660 4357 3715 4418 A
3743 4380 3757 4419 :
3810 4357 3876 4419 ἐν
3903 4360 4027 4423 τοῖς
4060 4359 4312 4419 συνοῦσι
4343 4360 4573 4419 κεῖσθαι

2876 4456 3010 4523 τοὺς
3051 4459 3270 4539 λόγους
3306 4460 3373 4521 ἐν
3418 4458 3641 4536 μείζονι
3686 4458 4054 4537 εὗθυμοσύνῃ
4099 4459 4380 4525 ἑστῶτας.
4474 4457 4574 4520 Ita

2877 4557 3096 4621 Editio
3121 4575 3184 4621 et
3216 4558 3424 4623 codd.
3457 4558 3564 4622 ubi
3594 4557 3742 4623 item
3773 4558 3947 4622 haud
3976 4558 4168 4623 dubie
4197 4557 4530 4645 legendum
4552 4570 4575 4622 :¹

2876 4659 3264 4739 εὖθημοσύνῃ.
3361 4658 3748 4723 Hesiodeum
3809 4659 3929 4725 hoc
3978 4659 4355 4724 vocabulum
4414 4659 4568 4743 (vid.

2877 4761 3001 4841 ἐργ.
3035 4778 3181 4841 471.
3236 4774 3298 4824 et
3350 4760 3433 4823 cf.
3485 4759 3804 4824 Pollucem
3857 4761 3990 4824 IX.
4039 4762 4179 4824 161.
4225 4772 4288 4824 et
4335 4760 4575 4826 Graevii

2873 4862 3081 4926 Lectt.
3130 4861 3437 4926 Hesiodd.
3492 4884 3554 4948 p.
3595 4865 3781 4947 564.)
3829 4862 3894 4926 in
3940 4862 4362 4950 Xenophonte
4406 4884 4574 4927 nunc

2873 4984 3090 5026 sanum
3119 4987 3135 5026 ι
3185 4965 3419 5050 Cyrop.
3452 4965 3657 5028 VIII.
3691 4980 3755 5048 5.
3786 4983 3852 5045 4.
3888 4964 4001 5046 (cf.
4039 4963 4223 5028 Pauli
4256 4964 4574 5052 Leopardi

2877 5064 3244 5129 Emendatt.
3279 5066 3352 5128 V.
3389 5084 3450 5130 2.
3492 5065 3556 5131 in
3601 5067 3660 5129 I.
3694 5065 3956 5131 Gruteri
3998 5066 4192 5130 Thes.
4234 5066 4395 5132 Crit.
4433 5068 4571 5131 III.

2874 5188 2938 5252 p.
2977 5165 3079 5229 88.
3128 5166 3452 5247 ἐπεμέλετο
3481 5168 3692 5248 ταύτης
3718 5172 3820 5248 τῆς
3849 5168 4285 5249 εὖθημοσύνηςε
4335 5168 4398 5232 in
4440 5168 4574 5233 aliis

2877 5291 3041 5355 saepe
3078 5283 3465 5355 corruptum.
3542 5268 3864 5334 Plutarch.
3914 5271 4204 5357 Sympos.
4251 5271 4456 5335 VIII.
4507 5291 4573 5357 3.

2874 5394 2937 5458 p.
2962 5387 3107 5453 701.
3134 5372 3213 5435 B.
3244 5394 3307 5458 p.
3337 5371 3484 5436 886.
3519 5372 3850 5459 Wyttenb.
3881 5397 3896 5436 ε
3944 5376 4020 5436 τᾶ
4040 5374 4105 5436 δὲ
4126 5375 4575 5454 προσκρούοντα

2875 5479 2997 5541 τοῖς
3027 5472 3235 5553 κέρασι
3272 5478 3390 5536 τῶν
3426 5479 3595 5553 βοῶν
3623 5474 3694 5538 οὔ
3721 5473 4007 5556 τυγχάνει
4034 5477 4136 5553 τῆς
4164 5475 4405 5554 ἀρίστης
4447 5472 4573 5539 καθ’
