5118 6613
1147 728 1487 818 Schweigh.
1523 729 1680 794 Lex.
1708 727 1928 816 Polyb.
1953 752 2018 817 p.
2043 731 2185 795 226.
2214 726 2319 792 ubi
2348 726 2527 792 etiam
2559 726 2640 791 de
2666 749 2807 791 con-

1144 833 1477 898 structione
1504 852 1648 895 cum
1678 830 1969 896 Genitivo
1996 846 2059 894 et
2086 829 2337 895 Dativo.

1230 959 1292 1022 p.
1321 955 1463 1013 110,
1490 933 1548 997 8.
1589 935 1685 998 καὶ
1726 938 1793 1014 ζῇ
1847 933 1941 997 καὶ
1991 933 2296 997 νοεῖ-καὶ
2339 936 2444 996 τοῦ
2483 931 2662 1020 εἶναι]
2701 931 2802 995 Cf.

1153 1037 1376 1104 Plotin.
1424 1037 1503 1100 de
1547 1035 1816 1100 numeris
1856 1058 1920 1122 p.
1955 1036 2100 1120 690.
2134 1035 2210 1098 Β.
2244 1057 2335 1121 sq.
2366 1033 2568 1098 Procl.
2601 1033 2665 1097 in
2697 1033 2804 1097 Al-

1145 1140 1264 1206 cib.
1305 1162 1402 1228 pr.
1439 1163 1504 1227 p.
1550 1157 1690 1222 249.
1737 1140 1822 1202 ἰὸἒ
1868 1137 2016 1216 ζωὴν
2070 1136 2318 1213 ζέουσαν
2371 1137 2466 1200 καὶ
2509 1136 2808 1218 ἄγρυπνον

1149 1246 1355 1325 νόησιν
1383 1243 1476 1307 καὶ
1502 1241 1705 1322 μηδενὶ
1731 1242 2054 1304 λείπουσαν
2085 1241 2165 1306 εἷς
2191 1237 2258 1302 τὸ
2286 1242 2353 1319 Γ
2356 1263 2407 1302 ν

1231 1382 1317 1395 -
1338 1366 1397 1430 9.
1430 1348 1600 1408 τοῦτο
1637 1347 1693 1408 εἴ
1728 1368 1813 1409 τις
1848 1342 2043 1428 ἵδοι]“
2050 1339 2394 1405 ‘Refertur
2419 1337 2500 1402 ad
2532 1337 2809 1403 Platonis

1146 1447 1379 1512 dictum
1425 1445 1678 1510 Pbaedr.
1722 1467 1784 1531 p.
1831 1446 1977 1529 346.
2009 1444 2094 1507 E.
2135 1444 2222 1530 [p.
2268 1461 2407 1526 251.
2456 1441 2695 1528 Stepb.]
2737 1457 2811 1508 ut

1149 1548 1617 1615 Ciceronianam
1648 1545 1821 1612 offic.
1858 1546 1914 1609 I.
1939 1564 2002 1631 5.
2039 1545 2178 1610 Fin.
2214 1545 2309 1608 ΙΙ.
2346 1545 2478 1607 16.”
2505 1545 2599 1608 D.
2631 1545 2719 1608 W.

1229 1689 1319 1701 —
1343 1670 1436 1715 10.
1466 1651 1831 1731 βουλόμενος
1858 1648 2009 1733 αὐτῷ
2046 1646 2470 1734 συγκραθῆναι]
2505 1648 2807 1734 Interprr.

1145 1754 1227 1819 ad
1282 1752 1591 1818 Herodot.
1633 1751 1746 1815 IV.
1778 1764 1913 1835 152.
1958 1750 2062 1813 fin.
2111 1747 2405 1813 Valcken.
2452 1747 2533 1812 ad
2581 1748 2806 1835 Eurip.

1149 1855 1479 1943 Hippolyt.
1512 1872 1657 1940 253.
1686 1853 1847 1917 idem
1892 1850 1971 1916 ad
2003 1851 2206 1916 Hebr.
2231 1851 2348 1915 IV.
2377 1868 2441 1915 2.
2470 1849 2531 1914 in
2576 1850 2811 1915 Scholis

1148 1959 1212 2023 in
1242 1960 1329 2023 N.
1352 1959 1431 2022 T.
1468 1958 1565 2021 II.
1594 1978 1654 2043 p.
1685 1973 1832 2041 473.
1866 1977 1958 2041 sq.
2006 1953 2285 2018 Timaeus
2314 1953 2495 2017 Locr.
2537 1952 2618 2017 de
2647 1952 2807 2017 Ani-

1148 2084 1251 2126 ma
1276 2059 1495 2124 mundi
1525 2082 1588 2147 p.
1615 2058 1759 2143 548.
1809 2056 1950 2122 Gal.
1991 2056 2173 2122 Plato
2204 2058 2405 2144 Legg.
2438 2056 2531 2120 X.
2566 2078 2628 2143 p.
2658 2074 2806 2140 324.

1149 2162 1365 2229 Habet
1392 2176 1595 2227 autem
1624 2160 1856 2224 intimae
1883 2159 2016 2246 conj
2026 2158 2324 2223 unctionis
2345 2158 2490 2237 vim,
2519 2157 2647 2222 sive
2674 2180 2806 2221 eam

1148 2266 1480 2330 mixturam
1522 2262 1812 2341 declarat,
1842 2261 2009 2327 unde
2049 2284 2246 2326 unum
2289 2283 2540 2350 prorsus
2581 2259 2804 2324 existit.

1151 2364 1375 2433 Pollux
1435 2367 1631 2431 VIII.
1694 2381 1831 2451 151.
1893 2368 2279 2446 συνηνῶσθαι·
2353 2362 2801 2447 συγκεκράσθαι·

1149 2469 1594 2554 ἀνακεκρόσθαι.
1645 2466 1903 2532 Proclus
1928 2466 1992 2531 in
2019 2466 2158 2532 Alc.
2181 2489 2278 2556 pr.
2310 2490 2373 2554 p.
2400 2484 2545 2552 321.
2583 2489 2674 2553 sq.
2704 2464 2802 2529 ed.

1147 2587 1338 2637 nostr.
1382 2573 1477 2637 καὶ
1520 2571 1588 2635 τὸ
1638 2569 1820 2634 καλὸν
1855 2568 2087 2634 τέλειόν
2133 2572 2260 2634 ἐστι
2311 2568 2403 2633 καὶ
2447 2568 2671 2649 ἀγαθὸν
2716 2569 2810 2632 καὶ

1147 2674 1377 2742 πάντως
1421 2676 1660 2746 δίκαιον,
1711 2672 1804 2736 καὶ
1854 2672 1921 2735 τὸ
1973 2673 2193 2735 δίκαιον
2241 2674 2320 2757 τῷ
2377 2674 2535 2756 καλῷ
2587 2670 2680 2733 καὶ
2730 2673 2808 2755 τῷ

1150 2774 1351 2863 ἀγαθῷ
1396 2774 1798 2858 συγκέκραται·
1847 2774 1942 2837 καὶ
1983 2771 2050 2836 τὸ
2090 2774 2201 2852 μὲν
2226 2774 2607 2851 ὑποκείμενον
2636 2771 2723 2848 ἓν,
2754 2774 2811 2835 οἱ

1149 2881 1215 2943 δὲ
1242 2880 1415 2960 λόγοι
1442 2875 1727 2958 διάφοροι.
1779 2874 2078 2962 Origenes
2102 2876 2237 2957 περὶ
2265 2875 2435 2957 εὐχῆς
2460 2895 2520 2960 p.
2546 2894 2606 2936 n.
2631 2874 2812 2937 Wet-

1151 2995 1303 3045 sten.
1364 2981 1757 3060 ἀνακραθῆναι
1812 2980 1890 3063 τῷ
1948 2978 2248 3056 πνεύματι.
2325 2977 2590 3061 Gregor.
2651 2975 2808 3038 Naz.

1152 3083 1328 3148 Orat.
1363 3080 1664 3144 XXXV.
1696 3102 1763 3166 p.
1785 3094 1932 3163 575.
1961 3078 2034 3141 A.
2081 3079 2382 3160 ἄνθρωπος
2409 3076 2811 3159 συνανεκράθη

1151 3188 1288 3271 θεῷ’.
1330 3184 1413 3248 cf.
1459 3184 1633 3247 Orat.
1668 3182 1726 3245 I.
1754 3203 1821 3268 p.
1851 3200 1947 3244 11.
1971 3181 2046 3245 C.
2118 3179 2345 3244 Plotin.
2381 3180 2495 3244 IV.
2545 3197 2604 3244 2.
2650 3193 2806 3244 extr.

1152 3288 1229 3351 V.
1258 3300 1318 3372 5.
1352 3304 1409 3352 2.
1442 3306 1535 3372 pr.
1568 3284 1683 3350 VI.
1717 3284 1778 3348 6.
1804 3283 1903 3348 18.
1935 3283 2048 3347 VI.
2078 3301 2135 3366 7.
2163 3300 2266 3368 35.

1234 3426 1322 3438 —
1345 3406 1442 3453 12.
1474 3387 2002 3474 τῷ-ἶδόντι-ἑπὶ
2032 3389 2192 3472 καλῷ
2230 3385 2516 3473 ἄγασθαι]
2553 3383 2812 3473 Proprie

1140 3492 1534 3580 potesta-rsit,
1554 3490 1888 3577 contingit.
1948 3487 2049 3552 Sic
2077 3486 2300 3575 soepius
2319 3486 2587 3571 ὑπάρχει.
2633 3486 2814 3552 Ρ1810

1155 3593 1354 3682 Hipp.
1388 3593 1529 3680 maj.
1563 3615 1623 3680 p.
1657 3610 1801 3675 292.
1831 3589 1865 3654 ὃ
1898 3590 1993 3673 (τὸ
2025 3590 2234 3673 καλὸν)
2259 3591 2433 3654 παντὶ
2460 3589 2507 3677 ᾧ
2534 3589 2609 3654 ἂν
2633 3615 2813 3671 προσ-

1152 3696 1410 3779 γένηται,
1439 3694 1689 3778 ὑπάρχει
1732 3696 1934 3779 ἐκείνῳ
1979 3697 2135 3779 καλῷ
2182 3693 2348 3758 εἶναι.
2395 3692 2477 3757 cf.
2510 3694 2726 3780 Symp.
2756 3716 2811 3757 c.

1155 3818 1258 3884 29.
1308 3813 1372 3863 et
1411 3796 1535 3861 vid.
1586 3797 1793 3884 Wytt.
1837 3794 1917 3860 ad
1964 3794 2210 3860 Selectt.
2253 3795 2523 3859 Historia
2566 3817 2630 3881 p.
2662 3795 2808 3879 381.

1154 3901 1283 3966 Dio
1310 3899 1629 3987 Chrysost.
1661 3915 1760 3983 29.
1791 3921 1855 3985 p.
1887 3899 2036 3984 538.
2064 3901 2391 3979 ὁλόκληρον
2419 3899 2484 3961 δὲ
2527 3898 2624 3961 καὶ
2667 3900 2811 3977 ἀλη-

1153 4004 1319 4067 θινὸν
1349 3999 1565 4068 κάλλος
1595 3997 1992 4087 [θαυμαστὸν]
2027 4001 2185 4086 οὖπῳ
2217 4001 2325 4085 (τῷ
2361 3998 2538 4064 8111111
2565 3997 2811 4083 Reisk.)

1152 4106 1402 4185 ὑπῆρξεν
1432 4101 1733 4184 (nondum
1758 4103 2047 4188 cuiquam
2076 4102 2318 4187 adfitit)
2350 4103 2548 4183 ὥσπερ
2576 4105 2739 4187 τῷδε.

1237 4241 1323 4254 —
1345 4223 1442 4289 13.
1479 4203 1573 4268 καὶ
1601 4202 2025 4283 ἐκπλήττεσθαι
2053 4204 2361 4286 ἀβλαβῶς]
2400 4202 2585 4267 Plato
2613 4203 2814 4291 Hipp.

1155 4308 1299 4395 maj.
1330 4330 1391 4394 p.
1421 4325 1567 4392 303.
1598 4328 1656 4369 c.
1719 4304 1822 4369 De
1848 4303 2288 4392 voluptatibus,
2318 4327 2461 4390 quoe
2487 4304 2552 4368 in
2584 4303 2810 4392 pulcri·

1155 4409 1371 4475 tudine
1392 4421 1734 4486 versantur,
1762 4409 1853 4471 ὅτι
1873 4407 2253 4473 ἀσινέσταται
2275 4407 2442 4471 αὗται
2462 4413 2579 4470 τῶν
2593 4408 2817 4487 ἡδονῶν

1157 4515 1274 4578 εἰσι
1300 4511 1395 4576 καὶ
1419 4510 1750 4591 βέλτισται.
1796 4511 1996 4574 Marc.
2025 4507 2324 4573 Antonin.
2353 4509 2467 4573 IV.
2492 4510 2551 4575 8.
2578 4511 2611 4572 ὁ
2637 4511 2817 4593 χείρω

1157 4613 1334 4679 αὐτὸν
1384 4615 1592 4677 ἑαυτοῦ
1647 4613 1954 4695 ἄνθρωπον
2002 4612 2071 4677 οὐ
2125 4617 2298 4686 ποιεῖ,
2362 4611 2494 4675 οὐδὲ
2558 4611 2817 4692 βλάπτει

1160 4714 1364 4799 (8111111
1382 4714 1536 4779 liber
1554 4713 1943 4800 Darmstad.)
1966 4741 2016 4778 κ.
2044 4721 2172 4778 τ.λ.
2219 4711 2537 4778 Plutarch.
2561 4712 2641 4776 de
2665 4711 2817 4778 Pul-

1155 4817 1291 4882 crit.
1333 4839 1436 4905 ap.
1483 4816 1656 4881 Stob.
1704 4818 1899 4881 Serm.
1930 4817 2034 4902 63.
2072 4838 2139 4904 p.
2166 4834 2314 4895 410.
2344 4837 2405 4902 p.
2433 4830 2584 4900 501.
2617 4815 2813 4880 Gaisf.

1156 4923 1231 4986 τὰ
1269 4921 1381 5000 μὲν
1413 4922 1528 5002 γὰρ
1569 4923 1669 4998 τῆς
1708 4922 1906 5001 ψυχῆς
1956 4918 2145 4998 κάλλη
2190 4918 2284 4981 καὶ
2326 4917 2610 4998 σωτηρίας
2641 4916 2815 4999 (fort.

1159 5022 1253 5087 καὶ
1279 5023 1504 5101 σάματι
1534 5021 1816 5102 σωτηρίας
1838 5019 2192 5106 Wyttenb.)
2218 5018 2451 5084 ἐλπίδες
2481 5019 2602 5082 εἰσί
2626 5045 2677 5082 κ.
2688 5043 2741 5082 τ.
2753 5025 2815 5084 λ.

1240 5124 1326 5189 111.
1362 5124 1457 5187 καὶ
1485 5125 1627 5208 ἐρᾷν
1661 5125 1849 5202 ἀληθῆ
1891 5122 2076 5203 ἔρωτα
2120 5148 2170 5185 κ.
2192 5146 2244 5184 τ.
2265 5120 2360 5208 λ.]
2397 5119 2475 5182 In
2520 5118 2642 5182 Ed.
2673 5118 2817 5184 Flo.

1157 5240 1313 5293 rent.
1348 5223 1559 5290 Latin.
1599 5245 1696 5310 pr.
1727 5221 2033 5309 virgulam
2062 5243 2185 5286 non
2228 5221 2487 5309 positam
2529 5234 2672 5307 post
2707 5222 2813 5285 πό-

1158 5337 1295 5401 θους
1336 5329 1401 5395 111
1448 5325 1684 5394 Graecis
1738 5325 1926 5390 fuisse
1971 5324 2195 5412 arguit.
2271 5322 2466 5389 Male.
2526 5322 2812 5389 Ficinus:

1160 5443 1204 5474 “
1226 5456 1373 5499 vero
1399 5450 1750 5519 summoque
1768 5428 2086 5515 afficiatur
2100 5448 2308 5492 amore
2327 5451 2349 5490 .·
2378 5448 2546 5491 acres
2565 5424 2819 5491 affectus

1157 5535 1429 5623 aliosque
1471 5554 1709 5600 amores
1751 5528 1999 5596 irrideat
2039 5530 2192 5595 cet.''
2250 5529 2429 5608 Nos..
2449 5527 2634 5594 etiam
2667 5526 2816 5593 Dis-

2104 555 2912 621 ANNOTATIONES

2979 555 3089 620 IN
3156 555 3587 621 PLOTINI

2890 726 3057 791 senio
3083 727 3403 814 probante,
3432 727 3806 793 mutavimus
3837 726 4308 808 distinctionem,
4329 729 4550 816 junxi-

2889 851 3151 916 musque
3179 830 3325 894 bina
3351 831 3624 895 membra
3654 831 3748 894 καὶ
3776 833 3917 914 ἐρᾷν
3939 834 4036 895 ἀλ.
4065 833 4249 913 ἔρωτα
4276 832 4370 896 καὶ
4397 837 4547 914 δριμ.

2890 934 3125 1011 πόθους,
3176 932 3291 997 1180
3340 933 3669 997 sententia:
3719 940 3761 972 ‘⁶
3779 942 3838 996 et
3885 934 4106 998 ardere
4154 955 4299 998 vero
4345 956 4554 999 amore

2889 1036 3253 1123 acribusque
3300 1036 3744 1122 (fictionibus,
3789 1037 4058 1122 reliquos
4115 1057 4260 1100 vero
4314 1057 4553 1101 amore-5

2889 1138 3214 1201 irridere.”
3287 1138 3505 1219 Δριμὺς
3545 1149 3752 1201 81110111
3794 1137 4158 1202 vocabulum
4208 1136 4399 1219 μέσον
4438 1152 4552 1215 081,

2892 1252 2954 1303 01
2975 1238 3143 1303 1181111
3173 1262 3312 1303 raro
3332 1238 3612 1325 designat
3627 1240 3935 1326 prudens,
3957 1262 4182 1325 sagax.
4227 1240 4549 1328 Aristopb.

2894 1342 3176 1405 Gramm.
3220 1364 3323 1428 ap.
3368 1341 3658 1405 Eustatb.
3711 1340 3775 1404 in
3813 1342 4039 1429 Odyss.
4079 1341 4156 1425 γ’.
4191 1365 4254 1428 p.
4283 1363 4420 1407 110.
4452 1342 4550 1409 011.

2895 1443 3082 1509 Β8811.
3111 1444 3192 1509 cf.
3226 1442 3454 1509 Gatak.
3485 1443 3567 1508 ad
3597 1445 3797 1508 Marc.
3829 1444 3974 1508 Ant.
3998 1446 4073 1509 V.
4099 1462 4159 1529 5.
4188 1466 4251 1559 p.
4282 1464 4423 1525 142.
4456 1447 4546 1532 (ρ.

2900 1549 3037 1629 187.
3044 1550 3072 1633 )
3140 1547 3226 1610 Et
3272 1569 3419 1610 vero
3468 1546 3631 1610 bono
3687 1569 3865 1609 8011811
3916 1569 4129 1610 vocem
4187 1546 4304 1634 ipsi
4359 1547 4554 1612 amori

2882 1649 3097 1737 junxit
3126 1648 3439 1713 Plutarch.
3469 1647 3532 1712 in
3561 1650 3774 1713 Numa
3804 1649 3995 1714 XVI.
4027 1667 4083 1714 2.
4129 1649 4314 1731 ἔρωτα
4354 1650 4556 1732 δριμὺν

2894 1752 3142 1835 εἰρήνης.
3202 1751 3499 1815 Νο81τι1111
3539 1749 3742 1814 10011111
3785 1750 4082 1838 expressit
4111 1750 4357 1817 Procl.
4343 1775 4409 1816 111
4436 1751 4556 1815 ΑΙ-

2892 1854 3012 1918 cib.
3041 1876 3137 1942 pr.
3169 1874 3304 1919 100.
3338 1876 3402 1941 p.
3434 1872 3579 1938 330.
3614 1853 3712 1917 ed.
3746 1872 3934 1917 nostr.
3976 1853 4070 1917 καὶ
4114 1855 4171 1917 εἴ
4214 1879 4300 1920 τις
4348 1857 4555 1919 ἑαυτοῦ

2894 1956 3364 2029 συναισθόνεται,
3395 1954 3625 2022 πάντως
3650 1981 3763 2020 που
3792 1955 3968 2030 οἶδεν,
3995 1956 4083 2018 ὅτι
4110 1960 4280 2019 τοῦτο
4307 1957 4374 2021 τὸ
4403 1958 4549 2039 ἀγα-

2895 2058 3001 2122 θὸν
3039 2057 3402 2140 δριμυτέρους
3438 2058 3565 2141 ἔχει
3608 2059 3739 2124 τοὺς
3777 2057 3991 2139 ἔρωτας
4030 2063 4146 2121 τῶν
4185 2060 4251 2122 ἐν
4285 2058 4555 2139 αἰσθήσει

2895 2165 3090 2225 καλῶν
3110 2158 3177 2223 τὸ
3206 2161 3320 2241 ἄρα
3347 2158 3571 2241 ἀγαθὸν
3601 2161 3784 2224 καλόν
3806 2163 3954 2223 ἐστι.
4016 2159 4330 2224 Sententia
4347 2174 4554 2226 autem

2892 2261 3156 2326 debetur
3186 2260 3428 2326 Platoni
3457 2261 3519 2324 in
3554 2263 3766 2350 Symp.
3800 2284 3863 2348 p.
3899 2279 4041 2327 210.
4076 2284 4165 2348 sq.
4198 2285 4261 2349 p.
4287 2282 4432 2348 443.
4459 2287 4548 2351 sq.

2893 2363 3090 2430 Bekk.
3124 2362 3299 2428 Add.
3333 2363 3561 2429 Plotin.
3608 2364 3687 2428 de
3726 2363 3982 2450 intellig.
4031 2361 4276 2451 pulerit.
4308 2388 4371 2452 p.
4402 2385 4549 2451 549.

2893 2468 2970 2532 Β.
2995 2469 3070 2533 C.
3102 2481 3164 2531 et
3192 2489 3257 2553 p.
3289 2472 3436 2552 556.
3470 2469 3557 2532 A.
3582 2467 3660 2531 Β.

2975 2606 3062 2619 -
3088 2572 3184 2634 16.
3217 2571 3373 2648 ὅσοι,
3423 2574 3573 2633 θεῶν
3618 2572 3836 2634 εἴδεσιν
3879 2565 3916 2648 ἢ
3960 2571 4248 2649 δαιμόνων
4293 2597 4343 2634 κ.
4375 2595 4432 2634 τ.
4457 2570 4550 2655 λ.]

2891 2672 2931 2736 1.
2964 2695 3018 2737 e.
3024 2673 3210 2758 firte
3237 2680 3642 2749 occurre-ntes,
3660 2693 3810 2736 casu
3830 2673 4076 2735 obviam
4075 2671 4258 2756 facto
4280 2671 4418 2736 Diis
4437 2687 4551 2737 cet.

2895 2774 3021 2839 Hic
3062 2773 3330 2861 primum
3374 2773 3711 2861 redigenda
3751 2773 3987 2838 suntin
4030 2772 4386 2838 memoriam
4414 2797 4556 2860 quoe

2897 2876 3103 2942 Groeci
3132 2892 3363 2940 veteres
3387 2875 3575 2962 vulgo
3601 2874 3681 2940 de
3704 2876 3982 2940 Deorum
4007 2877 4409 2963 Dearumque
4440 2880 4560 2942 ἑπι-

2896 2980 3165 3062 φανείαις
3209 2976 3435 3042 11811118
3482 2992 3859 3066 acceperant.
3925 2977 4067 3042 Vid.
4129 2978 4428 3065 Inter-prr.
4478 2979 4558 3044 ad

2897 3083 3155 3145 Homer.
3203 3079 3416 3167 hymn.
3463 3078 3528 3143 in
3573 3081 3712 3145 Cer.
3747 3103 3808 3144 v.
3846 3095 3987 3164 275.
4058 3079 4381 3168 Heyninm
4425 3082 4555 3146 Ex-

2894 3206 3054 3248 curs.
3078 3182 3211 3246 IX.
3242 3181 3324 3246 ad
3355 3180 3537 3246 Iliad.
3571 3181 3706 3246 Vol.
3740 3182 3853 3246 IV.
3879 3205 3942 3269 p.
3969 3202 4108 3267 191.
4134 3205 4267 3269 sqq.
4316 3182 4561 3250 Deinde

2898 3283 3306 3374 Philosophos
3347 3283 3516 3372 quod
3560 3284 3780 3350 attinet
3805 3283 3931 3349 vid.
3976 3283 4219 3351 Platon.
4265 3284 4554 3374 Epinom.

2894 3410 2957 3475 p.
2988 3406 3167 3452 1010.
3218 3387 3347 3453 Cic.
3370 3387 3449 3451 de
3479 3389 3561 3453 N.
3589 3389 3674 3453 D.
3706 3389 3761 3452 1.
3790 3388 3886 3451 18.
3917 3405 4015 3471 27.
4055 3389 4150 3452 II.
4176 3407 4276 3475 23.
4322 3389 4561 3454 Juliani

2898 3493 3072 3556 Orat.
3097 3490 3255 3554 VII.
3280 3512 3344 3576 p.
3367 3491 3514 3570 408.
3549 3513 3639 3576 sq.
3690 3489 4010 3554 Iamblich.
4037 3488 4116 3554 de
4140 3491 4338 3578 Myst.
4368 3492 4424 3556 I.
4458 3511 4557 3576 17.

2900 3591 3380 3680 Componendus
3406 3609 3500 3657 est
3524 3605 3730 3657 autem
3760 3615 3901 3657 cum
3935 3590 4183 3657 Plotino
4207 3594 4406 3658 Marc.
4437 3594 4563 3657 An-

2897 3694 3087 3759 tonin.
3121 3695 3260 3759 111.
3294 3696 3353 3759 6.
3386 3717 3449 3782 p.
3485 3697 3585 3778 76.
3620 3694 3786 3758 unde
3814 3709 4088 3759 extrema
4114 3693 4420 3760 duntaxat
4448 3695 4557 3761 ad·

2897 3795 3191 3860 scribam:
3241 3799 3293 3862 εἰ
3333 3799 3538 3862 τούτου
3584 3799 3832 3878 (τούτων
3871 3796 4029 3863 Cod.
4073 3797 4382 3882 Darmst.)
4411 3799 4563 3879 φημὶ

2901 3900 3179 3982 κρεῖσσόν
3205 3925 3262 3963 τι
3289 3901 3449 3983 ὁρᾷς,
3483 3898 3570 3964 ἐπ’
3603 3902 3791 3963 ἐκεῖνο
3823 3902 3886 3978 ἐξ
3915 3901 4056 3978 ὅλης
4082 3904 4182 3978 τῆς
4205 3903 4403 3983 ψυχῆς
4428 3925 4564 3981 τρα-

2897 4003 3168 4081 πόμενος,
3198 4006 3304 4066 τοῦ
3331 4002 3572 4084 ἀρίστου
3611 4001 4022 4083 εὑρισκομένου
4059 4003 4318 4065 ἀπόλαυε
4351 3998 4562 4087 (plane

2900 4102 2992 4168 uti
3037 4102 3323 4168 Plotinus
3361 4102 3426 4166 in
3468 4102 3797 4188 proximis:
3841 4103 4036 4184 μένων
4071 4106 4138 4167 ἐν
4174 4108 4241 4183 τῇ
4276 4102 4563 4188 θέᾳ-,καὶ

2898 4206 3213 4271 ἀπολαύων
3259 4205 3488 4289 αὐτοῦ’)
3539 4207 3592 4268 εἰ
3640 4208 3705 4269 δὲ
3752 4208 3933 4285 μηδὲν
3980 4212 4237 4289 κρεῖττον
4288 4208 4562 4288 φαίνεται

2900 4306 3268 4387 ἑνιδρυμένου
3304 4307 3370 4371 ἔν
3400 4331 3497 4369 σοι
3529 4308 3626 4389 (ἐν
3655 4308 3755 4371 σοὶ
3787 4307 4015 4372 rectius
4060 4307 4218 4373 Cod.
4251 4308 4558 4394 Darmst.)

2900 4409 3327 4487 δαίμονος-εἰ,
3364 4409 3570 4473 τούτου
3597 4409 3790 4474 πάντα
3830 4413 3904 4474 τᾶ
3945 4411 4106 4475 ἄλλα
4132 4412 4440 4493 μικρότερα
4468 4412 4563 4476 καὶ

2901 4507 3306 4593 εὐτελέστερα,
3335 4512 3540 4590 μηδενὶ
3566 4518 3764 4594 χῶραν
3792 4514 3950 4576 δίδου
3981 4511 4177 4598 ἑτέρῳ.

2985 4634 3047 4698 p.
3086 4630 3224 4687 111,
3259 4632 3311 4675 1.
3344 4613 3407 4675 τί
3444 4616 3586 4690 δῆτα
3634 4616 3874 4692 οἰόμεθα
3919 4616 3975 4678 εἴ
4012 4639 4098 4681 τις
4126 4642 4177 4679 κ.
4198 4640 4251 4678 τ.
4272 4615 4368 4703 λ.]
4402 4615 4562 4682 Haec

2899 4726 2962 4776 et
2998 4712 3314 4799 sequentia
3351 4713 3720 4778 verbotenus
3768 4715 4217 4802 propemodum
4263 4739 4299 4779 e
4344 4718 4557 4804 Symp'.

2900 4813 3175 4879 Platonis
3222 4813 3411 4880 ducta
3457 4829 3624 4893 sunt,
3671 4839 3733 4904 p.
3789 4835 3930 4882 211.
3977 4817 4040 4882 11.
4066 4841 4120 4883 0.
4167 4840 4229 4904 p.
4279 4836 4422 4899 244.
4465 4841 4557 4905 sq.

2901 4915 3100 4981 Bekk.
3148 4916 3247 4981 Cf.
3279 4932 3574 5005 praeterea
3603 4918 3902 4985 Pbaedon.
3935 4942 3999 5007 p.
4028 4934 4129 5003 70.
4164 4921 4367 5007 Wytt.
4402 4921 4561 4985 Par·

2900 5018 3126 5083 menid.
3160 5042 3223 5107 p.
3259 5037 3399 5086 212.
3473 5020 3734 5085 Heindf.
3784 5021 3863 5085 de
3903 5020 4173 5110 Republ.
4206 5020 4283 5086 V.
4316 5044 4380 5109 p.
4413 5024 4559 5105 476.

2904 5121 3140 5210 Cratyl.
3171 5144 3235 5208 p.
3264 5143 3410 5209 439.
3444 5146 3497 5187 0.
3566 5124 3668 5188 De
3712 5124 4058 5189 discrimine
4106 5125 4267 5190 inter
4311 5125 4378 5189 τὸ
4426 5126 4563 5191 αὐτὸ

2903 5222 3087 5288 καλὸν
3114 5237 3177 5289 01
3214 5224 3281 5288 τὸ
3321 5227 3414 5289 ἀεὶ
3459 5226 3642 5290 καλὸν
3668 5226 3795 5292 vid.
3829 5226 4031 5292 Procl.
4062 5226 4127 5291 in
4159 5226 4326 5291 Tim.
4359 5250 4425 5316 p.
4459 5247 4560 5314 73.

2903 5327 3047 5390 Hoc
3089 5326 3362 5413 agnoscit
3392 5327 3550 5392 Cod.
3589 5330 3806 5394 Darm.
3845 5328 3908 5392 in
3953 5330 4173 5394 Marco
4200 5331 4358 5395 Ant.
4392 5330 4468 5395 V.
4497 5350 4560 5414 3.

2899 5450 3016 5515 pro
3041 5430 3203 5493 ἀλλὰ
3231 5430 3468 5508 ἔκαλον,
3501 5429 3608 5496 11111
3631 5429 3858 5496 Gatak.
3890 5429 3954 5493 in
3982 5451 4177 5518 marg.
4209 5430 4567 5519 conjiciebat

2901 5532 3063 5595 ἀλλὰ
3091 5533 3145 5596 εἰ
3173 5533 3374 5596 καλόν.
