5118 6613
1144 597 1232 664 82

1146 770 1257 836 τὸν
1285 769 1483 854 σοφὸν
1523 771 1619 835 καὶ
1643 770 1788 851 ὑπὲρ
1823 770 2096 851 πατρίδος
2134 769 2231 833 καὶ
2266 771 2412 851 ὑπὲρ
2455 770 2671 852 φίλων
2719 770 2828 835 κᾶν

1158 875 1225 937 ἐν
1276 872 1640 957 σκληροτέρᾳ
1680 870 1921 956 γένηται
1966 873 2267 953 ἀλγηδόνι,
2309 869 2347 951 ἢ
2387 873 2746 954 πηρῶσεσιν,
2789 870 2827 952 ἢ

1152 977 1351 1041 νόσοις
1406 973 1680 1041 ἀνιάτοις.
1752 972 2181 1060 Olympiodor.
2242 973 2305 1036 in
2364 972 2645 1038 Phaedon
2665 975 2830 1038 2-—02

1153 1077 1398 1142 Στωϊκοὶ
1440 1076 1618 1141 πέντε
1662 1078 1908 1158 τρόπους
1953 1076 2169 1158 ἔλεγον
2211 1076 2463 1158 εὐλόγου
2507 1078 2823 1158 ἐξαγωγῆς.

1150 1181 1389 1246 Contra
1419 1178 1793 1243 Theodorus
1836 1177 2216 1265 Cyrenaicus
2254 1201 2357 1265 ap.
2394 1178 2582 1266 Diog.
2617 1180 2691 1243 L.
2723 1180 2822 1244 11.

1152 1283 1234 1368 98
1262 1307 1278 1346 :
1327 1281 1502 1364 ἔλεγε
1529 1283 1596 1344 δὲ
1630 1280 1727 1344 καὶ
1764 1282 2018 1363 εὔλογον
2057 1279 2226 1355 εἶναι,
2262 1280 2369 1344 τὸν
2397 1286 2720 1346 σπουδαῖον
2746 1281 2826 1360 μὴ

1152 1388 1467 1468 ἐξαγαγεῖν
1492 1385 1639 1465 ὑπὲρ
1665 1386 1767 1463 τῆς
1793 1384 2067 1465 πατρίδος
2094 1385 2323 1447 ἑαυτόν.
2371 1411 2425 1448 κ.
2449 1409 2502 1447 τ.
2526 1391 2588 1448 λ.
2665 1382 2823 1447 Ρ111-

1152 1487 1347 1552 tarch.
1392 1485 1536 1551 adv.
1587 1484 1824 1550 Stoicos
1866 1507 1929 1571 p.
1971 1487 2152 1550 1060.
2200 1507 2268 1571 p.
2297 1486 2446 1569 326.
2492 1485 2821 1572 Wyttenb.

1146 1591 1409 1672 εὐλόγως
1446 1588 1680 1671 ἐξάγειν
1722 1592 1826 1652 τοῦ
1865 1591 1971 1668 ζῇν
2000 1586 2238 1653 ἑαυτοὺς
2266 1588 2361 1651 καὶ
2386 1590 2491 1650 τοῦ
2515 1589 2656 1669 βίου
2685 1588 2828 1651 ἀπο-

1146 1693 1454 1775 λέγεσθαι.
1520 1690 1763 1755 Arrian.
1826 1690 2087 1755 Dissert.
2145 1690 2245 1755 II.
2312 1706 2409 1775 15.
2460 1709 2561 1754 10.
2618 1689 2828 1773 ἐξάγῃς

1142 1797 1284 1877 ἡμῖν
1326 1795 1636 1876 ἄνθρωπον
1678 1796 1745 1858 ἐκ
1785 1796 1891 1857 τοῦ
1929 1796 2036 1872 (ἣν
2077 1794 2283 1875 φίλον.
2363 1790 2543 1855 Idem
2592 1792 2710 1856 IV.
2765 1811 2823 1857 1.

1152 1915 1295 1984 105.
1328 1900 1474 1962 ὅταν
1504 1896 1560 1961 σ’
1593 1896 1792 1980 ἐξάγῃ,
1827 1897 1939 1979 (sc.
1975 1899 2008 1959 ὁ
2055 1898 2241 1980 θεός).
2286 1896 2488 1960 Marc.
2524 1895 2819 1960 Antonin.

1148 2003 1295 2067 III.
1334 2021 1387 2067 1.
1420 2002 1609 2088 p.62.
1668 2004 1725 2066 εὶ
1774 2000 1883 2081 ἤδη
1943 1999 2217 2079 ἐξακτέον
2262 1997 2460 2064 αὐτόν.
2529 1998 2825 2087 Synesius

1146 2104 1352 2193 Epist.
1380 2121 1481 2189 79.
1516 2102 1625 2168 κάν
1654 2102 1947 2186 ἐξήγαγον
1975 2102 2225 2183 ἐμαυτὸν
2254 2103 2551 2186 κρατηθεὶς
2577 2101 2691 2166 ὐπὸ
2719 2106 2824 2166 τοῦ

1144 2209 1382 2274 πάθους.
1475 2204 1768 2271 Similiter
1806 2204 2142 2293 Appianus
2188 2204 2268 2269 de
2311 2203 2452 2270 bell.
2499 2203 2662 2269 civil.
2698 2206 2816 2269 IV.

1148 2331 1295 2397 135.
1326 2333 1387 2398 p.
1412 2323 1556 2394 707.
1606 2307 1954 2395 Schweigh.
2032 2309 2270 2373 Contra
2313 2307 2478 2372 idem
2527 2306 2608 2372 de
2657 2306 2821 2372 bello

1144 2413 1413 2502 Hispan.
1444 2412 1563 2477 VI.
1596 2411 1699 2498 96.
1749 2434 1811 2498 p.
1846 2426 1989 2496 707.
2037 2409 2313 2498 plenius:
2364 2411 2459 2475 καὶ
2508 2409 2820 2475 ἐθέλουσιν

1142 2517 1350 2583 αὐτοὺς
1377 2517 1692 2599 ἐξαγαγεῖν
1720 2518 1825 2580 τοῦ
1849 2515 2007 2594 βίου.
2069 2513 2306 2577 Athen.
2340 2513 2455 2578 IV.
2488 2499 2550 2601 p.
2579 2528 2720 2598 157.
2752 2512 2813 2576 b.

1143 2616 1645 2701 συμβουλεύσαιμ’
1687 2615 1764 2682 ἀν
1795 2619 1951 2698 ὑμῖν,
1985 2620 2130 2682 κατὰ
2156 2615 2263 2681 τὸν
2289 2616 2658 2700 Σωκρατικὸν
2682 2614 2822 2680 Ἀν-

1142 2722 1418 2803 τισθένην
1469 2719 1703 2802 ἐξάγειν
1761 2719 1999 2787 ἑαυτοὺς
2053 2723 2157 2783 τοῦ
2208 2721 2366 2799 βίου.
2455 2719 2593 2782 Nec
2643 2717 2822 2783 aliter

1142 2824 1456 2911 Porphyr.
1487 2822 1566 2887 de
1614 2821 1742 2886 vita
1782 2820 2013 2885 Plotini
2057 2843 2124 2910 p.
2154 2841 2297 2907 113.
2346 2820 2820 2900 Ὲαὺτὶο.-ἐξά-

1138 2951 1273 3010 γειν
1320 2925 1569 3006 ἐμαυτὸν
1614 2924 2032 3006 διαγοουμένου
2074 2927 2179 2988 τοῦ
2223 2926 2383 3004 βίου.
2478 2920 2821 3009 Singularis

1142 3026 1504 3115 significatio
1530 3025 1816 3091 formulas
1854 3040 1948 3091 est
1986 3024 2052 3089 in
2083 3024 2508 3113 Xenophonte
2538 3023 2818 3111 Ephesio

1140 3133 1219 3196 V.
1251 3155 1317 3219 p.
1338 3145 1445 3216 35.
1477 3129 1715 3197 ἑαυτοὺς
1759 3127 2050 3212 ἐξήγαγον
2074 3132 2198 3193 τοῦ
2239 3129 2381 3209 βίου
2422 3126 2501 3191 de
2545 3126 2816 3206 senibuS,

1139 3233 1250 3322 qui
1295 3246 1554 3296 mortem
1603 3230 1720 3295 sibi
1768 3244 2248 3319 properaverant
2300 3228 2561 3293 nimium
2610 3227 2816 3292 indul-

1138 3352 1352 3426 gentes
1392 3335 1610 3402 dolori.
1684 3334 1829 3400 Vid.
1868 3333 2256 3420 Peerlkamp.
2297 3331 2380 3396 ad
2422 3354 2565 3396 eum
2607 3330 2814 3395 locum

1136 3460 1203 3528 p.
1221 3458 1367 3526 359.
1457 3440 1539 3504 111
1590 3436 1827 3503 Graecis
1876 3435 2224 3502 Bibliorum
2271 3433 2712 3521 interpretibus
2754 3448 2817 3499 et

1136 3544 1203 3608 in
1232 3544 1317 3610 N.
1341 3545 1427 3608 T.
1454 3541 1705 3625 ὑπάγειν
1731 3539 2093 3629 saepiuscule
2131 3537 2485 3626 simpliciter
2527 3536 2816 3625 usurpari

1136 3671 1253 3735 pro
1300 3648 1485 3727 mori,
1529 3666 1655 3710 non
1710 3657 1805 3709 est
1851 3642 2024 3730 quod
2080 3639 2378 3729 exemplis
2419 3640 2817 3704 confirmetur

1136 3762 1278 3839 post
1305 3773 1380 3815 ea
1405 3772 1550 3837 quae
1570 3745 1877 3834 congessit
1908 3743 2298 3810 Schleusner.
2329 3742 2394 3805 in
2431 3742 2592 3806 Lex.
2625 3742 2710 3805 N.
2736 3742 2812 3806 T.

1136 3854 1203 3917 in
1251 3852 1672 3916 voce.—Haec
1725 3848 1805 3913 de
1855 3846 2157 3912 formulis.
2250 3843 2568 3909 Sententia
2615 3842 2814 3908 Ploti-

1134 3953 1306 4020 niani
1332 3952 1450 4017 loci
1476 3950 1763 4037 congruit
1804 3948 2077 4013 Hierocl.
2116 3949 2297 4012 160.:
2335 3945 2553 4011 Ἔσται
2598 3948 2663 4010 δὲ
2711 3972 2812 4010 κα-

1141 4056 1311 4138 θαρᾶ,
1360 4057 1413 4119 εἰ
1451 4056 1633 4134 μηδὲν
1676 4055 1746 4130 τῇ
1786 4051 2021 4135 ἀλογίᾳ,
2052 4051 2196 4129 μηδὲ
2233 4053 2311 4134 τῷ
2358 4052 2546 4135 θνητῷ
2593 4050 2817 4128 σώματι

1143 4159 1316 4243 (fort.
1369 4155 1543 4219 deest
1582 4154 1900 4237 συγγενὲς)
1948 4150 2387 4232 συνεκφέροιτο,
2435 4151 2510 4217 ὥς
2548 4152 2707 4230 ἄλλη
2751 4153 2816 4215 δὲ

1138 4264 1343 4327 ἄλλων
1399 4259 1753 4337 ἐπιμελοῖτο,
1822 4257 2108 4317 τοσοῦτον
2179 4253 2372 4321 αὐτοῖς
2440 4251 2819 4333 ἀπονέμουσα

1140 4364 1468 4446 φροντίδος,
1500 4360 1650 4423 ὅσον
1677 4359 1710 4419 ὁ
1751 4361 1906 4424 θεῖος
1945 4356 2172 4426 κελεύει
2212 4353 2404 4435 νόμος,
2439 4354 2673 4438 ἐξάγειν
2713 4355 2814 4420 αὐ-

1138 4462 1245 4545 τὴν
1276 4462 1464 4547 (cod.
1499 4458 1733 4525 Medic.
1768 4459 2005 4545 ἑαυτὸν)
2031 4462 2344 4541 πειρᾶσθαι
2363 4458 2443 4538 μὴ
2466 4463 2809 4541 συγχωρῶν,

1139 4569 1301 4632 ἀλλὰ
1348 4563 1681 4646 περιμένειν
1734 4563 1845 4629 ἕως
1900 4560 1978 4626 ἃν
2033 4564 2067 4626 ὁ
2125 4560 2258 4629 θεὸς
2314 4560 2485 4628 αὐτὸς
2540 4562 2812 4639 ἀπολύσῃ

1136 4672 1302 4750 ἡμᾶς.
1392 4664 1752 4731 Macrobius
1780 4664 1844 4728 in
1877 4666 2086 4729 Somn.
2122 4662 2286 4751 Scip.
2322 4664 2380 4728 1.
2413 4682 2516 4748 13.
2556 4685 2635 4726 ex
2668 4660 2813 4725 Plo-

1138 4773 1307 4837 tino:
1354 4780 1397 4812 ‘⁶
1429 4771 1563 4834 Nec
1603 4767 1754 4832 levis
1797 4781 1891 4832 est
1931 4766 2277 4832 differentia
2317 4765 2509 4829 vitam
2552 4763 2652 4829 vel
2701 4786 2808 4828 na-

1138 4891 1282 4941 tura
1294 4872 1393 4938 vel
1422 4884 1641 4959 sponte
1667 4868 1979 4944 solvendi3
2013 4869 2219 4933 anima
2244 4867 2430 4946 enim,
2452 4889 2596 4931 cum
2624 4890 2663 4931 a
2682 4889 2816 4931 cor-

1136 5000 1289 5066 pore
1312 4975 1636 5052 deseritur,
1660 4986 1867 5061 potest
1909 4972 1973 5036 in
2012 4992 2076 5035 se
2119 4969 2273 5035 nihil
2311 4969 2573 5033 retinere
2600 4992 2813 5056 corpo-

1136 5096 1335 5157 reum,
1367 5077 1417 5142 si
1445 5100 1509 5141 se
1534 5099 1712 5164 pure,
1742 5097 1885 5139 cum
1919 5074 2036 5138 hac
2064 5073 2128 5136 in
2156 5073 2286 5137 vita
2313 5084 2494 5148 esset,
2525 5071 2811 5152 instituit,

1136 5205 1280 5248 cum
1322 5203 1470 5244 vero
1509 5178 1645 5266 ipsa
1685 5177 1765 5243 de
1806 5198 2064 5265 corpore
2092 5174 2390 5239 violenter
2432 5172 2812 5253 extruditur,

1138 5286 1288 5373 quia
1306 5283 1439 5349 exit
1465 5280 1714 5346 vinculo
1739 5302 1864 5344 non
1888 5277 2112 5359 soluto,
2139 5277 2214 5342 fit
2245 5276 2301 5341 ei
2329 5276 2464 5364 ipsa
2490 5275 2814 5342 necessitas

1137 5387 1371 5453 occasio
1397 5381 1714 5474 passionis,
1732 5397 1795 5447 et
1822 5380 2018 5460 malis,
2036 5378 2352 5445 vinculum
2381 5377 2531 5443 dum
2554 5378 2810 5465 rumpit,

1140 5488 1466 5554 inficitur.''
1524 5489 1834 5552 Caeterum
1861 5482 2093 5549 Plotini
2112 5482 2298 5548 verba
2326 5484 2425 5546 ἵνα
2454 5482 2548 5545 καὶ
2579 5481 2808 5562 ἐξέλθῃ,

1141 5590 1436 5657 vertenda
1488 5602 1694 5656 erant:
1739 5608 2096 5678 quocunque
2148 5607 2222 5651 ea
2277 5585 2618 5650 eoecesserit.
2710 5584 2813 5649 Ad

2099 595 2241 662 AN
2259 595 2936 664 NOTATIONES
3003 598 3115 663 IN
3183 597 3627 664 PLOTINI

2909 787 3347 858 argumentum
3377 769 3459 835 cf.
3491 769 3656 835 infra
3689 768 3995 835 adversus
4037 768 4361 834 Gnosticoae
4389 769 4491 835 11.
4524 789 4584 856 9.

2918 875 3015 938 18.
3047 895 3114 961 p.
3139 891 3282 956 217.
3309 875 3398 937 D.

2996 999 3061 1063 p.
3103 977 3244 1062 163,
3271 995 3370 1061 13.
3418 978 3839 1041 ἀδυνατοῦντος
3867 975 3954 1039 ἔτι
3974 979 4079 1039 τοῦ
4099 977 4592 1055 σώματος-συν-

2913 1083 3038 1143 δεῖν
3079 1083 3181 1159 τῆς
3218 1080 3498 1161 ἁρμονίας
3539 1078 3717 1142 αὐτοῦ
3758 1077 3952 1142 οὐκέτι
3994 1078 4199 1161 οὔσης]
4247 1078 4409 1141 Haec
4453 1098 4590 1142 sen·

2914 1180 3106 1245 tentia
3148 1195 3212 1245 et
3265 1181 3400 1267 ipsa
3461 1179 3873 1267 Pythagoreis
3928 1178 4181 1266 placuit,
4232 1179 4329 1243 vel
4380 1179 4593 1244 similis

2910 1299 3109 1348 certe:
3160 1282 3498 1348 Clearchus
3538 1306 3642 1370 ap.
3688 1281 4068 1347 Athenaeum
4116 1283 4230 1347 1v.
4263 1301 4406 1367 157.
4437 1306 4491 1347 c.
4524 1306 4589 1370 p.

2917 1406 2947 1450 1
2963 1405 3058 1453 12.
3094 1385 3439 1472 Schweigh.
3470 1386 3749 1465 Εὐξίθεος
3784 1386 3818 1448 ὅ
3864 1385 4588 1468 Πυθαγορικὸς-ἔλεγεν,

2912 1488 3261 1553 ἐνδέσεσθαι
3301 1493 3381 1574 τῷ
3416 1494 3640 1568 σῶματι
3670 1489 3765 1552 καὶ
3803 1490 3884 1572 τῷ
3923 1492 4091 1570 δεῦρο
4125 1489 4243 1573 βίῳ
4270 1491 4375 1555 τὰς
4401 1486 4585 1552 ἀπάν·

2911 1617 3028 1655 των
3055 1594 3257 1674 ψυχὰς
3285 1592 3557 1673 τιμωρίας
3584 1590 3780 1674 χάριν.
3829 1591 3925 1654 καὶ
3954 1591 4289 1654 διείπασθαι
4315 1590 4421 1654 τὸν
4449 1589 4590 1654 θεὸν

2909 1695 3007 1768 ὣς,
3040 1697 3094 1758 εἰ
3127 1695 3207 1774 μὴ
3242 1697 3524 1773 μενοῦσιν
3558 1695 3655 1757 ἐπὶ
3692 1694 3917 1759 τούτοις
3953 1693 4061 1760 ἔως
4105 1690 4182 1755 ἃν
4230 1690 4377 1757 ἑκῶν
4418 1691 4592 1759 αὐτὸς

2908 1799 3085 1875 λύσῃ,
3115 1796 3334 1860 πλέοσι
3364 1797 3457 1859 καὶ
3494 1796 3722 1875 μείζοσι
3762 1796 4154 1876 ἐμπεσοῦνται
4187 1796 4322 1859 τότε
4358 1795 4589 1873 λύμαις.

2909 1898 3000 1964 διὸ
3046 1899 3269 1966 πάντας
3315 1898 3787 1978 εὐλαβουμένους
3819 1898 3927 1977 τὴν
3963 1903 4080 1961 τῶν
4119 1899 4329 1979 κυρίων
4367 1894 4584 1960 ‹indm-

2908 2027 3010 2066 σιν
3051 2006 3377 2083 φοβεῖσθαι
3409 2005 3515 2066 τοῦ
3552 2006 3622 2081 ζῇ
3627 2026 3661 2065 ν
3702 2002 3941 2067 ἑκόντας
3986 2002 4250 2079 ἐκβῆναι,
4290 2000 4478 2079 μόνον
4518 2023 4585 2065 τε

2906 2103 3013 2168 τὸν
3053 2105 3120 2168 ἐν
3147 2108 3227 2190 τῷ
3257 2103 3408 2188 γήρᾳ
3447 2102 3705 2167 θάνατον
3732 2103 4041 2169 ἀσπασίως
4078 2102 4452 2183 προσίεσθαι,
4483 2125 4586 2167 πε·

2903 2206 3253 2286 πεισμένους
3294 2206 3402 2285 τὴν
3429 2207 3723 2270 ἀπόλυσιν
3760 2208 3862 2284 τῆς
3909 2207 4108 2288 ψυχῆς
4150 2206 4300 2283 μετὰ
4333 2208 4435 2282 τῆς
4470 2209 4587 2270 τῶν

2906 2311 3114 2390 κυρίων
3167 2311 3480 2391 γίγνεσθαι
3535 2309 3783 2389 γνώμης.
3874 2308 4039 2371 Cum
4092 2304 4326 2370 Plotini
4382 2306 4586 2370 verbis

2904 2409 3102 2499 magis
3144 2411 3432 2497 congruit
3476 2408 3632 2474 alter
3686 2407 3858 2473 locus
3900 2408 4178 2496 ejusdem
4230 2410 4329 2473 11.
4378 2429 4441 2494 9.
4482 2408 4584 2472 18.

2904 2537 2970 2601 p.
2996 2530 3143 2598 217.
3171 2515 3252 2580 B.
3278 2514 3357 2578 C.
3383 2515 3466 2576 D.
3516 2511 3628 2576 ubi
3668 2534 3893 2600 corpus
3934 2533 4077 2575 cum
4122 2510 4310 2575 domo
4350 2511 4581 2576 affabre

2904 2616 3207 2682 aedificata
3235 2628 3667 2703 comparatur;
3716 2613 3885 2678 unde
3911 2613 4046 2678 haec
4075 2613 4206 2678 sola
4235 2612 4366 2679 11.1.
4395 2612 4584 2699 adpo-

2904 2741 3048 2784 nam
3071 2724 3263 2783 ε-δεῖ
3300 2720 3365 2782 δὲ
3406 2717 3608 2797 μένειν
3644 2719 3756 2797 μὲν
3802 2718 3869 2781 ἐν
3906 2719 4085 2783 οἴκοις
4122 2722 4292 2796 σῶμα
4334 2718 4583 2801 ἔχοντας

2906 2826 3470 2886 κατασκευασθεῖσιν
3483 2819 3600 2884 ὑπὸ
3625 2822 3824 2903 ψυχῆς
3840 2820 4102 2901 ἀδελφῆς
4119 2820 4358 2902 ἀγαθῆς.
4406 2820 4578 2883 Prae-

2903 2923 3112 2988 sertim
3142 2921 3271 2986 vid.
3307 2920 3494 3009 Diog.
3541 2922 3760 2986 Laert.
3791 2922 3993 2986 VIII.
4019 2941 4120 3007 29.
4165 2920 4275 2985 ubi
4318 2944 4393 2985 ex
4439 2920 4584 2985 doc-

2902 3026 3066 3090 trina
3116 3023 3497 3114 Pythagoras
3547 3022 3799 3088 infantis
3846 3046 4071 3110 corpus
4128 3021 4356 3087 dicitur
4402 3023 4578 3088 ο-υνέ·

2899 3134 3116 3212 χεσθαι
3145 3130 3292 3193 κατὰ
3317 3127 3452 3194 τοὺς
3478 3131 3579 3207 τῆς
3606 3127 3888 3208 ἁρμονίας
3913 3128 4149 3208 λόγους.
4199 3125 4305 3189 Cf.
4338 3125 4578 3189 Censo-

2897 3230 3012 3294 rin.
3055 3230 3135 3294 de
3171 3228 3275 3294 die
3315 3229 3505 3293 natali
3542 3252 3595 3294 c.
3624 3249 3684 3315 9.
3731 3227 4094 3292 Macrobius
4120 3225 4214 3292 l.l.
4306 3234 4350 3267 “
4382 3226 4581 3291 Addit

2900 3333 3085 3398 etiam
3118 3332 3462 3418 (Plotinus)
3487 3331 3655 3396 illam
3680 3331 3871 3396 solam
3894 3355 4025 3395 esse
4053 3329 4396 3395 naturalem
4418 3353 4579 3395 mor-

2900 3450 3047 3511 tem,
3078 3435 3186 3500 ubi
3225 3456 3451 3522 corpus
3485 3434 3775 3512 animam,
3804 3455 3930 3498 non
3973 3434 4177 3499 anima
4217 3456 4445 3521 corpus
4479 3457 4576 3498 re-

2898 3538 3144 3626 linquit.
3238 3540 3499 3603 Constat
3533 3538 3719 3615 enim,
3749 3559 4148 3601 numerorum
4177 3551 4409 3602 certam
4438 3558 4580 3602 con-

2901 3641 3305 3728 stitutamque
3331 3640 3630 3705 rationem
3659 3640 3893 3705 animas
3923 3639 4150 3704 sociare
4175 3639 4576 3726 corporibus:

2899 3743 2967 3808 hi
2994 3743 3234 3808 numeri
3261 3742 3413 3807 dum
3437 3759 3790 3830 supersunt,
3814 3756 4163 3831 perseverat
4190 3765 4418 3829 corpus
4442 3741 4577 3806 ani-

2899 3846 3095 3922 mari;
3144 3868 3287 3910 cum
3330 3869 3479 3910 vero
3522 3845 3840 3924 deficiunt,
3885 3831 4033 3909 mox
4075 3867 4299 3909 arcana
4337 3842 4445 3909 illa
4484 3844 4578 3907 vis

2899 3947 3179 4026 solvitur,
3208 3972 3335 4036 qua
3370 3948 3624 4014 societas
3658 3948 3793 4036 ipsa
3829 3948 4182 4012 constabat:
4230 3962 4296 4012 et
4337 3947 4457 4013 hoc
4484 3962 4577 4013 est

2899 4051 3071 4138 quod
3114 4051 3314 4116 fatum
3370 4066 3436 4116 et
3477 4051 3689 4115 fatalia
3739 4051 3884 4116 vitae
3940 4065 4218 4138 tempora
4260 4072 4575 4114 vocamus:

2902 4153 3127 4218 Anima
3153 4177 3302 4241 ergo
3329 4154 3462 4240 ipsa
3490 4176 3613 4218 non
3644 4153 3874 4232 deficit,
3891 4152 4127 4240 quippe
4155 4175 4300 4240 quoe
4326 4151 4577 4217 immor-

2902 4255 3041 4321 talis
3096 4270 3286 4343 atque
3324 4269 3629 4343 perpetua
3669 4267 3795 4330 est;
3845 4255 3953 4320 sed
3991 4253 4261 4342 impletis
4302 4255 4578 4320 numeris

2895 4380 3122 4445 corpus
3163 4358 3424 4422 fatiscit:
3470 4381 3584 4422 nec
3631 4359 3839 4423 anima
3889 4357 4153 4422 lassatur
4197 4357 4573 4431 animando:

2897 4460 3004 4524 sed
3034 4459 3300 4524 officium
3333 4483 3514 4525 suum
3559 4461 3785 4525 deserit
3817 4483 4063 4549 corpm,
4094 4482 4236 4524 cum
4271 4461 4405 4548 jam
4452 4483 4578 4525 non

2896 4561 3089 4650 possit
3130 4562 3406 4630 animari.
3501 4563 3671 4628 Hinc
3706 4562 3862 4628 illud
3908 4575 4002 4627 est
4045 4561 4381 4627 doctissimi
4418 4563 4576 4627 vatis

2899 4662 3171 4750 (Virgilii
3228 4665 3381 4728 AEn.
3443 4666 3561 4730 VI.
3605 4667 3823 4750 545.):
3883 4665 4167 4753 Explebo
4217 4686 4574 4744 numerum,

2896 4765 3245 4853 reddarque
3289 4768 3576 4833 tenebris.
3665 4768 3827 4831 Haec
3882 4781 3975 4830 est
4027 4764 4222 4853 igitur
4276 4766 4577 4830 naturalis

2899 4889 3042 4931 vere
3078 4889 3264 4948 morS,
3293 4890 3436 4931 cum
3464 4868 3650 4932 finem
3679 4866 3951 4955 corporis
3978 4866 4144 4932 solus
4170 4886 4576 4931 numerorum

2899 4991 3152 5035 suorum
3183 4971 3462 5037 defectus
3489 4987 3812 5060 apportat:
3842 4994 3968 5037 non
3993 4995 4137 5038 cum
4165 4984 4576 5057 extorquetur

2894 5071 3025 5138 vita
3049 5074 3290 5161 corpori
3319 5074 3524 5140 adhuc
3554 5074 3776 5139 idoneo
3813 5076 3893 5140 ad
3933 5074 4457 5139 continuationem
4486 5074 4576 5138 se-

2894 5173 3129 5238 rendi.”
3214 5175 3445 5240 Plotini
3486 5175 3622 5240 haec
3650 5177 3841 5241 verba
3866 5174 4084 5240 laudat
4118 5176 4478 5240 Bruckerus
4509 5176 4575 5243 in

2899 5276 3070 5342 Hist.
3119 5277 3275 5343 Crit.
3324 5278 3553 5343 Philos.
3584 5280 3683 5343 II.
3729 5301 3794 5365 p.
3817 5278 3969 5359 418.
4029 5276 4229 5343 Ficini
4270 5278 4573 5359 versione,

2898 5379 2993 5444 uti
3041 5380 3215 5459 solet,
3274 5395 3475 5461 utenS,
3517 5379 3855 5467 additque:
3904 5387 3949 5420 “
3977 5381 4083 5444 En
4132 5401 4280 5444 vero
4327 5381 4576 5447 harmo-

2895 5483 3070 5546 niam
3086 5485 3570 5570 praestabilitam
3596 5484 3764 5547 inter
3781 5485 4060 5546 animam
4088 5492 4147 5547 et
4173 5504 4423 5569 corpus,
4439 5484 4574 5570 jam

2897 5583 3147 5649 Plotino
3174 5607 3252 5648 ex
3280 5600 3455 5672 parte
3481 5599 3688 5650 notam
3714 5584 3770 5648 !”
