<?xml version="1.0" encoding="UTF-8"?>
<!DOCTYPE html PUBLIC "-//W3C//DTD XHTML 1.0 Transitional//EN"
    "http://www.w3.org/TR/xhtml1/DTD/xhtml1-transitional.dtd">
<html xmlns="http://www.w3.org/1999/xhtml" xml:lang="en" lang="en">
 <head>
  <title>
</title>
<meta http-equiv="Content-Type" content="text/html;charset=utf-8" />
  <meta name='ocr-system' content='tesseract 3.04.00' />
  <meta name='ocr-capabilities' content='ocr_page ocr_carea ocr_par ocr_line ocrx_word'/>
</head>
<body>
  <div class='ocr_page' id='page_1' title='image "./plotinioperaomn00chumgoog_0228.png"; bbox 0 0 5118 6613; ppageno 0'>
   <div class='ocr_carea' id='block_1_1' title="bbox 1074 541 1199 590">
    <p class='ocr_par' dir='ltr' id='par_1_1' title="bbox 1074 541 1199 590">
     <span class='ocr_line' id='line_1_1' title="bbox 1074 541 1199 590; baseline 0.016 -2"><span class='ocrx_word' id='word_1_1' title='bbox 1074 541 1199 590; x_wconf 84' lang='lat'><strong>222</strong></span> 
     </span>
    </p>
   </div>
   <div class='ocr_carea' id='block_1_2' title="bbox 2013 522 3536 590">
    <p class='ocr_par' dir='ltr' id='par_1_2' title="bbox 2013 522 3536 590">
     <span class='ocr_line' id='line_1_2' title="bbox 2013 522 3536 590; baseline 0.001 -5"><span class='ocrx_word' id='word_1_2' title='bbox 2013 522 2861 588; x_wconf 89' lang='lat' dir='ltr'><strong>ANNOTATIONES</strong></span> <span class='ocrx_word' id='word_1_3' title='bbox 2927 524 3037 588; x_wconf 91' lang='lat' dir='ltr'><strong>IN</strong></span> <span class='ocrx_word' id='word_1_4' title='bbox 3102 523 3536 590; x_wconf 89' lang='lat' dir='ltr'><strong>PLOTINI</strong></span> 
     </span>
    </p>
   </div>
   <div class='ocr_carea' id='block_1_3' title="bbox 1085 690 4578 782">
    <p class='ocr_par' dir='ltr' id='par_1_3' title="bbox 1085 690 4578 782">
     <span class='ocr_line' id='line_1_3' title="bbox 1085 690 4578 782; baseline 0.001 -25"><span class='ocrx_word' id='word_1_5' title='bbox 1085 695 1146 757; x_wconf 95' lang='lat'><strong>1.</strong></span> <span class='ocrx_word' id='word_1_6' title='bbox 1179 716 1243 779; x_wconf 94' lang='lat' dir='ltr'><strong>p.</strong></span> <span class='ocrx_word' id='word_1_7' title='bbox 1277 693 1423 758; x_wconf 88' lang='lat'><em>206.</em></span> <span class='ocrx_word' id='word_1_8' title='bbox 1468 690 2298 773; x_wconf 82' lang='grc' dir='ltr'>Ἀστεῖος-σημαίνει-καὶ</span> <span class='ocrx_word' id='word_1_9' title='bbox 2341 695 2447 758; x_wconf 87' lang='grc' dir='ltr'><strong>τὸν</strong></span> <span class='ocrx_word' id='word_1_10' title='bbox 2499 698 2598 759; x_wconf 76' lang='grc' dir='ltr'>διὰ</span> <span class='ocrx_word' id='word_1_11' title='bbox 2652 695 2794 774; x_wconf 80' lang='grc' dir='ltr'>ἦθος</span> <span class='ocrx_word' id='word_1_12' title='bbox 2878 696 3132 760; x_wconf 89' lang='lat' dir='ltr'><strong>somniis</strong></span> <span class='ocrx_word' id='word_1_13' title='bbox 3162 720 3223 782; x_wconf 90' lang='lat' dir='ltr'><strong>p.</strong></span> <span class='ocrx_word' id='word_1_14' title='bbox 3264 716 3402 781; x_wconf 87' lang='lat'><strong>139.</strong></span> <span class='ocrx_word' id='word_1_15' title='bbox 3454 694 3730 760; x_wconf 84' lang='lat' dir='ltr'><strong>Petavii:</strong></span> <span class='ocrx_word' id='word_1_16' title='bbox 3780 697 3877 760; x_wconf 87' lang='grc' dir='ltr'><strong>καὶ</strong></span> <span class='ocrx_word' id='word_1_17' title='bbox 3912 696 3950 774; x_wconf 78' lang='grc' dir='ltr'><em>ἡ</em></span> <span class='ocrx_word' id='word_1_18' title='bbox 3997 697 4339 778; x_wconf 79' lang='grc' dir='ltr'>φιλοσοφία</span> <span class='ocrx_word' id='word_1_19' title='bbox 4383 698 4578 760; x_wconf 80' lang='grc' dir='ltr'>συντί-</span> 
     </span>
    </p>
   </div>
   <div class='ocr_carea' id='block_1_4' title="bbox 1079 796 2789 882">
    <p class='ocr_par' dir='ltr' id='par_1_4' title="bbox 1079 796 2789 882">
     <span class='ocr_line' id='line_1_4' title="bbox 1079 796 2789 882; baseline 0 -21"><span class='ocrx_word' id='word_1_20' title='bbox 1079 798 1510 875; x_wconf 80' lang='grc' dir='ltr'>ἑπαινούμενον</span> <span class='ocrx_word' id='word_1_21' title='bbox 1544 796 1581 858; x_wconf 90' lang='grc'><strong>1.</strong></span> <span class='ocrx_word' id='word_1_22' title='bbox 1607 819 1659 858; x_wconf 91' lang='lat' dir='ltr'><strong>e.</strong></span> <span class='ocrx_word' id='word_1_23' title='bbox 1701 796 1980 859; x_wconf 73' lang='lat' dir='ltr'><strong>moribus</strong></span> <span class='ocrx_word' id='word_1_24' title='bbox 2021 797 2160 859; x_wconf 68' lang='lat' dir='ltr'><strong>suis</strong></span> <span class='ocrx_word' id='word_1_25' title='bbox 2193 798 2556 882; x_wconf 78' lang='lat' dir='ltr'><strong>probatum,</strong></span> <span class='ocrx_word' id='word_1_26' title='bbox 2603 796 2789 861; x_wconf 88' lang='lat' dir='ltr'><strong>adeo-</strong></span> 
     </span>
    </p>
   </div>
   <div class='ocr_carea' id='block_1_5' title="bbox 1082 897 2792 987">
    <p class='ocr_par' dir='ltr' id='par_1_5' title="bbox 1082 897 2792 987">
     <span class='ocr_line' id='line_1_5' title="bbox 1082 897 2792 987; baseline 0 -23"><span class='ocrx_word' id='word_1_27' title='bbox 1082 922 1210 987; x_wconf 88' lang='lat' dir='ltr'><strong>que</strong></span> <span class='ocrx_word' id='word_1_28' title='bbox 1267 899 1517 975; x_wconf 80' lang='lat' dir='ltr'><strong>bmmm,</strong></span> <span class='ocrx_word' id='word_1_29' title='bbox 1557 899 1851 985; x_wconf 82' lang='lat' dir='ltr'><strong>probum.</strong></span> <span class='ocrx_word' id='word_1_30' title='bbox 1922 897 2295 985; x_wconf 87' lang='lat' dir='ltr'><strong>Etymolog.</strong></span> <span class='ocrx_word' id='word_1_31' title='bbox 2353 899 2634 974; x_wconf 91' lang='lat' dir='ltr'><strong>Gudian,</strong></span> <span class='ocrx_word' id='word_1_32' title='bbox 2683 899 2792 964; x_wconf 88' lang='lat' dir='ltr'><strong>ali-</strong></span> 
     </span>
    </p>
   </div>
   <div class='ocr_carea' id='block_1_6' title="bbox 1055 1000 2787 5597">
    <p class='ocr_par' dir='ltr' id='par_1_6' title="bbox 1055 1000 2787 4856">
     <span class='ocr_line' id='line_1_6' title="bbox 1082 1000 2786 1089; baseline 0.002 -24"><span class='ocrx_word' id='word_1_33' title='bbox 1082 1015 1323 1089; x_wconf 89' lang='lat' dir='ltr'><strong>quanto</strong></span> <span class='ocrx_word' id='word_1_34' title='bbox 1351 1000 1595 1088; x_wconf 82' lang='lat' dir='ltr'>plenius</span> <span class='ocrx_word' id='word_1_35' title='bbox 1622 1023 1687 1088; x_wconf 88' lang='lat' dir='ltr'><strong>p.</strong></span> <span class='ocrx_word' id='word_1_36' title='bbox 1722 1002 1823 1066; x_wconf 89' lang='lat'><strong>86.</strong></span> <span class='ocrx_word' id='word_1_37' title='bbox 1857 1003 1891 1064; x_wconf 97' lang='lat'><em>6</em></span> <span class='ocrx_word' id='word_1_38' title='bbox 1922 1004 2020 1065; x_wconf 76' lang='grc' dir='ltr'><strong>διᾶ</strong></span> <span class='ocrx_word' id='word_1_39' title='bbox 2048 1001 2116 1064; x_wconf 88' lang='grc' dir='ltr'><strong>τὸ</strong></span> <span class='ocrx_word' id='word_1_40' title='bbox 2145 1001 2288 1080; x_wconf 85' lang='grc' dir='ltr'>ἦθος</span> <span class='ocrx_word' id='word_1_41' title='bbox 2319 1003 2588 1085; x_wconf 82' lang='grc' dir='ltr'>χρηστὸν</span> <span class='ocrx_word' id='word_1_42' title='bbox 2618 1005 2786 1068; x_wconf 76' lang='grc' dir='ltr'>ἐπαι-</span> 
     </span>
     <span class='ocr_line' id='line_1_7' title="bbox 1084 1102 2779 1191; baseline 0 -21"><span class='ocrx_word' id='word_1_43' title='bbox 1084 1106 1384 1185; x_wconf 87' lang='grc' dir='ltr'>νούμενος.</span> <span class='ocrx_word' id='word_1_44' title='bbox 1473 1103 1598 1167; x_wconf 86' lang='lat' dir='ltr'><strong>Sed</strong></span> <span class='ocrx_word' id='word_1_45' title='bbox 1629 1104 1782 1189; x_wconf 93' lang='lat' dir='ltr'><strong>quia</strong></span> <span class='ocrx_word' id='word_1_46' title='bbox 1811 1119 2016 1169; x_wconf 89' lang='lat' dir='ltr'><strong>tamen</strong></span> <span class='ocrx_word' id='word_1_47' title='bbox 2049 1102 2336 1191; x_wconf 87' lang='lat' dir='ltr'><strong>subjicit:</strong></span> <span class='ocrx_word' id='word_1_48' title='bbox 2385 1106 2463 1172; x_wconf 83' lang='grc' dir='ltr'>ὦς</span> <span class='ocrx_word' id='word_1_49' title='bbox 2490 1103 2529 1185; x_wconf 83' lang='grc' dir='ltr'><em>ᾖ</em></span> <span class='ocrx_word' id='word_1_50' title='bbox 2556 1105 2626 1168; x_wconf 88' lang='grc' dir='ltr'><strong>τὸ</strong></span> <span class='ocrx_word' id='word_1_51' title='bbox 2648 1131 2779 1170; x_wconf 82' lang='grc' dir='ltr'>παι-</span> 
     </span>
     <span class='ocr_line' id='line_1_8' title="bbox 1080 1206 2787 1295; baseline 0.001 -24"><span class='ocrx_word' id='word_1_52' title='bbox 1080 1209 1208 1271; x_wconf 89' lang='grc' dir='ltr'>δίον</span> <span class='ocrx_word' id='word_1_53' title='bbox 1238 1209 1482 1271; x_wconf 78' lang='grc' dir='ltr'>ἀστεῖον</span> <span class='ocrx_word' id='word_1_54' title='bbox 1522 1212 1603 1292; x_wconf 71' lang='grc' dir='ltr'><strong>τῷ</strong></span> <span class='ocrx_word' id='word_1_55' title='bbox 1649 1211 1765 1292; x_wconf 71' lang='grc' dir='ltr'>θεῷ</span> <span class='ocrx_word' id='word_1_56' title='bbox 1815 1210 1988 1292; x_wconf 83' lang='lat' dir='ltr'><strong>(quae</strong></span> <span class='ocrx_word' id='word_1_57' title='bbox 2019 1206 2210 1270; x_wconf 85' lang='lat' dir='ltr'><strong>verba</strong></span> <span class='ocrx_word' id='word_1_58' title='bbox 2251 1209 2598 1295; x_wconf 87' lang='lat' dir='ltr'><strong>composita</strong></span> <span class='ocrx_word' id='word_1_59' title='bbox 2642 1223 2787 1272; x_wconf 87' lang='lat' dir='ltr'><strong>sunt</strong></span> 
     </span>
     <span class='ocr_line' id='line_1_9' title="bbox 1077 1310 2787 1397; baseline 0.002 -24"><span class='ocrx_word' id='word_1_60' title='bbox 1077 1332 1155 1374; x_wconf 84' lang='lat' dir='ltr'><strong>ex</strong></span> <span class='ocrx_word' id='word_1_61' title='bbox 1202 1312 1341 1374; x_wconf 90' lang='lat' dir='ltr'><strong>Act.</strong></span> <span class='ocrx_word' id='word_1_62' title='bbox 1388 1313 1612 1397; x_wconf 88' lang='lat' dir='ltr'><strong>Apost.</strong></span> <span class='ocrx_word' id='word_1_63' title='bbox 1660 1312 1818 1374; x_wconf 91' lang='lat' dir='ltr'><strong>VII.</strong></span> <span class='ocrx_word' id='word_1_64' title='bbox 1856 1329 1958 1376; x_wconf 88' lang='lat'><strong>20.</strong></span> <span class='ocrx_word' id='word_1_65' title='bbox 2000 1326 2064 1375; x_wconf 89' lang='lat' dir='ltr'><strong>et</strong></span> <span class='ocrx_word' id='word_1_66' title='bbox 2108 1310 2316 1374; x_wconf 86' lang='lat' dir='ltr'><strong>Hebr.</strong></span> <span class='ocrx_word' id='word_1_67' title='bbox 2349 1312 2472 1375; x_wconf 92' lang='lat' dir='ltr'><strong>XI.</strong></span> <span class='ocrx_word' id='word_1_68' title='bbox 2512 1315 2649 1397; x_wconf 88' lang='lat'><strong>23.)</strong></span> <span class='ocrx_word' id='word_1_69' title='bbox 2692 1327 2787 1376; x_wconf 88' lang='lat' dir='ltr'><strong>est</strong></span> 
     </span>
     <span class='ocr_line' id='line_1_10' title="bbox 1076 1411 2784 1499; baseline 0.001 -24"><span class='ocrx_word' id='word_1_70' title='bbox 1076 1411 1289 1499; x_wconf 90' lang='lat' dir='ltr'><strong>potius</strong></span> <span class='ocrx_word' id='word_1_71' title='bbox 1331 1411 1439 1477; x_wconf 87' lang='lat' dir='ltr'><strong>illo</strong></span> <span class='ocrx_word' id='word_1_72' title='bbox 1482 1412 1652 1477; x_wconf 87' lang='lat' dir='ltr'><strong>loco:</strong></span> <span class='ocrx_word' id='word_1_73' title='bbox 1701 1424 1842 1478; x_wconf 81' lang='lat' dir='ltr'><strong>erat</strong></span> <span class='ocrx_word' id='word_1_74' title='bbox 1882 1416 2116 1477; x_wconf 79' lang='lat' dir='ltr'><strong>mirum</strong></span> <span class='ocrx_word' id='word_1_75' title='bbox 2161 1417 2232 1476; x_wconf 74' lang='lat' dir='ltr'><strong>in</strong></span> <span class='ocrx_word' id='word_1_76' title='bbox 2280 1415 2529 1477; x_wconf 81' lang='lat' dir='ltr'><strong>modum</strong></span> <span class='ocrx_word' id='word_1_77' title='bbox 2562 1436 2784 1478; x_wconf 69' lang='lat' dir='ltr'><strong>venus-</strong></span> 
     </span>
     <span class='ocr_line' id='line_1_11' title="bbox 1078 1516 2779 1602; baseline -0.001 -23"><span class='ocrx_word' id='word_1_78' title='bbox 1078 1524 1205 1579; x_wconf 72' lang='lat' dir='ltr'><strong>tus.</strong></span> <span class='ocrx_word' id='word_1_79' title='bbox 1282 1516 1386 1579; x_wconf 86' lang='lat' dir='ltr'><strong>Cf.</strong></span> <span class='ocrx_word' id='word_1_80' title='bbox 1436 1516 1718 1602; x_wconf 87' lang='lat' dir='ltr'><strong>Etymol.</strong></span> <span class='ocrx_word' id='word_1_81' title='bbox 1775 1518 1875 1580; x_wconf 93' lang='lat' dir='ltr'><strong>M.</strong></span> <span class='ocrx_word' id='word_1_82' title='bbox 1929 1538 1993 1602; x_wconf 90' lang='lat' dir='ltr'><strong>p.</strong></span> <span class='ocrx_word' id='word_1_83' title='bbox 2045 1516 2190 1601; x_wconf 87' lang='lat'><strong>158.</strong></span> <span class='ocrx_word' id='word_1_84' title='bbox 2232 1519 2464 1579; x_wconf 87' lang='lat' dir='ltr'><strong>Zonar.</strong></span> <span class='ocrx_word' id='word_1_85' title='bbox 2517 1540 2580 1602; x_wconf 90' lang='lat' dir='ltr'><strong>p.</strong></span> <span class='ocrx_word' id='word_1_86' title='bbox 2634 1536 2779 1601; x_wconf 83' lang='lat'><strong>3¹3·</strong></span> 
     </span>
     <span class='ocr_line' id='line_1_12' title="bbox 1080 1613 2781 1704; baseline -0.001 -21"><span class='ocrx_word' id='word_1_87' title='bbox 1080 1617 1313 1683; x_wconf 86' lang='lat' dir='ltr'><strong>Suicer.</strong></span> <span class='ocrx_word' id='word_1_88' title='bbox 1362 1613 1556 1681; x_wconf 86' lang='lat' dir='ltr'><strong>Thes.</strong></span> <span class='ocrx_word' id='word_1_89' title='bbox 1605 1617 1846 1682; x_wconf 80' lang='lat' dir='ltr'><strong>EccleS.</strong></span> <span class='ocrx_word' id='word_1_90' title='bbox 1897 1620 1952 1682; x_wconf 90' lang='grc' dir='ltr'><strong>Ι.</strong></span> <span class='ocrx_word' id='word_1_91' title='bbox 1999 1640 2063 1704; x_wconf 89' lang='lat' dir='ltr'><strong>p.</strong></span> <span class='ocrx_word' id='word_1_92' title='bbox 2098 1635 2246 1703; x_wconf 90' lang='lat'><strong>557.</strong></span> <span class='ocrx_word' id='word_1_93' title='bbox 2296 1641 2390 1704; x_wconf 89' lang='lat' dir='ltr'><strong>sq.</strong></span> <span class='ocrx_word' id='word_1_94' title='bbox 2434 1635 2497 1681; x_wconf 90' lang='lat' dir='ltr'><strong>et</strong></span> <span class='ocrx_word' id='word_1_95' title='bbox 2552 1618 2781 1682; x_wconf 82' lang='lat' dir='ltr'><strong>Valck-</strong></span> 
     </span>
     <span class='ocr_line' id='line_1_13' title="bbox 1074 1719 2781 1806; baseline 0 -23"><span class='ocrx_word' id='word_1_96' title='bbox 1074 1742 1281 1784; x_wconf 88' lang='lat' dir='ltr'><strong>enaer.</strong></span> <span class='ocrx_word' id='word_1_97' title='bbox 1316 1719 1549 1784; x_wconf 85' lang='lat' dir='ltr'><strong>Scholl.</strong></span> <span class='ocrx_word' id='word_1_98' title='bbox 1581 1720 1646 1783; x_wconf 90' lang='lat' dir='ltr'><strong>in</strong></span> <span class='ocrx_word' id='word_1_99' title='bbox 1678 1722 1760 1783; x_wconf 91' lang='lat' dir='ltr'><strong>N.</strong></span> <span class='ocrx_word' id='word_1_100' title='bbox 1791 1720 1872 1783; x_wconf 89' lang='lat' dir='ltr'><strong>T.</strong></span> <span class='ocrx_word' id='word_1_101' title='bbox 1909 1720 1964 1785; x_wconf 93' lang='lat' dir='ltr'><strong>I.</strong></span> <span class='ocrx_word' id='word_1_102' title='bbox 1997 1742 2060 1806; x_wconf 90' lang='lat' dir='ltr'><strong>p.</strong></span> <span class='ocrx_word' id='word_1_103' title='bbox 2087 1738 2238 1803; x_wconf 82' lang='lat'><strong>425.</strong></span> <span class='ocrx_word' id='word_1_104' title='bbox 2317 1722 2616 1784; x_wconf 87' lang='lat' dir='ltr'><strong>Ceterum</strong></span> <span class='ocrx_word' id='word_1_105' title='bbox 2652 1719 2781 1783; x_wconf 86' lang='lat' dir='ltr'><strong>vid.</strong></span> 
     </span>
     <span class='ocr_line' id='line_1_14' title="bbox 1077 1820 2776 1909; baseline 0 -24"><span class='ocrx_word' id='word_1_106' title='bbox 1077 1821 1322 1886; x_wconf 88' lang='lat' dir='ltr'><strong>Platon.</strong></span> <span class='ocrx_word' id='word_1_107' title='bbox 1355 1820 1543 1907; x_wconf 90' lang='lat' dir='ltr'><strong>Reip.</strong></span> <span class='ocrx_word' id='word_1_108' title='bbox 1585 1823 1641 1886; x_wconf 92' lang='grc' dir='ltr'><strong>Ι.</strong></span> <span class='ocrx_word' id='word_1_109' title='bbox 1674 1844 1737 1908; x_wconf 89' lang='lat' dir='ltr'><strong>p.</strong></span> <span class='ocrx_word' id='word_1_110' title='bbox 1761 1842 1909 1906; x_wconf 88' lang='lat'><strong>349.</strong></span> <span class='ocrx_word' id='word_1_111' title='bbox 1944 1821 2023 1884; x_wconf 92' lang='lat' dir='ltr'><strong>B.</strong></span> <span class='ocrx_word' id='word_1_112' title='bbox 2078 1820 2298 1907; x_wconf 88' lang='lat' dir='ltr'><strong>Lysid.</strong></span> <span class='ocrx_word' id='word_1_113' title='bbox 2332 1845 2393 1909; x_wconf 92' lang='lat' dir='ltr'><strong>p.</strong></span> <span class='ocrx_word' id='word_1_114' title='bbox 2429 1839 2578 1900; x_wconf 85' lang='lat'><strong>204.</strong></span> <span class='ocrx_word' id='word_1_115' title='bbox 2622 1821 2776 1906; x_wconf 88' lang='lat' dir='ltr'><strong>ibiq.</strong></span> 
     </span>
     <span class='ocr_line' id='line_1_15' title="bbox 1075 1922 2777 2010; baseline -0.001 -22"><span class='ocrx_word' id='word_1_116' title='bbox 1075 1922 1418 1988; x_wconf 79' lang='lat' dir='ltr'><strong>Heindorf.</strong></span> <span class='ocrx_word' id='word_1_117' title='bbox 1473 1946 1541 2010; x_wconf 91' lang='lat' dir='ltr'><strong>p.</strong></span> <span class='ocrx_word' id='word_1_118' title='bbox 1589 1939 1652 2006; x_wconf 88' lang='lat'><strong>5.</strong></span> <span class='ocrx_word' id='word_1_119' title='bbox 1728 1923 1835 1988; x_wconf 87' lang='lat' dir='ltr'><strong>Cf.</strong></span> <span class='ocrx_word' id='word_1_120' title='bbox 1891 1923 2170 1988; x_wconf 83' lang='lat' dir='ltr'><strong>Lexicon</strong></span> <span class='ocrx_word' id='word_1_121' title='bbox 2220 1923 2391 1988; x_wconf 87' lang='lat' dir='ltr'><strong>aliud</strong></span> <span class='ocrx_word' id='word_1_122' title='bbox 2445 1924 2511 1987; x_wconf 90' lang='lat' dir='ltr'><strong>in</strong></span> <span class='ocrx_word' id='word_1_123' title='bbox 2557 1922 2777 1987; x_wconf 90' lang='lat' dir='ltr'><strong>iisdem</strong></span> 
     </span>
     <span class='ocr_line' id='line_1_16' title="bbox 1074 2023 2776 2112; baseline -0.002 -21"><span class='ocrx_word' id='word_1_124' title='bbox 1074 2023 1348 2091; x_wconf 85' lang='lat' dir='ltr'><strong>Bekkeri</strong></span> <span class='ocrx_word' id='word_1_125' title='bbox 1397 2024 1692 2088; x_wconf 86' lang='lat' dir='ltr'><strong>Anecdd.</strong></span> <span class='ocrx_word' id='word_1_126' title='bbox 1748 2047 1811 2111; x_wconf 90' lang='lat' dir='ltr'><strong>p.</strong></span> <span class='ocrx_word' id='word_1_127' title='bbox 1851 2043 2000 2110; x_wconf 85' lang='lat'><strong>453.</strong></span> <span class='ocrx_word' id='word_1_128' title='bbox 2057 2048 2146 2110; x_wconf 86' lang='lat' dir='ltr'><strong>sq.</strong></span> <span class='ocrx_word' id='word_1_129' title='bbox 2253 2025 2420 2089; x_wconf 89' lang='lat' dir='ltr'><strong>Nolo</strong></span> <span class='ocrx_word' id='word_1_130' title='bbox 2471 2040 2776 2112; x_wconf 87' lang='lat' dir='ltr'><strong>repetere,</strong></span> 
     </span>
     <span class='ocr_line' id='line_1_17' title="bbox 1073 2126 2779 2216; baseline -0.001 -23"><span class='ocrx_word' id='word_1_131' title='bbox 1073 2152 1220 2216; x_wconf 83' lang='lat' dir='ltr'><strong>quae</strong></span> <span class='ocrx_word' id='word_1_132' title='bbox 1263 2126 1368 2192; x_wconf 90' lang='lat' dir='ltr'><strong>alii</strong></span> <span class='ocrx_word' id='word_1_133' title='bbox 1411 2126 1831 2214; x_wconf 88' lang='lat' dir='ltr'><strong>collegerunt:</strong></span> <span class='ocrx_word' id='word_1_134' title='bbox 1883 2127 2075 2192; x_wconf 89' lang='lat' dir='ltr'><strong>laudo</strong></span> <span class='ocrx_word' id='word_1_135' title='bbox 2115 2128 2586 2215; x_wconf 84' lang='lat' dir='ltr'><strong>Wyttenbachii</strong></span> <span class='ocrx_word' id='word_1_136' title='bbox 2628 2128 2779 2191; x_wconf 87' lang='lat' dir='ltr'><strong>Ani-</strong></span> 
     </span>
     <span class='ocr_line' id='line_1_18' title="bbox 1072 2228 2773 2319; baseline -0.003 -22"><span class='ocrx_word' id='word_1_137' title='bbox 1072 2232 1327 2297; x_wconf 83' lang='lat' dir='ltr'><strong>madvv.</strong></span> <span class='ocrx_word' id='word_1_138' title='bbox 1373 2230 1436 2295; x_wconf 92' lang='lat' dir='ltr'><strong>in</strong></span> <span class='ocrx_word' id='word_1_139' title='bbox 1491 2230 1808 2296; x_wconf 84' lang='lat' dir='ltr'><strong>Plutarch.</strong></span> <span class='ocrx_word' id='word_1_140' title='bbox 1862 2229 2177 2296; x_wconf 87' lang='lat' dir='ltr'><strong>Consolat.</strong></span> <span class='ocrx_word' id='word_1_141' title='bbox 2226 2230 2306 2295; x_wconf 89' lang='lat' dir='ltr'><strong>ad</strong></span> <span class='ocrx_word' id='word_1_142' title='bbox 2359 2228 2662 2319; x_wconf 89' lang='lat' dir='ltr'><strong>Apollon.</strong></span> <span class='ocrx_word' id='word_1_143' title='bbox 2705 2253 2773 2318; x_wconf 96' lang='lat' dir='ltr'><strong>p.</strong></span> 
     </span>
     <span class='ocr_line' id='line_1_19' title="bbox 1072 2330 2775 2419; baseline -0.004 -19"><span class='ocrx_word' id='word_1_144' title='bbox 1072 2337 1218 2419; x_wconf 90' lang='lat'><strong>760.</strong></span> <span class='ocrx_word' id='word_1_145' title='bbox 1311 2333 1501 2397; x_wconf 87' lang='lat' dir='ltr'>Addo</span> <span class='ocrx_word' id='word_1_146' title='bbox 1543 2332 1751 2397; x_wconf 90' lang='lat' dir='ltr'><strong>locum</strong></span> <span class='ocrx_word' id='word_1_147' title='bbox 1793 2332 2072 2398; x_wconf 87' lang='lat' dir='ltr'><strong>Philonis</strong></span> <span class='ocrx_word' id='word_1_148' title='bbox 2109 2334 2155 2396; x_wconf 87' lang='lat' dir='ltr'>J</span> <span class='ocrx_word' id='word_1_149' title='bbox 2162 2332 2326 2397; x_wconf 88' lang='lat' dir='ltr'><strong>udaei</strong></span> <span class='ocrx_word' id='word_1_150' title='bbox 2368 2334 2574 2419; x_wconf 83' lang='lat' dir='ltr'><strong>Legg.</strong></span> <span class='ocrx_word' id='word_1_151' title='bbox 2606 2330 2775 2395; x_wconf 87' lang='lat' dir='ltr'><strong>Alle-</strong></span> 
     </span>
     <span class='ocr_line' id='line_1_20' title="bbox 1068 2434 2779 2526; baseline -0.002 -25"><span class='ocrx_word' id='word_1_152' title='bbox 1068 2460 1239 2526; x_wconf 88' lang='lat' dir='ltr'><strong>gorr.</strong></span> <span class='ocrx_word' id='word_1_153' title='bbox 1269 2436 1381 2500; x_wconf 95' lang='lat' dir='ltr'><strong>lib.</strong></span> <span class='ocrx_word' id='word_1_154' title='bbox 1416 2437 1559 2499; x_wconf 90' lang='lat'><strong>111.</strong></span> <span class='ocrx_word' id='word_1_155' title='bbox 1590 2459 1655 2521; x_wconf 92' lang='lat' dir='ltr'><strong>p.</strong></span> <span class='ocrx_word' id='word_1_156' title='bbox 1691 2451 1794 2519; x_wconf 92' lang='lat'><strong>97.</strong></span> <span class='ocrx_word' id='word_1_157' title='bbox 1830 2434 1975 2500; x_wconf 90' lang='lat' dir='ltr'><strong>infr.</strong></span> <span class='ocrx_word' id='word_1_158' title='bbox 2009 2434 2106 2499; x_wconf 93' lang='lat' dir='ltr'><strong>ed.</strong></span> <span class='ocrx_word' id='word_1_159' title='bbox 2131 2436 2634 2520; x_wconf 75' lang='lat' dir='ltr'><strong>Mang.—r6⁷rov</strong></span> <span class='ocrx_word' id='word_1_160' title='bbox 2662 2437 2779 2516; x_wconf 75' lang='grc' dir='ltr'><strong>γὰρ</strong></span> 
     </span>
     <span class='ocr_line' id='line_1_21' title="bbox 1070 2533 2779 2621; baseline -0.003 -16"><span class='ocrx_word' id='word_1_161' title='bbox 1070 2540 1285 2605; x_wconf 83' lang='grc' dir='ltr'>οὗδένα</span> <span class='ocrx_word' id='word_1_162' title='bbox 1327 2538 1456 2621; x_wconf 82' lang='grc' dir='ltr'>ἔχει</span> <span class='ocrx_word' id='word_1_163' title='bbox 1497 2539 1534 2617; x_wconf 84' lang='grc' dir='ltr'>ἡ</span> <span class='ocrx_word' id='word_1_164' title='bbox 1571 2542 1678 2600; x_wconf 81' lang='grc' dir='ltr'>τοῦ</span> <span class='ocrx_word' id='word_1_165' title='bbox 1720 2540 1960 2620; x_wconf 84' lang='grc' dir='ltr'>φαύλου</span> <span class='ocrx_word' id='word_1_166' title='bbox 2003 2536 2194 2620; x_wconf 76' lang='grc' dir='ltr'>ψυχὴ,</span> <span class='ocrx_word' id='word_1_167' title='bbox 2229 2535 2276 2621; x_wconf 67' lang='grc' dir='ltr'><strong><em>ᾧ</em></strong></span> <span class='ocrx_word' id='word_1_168' title='bbox 2322 2538 2695 2616; x_wconf 79' lang='grc' dir='ltr'>ἐπιβήσεται,</span> <span class='ocrx_word' id='word_1_169' title='bbox 2742 2533 2779 2616; x_wconf 86' lang='grc' dir='ltr'>ἢ</span> 
     </span>
     <span class='ocr_line' id='line_1_22' title="bbox 1072 2638 2780 2726; baseline -0.003 -18"><span class='ocrx_word' id='word_1_170' title='bbox 1072 2641 1168 2726; x_wconf 69' lang='grc' dir='ltr'><strong>ἐφ’</strong></span> <span class='ocrx_word' id='word_1_171' title='bbox 1201 2643 1270 2706; x_wconf 76' lang='grc' dir='ltr'>οὗ</span> <span class='ocrx_word' id='word_1_172' title='bbox 1323 2640 1754 2721; x_wconf 77' lang='grc' dir='ltr'>ἱδρυνθήσεται.</span> <span class='ocrx_word' id='word_1_173' title='bbox 1851 2638 2006 2721; x_wconf 88' lang='grc' dir='ltr'>Παρ’</span> <span class='ocrx_word' id='word_1_174' title='bbox 2049 2638 2083 2701; x_wconf 81' lang='grc' dir='ltr'>ὃ</span> <span class='ocrx_word' id='word_1_175' title='bbox 2136 2639 2230 2702; x_wconf 85' lang='grc' dir='ltr'><strong>καὶ</strong></span> <span class='ocrx_word' id='word_1_176' title='bbox 2273 2640 2491 2705; x_wconf 78' lang='grc' dir='ltr'>ἄτοπος</span> <span class='ocrx_word' id='word_1_177' title='bbox 2534 2638 2780 2721; x_wconf 83' lang='grc' dir='ltr'>λέγεται</span> 
     </span>
     <span class='ocr_line' id='line_1_23' title="bbox 1067 2722 2774 2824; baseline -0.004 -14"><span class='ocrx_word' id='word_1_178' title='bbox 1067 2722 1222 2810; x_wconf 54' lang='grc' dir='ltr'>εἷναι</span> <span class='ocrx_word' id='word_1_179' title='bbox 1267 2746 1300 2806; x_wconf 84' lang='lat'><em>6</em></span> <span class='ocrx_word' id='word_1_180' title='bbox 1346 2747 1596 2824; x_wconf 85' lang='grc' dir='ltr'>φαῦλος·</span> <span class='ocrx_word' id='word_1_181' title='bbox 1644 2743 1871 2805; x_wconf 79' lang='grc' dir='ltr'>ἄτοπον</span> <span class='ocrx_word' id='word_1_182' title='bbox 1922 2741 1991 2804; x_wconf 96' lang='grc' dir='ltr'><strong>δέ</strong></span> <span class='ocrx_word' id='word_1_183' title='bbox 2042 2743 2172 2805; x_wconf 80' lang='grc' dir='ltr'>ἐστι</span> <span class='ocrx_word' id='word_1_184' title='bbox 2221 2741 2419 2814; x_wconf 88' lang='grc' dir='ltr'>κακὸν,</span> <span class='ocrx_word' id='word_1_185' title='bbox 2467 2743 2774 2804; x_wconf 86' lang='grc' dir='ltr'>δύσθετον.</span> 
     </span>
     <span class='ocr_line' id='line_1_24' title="bbox 1064 2842 2777 2921; baseline -0.002 -10"><span class='ocrx_word' id='word_1_186' title='bbox 1064 2849 1349 2911; x_wconf 84' lang='grc' dir='ltr'>Τοιοῦτος</span> <span class='ocrx_word' id='word_1_187' title='bbox 1378 2846 1442 2908; x_wconf 78' lang='grc' dir='ltr'><strong>δὲ</strong></span> <span class='ocrx_word' id='word_1_188' title='bbox 1473 2846 1506 2906; x_wconf 84' lang='grc' dir='ltr'>ὁ</span> <span class='ocrx_word' id='word_1_189' title='bbox 1536 2843 1615 2921; x_wconf 77' lang='grc' dir='ltr'><strong>μὴ</strong></span> <span class='ocrx_word' id='word_1_190' title='bbox 1647 2845 1903 2917; x_wconf 82' lang='grc' dir='ltr'>ἀστεῖος,</span> <span class='ocrx_word' id='word_1_191' title='bbox 1943 2844 2224 2906; x_wconf 79' lang='grc' dir='ltr'>σαλεύων</span> <span class='ocrx_word' id='word_1_192' title='bbox 2254 2842 2349 2905; x_wconf 80' lang='grc' dir='ltr'><strong>καὶ</strong></span> <span class='ocrx_word' id='word_1_193' title='bbox 2381 2844 2777 2920; x_wconf 88' lang='grc' dir='ltr'>κλονούμενος</span> 
     </span>
     <span class='ocr_line' id='line_1_25' title="bbox 1068 2941 2768 3031; baseline -0.002 -20"><span class='ocrx_word' id='word_1_194' title='bbox 1068 2946 1162 3011; x_wconf 82' lang='grc' dir='ltr'>ἀεὶ</span> <span class='ocrx_word' id='word_1_195' title='bbox 1204 2974 1256 3010; x_wconf 90' lang='grc' dir='ltr'><strong>κ.</strong></span> <span class='ocrx_word' id='word_1_196' title='bbox 1280 2971 1331 3008; x_wconf 88' lang='grc' dir='ltr'><strong>τ.</strong></span> <span class='ocrx_word' id='word_1_197' title='bbox 1353 2953 1417 3008; x_wconf 91' lang='grc' dir='ltr'><strong>λ.</strong></span> <span class='ocrx_word' id='word_1_198' title='bbox 1488 2943 1845 3008; x_wconf 88' lang='lat' dir='ltr'><strong>Philostrat.</strong></span> <span class='ocrx_word' id='word_1_199' title='bbox 1895 2944 2021 3009; x_wconf 90' lang='lat' dir='ltr'><strong>Vit.</strong></span> <span class='ocrx_word' id='word_1_200' title='bbox 2068 2941 2391 3031; x_wconf 86' lang='lat' dir='ltr'><strong>Apollonii</strong></span> <span class='ocrx_word' id='word_1_201' title='bbox 2432 2944 2633 3007; x_wconf 93' lang='lat' dir='ltr'><strong>VIII.</strong></span> <span class='ocrx_word' id='word_1_202' title='bbox 2672 2964 2768 3027; x_wconf 91' lang='lat'><strong>19.</strong></span> 
     </span>
     <span class='ocr_line' id='line_1_26' title="bbox 1068 3045 2771 3135; baseline 0 -25"><span class='ocrx_word' id='word_1_203' title='bbox 1068 3071 1131 3135; x_wconf 90' lang='lat' dir='ltr'><strong>p.</strong></span> <span class='ocrx_word' id='word_1_204' title='bbox 1163 3049 1313 3132; x_wconf 86' lang='lat'><strong>362.</strong></span> <span class='ocrx_word' id='word_1_205' title='bbox 1350 3046 1593 3109; x_wconf 79' lang='grc' dir='ltr'>ἀστείου</span> <span class='ocrx_word' id='word_1_206' title='bbox 1621 3047 1686 3109; x_wconf 73' lang='grc' dir='ltr'><strong>δὲ</strong></span> <span class='ocrx_word' id='word_1_207' title='bbox 1727 3045 1938 3128; x_wconf 81' lang='grc' dir='ltr'>ἀνδρὸς</span> <span class='ocrx_word' id='word_1_208' title='bbox 1976 3045 2243 3109; x_wconf 69' lang='grc' dir='ltr'>δέονταιε</span> <span class='ocrx_word' id='word_1_209' title='bbox 2295 3051 2340 3084; x_wconf 88' lang='lat'><strong>“</strong></span> <span class='ocrx_word' id='word_1_210' title='bbox 2364 3047 2582 3131; x_wconf 72' lang='lat' dir='ltr'><strong>proba,</strong></span> <span class='ocrx_word' id='word_1_211' title='bbox 2615 3046 2771 3110; x_wconf 80' lang='lat' dir='ltr'><strong>bono</strong></span> 
     </span>
     <span class='ocr_line' id='line_1_27' title="bbox 1063 3145 2763 3235; baseline 0 -24"><span class='ocrx_word' id='word_1_212' title='bbox 1063 3149 1200 3213; x_wconf 83' lang='lat' dir='ltr'><strong>viro</strong></span> <span class='ocrx_word' id='word_1_213' title='bbox 1228 3171 1391 3235; x_wconf 91' lang='lat' dir='ltr'><strong>opus</strong></span> <span class='ocrx_word' id='word_1_214' title='bbox 1421 3147 1712 3211; x_wconf 55' lang='lat' dir='ltr'><strong>habent?</strong></span> <span class='ocrx_word' id='word_1_215' title='bbox 1758 3146 2050 3212; x_wconf 83' lang='lat' dir='ltr'><strong>Clemens</strong></span> <span class='ocrx_word' id='word_1_216' title='bbox 2078 3145 2256 3210; x_wconf 84' lang='lat' dir='ltr'><strong>Alex.</strong></span> <span class='ocrx_word' id='word_1_217' title='bbox 2294 3148 2587 3211; x_wconf 89' lang='lat' dir='ltr'><strong>Stromat.</strong></span> <span class='ocrx_word' id='word_1_218' title='bbox 2625 3148 2763 3212; x_wconf 93' lang='lat'><strong>111.</strong></span> 
     </span>
     <span class='ocr_line' id='line_1_28' title="bbox 1067 3248 2765 3340; baseline -0.002 -22"><span class='ocrx_word' id='word_1_219' title='bbox 1067 3274 1132 3340; x_wconf 87' lang='lat' dir='ltr'><strong>p.</strong></span> <span class='ocrx_word' id='word_1_220' title='bbox 1163 3269 1310 3336; x_wconf 85' lang='lat'><strong>559.</strong></span> <span class='ocrx_word' id='word_1_221' title='bbox 1348 3249 1615 3314; x_wconf 84' lang='lat' dir='ltr'><strong>Potter.:</strong></span> <span class='ocrx_word' id='word_1_222' title='bbox 1666 3248 1937 3333; x_wconf 89' lang='grc' dir='ltr'>Δένδρον</span> <span class='ocrx_word' id='word_1_223' title='bbox 1971 3253 2088 3333; x_wconf 76' lang='grc' dir='ltr'><strong>γᾶρ</strong></span> <span class='ocrx_word' id='word_1_224' title='bbox 2125 3253 2286 3330; x_wconf 71' lang='grc' dir='ltr'>ζωῆς,</span> <span class='ocrx_word' id='word_1_225' title='bbox 2320 3250 2510 3332; x_wconf 87' lang='grc' dir='ltr'>φησὶν</span> <span class='ocrx_word' id='word_1_226' title='bbox 2538 3252 2571 3313; x_wconf 91' lang='lat'><em>6</em></span> <span class='ocrx_word' id='word_1_227' title='bbox 2601 3256 2765 3333; x_wconf 87' lang='grc' dir='ltr'>Προ-</span> 
     </span>
     <span class='ocr_line' id='line_1_29' title="bbox 1065 3352 2763 3438; baseline -0.001 -18"><span class='ocrx_word' id='word_1_228' title='bbox 1065 3354 1273 3438; x_wconf 83' lang='grc' dir='ltr'>φήτης,</span> <span class='ocrx_word' id='word_1_229' title='bbox 1307 3356 1375 3417; x_wconf 80' lang='grc' dir='ltr'><strong>ἑν</strong></span> <span class='ocrx_word' id='word_1_230' title='bbox 1405 3354 1678 3438; x_wconf 72' lang='grc' dir='ltr'>ἐπιθυμία</span> <span class='ocrx_word' id='word_1_231' title='bbox 1707 3355 1900 3435; x_wconf 82' lang='grc' dir='ltr'>ἀγαθῇ</span> <span class='ocrx_word' id='word_1_232' title='bbox 1940 3355 2188 3435; x_wconf 88' lang='grc' dir='ltr'>γίνεται.</span> <span class='ocrx_word' id='word_1_233' title='bbox 2236 3352 2529 3417; x_wconf 80' lang='grc' dir='ltr'>διδάσκων</span> <span class='ocrx_word' id='word_1_234' title='bbox 2562 3356 2763 3418; x_wconf 86' lang='grc' dir='ltr'>ε’πιθυ-</span> 
     </span>
     <span class='ocr_line' id='line_1_30' title="bbox 1060 3456 2762 3542; baseline -0.002 -21"><span class='ocrx_word' id='word_1_235' title='bbox 1060 3459 1196 3539; x_wconf 85' lang='grc' dir='ltr'>μίας</span> <span class='ocrx_word' id='word_1_236' title='bbox 1235 3457 1507 3522; x_wconf 80' lang='grc' dir='ltr'>ἀστείους</span> <span class='ocrx_word' id='word_1_237' title='bbox 1551 3456 1645 3519; x_wconf 85' lang='grc' dir='ltr'><strong>καὶ</strong></span> <span class='ocrx_word' id='word_1_238' title='bbox 1682 3458 1939 3537; x_wconf 75' lang='grc' dir='ltr'>καθαρᾶς</span> <span class='ocrx_word' id='word_1_239' title='bbox 1981 3459 2088 3523; x_wconf 73' lang='grc' dir='ltr'>τὰς</span> <span class='ocrx_word' id='word_1_240' title='bbox 2126 3458 2194 3520; x_wconf 79' lang='grc' dir='ltr'><strong>ἐν</strong></span> <span class='ocrx_word' id='word_1_241' title='bbox 2231 3460 2311 3540; x_wconf 70' lang='grc' dir='ltr'><strong>τῷ</strong></span> <span class='ocrx_word' id='word_1_242' title='bbox 2355 3462 2525 3531; x_wconf 78' lang='grc' dir='ltr'>ζῶντι</span> <span class='ocrx_word' id='word_1_243' title='bbox 2571 3458 2762 3542; x_wconf 82' lang='grc' dir='ltr'>κυρίῳ.</span> 
     </span>
     <span class='ocr_line' id='line_1_31' title="bbox 1063 3555 2764 3639; baseline -0.002 -15"><span class='ocrx_word' id='word_1_244' title='bbox 1063 3558 1373 3639; x_wconf 76' lang='lat' dir='ltr'><strong>Quocirca</strong></span> <span class='ocrx_word' id='word_1_245' title='bbox 1434 3555 1658 3621; x_wconf 89' lang='lat' dir='ltr'><strong>Plotini</strong></span> <span class='ocrx_word' id='word_1_246' title='bbox 1719 3561 1795 3621; x_wconf 74' lang='grc' dir='ltr'><strong>τὰ</strong></span> <span class='ocrx_word' id='word_1_247' title='bbox 1854 3560 2068 3621; x_wconf 83' lang='grc' dir='ltr'>ἀστεῖα</span> <span class='ocrx_word' id='word_1_248' title='bbox 2115 3564 2234 3621; x_wconf 85' lang='grc' dir='ltr'><strong>τῶν</strong></span> <span class='ocrx_word' id='word_1_249' title='bbox 2296 3563 2504 3622; x_wconf 84' lang='grc' dir='ltr'>παθῶν</span> <span class='ocrx_word' id='word_1_250' title='bbox 2555 3557 2764 3621; x_wconf 88' lang='lat' dir='ltr'><strong>malim</strong></span> 
     </span>
     <span class='ocr_line' id='line_1_32' title="bbox 1063 3659 2765 3748; baseline -0.004 -21"><span class='ocrx_word' id='word_1_251' title='bbox 1063 3662 1260 3727; x_wconf 85' lang='lat' dir='ltr'><strong>verti:</strong></span> <span class='ocrx_word' id='word_1_252' title='bbox 1308 3661 1477 3739; x_wconf 74' lang='lat' dir='ltr'><strong>boni,</strong></span> <span class='ocrx_word' id='word_1_253' title='bbox 1496 3662 1660 3748; x_wconf 73' lang='lat' dir='ltr'><strong>puri</strong></span> <span class='ocrx_word' id='word_1_254' title='bbox 1678 3661 1963 3746; x_wconf 58' lang='lat' dir='ltr'><strong>‹fictu-5.</strong></span> <span class='ocrx_word' id='word_1_255' title='bbox 2054 3659 2333 3747; x_wconf 85' lang='lat' dir='ltr'><strong>Taylor:</strong></span> <span class='ocrx_word' id='word_1_256' title='bbox 2383 3667 2428 3699; x_wconf 90' lang='lat'><strong>“</strong></span> <span class='ocrx_word' id='word_1_257' title='bbox 2452 3660 2511 3722; x_wconf 84' lang='lat' dir='ltr'>T</span> <span class='ocrx_word' id='word_1_258' title='bbox 2513 3659 2594 3722; x_wconf 90' lang='lat' dir='ltr'><strong>he</strong></span> <span class='ocrx_word' id='word_1_259' title='bbox 2623 3681 2765 3746; x_wconf 85' lang='lat' dir='ltr'><strong>pas-</strong></span> 
     </span>
     <span class='ocr_line' id='line_1_33' title="bbox 1059 3761 2767 3848; baseline -0.002 -19"><span class='ocrx_word' id='word_1_260' title='bbox 1059 3765 1223 3829; x_wconf 90' lang='lat' dir='ltr'><strong>sions</strong></span> <span class='ocrx_word' id='word_1_261' title='bbox 1250 3787 1319 3828; x_wconf 89' lang='lat' dir='ltr'><strong>as</strong></span> <span class='ocrx_word' id='word_1_262' title='bbox 1346 3786 1452 3827; x_wconf 89' lang='lat' dir='ltr'><strong>are</strong></span> <span class='ocrx_word' id='word_1_263' title='bbox 1480 3763 1556 3826; x_wconf 85' lang='lat' dir='ltr'><strong>of</strong></span> <span class='ocrx_word' id='word_1_264' title='bbox 1575 3785 1655 3826; x_wconf 88' lang='lat' dir='ltr'><strong>an</strong></span> <span class='ocrx_word' id='word_1_265' title='bbox 1686 3761 1932 3848; x_wconf 77' lang='lat' dir='ltr'><strong>elegant</strong></span> <span class='ocrx_word' id='word_1_266' title='bbox 1968 3763 2249 3842; x_wconf 78' lang='lat' dir='ltr'><strong>nature,”</strong></span> <span class='ocrx_word' id='word_1_267' title='bbox 2278 3784 2425 3848; x_wconf 76' lang='lat' dir='ltr'><strong>quae</strong></span> <span class='ocrx_word' id='word_1_268' title='bbox 2442 3784 2659 3825; x_wconf 82' lang='lat' dir='ltr'><strong>vereor</strong></span> <span class='ocrx_word' id='word_1_269' title='bbox 2688 3785 2767 3826; x_wconf 89' lang='lat' dir='ltr'><strong>ne</strong></span> 
     </span>
     <span class='ocr_line' id='line_1_34' title="bbox 1058 3863 2756 3953; baseline -0.001 -21"><span class='ocrx_word' id='word_1_270' title='bbox 1058 3865 1534 3953; x_wconf 81' lang='lat' dir='ltr'><strong>ambiguitatem</strong></span> <span class='ocrx_word' id='word_1_271' title='bbox 1564 3864 1853 3928; x_wconf 84' lang='lat' dir='ltr'><strong>habeant.</strong></span> <span class='ocrx_word' id='word_1_272' title='bbox 1930 3863 2072 3928; x_wconf 88' lang='lat' dir='ltr'><strong>Alia</strong></span> <span class='ocrx_word' id='word_1_273' title='bbox 2101 3864 2181 3928; x_wconf 92' lang='lat' dir='ltr'><strong>de</strong></span> <span class='ocrx_word' id='word_1_274' title='bbox 2210 3863 2469 3928; x_wconf 84' lang='lat' dir='ltr'><strong>vocibus</strong></span> <span class='ocrx_word' id='word_1_275' title='bbox 2500 3866 2756 3938; x_wconf 81' lang='grc' dir='ltr'>ἀστεῖος,</span> 
     </span>
     <span class='ocr_line' id='line_1_35' title="bbox 1061 3965 2762 4052; baseline -0.002 -18"><span class='ocrx_word' id='word_1_276' title='bbox 1061 3968 1320 4041; x_wconf 76' lang='grc' dir='ltr'>ἀστικὸς,</span> <span class='ocrx_word' id='word_1_277' title='bbox 1374 3967 1718 4046; x_wconf 80' lang='grc' dir='ltr'>ἀστεϊσμὸς,</span> <span class='ocrx_word' id='word_1_278' title='bbox 1771 3965 2147 4042; x_wconf 74' lang='grc' dir='ltr'>ἀστεΐζεσθαι</span> <span class='ocrx_word' id='word_1_279' title='bbox 2199 3989 2404 4052; x_wconf 89' lang='lat' dir='ltr'><strong>nuper</strong></span> <span class='ocrx_word' id='word_1_280' title='bbox 2450 3965 2762 4031; x_wconf 88' lang='lat' dir='ltr'><strong>dederunt</strong></span> 
     </span>
     <span class='ocr_line' id='line_1_36' title="bbox 1060 4068 2762 4155; baseline -0.001 -20"><span class='ocrx_word' id='word_1_281' title='bbox 1060 4069 1429 4135; x_wconf 84' lang='lat' dir='ltr'><strong>Boissonad.</strong></span> <span class='ocrx_word' id='word_1_282' title='bbox 1461 4068 1542 4132; x_wconf 91' lang='lat' dir='ltr'><strong>ad</strong></span> <span class='ocrx_word' id='word_1_283' title='bbox 1577 4069 1945 4132; x_wconf 88' lang='lat' dir='ltr'><strong>Aristaenet.</strong></span> <span class='ocrx_word' id='word_1_284' title='bbox 1989 4091 2053 4155; x_wconf 89' lang='lat' dir='ltr'><strong>p.</strong></span> <span class='ocrx_word' id='word_1_285' title='bbox 2087 4088 2238 4149; x_wconf 87' lang='lat'><strong>441.</strong></span> <span class='ocrx_word' id='word_1_286' title='bbox 2273 4092 2362 4155; x_wconf 88' lang='lat' dir='ltr'><strong>sq.</strong></span> <span class='ocrx_word' id='word_1_287' title='bbox 2407 4085 2469 4134; x_wconf 88' lang='lat' dir='ltr'><strong>et</strong></span> <span class='ocrx_word' id='word_1_288' title='bbox 2513 4069 2595 4133; x_wconf 91' lang='lat' dir='ltr'><strong>ad</strong></span> <span class='ocrx_word' id='word_1_289' title='bbox 2628 4071 2762 4135; x_wconf 91' lang='lat' dir='ltr'><strong>Eu-</strong></span> 
     </span>
     <span class='ocr_line' id='line_1_37' title="bbox 1057 4169 2759 4260; baseline 0 -25"><span class='ocrx_word' id='word_1_290' title='bbox 1057 4194 1205 4259; x_wconf 90' lang='lat' dir='ltr'><strong>nap.</strong></span> <span class='ocrx_word' id='word_1_291' title='bbox 1235 4193 1297 4258; x_wconf 91' lang='lat' dir='ltr'><strong>p.</strong></span> <span class='ocrx_word' id='word_1_292' title='bbox 1330 4190 1477 4250; x_wconf 93' lang='lat'><strong>404.</strong></span> <span class='ocrx_word' id='word_1_293' title='bbox 1509 4184 1572 4233; x_wconf 90' lang='lat' dir='ltr'><strong>et</strong></span> <span class='ocrx_word' id='word_1_294' title='bbox 1601 4169 1856 4234; x_wconf 84' lang='lat' dir='ltr'><strong>Jacobs.</strong></span> <span class='ocrx_word' id='word_1_295' title='bbox 1891 4170 1975 4234; x_wconf 97' lang='lat' dir='ltr'><strong>ad</strong></span> <span class='ocrx_word' id='word_1_296' title='bbox 2020 4169 2374 4236; x_wconf 78' lang='lat' dir='ltr'><strong>Philostrati</strong></span> <span class='ocrx_word' id='word_1_297' title='bbox 2412 4174 2662 4260; x_wconf 89' lang='lat' dir='ltr'><strong>Imagg.</strong></span> <span class='ocrx_word' id='word_1_298' title='bbox 2695 4195 2759 4259; x_wconf 90' lang='lat' dir='ltr'><strong>p.</strong></span> 
     </span>
     <span class='ocr_line' id='line_1_38' title="bbox 1055 4271 2758 4362; baseline -0.001 -24"><span class='ocrx_word' id='word_1_299' title='bbox 1055 4275 1210 4362; x_wconf 86' lang='lat'><strong>376.</strong></span> <span class='ocrx_word' id='word_1_300' title='bbox 1277 4272 1385 4337; x_wconf 86' lang='lat' dir='ltr'><strong>Cf.</strong></span> <span class='ocrx_word' id='word_1_301' title='bbox 1446 4271 1630 4336; x_wconf 90' lang='lat' dir='ltr'><strong>etiam</strong></span> <span class='ocrx_word' id='word_1_302' title='bbox 1693 4272 2087 4336; x_wconf 90' lang='lat' dir='ltr'><strong>Menandrea</strong></span> <span class='ocrx_word' id='word_1_303' title='bbox 2145 4272 2486 4338; x_wconf 87' lang='lat' dir='ltr'><strong>Meineekii</strong></span> <span class='ocrx_word' id='word_1_304' title='bbox 2544 4298 2611 4361; x_wconf 92' lang='lat' dir='ltr'><strong>p.</strong></span> <span class='ocrx_word' id='word_1_305' title='bbox 2657 4293 2758 4359; x_wconf 84' lang='lat'><strong>97.</strong></span> 
     </span>
     <span class='ocr_line' id='line_1_39' title="bbox 1065 4378 2758 4470; baseline -0.001 -22"><span class='ocrx_word' id='word_1_306' title='bbox 1065 4399 1209 4470; x_wconf 86' lang='lat'><strong>157.</strong></span> <span class='ocrx_word' id='word_1_307' title='bbox 1244 4396 1386 4466; x_wconf 83' lang='lat'><strong>205.</strong></span> <span class='ocrx_word' id='word_1_308' title='bbox 1423 4397 1567 4463; x_wconf 85' lang='lat'><strong>271.</strong></span> <span class='ocrx_word' id='word_1_309' title='bbox 1663 4382 1745 4444; x_wconf 90' lang='lat' dir='ltr'><strong>In</strong></span> <span class='ocrx_word' id='word_1_310' title='bbox 1776 4378 2155 4468; x_wconf 86' lang='lat' dir='ltr'><strong>Alciphrone</strong></span> <span class='ocrx_word' id='word_1_311' title='bbox 2193 4380 2433 4468; x_wconf 85' lang='lat' dir='ltr'><strong>(Epist.</strong></span> <span class='ocrx_word' id='word_1_312' title='bbox 2469 4384 2567 4446; x_wconf 91' lang='lat'><strong>11.</strong></span> <span class='ocrx_word' id='word_1_313' title='bbox 2598 4405 2659 4463; x_wconf 90' lang='lat'><strong>4.</strong></span> <span class='ocrx_word' id='word_1_314' title='bbox 2692 4406 2758 4470; x_wconf 89' lang='lat' dir='ltr'><strong>p.</strong></span> 
     </span>
     <span class='ocr_line' id='line_1_40' title="bbox 1056 4481 2762 4573; baseline 0 -23"><span class='ocrx_word' id='word_1_315' title='bbox 1056 4503 1209 4573; x_wconf 85' lang='lat'><strong>325.</strong></span> <span class='ocrx_word' id='word_1_316' title='bbox 1242 4482 1582 4569; x_wconf 88' lang='lat' dir='ltr'><strong>Wagneri)</strong></span> <span class='ocrx_word' id='word_1_317' title='bbox 1618 4483 1777 4546; x_wconf 89' lang='lat' dir='ltr'><strong>cod.</strong></span> <span class='ocrx_word' id='word_1_318' title='bbox 1812 4481 2006 4547; x_wconf 89' lang='lat' dir='ltr'><strong>Palat.</strong></span> <span class='ocrx_word' id='word_1_319' title='bbox 2051 4483 2459 4571; x_wconf 82' lang='lat' dir='ltr'><strong>Heidelberg.</strong></span> <span class='ocrx_word' id='word_1_320' title='bbox 2496 4487 2579 4548; x_wconf 94' lang='lat' dir='ltr'><strong>N.</strong></span> <span class='ocrx_word' id='word_1_321' title='bbox 2616 4505 2762 4570; x_wconf 84' lang='lat'><strong>132.</strong></span> 
     </span>
     <span class='ocr_line' id='line_1_41' title="bbox 1056 4586 2765 4671; baseline -0.001 -19"><span class='ocrx_word' id='word_1_322' title='bbox 1056 4587 1282 4652; x_wconf 88' lang='lat' dir='ltr'><strong>retinet</strong></span> <span class='ocrx_word' id='word_1_323' title='bbox 1306 4588 1668 4665; x_wconf 83' lang='grc' dir='ltr'>ἀττικισμοῖς</span> <span class='ocrx_word' id='word_1_324' title='bbox 1692 4607 1809 4671; x_wconf 89' lang='lat' dir='ltr'><strong>pro</strong></span> <span class='ocrx_word' id='word_1_325' title='bbox 1840 4588 2202 4665; x_wconf 77' lang='grc' dir='ltr'>ἀστεϊσμοῖς.</span> <span class='ocrx_word' id='word_1_326' title='bbox 2237 4586 2410 4671; x_wconf 92' lang='lat' dir='ltr'><strong>quod</strong></span> <span class='ocrx_word' id='word_1_327' title='bbox 2438 4588 2765 4651; x_wconf 87' lang='lat' dir='ltr'><strong>Hemster-</strong></span> 
     </span>
     <span class='ocr_line' id='line_1_42' title="bbox 1057 4687 2764 4777; baseline -0.001 -23"><span class='ocrx_word' id='word_1_328' title='bbox 1057 4689 1223 4755; x_wconf 91' lang='lat' dir='ltr'><strong>husii</strong></span> <span class='ocrx_word' id='word_1_329' title='bbox 1252 4703 1315 4753; x_wconf 92' lang='lat' dir='ltr'><strong>et</strong></span> <span class='ocrx_word' id='word_1_330' title='bbox 1343 4687 1712 4752; x_wconf 88' lang='lat' dir='ltr'><strong>Ruhnkenii</strong></span> <span class='ocrx_word' id='word_1_331' title='bbox 1741 4687 2113 4752; x_wconf 89' lang='lat' dir='ltr'><strong>auctoritate</strong></span> <span class='ocrx_word' id='word_1_332' title='bbox 2135 4688 2531 4777; x_wconf 69' lang='lat' dir='ltr'><strong>nuperi-imus</strong></span> <span class='ocrx_word' id='word_1_333' title='bbox 2561 4690 2764 4753; x_wconf 84' lang='lat' dir='ltr'><strong>editor</strong></span> 
     </span>
     <span class='ocr_line' id='line_1_43' title="bbox 1060 4788 1743 4856; baseline -0.007 1"><span class='ocrx_word' id='word_1_334' title='bbox 1060 4793 1124 4856; x_wconf 91' lang='lat' dir='ltr'><strong>in</strong></span> <span class='ocrx_word' id='word_1_335' title='bbox 1156 4790 1437 4856; x_wconf 86' lang='lat' dir='ltr'><strong>ordinem</strong></span> <span class='ocrx_word' id='word_1_336' title='bbox 1471 4788 1743 4853; x_wconf 85' lang='lat' dir='ltr'><strong>reduxit.</strong></span> 
     </span>
    </p>

    <p class='ocr_par' dir='ltr' id='par_1_7' title="bbox 1061 4891 2767 5597">
     <span class='ocr_line' id='line_1_44' title="bbox 1145 4891 2765 4982; baseline -0.002 -23"><span class='ocrx_word' id='word_1_337' title='bbox 1145 4918 1212 4982; x_wconf 89' lang='lat' dir='ltr'><strong>p.</strong></span> <span class='ocrx_word' id='word_1_338' title='bbox 1248 4911 1396 4979; x_wconf 89' lang='lat'><strong><em>737,</em></strong></span> <span class='ocrx_word' id='word_1_339' title='bbox 1431 4909 1490 4975; x_wconf 93' lang='lat'><strong>7.</strong></span> <span class='ocrx_word' id='word_1_340' title='bbox 1534 4891 1708 4956; x_wconf 79' lang='grc' dir='ltr'>Ἐπεὶ</span> <span class='ocrx_word' id='word_1_341' title='bbox 1755 4892 1849 4956; x_wconf 87' lang='grc' dir='ltr'><strong>καὶ</strong></span> <span class='ocrx_word' id='word_1_342' title='bbox 1901 4893 2113 4974; x_wconf 78' lang='grc' dir='ltr'>φεύγει</span> <span class='ocrx_word' id='word_1_343' title='bbox 2156 4893 2223 4956; x_wconf 76' lang='grc' dir='ltr'><strong>ἐκ</strong></span> <span class='ocrx_word' id='word_1_344' title='bbox 2268 4898 2385 4956; x_wconf 82' lang='grc' dir='ltr'><strong>τῶν</strong></span> <span class='ocrx_word' id='word_1_345' title='bbox 2428 4898 2765 4956; x_wconf 83' lang='grc' dir='ltr'>πολλῶν-</span> 
     </span>
     <span class='ocr_line' id='line_1_45' title="bbox 1061 4993 2760 5078; baseline -0.004 -15"><span class='ocrx_word' id='word_1_346' title='bbox 1061 5001 1211 5065; x_wconf 79' lang='grc' dir='ltr'>οὖτω</span> <span class='ocrx_word' id='word_1_347' title='bbox 1241 4999 1358 5078; x_wconf 75' lang='grc' dir='ltr'><strong>γὰρ</strong></span> <span class='ocrx_word' id='word_1_348' title='bbox 1390 4995 1485 5059; x_wconf 82' lang='grc' dir='ltr'><strong>καὶ</strong></span> <span class='ocrx_word' id='word_1_349' title='bbox 1514 4996 1582 5058; x_wconf 81' lang='grc' dir='ltr'>οὗ</span> <span class='ocrx_word' id='word_1_350' title='bbox 1609 4998 1759 5074; x_wconf 74' lang='grc' dir='ltr'>μετὰ</span> <span class='ocrx_word' id='word_1_351' title='bbox 1797 4999 2068 5067; x_wconf 80' lang='grc' dir='ltr'>πολλῶν,</span> <span class='ocrx_word' id='word_1_352' title='bbox 2101 4996 2264 5058; x_wconf 82' lang='grc' dir='ltr'><strong>ἀλλά</strong></span> <span class='ocrx_word' id='word_1_353' title='bbox 2295 4996 2534 5075; x_wconf 79' lang='grc' dir='ltr'>ἐλαφρὰ</span> <span class='ocrx_word' id='word_1_354' title='bbox 2565 4995 2661 5057; x_wconf 87' lang='grc' dir='ltr'><strong>καὶ</strong></span> <span class='ocrx_word' id='word_1_355' title='bbox 2690 4993 2760 5058; x_wconf 87' lang='grc' dir='ltr'>δι’</span> 
     </span>
     <span class='ocr_line' id='line_1_46' title="bbox 1061 5094 2765 5184; baseline -0.002 -22"><span class='ocrx_word' id='word_1_356' title='bbox 1061 5101 1284 5184; x_wconf 79' lang='grc' dir='ltr'>αὖτῆς.]</span> <span class='ocrx_word' id='word_1_357' title='bbox 1338 5098 1498 5161; x_wconf 82' lang='lat' dir='ltr'><strong>Hoec</strong></span> <span class='ocrx_word' id='word_1_358' title='bbox 1543 5113 1824 5160; x_wconf 84' lang='lat' dir='ltr'><strong>extrema</strong></span> <span class='ocrx_word' id='word_1_359' title='bbox 1872 5095 2191 5182; x_wconf 90' lang='lat' dir='ltr'><strong>quomodo</strong></span> <span class='ocrx_word' id='word_1_360' title='bbox 2237 5094 2561 5159; x_wconf 89' lang='lat' dir='ltr'><strong>Marsilius</strong></span> <span class='ocrx_word' id='word_1_361' title='bbox 2608 5094 2765 5159; x_wconf 90' lang='lat' dir='ltr'><strong>dila-</strong></span> 
     </span>
     <span class='ocr_line' id='line_1_47' title="bbox 1065 5197 2765 5285; baseline -0.004 -17"><span class='ocrx_word' id='word_1_362' title='bbox 1065 5200 1312 5277; x_wconf 84' lang='lat' dir='ltr'><strong>taverit,</strong></span> <span class='ocrx_word' id='word_1_363' title='bbox 1359 5197 1570 5285; x_wconf 88' lang='lat' dir='ltr'><strong>arguit</strong></span> <span class='ocrx_word' id='word_1_364' title='bbox 1612 5199 1749 5285; x_wconf 88' lang='lat' dir='ltr'><strong>ejus</strong></span> <span class='ocrx_word' id='word_1_365' title='bbox 1777 5198 2000 5263; x_wconf 80' lang='lat' dir='ltr'><strong>versio.</strong></span> <span class='ocrx_word' id='word_1_366' title='bbox 2095 5198 2338 5284; x_wconf 89' lang='lat' dir='ltr'><strong>Taylor</strong></span> <span class='ocrx_word' id='word_1_367' title='bbox 2386 5197 2506 5262; x_wconf 89' lang='lat' dir='ltr'><strong>ita:</strong></span> <span class='ocrx_word' id='word_1_368' title='bbox 2557 5203 2604 5237; x_wconf 89' lang='lat'><strong>“</strong></span> <span class='ocrx_word' id='word_1_369' title='bbox 2633 5199 2765 5262; x_wconf 91' lang='lat' dir='ltr'><strong>For</strong></span> 
     </span>
     <span class='ocr_line' id='line_1_48' title="bbox 1061 5299 2766 5379; baseline -0.002 -9"><span class='ocrx_word' id='word_1_370' title='bbox 1061 5306 1210 5370; x_wconf 89' lang='lat' dir='ltr'><strong>thus</strong></span> <span class='ocrx_word' id='word_1_371' title='bbox 1230 5303 1282 5367; x_wconf 92' lang='lat' dir='ltr'><strong>it</strong></span> <span class='ocrx_word' id='word_1_372' title='bbox 1311 5300 1429 5364; x_wconf 84' lang='lat' dir='ltr'><strong>will</strong></span> <span class='ocrx_word' id='word_1_373' title='bbox 1463 5316 1573 5364; x_wconf 87' lang='lat' dir='ltr'><strong>not</strong></span> <span class='ocrx_word' id='word_1_374' title='bbox 1600 5299 1896 5364; x_wconf 88' lang='lat' dir='ltr'><strong>associate</strong></span> <span class='ocrx_word' id='word_1_375' title='bbox 1927 5299 2073 5363; x_wconf 82' lang='lat' dir='ltr'><strong>with</strong></span> <span class='ocrx_word' id='word_1_376' title='bbox 2108 5300 2467 5379; x_wconf 83' lang='lat' dir='ltr'><strong>multitude,</strong></span> <span class='ocrx_word' id='word_1_377' title='bbox 2505 5300 2626 5365; x_wconf 88' lang='lat' dir='ltr'><strong>but</strong></span> <span class='ocrx_word' id='word_1_378' title='bbox 2655 5325 2766 5366; x_wconf 87' lang='lat' dir='ltr'><strong>ex-</strong></span> 
     </span>
     <span class='ocr_line' id='line_1_49' title="bbox 1063 5400 2767 5494; baseline 0 -25"><span class='ocrx_word' id='word_1_379' title='bbox 1063 5404 1301 5494; x_wconf 86' lang='lat' dir='ltr'><strong>pelling</strong></span> <span class='ocrx_word' id='word_1_380' title='bbox 1321 5404 1371 5467; x_wconf 91' lang='lat' dir='ltr'><strong>it</strong></span> <span class='ocrx_word' id='word_1_381' title='bbox 1401 5402 1521 5466; x_wconf 85' lang='lat' dir='ltr'><strong>will</strong></span> <span class='ocrx_word' id='word_1_382' title='bbox 1553 5402 1676 5466; x_wconf 88' lang='lat' dir='ltr'><strong>live</strong></span> <span class='ocrx_word' id='word_1_383' title='bbox 1706 5402 1791 5489; x_wconf 88' lang='lat' dir='ltr'><strong>by</strong></span> <span class='ocrx_word' id='word_1_384' title='bbox 1822 5400 2042 5466; x_wconf 87' lang='lat' dir='ltr'><strong>itself.&#39;’</strong></span> <span class='ocrx_word' id='word_1_385' title='bbox 2132 5404 2224 5467; x_wconf 90' lang='lat' dir='ltr'><strong>Et</strong></span> <span class='ocrx_word' id='word_1_386' title='bbox 2254 5426 2469 5467; x_wconf 86' lang='lat' dir='ltr'><strong>vereor</strong></span> <span class='ocrx_word' id='word_1_387' title='bbox 2499 5418 2572 5466; x_wconf 90' lang='lat' dir='ltr'><strong>ut</strong></span> <span class='ocrx_word' id='word_1_388' title='bbox 2599 5419 2767 5469; x_wconf 84' lang='lat' dir='ltr'><strong>recte</strong></span> 
     </span>
     <span class='ocr_line' id='line_1_50' title="bbox 1068 5503 2766 5597; baseline -0.002 -25"><span class='ocrx_word' id='word_1_389' title='bbox 1068 5503 1372 5597; x_wconf 56' lang='lat' dir='ltr'><strong>acceperit</strong></span> <span class='ocrx_word' id='word_1_390' title='bbox 1399 5504 1556 5569; x_wconf 88' lang='lat' dir='ltr'><strong>illud</strong></span> <span class='ocrx_word' id='word_1_391' title='bbox 1590 5507 1829 5590; x_wconf 70' lang='grc' dir='ltr'>ἐλαφρὰ</span> <span class='ocrx_word' id='word_1_392' title='bbox 1856 5504 2135 5571; x_wconf 88' lang='lat' dir='ltr'><strong>Ficinus.</strong></span> <span class='ocrx_word' id='word_1_393' title='bbox 2209 5508 2509 5595; x_wconf 89' lang='lat' dir='ltr'><strong>Synesius</strong></span> <span class='ocrx_word' id='word_1_394' title='bbox 2543 5505 2624 5571; x_wconf 91' lang='lat' dir='ltr'><strong>de</strong></span> <span class='ocrx_word' id='word_1_395' title='bbox 2657 5509 2766 5571; x_wconf 92' lang='lat' dir='ltr'><strong>In-</strong></span> 
     </span>
    </p>
   </div>
   <div class='ocr_carea' id='block_1_7' title="bbox 2847 797 4576 4060">
    <p class='ocr_par' dir='ltr' id='par_1_8' title="bbox 2863 797 4576 2414">
     <span class='ocr_line' id='line_1_51' title="bbox 2878 797 4573 881; baseline 0 -19"><span class='ocrx_word' id='word_1_396' title='bbox 2878 803 3044 863; x_wconf 85' lang='grc' dir='ltr'>θεται</span> <span class='ocrx_word' id='word_1_397' title='bbox 3072 801 3448 880; x_wconf 74' lang='grc' dir='ltr'>παρασκευὰς</span> <span class='ocrx_word' id='word_1_398' title='bbox 3471 797 3622 862; x_wconf 81' lang='grc' dir='ltr'>εἶναι</span> <span class='ocrx_word' id='word_1_399' title='bbox 3650 797 3939 880; x_wconf 79' lang='grc' dir='ltr'>δευτέρων</span> <span class='ocrx_word' id='word_1_400' title='bbox 3959 799 4115 877; x_wconf 85' lang='grc' dir='ltr'>βίων</span> <span class='ocrx_word' id='word_1_401' title='bbox 4132 799 4269 865; x_wconf 83' lang='grc' dir='ltr'>τοὺς</span> <span class='ocrx_word' id='word_1_402' title='bbox 4290 801 4573 881; x_wconf 72' lang='grc' dir='ltr'>πρώτους,</span> 
     </span>
     <span class='ocr_line' id='line_1_52' title="bbox 2875 901 4573 983; baseline -0.002 -15"><span class='ocrx_word' id='word_1_403' title='bbox 2875 905 2978 979; x_wconf 80' lang='grc' dir='ltr'>τῆς</span> <span class='ocrx_word' id='word_1_404' title='bbox 3003 904 3245 983; x_wconf 82' lang='grc' dir='ltr'>ἀρίστης</span> <span class='ocrx_word' id='word_1_405' title='bbox 3274 902 3449 979; x_wconf 75' lang='grc' dir='ltr'>ἕξεως</span> <span class='ocrx_word' id='word_1_406' title='bbox 3477 904 3545 964; x_wconf 74' lang='grc' dir='ltr'><strong>ἐν</strong></span> <span class='ocrx_word' id='word_1_407' title='bbox 3571 906 3799 983; x_wconf 83' lang='grc' dir='ltr'>ψυχαῖς</span> <span class='ocrx_word' id='word_1_408' title='bbox 3826 902 4277 981; x_wconf 73' lang='grc' dir='ltr'>ἑλαφριζούσης,</span> <span class='ocrx_word' id='word_1_409' title='bbox 4299 901 4443 965; x_wconf 69' lang='grc' dir='ltr'>αὐτὸ</span> <span class='ocrx_word' id='word_1_410' title='bbox 4474 901 4573 982; x_wconf 80' lang='grc' dir='ltr'><strong>(τὸ</strong></span> 
     </span>
     <span class='ocr_line' id='line_1_53' title="bbox 2875 1002 4575 1086; baseline 0.001 -19"><span class='ocrx_word' id='word_1_411' title='bbox 2875 1008 3107 1082; x_wconf 86' lang='grc' dir='ltr'>πνεῦμα</span> <span class='ocrx_word' id='word_1_412' title='bbox 3144 1002 3212 1066; x_wconf 87' lang='grc' dir='ltr'><strong>τὸ</strong></span> <span class='ocrx_word' id='word_1_413' title='bbox 3258 1002 3550 1086; x_wconf 81' lang='grc' dir='ltr'>ψυχικὸν)</span> <span class='ocrx_word' id='word_1_414' title='bbox 3598 1004 3693 1066; x_wconf 85' lang='grc' dir='ltr'><strong>καὶ</strong></span> <span class='ocrx_word' id='word_1_415' title='bbox 3734 1002 4327 1084; x_wconf 77' lang='grc' dir='ltr'>ἑναπομοργνυμένης</span> <span class='ocrx_word' id='word_1_416' title='bbox 4365 1008 4575 1084; x_wconf 78' lang='grc' dir='ltr'>κηλῖδα</span> 
     </span>
     <span class='ocr_line' id='line_1_54' title="bbox 2871 1103 4576 1190; baseline -0.001 -18"><span class='ocrx_word' id='word_1_417' title='bbox 2871 1110 2972 1185; x_wconf 86' lang='grc' dir='ltr'>τῆς</span> <span class='ocrx_word' id='word_1_418' title='bbox 2999 1108 3309 1189; x_wconf 74' lang='grc' dir='ltr'>χείρονοςε</span> <span class='ocrx_word' id='word_1_419' title='bbox 3360 1112 3405 1144; x_wconf 88' lang='grc'>“</span> <span class='ocrx_word' id='word_1_420' title='bbox 3436 1128 3577 1169; x_wconf 91' lang='lat' dir='ltr'><strong>cum</strong></span> <span class='ocrx_word' id='word_1_421' title='bbox 3618 1104 3846 1168; x_wconf 87' lang='lat' dir='ltr'><strong>scilicet</strong></span> <span class='ocrx_word' id='word_1_422' title='bbox 3881 1103 4158 1190; x_wconf 89' lang='lat' dir='ltr'><strong>optimus</strong></span> <span class='ocrx_word' id='word_1_423' title='bbox 4200 1103 4427 1169; x_wconf 85' lang='lat' dir='ltr'><strong>animae</strong></span> <span class='ocrx_word' id='word_1_424' title='bbox 4468 1104 4576 1170; x_wconf 78' lang='lat' dir='ltr'><strong>ha-</strong></span> 
     </span>
     <span class='ocr_line' id='line_1_55' title="bbox 2871 1206 4574 1294; baseline 0 -22"><span class='ocrx_word' id='word_1_425' title='bbox 2871 1208 3041 1272; x_wconf 87' lang='lat' dir='ltr'><strong>bitus</strong></span> <span class='ocrx_word' id='word_1_426' title='bbox 3088 1208 3404 1294; x_wconf 86' lang='lat' dir='ltr'><strong>(spiritum</strong></span> <span class='ocrx_word' id='word_1_427' title='bbox 3456 1206 3817 1291; x_wconf 80' lang='lat' dir='ltr'><strong>animalem)</strong></span> <span class='ocrx_word' id='word_1_428' title='bbox 3871 1206 4255 1271; x_wconf 80' lang='lat' dir='ltr'><strong>subtiliorem</strong></span> <span class='ocrx_word' id='word_1_429' title='bbox 4310 1207 4574 1272; x_wconf 81' lang='lat' dir='ltr'><strong>reddit.”</strong></span> 
     </span>
     <span class='ocr_line' id='line_1_56' title="bbox 2873 1308 4572 1396; baseline 0 -23"><span class='ocrx_word' id='word_1_430' title='bbox 2873 1312 2994 1373; x_wconf 90' lang='lat' dir='ltr'><strong>Est</strong></span> <span class='ocrx_word' id='word_1_431' title='bbox 3049 1325 3257 1373; x_wconf 90' lang='lat' dir='ltr'><strong>autem</strong></span> <span class='ocrx_word' id='word_1_432' title='bbox 3324 1308 3566 1396; x_wconf 87' lang='lat' dir='ltr'><strong>Synesii</strong></span> <span class='ocrx_word' id='word_1_433' title='bbox 3610 1309 3953 1396; x_wconf 88' lang='lat' dir='ltr'><strong>disputatio</strong></span> <span class='ocrx_word' id='word_1_434' title='bbox 3990 1308 4139 1373; x_wconf 90' lang='lat' dir='ltr'><strong>inde</strong></span> <span class='ocrx_word' id='word_1_435' title='bbox 4180 1332 4219 1372; x_wconf 89' lang='lat' dir='ltr'><strong>a</strong></span> <span class='ocrx_word' id='word_1_436' title='bbox 4261 1332 4330 1396; x_wconf 90' lang='lat' dir='ltr'><strong>p.</strong></span> <span class='ocrx_word' id='word_1_437' title='bbox 4361 1325 4572 1395; x_wconf 84' lang='lat'><strong>135—</strong></span> 
     </span>
     <span class='ocr_line' id='line_1_57' title="bbox 2885 1411 4569 1498; baseline 0 -22"><span class='ocrx_word' id='word_1_438' title='bbox 2885 1431 3021 1492; x_wconf 83' lang='grc'>142.</span> <span class='ocrx_word' id='word_1_439' title='bbox 3051 1411 3306 1474; x_wconf 84' lang='lat' dir='ltr'><strong>omnino</strong></span> <span class='ocrx_word' id='word_1_440' title='bbox 3334 1435 3475 1474; x_wconf 85' lang='lat' dir='ltr'><strong>cum</strong></span> <span class='ocrx_word' id='word_1_441' title='bbox 3523 1411 3870 1475; x_wconf 82' lang='lat' dir='ltr'><strong>Plotiniana</strong></span> <span class='ocrx_word' id='word_1_442' title='bbox 3899 1411 4338 1498; x_wconf 89' lang='lat' dir='ltr'><strong>comparanda.</strong></span> <span class='ocrx_word' id='word_1_443' title='bbox 4420 1413 4569 1476; x_wconf 86' lang='lat' dir='ltr'><strong>Pro·</strong></span> 
     </span>
     <span class='ocr_line' id='line_1_58' title="bbox 2872 1513 4571 1601; baseline 0 -24"><span class='ocrx_word' id='word_1_444' title='bbox 2872 1514 3016 1577; x_wconf 87' lang='lat' dir='ltr'><strong>inde</strong></span> <span class='ocrx_word' id='word_1_445' title='bbox 3046 1514 3151 1577; x_wconf 87' lang='lat' dir='ltr'><strong>illa</strong></span> <span class='ocrx_word' id='word_1_446' title='bbox 3172 1514 3401 1578; x_wconf 89' lang='lat' dir='ltr'><strong>Plotini</strong></span> <span class='ocrx_word' id='word_1_447' title='bbox 3428 1515 3618 1578; x_wconf 86' lang='lat' dir='ltr'><strong>verba</strong></span> <span class='ocrx_word' id='word_1_448' title='bbox 3648 1514 3734 1578; x_wconf 90' lang='lat' dir='ltr'><strong>ita</strong></span> <span class='ocrx_word' id='word_1_449' title='bbox 3763 1513 4051 1578; x_wconf 86' lang='lat' dir='ltr'><strong>verterim</strong></span> <span class='ocrx_word' id='word_1_450' title='bbox 4079 1539 4094 1578; x_wconf 76' lang='grc' dir='ltr'>ε</span> <span class='ocrx_word' id='word_1_451' title='bbox 4148 1522 4191 1553; x_wconf 92' lang='lat'><strong>“</strong></span> <span class='ocrx_word' id='word_1_452' title='bbox 4212 1515 4359 1578; x_wconf 91' lang='lat' dir='ltr'><strong>Hoc</strong></span> <span class='ocrx_word' id='word_1_453' title='bbox 4386 1527 4571 1601; x_wconf 90' lang='lat' dir='ltr'><strong>pacto</strong></span> 
     </span>
     <span class='ocr_line' id='line_1_59' title="bbox 2869 1615 4567 1700; baseline 0.001 -21"><span class='ocrx_word' id='word_1_454' title='bbox 2869 1617 3031 1680; x_wconf 88' lang='lat' dir='ltr'><strong>enim</strong></span> <span class='ocrx_word' id='word_1_455' title='bbox 3083 1639 3203 1680; x_wconf 84' lang='lat' dir='ltr'><strong>non</strong></span> <span class='ocrx_word' id='word_1_456' title='bbox 3253 1633 3345 1680; x_wconf 91' lang='lat' dir='ltr'><strong>est</strong></span> <span class='ocrx_word' id='word_1_457' title='bbox 3392 1618 3575 1681; x_wconf 87' lang='lat' dir='ltr'><strong>etiam</strong></span> <span class='ocrx_word' id='word_1_458' title='bbox 3632 1616 3899 1700; x_wconf 86' lang='lat' dir='ltr'><strong>(anima)</strong></span> <span class='ocrx_word' id='word_1_459' title='bbox 3951 1640 4094 1680; x_wconf 88' lang='lat' dir='ltr'><strong>cum</strong></span> <span class='ocrx_word' id='word_1_460' title='bbox 4156 1616 4409 1691; x_wconf 86' lang='lat' dir='ltr'><strong>multis;</strong></span> <span class='ocrx_word' id='word_1_461' title='bbox 4458 1615 4567 1680; x_wconf 84' lang='lat' dir='ltr'><strong>sed</strong></span> 
     </span>
     <span class='ocr_line' id='line_1_60' title="bbox 2868 1717 4569 1807; baseline 0 -24"><span class='ocrx_word' id='word_1_462' title='bbox 2868 1721 3139 1784; x_wconf 77' lang='lat' dir='ltr'><strong>allevata</strong></span> <span class='ocrx_word' id='word_1_463' title='bbox 3168 1734 3231 1784; x_wconf 91' lang='lat' dir='ltr'><strong>et</strong></span> <span class='ocrx_word' id='word_1_464' title='bbox 3258 1743 3374 1807; x_wconf 91' lang='lat' dir='ltr'><strong>per</strong></span> <span class='ocrx_word' id='word_1_465' title='bbox 3413 1743 3478 1784; x_wconf 86' lang='lat' dir='ltr'><strong>se</strong></span> <span class='ocrx_word' id='word_1_466' title='bbox 3520 1718 3706 1802; x_wconf 89' lang='lat' dir='ltr'><strong>(sola)</strong></span> <span class='ocrx_word' id='word_1_467' title='bbox 3719 1720 3771 1783; x_wconf 84' lang='lat'><strong>.”</strong></span> <span class='ocrx_word' id='word_1_468' title='bbox 3862 1718 4130 1806; x_wconf 88' lang='lat' dir='ltr'><strong>Copiose</strong></span> <span class='ocrx_word' id='word_1_469' title='bbox 4172 1717 4569 1805; x_wconf 84' lang='lat' dir='ltr'><strong>persequitur</strong></span> 
     </span>
     <span class='ocr_line' id='line_1_61' title="bbox 2870 1820 4568 1909; baseline -0.001 -23"><span class='ocrx_word' id='word_1_470' title='bbox 2870 1823 2986 1887; x_wconf 90' lang='lat' dir='ltr'><strong>hoc</strong></span> <span class='ocrx_word' id='word_1_471' title='bbox 3013 1837 3453 1909; x_wconf 86' lang='lat' dir='ltr'><strong>argumentum</strong></span> <span class='ocrx_word' id='word_1_472' title='bbox 3508 1820 3765 1885; x_wconf 89' lang='lat' dir='ltr'><strong>Proclus</strong></span> <span class='ocrx_word' id='word_1_473' title='bbox 3800 1821 3862 1885; x_wconf 91' lang='lat' dir='ltr'><strong>in</strong></span> <span class='ocrx_word' id='word_1_474' title='bbox 3898 1821 4106 1885; x_wconf 90' lang='lat' dir='ltr'><strong>Alcib.</strong></span> <span class='ocrx_word' id='word_1_475' title='bbox 4153 1843 4251 1909; x_wconf 90' lang='lat' dir='ltr'><strong>pr.</strong></span> <span class='ocrx_word' id='word_1_476' title='bbox 4290 1844 4428 1909; x_wconf 89' lang='lat' dir='ltr'><strong>cap.</strong></span> <span class='ocrx_word' id='word_1_477' title='bbox 4461 1823 4568 1888; x_wconf 88' lang='grc'><strong>82.</strong></span> 
     </span>
     <span class='ocr_line' id='line_1_62' title="bbox 2867 1923 4566 2011; baseline -0.001 -23"><span class='ocrx_word' id='word_1_478' title='bbox 2867 1949 2931 2011; x_wconf 85' lang='lat' dir='ltr'><strong>p.</strong></span> <span class='ocrx_word' id='word_1_479' title='bbox 2960 1944 3039 2003; x_wconf 84' lang='lat'><strong>24</strong></span> <span class='ocrx_word' id='word_1_480' title='bbox 3040 1941 3082 2010; x_wconf 88' lang='lat'><strong>5</strong></span> <span class='ocrx_word' id='word_1_481' title='bbox 3110 1949 3124 1988; x_wconf 71' lang='grc' dir='ltr'>ε</span> <span class='ocrx_word' id='word_1_482' title='bbox 3178 1924 3461 1988; x_wconf 83' lang='grc' dir='ltr'>Κάτωθεν</span> <span class='ocrx_word' id='word_1_483' title='bbox 3490 1925 3598 1988; x_wconf 81' lang='grc' dir='ltr'>οὖν</span> <span class='ocrx_word' id='word_1_484' title='bbox 3626 1923 3978 2006; x_wconf 81' lang='grc' dir='ltr'>ἀρχομένοις</span> <span class='ocrx_word' id='word_1_485' title='bbox 4006 1923 4298 2006; x_wconf 81' lang='grc' dir='ltr'>φευκτέον</span> <span class='ocrx_word' id='word_1_486' title='bbox 4318 1924 4388 1988; x_wconf 85' lang='grc' dir='ltr'><strong>τὸ</strong></span> <span class='ocrx_word' id='word_1_487' title='bbox 4417 1928 4566 2004; x_wconf 84' lang='grc' dir='ltr'><strong>πλῆ-</strong></span> 
     </span>
     <span class='ocr_line' id='line_1_63' title="bbox 2866 2026 4561 2108; baseline 0 -18"><span class='ocrx_word' id='word_1_488' title='bbox 2866 2031 2968 2095; x_wconf 85' lang='grc' dir='ltr'><strong>θος</strong></span> <span class='ocrx_word' id='word_1_489' title='bbox 2997 2033 3115 2090; x_wconf 86' lang='grc' dir='ltr'><strong>τῶν</strong></span> <span class='ocrx_word' id='word_1_490' title='bbox 3147 2028 3473 2107; x_wconf 72' lang='grc' dir='ltr'>ἀνθρώπων</span> <span class='ocrx_word' id='word_1_491' title='bbox 3490 2026 3788 2108; x_wconf 85' lang='grc' dir='ltr'>ἀγεληδὸν</span> <span class='ocrx_word' id='word_1_492' title='bbox 3819 2028 4050 2099; x_wconf 76' lang='grc' dir='ltr'>ἰόντων,</span> <span class='ocrx_word' id='word_1_493' title='bbox 4073 2028 4150 2092; x_wconf 81' lang='grc' dir='ltr'>ὥς</span> <span class='ocrx_word' id='word_1_494' title='bbox 4179 2034 4330 2108; x_wconf 88' lang='grc' dir='ltr'>φησι</span> <span class='ocrx_word' id='word_1_495' title='bbox 4358 2026 4425 2090; x_wconf 86' lang='grc' dir='ltr'><strong>τὸ</strong></span> <span class='ocrx_word' id='word_1_496' title='bbox 4454 2028 4561 2090; x_wconf 84' lang='grc' dir='ltr'><strong>λό-</strong></span> 
     </span>
     <span class='ocr_line' id='line_1_64' title="bbox 2863 2129 4565 2211; baseline 0.001 -19"><span class='ocrx_word' id='word_1_497' title='bbox 2863 2155 3018 2211; x_wconf 85' lang='grc' dir='ltr'>γιον,</span> <span class='ocrx_word' id='word_1_498' title='bbox 3053 2130 3149 2192; x_wconf 84' lang='grc' dir='ltr'><strong>καὶ</strong></span> <span class='ocrx_word' id='word_1_499' title='bbox 3187 2131 3324 2192; x_wconf 80' lang='grc' dir='ltr'>οὔτε</span> <span class='ocrx_word' id='word_1_500' title='bbox 3363 2135 3494 2196; x_wconf 83' lang='grc' dir='ltr'>ταῖς</span> <span class='ocrx_word' id='word_1_501' title='bbox 3535 2134 3706 2204; x_wconf 71' lang='grc' dir='ltr'>ξωαῖς</span> <span class='ocrx_word' id='word_1_502' title='bbox 3735 2129 3947 2202; x_wconf 78' lang='grc' dir='ltr'>αὐτῶν,</span> <span class='ocrx_word' id='word_1_503' title='bbox 3980 2130 4116 2192; x_wconf 78' lang='grc' dir='ltr'>οὔτε</span> <span class='ocrx_word' id='word_1_504' title='bbox 4154 2135 4282 2195; x_wconf 83' lang='grc' dir='ltr'>ταῖς</span> <span class='ocrx_word' id='word_1_505' title='bbox 4318 2131 4565 2209; x_wconf 74' lang='grc' dir='ltr'>ἰδιότησι</span> 
     </span>
     <span class='ocr_line' id='line_1_65' title="bbox 2865 2229 4566 2311; baseline -0.001 -16"><span class='ocrx_word' id='word_1_506' title='bbox 2865 2230 3274 2310; x_wconf 85' lang='grc' dir='ltr'>κοινωνητέον.</span> <span class='ocrx_word' id='word_1_507' title='bbox 3364 2230 3666 2295; x_wconf 86' lang='grc' dir='ltr'>Φευκτέον</span> <span class='ocrx_word' id='word_1_508' title='bbox 3696 2233 3761 2294; x_wconf 76' lang='grc' dir='ltr'><strong>δὲ</strong></span> <span class='ocrx_word' id='word_1_509' title='bbox 3793 2234 3899 2297; x_wconf 78' lang='grc' dir='ltr'>τὰς</span> <span class='ocrx_word' id='word_1_510' title='bbox 3936 2229 4158 2311; x_wconf 76' lang='grc' dir='ltr'>ὀρέξεις</span> <span class='ocrx_word' id='word_1_511' title='bbox 4199 2234 4304 2296; x_wconf 78' lang='grc' dir='ltr'>τὰς</span> <span class='ocrx_word' id='word_1_512' title='bbox 4329 2238 4566 2295; x_wconf 85' lang='grc' dir='ltr'>πολυει-</span> 
     </span>
     <span class='ocr_line' id='line_1_66' title="bbox 2866 2332 4343 2414; baseline -0.001 -17"><span class='ocrx_word' id='word_1_513' title='bbox 2866 2338 3007 2411; x_wconf 82' lang='grc' dir='ltr'>δεῖς,</span> <span class='ocrx_word' id='word_1_514' title='bbox 3041 2333 3103 2397; x_wconf 75' lang='grc' dir='ltr'><strong>αἳ</strong></span> <span class='ocrx_word' id='word_1_515' title='bbox 3128 2334 3465 2414; x_wconf 78' lang='grc' dir='ltr'>μερίζουσιν</span> <span class='ocrx_word' id='word_1_516' title='bbox 3492 2333 3642 2412; x_wconf 81' lang='grc' dir='ltr'>ἡμᾶς</span> <span class='ocrx_word' id='word_1_517' title='bbox 3668 2333 3802 2413; x_wconf 86' lang='grc' dir='ltr'>περὶ</span> <span class='ocrx_word' id='word_1_518' title='bbox 3830 2332 3898 2395; x_wconf 85' lang='grc' dir='ltr'><strong>τὸ</strong></span> <span class='ocrx_word' id='word_1_519' title='bbox 3929 2338 4102 2412; x_wconf 81' lang='grc' dir='ltr'>σῶμα</span> <span class='ocrx_word' id='word_1_520' title='bbox 4131 2359 4185 2394; x_wconf 86' lang='grc' dir='ltr'><strong>κ.</strong></span> <span class='ocrx_word' id='word_1_521' title='bbox 4205 2357 4260 2395; x_wconf 88' lang='grc' dir='ltr'><strong>τ.</strong></span> <span class='ocrx_word' id='word_1_522' title='bbox 4282 2340 4343 2396; x_wconf 86' lang='grc' dir='ltr'><strong>λ.</strong></span> 
     </span>
    </p>

    <p class='ocr_par' dir='ltr' id='par_1_9' title="bbox 2847 2432 4567 4060">
     <span class='ocr_line' id='line_1_67' title="bbox 2952 2432 4560 2516; baseline 0 -17"><span class='ocrx_word' id='word_1_523' title='bbox 2952 2474 3040 2485; x_wconf 90' lang='grc'>-</span> <span class='ocrx_word' id='word_1_524' title='bbox 3077 2456 3174 2500; x_wconf 88' lang='grc'><strong>11.</strong></span> <span class='ocrx_word' id='word_1_525' title='bbox 3227 2436 3342 2499; x_wconf 76' lang='grc' dir='ltr'><strong>Καὶ</strong></span> <span class='ocrx_word' id='word_1_526' title='bbox 3380 2438 3535 2499; x_wconf 77' lang='grc' dir='ltr'>εἴποι</span> <span class='ocrx_word' id='word_1_527' title='bbox 3579 2435 3653 2499; x_wconf 82' lang='grc' dir='ltr'><strong>ἂν</strong></span> <span class='ocrx_word' id='word_1_528' title='bbox 3684 2438 3717 2499; x_wconf 91' lang='lat'><em>6</em></span> <span class='ocrx_word' id='word_1_529' title='bbox 3745 2432 4056 2516; x_wconf 82' lang='grc' dir='ltr'>Ἡρακλῆς</span> <span class='ocrx_word' id='word_1_530' title='bbox 4082 2436 4308 2500; x_wconf 76' lang='grc' dir='ltr'>ἐκεῖνος</span> <span class='ocrx_word' id='word_1_531' title='bbox 4347 2435 4560 2516; x_wconf 84' lang='grc' dir='ltr'>ἀνδρα-</span> 
     </span>
     <span class='ocr_line' id='line_1_68' title="bbox 2867 2537 4558 2622; baseline -0.002 -19"><span class='ocrx_word' id='word_1_532' title='bbox 2867 2540 3079 2622; x_wconf 91' lang='grc' dir='ltr'>γαθίας</span> <span class='ocrx_word' id='word_1_533' title='bbox 3126 2542 3416 2602; x_wconf 78' lang='grc' dir='ltr'>ἑαυτοῧ-</span> <span class='ocrx_word' id='word_1_534' title='bbox 3426 2539 3521 2601; x_wconf 86' lang='grc' dir='ltr'><strong>καὶ</strong></span> <span class='ocrx_word' id='word_1_535' title='bbox 3564 2537 3902 2617; x_wconf 87' lang='grc' dir='ltr'>μετατεθεὶς</span> <span class='ocrx_word' id='word_1_536' title='bbox 3962 2538 4045 2603; x_wconf 79' lang='grc' dir='ltr'><strong>εἰς</strong></span> <span class='ocrx_word' id='word_1_537' title='bbox 4095 2537 4419 2617; x_wconf 79' lang='grc' dir='ltr'>ἀγιῶτερον</span> <span class='ocrx_word' id='word_1_538' title='bbox 4462 2538 4558 2600; x_wconf 79' lang='grc' dir='ltr'><strong>τό·</strong></span> 
     </span>
     <span class='ocr_line' id='line_1_69' title="bbox 2866 2635 4558 2729; baseline -0.002 -25"><span class='ocrx_word' id='word_1_539' title='bbox 2866 2642 3013 2729; x_wconf 87' lang='grc' dir='ltr'>πον]</span> <span class='ocrx_word' id='word_1_540' title='bbox 3065 2639 3267 2704; x_wconf 90' lang='lat' dir='ltr'><strong>Haud</strong></span> <span class='ocrx_word' id='word_1_541' title='bbox 3309 2638 3502 2702; x_wconf 90' lang='lat' dir='ltr'><strong>dubie</strong></span> <span class='ocrx_word' id='word_1_542' title='bbox 3543 2638 3828 2724; x_wconf 84' lang='lat' dir='ltr'><strong>proxime</strong></span> <span class='ocrx_word' id='word_1_543' title='bbox 3876 2660 4224 2724; x_wconf 84' lang='lat' dir='ltr'><strong>praegressa</strong></span> <span class='ocrx_word' id='word_1_544' title='bbox 4271 2635 4558 2701; x_wconf 88' lang='lat' dir='ltr'><strong>Ficinum</strong></span> 
     </span>
     <span class='ocr_line' id='line_1_70' title="bbox 2864 2742 4559 2830; baseline -0.001 -21"><span class='ocrx_word' id='word_1_545' title='bbox 2864 2759 3218 2823; x_wconf 85' lang='lat' dir='ltr'><strong>moverunt,</strong></span> <span class='ocrx_word' id='word_1_546' title='bbox 3260 2759 3331 2808; x_wconf 93' lang='lat' dir='ltr'><strong>ut</strong></span> <span class='ocrx_word' id='word_1_547' title='bbox 3376 2743 3569 2830; x_wconf 89' lang='lat' dir='ltr'><strong>priori</strong></span> <span class='ocrx_word' id='word_1_548' title='bbox 3610 2743 3892 2807; x_wconf 91' lang='lat' dir='ltr'><strong>membro</strong></span> <span class='ocrx_word' id='word_1_549' title='bbox 3919 2742 4217 2807; x_wconf 86' lang='lat' dir='ltr'><strong>adderet:</strong></span> <span class='ocrx_word' id='word_1_550' title='bbox 4265 2745 4339 2806; x_wconf 72' lang='lat' dir='ltr'><strong>in</strong></span> <span class='ocrx_word' id='word_1_551' title='bbox 4367 2744 4559 2808; x_wconf 68' lang='lat' dir='ltr'><strong>coels‘s.</strong></span> 
     </span>
     <span class='ocr_line' id='line_1_71' title="bbox 2863 2845 4560 2934; baseline -0.001 -23"><span class='ocrx_word' id='word_1_552' title='bbox 2863 2847 3093 2911; x_wconf 89' lang='lat' dir='ltr'><strong>Omnia</strong></span> <span class='ocrx_word' id='word_1_553' title='bbox 3138 2846 3261 2911; x_wconf 88' lang='lat' dir='ltr'><strong>alia</strong></span> <span class='ocrx_word' id='word_1_554' title='bbox 3317 2846 3574 2934; x_wconf 87' lang='lat' dir='ltr'><strong>Taylor,</strong></span> <span class='ocrx_word' id='word_1_555' title='bbox 3634 2846 3724 2910; x_wconf 92' lang='lat' dir='ltr'><strong>ita</strong></span> <span class='ocrx_word' id='word_1_556' title='bbox 3774 2859 4054 2910; x_wconf 84' lang='lat' dir='ltr'><strong>vertens:</strong></span> <span class='ocrx_word' id='word_1_557' title='bbox 4101 2851 4147 2884; x_wconf 75' lang='lat'><strong>‘⁴</strong></span> <span class='ocrx_word' id='word_1_558' title='bbox 4178 2845 4332 2909; x_wconf 87' lang='lat' dir='ltr'><strong>And</strong></span> <span class='ocrx_word' id='word_1_559' title='bbox 4397 2847 4560 2910; x_wconf 90' lang='lat' dir='ltr'><strong>Her-</strong></span> 
     </span>
     <span class='ocr_line' id='line_1_72' title="bbox 2859 2948 4567 3037; baseline 0.001 -24"><span class='ocrx_word' id='word_1_560' title='bbox 2859 2950 3054 3029; x_wconf 90' lang='lat' dir='ltr'><strong>cules,</strong></span> <span class='ocrx_word' id='word_1_561' title='bbox 3100 2949 3350 3028; x_wconf 88' lang='lat' dir='ltr'><strong>indeed,</strong></span> <span class='ocrx_word' id='word_1_562' title='bbox 3393 2948 3599 3034; x_wconf 76' lang='lat' dir='ltr'><strong>[when</strong></span> <span class='ocrx_word' id='word_1_563' title='bbox 3640 2951 3711 3012; x_wconf 74' lang='lat' dir='ltr'><strong>in</strong></span> <span class='ocrx_word' id='word_1_564' title='bbox 3743 2949 4023 3037; x_wconf 74' lang='lat' dir='ltr'><strong>Hades,]</strong></span> <span class='ocrx_word' id='word_1_565' title='bbox 4072 2970 4218 3034; x_wconf 82' lang='lat' dir='ltr'><strong>may</strong></span> <span class='ocrx_word' id='word_1_566' title='bbox 4258 2948 4450 3037; x_wconf 80' lang='lat' dir='ltr'><strong>speak</strong></span> <span class='ocrx_word' id='word_1_567' title='bbox 4492 2949 4567 3014; x_wconf 81' lang='lat' dir='ltr'><strong>of</strong></span> 
     </span>
     <span class='ocr_line' id='line_1_73' title="bbox 2856 3049 4556 3137; baseline 0 -21"><span class='ocrx_word' id='word_1_568' title='bbox 2856 3052 2955 3116; x_wconf 90' lang='lat' dir='ltr'><strong>his</strong></span> <span class='ocrx_word' id='word_1_569' title='bbox 2997 3076 3134 3117; x_wconf 86' lang='lat' dir='ltr'><strong>own</strong></span> <span class='ocrx_word' id='word_1_570' title='bbox 3165 3052 3512 3126; x_wconf 85' lang='lat' dir='ltr'><strong>fortitude;</strong></span> <span class='ocrx_word' id='word_1_571' title='bbox 3559 3051 3679 3115; x_wconf 87' lang='lat' dir='ltr'><strong>but</strong></span> <span class='ocrx_word' id='word_1_572' title='bbox 3723 3051 3787 3115; x_wconf 92' lang='lat' dir='ltr'><strong>in</strong></span> <span class='ocrx_word' id='word_1_573' title='bbox 3819 3050 3926 3115; x_wconf 90' lang='lat' dir='ltr'><strong>the</strong></span> <span class='ocrx_word' id='word_1_574' title='bbox 3962 3049 4332 3137; x_wconf 86' lang='lat' dir='ltr'><strong>intelligible</strong></span> <span class='ocrx_word' id='word_1_575' title='bbox 4362 3051 4556 3116; x_wconf 74' lang='lat' dir='ltr'><strong>world</strong></span> 
     </span>
     <span class='ocr_line' id='line_1_74' title="bbox 2854 3152 4557 3240; baseline 0 -22"><span class='ocrx_word' id='word_1_576' title='bbox 2854 3154 2935 3218; x_wconf 90' lang='lat' dir='ltr'><strong>he</strong></span> <span class='ocrx_word' id='word_1_577' title='bbox 2980 3153 3100 3217; x_wconf 81' lang='lat' dir='ltr'><strong>will</strong></span> <span class='ocrx_word' id='word_1_578' title='bbox 3144 3153 3429 3218; x_wconf 87' lang='lat' dir='ltr'><strong>consider</strong></span> <span class='ocrx_word' id='word_1_579' title='bbox 3480 3153 3653 3217; x_wconf 89' lang='lat' dir='ltr'><strong>these</strong></span> <span class='ocrx_word' id='word_1_580' title='bbox 3698 3152 3908 3240; x_wconf 85' lang='lat' dir='ltr'><strong>things</strong></span> <span class='ocrx_word' id='word_1_581' title='bbox 3946 3176 4015 3216; x_wconf 82' lang='lat' dir='ltr'><strong>as</strong></span> <span class='ocrx_word' id='word_1_582' title='bbox 4058 3152 4317 3240; x_wconf 88' lang='lat' dir='ltr'><strong>trifling,</strong></span> <span class='ocrx_word' id='word_1_583' title='bbox 4367 3153 4557 3240; x_wconf 84' lang='lat' dir='ltr'><strong>being</strong></span> 
     </span>
     <span class='ocr_line' id='line_1_75' title="bbox 2852 3253 4551 3343; baseline 0 -22"><span class='ocrx_word' id='word_1_584' title='bbox 2852 3254 3228 3321; x_wconf 87' lang='lat' dir='ltr'><strong>transferred</strong></span> <span class='ocrx_word' id='word_1_585' title='bbox 3260 3257 3393 3321; x_wconf 91' lang='lat' dir='ltr'><strong>into</strong></span> <span class='ocrx_word' id='word_1_586' title='bbox 3417 3279 3458 3320; x_wconf 92' lang='lat' dir='ltr'><strong>a</strong></span> <span class='ocrx_word' id='word_1_587' title='bbox 3489 3277 3659 3320; x_wconf 89' lang='lat' dir='ltr'><strong>more</strong></span> <span class='ocrx_word' id='word_1_588' title='bbox 3688 3253 3898 3320; x_wconf 87' lang='lat' dir='ltr'><strong>sacred</strong></span> <span class='ocrx_word' id='word_1_589' title='bbox 3942 3253 4175 3343; x_wconf 87' lang='lat' dir='ltr'><strong>place.&#39;&#39;</strong></span> <span class='ocrx_word' id='word_1_590' title='bbox 4265 3256 4411 3320; x_wconf 87' lang='lat' dir='ltr'><strong>Non</strong></span> <span class='ocrx_word' id='word_1_591' title='bbox 4456 3278 4551 3321; x_wconf 87' lang='lat' dir='ltr'><strong>re-</strong></span> 
     </span>
     <span class='ocr_line' id='line_1_76' title="bbox 2851 3358 4550 3446; baseline 0.001 -24"><span class='ocrx_word' id='word_1_592' title='bbox 2851 3360 3065 3446; x_wconf 88' lang='lat' dir='ltr'><strong>fragor</strong></span> <span class='ocrx_word' id='word_1_593' title='bbox 3121 3359 3418 3445; x_wconf 86' lang='lat' dir='ltr'><strong>praecise3</strong></span> <span class='ocrx_word' id='word_1_594' title='bbox 3481 3374 3545 3423; x_wconf 91' lang='lat' dir='ltr'><strong>et</strong></span> <span class='ocrx_word' id='word_1_595' title='bbox 3596 3358 3739 3423; x_wconf 83' lang='lat' dir='ltr'><strong>vide</strong></span> <span class='ocrx_word' id='word_1_596' title='bbox 3785 3381 3975 3445; x_wconf 90' lang='lat' dir='ltr'><strong>supra</strong></span> <span class='ocrx_word' id='word_1_597' title='bbox 4021 3381 4090 3445; x_wconf 91' lang='lat' dir='ltr'><strong>p.</strong></span> <span class='ocrx_word' id='word_1_598' title='bbox 4145 3375 4205 3441; x_wconf 94' lang='lat'><strong>7.</strong></span> <span class='ocrx_word' id='word_1_599' title='bbox 4247 3359 4327 3423; x_wconf 90' lang='lat' dir='ltr'><strong>B.</strong></span> <span class='ocrx_word' id='word_1_600' title='bbox 4377 3370 4441 3423; x_wconf 88' lang='lat' dir='ltr'><strong>et</strong></span> <span class='ocrx_word' id='word_1_601' title='bbox 4482 3381 4550 3446; x_wconf 89' lang='lat' dir='ltr'><strong>p.</strong></span> 
     </span>
     <span class='ocr_line' id='line_1_77' title="bbox 2854 3460 4553 3547; baseline 0 -20"><span class='ocrx_word' id='word_1_602' title='bbox 2854 3481 3002 3547; x_wconf 84' lang='lat'><strong>392.</strong></span> <span class='ocrx_word' id='word_1_603' title='bbox 3037 3460 3150 3525; x_wconf 86' lang='lat' dir='ltr'><strong>inf.</strong></span> <span class='ocrx_word' id='word_1_604' title='bbox 3181 3475 3244 3525; x_wconf 91' lang='lat' dir='ltr'><strong>et</strong></span> <span class='ocrx_word' id='word_1_605' title='bbox 3272 3481 3419 3546; x_wconf 90' lang='grc'><strong>393.</strong></span> <span class='ocrx_word' id='word_1_606' title='bbox 3499 3460 3624 3524; x_wconf 92' lang='lat' dir='ltr'><strong>Sed</strong></span> <span class='ocrx_word' id='word_1_607' title='bbox 3656 3476 3861 3526; x_wconf 87' lang='lat' dir='ltr'><strong>tamen</strong></span> <span class='ocrx_word' id='word_1_608' title='bbox 3896 3461 4012 3525; x_wconf 86' lang='lat' dir='ltr'><strong>boc</strong></span> <span class='ocrx_word' id='word_1_609' title='bbox 4043 3460 4179 3524; x_wconf 86' lang='lat' dir='ltr'><strong>loco</strong></span> <span class='ocrx_word' id='word_1_610' title='bbox 4217 3460 4553 3527; x_wconf 87' lang='lat' dir='ltr'><strong>dubitatio-</strong></span> 
     </span>
     <span class='ocr_line' id='line_1_78' title="bbox 2855 3562 4555 3651; baseline 0.001 -24"><span class='ocrx_word' id='word_1_611' title='bbox 2855 3587 2993 3628; x_wconf 86' lang='lat' dir='ltr'><strong>nem</strong></span> <span class='ocrx_word' id='word_1_612' title='bbox 3027 3563 3310 3651; x_wconf 88' lang='lat' dir='ltr'><strong>injiciunt</strong></span> <span class='ocrx_word' id='word_1_613' title='bbox 3344 3562 3630 3649; x_wconf 83' lang='lat' dir='ltr'><strong>proxima</strong></span> <span class='ocrx_word' id='word_1_614' title='bbox 3658 3562 3798 3628; x_wconf 86' lang='lat' dir='ltr'><strong>illa:</strong></span> <span class='ocrx_word' id='word_1_615' title='bbox 3847 3565 4030 3644; x_wconf 82' lang='grc' dir='ltr'>ὀλίγα</span> <span class='ocrx_word' id='word_1_616' title='bbox 4057 3565 4260 3628; x_wconf 82' lang='grc' dir='ltr'>τοίνυν</span> <span class='ocrx_word' id='word_1_617' title='bbox 4289 3566 4459 3629; x_wconf 77' lang='grc' dir='ltr'>κάκεῖ</span> <span class='ocrx_word' id='word_1_618' title='bbox 4480 3569 4555 3629; x_wconf 80' lang='grc' dir='ltr'><strong>τὰ</strong></span> 
     </span>
     <span class='ocr_line' id='line_1_79' title="bbox 2855 3665 4550 3750; baseline 0 -19"><span class='ocrx_word' id='word_1_619' title='bbox 2855 3668 3148 3741; x_wconf 67' lang='grc' dir='ltr'>ἐντεῦθεν,</span> <span class='ocrx_word' id='word_1_620' title='bbox 3184 3667 3279 3730; x_wconf 86' lang='grc' dir='ltr'><strong>καὶ</strong></span> <span class='ocrx_word' id='word_1_621' title='bbox 3319 3668 3387 3730; x_wconf 78' lang='grc' dir='ltr'><strong>ἐν</strong></span> <span class='ocrx_word' id='word_1_622' title='bbox 3416 3666 3646 3750; x_wconf 74' lang='grc' dir='ltr'>οὐρανῷ</span> <span class='ocrx_word' id='word_1_623' title='bbox 3686 3667 3840 3731; x_wconf 74' lang='grc' dir='ltr'>οὖσα</span> <span class='ocrx_word' id='word_1_624' title='bbox 3866 3667 4073 3730; x_wconf 85' lang='grc' dir='ltr'>πλείω.</span> <span class='ocrx_word' id='word_1_625' title='bbox 4166 3665 4550 3731; x_wconf 82' lang='lat' dir='ltr'><strong>Ficinianam</strong></span> 
     </span>
     <span class='ocr_line' id='line_1_80' title="bbox 2851 3767 4551 3855; baseline 0.001 -23"><span class='ocrx_word' id='word_1_626' title='bbox 2851 3769 3150 3833; x_wconf 89' lang='lat' dir='ltr'><strong>rationem</strong></span> <span class='ocrx_word' id='word_1_627' title='bbox 3197 3767 3245 3832; x_wconf 92' lang='lat' dir='ltr'><strong>si</strong></span> <span class='ocrx_word' id='word_1_628' title='bbox 3285 3767 3586 3855; x_wconf 79' lang='lat' dir='ltr'><strong>sequariS,</strong></span> <span class='ocrx_word' id='word_1_629' title='bbox 3622 3767 3932 3832; x_wconf 91' lang='lat' dir='ltr'><strong>Hercules</strong></span> <span class='ocrx_word' id='word_1_630' title='bbox 3975 3781 4251 3853; x_wconf 87' lang='lat' dir='ltr'><strong>quatuor</strong></span> <span class='ocrx_word' id='word_1_631' title='bbox 4292 3767 4357 3832; x_wconf 87' lang='lat' dir='ltr'><strong>in</strong></span> <span class='ocrx_word' id='word_1_632' title='bbox 4403 3768 4551 3833; x_wconf 87' lang='lat' dir='ltr'><strong>locis</strong></span> 
     </span>
     <span class='ocr_line' id='line_1_81' title="bbox 2847 3869 4548 3959; baseline -0.001 -23"><span class='ocrx_word' id='word_1_633' title='bbox 2847 3871 3147 3936; x_wconf 88' lang='lat' dir='ltr'><strong>locandus</strong></span> <span class='ocrx_word' id='word_1_634' title='bbox 3191 3871 3343 3934; x_wconf 83' lang='lat' dir='ltr'><strong>erit:</strong></span> <span class='ocrx_word' id='word_1_635' title='bbox 3391 3870 3456 3934; x_wconf 89' lang='lat' dir='ltr'><strong>in</strong></span> <span class='ocrx_word' id='word_1_636' title='bbox 3499 3870 3699 3948; x_wconf 89' lang='lat' dir='ltr'><strong>terris,</strong></span> <span class='ocrx_word' id='word_1_637' title='bbox 3730 3870 3901 3959; x_wconf 91' lang='lat' dir='ltr'><strong>apud</strong></span> <span class='ocrx_word' id='word_1_638' title='bbox 3949 3869 4202 3948; x_wconf 85' lang='lat' dir='ltr'><strong>inferos,</strong></span> <span class='ocrx_word' id='word_1_639' title='bbox 4247 3870 4310 3934; x_wconf 94' lang='grc'><strong>111</strong></span> <span class='ocrx_word' id='word_1_640' title='bbox 4356 3870 4548 3950; x_wconf 86' lang='lat' dir='ltr'><strong>coelis,</strong></span> 
     </span>
     <span class='ocr_line' id='line_1_82' title="bbox 2847 3971 3602 4060; baseline 0.001 -24"><span class='ocrx_word' id='word_1_641' title='bbox 2847 3973 2912 4036; x_wconf 89' lang='lat' dir='ltr'><strong>in</strong></span> <span class='ocrx_word' id='word_1_642' title='bbox 2943 3972 3183 4038; x_wconf 87' lang='lat' dir='ltr'><strong>mundo</strong></span> <span class='ocrx_word' id='word_1_643' title='bbox 3209 3971 3602 4060; x_wconf 85' lang='lat' dir='ltr'><strong>intelligibili.</strong></span> 
     </span>
    </p>
   </div>
   <div class='ocr_carea' id='block_1_8' title="bbox 3503 4159 3891 4223">
    <p class='ocr_par' dir='ltr' id='par_1_10' title="bbox 3503 4159 3891 4223">
     <span class='ocr_line' id='line_1_83' title="bbox 3503 4159 3891 4223; baseline -0.005 0"><span class='ocrx_word' id='word_1_644' title='bbox 3503 4159 3705 4223; x_wconf 89' lang='lat' dir='ltr'><strong>LIB.</strong></span> <span class='ocrx_word' id='word_1_645' title='bbox 3774 4159 3891 4222; x_wconf 88' lang='lat' dir='ltr'><strong>1v.</strong></span> 
     </span>
    </p>
   </div>
   <div class='ocr_carea' id='block_1_9' title="bbox 2846 4281 4552 5592">
    <p class='ocr_par' dir='ltr' id='par_1_11' title="bbox 2846 4281 4552 4775">
     <span class='ocr_line' id='line_1_84' title="bbox 2936 4281 4546 4367; baseline 0.002 -26"><span class='ocrx_word' id='word_1_646' title='bbox 2936 4303 3000 4367; x_wconf 89' lang='lat' dir='ltr'><strong>p.</strong></span> <span class='ocrx_word' id='word_1_647' title='bbox 3037 4281 3183 4363; x_wconf 83' lang='grc'><strong>738,</strong></span> <span class='ocrx_word' id='word_1_648' title='bbox 3217 4296 3279 4363; x_wconf 89' lang='lat'><strong>7.</strong></span> <span class='ocrx_word' id='word_1_649' title='bbox 3325 4285 3519 4343; x_wconf 91' lang='grc' dir='ltr'><strong>ΠΕΡΙ</strong></span> <span class='ocrx_word' id='word_1_650' title='bbox 3567 4284 3851 4343; x_wconf 75' lang='grc' dir='ltr'>ΨΥΧΗΣ</span> <span class='ocrx_word' id='word_1_651' title='bbox 3903 4283 4306 4354; x_wconf 87' lang='grc' dir='ltr'>ΑΠΟΡῙΩΝ,</span> <span class='ocrx_word' id='word_1_652' title='bbox 4347 4286 4546 4345; x_wconf 69' lang='lat' dir='ltr'><strong>AET-</strong></span> 
     </span>
     <span class='ocr_line' id='line_1_85' title="bbox 2846 4380 4552 4470; baseline 0.001 -23"><span class='ocrx_word' id='word_1_653' title='bbox 2846 4384 3156 4470; x_wconf 87' lang='lat' dir='ltr'><strong>TEPON]</strong></span> <span class='ocrx_word' id='word_1_654' title='bbox 3210 4381 3572 4447; x_wconf 90' lang='lat' dir='ltr'><strong>Secundum</strong></span> <span class='ocrx_word' id='word_1_655' title='bbox 3604 4380 3902 4468; x_wconf 90' lang='lat' dir='ltr'><strong>temporis</strong></span> <span class='ocrx_word' id='word_1_656' title='bbox 3942 4380 4245 4444; x_wconf 89' lang='lat' dir='ltr'><strong>rationem</strong></span> <span class='ocrx_word' id='word_1_657' title='bbox 4278 4380 4437 4447; x_wconf 86' lang='lat' dir='ltr'><strong>liber</strong></span> <span class='ocrx_word' id='word_1_658' title='bbox 4464 4383 4552 4448; x_wconf 82' lang='lat' dir='ltr'><strong>vi-</strong></span> 
     </span>
     <span class='ocr_line' id='line_1_86' title="bbox 2848 4481 4549 4572; baseline 0.001 -24"><span class='ocrx_word' id='word_1_659' title='bbox 2848 4484 3114 4548; x_wconf 90' lang='lat' dir='ltr'><strong>cesimus</strong></span> <span class='ocrx_word' id='word_1_660' title='bbox 3156 4499 3414 4549; x_wconf 87' lang='lat' dir='ltr'><strong>octavus</strong></span> <span class='ocrx_word' id='word_1_661' title='bbox 3455 4482 3776 4570; x_wconf 88' lang='lat' dir='ltr'><strong>igiturque</strong></span> <span class='ocrx_word' id='word_1_662' title='bbox 3819 4481 4039 4546; x_wconf 87' lang='lat' dir='ltr'><strong>ordine</strong></span> <span class='ocrx_word' id='word_1_663' title='bbox 4081 4483 4317 4569; x_wconf 86' lang='lat' dir='ltr'><strong>pariter</strong></span> <span class='ocrx_word' id='word_1_664' title='bbox 4358 4498 4549 4572; x_wconf 83' lang='lat' dir='ltr'><strong>atque</strong></span> 
     </span>
     <span class='ocr_line' id='line_1_87' title="bbox 2849 4583 4544 4673; baseline 0.002 -22"><span class='ocrx_word' id='word_1_665' title='bbox 2849 4600 3224 4673; x_wconf 89' lang='lat' dir='ltr'><strong>argumento</strong></span> <span class='ocrx_word' id='word_1_666' title='bbox 3251 4609 3394 4650; x_wconf 89' lang='lat' dir='ltr'><strong>cum</strong></span> <span class='ocrx_word' id='word_1_667' title='bbox 3425 4584 3711 4672; x_wconf 87' lang='lat' dir='ltr'><strong>proxime</strong></span> <span class='ocrx_word' id='word_1_668' title='bbox 3742 4583 4133 4672; x_wconf 85' lang='lat' dir='ltr'><strong>praecedente</strong></span> <span class='ocrx_word' id='word_1_669' title='bbox 4153 4586 4544 4672; x_wconf 83' lang='lat' dir='ltr'><strong>conjunctus.</strong></span> 
     </span>
     <span class='ocr_line' id='line_1_88' title="bbox 2853 4685 4507 4775; baseline 0.001 -23"><span class='ocrx_word' id='word_1_670' title='bbox 2853 4687 2995 4752; x_wconf 92' lang='lat' dir='ltr'><strong>Vid.</strong></span> <span class='ocrx_word' id='word_1_671' title='bbox 3027 4703 3240 4752; x_wconf 90' lang='lat' dir='ltr'><strong>annot.</strong></span> <span class='ocrx_word' id='word_1_672' title='bbox 3271 4688 3352 4752; x_wconf 89' lang='lat' dir='ltr'><strong>ad</strong></span> <span class='ocrx_word' id='word_1_673' title='bbox 3381 4687 3547 4752; x_wconf 91' lang='lat' dir='ltr'><strong>illius</strong></span> <span class='ocrx_word' id='word_1_674' title='bbox 3574 4687 3715 4751; x_wconf 87' lang='lat' dir='ltr'><strong>libri</strong></span> <span class='ocrx_word' id='word_1_675' title='bbox 3750 4685 4235 4773; x_wconf 88' lang='lat' dir='ltr'><strong>inscriptionem,</strong></span> <span class='ocrx_word' id='word_1_676' title='bbox 4267 4710 4329 4774; x_wconf 90' lang='lat' dir='ltr'><strong>p.</strong></span> <span class='ocrx_word' id='word_1_677' title='bbox 4359 4705 4507 4775; x_wconf 90' lang='grc'><strong>371.</strong></span> 
     </span>
    </p>

    <p class='ocr_par' dir='ltr' id='par_1_12' title="bbox 2847 4790 4551 5592">
     <span class='ocr_line' id='line_1_89' title="bbox 2936 4790 4546 4882; baseline 0.002 -29"><span class='ocrx_word' id='word_1_678' title='bbox 2936 4812 3002 4876; x_wconf 89' lang='lat' dir='ltr'><strong>p.</strong></span> <span class='ocrx_word' id='word_1_679' title='bbox 3036 4807 3185 4875; x_wconf 88' lang='grc'><strong>739,</strong></span> <span class='ocrx_word' id='word_1_680' title='bbox 3224 4809 3319 4855; x_wconf 89' lang='grc'><strong>10.</strong></span> <span class='ocrx_word' id='word_1_681' title='bbox 3366 4790 3435 4854; x_wconf 82' lang='grc' dir='ltr'><strong>τὸ</strong></span> <span class='ocrx_word' id='word_1_682' title='bbox 3465 4792 3578 4870; x_wconf 73' lang='grc' dir='ltr'><strong>μὲν</strong></span> <span class='ocrx_word' id='word_1_683' title='bbox 3606 4793 3723 4872; x_wconf 84' lang='grc' dir='ltr'><strong>γᾶρ</strong></span> <span class='ocrx_word' id='word_1_684' title='bbox 3757 4791 4067 4853; x_wconf 75' lang='grc' dir='ltr'>ἀνω-διὸ</span> <span class='ocrx_word' id='word_1_685' title='bbox 4109 4792 4171 4853; x_wconf 91' lang='grc' dir='ltr'><strong>τί</strong></span> <span class='ocrx_word' id='word_1_686' title='bbox 4208 4791 4315 4855; x_wconf 79' lang='grc' dir='ltr'>οὐκ</span> <span class='ocrx_word' id='word_1_687' title='bbox 4344 4792 4546 4882; x_wconf 81' lang='grc' dir='ltr'>ἔσται]</span> 
     </span>
     <span class='ocr_line' id='line_1_90' title="bbox 2849 4890 4547 4979; baseline 0.001 -22"><span class='ocrx_word' id='word_1_688' title='bbox 2849 4895 3088 4957; x_wconf 90' lang='lat' dir='ltr'><strong>Parcus</strong></span> <span class='ocrx_word' id='word_1_689' title='bbox 3116 4892 3210 4956; x_wconf 82' lang='lat' dir='ltr'><strong>fui</strong></span> <span class='ocrx_word' id='word_1_690' title='bbox 3239 4893 3303 4956; x_wconf 90' lang='lat' dir='ltr'><strong>in</strong></span> <span class='ocrx_word' id='word_1_691' title='bbox 3348 4890 3730 4979; x_wconf 79' lang='lat' dir='ltr'><strong>corrigendis</strong></span> <span class='ocrx_word' id='word_1_692' title='bbox 3756 4890 3856 4955; x_wconf 83' lang='lat' dir='ltr'><strong>his</strong></span> <span class='ocrx_word' id='word_1_693' title='bbox 3884 4904 3948 4956; x_wconf 92' lang='lat' dir='ltr'><strong>et</strong></span> <span class='ocrx_word' id='word_1_694' title='bbox 3985 4891 4414 4978; x_wconf 84' lang='lat' dir='ltr'><strong>sequentibus,</strong></span> <span class='ocrx_word' id='word_1_695' title='bbox 4445 4907 4547 4959; x_wconf 88' lang='lat' dir='ltr'><strong>ut-</strong></span> 
     </span>
     <span class='ocr_line' id='line_1_91' title="bbox 2847 4993 4548 5081; baseline 0.002 -23"><span class='ocrx_word' id='word_1_696' title='bbox 2847 5009 2996 5081; x_wconf 91' lang='lat' dir='ltr'><strong>pote</strong></span> <span class='ocrx_word' id='word_1_697' title='bbox 3024 4993 3177 5058; x_wconf 88' lang='lat' dir='ltr'><strong>mihi</strong></span> <span class='ocrx_word' id='word_1_698' title='bbox 3219 4994 3475 5081; x_wconf 89' lang='lat' dir='ltr'><strong>quidem</strong></span> <span class='ocrx_word' id='word_1_699' title='bbox 3519 5016 3645 5058; x_wconf 89' lang='lat' dir='ltr'><strong>non</strong></span> <span class='ocrx_word' id='word_1_700' title='bbox 3689 5016 4146 5080; x_wconf 87' lang='lat' dir='ltr'><strong>usquequaque</strong></span> <span class='ocrx_word' id='word_1_701' title='bbox 4182 4994 4548 5081; x_wconf 87' lang='lat' dir='ltr'><strong>perspicuis.</strong></span> 
     </span>
     <span class='ocr_line' id='line_1_92' title="bbox 2853 5095 4551 5184; baseline 0.003 -24"><span class='ocrx_word' id='word_1_702' title='bbox 2853 5097 3191 5184; x_wconf 84' lang='lat' dir='ltr'><strong>Sequentia</strong></span> <span class='ocrx_word' id='word_1_703' title='bbox 3207 5096 3380 5184; x_wconf 93' lang='lat' dir='ltr'><strong>quod</strong></span> <span class='ocrx_word' id='word_1_704' title='bbox 3402 5095 3624 5161; x_wconf 90' lang='lat' dir='ltr'><strong>attinet</strong></span> <span class='ocrx_word' id='word_1_705' title='bbox 3647 5099 4030 5178; x_wconf 75' lang='grc' dir='ltr'>ε-ποικίλην</span> <span class='ocrx_word' id='word_1_706' title='bbox 4058 5097 4157 5161; x_wconf 85' lang='grc' dir='ltr'><strong>καὶ</strong></span> <span class='ocrx_word' id='word_1_707' title='bbox 4173 5099 4415 5179; x_wconf 74' lang='grc' dir='ltr'>πολλὴν</span> <span class='ocrx_word' id='word_1_708' title='bbox 4440 5100 4551 5179; x_wconf 79' lang='grc' dir='ltr'><strong>τὴν</strong></span> 
     </span>
     <span class='ocr_line' id='line_1_93' title="bbox 2850 5197 4548 5282; baseline 0.001 -19"><span class='ocrx_word' id='word_1_709' title='bbox 2850 5201 3059 5279; x_wconf 88' lang='grc' dir='ltr'>νόησιν</span> <span class='ocrx_word' id='word_1_710' title='bbox 3086 5197 3209 5278; x_wconf 78' lang='grc' dir='ltr'><strong>ἅμα</strong></span> <span class='ocrx_word' id='word_1_711' title='bbox 3236 5202 3554 5282; x_wconf 89' lang='grc' dir='ltr'>γίγνεσθαι</span> <span class='ocrx_word' id='word_1_712' title='bbox 3584 5200 3680 5263; x_wconf 80' lang='grc' dir='ltr'><strong>καὶ</strong></span> <span class='ocrx_word' id='word_1_713' title='bbox 3715 5203 3952 5266; x_wconf 78' lang='grc' dir='ltr'>πολλὰς</span> <span class='ocrx_word' id='word_1_714' title='bbox 3977 5202 4082 5265; x_wconf 74' lang='grc' dir='ltr'>τὰς</span> <span class='ocrx_word' id='word_1_715' title='bbox 4110 5198 4365 5278; x_wconf 84' lang='grc' dir='ltr'>νοήσεις,</span> <span class='ocrx_word' id='word_1_716' title='bbox 4396 5223 4548 5265; x_wconf 84' lang='lat' dir='ltr'><strong>oon·</strong></span> 
     </span>
     <span class='ocr_line' id='line_1_94' title="bbox 2849 5299 4544 5386; baseline 0.001 -20"><span class='ocrx_word' id='word_1_717' title='bbox 2849 5302 3011 5366; x_wconf 86' lang='lat' dir='ltr'><strong>feras</strong></span> <span class='ocrx_word' id='word_1_718' title='bbox 3041 5301 3255 5365; x_wconf 89' lang='lat' dir='ltr'><strong>Nostri</strong></span> <span class='ocrx_word' id='word_1_719' title='bbox 3294 5301 3463 5365; x_wconf 90' lang='lat' dir='ltr'><strong>locos</strong></span> <span class='ocrx_word' id='word_1_720' title='bbox 3501 5300 3653 5365; x_wconf 88' lang='lat' dir='ltr'><strong>hos:</strong></span> <span class='ocrx_word' id='word_1_721' title='bbox 3707 5299 3849 5363; x_wconf 92' lang='lat'><strong>111.</strong></span> <span class='ocrx_word' id='word_1_722' title='bbox 3882 5299 3943 5363; x_wconf 89' lang='lat'><strong>8.</strong></span> <span class='ocrx_word' id='word_1_723' title='bbox 3994 5315 4050 5381; x_wconf 92' lang='lat'><strong>7.</strong></span> <span class='ocrx_word' id='word_1_724' title='bbox 4085 5299 4223 5363; x_wconf 92' lang='lat' dir='ltr'><strong>III.</strong></span> <span class='ocrx_word' id='word_1_725' title='bbox 4271 5319 4332 5383; x_wconf 94' lang='lat'><strong>9.</strong></span> <span class='ocrx_word' id='word_1_726' title='bbox 4363 5321 4428 5386; x_wconf 84' lang='lat'><strong>3.</strong></span> <span class='ocrx_word' id='word_1_727' title='bbox 4472 5304 4544 5368; x_wconf 86' lang='lat' dir='ltr'><strong>V.</strong></span> 
     </span>
     <span class='ocr_line' id='line_1_95' title="bbox 2851 5400 4547 5489; baseline -0.004 -21"><span class='ocrx_word' id='word_1_728' title='bbox 2851 5423 2912 5489; x_wconf 90' lang='grc'><strong>3.</strong></span> <span class='ocrx_word' id='word_1_729' title='bbox 2944 5421 3007 5488; x_wconf 89' lang='grc'><strong>5.</strong></span> <span class='ocrx_word' id='word_1_730' title='bbox 3101 5405 3273 5467; x_wconf 87' lang='lat' dir='ltr'><strong>Fons</strong></span> <span class='ocrx_word' id='word_1_731' title='bbox 3298 5418 3508 5467; x_wconf 89' lang='lat' dir='ltr'><strong>autem</strong></span> <span class='ocrx_word' id='word_1_732' title='bbox 3540 5402 3769 5466; x_wconf 91' lang='lat' dir='ltr'><strong>horum</strong></span> <span class='ocrx_word' id='word_1_733' title='bbox 3804 5400 4082 5465; x_wconf 86' lang='lat' dir='ltr'><strong>locorum</strong></span> <span class='ocrx_word' id='word_1_734' title='bbox 4113 5412 4207 5465; x_wconf 89' lang='lat' dir='ltr'><strong>est</strong></span> <span class='ocrx_word' id='word_1_735' title='bbox 4236 5400 4300 5464; x_wconf 89' lang='lat' dir='ltr'><strong>iu</strong></span> <span class='ocrx_word' id='word_1_736' title='bbox 4333 5403 4547 5469; x_wconf 81' lang='lat' dir='ltr'><strong>Plato.</strong></span> 
     </span>
     <span class='ocr_line' id='line_1_96' title="bbox 2852 5502 4550 5592; baseline 0.002 -23"><span class='ocrx_word' id='word_1_737' title='bbox 2852 5505 2949 5571; x_wconf 87' lang='lat' dir='ltr'><strong>nis</strong></span> <span class='ocrx_word' id='word_1_738' title='bbox 2974 5505 3219 5570; x_wconf 83' lang='lat' dir='ltr'><strong>Timaeo</strong></span> <span class='ocrx_word' id='word_1_739' title='bbox 3260 5528 3327 5592; x_wconf 92' lang='lat' dir='ltr'><strong>p.</strong></span> <span class='ocrx_word' id='word_1_740' title='bbox 3361 5506 3461 5569; x_wconf 83' lang='grc'><strong>28.</strong></span> <span class='ocrx_word' id='word_1_741' title='bbox 3494 5506 3576 5570; x_wconf 89' lang='grc' dir='ltr'><strong>Α.</strong></span> <span class='ocrx_word' id='word_1_742' title='bbox 3617 5527 3685 5591; x_wconf 89' lang='lat' dir='ltr'><strong>p.</strong></span> <span class='ocrx_word' id='word_1_743' title='bbox 3718 5522 3823 5569; x_wconf 83' lang='lat'><strong>22.</strong></span> <span class='ocrx_word' id='word_1_744' title='bbox 3870 5502 4073 5568; x_wconf 84' lang='lat' dir='ltr'><strong>Bekk.</strong></span> <span class='ocrx_word' id='word_1_745' title='bbox 4116 5518 4181 5567; x_wconf 88' lang='lat' dir='ltr'><strong>et</strong></span> <span class='ocrx_word' id='word_1_746' title='bbox 4220 5526 4283 5591; x_wconf 96' lang='lat' dir='ltr'><strong>p.</strong></span> <span class='ocrx_word' id='word_1_747' title='bbox 4312 5524 4419 5590; x_wconf 91' lang='grc'><strong>30.</strong></span> <span class='ocrx_word' id='word_1_748' title='bbox 4456 5510 4550 5573; x_wconf 88' lang='lat' dir='ltr'><strong>A.</strong></span> 
     </span>
    </p>
   </div>
  </div>
 </body>
</html>
