5118 6613
1330 520 1522 584 LIB.
1573 521 1710 585 IX.
1757 521 2217 586 ENNEAD.
2268 521 2751 599 QUARTAE.
2792 545 2859 610 p.
2890 521 3246 608 884—890.

552 698 890 778 φαίνονται.
924 695 1001 760 ὦς
1038 694 1134 756 καὶ
1174 694 1240 756 ἐν
1283 694 1505 778 ὁτῳοῦν
1547 694 1723 773 αὐτῆς
1764 692 1928 775 μέρει
1975 693 2126 758 εἶναι
2166 698 2243 759 ra

550 797 877 863 ὄλα.-καὶ
920 798 1130 876 ταύτης
1177 799 1277 875 τῆς
1333 797 1501 876 δόξης
1550 796 2086 878 ἀναμφισβητήτως
2127 798 2242 877 μέν

551 906 682 966 ἐστι
711 899 1064 980 Νουμήνιος,
1104 900 1172 962 οὗ
1210 898 1400 978 πάντη
1438 902 1503 963 δὲ
1541 898 2028 981 ὁμολογουμένως
2057 905 2236 963 Πλω-

547 1012 729 1084 τῖνος,
769 1001 1036 1069 ἀστάτως
1072 1004 1137 1066 δὲ
1177 1003 1244 1065 ἐν
1286 1003 1427 1082 αὐτῇ
1472 1001 1716 1084 φέρεται
1745 1000 2042 1081 Ἀμέλιος,
2076 1007 2239 1085 Πορ-

547 1111 758 1190 φύριος
800 1109 866 1172 δὲ
906 1105 1187 1182 ἑνδοιάζει
1214 1107 1350 1187 περὶ
1378 1105 1578 1184 αὐτὴν,
1607 1110 1688 1186 πῇ
1716 1107 1827 1185 μὲν
1857 1105 2235 1188 διατεταγμέ-

550 1236 663 1279 νως
707 1212 883 1290 αὐτῆς
914 1207 1332 1291 ἀφιστάμενος,
1370 1212 1451 1288 πῇ
1490 1211 1555 1272 δὲ
1598 1212 2055 1272 συνακολουθῶν
2095 1209 2237 1289 αὐτῇ

547 1315 625 1382 ὣς
681 1313 1082 1394 παραδοθείσῃ
1133 1312 1381 1385 ἄνωθεν,
1428 1329 1491 1375 et
1535 1335 1596 1398 p.
1629 1312 1787 1375 886:
1840 1312 1956 1376 Καὶ
1995 1317 2234 1376 Πλωτΐ-

546 1443 648 1484 νος
695 1442 812 1480 που
870 1415 964 1479 καὶ
1010 1413 1290 1495 Ἀμέλιος
1334 1416 1432 1479 ἐπὶ
1484 1418 1694 1495 ταύτης
1738 1415 1855 1479 εἰσὶ
1897 1418 1998 1495 τῆς
2048 1418 2235 1495 δόξης.

542 1520 780 1584 Ἐνίοτε
807 1520 922 1600 γδρ
952 1519 1028 1584 ὧς
1054 1519 1247 1598 ἄλλην
1276 1517 1385 1595 τὴν
1403 1518 1687 1598 μεριστὴν
1709 1517 1916 1602 ψυχὴν
1941 1520 2101 1599 παρὰ
2130 1518 2238 1597 τὴν

547 1624 720 1702 ὅλην,
753 1623 942 1686 ἐνίοτε
971 1622 1038 1684 δὲ
1072 1620 1253 1699 αὐτὴν
1285 1621 1430 1702 πρὸς
1458 1621 1688 1700 ἐκείνην
1733 1621 1883 1684 εἶναι
1927 1622 2236 1703 ἀφορίζον-

545 1750 662 1788 ται.
756 1721 1015 1787 Proclus
1060 1720 1123 1786 in
1186 1721 1466 1787 Institut.
1519 1723 1579 1786 T
1582 1721 1820 1809 heolog.
1873 1725 1932 1807 ξ.
1970 1723 2114 1801 184.
2167 1745 2228 1809 p.

550 1844 695 1908 274.
730 1823 1018 1911 sqq.‘tria
1045 1823 1390 1887 animarum
1436 1846 1665 1911 genera
1704 1824 1911 1911 ponit:
1960 1823 2229 1910 primum

541 1929 917 2005 divinarum,
960 1925 1222 1991 alterum
1255 1950 1492 2005 earum,
1524 1950 1669 2014 quae
1695 1949 1936 2014 semper
1965 1943 2231 1991 mentem

545 2031 942 2120 participant,
1000 2029 1253 2095 tertium
1309 2052 1546 2107 earum,
1598 2052 1744 2117 quae
1790 2052 1955 2093 nunc
2011 2029 2235 2094 mentis

547 2134 878 2224 participes
918 2146 1085 2211 sunt,
1114 2155 1282 2195 nunc
1322 2131 1403 2196 ab
1446 2155 1520 2196 ea
1563 2130 1930 2197 desciscunt.
2019 2134 2230 2197 Unam

542 2238 929 2324 eandemque
965 2235 1241 2299 omnium
1273 2259 1403 2299 esse
1430 2235 1697 2299 animam
1728 2237 2232 2300 Manichaeomm

542 2340 905 2407 sententiam
967 2362 1098 2403 esse
1152 2338 1304 2403 dicit
1361 2338 1706 2423 Gregorius
1769 2339 1832 2402 N
1834 2360 2097 2425 yssenus
2152 2337 2232 2402 de

548 2444 782 2509 Anima
813 2443 868 2507 1.
903 2465 967 2529 p.
993 2461 1093 2526 90.
1126 2464 1216 2527 sq.
1255 2454 1317 2504 et
1356 2438 1723 2527 explicatius
1760 2463 1826 2527 p.
1866 2458 2006 2525 103.
2041 2440 2226 2504 C.D.

544 2548 629 2612 ita
646 2547 895 2627 ε-μίαν
923 2546 988 2609 δὲ
1025 2545 1214 2624 μόνην
1255 2542 1407 2607 εἶναι
1445 2541 1721 2606 ἁπάντων
1762 2543 1971 2626 ψυχὴν
2010 2544 2231 2626 (φασὶν

544 2654 602 2716 οἱ
630 2652 986 2733 Μανιχαΐοι)
1014 2645 1649 2730 κατακερματιζομένην
1672 2648 1767 2710 καὶ
1796 2645 2224 2726 κατατεμνομέ-

543 2779 651 2833 νην
673 2756 756 2820 είς
782 2755 860 2816 ra
882 2748 1007 2815 καθ’
1033 2751 1286 2814 ἕκαστον
1309 2746 1571 2829 σώματα,
1599 2748 1845 2833 ἔμψυχα
1874 2749 1969 2812 καὶ
1999 2750 2227 2833 ἄψυχα·

544 2857 636 2920 καὶ
678 2858 754 2920 τὰ
783 2856 896 2934 μὲν
926 2853 1182 2917 πλείονα
1218 2852 1521 2936 [πλείονος
1559 2852 1825 2935 Mosen]
1876 2852 2052 2931 αὐτῆς
2089 2878 2226 2932 μετ-

545 2959 726 3043 έχειν,
761 2960 838 3021 τὰ
881 2958 946 3021 δὲ
991 2955 1323 3022 ἐλάττονος·
1371 2955 1650 3022 πλείονος
1689 2957 1803 3034 μὲν
1844 2958 1919 3019 τᾶ
1964 2957 2225 3039 ἔμψυχα,

544 3061 859 3127 ἐλάττονος
896 3060 963 3123 δὲ
1007 3061 1082 3122 ra
1119 3059 1352 3140 ἄψυχα,
1383 3062 1591 3144 πολλῷ
1622 3059 1687 3121 δὲ
1721 3059 2000 3125 πλείονος
2026 3061 2101 3121 τὰ
2129 3060 2225 3122 οὐ·

542 3164 716 3246 ράνια
743 3164 820 3230 ὥς
846 3164 948 3241 τῆς
983 3163 1239 3225 καθόλου
1268 3164 1469 3244 ψυχῆς
1495 3159 1642 3241 μέρη
1672 3163 1776 3227 τὰς
1815 3159 1939 3223 καθ’
1974 3162 2229 3224 ἕκαστον

545 3267 693 3332 εἶναι
721 3263 943 3349 ψυχάς.
992 3265 1088 3329 καὶ
1126 3267 1179 3329 εί
1216 3265 1328 3344 μὲν
1358 3264 1682 3345 ἆμερίστως
1713 3264 2049 3345 μερίζεσθαι
2087 3267 2225 3329 ταύ-

544 3396 647 3449 την
691 3370 980 3452 ἔφασκον,
1014 3369 1090 3434 ὡς
1122 3368 1230 3446 τὴν
1270 3368 1477 3450 φωνὴν
1515 3370 1581 3430 ἐν
1617 3372 1737 3433 τοῖς
1780 3369 2075 3442 ἀκούουσι,
2121 3367 2225 3448 μέ-

543 3498 701 3556 τριον
730 3471 807 3535 &v
826 3471 901 3550 ἦν
926 3470 995 3534 τὸ
1035 3472 1233 3535 κακόν·
1284 3475 1390 3534 νῦν
1431 3472 1496 3534 δὲ
1530 3469 1639 3549 τὴν
1678 3471 1890 3534 οὐσίαν
1921 3471 2101 3549 αὐτὴν
2128 3475 2230 3550 τῆς

541 3579 739 3660 ψυχῆς
768 3575 1249 3656 καταμερίζεσθαι
1276 3572 1545 3655 λέγουσι,
1574 3573 1668 3637 καὶ
1687 3572 1756 3635 τὸ
1780 3571 2018 3636 πάντων
2051 3582 2229 3658 χαλε-

541 3682 828 3752 πῶτατον,
859 3678 951 3742 ὅτι
981 3678 1193 3759 κυρίοις
1233 3676 1414 3755 αὐτὴν
1444 3676 1760 3759 στοιχείοις
1789 3674 1940 3740 εἶναι
1964 3678 2224 3755 βούλον-

540 3808 653 3856 ται,
696 3782 793 3845 καὶ
831 3781 1284 3862 συμμερίζεσθαι
1316 3781 1542 3845 τούτοις
1580 3780 1647 3842 ἐν
1684 3783 1753 3859 τῇ
1794 3784 1913 3842 τῶν
1940 3779 2227 3858 σωμάτων

541 3884 797 3969 γενέσει,
831 3883 926 3947 καὶ
959 3882 1146 3946 πάλιν
1175 3879 1258 3949 εἷς
1285 3881 1499 3945 ταύτὸν
1530 3880 1797 3945 συνιέναι
1824 3881 2227 3960 διαλυομένων

541 3995 654 4053 τῶν
683 3985 991 4066 σωμάτων,
1024 3985 1100 4051 ὧς
1125 3986 1277 4065 ὕδωρ
1306 3985 1705 4067 μεριζόμενον,
1738 3985 1833 4048 καὶ
1866 3984 2051 4048 πάλιν
2080 4011 2221 4049 συν-

542 4095 835 4174 αγόμενον
892 4089 988 4153 καὶ
1041 4090 1420 4170 μιγνύμενον.
1529 4086 1958 4152 Tertullianus
2014 4104 2220 4152 autem

543 4193 868 4258 Adversus
895 4189 1357 4255 Valentinianos
1393 4213 1447 4253 c.
1476 4209 1575 4274 29.
1616 4213 1677 4278 p.
1715 4191 1817 4254 26.
1856 4188 2093 4276 Rigalt.
2139 4190 2227 4254 ita

541 4295 748 4385 prodit
788 4294 1252 4358 Valentinianos
1280 4292 1534 4357 docere:
1587 4300 1629 4331 “
1653 4292 1739 4356 sic
1766 4308 1829 4357 et
1856 4293 2091 4357 animas
2112 4293 2229 4358 du-

543 4399 684 4488 plici
712 4395 1093 4486 proprietate
1119 4394 1499 4472 discernunt,
1530 4396 1723 4460 bonas
1749 4410 1811 4459 et
1855 4395 2082 4460 malas:
2132 4420 2225 4461 se-

543 4503 814 4569 cundum
860 4500 1141 4564 choicum
1189 4511 1416 4564 statum
1467 4501 1623 4563 Cain
1674 4503 1780 4580 (an
1825 4521 1905 4564 ea·
1955 4502 2118 4585 C.?)
2163 4518 2226 4564 et

545 4603 864 4671 animalem
894 4626 971 4668 ex
998 4601 1188 4681 Abel,
1218 4600 1554 4690 spiritalem
1586 4625 1662 4666 ex
1696 4601 1865 4669 Seth.
1968 4603 2068 4667 De
2110 4603 2224 4668 ob-

545 4706 848 4775 venientia
890 4705 1314 4793 superducunt
1361 4727 1484 4769 non
1530 4719 1838 4784 naturam,
1869 4705 1974 4770 sed
2020 4705 2226 4771 indul-

544 4810 838 4897 gentiam,
869 4824 940 4872 ut
980 4830 1140 4894 quos
1176 4806 1534 4871 Achamoth
1587 4807 1649 4871 in
1696 4807 2118 4894 superioribus
2159 4809 2221 4873 in

542 4913 773 4976 animas
803 4910 994 4975 bonas
1032 4908 1312 4996 depluat,
1341 4908 1408 4972 id
1451 4925 1544 4973 est
1586 4908 1831 4974 animali
1875 4911 2082 4974 censui
2129 4910 2221 4975 in-

544 5016 819 5102 scriptas.
908 5012 1217 5077 Choicum
1276 5011 1437 5076 enim
1499 5035 1721 5098 genus,
1766 5011 1828 5075 id
1884 5027 1977 5077 est
2035 5015 2225 5078 malas

540 5117 793 5193 animas,
825 5138 1144 5202 nunquam
1180 5139 1399 5200 capere
1443 5114 1752 5181 salutaria.
1850 5117 2220 5182 Immutabi-

543 5220 656 5285 lem
687 5218 848 5284 enim
882 5234 945 5281 et
987 5215 1494 5281 irreformabilem
1540 5233 1824 5281 naturam
1864 5218 2226 5304 pronuntia-

542 5320 821 5386 verunt.''
911 5319 1232 5384 Plotinum
1276 5319 1459 5383 etiam
1495 5319 1936 5383 Valentinianis
1970 5320 2224 5407 obloqui

542 5449 726 5514 supra
753 5422 832 5488 ad
865 5422 1005 5487 libri
1035 5424 1342 5488 adversus
1363 5424 1689 5488 Gnosticos
1710 5421 1954 5487 initium
1988 5425 2219 5487 monui-

545 5551 694 5593 mus.
766 5525 947 5591 Idem
982 5524 1412 5591 Tertullianus
1441 5527 1542 5589 De
1574 5525 1808 5590 Anima
1834 5548 1965 5612 cap.
2002 5527 2223 5591 XXV.

3901 526 4021 605 267

2327 717 2461 782 sqq.
2495 694 2604 759 ubi
2632 694 2832 759 varias
2859 694 3170 759 variorum
3200 692 3530 758 sententias
3558 694 3771 773 refert,
3797 694 4011 760 Plato·

2328 819 2467 862 nem
2497 797 2578 862 de
2607 821 2731 862 una
2763 797 2968 862 anima
3003 796 3531 885 pronuntiantem,
3564 798 3835 862 refutare
3877 814 4008 863 stu-

2326 898 2453 963 det.
2555 897 2983 964 Cassiodorius
3039 921 3093 961 c.
3140 899 3239 962 16.
3297 920 3362 985 p.
3399 915 3547 984 355.
3607 913 4009 986 posteaquam

2327 1001 2741 1066 Christianam
2795 1000 3139 1065 doctrinam
3185 999 3528 1064 animarum
3584 1024 3622 1065 a
3673 1003 3813 1066 Deo
3865 1025 4007 1089 pro-

2324 1119 2669 1169 creatarum
2715 1103 2943 1191 attigit,
2989 1103 3077 1167 ita
3117 1102 3356 1189 pergit:
3405 1105 3671 1190 peractis
3715 1104 3830 1182 his,
3862 1128 4007 1192 quae

2323 1206 2585 1272 dicenda
2626 1208 2904 1285 fuerunt,
2951 1228 3300 1293 congruum
3347 1205 3597 1271 videtur
3639 1207 3724 1275 de
3764 1207 4004 1273 anima-

2323 1334 2464 1375 rum
2494 1311 2685 1399 signis
2709 1311 3075 1397 indiciisque
3105 1309 3419 1374 disserere.
3512 1313 3700 1389 Quia,
3730 1312 3870 1377 licet
3898 1334 4001 1377 ea-

2322 1438 2467 1479 rum
2495 1416 2850 1481 substantia
2884 1436 3017 1479 una
3054 1434 3184 1478 esse
3218 1413 3532 1490 videatur,
3577 1414 3764 1502 longe
3799 1424 4004 1479 tamen

2322 1519 2686 1605 disparibus
2716 1518 3124 1606 qualitatibus
3163 1531 3527 1603 segregatur
3560 1516 3646 1589 (in
3683 1539 3880 1604 marg.
3908 1539 4004 1581 se-

2310 1632 2740 1709 gregantur).
3231 1615 3237 1621 ⁴

2405 1746 2466 1810 p.
2498 1723 2644 1808 889,
2669 1742 2729 1806 7.
2777 1727 2958 1807 ἐχρῆν
2997 1722 3138 1807 γὰρ]
3189 1720 3375 1799 Quod
3415 1720 3575 1785 cod.
3607 1720 3805 1787 Vatic.
3842 1738 4003 1786 cete-

2319 1825 2498 1912 roqui
2530 1826 2592 1889 in
2624 1826 2979 1890 accentibus
3006 1823 3348 1888 accuratior
3371 1823 3506 1887 aliis
3535 1823 3599 1887 h.
3617 1822 3656 1887 l.
3690 1824 3871 1908 ἔχρην
3899 1824 4008 1889 haf-

2320 1927 2447 2004 bet,
2470 1928 2595 1992 vid.
2619 1928 2891 1994 Fischer.
2919 1927 2999 1992 ad
3026 1925 3354 2014 Aristoph.
3388 1926 3557 1991 Plut.
3589 1929 3739 2008 406.
3766 1926 4006 1992 Matth.

2322 2031 2437 2096 Gr.
2497 2034 2615 2098 Gr.
2673 2034 2731 2116 ς.
2769 2049 2915 2118 255.
2966 2055 3031 2119 p.
3073 2050 3221 2115 497.
3267 2030 3366 2094 ed.
3417 2029 3593 2094 alter.
3639 2029 3787 2116 ibiq.
3834 2030 4003 2095 laud.

2321 2133 2668 2222 Goettling.
2714 2135 2794 2199 ad
2841 2133 3155 2198 Theodos.
3200 2132 3387 2197 Alex.
3433 2132 3716 2197 Gramm.
3763 2156 3827 2220 p.
3858 2133 4000 2197 218.

2316 2252 2379 2302 et
2418 2239 2790 2303 Buttmanni
2832 2237 3140 2302 ausfubrl.
3186 2238 3303 2301 Gr.
3346 2236 3628 2324 Sprachl.
3663 2237 3723 2320 ξ.
3761 2257 3901 2317 114.
3933 2261 4000 2325 p.

2320 2355 2465 2424 257.

2400 2480 2489 2492 —
2524 2443 2619 2506 16.
2670 2442 2746 2509 ὡς
2793 2442 3368 2524 ἄνθρωπος-ἑστὼς
3413 2440 3605 2526 ἔσται]
3659 2441 3786 2505 Hic
3830 2439 4001 2506 locus

2314 2543 2404 2609 ita
2431 2542 2731 2631 legendus
2762 2543 3045 2608 videtur:
3092 2542 3206 2611 Ὧς
3233 2545 3537 2625 ἄνθρωπος
3563 2545 3595 2608 ὁ
3629 2545 3696 2608 ἐν
3724 2545 3855 2624 ἐμοὶ
3885 2570 4002 2609 κιν-

2316 2649 2563 2735 ουμένῳ·
2613 2650 2680 2713 ἐν
2710 2650 2839 2728 ἐμοὶ
2874 2650 2985 2728 μὲν
3029 2649 3145 2730 γδρ
3181 2645 3499 2732 κινουμένῳ
3540 2648 3895 2726 κινούμενος,
3935 2650 4001 2713 ἐν

2316 2753 2415 2817 σοὶ
2443 2755 2507 2817 δὲ
2538 2754 2724 2819 ἑστὼς
2752 2754 2939 2815 ἔσται.

2398 2879 2460 2943 p.
2486 2855 2636 2940 890,
2669 2856 2764 2919 18.
2814 2857 2975 2918 ἀλλὰ
3001 2856 3144 2933 μίαν
3176 2851 3294 2935 (ita
3319 2874 3436 2939 pro
3463 2852 3580 2931 μὴν
3610 2851 3786 2939 posui
3817 2853 4000 2940 jussu

2313 2958 2815 3045 praestantiorum
2847 2955 3083 3040 Codd.)
3111 2957 3206 3020 καὶ
3233 2959 3459 3034 πλῆθος
3484 2954 3800 3043 λέγομεν]
3834 2957 4006 3020 Ean-

2314 3061 2456 3126 dem
2487 3060 2853 3125 sententiam
2896 3058 3152 3124 uberius
3188 3057 3458 3146 explicat
3502 3056 3765 3121 Procius
3791 3057 3854 3122 in
3887 3058 4005 3123 Al-

2314 3165 2434 3229 cib.
2476 3187 2574 3252 pr.
2607 3188 2662 3229 c.
2690 3165 2794 3228 82.
2826 3186 2915 3250 sq.
2948 3185 3010 3249 p.
3040 3153 3189 3241 2'46.
3230 3184 3365 3248 sqq.
3405 3158 3501 3224 ed.
3551 3176 3742 3225 nostr.
3787 3160 3896 3225 ubi
3938 3177 4005 3228 et

2313 3267 2433 3333 alia
2461 3281 2524 3332 et
2568 3268 2662 3353 (p.
2698 3267 2875 3349 248.)
2923 3264 3056 3330 haec
3098 3264 3429 3352 leguntur:
3475 3261 3745 3344 Ἀναβὰς
3779 3266 3844 3329 δὲ
3882 3267 4008 3331 ἐκεῖ

2316 3374 2411 3435 καὶ
2437 3373 2758 3453 γενόμενος
2789 3371 2856 3434 ἐν
2884 3374 3008 3436 τοῖς
3041 3366 3372 3447 ἀσωμάτοις
3410 3368 3555 3447 ὄψει
3592 3366 3698 3430 τὸν
3737 3355 4003 3451 ψυχικὸν

2314 3476 2543 3539 ἐκεῖνον
2565 3474 2713 3555 ὑπὲρ
2740 3475 2816 3535 τὰ
2844 3473 3087 3551 σώματα
3116 3469 3456 3547 διάκοσμον,
3484 3468 3863 3548 αὐτοκίνητον
3890 3473 4003 3550 μὲν

2315 3577 2410 3640 καὶ
2438 3575 2865 3657 αὖτενέργητον
2896 3575 2990 3637 καὶ
3019 3574 3202 3657 ἑαυτῷ
3234 3572 3329 3635 καὶ
3356 3569 3455 3652 ὑφ’
3490 3572 3700 3634 ἑαυτοῦ
3725 3571 3833 3651 τὴν
3852 3575 4000 3637 ὑπό-

2313 3702 2531 3741 στασιν
2563 3677 2800 3758 ἔχοντα,
2839 3671 3337 3753 πεπληθυσμένον
3387 3670 3497 3755 (ita
3539 3669 3903 3758 legendum)
3934 3676 4001 3738 δὲ

2312 3781 2466 3860 ὅμως
2495 3779 2592 3842 καὶ
2627 3780 2889 3860 ἔμφασιν
2920 3776 3331 3858 παρειληφότα
3365 3780 3487 3841 τοῖς
3526 3780 3825 3856 μεριστοῖς
3865 3779 4002 3859 περὶ

2312 3887 2432 3949 τοῖς
2462 3882 2734 3960 σώμασιν
2762 3879 3008 3952 οὐσίαις,
3045 3878 3222 3960 (fort.
3253 3880 3355 3957 τῆς
3381 3880 3658 3959 μεριστῆς
3685 3878 3890 3946 οὐσίας
3917 3880 3996 3943 cf.

2310 3985 2459 4048 Var.
2506 3985 2711 4068 Lect.)
2765 3983 2966 4063 λόγων
3017 3980 3262 4064 σχέσεις
3297 3985 3667 4060 παμπληθεῖς
3714 3981 3808 4045 καὶ
3854 3984 3998 4047 ἀνα-

2309 4089 2522 4171 λογίας
2551 4086 2645 4151 καὶ
2676 4084 2986 4152 συνθέσεις
3016 4085 3112 4148 καὶ
3139 4085 3257 4147 ὅλα
3281 4082 3429 4166 μέρη
3462 4083 3556 4147 καὶ
3593 4085 3839 4152 κύκλους
3876 4093 3997 4168 ψυ-

2310 4191 2511 4274 χικοὺς
2541 4190 2635 4253 καὶ
2664 4187 2965 4268 δυνάμεων
2989 4187 3288 4251 ποικιλίαν
3310 4185 3498 4266 θεάσῃ
3522 4186 3617 4250 καὶ
3644 4186 3752 4266 τὴν
3772 4190 4001 4253 τελειό-

2313 4319 2458 4373 τητα
2501 4280 2714 4357 αὐτῶν.
2741 4291 2847 4355 οὐκ
2893 4291 3082 4354 οὖσαν
3120 4290 3377 4363 αἰώνιον,
3424 4289 3560 4352 οὐδὲ
3602 4291 3750 4370 ὁμοῦ
3796 4294 4001 4355 πᾶσαν

2315 4398 2607 4470 ἑστῶσαν,
2642 4397 2803 4458 ἀλλὰ
2843 4390 2989 4457 κατὰ
3029 4393 3241 4473 κρόνον
3279 4391 3755 4472 ἀνελισσομένην
3799 4394 3896 4457 καὶ
3935 4395 4002 4458 ἐν

2312 4502 2589 4579 διεξόδοις
2614 4500 3032 4579 ὑφεστηκυῖαν.
3120 4494 3375 4573 Τοιαύτη
3414 4497 3529 4574 γᾶρ
3562 4495 3600 4573 ἡ
3639 4499 3841 4579 ψυχῆς
3884 4499 3998 4579 φύ.

2312 4630 2423 4672 σις.
2514 4605 2691 4667 Μετὰ
2748 4603 2812 4665 δὲ
2869 4599 2938 4663 τὸ
3000 4600 3067 4663 ἐν
3126 4603 3352 4681 ψυχαῖς
3407 4581 3634 4677 πλῆθος
3687 4599 3999 4667 ἀνάτεινον

2312 4706 2568 4771 σεαυτὸν
2601 4705 2697 4768 ἐπὶ
2728 4708 2870 4767 νοῦν
2901 4703 2997 4767 καὶ
3024 4704 3129 4769 τὰς
3168 4703 3376 4781 νοερᾶς
3400 4703 3737 4780 βασιλείας,
3772 4704 3872 4767 ἵνα
3897 4708 4000 4782 τῆς

2313 4812 2582 4876 ἑνῶσεως
2639 4806 2934 4887 ἀντιλάβῃ
2988 4810 3106 4868 τῶν
3163 4802 3523 4885 πραγμάτων
3583 4830 3634 4866 κ.
3659 4829 3714 4867 τ.
3736 4811 3796 4867 λ.
3890 4806 3995 4871 Cf.

2311 4911 2588 4998 ejusdem
2623 4907 2902 4974 Institut.
2938 4904 3250 4992 Theolog.
3282 4928 3333 4968 c.
3355 4905 3460 4968 62.
3492 4926 3556 4990 p.
3583 4906 3684 4987 96.
3719 4921 3910 4971 nostr.
3936 4923 4001 4974 et

2313 5011 2650 5101 Porphyrii
2682 5013 2986 5076 Sententt.
3024 5011 3177 5073 XV.
3210 5032 3268 5094 p.
3295 5025 3443 5093 323.
3475 5029 3602 5094 seq.
3638 5007 3995 5075 XXXIII.

2309 5140 2370 5204 p.
2396 5137 2539 5199 234.
2573 5131 2635 5179 et
2668 5114 3033 5178 XXXIX.
3067 5135 3133 5200 p.
3162 5114 3304 5194 246.
3339 5135 3473 5199 sqq.
3504 5126 3568 5175 et
3594 5111 3825 5199 inspice
3855 5113 4000 5179 Plo-

2313 5218 2511 5282 tinum
2542 5217 2746 5304 ipsum
2781 5237 2971 5302 supra
3002 5237 3063 5298 p.
3095 5214 3235 5299 189.
3263 5214 3337 5278 B.
3370 5228 3433 5277 et
3464 5213 3808 5301 praesertim
3837 5214 4000 5281 infra

2315 5344 2375 5408 p.
2398 5338 2544 5405 757.
2582 5320 2662 5382 D.
2686 5320 2768 5382 Ε.
2794 5342 2856 5405 p.
2885 5322 3025 5400 761.
3055 5319 3132 5382 C.
3162 5340 3228 5404 p.
3255 5317 3398 5400 766.
3428 5318 3513 5380 E.
3560 5315 3751 5381 Adde
3772 5317 3996 5386 Iambl.

2311 5448 2412 5511 ap.
2450 5423 2628 5488 Stob.
2661 5423 2759 5487 II.
2790 5445 2851 5510 p.
2878 5442 3029 5501 400.
3070 5421 3134 5484 in
3173 5421 3483 5508 Protrept.
3515 5443 3578 5508 p.
3601 5439 3708 5506 33.
3743 5437 3807 5487 et
3848 5425 4001 5489 Pro-

2309 5527 2474 5592 clum
2506 5526 2572 5590 in
2598 5523 2906 5592 Timaeum
2938 5546 3003 5611 p.
3032 5542 3183 5609 329.

2419 5636 2485 5687 M
2512 5640 2586 5686 m
2624 5621 2668 5685 2
