<?xml version="1.0" encoding="UTF-8"?>
<!DOCTYPE html PUBLIC "-//W3C//DTD XHTML 1.0 Transitional//EN"
    "http://www.w3.org/TR/xhtml1/DTD/xhtml1-transitional.dtd">
<html xmlns="http://www.w3.org/1999/xhtml" xml:lang="en" lang="en">
 <head>
  <title>
</title>
<meta http-equiv="Content-Type" content="text/html;charset=utf-8" />
  <meta name='ocr-system' content='tesseract 3.04.00' />
  <meta name='ocr-capabilities' content='ocr_page ocr_carea ocr_par ocr_line ocrx_word'/>
</head>
<body>
  <div class='ocr_page' id='page_1' title='image "./plotinioperaomn00chumgoog_0334.png"; bbox 0 0 5118 6613; ppageno 0'>
   <div class='ocr_carea' id='block_1_1' title="bbox 1008 514 1133 581">
    <p class='ocr_par' dir='ltr' id='par_1_1' title="bbox 1008 514 1133 581">
     <span class='ocr_line' id='line_1_1' title="bbox 1008 514 1133 581; baseline 0.016 -24"><span class='ocrx_word' id='word_1_1' title='bbox 1008 514 1133 581; x_wconf 85' lang='grc'>320</span> 
     </span>
    </p>
   </div>
   <div class='ocr_carea' id='block_1_2' title="bbox 991 665 2709 3644">
    <p class='ocr_par' dir='ltr' id='par_1_2' title="bbox 991 665 2709 3644">
     <span class='ocr_line' id='line_1_2' title="bbox 1011 665 2708 755; baseline 0 -23"><span class='ocrx_word' id='word_1_2' title='bbox 1011 685 1126 744; x_wconf 90' lang='lat' dir='ltr'>est,</span> <span class='ocrx_word' id='word_1_3' title='bbox 1179 667 1230 729; x_wconf 89' lang='lat' dir='ltr'>si</span> <span class='ocrx_word' id='word_1_4' title='bbox 1281 665 1505 730; x_wconf 91' lang='lat' dir='ltr'>horum</span> <span class='ocrx_word' id='word_1_5' title='bbox 1565 665 2044 753; x_wconf 89' lang='lat' dir='ltr'>philosophandi</span> <span class='ocrx_word' id='word_1_6' title='bbox 2104 667 2360 732; x_wconf 89' lang='lat' dir='ltr'>modum</span> <span class='ocrx_word' id='word_1_7' title='bbox 2421 668 2708 755; x_wconf 87' lang='lat' dir='ltr'>respicias</span> 
     </span>
     <span class='ocr_line' id='line_1_3' title="bbox 1013 770 2705 859; baseline -0.001 -22"><span class='ocrx_word' id='word_1_8' title='bbox 1013 773 1127 857; x_wconf 91' lang='lat' dir='ltr'>(cf.</span> <span class='ocrx_word' id='word_1_9' title='bbox 1164 770 1370 836; x_wconf 83' lang='lat' dir='ltr'>Buhle</span> <span class='ocrx_word' id='word_1_10' title='bbox 1399 771 1460 834; x_wconf 90' lang='lat' dir='ltr'>in</span> <span class='ocrx_word' id='word_1_11' title='bbox 1492 770 1666 836; x_wconf 89' lang='lat' dir='ltr'>Hist.</span> <span class='ocrx_word' id='word_1_12' title='bbox 1700 770 2065 859; x_wconf 87' lang='lat' dir='ltr'>Philosoph.</span> <span class='ocrx_word' id='word_1_13' title='bbox 2098 773 2158 835; x_wconf 92' lang='lat'>1.</span> <span class='ocrx_word' id='word_1_14' title='bbox 2202 795 2264 859; x_wconf 91' lang='lat' dir='ltr'>p.</span> <span class='ocrx_word' id='word_1_15' title='bbox 2302 776 2475 855; x_wconf 86' lang='grc'>227.)</span> <span class='ocrx_word' id='word_1_16' title='bbox 2508 788 2572 836; x_wconf 91' lang='lat' dir='ltr'>et</span> <span class='ocrx_word' id='word_1_17' title='bbox 2600 771 2705 835; x_wconf 88' lang='lat' dir='ltr'>fir-</span> 
     </span>
     <span class='ocr_line' id='line_1_4' title="bbox 1013 873 2707 962; baseline -0.001 -22"><span class='ocrx_word' id='word_1_18' title='bbox 1013 890 1220 940; x_wconf 88' lang='lat' dir='ltr'>matur</span> <span class='ocrx_word' id='word_1_19' title='bbox 1249 873 1611 939; x_wconf 84' lang='lat' dir='ltr'>testimoniis</span> <span class='ocrx_word' id='word_1_20' title='bbox 1659 873 1959 962; x_wconf 90' lang='lat' dir='ltr'>Simplicii</span> <span class='ocrx_word' id='word_1_21' title='bbox 1998 887 2061 939; x_wconf 89' lang='lat' dir='ltr'>et</span> <span class='ocrx_word' id='word_1_22' title='bbox 2102 874 2387 949; x_wconf 77' lang='lat' dir='ltr'>Boe‘thii;</span> <span class='ocrx_word' id='word_1_23' title='bbox 2434 897 2707 962; x_wconf 91' lang='lat' dir='ltr'>quorum</span> 
     </span>
     <span class='ocr_line' id='line_1_5' title="bbox 1011 976 2706 1066; baseline 0.001 -25"><span class='ocrx_word' id='word_1_24' title='bbox 1011 978 1115 1042; x_wconf 90' lang='lat' dir='ltr'>ille</span> <span class='ocrx_word' id='word_1_25' title='bbox 1159 977 1339 1066; x_wconf 86' lang='lat' dir='ltr'>praef.</span> <span class='ocrx_word' id='word_1_26' title='bbox 1368 976 1435 1040; x_wconf 87' lang='lat' dir='ltr'>in</span> <span class='ocrx_word' id='word_1_27' title='bbox 1465 977 1865 1065; x_wconf 85' lang='lat' dir='ltr'>Categorias:</span> <span class='ocrx_word' id='word_1_28' title='bbox 1912 976 2206 1061; x_wconf 84' lang='grc' dir='ltr'>Ἀρχύτου</span> <span class='ocrx_word' id='word_1_29' title='bbox 2235 982 2339 1041; x_wconf 85' lang='grc' dir='ltr'>τοῦ</span> <span class='ocrx_word' id='word_1_30' title='bbox 2368 983 2706 1061; x_wconf 88' lang='grc' dir='ltr'>Πυθαγορι-</span> 
     </span>
     <span class='ocr_line' id='line_1_6' title="bbox 1013 1078 2709 1162; baseline 0 -17"><span class='ocrx_word' id='word_1_31' title='bbox 1013 1086 1118 1145; x_wconf 81' lang='grc' dir='ltr'>κοῦ</span> <span class='ocrx_word' id='word_1_32' title='bbox 1146 1080 1242 1144; x_wconf 81' lang='grc' dir='ltr'>καὶ</span> <span class='ocrx_word' id='word_1_33' title='bbox 1267 1078 1381 1162; x_wconf 85' lang='grc' dir='ltr'>πρὸ</span> <span class='ocrx_word' id='word_1_34' title='bbox 1408 1079 1869 1162; x_wconf 81' lang='grc' dir='ltr'>Ἀριστοτέλους</span> <span class='ocrx_word' id='word_1_35' title='bbox 1896 1080 2005 1159; x_wconf 82' lang='grc' dir='ltr'>τὴν</span> <span class='ocrx_word' id='word_1_36' title='bbox 2036 1083 2119 1147; x_wconf 77' lang='grc' dir='ltr'>εἷς</span> <span class='ocrx_word' id='word_1_37' title='bbox 2148 1079 2290 1144; x_wconf 81' lang='grc' dir='ltr'>δέκα</span> <span class='ocrx_word' id='word_1_38' title='bbox 2317 1087 2434 1144; x_wconf 82' lang='grc' dir='ltr'>τῶν</span> <span class='ocrx_word' id='word_1_39' title='bbox 2462 1082 2709 1162; x_wconf 76' lang='grc' dir='ltr'>πρώτων</span> 
     </span>
     <span class='ocr_line' id='line_1_7' title="bbox 1010 1181 2708 1270; baseline 0 -23"><span class='ocrx_word' id='word_1_40' title='bbox 1010 1189 1204 1265; x_wconf 87' lang='grc' dir='ltr'>γενῶν</span> <span class='ocrx_word' id='word_1_41' title='bbox 1232 1181 1638 1263; x_wconf 83' lang='grc' dir='ltr'>ποιησαμένου</span> <span class='ocrx_word' id='word_1_42' title='bbox 1683 1185 1973 1264; x_wconf 74' lang='grc' dir='ltr'>διαίρεσιν</span> <span class='ocrx_word' id='word_1_43' title='bbox 2005 1185 2071 1245; x_wconf 70' lang='grc' dir='ltr'>ἐν</span> <span class='ocrx_word' id='word_1_44' title='bbox 2099 1186 2180 1269; x_wconf 72' lang='grc' dir='ltr'>τῷ</span> <span class='ocrx_word' id='word_1_45' title='bbox 2225 1184 2476 1270; x_wconf 78' lang='grc' dir='ltr'>βιβλίῳ,</span> <span class='ocrx_word' id='word_1_46' title='bbox 2509 1182 2542 1247; x_wconf 77' lang='grc' dir='ltr'>ὃ</span> <span class='ocrx_word' id='word_1_47' title='bbox 2572 1185 2708 1266; x_wconf 85' lang='grc' dir='ltr'>περὶ</span> 
     </span>
     <span class='ocr_line' id='line_1_8' title="bbox 1009 1283 2707 1368; baseline -0.001 -18"><span class='ocrx_word' id='word_1_48' title='bbox 1009 1292 1113 1352; x_wconf 84' lang='grc' dir='ltr'>τοῦ</span> <span class='ocrx_word' id='word_1_49' title='bbox 1162 1285 1383 1353; x_wconf 82' lang='grc' dir='ltr'>παντὸς</span> <span class='ocrx_word' id='word_1_50' title='bbox 1432 1284 1764 1368; x_wconf 78' lang='grc' dir='ltr'>ἐπέγραψε.</span> <span class='ocrx_word' id='word_1_51' title='bbox 1864 1285 1990 1364; x_wconf 82' lang='lat' dir='ltr'>Qui</span> <span class='ocrx_word' id='word_1_52' title='bbox 2041 1283 2197 1348; x_wconf 88' lang='lat' dir='ltr'>liber</span> <span class='ocrx_word' id='word_1_53' title='bbox 2240 1283 2403 1349; x_wconf 90' lang='lat' dir='ltr'>idem</span> <span class='ocrx_word' id='word_1_54' title='bbox 2455 1284 2707 1349; x_wconf 84' lang='lat' dir='ltr'>videtur</span> 
     </span>
     <span class='ocr_line' id='line_1_9' title="bbox 1008 1386 2703 1477; baseline -0.001 -23"><span class='ocrx_word' id='word_1_55' title='bbox 1008 1406 1199 1477; x_wconf 88' lang='lat' dir='ltr'>atque</span> <span class='ocrx_word' id='word_1_56' title='bbox 1242 1388 1366 1467; x_wconf 86' lang='lat' dir='ltr'>ille,</span> <span class='ocrx_word' id='word_1_57' title='bbox 1412 1411 1600 1476; x_wconf 88' lang='lat' dir='ltr'>quem</span> <span class='ocrx_word' id='word_1_58' title='bbox 1650 1388 1753 1452; x_wconf 90' lang='lat' dir='ltr'>alii</span> <span class='ocrx_word' id='word_1_59' title='bbox 1799 1387 2057 1453; x_wconf 81' lang='grc' dir='ltr'>καθόλου</span> <span class='ocrx_word' id='word_1_60' title='bbox 2101 1386 2321 1472; x_wconf 84' lang='grc' dir='ltr'>λόγους</span> <span class='ocrx_word' id='word_1_61' title='bbox 2365 1386 2703 1476; x_wconf 89' lang='lat' dir='ltr'>appellant,</span> 
     </span>
     <span class='ocr_line' id='line_1_10' title="bbox 1010 1491 2704 1580; baseline -0.001 -24"><span class='ocrx_word' id='word_1_62' title='bbox 1010 1515 1239 1580; x_wconf 89' lang='lat' dir='ltr'>magno</span> <span class='ocrx_word' id='word_1_63' title='bbox 1278 1493 1434 1556; x_wconf 89' lang='lat' dir='ltr'>Ger.</span> <span class='ocrx_word' id='word_1_64' title='bbox 1469 1491 1690 1556; x_wconf 88' lang='lat' dir='ltr'>Vossio</span> <span class='ocrx_word' id='word_1_65' title='bbox 1734 1491 1814 1556; x_wconf 87' lang='lat' dir='ltr'>de</span> <span class='ocrx_word' id='word_1_66' title='bbox 1862 1491 2095 1579; x_wconf 90' lang='lat' dir='ltr'>Logica</span> <span class='ocrx_word' id='word_1_67' title='bbox 2138 1493 2253 1555; x_wconf 89' lang='lat' dir='ltr'>lv.</span> <span class='ocrx_word' id='word_1_68' title='bbox 2292 1508 2351 1575; x_wconf 90' lang='lat'>7.</span> <span class='ocrx_word' id='word_1_69' title='bbox 2388 1510 2448 1555; x_wconf 90' lang='lat'>2.</span> <span class='ocrx_word' id='word_1_70' title='bbox 2500 1493 2704 1579; x_wconf 89' lang='lat' dir='ltr'>(Opp.</span> 
     </span>
     <span class='ocr_line' id='line_1_11' title="bbox 1010 1593 2702 1682; baseline -0.002 -21"><span class='ocrx_word' id='word_1_71' title='bbox 1010 1596 1148 1661; x_wconf 89' lang='lat' dir='ltr'>vol.</span> <span class='ocrx_word' id='word_1_72' title='bbox 1177 1597 1317 1660; x_wconf 91' lang='lat'>111.</span> <span class='ocrx_word' id='word_1_73' title='bbox 1351 1619 1414 1682; x_wconf 91' lang='lat' dir='ltr'>p.</span> <span class='ocrx_word' id='word_1_74' title='bbox 1447 1599 1624 1680; x_wconf 86' lang='lat'>213.)</span> <span class='ocrx_word' id='word_1_75' title='bbox 1660 1594 2049 1660; x_wconf 88' lang='lat' dir='ltr'>Themistius</span> <span class='ocrx_word' id='word_1_76' title='bbox 2078 1593 2356 1681; x_wconf 89' lang='lat' dir='ltr'>quidem,</span> <span class='ocrx_word' id='word_1_77' title='bbox 2381 1594 2702 1658; x_wconf 87' lang='lat' dir='ltr'>inventum</span> 
     </span>
     <span class='ocr_line' id='line_1_12' title="bbox 1006 1695 2702 1782; baseline -0.002 -18"><span class='ocrx_word' id='word_1_78' title='bbox 1006 1698 1164 1765; x_wconf 90' lang='lat' dir='ltr'>illud</span> <span class='ocrx_word' id='word_1_79' title='bbox 1193 1723 1305 1764; x_wconf 91' lang='lat' dir='ltr'>suo</span> <span class='ocrx_word' id='word_1_80' title='bbox 1335 1697 1659 1763; x_wconf 84' lang='lat' dir='ltr'>Aristoteli</span> <span class='ocrx_word' id='word_1_81' title='bbox 1690 1698 2003 1763; x_wconf 86' lang='lat' dir='ltr'>vindicare</span> <span class='ocrx_word' id='word_1_82' title='bbox 2047 1697 2326 1774; x_wconf 87' lang='lat' dir='ltr'>studens,</span> <span class='ocrx_word' id='word_1_83' title='bbox 2361 1695 2702 1782; x_wconf 84' lang='lat' dir='ltr'>Archytam</span> 
     </span>
     <span class='ocr_line' id='line_1_13' title="bbox 995 1800 2699 1894; baseline -0.002 -25"><span class='ocrx_word' id='word_1_84' title='bbox 995 1804 1312 1894; x_wconf 91' lang='lat' dir='ltr'>juniorem</span> <span class='ocrx_word' id='word_1_85' title='bbox 1370 1803 1857 1892; x_wconf 83' lang='lat' dir='ltr'>Peripateticum</span> <span class='ocrx_word' id='word_1_86' title='bbox 1918 1801 2083 1867; x_wconf 89' lang='lat' dir='ltr'>illius</span> <span class='ocrx_word' id='word_1_87' title='bbox 2139 1800 2327 1866; x_wconf 86' lang='lat' dir='ltr'>libelli</span> <span class='ocrx_word' id='word_1_88' title='bbox 2385 1817 2699 1866; x_wconf 87' lang='lat' dir='ltr'>auctorem</span> 
     </span>
     <span class='ocr_line' id='line_1_14' title="bbox 1004 1905 2705 1995; baseline -0.001 -23"><span class='ocrx_word' id='word_1_89' title='bbox 1004 1907 1238 1995; x_wconf 88' lang='lat' dir='ltr'>prodit,</span> <span class='ocrx_word' id='word_1_90' title='bbox 1285 1930 1489 1995; x_wconf 89' lang='lat' dir='ltr'>neque</span> <span class='ocrx_word' id='word_1_91' title='bbox 1537 1921 1743 1971; x_wconf 88' lang='lat' dir='ltr'>tamen</span> <span class='ocrx_word' id='word_1_92' title='bbox 1791 1906 2145 1993; x_wconf 82' lang='lat' dir='ltr'>persuadet.</span> <span class='ocrx_word' id='word_1_93' title='bbox 2243 1905 2396 1970; x_wconf 87' lang='lat' dir='ltr'>Alia</span> <span class='ocrx_word' id='word_1_94' title='bbox 2438 1905 2705 1993; x_wconf 83' lang='lat' dir='ltr'>quaestio</span> 
     </span>
     <span class='ocr_line' id='line_1_15' title="bbox 1003 2008 2703 2097; baseline -0.001 -21"><span class='ocrx_word' id='word_1_95' title='bbox 1003 2024 1120 2089; x_wconf 88' lang='lat' dir='ltr'>est,</span> <span class='ocrx_word' id='word_1_96' title='bbox 1152 2025 1365 2076; x_wconf 86' lang='lat' dir='ltr'>utrum</span> <span class='ocrx_word' id='word_1_97' title='bbox 1410 2009 1524 2074; x_wconf 90' lang='lat' dir='ltr'>iste</span> <span class='ocrx_word' id='word_1_98' title='bbox 1568 2008 1837 2090; x_wconf 88' lang='lat' dir='ltr'>libellus,</span> <span class='ocrx_word' id='word_1_99' title='bbox 1868 2009 1978 2097; x_wconf 91' lang='lat' dir='ltr'>qui</span> <span class='ocrx_word' id='word_1_100' title='bbox 2027 2008 2338 2096; x_wconf 87' lang='lat' dir='ltr'>hodieque</span> <span class='ocrx_word' id='word_1_101' title='bbox 2381 2024 2607 2086; x_wconf 86' lang='lat' dir='ltr'>exstat,</span> <span class='ocrx_word' id='word_1_102' title='bbox 2639 2025 2703 2074; x_wconf 87' lang='lat' dir='ltr'>et</span> 
     </span>
     <span class='ocr_line' id='line_1_16' title="bbox 1002 2110 2698 2203; baseline -0.002 -24"><span class='ocrx_word' id='word_1_103' title='bbox 1002 2137 1189 2203; x_wconf 87' lang='lat' dir='ltr'>quem</span> <span class='ocrx_word' id='word_1_104' title='bbox 1237 2129 1379 2202; x_wconf 90' lang='lat' dir='ltr'>post</span> <span class='ocrx_word' id='word_1_105' title='bbox 1419 2114 1572 2177; x_wconf 84' lang='lat' dir='ltr'>alios</span> <span class='ocrx_word' id='word_1_106' title='bbox 1615 2135 1819 2200; x_wconf 88' lang='lat' dir='ltr'>nuper</span> <span class='ocrx_word' id='word_1_107' title='bbox 1858 2112 1923 2176; x_wconf 91' lang='lat' dir='ltr'>in</span> <span class='ocrx_word' id='word_1_108' title='bbox 1960 2110 2297 2200; x_wconf 89' lang='lat' dir='ltr'>Opusculis</span> <span class='ocrx_word' id='word_1_109' title='bbox 2326 2113 2698 2176; x_wconf 84' lang='lat' dir='ltr'>Graecorum</span> 
     </span>
     <span class='ocr_line' id='line_1_17' title="bbox 1001 2213 2700 2301; baseline -0.002 -20"><span class='ocrx_word' id='word_1_110' title='bbox 1001 2234 1279 2283; x_wconf 86' lang='lat' dir='ltr'>veterum</span> <span class='ocrx_word' id='word_1_111' title='bbox 1311 2215 1696 2282; x_wconf 85' lang='lat' dir='ltr'>sententiosis</span> <span class='ocrx_word' id='word_1_112' title='bbox 1724 2229 1785 2280; x_wconf 89' lang='lat' dir='ltr'>et</span> <span class='ocrx_word' id='word_1_113' title='bbox 1820 2215 2160 2280; x_wconf 82' lang='lat' dir='ltr'>moralibus</span> <span class='ocrx_word' id='word_1_114' title='bbox 2178 2213 2319 2279; x_wconf 88' lang='lat' dir='ltr'>Vol.</span> <span class='ocrx_word' id='word_1_115' title='bbox 2343 2216 2438 2278; x_wconf 94' lang='lat' dir='ltr'>II.</span> <span class='ocrx_word' id='word_1_116' title='bbox 2464 2238 2526 2301; x_wconf 90' lang='lat' dir='ltr'>p.</span> <span class='ocrx_word' id='word_1_117' title='bbox 2554 2233 2700 2300; x_wconf 85' lang='lat'>273.</span> 
     </span>
     <span class='ocr_line' id='line_1_18' title="bbox 1001 2316 2702 2410; baseline -0.002 -24"><span class='ocrx_word' id='word_1_118' title='bbox 1001 2347 1139 2410; x_wconf 87' lang='lat' dir='ltr'>sqq.</span> <span class='ocrx_word' id='word_1_119' title='bbox 1187 2320 1384 2386; x_wconf 87' lang='lat' dir='ltr'>edidit</span> <span class='ocrx_word' id='word_1_120' title='bbox 1432 2321 1544 2383; x_wconf 88' lang='lat' dir='ltr'>J0.</span> <span class='ocrx_word' id='word_1_121' title='bbox 1580 2321 1770 2384; x_wconf 90' lang='lat' dir='ltr'>Conr.</span> <span class='ocrx_word' id='word_1_122' title='bbox 1808 2318 2080 2384; x_wconf 90' lang='lat' dir='ltr'>Orellius</span> <span class='ocrx_word' id='word_1_123' title='bbox 2124 2318 2305 2405; x_wconf 90' lang='lat' dir='ltr'>Lips.</span> <span class='ocrx_word' id='word_1_124' title='bbox 2348 2317 2531 2381; x_wconf 85' lang='lat'>1821.</span> <span class='ocrx_word' id='word_1_125' title='bbox 2583 2316 2702 2382; x_wconf 90' lang='lat' dir='ltr'>hoc</span> 
     </span>
     <span class='ocr_line' id='line_1_19' title="bbox 1001 2418 2697 2510; baseline -0.004 -20"><span class='ocrx_word' id='word_1_126' title='bbox 1001 2424 1187 2490; x_wconf 87' lang='lat' dir='ltr'>titulo</span> <span class='ocrx_word' id='word_1_127' title='bbox 1215 2423 1587 2510; x_wconf 85' lang='lat' dir='ltr'>inscriptus:</span> <span class='ocrx_word' id='word_1_128' title='bbox 1632 2422 1927 2506; x_wconf 80' lang='grc' dir='ltr'>Ἀρχύτου</span> <span class='ocrx_word' id='word_1_129' title='bbox 1969 2422 2270 2486; x_wconf 83' lang='grc' dir='ltr'>καθολικοὶ</span> <span class='ocrx_word' id='word_1_130' title='bbox 2312 2418 2488 2502; x_wconf 85' lang='grc' dir='ltr'>λόγοι</span> <span class='ocrx_word' id='word_1_131' title='bbox 2536 2420 2697 2495; x_wconf 81' lang='grc' dir='ltr'>δέκα,</span> 
     </span>
     <span class='ocr_line' id='line_1_20' title="bbox 998 2522 2697 2616; baseline -0.004 -22"><span class='ocrx_word' id='word_1_132' title='bbox 998 2528 1113 2594; x_wconf 88' lang='lat' dir='ltr'>iste</span> <span class='ocrx_word' id='word_1_133' title='bbox 1143 2527 1336 2616; x_wconf 87' lang='lat' dir='ltr'>igitur</span> <span class='ocrx_word' id='word_1_134' title='bbox 1367 2542 1580 2591; x_wconf 90' lang='lat' dir='ltr'>utrum</span> <span class='ocrx_word' id='word_1_135' title='bbox 1613 2525 1923 2611; x_wconf 83' lang='lat' dir='ltr'>Archytae</span> <span class='ocrx_word' id='word_1_136' title='bbox 1966 2523 2133 2589; x_wconf 89' lang='lat' dir='ltr'>illius</span> <span class='ocrx_word' id='word_1_137' title='bbox 2165 2522 2547 2612; x_wconf 83' lang='lat' dir='ltr'>Pythagorei</span> <span class='ocrx_word' id='word_1_138' title='bbox 2594 2522 2697 2603; x_wconf 92' lang='lat' dir='ltr'>sit,</span> 
     </span>
     <span class='ocr_line' id='line_1_21' title="bbox 999 2625 2695 2715; baseline -0.004 -19"><span class='ocrx_word' id='word_1_139' title='bbox 999 2655 1078 2697; x_wconf 88' lang='lat' dir='ltr'>an</span> <span class='ocrx_word' id='word_1_140' title='bbox 1126 2630 1285 2696; x_wconf 88' lang='lat' dir='ltr'>alius</span> <span class='ocrx_word' id='word_1_141' title='bbox 1329 2628 1615 2706; x_wconf 76' lang='lat' dir='ltr'>hominiS,</span> <span class='ocrx_word' id='word_1_142' title='bbox 1647 2628 1758 2715; x_wconf 90' lang='lat' dir='ltr'>qui</span> <span class='ocrx_word' id='word_1_143' title='bbox 1805 2628 1984 2692; x_wconf 89' lang='lat' dir='ltr'>nobis</span> <span class='ocrx_word' id='word_1_144' title='bbox 2020 2628 2240 2691; x_wconf 89' lang='lat' dir='ltr'>fucum</span> <span class='ocrx_word' id='word_1_145' title='bbox 2285 2627 2487 2691; x_wconf 88' lang='lat' dir='ltr'>facere</span> <span class='ocrx_word' id='word_1_146' title='bbox 2516 2625 2695 2690; x_wconf 90' lang='lat' dir='ltr'>volu-</span> 
     </span>
     <span class='ocr_line' id='line_1_22' title="bbox 997 2728 2697 2819; baseline -0.004 -20"><span class='ocrx_word' id='word_1_147' title='bbox 997 2734 1135 2799; x_wconf 89' lang='lat' dir='ltr'>erit.</span> <span class='ocrx_word' id='word_1_148' title='bbox 1227 2731 1415 2813; x_wconf 82' lang='lat' dir='ltr'>Quod</span> <span class='ocrx_word' id='word_1_149' title='bbox 1445 2730 1753 2819; x_wconf 86' lang='lat' dir='ltr'>posterius</span> <span class='ocrx_word' id='word_1_150' title='bbox 1782 2747 1855 2795; x_wconf 89' lang='lat' dir='ltr'>ut</span> <span class='ocrx_word' id='word_1_151' title='bbox 1886 2730 2293 2819; x_wconf 90' lang='lat' dir='ltr'>suspicemur,</span> <span class='ocrx_word' id='word_1_152' title='bbox 2324 2728 2474 2793; x_wconf 82' lang='lat' dir='ltr'>facit</span> <span class='ocrx_word' id='word_1_153' title='bbox 2505 2728 2697 2792; x_wconf 85' lang='lat' dir='ltr'>maxi-</span> 
     </span>
     <span class='ocr_line' id='line_1_23' title="bbox 1000 2831 2702 2922; baseline -0.004 -21"><span class='ocrx_word' id='word_1_154' title='bbox 1000 2860 1099 2901; x_wconf 87' lang='lat' dir='ltr'>me</span> <span class='ocrx_word' id='word_1_155' title='bbox 1127 2834 1309 2913; x_wconf 86' lang='lat' dir='ltr'>illud,</span> <span class='ocrx_word' id='word_1_156' title='bbox 1333 2833 1503 2922; x_wconf 88' lang='lat' dir='ltr'>quod</span> <span class='ocrx_word' id='word_1_157' title='bbox 1535 2857 1682 2921; x_wconf 84' lang='lat' dir='ltr'>quoe</span> <span class='ocrx_word' id='word_1_158' title='bbox 1715 2832 2070 2920; x_wconf 85' lang='lat' dir='ltr'>Simplicius</span> <span class='ocrx_word' id='word_1_159' title='bbox 2096 2856 2172 2896; x_wconf 84' lang='lat' dir='ltr'>ex</span> <span class='ocrx_word' id='word_1_160' title='bbox 2205 2831 2544 2918; x_wconf 89' lang='lat' dir='ltr'>Archyteis</span> <span class='ocrx_word' id='word_1_161' title='bbox 2576 2834 2702 2896; x_wconf 88' lang='lat' dir='ltr'>Ca-</span> 
     </span>
     <span class='ocr_line' id='line_1_24' title="bbox 998 2934 2691 3027; baseline -0.004 -24"><span class='ocrx_word' id='word_1_162' title='bbox 998 2938 1250 3027; x_wconf 86' lang='lat' dir='ltr'>tegoriis</span> <span class='ocrx_word' id='word_1_163' title='bbox 1274 2937 1339 3002; x_wconf 88' lang='lat' dir='ltr'>in</span> <span class='ocrx_word' id='word_1_164' title='bbox 1372 2935 1648 3000; x_wconf 87' lang='lat' dir='ltr'>medium</span> <span class='ocrx_word' id='word_1_165' title='bbox 1679 2936 1940 3023; x_wconf 88' lang='lat' dir='ltr'>profert,</span> <span class='ocrx_word' id='word_1_166' title='bbox 1976 2934 2439 3017; x_wconf 87' lang='lat' dir='ltr'>(exhibebimus</span> <span class='ocrx_word' id='word_1_167' title='bbox 2482 2950 2691 2998; x_wconf 89' lang='lat' dir='ltr'>autem</span> 
     </span>
     <span class='ocr_line' id='line_1_25' title="bbox 996 3037 2693 3127; baseline -0.003 -21"><span class='ocrx_word' id='word_1_168' title='bbox 996 3065 1075 3106; x_wconf 81' lang='lat' dir='ltr'>ex</span> <span class='ocrx_word' id='word_1_169' title='bbox 1098 3041 1216 3106; x_wconf 91' lang='lat' dir='ltr'>hoc</span> <span class='ocrx_word' id='word_1_170' title='bbox 1249 3038 1604 3105; x_wconf 87' lang='lat' dir='ltr'>Aristotelis</span> <span class='ocrx_word' id='word_1_171' title='bbox 1632 3040 1967 3127; x_wconf 86' lang='lat' dir='ltr'>interprete</span> <span class='ocrx_word' id='word_1_172' title='bbox 1994 3038 2255 3126; x_wconf 87' lang='lat' dir='ltr'>aliisque</span> <span class='ocrx_word' id='word_1_173' title='bbox 2284 3038 2497 3126; x_wconf 88' lang='lat' dir='ltr'>plures</span> <span class='ocrx_word' id='word_1_174' title='bbox 2524 3037 2693 3102; x_wconf 87' lang='lat' dir='ltr'>locos</span> 
     </span>
     <span class='ocr_line' id='line_1_26' title="bbox 996 3139 2691 3229; baseline -0.002 -21"><span class='ocrx_word' id='word_1_175' title='bbox 996 3143 1079 3209; x_wconf 92' lang='lat' dir='ltr'>ad</span> <span class='ocrx_word' id='word_1_176' title='bbox 1109 3143 1279 3207; x_wconf 90' lang='lat' dir='ltr'>hunc</span> <span class='ocrx_word' id='word_1_177' title='bbox 1308 3141 1533 3208; x_wconf 89' lang='lat' dir='ltr'>Plotini</span> <span class='ocrx_word' id='word_1_178' title='bbox 1561 3141 1792 3207; x_wconf 90' lang='lat' dir='ltr'>librum</span> <span class='ocrx_word' id='word_1_179' title='bbox 1838 3141 1966 3206; x_wconf 92' lang='lat' dir='ltr'>suis</span> <span class='ocrx_word' id='word_1_180' title='bbox 2002 3164 2290 3229; x_wconf 88' lang='lat' dir='ltr'>quosque</span> <span class='ocrx_word' id='word_1_181' title='bbox 2318 3139 2494 3225; x_wconf 88' lang='lat' dir='ltr'>locis)</span> <span class='ocrx_word' id='word_1_182' title='bbox 2526 3163 2597 3204; x_wconf 90' lang='lat' dir='ltr'>ea</span> <span class='ocrx_word' id='word_1_183' title='bbox 2627 3140 2691 3204; x_wconf 91' lang='lat' dir='ltr'>in</span> 
     </span>
     <span class='ocr_line' id='line_1_27' title="bbox 991 3243 2686 3334; baseline -0.002 -21"><span class='ocrx_word' id='word_1_184' title='bbox 991 3248 1112 3313; x_wconf 90' lang='lat' dir='ltr'>isto</span> <span class='ocrx_word' id='word_1_185' title='bbox 1138 3245 1347 3312; x_wconf 90' lang='lat' dir='ltr'>libello</span> <span class='ocrx_word' id='word_1_186' title='bbox 1376 3269 1499 3311; x_wconf 92' lang='lat' dir='ltr'>non</span> <span class='ocrx_word' id='word_1_187' title='bbox 1530 3244 1948 3334; x_wconf 89' lang='lat' dir='ltr'>reperiuntur.</span> <span class='ocrx_word' id='word_1_188' title='bbox 2021 3244 2200 3328; x_wconf 89' lang='lat' dir='ltr'>(vid.</span> <span class='ocrx_word' id='word_1_189' title='bbox 2231 3243 2502 3310; x_wconf 86' lang='lat' dir='ltr'>Fabricii</span> <span class='ocrx_word' id='word_1_190' title='bbox 2538 3244 2686 3310; x_wconf 90' lang='lat' dir='ltr'>Bib-</span> 
     </span>
     <span class='ocr_line' id='line_1_28' title="bbox 995 3348 2693 3437; baseline -0.002 -22"><span class='ocrx_word' id='word_1_191' title='bbox 995 3352 1175 3417; x_wconf 93' lang='lat' dir='ltr'>lioth.</span> <span class='ocrx_word' id='word_1_192' title='bbox 1209 3353 1418 3417; x_wconf 87' lang='lat' dir='ltr'>Graec.</span> <span class='ocrx_word' id='word_1_193' title='bbox 1449 3349 1590 3414; x_wconf 93' lang='lat' dir='ltr'>Vol.</span> <span class='ocrx_word' id='word_1_194' title='bbox 1625 3352 1681 3414; x_wconf 95' lang='lat' dir='ltr'>I.</span> <span class='ocrx_word' id='word_1_195' title='bbox 1728 3373 1793 3437; x_wconf 92' lang='lat' dir='ltr'>p.</span> <span class='ocrx_word' id='word_1_196' title='bbox 1828 3350 1975 3435; x_wconf 86' lang='lat'>834.</span> <span class='ocrx_word' id='word_1_197' title='bbox 2007 3348 2105 3413; x_wconf 91' lang='lat' dir='ltr'>ed.</span> <span class='ocrx_word' id='word_1_198' title='bbox 2141 3348 2387 3413; x_wconf 82' lang='lat' dir='ltr'>HarleS.</span> <span class='ocrx_word' id='word_1_199' title='bbox 2437 3349 2693 3412; x_wconf 88' lang='lat' dir='ltr'>Utram-</span> 
     </span>
     <span class='ocr_line' id='line_1_29' title="bbox 994 3451 2693 3543; baseline -0.002 -24"><span class='ocrx_word' id='word_1_200' title='bbox 994 3478 1119 3543; x_wconf 89' lang='lat' dir='ltr'>que</span> <span class='ocrx_word' id='word_1_201' title='bbox 1148 3453 1555 3542; x_wconf 86' lang='lat' dir='ltr'>quaestionem</span> <span class='ocrx_word' id='word_1_202' title='bbox 1587 3476 1710 3518; x_wconf 92' lang='lat' dir='ltr'>non</span> <span class='ocrx_word' id='word_1_203' title='bbox 1742 3451 2026 3518; x_wconf 83' lang='lat' dir='ltr'>distinxit</span> <span class='ocrx_word' id='word_1_204' title='bbox 2054 3454 2100 3516; x_wconf 88' lang='lat' dir='ltr'><strong>J</strong></span> <span class='ocrx_word' id='word_1_205' title='bbox 2104 3451 2376 3540; x_wconf 88' lang='lat' dir='ltr'>osephus</span> <span class='ocrx_word' id='word_1_206' title='bbox 2406 3452 2693 3515; x_wconf 86' lang='lat' dir='ltr'>Navarro</span> 
     </span>
     <span class='ocr_line' id='line_1_30' title="bbox 994 3554 2693 3644; baseline -0.002 -22"><span class='ocrx_word' id='word_1_207' title='bbox 994 3560 1057 3623; x_wconf 92' lang='lat' dir='ltr'>in</span> <span class='ocrx_word' id='word_1_208' title='bbox 1112 3557 1489 3623; x_wconf 87' lang='lat' dir='ltr'>Tentamine</span> <span class='ocrx_word' id='word_1_209' title='bbox 1545 3555 1627 3621; x_wconf 90' lang='lat' dir='ltr'>de</span> <span class='ocrx_word' id='word_1_210' title='bbox 1684 3556 1990 3644; x_wconf 79' lang='lat' dir='ltr'>Archytae</span> <span class='ocrx_word' id='word_1_211' title='bbox 2042 3554 2371 3620; x_wconf 88' lang='lat' dir='ltr'>Tarentini</span> <span class='ocrx_word' id='word_1_212' title='bbox 2430 3555 2573 3618; x_wconf 90' lang='lat' dir='ltr'>Vita</span> <span class='ocrx_word' id='word_1_213' title='bbox 2629 3573 2693 3619; x_wconf 88' lang='lat' dir='ltr'>et</span> 
     </span>
    </p>
   </div>
   <div class='ocr_carea' id='block_1_3' title="bbox 1195 3729 2749 4171">
    <p class='ocr_par' dir='ltr' id='par_1_3' title="bbox 1195 3729 2749 4171">
     <span class='ocr_line' id='line_1_31' title="bbox 1274 3729 2390 3796; baseline -0.004 0"><span class='ocrx_word' id='word_1_214' title='bbox 1274 3733 1474 3796; x_wconf 79' lang='grc' dir='ltr'>οὐσία.</span> <span class='ocrx_word' id='word_1_215' title='bbox 1777 3732 1994 3795; x_wconf 92' lang='grc' dir='ltr'>ποσόν.</span> <span class='ocrx_word' id='word_1_216' title='bbox 2196 3729 2390 3793; x_wconf 88' lang='grc' dir='ltr'>ποιόν.</span> 
     </span>
     <span class='ocr_line' id='line_1_32' title="bbox 1195 3838 2399 3911; baseline -0.001 -17"><span class='ocrx_word' id='word_1_217' title='bbox 1195 3838 1533 3911; x_wconf 76' lang='grc' dir='ltr'>Ἀνδρονίκος.</span> <span class='ocrx_word' id='word_1_218' title='bbox 1773 3840 1952 3909; x_wconf 80' lang='grc' dir='ltr'>μέγας.</span> <span class='ocrx_word' id='word_1_219' title='bbox 2193 3838 2399 3893; x_wconf 85' lang='grc' dir='ltr'>πιστός.</span> 
     </span>
     <span class='ocr_line' id='line_1_33' title="bbox 1295 3992 2749 4082; baseline 0 -23"><span class='ocrx_word' id='word_1_220' title='bbox 1295 3995 1463 4060; x_wconf 85' lang='grc' dir='ltr'>ποτέ.</span> <span class='ocrx_word' id='word_1_221' title='bbox 1785 3999 2015 4058; x_wconf 82' lang='grc' dir='ltr'>κεῖσθαι</span> <span class='ocrx_word' id='word_1_222' title='bbox 2188 3994 2317 4077; x_wconf 80' lang='grc' dir='ltr'>ἔχει</span> <span class='ocrx_word' id='word_1_223' title='bbox 2349 3992 2502 4081; x_wconf 84' lang='lat' dir='ltr'>(leg.</span> <span class='ocrx_word' id='word_1_224' title='bbox 2535 3996 2749 4082; x_wconf 83' lang='grc' dir='ltr'>ἔχειν.)</span> 
     </span>
     <span class='ocr_line' id='line_1_34' title="bbox 1777 4101 2534 4171; baseline 0.003 -17"><span class='ocrx_word' id='word_1_225' title='bbox 1777 4102 1960 4158; x_wconf 75' lang='grc' dir='ltr'>ἐστ-ὧς.</span> <span class='ocrx_word' id='word_1_226' title='bbox 2191 4101 2534 4171; x_wconf 72' lang='grc' dir='ltr'>ὡπλισμένος.</span> 
     </span>
    </p>
   </div>
   <div class='ocr_carea' id='block_1_4' title="bbox 1988 486 3502 562">
    <p class='ocr_par' dir='ltr' id='par_1_4' title="bbox 1988 486 3502 562">
     <span class='ocr_line' id='line_1_35' title="bbox 1988 486 3502 562; baseline 0.001 -4"><span class='ocrx_word' id='word_1_227' title='bbox 1988 486 2812 560; x_wconf 85' lang='lat' dir='ltr'>ANNOTATIONES</span> <span class='ocrx_word' id='word_1_228' title='bbox 2877 498 2988 562; x_wconf 94' lang='lat' dir='ltr'>IN</span> <span class='ocrx_word' id='word_1_229' title='bbox 3055 497 3502 562; x_wconf 89' lang='lat' dir='ltr'>PLOTINI</span> 
     </span>
    </p>
   </div>
   <div class='ocr_carea' id='block_1_5' title="bbox 2776 669 4496 3541">
    <p class='ocr_par' dir='ltr' id='par_1_5' title="bbox 2776 669 4496 3541">
     <span class='ocr_line' id='line_1_36' title="bbox 2798 669 4496 757; baseline 0.001 -24"><span class='ocrx_word' id='word_1_230' title='bbox 2798 669 3077 757; x_wconf 80' lang='lat' dir='ltr'>ScriptiS.</span> <span class='ocrx_word' id='word_1_231' title='bbox 3129 670 3401 734; x_wconf 82' lang='lat' dir='ltr'>Havniae</span> <span class='ocrx_word' id='word_1_232' title='bbox 3453 671 3635 734; x_wconf 87' lang='lat'>1820.</span> <span class='ocrx_word' id='word_1_233' title='bbox 3685 693 3750 757; x_wconf 92' lang='lat' dir='ltr'>p.</span> <span class='ocrx_word' id='word_1_234' title='bbox 3791 689 3899 751; x_wconf 92' lang='lat'>40.</span> <span class='ocrx_word' id='word_1_235' title='bbox 3944 675 4072 756; x_wconf 90' lang='lat' dir='ltr'>sq.)</span> <span class='ocrx_word' id='word_1_236' title='bbox 4164 671 4376 757; x_wconf 88' lang='lat' dir='ltr'>Atque</span> <span class='ocrx_word' id='word_1_237' title='bbox 4422 684 4496 735; x_wconf 86' lang='lat' dir='ltr'>ut</span> 
     </span>
     <span class='ocr_line' id='line_1_37' title="bbox 2799 772 4488 861; baseline 0.001 -26"><span class='ocrx_word' id='word_1_238' title='bbox 2799 772 3115 861; x_wconf 84' lang='lat' dir='ltr'>Archytas</span> <span class='ocrx_word' id='word_1_239' title='bbox 3146 772 3528 837; x_wconf 89' lang='lat' dir='ltr'>Tarentinus</span> <span class='ocrx_word' id='word_1_240' title='bbox 3571 772 3812 859; x_wconf 92' lang='lat' dir='ltr'>primus</span> <span class='ocrx_word' id='word_1_241' title='bbox 3855 772 4100 859; x_wconf 84' lang='lat' dir='ltr'>scripsit</span> <span class='ocrx_word' id='word_1_242' title='bbox 4132 773 4212 838; x_wconf 89' lang='lat' dir='ltr'>de</span> <span class='ocrx_word' id='word_1_243' title='bbox 4249 774 4488 861; x_wconf 77' lang='lat' dir='ltr'>praedi·</span> 
     </span>
     <span class='ocr_line' id='line_1_38' title="bbox 2793 874 4495 959; baseline 0.001 -21"><span class='ocrx_word' id='word_1_244' title='bbox 2793 878 3094 940; x_wconf 56' lang='lat' dir='ltr'>cameratis</span> <span class='ocrx_word' id='word_1_245' title='bbox 3168 878 3331 958; x_wconf 85' lang='grc' dir='ltr'>(περὶ</span> <span class='ocrx_word' id='word_1_246' title='bbox 3405 880 3841 959; x_wconf 77' lang='grc' dir='ltr'>Κατηγοριῶν),</span> <span class='ocrx_word' id='word_1_247' title='bbox 3902 875 3991 939; x_wconf 85' lang='lat' dir='ltr'>ita</span> <span class='ocrx_word' id='word_1_248' title='bbox 4050 874 4495 941; x_wconf 87' lang='lat' dir='ltr'>Clinomachus</span> 
     </span>
     <span class='ocr_line' id='line_1_39' title="bbox 2796 978 4494 1067; baseline 0.001 -25"><span class='ocrx_word' id='word_1_249' title='bbox 2796 978 3084 1043; x_wconf 88' lang='lat' dir='ltr'>Thurius</span> <span class='ocrx_word' id='word_1_250' title='bbox 3127 979 3367 1066; x_wconf 88' lang='lat' dir='ltr'>primus</span> <span class='ocrx_word' id='word_1_251' title='bbox 3411 979 3724 1065; x_wconf 88' lang='lat' dir='ltr'>scripsisse</span> <span class='ocrx_word' id='word_1_252' title='bbox 3768 979 3972 1043; x_wconf 87' lang='lat' dir='ltr'>fertur</span> <span class='ocrx_word' id='word_1_253' title='bbox 4000 979 4080 1043; x_wconf 87' lang='lat' dir='ltr'>de</span> <span class='ocrx_word' id='word_1_254' title='bbox 4117 979 4494 1067; x_wconf 68' lang='lat' dir='ltr'>proedicatis</span> 
     </span>
     <span class='ocr_line' id='line_1_40' title="bbox 2798 1078 4490 1167; baseline 0.001 -23"><span class='ocrx_word' id='word_1_255' title='bbox 2798 1081 3018 1167; x_wconf 89' lang='lat' dir='ltr'>(Diog.</span> <span class='ocrx_word' id='word_1_256' title='bbox 3057 1082 3266 1145; x_wconf 69' lang='lat' dir='ltr'>Laert.</span> <span class='ocrx_word' id='word_1_257' title='bbox 3304 1082 3400 1144; x_wconf 92' lang='lat' dir='ltr'>II.</span> <span class='ocrx_word' id='word_1_258' title='bbox 3442 1098 3561 1144; x_wconf 83' lang='lat'>112</span> <span class='ocrx_word' id='word_1_259' title='bbox 3596 1104 3609 1143; x_wconf 75' lang='grc' dir='ltr'><strong><em>ε</em></strong></span> <span class='ocrx_word' id='word_1_260' title='bbox 3679 1078 4094 1164; x_wconf 84' lang='grc' dir='ltr'>Κλεινόμαχός</span> <span class='ocrx_word' id='word_1_261' title='bbox 4138 1105 4205 1144; x_wconf 88' lang='grc' dir='ltr'>τε</span> <span class='ocrx_word' id='word_1_262' title='bbox 4248 1082 4282 1144; x_wconf 83' lang='grc' dir='ltr'>ὁ</span> <span class='ocrx_word' id='word_1_263' title='bbox 4327 1082 4490 1146; x_wconf 83' lang='grc' dir='ltr'>Θού-</span> 
     </span>
     <span class='ocr_line' id='line_1_41' title="bbox 2791 1182 4490 1266; baseline -0.001 -18"><span class='ocrx_word' id='word_1_264' title='bbox 2791 1210 2934 1266; x_wconf 79' lang='grc' dir='ltr'>ριος,</span> <span class='ocrx_word' id='word_1_265' title='bbox 2968 1183 3032 1251; x_wconf 78' lang='grc' dir='ltr'>ὃς</span> <span class='ocrx_word' id='word_1_266' title='bbox 3056 1190 3284 1266; x_wconf 80' lang='grc' dir='ltr'>πρῶτος</span> <span class='ocrx_word' id='word_1_267' title='bbox 3326 1184 3462 1265; x_wconf 86' lang='grc' dir='ltr'>περὶ</span> <span class='ocrx_word' id='word_1_268' title='bbox 3501 1182 3844 1263; x_wconf 75' lang='grc' dir='ltr'>ἀξιωμάτων</span> <span class='ocrx_word' id='word_1_269' title='bbox 3876 1184 3970 1247; x_wconf 83' lang='grc' dir='ltr'>καὶ</span> <span class='ocrx_word' id='word_1_270' title='bbox 3998 1183 4490 1266; x_wconf 84' lang='grc' dir='ltr'>κατηγορημάτων</span> 
     </span>
     <span class='ocr_line' id='line_1_42' title="bbox 2792 1287 4493 1373; baseline -0.001 -20"><span class='ocrx_word' id='word_1_271' title='bbox 2792 1288 3252 1371; x_wconf 78' lang='grc' dir='ltr'>-σ-υνέγραψε.</span> <span class='ocrx_word' id='word_1_272' title='bbox 3338 1289 3500 1366; x_wconf 81' lang='lat' dir='ltr'>Quae</span> <span class='ocrx_word' id='word_1_273' title='bbox 3528 1308 3728 1373; x_wconf 86' lang='lat' dir='ltr'>quum</span> <span class='ocrx_word' id='word_1_274' title='bbox 3758 1287 3839 1350; x_wconf 90' lang='lat' dir='ltr'>ad</span> <span class='ocrx_word' id='word_1_275' title='bbox 3871 1287 4132 1351; x_wconf 87' lang='lat' dir='ltr'>verbum</span> <span class='ocrx_word' id='word_1_276' title='bbox 4166 1300 4493 1351; x_wconf 88' lang='lat' dir='ltr'>mutuatus</span> 
     </span>
     <span class='ocr_line' id='line_1_43' title="bbox 2794 1387 4491 1478; baseline 0 -25"><span class='ocrx_word' id='word_1_277' title='bbox 2794 1389 2872 1454; x_wconf 92' lang='lat' dir='ltr'>sit</span> <span class='ocrx_word' id='word_1_278' title='bbox 2920 1413 2958 1454; x_wconf 87' lang='lat' dir='ltr'>a</span> <span class='ocrx_word' id='word_1_279' title='bbox 3001 1392 3155 1455; x_wconf 89' lang='lat' dir='ltr'>Ger.</span> <span class='ocrx_word' id='word_1_280' title='bbox 3194 1389 3409 1454; x_wconf 89' lang='lat' dir='ltr'>Vossio</span> <span class='ocrx_word' id='word_1_281' title='bbox 3455 1387 3565 1453; x_wconf 85' lang='lat' dir='ltr'>1.l.</span> <span class='ocrx_word' id='word_1_282' title='bbox 3623 1390 3910 1454; x_wconf 88' lang='lat' dir='ltr'>Navarro</span> <span class='ocrx_word' id='word_1_283' title='bbox 3964 1413 4028 1478; x_wconf 94' lang='lat' dir='ltr'>p.</span> <span class='ocrx_word' id='word_1_284' title='bbox 4058 1408 4168 1477; x_wconf 90' lang='grc'>37,</span> <span class='ocrx_word' id='word_1_285' title='bbox 4220 1389 4491 1455; x_wconf 86' lang='lat' dir='ltr'>debebat</span> 
     </span>
     <span class='ocr_line' id='line_1_44' title="bbox 2792 1492 4491 1558; baseline 0.001 -2"><span class='ocrx_word' id='word_1_286' title='bbox 2792 1493 2977 1557; x_wconf 88' lang='lat' dir='ltr'>etiam</span> <span class='ocrx_word' id='word_1_287' title='bbox 3023 1492 3179 1556; x_wconf 91' lang='lat' dir='ltr'>illud</span> <span class='ocrx_word' id='word_1_288' title='bbox 3231 1516 3309 1556; x_wconf 88' lang='lat' dir='ltr'>ex</span> <span class='ocrx_word' id='word_1_289' title='bbox 3353 1492 3570 1556; x_wconf 91' lang='lat' dir='ltr'>eodem</span> <span class='ocrx_word' id='word_1_290' title='bbox 3617 1492 3883 1557; x_wconf 82' lang='lat' dir='ltr'>addere:</span> <span class='ocrx_word' id='word_1_291' title='bbox 3934 1493 4088 1557; x_wconf 85' lang='lat' dir='ltr'>falso</span> <span class='ocrx_word' id='word_1_292' title='bbox 4133 1493 4269 1558; x_wconf 82' lang='lat' dir='ltr'>hoec</span> <span class='ocrx_word' id='word_1_293' title='bbox 4311 1515 4491 1557; x_wconf 71' lang='lat' dir='ltr'>versa</span> 
     </span>
     <span class='ocr_line' id='line_1_45' title="bbox 2793 1594 4484 1685; baseline 0.001 -27"><span class='ocrx_word' id='word_1_294' title='bbox 2793 1619 2924 1660; x_wconf 89' lang='lat' dir='ltr'>esse</span> <span class='ocrx_word' id='word_1_295' title='bbox 2952 1618 3016 1671; x_wconf 71' lang='lat' dir='ltr'>,a</span> <span class='ocrx_word' id='word_1_296' title='bbox 3062 1594 3365 1681; x_wconf 85' lang='lat' dir='ltr'>Diogenis</span> <span class='ocrx_word' id='word_1_297' title='bbox 3405 1595 3786 1683; x_wconf 85' lang='lat' dir='ltr'>interprete:</span> <span class='ocrx_word' id='word_1_298' title='bbox 3833 1597 3910 1661; x_wconf 76' lang='lat' dir='ltr'>de</span> <span class='ocrx_word' id='word_1_299' title='bbox 3949 1597 4484 1685; x_wconf 57' lang='lat' dir='ltr'>proedicamentk.</span> 
     </span>
     <span class='ocr_line' id='line_1_46' title="bbox 2794 1698 4485 1780; baseline 0.001 -19"><span class='ocrx_word' id='word_1_300' title='bbox 2794 1699 2958 1762; x_wconf 89' lang='lat' dir='ltr'>Nam</span> <span class='ocrx_word' id='word_1_301' title='bbox 3004 1699 3344 1780; x_wconf 85' lang='grc' dir='ltr'>κατηγορίαι</span> <span class='ocrx_word' id='word_1_302' title='bbox 3386 1714 3557 1778; x_wconf 89' lang='lat' dir='ltr'>sunt,</span> <span class='ocrx_word' id='word_1_303' title='bbox 3591 1714 3891 1763; x_wconf 87' lang='lat' dir='ltr'>vocantur</span> <span class='ocrx_word' id='word_1_304' title='bbox 3919 1715 4085 1764; x_wconf 89' lang='lat' dir='ltr'>certe</span> <span class='ocrx_word' id='word_1_305' title='bbox 4127 1722 4166 1763; x_wconf 83' lang='lat' dir='ltr'>a</span> <span class='ocrx_word' id='word_1_306' title='bbox 4197 1698 4485 1778; x_wconf 67' lang='lat' dir='ltr'>Boethio,</span> 
     </span>
     <span class='ocr_line' id='line_1_47' title="bbox 2784 1801 4484 1889; baseline 0.002 -26"><span class='ocrx_word' id='word_1_307' title='bbox 2784 1801 3278 1887; x_wconf 65' lang='lat' dir='ltr'>praedicamenta</span> <span class='ocrx_word' id='word_1_308' title='bbox 3295 1826 3317 1864; x_wconf 90' lang='lat'>.·</span> <span class='ocrx_word' id='word_1_309' title='bbox 3363 1801 3828 1884; x_wconf 84' lang='grc' dir='ltr'>κατηγορήματα,</span> <span class='ocrx_word' id='word_1_310' title='bbox 3852 1803 4228 1889; x_wconf 65' lang='lat' dir='ltr'>praedicata.</span> <span class='ocrx_word' id='word_1_311' title='bbox 4318 1802 4484 1865; x_wconf 76' lang='lat' dir='ltr'>Haec</span> 
     </span>
     <span class='ocr_line' id='line_1_48' title="bbox 2789 1903 4479 1994; baseline 0.004 -28"><span class='ocrx_word' id='word_1_312' title='bbox 2789 1903 2972 1967; x_wconf 89' lang='lat' dir='ltr'>etiam</span> <span class='ocrx_word' id='word_1_313' title='bbox 3008 1903 3485 1988; x_wconf 82' lang='grc' dir='ltr'>κατηγορούμενα</span> <span class='ocrx_word' id='word_1_314' title='bbox 3525 1922 3588 1970; x_wconf 88' lang='lat' dir='ltr'>et</span> <span class='ocrx_word' id='word_1_315' title='bbox 3625 1907 4065 1994; x_wconf 66' lang='lat' dir='ltr'>praedicabilia</span> <span class='ocrx_word' id='word_1_316' title='bbox 4101 1924 4294 1993; x_wconf 88' lang='lat' dir='ltr'>atque</span> <span class='ocrx_word' id='word_1_317' title='bbox 4332 1933 4479 1987; x_wconf 86' lang='grc' dir='ltr'>συμ-</span> 
     </span>
     <span class='ocr_line' id='line_1_49' title="bbox 2787 2005 4483 2098; baseline 0.003 -28"><span class='ocrx_word' id='word_1_318' title='bbox 2787 2005 3032 2085; x_wconf 84' lang='grc' dir='ltr'>βάματα</span> <span class='ocrx_word' id='word_1_319' title='bbox 3059 2006 3378 2073; x_wconf 88' lang='lat' dir='ltr'>dicuntur.</span> <span class='ocrx_word' id='word_1_320' title='bbox 3441 2008 3581 2073; x_wconf 90' lang='lat' dir='ltr'>Vid.</span> <span class='ocrx_word' id='word_1_321' title='bbox 3617 2011 3793 2073; x_wconf 87' lang='lat' dir='ltr'>Voss.</span> <span class='ocrx_word' id='word_1_322' title='bbox 3821 2008 3864 2072; x_wconf 88' lang='grc'>1.</span> <span class='ocrx_word' id='word_1_323' title='bbox 3891 2011 3933 2074; x_wconf 91' lang='lat' dir='ltr'>l.</span> <span class='ocrx_word' id='word_1_324' title='bbox 3962 2025 4024 2075; x_wconf 88' lang='lat' dir='ltr'>et</span> <span class='ocrx_word' id='word_1_325' title='bbox 4053 2010 4268 2075; x_wconf 88' lang='lat' dir='ltr'>confer</span> <span class='ocrx_word' id='word_1_326' title='bbox 4293 2011 4483 2098; x_wconf 88' lang='lat' dir='ltr'>Wyt-</span> 
     </span>
     <span class='ocr_line' id='line_1_50' title="bbox 2788 2108 4477 2200; baseline 0.002 -27"><span class='ocrx_word' id='word_1_327' title='bbox 2788 2108 3098 2173; x_wconf 85' lang='lat' dir='ltr'>tenbachii</span> <span class='ocrx_word' id='word_1_328' title='bbox 3130 2112 3453 2196; x_wconf 84' lang='lat' dir='ltr'>Praecepta</span> <span class='ocrx_word' id='word_1_329' title='bbox 3499 2110 3920 2198; x_wconf 77' lang='lat' dir='ltr'>Philosophiae</span> <span class='ocrx_word' id='word_1_330' title='bbox 3950 2111 4207 2200; x_wconf 85' lang='lat' dir='ltr'>Logicae</span> <span class='ocrx_word' id='word_1_331' title='bbox 4239 2113 4293 2177; x_wconf 88' lang='grc' dir='ltr'>Ι.</span> <span class='ocrx_word' id='word_1_332' title='bbox 4323 2133 4383 2199; x_wconf 87' lang='grc'>3.</span> <span class='ocrx_word' id='word_1_333' title='bbox 4419 2131 4477 2178; x_wconf 93' lang='grc'>2.</span> 
     </span>
     <span class='ocr_line' id='line_1_51' title="bbox 2789 2214 4478 2303; baseline 0.004 -29"><span class='ocrx_word' id='word_1_334' title='bbox 2789 2234 2850 2298; x_wconf 88' lang='lat' dir='ltr'>p.</span> <span class='ocrx_word' id='word_1_335' title='bbox 2881 2232 2987 2297; x_wconf 86' lang='lat'>39.</span> <span class='ocrx_word' id='word_1_336' title='bbox 3019 2235 3112 2299; x_wconf 88' lang='lat' dir='ltr'>sq.</span> <span class='ocrx_word' id='word_1_337' title='bbox 3207 2215 3504 2278; x_wconf 86' lang='lat' dir='ltr'>Ceterum</span> <span class='ocrx_word' id='word_1_338' title='bbox 3537 2214 3634 2279; x_wconf 92' lang='lat' dir='ltr'>hic</span> <span class='ocrx_word' id='word_1_339' title='bbox 3666 2214 4131 2295; x_wconf 75' lang='lat' dir='ltr'>ClinomachuS,</span> <span class='ocrx_word' id='word_1_340' title='bbox 4158 2215 4269 2303; x_wconf 92' lang='lat' dir='ltr'>qui</span> <span class='ocrx_word' id='word_1_341' title='bbox 4292 2239 4328 2280; x_wconf 90' lang='lat' dir='ltr'>e</span> <span class='ocrx_word' id='word_1_342' title='bbox 4354 2215 4478 2280; x_wconf 89' lang='lat' dir='ltr'>dis-</span> 
     </span>
     <span class='ocr_line' id='line_1_52' title="bbox 2785 2313 4481 2405; baseline 0.002 -28"><span class='ocrx_word' id='word_1_343' title='bbox 2785 2313 3013 2400; x_wconf 88' lang='lat' dir='ltr'>ciplina</span> <span class='ocrx_word' id='word_1_344' title='bbox 3036 2315 3322 2380; x_wconf 90' lang='lat' dir='ltr'>Euclidis</span> <span class='ocrx_word' id='word_1_345' title='bbox 3345 2316 3650 2403; x_wconf 83' lang='lat' dir='ltr'>Megarici</span> <span class='ocrx_word' id='word_1_346' title='bbox 3681 2318 4000 2404; x_wconf 85' lang='lat' dir='ltr'>profectus</span> <span class='ocrx_word' id='word_1_347' title='bbox 4028 2317 4278 2395; x_wconf 85' lang='lat' dir='ltr'>dicitur,</span> <span class='ocrx_word' id='word_1_348' title='bbox 4308 2317 4481 2405; x_wconf 91' lang='lat' dir='ltr'>apud</span> 
     </span>
     <span class='ocr_line' id='line_1_53' title="bbox 2786 2417 4476 2488; baseline 0.003 -8"><span class='ocrx_word' id='word_1_349' title='bbox 2786 2417 3054 2482; x_wconf 90' lang='lat' dir='ltr'>eundem</span> <span class='ocrx_word' id='word_1_350' title='bbox 3105 2420 3393 2483; x_wconf 90' lang='lat' dir='ltr'>Vossium</span> <span class='ocrx_word' id='word_1_351' title='bbox 3440 2420 3522 2484; x_wconf 91' lang='lat' dir='ltr'>de</span> <span class='ocrx_word' id='word_1_352' title='bbox 3564 2420 3899 2486; x_wconf 90' lang='lat' dir='ltr'>Historicis</span> <span class='ocrx_word' id='word_1_353' title='bbox 3949 2422 4189 2488; x_wconf 83' lang='lat' dir='ltr'>Graecis</span> <span class='ocrx_word' id='word_1_354' title='bbox 4240 2424 4338 2488; x_wconf 93' lang='lat'>11.</span> <span class='ocrx_word' id='word_1_355' title='bbox 4377 2422 4476 2486; x_wconf 88' lang='lat'>16.</span> 
     </span>
     <span class='ocr_line' id='line_1_54' title="bbox 2786 2520 4478 2612; baseline 0.004 -29"><span class='ocrx_word' id='word_1_356' title='bbox 2786 2520 2883 2584; x_wconf 91' lang='lat' dir='ltr'>vel</span> <span class='ocrx_word' id='word_1_357' title='bbox 2913 2521 2975 2584; x_wconf 92' lang='lat' dir='ltr'>in</span> <span class='ocrx_word' id='word_1_358' title='bbox 3011 2520 3338 2586; x_wconf 86' lang='lat' dir='ltr'>novissima</span> <span class='ocrx_word' id='word_1_359' title='bbox 3382 2522 3652 2588; x_wconf 86' lang='lat' dir='ltr'>editione</span> <span class='ocrx_word' id='word_1_360' title='bbox 3696 2547 4020 2612; x_wconf 83' lang='lat' dir='ltr'>perperam</span> <span class='ocrx_word' id='word_1_361' title='bbox 4055 2524 4478 2591; x_wconf 70' lang='lat' dir='ltr'>Clitomachus</span> 
     </span>
     <span class='ocr_line' id='line_1_55' title="bbox 2786 2622 4479 2692; baseline 0.004 -6"><span class='ocrx_word' id='word_1_362' title='bbox 2786 2622 3092 2687; x_wconf 88' lang='lat' dir='ltr'>scribitur.</span> <span class='ocrx_word' id='word_1_363' title='bbox 3202 2623 3674 2690; x_wconf 87' lang='lat' dir='ltr'>Clinomachum</span> <span class='ocrx_word' id='word_1_364' title='bbox 3735 2627 4003 2691; x_wconf 88' lang='lat' dir='ltr'>eundem</span> <span class='ocrx_word' id='word_1_365' title='bbox 4062 2626 4235 2692; x_wconf 87' lang='lat' dir='ltr'>novit</span> <span class='ocrx_word' id='word_1_366' title='bbox 4292 2626 4479 2691; x_wconf 84' lang='lat' dir='ltr'>etiam</span> 
     </span>
     <span class='ocr_line' id='line_1_56' title="bbox 2788 2725 4481 2816; baseline 0.003 -27"><span class='ocrx_word' id='word_1_367' title='bbox 2788 2725 3014 2790; x_wconf 86' lang='lat' dir='ltr'>Suidas</span> <span class='ocrx_word' id='word_1_368' title='bbox 3041 2726 3105 2790; x_wconf 89' lang='lat' dir='ltr'>in</span> <span class='ocrx_word' id='word_1_369' title='bbox 3136 2725 3389 2811; x_wconf 81' lang='grc' dir='ltr'>Πύρῤων</span> <span class='ocrx_word' id='word_1_370' title='bbox 3421 2727 3559 2792; x_wconf 92' lang='lat' dir='ltr'>Vol.</span> <span class='ocrx_word' id='word_1_371' title='bbox 3585 2729 3723 2793; x_wconf 93' lang='lat'>111.</span> <span class='ocrx_word' id='word_1_372' title='bbox 3753 2751 3816 2816; x_wconf 92' lang='lat' dir='ltr'>p.</span> <span class='ocrx_word' id='word_1_373' title='bbox 3851 2733 3997 2810; x_wconf 83' lang='lat'>246.</span> <span class='ocrx_word' id='word_1_374' title='bbox 4031 2730 4220 2795; x_wconf 89' lang='lat' dir='ltr'>Kust.</span> <span class='ocrx_word' id='word_1_375' title='bbox 4298 2730 4481 2795; x_wconf 89' lang='lat' dir='ltr'>Plato</span> 
     </span>
     <span class='ocr_line' id='line_1_57' title="bbox 2781 2829 4475 2919; baseline 0.004 -26"><span class='ocrx_word' id='word_1_376' title='bbox 2781 2829 3008 2894; x_wconf 88' lang='lat' dir='ltr'>deinde</span> <span class='ocrx_word' id='word_1_377' title='bbox 3034 2830 3316 2919; x_wconf 89' lang='lat' dir='ltr'>quinque</span> <span class='ocrx_word' id='word_1_378' title='bbox 3343 2832 3502 2896; x_wconf 88' lang='lat' dir='ltr'>entis</span> <span class='ocrx_word' id='word_1_379' title='bbox 3530 2855 3759 2918; x_wconf 87' lang='lat' dir='ltr'>genera</span> <span class='ocrx_word' id='word_1_380' title='bbox 3792 2835 3896 2915; x_wconf 79' lang='grc' dir='ltr'>(τὰ</span> <span class='ocrx_word' id='word_1_381' title='bbox 3938 2831 4084 2916; x_wconf 84' lang='grc' dir='ltr'>γένη</span> <span class='ocrx_word' id='word_1_382' title='bbox 4127 2837 4234 2897; x_wconf 84' lang='grc' dir='ltr'>τοῦ</span> <span class='ocrx_word' id='word_1_383' title='bbox 4277 2835 4475 2917; x_wconf 87' lang='grc' dir='ltr'>ὄντος)</span> 
     </span>
     <span class='ocr_line' id='line_1_58' title="bbox 2786 2933 4479 3022; baseline 0.003 -26"><span class='ocrx_word' id='word_1_384' title='bbox 2786 2934 2997 3019; x_wconf 90' lang='lat' dir='ltr'>posuit</span> <span class='ocrx_word' id='word_1_385' title='bbox 3041 2933 3197 3016; x_wconf 91' lang='lat' dir='ltr'>(vid.</span> <span class='ocrx_word' id='word_1_386' title='bbox 3235 2934 3505 3021; x_wconf 90' lang='lat' dir='ltr'>Sophist.</span> <span class='ocrx_word' id='word_1_387' title='bbox 3552 2957 3620 3021; x_wconf 88' lang='lat' dir='ltr'>p.</span> <span class='ocrx_word' id='word_1_388' title='bbox 3655 2953 3798 3021; x_wconf 82' lang='lat'>255.</span> <span class='ocrx_word' id='word_1_389' title='bbox 3833 2959 3891 3000; x_wconf 92' lang='lat' dir='ltr'>e.</span> <span class='ocrx_word' id='word_1_390' title='bbox 3932 2939 4102 3022; x_wconf 86' lang='lat' dir='ltr'>sqq.)</span> <span class='ocrx_word' id='word_1_391' title='bbox 4145 2958 4291 3022; x_wconf 82' lang='lat' dir='ltr'>quae</span> <span class='ocrx_word' id='word_1_392' title='bbox 4335 2933 4479 3001; x_wconf 90' lang='lat' dir='ltr'>Plo-</span> 
     </span>
     <span class='ocr_line' id='line_1_59' title="bbox 2778 3036 4476 3125; baseline 0.003 -26"><span class='ocrx_word' id='word_1_393' title='bbox 2778 3036 2948 3100; x_wconf 86' lang='lat' dir='ltr'>tinus</span> <span class='ocrx_word' id='word_1_394' title='bbox 2974 3037 3038 3100; x_wconf 90' lang='lat' dir='ltr'>in</span> <span class='ocrx_word' id='word_1_395' title='bbox 3068 3036 3165 3101; x_wconf 91' lang='lat' dir='ltr'>his</span> <span class='ocrx_word' id='word_1_396' title='bbox 3193 3037 3364 3102; x_wconf 88' lang='lat' dir='ltr'>libris</span> <span class='ocrx_word' id='word_1_397' title='bbox 3392 3037 3699 3125; x_wconf 85' lang='lat' dir='ltr'>explicare</span> <span class='ocrx_word' id='word_1_398' title='bbox 3726 3052 3791 3102; x_wconf 90' lang='lat' dir='ltr'>et</span> <span class='ocrx_word' id='word_1_399' title='bbox 3810 3037 4176 3102; x_wconf 87' lang='lat' dir='ltr'>confirmare</span> <span class='ocrx_word' id='word_1_400' title='bbox 4202 3037 4476 3104; x_wconf 86' lang='lat' dir='ltr'>instituit</span> 
     </span>
     <span class='ocr_line' id='line_1_60' title="bbox 2785 3138 4476 3228; baseline 0.003 -27"><span class='ocrx_word' id='word_1_401' title='bbox 2785 3138 2957 3220; x_wconf 91' lang='lat' dir='ltr'>(Vid.</span> <span class='ocrx_word' id='word_1_402' title='bbox 2988 3139 3151 3204; x_wconf 85' lang='lat' dir='ltr'>infra</span> <span class='ocrx_word' id='word_1_403' title='bbox 3179 3138 3260 3203; x_wconf 89' lang='lat' dir='ltr'>ad</span> <span class='ocrx_word' id='word_1_404' title='bbox 3292 3164 3354 3228; x_wconf 92' lang='lat' dir='ltr'>p.</span> <span class='ocrx_word' id='word_1_405' title='bbox 3391 3142 3536 3207; x_wconf 89' lang='grc'>602.</span> <span class='ocrx_word' id='word_1_406' title='bbox 3570 3144 3692 3226; x_wconf 93' lang='lat' dir='ltr'>A.)</span> <span class='ocrx_word' id='word_1_407' title='bbox 3726 3139 4084 3205; x_wconf 88' lang='lat' dir='ltr'>Aristotelis</span> <span class='ocrx_word' id='word_1_408' title='bbox 4114 3142 4476 3228; x_wconf 83' lang='lat' dir='ltr'>Categorias</span> 
     </span>
     <span class='ocr_line' id='line_1_61' title="bbox 2778 3244 4478 3336; baseline 0.002 -27"><span class='ocrx_word' id='word_1_409' title='bbox 2778 3244 2990 3310; x_wconf 90' lang='lat' dir='ltr'>decem</span> <span class='ocrx_word' id='word_1_410' title='bbox 3014 3245 3101 3310; x_wconf 89' lang='lat' dir='ltr'>ita</span> <span class='ocrx_word' id='word_1_411' title='bbox 3130 3246 3430 3334; x_wconf 87' lang='lat' dir='ltr'>exemplis</span> <span class='ocrx_word' id='word_1_412' title='bbox 3457 3246 3782 3336; x_wconf 88' lang='lat' dir='ltr'>adscriptis</span> <span class='ocrx_word' id='word_1_413' title='bbox 3807 3246 4077 3312; x_wconf 89' lang='lat' dir='ltr'>illustrat</span> <span class='ocrx_word' id='word_1_414' title='bbox 4100 3249 4478 3336; x_wconf 86' lang='lat' dir='ltr'>Anonymus</span> 
     </span>
     <span class='ocr_line' id='line_1_62' title="bbox 2776 3347 4483 3436; baseline 0.001 -25"><span class='ocrx_word' id='word_1_415' title='bbox 2776 3348 2841 3411; x_wconf 91' lang='lat' dir='ltr'>in</span> <span class='ocrx_word' id='word_1_416' title='bbox 2903 3347 3065 3413; x_wconf 86' lang='lat' dir='ltr'>cod.</span> <span class='ocrx_word' id='word_1_417' title='bbox 3125 3366 3336 3414; x_wconf 90' lang='lat' dir='ltr'>nostro</span> <span class='ocrx_word' id='word_1_418' title='bbox 3387 3348 4088 3416; x_wconf 87' lang='lat' dir='ltr'>Heidelb.—Palatino</span> <span class='ocrx_word' id='word_1_419' title='bbox 4143 3352 4262 3416; x_wconf 92' lang='lat' dir='ltr'>Nr.</span> <span class='ocrx_word' id='word_1_420' title='bbox 4331 3369 4483 3436; x_wconf 79' lang='lat'>132.</span> 
     </span>
     <span class='ocr_line' id='line_1_63' title="bbox 2781 3449 3954 3541; baseline 0.002 -27"><span class='ocrx_word' id='word_1_421' title='bbox 2781 3449 2953 3534; x_wconf 93' lang='lat' dir='ltr'>(Vid.</span> <span class='ocrx_word' id='word_1_422' title='bbox 2986 3468 3175 3517; x_wconf 89' lang='lat' dir='ltr'>nostr.</span> <span class='ocrx_word' id='word_1_423' title='bbox 3209 3452 3595 3518; x_wconf 88' lang='lat' dir='ltr'>Meletemm.</span> <span class='ocrx_word' id='word_1_424' title='bbox 3634 3455 3692 3518; x_wconf 91' lang='lat'>1.</span> <span class='ocrx_word' id='word_1_425' title='bbox 3723 3476 3792 3541; x_wconf 90' lang='lat' dir='ltr'>p.</span> <span class='ocrx_word' id='word_1_426' title='bbox 3819 3453 3913 3533; x_wconf 88' lang='lat'>8.)</span> <span class='ocrx_word' id='word_1_427' title='bbox 3940 3478 3954 3517; x_wconf 74' lang='grc' dir='ltr'><strong>ε</strong></span> 
     </span>
    </p>
   </div>
   <div class='ocr_carea' id='block_1_6' title="bbox 2885 3731 4270 4171">
    <p class='ocr_par' dir='ltr' id='par_1_6' title="bbox 2885 3731 4270 4171">
     <span class='ocr_line' id='line_1_64' title="bbox 2993 3731 3891 3810; baseline 0 -19"><span class='ocrx_word' id='word_1_428' title='bbox 2993 3731 3137 3810; x_wconf 85' lang='grc' dir='ltr'>πρός</span> <span class='ocrx_word' id='word_1_429' title='bbox 3165 3754 3241 3792; x_wconf 87' lang='grc' dir='ltr'>τι.</span> <span class='ocrx_word' id='word_1_430' title='bbox 3757 3731 3891 3792; x_wconf 82' lang='grc' dir='ltr'>ποῦ.</span> 
     </span>
     <span class='ocr_line' id='line_1_65' title="bbox 2885 3836 4270 3909; baseline 0.001 -20"><span class='ocrx_word' id='word_1_431' title='bbox 2885 3837 2993 3892; x_wconf 73' lang='grc' dir='ltr'>υἱὸς</span> <span class='ocrx_word' id='word_1_432' title='bbox 3019 3838 3383 3909; x_wconf 77' lang='grc' dir='ltr'>Παλαιολόγου</span> <span class='ocrx_word' id='word_1_433' title='bbox 3628 3836 3682 3890; x_wconf 81' lang='grc' dir='ltr'>ἐν</span> <span class='ocrx_word' id='word_1_434' title='bbox 3710 3836 4270 3890; x_wconf 79' lang='grc' dir='ltr'>Κωνσταντινουπόλει.</span> 
     </span>
     <span class='ocr_line' id='line_1_66' title="bbox 2892 3993 3906 4076; baseline -0.004 -16"><span class='ocrx_word' id='word_1_435' title='bbox 2892 4001 3105 4061; x_wconf 86' lang='grc' dir='ltr'>ποιεῖν.</span> <span class='ocrx_word' id='word_1_436' title='bbox 3624 3993 3906 4076; x_wconf 80' lang='grc' dir='ltr'>πάσχειν.</span> 
     </span>
     <span class='ocr_line' id='line_1_67' title="bbox 2888 4100 3971 4171; baseline -0.003 -15"><span class='ocrx_word' id='word_1_437' title='bbox 2888 4100 3176 4168; x_wconf 74' lang='grc' dir='ltr'>βασιλεύει.</span> <span class='ocrx_word' id='word_1_438' title='bbox 3621 4102 3971 4171; x_wconf 83' lang='grc' dir='ltr'>βασιλευόμεν</span> 
     </span>
    </p>
   </div>
   <div class='ocr_carea' id='block_1_7' title="bbox 995 4262 4472 4765">
    <p class='ocr_par' dir='ltr' id='par_1_7' title="bbox 995 4262 4472 4765">
     <span class='ocr_line' id='line_1_68' title="bbox 998 4262 4471 4351; baseline 0 -21"><span class='ocrx_word' id='word_1_439' title='bbox 998 4265 1104 4331; x_wconf 87' lang='lat' dir='ltr'>Cf.</span> <span class='ocrx_word' id='word_1_440' title='bbox 1133 4264 1460 4329; x_wconf 88' lang='lat' dir='ltr'>Aristotel.</span> <span class='ocrx_word' id='word_1_441' title='bbox 1491 4266 1755 4351; x_wconf 88' lang='lat' dir='ltr'>Categg.</span> <span class='ocrx_word' id='word_1_442' title='bbox 1790 4286 1844 4328; x_wconf 91' lang='lat' dir='ltr'>c.</span> <span class='ocrx_word' id='word_1_443' title='bbox 1877 4283 1935 4330; x_wconf 84' lang='lat'>2.</span> <span class='ocrx_word' id='word_1_444' title='bbox 1968 4286 2034 4351; x_wconf 90' lang='lat' dir='ltr'>p.</span> <span class='ocrx_word' id='word_1_445' title='bbox 2065 4281 2168 4346; x_wconf 88' lang='lat'>24.</span> <span class='ocrx_word' id='word_1_446' title='bbox 2208 4264 2384 4351; x_wconf 86' lang='lat' dir='ltr'>Sylb.</span> <span class='ocrx_word' id='word_1_447' title='bbox 2416 4279 2480 4328; x_wconf 89' lang='lat' dir='ltr'>et</span> <span class='ocrx_word' id='word_1_448' title='bbox 2513 4265 2689 4329; x_wconf 91' lang='lat' dir='ltr'>Suid.</span> <span class='ocrx_word' id='word_1_449' title='bbox 2776 4290 2889 4331; x_wconf 88' lang='lat' dir='ltr'>cus</span> <span class='ocrx_word' id='word_1_450' title='bbox 2918 4263 3233 4343; x_wconf 89' lang='lat' dir='ltr'>Rhodius,</span> <span class='ocrx_word' id='word_1_451' title='bbox 3282 4262 3696 4350; x_wconf 86' lang='lat' dir='ltr'>Porphyrius,</span> <span class='ocrx_word' id='word_1_452' title='bbox 3744 4263 4124 4329; x_wconf 90' lang='lat' dir='ltr'>Ammonius</span> <span class='ocrx_word' id='word_1_453' title='bbox 4167 4265 4471 4343; x_wconf 84' lang='lat' dir='ltr'>Hermiae,</span> 
     </span>
     <span class='ocr_line' id='line_1_69' title="bbox 1000 4365 4468 4457; baseline -0 -22"><span class='ocrx_word' id='word_1_454' title='bbox 1000 4371 1102 4435; x_wconf 92' lang='lat'>11.</span> <span class='ocrx_word' id='word_1_455' title='bbox 1126 4392 1190 4457; x_wconf 91' lang='lat' dir='ltr'>p.</span> <span class='ocrx_word' id='word_1_456' title='bbox 1216 4369 1358 4451; x_wconf 88' lang='lat'>278.</span> <span class='ocrx_word' id='word_1_457' title='bbox 1383 4369 1568 4432; x_wconf 87' lang='lat' dir='ltr'>Kust.</span> <span class='ocrx_word' id='word_1_458' title='bbox 1599 4366 1710 4454; x_wconf 90' lang='lat' dir='ltr'>qui</span> <span class='ocrx_word' id='word_1_459' title='bbox 1742 4381 1946 4432; x_wconf 89' lang='lat' dir='ltr'>tamen</span> <span class='ocrx_word' id='word_1_460' title='bbox 1967 4365 2402 4431; x_wconf 86' lang='lat' dir='ltr'>Alexandrum</span> <span class='ocrx_word' id='word_1_461' title='bbox 2435 4366 2693 4432; x_wconf 88' lang='lat' dir='ltr'>fortasse</span> <span class='ocrx_word' id='word_1_462' title='bbox 2782 4368 3139 4456; x_wconf 89' lang='lat' dir='ltr'>Simplicius</span> <span class='ocrx_word' id='word_1_463' title='bbox 3173 4382 3236 4431; x_wconf 89' lang='lat' dir='ltr'>et</span> <span class='ocrx_word' id='word_1_464' title='bbox 3269 4366 3597 4431; x_wconf 60' lang='lat' dir='ltr'>Boethius.</span> <span class='ocrx_word' id='word_1_465' title='bbox 3687 4366 4112 4454; x_wconf 88' lang='lat' dir='ltr'>Porphyrium</span> <span class='ocrx_word' id='word_1_466' title='bbox 4158 4367 4331 4456; x_wconf 90' lang='lat' dir='ltr'>quod</span> <span class='ocrx_word' id='word_1_467' title='bbox 4375 4386 4468 4434; x_wconf 88' lang='lat' dir='ltr'>at-</span> 
     </span>
     <span class='ocr_line' id='line_1_70' title="bbox 998 4468 4472 4558; baseline 0 -22"><span class='ocrx_word' id='word_1_468' title='bbox 998 4488 1249 4536; x_wconf 88' lang='lat' dir='ltr'>secutus</span> <span class='ocrx_word' id='word_1_469' title='bbox 1275 4470 1341 4534; x_wconf 92' lang='lat' dir='ltr'>in</span> <span class='ocrx_word' id='word_1_470' title='bbox 1362 4472 1579 4558; x_wconf 89' lang='lat' dir='ltr'>Topp.</span> <span class='ocrx_word' id='word_1_471' title='bbox 1605 4468 1964 4535; x_wconf 88' lang='lat' dir='ltr'>Aristotelis</span> <span class='ocrx_word' id='word_1_472' title='bbox 1990 4482 2270 4534; x_wconf 84' lang='lat' dir='ltr'>extrema</span> <span class='ocrx_word' id='word_1_473' title='bbox 2297 4469 2385 4535; x_wconf 90' lang='lat' dir='ltr'>ita</span> <span class='ocrx_word' id='word_1_474' title='bbox 2412 4470 2686 4534; x_wconf 91' lang='lat' dir='ltr'>ordinat:</span> <span class='ocrx_word' id='word_1_475' title='bbox 2779 4471 2954 4550; x_wconf 87' lang='lat' dir='ltr'>tinet,</span> <span class='ocrx_word' id='word_1_476' title='bbox 2998 4470 3140 4535; x_wconf 87' lang='lat' dir='ltr'>licet</span> <span class='ocrx_word' id='word_1_477' title='bbox 3183 4470 3246 4534; x_wconf 91' lang='lat' dir='ltr'>in</span> <span class='ocrx_word' id='word_1_478' title='bbox 3291 4468 3610 4534; x_wconf 86' lang='lat' dir='ltr'>codicibus</span> <span class='ocrx_word' id='word_1_479' title='bbox 3653 4469 3956 4534; x_wconf 89' lang='lat' dir='ltr'>Palatinis</span> <span class='ocrx_word' id='word_1_480' title='bbox 4002 4470 4171 4536; x_wconf 91' lang='lat' dir='ltr'>hunc</span> <span class='ocrx_word' id='word_1_481' title='bbox 4216 4470 4472 4537; x_wconf 89' lang='lat' dir='ltr'>titulum</span> 
     </span>
     <span class='ocr_line' id='line_1_71' title="bbox 995 4573 4468 4662; baseline 0 -24"><span class='ocrx_word' id='word_1_482' title='bbox 995 4580 1208 4648; x_wconf 82' lang='grc' dir='ltr'>ποιεῖν,</span> <span class='ocrx_word' id='word_1_483' title='bbox 1240 4573 1520 4657; x_wconf 86' lang='grc' dir='ltr'>πάσχειν,</span> <span class='ocrx_word' id='word_1_484' title='bbox 1548 4578 1797 4648; x_wconf 81' lang='grc' dir='ltr'>κεῖσθαι,</span> <span class='ocrx_word' id='word_1_485' title='bbox 1831 4575 2011 4658; x_wconf 79' lang='grc' dir='ltr'>ἔχειν.</span> <span class='ocrx_word' id='word_1_486' title='bbox 2042 4587 2103 4638; x_wconf 90' lang='lat' dir='ltr'>et</span> <span class='ocrx_word' id='word_1_487' title='bbox 2133 4575 2365 4661; x_wconf 85' lang='lat' dir='ltr'>pariter</span> <span class='ocrx_word' id='word_1_488' title='bbox 2387 4575 2688 4662; x_wconf 80' lang='lat' dir='ltr'>Wytten-</span> <span class='ocrx_word' id='word_1_489' title='bbox 2778 4575 3003 4639; x_wconf 89' lang='lat' dir='ltr'>Parius</span> <span class='ocrx_word' id='word_1_490' title='bbox 3047 4574 3376 4661; x_wconf 90' lang='lat' dir='ltr'>repererit:</span> <span class='ocrx_word' id='word_1_491' title='bbox 3434 4573 3781 4656; x_wconf 80' lang='grc' dir='ltr'>Πορφυρίου</span> <span class='ocrx_word' id='word_1_492' title='bbox 3828 4575 4105 4641; x_wconf 85' lang='grc' dir='ltr'>Φοινίκος</span> <span class='ocrx_word' id='word_1_493' title='bbox 4151 4575 4468 4658; x_wconf 78' lang='grc' dir='ltr'>εἰσαγωγὴ,</span> 
     </span>
     <span class='ocr_line' id='line_1_72' title="bbox 995 4675 4467 4765; baseline 0 -23"><span class='ocrx_word' id='word_1_494' title='bbox 995 4676 1175 4742; x_wconf 87' lang='lat' dir='ltr'>bach.</span> <span class='ocrx_word' id='word_1_495' title='bbox 1208 4676 1273 4739; x_wconf 89' lang='lat' dir='ltr'>in</span> <span class='ocrx_word' id='word_1_496' title='bbox 1308 4676 1634 4764; x_wconf 81' lang='lat' dir='ltr'>Praeceptt.</span> <span class='ocrx_word' id='word_1_497' title='bbox 1668 4676 1902 4741; x_wconf 85' lang='lat' dir='ltr'>Philos.</span> <span class='ocrx_word' id='word_1_498' title='bbox 1935 4678 2095 4765; x_wconf 88' lang='lat' dir='ltr'>Log.</span> <span class='ocrx_word' id='word_1_499' title='bbox 2126 4676 2164 4741; x_wconf 96' lang='lat' dir='ltr'>l.</span> <span class='ocrx_word' id='word_1_500' title='bbox 2186 4676 2227 4742; x_wconf 94' lang='lat' dir='ltr'>l.</span> <span class='ocrx_word' id='word_1_501' title='bbox 2256 4703 2270 4743; x_wconf 90' lang='lat'><strong>:</strong></span> <span class='ocrx_word' id='word_1_502' title='bbox 2306 4686 2350 4718; x_wconf 90' lang='lat'><strong>“</strong></span> <span class='ocrx_word' id='word_1_503' title='bbox 2373 4679 2687 4743; x_wconf 74' lang='lat' dir='ltr'>Substan-</span> <span class='ocrx_word' id='word_1_504' title='bbox 2775 4682 3039 4759; x_wconf 85' lang='grc' dir='ltr'>μαθητοῦ</span> <span class='ocrx_word' id='word_1_505' title='bbox 3067 4679 3383 4742; x_wconf 82' lang='grc' dir='ltr'>Πλωτίνου</span> <span class='ocrx_word' id='word_1_506' title='bbox 3426 4682 3532 4740; x_wconf 87' lang='grc' dir='ltr'>τοῦ</span> <span class='ocrx_word' id='word_1_507' title='bbox 3573 4679 4014 4742; x_wconf 75' lang='grc' dir='ltr'>Λυκοπολίτουτ</span> <span class='ocrx_word' id='word_1_508' title='bbox 4063 4675 4236 4742; x_wconf 86' lang='lat' dir='ltr'>nulla</span> <span class='ocrx_word' id='word_1_509' title='bbox 4263 4692 4467 4743; x_wconf 88' lang='lat' dir='ltr'>tamen</span> 
     </span>
    </p>
   </div>
   <div class='ocr_carea' id='block_1_8' title="bbox 968 4781 2694 5590">
    <p class='ocr_par' dir='ltr' id='par_1_8' title="bbox 968 4781 2694 5590">
     <span class='ocr_line' id='line_1_73' title="bbox 997 4781 2690 4859; baseline 0.001 -15"><span class='ocrx_word' id='word_1_510' title='bbox 997 4782 1113 4858; x_wconf 77' lang='lat' dir='ltr'>tia,</span> <span class='ocrx_word' id='word_1_511' title='bbox 1149 4781 1516 4859; x_wconf 74' lang='lat' dir='ltr'>Quantitas,</span> <span class='ocrx_word' id='word_1_512' title='bbox 1552 4781 1869 4858; x_wconf 75' lang='lat' dir='ltr'>Qualitas,</span> <span class='ocrx_word' id='word_1_513' title='bbox 1898 4781 2174 4859; x_wconf 69' lang='lat' dir='ltr'>Relatio,</span> <span class='ocrx_word' id='word_1_514' title='bbox 2206 4782 2408 4858; x_wconf 74' lang='lat' dir='ltr'>Actia,</span> <span class='ocrx_word' id='word_1_515' title='bbox 2440 4781 2690 4858; x_wconf 66' lang='lat' dir='ltr'>Fascia,</span> 
     </span>
     <span class='ocr_line' id='line_1_74' title="bbox 1008 4882 2694 4971; baseline -0.002 -20"><span class='ocrx_word' id='word_1_516' title='bbox 1008 4883 1152 4962; x_wconf 71' lang='lat' dir='ltr'>Ubi,</span> <span class='ocrx_word' id='word_1_517' title='bbox 1189 4882 1477 4961; x_wconf 69' lang='lat' dir='ltr'>Quando,</span> <span class='ocrx_word' id='word_1_518' title='bbox 1508 4883 1716 4961; x_wconf 72' lang='lat' dir='ltr'>Situs,</span> <span class='ocrx_word' id='word_1_519' title='bbox 1749 4884 2034 4947; x_wconf 75' lang='lat' dir='ltr'>Habitus</span> <span class='ocrx_word' id='word_1_520' title='bbox 2052 4885 2111 4947; x_wconf 88' lang='lat'>.·”</span> <span class='ocrx_word' id='word_1_521' title='bbox 2154 4883 2383 4971; x_wconf 88' lang='lat' dir='ltr'>quibus</span> <span class='ocrx_word' id='word_1_522' title='bbox 2411 4883 2694 4971; x_wconf 88' lang='lat' dir='ltr'>quinque</span> 
     </span>
     <span class='ocr_line' id='line_1_75' title="bbox 998 4984 2690 5074; baseline -0.001 -23"><span class='ocrx_word' id='word_1_523' title='bbox 998 4986 1449 5052; x_wconf 67' lang='lat' dir='ltr'>Proedicabilia</span> <span class='ocrx_word' id='word_1_524' title='bbox 1491 4984 1774 5074; x_wconf 85' lang='lat' dir='ltr'>subjicit:</span> <span class='ocrx_word' id='word_1_525' title='bbox 1824 4994 1867 5025; x_wconf 90' lang='lat'><strong>“</strong></span> <span class='ocrx_word' id='word_1_526' title='bbox 1902 4987 2136 5066; x_wconf 74' lang='lat' dir='ltr'>Genus,</span> <span class='ocrx_word' id='word_1_527' title='bbox 2180 4988 2502 5074; x_wconf 74' lang='lat' dir='ltr'>Spatium,</span> <span class='ocrx_word' id='word_1_528' title='bbox 2534 4988 2690 5073; x_wconf 67' lang='lat' dir='ltr'><strong><em>Dif-</em></strong></span> 
     </span>
     <span class='ocr_line' id='line_1_76' title="bbox 968 5088 2691 5178; baseline -0.001 -24"><span class='ocrx_word' id='word_1_529' title='bbox 968 5092 1291 5178; x_wconf 73' lang='lat' dir='ltr'>firentia,</span> <span class='ocrx_word' id='word_1_530' title='bbox 1318 5089 1688 5177; x_wconf 75' lang='lat' dir='ltr'>Proprium,</span> <span class='ocrx_word' id='word_1_531' title='bbox 1712 5089 2068 5152; x_wconf 52' lang='lat' dir='ltr'>Accidens?</span> <span class='ocrx_word' id='word_1_532' title='bbox 2115 5088 2260 5153; x_wconf 93' lang='lat' dir='ltr'>Post</span> <span class='ocrx_word' id='word_1_533' title='bbox 2289 5088 2691 5153; x_wconf 89' lang='lat' dir='ltr'>Aristotelem</span> 
     </span>
     <span class='ocr_line' id='line_1_77' title="bbox 999 5190 2689 5281; baseline -0.002 -21"><span class='ocrx_word' id='word_1_534' title='bbox 999 5195 1079 5260; x_wconf 89' lang='lat' dir='ltr'>de</span> <span class='ocrx_word' id='word_1_535' title='bbox 1098 5191 1443 5281; x_wconf 85' lang='lat' dir='ltr'>Categoriis</span> <span class='ocrx_word' id='word_1_536' title='bbox 1470 5191 1662 5256; x_wconf 90' lang='lat' dir='ltr'>libros</span> <span class='ocrx_word' id='word_1_537' title='bbox 1682 5191 2171 5279; x_wconf 86' lang='lat' dir='ltr'>conscripserant</span> <span class='ocrx_word' id='word_1_538' title='bbox 2188 5190 2689 5278; x_wconf 78' lang='lat' dir='ltr'>TheophrastuS,</span> 
     </span>
     <span class='ocr_line' id='line_1_78' title="bbox 1000 5292 2688 5380; baseline -0.002 -18"><span class='ocrx_word' id='word_1_539' title='bbox 1000 5298 1351 5376; x_wconf 87' lang='lat' dir='ltr'>Eudemus,</span> <span class='ocrx_word' id='word_1_540' title='bbox 1405 5294 1679 5360; x_wconf 84' lang='lat' dir='ltr'>Phanias</span> <span class='ocrx_word' id='word_1_541' title='bbox 1737 5293 1896 5378; x_wconf 83' lang='lat' dir='ltr'>(vid.</span> <span class='ocrx_word' id='word_1_542' title='bbox 1951 5292 2166 5358; x_wconf 93' lang='lat' dir='ltr'>Buhlii</span> <span class='ocrx_word' id='word_1_543' title='bbox 2217 5296 2688 5380; x_wconf 87' lang='lat' dir='ltr'>Argumentum</span> 
     </span>
     <span class='ocr_line' id='line_1_79' title="bbox 1003 5395 2691 5487; baseline -0.001 -24"><span class='ocrx_word' id='word_1_544' title='bbox 1003 5399 1476 5487; x_wconf 78' lang='lat' dir='ltr'>categoriarum</span> <span class='ocrx_word' id='word_1_545' title='bbox 1520 5395 1879 5462; x_wconf 87' lang='lat' dir='ltr'>Aristotelis</span> <span class='ocrx_word' id='word_1_546' title='bbox 1905 5418 1968 5483; x_wconf 90' lang='lat' dir='ltr'>p.</span> <span class='ocrx_word' id='word_1_547' title='bbox 1993 5415 2147 5482; x_wconf 87' lang='grc'>434.</span> <span class='ocrx_word' id='word_1_548' title='bbox 2182 5400 2304 5483; x_wconf 92' lang='lat' dir='ltr'>sq.)</span> <span class='ocrx_word' id='word_1_549' title='bbox 2356 5398 2691 5461; x_wconf 86' lang='lat' dir='ltr'>Commen-</span> 
     </span>
     <span class='ocr_line' id='line_1_80' title="bbox 1002 5499 2689 5590; baseline -0.004 -20"><span class='ocrx_word' id='word_1_550' title='bbox 1002 5502 1189 5570; x_wconf 85' lang='lat' dir='ltr'>tarios</span> <span class='ocrx_word' id='word_1_551' title='bbox 1216 5501 1314 5565; x_wconf 86' lang='lat' dir='ltr'>vel</span> <span class='ocrx_word' id='word_1_552' title='bbox 1346 5504 1642 5590; x_wconf 82' lang='lat' dir='ltr'>Isagogas</span> <span class='ocrx_word' id='word_1_553' title='bbox 1668 5499 1735 5565; x_wconf 92' lang='lat' dir='ltr'>in</span> <span class='ocrx_word' id='word_1_554' title='bbox 1764 5500 2010 5566; x_wconf 88' lang='lat' dir='ltr'>easdem</span> <span class='ocrx_word' id='word_1_555' title='bbox 2055 5499 2337 5566; x_wconf 88' lang='lat' dir='ltr'>fecerunt</span> <span class='ocrx_word' id='word_1_556' title='bbox 2365 5499 2689 5565; x_wconf 88' lang='lat' dir='ltr'>Androni-</span> 
     </span>
    </p>
   </div>
   <div class='ocr_carea' id='block_1_9' title="bbox 2774 4777 4476 5595">
    <p class='ocr_par' dir='ltr' id='par_1_9' title="bbox 2774 4777 4476 5595">
     <span class='ocr_line' id='line_1_81' title="bbox 2777 4777 4469 4868; baseline 0.002 -24"><span class='ocrx_word' id='word_1_557' title='bbox 2777 4781 2839 4845; x_wconf 89' lang='lat' dir='ltr'>in</span> <span class='ocrx_word' id='word_1_558' title='bbox 2887 4780 3077 4868; x_wconf 90' lang='lat' dir='ltr'>hujus</span> <span class='ocrx_word' id='word_1_559' title='bbox 3109 4782 3376 4867; x_wconf 87' lang='lat' dir='ltr'>Isagoge</span> <span class='ocrx_word' id='word_1_560' title='bbox 3409 4777 3635 4844; x_wconf 90' lang='lat' dir='ltr'>Plotini</span> <span class='ocrx_word' id='word_1_561' title='bbox 3679 4779 3911 4844; x_wconf 89' lang='lat' dir='ltr'>mentio</span> <span class='ocrx_word' id='word_1_562' title='bbox 3952 4779 4247 4868; x_wconf 86' lang='lat' dir='ltr'>injicitur,</span> <span class='ocrx_word' id='word_1_563' title='bbox 4293 4805 4469 4847; x_wconf 88' lang='lat' dir='ltr'>secus</span> 
     </span>
     <span class='ocr_line' id='line_1_82' title="bbox 2777 4882 4468 4971; baseline 0.001 -23"><span class='ocrx_word' id='word_1_564' title='bbox 2777 4899 2969 4971; x_wconf 90' lang='lat' dir='ltr'>atque</span> <span class='ocrx_word' id='word_1_565' title='bbox 3010 4884 3073 4948; x_wconf 90' lang='lat' dir='ltr'>in</span> <span class='ocrx_word' id='word_1_566' title='bbox 3120 4882 3374 4971; x_wconf 87' lang='lat' dir='ltr'>reliquis</span> <span class='ocrx_word' id='word_1_567' title='bbox 3418 4882 3895 4960; x_wconf 86' lang='lat' dir='ltr'>commentariis,</span> <span class='ocrx_word' id='word_1_568' title='bbox 3926 4885 4268 4971; x_wconf 80' lang='lat' dir='ltr'>praesertim</span> <span class='ocrx_word' id='word_1_569' title='bbox 4305 4884 4468 4949; x_wconf 87' lang='lat' dir='ltr'>Sim-</span> 
     </span>
     <span class='ocr_line' id='line_1_83' title="bbox 2778 4984 4469 5075; baseline 0.002 -25"><span class='ocrx_word' id='word_1_570' title='bbox 2778 4986 2942 5075; x_wconf 88' lang='lat' dir='ltr'>plicii</span> <span class='ocrx_word' id='word_1_571' title='bbox 2973 4987 3068 5050; x_wconf 90' lang='lat' dir='ltr'>fit.</span> <span class='ocrx_word' id='word_1_572' title='bbox 3147 4987 3226 5051; x_wconf 91' lang='lat' dir='ltr'>In</span> <span class='ocrx_word' id='word_1_573' title='bbox 3255 4986 3415 5050; x_wconf 87' lang='lat' dir='ltr'>hanc</span> <span class='ocrx_word' id='word_1_574' title='bbox 3448 4984 3785 5074; x_wconf 82' lang='lat' dir='ltr'>Porphyrii</span> <span class='ocrx_word' id='word_1_575' title='bbox 3818 4988 4125 5074; x_wconf 86' lang='lat' dir='ltr'>Isagogen</span> <span class='ocrx_word' id='word_1_576' title='bbox 4154 5011 4469 5053; x_wconf 87' lang='lat' dir='ltr'>commen-</span> 
     </span>
     <span class='ocr_line' id='line_1_84' title="bbox 2779 5088 4472 5180; baseline 0.002 -25"><span class='ocrx_word' id='word_1_577' title='bbox 2779 5090 2974 5155; x_wconf 85' lang='lat' dir='ltr'>tarius</span> <span class='ocrx_word' id='word_1_578' title='bbox 3016 5103 3220 5154; x_wconf 83' lang='lat' dir='ltr'>exstat</span> <span class='ocrx_word' id='word_1_579' title='bbox 3251 5089 3482 5162; x_wconf 84' lang='lat' dir='ltr'>Photii,</span> <span class='ocrx_word' id='word_1_580' title='bbox 3516 5089 3682 5154; x_wconf 89' lang='lat' dir='ltr'>unde</span> <span class='ocrx_word' id='word_1_581' title='bbox 3726 5088 4050 5155; x_wconf 85' lang='lat' dir='ltr'>flosculum</span> <span class='ocrx_word' id='word_1_582' title='bbox 4096 5091 4371 5180; x_wconf 89' lang='lat' dir='ltr'>decerpsi</span> <span class='ocrx_word' id='word_1_583' title='bbox 4406 5094 4472 5176; x_wconf 93' lang='lat' dir='ltr'>(e</span> 
     </span>
     <span class='ocr_line' id='line_1_85' title="bbox 2780 5191 4474 5275; baseline 0.002 -16"><span class='ocrx_word' id='word_1_584' title='bbox 2780 5193 2939 5259; x_wconf 92' lang='lat' dir='ltr'>Cod.</span> <span class='ocrx_word' id='word_1_585' title='bbox 2973 5195 3228 5259; x_wconf 88' lang='lat' dir='ltr'>Monac.</span> <span class='ocrx_word' id='word_1_586' title='bbox 3262 5215 3356 5258; x_wconf 91' lang='lat' dir='ltr'>nr.</span> <span class='ocrx_word' id='word_1_587' title='bbox 3393 5196 3568 5275; x_wconf 84' lang='grc'>222.)</span> <span class='ocrx_word' id='word_1_588' title='bbox 3603 5192 3667 5256; x_wconf 89' lang='lat' dir='ltr'>in</span> <span class='ocrx_word' id='word_1_589' title='bbox 3697 5191 4085 5258; x_wconf 86' lang='lat' dir='ltr'>Meletemm.</span> <span class='ocrx_word' id='word_1_590' title='bbox 4130 5194 4174 5261; x_wconf 95' lang='lat' dir='ltr'>l.</span> <span class='ocrx_word' id='word_1_591' title='bbox 4203 5194 4246 5260; x_wconf 93' lang='lat' dir='ltr'>l.</span> <span class='ocrx_word' id='word_1_592' title='bbox 4339 5195 4474 5262; x_wconf 89' lang='lat' dir='ltr'>Ibi-</span> 
     </span>
     <span class='ocr_line' id='line_1_86' title="bbox 2774 5295 4476 5384; baseline 0.002 -23"><span class='ocrx_word' id='word_1_593' title='bbox 2774 5296 2918 5361; x_wconf 90' lang='lat' dir='ltr'>dem</span> <span class='ocrx_word' id='word_1_594' title='bbox 2947 5296 3204 5362; x_wconf 86' lang='lat' dir='ltr'>exhibui</span> <span class='ocrx_word' id='word_1_595' title='bbox 3232 5296 3441 5361; x_wconf 90' lang='lat' dir='ltr'>locum</span> <span class='ocrx_word' id='word_1_596' title='bbox 3463 5295 3744 5384; x_wconf 82' lang='lat' dir='ltr'>Dexippi</span> <span class='ocrx_word' id='word_1_597' title='bbox 3771 5320 3807 5361; x_wconf 93' lang='lat' dir='ltr'>e</span> <span class='ocrx_word' id='word_1_598' title='bbox 3830 5296 3992 5362; x_wconf 92' lang='lat' dir='ltr'>Cod.</span> <span class='ocrx_word' id='word_1_599' title='bbox 4021 5297 4476 5365; x_wconf 85' lang='lat' dir='ltr'>Laurentiano-</span> 
     </span>
     <span class='ocr_line' id='line_1_87' title="bbox 2778 5398 4468 5487; baseline 0.003 -24"><span class='ocrx_word' id='word_1_600' title='bbox 2778 5398 3071 5463; x_wconf 88' lang='lat' dir='ltr'>Mediceo</span> <span class='ocrx_word' id='word_1_601' title='bbox 3099 5422 3196 5465; x_wconf 86' lang='lat' dir='ltr'>nr.</span> <span class='ocrx_word' id='word_1_602' title='bbox 3218 5420 3322 5487; x_wconf 84' lang='lat'>33.</span> <span class='ocrx_word' id='word_1_603' title='bbox 3345 5398 3743 5487; x_wconf 87' lang='lat' dir='ltr'>descriptum.</span> <span class='ocrx_word' id='word_1_604' title='bbox 3790 5399 3988 5465; x_wconf 88' lang='lat' dir='ltr'>Plura</span> <span class='ocrx_word' id='word_1_605' title='bbox 4013 5424 4092 5465; x_wconf 85' lang='lat' dir='ltr'>ex</span> <span class='ocrx_word' id='word_1_606' title='bbox 4120 5401 4256 5466; x_wconf 89' lang='lat' dir='ltr'>aliis</span> <span class='ocrx_word' id='word_1_607' title='bbox 4282 5402 4468 5468; x_wconf 84' lang='lat' dir='ltr'>etiam</span> 
     </span>
     <span class='ocr_line' id='line_1_88' title="bbox 2780 5502 4476 5595; baseline 0.002 -27"><span class='ocrx_word' id='word_1_608' title='bbox 2780 5502 3121 5568; x_wconf 89' lang='lat' dir='ltr'>Codicibus</span> <span class='ocrx_word' id='word_1_609' title='bbox 3163 5502 3614 5581; x_wconf 80' lang='lat' dir='ltr'>exhibebimus,</span> <span class='ocrx_word' id='word_1_610' title='bbox 3660 5503 3882 5568; x_wconf 90' lang='lat' dir='ltr'>horum</span> <span class='ocrx_word' id='word_1_611' title='bbox 3929 5502 4226 5570; x_wconf 88' lang='lat' dir='ltr'>librorum</span> <span class='ocrx_word' id='word_1_612' title='bbox 4272 5505 4476 5595; x_wconf 86' lang='lat' dir='ltr'>expli-</span> 
     </span>
    </p>
   </div>
  </div>
 </body>
</html>
