5118 6613
1406 550 1611 615 LIB.
1647 551 1706 615 1.
1754 551 2217 616 ENNEAD.
2271 549 2667 615 SEXTAE.
2711 572 2776 637 p.
2813 568 2998 636 1075,
3039 552 3219 634 1076.

577 728 696 790 ὅσα
736 726 959 791 ἐκεῖνος
994 725 1114 788 ἴδια
1150 727 1255 787 τοῦ
1291 729 1485 788 ποιεῖν
1526 724 1622 788 καὶ
1658 722 1920 806 πάσχειν
1951 723 2272 807 ἐνέγραψε.

576 830 671 894 καὶ
697 832 814 912 γὰρ
837 828 933 891 καὶ
962 828 995 890 6
1026 824 1380 910 Ἰάμβλιχος
1411 829 1609 891 ἐκεῖνα
1637 828 2023 909 ἐπεξηγεῖται·
2059 826 2277 910 γράφει

574 933 775 996 τοίνυν
803 933 837 994 6
864 929 1162 1013 Ἀρχύτας
1189 931 1387 997 οὕτως·
1430 935 1511 993 τῶ
1538 930 1604 992 δὲ
1630 929 1939 997 ποιέοντος
1964 932 2116 995 ἴδιόν
2147 932 2275 994 ἐστι

574 1034 641 1097 τὸ
666 1037 735 1097 ἐν
758 1034 911 1118 αὐτῷ
939 1034 1121 1118 [αὐτῷ
1133 1033 1188 1117 Ρ]
1215 1035 1326 1096 τᾶν
1349 1033 1544 1096 αἰτίαν
1574 1032 1719 1114 ἔχον
1747 1036 1852 1099 τᾶς
1882 1032 2162 1101 κινάσιος.
2193 1036 2273 1120 τῷ

576 1137 642 1200 δὲ
682 1132 993 1218 ποιωμένῳ
1036 1135 1137 1197 καὶ
1173 1138 1253 1220 τῷ
1291 1132 1613 1218 πάσχοντι,
1645 1134 1713 1197 τὸ
1745 1136 1812 1198 ἐν
1844 1134 2040 1220 ἑτέρῳ.
2087 1137 2121 1199 6
2162 1137 2275 1215 μὲν

577 1241 694 1321 γὰρ
738 1235 1219 1317 ἀνδριαντοποιὸς
1267 1238 1334 1300 ἐν
1383 1239 1568 1323 ἑαυτῷ
1613 1240 1725 1301 τᾶν
1774 1239 1968 1301 αἰτίαν
2019 1238 2146 1321 ἔχει
2195 1244 2275 1301 τῶ

573 1343 744 1406 ποιὲν
772 1340 879 1404 τὸν
907 1340 1243 1421 ἀνδρίαντα·
1289 1342 1323 1403 6
1355 1341 1420 1402 δὲ
1460 1339 1704 1422 χαλκὸς,
1738 1346 1817 1402 τῶ
1857 1344 2156 1404 ποιεῖσθαι
2201 1341 2269 1404 ἐν

576 1448 761 1530 ἑαυτῷ
791 1469 858 1508 τε
888 1444 984 1507 καὶ
1004 1447 1084 1529 τῷ
1116 1445 1598 1529 ἀνδριαντοποιῷ.
1635 1445 1729 1508 καὶ
1761 1444 1859 1507 ἐπὶ
1887 1450 2003 1507 τῶν
2030 1442 2269 1508 παθέων

574 1551 640 1612 δὲ
670 1553 774 1615 τᾶς
799 1551 1004 1631 ψυχᾶς
1038 1549 1071 1610 6
1103 1547 1278 1614 αὐτὸς
1304 1549 1503 1628 λόγος.
1551 1550 1584 1610 6
1612 1550 1727 1629 γὰρ
1758 1547 1938 1626 θυμὸς
1967 1546 2062 1630 ἐφ’
2096 1546 2274 1633 ἑτέρῳ

575 1652 689 1716 τινὶ
715 1650 982 1733 πέφυκεν
1011 1651 1448 1732 ἀνεγείρεσθαι,
1480 1650 1576 1714 καὶ
1614 1649 1715 1732 ὑφ’
1751 1650 1931 1732 ἑτέρω
1975 1650 2135 1718 τινὸς
2180 1652 2269 1730 ἔξ-

576 1760 728 1819 ωθεν
759 1755 1143 1836 ἐρεθίζεσθαι,
1187 1754 1335 1827 οἷον,
1378 1755 1714 1836 ὀλιγωρίας,
1759 1755 2006 1834 ἀτιμίας,
2047 1757 2269 1836 ὕβριος.

577 1860 611 1920 6
640 1860 705 1923 δὲ
733 1863 918 1921 ταῦτα
948 1862 1100 1938 δρῶν
1131 1859 1198 1920 ἐν
1230 1859 1415 1942 ἑαυτῷ
1445 1858 1555 1936 τὴν
1584 1858 1777 1921 αἰτίαν
1810 1857 1937 1940 ἔχει
1976 1864 2056 1921 τῶ
2092 1862 2276 1920 ταῦτα

579 1965 732 2042 δρῶν
770 1962 940 2044 [δρᾶν
958 1960 1039 2043 ?].
1090 1963 1293 2023 Ταῦτα
1344 1961 1545 2024 τοίνυν
1598 1960 1986 2041 ἐξηγούμενος
2028 1962 2061 2023 6
2107 1959 2269 2039 Ἰάμ-

576 2070 811 2147 βλιχος,
845 2064 1015 2146 φησί,
1048 2063 1116 2126 τὸ
1160 2068 1354 2126 ποιεῖν
1396 2064 1465 2126 ἐν
1504 2065 1690 2149 ἑαυτῷ
1741 2062 1906 2146 ἔχειν
1932 2062 2041 2142 τὴν
2080 2062 2275 2126 αἰτίαν

577 2170 677 2245 τῆς
719 2167 1042 2248 ἐνεργείας.
1090 2166 1156 2229 τὸ
1200 2167 1263 2229 δὲ
1304 2165 1584 2248 πάσχειν,
1616 2166 1724 2244 τὴν
1752 2169 1853 2243 τῆς
1883 2165 2164 2245 κινήσεως
2208 2167 2276 2229 ἐν

577 2267 756 2354 ἑτέρῳ
801 2269 896 2332 καὶ
936 2270 1004 2332 ἐν
1034 2271 1219 2354 ἐαυτῷ
1263 2269 1339 2335 ὣς
1367 2270 1400 2331 6
1428 2269 1686 2352 χαλκεὺς
1729 2272 1798 2333 ἐν
1828 2271 2012 2356 ἑαυτῷ
2057 2269 2152 2333 καὶ
2194 2272 2274 2354 τῷ

575 2371 1055 2458 ἀνδριαντοποιῷ,
1090 2373 1237 2435 διότι
1268 2372 1361 2435 καὶ
1392 2373 1545 2436 ἰδίαν
1575 2375 1709 2435 τινὰ
1741 2372 1870 2454 ἔχει
1907 2374 2276 2452 βεβαιότητα

576 2476 676 2551 τῆς
705 2475 918 2538 ἑαυτοῦ
944 2475 1150 2542 οὐσίας
1180 2474 1247 2539 τὸ
1272 2474 1557 2558 πάσχειν,
1593 2476 1689 2538 καὶ
1716 2475 1828 2559 οὐχ
1856 2477 2004 2539 ὅλον
2035 2474 2272 2557 ἐξήρτη-

574 2602 671 2640 ται
698 2577 816 2641 ἀπὸ
845 2582 951 2641 τοῦ
974 2583 1303 2644 ποιοῦντος.
1352 2580 1448 2640 καὶ
1476 2577 1692 2641 λοιπὸν
1722 2581 1826 2645 τὰς
1853 2578 1999 2659 πρὸς
2027 2577 2135 2641 τὸν
2162 2579 2268 2640 λό-

578 2706 689 2761 γον
732 2680 943 2763 ἐπάγει
989 2680 1319 2747 ἐνστάσεις.
1372 2681 1469 2744 καὶ
1510 2684 1627 2763 γὰρ
1676 2680 2065 2763 ἀντιλέγουσί
2097 2681 2268 2761 φησί,

576 2809 750 2860 τινες,
784 2786 860 2851 ὣς
889 2784 984 2847 καὶ
1009 2787 1116 2846 τοῦ
1142 2788 1335 2846 ποιεῖν
1362 2782 1495 2846 τινά
1537 2784 1704 2846 ἐστιν
1735 2786 1802 2847 ἐν
1834 2783 2012 2869 ἑτέρῳ
2054 2783 2273 2866 ἔχοντα

575 2887 684 2966 τὴν
712 2888 926 2960 αἰτίαν,
959 2888 1088 2950 οἷον
1117 2885 1185 2949 τὸ
1216 2893 1397 2950 νοεῖν.
1438 2883 1475 2965 ἢ
1507 2888 1561 2949 εἰ
1588 2886 1668 2965 μὴ
1696 2886 1764 2949 τὸ
1794 2892 1955 2950 νοεῖν
1983 2911 2070 2953 τις
2098 2888 2164 2950 ἐν
2192 2890 2271 2972 τῷ

574 2996 767 3055 ποιεῖν
796 2992 1001 3068 τιθείη,
1036 2992 1201 3054 ἀλλὰ
1229 2989 1297 3053 τὸ
1339 2994 1608 3053 νοεῖσθαι
1647 2990 1722 3056 ὣς
1758 2994 1863 3053 τοῦ
1903 2994 2062 3053 νοεῖν
2093 2990 2161 3051 ἐν
2188 2992 2268 3074 τῷ

573 3092 834 3176 πάσχειν
871 3094 1060 3166 ὄντος,
1092 3094 1227 3157 οὐδὲ
1274 3095 1456 3159 οὕτως
1497 3091 1564 3155 τὸ
1613 3097 1881 3155 νοεῖσθαι
1921 3092 2028 3171 τὴν
2066 3096 2270 3155 πᾶσαν

574 3196 769 3259 αἰτίαν
805 3195 1056 3278 παρέχει
1101 3199 1181 3281 τῷ
1228 3199 1460 3259 νοοῦντι
1498 3197 1578 3281 τῷ
1632 3195 1697 3278 (*
1708 3200 1836 3274 τοῦ)
1882 3199 2188 3258 κινεῖσθαι.
2234 3191 2270 3273 ἢ

576 3298 645 3363 οὐ
673 3300 935 3366 τοιοῦτός
979 3300 1146 3362 ἐστιν
1174 3300 1207 3361 6
1238 3298 1453 3379 τρόπος
1479 3301 1582 3377 τῆς
1614 3298 1934 3371 κοινωνίας,
1968 3298 2097 3362 οἷον
2124 3299 2267 3361 ὐπο-

573 3401 991 3483 λαμβάνουσιν
1021 3403 1079 3464 οἱ
1106 3403 1463 3483 ἀποροῦντες
1504 3403 1607 3464 ἐπί
1635 3426 1701 3465 τε
1740 3405 1845 3464 τοῦ
1884 3404 1989 3463 νοῦ
2028 3401 2123 3463 καὶ
2164 3404 2269 3463 τοῦ

577 3509 809 3584 νοητοῦ·
858 3503 997 3568 ἀλλ’
1031 3505 1146 3585 ἄρα
1175 3506 1399 3570 ἐκεῖνος
1425 3505 1538 3582 μὲν
1571 3507 1672 3582 τῆς
1708 3503 1843 3585 περὶ
1881 3507 1986 3567 νοῦ
2022 3504 2268 3584 θεωρίας

575 3610 805 3675 οἰκεῖος.
852 3606 1069 3671 λυτέον
1098 3609 1163 3671 δὲ
1192 3607 1300 3684 τὴν
1330 3606 1583 3687 ἀπορίαν
1613 3605 1954 3686 συμμέτρως
1979 3611 2103 3672 τοῖς
2129 3632 2271 3687 προ-

576 3709 860 3789 κειμένοις
903 3708 1214 3791 λέγοντας,
1260 3710 1338 3775 ὦς
1383 3707 1564 3788 οἶμαι,
1607 3710 1699 3771 ὅτι
1756 3711 1788 3772 6
1827 3710 1939 3787 μὲν
1977 3706 2271 3790 Ἀρχύτας

573 3816 677 3881 τὰς
706 3814 963 3893 καθαρᾶς
988 3810 1258 3890 ποιήσεις
1290 3813 1385 3875 καὶ
1413 3812 1639 3877 πείσεις
1669 3812 2075 3891 ἀπελογίσατο
2105 3810 2173 3873 τὸ
2204 3812 2269 3873 δὲ

577 3921 737 3979 νοεῖν
773 3917 883 3979 κᾶν
921 3916 1054 3977 ἐστί
1092 3940 1150 3977 τι
1196 3913 1474 3997 πάσχειν,
1509 3912 1648 3978 ἀλλ’
1684 3915 1810 3996 ἔχει
1850 3916 1984 3976 τινὰ
2028 3914 2269 3976 ἔνδοθεν

574 4017 955 4099 ἐγειρομένην
985 4016 1311 4098 ἐνέργειαν,
1349 4018 1551 4098 ὥσπερ
1591 4016 1658 4080 τὸ
1698 4019 1845 4099 ὁρᾷν
1876 4016 1970 4079 καὶ
2009 4016 2165 4081 ὅλως
2200 4015 2268 4078 τὸ

572 4122 945 4203 γιγνόσκειν.
994 4121 1089 4184 καὶ
1119 4120 1224 4184 οὐκ
1254 4120 1373 4183 ἔδει
1397 4119 1514 4183 ἀπὸ
1544 4121 1766 4183 τούτων
1794 4124 1910 4181 τῶν
1941 4142 2265 4198 συμμεμιγ-

569 4222 766 4304 μένων
791 4223 1122 4306 προσάγειν
1148 4227 1229 4309 τῷ
1267 4225 1432 4308 λόγῳ
1472 4223 1579 4301 τὴν
1622 4221 1928 4284 ἔνστασιν.
1975 4220 2156 4283 ἄλλοι
2202 4221 2266 4283 δὲ

573 4327 688 4392 ἀπὸ
732 4333 839 4392 τοῦ
879 4326 1197 4410 ὀρέγεσθαι
1251 4327 1345 4390 καὶ
1391 4328 1581 4409 ὁρμᾷν
1626 4325 1733 4404 τὴν
1781 4323 1962 4402 αὐτὴν
2013 4323 2266 4404 ἀπορίαν

572 4431 1002 4512 προσάγουσιν,
1035 4430 1111 4497 ὥς
1148 4431 1263 4511 ἄρα
1301 4433 1483 4493 ταῦτα
1525 4430 1593 4492 ἐν
1624 4428 1820 4493 αὐτοῖς
1859 4428 1972 4506 μὲν
2004 4425 2131 4508 ἔχει
2158 4425 2266 4502 τὴν

574 4534 767 4597 αἰτίαν
794 4536 897 4611 τῆς
928 4532 1228 4611 κινήσεως,
1253 4533 1323 4595 οὐ
1350 4530 1541 4610 πάντῃ
1570 4534 1636 4596 δὲ
1664 4531 1971 4612 καθαρεύει
1998 4534 2100 4607 τῆς
2126 4527 2262 4610 παρ’

571 4637 763 4700 ἄλλου
794 4636 889 4699 καὶ
918 4636 1133 4714 ἔξωθεν
1160 4636 1685 4717 προκαταρχούσης
1710 4634 1917 4699 αἰτίας.
1953 4635 2171 4710 ταύτην
2201 4633 2266 4694 δὲ

568 4739 675 4817 τὴν
703 4739 958 4819 ἀπορίαν
985 4739 1145 4801 λύων
1167 4740 1200 4800 6
1227 4736 1580 4820 Ἰάμβλιχος
1609 4736 1817 4818 φησὶν,
1844 4736 1934 4798 ὅτι
1963 4735 2069 4798 οὐκ
2099 4734 2265 4797 ἔστιν

571 4844 735 4906 ἆπλᾶ
762 4844 837 4904 τὰ
864 4843 1133 4922 ὁρμῶντα
1172 4840 1267 4903 καὶ
1296 4841 1643 4922 ὀρεγόμενα.
1693 4841 1950 4902 σύνθετα
1989 4839 2053 4901 δὲ
2096 4838 2261 4910 ὄντα,

568 4946 701 5009 οὔτε
729 4944 837 5024 τὴν
868 4944 1062 5007 αἰτίαν
1089 4947 1194 5006 τοῦ
1224 4944 1492 5024 ἐνεργεῖν
1524 4945 1781 5006 καθόλου
1814 4941 1960 5023 ἔχει,
1994 4940 2128 5003 οὐδὲ
2162 4964 2255 5002 κυ-

566 5047 700 5127 ρίαν
729 5044 832 5128 ἀφ’
868 5049 1107 5110 ἑαυτῶν.
1155 5047 1220 5109 ἐκ
1245 5044 1457 5128 μέρους
1495 5044 1562 5109 δέ
1590 5069 1750 5110 τινος
1787 5048 1906 5106 τῶν
1937 5044 2003 5105 ἐν
2034 5043 2262 5107 ἑαυτοῖς

569 5150 660 5213 καὶ
710 5147 1008 5227 δυνάμεως
1055 5149 1313 5230 ὥρμηται
1365 5150 1448 5215 εἰς
1495 5151 1601 5215 τὰς
1645 5145 1929 5225 ποιήσεις.
1979 5146 2120 5209 ὅθεν
2166 5145 2260 5208 καὶ

569 5251 916 5333 συνεργείας
953 5251 1070 5314 ἀπὸ
1109 5257 1225 5314 τῶν
1266 5251 1483 5330 ἔξωθεν
1515 5256 1718 5324 δεῖται,
1750 5246 1786 5328 ἢ
1816 5250 2256 5331 προκαταρχού-

568 5378 693 5432 σης,
727 5351 765 5432 ἢ
805 5355 1297 5434 συμβαλλούσης,
1341 5351 1378 5432 ἢ
1422 5352 1945 5434 συμβαλλομένης,
1979 5351 2261 5432 κινήσεώς

565 5480 629 5519 τε
655 5459 973 5536 παθητικῆς
1008 5455 1477 5536 μεταλαμβάνει,
1509 5457 1645 5537 περὶ
1672 5457 1830 5519 ἄλλο
1866 5456 1977 5534 μὲν
2007 5453 2254 5536 γενομέ-

570 5584 685 5637 νης.
732 5559 893 5641 λέγω
925 5560 989 5622 δὲ
1017 5558 1085 5622 τὸ
1117 5561 1407 5624 σύνθετον
1433 5566 1602 5636 ζῶον,
1637 5557 1735 5623 ἀπ’
1768 5560 1959 5622 ἄλλου
1997 5583 2062 5621 τε
2104 5559 2254 5622 ἐνδι-

3927 568 4053 638 339

2362 723 2629 804 δομένης,
2673 723 2833 806 λέγω
2874 725 2938 786 δὲ
2982 728 3084 803 τῆς
3129 724 3315 790 αἰτίας
3360 730 3476 788 τῶν
3522 727 3834 807 ἐνεργειῶν
3878 725 4049 790 δυνά-

2359 852 2532 906 μεως.
2583 827 2671 892 διὸ
2703 828 2837 891 οὐδὲ
2866 826 3102 907 ποίησίς
3133 828 3299 890 ἐστιν
3328 828 3470 905 αὕτη
3504 830 3749 909 καθαρὰ,
3782 829 3915 892 οὐδὲ
3943 829 4054 893 πά-

2363 935 2465 997 θος
2486 932 2691 1010 μόνον.
2725 930 2861 994 οὐδὲ
2895 929 3012 993 ἀπὸ
3043 931 3251 1009 ταύτης
3281 931 3630 995 ἐνίστασθαι
3657 935 3750 994 δεῖ
3771 930 3919 1012 πρὸς
3946 931 4054 995 τὸν

2362 1031 2732 1097 ἀποδοθέντα
2771 1034 2961 1113 λόγον
2990 1032 3122 1113 περὶ
3150 1037 3253 1095 τοῦ
3280 1038 3491 1106 ποιεῖν,
3522 1032 3629 1097 τὸν
3655 1032 3919 1116 λέγοντα
3948 1035 4054 1114 τὴν

2362 1137 2555 1199 αἰτίαν
2586 1136 2764 1199 αὐτοῦ
2802 1141 3079 1217 παρεῖναι
3106 1139 3211 1199 τοῦ
3240 1136 3505 1217 ἐνεργεῖν
3533 1134 3635 1218 ἀφ’
3670 1139 3898 1201 ἑαυτοῦ.
3942 1140 4048 1219 μό-

2364 1265 2470 1303 νον
2500 1241 2565 1302 δὲ
2595 1243 2701 1310 δεῖ,
2733 1239 2921 1320 φησὶν
2950 1240 2983 1300 6
3011 1236 3384 1320 ’Ῐάμβλιχος,
3413 1236 3796 1320 προσ-τιθέναι
3831 1241 3918 1316 τὸ,
3953 1268 4046 1305 κυ-

2353 1343 2491 1423 ρίως
2517 1341 2612 1404 καὶ
2639 1342 2879 1421 πρώτως
2908 1339 3010 1421 ἀφ’
3038 1342 3249 1404 ἑαυτοῦ
3279 1341 3374 1404 καὶ
3402 1340 3503 1423 ἀφ’
3529 1342 3674 1405 ὅλου
3705 1344 3915 1407 ἑαυτοῦ
3941 1345 4049 1424 τὴν

2361 1446 2556 1508 αἰτίαν
2607 1445 3040 1526 παρεχόμενον,
3099 1443 3193 1506 καὶ
3242 1445 3434 1522 μόνως
3489 1444 3556 1506 ἐν
3605 1446 3788 1531 ἑαυτῷ
3838 1448 4055 1526 ταύτην

2362 1547 2506 1630 ἕχον
2538 1547 2633 1610 καὶ
2663 1547 2949 1624 αὐτοτελῆ
2981 1548 3065 1612 εἰς
3092 1548 3168 1609 τᾶ.
3196 1547 3313 1609 ὅλα
3343 1546 3522 1624 αὐτὴν
3550 1544 3923 1627 προϊέμενον.
3954 1553 4050 1628 δῆ-

2358 1659 2474 1714 λον
2503 1654 2569 1716 δὲ
2599 1653 2690 1713 ὅτι
2721 1647 3097 1732 σαφέστερος
3122 1652 3234 1729 μὲν
3265 1653 3297 1713 6
3327 1652 3511 1733 λόγος
3540 1653 3721 1719 οὕτως
3761 1652 3932 1716 ἔσται
3961 1657 4057 1719 διὰ

2359 1759 2459 1835 τῆς
2487 1754 2841 1836 προσθήκης.
2878 1754 2971 1817 καὶ
2997 1752 3293 1836 Ἀρχύτας
3325 1755 3392 1817 ἐν
3418 1759 3646 1837 βραχεῖ
3665 1756 3833 1840 λόγῳ
3860 1755 4055 1820 πάντα

2361 1861 2543 1920 ταῦτα
2575 1857 2892 1936 ἐνδείξατο.
2924 1856 2991 1920 τὸ
3023 1860 3136 1938 γᾶρ
3167 1859 3234 1920 ἐν
3264 1859 3468 1943 ἑαυτῷ,
3501 1858 3577 1924 ὡς
3608 1859 3674 1921 ἐν
3703 1859 3824 1944 ὅλῳ
3857 1862 4056 1939 εἴληπ-

2360 1985 2458 2023 ται
2489 1961 2693 2041 κυρίως
2724 1961 2818 2023 καὶ
2847 1961 3105 2040 πρώτως.
3139 1958 3342 2023 Πάλιν
3372 1962 3437 2023 δὲ
3465 1964 3570 2023 τοῦ
3595 1959 3858 2043 πάσχειν
3881 1964 4051 2036 ἴδιόν,

2361 2069 2531 2142 φησι,
2565 2062 2633 2124 τὸ
2665 2063 2732 2125 ἐν
2763 2058 2941 2146 ἑτέρῳ
2974 2062 3082 2140 τὴν
3111 2063 3305 2125 αἰτίαν
3336 2063 3498 2144 ἔχειν
3528 2066 3629 2141 τῆς
3658 2063 3960 2143 κινήσεως.
4005 2068 4058 2129 εἰ

2361 2168 2475 2246 γᾶρ
2503 2167 2849 2250 (exspectes
2880 2167 2973 2247 δὲ)
2998 2166 3097 2245 μὴ,
3124 2166 3389 2228 ἀναίτιόν
3420 2166 3549 2229 ἐστι
3576 2164 3643 2228 τὸ
3673 2165 3877 2239 πάθος,
3910 2167 4055 2248 ὅπερ

2361 2269 2584 2331 ἄτοπον
2615 2267 2772 2332 εἶναί
2797 2292 2852 2330 τι
2878 2273 2996 2332 τῶν
3023 2264 3383 2349 γενομένων,
3415 2265 3530 2331 ὑπὸ
3558 2272 3837 2347 μηδεμιᾶς
3866 2270 4053 2335 αἰτίας

2361 2373 2737 2452 γιγνόμενον,
2779 2369 2816 2450 ἢ
2858 2371 2939 2450 μὴ
2984 2371 3129 2453 ἔχον
3175 2370 3391 2434 αἰτίαν.
3442 2370 3536 2434 καὶ
3583 2373 3635 2434 εἰ
3677 2374 3867 2443 τοῦτο,
3900 2368 3938 2448 ἢ
3986 2373 4052 2434 ἐν

2361 2475 2514 2559 αὐτῷ
2544 2478 2623 2559 τῷ
2654 2473 2970 2556 πάσχοντι,
3007 2474 3101 2536 καὶ
3136 2474 3318 2539 οὕτως
3357 2473 3426 2536 οὐ
3462 2473 3703 2557 πάσχον
3730 2474 3916 2552 μόνον
3949 2476 4050 2537 ἐσ-

2359 2577 2469 2651 τὶν,
2494 2579 2657 2641 ἀλλὰ
2688 2577 2782 2640 καὶ
2808 2572 3097 2654 ποιοῦν,ἢ
3131 2575 3347 2653 ἔξωθεν
3378 2575 3472 2638 καὶ
3503 2577 3569 2638 ἐν
3601 2572 3800 2662 ἑτέρῳ.
3833 2577 3909 2643 ὧς
3937 2580 4052 2659 γὰρ

2359 2679 2434 2745 ἂν
2474 2683 2613 2760 ποιῇ
2654 2678 2721 2744 τὸ
2761 2682 2986 2751 ποιοῦν,
3021 2678 3116 2740 καὶ
3156 2678 3304 2758 ὅπερ
3346 2677 3421 2742 ἂν
3461 2679 3651 2741 ἐκεῖνο
3691 2682 3827 2759 ποιῇ
3867 2684 4050 2744 ταῦτα

2356 2783 2582 2866 πάσχει
2631 2782 2698 2845 τὸ
2743 2780 3003 2864 πάσχον,
3049 2779 3302 2861 Ἀπορεῖ
3346 2782 3412 2844 δὲ
3466 2782 3561 2844 καὶ
3609 2781 3755 2863 πρὸς
3802 2787 3974 2847 τοῦτο
4021 2787 4053 2847 6

2358 2890 2687 2958 Πλωτῖνος,
2718 2889 2840 2950 πῶς
2886 2886 3052 2947 ἐστιν
3092 2883 3363 2948 ἀπόλυτά
3403 2910 3537 2949 τινα
3583 2886 3680 2949 καὶ
3719 2887 3786 2949 ἐν
3815 2890 3894 2973 τῷ
3937 2886 4050 2951 πά-

2356 3013 2554 3072 σχειν.
2601 2987 2706 3050 οὐκ
2750 2988 2898 3050 ὄντα
2953 2988 3016 3065 ἐξ
3067 2987 3274 3051 ἄλλων
3320 2988 3448 3051 οἶον
3494 2988 3561 3051 τὸ
3608 2987 3906 3068 σήπεσθαι
3960 2991 4055 3054 καὶ

2356 3093 2608 3155 ἰοῦσθαι·
2654 3092 2860 3153 πολλὰ
2903 3091 2968 3152 δὲ
3013 3090 3107 3153 καὶ
3154 3092 3220 3153 ἐν
3258 3091 3428 3177 ἄλλῳ
3470 3091 3577 3169 τὴν
3608 3093 3802 3156 αἰτίαν
3832 3092 4053 3175 ἔχοντα

2356 3197 2456 3273 τῆς
2502 3192 2804 3272 κινήσεως,
2838 3192 2907 3255 οὐ
2951 3192 3194 3275 πάσχει,
3228 3194 3304 3260 ὥς
3348 3196 3553 3261 κύκνος
3582 3193 3730 3276 φέρε
3760 3197 3825 3259 ἐκ
3855 3199 3960 3258 τοῦ
3989 3198 4055 3260 ἐν

2359 3298 2513 3382 αὐτῷ
2557 3297 2747 3378 λόγου
2791 3297 3265 3375 λευκαινόμενος,
3300 3297 3508 3378 ἄγεται
3548 3298 3659 3376 μὲν
3697 3298 3779 3364 εἰς
3820 3297 3927 3375 τὴν
3965 3300 4049 3363 οἰ·

2356 3402 2520 3464 κείαν
2551 3398 2955 3481 ἐντελέχειαν,
2980 3398 3050 3461 οὐ
3078 3397 3281 3477 μέντοι
3309 3402 3404 3462 διὰ
3432 3399 3499 3462 τὸ
3526 3398 3622 3462 ὑπ’
3646 3400 3837 3463 ἄλλου
3865 3399 4052 3468 πάθος

2352 3502 2421 3565 τὸ
2452 3505 2740 3566 τοιοῦτον.
2771 3501 2867 3564 καὶ
2895 3499 2963 3562 τὸ
2996 3500 3174 3578 αὖξον
3205 3501 3269 3562 δὲ
3299 3500 3415 3563 ἀπὸ
3439 3505 3544 3564 τοῦ
3573 3502 3811 3567 ἐνόντος
3837 3499 4045 3583 λόγου,

2355 3607 2424 3669 οὐ
2452 3605 2637 3685 δήπου
2675 3607 2824 3668 κατὰ
2859 3603 3045 3670 πάθος
3086 3606 3168 3670 εἰς
3201 3603 3308 3681 τὴν
3338 3605 3582 3683 αὔξησιν
3611 3605 3839 3685 ἄγεται.
3887 3607 4050 3670 ἀλλὰ

2353 3707 2499 3789 πρὸς
2540 3709 2653 3786 μὲν
2699 3706 2767 3769 τὸ
2811 3710 3078 3769 τοιοῦτον
3122 3704 3354 3787 ῥητέον,
3394 3704 3539 3785 μήτε
3582 3706 3688 3768 τὸν
3739 3708 3950 3771 κύκνον
3982 3711 4050 3773 ἐν

2356 3812 2523 3897 ἄλλῳ
2571 3811 2735 3894 ἔχειν
2779 3811 2887 3888 τὴν
2930 3811 3124 3873 αἰτίαν
3172 3813 3276 3874 τοῦ
3323 3807 3539 3873 λευκὸν
3586 3807 3756 3882 εἶναι,
3805 3809 3942 3873 ἀλλ’
3981 3813 4048 3875 ἐν

2357 3917 2559 3999 ἑαυτῷ,
2592 3912 2739 3993 μήτε
2770 3914 2926 3977 ἄλλο
2953 3915 3137 3992 μηδὲν
3165 3919 3283 3976 τῶν
3311 3914 3394 3980 εἰς
3433 3912 3585 3980 εἶδος
3622 3911 3690 3975 τὸ
3731 3914 3951 3978 οἰκεῖον
3978 3913 4046 3977 τὸ

2354 4020 2665 4099 σύμφυτον
2710 4015 3040 4098 ἀγομένων,
3074 4018 3291 4095 ἔξωθεν
3334 4017 3497 4100 ἔχειν
3540 4016 3647 4095 τὴν
3688 4021 3794 4081 τοῦ
3835 4019 4049 4083 οἰκείου

2355 4123 2541 4187 εἴδους
2567 4118 2850 4203 μετοχήν.
2879 4118 3068 4187 πάθος
3097 4146 3163 4183 τε
3192 4120 3298 4183 οῦν
3322 4119 3585 4202 λέγομεν
3608 4119 3674 4183 τὸ
3705 4122 3885 4187 οὕτως
3912 4145 4046 4200 μετ-

2354 4222 2537 4308 έχειν,
2572 4224 2684 4305 οὐχ
2711 4224 2802 4286 ὅτι
2842 4221 2937 4286 ὑπ’
2970 4224 3164 4286 ἄλλου
3193 4224 3261 4286 οὐ
3289 4225 3517 4305 γίνεται
3544 4221 3732 4290 πάθος
3760 4222 3827 4286 τὸ
3856 4227 4042 4287 τοιοῦ-

2351 4351 2477 4405 τον,
2511 4323 2648 4389 ἀλλ’
2681 4324 2881 4402 ἐπειδὴ
2926 4324 3134 4392 οὐσίας
3174 4324 3509 4407 μετάληψις
3549 4323 3624 4402 ἦν
3653 4325 3690 4404 ἡ
3727 4328 3833 4388 τοῦ
3861 4327 4047 4391 εἴδους

2350 4428 2574 4511 μετοχὴ
2620 4426 2742 4491 κατ’
2776 4427 3103 4509 ἐνέργειαν,
3137 4427 3251 4491 ὑπὸ
3284 4426 3493 4508 ἀέρων,
3523 4423 3560 4506 ἢ
3589 4425 3703 4491 ὑπὸ
3730 4426 3976 4502 ὑδάτων,
4006 4426 4043 4506 ἢ

2350 4532 2542 4595 ἄλλου
2569 4529 2731 4597 τινὸς
2757 4531 2942 4612 ὑγροῦ
2982 4529 3425 4609 ἀναθυμιάσεως
3451 4529 3749 4611 γινομένη.
3794 4533 3941 4598 ἴσως
3983 4532 4047 4594 δὲ

2353 4637 2447 4700 καὶ
2491 4639 2588 4700 διὰ
2627 4635 2734 4715 τὴν
2774 4635 3061 4698 σύνθεσιν
3090 4637 3207 4695 τῶν
3236 4629 3587 4710 σηπομένων
3616 4631 3709 4695 καὶ
3739 4632 4040 4711 ἰουμένων,

2353 4740 2481 4803 ἔστι
2518 4741 2653 4802 τινὰ
2692 4740 2760 4801 ἐν
2789 4736 3006 4814 αὐτοῖς,
3038 4738 3114 4799 τα
3150 4736 3262 4815 μὲν
3293 4736 3360 4798 ἐν
3388 4736 3468 4819 τῷ
3510 4739 3721 4807 ποιεῖν,
3754 4737 3829 4797 τὰ
3867 4737 3931 4798 δὲ
3976 4737 4043 4799 ἐν

2349 4847 2429 4928 τῷ
2471 4841 2753 4925 πάσχειν,
2790 4841 2939 4921 ὅπερ
2980 4840 3061 4918 μὴ
3105 4837 3416 4917 δυνάμενοι
3459 4837 3775 4917 διακρίνειν
3818 4839 4038 4902 ἀπολύ-

2347 4970 2480 5011 τους
2506 4946 2736 5011 πείσεις
2766 4946 2870 5010 τᾶς
2897 4944 3168 5008 τοιαύτας
3210 4942 3602 5005 ὑποτίθενται·
3649 4941 3813 5004 ἀλλὰ
3839 4941 4042 5005 πολλά

2347 5056 2538 5129 φασιν
2568 5049 2637 5111 ἐν
2665 5049 2892 5113 ἑαυτοῖς
2932 5045 3041 5125 τὴν
3068 5046 3261 5109 αἰτίαν
3288 5044 3507 5126 ἔχοντα
3536 5046 3641 5106 τοῦ
3670 5048 3863 5106 ποιεῖν
3895 5045 4036 5107 ἐπα-

2347 5152 2603 5224 θαίνετο,
2639 5147 2783 5213 καθὸ
2811 5146 3038 5214 πάντας
3066 5148 3200 5214 τοὺς
3229 5148 3497 5228 φαύλους
3537 5144 3653 5209 ἀπὸ
3692 5148 3795 5223 τῆς
3837 5146 3903 5208 ἐν
3933 5146 4035 5209 αὐ-

2345 5259 2468 5320 τοῖς
2499 5253 2701 5319 κακίας
2732 5254 3012 5331 ἐμπαθεῖς
3044 5249 3194 5314 εἶναι
3222 5248 3500 5331 λέγομεν.
3531 5245 3568 5327 ἢ
3597 5248 3750 5332 αὐτῷ
3774 5251 3935 5310 δοκεῖ
3960 5253 4038 5335 τῷ

2346 5357 2659 5441 Πλωτίνῳ,
2690 5355 2838 5434 μήτε
2865 5353 3045 5432 πάθη,
3079 5351 3216 5416 ἀλλ’
3251 5351 3617 5434 ἐνεργήματα
3659 5349 3809 5415 εἶναι
3836 5353 3911 5414 τᾶ
3938 5355 4040 5431 τῆς

2344 5464 2544 5541 ψυχῆς
2583 5456 2761 5537 πάθη,
2792 5453 2828 5535 ἢ
2874 5458 2942 5519 ἐν
2983 5456 3125 5535 αὐτῇ
3172 5456 3303 5534 μὲν,
3336 5453 3720 5536 ἐνεργήματα,
3754 5454 3821 5516 ἐν
3855 5455 3919 5517 δὲ
3958 5458 4037 5541 τῷ

2346 5561 2573 5640 σώματι
2615 5558 2791 5639 πάθη.
2841 5559 3043 5639 ὥσπερ
3074 5559 3181 5621 οῦν
3209 5558 3317 5636 τὴν
3347 5560 3542 5622 αἰτίαν
3583 5560 3683 5638 τῆς
3728 5557 3931 5625 κακίας
3971 5560 4039 5622 ἐν

2501 5668 2561 5718 x
2596 5672 2645 5718 x
2683 5655 2726 5718 2
