5118 6613
1405 535 1606 601 LIB.
1651 536 1753 602 II.
1800 537 2251 603 ENNEAD.
2300 537 2754 602 TERTIAE.
2797 557 2865 625 p.
2894 553 3262 624 473—477.

562 707 962 791 Ἀδραστείαν
1003 712 1291 774 καλοῦσιν
1334 708 1494 793 (scil.
1525 712 1583 774 οἱ
1616 712 1918 796 Στωϊκοὶ),
1949 713 2042 776 ὅτι
2081 714 2265 794 περᾶς

564 816 692 879 ταῖς
726 813 944 879 αἰτίαις
981 812 1439 896 ἠναγκασμένον
1487 815 1835 895 ἐπιτίθησιν,
1868 814 2265 898 ἆνέκφευκτος

563 916 716 978 οὖσα
747 916 844 979 καὶ
873 917 1340 999 ἇναπόδραστος.
1392 916 1499 982 Cf.
1519 915 1949 1005 Chrysippum
1978 941 2080 1006 ap.
2110 917 2264 983 Plu-

566 1016 762 1082 tarch.
792 1017 874 1082 de
906 1016 1201 1082 Stoicorr.
1228 1020 1568 1108 Repugnn.
1598 1042 1664 1106 p.
1694 1021 1879 1104 1056.
1912 1020 1986 1084 C.
2017 1044 2082 1109 p.
2107 1041 2257 1106 304.

564 1121 779 1209 wytt.
810 1135 874 1185 et
902 1120 1033 1185 vid.
1068 1121 1396 1210 Wyttenb.
1440 1122 1520 1187 ad
1563 1122 1738 1188 Plut.
1780 1122 1861 1189 de
1891 1125 1959 1191 S.
1977 1125 2061 1188 N.
2085 1126 2160 1191 V.
2195 1148 2260 1213 p.

569 1238 714 1306 107.
759 1239 824 1289 et
873 1225 1140 1312 Baguet.
1195 1225 1273 1290 ad
1322 1227 1665 1315 Chrysippi
1711 1229 1948 1316 Fragg.
1994 1228 2146 1293 XC.
2195 1252 2263 1316 p.

565 1345 708 1406 224.
754 1327 1123 1391 Ammianus
1155 1328 1509 1394 Marcellin.
1544 1330 1741 1394 XIV.
1778 1350 1878 1396 11.
1930 1339 1973 1370 ‘⁶
2006 1333 2170 1397 Haec
2198 1348 2259 1397 et

562 1428 923 1515 hujusmodi
951 1429 1243 1515 quaedam
1289 1431 1764 1498 innumerabilia
1789 1435 2263 1521 uumfadno-

560 1555 705 1596 rum
726 1534 1148 1621 bonorumque
1164 1538 1586 1622 praemiatrioe
1607 1535 1935 1623 aliquoties
1962 1555 2261 1626 operatur

562 1637 1146 1724 Adrastia—quam
1180 1638 1487 1703 vocabulo
1529 1639 1763 1727 duplici
1808 1640 1990 1705 etiam
2032 1642 2262 1706 Neme-

559 1743 664 1805 sin
705 1740 1157 1828 appellamus.”
1246 1740 1528 1806 Platonis
1566 1741 1770 1806 locum
1803 1741 2030 1830 partim
2065 1743 2258 1829 respi-

558 1843 755 1922 ciunt,
784 1844 1014 1932 partim
1045 1843 1407 1909 describunt
1438 1844 1608 1909 haud
1639 1845 1845 1931 pauci,
1875 1844 1939 1908 in
1972 1844 2069 1909 his
2094 1844 2259 1910 Plu-

563 1944 813 2011 tarchus
841 1946 923 2010 de
964 1948 1127 2011 Fato
1156 1971 1218 2034 p.
1251 1966 1402 2033 570.
1436 1950 1523 2012 A.
1555 1971 1621 2036 p.
1660 1949 1805 2032 296.
1852 1948 2063 2035 Wytt.
2099 1950 2255 2013 Pro-

560 2048 693 2114 elus
734 2048 800 2113 in
848 2049 1077 2114 Theol.
1131 2050 1377 2114 Platon.
1425 2072 1491 2138 p.
1528 2051 1669 2115 186.
1719 2074 1784 2139 p.
1820 2069 1966 2136 205.
1998 2075 2093 2138 sq.
2124 2050 2260 2116 loco

559 2151 832 2231 classico,
856 2153 965 2217 ubi
998 2152 1196 2218 multa
1213 2153 1294 2218 de
1318 2152 1634 2219 Adrastea
1660 2153 1944 2241 disputat
1974 2153 2055 2219 ad
2086 2177 2258 2219 men-

559 2271 683 2322 tem
729 2255 1044 2324 Platonis:
1093 2256 1174 2321 cf.
1221 2254 1369 2322 ibid.
1429 2279 1496 2343 p.
1528 2257 1673 2341 298.
1721 2271 1785 2321 et
1827 2257 1890 2319 in
1937 2257 2257 2322 Timaeum

563 2360 679 2423 IV.
724 2380 791 2445 p.
837 2360 988 2424 206.
1040 2357 1209 2440 (coll.
1255 2358 1336 2423 V.
1383 2382 1449 2447 p.
1485 2360 1661 2445 206.)
1711 2359 1820 2424 ubi
1863 2359 2260 2425 memorabile

561 2463 907 2552 Orphicum
954 2464 1379 2551 fragmentum
1425 2465 1715 2539 exhibet:
1764 2489 2034 2553 quocum
2083 2490 2256 2531 com-

560 2566 887 2654 ponendus
914 2582 1010 2632 est
1040 2591 1253 2632 versus
1272 2567 1591 2656 Orphicus
1618 2568 1682 2632 in
1714 2569 1881 2653 Εὗχῇ
1910 2569 2058 2652 πρὸς
2086 2577 2257 2635 Μου-

560 2677 755 2745 σαῖον,
806 2671 911 2756 36.
965 2693 1030 2757 p.
1073 2689 1217 2755 254.
1266 2673 1487 2735 Herm.
1541 2694 1730 2758 quem
1780 2688 1986 2736 tamen
2037 2673 2255 2738 Codex

559 2774 898 2840 Vossianus
927 2796 1053 2838 non
1082 2773 1382 2861 agnoscit.
1474 2774 1719 2840 Omitto
1749 2774 1969 2853 multa,
2000 2798 2147 2862 quae
2173 2775 2257 2839 ad

560 2877 1025 2966 Mythologiam
1085 2877 1416 2942 Adrasteae
1481 2876 1914 2942 illustrandam
1973 2879 2254 2942 contule-

556 2995 705 3046 runt
736 2980 855 3044 viri
884 2980 1074 3059 docti,
1106 2996 1179 3045 ut
1219 2980 1371 3046 Tib.
1409 2979 1929 3054 Hemsterhusius
1956 2979 2021 3044 in
2052 2981 2253 3045 Aneo-

557 3084 711 3150 dott.
762 3083 1339 3149 Hemsterhusianis
1383 3082 1480 3148 ed.
1537 3082 1720 3148 Geel.
1772 3084 1860 3147 T.
1908 3085 1964 3148 I.
2011 3105 2073 3171 p.
2112 3084 2252 3171 183.

557 3209 692 3274 sqq.
728 3185 1123 3252 Siebenkees.
1151 3187 1233 3251 ad
1278 3185 1560 3251 Platonis
1606 3186 1855 3251 Scholia
1881 3210 1947 3274 p.
1981 3188 2082 3267 64.
2116 3210 2254 3275 sqq.

556 3289 947 3357 doctissimus
979 3291 1167 3379 Hug.
1210 3288 1274 3354 in
1318 3288 1481 3356 libro
1517 3290 1718 3356 Ueber
1745 3290 1867 3355 den
1898 3289 2155 3378 Mythos
2184 3316 2253 3379 p.

564 3395 701 3473 187.
736 3417 875 3481 sqq.
926 3396 1144 3483 Zoega
1181 3392 1244 3458 in
1277 3393 1787 3481 Abhandlungem
1822 3394 1917 3458 ed.
1959 3395 2252 3459 Welclcer.

553 3519 617 3583 p.
637 3519 743 3577 40.
775 3520 837 3585 p.
864 3500 966 3562 60.
999 3520 1137 3584 sqq.
1171 3511 1236 3561 et
1263 3520 1408 3584 quoe
1435 3496 1567 3584 ipse
1596 3496 1776 3581 posui
1803 3497 1869 3560 in
1903 3496 2258 3585 Symboliea

558 3599 656 3666 ΙΙ.
702 3622 769 3687 p.
813 3619 962 3684 501.
1010 3622 1147 3687 sqq.
1195 3598 1293 3663 ed.
1341 3598 1449 3664 alt.
1505 3612 1570 3663 et
1623 3600 1763 3664 111.
1815 3622 1881 3686 p.
1921 3618 2072 3685 307.
2114 3623 2254 3688 sqq.

555 3702 925 3768 Adscribam
968 3720 1180 3767 autem
1210 3702 1403 3767 verba
1453 3702 1732 3766 Hermiae
1770 3701 1833 3766 in
1878 3702 1924 3767 l.
1954 3701 1998 3766 l.
2039 3702 2251 3768 Plato-

552 3805 672 3869 nici
732 3804 989 3870 Phaedri
1032 3828 1097 3893 p.
1136 3805 1278 3885 148.
1379 3805 1572 3884 Astii,
1631 3828 1777 3893 quae
1826 3804 2254 3893 conjunctiora

551 3923 698 3975 sunt
741 3933 886 3975 cum
940 3911 1058 3975 hoc
1109 3909 1245 3975 loco
1297 3910 1552 3976 Plotini.
1647 3912 1753 3976 Ita
1794 3910 1959 3975 enim
2004 3910 2107 3975 ille
2151 3911 2249 3975 in-

550 4030 819 4102 terpres:
868 4016 907 4095 ἠ
952 4017 1017 4079 δὲ
1054 4012 1413 4095 Ἀδράστεια
1452 4014 1562 4094 μία
1613 4013 1743 4077 ἐστὶ
1788 4013 1883 4076 καὶ
1928 4014 2072 4093 αὕτη
2117 4013 2251 4081 θεὸς

547 4124 663 4183 τῶν
704 4123 1018 4198 μενουσῶν
1047 4119 1114 4181 ἐν
1147 4120 1218 4197 τῇ
1256 4116 1438 4191 νυκτὶ,
1476 4115 1771 4199 γενομένη
1817 4118 1884 4180 ἐκ
1924 4117 2248 4182 Μελίσσου

553 4222 649 4285 καὶ
673 4219 1057 4300 Ἀμαλθείας·
1107 4221 1139 4282 ὁ
1173 4221 1287 4299 μὲν
1315 4220 1421 4284 οὖν
1450 4218 1768 4286 Μέλισσος
1806 4222 1954 4284 κατὰ
1980 4219 2088 4298 τὴν
2119 4222 2244 4284 ἑπι-

549 4322 801 4403 μέλειαν
837 4328 956 4386 τῶν
999 4321 1286 4405 δευτέρων
1323 4321 1416 4386 καὶ
1454 4324 1742 4405 πρόνοιαν
1782 4325 2071 4403 εἴληπται·
2114 4323 2152 4402 ἡ
2181 4324 2247 4387 δὲ

549 4425 885 4506 Ἀμαλθεία
923 4428 1071 4490 κατὰ
1114 4425 1183 4489 τὸ
1220 4426 1458 4492 ἇκλινὲς
1505 4425 1599 4489 καὶ
1647 4425 1726 4504 μὴ
1767 4424 2247 4505 μαλθάσσεσθαι.

553 4530 620 4592 ἐν
646 4532 755 4607 τῆς
781 4529 889 4591 οὖν
917 4529 1218 4609 Προνοίας
1245 4530 1347 4606 τῆς
1374 4529 1650 4595 ἆκλινοῦς
1676 4527 1935 4611 γέγονεν
1962 4529 1999 4608 ἡ
2034 4526 2247 4610 Ἀδρά-

548 4656 739 4705 στεια,
769 4632 896 4709 ἥτις
924 4629 1159 4712 ἀδελφή
1190 4631 1319 4693 ἐστι
1347 4633 1449 4709 τῆς
1476 4633 1671 4710 Εἴδης·

793 4734 920 4807 Ε”ιδη
946 4734 994 4791 τ’
1021 4736 1216 4806 εὐειδὴς
1243 4737 1327 4792 καὶ
1351 4737 1650 4809 ὁμόσπορος
1677 4734 2001 4808 Ἀδράστεια·

551 4832 588 4911 ἡ
619 4831 863 4895 πάντων
908 4832 1057 4910 ὁμοῦ
1089 4836 1208 4895 τῶν
1244 4831 1604 4910 νόμων-τὰ
1648 4829 1861 4913 κέντρα
1906 4830 2137 4898 ἑνιαίως
2183 4832 2252 4894 ἐν

553 4936 728 5014 ἑαυτῇ
777 4936 1181 5012 συλλαβοῦσα
1238 4933 1334 4997 καὶ
1393 4932 1757 5017 συνέχουσα,
1807 4933 1949 5011 αὕτη
1997 4933 2165 4996 ἐστὶν
2212 4934 2251 5013 ἡ

552 5035 705 5110 θεὸς,
735 5034 1096 5118 Ἀδράστεια
1124 5038 1221 5099 διὰ
1248 5038 1420 5099 τοῦτο
1453 5033 1798 5115 κεκλημένη,
1826 5035 1924 5098 διὰ
1950 5034 2019 5098 τὸ
2050 5036 2125 5099 τὰ
2150 5034 2247 5099 ὑπ’

551 5138 728 5218 αὐτῆς
752 5136 1003 5203 τεθέντα
1020 5138 1115 5202 καὶ
1135 5136 1609 5219 νομοθετηθέντα
1626 5139 2050 5219 ἆναπόδραοτα
2069 5137 2243 5204 εἶναι.

549 5240 637 5305 διὸ
668 5241 766 5305 καὶ
793 5240 909 5323 πρὸ
939 5245 1045 5305 τοῦ
1065 5242 1281 5323 ἄντρου
1309 5244 1412 5320 τῆς
1440 5239 1673 5307 Νυκτὸς
1692 5240 1867 5324 ἠχεῖν
1894 5240 2249 5322 λέγεται.-

552 5342 723 5407 ἔνδον
750 5343 865 5423 μὲν
902 5344 1020 5425 γᾶρ
1057 5343 1125 5406 ἐν
1165 5345 1245 5429 τῷ
1276 5343 1466 5429 ἀδύτῳ
1508 5344 1609 5421 τῆς
1651 5340 1883 5408 Νυκτὸς
1926 5340 2169 5422 κάθηται
2213 5344 2245 5405 ὁ

550 5444 769 5526 Φάιης,
804 5445 873 5508 ἓν
898 5443 1065 5531 μέσῳ
1095 5445 1161 5508 δὲ
1190 5444 1227 5524 ἡ
1255 5444 1405 5524 Νὺξ,
1435 5445 1815 5525 μαντεύουσα
1842 5450 1964 5510 τοῖς
1993 5448 2166 5512 θεοῖς·
2209 5445 2246 5526 ἡ

550 5549 613 5612 δὲ
639 5545 1001 5629 Ἀδράστεια
1038 5549 1106 5612 ἐν
1146 5552 1266 5615 τοῖς
1302 5548 1633 5630 προθύροις,
1663 5552 1813 5612 πᾶσι
1849 5550 2254 5627 νομοθετοῦσα

3923 556 4046 624 ³49

2349 708 2483 777 τοὺς
2512 710 2708 777 θείους
2750 714 3023 790 θεσμούς.
3116 713 3278 775 Erat
3315 723 3526 776 autem
3567 709 3883 776 Adrastea
3919 734 4048 777 una

2346 834 2490 878 cum
2530 834 2740 877 sorore
2785 812 2905 877 Ida
2951 813 3162 878 nutrix
3208 813 3412 878 Jovis.
3476 812 3847 901 Apollodor.
3887 814 3945 879 1.
3983 832 4044 879 2.

2347 917 2429 980 6:
2480 917 2579 981 καὶ
2623 920 2834 980 τοῦτον
2892 916 3025 999 (τὸν
3085 917 3233 1001 Δία)
3294 918 3406 997 μὲν
3463 917 3667 981 δίδωσι
3718 915 4048 1000 τρέφεσθαι

2354 1020 2623 1101 Κούρησί
2668 1044 2733 1083 τε
2783 1020 2878 1084 καὶ
2921 1025 3049 1087 ταῖς
3107 1019 3470 1088 Μελισσέως
3514 1020 3687 1085 παισὶ
3744 1022 4043 1103 Νύμφαις,

2349 1120 2708 1208 Ἀδραστείᾳ
2749 1147 2817 1187 τε
2862 1124 2960 1187 καὶ
3008 1120 3157 1203 Ἴδῃ.
3252 1121 3576 1188 Plutarchi
3626 1122 4044 1212 Symposiacc.

2354 1225 2497 1289 111.
2530 1246 2590 1310 9.
2620 1247 2688 1312 p.
2715 1227 2866 1310 657.
2897 1226 2979 1290 E.
3017 1248 3080 1313 p.
3113 1226 3260 1290 680.
3295 1249 3387 1313 sq.
3419 1227 3667 1314 Wytt.:
3715 1229 3807 1292 ὅτι
3842 1230 4042 1290 δοκοῦ-

2347 1353 2449 1392 σιν
2478 1328 2633 1415 αὐτῷ
2667 1329 2764 1392 καὶ
2807 1331 2866 1392 ot
2903 1330 3169 1393 Παλαιοὶ
3212 1333 3317 1392 τοῦ
3359 1331 3473 1409 μὲν
3518 1329 3663 1397 Διὸς
3706 1333 3808 1394 δύο
3851 1334 4045 1394 ποιεῖν

2345 1433 2602 1510 τιθηνᾶς,
2633 1430 2742 1510 τὴν
2759 1428 2927 1512 Ἴτην
2957 1431 3053 1495 καὶ
3081 1431 3189 1510 τὴν
3215 1430 3629 1513 Ἀδραστείαν.
3721 1432 3819 1497 Ita
3855 1432 4048 1520 Wyt-

2346 1533 2637 1599 tenbach.
2696 1557 2775 1598 ex
2831 1532 3007 1599 libris
3057 1532 3389 1598 omnibus:
3441 1533 3817 1621 Xylander:
3858 1531 4044 1614 Ἴδην.

2347 1635 2556 1701 Possis
2596 1637 2663 1700 in
2710 1636 3053 1702 Plutarcho
3094 1651 3160 1702 et
3196 1636 3263 1700 in
3306 1636 3702 1724 Apollodoro
3738 1636 3786 1701 l.
3816 1636 3859 1703 l.
3908 1660 4047 1701 sua-

2345 1738 2494 1803 dere
2540 1742 2724 1820 Είδην
2752 1762 2830 1804 ex
2861 1740 3146 1805 Hermia:
3174 1738 3290 1805 l.c.
3386 1739 3509 1805 Sed
3558 1756 3763 1805 tamen
3803 1740 3869 1805 in
3912 1740 4049 1829 ipsa

2346 1842 2654 1907 Adrastea
2680 1841 2840 1908 inest
2869 1843 3039 1908 notio
3068 1842 3321 1907 videndi
3355 1845 3490 1926 (τοῦ
3519 1846 3720 1929 ἰδεῖν).
3779 1845 4047 1909 Hermes

2345 1968 2447 2033 ap.
2471 1944 2648 2010 Stob.
2672 1944 2938 2033 Eclogg.
2964 1946 3025 2009 I.
3052 1962 3163 2031 52.
3184 1969 3247 2033 p.
3280 1948 3431 2031 966.
3464 1948 3695 2011 Heer.:
3742 1946 4045 2028 Ἐποπτὴρ

2344 2049 2545 2112 τοίνυν
2573 2051 2755 2130 ταγῆς
2784 2049 2956 2113 ἔσται
2982 2054 3102 2113 τῶν
3131 2051 3294 2113 ὅλων
3323 2048 3633 2130 ὀξυδερκὴς
3662 2049 3798 2117 θεὸς
3826 2049 4043 2133 Ἀδρά-

2345 2176 2533 2216 στεια.
2629 2153 2856 2237 Neque
2906 2174 3056 2215 vero
3102 2150 3428 2215 Hermiam
3473 2174 3552 2215 ex
3598 2150 3943 2216 Plutarcho
3985 2168 4048 2216 et

2346 2253 2739 2343 Apollodoro
2782 2253 3222 2340 corrigendum
3261 2277 3393 2318 esse
3420 2253 3632 2341 arguit
3661 2252 4039 2318 versiculus:

2347 2362 2492 2439 Εἵδη
2537 2357 2586 2423 τ’
2633 2358 2857 2437 εὐειδὴς
2912 2383 3035 2421 κ.τ.
3061 2363 3122 2420 λ.
3214 2356 3385 2436 Quid
3436 2355 3717 2444 quoeris?
3765 2357 3873 2420 Ex
3916 2356 4043 2420 AE-

2344 2461 2709 2550 gyptiorum
2740 2459 3010 2525 maxime
3039 2459 3582 2548 religionibusper
3624 2458 3934 2548 Orphicos
3962 2458 4043 2523 ad

2347 2564 2608 2629 Graecos
2634 2563 2932 2629 translata
2959 2578 3093 2628 erat
3123 2563 3294 2628 notio
3331 2564 3509 2643 Deae,
3542 2588 3689 2651 quae
3719 2562 4047 2651 AEgyptiis

2343 2666 2670 2732 dicebatur
2692 2667 2925 2746 Athor‚
2952 2667 3194 2733 Graecis
3221 2668 3374 2747 Νὺξ,
3403 2667 3624 2733 Atticis
3639 2668 4046 2732 Rhamnusia

2342 2772 2637 2835 Nemesis
2694 2786 2755 2835 et
2814 2769 3075 2836 fortasse
3132 2770 3318 2835 etiam
3375 2772 3578 2850 Adra,
3630 2771 3847 2835 eadem
3899 2794 4045 2857 quae

2343 2873 2659 2942 Adrastea
2705 2872 3149 2959 (Ἀδράστεια),
3189 2897 3380 2960 quam
3423 2873 3883 2939 venerabantur
3911 2889 4046 2938 tan-

2339 2999 2532 3065 quam
2588 2979 3020 3065 inspectricem
3071 2988 3136 3040 et
3183 2978 3418 3042 Fatam
3460 2977 3618 3059 (sive
3657 2979 4044 3065 pronuntia-

2340 3081 2589 3164 tricem)
2618 3079 2833 3168 legum
2879 3080 3253 3144 divinarum
3290 3083 3612 3170 omnisque
3649 3081 3841 3167 bajus
3889 3083 4049 3147 Uni-

2341 3185 2533 3247 versi.
2611 3185 2787 3259 Quas
2814 3184 2984 3272 leges
3008 3186 3121 3272 qui
3149 3186 3406 3271 respicit
3434 3194 3495 3250 et
3525 3194 3761 3261 servat,
3786 3187 3846 3249 is
3873 3186 4044 3272 aspi·-

2341 3291 2428 3355 cit
2460 3288 2922 3377 pulcerrimum
2966 3312 3184 3355 rerum
3230 3291 3514 3356 ordinem
3552 3301 3614 3358 et
3659 3292 3805 3357 colit
3826 3292 4040 3379 justi-

2341 3394 2519 3457 tiam.
2588 3394 2931 3481 Propterea
2958 3393 3024 3458 in
3054 3393 3240 3458 sacris
3267 3392 3497 3458 fabulis
3525 3394 3847 3459 Adrasteae
3874 3417 4043 3460 nunc

2341 3494 2714 3583 adjungitur
2741 3497 3019 3575 Phanes,
3065 3497 3178 3584 qui
3217 3519 3428 3561 rerum
3473 3496 3807 3561 visibilium
3851 3496 4043 3562 decus

2341 3613 2405 3663 et
2432 3614 2799 3664 concentum
2832 3598 3200 3687 procreavit,
3232 3621 3398 3663 nunc
3422 3599 3679 3663 additur
3710 3601 3899 3663 Soror
3915 3601 4041 3664 Ida

2342 3700 2530 3786 (Ἴδη)
2584 3725 2624 3766 a
2667 3702 2933 3766 videndo
2974 3716 3040 3766 et
3081 3703 3476 3790 inspiciendo
3514 3701 3847 3789 appellata,
3895 3726 4041 3789 quae

2337 3803 2553 3868 eadem
2587 3808 2732 3885 Εἵδη
2776 3804 2965 3883 dicta,
2995 3804 3076 3869 ab
3124 3805 3277 3873 εἶδος
3305 3804 3434 3869 sive
3478 3828 3518 3869 a
3543 3805 4037 3893 padcrajbrma,

2335 3930 2482 3994 quae
2524 3906 2735 3972 omnia
2779 3907 2970 3995 hujus
3012 3905 3236 3972 mundi
3287 3908 3568 3973 membra
3608 3908 3944 3995 conspicua
3975 3923 4039 3974 et

2333 4008 2563 4074 decora
2613 4008 2862 4084 reddit:
2910 4032 3078 4074 nunc
3120 4010 3308 4075 etiam
3368 4010 3626 4076 additur
3680 4013 3852 4093 Δίκη,
3908 4012 4038 4077 sive

2333 4113 2631 4191 Justttia,
2668 4136 2810 4201 quae
2846 4114 3015 4201 leges
3054 4116 3345 4179 universi
3385 4116 3769 4202 eoesequitur.
3865 4115 4038 4179 Hinc

2333 4214 2594 4301 intelligi
2622 4238 2804 4303 posse
2841 4215 3130 4295 arbitror,
3162 4239 3278 4281 cur
3321 4215 3614 4281 Plotinus
3649 4215 3784 4281 loco
3828 4233 4040 4283 nostro

2332 4317 2414 4382 ab
2452 4317 2797 4396 Adrasteae,
2853 4317 2980 4383 sive
3018 4319 3232 4407 legum
3272 4320 3646 4383 divinarum
3688 4321 4041 4385 inevitabili

2326 4430 2654 4509 potestate,
2705 4422 3200 4509 transgrediatur
3241 4422 3324 4487 ad
3375 4423 3749 4487 mentionem
3793 4424 4041 4488 ordinis

2334 4545 2574 4602 rerum,
2604 4547 2749 4612 quae
2784 4524 2848 4589 in
2891 4525 3012 4589 hoc
3054 4527 3356 4589 universo
3383 4526 3861 4611 conspiciuntur
3891 4527 4039 4608 (τῶν

2337 4626 2652 4708 ὁρωμένων
2684 4628 2751 4691 ἐν
2779 4631 2860 4714 τῷ
2888 4630 3125 4710 παντί),
3155 4651 3269 4692 cur
3295 4627 3522 4692 deinde
3551 4627 3632 4692 ad
3678 4627 4039 4694 animalium

2336 4726 2823 4816 plantarumque
2869 4730 3138 4817 pulcras
3182 4732 3451 4817 formas
3512 4731 3609 4814 (τὸ
3670 4732 3916 4818 εὗειδές)
3975 4748 4039 4796 et

2336 4833 2707 4897 varietatem
2727 4832 2826 4914 (τὸ
2842 4834 3146 4918 ποικίλον)
3168 4832 3526 4912 descendat,
3547 4853 3609 4899 et
3631 4857 3744 4898 cur
3767 4834 4038 4922 denique

2336 4933 2399 4997 in
2442 4933 2654 4999 divina
2697 4935 2961 5000 essentia
3004 4935 3410 5001 describenda
3438 4953 3503 5001 et
3533 4939 3838 5025 pulcrum
3882 4937 4037 5003 illud

2336 5051 2401 5101 et
2423 5039 2687 5124 justum
2721 5037 2819 5120 (τὸ
2852 5038 3041 5103 καλὸν
3072 5040 3168 5104 καὶ
3197 5040 3267 5104 τὸ
3298 5042 3557 5125 δίκαιον)
3590 5042 3948 5129 conjungat.

2418 5164 2486 5228 p.
2515 5144 2667 5225 476,
2701 5143 2763 5205 6.
2812 5147 2993 5206 Ποιεῖ
3008 5139 3125 5224 γὰρ
3152 5147 3273 5207 πᾶν
3294 5143 3361 5207 τὸ
3393 5148 3759 5209 θεῖον-ποῦ
3779 5144 3854 5209 ἂν
3884 5145 3971 5222 εἴη
3980 5145 4028 5229 3]

2331 5242 2478 5307 Vid.
2511 5243 2880 5308 Cudworth.
2917 5245 3186 5331 System.
3220 5244 3429 5310 Intell.
3472 5246 3664 5310 Univ.
3695 5268 3760 5332 p.
3799 5266 3822 5308 ι
3844 5247 3983 5327 167.

2414 5368 2479 5434 p.
2512 5362 2665 5429 477,
2701 5366 2759 5409 1.
2805 5348 2934 5411 οἷον
2964 5350 3112 5432 τῷδε
3149 5348 3241 5411 ὅτι
3273 5348 3353 5428 μὴ
3394 5349 3489 5413 καὶ
3535 5348 3748 5429 κέρατα
3779 5374 3832 5412 κ.
3857 5373 3908 5412 τ.
3935 5350 4032 5437 λ.]

2338 5447 2667 5512 Admonet
2692 5448 2793 5513 hic
2841 5448 3013 5514 locus
3055 5449 3254 5513 odarii
3289 5449 3352 5514 in
3383 5450 3832 5515 Anacreonteis
3865 5438 3990 5537 (ᾖ.)
4018 5477 4032 5517 :

2338 5551 2519 5631 φύσις
2550 5549 2768 5633 κέρατα
2805 5554 3247 5634 ταύροις-τοΐς
3290 5551 3541 5634 ἀνδράσι
3581 5554 3879 5636 φρόνημα.
3929 5554 4034 5620 Cf.
