5118 6613
1343 567 1544 634 LIB.
1588 566 1789 633 v111.
1833 567 2296 633 ENNEAD.
2342 567 2737 634 PRIMAE.
2779 569 3235 657 p.136-138.

547 765 658 823 περ
688 738 956 804 relatum
1000 739 1084 804 ad
1128 738 1414 828 superius
1458 742 1513 806 el
1548 752 1612 806 et
1652 739 1736 804 ad
1777 738 2039 805 inferius
2079 741 2237 806 ἐπεί-

551 868 719 997 ”fl-²·-
732 965 797 1027 4.
843 946 1291 1034 προηγούμενα]
1341 944 1603 1032 Proprie
1630 946 2083 1024 mntecedentia,
2114 943 2178 1010 h.
2199 943 2240 1008 l.

3930 575 4009 654 67

2322 742 2614 820 βούλεται
2652 740 2957 823 περιάγειν
3000 743 3084 809 εἷς
3123 741 3267 824 ὅρον
3308 741 3377 806 τὸ
3418 743 3499 823 μὴ
3554 746 3818 809 τοιοῦτον
3864 746 4013 809 κατὰ

2328 844 2436 925 τὴν
2464 846 2643 908 αὑτοῦ
2669 844 2933 923 δύναμιν.
3987 865 3990 868 ’

2413 982 2499 997 -
2522 965 2622 1027 14.
2667 947 2841 1014 αὐτός
2883 972 2950 1012 τε
2992 950 3108 1029 γὰρ
3157 945 3509 1033 ὑπέρκαλος]
3579 945 3743 1011 Inde
3785 946 3867 1011 ab
3910 947 4009 1013 his

545 1063 607 1114 et
635 1047 781 1113 alibi
820 1062 1031 1112 autem
1064 1051 1420 1136 proecz‘pua,
1446 1050 1924 1135 praestcmtiora,
1965 1070 2091 1113 non
2140 1046 2247 1112 de-
2327 1047 2532 1113 verbis
2554 1048 2772 1137 incipit
2798 1048 3130 1137 descriptio
3151 1050 3394 1114 mentis.

543 1152 693 1218 bent
721 1150 1022 1217 confundi
1050 1172 1193 1215 cum
1235 1149 1584 1216 Stoicorum
1610 1151 2027 1235 προηγμένοις.
2093 1149 2238 1215 Vid.

547 1254 883 1344 Wyttenb.
944 1253 1028 1318 ad
1083 1252 1402 1318 Plutarch.
1461 1276 1527 1341 p.
1558 1270 1702 1340 779.
1757 1255 1904 1338 780.
1992 1255 2095 1319 De
2139 1252 2238 1319 his

548 1356 982 1440 (προηγμένοις,
1017 1357 1364 1444 productis,
1401 1359 1743 1444 promotis)
1781 1356 1911 1422 vid.
1978 1357 2109 1422 Cic.
2156 1355 2236 1421 de

548 1459 732 1524 Finn.
770 1459 909 1524 III.
938 1479 1036 1544 15.
1071 1460 1169 1523 16.
1202 1459 1351 1546 ibiq.
1390 1459 1680 1547 interprr.
1722 1472 1787 1524 et
1832 1459 2067 1525 Stobaei
2110 1461 2234 1525 Ec-

545 1562 711 1649 logg.
743 1562 845 1626 11.
879 1578 936 1646 7.
977 1584 1042 1649 p.
1091 1581 1234 1644 144.
1271 1586 1364 1649 sq.
1407 1561 1506 1627 ed.
1543 1565 1737 1628 Heer.
1782 1563 1864 1627 cf.
1909 1576 2119 1628 annot.
2166 1562 2230 1627 in

546 1663 747 1730 Procl.
797 1664 935 1729 Alc.
979 1687 1076 1753 pr.
1124 1687 1189 1753 p.
1215 1682 1362 1751 235.
1409 1688 1501 1753 sq.
1563 1664 1852 1731 Plotinus
1893 1665 1992 1730 11.
2039 1686 2102 1751 3.
2130 1668 2231 1731 16.

542 1791 607 1855 p.
640 1769 781 1849 146.
823 1768 910 1832 E.
966 1769 1383 1852 προηγούμενα
1418 1769 1526 1833 οὖν
1572 1770 1667 1833 καὶ
1717 1770 2234 1835 ἐπακολουθοῦντα

548 1871 779 1938 πάντως
814 1871 910 1935 καὶ
947 1870 1134 1936 πάλιν
1163 1871 1260 1935 ἐπὶ
1299 1873 1526 1938 τούτοις
1561 1874 1638 1935 τὰ
1679 1873 1894 1953 ἑφεξῆς
1934 1873 2224 1955 προηγού·

541 1998 693 2052 μενα
721 1975 797 2040 ὣς
825 1976 891 2039 ἑκ
918 1979 1036 2038 τῶν
1064 1976 1395 2057 παρόντων·
1446 1976 1588 2039 ὅθεν
1615 1976 1760 2042 ἴσως
1800 1975 1896 2039 ἀεὶ
1932 1975 2112 2057 χείρω
2156 1976 2231 2039 τᾶ

546 2076 776 2157 ἐφεξῆς.
809 2074 908 2138 II.
931 2095 994 2161 3.
1029 2075 1126 2139 18.
1156 2096 1221 2161 Ρ.
1254 2090 1395 2158 147.
1427 2076 1514 2140 G.
1550 2072 1683 2158 'Ap’
1721 2075 1828 2140 οὖν
1854 2078 1930 2140 τὰ
1967 2078 2116 2140 κακᾶ
2157 2079 2233 2141 τὰ

544 2179 610 2242 έν
640 2181 720 2263 τῷ
750 2177 929 2242 παντὶ
967 2179 1279 2260 ἀναγκαῖα,
1328 2180 1419 2243 ὅτι
1459 2178 1662 2243 ἕπεται
1704 2183 1828 2246 τοῖς
1867 2178 2232 2261 προηγουμέ-

544 2305 664 2348 νοις
693 2308 743 2344 κ.
768 2306 822 2345 τ.
850 2288 914 2345 λ.
958 2280 1039 2345 cf.
1077 2280 1195 2345 IV.
1228 2302 1290 2362 4.
1321 2281 1380 2345 8.
1424 2295 1488 2346 et
1532 2281 1674 2347 ΙΙΙ.
1701 2282 1846 2366 8.3.
1895 2281 2011 2345 1v.
2036 2301 2100 2363 4.
2127 2303 2233 2369 39.

541 2382 679 2468 (ubi
707 2397 801 2448 est
841 2384 1309 2467 προηγουμένως,
1330 2386 1708 2473 praecipue,)
1757 2383 1878 2449 VI.
1916 2385 1974 2448 6.
2009 2405 2067 2471 9.
2116 2385 2228 2450 ubi

542 2486 882 2552 infinitivus
909 2493 1317 2570 προηγεῖσθαι.

624 2624 712 2639 —-
730 2606 794 2675 5.
842 2591 937 2654 καὶ
968 2593 1110 2670 εἴδη,
1143 2592 1218 2654 τὸ
1245 2592 1312 2654 δὲ
1342 2590 1441 2678 οὔ]
1491 2591 1574 2655 In
1596 2588 1693 2654 his
1721 2589 1917 2655 haeret
1948 2588 2225 2678 Engelh.

539 2707 603 2757 et
628 2692 969 2758 necessario
997 2691 1392 2757 scribendum
1421 2716 1551 2757 esse
1580 2691 1732 2757 dicit
1758 2717 1775 2757 t
1823 2693 1918 2758 καὶ
1947 2696 2092 2774 εἴδη,
2111 2699 2230 2759 τῶν

539 2798 603 2860 δὲ
630 2796 700 2861 οὗ
728 2819 810 2861 sc.
847 2798 970 2877 εἴδη
999 2798 1188 2860 ὄντων
1208 2797 1343 2880 (ἓ),
1378 2808 1567 2883 atque
1605 2795 1694 2860 ita
1729 2794 1950 2882 legisse
1991 2793 2227 2861 Marsi-

534 2896 689 2962 lium
734 2898 861 2963 suis
902 2898 964 2963 in
1009 2896 1182 2962 libris
1220 2897 1532 2986 opinatur.
1602 2899 1764 2978 Nos,
1796 2898 1908 2985 qui
1952 2897 2223 2963 Marsilii

540 3000 800 3066 Codices
848 3024 926 3065 ex
987 3000 1362 3065 Florentinis
1420 2999 1592 3066 libris
1647 3000 1957 3080 novimuS‚
2014 3002 2223 3088 potius

536 3103 899 3183 dixerimus,
931 3126 1099 3183 eum,
1132 3118 1205 3168 ut
1240 3126 1403 3191 saepe
1441 3102 1612 3183 alibi,
1641 3102 1898 3168 liberius
1925 3103 2215 3179 vertisse3

535 3221 598 3271 et
626 3230 771 3273 cum
815 3205 1029 3271 nullus
1068 3206 1225 3272 liber
1264 3206 1530 3293 scriptus
1557 3205 1901 3294 quidquam
1934 3206 2128 3271 variet
2155 3206 2222 3271 in

538 3310 632 3375 his
674 3310 902 3389 verbis,
948 3300 1036 3375 ita
1081 3309 1287 3374 locum
1329 3308 1724 3398 accipiamus,
1772 3325 1846 3375 ut
1889 3310 2222 3397 cogitando

533 3413 930 3502 suppleamus
973 3414 1068 3479 καὶ
1108 3416 1184 3478 τὰ
1208 3414 1320 3493 μὲν
1350 3415 1491 3492 εἴδη,
1523 3416 1598 3478 τὰ
1625 3415 1690 3477 δὲ
1730 3415 1799 3479 οὔ
1828 3435 1912 3478 sc.
1945 3415 2079 3478 ἐστί
2096 3439 2111 3477 :
2159 3422 2220 3479 et

529 3517 1024 3605 quandoquidem
1067 3516 1198 3580 Izaec
1243 3514 1572 3600 (Meliora)
1616 3517 1847 3602 species
1887 3525 2059 3595 mut,
2103 3516 2216 3580 illa

537 3620 921 3705 (Deteriora)
951 3642 1098 3684 non.
1187 3619 1347 3698 Quae
1377 3617 1629 3705 ellipsiS,
1661 3640 1774 3682 nec
1807 3617 2217 3705 Xenophonti

532 3723 841 3802 inusitata,
870 3722 936 3787 in
966 3721 1217 3787 Plotino
1242 3720 1397 3786 nihil
1427 3719 1766 3785 mirationis
1794 3719 2002 3785 habet.

614 3864 700 3876 —
723 3845 821 3893 12.
867 3825 1084 3908 μέτρον
1121 3824 1359 3890 πάντων
1410 3825 1504 3889 καὶ
1548 3823 1730 3906 πέρας
1781 3822 1874 3906 (τὸ
1923 3821 2213 3911 ἆγαθόν)]

533 3929 809 3995 Platonis
832 3928 1171 3994 decretum.
1242 3927 1359 3992 Ille
1376 3927 1538 3991 enim
1563 3926 1643 3991 de
1674 3926 1878 4014 Legg.
1916 3927 2039 3990 IV.
2067 3928 2213 4009 716.

530 4056 582 4098 e.
614 4057 680 4121 p.
704 4046 856 4119 355.
887 4030 1088 4097 Bekk.
1118 4055 1133 4094 ε
1182 4033 1215 4094 ὁ
1257 4031 1326 4110 δὴ
1366 4029 1500 4098 θεὸς
1535 4030 1673 4111 ἡμῖν
1715 4028 1954 4093 πάντων
1989 4027 2214 4111 χρημά-

531 4161 646 4200 των
671 4136 888 4218 μέτρον
914 4133 992 4199 ἂν
1021 4138 1109 4215 εἴη
1136 4133 1420 4214 μάλιστα,
1451 4132 1546 4197 καὶ
1588 4131 1744 4197 πολὺ
1770 4136 2007 4211 μᾶλλον
2033 4128 2072 4211 ἢ
2098 4132 2215 4195 πού

528 4265 630 4313 τις,
677 4240 754 4306 ὥς
794 4247 1008 4321 φασιν,
1055 4238 1379 4320 ἄνθρωπος.
1469 4235 1714 4313 Quibus
1755 4232 1963 4298 verbis
2013 4232 2214 4321 tangit

528 4341 684 4406 illud
714 4343 1202 4428 Protagoreum:
1248 4338 1487 4403 πάντων
1514 4338 1829 4422 χρημάτων
1855 4335 2074 4419 μέτρον
2103 4337 2210 4401 ἄν·

530 4449 762 4527 θρωπον
792 4444 962 4509 εἶναι.
1010 4442 1088 4508 cf.
1122 4441 1370 4507 Platon.
1409 4441 1656 4505 Tbeoet.
1691 4463 1754 4527 p.
1789 4455 1929 4524 152.
1961 4462 2022 4504 a.
2059 4441 2211 4504 Cra-

528 4547 638 4635 tyl.
671 4571 738 4636 p.
760 4547 908 4633 385.
941 4545 1053 4610 ubi
1081 4544 1309 4609 adhibe
1355 4542 1561 4608 Procli
1603 4540 1848 4608 Scholia
1882 4565 1947 4630 p.
1982 4561 2081 4622 14.
2116 4565 2209 4629 sq.

529 4651 808 4716 Boisson.
922 4649 1103 4713 Idem
1157 4646 1456 4735 placitum
1518 4648 1883 4734 Protagorae
1939 4643 2213 4708 refutare

530 4754 714 4818 etiam
747 4751 1021 4817 instituit
1050 4750 1315 4816 Aristot.
1349 4748 1712 4837 MetaphyS.
1750 4748 1892 4812 ΙΙΙ.
1914 4765 1981 4834 5.
2012 4769 2077 4835 p.
2107 4747 2212 4811 61.

530 4856 703 4946 Sylb.
737 4855 816 4920 cf.
852 4857 1025 4919 Sext.
1055 4853 1296 4941 Empir.
1343 4851 1654 4940 Pyrrhon.
1690 4853 2026 4938 Hypotyp.
2062 4851 2122 4913 Ι.
2155 4852 2212 4934 ξ.

530 4961 672 5025 216.
701 4957 851 5044 ibiq.
876 4956 1123 5022 Fabric.
1150 4979 1216 5044 p.
1238 4969 1346 5041 55.
1392 4954 1671 5020 Platonis
1695 4953 2054 5040 Plotinique
2075 4976 2212 5018 sen-

526 5061 779 5126 tentiam
809 5059 1063 5124 uberius
1090 5058 1359 5147 explicat
1397 5057 1659 5122 Proclus
1686 5056 1753 5121 in
1783 5059 1940 5122 Inst.
1976 5056 2207 5122 Theol.

523 5188 575 5229 c.
607 5178 750 5247 117.
778 5185 841 5250 p.
872 5179 1012 5245 172,
1045 5160 1144 5226 ed.
1173 5176 1364 5226 nostr.
1391 5165 1505 5228 πᾶς
1528 5161 1660 5228 θεὸς
1686 5159 1905 5242 μέτρον
1934 5160 2064 5224 ἐστὶ
2092 5166 2210 5224 τῶν

525 5269 731 5332 ὄντων.
783 5268 835 5330 εἰ
875 5263 991 5348 γάρ
1035 5268 1200 5329 ἐστιν
1231 5267 1447 5331 ἑνιαῖος
1496 5261 1651 5332 ἅπας
1698 5263 1850 5337 θεὸς,
1894 5264 1971 5327 τὰ
2008 5261 2207 5343 πλήθη

522 5371 714 5435 πάντα
743 5369 1009 5452 ἀφορίζει
1037 5370 1133 5432 καὶ
1157 5373 1375 5450 μετρεῖ·
1402 5366 1598 5431 πάντα
1624 5368 1736 5447 μὲν
1757 5368 1872 5449 γὰρ
1894 5368 1970 5430 τὰ
1989 5364 2205 5446 πλήθη,

523 5477 590 5553 τῇ
621 5476 844 5537 ἑαυτῶν
879 5473 1061 5554 φύσει
1100 5472 1348 5553 ἀόριστα
1385 5472 1550 5544 ὄντα,
1582 5472 1679 5534 διὰ
1716 5468 1785 5533 τὸ
1826 5469 1895 5533 ἓν
1934 5469 2202 5551 ὁρίζεται.

522 5575 588 5639 τὸ
635 5578 699 5640 δὲ
741 5578 966 5640 ἑνιαῖον
1008 5577 1257 5655 μετροῦν
1301 5574 1397 5637 καὶ
1440 5576 1732 5654 περατοῦν
1774 5572 1862 5639 οἷς
1906 5570 1983 5636 ἂν
2026 5574 2203 5652 παρῇ,

2409 1189 2498 1201 -
2524 1168 2622 1237 15.
2655 1154 3000 1232 βασιλεύων
3023 1155 3091 1217 ἐν
3108 1156 3189 1239 τῷ
3223 1152 3440 1239 νοητῷ]
3463 1150 3734 1216 Locutio
3755 1150 4012 1238 propria

2323 1253 2403 1319 de
2431 1269 2657 1319 mente.
2750 1255 2921 1319 Fons
2965 1254 3031 1319 in
3079 1252 3359 1319 Platonis
3398 1252 3662 1318 Philebo
3703 1276 3768 1341 p.
3797 1254 3899 1318 28.
3932 1255 4009 1322 ὥς

2323 1362 2455 1425 νοῦς
2485 1360 2614 1423 ἐστι
2640 1357 2931 1439 βασιλεὺς
2950 1359 3088 1439 ἡμῖν
3105 1357 3358 1440 οὐρανοῦ
3383 1381 3450 1422 τε
3472 1358 3567 1421 καὶ
3592 1360 3718 1440 γῆς,
3742 1355 3854 1421 ubi
3875 1356 4004 1422 vid.

2325 1459 2692 1524 Stallbaum.
2732 1484 2796 1547 p.
2826 1462 2927 1545 76.
2976 1460 3057 1525 cf.
3108 1459 3341 1525 Plotin.
3376 1461 3454 1524 V.
3480 1480 3541 1546 3.
3575 1479 3656 1544 33
3703 1458 3815 1523 ubi
3858 1458 4008 1524 item

2319 1567 2453 1631 νοῦς
2493 1564 2804 1643 βασιλεύς.
2900 1562 3073 1627 Hinc
3126 1566 3333 1645 νοερᾶς
3375 1564 3693 1644 βασιλείας
3737 1561 4008 1628 Procius

2317 1678 2580 1754 usurpat
2606 1667 2671 1730 in
2701 1664 2847 1730 Alc.
2877 1689 2974 1754 pr.
3005 1688 3072 1753 p.
3094 1684 3248 1750 2493
3283 1665 3362 1730 cf.
3401 1688 3546 1752 quae
3573 1664 3898 1754 posuimus
3922 1665 4006 1731 ad

2319 1768 2634 1856 Porphyr.
2665 1767 2746 1832 de
2774 1768 2899 1833 Vit.
2933 1767 3166 1833 Plotini
3198 1768 3341 1833 111.
3369 1791 3436 1856 p.
3463 1768 3565 1853 98.
3603 1767 3850 1833 Fabric.

2394 1907 2483 1921 —
2510 1889 2610 1952 17.
2654 1871 2788 1939 τοὺς
2827 1873 2892 1936 ἑκ
2933 1871 3281 1954 προτάσεων
3329 1899 3381 1936 κ.
3404 1897 3455 1936 τ.
3478 1873 3574 1956 λ.]
3628 1870 3773 1935 Vid.
3816 1893 4006 1958 supra

2316 1974 2374 2038 Ῑ.
2407 1993 2473 2059 3.
2503 1993 2567 2055 4.
2601 1996 2668 2061 p.
2693 1992 2793 2040 21.
2831 1975 2910 2039 C.
2942 1973 3050 2053 τὴν
3077 1973 3411 2057 λεγομένην
3438 1975 3688 2056 λογικὴν
3727 2000 4002 2057 πραγμα-

2317 2078 2483 2141 τείαν
2508 2078 2646 2160 περὶ
2671 2077 3017 2160 προτάσεων
3047 2077 3141 2141 καὶ
3179 2082 3605 2159 συλλογισμῶν
3632 2093 3696 2142 et
3738 2100 3884 2165 quae
3915 2076 4004 2142 ibi

2318 2178 2603 2267 adposui.

2405 2304 2471 2370 p.
2502 2282 2648 2367 138,
2665 2300 2729 2362 4.
2779 2278 2916 2345 ἀλλ’
2948 2281 3075 2364 ἔχει
3103 2279 3316 2355 πάντα,
3339 2280 3433 2344 καὶ
3462 2280 3593 2346 ἔστι
3618 2280 3843 2370 πάντα]
3893 2282 3995 2347 Cf.

2312 2387 2482 2451 Enn.
2516 2385 2635 2449 VI.
2670 2404 2733 2467 9.
2761 2403 2819 2450 2.
2854 2398 3013 2449 extr.
3042 2386 3147 2447 τοῦ
3175 2386 3282 2447 νοῦ
3307 2386 3381 2447 τὰ
3408 2382 3604 2448 πάντα
3632 2384 3819 2450 ὄντος.

2395 2525 2483 2537 —
2509 2507 2536 2550 1
2552 2507 2607 2552 1.
2639 2485 2723 2550 ‘H
2753 2488 2818 2551 δὲ
2848 2487 3065 2565 ἔξωθεν
3082 2486 3216 2567 περὶ
3237 2489 3445 2549 τοῦτον
3465 2485 3802 2568 χορεύουσα
3828 2487 4000 2570 ψυχὴ

2317 2618 2366 2656 κ.
2389 2616 2446 2654 τ.
2473 2590 2568 2673 λ.]
2619 2587 2832 2654 Fallor
2859 2601 2970 2653 aut
2996 2587 3285 2676 mysticas
3306 2586 3656 2652 saltationes
3683 2587 4001 2675 cogitavit,

2312 2716 2456 2758 cum
2485 2691 2606 2757 hoc
2628 2691 2819 2756 verbo
2841 2704 3123 2755 uteretur
3145 2689 3546 2779 Lycopolites
3566 2688 3993 2778 philosophus.

2316 2798 2501 2861 More
2558 2795 2720 2859 enim
2779 2807 3099 2881 receptum
3156 2805 3289 2856 erat
3345 2791 3515 2879 apud
3569 2805 3827 2872 veteres,
3888 2794 4002 2858 σὺν

2304 2902 2499 2985 ῥυθμῷ
2531 2898 2626 2963 καὶ
2664 2895 2912 2980 ὀρχήσει
2953 2900 3247 2977 μυεῖσθαι,
3281 2893 3376 2959 uti
3413 2908 3508 2959 est
3552 2894 3724 2982 apud
3766 2894 3997 2960 Lucia·

2305 3024 2458 3065 num
2499 3000 2582 3066 de
2630 2999 2969 3066 Saltatione
3006 3021 3142 3086 cap.
3173 3013 3270 3083 15.
3363 2998 3444 3062 In
3485 3020 3676 3084 quam
3716 2997 4002 3062 similitu-

2305 3103 2515 3169 dinem
2559 3126 2705 3169 eum
2750 3102 3058 3167 deducere
3104 3113 3347 3188 poterat
3390 3099 3563 3164 locus
3619 3100 3893 3165 Platonis
3935 3101 4003 3165 in

2306 3207 2716 3296 Euthydemo
2736 3228 2799 3293 Ρ.
2823 3221 2968 3291 277.
2998 3205 3064 3270 d.
3111 3206 3206 3269 καὶ
3233 3207 3350 3286 γὰρ
3379 3205 3506 3268 ἐκεῖ
3527 3205 3738 3287 χορεία
3761 3206 3848 3272 τίς
3870 3207 4001 3269 ἐστι

2307 3314 2403 3377 καὶ
2450 3315 2672 3385 παιδιὰ,
2721 3313 2775 3376 εἰ
2824 3312 2939 3393 ἄρα
2990 3310 3086 3374 καὶ
3142 3308 3471 3373 τετέλεσαι·
3523 3309 3620 3373 καὶ
3666 3312 3771 3372 νῦν
3814 3309 3999 3394 τούτῳ

2307 3416 2478 3481 οὐδὲν
2506 3415 2663 3479 ἄλλο
2692 3411 2729 3493 ἢ
2757 3414 3078 3497 χορεύετον
3108 3411 3242 3493 περὶ
3283 3413 3356 3474 σὲ
3394 3411 3489 3474 καὶ
3527 3411 3655 3474 οἷον
3683 3412 4004 3493 ὀρχεῖσθον

2302 3519 2378 3585 ὧς
2432 3520 2584 3598 μετὰ
2635 3520 2805 3581 τοῦτο
2853 3519 3150 3579 τελοῦντε.
3199 3512 3310 3577 ubi
3358 3511 3483 3576 vid.
3541 3511 3877 3576 Heindorf.
3928 3535 3995 3599 p.

2299 3640 2451 3706 320.
2537 3620 2712 3683 Eum
2757 3618 2961 3683 locum
3013 3615 3222 3703 attigit
3279 3614 3540 3679 Proclus
3590 3614 3655 3677 in
3713 3613 3994 3678 Platonis

2300 3721 2606 3808 Theolog.
2639 3721 2761 3785 VI.
2790 3739 2889 3802 14.
2921 3743 2988 3807 p.
3009 3719 3156 3804 382.
3247 3719 3349 3783 De
3377 3740 3444 3780 re
3471 3714 3655 3803 plura
3682 3714 3899 3803 collegi
3925 3716 3992 3779 in

2306 3824 2659 3913 Symbolica
2708 3836 2772 3887 et
2820 3819 3243 3909 Mythologia‚
3297 3842 3441 3906 quoe
3489 3818 3592 3882 hic
3640 3816 3990 3882 adscribere

2303 3952 2403 3992 me
2431 3925 2518 3990 nil
2546 3925 2786 3990 attinet.

2385 4067 2473 4079 —
2500 4047 2599 4114 13.
2647 4033 2798 4093 θεῶν
2842 4024 3087 4105 ἀπήμων
3132 4024 3227 4089 καὶ
3272 4022 3552 4105 μακάριος
3595 4025 3628 4086 ὁ
3671 4023 3836 4110 βίος]
3883 4024 3990 4086 Ex

2304 4130 2643 4197 Homerico
2658 4129 2934 4218 epitheto
2946 4128 3228 4192 Deorum
3250 4126 3315 4190 in
3336 4124 3847 4214 philosophorum
3869 4123 3994 4189 dis-

2297 4233 2652 4324 putationes
2693 4231 3069 4297 traductum.
3127 4230 3232 4296 Cf.
3282 4228 3592 4293 Herodot.
3642 4228 3699 4292 1.
3725 4246 3834 4313 32.
3882 4227 3989 4292 ubi

2297 4340 2514 4404 homo:
2565 4337 2721 4401 ἄλλο
2749 4337 2862 4415 μὲν
2891 4335 3037 4418 ἔχει·
3072 4335 3263 4399 ἄλλου
3286 4334 3351 4397 δὲ
3375 4331 3576 4412 ἐνδεής
3600 4334 3745 4395 ἐστι.
3818 4330 3990 4396 Hinc

2297 4442 2513 4521 ὀλβίου
2564 4436 2846 4524 adeoque
2887 4435 3173 4518 μακαρίου
3217 4432 3496 4498 notiones
3531 4445 3830 4519 tanquam
3874 4455 3985 4519 op-

2295 4543 2515 4632 positae
2574 4538 2864 4604 humanis
2918 4535 3330 4603 felicitatibus
3422 4534 3593 4599 Hinc
3648 4535 3988 4616 μακαρίζειν

2303 4644 2633 4730 (Herodot.
2668 4644 2727 4708 I.
2747 4662 2851 4728 31.
2886 4640 2964 4705 cf.
2997 4641 3225 4703 Zonar.
3260 4639 3418 4703 Lex.
3452 4660 3518 4725 p.
3552 4639 3729 4721 704.)
3764 4649 3827 4700 et
3872 4663 3982 4717 μα-

2302 4749 2496 4832 κάριος
2529 4742 3007 4834 (Wyttenbach.
3040 4742 3122 4806 ad
3153 4739 3475 4807 Plutarch.
3501 4763 3566 4828 p.
3592 4741 3739 4824 767.
3771 4762 3863 4826 sq.
3904 4739 3983 4803 cf.

2299 4875 2365 4941 p.
2389 4853 2593 4935 602.)‚
2625 4847 2797 4936 quod
2827 4866 3272 4932 nonnunquam
3304 4842 3489 4908 etiam
3529 4841 3613 4906 ad
3651 4864 3756 4906 eos
3785 4856 3984 4906 trans-

2293 4955 2516 5032 fertur,
2548 4952 2658 5039 qui
2689 4950 2831 5017 Diis
2860 4961 3324 5036 comparantur,
3358 4946 3438 5011 cf.
3474 4943 3705 5010 Plotin.
3739 4944 3886 5009 111.
3922 4963 3981 5011 2.

2300 5078 2357 5121 1.
2407 5057 2552 5121 ΙΙΙ.
2603 5071 2663 5137 7.
2689 5073 2750 5139 3.
2798 5051 3231 5140 Olympiodor.
3288 5050 3354 5113 in
3409 5046 3544 5113 Alc.
3599 5070 3695 5135 pr.
3747 5070 3812 5135 p.
3840 5063 3978 5129 171.

2292 5159 2578 5242 μακάριον
2606 5159 2672 5221 δὲ
2711 5156 2889 5221 αὐτόν
2919 5164 3125 5238 φησιν,
3158 5155 3234 5221 ὡς
3273 5151 3515 5234 μέλλων
3546 5150 3725 5216 αὐτὸν
3753 5147 3976 5213 συνάπ-

2291 5288 2417 5327 τειν
2463 5265 2636 5327 θεοῖς.
2685 5261 2754 5323 ἐν
2799 5258 3026 5325 τούτοις
3077 5260 3192 5340 γὰρ
3242 5256 3280 5337 ἡ
3328 5255 3678 5337 μακαριότης
3723 5254 3817 5315 διὸ
3872 5250 3978 5328 τὴν

2296 5363 2576 5446 στέρησιν
2626 5365 2732 5425 τοῦ
2789 5361 2973 5443 κηρός.
3035 5387 3089 5423 κ.
3110 5384 3164 5424 τ.
3186 5366 3249 5423 λ.
3326 5357 3530 5422 Procl.
3577 5355 3642 5419 in
3698 5352 3979 5417 Platonis

2295 5465 2522 5531 Theol.
2555 5465 2707 5529 XV.
2739 5486 2805 5551 p.
2830 5482 2937 5544 41.
2994 5462 3063 5526 οὗ
3109 5464 3224 5544 γὰρ
3275 5459 3472 5525 ἐθέλει
3512 5456 3865 5540 χραίνεσθαι
3905 5455 3977 5519 τὸ

2290 5568 2575 5650 μακάρων
2604 5567 2795 5631 αὐτῶν
2823 5564 2970 5645 (τὸν
2999 5567 3205 5648 θεῶν),
3238 5561 3367 5627 ἐπεὶ
3396 5560 3491 5624 καὶ
3518 5563 3641 5625 τοῖς
3672 5556 3809 5641 παρ’
3839 5559 3978 5640 ἡμῖν

2355 5677 2409 5727 11
2447 5663 2491 5728 2
