5118 6613
1012 507 1141 590 316

1021 681 1149 763 χῆς,
1175 678 1258 740 ὧν
1280 675 1350 755 δὴ
1382 675 1556 740 ἕνεκα
1585 674 1847 739 δίδωσιν.
1873 676 2084 739 τοῦτον
2104 676 2169 739 δὲ
2197 677 2528 756 περίβολον
2549 674 2714 759 ἔχειν

1018 783 1118 845 ἵνα
1160 781 1429 859 σῶζηται,
1462 777 1847 858 δεσμοτηρίου
1876 777 2096 841 εἰκόνα·
2149 777 2301 842 εἶναι
2330 778 2436 841 οὖν
2463 781 2565 857 τῆς
2591 784 2710 860 ψυ-

1018 888 1128 967 χῆς
1165 886 1357 955 τοῦτο,
1404 881 1604 962 ὥσπερ
1644 878 1786 943 αὐτὸ
1833 878 2198 960 ὀνομάζεται,
2247 881 2356 947 ἕως
2396 879 2473 945 ἂν
2511 881 2714 960 ἐκτίσῃ

1020 988 1093 1049 τὰ
1136 985 1521 1066 ὀφειλόμενα,
1562 981 1630 1045 τὸ
1678 987 1867 1062 σῶμα,
1912 982 2007 1046 καὶ
2048 983 2222 1047 οὐδὲν
2261 988 2386 1048 δεῖν
2421 981 2715 1065 παράγειν

1023 1084 1262 1167 (Schol.
1290 1085 1352 1149 in
1384 1106 1582 1171 marg.
1617 1082 1772 1147 cod.
1805 1084 2087 1148 Darmst.
2130 1091 2507 1166 παραποιεῖν)
2541 1085 2715 1149 οὐδὲν

1019 1188 1276 1272 γράμμα.
1372 1186 1500 1252 Ubi
1527 1187 1692 1251 conf.
1728 1186 2066 1251 Heindorf.
2108 1210 2173 1275 p.
2209 1190 2311 1252 60.
2360 1203 2423 1252 et
2464 1185 2717 1251 consule

1020 1290 1353 1378 Wyttenb.
1385 1289 1464 1354 ad
1499 1289 1800 1355 Phaedon.
1833 1313 1896 1377 p.
1931 1310 2074 1375 139.
2150 1290 2388 1355 Similia
2414 1289 2714 1377 leguntur

1017 1395 1079 1459 in
1126 1393 1410 1483 Etymol.
1457 1395 1556 1457 M.
1608 1417 1668 1480 p.
1700 1411 1848 1474 742.
1941 1392 2238 1457 Heidelb.
2293 1416 2355 1481 p.
2397 1396 2545 1478 673.
2607 1391 2710 1457 ed.

1022 1497 1202 1585 Lips.
1230 1512 1293 1562 et
1320 1496 1383 1561 in
1415 1496 1693 1584 Etymol.
1727 1496 1905 1561 Gud.
1938 1520 2004 1583 p.
2028 1515 2177 1582 520.

1106 1624 1169 1688 p.
1200 1619 1385 1685 1034,
1413 1620 1472 1684 5.
1522 1604 1681 1667 Νοῦς
1718 1601 1831 1679 μὲν
1861 1601 1931 1679 δὴ
1963 1601 2116 1664 ἔστω
2146 1602 2221 1664 τὰ
2248 1601 2394 1664 ὄντα
2440 1626 2490 1663 κ.
2526 1625 2581 1662 τ.
2613 1599 2711 1687 λ.]

1024 1704 1219 1767 Hunc
1248 1701 1450 1766 locum
1495 1701 1705 1788 attigit
1738 1700 2039 1765 Brucker.
2071 1701 2132 1764 in
2167 1702 2338 1765 Hist.
2373 1699 2534 1765 Crit.
2571 1699 2712 1764 Phi-

1022 1803 1259 1894 losoph.
1293 1805 1396 1870 11.
1428 1827 1493 1892 p.
1518 1823 1664 1885 401.
1734 1805 1836 1868 'l'u
1881 1804 1960 1867 ef.
2017 1825 2207 1890 supra
2248 1825 2312 1891 p.
2345 1804 2492 1888 518.
2519 1803 2604 1867 G.
2653 1820 2717 1869 et

1022 1932 1166 1996 quoe
1192 1907 1509 1996 disputavi
1537 1906 1618 1971 ad
1650 1909 1727 1971 V.
1761 1907 1821 1972 8.
1854 1925 1918 1993 5.
1946 1906 2056 1970 fin.
2089 1929 2152 1994 p.
2178 1924 2329 1992 547.
2355 1907 2434 1970 Β.

1108 2047 1192 2059 -
1223 2031 1322 2098 13.
1371 2012 1467 2075 καὶ
1495 2013 1558 2075 αῖ
1584 2015 1702 2074 τῶν
1731 2008 2717 2092 σπερμάτων-δυνάμεις-άλλος

1021 2117 1086 2178 δὲ
1128 2119 1344 2197 χειρῶν
1385 2113 1997 2201 λόγος-γνωσθείς]
2052 2110 2413 2176 Aristoteles
2456 2110 2536 2175 de
2583 2112 2713 2176 Ge-

1023 2231 1216 2281 nerat.
1273 2215 1576 2281 Animall.
1635 2216 1693 2280 I.
1731 2216 1832 2279 18.
1881 2238 1947 2302 p.
1989 2215 2125 2279 186.
2184 2213 2396 2302 Sylb.:
2444 2215 2602 2279 ὥστε
2647 2215 2715 2279 τὸ

1024 2319 1259 2401 σπέρμα
1305 2320 1437 2382 ἐστὶ
1481 2318 1549 2382 τὸ
1590 2322 1691 2397 τῆς
1728 2316 1944 2401 χειρὸς,
1984 2316 2021 2397 ἢ
2060 2316 2128 2381 τὸ
2169 2320 2274 2381 τοῦ
2309 2315 2716 2399 προσόπου,ἢ

1021 2424 1168 2486 ὅλου
1196 2425 1302 2486 τοῦ
1326 2422 1475 2497 (aion
1503 2422 1833 2502 ὰδιόριστος
1869 2420 2020 2504 χεὶρ,
2052 2417 2089 2499 ἢ
2126 2420 2468 2501 πρόσωπον,
2499 2417 2536 2498 ἢ
2567 2420 2716 2483 ὅλον

1023 2531 1189 2600 ζῶον·
1237 2525 1331 2588 καὶ
1374 2525 1503 2587 οἷον
1548 2523 1790 2587 ἐκείνων
1836 2523 2090 2586 ἕκαστον
2129 2523 2416 2606 ἐνεργείᾳ,
2448 2525 2717 2586 τοιοῦτον

1024 2628 1092 2692 τὸ
1124 2626 1361 2709 σπέρμα
1403 2625 1662 2705 δυνάμει,
1694 2623 1731 2705 ἦ
1762 2628 1909 2690 κατὰ
1938 2625 2043 2689 τὸν
2073 2627 2255 2707 ὄγκον
2281 2625 2387 2688 τὸν
2418 2626 2648 2696 ἑαυτοῦ,
2679 2623 2717 2704 ἢ

1023 2732 1152 2815 ἔχει
1193 2733 1327 2795 τινὰ
1370 2731 1616 2808 δύναμιν
1647 2730 1714 2792 ἐν
1745 2731 1948 2814 ἑαυτῷ.
1994 2731 2166 2792 τοῦτο
2196 2729 2311 2810 γὰρ
2342 2728 2502 2791 οὔπω
2533 2732 2719 2807 δῆλον

1021 2833 1160 2912 ἡμῖν
1209 2835 1276 2895 ἐκ
1330 2837 1448 2895 τῶν
1502 2831 1921 2912 διωρισμένων,
1973 2832 2226 2912 πότερον
2274 2830 2342 2893 τὸ
2394 2835 2567 2910 σῶμα
2614 2833 2720 2894 τοῦ

1024 2933 1361 3015 σπέρματός
1402 2936 1533 2997 ἐστι
1561 2934 1630 2997 τὸ
1661 2937 1851 2998 αἴτιον
1878 2937 1979 3012 τῆς
2005 2932 2320 3015 γενέσεως,
2350 2930 2387 3012 ἢ
2418 2933 2547 3016 ἔχει
2583 2936 2718 2997 τινὰ

1025 3038 1149 3116 ἕξιν
1196 3036 1291 3100 καὶ
1336 3036 1527 3118 ἀρχὴν
1576 3035 1857 3115 κινήσεως
1906 3034 2271 3117 γεννητικήν·
2336 3036 2471 3099 οὐδὲ
2516 3038 2634 3119 γὰρ
2679 3037 2717 3115 ἡ

1020 3139 1174 3223 χεὶρ,
1205 3136 1240 3219 ἢ
1272 3140 1430 3204 ἄλλο
1459 3164 1516 3202 τι
1542 3144 1660 3202 τῶν
1687 3139 1907 3220 μορίων
1936 3138 2109 3201 οὐδὲν
2137 3138 2280 3202 ἄνευ
2307 3142 2508 3222 ψυχῆς
2534 3136 2572 3217 ἢ
2602 3140 2710 3203 ἄλ·

1021 3250 1131 3324 λης
1175 3242 1335 3310 τινὸς
1378 3241 1674 3324 δυνάμεώς
1719 3244 1850 3305 ἐστι
1892 3241 2045 3325 χεὶρ,
2092 3240 2228 3304 οὐδὲ
2267 3241 2476 3324 μόριον
2518 3241 2714 3316 οὐθὲν,

1023 3349 1188 3411 ἀλλὰ
1234 3349 1421 3425 μόνον
1463 3348 1792 3426 ὁμώνυμον.
1884 3346 2042 3423 Quoe
2088 3342 2226 3431 ipsa
2266 3342 2526 3408 fortasse
2574 3359 2719 3409 ante

1019 3449 1233 3515 oculos
1275 3448 1499 3514 habuit
1540 3448 1606 3512 h.
1634 3449 1675 3514 l.
1714 3444 2439 3512 Plotinus.—Proxime:
2490 3448 2567 3510 At
2605 3448 2719 3526 μὲν

1024 3552 1490 3632 οῦν-δυνάμεις
1518 3553 1737 3632 ἑκάστη
1768 3551 1961 3615 αὐτῶν
1987 3572 2104 3637 pro
2136 3548 2354 3629 ἑκάστη
2381 3575 2440 3629 μ.
2466 3550 2574 3614 οῦν
2601 3555 2719 3613 τῶν

1019 3656 1411 3736 -δυνάμεων
1431 3655 1586 3720 nibil
1609 3653 2034 3720 admirationis
2061 3652 2250 3717 habet
2272 3651 2337 3716 in
2365 3651 2500 3715 aliis
2526 3652 2719 3739 scrip-

1024 3759 1285 3835 toribus,
1315 3757 1546 3823 nedum
1582 3758 1644 3822 in
1677 3755 1948 3822 Plotino.
2041 3754 2227 3835 Quod
2257 3754 2319 3818 in
2348 3756 2718 3819 anteceden-

1025 3861 1194 3926 tibus
1240 3864 1349 3945 (B.
1397 3861 1507 3925 lin.
1538 3865 1637 3946 4.)
1683 3860 1926 3948 Taylor
1974 3858 2095 3946 legi
2138 3857 2358 3947 jubet:
2412 3861 2446 3921 ὁ
2493 3860 2559 3922 δὲ
2606 3862 2720 3924 πᾶς

1026 3970 1162 4032 νοῦς
1186 3964 1450 4048 περιέχει
1476 3963 1672 4028 πάντα
1699 3965 1901 4045 ὥσπερ
1930 3962 2104 4044 γένος
2137 3964 2284 4042 εἵδη;
2317 3959 2528 4025 nullus
2559 3960 2716 4026 Cod.

1027 4069 1428 4155 suffragatur,
1463 4091 1575 4132 nec
1603 4091 1766 4155 opus
1793 4082 1887 4131 est
1914 4065 2063 4130 addi
2089 4064 2305 4130 πάντα.

1115 4193 1179 4257 p.
1212 4189 1397 4257 1035,
1417 4195 1476 4250 4.
1508 4172 1614 4235 οὐκ
1635 4171 1873 4234 ὠθοῦσα
1901 4169 2038 4233 οὐδὲ
2066 4173 2193 4235 ταῖς
2217 4167 2724 4250 πολυθρυλλήτοις

1029 4275 1340 4357 μοχλείαις
1380 4271 1652 4357 χρωμένη
1685 4300 1738 4336 κ.
1762 4298 1812 4335 τ.
1832 4272 1924 4356 λ.]
1975 4270 2014 4334 i.
2036 4293 2116 4348 e.‚
2149 4285 2221 4334 ut
2245 4269 2438 4357 vulgo
2466 4270 2721 4348 dicitur,

1032 4398 1156 4440 non
1201 4375 1555 4440 mechanica
1598 4374 1857 4455 ratione,
1887 4372 1996 4439 sed
2026 4371 2369 4461 dynamica.
2462 4374 2565 4438 De
2593 4374 2718 4437 for-

1029 4478 1201 4543 mula
1232 4478 1583 4544 Plotiniana
1609 4477 1864 4543 consule
1891 4500 2039 4565 quae
2068 4499 2260 4563 supra
2287 4476 2724 4541 annotavimus

1029 4580 1107 4645 ad
1158 4604 1220 4667 p.
1252 4601 1401 4666 344.
1426 4583 1504 4645 A.
1542 4597 1607 4646 et
1642 4582 1792 4666 380.
1816 4581 1895 4645 B.
1926 4580 2032 4645 τὸν
2058 4581 2249 4661 λόγον
2276 4580 2480 4668 recepi
2502 4604 2582 4646 ex
2609 4581 2721 4646 bo·

1034 4681 1128 4746 nis
1155 4682 1327 4747 libris
1354 4706 1471 4770 pro
1497 4686 1756 4770 vulgato
1784 4689 1903 4748 τῶν
1928 4685 2150 4765 λόγων.

1119 4823 1205 4834 -
1230 4788 1291 4848 6.
1339 4789 1415 4850 Αἰ
1457 4789 1523 4851 δὲ
1571 4790 2089 4868 ἐπιστῆμαι-τῶν
2134 4788 2725 4870 αἰσθητῶν-πρέπει

1036 4890 1100 4953 δὲ
1124 4888 1323 4956 αὑταῖς
1342 4887 1411 4952 τὸ
1433 4893 1534 4969 τῆς
1562 4890 1730 4970 δόξης
1759 4892 2174 4969 ὅνομα.-τῶν
2196 4892 2260 4954 δὲ
2290 4895 2726 4971 νοητῶν-ἐπι-

1034 4992 1279 5080 στῆμαι]
1305 4993 1624 5080 Archytas
1651 5016 1752 5081 ap.
1785 4992 1958 5058 Stob.
1989 4992 2257 5081 Eclogg.
2280 4996 2339 5058 Ι.
2359 5014 2465 5079 5ι.
2492 5019 2557 5083 p.
2578 4997 2722 5078 788.

1038 5098 1211 5182 (post
1250 5118 1322 5159 ea
1367 5118 1513 5182 quae
1557 5095 1880 5184 posuimus
1926 5118 2117 5183 supra
2158 5094 2238 5159 ad
2285 5119 2426 5183 pag.
2457 5100 2608 5183 558.
2643 5100 2722 5163 C.

1034 5199 1178 5264 infr.
1208 5222 1355 5286 quoe
1381 5199 1801 5288 comparanda
1828 5202 1999 5278 sunt)
2035 5198 2123 5262 ita
2150 5197 2387 5286 pergit:
2438 5202 2729 5266 ἐπιστατᾶ

1039 5304 1123 5376 δὲ,
1156 5304 1230 5366 τὰ
1267 5307 1391 5369 τοῖς
1432 5304 1617 5367 εἴδεσι
1660 5302 2087 5382 συμβεβηκότα
2127 5302 2190 5380 ἐξ
2231 5300 2509 5385 ἀνάγκας,
2540 5304 2619 5370 ὥς
2663 5306 2730 5368 ἐν

1041 5407 1325 5491 γαμετρίᾳ
1353 5408 1428 5470 τὰ
1455 5411 1577 5474 τοῖς
1604 5404 1894 5489 σχήμασι.
1940 5408 2125 5469 νοατᾶ
2153 5405 2218 5468 δὲ
2248 5404 2397 5469 αὐτὰ
2434 5407 2509 5470 τὰ
2547 5410 2727 5482 εῖδεα,

1042 5507 1136 5570 καὶ
1179 5509 1242 5571 αἰ
1283 5509 1462 5592 ἀρχαὶ
1500 5515 1618 5574 τῶν
1650 5511 1999 5573 ἐπιστατῶν·
2047 5507 2176 5572 οἷον
2203 5506 2376 5575 αὐτὸς
2417 5508 2451 5571 ὁ
2498 5510 2728 5584 κύκλος,

1991 500 2848 568 ANNOTATIONES

2917 502 3025 566 IN
3093 501 3545 568 PLOTINI

2799 675 2895 738 καὶ
2936 676 3241 758 τρίγωνον,
3289 675 3385 739 καὶ
3428 680 3677 758 σφαῖρα.
3773 672 4158 738 lamblichus
4200 674 4326 738 Vit.
4360 677 4489 763 Py-

2799 777 2973 864 thag.
3015 778 3303 842 XXIX.
3342 795 3483 863 159.
3533 802 3597 866 p.
3641 779 3791 864 336.
3840 775 4106 841 Kiessl.:
4156 779 4382 860 σοφίαν
4430 781 4494 843 δὲ

2799 881 3125 963 ἐπιστήμην
3163 885 3263 961 τῆς
3304 884 3372 946 ἐν
3409 887 3531 949 τοῖς
3575 882 3746 946 οὖσιν
3785 882 4066 962 ἀληθείας
4096 879 4258 963 (εἶπε
4287 885 4492 945 Πυθα-

2798 987 2998 1068 γόρας·
3045 984 3154 1049 ubi
3198 1000 3402 1049 tamen
3439 983 3695 1073 plurimi
3726 982 3933 1049 Codd.
3982 1006 4104 1047 non
4148 999 4498 1070 agnoscunt

2801 1087 3053 1152 voculas
3081 1091 3182 1167 τῆς
3210 1090 3297 1162 ἐν,
3328 1087 3500 1175 quod
3534 1085 3980 1173 Kiesslingium
4011 1084 4220 1166 latuit)
4254 1088 4399 1150 ὄντα
4428 1086 4495 1149 δὲ

2798 1189 2925 1272 ᾔδει
2956 1192 3051 1255 καὶ
3073 1192 3249 1272 ἔλεγε
3281 1193 3351 1253 τὰ
3379 1190 3536 1254 ἆῦλα
3567 1190 3662 1253 καὶ
3690 1188 3850 1253 ἀΐδια
3881 1190 3978 1252 καὶ
4002 1189 4159 1269 μόνα
4189 1191 4490 1269 δραστικὰ.

2798 1295 2945 1375 ὅπερ
2990 1293 3120 1357 ἐστὶ
3158 1296 3232 1357 τὰ
3277 1292 3582 1373 ἆσῶματα·
3631 1294 3947 1374 ὁμωνύμως
3991 1293 4056 1355 δὲ
4100 1290 4319 1355 λοιπὸν
4349 1293 4496 1356 ὄντα

2802 1395 2897 1460 καὶ
2944 1395 3134 1479 (hanc
3180 1395 3467 1483 copulam
3515 1395 3804 1481 ignorant
3851 1393 3994 1459 libri
4038 1392 4159 1458 mei
4207 1392 4490 1480 plurimi)

2803 1503 2950 1564 κατὰ
2976 1499 3236 1583 μετοχὴν
3265 1500 3415 1563 οὕτω
3447 1500 3803 1580 καλούμενα,
3837 1500 4139 1578 σωματικὰ
4182 1500 4304 1577 εἴδη
4337 1497 4493 1578 (ἤδη,

2803 1601 3053 1690 plurimi
3083 1601 3223 1666 libri
3254 1601 3405 1686 mei)
3440 1602 3536 1665 καὶ
3563 1604 3757 1676 ὑλικᾶ,
3787 1604 4044 1684 γεννητὰ
4071 1626 4139 1665 τε
4177 1601 4272 1664 καὶ
4301 1604 4494 1682 φθαρ-

2801 1709 2894 1777 τᾶ,
2930 1706 3026 1770 καὶ
3054 1708 3238 1773 ὅντως
3260 1704 3376 1786 (ita
3406 1722 3570 1769 recte
3597 1704 3809 1791 plures
3840 1704 3988 1788 inei)
4014 1703 4296 1768 οὐδέποτε
4326 1706 4492 1767 ὄντα·

2802 1809 2910 1888 τὴν
2938 1811 3003 1872 δὲ
3043 1809 3270 1890 σοφίαν
3313 1806 3640 1888 ἐπιστήμην
3680 1808 3832 1872 εἶναι
3878 1813 3995 1871 τῶν
4037 1808 4244 1888 κυρίως
4282 1809 4491 1879 ὄντων,

2804 1910 2940 1976 ἀλλ’
2970 1911 3107 1995 οὐχὶ
3148 1917 3266 1974 τῶν
3309 1911 3642 1992 ὁμωνύμως,
3677 1910 3986 1992 ἐπειδήπερ
4031 1910 4168 1974 οὑδὲ
4213 1911 4496 1989 ἐπιστητὰ

2800 2013 3053 2098 ὑπάρχει
3094 2017 3170 2078 τὰ
3209 2016 3512 2093 σωματικᾶ
3555 2013 3691 2077 οὑδὲ
3739 2011 4073 2095 ἐπιδέχεται
4115 2017 4342 2095 γνῶσιν
4380 2017 4489 2092 βε-

2800 2118 3006 2197 βαίαν,
3039 2115 3252 2199 ἄπειρά
3278 2141 3343 2180 τε
3372 2117 3519 2180 ὄντα
3547 2117 3643 2180 καὶ
3672 2114 3960 2196 ἐπιστήμῃ
3999 2116 4369 2196 ἀπερίληπτα
4398 2116 4495 2178 καὶ

2803 2221 2989 2285 οἱονεὶ
3033 2220 3113 2302 μὴ
3160 2223 3307 2284 ὄντα
3352 2221 3498 2284 κατὰ
3546 2217 3867 2298 διαστολὴν
3912 2224 4029 2281 τῶν
4077 2218 4353 2291 καθόλου,
4402 2218 4495 2281 καὶ

2803 2324 2939 2388 οὑδὲ
2967 2325 3085 2409 ὅρῳ
3111 2326 3438 2388 ὑποπεσεῖν
3467 2320 3910 2404 εὑπεριγράφως
3949 2319 4246 2399 δυνάμενα
4283 2326 4401 2384 τῶν
4429 2322 4494 2384 δὲ

2803 2429 2986 2509 φύσει
3029 2427 3110 2508 μὴ
3158 2427 3492 2505 ἐπισπῃμῶν
3541 2425 3677 2488 οὐδὲ
3725 2422 4051 2504 ἐπιστήμην
4091 2424 4220 2487 οἶόν
4259 2448 4327 2487 τε
4359 2424 4494 2505 (Ita

2802 2529 2986 2595 etiam
3045 2527 3164 2593 mei
3220 2527 3382 2605 libri,
3430 2543 3693 2614 excepto
3750 2524 4004 2590 Lederl.
4066 2524 4177 2612 qui
4225 2527 4355 2589 οἷον
4404 2552 4496 2589 τοι

2805 2632 3020 2710 habet)
3048 2633 3378 2711 ἐπινοῆσαι.
3410 2631 3517 2695 οὑκ
3545 2632 3660 2712 ἄρα
3686 2631 3882 2712 ὄρεξιν
3910 2633 4010 2709 τῆς
4034 2629 4116 2710 μὴ
4143 2630 4496 2711 ὑφεστώσης

2807 2735 2925 2817 (ita
2964 2734 3147 2799 etiam
3200 2732 3448 2797 Lederl.
3483 2734 3750 2797 Memm.
3797 2747 3860 2796 et
3909 2733 4074 2818 Reg.
4117 2732 4310 2796 Unus
4351 2753 4492 2795 cum

2804 2840 2960 2902 Arc.
2980 2836 3344 2920 ὑφεστάσης.
3370 2835 3583 2922 male.)
3605 2834 3924 2916 ἐπιστήμης
3953 2834 4108 2901 εἰκὸς
4137 2833 4308 2908 εἶναι,
4334 2836 4497 2899 ἀλλὰ

2799 2946 3035 3022 μᾶλλον
3078 2944 3179 3019 τῆς
3219 2940 3356 3021 περὶ
3398 2941 3473 3003 τὰ
3522 2940 3725 3021 κυρίως
3768 2940 3915 3002 ὄντα
3961 2938 4055 3001 καὶ
4102 2937 4196 3001 ἀεὶ
4234 2940 4382 3002 κατὰ
4422 2939 4498 3000 τὰ

2802 3046 2950 3110 αὐτὰ
2995 3044 3088 3108 καὶ
3128 3044 3406 3109 ὡσαύτως
3448 3041 3819 3122 διαμένοντα,
3853 3041 3949 3105 καὶ
3991 3043 4061 3120 τῇ
4107 3042 4290 3107 ὅντως
4322 3041 4496 3120 (ὄντα

2803 3146 3005 3211 Codd.
3040 3145 3156 3209 mei
3186 3157 3430 3229 omnes)
3470 3144 3840 3230 προσηγορία
3883 3143 3975 3208 ἀεὶ
4016 3142 4493 3225 συννπάρχοντα.

2805 3249 3031 3315 Plotini
3062 3248 3162 3314 hic
3191 3247 3364 3313 locus
3385 3246 3772 3337 potissimum
3797 3246 4167 3334 conjunctus
4188 3267 4331 3310 cum
4355 3243 4494 3310 Pla-

2806 3353 2965 3417 tonis
2981 3349 3809 3439 disputationeinTheaeteto
3829 3372 3889 3436 p.
3904 3364 4041 3433 152.
4053 3371 4186 3435 sqq.
4197 3362 4260 3412 et
4271 3370 4335 3435 p.
4353 3350 4494 3411 208.

2803 3480 2867 3543 p.
2893 3472 3040 3542 317.
3066 3453 3305 3519 Bekk.:
3341 3452 3931 3534 ἐπιστήμην-δόξαν
3960 3451 4114 3516 εἶναι
4141 3450 4324 3533 ὀρθὴν
4348 3454 4499 3531 μετὰ

2803 3561 3012 3642 λόγου.
3101 3557 3426 3622 Maximus
3452 3555 3609 3643 Tyr.
3643 3556 3838 3620 XVI.
3871 3556 3929 3619 6.
3960 3577 4019 3642 p.
4055 3558 4199 3638 298.
4230 3552 4488 3618 Reisk.:

2803 3663 2840 3742 ἡ
2870 3664 2935 3726 δὲ
2963 3665 3077 3745 γὰρ
3106 3665 3305 3744 ψυχῆς
3334 3663 3561 3743 εὕρεσις
3599 3657 3920 3741 αὑτογενής
3946 3684 4032 3726 τις
4060 3659 4232 3733 οὑσα,
4267 3660 4363 3722 καὶ
4392 3659 4494 3722 αὑ·

2803 3764 3042 3847 τοφυῆς,
3076 3766 3173 3828 καὶ
3199 3766 3513 3846 ξύμφυτος,
3543 3765 3606 3827 τί
3628 3763 3785 3827 ἄλλο
3816 3759 4039 3840 ἐστινῆ
4069 3761 4234 3840 δόξαι
4262 3762 4500 3841 ἀληθεῖς

2805 3870 3267 3952 ἐπεγειρόμεναι,
3292 3869 3375 3933 ὧν
3404 3870 3476 3948 τῇ
3507 3865 3821 3949 ἐπεγέρσει
3849 3891 3914 3929 τε
3946 3866 4041 3929 καὶ
4071 3863 4346 3944 συντάξει
4375 3866 4500 3929 ἐπι-

2807 3971 2997 4051 στήμη
3039 3974 3243 4051 ὄνομα.
3336 3969 3438 4035 Cf.
3475 3968 3555 4033 de
3594 3971 4021 4053 ἐπιστημονικῷ
4066 3983 4131 4032 et
4175 3971 4496 4053 δοξαστικῷ

2808 4073 3099 4139 Proclum
3143 4073 3205 4136 in
3251 4072 3465 4138 Alcib.
3511 4095 3605 4159 pr.
3656 4094 3721 4159 p.
3764 4090 3901 4135 100.
3983 4069 4163 4135 Idem
4212 4069 4367 4135 ibid.
4413 4070 4495 4134 ad

2807 4177 3093 4264 proxima
3121 4175 3355 4241 Plotini
3398 4173 3858 4239 accommodate
3902 4197 3967 4261 p.
3989 4192 4138 4258 311.
4174 4172 4500 4253 ἐπιστήμην

2807 4278 2959 4344 dicit
3001 4279 3265 4362 γέννημα
3309 4284 3434 4344 νοῦ.
3523 4276 3878 4342 Proesertim
3923 4275 4137 4341 confer
4177 4276 4499 4341 Plotinum

2807 4381 3016 4468 ipsum
3065 4382 3179 4445 IV.
3212 4404 3271 4466 9.
3302 4403 3365 4467 5.
3414 4383 3535 4446 VI.
3574 4402 3629 4445 1.
3662 4382 3719 4444 6.
3771 4380 3886 4443 VI.
3917 4401 3980 4465 5.
4023 4401 4120 4446 10.
4169 4398 4333 4445 extr.
4380 4382 4499 4445 vl.

2812 4486 2873 4548 6.
2910 4489 3009 4548 16.
3039 4499 3100 4548 et
3133 4485 3256 4548 VI.
3288 4505 3348 4568 9.
3378 4505 3439 4565 4.
4319 4547 4322 4552 .

2893 4624 2982 4635 —
3018 4606 3041 4649 1
3061 4607 3114 4651 1.
3165 4589 3259 4652 καὶ
3289 4588 3532 4653 ἔνδοθεν
3560 4588 3630 4651 τό
3672 4612 3737 4651 τε
3784 4586 3999 4666 νοητὸν
4039 4585 4147 4666 τήν
4183 4612 4250 4652 τε
4294 4590 4503 4666 νόησιν

2811 4690 3056 4774 ἔχουσιν
3103 4718 3153 4754 κ.
3175 4716 3230 4754 τ.
3255 4691 3349 4779 λ.]
3411 4692 3566 4755 Huc
3612 4689 3852 4754 faciunt
3901 4689 4036 4754 haec
4088 4688 4387 4778 Simplicii
4435 4690 4496 4754 in

2812 4791 3175 4880 Categorias
3202 4792 3468 4857 Aristot.
3502 4791 3638 4857 Fol.
3669 4794 3776 4873 48.
3810 4792 3891 4857 b:
3937 4791 4114 4857 Ἀλλ’
4148 4794 4347 4873 ἐπειδὴ
4387 4794 4503 4875 χρὴ

2813 4898 2910 4961 καὶ
2936 4896 3070 4963 τοὺς
3101 4898 3401 4963 ἐναντίους
3443 4897 3662 4977 λόγους
3707 4897 4069 4970 ἐπισκοπεῖν,
4103 4895 4213 4959 κᾶν
4241 4896 4322 4976 μὴ
4349 4896 4498 4975 ἆλη·

2812 5004 2932 5065 θεῖς
2960 4996 3127 5072 ὦσιν,
3161 4999 3316 5066 ὅπως
3346 4996 3443 5061 ἐπὶ
3472 5002 3590 5061 τῶν
3616 4999 4025 5078 ἐπιστημόνων
4059 4999 4505 5080 διελεγχόμενοι

2810 5102 2889 5181 μὴ
2942 5102 3211 5166 άπατῶσι
3258 5100 3392 5168 τοὺς
3442 5099 3975 5183 ἐπιπολαιοτέρους,
4026 5100 4361 5179 ἆνασκευὴν
4403 5105 4507 5163 τοῦ

2814 5202 3118 5284 εἰρημένου
3147 5204 3334 5285 λόγου
3362 5204 3601 5281 εὔδοξον
3627 5205 3938 5285 προτείνει.
3985 5203 4055 5266 οὗ
4083 5205 4198 5286 γὰρ
4229 5203 4326 5266 ἐπὶ
4353 5201 4503 5266 πάν-

2812 5331 2931 5370 των
2960 5307 3148 5388 φησὶν
3178 5308 3396 5387 ἀληθὲς
3424 5310 3589 5370 δοκεῖ
3620 5305 3688 5368 τὸ
3728 5305 3851 5386 ἅμα
3892 5309 3963 5386 τῇ
4009 5308 4192 5388 φύσει
4237 5304 4389 5369 εἶναι
4431 5309 4506 5369 τὰ

2814 5411 2960 5490 πρός
3004 5434 3080 5473 τι.
3124 5408 3193 5472 τὸ
3238 5411 3354 5491 γὰρ
3403 5408 3706 5488 αἰσθητὸν,
3747 5407 3843 5472 καὶ
3882 5407 4218 5488 ἐπιστητὸν,
4249 5408 4509 5489 πρότερα

2817 5516 2996 5591 δοκεῖ,
3027 5511 3094 5575 τὸ
3137 5513 3250 5590 μὲν
3277 5515 3378 5591 τῆς
3421 5510 3771 5591 αἰσθήσεως,
3805 5510 3871 5575 τὸ
3914 5513 3979 5575 δέ
4022 5514 4124 5590 τῆς
4166 5509 4508 5590 ἐπιστήμης.
