5118 6613
1399 579 1593 644 LIB.
1630 578 1829 644 VIII.
1876 577 2338 645 ENNEAD.
2390 580 2793 647 SEXTAE.
2839 605 2899 670 p.
2940 584 3379 669 1361—1375.

4001 600 4137 669 403·

638 750 698 815 in
734 749 975 816 Hister.
1000 750 1161 816 Crit.
1196 750 1427 815 Philos.
1462 753 1557 815 II.
1588 770 1741 831 400.
1774 751 1855 815 de
1882 751 2001 817 hoc
2031 751 2167 817 loco
2196 751 2341 816 Plo-
2425 753 2692 838 sepulta.
2754 759 3005 819 Κεῖσθαι
3033 754 3195 819 enim
3225 754 3306 819 de
3336 753 3598 819 mortuis
3626 769 3690 819 et
3718 754 3976 842 sepultis
4001 754 4126 820 dici

639 855 749 919 tini
781 855 1176 943 pronuntiat:
1228 863 1270 895 ‘⁶
1300 854 1578 919 Pertinet
1609 855 1744 919 haec
1773 855 2122 921 observatio
2151 856 2336 921 etiam

635 958 714 1022 ad
757 957 1120 1023 audaciores
1164 957 1397 1022 Plotini
1443 957 1803 1036 locutioneS,
1841 960 2100 1046 quando
2126 960 2334 1024 Deum

633 1063 937 1148 seipsum
966 1062 1200 1147 efficere
1242 1062 1453 1125 dicit.qq
1540 1063 1649 1126 Tu
1684 1062 1846 1141 vide,
1876 1086 2023 1150 quae
2065 1062 2334 1150 philoso-

634 1163 800 1249 phus
827 1179 1036 1228 noster
1064 1164 1273 1251 posuit
1302 1186 1491 1251 supra
1521 1188 1581 1253 p.
1611 1181 1758 1247 741.
1780 1166 1856 1230 C.
1882 1179 1946 1231 et
1965 1166 2050 1230 cf.
2078 1166 2335 1253 insuper

633 1281 844 1332 annot.
877 1266 943 1330 in
972 1289 1039 1354 p.
1068 1285 1214 1353 734.
1246 1267 1407 1330 med.
1440 1282 1504 1331 et
1533 1290 1592 1354 p.
1620 1268 1768 1351 748.
1790 1269 1874 1333 D.
1935 1268 2332 1334 Adverbium

632 1371 964 1451 ὕπερόντως
992 1369 1136 1434 hinc
1164 1369 1524 1434 addendum
1554 1386 1647 1435 est
1675 1371 1932 1436 LexiciS.
1981 1373 2083 1436 De
2103 1372 2336 1453 ὖπερὼν

632 1470 712 1536 cf.
767 1472 1051 1536 Corderii
1096 1475 1418 1538 Onomast.
1473 1472 1533 1536 in
1586 1474 1852 1563 DionyS.
1899 1478 2220 1563 Areopag.
2268 1474 2334 1539 in

634 1598 765 1639 voc.
831 1575 1051 1639 Habet
1078 1575 1260 1640 etiam
1295 1574 1590 1640 Nicolaus
1624 1578 2053 1642 Methonensis
2081 1578 2143 1641 in
2174 1577 2334 1642 libro

632 1677 930 1743 adversus
955 1678 1153 1743 Procli
1181 1679 1386 1744 Instit.
1415 1679 1724 1767 Theolog.
1758 1704 1898 1768 cap.
1924 1681 2121 1745 VIII.
2148 1704 2214 1768 p.
2235 1699 2330 1763 17.

631 1778 732 1844 ed.
756 1779 956 1869 princ.
986 1783 1271 1847 Francof.
1321 1784 1455 1846 Nec
1488 1782 1694 1848 minus
1717 1783 2112 1848 Adverbium
2143 1782 2333 1848 habet

631 1882 792 1948 idem
824 1885 1124 1950 Nicolaus
1165 1884 1318 1950 ibid.
1362 1909 1500 1974 cap.
1537 1887 1795 1952 XXII.
1834 1910 1896 1976 p.
1927 1907 2037 1968 41.
2083 1899 2145 1951 et
2187 1910 2325 1975 cap.

632 1988 938 2052 XXXV.

713 2127 803 2141 —
826 2092 925 2155 18.
973 2092 1090 2156 Καὶ
1135 2092 1437 2175 ἐράσμιον,
1486 2094 1582 2158 καὶ
1630 2094 1775 2176 ἔρως
1815 2097 1848 2158 ὁ
1896 2094 2094 2179 αὐτὸς]
2150 2091 2333 2157 Plato

632 2193 800 2258 Tim.
839 2218 902 2282 p.
937 2197 1040 2279 87.
1068 2219 1124 2259 e.
1168 2219 1234 2284 p.
1275 2214 1416 2282 132.
1450 2195 1651 2261 Bekk.
1682 2222 1697 2260 ε
1744 2197 1984 2261 πάντων
2025 2194 2333 2276 θεαμάτων

631 2300 709 2383 τῷ
748 2297 1050 2384 δυναμένῳ
1092 2303 1350 2383 καθορζὶν
1383 2299 1712 2364 κάλλιπον
1742 2300 1836 2364 καὶ
1866 2301 2324 2381 ἐρασμιώτατον,

629 2413 693 2463 et
721 2399 949 2487 saepius
979 2415 1242 2488 usurpat
1274 2400 1474 2466 Plato.
1524 2402 1631 2467 Cf.
1661 2404 1845 2467 etiam
1880 2404 2181 2467 Nostrum
2210 2403 2324 2465 VI.

630 2519 691 2586 7.
724 2520 827 2568 22.
891 2503 1007 2567 VI.
1043 2521 1104 2585 7.
1134 2523 1239 2589 33.
1334 2504 1462 2569 Hic
1508 2519 1714 2570 tamen
1760 2505 1934 2570 locus
1979 2504 2326 2591 Orphicum

628 2603 893 2669 colorem
923 2605 1129 2670 habet.
1207 2608 1500 2695 Hymnn.
1534 2608 1827 2696 Orphicc.
1863 2608 2123 2672 LVIII.
2165 2609 2321 2692 (57.)

637 2729 662 2772 1
690 2733 705 2772 ε

790 2799 1063 2869 Κικλήσκω
1087 2802 1268 2874 μέγαν,
1296 2800 1475 2873 ἁγνὸν,
1505 2800 1770 2872 ἐράσμιον,
1800 2801 1924 2872 ἡδὺν
1937 2800 2166 2874 Ἔρωτα.

631 2917 883 2982 Laudat
926 2933 1133 2982 autem
1181 2918 1340 2983 hanc
1388 2918 1612 2984 Plotini
1657 2919 2136 3007 disputationem
2173 2921 2332 2985 Gas-

630 3022 880 3087 sendius
929 3023 1029 3085 De
1079 3022 1248 3101 Vita,
1303 3022 1596 3088 Moribus
1645 3037 1709 3087 et
1762 3021 2014 3087 Placitis
2064 3020 2330 3110 Epicuri

632 3125 821 3190 Tom.
848 3126 946 3189 11.
981 3149 1044 3213 p.
1066 3142 1175 3211 55.

712 3251 774 3316 p.
809 3246 997 3316 1372,
1029 3231 1087 3292 6.
1134 3229 1318 3292 πάλιν
1358 3228 1431 3291 αὖ
1475 3227 1649 3295 αὐτός
1687 3230 1854 3292 ἐστιν
1884 3230 2052 3296 οὗτος
2082 3231 2115 3292 ὁ
2144 3235 2330 3294 ποιῶν

631 3331 842 3397 ἑαυτὸν
872 3360 927 3396 κ.
953 3358 1005 3397 τ.
1028 3333 1123 3420 λ.]
1175 3330 1678 3395 Redundantiam
1720 3332 1906 3397 πάλιν
1945 3335 2019 3397 αὖ
2060 3334 2146 3399 sic
2187 3357 2322 3398 am-

625 3434 921 3524 plectitur
950 3437 1200 3510 Noster,
1233 3449 1307 3498 ut
1349 3434 1534 3498 etiam
1579 3450 1724 3499 ante
1767 3459 1980 3522 parem
2023 3437 2321 3525 syllabam

628 3555 909 3626 usurpet,
943 3553 1013 3603 ut
1042 3538 1108 3602 b.
1129 3538 1171 3602 l.
1261 3539 1363 3602 De
1409 3538 1711 3601 sententia
1740 3538 1856 3603 hac
1890 3538 2167 3603 Platonis
2197 3539 2324 3605 vid.

625 3658 865 3708 annott.
896 3642 977 3708 ad
1007 3665 1068 3730 p.
1093 3658 1239 3728 734.
1268 3641 1433 3705 med.
1467 3664 1530 3727 p.
1557 3641 1705 3723 748.
1728 3640 1818 3704 D.
1866 3657 2007 3725 749.
2030 3642 2114 3706 D.
2193 3643 2321 3706 Ne-

626 3770 750 3834 que
787 3746 957 3811 hunc
998 3762 1277 3810 nostrum
1323 3745 1528 3808 locum
1557 3742 1833 3829 neglexit
1863 3742 2228 3808 Cudworth.
2257 3744 2323 3808 in

632 3853 796 3939 Syst.
825 3848 1032 3915 Intell.
1063 3850 1181 3913 IV.
1208 3868 1309 3933 23.
1341 3872 1405 3935 p.
1434 3849 1586 3931 485.
1619 3846 1719 3910 ed.
1749 3846 2065 3910 Moshem.

709 3991 796 4003 —
835 3972 930 4038 13.
978 3951 1193 4016 Πάντα
1220 3955 1335 4034 γὰρ
1365 3954 1440 4015 τᾶ
1468 3952 1902 4015 ἄλλα-δοῦλα
1946 3950 2041 4013 καὶ
2085 3951 2325 4032 κείμενα

626 4057 857 4144 τύχαις]
907 4056 1144 4120 Credas
1175 4055 1462 4120 Ficinum
1493 4053 1711 4140 legisse
1752 4053 1846 4116 καὶ
1881 4052 2188 4133 ἐκκείμενα
2223 4056 2320 4119 τύ-

625 4186 777 4243 χαις,
807 4159 981 4246 quod
1008 4159 1192 4224 etiam
1236 4182 1380 4224 cum
1419 4156 1632 4223 dativo
1668 4154 2068 4219 construitur.
2147 4154 2322 4219 Alci-

624 4262 846 4350 phron.
884 4263 1023 4326 III.
1059 4280 1157 4346 29.
1194 4263 1453 4342 ἔκκειμαι
1492 4266 1612 4327 τοῖς
1653 4258 2046 4340 βουλομένοις
2090 4287 2142 4324 κ.
2174 4285 2229 4324 τ.
2257 4268 2320 4325 λ.

628 4368 728 4432 De
754 4365 947 4432 altera
976 4365 1431 4429 constructione
1453 4386 1594 4428 cum
1621 4363 1767 4445 πρὸς
1789 4361 1913 4425 vid.
1936 4361 2141 4426 Procli
2164 4364 2320 4427 Inst.

627 4469 854 4534 Theol.
878 4470 1189 4534 LXXX.
1223 4492 1287 4556 p.
1321 4487 1467 4548 124:
1514 4467 1662 4548 πρὸς
1690 4467 1757 4530 τὸ
1789 4467 2323 4547 διαιρεῖσθαι-καὶ

622 4574 883 4658 πάσ-χειν
905 4575 1263 4653 ἐκκείμενον,
1282 4571 1653 4642 obnoxium;
1686 4567 1814 4631 vid.
1837 4582 2046 4632 annot.
2080 4567 2143 4630 in
2174 4590 2319 4632 eum

622 4677 847 4740 locum.
939 4674 1176 4740 Verum
1217 4674 1428 4739 nullus
1458 4673 1676 4738 Codex
1707 4696 1744 4736 a
1773 4670 2028 4758 vulgata
2063 4671 2319 4736 recedit.

625 4780 850 4866 Neque
878 4794 992 4857 est,
1021 4779 1130 4866 qui
1164 4780 1402 4859 κείμενα
1438 4781 1505 4842 ἐν
1533 4779 1738 4860 τύχαις
1778 4773 2094 4851 exhibeat,
2127 4790 2195 4838 ut
2226 4788 2320 4838 est

622 4904 724 4970 ap.
759 4881 991 4945 AElian.
1031 4884 1105 4946 V.
1128 4884 1220 4947 H.
1257 4884 1391 4946 IX.
1421 4901 1542 4967 37:
1592 4883 1659 4944 ἐν
1698 4879 1982 4961 τρυβλίον
2022 4875 2320 4960 ῥοφήματι

622 4989 684 5051 αἱ
713 4988 949 5054 ἐλπίδες
979 4992 1218 5060 κεῖνται,
1247 4986 1552 5049 collocatoe
1590 4998 1757 5047 sunt.
1852 4981 2082 5067 Igitur,
2114 4980 2163 5044 si
2207 5004 2313 5045 ac·

620 5088 1063 5178 quiescendum
1115 5088 1177 5153 in
1228 5086 1486 5175 vulgata
1542 5085 1804 5151 lectione
1853 5099 1969 5164 est,
2022 5083 2316 5171 explicari

621 5194 807 5259 debet
834 5194 1173 5257 constituta
1202 5200 1353 5255 sunt
1381 5200 1442 5255 et
1460 5193 1619 5276 fixa
1634 5190 1962 5275 firmuis,
1993 5187 2153 5252 sicut
2197 5194 2314 5253 κεῖ-

622 5302 762 5361 σθαι
791 5298 970 5376 νόμος
997 5294 1243 5359 dicitur.
1297 5293 1462 5377 (vid.
1487 5292 1711 5380 Lysias
1735 5296 1909 5358 Orat.
1931 5292 2050 5356 VI.
2075 5314 2137 5376 p.
2164 5308 2310 5373 107:

620 5403 653 5463 ὁ
682 5401 816 5482 περὶ
845 5400 1023 5463 αὐτοῦ
1052 5398 1317 5478 κείμενος
1346 5399 1538 5476 νόμος.
1588 5395 1694 5460 Cf.
1729 5393 2119 5459 Schleusner.
2156 5394 2313 5457 Lex.

622 5504 705 5567 N.
732 5505 814 5568 T.
846 5503 909 5566 in
942 5507 1196 5582 κεῖσθαι)
1231 5499 1348 5564 nisi
1394 5498 1683 5563 malueris
1708 5498 1796 5562 ita
1824 5495 2133 5583 accipere:
2180 5517 2312 5559 om·

620 5606 724 5670 nia
767 5620 977 5671 nostra
1018 5603 1262 5670 servilia
1310 5602 1709 5690 (mancipata)
1756 5613 1903 5665 sunt
1945 5613 2006 5664 et
2050 5597 2319 5663 fortunis

2424 854 2609 920 docet
2656 856 3061 944 Hesychius:
3128 864 3329 922 κεῖται·
3395 859 3490 923 ἀεὶ
3537 858 3635 924 ἐπὶ
3681 863 3861 923 κακοῦ
3902 861 4125 924 τίθεται

2423 963 2596 1023 τοῦτο
2621 957 2660 1041 ἢ
2690 961 2946 1025 θανάτου
2974 959 3011 1041 ἢ
3040 961 3324 1042 ἀπραξίας
3372 960 3525 1045 (vid.
3556 959 3771 1025 laudd.
3807 959 3995 1024 Astio
4038 960 4120 1025 ad

2423 1059 2672 1126 Platon.
2705 1062 2785 1127 de
2814 1064 3013 1150 Legg.
3036 1063 3152 1127 VI.
3190 1082 3291 1128 20.
3322 1087 3388 1152 p.
3410 1068 3627 1149 327.):
3676 1078 3741 1128 et
3782 1086 3927 1127 mox
3969 1063 4119 1128 dicit

2420 1162 2683 1227 Noster:
2733 1165 3101 1246 προσάπτειν
3128 1168 3347 1251 τύχαις.

2516 1289 2582 1354 p.
2628 1283 2813 1353 1374,
2862 1289 2956 1332 10.
3023 1268 3196 1336 αὐτὸς
3249 1268 3334 1333 ὢν
3383 1274 3553 1334 τοῦτο
3606 1272 3752 1353 ὅπερ
3797 1270 4116 1354 ἠγάπησε]

2420 1370 2633 1435 Etiam
2666 1369 2825 1435 hanc
2854 1371 3221 1436 sententiam
3251 1371 3527 1459 aliasque
3553 1372 3616 1436 in
3647 1372 3765 1437 hoc
3791 1372 3992 1458 capite
4021 1372 4114 1436 in-

2418 1470 2622 1536 clusas
2649 1471 2939 1538 adhibuit
2967 1473 3382 1561 disquisitioni
3425 1498 3558 1541 suae
3588 1476 4012 1541 Cudworthus
4052 1474 4116 1538 in

2423 1578 2591 1663 Syst.
2625 1576 2837 1642 Intell.
2872 1579 2987 1642 IV.
3027 1597 3132 1663 23.
3162 1601 3228 1666 p.
3248 1580 3401 1665 485.
3432 1600 3522 1664 sq.

2506 1703 2567 1767 p.
2600 1697 2786 1765 1375,
2816 1701 2878 1766 9.
2921 1683 2958 1761 ἡ
2988 1684 3053 1746 δὲ
3085 1681 3437 1764 ἑγρήγορσίς
3479 1679 3831 1745 ἑστιν-καὶ
3874 1682 3980 1743 νοῦ
4024 1679 4120 1742 καὶ

2416 1789 2561 1864 ζωῆς
2604 1785 2923 1870 ἔμφρονος]
2991 1784 3097 1849 Cf.
3141 1806 3332 1871 supra
3377 1783 3521 1848 ῙῙῙ.
3552 1786 3613 1849 6.
3646 1799 3711 1870 5.
3788 1782 3930 1846 III.
3962 1783 4022 1845 6.
4056 1782 4114 1845 6.

2418 1887 2688 1953 Basilius
2722 1888 2937 1975 junior
2980 1888 3042 1951 in
3089 1885 3351 1975 epistola
3392 1885 3771 1950 dedicatoria
3814 1884 3894 1948 ad
3942 1884 4114 1948 Con·

2417 1991 2783 2069 stantinum,
2815 2003 2889 2055 ut
2919 1990 3190 2069 videtur,
3221 1974 3722 2077 Porphyrogen.,
3760 1987 3825 2052 in
3866 1986 4121 2051 Notices

2416 2109 2481 2159 et
2501 2094 2788 2159 Extraits
2808 2094 3008 2159 Paris.
3038 2094 3226 2177 1827.
3252 2093 3441 2157 Tom.
3467 2092 3598 2156 XI.
3631 2105 3794 2178 part.
3824 2110 3879 2157 2.
3911 2113 3978 2178 p.
4003 2091 4114 2153 61:

2415 2200 2480 2262 τί
2515 2198 2633 2281 γάρ
2676 2224 2776 2264 σοι
2817 2205 2936 2264 τῶν
2973 2197 3251 2262 ἁπάντων
3282 2196 3715 2278 ἐρασμιώτερον
3742 2189 3779 2272 ἢ
3818 2183 3881 2254 τί
3913 2216 3987 2274 γε
4026 2216 4111 2254 τι·

2411 2299 2837 2382 μαλφέστερον
2877 2301 3034 2365 ἄλλο
3075 2297 3113 2379 ἢ
3152 2300 3477 2382 Γρηγορίου
3526 2297 3621 2362 καὶ
3666 2299 3741 2360 τὰ
3787 2299 3918 2379 (τοῦ
3961 2292 4108 2357 add.

2416 2399 2579 2465 Cod.
2600 2400 2879 2466 Florent.
2910 2418 2973 2467 et
2998 2401 3284 2484 Coislin.)
3319 2401 3641 2484 Γρηγορίου
3671 2397 4121 2480 ἑνοπτρίζεσθαί

2410 2530 2478 2570 τε
2509 2506 2606 2569 καὶ
2635 2507 3040 2581 ἀκοντίζεσθαι
3063 2534 3079 2580 ;
3126 2506 3286 2572 τίνος
3318 2505 3484 2584 ἥδιον
3511 2499 3790 2586 λόγουςῆ
3819 2505 3960 2564 νοῦν
3989 2500 4112 2562 ἀνι-

2412 2612 2652 2693 χνεύειν
2677 2607 2715 2689 ἢ
2742 2613 2849 2673 τοῦ
2873 2611 3169 2692 γρηγόρου
3198 2612 3305 2672 νοῦ
3329 2608 3537 2671 τούτου
3566 2606 3738 2688 (οὕτω
3762 2606 3875 2686 γὰρ
3907 2606 4113 2666 καλεῖν

2414 2716 2595 2779 αὐτόν
2640 2716 2806 2778 ἐστιν
2847 2710 3228 2794 οἰκειότερον)
3267 2710 3374 2775 ubi
3420 2710 3529 2773 Fr.
3563 2705 4005 2772 Boissonadius
4047 2702 4111 2766 in

2417 2815 2845 2880 Annotatione
2872 2816 3003 2881 duo
3030 2814 3150 2879 alia
3178 2811 3465 2902 exempla
3491 2811 3628 2899 ejus
3660 2804 4113 2897 appellationis,

2415 2943 2544 3006 qua
2597 2920 2976 3007 Gregorium
3009 2918 3476 2983 Nazianzenum
3534 2912 3760 2998 passim
3809 2907 4118 2995 impertie-

2415 3022 2590 3100 bant,
2618 3021 2928 3109 apposuit.
3018 3023 3158 3087 Vox
3189 3035 3398 3086 autem
3429 3019 3781 3102 ὑπερνάησις
3822 3013 3968 3077 hinc
4010 3010 4119 3074 ad-

2415 3124 2623 3189 denda
2662 3141 2756 3189 est
2797 3124 3058 3189 Lexicis.
3148 3125 3250 3189 De
3289 3122 3629 3210 Adjectivo
3663 3119 3948 3202 ὑπέρνους
3990 3115 4119 3180 dic-

2417 3247 2552 3294 tum
2601 3244 2695 3294 est
2732 3229 2812 3293 ad
2862 3228 3062 3293 Procli
3106 3227 3316 3292 Instit.
3351 3224 3577 3291 Theol.
3618 3247 3751 3311 cap.
3787 3221 4001 3287 CXV.
4050 3241 4110 3306 p.

2422 3334 2565 3397 168.
2612 3333 2715 3398 ed.
2750 3333 3042 3397 Francof.
3133 3331 3339 3417 Cujus
3382 3327 3773 3394 adversarius
3817 3323 4115 3390 Nicolaus

2413 3436 2846 3502 Methonensis
2874 3459 3009 3523 cap.
3039 3434 3334 3499 XXIII.
3364 3456 3427 3520 p.
3445 3451 3548 3518 43.
3579 3430 3675 3495 ed.
3696 3430 3888 3518 princ.
3917 3430 4107 3491 Fran-

2408 3542 2531 3606 cof.
2559 3541 2723 3605 idem
2757 3539 3132 3605 vocabulum
3162 3534 3511 3623 usurpavit.

2496 3681 2585 3693 —
2613 3644 2707 3707 18.
2755 3645 2905 3707 οὕτω
2951 3668 3043 3706 τοι
3092 3640 3205 3722 (ita
3241 3662 3318 3703 ex
3364 3635 3537 3701 libris
3569 3635 3765 3700 MSS.
3804 3631 3950 3696 dedi
3999 3654 4111 3719 pro

2410 3747 2507 3828 τὸ)
2545 3748 2641 3812 καὶ
2670 3748 2765 3811 ἀεὶ
2800 3749 2867 3810 ἐν
2894 3752 3016 3814 τοῖς
3055 3747 3302 3808 συνοῦσι
3342 3743 3573 3805 κεῖσθαι
3611 3737 3745 3804 τοὺς
3779 3737 4000 3816 λόγους
4043 3735 4110 3795 ἐν

2408 3853 2631 3930 μείζονι
2683 3850 3074 3932 εὐθημοσύνῃ]
3146 3847 3252 3909 Ita
3298 3843 3468 3907 hunc
3517 3839 3722 3905 locum
3773 3836 4109 3924 legendum

2410 3951 2621 4017 censui
2654 3974 2843 4038 supra
2871 3950 2953 4014 ad
2988 3950 3106 4014 IV.
3137 3968 3200 4027 4.
3227 3949 3288 4013 6.
3322 3970 3385 4034 p.
3407 3966 3555 4028 401.
3583 3946 3659 4010 C.
3692 3942 3799 4008 ubi
3829 3941 4020 4007 editio
4047 3956 4110 4004 et

2408 4055 2558 4120 boni
2588 4054 2727 4120 libri
2759 4054 3025 4118 habent:
3060 4054 3250 4120 ἄλλος
3269 4053 3385 4133 γὰρ
3414 4046 3628 4132 τρόπος
3654 4051 3756 4126 τῆς
3785 4049 3867 4114 εἷς
3892 4045 3961 4109 τὸ
3988 4050 4109 4109 πᾶν

2407 4158 2544 4242 παρ’
2576 4160 2768 4224 αὐτῶν
2798 4158 3215 4237 εὐθημοσύνης.
3307 4152 3433 4218 Sed
3477 4166 3687 4216 nostro
3725 4148 3862 4214 loco
3896 4170 4110 4212 omnes

2412 4260 2619 4327 Codd.
2650 4275 2715 4325 et
2745 4259 2943 4324 Ficin.
2991 4282 3134 4323 cum
3180 4257 3310 4322 Ed.
3354 4255 3710 4342 conspirant
3753 4253 3816 4317 in
3864 4254 4106 4331 εὐθυμο-

2411 4366 2584 4445 σύνῃ.
2633 4366 2775 4428 Non
2807 4377 3104 4451 repetam,
3128 4385 3273 4448 quae
3301 4358 3424 4424 illic
3451 4358 3532 4422 ad
3557 4355 3921 4422 firmandam
3953 4353 4112 4416 hanc

2410 4469 2814 4533 mutationem
2835 4465 3137 4553 congessi:
3163 4463 3284 4528 alia
3299 4460 3588 4551 quaedam
3612 4458 3921 4545 adjiciam,
3942 4455 4109 4520 unde

2406 4570 2813 4657 intelligatur,
2836 4592 3026 4657 quam
3059 4569 3180 4632 late
3208 4568 3343 4631 haec
3372 4563 3655 4630 confusio
3682 4576 4020 4650 grassetur,
4045 4573 4107 4622 et

2406 4699 2535 4764 quo
2565 4672 3012 4739 emendationis
3039 4670 3363 4735 necessitas
3390 4680 3922 4732 commonstretur.
3972 4661 4107 4726 Pla-

2404 4793 2471 4843 to
2501 4780 2696 4863 Legg.
2721 4776 2835 4840 VI.
2871 4798 2937 4862 p.
2962 4778 3107 4859 758.
3143 4796 3207 4860 p.
3230 4773 3382 4855 426.
3416 4768 3650 4834 Bekk.:
3701 4768 3797 4832 ἐπὶ
3840 4771 3961 4833 τοῖς
4004 4767 4103 4828 αὑ-

2402 4888 2520 4947 τῶν
2549 4885 2749 4947 ἰδίοισι
2783 4879 3072 4960 μένοντας
3110 4877 3559 4956 εὐθημονεῖσθαι
3586 4875 3661 4935 τὰ
3691 4873 3838 4934 κατὰ
3865 4872 3971 4935 τὰς
4004 4870 4105 4931 αὖ-

2401 4991 2519 5048 τῶν
2556 4982 2833 5063 οἰκήσεις.
2877 4979 2983 5045 ubi
3027 4978 3187 5043 cod.
3225 4979 3300 5041 V.
3337 4975 3510 5063 apud
3553 4972 3908 5039 Bekkerum
3952 4969 4096 5034 dat:

2404 5088 2875 5168 εὗθυμονεῖσθαι.
2965 5080 3089 5146 Sed
3118 5080 3246 5144 vid.
3281 5077 3449 5143 Astii
3482 5079 3836 5142 Comment.
3870 5097 3930 5160 p.
3954 5091 4100 5153 291,

2401 5189 2513 5277 qui
2571 5185 2842 5275 explicat
2899 5186 3177 5257 εὐθετεῖν,
3229 5183 3576 5268 disponere,
3628 5178 4098 5241 administrare.

2403 5290 2782 5357 Addiderim
2825 5296 2986 5351 recte
3023 5309 3071 5350 S.
3100 5288 3415 5362 concinne,
3448 5280 3540 5345 uti
3566 5279 3715 5345 fecit
3746 5277 4094 5343 Blomfield.

2401 5394 2464 5458 in
2512 5392 2827 5459 Glossario
2871 5389 3158 5476 ,EschyL
3194 5385 3481 5473 Choeph.
3526 5383 3608 5448 ad
3654 5406 3711 5448 v.
3750 5381 3866 5464 78:
3915 5382 4099 5462 δμωαὶ

2401 5503 2693 5580 γυναῖκες,
2727 5493 3007 5575 δωμάτων
3036 5491 3385 5572 εὐθήμονεςς
3432 5511 3622 5576 quem
3667 5485 3809 5550 vide
3854 5509 3916 5573 p.
3955 5507 4096 5571 119.

2403 5598 2598 5663 Adde
2628 5595 2877 5662 Orionis
2906 5593 3186 5683 Etymol.
3220 5617 3286 5682 p.
3305 5612 3408 5679 59.
3440 5594 3688 5656 Sturz.:
3733 5590 4099 5672 εὖθημοσύνη

2558 5694 2603 5758 3
2642 5707 2689 5758 F
2730 5693 2774 5758 2
