5118 6613
1317 502 1515 567 LIB.
1568 503 1724 568 VII.
1771 504 2227 569 ENNEAD.
2275 504 2744 583 QUARTAE.
2791 527 2852 591 p.
2885 505 3248 587 860—867.

3895 528 4016 594 255

590 699 658 763 p.
686 676 836 761 865,
863 696 891 739 1
907 694 963 739 1.
986 678 1063 739 Et
1082 676 1189 739 οὖν
1206 679 1474 739 τοιοῦτον
1493 677 1530 757 ἦ
1552 677 2097 760 ψυχὴ-φρόνησις
2115 680 2232 760 γὰρ
2318 679 2493 756 Quas
2535 677 2967 764 inscriptiones
3002 678 3337 766 Specimini
3373 677 3578 766 primo
3603 680 4008 746 Marvwrum

540 781 635 844 καὶ
663 779 842 862 ἀρετὴ
887 775 1301 858 ἀληθὴς-ἅτε
1342 780 1517 843 θείων
1544 778 1727 859 μετὸν
1758 779 1913 865 αὐτῷ
1946 783 2041 844 διὰ
2082 806 2227 863 ‹ruy-

537 881 779 964 γένειαν
811 882 909 946 καὶ
950 880 1019 944 τὸ
1070 882 1437 967 &poeno-com]
1492 882 1598 947 Ita
1638 882 1963 947 emendavi
2004 883 2226 971 vulga-

2316 781 2737 868 Mysticorum
2768 802 2829 866 p.
2867 780 3099 846 8—11.
3129 780 3389 846 inseruit
3414 795 3478 846 et
3505 781 3844 869 explicavit
3882 786 4008 850 Be-

2314 883 2461 948 ned.
2509 882 2828 947 Bendtsen
2879 884 3062 970 [p.3.
3098 885 3158 948 8.
3192 906 3295 949 11.
3349 885 3621 950 Havnioe
3668 888 3856 972 1819.
3884 893 4010 974 4.].

536 1001 669 1049 tum
715 984 940 1066 μεστὸν
982 982 1350 1048 auctoritate
1387 982 1797 1071 plurimorum
1842 984 2162 1066 librorum,
2193 1010 2229 1051 e
2316 987 2439 1052 Cui
2471 1000 2679 1051 tamen
2720 983 2909 1048 miror
2943 1007 3068 1049 non
3097 986 3161 1050 in
3190 1001 3461 1053 mentem
3489 988 3727 1054 venisse
3764 991 4003 1079 Empe-

533 1088 766 1175 quibus
792 1109 956 1151 unus
998 1092 1162 1150 θεῖον
1197 1086 1398 1167 μετὸν.
1486 1087 1697 1152 Lucas
1735 1086 2103 1153 Holstenius
2145 1089 2226 1154 ad

536 1190 898 1255 Sallustium
928 1189 1008 1254 de
1039 1189 1178 1253 Diis
1215 1201 1278 1254 et
1323 1190 1578 1256 Mundo
1617 1190 1853 1256 Plotini
1879 1190 2084 1257 locum
2113 1192 2226 1258 ad-

533 1294 753 1358 hibens
798 1292 906 1374 (ad
950 1314 1086 1379 cap.
1124 1293 1184 1356 8.
1229 1315 1295 1378 p.
1335 1311 1476 1360 121.
1519 1293 1766 1380 Orellii)
1812 1294 1900 1360 ita
1941 1295 2220 1384 scripsit:

534 1396 639 1462 ἅτε
669 1397 845 1461 θείων
871 1395 1095 1476 μεστὸν
1123 1396 1335 1460 αὐτῶν.
1428 1397 1573 1461 Non
1614 1396 1979 1462 crediderim
2010 1422 2088 1462 ex
2115 1399 2224 1464 ali-

531 1522 660 1587 quo
694 1497 944 1564 Codice.
1033 1498 1126 1562 Et
1170 1497 1428 1563 Ficinus
1469 1498 1655 1564 etiam
1699 1514 1971 1565 nostram
2014 1500 2222 1568 lectio-

533 1624 673 1666 nem
704 1599 1025 1689 expressit.
1118 1601 1417 1665 Ceterum
1454 1618 1895 1688 argumentum
1931 1604 2103 1690 quod
2133 1620 2225 1669 at-

534 1706 712 1781 tinet,
761 1703 1159 1791 oomparandi
1206 1719 1375 1785 sunt,
1414 1718 1645 1792 praeter
1696 1704 2059 1772 Sallustium
2112 1707 2156 1772 l.
2181 1707 2222 1773 l.

535 1807 821 1873 Plotinus
848 1807 983 1895 ipse
1009 1830 1201 1894 supra
1227 1828 1296 1894 p.
1318 1826 1426 1893 54.
1462 1809 1690 1873 C—F.
1719 1808 1871 1896 ibiq.
1903 1826 2222 1890 annotata,

532 1927 596 1975 et
626 1909 886 1975 Proclus
913 1910 976 1973 in
1009 1909 1283 1974 Platonis
1312 1911 1652 1990 Timaeum,
1681 1911 1791 1976 ubi
1818 1911 1899 1976 de
1930 1912 2219 1978 differen-

535 2014 619 2078 tia
648 2013 871 2078 animae
900 2012 1128 2077 divinae
1159 2011 1578 2101 humanaeque
1602 2014 1756 2101 agit,
1785 2038 1853 2103 p.
1881 2034 2032 2100 314.

617 2140 684 2204 p.
714 2117 864 2194 866,
899 2131 997 2201 15.
1063 2118 1140 2185 ὥς
1175 2116 1466 2185 πολλάκις
1520 2119 1672 2204 αὐτῷ’
1724 2120 1889 2197 δόξαι
1933 2123 2104 2183 τοῦτο
2152 2120 2221 2199 δὴ

535 2226 723 2287 καλῦς
749 2222 1036 2301 εἰρῆσθαι·
1065 2218 1312 2303 χαίρετ’,
1342 2221 1459 2301 ἐγὼ
1482 2219 1529 2285 δ’
1558 2223 1696 2301 ὑμῖν
1718 2221 1851 2288 θεὸς
1867 2222 2217 2312 ἄμβροτος,]

535 2324 765 2388 Versus
801 2321 1204 2409 Empedoclis
1229 2344 1309 2386 ex
1338 2322 1516 2388 initio
1561 2329 1893 2406 καθαρμῶν,
1923 2324 2094 2411 quod
2130 2325 2221 2388 in-

532 2441 776 2511 tegrum
836 2425 1102 2490 servavit
1161 2423 1478 2513 Diogenes
1535 2426 1827 2491 Laiirtius
1878 2428 2078 2491 VIII.
2109 2431 2217 2493 62.

528 2528 630 2595 Cf.
673 2526 826 2592 ibid.
878 2532 935 2613 §-
980 2548 1088 2614 54.
1139 2541 1203 2592 et
1250 2529 1315 2611 ξ.
1347 2528 1468 2603 66;
1515 2528 1883 2616 particulam
1933 2529 2218 2596 referunt

533 2631 656 2696 alii.
731 2630 974 2696 Videsis
1029 2630 1359 2696 Davisium
1408 2631 1491 2696 ad
1534 2631 1667 2697 Cic.
1716 2630 2007 2697 Tuscull.
2057 2634 2112 2697 Ι.
2157 2655 2218 2718 9.

535 2735 840 2823 Inter-prr.
893 2733 975 2799 ad
1032 2734 1226 2822 Diog.
1286 2736 1500 2800 La'e‘rt.
1562 2733 1603 2800 l.
1632 2734 1674 2798 l.
1730 2734 2087 2800 Fabricium
2138 2737 2219 2801 ad

537 2840 706 2902 Sext.
753 2837 1001 2925 Empir.
1052 2837 1194 2901 adv.
1238 2837 1551 2903 Mathem.
1595 2839 1650 2902 Ι.
1699 2839 1760 2921 ξ.
1786 2857 1932 2924 302.
1975 2862 2035 2926 p.
2072 2841 2219 2926 283.

537 2943 740 3005 Sturz.
771 2940 852 3004 ad
898 2939 1344 3027 Empedoclem
1384 2965 1449 3029 p.
1483 2943 1633 3022 466.
1677 2963 1772 3028 sq.
1803 2940 1914 3028 qui
1949 2941 2223 3007 diversas

538 3041 822 3108 lectiones
869 3043 1161 3108 enotavit.
1238 3045 1342 3109 Cf.
1384 3043 1536 3109 ibid.
1586 3068 1648 3131 p.
1680 3064 1832 3130 530.
1875 3060 1938 3110 et
1978 3068 2038 3133 p.
2071 3048 2220 3127 646.

536 3144 844 3212 Exhibuit
873 3144 1058 3212 etiam
1099 3146 1355 3211 Jacobs.
1386 3145 1452 3210 in
1493 3146 1932 3235 Paralipomm.
1970 3148 2052 3212 ad
2082 3151 2221 3213 An-

537 3246 766 3337 tholog.
799 3250 918 3316 Gr.
947 3250 999 3314 I.
1031 3272 1125 3315 nr.
1155 3266 1259 3335 75.
1289 3272 1356 3338 p.
1380 3251 1526 3336 665.
1556 3250 1709 3316 etin
1740 3250 2076 3340 Antholog.
2104 3253 2225 3317 Pa-

537 3349 723 3417 latina
750 3375 847 3417 nr.
874 3355 1026 3438 569.
1056 3376 1122 3440 p.
1151 3371 1294 3418 202.
1326 3366 1391 3418 et
1412 3353 1667 3441 quidem
1695 3353 1821 3419 ita:

647 3472 688 3530 ὅ
712 3477 886 3548 φίλοι,
915 3474 966 3532 ot
990 3478 1123 3550 μέγα
1149 3476 1286 3532 ἄστυ
1311 3477 1439 3531 κατὰ
1464 3477 1655 3548 ξανθοῦ
1680 3476 2024 3551 Ἀκράγαντος

653 3573 805 3629 ναίετ’
833 3574 910 3629 ἀν’
939 3574 1068 3647 ἄκρα
1092 3577 1298 3643 πόλιος,
1325 3574 1533 3647 ἀγαθῶν
1556 3575 1899 3646 μελεδήμονες
1923 3578 2106 3649 ἔργων,

651 3670 864 3744 χαίρετ’·
908 3673 1011 3746 ἐγὼ
1038 3671 1084 3728 δ’
1112 3671 1270 3742 ὔμμιν
1295 3672 1413 3728 θεὸς
1437 3671 1717 3746 ἄμβροτος,
1741 3674 1911 3728 οὐκέτι
1938 3673 2138 3743 θνητὸς,

650 3772 919 3841 πωλεῦμαι
937 3771 1067 3841 μετὰ
1086 3773 1218 3825 πᾶσι
1245 3772 1524 3840 τετιμένος,
1554 3769 1732 3844 ὅσπερ
1760 3773 1938 3835 ἔοικεν,

650 3868 864 3924 ταινίαις
881 3890 940 3923 τε
965 3868 1309 3941 περίστεπτος
1334 3869 1594 3941 στέφεσίν
1618 3891 1676 3924 τε
1698 3869 1939 3926 θαλείοις.

539 3977 847 4042 Caeterum
878 3991 950 4043 ut
989 3976 1412 4066 Empedoclea
1453 3978 1653 4042 oratio
1697 3978 1984 4043 universa
2025 3977 2225 4043 multa

537 4080 871 4145 Homerica
896 4080 1105 4159 habet,
1136 4081 1226 4145 ita
1262 4079 1421 4146 illud
1453 4104 1708 4168 quoque
1738 4081 1872 4149 θεὸς
1900 4083 2218 4163 ἄμβροτος.

535 4183 676 4248 vid.
733 4183 981 4249 Scholia
1022 4183 1088 4248 in
1133 4182 1317 4249 Iliad.
1372 4210 1435 4248 ω.
1482 4186 1630 4264 460.
1692 4181 2027 4248 Plotiniani
2075 4207 2223 4249 vero

535 4283 667 4365 loci,
713 4286 889 4375 quod
933 4286 1143 4367 sciam,
1173 4309 1360 4352 nemo
1397 4309 1636 4365 eorum,
1666 4285 1778 4374 qui
1823 4287 1961 4351 haec
1987 4300 2217 4353 tracta-

534 4404 698 4469 runt,
743 4387 1118 4455 mentionem
1157 4389 1327 4456 fecit.
1418 4388 1737 4455 Formulae
1774 4403 1983 4456 autem
2025 4393 2222 4456 consi-

533 4490 702 4556 miles
729 4491 933 4557 obviae
955 4506 1101 4557 sunt
1127 4493 1354 4580 passim
1384 4493 1448 4557 in
1480 4493 1925 4559 Mai-moribus.
2001 4494 2123 4574 Sic,
2149 4511 2221 4562 ut

533 4592 646 4659 hoc
691 4610 854 4674 utar,
883 4595 948 4659 in
983 4595 1380 4683 inscriptione
1416 4595 1543 4675 illa,
1588 4620 1628 4662 a
1672 4598 1980 4663 Miintero
2009 4601 2084 4663 V.
2119 4598 2215 4663 Cl.

534 4697 610 4762 ad
633 4697 1091 4763 Samothracica
1110 4698 1286 4764 initia
1307 4698 1522 4779 relata,
1545 4699 1639 4782 (in
1672 4699 2045 4788 Antiquarr.
2073 4701 2216 4767 Ab·

535 4799 758 4866 bandll.
789 4823 856 4889 p.
894 4801 1072 4887 183.)
1103 4801 1401 4890 legimus:

651 4911 855 4981 Κοῦρος
879 4909 982 4980 ε’·γὸ
1006 4909 1174 4963 καλέω
1202 4930 1285 4976 σε,
1315 4909 1416 4984 θεῷ
1438 4910 1618 4982 φιλος,
1648 4910 1817 4965 οὐκέτι
1851 4910 2058 4980 θνητός.

537 5001 691 5066 Item
721 5001 897 5090 apud
929 5003 1189 5068 Gruter.
1220 5026 1287 5091 p.
1320 5004 1704 5068 DCCLIX.
1732 5025 1798 5084 4.

613 5110 845 5183 πρόσθεν
876 5111 971 5180 μὲν
1008 5109 1194 5179 θνητὴν
1232 5106 1422 5183 (θνητὴ
1458 5107 1837 5189 Muratorius)
1869 5115 1960 5167 νῦν
1999 5113 2056 5168 δὲ
2090 5113 2221 5169 θεῶν

685 5209 925 5279 μέτοχος.

534 5317 727 5405 Apud
755 5315 1026 5381 eundem
1052 5339 1118 5404 p.
1151 5317 1587 5382 MCXXIII.
1616 5337 1647 5401 7
1674 5344 1688 5383 z

635 5422 850 5481 adfinis
877 5420 1277 5480 memorande!
1325 5421 1459 5500 quid
1488 5443 1526 5480 ο
1555 5442 1645 5481 me
1672 5422 1740 5481 ad
1771 5422 1951 5483 sidera
1977 5424 2105 5484 coeli

635 5521 900 5579 Ablatum
927 5517 1221 5598 quereris?
1271 5521 1624 5599 Desine-flere
1648 5524 1828 5581 deum.

2313 1089 2527 1155 doclea
2568 1087 2675 1153 illa
2719 1111 2865 1174 quae
2907 1110 3040 1176 prae
3082 1089 3317 1154 caeteris
3362 1090 3457 1155 his
3501 1091 4006 1180 inscriptionibus

2311 1192 2667 1258 adhibenda
2699 1206 2896 1255 erant.
2988 1189 3113 1255 Alii
3156 1192 3462 1259 docebant
3491 1198 3722 1282 genios
3768 1198 4000 1279 (δαίμο-

2314 1298 2445 1380 νας)
2476 1295 2608 1359 fieri
2639 1318 2765 1371 eoS‚
2804 1293 2915 1381 qui
2948 1294 3120 1381 juste
3164 1309 3228 1361 et
3271 1296 3525 1362 honeste
3557 1298 3743 1363 vitam
3783 1323 4007 1389 exege-

2308 1397 2450 1464 rint.
2522 1397 2668 1462 Vid.
2699 1395 2941 1461 Platon.
2985 1397 3229 1487 Cratyl.
3274 1422 3339 1486 p.
3369 1418 3520 1485 397.
3549 1403 3701 1487 398.
3748 1403 4001 1468 Libanii

2310 1500 2660 1565 Declamat.
2691 1523 2808 1587 pro
2841 1502 3077 1565 Socrat.
3107 1524 3169 1589 p.
3199 1504 3346 1584 264.
3371 1503 3525 1591 ibiq.
3555 1505 3602 1568 J
3606 1527 3699 1569 ac.
3722 1506 4000 1586 Morelli‚

2308 1618 2369 1668 et
2401 1601 2832 1690 Olympiodor.
2863 1603 2929 1667 in
2959 1603 3173 1668 Alcib.
3206 1627 3299 1691 pr.
3329 1629 3391 1693 p.
3431 1626 3531 1692 15.
3562 1630 3656 1694 sq.

2395 1728 2458 1793 p.
2491 1706 2645 1788 867,
2672 1725 2737 1786 4.
2784 1707 2986 1789 ὥσπερ
3033 1707 3352 1789 ἀγάλματα
3409 1710 3478 1772 ἐν
3527 1713 3672 1791 αὐτῇ
3724 1714 4001 1795 ἱδρυμένα

2309 1812 2726 1893 ὁρῶσα-οἶον
2770 1813 2823 1874 εἰ
2859 1810 3083 1895 χρυσὸς
3124 1811 3394 1895 ἔμψυχος
3422 1814 3512 1892 εῑη
3531 1840 3580 1876 κ.
3601 1839 3652 1877 τ.
3672 1815 3771 1903 λ.]
3831 1816 4003 1882 Fons

2307 1912 2416 2001 huj
2428 1937 2499 1977 us
2527 1913 2645 1978 loci
2674 1913 2897 2000 partim
2931 1912 2994 1977 in
3025 1913 3374 1979 Alcibiadis
3413 1915 3690 1980 oratione
3720 1940 3827 2005 ap.
3859 1919 4004 1984 Pla-

2309 2031 2514 2081 tonem
2545 2016 2609 2080 in
2643 2016 2949 2081 Convivio
2977 2039 3038 2104 p.
3067 2021 3210 2084 216.
3241 2019 3323 2082 E.
3353 2018 3581 2105 partim
3611 2019 3678 2084 in
3711 2022 4004 2109 Sophista

2306 2143 2372 2207 p.
2406 2121 2552 2185 228.
2589 2122 2664 2184 C.
2735 2119 2895 2184 Vide
2938 2142 3083 2206 quae
3128 2143 3318 2207 supra
3359 2121 3633 2187 diximus
3673 2124 3757 2188 ad
3792 2123 3998 2194 locum

2307 2222 2537 2289 Plotini
2583 2221 2905 2309 geminum
2954 2245 3016 2309 p.
3047 2243 3152 2309 54.
3187 2223 3265 2287 F.
3341 2223 3449 2288 Cf.
3494 2224 3680 2290 etiam
3725 2226 3888 2293 infra
3928 2253 3993 2317 p.

2302 2346 2452 2411 520.
2486 2327 2565 2390 F.
2593 2324 2744 2412 ibiq.
2776 2341 2986 2389 annot.

2389 2466 2475 2478 —
2509 2449 2609 2493 11.
2655 2429 2807 2511 Περὶ
2832 2430 3098 2493 τοιούτου
3123 2428 3585 2512 χρήματος-ὡς
3627 2432 3733 2496 οὐκ
3769 2434 3990 2500 ἀθάνα-

2303 2535 2433 2617 τον]
2506 2530 2647 2596 Vid.
2695 2530 2939 2595 Platon.
2975 2530 3269 2595 Phaedon.
3300 2554 3365 2619 p.
3406 2551 3546 2617 105.
3578 2556 3644 2620 p.
3683 2553 3823 2601 102.
3858 2559 3993 2626 sqq.

2305 2633 2597 2712 Bekkeri‚
2629 2633 2735 2698 ubi
2766 2633 3215 2720 Wyttenbach.
3263 2635 3327 2698 in
3362 2650 3574 2700 annot.
3618 2659 3685 2724 p.
3720 2655 3865 2724 279.
3899 2664 3993 2728 sq.

2305 2736 2473 2801 hune
2504 2736 2737 2801 Plotini
2766 2735 2970 2801 locum
2999 2736 3258 2802 exhibet
3286 2738 3421 2802 haec
3448 2738 3712 2805 addens:
3748 2749 3794 2781 “
3819 2745 3999 2832 Ergo

2309 2840 2658 2925 (Plotinus)
2708 2862 2834 2919 eos,
2871 2839 2983 2927 qui
3022 2840 3214 2927 hujus
3258 2842 3813 2929 argumentationis
3858 2846 4003 2912 Pla-

2306 2943 2527 3008 tonicae
2554 2943 2681 3008 vim
2713 2942 3066 3031 repudiant,
3097 2943 3348 3009 duobus
3375 2943 3511 3009 aliis
3536 2962 3775 3012 coercet
3807 2970 3998 3036 argu-

2306 3047 2548 3112 mentis.
2637 3046 2933 3110 Alterum
2972 3061 3107 3111 est:
3152 3045 3193 3126 ἢ
3220 3048 3630 3112 ἆναλύσουσιν
3671 3051 3748 3117 ὥς
3781 3054 3998 3118 σύνθεο

2304 3155 2708 3232 τρν-μοῖραν
2738 3148 3043 3234 δέχεσθαι*
3072 3149 3111 3213 ἰ.
3135 3172 3188 3214 e.
3219 3160 3337 3215 aut
3375 3154 3657 3217 animam
3686 3156 3759 3217 ὄπ
3774 3167 4002 3242 partes

2307 3252 2666 3333 dissolvent,
2695 3262 2769 3318 ut
2795 3255 3216 3342 compositam,
3245 3254 3431 3343 idque
3462 3277 3658 3344 usque
3694 3278 3785 3337 ec,
3815 3259 4007 3327 donec

2297 3358 2713 3443 pervenerint
2752 3357 2839 3419 ad
2874 3379 3063 3420 unam
3096 3358 3281 3421 talem
3304 3368 3584 3445 partem,
3614 3383 3755 3448 quae
3794 3363 3917 3428 eibi
3944 3374 4007 3430 et

2309 3461 2556 3523 eceteris
2583 3461 2865 3546 imperet,
2892 3481 3036 3548 quae
3059 3461 3434 3525 immortalis
3461 3464 3571 3541 eit,
3599 3466 3705 3527 cui
3732 3467 3919 3550 uffa-9
3944 3477 4006 3532 et

2308 3569 2529 3625 contra
2565 3571 2820 3625 παίωνα
2854 3561 3025 3649 leges
3053 3564 3161 3641 sit,
3192 3572 3449 3626 mortem
3484 3567 3803 3652 suscipere
3882 3567 4004 3637 hoc

2308 3678 2403 3727 est
2443 3662 2602 3728 illud
2645 3678 3108 3750 argumentum,
3148 3664 3319 3750 quod
3364 3664 3687 3751 attigimus
3726 3669 4006 3757 Psycbo-

2307 3765 2490 3852 logioe
2513 3768 2588 3831 V.
2624 3768 2828 3831 VIII.
2862 3789 2927 3853 p.
2962 3766 3101 3830 LV.
3176 3765 3506 3832 Alterum:
3539 3765 3576 3848 ἢ
3605 3768 3794 3838 πάθος
3822 3774 4001 3837 ἐπακ-

2307 3869 2433 3942 τὸν,
2467 3869 2740 3952 ἐνέργεια
2780 3875 2974 3945 (ὣσαε
3022 3878 3139 3933 aut
3179 3869 3451 3935 dicentes
3493 3873 3693 3936 vitam
3730 3894 3865 3938 esse
3901 3898 4004 3941 ac-

2307 3972 2517 4036 cidens
2563 3974 2872 4051 materiae,
2914 3972 2986 4036 id
3022 3972 3190 4036 unde
3226 3976 3519 4037 materiae
3559 3974 3683 4039 tale
3715 3978 4000 4046 accidens

2309 4077 2504 4154 venit,
2534 4084 2839 4163 cogentur
2866 4075 3215 4140 immortale
3246 4097 3377 4141 esse
3386 4078 3609 4162 fateri
3648 4100 3760 4144 nec
3796 4103 4002 4170 capax

2306 4180 2615 4242 contrarii
2655 4180 2814 4263 ejus,
2844 4179 3011 4265 quod
3037 4180 3182 4265 ipsa
3209 4182 3418 4267 qffert,
3451 4179 3522 4263 (i.
3554 4204 3608 4246 e.
3640 4181 3937 4251 immunis
3962 4211 4001 4252 a

2305 4285 2557 4365 morte).
2678 4282 2940 4344 Etenim
2984 4304 3118 4346 una
3156 4292 3247 4347 ese
3286 4293 3528 4348 natura
3569 4295 3717 4351 actu
3760 4290 4001 4357 vivens.

2306 4384 2398 4447 Et
2427 4382 2512 4447 sic
2550 4395 2799 4448 revocat
2840 4382 3428 4449 demonstrationem
3467 4385 3550 4450 ad
3591 4386 3748 4453 illud
3793 4390 4002 4458 decre-

2305 4500 2467 4564 tum,
2520 4508 2709 4550 unam
2757 4508 2888 4549 esse
2933 4486 3127 4551 totius
3186 4502 3427 4553 naturoe
3476 4490 3767 4572 animam,
3818 4496 4000 4583 cujus

2304 4587 2648 4675 singulares
2677 4587 2899 4653 animae
2937 4602 3166 4654 nostrae
3205 4606 3411 4676 partes
3439 4592 3581 4658 sint.
3672 4594 3786 4659 Ad
3832 4597 3999 4665 hunc

2306 4691 2648 4756 Phaedonis
2675 4690 2879 4757 locum
2902 4691 3093 4757 refert
3118 4691 3267 4757 item
3285 4693 3819 4780 interpretandum
3845 4701 4000 4767 Pro-

2304 4792 2438 4857 clus
2491 4792 2699 4858 Instit.
2750 4793 3064 4880 Theolog.
3118 4796 3178 4878 ξ.
3211 4795 3728 4864 CLXXXVII.
3762 4816 3825 4866 et
3864 4808 3998 4892 sq.”

2309 4897 2404 4984 (p.
2449 4897 2595 4976 278.
2630 4920 2768 4984 sqq.
2808 4896 2908 4962 ed.
2955 4898 3287 4983 Francof.)
3334 4899 3441 4963 ubi
3490 4900 3743 4966 consule
3779 4924 3992 4972 annot.

2307 5013 2599 5064 nostram.
2682 4998 2996 5064 Posterius
3022 4998 3519 5088 argumentum&
3546 5002 3989 5073 πάθος-ἄδεκ-

2305 5128 2412 5166 τον
2440 5101 2512 5167 ὂν
2541 5106 2647 5166 τοῦ
2668 5104 2938 5168 ἐναντίου
2960 5101 3006 5190 ᾧ
3028 5103 3297 5186 ἐπιφέρει
3312 5126 3694 5191 consequens
3709 5122 3803 5172 est
3827 5110 3997 5176 axio-

2306 5207 2508 5287 matis,
2537 5207 2711 5294 quod
2741 5207 2864 5271 alio
2892 5206 3147 5271 consilio
3171 5206 3469 5272 adversus
3498 5206 3852 5274 Platonicos
3878 5212 3990 5277 ali-

2302 5324 2461 5395 quot
2489 5323 2705 5374 tuetur
2750 5309 3006 5375 Proclus
3042 5309 3108 5374 in
3149 5307 3429 5374 Platonis
3460 5310 3895 5378 Parmenidem
3925 5338 3991 5403 p.

2302 5430 2452 5496 209.
2483 5411 2581 5476 ed.
2615 5413 2871 5476 Cousin.
2906 5413 3130 5496 (Tom.
3168 5414 3276 5498 V.)
3311 5411 3419 5477 ubi
3458 5426 3522 5476 et
3559 5410 3679 5477 alia
3721 5416 3899 5501 ponit
3928 5433 3990 5485 et

2298 5514 2434 5579 haec
2458 5541 2472 5579 t
2523 5516 2619 5580 καὶ
2648 5516 2716 5580 τὸ
2743 5520 2889 5596 ζωῆς
2916 5519 3106 5583 αἴτιον
3126 5515 3300 5581 ἑαυτὸ
3327 5514 3678 5598 πεπλήρωκε
3704 5523 3866 5598 ζωῆς·
3898 5524 3993 5588 καὶ
