5118 6613
1086 536 1207 619 136

1076 725 1217 772 122.
1252 723 1315 771 et
1353 719 1521 770 ratos
1553 706 1747 792 hujus
1790 703 2086 770 Universi
2129 722 2339 770 motus
2372 708 2617 785 κόσμοιο
2648 707 2768 770 ἀει-

1068 809 1332 889 δινήτους
1361 808 1621 891 ἀνάγκας
1650 822 1830 873 vetus
1862 808 2295 895 Epigramma.
2371 807 2573 895 Apud
2605 831 2762 892 gen-

1070 925 1193 975 tem
1241 911 1452 999 itaque
1495 910 1957 999 Pythagoream
1998 913 2301 976 δουλεύειν
2343 917 2469 978 ταῖς
2512 916 2613 990 τῆς
2656 914 2767 994 φύ-

1068 1039 1222 1082 σεως
1251 1013 1532 1096 ἀνάγκαις
1558 1013 1787 1079 dicitur
1817 1036 2011 1091 mens,
2037 1037 2237 1101 quum
2268 1029 2551 1078 naturam
2581 1037 2757 1079 suam

1067 1115 1518 1180 immutabilem
1546 1131 1608 1180 et
1637 1115 2072 1203 sempiternam
2095 1115 2351 1203 ingeniti
2382 1132 2588 1181 motus
2616 1139 2759 1182 auc·

1067 1232 1265 1283 torem
1316 1217 1561 1306 legibus
1602 1217 1908 1284 inferioris
1958 1219 2177 1283 mundi
2220 1219 2571 1284 necessariis
2613 1220 2758 1284 sub-

1072 1321 1284 1399 mittit,
1332 1335 1395 1385 et
1442 1322 1811 1409 morigeram
1867 1320 2227 1395 constituit;
2275 1322 2339 1385 in
2387 1322 2503 1388 hac
2556 1336 2761 1386 tamen

1068 1424 1206 1511 ipsa
1233 1423 1551 1489 deterioris
1579 1425 1724 1489 vitae
1760 1424 2132 1502 conditione,
2165 1430 2244 1512 τῷ
2290 1430 2437 1491 κατὰ
2476 1430 2617 1490 νοῦν
2644 1429 2759 1512 βίῳ

1068 1533 1186 1591 τῶν
1214 1533 1366 1592 θεῶν
1395 1527 1680 1614 ἐχομένῳ,
1711 1527 1821 1614 qui
1851 1551 1981 1591 suae
2012 1528 2246 1615 spontis
2278 1545 2391 1606 est,
2424 1528 2762 1594 nonnullus

1063 1646 1157 1694 est
1185 1629 1393 1704 locus;
1441 1653 1631 1718 quam
1661 1630 1708 1694 si
1745 1630 1888 1717 quis
1919 1629 2077 1694 viam
2119 1645 2529 1708 consectatur,
2563 1631 2614 1696 is
2649 1633 2757 1710 τὴν

1060 1732 1395 1796 ἀδέσποτον
1420 1738 1521 1812 τῆς
1560 1736 1757 1816 ψυχῆς
1799 1734 2076 1811 ἐξουσίαν
2106 1732 2169 1796 in
2210 1733 2555 1798 libertatem
2596 1757 2758 1798 asse-

1060 1833 1163 1913 rit,
1208 1850 1420 1922 atque,
1452 1850 1524 1900 ut
1562 1857 1778 1899 eorum
1809 1835 2012 1900 verbis
2056 1851 2217 1912 utar,
2260 1843 2377 1900 τῶν
2419 1838 2758 1920 ἀναγκαίων

1061 1941 1403 2004 ἀπολύεται.
1496 1940 1658 2004 Haec
1686 1953 1750 2004 et
1786 1938 1852 2003 id
1893 1961 2095 2026 genus
2136 1938 2320 2026 plura
2349 1937 2538 2003 tradit
2591 1941 2761 2003 Iam-

1062 2039 1306 2106 blichus
1349 2040 1427 2106 ad
1475 2041 1725 2106 Maced.
1767 2041 2015 2128 aliique.
2112 2043 2189 2105 In
2234 2041 2505 2105 eundem
2541 2041 2762 2106 intelli-

1061 2143 1267 2232 genda
1325 2159 1471 2210 sunt
1528 2168 1773 2209 sensum
1832 2144 1951 2209 ista
2008 2144 2350 2209 Democriti
2412 2167 2513 2232 ap.
2581 2146 2757 2211 Stob.

1069 2248 1266 2311 Serm.
1321 2249 1497 2312 CVI.
1564 2248 1735 2329 (nam
1791 2247 2114 2312 Demetrio
2165 2268 2487 2333 perperam
2537 2247 2767 2313 adscri-

1067 2350 1335 2436 buntur)
1364 2375 1378 2413 :
1429 2351 1762 2434 ἀλογιστίη,
1793 2350 1873 2430 μὴ
1902 2350 2261 2434 ξυγχωρέειν
2290 2355 2451 2414 ταῖσι
2483 2354 2630 2414 κατὰ
2657 2351 2765 2415 τὸν

1063 2454 1206 2531 βίον
1251 2452 1552 2535 ἀνάγκαις.
1601 2451 1641 2516 i.
1674 2475 1734 2515 e.
1799 2458 1922 2519 τοῖς
1972 2456 2248 2516 δοκοῦσιν
2307 2453 2382 2519 ὡς
2431 2452 2606 2536 ἔτυχε
2666 2455 2760 2518 καὶ

1062 2555 1321 2623 ἀτάκτως
1342 2557 1717 2636 συμβαίνειν,
1743 2555 2030 2642 quamvis
2058 2578 2125 2619 re
2153 2579 2296 2620 vera
2316 2571 2486 2620 certo
2506 2555 2760 2619 oensilio

1066 2672 1527 2744 temperentur:
1562 2680 1755 2744 quam
1789 2657 1871 2721 ob
1899 2679 2031 2720 rem
2055 2679 2237 2721 nemo
2263 2679 2469 2734 sanus„
2487 2680 2760 2744 expenso

1062 2757 1280 2822 ordine
1337 2781 1545 2822 rerum
1603 2773 1664 2822 et
1717 2758 2095 2837 necessitate,
2146 2759 2290 2841 πρὸς
2339 2759 2446 2838 τὴν
2493 2759 2757 2842 ἀνάγκην

1061 2863 1445 2943 ἀγριαίνεται,
1479 2876 1550 2925 ut
1576 2885 1721 2948 quae
1748 2860 2020 2926 immotis
2046 2876 2288 2925 naturae
2318 2860 2617 2926 limitibus
2645 2861 2754 2926 de-

1060 2963 1236 3028 finita
1264 2963 1342 3028 sit
1386 2980 1449 3028 et
1476 2964 1955 3051 circumscripta.
2048 2965 2224 3052 Lege
2253 2964 2751 3030 venustissimum

1062 3066 1419 3131 Hieroclem
1469 3082 1532 3131 et
1577 3066 1659 3132 cf.
1709 3066 2023 3131 Plutarch.
2075 3069 2158 3131 T.
2210 3067 2310 3131 II.
2363 3090 2427 3155 p.
2462 3071 2612 3154 926.
2662 3093 2750 3156 sq.

1058 3170 1330 3256 Diogen.
1384 3170 1595 3234 Laert.
1651 3171 1785 3234 IX.
1819 3187 1924 3255 45.
1987 3185 2051 3234 et
2100 3169 2164 3233 in
2227 3170 2442 3257 primis
2493 3170 2748 3237 Aristid.

1061 3271 1322 3352 Quintil.
1372 3296 1438 3361 p.
1473 3276 1613 3338 161.
1653 3274 1829 3361 sqq.”
1918 3274 2082 3338 Haec
2129 3272 2281 3337 Tib.
2332 3273 2750 3340 Hemsterhu-

1056 3377 1200 3441 sius.
1291 3378 1451 3454 Quae
1493 3393 1878 3464 quantopere
1928 3376 2009 3441 ad
2064 3377 2343 3442 Platonis
2395 3377 2752 3466 Plotinique

1054 3479 1504 3568 disputationes
1530 3479 1781 3560 faciant,
1811 3503 1935 3544 non
1966 3496 2080 3559 cst,
2107 3480 2280 3568 quod
2309 3504 2566 3568 operose
2587 3504 2752 3546 com-

1055 3599 1487 3650 monstremus.
1607 3583 1887 3648 Platonis
1949 3598 2160 3649 autem
2224 3607 2369 3671 quoe
2425 3583 2617 3649 fuerit
2674 3584 2753 3649 de

1056 3688 1219 3750 Fato
1246 3702 1310 3751 et
1337 3685 1531 3751 libero
1558 3685 1815 3751 arbitrio
1849 3686 2152 3751 sententia
2189 3687 2458 3751 maxime
2487 3711 2749 3775 cognos-

1063 3789 1228 3853 citur
1256 3812 1331 3853 ex
1362 3788 1671 3877 primariis
1698 3787 1937 3875 aliquot
1978 3788 2126 3854 locis
2165 3789 2228 3853 in
2256 3788 2430 3853 libris
2457 3789 2538 3855 de
2568 3791 2757 3879 Legi-

1061 3892 1202 3971 buS,
1250 3892 1316 3956 in
1357 3891 1651 3971 Phaedro,
1691 3891 2011 3957 Phaedone
2053 3906 2117 3957 et
2167 3892 2230 3956 in
2278 3892 2545 3972 Timaeo,
2601 3919 2758 3982 quas

1062 3995 1391 4059 maximam
1422 4008 1661 4082 partem
1684 3993 1950 4058 inclusas
1975 3993 2317 4082 reperimus
2342 3994 2572 4075 libelle,
2597 3999 2756 4085 proh

1063 4097 1242 4161 dolor
1282 4111 1589 4175 truncato,
1637 4095 1960 4160 Plutarchi
2008 4096 2088 4160 de
2138 4099 2321 4175 Fato,
2379 4101 2465 4163 T.
2498 4100 2639 4166 III.
2689 4125 2752 4189 p.

956 4236 963 4243 ·
1070 4203 1214 4285 289.
1243 4222 1378 4286 sqq.
1420 4213 1483 4263 et
1510 4198 1851 4287 praesertim
1885 4223 1943 4285 p.
1975 4219 2124 4284 309.
2159 4223 2291 4287 sqq.
2323 4193 2422 4265 ed.
2457 4203 2757 4290 Wytten-

1065 4303 1247 4368 bach.
1300 4301 1609 4366 Hieroclis
1653 4300 2018 4389 Philosophi
2067 4301 2386 4391 disputata
2430 4306 2567 4387 περὶ
2609 4331 2752 4387 προ-

1068 4408 1230 4473 νοίας
1260 4406 1355 4469 καὶ
1385 4404 1731 4487 εἱμαρμένης
1776 4405 1870 4469 καὶ
1901 4409 2006 4469 τοῦ
2035 4403 2130 4488 ἐφ’
2162 4407 2300 4485 ἡμῖν
2330 4434 2380 4470 κ.
2404 4432 2453 4470 τ.
2473 4415 2537 4470 λ.
2584 4408 2754 4472 Pho-

1064 4507 1190 4573 tius
1232 4507 1617 4571 conservavit
1674 4508 1734 4572 in
1790 4506 2085 4573 Biblioth.
2142 4508 2305 4573 Cod.
2361 4511 2753 4576 CCXXIV.

1068 4612 1310 4675 CCLI.
1344 4609 1511 4674 unde
1538 4609 1602 4673 in
1637 4610 2012 4676 editionibus
2053 4612 2330 4677 exhibita
2359 4628 2527 4693 sunt,
2559 4615 2759 4678 Pear-

1066 4715 1206 4775 soni
1261 4711 1563 4794 (Londin.
1615 4714 1834 4798 1673.)
1888 4729 1951 4776 et
2001 4714 2517 4801 Cantabrigiensi,
2570 4738 2760 4802 quam

1069 4814 1472 4879 Needhamus
1500 4815 1739 4880 curavit
1767 4838 1909 4880 ann.
1950 4837 2129 4902 1709.
2208 4817 2387 4882 Alias
2425 4841 2614 4906 super
2644 4817 2761 4882 hoc

1066 4918 1202 4982 loco
1229 4917 1701 5004 disputationes,
1731 4935 1795 4982 et
1837 4919 2030 5006 ipsius
2061 4920 2293 4985 Plotini
2326 4922 2508 4997 hanc,
2539 4920 2756 4986 collec-

1069 5038 1162 5086 tas
1183 5018 1524 5107 reperiesin
1548 5020 1665 5084 hoc
1688 5021 1989 5109 opusculo
2013 5048 2027 5087 :
2065 5032 2107 5062 ‘⁶
2128 5023 2475 5089 Alexandri
2499 5024 2757 5112 Aphro-

1067 5122 1367 5202 disiensiS‚
1399 5123 1721 5186 Ammonii
1762 5126 2042 5190 Hermiae
2069 5126 2198 5205 filii,
2233 5127 2488 5204 Plotini,
2524 5125 2757 5192 Barde-

1070 5227 1232 5292 sanis
1264 5226 1405 5314 Syri
1433 5241 1495 5291 et
1525 5226 1783 5313 Georgii
1815 5228 2082 5293 Gemisti
2112 5229 2432 5296 Plethonis
2459 5233 2563 5296 De
2593 5231 2759 5294 Fato

1071 5353 1215 5416 quae
1260 5339 1597 5417 supersunt
1637 5329 1859 5394 Graece
1892 5334 1999 5395 ὅτε.
2033 5333 2526 5400 recensuit—J0.
2569 5334 2758 5397 Conr-

1074 5433 1364 5497 Orellius.
1444 5433 1707 5496 Insertae
1775 5446 1921 5497 sunt
1993 5433 2584 5501 Animadversiones
2654 5434 2757 5498 Jo.

2205 5537 2241 5563 Ἢ

1078 5534 1268 5618 Casp.
1307 5535 1546 5599 orellii.
1586 5533 1806 5600 Turici
1842 5534 2026 5617 1824.
2064 5536 2200 5603 8νο.
2314 5540 2392 5603 In
2426 5534 2766 5604 Plotiniani

2057 532 2880 598 ANNOTATIONES

2950 532 3058 597 IN
3128 532 3574 597 PLOTINI

2855 704 3047 791 hujus
3088 703 3229 769 libri
3269 702 3622 768 recensione
3663 701 3817 766 nihil
3849 702 4133 767 codicum
4175 704 4327 768 MS.
4357 702 4540 767 adhi-

2855 807 2993 872 buit
3042 809 3113 872 J.
3173 809 3361 872 Conr.
3427 806 3722 885 Orellius,
3772 809 3807 870 ὁ
3874 807 4207 887 μακαρίτης,
4271 827 4384 870 nec
4441 806 4547 871 Jo.

2857 912 3048 998 Casp.
3084 911 3379 989 Orellius,
3407 909 3521 973 Vir
3546 908 3971 974 doctissimus:
4019 907 4245 996 adjecit
4268 908 4370 974 ille
4399 910 4547 972 Hu-

2843 1015 3039 1101 gonis
3071 1014 3279 1076 Grotii
3307 1012 3644 1076 versionem
3678 1011 3991 1076 Latinam.
4095 1010 4351 1076 Etenim
4384 1011 4547 1075 Gro-

2845 1115 2969 1180 tius
3000 1114 3227 1180 Latine
3255 1115 3539 1180 exhibuit
3573 1115 3743 1179 hunc
3780 1113 4013 1179 librum
4055 1112 4288 1180 Plotini
4326 1114 4392 1177 in
4424 1114 4538 1178 hoc

2842 1217 3088 1283 libello:
3153 1226 3197 1259 “
3227 1219 3746 1306 Philosophorum
3791 1219 4139 1283 Sententia
4174 1218 4249 1282 de
4279 1218 4445 1282 Fato
4486 1226 4546 1282 et

2849 1324 2925 1388 de
2951 1324 3070 1400 Eo,
3100 1323 3265 1411 quod
3294 1325 3364 1386 in
3395 1332 3616 1387 nostra
3644 1330 4079 1408 estpotestate,
4106 1318 4381 1386 collectae
4408 1340 4546 1407 par-

2849 1425 2956 1488 tim
2991 1440 3053 1489 et
3096 1425 3176 1489 de
3225 1425 3452 1490 Graeco
3481 1446 3673 1488 versae
3706 1445 3818 1509 per
3848 1424 4191 1508 Hugonem
4224 1421 4543 1486 Grotium.

2851 1527 3317 1594 Amsterodami
3348 1551 3451 1614 ap.
3487 1525 3658 1591 Lud.
3700 1525 4108 1590 Elzevirium.
4143 1548 4288 1590 ann.
4325 1524 4547 1606 1648.''

2845 1632 2908 1695 E
2960 1629 3401 1695 recentioribus
3455 1629 3695 1695 Graecis
3744 1628 4130 1716 philosophis
4179 1628 4309 1714 egit
4351 1627 4540 1692 etiam

2843 1733 2922 1798 de
2987 1735 3150 1799 Fato
3200 1735 3536 1798 Nemesim
3587 1735 3940 1797 Emesenus
3995 1755 4130 1819 cap.
4188 1731 4536 1796 XXXIV.

2848 1838 2982 1919 περὶ
3011 1836 3357 1919 εἱμαρμένης
3385 1850 3449 1901 et
3477 1859 3532 1900 c.
3567 1835 3919 1899 XXXVI.
3965 1835 4099 1917 περὶ
4143 1838 4242 1914 τῆς
4284 1838 4380 1899 διὰ
4422 1840 4538 1898 τῶν

2847 1941 3082 2022 ἄστρων
3113 1938 3476 2021 εἱμαρμένης.
3568 1936 3839 2025 Attingit
3866 1937 3980 2001 hos
4010 1935 4244 2002 Plotini
4271 1937 4352 2003 de
4377 1939 4543 2003 Fato

2846 2054 2909 2104 et
2937 2039 3017 2105 de
3047 2039 3451 2105 Providentia
3476 2038 3687 2117 libros,
3718 2062 3831 2104 nec
3860 2038 4065 2103 minus
4107 2040 4542 2128 Porphyriana

2851 2158 2910 2207 et
2944 2143 3326 2209 Iamblichea
3352 2142 3668 2229 disputata
3709 2141 3974 2208 Proclus
4010 2144 4074 2206 in
4117 2142 4318 2208 libro:
4377 2150 4424 2184 “
4439 2146 4541 2210 De

2852 2247 3267 2311 Providentia
3305 2256 3364 2310 et
3405 2248 3569 2310 Fato
3596 2255 3657 2310 et
3682 2268 3750 2309 eo
3777 2246 3941 2333 quod
3981 2249 4053 2310 in
4084 2247 4320 2324 nobi-s?
4349 2269 4536 2334 quem

2849 2373 2888 2413 a
2935 2347 3110 2414 Guil.
3164 2347 3244 2412 de
3306 2346 3620 2412 Morbeka
3679 2348 3904 2412 Latine
3947 2371 4312 2412 conversum
4369 2349 4542 2436 prior

2851 2452 3176 2517 Fabricius
3220 2451 3280 2515 in
3330 2450 3719 2515 Bibliotheca
3769 2452 3888 2515 Gr.
3929 2450 4368 2538 evulgaverat:
4419 2475 4538 2516 nu-

2845 2578 2956 2643 per
3001 2569 3209 2619 autem
3257 2552 3735 2618 emendatiorem
3784 2552 3981 2618 edidit
4021 2554 4081 2618 in
4129 2556 4343 2619 Procli
4383 2558 4539 2642 Ope·

2842 2661 3022 2723 ribus
3090 2661 3291 2722 Victor
3343 2658 3605 2734 cousin,
3652 2656 3748 2720 vir
3802 2656 4416 2744 intelligentissimuffi
4475 2675 4539 2726 et

2843 2761 3096 2847 quidem
3128 2759 3195 2823 in
3226 2762 3435 2823 Tomo
3462 2758 3683 2847 prime.
3717 2758 3969 2823 Parisiis
4002 2761 4182 2826 1820.
4262 2761 4542 2828 Platonis

2841 2863 3172 2928 sententias
3200 2862 3280 2927 de
3319 2864 3480 2927 Fato
3523 2878 3587 2927 et
3626 2860 3822 2926 libero
3865 2862 4121 2928 arbitrio
4154 2865 4216 2928 in
4248 2888 4539 2952 compen-

2840 2966 3014 3030 dium
3047 2965 3286 3053 redegit
3313 2964 3618 3029 Alcinous
3647 2964 3728 3028 de
3758 2965 4063 3029 Doctrina
4093 2965 4375 3032 Platonis
4397 2992 4535 3057 cap.

2843 3069 3111 3133 XXVI.
3172 3072 3272 3148 τῆς
3331 3067 3677 3150 εἱμαρμένης
3737 3068 3830 3132 καὶ
3891 3073 3997 3132 τοῦ
4054 3071 4324 3148 ἐξουσίου
4382 3071 4536 3154 πέρι.

2842 3170 3121 3235 Platonis
3148 3169 3416 3257 denique
3445 3185 3507 3234 et
3536 3169 3893 3234 Aristotelis
3934 3170 4014 3235 de
4044 3172 4209 3235 Fato
4236 3187 4300 3237 et
4336 3170 4537 3238 libero

2837 3272 3093 3339 arbitrio
3139 3273 3386 3339 decreta
3431 3273 3593 3338 inter
3632 3296 3695 3338 se
3744 3273 4008 3340 contulit
4052 3275 4333 3341 Jacobus
4379 3278 4538 3343 Car·

2835 3379 3157 3467 pentarius
3212 3379 3275 3442 in
3334 3377 3494 3442 libro
3551 3377 3895 3442 rarissimo:
3974 3386 4018 3418 “
4050 3378 4330 3444 Platonis
4390 3404 4536 3447 cum

2838 3483 3176 3548 Aristotele
3217 3482 3278 3545 in
3332 3481 3619 3546 universa
3660 3479 4054 3569 philosophia
4098 3485 4538 3571 oemparatiO.”

2837 3586 3089 3653 Parisiis
3126 3600 3308 3671 1573.
3341 3599 3466 3666 4to.
3498 3598 3657 3672 part.
3695 3585 3796 3648 11.
3830 3607 3892 3671 p.
3920 3586 4195 3669 73—86.

2925 3712 2987 3777 p.
3021 3707 3173 3770 4¹2,
3204 3707 3269 3773 3.
3330 3686 3454 3755 Τάς
3496 3712 3562 3751 τε
3608 3688 3907 3769 ἐνεργείας
3937 3688 4202 3752 ἑκάστων
4232 3690 4542 3759 ἀποδιδούς

2842 3791 3384 3879 τις-ἀποδιδόναι]
3435 3788 3635 3853 Haud
3682 3788 3841 3853 male
3883 3788 4077 3876 huJus
4120 3790 4236 3855 loci
4268 3791 4390 3856 vim
4423 3816 4532 3858 ex-

2841 3894 3062 3983 pressit
3093 3892 3370 3958 Ficinus.
3425 3893 3599 3956 Usus
3627 3905 3838 3956 autem
3869 3892 4042 3956 verbi
4071 3895 4416 3960 ὰποὸιδόναι
4445 3912 4539 3962 est

2845 3997 3224 4063 PlatonicuS.
3316 3993 3571 4059 Phaedr.
3605 3996 3661 4078 ξ.
3688 4013 3790 4079 29.
3818 4018 3882 4082 p.
3915 4012 4057 4080 237.
4094 3997 4168 4059 C.
4212 3998 4289 4064 ὥς
4314 3999 4422 4063 οὖν
4453 4002 4536 4064 εἰ-

2844 4103 3008 4169 δότες
3034 4102 3103 4164 οὗ
3131 4102 3617 4180 διομολογοῦνται
3648 4099 3715 4161 ἑν
3744 4099 3897 4180 ἀρχῇ
3938 4101 4037 4176 τῆς
4066 4098 4357 4181 σκέψεως,
4390 4127 4536 4183 προ-

2846 4206 3123 4271 ελθόντες
3152 4205 3216 4267 δὲ
3246 4202 3313 4265 τὸ
3346 4200 3498 4268 εἰκὸς
3525 4202 3929 4264 ἀποδιδόασιν.
3977 4199 4276 4266 exhibent
4304 4226 4351 4267 S.
4387 4204 4538 4269 faci-

2843 4319 2979 4382 unt,
3011 4304 3183 4391 quod
3213 4317 3456 4391 poterat
3484 4302 3848 4389 exspectari.
3899 4302 4146 4368 Theaet.
4181 4327 4244 4391 p.
4279 4325 4418 4392 175.
4447 4308 4533 4371 D.

2840 4407 3024 4473 πάλιν
3054 4407 3127 4470 αὖ
3164 4408 3238 4469 τὰ
3278 4406 3648 4487 ἀντίστροφα
3693 4407 4099 4480 ἀποδιδόασιν,
4139 4406 4334 4473 simile
4378 4432 4540 4496 prae-

2840 4511 2994 4575 bent
3039 4506 3501 4595 spectaculum;
3552 4506 3662 4572 ubi
3710 4507 3836 4572 vid.
3890 4508 4233 4574 Heindorf.
4288 4534 4350 4597 p.
4384 4515 4534 4597 398.

2847 4609 3216 4677 Aristoteles
3260 4635 3323 4673 π.
3375 4610 3535 4686 ζώων
3579 4635 3784 4691 γενεσ.
3822 4611 3875 4673 I.
3919 4611 4017 4674 18.
4066 4634 4129 4698 p.
4169 4614 4312 4694 176.
4359 4612 4533 4700 Sylb.

2846 4714 3194 4780 ἀποδιδόασι
3238 4715 3354 4795 γὰρ
3402 4715 3498 4776 διὰ
3540 4717 3788 4776 πολλῶν
3827 4718 4021 4794 γενῶν
4070 4717 4132 4777 αἱ
4180 4716 4535 4796 ὁμοιότητες,

2847 4819 2976 4883 οἷον
3018 4817 3113 4880 καὶ
3156 4818 3223 4880 ἐν
3242 4812 3454 4878 Ἤλιδι
3493 4816 3528 4894 ἡ
3572 4818 3652 4901 τῷ
3701 4815 3939 4878 Αἰθίοπι
3986 4816 4422 4899 συγγενομένη·
4470 4820 4539 4884 οὗ

2840 4924 2955 5004 γὰρ
2993 4920 3030 4998 ἡ
3074 4917 3330 5000 θυγάτηρ
3377 4916 3616 4998 ἐγένετο
3665 4916 3801 4982 ἀλλ’
3834 4920 3868 4980 ὁ
3918 4920 3982 4981 ἐκ
4029 4921 4238 4999 ταύτης
4287 4923 4532 5007 Αἰθίοψ,

2845 5020 2951 5086 ubi
3001 5032 3097 5085 est
3148 5035 3465 5097 neutrum,
3515 5017 3949 5084 similitudines
4002 5020 4287 5100 redeunt,
4335 5045 4542 5089 rever-

2842 5139 3064 5191 tuntur
3094 5125 3204 5208 (sc.
3239 5146 3397 5210 quas
3435 5123 3516 5186 ab
3544 5121 3722 5187 initio
3768 5123 4221 5210 exspectabas).
4319 5127 4395 5190 In
4445 5127 4540 5192 his

2843 5227 3134 5293 omnibus
3162 5225 3431 5290 tenenda
3458 5242 3605 5290 sunt
3635 5225 3767 5290 haec
3800 5226 4277 5312 Wyttenbacbii
4307 5230 4386 5293 ad
4414 5231 4538 5295 Ju-

2846 5329 2991 5393 liani
3023 5331 3198 5393 Orat.
3239 5329 3296 5392 I.
3331 5343 3522 5415 p.57.
3553 5351 3645 5415 sq.
3691 5350 3756 5414 p.
3793 5346 3935 5391 210.
3983 5326 4082 5392 ed.
4118 5329 4320 5417 Lips.:
4372 5342 4416 5371 ‘⁶
4450 5332 4539 5397 Il-

2847 5431 2960 5496 lud
3006 5454 3129 5496 non
3175 5429 3446 5494 alienum
3494 5429 3573 5493 sit
3620 5451 3867 5493 monere
3899 5428 4079 5509 hanc,
4109 5430 4189 5495 de
4217 5455 4348 5519 qua
4378 5457 4545 5500 nunc

2849 5533 3114 5621 agimus,
3147 5531 3653 5619 significationem
3698 5530 4016 5613 (nimirum
4064 5534 4404 5621 explicare,
4450 5560 4546 5602 re-
