5118 6613
1418 483 1619 548 LIB.
1668 483 1725 548 I.
1773 481 2234 548 ENNEAD.
2286 482 2750 560 QUINTAE.
2797 504 2860 569 p.
2893 502 3256 571 910—913.

609 657 795 743 phus,
844 655 912 720 id
961 654 1132 743 quod
1177 653 1466 720 Plotinus
1513 655 1757 738 (nostro
1798 654 1962 740 loco)
2010 670 2295 736 testatur,

608 758 849 824 tertiam
898 781 1219 847 personam
1262 760 1329 824 ἓν
1358 761 1453 824 καὶ
1495 760 1707 834 πάντα,
1748 783 1945 823 unum
1986 770 2045 824 et
2086 763 2298 824 omnia

610 862 892 951 (proprie
934 863 1001 927 ἓν
1031 864 1128 927 καὶ
1165 866 1386 937 πολλὰ,
1430 886 1624 927 unum
1672 872 1731 927 et
1769 863 1997 947 multa)
2031 863 2295 942 vocavit,

608 982 677 1030 ut
720 964 864 1053 plus
891 988 1027 1030 eam
1057 965 1284 1029 habere
1315 965 1748 1030 vicissitudinis
1775 980 1838 1030 et
1882 965 2298 1031 multitudinis

607 1067 1035 1156 significaret.”

693 1193 756 1257 p.
786 1189 936 1255 912,
967 1191 1028 1256 3.
1073 1168 1632 1253 Ἀναξαγόρας-τὸ
1677 1171 1774 1259 ἓν]
1827 1171 2181 1259 Simplicius
2231 1172 2294 1236 in

615 1271 966 1337 Aristotelis
1013 1271 1239 1359 Physs.
1288 1294 1352 1358 p.
1384 1291 1492 1356 33.
1538 1271 1603 1335 b.
1657 1271 1792 1336 haec
1838 1273 2029 1337 verba
2082 1273 2298 1338 Ionica

607 1377 1009 1461 Anaxagoroe
1047 1373 1296 1438 laudat:
1345 1374 1378 1437 ὃ
1410 1376 1474 1438 δὲ
1505 1379 1657 1449 νοῦς,
1690 1376 1808 1438 ὅσα
1839 1378 1974 1441 ἐστί
1994 1401 2061 1441 τε
2092 1377 2292 1458 κάρτα,

609 1479 703 1543 καὶ
732 1483 839 1542 νῦν
868 1479 1054 1552 ἐστιν,
1088 1479 1185 1542 ἵνα
1216 1478 1311 1541 καὶ
1339 1480 1414 1542 r&
1441 1478 1604 1541 ἄλλα
1642 1477 1856 1552 πάντα,
1891 1481 1957 1542 ἐν
1986 1484 2065 1566 τῷ
2093 1484 2298 1544 πολλὰ

604 1582 961 1665 περιέχοντι,
1013 1581 1108 1644 καὶ
1155 1582 1222 1645 ἐν
1270 1587 1394 1647 τοῖς
1438 1585 1863 1662 προσ-κριθεῖσι,
1912 1583 2006 1646 καὶ
2059 1585 2125 1646 ἐν
2175 1589 2299 1650 τοῖς

606 1683 1099 1767 ἀποκεκριμένοις.
1182 1685 1261 1747 In
1291 1682 1408 1747 hoc
1437 1682 1573 1747 loco
1600 1683 1879 1747 certatim
1910 1683 2298 1750 desudarunt

609 1789 834 1863 Carus,
892 1786 1178 1851 Ritterus
1234 1799 1297 1849 et
1358 1785 1845 1851 SchaubachiuS.
1918 1787 2062 1852 Vid.
2105 1787 2298 1877 hujus

610 1891 1027 1978 Anaxagorae
1059 1890 1443 1953 Chzzomem'i
1489 1890 1888 1978 Fragmenta
1928 1914 1992 1979 p.
2026 1911 2166 1978 137.
2201 1916 2293 1979 sq.

606 1992 718 2079 qui
749 1992 950 2057 varias
976 1989 1111 2055 illas
1138 1993 1524 2079 conjecturas
1550 1992 1823 2057 exhibet.
1918 1996 2122 2058 Nemo
2150 2018 2299 2060 vero

609 2095 801 2161 nostri
845 2094 1200 2183 philosophi
1242 2095 1433 2159 verba
1475 2095 1811 2174 consuluit,
1849 2120 1995 2184 quae
2036 2097 2155 2163 illis
2198 2099 2294 2164 lu-

607 2221 739 2263 cem
769 2199 1061 2263 afferunt.
1140 2200 1303 2263 Sunt
1331 2213 1538 2263 autem
1568 2201 1985 2289 comparanda
2007 2225 2147 2266 curn
2178 2203 2300 2268 alio

607 2300 744 2366 loco
788 2300 1014 2366 Plotini
1050 2325 1112 2389 p.
1155 2303 1293 2367 162.
1327 2301 1435 2366 ubi
1466 2302 1648 2367 dicit:
1699 2305 2158 2392 Anaxagoram,
2187 2308 2297 2393 qui

610 2404 947 2469 mixturam
980 2421 1171 2490 ponat
1211 2428 1436 2491 aquam
1468 2430 1620 2483 esse,
1653 2430 1856 2493 neque
1885 2407 2298 2496 aptitudinem

608 2529 743 2571 eam
767 2508 1055 2593 (aquam)
1076 2507 1241 2571 dicat
1255 2507 1334 2571 ad
1360 2508 1587 2589 omnia,
1604 2512 1712 2574 sed
1727 2512 1983 2575 eandem
2011 2513 2297 2598 (aquam)

609 2620 755 2676 actu
797 2612 1013 2675 omnia
1050 2612 1385 2688 continere,
1418 2613 1628 2676 tollere
1665 2623 1947 2692 mentem,
1974 2637 2163 2702 quam
2190 2617 2296 2678 in-

609 2713 985 2792 troduxerit,
1019 2716 1128 2778 διο.
1221 2714 1414 2779 Unde
1441 2713 1831 2803 intelligitur,
1865 2719 2297 2805 Anaxagoram

609 2816 820 2903 aliquo
849 2817 983 2881 loco
1019 2816 1105 2881 sic
1142 2814 1422 2882 locutum
1468 2841 1620 2898 esse,
1652 2842 1723 2883 ac
1762 2820 1812 2884 si
1855 2830 2114 2885 mentem
2152 2831 2298 2887 actu

607 2922 819 2985 omnia
856 2921 1366 3008 comprehendere
1406 2931 1668 2999 statuat,
1704 2922 1766 2987 in
1815 2922 1928 2987 hac
1959 2946 2106 2987 vero
2148 2923 2294 2988 doc-

607 3023 769 3087 trina
798 3023 913 3087 sibi
944 3046 1166 3111 parum
1196 3023 1557 3090 constitisse.
1628 3025 1813 3091 Unde
1840 3024 1930 3089 illi
1949 3027 2299 3113 fragmento

608 3124 825 3201 facilis,
857 3124 907 3190 si
950 3125 1104 3213 quid
1137 3126 1338 3205 video,
1372 3139 1434 3191 et
1478 3129 1829 3194 emendatio
1864 3143 1926 3194 et
1969 3129 2300 3217 explicatio

609 3244 900 3317 paratur:
949 3232 982 3294 ὁ
1014 3232 1078 3294 δὲ
1102 3234 1238 3298 νοῦς
1265 3231 1385 3295 ὅσα
1414 3233 1562 3306 ἐστὶ,
1591 3234 1727 3297 ἐστί
1747 3259 1814 3297 τε
1839 3232 2204 3317 κάρτα-καὶ
2233 3235 2301 3300 ἓν

610 3339 734 3401 τοῖς
758 3338 1166 3416 προσκριθεῖσι
1197 3335 1291 3398 καὶ
1322 3335 1389 3399 ἓν
1407 3341 1530 3402 τοῖς
1547 3337 2023 3419 ἆποκεκριμένοις
2042 3364 2061 3401 .·
2107 3339 2196 3402 M
2190 3360 2301 3404 cns

614 3458 759 3501 vero
786 3458 1160 3524 quaecunque
1187 3446 1300 3516 est,
1327 3438 1459 3523 (ea)
1490 3448 1583 3503 est
1601 3440 1780 3503 valde
1803 3449 1863 3503 et
1890 3464 2060 3505 nunc
2085 3442 2297 3525 (etiam

612 3543 809 3623 nunc)
840 3548 956 3619 est,
988 3538 1093 3604 ubi
1129 3542 1274 3623 (ἵνα,
1308 3542 1438 3619 ubi,
1466 3555 1538 3605 ut
1566 3564 1667 3628 ap.
1696 3542 1980 3607 Ionicum
2013 3545 2302 3609 Herodo-

612 3659 746 3708 tum
782 3643 838 3707 Ι.
871 3644 975 3728 98.
1022 3657 1083 3707 et
1128 3643 1385 3729 passim)
1426 3653 1485 3708 et
1520 3646 1764 3733 reliqua
1806 3648 2021 3710 omnia
2068 3648 2298 3733 (sunt),

613 3746 966 3830 (nimirum)
1007 3749 1079 3810 in
1112 3770 1188 3812 ea
1233 3749 1497 3831 (mente)
1529 3771 1670 3836 quae
1711 3750 1909 3814 multa
1956 3753 2296 3838 complecti-

609 3859 740 3929 tur,
769 3859 830 3914 et
856 3873 1057 3914 unum
1092 3850 1246 3933 (sive
1282 3850 1510 3933 unitas)
1546 3867 1638 3916 est
1666 3866 1728 3915 et
1755 3875 1953 3916 unum
1982 3855 2300 3937 adjunctis

614 3954 685 4036 (i.
711 3977 764 4018 e.
813 3952 1031 4018 ceteris
1072 3953 1465 4040 corporibus)
1511 3965 1570 4019 et
1611 3957 1910 4041 sejunctis
1959 3956 2298 4038 (elementis

609 4056 651 4121 i.
676 4079 733 4121 e.
764 4078 939 4120 mens
968 4080 1114 4143 quae
1158 4071 1301 4121 actu
1336 4057 1543 4121 omnia
1586 4056 1883 4136 continet,
1916 4058 2172 4124 unitatis
2206 4061 2294 4123 vi-

610 4183 740 4226 cem
771 4174 1025 4248 praestat
1052 4160 1241 4224 rebus
1260 4159 1550 4224 omnibus
1577 4182 1718 4224 cum
1750 4160 2133 4249 piimigeniis
2162 4177 2294 4227 tum

612 4261 989 4329 secundariis
1017 4277 1081 4327 et
1107 4261 1347 4348 fluxis.)

690 4403 781 4415 —-
808 4367 871 4429 6.
912 4369 1012 4451 Τῷ
1040 4367 1104 4429 δὲ
1131 4363 1530 4445 Ἐμπεδοκλεῖ
1550 4367 1618 4430 τὸ
1647 4369 1758 4447 μὲν
1789 4373 1980 4435 νεῖκος
2007 4373 2299 4451 διαιρεῖ-

609 4468 855 4557 ὦςῦλη]
903 4467 1164 4534 Correxi
1206 4467 1371 4533 hunc
1415 4469 1619 4535 locum
1664 4470 1891 4558 partim
1939 4494 2014 4535 ex
2058 4471 2299 4559 Cyrillo

607 4571 754 4636 adv.
794 4568 1036 4635 Julian.
1083 4593 1142 4657 p.
1175 4573 1282 4655 67.
1317 4573 1396 4636 C.
1443 4572 1664 4659 partim
1713 4595 1791 4637 ex
1832 4571 2005 4637 libris
2047 4574 2292 4640 nostris,

612 4674 899 4741 Sturzius
940 4673 1004 4739 in
1045 4674 1427 4762 Empedocle
1469 4699 1531 4763 p.
1567 4694 1709 4760 227.
1754 4699 1868 4763 pro
1901 4677 1969 4741 τὸ
2000 4677 2086 4752 ἓν,
2119 4677 2292 4763 quod

607 4779 669 4845 in
700 4778 962 4867 vulgata
988 4792 1102 4855 est,
1121 4793 1186 4842 et
1213 4777 1344 4865 ipse
1367 4778 1615 4866 conjicit
1646 4782 1776 4844 ἑνοῖ
1791 4778 1889 4842 vel
1918 4784 2080 4843 ποιεῖ
2106 4780 2173 4844 ἓν
2198 4780 2289 4845 vel

608 4882 673 4947 δδ
702 4883 995 4964 διαιρεθὲν
1024 4884 1171 4945 ἑνοῖ.
1265 4880 1436 4945 Illud
1480 4881 1748 4969 primum
1795 4881 2120 4945 confirmat
2165 4882 2291 4970 Cy-

603 4982 801 5049 rillus.
889 4982 1135 5047 Deinde
1176 4981 1339 5046 idem
1369 4982 1465 5046 vir
1506 4982 1727 5047 doctus
1756 4982 2082 5070 vulgatum
2126 4985 2286 5048 ἀσώ-

605 5113 793 5168 ματον
823 5087 917 5151 καὶ
947 5086 1120 5154 αὐτὸς
1146 5091 1318 5150 τοῦτο
1345 5086 1434 5150 ita
1470 5085 1778 5173 integrare
1808 5085 1966 5164 vult,
1999 5100 2068 5150 ut
2113 5085 2291 5152 intel-

605 5189 834 5278 ligatur
860 5191 1100 5254 τίθεται.
1179 5187 1401 5276 Cyrilli
1430 5202 1638 5253 autem
1663 5187 1845 5252 lectio
1874 5187 1990 5251 hac
2016 5212 2136 5276 ope
2165 5211 2287 5253 non

606 5292 861 5379 indiget.
952 5297 997 5331 “
1027 5293 1479 5378 Iri-corporeum
1515 5301 1724 5355 autem
1762 5292 1951 5355 etiam
1981 5292 2051 5355 id
2076 5293 2288 5380 ipsum

608 5395 774 5475 (αὐτὸ
804 5418 885 5459 sc.
917 5396 1099 5480 est.)”
1162 5395 1324 5459 Haec
1352 5395 1483 5460 duo
1499 5418 1648 5459 vero
1677 5393 2081 5482 Empedoclis
2108 5395 2282 5482 prin-

602 5496 757 5585 cipia
784 5498 867 5563 ab
892 5497 1029 5562 aliis
1054 5496 1316 5586 ipsoque
1339 5497 1592 5564 Plotino
1617 5498 1699 5562 ad
1730 5496 2091 5585 incorporea
2112 5520 2288 5563 revo-

3949 500 4069 565 279

2381 671 2642 720 cantur:
2691 655 2773 719 ab
2827 653 2963 718 aliis
3016 653 3098 718 ad
3155 652 3496 733 materiam,
3540 653 3801 745 docente
3852 653 4067 719 eodem

2388 757 2637 822 Sturzio
2689 756 2937 821 ibidem.
3030 759 3323 822 Ceterum
3382 757 3462 821 cf.
3524 780 3714 844 supra
3775 759 3870 821 ΙΙ.
3911 779 3970 839 4.
4008 777 4066 841 7.

2383 884 2446 948 p.
2475 863 2613 926 162.
2652 859 2804 948 ibiq.
2835 863 3102 924 Annott.
3133 874 3196 925 et
3229 861 3597 926 Heraclitea
3634 860 3803 948 quod
3850 860 4070 926 attinet

2383 985 2448 1050 p.
2475 982 2577 1047 97.
2612 964 2694 1026 D.
2723 986 2863 1028 cum
2896 977 3131 1027 annott.
3164 985 3228 1050 p.
3251 964 3401 1045 468.
3433 965 3510 1028 C.
3541 982 3695 1049 473.
3728 967 3812 1027 A.
3837 987 3889 1028 c.
3910 982 3971 1049 5.
4006 981 4068 1028 et

2382 1090 2443 1155 P·
2470 1085 2620 1151 497·
2653 1067 2728 1130 B-

2467 1209 2554 1220 —-—
2586 1171 2644 1234 8.
2691 1170 3113 1253 Ἀριστοτέλης
3140 1172 3205 1233 δὲ
3247 1197 3298 1234 κ.
3321 1195 3373 1234 τ.
3398 1171 3488 1256 λ.]
3539 1169 3683 1233 Vid.
3715 1168 4071 1235 Aristotelis

2384 1272 2780 1360 Metaphyss.
2810 1273 2928 1337 VI.
2963 1296 3024 1361 p.
3060 1273 3199 1337 128.
3235 1296 3326 1358 sq.
3356 1271 3455 1337 ed.
3503 1272 3792 1337 Brandis.
3824 1288 3888 1337 et
3932 1274 4068 1338 XI.

2381 1398 2448 1462 p.
2474 1394 2619 1460 257.
2652 1399 2742 1462 sq.
2778 1375 2916 1457 (ubi
2948 1376 3130 1440 etiam
3171 1373 3251 1438 de
3296 1375 3698 1463 Empedoclis
3726 1390 3789 1440 et
3821 1375 4069 1440 Anaxa-

2381 1500 2551 1564 gorae
2582 1477 2926 1566 principiis)
2960 1477 3203 1565 Taylor
3241 1477 3323 1542 ad
3361 1492 3646 1542 nostrum
3675 1477 3879 1543 locum
3910 1477 4070 1543 banc

2381 1581 2954 1646 annotatiunculam
3014 1580 3372 1669 adscripsit:
3420 1590 3466 1622 ‘⁴
3504 1581 3806 1647 Aristotle
3859 1581 3924 1646 in
3974 1582 4073 1647 his

2384 1683 2660 1771 writings
2687 1683 2992 1749 ascended
3022 1708 3102 1748 no
3132 1684 3354 1771 higher
3369 1685 3518 1750 than
3551 1685 3657 1750 the
3685 1684 4069 1774 intelligible,

2382 1787 2503 1851 and
2552 1787 2676 1851 this
2721 1787 2863 1851 with
2910 1786 3039 1851 him
3084 1787 3136 1852 is
3179 1788 3285 1852 the
3325 1788 3461 1854 first
3504 1788 3823 1877 principle.
3916 1790 4068 1854 And

2383 1890 2653 1978 perhaps
2681 1890 2804 1953 this
2851 1913 2970 1954 was
3006 1890 3268 1955 because
3303 1891 3384 1957 he
3420 1891 3596 1955 knew
3630 1892 3766 1956 that
3809 1892 3916 1958 the
3959 1915 4068 1957 na-

2385 2009 2545 2069 ture,
2570 1993 2765 2058 which
2790 1993 2842 2057 is
2871 1993 3116 2081 beyond
3143 1993 3248 2057 the
3269 1992 3654 2081 intelligible,
3685 1996 3737 2058 is
3765 1995 4069 2083 perfectly

2382 2093 2669 2160 ineffable
2700 2095 2823 2160 and
2856 2095 3193 2174 unknown,
3226 2096 3351 2161 and
3380 2097 3686 2161 therefore
3721 2097 4071 2185 accurately

2385 2198 2703 2287 speaking,
2734 2199 2785 2262 is
2813 2222 2963 2263 even
2996 2198 3245 2286 beyond
3271 2198 3633 2286 principle.”

2471 2326 2532 2389 p.
2561 2322 2708 2388 913,
2742 2305 2798 2366 8.
2847 2301 3369 2386 καὶ-ὁμονοήσει]
3422 2303 3526 2365 Ex
3571 2302 3855 2390 proxime
3914 2327 4071 2390 prae-

2384 2404 2747 2469 cedentibus
2803 2403 3133 2491 cogitando
3190 2404 3596 2492 repetendum
3646 2422 3737 2470 est
3796 2408 4072 2473 ἕκαστον.

2390 2507 2809 2596 Sequentibus
2829 2533 2843 2572 :
2892 2508 3344 2589 Πυθαγόρου-
3362 2510 4073 2592 Φερεκύδους-ἀφεῖσαν

2385 2612 2614 2677 adhibe
2655 2611 3003 2699 Josephum
3049 2625 3264 2675 contra
3295 2611 3526 2698 Apion.
3562 2614 3619 2677 1.
3654 2636 3715 2701 p.
3757 2633 3938 2700 1034.
3968 2616 4066 2679 E:

2384 2717 2519 2784 τοὺς
2546 2717 2682 2799 περὶ
2717 2722 2835 2781 τῶν
2875 2716 3163 2797 οὐρανίων
3190 2741 3257 2779 τε
3302 2716 3395 2780 καὶ
3434 2718 3609 2781 θείων
3637 2720 3898 2800 πρώτους
3932 2718 4067 2800 παρ’

2374 2818 2644 2901 Ἕλλησι
2686 2818 3239 2902 φιλοσοφήσαντας,
3270 2821 3400 2883 οἶον
3438 2823 3774 2904 Φερεκύδην
3808 2822 3915 2887 τὸν
3957 2826 4071 2889 Σύ-

2381 2949 2534 3007 ριον,
2568 2925 2664 2987 καὶ
2692 2924 3073 3005 Πυθαγόραν,
3102 2924 3198 2986 καὶ
3227 2921 3480 3003 Θάλητα
3507 2923 3725 2992 πάντες
3745 2929 4076 3009 συμφώνως

2384 3029 2786 3110 ὁμολογοῦσιν
2829 3029 3167 3109 Αἰγυπτίων
3213 3026 3307 3090 καὶ
3352 3029 3672 3092 Χαλδαίων
3716 3030 4073 3111 γενομένους

2383 3129 2662 3210 μαθητάς,
2688 3131 2868 3213 ὀλίγα
2895 3129 3267 3212 συγγράψαι.
3316 3132 3417 3194 καὶ
3433 3135 3618 3195 ταῦτα
3636 3129 4070 3214 τοῖς”Ελλησιν

2387 3232 2538 3298 εἶναι
2567 3238 2762 3298 δοκεῖν
2788 3232 3028 3298 πάντων
3057 3234 3435 3316 ἀρχαιότατα,
3470 3233 3564 3297 καὶ
3599 3236 3773 3314 μόλις
3811 3237 3959 3301 αὐτὰ
3986 3262 4078 3301 m·

2387 3340 2703 3402 στεύουσιν
2743 3335 2839 3401 ὑπ’
2874 3338 3113 3401 ἐκείνων
3141 3335 3497 3419 γεγράφθαι.
3574 3336 3718 3400 Vid.
3753 3338 4070 3403 Sturzium

2385 3439 2468 3503 ad
2511 3438 2892 3526 Pherecydis
2923 3440 3243 3525 Fragmm.
3278 3440 3337 3522 ξ.
3369 3441 3430 3502 6.
3461 3461 3527 3526 p.
3556 3441 3657 3504 26.
3688 3439 3788 3503 ed.
3818 3441 3925 3506 alt.
3959 3464 4072 3506 nec

2388 3541 2721 3606 Plotiniani
2776 3539 2892 3605 loci
2937 3539 3436 3605 oblitum—Sed
3483 3540 3546 3603 in
3592 3541 3797 3606 verbis
3840 3542 4074 3608 Plotini

2382 3645 2652 3711 residere
2681 3645 2930 3709 videtur
2960 3643 3220 3721 macula,
3244 3666 3435 3729 quam
3464 3643 3572 3723 sic,
3593 3644 3836 3733 opinor,
3866 3646 4068 3713 elues:

2386 3753 2444 3815 οἱ
2471 3749 2736 3829 μάλιστα
2774 3748 3249 3826 συντασσόμενοι
3292 3747 3364 3810 αὖ
3398 3752 3520 3814 τοῖς
3558 3750 3912 3831 Πυθαγόρου
3942 3778 3991 3814 κ.
4012 3778 4067 3814 τ.

2385 3862 2449 3917 λ.
2541 3853 2734 3917 Initio
2761 3851 2979 3939 capitis
3010 3849 3295 3915 Plotinus
3332 3849 3740 3939 intelligibilia
3773 3852 4074 3941 principia

2383 3971 2707 4022 enumerat
2735 3978 2812 4019 ex
2846 3961 3244 4041 Anaxagorae
3274 3952 3702 4040 Heraclitique
3730 3971 3791 4020 et
3836 3958 4071 4045 Empe·
4105 4021 4111 4028 ,

2384 4058 2577 4124 doclis
2621 4058 2878 4145 scriptis
2968 4056 3217 4122 Deinde
3248 4056 3603 4121 Aristotelis
3628 4058 3932 4148 principia
3961 4084 4067 4125 ex-

2383 4163 2637 4227 aminat.
2729 4164 2873 4228 Jam
2903 4159 2982 4225 ad
3013 4184 3117 4224 eos
3146 4159 3547 4248 philosophos
3574 4161 3756 4241 redit,
3788 4163 3898 4249 qui
3929 4179 4072 4230 ante

2385 4265 2786 4331 Aristotelem
2818 4288 2882 4329 se
2904 4287 3140 4343 rursus,
3168 4263 3547 4350 Pythagoroe
3571 4264 4073 4353 Pherecydisque

2384 4367 2625 4456 placitis
2653 4366 3097 4456 applicuerant.
3165 4366 3466 4445 Proinde,
3492 4379 3635 4444 art.,
3666 4370 3777 4454 qui
3803 4389 3884 4432 eoe
3912 4380 4068 4434 vete-

2383 4473 2563 4536 ribus
2604 4493 2669 4536 se
2702 4472 2975 4535 maxime
3016 4477 3391 4555 componunt
3426 4490 3657 4533 rursus
3697 4472 3784 4534 ad
3824 4472 4069 4539 decreta

2384 4576 2776 4662 Pythagorae
2825 4574 2924 4657 (αὖ
2963 4579 3082 4639 τοῖς
3127 4573 3484 4653 Πυθαγόρου
3526 4595 3607 4635 sc.
3643 4575 3963 4656 δόγμασιν)
4009 4589 4069 4643 et

2379 4698 2616 4756 eorum,
2643 4678 2753 4764 qui
2779 4684 2924 4762 post
2960 4696 3099 4738 eum
3117 4674 3431 4760 fuerunt,
3461 4683 3521 4738 et
3557 4696 3703 4738 vero
3752 4678 3912 4764 (ejus
3955 4682 4065 4767 qui

2378 4794 2522 4844 ante
2550 4802 2695 4843 eum
2727 4778 2873 4859 fuit)
2909 4777 3309 4863 Pherecydi&
3335 4779 3445 4841 διο.
3523 4776 3701 4840 Idem
3727 4778 3822 4842 vel
3854 4781 4066 4846 similis

2380 4881 2554 4946 verbi
2585 4879 2963 4968 significatus
2992 4896 3085 4945 est
3113 4880 3177 4944 in
3206 4879 3301 4943 his
3340 4879 3771 4967 Xenophontis
3811 4883 4060 4950 Hellen.

2382 4987 2521 5050 ῙῙῙ.
2555 5004 2619 5070 3.
2651 5001 2712 5066 7.
2759 4986 2818 5048 οἱ
2847 4983 3308 5065 συντεταγμένοι
3341 4984 3503 5064 ἡμῶν
3535 4983 3782 5069 (Steph.
3816 4985 4062 5053 volebat

2374 5089 2542 5172 ἡμῖν)
2597 5089 2707 5175 qui
2743 5088 3213 5174 conepiramnt,
3260 5089 3700 5173 conjurarunt.
3771 5090 3831 5152 Ι.
3867 5090 4057 5155 Esdr.

2379 5191 2482 5255 II.
2519 5193 2614 5254 16.
2661 5191 2861 5253 λοιποὶ
2904 5191 2962 5253 οἱ
3002 5190 3228 5256 τούτοις
3270 5191 3761 5270 συντασσόμενοι,
3807 5192 4057 5280 reliqui,

2371 5296 2482 5381 qui
2510 5316 2652 5358 cum
2679 5293 3139 5379 hissaciebant.
3232 5291 3367 5356 Nec
3399 5292 3641 5357 abludit
3674 5293 3843 5357 verbi
3874 5296 3966 5360 vis
3994 5298 4058 5362 in

2372 5396 2828 5463 constructione
2856 5417 2998 5459 cum
3038 5397 3202 5477 πρός.
3278 5395 3602 5460 Iamblich.
3641 5397 3718 5459 V.
3746 5397 3822 5460 P.
3852 5420 3916 5485 p.
3946 5420 4051 5483 72.

2374 5501 2567 5565 Kust.
2587 5498 2669 5562 de
2696 5496 3106 5585 Pythagoreis
3132 5522 3144 5561 :
3181 5498 3277 5561 καὶ
3305 5500 3338 5562 ὁ
3359 5501 3495 5578 βίος
3523 5499 3716 5566 αὐτοῖς
3737 5498 3888 5568 ἅπας
3909 5527 4050 5568 συν-

3705 5603 3712 5636 l
