5118 6613
1049 545 1128 608 72
2011 521 2832 589 ANNOTATIONES
2898 523 3008 586 IN
3072 520 3517 587 PLOTINI

1046 720 1159 779 χει.
1204 700 1258 758 T
1261 698 1299 759 ἀ
1341 698 1489 777 γοῦν
1519 696 1759 759 ἐναντία
1801 694 2033 762 πάντως
2072 697 2140 758 ἐν
2182 694 2543 780 ὑποκειμένῳ
2589 697 2735 760 ὄντα

1047 798 1154 876 τὴν
1180 797 1379 880 μάχην
1406 803 1678 862 ποιεῖται·
1710 798 1858 861 οὕτω
1886 800 2002 880 γὰρ
2031 797 2097 860 τὸ
2125 796 2366 880 ψυχρὸν
2395 799 2490 861 καὶ
2518 797 2734 879 θερμὸν

1053 900 1239 981 (cod.
1277 902 1463 964 Mon.
1494 919 1599 986 99.
1631 899 1874 963 inverso
1900 897 2117 963 ordine
2145 925 2197 963 τ.
2225 904 2282 963 θ.
2315 927 2367 962 κ.
2390 900 2494 981 ψ.)
2532 899 2734 963 ἕνεκεν

1046 1004 1432 1084 ὑποκειμένου
1459 1004 1767 1087 μάχονται.
1796 1003 2086 1083 βούλεται
2114 1005 2229 1084 γὰρ
2259 1002 2326 1066 ἓν
2355 1003 2451 1065 καὶ
2480 1002 2735 1066 ἕκαστον

1057 1107 1309 1187 (Monn.
1345 1107 1412 1170 ἓν
1441 1106 1715 1187 ἕκαστον)
1751 1109 1856 1170 τοῦ
1897 1106 2087 1169 ἄλλου
2115 1104 2182 1168 τὸ
2209 1107 2594 1183 ὑποκείμενον
2622 1112 2731 1167 λα-

1048 1215 1205 1289 βεῖν·
1250 1208 1318 1271 τὸ
1346 1206 1587 1290 ψυχρὸν
1618 1206 1762 1288 (γὰρ
1789 1204 2035 1270 addunt
2067 1207 2327 1291 Monn.)
2362 1208 2602 1271 σπεύδει
2628 1233 2730 1287 με·

1050 1309 1383 1390 ταβάλλειν
1409 1308 1475 1371 τὸ
1505 1308 1722 1390 θερμὸν
1752 1311 1834 1375 εἰς
1860 1309 2119 1391 ψυχρόν.
2157 1309 2411 1392 (Monn.
2442 1334 2497 1372 τ.
2519 1314 2577 1373 θ.
2597 1335 2658 1388 μ.
2682 1335 2733 1373 ε.

1050 1417 1154 1495 ψ.)
1205 1410 1443 1498 Attigit
1483 1410 1619 1475 haec
1660 1410 1875 1474 eadem
1904 1410 2090 1473 etiam
2135 1410 2282 1475 alibi
2310 1410 2542 1490 David,
2571 1410 2734 1474 utin

1055 1514 1313 1579 Scholiis
1355 1513 1419 1577 in
1465 1512 1727 1578 Aristot.
1764 1514 2027 1600 Categg.
2076 1536 2214 1600 cap.
2251 1514 2388 1578 III.
2432 1516 2487 1598 ξ.
2528 1514 2627 1577 18.
2674 1527 2737 1578 et

1049 1640 1186 1704 cap.
1214 1617 1418 1682 VIII.
1466 1619 1524 1701 ξ.
1566 1636 1663 1696 14.
1697 1638 1830 1703 sqq.
1862 1629 1925 1679 et
1952 1615 2367 1703 comparanda
2409 1630 2555 1680 sunt
2593 1640 2737 1703 quae

1050 1720 1346 1785 adversus
1376 1717 1777 1783 Aristotelem
1806 1717 1886 1781 de
1918 1717 2262 1806 Categoriis
2289 1718 2567 1807 disputat
2595 1718 2738 1783 Plo-

1053 1823 1243 1901 tinuS,
1274 1845 1333 1885 v.
1357 1845 1413 1886 0.
1444 1822 1564 1885 VI.
1603 1841 1655 1884 1.
1694 1838 1792 1903 27.
1842 1820 1960 1885 VI.
1990 1823 2049 1886 6.
2083 1841 2148 1907 3.
2177 1845 2309 1908 sqq.

1147 1943 1288 2006 147,
1327 1944 1424 1989 11.
1484 1925 1643 1988 οὔπω
1690 1926 2088 2003 κοσμηθεῖσαν
2132 1927 2185 1988 εἰ
2226 1925 2439 2013 θεῷτο]
2487 1924 2741 1988 Ficinus

1054 2026 1190 2091 haec
1231 2040 1509 2090 extrema
1546 2022 1831 2089 dilatavit
1871 2040 2154 2090 vertens:
2204 2033 2247 2066 “
2279 2026 2329 2090 si
2358 2027 2544 2091 modo
2573 2027 2739 2091 eoin

1053 2129 1257 2217 gradu
1288 2128 1803 2217 prospiceretur.”
1878 2126 2120 2216 Taylor
2146 2128 2281 2193 haec
2308 2151 2562 2215 prorsus
2591 2129 2743 2194 omi-

1055 2233 1154 2311 sit,
1186 2231 1485 2320 Engelh.‚
1518 2229 1671 2294 nihil
1698 2230 1936 2295 monito
1979 2229 2240 2295 lectore:
2288 2232 2388 2296 die
2432 2255 2555 2297 vou
2601 2232 2742 2297 dem

1056 2336 1251 2401 Gotte
1277 2335 1434 2400 noch
1457 2334 1630 2399 nicht
1648 2334 1976 2422 geordnet.
2054 2332 2300 2398 Vulnus
2328 2335 2738 2400 inveteratum

1054 2438 1155 2502 1110
1184 2438 1432 2503 videtur
1457 2437 1667 2502 latere.
1727 2439 1873 2524 Ego
1902 2435 2155 2523 legerim
2184 2439 2249 2501 ἐκ
2277 2443 2417 2503 θεοῦ
2442 2464 2570 2518 του,
2597 2461 2741 2526 quae

1055 2541 1332 2606 nondum
1363 2554 1660 2605 exornata
1687 2539 1765 2604 sit
1792 2540 1871 2603 ab
1900 2541 2025 2603 ullo
2053 2541 2207 2604 Deo.

1142 2683 1228 2695 —
1257 2663 1356 2710 12.
1399 2647 1571 2709 τόνδε
1614 2644 1721 2707 τὸν
1759 2644 1970 2727 τόπον]
2021 2643 2220 2707 Haud
2260 2657 2622 2708 cunctanter
2664 2667 2741 2707 ex

1057 2745 1335 2833 margine
1363 2743 1426 2807 in
1455 2743 1734 2809 ordinem
1779 2742 2123 2830 recepimus
2151 2746 2333 2808 τόπον
2354 2766 2470 2830 pro
2499 2746 2739 2826 τρόπον.

1058 2847 1335 2935 Respicit
1376 2845 1538 2911 enim
1584 2867 1799 2909 rursus
1824 2844 1904 2909 ad
1936 2844 2217 2910 Platonis
2259 2846 2448 2911 verba
2491 2844 2747 2910 laudata

1059 2973 1137 3015 ex
1170 2949 1500 3013 Theaeteto
1539 2972 1606 3035 p.
1644 2948 1825 3031 176.:
1880 2948 1987 3026 τὴν
2031 2949 2095 3011 δὲ
2142 2948 2357 3027 θνητὴν
2403 2949 2611 3030 φύσιν,
2651 2949 2745 3011 καὶ

1058 3055 1230 3116 τόνδε
1256 3051 1361 3116 τὸν
1387 3052 1571 3115 τόπον
1601 3052 1705 3134 (τᾶ
1732 3053 1906 3136 κακά)
1939 3056 2252 3132 περιπολεῖ
2276 3053 2339 3129 ἐξ
2368 3049 2642 3132 ἀνάγκης.

1145 3192 1233 3206 -
1260 3174 1356 3239 13.
1400 3152 1437 3233 ἢ
1467 3154 1554 3227 τὸ,
1583 3151 1756 3217 Ἀλλ’
1789 3154 2028 3234 ἐπείπερ
2059 3151 2342 3234 ἐγένεσθε
2373 3178 2498 3216 κ.τ.
2519 3153 2612 3241 λ.]
2663 3153 2745 3216 Ῑ11

1060 3257 1158 3323 his
1201 3257 1400 3345 tangit
1429 3254 1686 3343 Opiflcis
1727 3254 1949 3320 mundi
1987 3255 2179 3320 verba
2219 3255 2283 3320 in
2316 3253 2594 3320 Platonis
2625 3254 2744 3319 Ti.

1062 3383 1221 3426 maeo
1247 3384 1313 3447 p.
1337 3380 1440 3441 41.
1473 3383 1530 3423 a.
1559 3360 1618 3423 b.
1649 3382 1710 3445 p.
1732 3377 1838 3444 43.
1872 3357 2109 3423 Bekk.:
2158 3361 2283 3424 θεοὶ
2312 3364 2481 3432 θεῶν,
2514 3361 2598 3422 ὧν
2627 3359 2745 3441 ἐγὼ

1064 3463 1407 3545 δημιουργὸς
1446 3461 1634 3544 πατήρ
1683 3487 1749 3526 τε
1796 3462 2005 3544 ἔργων,
2056 3463 2095 3526 ἃ
2146 3460 2215 3525 δι’
2267 3464 2408 3541 ἐμοῦ
2452 3462 2746 3543 γενόμενα

1063 3568 1250 3632 ἄλυτα
1289 3567 1432 3645 ἐμοῦ
1466 3563 1522 3647 γ’
1554 3563 1883 3632 ἐθέλοντος.
1929 3564 1996 3628 τὸ
2032 3566 2145 3644 μὲν
2174 3565 2279 3628 οὑν
2318 3564 2387 3643 δὴ
2426 3565 2599 3627 δεθὲν
2626 3567 2746 3628 πᾶν

1063 3669 1266 3748 λυτὸν,
1298 3670 1440 3750 τόγε
1479 3667 1596 3748 μὴν
1627 3673 1816 3734 καλῶς
1859 3669 2158 3748 ἅρμοσθέν
2189 3667 2282 3730 καὶ
2312 3666 2456 3749 ἔχον
2486 3666 2550 3730 εὖ
2577 3668 2746 3731 λύειν

1065 3771 1297 3836 ἐθέλειν
1326 3774 1525 3834 κακοῦ.
1573 3767 1642 3833 δι’
1675 3770 1713 3833 ἃ
1744 3770 1837 3833 καὶ
1869 3771 2106 3851 ἐπείπερ
2139 3768 2489 3852 γεγένησθε,
2523 3767 2742 3833 ἀθάνα-

1065 3900 1156 3937 τοι
1182 3875 1293 3953 μὲν
1322 3873 1426 3936 οὐκ
1456 3873 1594 3935 ἐστὲ
1616 3870 1732 3935 οὐδ’
1765 3873 1970 3936 ἅλυτοι
1996 3871 2063 3936 τὸ
2093 3871 2355 3951 πάμπαν,
2388 3871 2513 3935 οὔτι
2539 3873 2651 3951 μὲν
2676 3871 2746 3950 δὴ

1066 3974 1405 4056 λυθήσεσθέ
1453 4002 1525 4057 γε
1575 3976 1708 4038 οὐδὲ
1754 3978 2032 4054 τεύξεσθε
2083 3975 2336 4039 θανάτου
2375 3975 2599 4057 μοίρας,
2649 3980 2748 4054 τῆς

1068 4078 1207 4155 ἐμῆς
1229 4073 1577 4154 βουλήσεως
1612 4075 1872 4152 μείζονος
1900 4073 1986 4137 ἔτι
2014 4078 2232 4153 δεσμοῦ
2271 4075 2367 4138 καὶ
2406 4073 2746 4155 κυριωτέρου

1066 4178 1359 4260 λαχόντες
1416 4177 1656 4239 ἐκείνων
1706 4176 1810 4247 οῖς,
1867 4173 1948 4237 ὅτ’
2004 4176 2337 4257 ἐγίγνεσθε,
2390 4181 2746 4256 ξυνεδεῖσθε.

1070 4307 1123 4343 κ.
1142 4305 1196 4343 τ.
1220 4286 1285 4342 λ.
1361 4279 1520 4355 Quae
1549 4291 1895 4364 sequuntur
1923 4276 1986 4340 in
2017 4276 2249 4342 Plotini
2279 4276 2412 4342 loco
2438 4302 2511 4342 ea
2536 4302 2750 4343 rursus

1068 4380 1379 4470 pertinent
1406 4379 1486 4444 ad
1512 4378 1824 4444 Theaeteti
1842 4380 2048 4444 verba.
2095 4379 2237 4444 vid.
2258 4403 2402 4466 quae
2431 4404 2621 4468 supra
2647 4405 2752 4445 ex-

1068 4482 1251 4549 citavi
1271 4484 1346 4548 de
1344 4482 1540 4571 suga
1560 4506 1684 4548 non
1708 4484 1971 4570 pedibus
1996 4483 2106 4548 sed
2126 4486 2336 4548 animo
2353 4485 2747 4571 capessenda,

1071 4585 1152 4652 ad
1180 4609 1319 4673 cap.
1345 4590 1404 4650 6.
1438 4609 1504 4673 p.
1531 4588 1633 4667 76.
1665 4610 1718 4650 a.
1747 4586 1810 4650 b.

1156 4713 1220 4776 p.
1248 4689 1388 4770 148,
1420 4710 1474 4753 1.
1520 4691 1701 4769 δῆλόν
1729 4715 1843 4754 που
1873 4691 1968 4754 καὶ
1995 4689 2168 4755 αὐτὸς
2209 4689 2388 4773 ποιεῖ]
2443 4690 2546 4752 Ita
2597 4712 2751 4776 quo-

1073 4816 1196 4879 que
1247 4791 1443 4856 Ficin.
1495 4814 1763 4879 eumque
1822 4807 2068 4856 secutus
2118 4789 2374 4878 Taylor.
2472 4790 2753 4878 Respicit

1072 4895 1234 4960 enim
1267 4894 1542 4960 Platonis
1567 4894 1724 4960 illud
1753 4899 1902 4975 μετὰ
1930 4900 2080 4959 θεῶν
2111 4893 2281 4958 εἶναι.
2346 4892 2615 4980 Engelh.
2647 4917 2753 4956 ex-

1072 4997 1294 5087 pressit
1338 4999 1537 5078 αὑτὸν,
1572 4998 1848 5085 cogitans
1891 4998 2235 5079 ἄνθρωπονε
2288 5002 2332 5034 “
2364 4995 2537 5059 Illud
2582 5018 2751 5082 sepa-

1071 5126 1208 5168 rare
1249 5126 1313 5167 se
1341 5101 1441 5166 vel
1466 5124 1590 5165 non
1628 5124 1909 5188 separare
1948 5123 1987 5164 a
2024 5099 2278 5163 materia
2319 5098 2517 5185 aperit
2556 5097 2753 5162 homi-

1073 5204 1250 5267 nem”
1287 5201 1349 5285 (i.
1369 5224 1425 5264 e.
1456 5199 1724 5263 indolem
1753 5198 2070 5282 hominis).

1159 5341 1247 5354 —
1264 5324 1327 5389 3.
1376 5301 1601 5383 ἀνάγκη
1627 5305 1697 5380 τῇ
1729 5298 2492 5388 ἐκβάσει-[ὑποστάσει]]
2525 5301 2754 5363 Extre-

1077 5429 1240 5471 mam
1285 5426 1496 5470 vocem
1542 5402 1716 5466 uncis
1756 5401 2137 5480 inclusimus,
2177 5424 2289 5466 nec
2320 5402 2575 5465 Ficinus
2617 5423 2751 5464 eam

1082 5509 1330 5574 videtur
1375 5506 1627 5595 legisse;
1688 5519 1751 5570 et
1796 5503 1988 5592 possit
2031 5503 2342 5592 irrepsisse
2388 5528 2423 5567 e
2473 5504 2753 5590 sequenti

2814 694 2998 773 linea,
3028 694 3093 758 in
3121 717 3249 781 qua
3276 694 3574 775 ὑποβάσει
3599 691 3882 758 occurrit.
3932 694 4229 756 Ceterum
4253 689 4495 778 Taylor

2815 796 2948 862 haec
2992 796 3277 884 pluribus
3309 796 3510 861 verbis
3552 793 4042 880 circumscripsit.
4093 795 4339 873 ἔκβασις
4380 817 4495 859 au-

2817 912 2942 963 tem
2969 914 3062 964 est
3090 901 3426 988 ἀίἕτεεεὶο,
3456 915 3530 964 111
3556 913 3719 964 recte
3747 896 3982 985 accepit
4011 895 4303 961 Ficinus:
4351 896 4496 962 alibi

2818 1004 3048 1079 eva-5230,
3080 1004 3506 1090 transgressio
3545 1017 3663 1067 cet.
3708 1000 3791 1066 cf.
3826 999 4043 1088 Steph.
4075 998 4381 1063 Thesaur.
4430 1023 4492 1087 p.

2822 1105 3006 1190 2538.
3055 1104 3158 1170 ed.
3191 1105 3416 1193 Valpy.
3445 1107 3740 1184 ὑπόβασις
3783 1101 3936 1190 quid
3984 1102 4083 1180 sit,
4115 1102 4375 1188 exposui
4416 1101 4499 1166 ad

2819 1206 2954 1271 haec
2984 1207 3188 1271 Procli
3224 1206 3288 1270 in
3330 1209 3486 1272 Inst.
3523 1205 3752 1271 Theol.
3794 1229 3844 1269 0.
3877 1223 3982 1291 97.
4029 1229 4096 1290 p.
4139 1224 4316 1287 144:
4361 1204 4495 1270 Ἀπ’

2822 1310 3046 1373 ἐκείνου
3092 1311 3205 1391 ἄρα
3253 1311 3360 1390 τὴν
3407 1312 3661 1390 ἰδιότητα
3704 1313 3804 1388 τῆς
3847 1310 4072 1373 ἐκείνου
4117 1308 4500 1376 ὑποστάσεως

2818 1416 2983 1475 πᾶσα
3030 1411 3265 1494 δέχεται
3291 1414 3329 1492 ἡ
3358 1413 3545 1494 σειρά.
3634 1414 3709 1476 Εἰ
3747 1410 3795 1474 δ’
3829 1410 3924 1476 ἀπ’
3958 1412 4203 1483 ἐκείνου,
4234 1411 4499 1493 φανερὸν

2820 1515 2910 1578 ὅτι
2936 1517 3084 1594 μετὰ
3111 1514 3381 1597 ὑφέσεως
3419 1516 3513 1578 καὶ
3550 1519 3650 1594 τῆς
3689 1516 4098 1596 προσηκούσης
4138 1520 4261 1579 τοῖς
4301 1513 4494 1578 δευτέ-

2819 1643 2942 1698 ροις
2982 1616 3352 1696 ὑποβάσεως.
3431 1617 3565 1700 (Cf.
3617 1616 3798 1681 etiam
3845 1614 4135 1680 Proclum
4179 1615 4242 1678 in
4291 1614 4497 1681 Alcib.

2822 1742 2916 1807 pr.
2965 1743 3026 1805 p.
3067 1739 3103 1804 3
3120 1721 3199 1802 1.)
3247 1718 3580 1799 Ὕπόβασις
3621 1732 3711 1782 est
3754 1719 4098 1795 ‹ie-scenam,
4143 1717 4498 1796 (liminum,

2822 1823 3277 1886 detrimentum.
3367 1821 3552 1886 Plato
3603 1821 3682 1885 de
3733 1822 3937 1907 Legg.
3969 1820 4085 1883 VI.
4133 1843 4199 1906 p.
4244 1838 4388 1907 775.
4440 1845 4496 1887 a.

2824 1949 2890 2010 p.
2913 1940 3060 2008 457.
3095 1923 3299 1987 Bekk.
3351 1924 3610 2006 καθάπερ
3637 1923 4015 2003 ὑποβέβηκεν
4046 1922 4271 2009 ἑκάστῳ
4309 1923 4377 1988 τὸ
4414 1929 4498 1989 τί-

2825 2052 3018 2107 μημαε
3071 2035 3114 2064 “
3145 2027 3540 2114 proportione
3583 2039 3843 2104 servata,
3872 2050 4001 2112 quo
4028 2026 4320 2090 decrescit
4360 2050 4501 2091 cen-

2828 2131 2991 2194 suS.”
3036 2128 3235 2193 Ficin.
3316 2130 3437 2192 Est
3483 2128 3678 2214 igitur
3720 2128 3905 2192 etiam
3953 2129 4363 2193 decrescentia
4404 2131 4505 2194 die

2827 2232 3164 2308 Abnahme,
3208 2232 3722 2319 Verminderung.
3775 2230 3945 2294 Hinc
3975 2229 4279 2317 Dionysio
4306 2234 4506 2297 Areo-

2828 2334 3056 2422 pagitae
3105 2333 3184 2398 de
3231 2333 3455 2397 coelesti
3505 2333 3808 2398 hierarch.
3848 2356 3982 2420 cap.
4015 2351 4081 2417 5.
4131 2348 4194 2397 et
4242 2333 4387 2398 alibi
4432 2340 4503 2399 τὰ

2825 2440 3242 2517 ὑποβεβηκότα
3270 2451 3415 2501 sunt
3443 2438 3772 2523 ivfieriora,
3804 2459 3948 2523 quae
3977 2435 4191 2499 ceteris
4229 2436 4503 2523 subjecta

2826 2554 2992 2604 sunt.
3036 2540 3366 2604 ἀποστάσει
3409 2539 3553 2603 item
3599 2538 3663 2603 h.
3697 2537 3740 2601 l.
3785 2538 3995 2626 potius
4032 2551 4123 2601 est
4149 2539 4501 2624 defectione,

2824 2664 2953 2729 quo
2983 2664 3163 2705 sensu
3193 2655 3254 2704 et
3285 2642 3612 2707 ἀπόστασις
3653 2653 3715 2703 et
3757 2638 4197 2703 recentioribus
4239 2641 4504 2706 maxime

2827 2746 3166 2809 ἀποστασία
3209 2766 3369 2829 saepe
3413 2755 3816 2828 usurpantur.
3868 2741 4177 2823 (Irmisch.
4212 2742 4410 2807 Indic.
4441 2744 4504 2808 in

2832 2845 3263 2910 Herodianum
3309 2845 3373 2908 in
3417 2848 3758 2912 ὑπόστασις.
3848 2844 4125 2910 Lobeck.
4172 2844 4255 2909 ad
4305 2845 4502 2935 Phry-

2828 2947 2989 3012 nich.
3042 2971 3102 3033 p.
3132 2948 3280 3033 528.
3358 2945 3743 3012 Schleusner.
3789 2948 3949 3012 Lex.
4004 2949 4166 3011 NoV.
4218 2949 4389 3013 Test.
4442 2950 4508 3014 in

2830 3053 3211 3131 ἀποστασία.)
3307 3049 3430 3113 Illa
3456 3050 3654 3114 forma
3685 3050 3934 3114 Plotino
3963 3050 4293 3114 familiaris·
4357 3052 4501 3117 Vid.

2832 3154 2931 3217 II.
2964 3154 3024 3216 8.
3057 3173 3107 3215 1.
3156 3153 3270 3216 VI.
3306 3172 3361 3216 2.
3392 3168 3459 3238 5.
3502 3154 3620 3217 VI.
3658 3154 3718 3217 6.
3750 3174 3807 3218 1.
3853 3154 3969 3217 VI.
4003 3171 4062 3238 7.
4090 3171 4190 3234 42.

2894 3291 2977 3304 -
3009 3276 3034 3318 1
3051 3275 3103 3320 1.
3140 3258 3194 3321 εἰ
3222 3259 3317 3321 διὰ
3346 3258 3614 3337 σώματος
3645 3258 3848 3321 κακίαν
3869 3257 3905 3336 ἡ
3928 3258 4213 3324 σύστασις
4240 3255 4497 3343 γένοιτο]

2832 3359 2969 3422 Vox
3001 3358 3226 3433 στάσις,
3257 3383 3401 3447 quae
3442 3359 3506 3423 in
3551 3360 3729 3423 bonis
3773 3358 3945 3423 libris
3988 3360 4051 3423 h.
4082 3359 4125 3422 l.
4170 3375 4503 3448 comparet,

2828 3460 3036 3548 potius
3063 3460 3332 3539 videtur,
3363 3461 3504 3526 licet
3549 3465 3835 3530 σύστασις
3878 3463 4023 3526 satis
4065 3462 4378 3549 frequens,
4408 3487 4508 3526 ve-

2829 3587 2969 3628 rum
3013 3562 3133 3628 alio
3177 3587 3379 3642 sensu,
3410 3588 3543 3628 v.c.
3589 3564 3655 3627 in
3702 3562 3978 3628 Platonis
4022 3562 4262 3628 Phileb.
4308 3588 4368 3651 p.
4399 3585 4504 3647 47.

2831 3691 2894 3753 p.
2919 3685 3060 3748 142.
3081 3665 3491 3746 Stallbaumii,
3520 3689 3708 3753 quem
3737 3665 3881 3729 vide
3914 3665 4050 3749 (ubi
4079 3682 4285 3731 tamen
4314 3667 4506 3732 codex

2833 3768 3044 3833 Clark.
3098 3768 3525 3833 Bekkeranam
3585 3769 3904 3832 lectionem
3956 3772 4237 3837 σύντασις
4286 3772 4506 3835 conflr-

2832 3875 3011 3956 mat).
3103 3873 3202 3937 Cf.
3259 3871 3521 3937 Monck.
3569 3870 3649 3936 ad
3700 3871 3924 3958 Eurip.
3974 3871 4310 3960 Hippolyt.
4364 3873 4505 3957 987.

2834 3975 3092 4039 Proclus
3130 3975 3191 4039 in
3242 3974 3385 4040 Alc.
3434 3998 3526 4063 pr.
3574 3997 3639 4060 p.
3675 3991 3707 4058 7
3713 3994 3812 4059 5.:
3884 3977 3942 4057 (ὁ
3987 3977 4230 4057 δαίμων)
4280 3976 4509 4039 ἄνωθεν

2833 4080 3157 4162 ἀρχόμενος
3201 4081 3564 4160 ἐπιτροπεύει
3605 4082 3806 4142 πᾶσαν
3847 4077 3955 4157 τὴν
3993 4078 4284 4141 σύστασιν
4325 4079 4507 4159 ἡμῶν.

2836 4182 3070 4245 Contra
3099 4180 3261 4245 idem
3291 4204 3436 4267 pag.
3471 4200 3617 4245 210.
3663 4185 3894 4261 πρῶτον
3921 4181 4051 4258 μὲν,
4081 4182 4171 4242 ὅτι
4214 4184 4401 4260 διττῆς
4444 4185 4510 4246 ἐν

2834 4287 3002 4365 ψυχῇ
3039 4285 3316 4364 πονηρίας
3353 4286 3547 4362 οὔσης,
3582 4283 3657 4348 ὣς
3696 4281 3867 4348 αὐτὸς
3908 4284 3975 4344 ἐν
4004 4286 4274 4363 Σοφιστῇ
4306 4288 4504 4358 διεῖλε,

2839 4386 2932 4448 καὶ
2960 4388 3060 4462 τῆς
3085 4388 3196 4463 μὲν
3226 4389 3373 4448 κατὰ
3410 4384 3516 4462 τὴν
3547 4386 3794 4466 ἀγνοίαν
3823 4384 4223 4466 ὑφισταμένης
4263 4391 4368 4449 τοῦ
4403 4390 4506 4450 λό-

2834 4512 2962 4568 γου,
2995 4489 3094 4564 τῆς
3134 4488 3199 4549 δὲ
3246 4490 3391 4550 κατὰ
3425 4486 3531 4565 τὴν
3562 4487 3775 4551 στάσιν
3810 4491 3914 4549 τοῦ
3957 4489 4180 4568 ἀλόγου
4226 4487 4372 4570 πρὸς
4409 4489 4511 4553 τὸν

2834 4589 3021 4670 λόγον
3052 4589 3228 4655 νόσος
3264 4588 3375 4669 μέν
3406 4590 3534 4652 ἐστι
3573 4593 3773 4672 ψυχῆς
3807 4589 3845 4669 ἡ
3883 4590 4117 4669 τοιαύτη
4158 4590 4384 4665 στάσις,
4420 4591 4506 4655 αἶ-

2836 4716 2984 4773 σχος
3030 4692 3093 4754 δὲ
3135 4692 3173 4770 ἡ
3223 4692 3455 4773 ἄγνοια.
3524 4691 3602 4755 cf.
3656 4690 3803 4755 ibid.
3854 4715 3919 4779 p.
3965 4710 4109 4758 222.
4160 4697 4302 4774 264.
4363 4712 4508 4778 273.

2836 4792 3266 4880 Olympiodor.
3297 4793 3360 4856 in
3392 4792 3524 4857 Alc.
3557 4817 3650 4880 pr.
3683 4817 3747 4879 p.
3778 4813 3881 4877 92.
3921 4814 4056 4880 134.
4150 4794 4274 4857 Sed
4303 4808 4505 4859 tamen

2835 4917 2977 4958 cum
3012 4894 3386 4960 Plutarchus
3413 4895 3476 4958 in
3509 4895 3755 4984 Pyrrho
3797 4919 3929 4984 cap.
3966 4914 4070 4981 23.
4116 4919 4178 4981 p.
4206 4898 4353 4980 465.
4384 4897 4504 4961 ita:

2838 4997 3196 5065 ἀποστάσεις
3243 4997 3289 5062 δ’
3339 5001 3490 5080 ὁρῶν
3538 5000 3768 5062 ἅπαντα
3818 5000 3912 5063 καὶ
3959 5000 4375 5080 νεωτερισμοὺς
4419 5004 4512 5065 καὶ

2838 5101 3130 5163 σύστασιν
3160 5104 3412 5184 ἰσχυρὰν
3442 5100 3530 5165 ἐπ’
3562 5101 3761 5175 αὑτὸν,
3811 5108 3853 5140 “
3887 5101 3995 5165 ubi
4038 5100 4410 5166 defectiones
4451 5120 4513 5167 et

2839 5201 3317 5288 conspirationes
3344 5217 3407 5267 et
3435 5204 3711 5267 validam
3738 5204 4043 5267 adversus
4069 5206 4278 5290 ipsum
4306 5208 4514 5292 conju-

2837 5305 3143 5367 rationem
3181 5305 3385 5369 ubivis
3411 5305 3601 5369 vidit''
3632 5306 3738 5388 (cf.
3770 5305 3979 5368 Baehr.
4011 5304 4092 5369 ad
4122 5329 4264 5370 eum
4310 5307 4512 5372 locum

2840 5426 2900 5488 p.
2939 5406 3158 5490 218.):
3220 5408 3505 5494 equidem
3553 5432 3592 5471 a
3634 5406 3887 5494 vulgata
3934 5406 4191 5471 lectione
4233 5411 4514 5475 recedere

2839 5503 3026 5569 nolui.
3117 5510 3262 5572 Hoc
3306 5510 3355 5573 si
3398 5523 3626 5590 teneas,
3668 5523 3868 5573 verte:
3916 5511 4266 5595 conjuratio
4303 5514 4416 5588 fit;
4466 5515 4513 5578 si
