5118 6613
1029 550 1161 613 444

1037 701 1374 784 principium
1417 701 1662 783 primum
1690 702 1884 762 omnia
1908 700 2140 761 imitan-

1122 796 1217 843 tur
2022 801 2055 859 5
2071 801 2090 840 ι
2106 798 2138 858 7

1042 863 1378 945 principium
1406 864 1622 944 optima
1646 875 1707 925 et
1731 862 2010 924 immensa
2035 882 2141 941 po·

1123 958 1299 1004 *ἔδω
2026 958 2137 1021 755

1041 1019 1385 1120 principium
1453 1026 1698 1106 primum
1764 1024 2145 1104 pulcritudine

1041 1107 1382 1280 ριιῗιιὲιῗιιίιυιιῖ
1417 1207 1534 1247 ιιοιι
1561 1206 1687 1247 esse
1712 1185 2004 1245 fortuitum
2023 1123 2146 1244 533

1122 1265 1404 1340 coactum,
1420 1268 1668 1329 utStoici
1687 1279 2006 1327 statuerunt
2027 1284 2144 1344 740

1042 1350 1380 1432 principium
1430 1348 1671 1410 universi
1717 1348 1993 1408 similibus
2042 1349 2142 1408 de·

1011 1431 1022 1443 '
1122 1431 1366 1492 claratur
2024 1446 2098 1506 35
2115 1449 2137 1488 ι

1044 1511 1384 1593 principium
1411 1530 1627 1584 eorum,
1657 1531 1783 1606 quae
1827 1513 1886 1569 in
1929 1511 2146 1570 mundo

1125 1593 1285 1662 fiunt,
1316 1593 1604 1671 quodnam
1631 1591 1709 1652 sit
1786 1593 1908 1652 Fic.
1937 1612 1998 1671 p.
2024 1592 2144 1651 626

1041 1673 1380 1768 principium
1438 1674 1601 1733 aliter
1651 1692 1714 1733 se
1768 1674 1971 1732 habere
2026 1692 2144 1732 nou

1124 1754 1310 1834 P⁰¹²¹²¹t
2028 1770 2142 1831 ⁷55

1046 1835 1383 1930 principium
1411 1833 1650 1894 universi
1677 1835 1828 1914 quod
2025 1852 2059 1910 3
2066 1852 2136 1911 5ι

1044 1915 1381 1996 principium
1437 1915 1622 1996 ipsum
1683 1928 1841 1976 actus
1899 1915 2147 1975 essentia

1115 1997 1380 2092 superior
2028 2014 2145 2074 754

1045 2077 1384 2158 principium
1407 2077 1649 2156 primum
1673 2076 1810 2156 quid
1831 2078 1924 2147 sit,
1939 2090 1999 2137 et
2020 2097 2147 2156 pro·

1116 2172 1280 2254 pter
1275 2159 1406 2254 quid
1437 2178 1552 2218 non
1583 2159 1980 2253 requirendum
2029 2175 2145 2235 744

1046 2240 1304 2320 principii
1345 2241 1553 2300 summi
1592 2239 1739 2300 filius
1779 2239 2098 2298 intellectus

1795 2320 1915 2380 Fic
1946 2341 2003 2399 p.
2026 2321 2137 2379 681

1046 2400 1304 2498 principii
1332 2402 1641 2496 proprietas
2026 2417 2136 2478 351

1044 2482 1303 2563 principii
1335 2484 1541 2542 summi
1569 2481 1899 2563 simplicitas
1939 2493 2000 2542 et
2038 2502 2145 2561 po-

1126 2577 1303 2624 testas
1795 2564 1914 2623 Fic.
1944 2584 2003 2642 p.
2024 2563 2137 2622 681

1045 2644 1304 2739 principii
1331 2645 1470 2704 ratio
1498 2644 1666 2705 unica
2029 2661 2143 2721 742

1043 2725 1306 2806 principii
1359 2726 1533 2805 ipsius
1585 2738 1841 2785 naturam
1889 2744 2147 2805 compre·

1128 2807 1375 2866 bendere
1402 2807 1558 2877 velle,
1588 2806 1881 2866 ridiculum
1910 2819 2000 2866 est
2026 2823 2142 2884 525

1045 2887 1311 2968 principii
1332 2908 1513 2948 causae
1534 2907 1652 2946 non
1679 2900 1813 2947 sunt
1831 2889 2149 2966 quaerendae

1048 3048 1317 3144 principii
1333 3051 1704 3129 proprietates
2028 3067 2146 3127 529

1047 3130 1106 3190 in
1136 3129 1418 3208 Principio
1459 3132 1645 3223 primo
1686 3149 1873 3188 rerum
1914 3149 2020 3189 nec
2058 3141 2147 3189 est

1129 3211 1501 3306 intelligentia
1525 3210 1613 3270 sui
1632 3229 1738 3269 nec
1763 3209 2001 3270 aliorum
2029 3226 2145 3286 730

1048 3314 1081 3354 a
1119 3292 1407 3372 Principio
1447 3304 1723 3374 9ιιιιιιιιιιιι
1766 3291 1900 3353 boui
1940 3305 2148 3353 cuncta

1126 3388 1431 3435 consecuta
1455 3375 1572 3433 sint
2029 3390 2142 3451 753

1046 3455 1325 3537 principia
1363 3476 1546 3516 rerum
1587 3452 1916 3514 communia
1954 3475 2079 3533 quae

1796 3534 1916 3596 Fic
1944 3557 2002 3615 P·
2024 3553 2146 3615 450

1046 3617 1322 3698 principia
1348 3637 1535 3676 rerum
1564 3616 1672 3676 tria
1797 3616 1916 3677 Fic.
1945 3638 2002 3696 p.
2027 3636 2145 3695 350

1046 3699 1513 3795 principiarerum
1525 3697 1955 3795 propriaquoeF.
1967 3719 2024 3778 p.
2008 3717 2145 3775 .450

1049 3780 1320 3860 principia
1349 3800 1530 3839 rerum
1561 3782 1842 3874 praecipua
1867 3778 1974 3838 tria
2027 3796 2139 3855 733

1041 3862 1324 3956 principia
1350 3860 1545 3919 mundi
1577 3861 1683 3919 tria
1801 3859 1917 3920 Fic.
1945 3880 2002 3939 p.
2028 3863 2145 3919 226

1050 3942 1321 4036 principia
1349 3944 1484 4001 boni
1513 3954 1575 3999 et
1602 3941 1737 4000 mali

1051 4022 1325 4116 principia
1351 4042 1423 4081 an
1454 4023 1561 4080 tria
1586 4021 1875 4081 videantur
2024 4024 2139 4101 691

1050 4102 1343 4196 principia
1374 4103 1631 4180 quedam
1686 4116 1837 4172 actu,
1888 4103 2143 4181 quaedam

1129 4182 1379 4276 potentia
1408 4201 1634 4261 ponere,
1664 4183 1957 4243 ridiculum
2032 4201 2138 4242 201

1049 4263 1324 4345 principia
1358 4263 1574 4322 diversa
1597 4284 1666 4323 ex
1692 4284 1879 4324 rerum
1916 4264 2145 4324 diversi-

1130 4358 1247 4404 tate
1277 4365 1392 4403 non
1420 4343 1764 4422 colliguntur
1802 4345 1923 4405 Fic.
1950 4368 2007 4427 p.
2027 4349 2146 4421 428

1049 4425 1322 4507 principia
1363 4444 1524 4504 aeque
1567 4446 1789 4485 summa
1830 4426 1990 4504 plura
2031 4446 2147 4486 nou

1129 4520 1266 4565 sunt
1799 4508 1918 4568 Fic.
1949 4529 2008 4587 p.
2032 4509 2143 4583 267

1050 4587 1325 4682 principia
1386 4607 1570 4647 rerum
1625 4608 1879 4666 quaenam
1938 4591 2148 4668 ubique

1119 4668 1266 4763 sint,
1293 4688 1601 4747 eorumque
1628 4669 1946 4729 functiones
2028 4670 2143 4747 665

1048 4749 1327 4844 principia
1350 4769 1538 4808 rerum
1566 4749 1843 4829 praecipua
1867 4752 1976 4811 tria
2029 4770 2143 4829 733

1048 4831 1450 4912 principiorum
1481 4830 1700 4891 trinitas
1736 4845 1894 4892 extra
1921 4846 2146 4893 contro·

1119 4913 1362 5007 versiam
2026 4932 2144 4991 493

1048 4992 1452 5088 principiorum
1480 4992 1636 5073 origo
2069 5011 2145 5071 77

1048 5075 1106 5135 in
1140 5074 1544 5154 Principiorum
1572 5074 2002 5154 compositionis
2031 5075 2146 5134 dis·

1128 5157 1409 5215 solutione
1424 5157 1709 5234 quomodo
1724 5157 2004 5237 agendum
2029 5173 2061 5233 5
2071 5173 2144 5232 57

1049 5239 1450 5331 principiorum
1479 5237 1619 5295 ordo
1799 5236 1920 5296 Fic.
1948 5257 2004 5316 p.
2028 5253 2143 5331 352

1050 5317 1452 5411 principiorum
1517 5317 1920 5396 proprietatem
1976 5318 2148 5377 etiam

1131 5398 1391 5457 obtinere
1422 5418 1686 5457 numeros
2027 5399 2149 5477 689

1049 5476 1446 5557 principiorum
1476 5498 1606 5537 cum
1637 5478 1813 5558 ipsius
1839 5478 1987 5538 entis
2013 5480 2149 5538 sub·-

1120 5563 1400 5637 jectorum
1411 5577 1682 5638 generum
1696 5560 1986 5639 multiplex
1994 5581 2145 5620 com-

1128 5639 1349 5719 paratio
2032 5657 2145 5721 592

2181 2461 2186 2464 ,
2228 2405 2390 2485 probi
2420 2425 2771 2499 nequaquam

2221 701 2628 782 principiorum
2650 702 2868 762 trinitas
2895 701 3241 782 philosophis
3269 714 3329 761 et

2302 784 2635 844 Christianis
2662 784 2981 844 communis
3205 802 3323 860 493

2223 864 2376 945 prius
2404 878 2464 925 et
2494 867 2774 944 posterius
2800 864 2861 924 ιιι
2892 878 3087 925 nostro
3106 862 3327 939 judicio

2305 946 2490 1025 posita
3208 945 3327 1022 380

2223 1027 2378 1107 prius
2403 1042 2464 1087 et
2493 1026 2773 1106 posterius
2810 1027 2870 1086 in
2907 1027 3204 1108 speciebus
3241 1027 3328 1086 lo·

2304 1129 2435 1168 cum
2463 1129 2581 1168 non
2611 1110 2825 1168 habent
3209 1124 3324 1186 397

2223 1189 2462 1269 privatio
2503 1210 2621 1249 non
2662 1188 2996 1269 simpliciter
3037 1189 3277 1248 nihilum

2972 1271 3098 1330 Fic.
3129 1291 3183 1349 p.
3211 1272 3327 1330 280

2224 1350 2462 1445 privatio
2490 1371 2608 1410 non
2636 1363 2725 1410 est
2751 1350 2990 1445 qualitas
3029 1353 3093 1411 F.
3124 1372 3183 1431 p.
3213 1366 3327 1426 277

2226 1430 2463 1511 privatio
2492 1431 2779 1512 negationi
2809 1433 3113 1511 respondet
3217 1433 3326 1508 167

2226 1513 2462 1594 privatio
2498 1516 2572 1574 ab
2600 1513 2796 1572 babitu
2837 1534 2954 1572 non
2996 1512 3330 1593 disperditur

2227 1674 2464 1755 privatio
2490 1674 2657 1753 quale
2683 1674 2953 1754 quiddam
3217 1596 3330 1750 ig?

2225 1756 2464 1836 privatio
2492 1775 2718 1814 summa
2981 1755 3104 1816 Fic.
3134 1776 3192 1835 p.
3219 1775 3325 1832 133

2226 1838 2461 1917 privatio
2502 1837 2909 1917 praediceturne
2948 1837 3019 1896 de
3061 1838 3297 1896 materia

3218 1919 3329 1976 168

2227 1998 2464 2094 privatio
2490 2020 2608 2059 non
2635 2011 2725 2059 est
2748 1999 2987 2077 qualitas
3218 2000 3326 2074 167

2226 2080 2553 2162 privationis
2576 2080 2807 2140 nomine
2825 2080 2961 2159 quid
2985 2078 3332 2160 intelligatur

2979 2162 3100 2220 Fic.
3131 2180 3188 2238 p.
3216 2161 3330 2237 278

2227 2243 2437 2323 probus
2467 2264 2582 2302 non
2611 2255 2836 2303 constat
2861 2261 2933 2301 ex
2959 2261 3194 2320 corpore
3250 2258 3326 2317 37

2227 2327 2437 2418 probus
2463 2325 2590 2402 quis
2993 2322 3111 2382 Fic.
3133 2344 3192 2403 p.
3210 2339 3244 2399 5
3259 2341 3330 2381 ιο

2227 2486 2511 2566 processio
2536 2485 2794 2545 essentie
2804 2423 3039 2563 dupgap
3044 2416 3130 2545 ἷξε
3134 2505 3191 2564 p
3211 2423 3330 2562 Ξῗζ

2230 2567 2504 2626 Proculus
2530 2566 2957 2660 reprehenditur
3025 2566 3142 2625 Fic.
3169 2586 3227 2645 p.
3249 2568 3329 2640 48

2229 2650 2526 2728 productio
2568 2662 2627 2708 et
2666 2647 2980 2708 contractio
3021 2646 3301 2707 contraria

3205 2729 3281 2786 62

2229 2809 2552 2870 Promethei
2587 2809 2780 2869 fabula
2818 2808 3132 2888 explicatur
3289 2747 3321 2804 7

2985 2891 3104 2950 Fic.
3134 2912 3188 2971 p.
3208 2890 3329 2949 686

2227 2972 2515 3050 propheta
2540 2992 2643 3032 cur
2668 2971 2968 3031 involucris
3007 2992 3110 3031 sua
3135 2971 3327 3031 vatici-

2310 3052 2407 3111 nia
2433 3065 2633 3131 tegant
3212 3068 3329 3128 770

2228 3133 2523 3211 prophetae
2548 3131 2871 3192 intellectus
2898 3134 3080 3212 qualis
3210 3150 3326 3210 357

2227 3214 2629 3293 prophetarum
2651 3213 2879 3272 oracula
2900 3216 3121 3293 sapiens
3148 3234 3328 3273 sacer-

2316 3295 2420 3355 dos
2460 3294 2747 3375 quomodo
2788 3294 3006 3355 dicatur
3046 3296 3331 3375 explicare

3214 3395 3245 3452 7
3292 3397 3329 3436 0

2228 3459 2530 3539 propensio
2570 3458 2641 3517 ad
2685 3469 2860 3517 artem
2903 3477 2938 3516 a
2976 3396 3286 3517 doemone7

2988 3539 3106 3598 Fic.
3136 3559 3191 3617 p.
3210 3555 3332 3616 504

2228 3617 2437 3699 proprii
2469 3632 2660 3678 motus
2687 3619 2781 3678 ubi
2810 3620 3003 3699 scripti
3034 3621 3097 3678 F.
3127 3640 3184 3698 p.
3204 3623 3327 3697 438

2228 3699 2456 3779 propria
2480 3703 2631 3760 actio
2660 3703 2906 3760 hominis
2971 3701 3091 3760 Fic.
3124 3720 3181 3778 p.
3207 3720 3328 3776 440

2228 3780 2601 3860 proprietates
2627 3782 2895 3861 speciales
2920 3801 3047 3861 quoe
3074 3782 3331 3841 dicantur

2988 3863 3106 3922 Fic.
3176 3907 3189 3921 .
3214 3883 3242 3922 2
3260 3884 3278 3923 ι
3290 3882 3324 3940 3

2228 3944 2597 4022 proprietates
2633 3943 2850 4004 intimae
2879 3884 3330 4022 quaedampactus

2308 4025 2655 4094 essentiales,
2673 4045 2744 4083 an
2765 4026 3060 4101 qualitates
3077 4025 3193 4085 siut
3209 4028 3287 4084 60
3299 4046 3320 4084 ι

2227 4105 2466 4184 propriae
2493 4105 2845 4185 singulorum
2873 4107 3231 4166 conditiones
3266 4118 3332 4165 ut

2307 4200 2723 4266 cognoscantur
2987 4186 3106 4247 Fic.
3134 4209 3188 4266 p.
3214 4206 3281 4247 21
3299 4206 3321 4246 1

2229 4267 2607 4346 proximarum
2625 4288 2921 4328 causarum
2940 4268 3020 4327 vis
3044 4270 3109 4327 F.
3133 4289 3190 4347 p.
3210 4287 3318 4343 40¹

2229 4347 2584 4427 providentia
3025 4349 3071 4407 F
3073 4349 3142 4408 ic.
3173 4369 3229 4426 p.
3249 4366 3322 4425 95

2229 4429 2579 4509 providentia
2614 4430 2778 4488 rebus
2813 4429 3066 4510 proprias
3099 4442 3328 4489 naturas

2311 4530 2429 4569 uon
2455 4512 2638 4569 aufert
2984 4511 3102 4570 Fic.
3133 4531 3188 4589 p.
3207 4528 3322 4588 435

2228 4591 2585 4670 providentia
2612 4610 2728 4651 non
2756 4591 2909 4672 cogit
2933 4593 3004 4651 ad
3033 4605 3326 4670 peccatum

2975 4674 3090 4732 Fic.
3123 4693 3178 4751 p.
3210 4673 3330 4749 436

2187 4753 2581 4831 -providentia
2639 4753 2862 4833 duplex,
2917 4753 3211 4833 singularis
3270 4765 3331 4812 et

2309 4833 2640 4893 universalis
2986 4836 3103 4894 Fic.
3132 4855 3190 4913 p.
3210 4837 3329 4910 448

2229 4916 2580 4994 providentia
2618 4915 2902 4975 fortunam
2945 4936 3061 4974 non
3104 4916 3255 4974 tollit

2978 4998 3100 5056 Fic.
3130 5018 3187 5077 p.
3211 4996 3332 5072 436

2229 5076 2582 5155 providentia
2609 5097 2722 5135 nou
2752 5088 2838 5136 est
2864 5079 3059 5136 omnia
3212 5079 3326 5137 262

2229 5157 2579 5236 providentia
2606 5157 2926 5236 imperatori
2954 5158 3154 5217 similis
3214 5175 3325 5235 272

2228 5238 2618 5316 providentia
2605 5258 2661 5296 ιιι
2694 5239 2946 5298 universo
2974 5239 3179 5318 duplex
3205 5257 3327 5314 470

2227 5319 2581 5398 providentia
2607 5333 2790 5398 poetar
2817 5319 3155 5380 assimilatur
3211 5322 3325 5380 268

2230 5399 2582 5478 providentia
2622 5401 2908 5479 quomodo
2952 5401 3209 5461 videatur

2981 5484 3097 5542 Fic.
3127 5504 3183 5562 p.
3204 5498 3319 5559 45ι

2229 5559 2578 5639 providentia
2615 5561 2848 5621 sublatis
2875 5582 2909 5622 e
2937 5565 3122 5623 medio
3166 5564 3326 5624 malis

2308 5642 2615 5702 consistere
2641 5643 2838 5722 nequit
3210 5661 3322 5720 277

2023 527 2338 594 INDEX
2383 530 2732 596 RERUM
2776 530 2907 594 ΕΤ
2952 528 3508 594 VERBORUM.

3407 702 3758 784 providentia
3797 724 3934 762 num
3960 702 4036 763 ad
4061 702 4213 762 solos
4248 699 4512 762 homines

3485 804 3608 844 sese
3639 785 3906 844 extendat
4393 801 4425 841 2
4441 798 4505 859 ι5

3406 865 3765 945 providentia
3789 865 4040 945 perfecta
4393 881 4508 939 273

3407 946 3759 1026 providentia
3794 946 3967 1007 etiam
4013 947 4250 1005 minima
4275 963 4515 1024 quoque

3409 1028 3756 1188 prgsitiltefiitlia
3794 1107 4083 1188 quomodo
4124 1026 4368 1167 151⁰)ss
4388 1042 4513 1165 {⁵32³

3490 1203 3728 1269 negetur
4395 1202 4512 1263 730

3409 1270 3771 1350 providentiae
3799 1270 3941 1330 ratio
3967 1269 4150 1330 amica
4175 1269 4308 1329 Deo
4394 1283 4506 1345 275

3410 1351 3775 1446 providentiae
3800 1351 4049 1411 officium
4395 1349 4507 1407 262

3409 1432 3773 1513 providentiae
3797 1431 4020 1492 diffusio
4046 1429 4228 1510 qualis
4395 1446 4513 1506 274

3408 1514 3763 1594 providentia
3789 1532 3889 1572 cur
3915 1533 3950 1572 a
3975 1511 4309 1592 quibusdam
4340 1529 4513 1591 nege-

3493 1608 3585 1655 tur
4394 1610 4512 1670 254

3409 1675 3705 1770 prudentia
3730 1675 3869 1752 quid
4470 1692 4512 1748 9

3407 1756 3707 1837 prudentia
3734 1777 3851 1815 ιιοιι
3879 1754 4074 1815 cadit
4060 1775 4118 1813 ιιι
4147 1755 4339 1814 Deum
4437 1771 4507 1813 12

3407 1837 3776 1917 prudentiam
3790 1836 3994 1915 quibus
4007 1847 4258 1896 versetur
4274 1836 4337 1895 F.
4357 1855 4414 1914 p.
4427 1836 4510 1908 46

3409 1919 3722 1999 prudentiae
3749 1917 4002 1977 definitio
4432 1932 4506 1993 55

3407 2000 3723 2081 prudentiae
3747 2001 4065 2079 subjectum

3413 2082 3628 2141 Psellus
4399 2079 4512 2150 ι89

3411 2162 3748 2222 Ptolemaeus
3784 2157 4226 2253 reprehenditur
4243 2179 4281 2218 a
4314 2178 4508 2219 recen-

3489 2242 3726 2302 tioribus
4161 2239 4284 2300 Fic.
4313 2260 4369 2320 p.
4393 2259 4504 2315 2¹3

3408 2324 3701 2384 Ptolemaei
3720 2323 3792 2382 de
3810 2322 3927 2383 fato
3943 2320 4299 2382 sententiaF.
4319 2342 4374 2400 p.
4386 2323 4506 2395 408

3408 2424 3548 2485 puer
3574 2425 3645 2464 eo
3670 2404 3784 2473 die,
3812 2424 3927 2483 quo
3956 2416 4044 2463 est
4071 2415 4256 2471 natus,
4283 2402 4507 2461 locutus

3408 2499 3710 2661 pugi-’grum
3739 2564 4096 2659 operationes
4122 2484 4275 2658 qlu}
4306 2504 4365 2563 p
4388 2483 4507 2623 682

3407 2647 3566 2729 pugil
3607 2645 3843 2706 scientia
3875 2648 3946 2706 ab
3973 2644 4211 2705 naturali
4253 2645 4510 2724 potentia

3491 2728 3740 2809 pugileq
3745 2727 3992 2787 uomodo
4019 2728 4298 2805 discrepet
4387 2727 4508 2804 576

3406 2750 3740 2950 paleam?
3753 2808 3889 2888 quid
3939 2807 4058 2868 Fic.
4088 2827 4145 2888 p.
4167 2826 4267 2885 91,
4298 2827 4396 2885 92,
4426 2826 4500 2885 93

3407 2911 3725 3053 {sigi-itudo
3766 2973 3828 3030 in
3869 2969 4046 3030 mixto
4086 2982 4153 3029 ut
4189 2905 4501 3109 quamtotius

4392 3070 4424 3110 2
4470 3071 4507 3109 0

3408 3132 3726 3215 pulcritudo
3775 3134 3833 3192 in
3885 3132 4098 3192 mundo
4145 3131 4339 3191 divino
4386 3133 4507 3190 ani-

3490 3234 3640 3274 mam
3703 3214 4166 3275 admirabundam
4220 3211 4506 3292 quomodo

3487 3308 3712 3357 revocet
4387 3295 4500 3370 635

3407 3376 3727 3471 pulcritudo
3742 3396 4013 3470 corporea
4029 3376 4236 3469 duplex
4263 3376 4327 3434 F.
4348 3395 4404 3454 p.
4424 3394 4498 3453 93

3408 3458 3730 3541 pulcritudo
3775 3478 3969 3537 pnmoe
4010 3456 4266 3518 essentiae
4302 3470 4501 3533 suapte

3487 3551 3686 3599 namra
3721 3538 3959 3599 viventis
3995 3553 4083 3599 est
4120 3536 4489 3616 intelligentia

3405 3701 3728 3782 pulcritudo
3755 3720 3872 3759 non
3900 3721 3970 3760 ex
3996 3696 4500 3760 commensuratio·

3489 3802 3562 3842 ne
4422 3798 4494 3856 5¹

3407 3862 3727 3943 pulcritudo
3767 3862 4053 3941 quomodo
4093 3860 4375 3921 cernenda

4192 3941 4309 4001 Fic.
4341 3962 4398 4020 p.
4425 3942 4505 4017 96

3404 4025 3726 4105 pulcritudo
3742 4023 4063 4083 intellectus
4078 4022 4353 4102 imagoF
4358 4043 4412 4100 p.
4425 4042 4504 4099 49

3406 4106 3724 4185 pulcritudo
3749 4118 3962 4183 quanta
3983 4102 4273 4183 voluptate
4302 4103 4507 4243 afficiag

3406 4267 3725 4363 pulcritudo
3750 4266 4037 4361 quomodo
4057 4264 4345 4345 Judieetur
4426 4205 4500 4342 {2

3405 4348 3724 4429 pulcritudo
3764 4348 3822 4407 in
3864 4346 4070 4427 quibus
4109 4345 4330 4405 eluceat

4198 4426 4316 4487 Fic.
4345 4448 4401 4506 p.
4425 4428 4504 4504 96

3405 4511 3726 4590 pulcritudo
3751 4530 3815 4570 ex
3837 4508 4036 4570 ordine
4062 4521 4122 4568 et
4140 4507 4507 4568 distinctione

3487 4591 3662 4651 oritur
4157 4589 4276 4649 Fic.
4305 4610 4363 4668 p.
4385 4606 4505 4666 354

3408 4672 3725 4749 pulcritudo
3767 4673 4096 4751 incorporea
4134 4670 4400 4750 bipartita

4198 4752 4262 4811 F
4248 4772 4317 4812 ¹0
4346 4771 4403 4830 Ρ
4425 4769 4501 4828 93

3407 4834 3727 4913 pulcritudo
3748 4833 3958 4893 mentis
3984 4831 4286 4892 maximam
4310 4833 4504 4910 volup·

3488 4927 3662 4975 tatem
3691 4915 3849 4974 affert
4197 4913 4316 4974 Fic.
4346 4934 4401 4992 p.
4426 4931 4505 4989 94

3407 4996 3728 5076 pulcritudo
3756 4995 3962 5074 duplex
4424 4993 4504 5054 ib.

3408 5077 3729 5218 pulffijglgo
3771 5076 4059 5155 quomodo
4097 5075 4387 5157 judicetur
4425 5076 4505 5214 :in

3406 5239 3726 5333 pulcritudo
3787 5236 3969 5317 prima
4028 5235 4187 5316 quid,
4240 5249 4300 5295 et
4354 5237 4505 5295 unde

3486 5318 3793 5380 aedificetur
4382 5333 4416 5393 5
4424 5333 4497 5393 5ι

3404 5401 3726 5481 pulcritudo
3755 5399 4014 5478 voluptas
4037 5411 4126 5458 est
4201 5396 4318 5456 Fic.
4349 5418 4407 5476 p.
4424 5418 4508 5474 94

3405 5482 3725 5576 pulcritudo
3753 5481 3905 5539 vocis
3933 5480 4086 5539 unde
4426 5479 4505 5538 ib.

3406 5562 3724 5643 pulcritudo
3752 5575 3867 5621 tres
3899 5561 4107 5641 gratias
4146 5573 4509 5653 repraesenmt

4196 5639 4313 5700 Fic.
4343 5661 4404 5719 p.
4427 5661 4505 5721 92
