5118 6613
1082 538 1205 606 252

1080 692 1467 759 Βάκ-ὅτι
1516 689 1592 756 ἂν
1622 693 2017 771 βουληθεῖμεν
2060 695 2463 770 μνημονεῦσαι
2509 692 2593 755 ὧν
2641 693 2770 755 ἴδω-

1079 822 1191 878 μεν
1232 792 1270 876 ἢ
1317 795 1660 873 ἀκούσωμεν
1699 789 1738 873 ἢ
1793 792 1958 856 αὐτοὶ
2008 791 2403 873 ἐννοήσωμεν,
2448 792 2774 877 ὑπέχοντες

1083 898 1229 964 αὐτὸ
1287 902 1414 963 ταῖς
1469 895 1788 975 αἰσθήσεσι
1836 896 1930 959 καὶ
1980 896 2255 970 ἐννοίαις,
2305 897 2769 970 ἆποτυποῦσθαι,

1084 1002 1287 1082 ὥσπερ
1330 998 1655 1063 δακτυλίων
1683 1003 1899 1079 σημεῖα
1935 997 2488 1078 ἐνσημαινομένους.
2578 999 2682 1063 De
2710 997 2772 1062 vi

1082 1102 1289 1170 Activi
1344 1100 1447 1166 ed.
1501 1099 1704 1165 Medii
1750 1099 1878 1165 vid.
1930 1098 2156 1164 Pollux
2205 1098 2269 1165 in
2320 1101 2645 1166 Onomast.
2695 1102 2770 1165 V.

1087 1225 1233 1291 149.
1268 1205 1481 1270 Sturz.
1523 1204 1688 1268 Lex.
1730 1201 2021 1289 Xenoph.
2056 1202 2156 1267 II.
2199 1226 2266 1290 p.
2305 1222 2442 1289 192.
2476 1203 2769 1269 Valcken.

1079 1308 1164 1375 ad
1193 1305 1558 1374 Callimach.
1599 1305 1827 1394 Elegg.
1879 1306 2115 1393 Fragg.
2158 1328 2225 1392 p.
2260 1324 2406 1372 212.
2436 1321 2500 1371 et
2530 1307 2775 1372 Boisso-

1082 1412 1226 1479 nad.
1265 1410 1345 1477 ad
1402 1408 1756 1475 Philostrati
1801 1407 2074 1474 Heroica
2113 1431 2179 1496 p.
2213 1407 2358 1474 286.
2405 1423 2468 1473 et
2511 1432 2575 1497 p.
2623 1428 2771 1495 294.

1083 1516 1345 1595 —Quas
1387 1535 1535 1578 vero
1581 1510 1858 1577 Platonis
1899 1510 1943 1575 l.
1967 1510 2010 1576 l.
2055 1510 2426 1576 imitationes
2462 1511 2771 1579 indicave-

1081 1633 1233 1684 runt
1275 1616 1392 1681 viri
1446 1614 1637 1694 docti,
1689 1616 1825 1680 Ast.
1863 1614 1945 1679 ad
1997 1614 2296 1702 Reipubl.
2347 1613 2454 1679 l.l.
2510 1638 2571 1702 p.
2617 1633 2771 1700 427.

1083 1716 1533 1810 Wyttenbach.
1575 1717 1656 1782 ad
1706 1716 2019 1783 Plutarch.
2052 1740 2117 1804 p.
2149 1717 2295 1803 832.
2330 1732 2395 1781 et
2422 1718 2675 1784 Jacobs.
2710 1718 2773 1783 in

1085 1826 1295 1889 Lectt.
1329 1821 1645 1888 Stobenss.
1677 1844 1739 1909 p.
1771 1841 1905 1902 41.‚
1929 1843 2033 1885 eas
2059 1820 2122 1884 in
2152 1820 2428 1907 ipwrum
2460 1842 2768 1885 commen-

1085 1926 1256 1993 tariis
1282 1924 1618 1991 sectabitur
1648 1925 1891 1990 Graecae
1916 1921 2239 2011 elegantiae
2273 1922 2622 1988 studiosus:
2655 1947 2775 2012 ego

1081 2028 1355 2120 paucula
1395 2027 1715 2116 subjiciam
1761 2025 2187 2115 conjunctiora
2228 2048 2371 2090 cum
2416 2025 2534 2090 loci
2582 2026 2773 2091 nostri

1081 2145 1488 2223 argumento:
1537 2128 1897 2196 Aristoteles
1938 2129 2019 2194 de
2051 2127 2363 2194 Memoria
2388 2152 2443 2193 c.
2485 2148 2541 2192 1.
2572 2149 2635 2215 p.
2672 2147 2771 2215 29,

1088 2235 1424 2326 Sylb.—-o¹'e
1467 2242 1669 2317 φαμεν
1717 2234 1825 2312 τὴν
1876 2232 1999 2312 ἕξιν
2048 2230 2202 2297 εἶναι
2254 2230 2504 2311 μνήμην·
2566 2232 2604 2310 ἡ
2661 2234 2776 2313 γὰρ

1083 2339 1367 2426 γινομένη
1397 2339 1621 2418 κίνησις
1665 2336 2102 2416 ἐνσημαίνεται,
2134 2336 2265 2399 οἷον
2295 2335 2482 2398 τύπον
2510 2336 2645 2397 τινα
2672 2338 2778 2397 τοῦ

1085 2442 1462 2523 αἰσθήματος,
1502 2438 1764 2520 καθάπερ
1800 2441 1859 2503 οἱ
1898 2439 2360 2522 σφραγιζόμενοι
2402 2442 2525 2503 τοῖς
2566 2441 2771 2501 δακτυ-

1082 2549 1255 2616 λίοις.
1348 2543 1626 2631 Scriptor
1671 2542 1966 2621 incertus,
2023 2539 2141 2605 sub
2202 2539 2472 2604 Socratis
2528 2538 2775 2602 nomine

1081 2649 1302 2727 latens,
1349 2670 1449 2735 ap.
1496 2644 1671 2711 Stob.
1723 2642 1939 2709 Floril.
1992 2643 2174 2707 LIV.
2219 2665 2283 2730 p.
2322 2643 2471 2729 369.
2521 2665 2585 2729 p.
2622 2661 2774 2725 409.

1085 2749 1405 2818 Gaisford.
1434 2748 1515 2813 de
1544 2748 1759 2812 Cornu
1790 2743 2181 2810 Amaltheae:
2235 2748 2382 2809 κατὰ
2408 2747 2474 2809 δὲ
2501 2745 2572 2809 τὸ
2605 2743 2775 2825 κέρας

1083 2859 1187 2919 τοῦ
1212 2853 1360 2933 βοὸς
1396 2856 1500 2916 τοῦ
1540 2849 2002 2933 ἐργατικωτάτου
2041 2850 2213 2917 ὄντος
2253 2848 2361 2912 τὸν
2391 2847 2645 2930 ἐργάτην
2677 2849 2771 2911 ἐν·

1085 2957 1501 3036 σημαίνεσθαι.
1591 2953 1751 3030 Quae
1793 2950 2007 3016 eadem
2066 2950 2363 3039 leguntur
2408 2950 2472 3014 in
2521 2941 2773 3014 Arsenii

1083 3056 1345 3123 Violeto.
1421 3054 1768 3143 Gregorius
1811 3054 2109 3119 Nazianz.
2154 3054 2328 3118 Orat.
2369 3054 2469 3118 11.
2499 3052 2580 3117 de
2611 3051 2775 3117 Filio

1081 3184 1149 3250 p.
1189 3160 1333 3227 216.
1364 3157 1466 3223 ed.
1498 3156 1727 3224 Basil.:
1773 3155 1811 3238 ἢ
1853 3158 2000 3221 πότε
2040 3160 2144 3221 τοῦ
2170 3155 2390 3238 πατρὸς
2415 3160 2599 3220 ταῦτα
2627 3181 2772 3238 προ-

1086 3260 1592 3348 ενεργήσαντας,ἢ
1622 3265 1807 3343 δῆλον
1835 3262 1927 3326 ὅτι
1954 3266 2072 3326 τῶν
2101 3261 2292 3326 αὐτῶν
2317 3259 2450 3328 τοὺς
2471 3260 2685 3328 τύπους
2708 3260 2775 3324 ἐν

1086 3369 1434 3450 σημαίνεται
1465 3366 1631 3454 (lege
1674 3366 1809 3433 τοὺς
1854 3367 2068 3433 τύπους
2114 3366 2559 3448 ἐνσημαίνεται)
2600 3365 2711 3443 μὲν
2741 3365 2775 3426 6

1084 3474 1294 3554 πατὴρ,
1327 3473 1592 3535 ἐπιτελεῖ
1616 3470 1682 3534 δὲ
1721 3470 1755 3532 6
1792 3469 1995 3550 λόγος,
2027 3466 2095 3530 οὗ
2126 3470 2423 3540 δουλικῶς,
2455 3466 2593 3529 οὐδὲ
2621 3467 2773 3544 ἆμα-

1086 3584 1217 3652 θῶς,
1248 3574 1388 3642 ἀλλ’
1421 3577 1883 3654 ἐπιστηματικῶς
1919 3597 1986 3637 τε
2017 3573 2111 3636 καὶ
2154 3575 2526 3644 δεσποτικῶς,
2563 3570 2656 3634 καὶ
2684 3572 2774 3633 οῖ-

1087 3682 1383 3762 κειότερον
1419 3681 1608 3742 εἰπεῖν
1642 3681 1951 3757 πατρικῶς.
2047 3672 2442 3762 Pythagoras
2485 3696 2589 3760 ap.
2622 3672 2776 3737 Ovi-

1083 3783 1258 3848 dium
1292 3780 1717 3868 Metamorph.
1751 3781 1894 3843 XV.
1930 3781 2061 3863 169.
2088 3800 2180 3864 sq.
2212 3776 2276 3840 in
2311 3775 2627 3841 Planudea
2644 3797 2778 3839 ver-

1088 3886 1256 3950 sione
1290 3908 1356 3972 p.
1388 3885 1538 3964 664.
1583 3882 1682 3947 ed.
1733 3881 2012 3946 Boisson.
2063 3882 2140 3947 ὧς
2184 3882 2249 3944 δὲ
2296 3879 2468 3962 κηρὸς
2510 3879 2780 3959 εὐπειθὴς

1090 3993 1309 4055 καινοῖς
1338 3988 1755 4066 ἐνσημαίνεται
1793 3987 2195 4067 χαρακτῆρσιν
2225 3982 2336 4056 ἀεὶ,
2371 3983 2467 4046 καὶ
2508 3981 2579 4045 οὗ
2611 3981 2780 4062 μένει

1087 4095 1198 4172 μὲν
1249 4094 1450 4174 ὥσπερ
1500 4095 1644 4169 δῆτα
1689 4090 1786 4153 καὶ
1823 4090 1917 4168 ἦν,
1964 4089 2099 4152 οὐδὲ
2144 4088 2278 4155 τοὺς
2318 4088 2525 4155 αὐτοὺς
2567 4091 2781 4157 τύπους

1090 4193 1395 4278 φυλάττει,
1443 4194 1598 4273 ὅμως
1631 4191 1679 4256 δ’
1717 4194 1751 4256 6
1783 4192 1955 4259 αὐτός
1999 4193 2182 4255 ἐστιν·
2230 4194 2378 4255 οὕτω
2423 4194 2520 4255 διὰ
2562 4192 2780 4260 παντὸς

1091 4296 1198 4376 τὴν
1227 4294 1408 4375 αὐτὴν
1436 4297 1549 4375 μὲν
1576 4295 1728 4359 εἶναι
1753 4294 1960 4378 ψυχὴν
1989 4293 2379 4368 ἆναδιδάσκω,
2414 4297 2497 4361 εἰς
2523 4294 2781 4377 διάφορα

1092 4401 1157 4462 δὲ
1185 4403 1549 4483 μεταφοιτᾷν
1579 4400 1843 4479 σώματα.

1175 4525 1239 4589 p.
1265 4501 1411 4587 856,
1431 4522 1492 4588 3.
1537 4501 1606 4565 τὸ
1634 4503 1700 4565 δὲ
1728 4503 1962 4581 ἀληθὲς,
1989 4499 2243 4580 ἑκάστην
2274 4502 2534 4575 ἐκείνων,
2559 4501 2640 4580 μὴ
2671 4500 2787 4575 (sc.

1094 4604 1437 4689 αἰσθέσθαι)
1468 4609 1573 4669 τοῦ
1601 4606 1667 4669 ἐν
1694 4609 1775 4692 τῷ
1807 4606 2070 4690 δακτύλῳ
2102 4604 2458 4685 ἀλγήματος,
2492 4605 2656 4668 ἄλλα
2678 4605 2786 4683 τὴν

1093 4711 1205 4789 μὲν
1235 4711 1448 4791 ἐφεξῆς
1473 4712 1554 4795 τῷ
1584 4709 1849 4793 δακτύλῳ
1873 4735 1926 4771 κ.
1949 4733 2000 4770 τ.
2019 4707 2113 4795 λ.]
2162 4706 2435 4793 Vigeri0‚
2467 4706 2578 4793 qui
2606 4729 2781 4771 man-

1093 4833 1234 4875 cum
1276 4809 1539 4877 Eusebii
1565 4824 1926 4875 contextum
1966 4832 2044 4873 ex
2091 4808 2443 4873 Plotiniano
2485 4809 2783 4896 explevit,

1097 4925 1140 4955 ‘⁶
1175 4917 1336 4979 Haec
1365 4929 1429 4979 et
1472 4912 1795 5001 sequentia
1834 4912 1979 4978 satis
2020 4911 2319 5000 impedita
2360 4910 2545 4999 longe
2589 4913 2786 5000 magis

1097 5018 1383 5084 intricare
1428 5016 1685 5082 Ficinus
1726 5014 2032 5080 videtur.”
2118 5015 2265 5101 Ego
2316 5013 2466 5077 nihil
2524 5036 2782 5102 magno-

1098 5145 1244 5211 pere
1271 5119 1638 5208 impeditum
1671 5117 1873 5199 video,
1901 5141 2037 5197 nec,
2067 5116 2221 5204 quid
2265 5116 2645 5182 intricaverit
2675 5117 2781 5182 Fi-

1097 5226 1294 5302 cinus‚
1353 5221 1653 5309 intelligo,
1768 5223 1994 5309 Neque
2054 5218 2497 5296 Cudworthus,
2555 5220 2668 5307 qui
2720 5221 2783 5285 in

1104 5331 1450 5415 Systemate
1497 5325 1704 5391 Intell.
1739 5348 1805 5413 p.
1845 5344 2028 5389 1112.
2065 5346 2156 5411 sq.
2202 5322 2373 5387 bunc
2419 5322 2649 5387 Plotini
2692 5323 2784 5387 lo-

1096 5455 1238 5497 cum
1272 5432 1579 5511 tractavit,
1610 5429 1959 5519 quidquam
2005 5442 2117 5494 aut
2149 5428 2230 5495 de
2266 5428 2507 5494 Graecis
2551 5428 2787 5495 Plotini

1097 5551 1208 5600 aut
1237 5535 1316 5599 de
1348 5536 1590 5601 Latinis
1620 5534 1818 5600 Ficini
1849 5531 2268 5620 conqueritur.
2361 5533 2677 5597 Coeterum
2709 5532 2789 5596 de

2054 517 2876 583 ANNOTATIONES
2941 518 3053 582 IN
3116 516 3566 582 PLOTINI

2857 692 3119 756 διαδόσει
3149 689 3406 777 exposui
3447 711 3637 777 supra
3676 689 3759 755 ad
3802 713 3869 779 p.
3899 692 4051 777 363.
4084 693 4209 768 E.;
4254 692 4364 781 qui
4415 694 4550 759 uni·

2856 815 3071 859 versus
3119 792 3289 858 locus
3335 808 3545 857 nostro
3586 815 3729 858 cum
3782 793 3986 882 capite
4026 794 4292 861 conferri
4337 796 4541 875 debet,

2859 895 2989 961 Hic
3020 897 3209 963 verbo
3236 895 3584 962 admonebo
3612 894 3777 961 illius
3805 895 4217 964 dubitationis
4243 923 4342 987 ap.
4381 901 4541 966 Gre-

2856 1022 2992 1088 gor.
3045 1002 3309 1089 Nyssen.
3362 998 3443 1065 de
3489 998 3722 1064 Anima
3769 1021 3833 1087 p.
3884 1019 3971 1085 94
3992 1002 4549 1085 ε-ἆμφιβάλλεται

2858 1105 2975 1185 γὰρ
3007 1104 3128 1167 εἴτε
3153 1103 3222 1167 τὸ
3254 1109 3425 1184 σῶμα
3442 1105 3630 1183 μόνον
3648 1103 3777 1167 ἐστὶ
3805 1103 3875 1167 τὸ
3897 1105 4145 1187 ἆλγοῦν,
4169 1106 4372 1187 λαβὸν
4386 1110 4547 1190 παρὰ

2859 1210 2961 1286 τῆς
2984 1209 3186 1290 ψυχῆς
3211 1207 3320 1285 τὴν
3348 1210 3645 1286 αἴσθησιν,
3670 1208 3813 1287 αὕτη
3842 1209 3908 1271 δὲ
3933 1206 4102 1288 μένει
4130 1208 4373 1290 ἀπαθής.
4427 1213 4548 1276 εἶτε

2862 1309 2957 1373 καὶ
2985 1315 3282 1391 συναλγεῖ
3313 1313 3394 1395 τῷ
3427 1310 3671 1388 σώματι.
3761 1310 3865 1374 De
3905 1333 4038 1397 quo
4069 1311 4156 1376 ibi
4199 1310 4383 1401 plura
4426 1313 4548 1378 dis-

2857 1427 3181 1500 putantur.

2947 1548 3029 1565 —-·
3066 1533 3163 1578 12.
3211 1519 3307 1579 δεῖ
3344 1519 3611 1579 τοιοῦτον
3654 1516 3924 1580 τίθεσθαι
3970 1515 4039 1579 τὸ
4091 1518 4543 1599 αἰσθανόμενον,

2861 1619 3259 1708 οῖον-εῖναι]
3316 1618 3604 1706 Vigerius
3649 1617 3871 1683 vertit:
3923 1626 3968 1657 “
4001 1618 4275 1684 Omnino
4312 1621 4549 1709 quippe

2860 1720 3306 1809 magnitudinis
3326 1735 3531 1809 partes
3552 1719 3688 1785 aliae
3718 1737 3908 1809 atque
3934 1720 4073 1786 aliae
4088 1744 4231 1787 cum
4255 1726 4341 1807 (εἰ
4364 1740 4458 1789 est
4484 1724 4549 1788 in

2861 1823 3140 1889 Eusebio
3168 1847 3372 1911 neque
3401 1847 3549 1889 vero
3577 1822 3641 1888 in
3675 1822 3803 1888 ullo
3832 1823 4067 1890 Codice
4106 1825 4341 1891 Plotini
4369 1850 4405 1891 e
4432 1850 4548 1893 no·

2860 1927 3054 2010 stris),
3100 1926 3406 2014 ejusmodi
3454 1941 3702 2013 oportet
3749 1950 3880 1992 esse
3930 1927 4101 2015 quod
4146 1930 4431 2010 sentitur,
4477 1946 4548 1996 ut

2861 2053 3056 2094 unum
3109 2045 3172 2095 et
3224 2029 3389 2094 idem
3436 2029 3671 2117 ubique
3720 2032 4435 2118 permaneat”—addens
4480 2034 4545 2098 in

2861 2133 3022 2198 notis
3067 2133 3134 2198 τὸ
3175 2136 3611 2215 αἰσθανόμενον
3641 2133 3704 2197 h.
3726 2132 3763 2197 l.
3801 2133 4000 2199 active
4041 2134 4237 2223 accipi
4276 2159 4398 2202 non
4442 2137 4548 2202 de-

2860 2235 3024 2301 bere.
3120 2235 3476 2301 Infeliciter.
3568 2235 3819 2301 Etenim
3866 2237 4174 2302 contraria
4220 2237 4400 2304 docet
4450 2257 4542 2306 to-

2863 2338 2987 2404 tius
3036 2337 3470 2426 disputationis
3511 2361 3712 2404 nexus
3753 2355 3817 2405 et
3872 2341 4049 2406 ratio.
4139 2343 4250 2407 Tu
4296 2346 4547 2413 consule

2865 2441 3344 2519 Cudworffium,
3396 2440 3506 2529 qui
3552 2443 3895 2507 universam
3941 2442 4101 2508 hanc
4149 2464 4543 2533 argumenta-

2862 2544 3089 2609 tionem
3126 2543 3478 2624 illustravit,
3509 2560 3573 2609 et
3615 2568 3801 2632 quem
3848 2546 4032 2611 etiam
4076 2546 4143 2611 in
4183 2571 4259 2612 eo
4300 2567 4549 2616 secutus

2863 2670 3023 2724 sum,
3055 2662 3126 2712 ut
3156 2649 3347 2712 verba
3374 2649 3593 2716 παντὸς
3630 2652 3746 2731 γὰρ
3784 2649 4076 2733 μεγ.-τὸ
4117 2652 4183 2714 δὲ
4222 2653 4378 2717 ἄλλο
4420 2656 4553 2718 ἐστί

2861 2750 2924 2814 in
2973 2750 3335 2815 Parentbesi
3369 2750 3743 2816 incluserim.
3833 2753 4031 2817 Recte
4074 2751 4258 2817 etiam
4310 2757 4550 2843 Taylor

2860 2852 3057 2917 active
3113 2853 3415 2941 expressit
3458 2854 3526 2918 τὸ
3585 2855 4059 2935 αἰσθανόμενονε
4107 2862 4150 2894 “
4180 2855 4287 2921 the
4342 2882 4550 2946 power

2860 2956 3058 3021 which
3089 2955 3456 3044 perceives.'’

2944 3083 3009 3148 p.
3045 3060 3189 3144 857,
3218 3081 3283 3140 4.
3332 3065 3471 3127 Πῶς
3504 3061 3609 3125 οὖν
3648 3060 3900 3144 μέγεθος
3941 3059 4032 3136 ὂν,
4074 3062 4143 3126 τὸ
4183 3064 4263 3143 μὴ
4299 3063 4550 3147 μέγεθος

2861 3163 3084 3242 νοήσει,
3118 3163 3212 3227 καὶ
3239 3166 3318 3248 τῷ
3347 3168 3604 3250 μεριστῷ
3633 3164 3701 3228 τὸ
3735 3164 3816 3244 μὴ
3852 3165 4135 3246 μεριστὸν
4163 3165 4397 3255 νοήσει]
4446 3168 4550 3232 Ita

2859 3264 3110 3356 plurimi
3139 3265 3279 3331 libri
3312 3265 3502 3331 nostri
3533 3281 3596 3332 et
3624 3267 3864 3333 Euseb.
3939 3268 4018 3333 In
4048 3290 4242 3358 marg.
4275 3269 4403 3336 Ed.
4434 3292 4551 3358 pro

2860 3374 2940 3456 τῷ
2968 3374 3223 3456 μεριστῷ
3252 3368 3552 3457 scriptum
3597 3386 3691 3435 est
3723 3371 3790 3434 τὸ
3833 3374 4131 3453 μεριστόν.
4224 3372 4350 3438 Sed
4393 3373 4549 3439 illud

2860 3487 3137 3561 praestan
3168 3487 3232 3537 et
3260 3472 3515 3537 retinuit
3542 3474 3727 3538 etiam
3754 3473 4144 3550 Cudworth;
4188 3498 4379 3564 quem
4407 3500 4549 3543 con-

2862 3575 2995 3640 sule
3022 3576 3103 3640 de
3131 3576 3249 3642 hoc
3276 3592 3506 3664 quarto
3540 3577 3775 3642 Plotini
3813 3591 4183 3666 argumento
4224 3579 4546 3668 disputan·

2863 3694 2985 3744 tem
3016 3702 3080 3767 p.
3124 3699 3308 3765 1113.
3342 3703 3432 3767 sq.

2946 3819 3035 3832 —
3078 3803 3141 3866 9.
3174 3782 3315 3847 αὐτὸ
3339 3782 3612 3856 ἑκάστου,
3637 3782 4386 3872 ἆνάγκη,-γιγνῶσκειν.]
4449 3787 4552 3852 Ita

2864 3884 3003 3949 libri
3026 3886 3212 3950 etiam
3243 3884 3453 3949 nostri.
3500 3885 3817 3950 Eusebius
3837 3900 4084 3951 contra:
4113 3888 4255 3952 αὐτὸ
4278 3891 4546 3964 ἕκαστον,

2863 4010 3051 4075 quam
3084 3987 3402 4052 lectionem
3435 3988 3733 4074 potiorem
3777 4004 3982 4054 censet
4012 3989 4300 4077 Vigerius
4326 4009 4392 4058 et
4429 3995 4551 4059 La-

2865 4090 2995 4155 tina
3023 4090 3223 4155 versio
3264 4090 3525 4155 Eusebii
3568 4091 3655 4156 ita
3699 4091 3918 4156 babet:
3971 4093 4111 4156 “id
4154 4093 4341 4159 etiam
4382 4095 4553 4183 quod

2864 4194 3189 4282 intelligat,
3219 4194 3308 4257 ita
3334 4193 3614 4274 demum,
3647 4194 3693 4258 si
3723 4217 3980 4282 corpore
4008 4194 4271 4260 liberum
4302 4214 4416 4263 aut
4454 4200 4551 4276 sit,

2865 4312 2976 4362 aut
2997 4297 3128 4374 fiat,
3186 4320 3553 4383 cognoscere
3609 4319 3851 4362 necesse
3906 4299 4059 4361 est.”
4147 4301 4227 4363 In
4276 4301 4555 4367 Eusebio

2872 4416 3054 4464 antea
3093 4400 3417 4487 legebatur
3458 4400 3564 4465 τὸν
3609 4405 3750 4465 νοῦν
3788 4402 4059 4480 σώματος
4093 4404 4353 4485 καθαρὸν
4390 4407 4552 4479 ὄντα,

2874 4505 3300 4586 ἐγγιγνόμενον
3355 4505 3728 4586 γιγνώσκειν.
3828 4502 4109 4590 Vigerius
4164 4507 4548 4594 suspicatur:

2873 4606 2940 4670 τὸ
2972 4608 3433 4689 ἐγγιγνόμενονε
3479 4607 3641 4693 quod
3685 4609 3830 4694 ipsa
3866 4608 3938 4669 in
3982 4618 4180 4672 mente
4220 4611 4555 4697 imprima-

2870 4719 2999 4774 tur.
3078 4707 3273 4773 Male.

2954 4849 3045 4863 —
3078 4832 3171 4893 17.
3220 4817 3359 4879 Πῶς
3385 4810 3435 4876 δ’
3468 4812 3542 4875 ἂν
3574 4811 3669 4875 καὶ
3705 4812 3975 4892 σώματος
4009 4815 4180 4882 ὄντος
4206 4818 4307 4894 τῆς
4332 4821 4551 4902 ψυχῆς,

2871 4916 3072 4997 ἀρεταὶ
3101 4916 3292 4993 αὐτῆς,
3339 4915 3699 4997 σωφροσύνη
3731 4914 3826 4978 καὶ
3867 4914 3994 4995 (καὶ
4032 4936 4155 4979 non
4186 4929 4279 4981 est
4313 4916 4375 4982 in
4410 4920 4555 4984 Eu-

2871 5018 3029 5101 seb.)
3057 5019 3393 5097 δικαιοσύνη
3417 5019 3570 5100 (non
3596 5016 3785 5081 habet
3806 5016 3965 5081 Cod.
3994 5017 4165 5103 Ciz.)
4198 5017 4560 5104 [σωζομένης

2874 5119 2997 5184 καθ’
3027 5122 3177 5184 ὅσον
3214 5120 3290 5184 ἂν
3320 5122 3498 5184 αὐτοῦ
3543 5119 4062 5209 μεταλαμβάνῃ.]]
4142 5121 4322 5187 Libri
4368 5128 4561 5190 nostri

2872 5222 3103 5286 habent
3134 5223 3488 5301 σωζόμενον,
3523 5221 3637 5285 nisi
3677 5219 3851 5307 quod
3888 5220 3952 5284 in
3985 5221 4220 5287 Medic.
4256 5227 4336 5288 A.
4373 5236 4559 5303 σωζο-

2871 5323 3050 5406 μένης
3078 5347 3267 5412 supra
3292 5323 3511 5389 lineam
3542 5323 3753 5412 posuit
3782 5324 4054 5389 secunda
4080 5348 4336 5401 manum
4371 5353 4561 5416 quam

2874 5428 3162 5514 equidem
3193 5428 3389 5515 ipsius
3435 5427 3635 5492 Ficini
3675 5450 3805 5491 esse
3842 5427 4132 5507 arbitror,
4165 5430 4276 5516 qui
4304 5454 4448 5495 cum
4481 5432 4570 5499 la-

2876 5530 3117 5596 boranti
3170 5530 3487 5595 sententiae
3533 5552 3891 5595 succurrere
3935 5528 4140 5609 vellet,
4184 5531 4274 5596 ita
4324 5552 4569 5602 mutare
