5118 6613
1310 563 1511 629 ΜΒ.
1561 564 1696 629 lx,
1744 564 2195 630 ENNEAD.
2247 566 2775 631 SECUNDAE.
2821 589 2885 654 p.
2917 567 3281 653 377-385-

552 755 730 822 ‹eg-re
758 743 992 814 tenens,
1022 735 1287 800 vixdum
1326 737 1475 801 bene
1502 743 1733 801 tenens.
1779 736 1928 801 Vid.
1976 736 2245 802 Heindf.

551 836 632 901 ad
662 859 807 902 eum
837 836 1041 902 locum
1074 861 1136 926 p.
1158 859 1267 920 40.
1297 839 1379 905 cf.
1413 840 1558 903 Ast.
1591 839 1673 903 ad
1699 838 1779 903 de
1810 840 2010 928 Legg.
2037 841 2155 905 IV.
2184 859 2238 904 1.

550 962 614 1027 p.
650 958 796 1005 200.
832 953 896 1005 et
925 942 1000 1005 V.
1037 957 1095 1025 7.
1146 965 1209 1030 p.
1247 958 1391 1027 251.
1442 941 1588 1006 item
1636 941 1889 1007 Locella
1926 958 1989 1008 et
2036 941 2245 1007 Peerl-

549 1064 750 1131 camp.
783 1043 864 1108 ad
898 1043 1196 1131 Xenoph.
1232 1044 1470 1131 Ephes.
1501 1067 1562 1132 p.
1585 1064 1733 1130 335.
1779 1046 2014 1110 Jacobs
2043 1044 2243 1110 Addi-

552 1160 762 1210 tamm.
795 1146 1129 1211 Animadd.
1163 1146 1226 1210 in
1259 1147 1490 1212 Athen.
1523 1170 1585 1234 p.
1614 1147 1758 1232 289.
1808 1148 2061 1213 Deinde
2094 1149 2243 1235 jun-

549 1264 714 1334 gunt
756 1249 1084 1338 scriptores
1113 1251 1425 1332 ἀγαπητῶς
1468 1251 1564 1314 καὶ
1605 1252 1796 1330 μόλις,
1829 1267 1901 1315 ut
1930 1250 2244 1316 Aristides

549 1351 609 1415 I.
639 1375 706 1439 p.
732 1353 880 1417 616.
911 1354 1005 1440 (p.
1031 1356 1209 1438 293.)
1239 1351 1474 1417 AElian.
1508 1355 1603 1417 H.
1633 1353 1710 1416 A.
1746 1355 1940 1419 XVI.
1984 1374 2080 1420 12.
2115 1354 2240 1418 vid.

551 1454 847 1520 Schaefer.
893 1471 956 1520 et
1002 1457 1176 1520 Bast.
1227 1454 1308 1519 ad
1354 1457 1625 1543 Gregor.
1663 1456 1949 1522 Corinth.
1994 1480 2058 1545 p.
2097 1460 2235 1543 169.

549 1580 639 1644 sq.
685 1559 917 1623 Noster
937 1557 1130 1646 igitur
1150 1556 1323 1622 locus
1354 1571 1681 1646 propterea
1710 1559 2039 1637 tenendus,
2062 1560 2237 1647 quod

546 1659 791 1725 inverso
817 1660 1035 1726 ordine
1059 1658 1394 1725 formulam
1423 1662 1748 1748 usurpavit
1778 1662 2084 1728 Plotinus,

630 1786 695 1851 p.
726 1764 880 1849 382,
916 1782 1016 1849 13.
1078 1765 1173 1829 καὶ
1218 1764 1326 1844 τὴν
1370 1767 1631 1845 λόξωσιν
1676 1771 1794 1830 τῶν
1837 1767 2080 1853 ζωδίων]
2135 1766 2233 1832 Cf.

543 1864 748 1931 locum
794 1866 1113 1954 geminum
1153 1866 1317 1931 infra
1345 1868 1421 1932 V.
1458 1867 1519 1931 8.
1553 1883 1611 1951 7.
1643 1891 1705 1955 p.
1733 1867 1880 1949 248.
1914 1869 2019 1935 fin.
2063 1885 2126 1934 et
2169 1893 2234 1958 p.

546 1986 689 2054 249.
711 1969 957 2034 ε-ἀλλ’
999 1971 1069 2034 οὗ
1112 1970 1290 2053 χάριν
1336 1973 1369 2034 ὁ
1415 1972 1618 2053 λόγος,
1668 1971 1760 2035 ὅτι
1805 1971 1963 2054 ἔχεις
2002 1975 2116 2053 μὲν
2160 1973 2237 2038 σὺ

545 2074 738 2136 αἰτίαν
769 2075 977 2146 εἰπεῖν,
1009 2070 1078 2138 δι’
1102 2072 1178 2151 ἣν
1207 2075 1274 2137 ἐν
1301 2071 1467 2159 μέσῳ
1496 2074 1533 2153 ἦ
1562 2078 1662 2155 γῆ,
1690 2074 1783 2137 καὶ
1813 2076 1909 2138 διὸ
1936 2076 1999 2138 τί
2023 2101 2236 2157 στρογ-

543 2176 715 2258 γύλη,
751 2176 845 2240 καὶ
875 2178 908 2239 ὁ
934 2175 1113 2254 λοξὸς
1155 2177 1301 2240 διότι
1343 2177 1466 2240 ὡδί.
1545 2174 1807 2240 Procius
1850 2176 1930 2240 de
1975 2177 2233 2265 Sphaera

540 2299 594 2343 c.
627 2298 730 2342 10.
776 2277 954 2357 λοξὸς
974 2276 1050 2342 ’δέ
1080 2280 1210 2342 ἐστι
1248 2280 1458 2344 κύκλος
1486 2279 1520 2341 ὁ
1549 2284 1666 2343 τῶν
1697 2267 1762 2360 a}
1790 2282 2029 2355 ζωδίων.
2106 2282 2231 2368 Sy·

538 2378 748 2444 nesius
795 2379 857 2444 in
905 2378 1378 2468 Epigrammate
1425 2377 1506 2443 de
1553 2379 1917 2444 Astrolabio
1966 2403 2033 2468 p.
2079 2400 2230 2466 311.

540 2480 637 2546 ed.
671 2484 892 2548 Petav.
919 2482 983 2545 in
1014 2480 1328 2546 Analectt.
1363 2481 1514 2546 Grr.
1542 2504 1616 2568 p.
1634 2501 1787 2566 449.
1824 2484 1883 2546 1.
1914 2506 1972 2545 v.
2011 2497 2069 2564 7.
2115 2482 2226 2548 ha-

537 2583 646 2650 bet
695 2586 980 2665 λοξῶσεις
1027 2583 1109 2648 de
1157 2583 1376 2648 eodem
1424 2583 1722 2649 Zodiaco.
1777 2583 1920 2649 vid.
1951 2584 2229 2650 Jacobsii

537 2687 926 2752 Animadvv.
972 2686 1038 2749 in
1084 2683 1353 2749 Anthol.
1403 2686 1520 2750 Gr.
1574 2684 1697 2749 vol.
1742 2686 1828 2750 X.
1879 2709 1946 2773 p.
1996 2706 2230 2771 294.—

538 2790 832 2855 Proxime
863 2789 994 2855 Fic.
1025 2787 1116 2853 ita
1143 2788 1328 2852 vertit
1369 2812 1440 2853 ac
1471 2786 1521 2851 si
1550 2801 1613 2852 et
1642 2790 1975 2864 ἐκταθεῖσα,
2010 2788 2229 2877 legerit

535 2908 599 2958 et
644 2896 1008 2972 ἑξεταθεῖσα,
1043 2905 1117 2956 ut
1159 2890 1225 2954 in
1264 2889 1437 2955 libris
1480 2891 1675 2955 MSS.
1721 2906 1982 2979 excepto
2010 2915 2138 2956 uno
2166 2906 2230 2958 et

533 2997 596 3060 in
645 2995 796 3060 edit.
850 3010 965 3060 est.
1068 2992 1390 3058 Posterius
1438 3015 1563 3057 non
1613 2994 1915 3080 expressit
1965 2994 2223 3084 Taylor.

537 3098 661 3165 Sed
705 3096 1029 3185 sequentia
1069 3096 1316 3175 docent,
1347 3118 1565 3160 verum
1597 3119 1728 3160 esse
1771 3096 1971 3161 solum
2020 3100 2223 3177 ἐξετα-

534 3206 769 3276 σθεῖσα,
828 3215 893 3266 et
946 3200 1230 3279 fortasse,
1291 3211 1365 3263 ut
1422 3198 1668 3277 assolet,
1729 3199 1982 3265 uberius
2038 3201 2226 3266 vertit

533 3303 876 3370 Massilius.
947 3303 1083 3370 Sub
1112 3302 1298 3368 finem
1324 3301 1413 3368 ita
1441 3301 1954 3393 distinguendum
1985 3317 2046 3369 et
2078 3303 2225 3369 scri-

528 3408 803 3474 bendum
833 3406 1025 3471 duxi:
1074 3407 1181 3471 οὗκ
1207 3406 1283 3486 ἦν
1311 3410 1515 3486 δῆλον,
1547 3407 1660 3484 ὅτι,
1691 3408 1841 3472 ὅπου
1870 3406 1945 3471 ἂν
1976 3408 2223 3473 ἔνευσεν

531 3512 674 3599 (pro
702 3510 1080 3597 ἀνένευσεν).
1176 3510 1258 3572 In
1288 3513 1489 3588 δῆλον,
1522 3510 1615 3573 ὅτι
1650 3508 1789 3573 libri
1814 3509 1966 3575 .fere
2007 3523 2257 3574 omnes·

526 3615 947 3701 suffragantur
975 3627 1039 3678 et
1067 3610 1194 3676 vid.
1231 3614 1373 3676 Ast.
1407 3610 1804 3676 Additamm.
1843 3611 1925 3676 ad
1969 3611 2217 3677 Platon.

526 3716 783 3782 Phaedri
814 3717 1164 3780 Comment.
1202 3714 1282 3779 ad
1314 3713 1462 3779 calc.
1512 3713 1814 3802 Reipubl.
1862 3738 1927 3802 p.
1963 3717 2112 3801 635.
2157 3729 2220 3781 et

529 3818 897 3884 Stallbaum.
959 3817 1042 3884 ad
1101 3816 1345 3882 Platon.
1405 3816 1655 3882 Phileb.
1742 3842 1808 3905 p.
1861 3838 2005 3885 102.
2063 3817 2213 3905 ibiq.

523 3921 738 3986 laudd.
786 3923 1245 4009 Argumentum
1290 3919 1465 4008 quod
1511 3921 1755 4000 attinet,
1801 3919 2005 3985 locum
2049 3921 2218 3986 hunc

521 4024 728 4112 attigit
756 4025 1064 4089 Neander
1091 4023 1155 4088 in
1184 4021 1347 4088 libro
1373 4022 1707 4088 vernaculo
1750 4023 1830 4088 de
1873 4024 2218 4088 rationibus

523 4126 966 4192 Gnosticorum
996 4151 1062 4213 p.
1089 4144 1235 4192 212.
1266 4150 1358 4214 sq.
1396 4126 1505 4190 ubi
1533 4125 1686 4192 dicit
1716 4126 1812 4190 his
1838 4126 2043 4192 verbis
2074 4125 2217 4191 Plo-

520 4229 668 4295 tini:
721 4233 775 4295 εἰ
817 4228 865 4295 δ’
896 4230 1315 4309 αὐτὴν-ὅπου
1359 4229 1434 4293 ἂν
1478 4230 1725 4294 ἔνευσεν
1754 4229 2215 4294 Valentinianos

521 4355 600 4397 ex
629 4331 759 4396 suis
786 4330 1102 4420 principiis
1131 4331 1503 4419 respondere
1531 4331 1806 4419 potuisse
1831 4358 1847 4397 ε
1898 4340 1940 4371 “
1961 4331 2218 4398 Abalie-

518 4434 690 4500 natio
734 4435 862 4500 sive
905 4434 1230 4522 sejunctio,
1268 4434 1350 4498 ab
1394 4436 1566 4499 Ente
1612 4436 1747 4517 (τοῦ
1782 4433 2033 4521 Ὄντος)
2081 4436 2217 4523 ipsa

519 4538 866 4625 procreavit
915 4539 1261 4602 Non—ens
1318 4536 1411 4617 (τὸ
1460 4537 1541 4617 μὴ
1589 4534 1802 4617 Ὄν).”
1889 4539 2215 4602 Postremo

517 4639 693 4706 addit
740 4663 956 4728 reapse
1001 4638 1464 4704 Valentinianos
1508 4638 1839 4704 nonnullos
1883 4640 2204 4705 docuisse:

517 4744 803 4808 tenebras
830 4766 907 4808 ex
937 4741 1074 4830 ipsa
1101 4756 1328 4806 natura
1354 4742 1577 4806 animae
1604 4742 1960 4829 progenitas
1987 4767 2135 4808 esse.

598 4868 662 4933 p.
695 4846 849 4931 383,
890 4864 985 4930 15.
1036 4847 1131 4910 καὶ
1170 4847 1246 4913 ὥς
1293 4846 1364 4910 οὗ
1399 4844 1780 4927 λοιδορητέον
1808 4852 1929 4914 τοῖς
1971 4849 2207 4930 χείροσι

514 4954 629 5013 τῶν
656 4948 936 5037 πρώτων]
980 4947 1165 5012 Unde
1195 4945 1583 5039 Ficinusjlla
1610 4947 1870 5012 habeat:
1921 4949 2018 5012 vel
2044 4950 2206 5035 infe-

510 5052 715 5117 viores
741 5072 1039 5115 acmeswre
1064 5072 1383 5139 suprema,
1414 5049 1638 5114 nescio.
1702 5050 1888 5114 Certe
1916 5049 2058 5115 libri
2087 5074 2202 5116 no-

512 5152 620 5218 stri
648 5153 739 5217 nil
767 5152 1058 5217 offerunt.
1150 5154 1494 5241 Propterea
1536 5152 1778 5217 uncinis
1817 5151 2201 5218 inclusimus

512 5254 821 5335 Alterum,
870 5256 970 5320 vel
1007 5276 1442 5342 supremorum
1485 5256 1922 5343 subsequentia
1961 5258 2201 5344 impro-

510 5358 678 5436 bare,
706 5358 916 5422 verbis
945 5357 1186 5424 Graecis
1213 5358 1359 5423 satis
1391 5357 1741 5443 respondet.
1833 5357 2060 5423 Malim
2105 5373 2201 5424 ta-

509 5482 689 5526 men:
735 5462 1052 5548 sup-remis
1079 5460 1407 5525 deteriora.
1479 5460 1754 5548 Taylor:
1806 5462 2009 5527 “And
2007 5463 2204 5547 from

508 5572 615 5628 not
660 5563 1074 5653 considet-ing
1116 5563 1252 5629 that
1295 5564 1700 5630 subordinate
1741 5564 1964 5653 being-s
2004 5567 2204 5654 ought

606 5671 796 5723 VOL.
836 5671 959 5722 111.

3909 587 4029 652 129

2329 746 2439 802 not
2484 747 2545 803 to
2589 739 2783 803 revile
2828 739 2982 804 such
3027 762 3102 805 as
3146 760 3259 803 are
3279 738 3501 825 first.”
3587 736 3689 802 De
3730 761 3859 825 quo
3894 738 4026 827 ipse

2330 839 2573 905 viderit.
3005 855 3012 860 ’

2401 966 2465 1030 p.
2485 943 2570 1029 38
2574 962 2638 1028 3,
2666 964 2690 1006 1
2704 944 2763 1008 8.
2798 943 2860 1008 αἲ
2879 943 2949 1023 δὴ
2971 943 3166 1008 πάντα
3188 945 3435 1026 μείλιχα
3453 944 3769 1026 τεύχουσιν
3791 943 4018 1035 αὐτοῖς]

2331 1048 2507 1111 Ante
2549 1045 2762 1110 oculos
2804 1045 3027 1110 habuit
3061 1045 3308 1110 Pindari
3352 1045 3487 1110 haec
3533 1044 3787 1134 Olymp.
3825 1048 3885 1112 1.
3915 1049 4020 1128 48.

2337 1151 2498 1234 (30.)
2551 1149 2739 1231 Χάρις
2795 1148 2842 1212 δ’
2893 1149 3043 1231 ἅπερ
3101 1149 3334 1213 ἅπαντα
3389 1150 3590 1231 τεύχει
3646 1152 3721 1214 τὰ
3775 1152 4023 1235 μείλιχα

2330 1256 2583 1319 θνατοῖς.

2413 1376 2476 1441 p.
2495 1355 2648 1439 384,
2667 1376 2732 1440 9.
2758 1359 2942 1419 ταῦτα
2968 1354 3037 1418 οὗ
3065 1355 3403 1436 τυραννίδος
3433 1353 3608 1417 ἕνεκα
3637 1355 3704 1418 ἐν
3732 1357 3812 1440 τῷ
3840 1357 4019 1420 παντὶ

2329 1457 2505 1545 ὄντα]
2554 1458 2847 1521 Fuerunt
2888 1455 3050 1520 enim
3096 1454 3258 1520 inter
3302 1455 3631 1521 Gnosticos
3676 1458 4018 1543 praesertim

2327 1558 2605 1645 Ophitae,
2657 1558 2769 1645 qui
2818 1557 3099 1645 opificem
3149 1557 3368 1621 mundi
3427 1556 3558 1640 (τὸν
3611 1558 4014 1643 δημιουργὸν),

2324 1683 2512 1747 quem
2542 1660 2919 1741 ’Ῑαλδαβαὼθ
2948 1658 3368 1748 appellabant,
3399 1682 3716 1748 quemque
3744 1660 4019 1748 planeta-

2322 1785 2463 1827 rum
2508 1763 2852 1851 principem
2892 1785 3204 1829 summum
3251 1762 3641 1841 dictitabant,
3673 1765 4016 1851 superbum

2322 1878 2386 1930 et
2429 1865 2800 1931 malevolum
2843 1889 2973 1931 esse
3014 1865 3326 1932 docerent.
3378 1865 3550 1949 (Vid.
3582 1866 3838 1954 Origen.
3871 1892 4017 1933 con-

2324 1984 2421 2033 tra
2470 1968 2635 2035 Cela
2689 1969 2796 2034 lib.
2832 1970 2954 2033 VI.
3005 1992 3068 2057 p.
3102 1972 3247 2053 296.
3281 1993 3416 2056 sqq.
3468 1968 3567 2034 ed.
3606 1971 3897 2057 Spencer.
3951 1988 4015 2037 et

2320 2071 2533 2135 confer
2553 2073 2830 2137 Gieseler
2847 2072 2909 2135 in
2929 2072 3253 2135 Lehrbucli
3270 2073 3382 2137 der
3391 2072 3464 2137 K
3459 2072 4017 2161 irchengeschz'ckte

2322 2173 2598 2238 Darmst.
2649 2196 2716 2237 u.
2766 2175 2965 2238 Bonn.
3006 2174 3188 2254 1824.
3240 2175 3296 2237 1.
3346 2172 3595 2238 Period.
3634 2175 3689 2238 I.
3751 2176 3909 2239 Sect.
3947 2197 4006 2242 2.

2322 2275 2380 2357 ξ.
2410 2294 2514 2355 42.
2557 2299 2619 2364 p.
2652 2295 2793 2361 125.
2888 2275 3011 2340 Sed
3042 2275 3091 2340 si
3124 2275 3407 2363 proxima
3433 2277 3922 2363 comparaveris:
3972 2280 4012 2344 ἃ

2318 2380 2382 2442 δὲ
2428 2376 2673 2461 λέγεται
2720 2381 2997 2462 γίνεσθαι
3040 2377 3174 2461 παρ’
3226 2378 3438 2453 αὐτῶν,
3490 2383 3705 2458 σημεῖα
3753 2381 4010 2460 νομίζειν

2322 2487 2433 2545 τῶν
2472 2480 2778 2561 ἐσομένων
2823 2480 2996 2559 εἶναι,
3027 2495 3092 2544 et
3132 2480 3182 2544 si
3228 2478 3597 2559 memineriS,
3633 2503 3777 2567 quae
3819 2504 4012 2569 supra

2316 2583 2605 2647 Plotinus
2648 2583 2994 2671 disputavit
3027 2584 3126 2648 II.
3156 2603 3221 2669 3.
3251 2581 3314 2646 in
3344 2582 3526 2662 libro,
3556 2593 3770 2647 utrum
3815 2586 4010 2651 stellae

2313 2696 2540 2776 agant,
2571 2687 2782 2774 potius
2824 2686 2904 2751 de
2947 2685 3021 2750 iis
3063 2685 3181 2750 hoc
3224 2684 3361 2749 loco
3402 2684 3506 2771 agi
3534 2684 3865 2765 existimes,
3897 2688 4007 2775 qui

2314 2806 2623 2855 astrorum
2654 2789 2779 2854 vim
2811 2789 2874 2853 in
2906 2812 3004 2853 res
3031 2788 3425 2875 actionesque
3472 2787 3775 2853 humanas
3812 2812 4006 2877 pone-

2313 2893 2487 2958 bant.
2607 2893 2746 2976 (Cf.
2801 2891 2986 2957 etiam
3042 2890 3330 2978 Origenis
3388 2887 3813 2972 Philocaliam,
3865 2916 4001 2981 cap.

2316 2996 2614 3061 XXIII.
2661 3019 2726 3084 p.
2762 3015 2865 3081 75.
2924 2997 3185 3082 Spenc.:
3236 2993 3386 3076 φέρε
3437 2993 3527 3072 δὴ,
3578 2996 4006 3076 ἀγωνισώμεθα

2316 3101 2412 3164 καὶ
2439 3101 2576 3182 περὶ
2604 3104 2709 3164 τοῦ
2736 3100 2870 3167 τοὺς
2899 3097 3152 3180 ἀστέρας
3177 3101 3450 3177 μηδαμῶς
3488 3095 3639 3161 εἶναι
3677 3099 4007 3178 ποιητικοὺς

2311 3209 2429 3267 τῶν
2458 3205 2526 3267 ἐν
2554 3203 2901 3284 ἀνθρώποις,
2943 3199 3332 3282 σημαντικοὺς
3373 3200 3439 3262 δὲ
3480 3200 3690 3278 μόνον.
3739 3227 3792 3264 κ.
3823 3226 3876 3266 τ.
3908 3206 3998 3285 λ.)

2312 3308 2514 3372 Erant
2571 3323 2778 3370 autem
2838 3303 3001 3369 inter
3052 3301 3405 3380 Gnosticos,
3456 3300 3570 3389 qui
3626 3300 4001 3392 astrologiae‚

2308 3409 2369 3473 h.
2402 3433 2458 3473 e.
2506 3408 2775 3473 scientiae
2815 3430 2892 3471 ex
2938 3405 3120 3471 astris
3159 3405 3378 3469 futura
3423 3404 3766 3483 divinandi,
3807 3405 4002 3472 dediti

2306 3524 2528 3577 essent.
2650 3512 2856 3574 Docet
2909 3508 3293 3597 epigramma
3346 3506 3645 3571 adversus
3705 3509 4000 3574 Marcum

2309 3614 2683 3680 Gnosticum
2740 3611 2910 3700 apud
2972 3613 3285 3675 Irenaeum
3341 3608 3580 3673 advers.
3640 3611 3884 3675 HaereS.
3937 3613 3998 3677 I.

2305 3742 2359 3783 c.
2399 3738 2495 3803 15.
2587 3717 2747 3793 Quae
2777 3730 2981 3779 tamen
3028 3712 3265 3778 somnia
3301 3711 3404 3777 alii
3434 3712 3717 3777 Gnostici
3762 3712 3995 3800 rejicie-

2303 3821 2479 3898 bant,
2510 3818 2573 3883 in
2619 3818 2717 3883 his
2751 3817 3158 3895 BardesaneS,
3188 3815 3300 3903 qui
3327 3815 3722 3880 vehementer
3749 3815 3999 3905 impug-

2304 3923 2493 3988 nabat
2518 3922 2700 3987 istam
2730 3920 3082 4008 opinionem
3113 3919 3192 3983 de
3217 3918 3280 3982 vi
3298 3934 3604 3983 astrorum
3630 3918 3693 3982 in
3724 3918 3999 3984 actiones

2303 4024 2626 4089 hominum
2681 4023 2822 4087 vide
2867 4024 3003 4110 ejus
3048 4022 3368 4109 disputata
3411 4020 3581 4108 apud
3627 4022 3866 4086 Euseb.
3913 4023 3987 4086 P.

2301 4130 2551 4215 Evang.
2590 4128 2710 4192 VI.
2747 4147 2845 4191 10.
2877 4126 2943 4189 in
2972 4125 3114 4189 fine.
3166 4124 3271 4190 Cf.
3303 4124 3494 4189 Frid.
3525 4125 3898 4189 Milnterum
3930 4125 3993 4189 in

2300 4229 2500 4295 libro:
2548 4232 2690 4295 Der
2718 4231 2914 4295 Stern
2942 4230 3056 4292 der
3097 4229 3335 4292 Weisen
3365 4249 3426 4314 p.
3460 4228 3564 4290 61.
3595 4225 3745 4314 ibiq.
3775 4225 3988 4293 laudd.

2299 4334 2365 4398 in
2394 4333 2491 4398 his
2522 4332 2765 4397 Halmii
2798 4331 3207 4396 Bardesanem
3241 4352 3308 4417 p.
3334 4348 3438 4411 24.

2386 4459 2451 4524 p.
2479 4436 2635 4523 385,
2667 4438 2729 4499 6.
2779 4436 2883 4500 οὐκ
2926 4434 3212 4519 ἀκήρατα]
3265 4432 3367 4498 Cf.
3419 4433 3561 4496 III.
3603 4448 3670 4517 5.
3703 4450 3763 4498 2.
3807 4448 3872 4497 et
3910 4435 3990 4498 V.

2309 4559 2365 4604 1.
2400 4558 2501 4620 14.
2533 4537 2644 4603 ubi
2670 4552 2764 4601 est
2791 4535 3077 4619 ἀκήρατος
3106 4541 3256 4604 νοῦς.
3306 4537 3429 4600 Est
3455 4550 3663 4600 autem
3695 4559 3819 4601 vox
3849 4536 3993 4602 Pla-

2297 4640 2501 4706 tonica
2528 4654 2593 4705 et
2617 4639 2700 4705 ad
2732 4639 3062 4728 Synesium
3107 4661 3307 4726 usque
3348 4654 3412 4701 et
3454 4638 3821 4725 posteriores
3861 4639 3985 4704 fre-

2296 4758 2615 4831 quentata.
2670 4742 2810 4807 Vid.
2847 4739 3111 4806 Ruhnk.
3145 4741 3227 4805 ad
3257 4740 3428 4805 Tim.
3462 4741 3623 4807 Lex.
3671 4764 3734 4829 p.
3776 4760 3877 4825 17.
3924 4759 3987 4809 et

2299 4845 2676 4934 Krabingeri
2708 4844 2821 4909 viri
2850 4844 3016 4909 docti
3061 4843 3338 4931 mihique
3379 4843 3727 4908 amicissimi
3770 4862 3981 4911 annot.

2287 4950 2353 5015 in
2387 4948 2716 5038 Synesium
2749 4947 2830 5012 de
2848 4948 3075 5034 Regno
3104 4969 3168 5034 p.
3198 4967 3338 5033 194.
3382 4948 3843 5034 Argumentum
3869 4947 3986 5012 hu-

2279 5053 2390 5140 jus
2434 5050 2704 5116 universi
2751 5050 2869 5115 loci
2913 5049 3088 5138 quod
3131 5049 3375 5128 attinet,
3407 5072 3591 5114 nemo
3634 5051 3822 5115 nescit
3872 5050 3984 5115 has

2290 5155 2482 5220 malas
2520 5169 2684 5219 artes
2713 5154 2846 5241 jam
2895 5152 3006 5217 diu
3051 5153 3379 5240 gliscentes
3408 5152 3678 5218 Paulum
3709 5156 3988 5239 Aposto-

2289 5258 2421 5322 lum
2454 5256 2693 5344 Ephesi
2723 5255 3123 5344 impugnasse
3158 5258 3335 5339 (Act.
3356 5256 3566 5320 XIX.
3592 5275 3689 5341 19.
3721 5258 3794 5318 τὰ
3820 5257 3983 5337 περί-

2290 5386 2456 5443 εργα.
2490 5382 2620 5447 quo
2660 5357 2742 5423 de
2784 5357 2921 5422 loco
2949 5357 3093 5422 vide
3136 5374 3365 5446 praeter
3392 5374 3649 5435 ceteroS‚
3682 5355 3982 5422 Valcken-

2287 5462 2436 5527 aerii
2466 5460 2722 5527 Scholas
2749 5460 2812 5524 in
2844 5461 2929 5524 N.
2965 5462 3047 5524 T.
3081 5462 3138 5525 I.
3173 5482 3238 5547 p.
3260 5462 3411 5544 564.
3447 5483 3538 5546 sq.
3600 5460 3870 5524 Mercer.
3916 5477 3979 5526 et

2291 5562 2763 5630 Schurzfleisch.
2795 5561 2876 5626 ad
2908 5562 3269 5628 Aristaenet.
3303 5563 3575 5627 XVIII.
3609 5582 3671 5649 p.
3694 5574 3840 5643 711.
3873 5562 3974 5630 ed.

2395 5674 2430 5725 S
