5118 6613
1512 555 1714 619 LIB.
1761 555 1820 619 Ι.
1876 554 2330 619 ENNEAD.
2380 554 2769 619 SEXTAE.
2817 577 2882 641 p.
2920 575 3101 637 1044.

569 728 907 794 candorum
949 750 1158 803 causa,
1192 726 1253 792 in
1297 726 1415 792 hac
1458 743 1668 792 nostra
1711 727 1981 792 editione
2012 730 2264 793 Ennea-

567 833 737 896 dum.
813 833 914 895 De
944 830 1051 895 illo
1079 833 1379 918 Dexippo
1409 831 1542 895 haec
1574 853 1684 895 nos
1715 831 1897 895 docet
1929 832 2084 896 Ger.
2105 831 2263 895 Vos-

566 934 692 999 sius
721 935 800 999 de
833 934 1071 1021 Logica
1106 932 1207 998 l.l.
1254 958 1316 1018 p.
1355 953 1474 1019 213
1501 959 1515 998 ε
1567 942 1610 973 “
1639 933 2112 1021 Categoriarum
2144 936 2263 998 Ar-

565 1037 772 1125 chytae
819 1037 1100 1102 meminit
1129 1037 1467 1124 Dexippus
1512 1037 1620 1101 lib.
1659 1038 1714 1102 1.
1762 1061 1820 1101 c.
1854 1038 1912 1101 6.
1961 1036 2106 1102 item
2154 1036 2261 1102 lib.

570 1142 708 1206 ΙΙΙ.
738 1164 793 1205 c.
825 1162 878 1205 1.
918 1140 1024 1204 ubi
1068 1140 1177 1220 ait,
1208 1140 1268 1203 in
1310 1164 1385 1204 eo
1414 1138 1820 1205 Aristotelem
1864 1141 1947 1205 ab
1976 1139 2268 1228 Archyta

567 1243 901 1319 recessisse,
932 1242 1103 1330 quod
1136 1245 1480 1330 quantitati
1511 1242 1868 1329 proximum
1900 1266 1937 1306 a
1968 1243 2261 1307 &abstan-

566 1349 657 1410 tia
705 1345 910 1410 locum
962 1345 1271 1425 tribuerit,
1312 1368 1433 1409 non
1478 1347 1794 1433 qualitati,
1825 1354 1900 1409 ut
1928 1345 2262 1431 Archyta-5,

561 1451 742 1536 cajus
768 1451 1140 1514 sententiam
1170 1450 1384 1537 magis
1401 1450 1714 1535 probabat
1741 1449 2055 1514 Plotinae.
2144 1451 2267 1515 Est

566 1550 665 1616 hic
708 1554 1047 1639 Dexippus
1092 1553 1467 1615 Herennius
1513 1552 1936 1630 AtheniensiS,
1985 1552 2093 1639 qui
2147 1554 2264 1618 sub

567 1655 900 1719 Aureliano
929 1670 992 1719 et
1027 1654 1229 1718 Probo
1261 1655 1472 1741 Impp.
1508 1654 1692 1732 vixit,
1725 1654 1855 1720 dux
1887 1654 2051 1720 bello
2092 1680 2266 1743 egre-

563 1757 725 1845 gius,
760 1758 1088 1823 Iamblichi
1119 1757 1464 1846 discipulus
1503 1758 1614 1845 qui
1658 1774 1886 1846 proeter
1913 1759 2145 1823 librum
2187 1760 2264 1824 de

570 1862 931 1950 Categoriis
970 1862 1279 1925 adversus
1307 1861 1653 1938 Plotinum,
1689 1863 1918 1943 (Hunc
1957 1860 2157 1926 solum
2198 1886 2263 1926 se

564 1963 780 2051 legisse
833 1964 986 2029 dicit
1035 1965 1082 2028 J
1085 1989 1143 2029 o.
1181 1965 1450 2028 Tzetzes
1502 1963 1774 2029 Chiliad.
1827 1965 1959 2028 IX.
2013 1964 2256 2030 Histor.

568 2087 707 2151 274·
740 2092 800 2131 V·
824 2087 1205 2152 497—4992

562 2176 822 2247 Δέξιππος
849 2178 878 2229 ὁ
905 2177 1230 2247 φιλόσοφος,
1259 2172 1461 2245 μύστης
1487 2174 1558 2228 ὧν
1579 2173 1906 2246 Ἰαμβλίχου,

558 2276 748 2328 Πολλὰ
772 2275 866 2345 μὲν
893 2274 1265 2347 συνεγράψατο
1291 2274 1372 2327 καὶ
1400 2272 1547 2345 ἔτερα
1573 2273 1780 2339 βιβλία,

566 2370 656 2427 Ἐν
674 2377 749 2448 τῷ
772 2375 846 2428 ἐνὶ
873 2374 1113 2443 ἐνέτυχον
1132 2375 1207 2447 τῷ
1231 2373 1304 2429 εἷς
1328 2371 1649 2444 κατηγορίας.
1685 2370 1810 2448 [An
1830 2370 1943 2449 leg.
1970 2372 2026 2426 ἐν
2045 2375 2157 2431 τοῖς
2168 2371 2256 2449 ?])

561 2481 743 2546 etiam
779 2506 875 2546 res
907 2482 1350 2548 Macedonicas
1392 2506 1465 2547 ac
1512 2481 1834 2570 Scythicas
1874 2482 2068 2548 literis
2109 2508 2255 2548 con-

561 2583 843 2671 signavit.
910 2587 1053 2664 Qua
1088 2584 1169 2649 de
1213 2609 1279 2649 re
1325 2583 1612 2672 pluribus
1660 2584 1793 2649 dixi
1827 2587 1967 2650 111.
2002 2588 2146 2652 Lib.
2178 2587 2259 2651 de

565 2686 899 2752 Historicis
930 2687 1174 2752 Graecis
1201 2710 1341 2774 cap.
1381 2689 1475 2751 16.
1538 2696 1580 2726 “
1607 2689 1698 2751 Ac
1730 2688 1990 2775 proinde
2019 2712 2094 2752 ex
2126 2688 2260 2776 ipsa

562 2789 1022 2854 Platonicorum
1064 2789 1348 2878 adeoque
1380 2789 1820 2855 Plotinicorum
1866 2791 2102 2856 familia
2143 2793 2255 2857 ad-

559 2915 773 2957 versus
834 2893 1158 2957 Plotinum
1227 2893 1554 2958 Aristoteli
1619 2893 1941 2959 exstiterat
2002 2894 2254 2959 vindex.

558 2996 761 3074 Quam
793 2996 876 3060 ob
906 3019 1038 3060 rem
1069 2995 1423 3061 consultum
1453 2995 1754 3061 duximus
1797 2998 1862 3061 in
1907 2998 2252 3063 annotatio-

553 3120 632 3162 ne
659 3099 722 3162 in
754 3099 869 3163 hos
899 3098 1275 3164 Plotinianos
1319 3097 1507 3163 libros
1548 3115 1609 3163 et
1655 3099 2040 3187 reliquorum
2087 3099 2253 3165 locos

552 3223 887 3289 apponere,
916 3201 1025 3289 qui
1052 3201 1276 3267 Plotini
1308 3202 1681 3267 mentionem
1712 3203 1976 3284 faciunt,
2010 3204 2247 3269 Aristo-

558 3303 693 3369 telis
728 3305 1140 3393 interpretum
1172 3322 1478 3384 veterum,
1508 3322 1571 3371 et
1601 3330 1749 3372 vero
1775 3306 1972 3394 ipsius
1998 3331 2253 3396 quoque

556 3407 861 3496 Dexippi,
893 3431 1022 3495 quo
1049 3420 1113 3474 et
1146 3408 1371 3474 Plotini
1416 3410 1573 3474 ratio
1618 3410 1682 3474 in
1726 3410 1843 3475 hac
1889 3412 2249 3499 Categoria-

555 3534 693 3576 rum
726 3510 1009 3577 doctrina
1036 3536 1178 3577 cum
1211 3513 1528 3601 Archytae,
1562 3511 1843 3578 Platonis
1873 3514 2247 3579 Aristotelis-

554 3639 679 3702 que
727 3615 965 3680 ratione
1009 3615 1352 3702 comparari
1400 3631 1593 3703 queat
1639 3632 1703 3681 et
1752 3616 2037 3705 intelligi,
2090 3641 2247 3705 quo-

554 3719 742 3784 modo
769 3741 888 3806 pro
908 3718 1239 3784 Aristotele
1267 3731 1483 3783 contra
1508 3719 1828 3784 Plotinum
1860 3744 2077 3785 rursus
2106 3744 2252 3785 cau-

552 3844 681 3886 sam
703 3820 978 3886 dixerint
1008 3821 1372 3908 posteriores
1401 3822 1758 3910 philosophi
1783 3823 2012 3889 Graeci.
2064 3822 2252 3889 Plura

550 3925 629 3990 de
657 3924 956 4013 Dexippo
995 3924 1269 3990 diximus
1296 3925 1363 3989 in
1398 3925 1859 4013 Prolegomenis
1886 3926 1965 3989 ad
2000 3928 2060 4008 ξ.
2087 3927 2245 3990 VII.

548 4043 673 4094 not.
719 4049 784 4115 3.
877 4027 1230 4116 Simplicius
1287 4028 1374 4114 (in
1427 4029 1746 4116 Categorr.
1797 4028 2062 4093 Aristot.
2112 4029 2242 4093 Ed.

554 4131 742 4196 Basil.
784 4149 967 4217 1551.
1023 4129 1165 4216 fol.)
1212 4131 1351 4197 Fol.
1398 4154 1445 4196 1.
1479 4155 1537 4196 a.
1586 4130 1961 4196 enumeratis
2010 4131 2249 4195 caeteris

549 4233 956 4322 philosophis,
988 4233 1099 4321 qui
1128 4234 1298 4298 vario
1334 4234 1587 4299 consilio
1616 4234 1696 4299 de
1727 4233 2072 4322 Categoriis
2104 4234 2242 4299 Ari-

550 4336 784 4403 stotelis
811 4336 1186 4425 scripserint,
1217 4337 1297 4402 de
1329 4337 1573 4403 Plotino
1600 4340 1725 4402 ita:
1776 4343 2087 4405 Πλωτῖνος
2114 4340 2179 4402 δὲ
2209 4340 2242 4401 ὁ

549 4441 735 4525 μέγας
765 4443 863 4506 ἐπὶ
882 4440 1108 4509 τούτοις
1130 4445 1235 4510 τὰς
1261 4440 1920 4525 πραγματειωὸεστέρας
1950 4440 2245 4521 ἐξετάσεις

552 4547 619 4608 ἐν
656 4545 850 4627 τρισὶν
895 4545 1058 4611 ὅλοις
1104 4546 1374 4625 βιβλίοις
1418 4550 1540 4612 τοῖς
1583 4545 1718 4626 περὶ
1755 4550 1873 4609 τῶν
1910 4551 2105 4627 γενῶν
2140 4548 2245 4609 τοῦ

548 4649 717 4714 ὄντος
761 4645 1286 4729 ἑπιγεγραμμένοις
1330 4649 1410 4731 τῷ
1454 4649 1574 4708 τῶν
1622 4649 1982 4726 κατηγοριῶν
2015 4647 2241 4731 βιβλίῳ

546 4748 893 4832 προσήγαγε
926 4794 940 4809 .
976 4795 992 4811 .
1027 4799 1040 4812 .
1069 4748 1186 4812 Καὶ
1218 4747 1518 4827 Δέξιππος
1566 4749 1632 4811 δὲ
1676 4749 1709 4810 ὁ
1748 4745 2106 4830 Ἰαμβλίχου
2149 4748 2243 4812 καὶ

545 4853 718 4920 αὐτὸς
758 4853 871 4931 μὲν
906 4850 974 4914 τὸ
1018 4855 1123 4915 τοῦ
1155 4849 1612 4932 Ἀριστοτέλους
1647 4851 1902 4931 βιβλίον
1938 4847 2241 4930 συντόμως

545 4955 893 5039 ἐξηγήσατο·
936 4953 1389 5037 προηγουμένως
1424 4956 1488 5017 δὲ
1516 4957 1621 5020 τὰς
1649 4955 1963 5017 Πλωτίνου
1994 4954 2241 5034 ἀπορίας

546 5061 621 5127 ὣς
650 5061 719 5123 ἐν
749 5053 1007 5143 διαλόγῳ
1044 5055 1502 5138 προτεινομένας
1545 5056 1699 5141 αὐτῷ
1743 5053 2006 5120 διαλύειν
2032 5057 2232 5137 προτί-

546 5167 728 5227 θεται.
823 5160 1027 5242 (Nota
1069 5157 1570 5223 transcribentis:
1634 5158 1926 5223 Plotinus
1967 5159 2030 5221 in
2075 5158 2236 5222 libro

543 5262 641 5329 cui
684 5260 907 5327 titulus
944 5274 1113 5324 erat:
1162 5261 1297 5343 περὶ
1324 5264 1445 5325 τῶν
1471 5264 1666 5344 γενῶν
1691 5265 1798 5325 τοῦ
1824 5262 2017 5335 ὄντος,
2047 5259 2230 5324 dubi·

543 5365 805 5432 tationes
833 5362 912 5428 de
945 5363 1292 5454 Categoriis
1323 5362 1669 5428 Aristotelis
1696 5361 2048 5449 collegerat.
2099 5364 2230 5427 Ita-

541 5491 665 5556 que
695 5466 742 5531 si
775 5468 1035 5548 ἀποριῶν
1067 5463 1298 5529 Plotini
1338 5466 1401 5528 in
1447 5479 1658 5529 nostro
1687 5464 1847 5529 libro
1875 5463 2109 5528 mentio
2136 5464 2230 5544 fit,

540 5572 667 5637 veri
713 5567 910 5634 simile
956 5590 1060 5631 eas
1104 5591 1185 5632 ex
1226 5565 1414 5632 allato
1459 5567 1620 5632 libro
1661 5579 1898 5631 sumtas
1945 5590 2076 5631 esse
2122 5568 2231 5654 qui

633 5678 825 5731 VOL.
863 5676 993 5728 111.

3923 575 4046 640 321

2354 749 2803 813 nonnunquam
2850 727 3032 791 etiam
3064 752 3103 791 a
3135 727 3453 816 Simplicio
3495 728 3851 792 nominatur
3882 729 4042 810 (vid.

2352 829 2459 895 fol.
2482 849 2589 915 32.
2611 830 2702 914 b).
2737 832 2795 893 A
2830 831 3080 895 Plotino
3105 847 3313 896 autem
3346 831 3696 919 Categoriae
3723 830 3875 917 ipsae
3902 832 4048 915 γένη

2352 938 2458 998 τοῦ
2499 935 2671 1000 ὄντος
2713 949 3031 998 vocantur.
3081 933 3239 1015 (vid.
3283 933 3390 999 fol.
3421 955 3482 1016 4.
3516 935 3612 1019 b.)
3706 933 3832 999 Ubi
3883 934 4041 997 Sim-

2353 1034 2577 1122 plicius
2605 1034 2685 1100 de
2716 1036 2900 1100 variis
2928 1037 3128 1102 modis
3156 1037 3309 1125 agit,
3340 1038 3572 1124 quibus
3601 1037 3699 1103 hic
3729 1037 3887 1103 liber
3910 1038 4047 1101 Ari-

2351 1139 2586 1204 stotelis
2612 1139 3011 1219 inscribatur,
3044 1144 3125 1205 Οἱ
3153 1144 3238 1216 δὲ,
3271 1141 3380 1220 ait,
3410 1144 3546 1224 περὶ
3573 1147 3690 1207 τῶν
3719 1146 3914 1224 γενῶν
3941 1147 4048 1205 τοῦ

2350 1245 2521 1311 ὄντος
2549 1240 2586 1324 ἢ
2614 1244 2749 1325 περὶ
2792 1247 2910 1307 τῶν
2955 1243 3096 1308 δέκα
3138 1248 3333 1327 γενῶν
3362 1244 3809 1328 ἐπιγράφοντες,
3842 1247 4044 1327 ὥσπερ

2354 1347 2449 1410 καὶ
2474 1348 2767 1432 Πλωτίνῳ
2790 1352 2956 1411 δοκεῖ
2980 1349 3049 1411 έν
3071 1351 3140 1428 τῇ
3168 1347 3315 1430 πρὸς
3343 1348 3522 1415 αὐτὰς
3548 1349 3875 1432 ἀντιλογίᾳ,
3900 1347 4047 1428 πρὸς

2351 1453 2426 1513 τὰ
2452 1449 2769 1532 πράγματα
2807 1451 3078 1532 ἀφορῶσι
3112 1451 3319 1530 μόνον,
3352 1449 3491 1515 ἀλλ’
3523 1452 3593 1515 οὗ
3630 1450 3775 1533 πρὸς
3803 1450 3909 1513 τὸν
3935 1458 4040 1513 λο-

2351 1553 2619 1634 γιστικὸν
2660 1554 2907 1617 σκοπόν·
2955 1556 3030 1616 τὸ,
3066 1557 3181 1636 γὰρ
3223 1554 3370 1637 γένη
3414 1558 3521 1619 τοῦ
3565 1556 3736 1621 ὄντος
3782 1554 3931 1618 αὐτὰ
3972 1557 4045 1616 τὰ

2349 1653 2667 1738 πράγματά
2696 1657 2879 1718 ἐστιν.
2973 1655 3415 1744 Intelligentiae
3459 1656 3836 1745 adjuvandae
3862 1679 4048 1720 causa

2348 1778 2657 1844 apponam
2691 1756 2894 1822 locum
2926 1781 3002 1821 ex
3038 1758 3365 1846 Porphyrii
3400 1761 3668 1848 Isagoge
3695 1760 3758 1823 in
3784 1762 4049 1847 Catego-

2351 1860 2473 1924 rias
2504 1884 2557 1925 c.
2587 1862 2685 1925 ΙΙ.
2722 1884 2785 1947 p.
2807 1862 2956 1946 384.
2990 1861 3200 1926 Buhlii
3224 1887 3239 1926 ε
3288 1862 3546 1945 Λέγεται
3573 1867 3689 1946 γὰρ
3717 1863 3786 1926 τὸ
3811 1865 3924 1943 μὲν
3951 1887 4050 1946 γε-

2350 1965 2670 2028 νικώτατον
2711 1966 2858 2028 κατὰ
2895 1963 3136 2029 πάντων
3163 1969 3282 2031 τῶν
3308 1965 3410 2048 ὑφ’
3443 1967 3585 2031 αὐτὸ
3624 1971 3818 2050 γενῶν
3845 1986 3912 2029 τε
3953 1969 4049 2030 καὶ

2348 2069 2521 2130 εἰδῶν
2552 2066 2647 2130 καὶ
2678 2069 2930 2147 ἀτόμων·
2977 2067 3045 2130 τὸ
3077 2070 3142 2132 δὲ
3171 2068 3348 2151 γένος
3375 2069 3441 2132 τὸ
3471 2067 3586 2151 πρὸ
3615 2073 3722 2133 τοῦ
3749 2069 4046 2133 είδικωτά-

2346 2194 2451 2234 του
2499 2172 2648 2233 κατὰ
2686 2169 2926 2234 πάντων
2963 2175 3082 2234 τῶν
3123 2171 3523 2247 εἰδικωτάτων,
3560 2173 3654 2236 καὶ
3694 2169 3948 2252 ἀτόμων,
3977 2173 4044 2235 τὸ

2347 2274 2411 2335 δὲ
2439 2270 2628 2351 μόνον
2659 2272 2810 2340 εἶδος
2840 2276 2988 2338 κατὰ
3014 2272 3253 2338 πάντων
3281 2278 3398 2339 τῶν
3425 2273 3677 2355 ἀτόμων·
3719 2273 3788 2338 τὸ
3816 2277 3879 2338 δὲ
3911 2276 4045 2338 ἄτο-

2344 2401 2460 2454 μον
2506 2375 2602 2458 ἐφ’
2638 2373 2769 2443 ἑνὸς
2814 2374 3000 2455 μόνου
3046 2380 3171 2441 τῶν
3219 2382 3366 2443 κατὰ
3409 2377 4045 2461 μέρος.-Περιέχεται

2344 2479 2452 2541 οὖν
2475 2476 2543 2543 τὸ
2571 2481 2684 2559 μὲν
2712 2480 2933 2557 ἄτομον
2970 2477 3086 2544 ὑπὸ
3133 2485 3240 2544 τοῦ
3284 2483 3492 2560 εἴδους,
3521 2482 3588 2545 τὸ
3630 2483 3696 2545 δὲ
3736 2481 3889 2547 εἶδος
3929 2480 4042 2544 ὑπὸ

2346 2584 2451 2644 τοῦ
2478 2580 2712 2663 γένους,
2745 2582 2894 2645 ὅλον
2924 2580 3039 2663 γάρ
3070 2607 3126 2645 τι
3156 2582 3225 2645 τὸ
3252 2581 3446 2665 γένος·
3493 2583 3561 2646 τὸ
3594 2585 3659 2646 δὲ
3688 2584 3910 2661 ἄτομον
3936 2582 4042 2661 μέ-

2344 2707 2464 2766 ρος·
2517 2685 2585 2748 τὸ
2631 2687 2696 2749 δὲ
2744 2685 2896 2752 εἶδος
2941 2687 3036 2751 καὶ
3081 2688 3232 2752 ὅλον
3279 2688 3374 2751 καὶ
3413 2687 3610 2769 μέρος.
3719 2694 3763 2727 “
3793 2687 4044 2751 Dicitur

2345 2787 2506 2851 enim
2539 2787 3068 2875 generalissimum
3101 2787 3181 2853 de
3208 2788 3502 2855 omnibus
3536 2790 3655 2855 sub
3684 2790 3823 2878 ipso
3843 2811 4039 2878 gene-

2343 2892 2547 2969 ribus,
2595 2891 2910 2978 speciebus
2958 2904 3022 2955 et
3071 2892 3430 2958 individuis
3452 2919 3474 2957 .·
3531 2894 3754 2958 Genus
3804 2907 4039 2969 autem,

2343 2993 2514 3081 quod
2559 3009 2704 3059 ante
2748 2993 3252 3081 specialissimum
3295 3010 3410 3074 est,
3440 2995 3521 3060 de
3561 2996 3854 3060 omnibus
3896 3018 4040 3084 spe-

2341 3096 2681 3161 cialissimis
2712 3111 2775 3161 et
2803 3097 3173 3171 individuis;
3207 3097 3603 3164 individuum
3628 3122 3777 3163 vero
3804 3099 3884 3163 de
3914 3121 4042 3163 uno

2340 3199 2471 3263 solo
2526 3197 3384 3287 particulari.—Continetur
3438 3225 3589 3289 ergo
3643 3201 4037 3266 individuum

2339 3302 2458 3367 sub
2489 3301 2715 3390 specie,
2739 3302 2971 3390 species
3001 3303 3121 3369 sub
3147 3327 3390 3391 genere.
3453 3305 3619 3369 Nam
3650 3320 3853 3370 totum
3883 3306 4040 3393 quid

2336 3429 2537 3493 genus
2567 3421 2697 3479 est;
2746 3404 3138 3470 individuum
3185 3420 3394 3471 autem
3442 3432 3585 3496 pars
3628 3421 3757 3482 est;
3808 3409 4039 3496 species

2338 3532 2487 3573 vero
2513 3521 2577 3573 et
2608 3523 2807 3574 totum
2840 3523 2903 3573 et
2930 3511 3134 3596 pars.''
3213 3508 3413 3574 Plura
3440 3534 3516 3574 ex
3549 3510 3668 3575 hoc
3696 3511 3831 3575 loco
3859 3512 4033 3576 exhi-

2339 3612 2591 3676 buimus
2618 3612 2700 3676 ad
2731 3611 3252 3700 olympiodorum
3283 3611 3348 3675 in
3383 3611 3582 3678 Alcib.
3617 3637 3712 3701 pr.
3743 3637 3797 3678 c.
3825 3633 3932 3699 34.
3965 3637 4029 3702 p.

2339 3733 2485 3794 204.
2513 3735 2703 3800 quem
2731 3714 2961 3779 confer.
3038 3715 3098 3778 E
3127 3715 3592 3795 recentioribus,
3624 3731 3699 3781 ut
3728 3717 3844 3782 hoc
3873 3737 4030 3804 quo-

2336 3842 2463 3905 que
2503 3816 2795 3896 delibem,
2825 3817 2905 3882 de
2937 3817 3292 3883 Dialectica.
3385 3819 3636 3900 Plotini,
3664 3835 3724 3886 et
3764 3822 3919 3908 quid
3964 3822 4030 3885 in

2336 3919 2780 4008 oppugnandis
2829 3919 3069 4008 placitis
3112 3920 3508 3987 Aristoteleae
3555 3924 4029 4012 Categoriarum

2336 4022 2635 4089 doctrinae
2678 4023 3170 4110 reprehenderit,
3209 4024 3311 4089 hic
3353 4024 3788 4114 philosophuS,
3817 4029 4032 4116 paucis

2333 4126 2463 4212 egit
2492 4124 2795 4190 Brucker.
2826 4125 2889 4190 in
2924 4127 3093 4191 Hist.
3120 4127 3275 4192 Crit.
3301 4126 3535 4193 Philos.
3560 4131 3647 4194 T.
3673 4131 3774 4194 11.
3797 4154 3863 4216 p.
3881 4149 4027 4215 393.

2337 4228 2637 4294 Pluribus
2681 4229 2896 4294 eadem
2947 4245 3312 4317 persecutus
3356 4246 3449 4296 est
3491 4234 3551 4297 Τ
3550 4255 3919 4298 ennemann.
3963 4233 4027 4296 in

2336 4331 2504 4395 Hist.
2532 4330 2766 4396 Philos.
2790 4332 2911 4396 VI.
2947 4354 3013 4418 p.
3048 4351 3186 4418 175.
3229 4357 3391 4420 sqq.,
3422 4335 3533 4421 qui
3561 4347 3625 4399 et
3654 4335 3774 4399 alia
3802 4352 3864 4400 et
3892 4334 4028 4399 haec

2329 4433 2721 4520 potissimum
2781 4446 3124 4499 monstrare
3181 4435 3473 4515 instituit,
3529 4436 3804 4524 primum
3865 4437 4026 4502 inter

2330 4535 2733 4624 philosophos
2765 4534 3082 4600 Plotinum
3127 4535 3189 4600 in
3236 4538 3548 4625 Stagiritae
3592 4538 3803 4604 decem
3838 4541 4026 4604 Cate-

2327 4638 2518 4726 goriis
2565 4636 2865 4703 nonnulla
2908 4653 3074 4703 recte
3119 4640 3594 4727 reprehendere,
3641 4642 3833 4730 idque
3878 4665 4022 4706 eum

2327 4743 2599 4807 maxime
2626 4765 2834 4830 agere,
2860 4757 2932 4807 ut
2960 4742 3199 4822 doceat,
3224 4767 3327 4808 eas
3351 4746 3712 4834 Categorias
3741 4769 3864 4810 non
3894 4770 4025 4811 esse

2324 4845 2557 4934 primas
2579 4846 2861 4911 notiones
2880 4845 3279 4933 ontologicaS,
3303 4847 3566 4935 proinde
3594 4850 3867 4914 secundo
3888 4850 4024 4912 loco

2324 4949 2531 5037 ipsum
2555 4949 2870 5014 Plotinum
2892 4972 3145 5036 operam
3167 4949 3431 5028 dedisse,
3453 4966 3523 5015 ut
3544 4967 3789 5016 erueret
3813 4951 4022 5038 primi-

2322 5053 2535 5139 genias
2566 5051 2846 5117 notiones
2874 5075 3107 5131 rerum,
3139 5076 3337 5140 eoque
3373 5053 3642 5119 scientiae
3668 5054 4015 5141 objectivoe,

2322 5180 2467 5243 quae
2495 5154 2750 5234 dicitur,
2777 5155 3188 5221 fundamenta
3205 5156 3462 5244 jaceret.
3530 5158 3778 5222 Genera
3805 5169 4013 5221 autem

2324 5262 2427 5342 (τᾶ
2454 5258 2601 5343 γένη
2639 5264 2745 5324 τοῦ
2782 5262 2982 5345 ὄντος)
3017 5259 3331 5325 Plotinum
3376 5260 3465 5325 ita
3507 5260 3699 5349 accipi
3731 5260 3907 5339 velle,
3942 5277 4014 5327 ut

2321 5361 2444 5426 sint
2486 5361 2769 5426 notiones
2813 5360 3120 5450 simplices
3165 5386 3370 5451 neque
3411 5362 3664 5428 aliunde
3710 5362 4016 5429 ducendae

2319 5464 2824 5552 praedicatorum,
2865 5488 3011 5552 quae
3053 5466 3242 5531 rebus
3290 5472 3365 5550 (s.
3396 5466 3682 5555 objectis)
3724 5467 4015 5533 omnibus

2318 5566 2576 5632 attribui
2608 5566 2898 5646 debeant,
2930 5584 2992 5634 et
3028 5591 3171 5655 quae
3200 5568 3502 5658 principia
3543 5571 3664 5635 sint
3707 5573 4005 5639 constitu-

2486 5677 2536 5727 T
2575 5666 2608 5727 t
