5118 6613
1322 519 1526 585 LIB.
1562 520 1725 585 VII.
1769 521 2245 587 ENNEAD.
2294 523 2684 589 SEXTAE.
2736 547 2805 611 p.
2842 540 3286 611 1321—1327.

556 690 959 756 celebratum.
1049 689 1294 756 Sufficit
1321 690 1457 756 haec
1487 692 1635 757 bina
1671 692 2053 760 adscribere:
2105 697 2260 759 Pro-

559 793 793 861 clusin
825 794 1142 860 Timaeum
1187 819 1252 883 p.
1277 814 1442 880 330:
1493 796 1674 865 ἄνθος
1713 799 1945 879 νοερόν.
2035 797 2253 886 Olym-

555 897 796 987 piodor.
829 898 894 962 in
924 898 1130 964 Alcib.
1163 922 1261 986 pr.
1290 899 1386 963 11.
1420 922 1482 985 p.
1518 920 1674 986 109:
1726 900 1946 969 κάλλος
1974 902 2043 965 τὸ
2079 904 2260 972 ἄνθος

560 1006 664 1066 τοῦ
691 1005 899 1070 εἴδους.

637 1128 704 1192 p.
743 1123 929 1191 1324,
957 1122 1019 1189 5.
1075 1104 1754 1187 Διὸ-φευκτέον-ἵνα
1795 1106 1876 1186 μὴ
1920 1108 2257 1189 ἐκπέσῃς-

557 1210 638 1275 είς
676 1206 1021 1272 τὸ-καλὸν
1064 1208 1422 1293 λεγόμενον]
1476 1207 1900 1295 Philosophus
1945 1226 2152 1274 noster
2194 1212 2253 1276 Ῑ.

555 1311 617 1376 6.
650 1310 710 1375 8.
756 1333 817 1397 Ρ.
850 1312 959 1395 56.
990 1311 1072 1375 Ε.
1106 1312 1196 1375 F:
1261 1313 1364 1375 ἴτω
1409 1311 1480 1390 δὴ
1526 1310 1620 1375 καὶ
1665 1311 2015 1377 συνεπέσθω
2063 1316 2147 1381 είς
2184 1315 2253 1378 τὸ

555 1416 697 1479 εἵσω
743 1416 778 1477 ὀ
822 1413 1162 1493 δυνάμενος,
1215 1414 1325 1493 ἔξω
1377 1415 1719 1478 καταλιπὸν
1762 1417 1912 1498 ὄψιν
1955 1415 2250 1497 ὀμμάτων,

552 1515 681 1597 μηδ’
728 1516 1107 1600 ἐπιστρέφων
1158 1517 1339 1582 αὑτὸν
1386 1521 1469 1585 εἷς
1513 1521 1617 1585 τὰς
1665 1517 1953 1600 προτέρας
2000 1518 2255 1601 ἀγλαΐας

557 1619 863 1701 σωμάτων·
910 1622 1111 1685 ἰδόντα
1150 1624 1267 1703 γᾶρ
1307 1622 1377 1701 δὴ
1415 1625 1492 1685 τὰ
1532 1623 1599 1684 ἐν
1639 1622 1878 1701 σώμασι
1923 1625 2078 1686 καλὰ
2117 1622 2256 1703 μήτι

555 1729 647 1789 δεῖ
679 1724 1098 1809 προστρέχειν,
1129 1726 1293 1789 ἀλλὰ
1328 1728 1601 1808 γνόντας,
1635 1726 1712 1792 ὥς
1742 1728 1859 1789 εἶσι
1902 1728 2124 1793 εἰκόνες
2160 1726 2255 1791 καὶ

553 1830 690 1911 ἴχνη
738 1828 832 1893 καὶ
876 1829 1059 1903 σκιαὶ,
1101 1828 1351 1911 φεύγειν
1392 1827 1539 1910 πρὸς
1583 1829 1795 1901 ἐκεῖνο,
1838 1829 1906 1893 οὗ
1950 1834 2133 1893 ταῦτα
2178 1833 2256 1894 εἰ-

558 1932 745 1998 κόνες.

635 2070 725 2082 -
755 2052 818 2116 9.
878 2033 958 2099 ὦς
1007 2034 1385 2113 δικαιοσύνην
1432 2035 1530 2097 καὶ
1580 2035 2255 2116 σωφροσύνην-καίτοι

554 2139 710 2202 καλὰ
752 2138 924 2221 ὄντα]
993 2136 1275 2223 Reposui
1319 2136 1382 2200 in
1431 2135 1677 2201 Latinis
1722 2149 1998 2201 extrema
2040 2138 2251 2218 verba,

552 2262 696 2326 quae
740 2262 778 2303 a
821 2237 1075 2326 reliquis
1118 2239 1477 2326 sejunxerat
1523 2238 1802 2317 Ficinus,
1850 2263 1964 2304 suo
2006 2239 2254 2304 loco.—

556 2342 741 2408 Plato
792 2342 1056 2408 Conviv.
1111 2366 1176 2430 p.
1217 2361 1365 2427 209.
1417 2366 1478 2430 p.
1509 2364 1664 2425 440.
1703 2341 1932 2407 Bekk.:
1985 2343 2145 2408 πολὺ
2187 2346 2253 2408 δὲ

553 2447 824 2530 μεγίστη,
857 2446 994 2529 ἔφη,
1028 2447 1122 2511 καὶ
1168 2449 1464 2527 καλλίστη
1506 2452 1608 2526 τῆς
1649 2445 1997 2529 φρονήσεως
2038 2447 2075 2526 ἡ
2118 2445 2253 2528 περὶ

555 2553 660 2618 τὰς
687 2556 805 2614 τῶν
833 2550 1071 2614 πόλεών
1099 2575 1166 2614 τε
1197 2549 1292 2614 καὶ
1333 2550 1621 2630 οίκήσεων
1649 2548 2084 2634 διακοσμήσεις,
2114 2546 2153 2630 ᾗ
2184 2550 2254 2629 δὴ

555 2651 744 2733 ὄνομά
797 2655 926 2717 ἐστι
975 2654 1340 2736 σωφροσύνη
1396 2678 1463 2717 τε
1522 2653 1618 2716 καὶ
1674 2653 2035 2731 δικαιοσύνη.
2127 2651 2251 2717 Sed

552 2756 737 2821 etiam
768 2756 830 2820 in
863 2756 1268 2843 sequentibus
1297 2755 1659 2820 obversatus
1686 2769 1778 2817 est
1810 2752 2054 2818 Plotino
2081 2777 2255 2841 egre-

552 2858 696 2946 gius
735 2858 837 2923 ille
874 2859 1160 2946 epilogus
1196 2859 1490 2923 orationis
1521 2858 1851 2922 Socraticas
1891 2856 2019 2921 sive
2050 2857 2255 2922 Dioti-

553 2984 709 3026 meae
731 2962 795 3025 in
819 2962 1035 3026 eodem
1066 2961 1395 3049 Symposio
1422 2984 1490 3049 p.
1516 2980 1588 3025 21
1607 2982 1656 3025 1.
1680 2984 1770 3047 sq.
1805 2984 1865 3045 p.
1886 2963 2249 3043 444—446.

639 3087 702 3152 p.
730 3084 916 3151 1325,
935 3081 993 3147 7.
1042 3070 1352 3147 Μαρτυρεῖ
1375 3066 1440 3128 δὲ
1470 3063 1565 3128 καὶ
1592 3063 1659 3126 τὸ
1691 3069 1808 3126 τῶν
1833 3065 2099 3145 ἐραστῶν
2124 3064 2249 3147 (ed.

554 3167 713 3233 male
765 3171 1019 3252 ἀρετῶν)
1070 3167 1277 3245 πάθος,
1328 3169 1404 3234 ὧς
1457 3166 1722 3234 ἕως-ἐν
1772 3166 1975 3250 ἐκείνῳ
2020 3170 2101 3252 τῷ
2148 3166 2254 3231 τὸν

558 3270 687 3356 (ed.
717 3272 805 3345 τὸ,
836 3270 942 3336 sed
974 3269 1241 3358 pertinet
1268 3270 1348 3336 ad
1383 3291 1646 3356 sequens
1674 3270 1882 3348 τύπον,
1912 3292 2057 3357 quae
2096 3270 2255 3336 ratio

555 3373 1029 3438 constructionis
1086 3396 1207 3437 non
1259 3395 1398 3437 rara
1446 3372 1508 3436 in
1565 3371 1663 3435 his
1709 3371 1911 3454 libris)
1970 3374 2256 3454 αἰσθητὸν

557 3479 775 3562 ἔχοντι,
823 3479 984 3542 οὔπω
1030 3478 1181 3562 ἐρᾷ]
1249 3476 1561 3541 Videntur
1603 3498 1887 3563 pugnare
1929 3474 2066 3540 haec
2107 3499 2251 3540 cum

558 3579 949 3645 Plutarcheis
1009 3579 1454 3666 Symposiacon
1504 3579 1580 3641 V.
1631 3594 1693 3660 7.
1754 3601 1816 3666 p.
1865 3580 2012 3643 681.
2051 3583 2140 3643 A.
2173 3583 2248 3646 B.

555 3707 620 3771 Ρ.
649 3699 796 3769 790.
827 3683 1193 3770 Wyttenb.:
1245 3683 1341 3746 καὶ
1369 3689 1485 3746 τῶν
1515 3684 1803 3764 ἐρωτικῶν
1833 3682 1872 3746 ἃ
1901 3682 1971 3761 δὴ
1997 3681 2255 3766 μέγιστα

559 3787 652 3850 καὶ
690 3787 1074 3868 σφοδρότατα
1111 3785 1428 3866 παθήματα
1466 3789 1568 3864 τῆς
1606 3789 1805 3867 ψυχῆς
1846 3786 2032 3860 ἐστιν,
2066 3786 2256 3870 ἀρχὴν

555 3890 592 3967 ἡ
614 3891 759 3969 ὄψις
789 3890 1115 3953 ἐνδίδωσιν·
1165 3890 1321 3952 ὥστε
1347 3891 1477 3971 ῥεῖν
1507 3889 1602 3951 καὶ
1629 3890 1952 3968 λείβεσθαι
1979 3888 2086 3953 τὸν
2116 3892 2257 3971 ἐρω-

551 3992 735 4065 τικὸν,
767 3992 916 4055 ὅταν
946 3992 1219 4072 ἐμβλέπῃ
1248 3998 1370 4058 τοῖς
1402 3997 1603 4071 καλοῖς
1642 3992 1771 4054 οἷον
1814 3992 2141 4075 ἐρχόμενον
2172 3994 2254 4060 εἷς

555 4096 781 4163 αὐτούς.
871 4095 1100 4181 Neque
1130 4111 1333 4159 tamen
1368 4116 1580 4180 reapse
1609 4108 1917 4180 pugnant.

637 4234 726 4248 —
759 4218 853 4261 10.
898 4197 1158 4278 βλέπειν
1185 4200 1251 4261 δὲ
1279 4202 1441 4277 ζητεῖ
1467 4195 1536 4259 τὸ
1581 4197 1898 4277 ἐρώμενον,
1931 4198 2030 4261 ἵνα
2060 4198 2253 4262 ἐκεῖνο

554 4300 774 4384 ἐπάρδῃ
802 4301 1267 4384 μαραινόμενον]
1320 4302 1525 4386 Supra
1557 4299 1654 4362 II.
1689 4319 1747 4382 9.
1780 4317 1844 4384 3.
1889 4323 1951 4387 p.
1989 4318 2134 4364 201.
2162 4300 2250 4365 D.

553 4403 632 4467 ad
676 4404 869 4468 verba
912 4404 1008 4468 καὶ
1049 4405 1287 4485 ἄρδεται
1327 4404 1513 4488 τούτῳ
1556 4405 1637 4487 τῷ
1682 4402 1842 4483 φωτί
1888 4400 2079 4488 hujus
2121 4402 2249 4467 for-

556 4505 743 4571 mulae
786 4505 1085 4592 originem
1123 4520 1186 4569 et
1223 4504 1597 4568 imitationes
1638 4503 1878 4591 aliquot
1906 4504 2247 4592 attigimus.

554 4609 889 4672 Addamus
935 4608 1205 4695 paucula
1246 4607 1326 4671 ad
1360 4608 1619 4672 verbum
1656 4608 2067 4695 compositum
2103 4609 2250 4674 faci-

553 4712 740 4776 entia.
832 4711 1156 4775 Lucianus
1197 4711 1278 4775 de
1317 4711 1651 4799 Gymnass„
1689 4711 1961 4776 XXVI.
2009 4736 2073 4799 p.
2107 4732 2249 4798 909.

556 4815 817 4879 Wetst.:
864 4814 1022 4879 πολὺ
1043 4815 1110 4878 τὸ
1134 4813 1354 4896 θερμὸν
1375 4813 1444 4877 τὸ
1478 4814 1722 4877 ἔνδοθεν
1744 4813 2250 4895 ε’πιρῤέον-ἆπο-

552 4943 599 4982 π
674 4924 776 5000 ροῖ
815 4918 983 4985 εὐθὺς
1021 4917 1276 5000 ἐπάρδον
1312 4921 1382 4998 τῇ
1424 4919 1595 4998 ἀκμῇ,
1631 4918 1726 4981 καὶ
1766 4914 2097 4996 ἀκαμάτους
2126 4920 2250 4981 ἐπι-

552 5026 842 5084 πλεῖστον
884 5019 1230 5104 παρέχεται.
1323 5020 1502 5084 Idem
1549 5021 1611 5083 in
1653 5018 1999 5083 Amoribus
2032 5020 2250 5086 XLV.

555 5147 615 5212 p.
647 5123 813 5204 448:
860 5126 1157 5191 τοιαύταις
1183 5125 1417 5206 ἀρεταῖς
1451 5122 1690 5201 ἁπαλὴν
1720 5122 1807 5186 ἔτι
1832 5121 2040 5206 ψυχὴν
2070 5122 2249 5205 ἐπάρ-

554 5232 692 5292 δων.
791 5224 1158 5290 Heraclides
1211 5225 1530 5313 Allegorr.
1580 5226 1875 5288 Homerr.
1931 5246 1997 5311 p.
2036 5242 2096 5288 2.
2148 5224 2249 5289 ed.

555 5329 832 5395 Schow.:
894 5334 1018 5396 τοῖς
1070 5329 1280 5393 ἔπεσιν
1330 5330 1508 5393 αὐτοῦ
1557 5326 1877 5412 (Ὀμήρου)
1933 5328 2249 5410 καθαπερεὶ

551 5434 777 5518 ποτίμῳ
820 5431 1075 5514 γάλακτι
1117 5435 1220 5500 τὰς
1262 5436 1466 5515 ψυχὰς
1511 5430 1860 5514 ἐπάρδομευ·
1908 5430 2090 5517 cujus
2134 5430 2250 5495 loci

548 5536 847 5600 rationem
889 5534 1143 5601 demum
1188 5535 1466 5624 expediit
1495 5533 1938 5600 Boissonadius
1979 5532 2061 5599 ad
2092 5533 2246 5598 Phi-

643 5660 834 5713 VOL.
872 5660 998 5713 111.

3923 548 4049 617 393

2347 695 2585 761 lostrati
2629 695 2904 761 Heroica
2944 719 3009 784 p.
3044 715 3190 780 311.
3270 696 3597 763 Himerius
3640 700 3818 764 Orat.
3853 700 4045 764 XIV.

2343 820 2452 885 35.
2485 823 2547 887 p.
2580 800 2742 864 668:
2790 802 2864 864 τὰ
2893 801 2958 864 δὲ
2986 802 3148 879 ὑμῶν
3176 804 3364 883 πτερὰ
3394 806 3640 866 Μοῦσαι
3666 804 3779 882 μὲν
3809 803 4044 885 ἔφυσαν

2347 905 2415 967 ἐν
2451 903 2830 983 μνημοσύνης
2860 900 3011 988 (leg.
3047 904 3115 965 ἐν
3144 908 3381 985 Μνημ.)
3416 904 3637 984 κήποις,
3671 905 3940 988 ἔθρεψαν
3978 908 4044 971 δὲ

2333 1003 2523 1087 Ὧραι
2552 1006 2650 1069 καὶ
2676 1003 2949 1087 Χάριτες,
2985 1007 3050 1068 ἐκ
3077 1012 3283 1087 πηγῶν
3309 1005 3627 1086 Ἀληθείας
3657 1008 4037 1090 ἐπάρδουσαι.

2343 1109 2489 1172 Non
2519 1107 2848 1172 admonuit
2876 1130 2988 1171 nos
3020 1106 3297 1171 Platonis
3326 1109 3817 1188 Wernsdorfius‚
3847 1126 3911 1175 et
3950 1126 4041 1176 ta-

2342 1233 2482 1274 men
2514 1210 2775 1277 fortasse
2803 1210 2901 1274 his
2930 1210 3163 1275 firmari
3208 1223 3412 1298 potest
3448 1211 3629 1278 lectio
3670 1213 3733 1277 in
3766 1213 4042 1279 Phaedro

2340 1337 2402 1402 p.
2440 1316 2589 1396 246.
2623 1339 2678 1379 e.
2731 1337 2794 1402 p.
2827 1335 2929 1394 41.
2963 1311 3194 1378 Bekk.:
3260 1316 3487 1382 τούτοις
3535 1316 3605 1395 δὴ
3649 1315 3935 1399 τρέφεταί
3974 1343 4042 1382 τε

2343 1418 2438 1483 καὶ
2483 1420 2721 1497 αὔξεται
2762 1417 3028 1497 μάλιστα
3065 1416 3135 1480 τὸ
3179 1421 3280 1497 τῆς
3315 1422 3515 1500 ψυχῆς
3549 1418 3841 1500 πτέρωμα.
3934 1420 4042 1485 Ita

2339 1543 2553 1584 omnes
2581 1519 2719 1585 libri
2755 1518 3034 1584 Platonis
3062 1520 3179 1584 hoc
3209 1519 3379 1584 loco:
3428 1536 3645 1584 contra
3683 1543 3896 1586 omnes
3934 1524 4036 1605 ἄρ-

2340 1628 2502 1688 δεται
2529 1623 2803 1687 secundo
2831 1621 2966 1686 loco
2995 1646 3056 1710 p.
3083 1640 3227 1707 251.
3254 1622 3312 1687 b.
3396 1622 3522 1687 Sed
3550 1623 3804 1710 plurimi
3831 1625 4035 1690 Codd.

2341 1726 2549 1790 Procli
2577 1726 2640 1790 in
2672 1724 2869 1791 Alcib.
2896 1749 2992 1812 pr.
3027 1750 3092 1814 p.
3120 1745 3222 1809 29.
3250 1725 3347 1790 ed.
3374 1740 3562 1789 nostr.
3593 1750 3628 1790 e
3657 1727 3859 1814 primo
3887 1752 4044 1815 quo-

2340 1852 2465 1915 que
2521 1829 2658 1894 loco
2711 1829 2969 1894 laudant
3028 1831 3285 1912 ἄρδεται.
3385 1829 3711 1894 Himerius
3768 1829 4035 1919 Eclogg.

2343 1934 2675 1998 XXXII.
2709 1952 2766 1999 2.
2811 1956 2876 2021 p.
2910 1953 3075 2019 300:
3126 1933 3316 2000 Αὐτός
3353 1958 3419 1996 τε
3464 1934 3706 2015 φυτεύει
3750 1938 3832 2021 τῷ
3876 1938 4041 2022 φυτῷ

2340 2039 2525 2122 τούτῳ
2547 2037 2656 2115 τὴν
2682 2039 2892 2101 ἑαυτοῦ
2909 2036 3137 2120 ψυχὴν,
3164 2037 3369 2100 ἀττικᾶ
3400 2034 3669 2116 ἐπάρδων
3689 2040 3763 2100 τὰ
3786 2036 4036 2117 νάματα,

2341 2139 2783 2205 Theodoretus
2813 2139 2983 2204 Hist.
3013 2138 3314 2225 Religios.
3346 2161 3409 2225 p.
3435 2138 4043 2218 12021-ἀπήλαυσε

2338 2247 2451 2325 μὲν
2479 2250 2597 2308 τῶν
2626 2245 2950 2308 Βασιλείου
2979 2246 3085 2306 τοῦ
3119 2239 3388 2323 μεγάλου
3434 2239 3708 2319 ναμάτων
3735 2244 4031 2322 γειτονεύ·

2337 2373 2527 2424 ουτος,
2563 2348 2657 2410 καὶ
2700 2347 2809 2427 τὴν
2845 2347 3256 2411 Καππαδόκων
3295 2345 3659 2426 ἀρδεύοντος,
3691 2347 3793 2423 τῆς
3830 2346 3896 2408 δὲ
3939 2346 4040 2426 ἀρ-

2338 2452 2497 2517 δείας
2540 2452 2736 2529 ἀξίους
2779 2449 3044 2514 ἀπέδωκε
3087 2447 3222 2513 τοὺς
3267 2447 3538 2528 καρπούς·
3608 2444 3807 2511 Clem.
3844 2445 4031 2511 Alex.

2343 2554 2570 2617 Strom.
2606 2553 2666 2616 1.
2717 2576 2783 2640 p.
2814 2572 2961 2636 321.
2997 2550 3257 2615 Potter.:
3315 2547 3577 2612 Πλάτων
3623 2550 3855 2612 κελεύει
3903 2549 4038 2616 τοὺς

2338 2656 2636 2739 γεωργοὺς
2654 2656 2734 2735 μὴ
2756 2658 3132 2736 ἐπαρδεῦσαι.
3195 2653 3407 2715 Noun.
3436 2650 3697 2737 Dionys.
3724 2651 3858 2714 XI.
3888 2653 4032 2715 166:

2336 2761 2549 2823 ὕδασιν
2601 2755 3033 2838 ἀμπελόεσσαν
3086 2756 3510 2837 ἐπαρδεύουσιν
3562 2755 4038 2836 &mima—Ad

2339 2861 2705 2925 sententiam
2751 2860 2831 2924 cf.
2874 2858 3123 2924 Platon.
3162 2860 3451 2946 SympOS.
3497 2880 3565 2944 p.
3602 2876 3744 2922 211.
3791 2881 3857 2946 Ρ.
3887 2879 4040 2944 445.

2339 2960 2786 3030 Rekita—olis
2835 2965 3103 3046 (παῖδας)
3160 2966 3267 3026 νῦν
3319 2963 3472 3043 ὁρῶν
3519 2959 3900 3041 ἐκπέπληξαι,
3946 2963 4042 3026 καὶ

2341 3067 2573 3146 ἕτοιμος
2603 3065 2662 3131 εἴ
2685 3067 2779 3129 καὶ
2809 3065 2887 3129 σὺ
2916 3065 3014 3128 καὶ
3042 3066 3225 3129 ἄλλοι
3251 3065 3495 3137 πολλοὶ,
3521 3066 3771 3146 ὁρῶντες
3799 3067 3873 3128 τὰ
3901 3090 4037 3129 παι-

2341 3172 2473 3233 δικᾶ
2513 3171 2611 3233 καὶ
2653 3166 2926 3248 ξυνόντες
2960 3169 3055 3232 ἀεὶ
3099 3168 3547 3235 αὐτοῖς-ἀλλά
3576 3172 3827 3231 θεᾶσθαι
3853 3164 4043 3247 μόνον

2343 3273 2439 3338 καὶ
2481 3279 2761 3353 ξυνεῖναι.
2852 3273 2952 3336 De
2983 3270 3046 3336 vi
3088 3270 3350 3336 obtutus
3391 3269 3731 3334 amantium
3778 3269 3939 3335 inter
3977 3293 4041 3336 se

2341 3375 2503 3441 adde
2527 3375 2841 3441 Plutarch.
2865 3377 3184 3462 Symposs.
3205 3373 3248 3437 l.
3272 3375 3315 3440 l.
3345 3396 3406 3461 p.
3431 3393 3573 3457 791·
3596 3375 3807 3459 VVytt.
3853 3374 4043 3451 Quod

2343 3478 2603 3543 Ficinus
2647 3478 2711 3542 in
2757 3477 3059 3565 proximis
3095 3477 3377 3542 addidit:
3427 3487 3500 3539 ut
3540 3481 3635 3539 ita
3672 3477 3916 3563 loquar,
3943 3500 4042 3541 ca-

2339 3605 2483 3646 vere
2513 3580 2712 3645 voluit
2744 3580 3138 3658 Lectoribu8‚
3169 3602 3249 3644 ne
3291 3579 3353 3642 in
3388 3577 3733 3643 Plotiniano
3760 3579 3878 3642 hoc
3908 3578 4041 3644 loco

2340 3686 2614 3767 ἄμορφον
2641 3701 2705 3749 et
2734 3681 3145 3766 ἀμορφότερον
3172 3682 3334 3746 forte
3369 3681 3459 3745 ita
3485 3679 3812 3767 accipiant,
3848 3696 3920 3745 ut
3961 3681 4039 3745 sit

2339 3789 2640 3873 defirmis
2677 3800 2828 3859 cet.;
2879 3800 2951 3850 ut
2978 3809 3040 3850 v.
3068 3808 3124 3850 c.
3165 3781 3570 3867 ἀμορφότερος
3610 3797 3705 3847 est
3746 3782 3811 3846 in
3859 3785 4041 3871 Sym-

2339 3889 2517 3977 posio
2551 3887 2994 3975 Xenophontis
3025 3888 3225 3952 VIII.
3257 3907 3358 3971 17.

2423 4016 2489 4080 p.
2529 4011 2715 4076 1327,
2746 4013 2802 4055 1.
2848 3993 3088 4072 μίμησις
3117 3993 3182 4055 δὲ
3210 3994 3381 4054 τοῦτο
3413 3989 3509 4053 καὶ
3537 3990 3595 4052 οἱ
3626 3990 3880 4054 ἐνταῦθα
3909 3992 4042 4072 ἐρα-

2339 4097 2478 4160 σταὶ
2506 4096 2603 4159 καὶ
2633 4097 2914 4178 ἐρώμενοι
2937 4100 3249 4177 συγκρῖναι
3274 4092 3582 4179 θέλοντες]
3630 4090 3766 4155 Fic.
3790 4114 4041 4179 expres-

2339 4196 2419 4262 sit
2445 4199 2674 4272 τούτου,
2698 4212 2762 4261 et
2792 4196 3052 4261 fortasse
3081 4196 3213 4284 ipse
3242 4196 3329 4260 ita
3357 4193 3625 4259 correxit
3652 4193 3718 4258 in
3752 4194 3929 4259 Med.
3949 4199 4038 4259 A.

2343 4300 2490 4365 Sine
2533 4299 2708 4365 libris
2751 4317 2995 4364 mutare
3032 4299 3227 4374 nolui,
3258 4297 3406 4363 licet
3447 4296 3718 4361 arrideat
3754 4298 4040 4362 mutatio.

2340 4409 2660 4486 Συγκρῖναι
2703 4402 2751 4467 si
2801 4425 3017 4467 verum
3063 4418 3178 4475 est,
3224 4400 3481 4488 cogitari
3525 4399 3714 4464 debet
3760 4403 4034 4470 ἑαυτούς;

2337 4520 2451 4570 aut
2496 4503 2646 4570 latet
2690 4504 2861 4569 aliud
2906 4503 3000 4568 vel
3049 4509 3451 4587 συγκραθῆναι
3494 4502 3591 4566 vel
3635 4509 4039 4585 συντακῆναιὲ

2340 4606 2787 4695 Aristophanes
2841 4607 2904 4671 in
2960 4605 3241 4670 Platonis
3292 4606 3623 4693 Symposio
3678 4629 3739 4693 p.
3791 4626 3931 4691 192.
3979 4632 4033 4673 e.

2339 4732 2404 4797 p.
2424 4711 2574 4791 408.
2601 4709 2805 4774 Bekk.
2838 4709 2920 4774 de
2948 4725 3228 4774 amante:
3278 4710 3587 4773 συνελθὼν
3609 4710 3705 4772 καὶ
3733 4713 4041 4798 συντακεὶς

2338 4817 2419 4899 τῷ
2466 4812 2737 4899 ἐρωμένῳ
2778 4815 2842 4877 ἐκ
2884 4817 3046 4876 δυεῖν
3089 4814 3173 4880 εἷς
3208 4810 3515 4894 γενέσθαι.
3608 4811 3789 4876 Infra
3818 4815 3894 4877 C.
3928 4811 4034 4876 lin.

2338 4913 2705 5002 paenultima
2735 4914 2981 4980 malim:
3030 4913 3159 4979 ἀνθ’
3191 4916 3384 4994 αὐτῆς.

2423 5056 2511 5068 -
2544 5039 2606 5100 7.
2674 5019 2820 5083 ἔνθα
2870 5018 2941 5098 δὴ
2992 5019 3166 5082 οὐδὲν
3209 5016 3450 5082 πάντων
3492 5018 3623 5082 ἀντὶ
3673 5020 3880 5083 τούτου
3928 5021 4036 5083 ἀλ-

2335 5121 2582 5202 λάξαιτο
2614 5149 2666 5187 κ.
2684 5148 2736 5188 τ.
2759 5121 2858 5206 λ.]
2905 5124 2995 5186 Et
3040 5119 3471 5186 antecedentia
3505 5119 3570 5184 in
3599 5121 3717 5185 hoc
3745 5120 3947 5208 capite
3975 5138 4039 5187 et

2339 5249 2484 5290 vero
2528 5225 2727 5313 magis
2769 5225 2953 5290 etiam
2991 5223 3433 5312 consequentia
3475 5245 3691 5287 rursus
3719 5222 4039 5289 fluxerunt

2334 5351 2414 5393 ex
2449 5329 2728 5394 oratione
2760 5329 3032 5394 Socratis
3059 5327 3229 5415 apud
3259 5326 3582 5392 Platonem
3611 5327 3674 5392 in
3708 5328 4036 5407 Convivin,

2335 5431 2679 5521 praesertim
2719 5431 2839 5497 sub
2864 5431 3053 5497 finem
3100 5454 3165 5519 p.
3202 5448 3562 5497 210-212.
3594 5433 3683 5493 Α.
3728 5454 3791 5519 Ρ.
3819 5450 4037 5518 443-—

2333 5537 2484 5615 446.
2517 5533 2719 5598 Bekk.

2395 5646 2532 5713 31⁴:
