5118 6613
1421 570 1614 635 LIB.
1661 569 1778 634 VI.
1823 570 2277 635 ENNEAD.
2323 571 2712 635 PRIMAE.
2759 594 2823 659 p.
2860 586 3004 654 107,
3034 575 3169 637 108.

583 742 778 823 μένων
808 741 903 805 καὶ
933 743 1131 810 ἑστώς.

589 969 746 1011 rum.
812 946 954 1010 Vid.
985 946 1169 1034 plura
1208 946 1293 1011 ibi
1335 945 1587 1012 collecta
1624 947 1688 1010 in
1724 945 1989 1012 editione
2021 946 2250 1034 (Lydi)

591 1049 887 1115 Roetheri
914 1049 1057 1127 mei,
1088 1047 1444 1117 Darmstad.
1480 1040 1659 1114 i826.
1689 1071 1756 1135 p.
1785 1069 1889 1130 40.
1923 1072 2058 1136 sqq.
2112 1050 2254 1128 Quo

591 1152 786 1239 magis
833 1166 1040 1216 autem
1085 1151 1289 1218 anima
1329 1153 1604 1239 sejuncta
1646 1174 1685 1214 a
1733 1151 2008 1216 sensibus
2048 1173 2252 1216 secum

591 1255 727 1343 ipsa
754 1253 879 1319 sola
903 1269 1019 1333 est,
1048 1277 1122 1318 eo
1149 1278 1222 1319 ea
1250 1252 1501 1323 similior
1527 1253 1601 1318 fit
1629 1252 1841 1332 menti,
1872 1277 1949 1317 ex
1978 1252 2258 1319 doctrina

592 1357 839 1446 quidem
875 1356 1232 1421 Plotiniana.

674 1479 839 1542 -4.
884 1458 1236 1546 ἀπεθήκατο]
1286 1458 1331 1525 i.
1375 1483 1432 1524 e.
1474 1480 1835 1546 eoepurgare
1873 1459 2043 1523 solet.
2131 1459 2261 1522 Res

595 1573 756 1628 nota.
825 1561 1104 1627 Platonis
1143 1585 1327 1627 causa
1351 1560 1483 1625 vid.
1514 1560 1776 1626 Heindf.
1805 1561 1888 1626 ad
1921 1560 2167 1626 Phaedr.
2196 1584 2256 1649 p.

599 1683 741 1750 275.
772 1678 837 1730 et
861 1664 943 1729 ad
973 1663 1274 1729 Phaedon.
1303 1687 1370 1752 p.
1402 1664 1504 1747 78.

678 1803 765 1816 -
777 1785 839 1852 5.
872 1769 948 1834 ὧς
976 1770 1009 1831 6
1036 1767 1288 1839 παλαιὸς
1313 1768 1494 1848 λόγος
1527 1793 1582 1829 κ.
1601 1791 1655 1828 τ.
1678 1766 1772 1847 λ.]
1806 1773 1848 1804 “
1872 1767 1977 1829 Ex
2009 1763 2262 1829 Platone

594 1870 661 1934 in
690 1869 1064 1934 Phaedone.”
1091 1870 1182 1933 D.
1215 1871 1304 1935 W.
1351 1866 1457 1934 ubi
1502 1866 1628 1931 vid.
1658 1866 1861 1955 Wytt.
1906 1869 2149 1933 Annot.
2195 1890 2260 1955 p.

580 1974 738 2055 ·176.

681 2073 762 2139 ib.
795 2076 889 2139 καὶ
929 2075 966 2154 ἡ
991 2074 1348 2156 σωφροσύνη
1378 2101 1431 2138 κ.
1451 2099 1502 2137 τ.
1523 2074 1621 2162 λ.]
1657 2072 1836 2137 Plato
1866 2071 2163 2137 Phaedon.
2195 2095 2259 2160 p.

594 2177 698 2261 69.
724 2199 780 2241 c.
812 2199 875 2264 p.
899 2195 1001 2243 2¹.
1035 2175 1239 2263 Wytt.
1279 2198 1341 2261 p.
1376 2194 1478 2260 27.
1509 2173 1711 2239 Bekk.
1745 2174 1812 2239 τὸ
1847 2173 1895 2238 δ’
1927 2176 2142 2254 ἀληθὲς
2182 2179 2261 2261 τῷ

596 2281 724 2344 όντι
751 2276 789 2360 ᾖ
820 2278 1098 2361 κάθαρσίς
1124 2304 1211 2347 τις
1235 2284 1352 2343 τῶν
1379 2278 1655 2342 τοιούτων
1674 2275 1934 2356 πάντων,
1959 2277 2055 2341 καὶ
2080 2278 2118 2356 ἡ
2150 2302 2264 2340 σω-

598 2383 866 2465 φροσύνη
897 2382 992 2445 καὶ
1017 2382 1054 2461 ἡ
1083 2382 1419 2460 δικαιοσύνη
1455 2380 1550 2444 καὶ
1586 2379 1624 2459 ἡ
1666 2380 1872 2460 ἀνδρία
1916 2379 2009 2443 καὶ
2047 2379 2190 2458 αὐτὴ
2226 2379 2263 2458 ἡ

600 2486 885 2567 φρόνησις
914 2482 1029 2566 (ita
1056 2481 1236 2548 etiam
1267 2504 1381 2547 suo
1408 2482 1473 2545 in
1507 2480 1788 2569 exemplo
1817 2479 2131 2544 Plotinum
2176 2479 2263 2544 le-

600 2587 760 2675 gisse
787 2585 994 2674 arguit
1019 2584 1121 2649 hic
1146 2584 1277 2675 ipse
1303 2583 1475 2649 locus
1501 2583 1723 2671 ipsius)
1754 2583 1833 2663 μὴ
1863 2583 2153 2664 καθαρμός
2180 2607 2265 2649 τις

599 2688 657 2771 ᾖ.
703 2689 797 2754 καὶ
839 2689 1233 2755 κινδυνεύουσι
1285 2689 1381 2752 καὶ
1421 2689 1479 2750 οἱ
1519 2689 1622 2754 τᾶς
1662 2688 1906 2752 τελετὰς
1941 2685 2079 2763 ἡμῖν
2106 2684 2266 2748 οὗτοι

604 2790 1073 2872 καταστήσαντες
1099 2792 1168 2856 οὒ
1194 2791 1421 2872 φαῦλοί
1441 2813 1597 2855 τινες
1626 2786 1800 2866 εἶναι,
1830 2789 1993 2851 ἀλλὰ
2030 2790 2108 2873 τῷ
2140 2787 2267 2851 ὄντι

600 2893 786 2959 πάλαι
814 2894 1191 2966 αἰνίττεσθαι,
1222 2892 1312 2955 ὅτι
1341 2890 1405 2960 ὃς
1428 2890 1505 2956 ἂν
1532 2892 1782 2971 ἀμύητος
1821 2889 1914 2953 καὶ
1952 2886 2268 2957 ἀτέλεστος

606 2999 687 3064 είς
701 2994 912 3060 Ἀιδου
940 2996 1236 3077 ἀφίκηται,
1269 2995 1336 3058 ἐν
1360 2994 1639 3078 βορβόρῳ
1683 2993 1960 3070 κείσεται,
1992 2993 2024 3054 6
2064 2992 2129 3056 δὲ
2170 3016 2264 3055 κε-

606 3096 962 3180 καθαρμένος
996 3122 1062 3162 τε
1106 3096 1199 3161 καὶ
1238 3092 1658 3175 τετελεσμένος
1692 3096 1886 3159 ἐκεῖσε
1916 3094 2269 3176 ἀφικόμενος

604 3203 751 3280 μετὰ
770 3205 922 3265 θεῶν
942 3197 1183 3279 οἰκήσει,
1232 3195 1613 3262 lamblichus
1640 3195 1720 3260 de
1746 3195 1952 3261 anima
1970 3218 2069 3283 ap.
2092 3193 2269 3259 Stob.

605 3300 870 3391 Eclogg.
911 3311 978 3390 p.
1015 3302 1197 3387 1056.
1229 3324 1321 3388 sq.
1362 3300 1551 3364 Heer.
1596 3304 1905 3366 Πλωτΐνος
1953 3300 2018 3364 δὲ
2068 3297 2163 3363 καὶ
2213 3299 2271 3362 ol.

604 3410 877 3470 πλεῖστοι
917 3406 1035 3468 τὸν
1075 3408 1474 3467 Πλατωνικῶν
1507 3403 1792 3466 ἀπόθεσιν
1833 3406 1951 3465 τῶν
1981 3405 2273 3465 παθῶν-

606 3507 713 3587 τὴν
768 3506 1134 3586 τελεωτάτην
1192 3505 1476 3588 κάθαρσιν
1532 3502 2079 3583 ὑπολαμβάνουσιν.
2170 3503 2271 3566 De

605 3631 754 3674 vooe
786 3608 1038 3683 τελεταὶ,
1084 3607 1287 3695 deque
1330 3605 1564 3672 ratione
1608 3605 1925 3670 initiorum
1967 3603 2138 3692 apud
2171 3626 2274 3669 ve-

605 3725 764 3776 teres
810 3710 940 3775 vid.
987 3709 1250 3776 Ruhnk.
1306 3710 1388 3775 ad
1440 3708 1610 3774 Tim.
1661 3731 1727 3797 p.
1778 3727 1922 3793 251.
1996 3710 2141 3773 Ast.
2189 3706 2272 3772 ad

608 3812 856 3879 Phaedr.
900 3836 967 3901 p.
999 3831 1142 3900 230.
1189 3827 1253 3878 et
1293 3835 1437 3900 quoe
1480 3811 1662 3899 plura
1710 3809 2159 3898 disputavimus
2207 3809 2271 3874 in

606 3914 765 3982 libro
790 3915 871 3981 de
902 3913 1253 4005 Symbolica
1278 3929 1342 3979 et
1365 3912 1720 4003 Mytholog.
1742 3912 1881 3978 Vol.
1903 3913 2040 3978 III.
2068 3926 2130 3977 et
2154 3913 2272 3977 IV.

610 4040 670 4082 v.
700 4041 755 4085 c.
788 4019 930 4085 III.
957 4037 1104 4100 412.
1132 4035 1281 4098 422.
1326 4016 1441 4082 IV.
1479 4016 1619 4103 189.
1654 4036 1805 4102 499.
1848 4034 1995 4101 510.
2043 4014 2144 4079 ed.
2184 4013 2273 4080 al-

609 4134 722 4185 ter.
794 4120 1130 4208 Sequentia
1169 4120 1249 4185 de
1286 4120 1626 4185 viv-tutibus
1655 4115 2049 4184 tractavimus
2085 4139 2275 4205 supra

450 4287 463 4302 ⁰
592 4220 690 4287 ad
717 4221 779 4287 I.
810 4240 869 4289 2.
903 4242 956 4288 1.
988 4221 1089 4287 ed.
1116 4246 1247 4310 sqq.
1279 4245 1342 4309 p.
1370 4242 1470 4285 11.
1501 4244 1634 4310 sqq.
1665 4220 1763 4286 ed.
1798 4219 1988 4285 Basil.

691 4361 779 4376 —
796 4340 852 4408 7.
885 4328 968 4393 είς
1009 4323 1151 4410 ᾅδου
1202 4327 1505 4390 κείσεσθαι
1546 4325 1614 4388 ἑν
1654 4323 1964 4411 βορβόρῳ]
1996 4322 2098 4386 De
2129 4343 2274 4387 con-

605 4426 939 4493 structione
1008 4450 1149 4492 cum
1222 4425 1616 4491 Accusativo.
1688 4424 1811 4490 vid.
1873 4423 2136 4489 Wessel.
2189 4438 2272 4489 ·et

607 4527 897 4594 Valcken.
950 4529 1029 4595 ad
1081 4528 1384 4594 Herodot.
1432 4529 1632 4594 VIII.
1686 4528 1786 4593 60.
1827 4550 1891 4592 v.
1922 4528 2121 4592 VIII.
2166 4542 2270 4610 71.

608 4631 866 4697 Porson.
912 4631 994 4696 ad
1037 4631 1265 4718 Eurip.
1310 4630 1610 4695 Phoeniss.
1641 4631 1819 4716 1381.
1864 4628 2140 4695 Lobeck.
2186 4628 2268 4693 ad

607 4732 892 4822 Sophocl.
922 4734 1035 4820 Aj.
1070 4733 1174 4797 80.
1239 4732 1363 4798 Sed
1401 4731 1465 4798 h.
1495 4731 1536 4796 l.
1576 4731 1969 4820 jungendum
2015 4742 2107 4797 est
2152 4731 2266 4796 κεί-

605 4839 823 4900 σεσθαι
850 4837 919 4900 ἐν
944 4837 1246 4923 βορβόρῳ.

685 4935 773 5002 ib.
806 4939 889 5005 εἰς
915 4935 1087 5026 ᾅδου]
1117 4959 1233 5024 pro
1276 4940 1343 5002 ἑν
1382 4935 1544 5023 ᾅδου,
1585 4936 1760 5025 quod
1799 4936 2101 5024 posterius
2129 4936 2272 5001 Plo-

606 5039 773 5104 tinus
800 5038 1029 5127 posuit,
1059 5039 1348 5127 quoniam
1376 5039 1669 5104 continuo
1695 5037 2021 5104 additurus
2047 5051 2174 5103 erat
2205 5040 2273 5104 ἐν

603 5143 906 5228 βορβόρῳ.
948 5141 1031 5207 cf.
1073 5144 1225 5207 Act.
1275 5140 1550 5230 Apostol.
1601 5142 1696 5205 II.
1730 5160 1830 5223 27.
1876 5155 1940 5205 et
1983 5139 2273 5228 Raphelii

607 5243 792 5309 Oboe.
828 5245 928 5309 II.
956 5266 1022 5332 p.
1052 5262 1190 5326 127.
1267 5244 1368 5307 De
1395 5243 1663 5309 formula
1689 5257 1895 5308 autem
1927 5242 2049 5308 vid.
2082 5243 2272 5330 Wyt·

601 5344 776 5411 tenb.
819 5344 902 5410 ad
946 5345 1262 5411 Plutarch.
1310 5344 1390 5410 de
1432 5344 1622 5411 audd.
1666 5359 1861 5434 poett.
1898 5367 1962 5432 p.
1992 5364 2137 5415 222.
2164 5344 2274 5433 qui

599 5445 789 5513 etiam
817 5445 985 5513 hunc
1015 5446 1244 5512 Plotini
1272 5447 1473 5513 locum
1502 5447 1807 5514 adhibuit.

690 5586 778 5601 -
800 5549 861 5615 s.
893 5552 990 5615 aa
1017 5549 1226 5639 κάκην]
1258 5549 1440 5616 Plato
1478 5549 1730 5617 Phaedr.
1761 5573 1823 5639 p.
1851 5569 2001 5637 345.
2029 5551 2107 5617 Β.
2135 5551 2269 5634 spc-

3912 588 3992 657 51

1220 741 1414 828 Origo
1453 741 1673 806 harum
1715 741 2150 808 sententiarum
2190 754 2251 806 et
2335 748 2427 807 θει
2454 745 2569 825 γὰρ
2598 745 2631 806 6
2659 746 2759 821 τῆς
2788 741 2959 822 κάκης
2986 743 3159 808 ἵππος
3197 741 3483 826 μετέχων.
3558 741 3697 807 Vid.
3733 741 3992 806 Ruhnk.

582 843 963 909 locutionum
1003 843 1335 931 repetenda
1376 858 1468 909 est
1494 868 1528 908 e
1558 843 1795 930 scriptis
1827 844 2251 932 Pythagoreo·
2336 844 2418 909 ad
2450 844 2619 909 Tim.
2649 866 2716 932 p.
2749 862 2885 929 152.

2964 843 3172 908 Photii
3202 845 3357 908 Lex.
3397 844 3461 908 in
3495 868 3626 909 voc.
3677 844 3997 909 Schleusn.

2341 949 2491 1012 Cur.
2523 945 2749 1011 noviss.
2778 945 2842 1010 in
2873 945 3057 1011 Phot.
3087 969 3153 1033 p.
3183 966 3287 1033 92.
3365 946 3553 1011 Adde
3601 946 3825 1012 Plotin.
3858 948 3995 1012 111.

2346 1071 2400 1114 1.
2436 1051 2496 1114 8.
2526 1050 2648 1113 VI.
2679 1067 2737 1131 7.
2773 1050 2872 1114 28.
2906 1072 2969 1136 p.
3008 1066 3148 1134 719.
3179 1049 3286 1114 ubi
3328 1049 3427 1114 ed.
3462 1048 3649 1114 Basil.
3682 1072 4000 1138 perperam

2341 1151 2537 1232 κακήν.

2426 1253 2507 1318 ib.
2541 1255 2611 1317 τὸ
2636 1254 2718 1334 μὴ
2747 1253 3343 1341 καθαρὸν-ὗες-τῷ
3372 1256 3642 1344 τοιούτῳ]
3676 1257 3722 1320 J
3728 1279 3891 1342 unge
3918 1254 4006 1319 al-

2342 1370 2539 1421 terum
2571 1355 2773 1420 locum
2805 1356 2945 1420 infr.
2976 1379 3039 1443 p.
3067 1358 3173 1441 56.
3209 1357 3293 1421 G.
3326 1361 3395 1437 τῇ
3421 1362 3590 1441 ψυχῇ
3621 1360 4004 1424 καταδύσεται

2344 1462 2426 1526 είς
2481 1458 3247 1539 σκοτεινὰ-βάθη--σκιᾶς
3295 1459 3591 1525 συνέσται.
3682 1459 4002 1525 Plutarch:

2348 1562 2631 1648 Sympos.
2668 1561 2783 1625 IV.
2816 1584 2878 1648 p.
2909 1563 3053 1645 671.
3088 1564 3172 1625 A.
3216 1584 3280 1648 p.
3320 1580 3464 1643 742.
3512 1563 3717 1650 Wytt.
3768 1564 3837 1628 οὔ
3888 1563 4006 1644 μὴν

2343 1666 2505 1729 ἀλλὰ
2534 1663 2717 1728 καὶτὸ
2739 1663 2989 1745 θολερὸν
3016 1665 3149 1746 περὶ
3167 1663 3275 1743 τὴν
3300 1666 3527 1729 δίαιταν
3553 1669 3658 1729 τοῦ
3685 1664 4008 1748 θρέμματος

2345 1768 2472 1851 ἔχει
2497 1769 2627 1830 τινὰ
2647 1767 2948 1848 πονηρίαν·
2983 1767 3153 1831 οὐδὲν
3175 1770 3290 1849 γὰρ
3318 1767 3471 1831 ἄλλο
3492 1769 3769 1854 βορβόρῳ
3795 1774 4008 1852 χαῖρον

2344 1871 2491 1934 οὕτω
2523 1869 2618 1932 καὶ
2659 1870 2857 1935 τόποις
2890 1870 3165 1951 ῥυπαροῖς
3197 1871 3442 1950 ὁρῶμεν,
3476 1869 3584 1948 ἔξω
3626 1871 3811 1952 λόγου
3853 1869 4004 1934 τιθέ-

2343 1996 2510 2051 μενοι
2551 1974 2701 2050 μετὰ
2749 1970 2855 2050 τὴν
2897 1969 3158 2053 γένεσιν,
3207 1972 3301 2036 καὶ
3340 1971 3446 2051 τὴν
3482 1973 3666 2054 φύσιν
3705 1974 3772 2036 ἐν
3816 1972 4010 2039 αὐτοῖς

2346 2074 2563 2157 ἔχοντα
2589 2074 2831 2140 τούτοις.
2898 2072 3079 2137 Plato
3108 2072 3357 2138 Phaedr.
3390 2096 3455 2161 p.
3494 2076 3635 2160 256.
3670 2075 3757 2139 D.
3788 2077 3869 2142 εἷς
3895 2078 4010 2157 γὰρ

2346 2177 2562 2239 σκότον
2590 2174 2683 2238 καὶ
2710 2174 2817 2254 τὴν
2850 2175 2964 2240 ὑπὸ
2992 2181 3098 2259 γῆς
3133 2178 3399 2259 πορείαν.
3466 2177 3666 2242 Marc.
3700 2176 4005 2241 Antonin.

2348 2279 2430 2342 V.
2463 2296 2592 2341 10.:
2626 2279 2692 2340 ἐν
2720 2281 2958 2363 τοιούτῳ
2988 2279 3093 2342 οὖν
3117 2279 3298 2364 ζόφῳ,
3324 2280 3420 2342 καὶ
3444 2279 3628 2364 ῥύπῳ,
3655 2279 3748 2342 καὶ
3775 2280 4010 2358 τοιαύτῃ

2347 2380 2514 2462 ῥύσει
2557 2378 2747 2461 (Cod.
2790 2379 3062 2443 Darmst.
3108 2379 3291 2467 plane
3335 2379 3426 2444 uti
3471 2379 3764 2444 Gataker.
3802 2381 4006 2469 conje-

2347 2494 2507 2545 cerat
2538 2504 2673 2545 sero
2700 2481 2942 2568 ῥήσει.).
2993 2480 3244 2546 Aristid.
3277 2482 3550 2546 Eleusin.
3584 2484 3665 2546 T.
3689 2484 3831 2571 I.p.
3862 2501 4005 2568 259.

2349 2584 2395 2647 J
2398 2582 2535 2648 ebb.
2579 2586 2645 2648 ἐν
2687 2586 2877 2670 σκότῳ
2919 2609 2985 2648 τε
3030 2586 3124 2649 καὶ
3165 2586 3444 2672 βορβόρῳ
3483 2587 3834 2666 κεισόμενος.
3903 2585 4006 2651 Cf.

2349 2688 2647 2751 Nostrum
2675 2709 2740 2773 p.
2774 2687 2879 2750 80.
2906 2687 2987 2750 E.
3010 2687 3086 2751 F.
3138 2685 3330 2751 Plura
3360 2686 3503 2751 dedi
3546 2686 3609 2751 in
3649 2686 3776 2752 Ed.
3807 2685 4008 2776 pecul.

2349 2788 2462 2854 ubi
2498 2788 2721 2876 Lysidi
2767 2789 3162 2876 Pythagoreo
3203 2813 3301 2877 ap.
3342 2790 3663 2855 Iamblioh.
3702 2792 3780 2856 V.
3817 2791 4007 2877 Pyth.

2354 2893 2416 2976 ξ.
2448 2909 2549 2974 77.
2582 2890 2824 2956 reddidi
2854 2892 3208 2976 ἑπαφάνιζεν
3237 2915 3350 2979 pro
3375 2892 3686 2977 ἠφάνισεν.

2435 3029 2524 3043 -
2539 3013 2600 3078 9.
2631 2995 2694 3058 τί
2729 2996 2845 3076 γὰρ
2887 2993 2961 3057 ἃν
2995 2994 3090 3057 καὶ
3142 2996 3228 3073 εἴη
3273 2992 3630 3076 σωφροσύνη
3673 2996 3910 3076 ἀληθὴς,
3946 2994 4010 3081 ἢ]

2350 3096 2453 3160 De
2494 3094 2612 3160 hac
2652 3093 2920 3160 formula
2950 3109 3012 3160 et
3039 3093 3336 3159 similibus
3377 3111 3750 3161 monuerunt
3779 3097 4015 3164 Gatak.

2350 3198 2433 3263 ad
2481 3200 2580 3263 M.
2612 3197 2916 3262 Antonin.
2969 3198 3134 3261 XII.
3171 3199 3270 3262 16.
3331 3197 3594 3263 Heindf.
3642 3198 3722 3264 ad
3770 3199 4015 3266 Platon.

2354 3301 2655 3368 Phoedon.
2676 3325 2739 3389 p.
2761 3321 2863 3387 32.
2893 3311 2954 3366 et
2970 3298 3326 3366 Boissonad.
3348 3299 3425 3366 ad
3448 3300 3737 3367 Philostr.
3762 3303 4015 3369 Heroie.

2350 3430 2415 3494 p.
2445 3425 2594 3492 439.
2672 3403 2892 3469 Galen.
2926 3406 3237 3491 Protrept.
3265 3427 3319 3469 c.
3350 3406 3407 3469 6.
3438 3404 3543 3468 fin.
3577 3407 3640 3470 τί
3660 3408 3776 3488 γὰρ
3818 3406 3894 3471 ἃν
3922 3408 4018 3471 καὶ

2351 3507 2619 3574 πάθοιεν.
2683 3507 2784 3570 De
2829 3507 3182 3589 σωφροσύνῃ
3223 3505 3506 3593 pluribus
3547 3506 3677 3594 agit
3715 3506 3899 3574 Plato
3938 3509 4019 3573 de

2354 3612 2518 3697 Rep.
2555 3610 2672 3674 IV.
2701 3632 2767 3697 p.
2795 3628 2942 3695 430.
2970 3609 3055 3672 D.
3079 3631 3215 3696 sqq.
3260 3610 3362 3672 De
3384 3608 3586 3696 Legg.
3615 3609 3752 3673 ΙΙΙ.
3777 3631 3838 3696 p.
3871 3629 4011 3693 172.

2355 3726 2419 3777 et
2446 3711 2699 3776 Aristot.
2732 3711 2919 3775 Rhet.
2956 3711 3010 3774 I.
3042 3731 3103 3795 9.
3133 3733 3196 3797 p.
3218 3728 3321 3796 32.
3349 3734 3438 3797 sq.
3487 3709 3661 3796 Sylb.
3691 3733 3754 3798 p.
3778 3713 3884 3776 66.
3917 3711 4013 3776 ed.

2355 3816 2557 3879 Oxou.
2581 3813 2805 3879 noviss.
2854 3812 2957 3878 Cf.
2975 3835 3118 3899 quae
3138 3834 3328 3900 supra
3346 3812 3665 3900 posuimus
3685 3811 3764 3877 ad
3787 3812 4017 3880 librum

2353 3917 2429 3981 de
2455 3917 2820 3993 Virtutibus,
2855 3917 2911 3980 I.
2947 3934 3002 3980 2.
3033 3938 3095 4002 p.
3126 3936 3223 3980 11.
3251 3938 3339 4002 sq.

2439 4054 2524 4070 -
2551 4039 2646 4083 11.
2675 4017 2758 4083 ‘H
2817 4020 2881 4082 δὲ
2937 4019 3162 4100 ἆνδρία,
3221 4018 3452 4101 ἀφοβία
3509 4017 3788 4104 θανάτου]
3853 4021 4014 4087 Plat.

2359 4117 2593 4207 Cratyl.
2645 4143 2713 4209 p.
2747 4139 2897 4202 414.
2943 4118 3004 4183 d.
3064 4118 3144 4183 de
3195 4120 3358 4207 Rep.
3409 4120 3524 4185 1v.
3574 4142 3639 4208 p.
3689 4122 3841 4206 346.
3882 4145 4015 4210 sqq.

2357 4221 2554 4286 Lach.
2585 4245 2651 4310 p.
2682 4222 2817 4306 198.
2847 4220 2993 4286 add.
3022 4220 3163 4288 Alc.
3192 4245 3286 4309 pr.
3307 4237 3370 4286 et
3395 4221 3756 4311 Olympiod.
3781 4222 3845 4288 in
3876 4247 4015 4290 eum

2353 4347 2416 4413 p.
2443 4326 2579 4389 116.
2611 4347 2747 4412 sqq.
2774 4337 2837 4389 et
2864 4323 2944 4388 cf.
2978 4345 3167 4411 supra
3190 4323 3273 4389 ad
3303 4325 3362 4388 I.
3396 4343 3452 4390 2.
3484 4347 3544 4412 p.
3573 4344 3672 4391 12.
3703 4348 3797 4413 sq.

2438 4463 2528 4476 —
2547 4444 2646 4492 12.
2678 4428 2712 4490 6
2741 4425 2809 4492 δέ
2835 4428 2999 4490 ἐστιν
3027 4428 3061 4490 6
3105 4425 3354 4494 θάνατος
3380 4455 3432 4491 κ.
3450 4452 3505 4491 τ.
3527 4428 3620 4516 λ.]
3655 4430 3835 4503 Quod
3875 4451 4021 4494 vero

2355 4538 2607 4593 mov-tem
2635 4530 2880 4607 attinet,
2908 4538 2999 4593 est
3027 4550 3213 4608 mors,
3216 4529 3431 4594 -vel.
3416 4554 3430 4568 ·
3483 4530 3662 4603 Quod
3685 4532 3744 4594 εἰ
3764 4534 4019 4619 quoeris,

2354 4652 2521 4696 mors
2540 4630 2839 4719 quidnam
2859 4632 2965 4708 sit,
2986 4640 3078 4696 est
3098 4632 3206 4695 διο.
3255 4630 3509 4696 Plenius
3530 4632 3712 4698 Plato
3733 4633 4020 4722 Euthyd.

2353 4755 2415 4821 p.
2464 4749 2539 4816 27
2553 4753 2609 4797 1.
2656 4732 2690 4798 δ
2734 4735 2918 4798 δέσυ
2888 4733 3176 4817 ἐρωτᾷς
3215 4733 3322 4812 τὴν
3357 4736 3580 4817 σοφίαν
3617 4737 3835 4811 αὐτοῖν,
3876 4742 4018 4802 θαυ-

2353 4833 2515 4915 μάσι’
2558 4836 2605 4899 ὕ
2650 4835 2879 4918 Κρίτων
2920 4836 3034 4918 (sc.
3075 4837 3229 4920 εἰσί)
3268 4835 3571 4920 πάνσοφοι
3615 4839 3894 4922 ἀτεχνῶς.
3938 4839 4017 4904 cf.

2357 4935 2678 5023 Gorgiam.
2697 4959 2762 5023 p.
2782 4936 2931 5021 483.
2960 4959 3026 5023 p.
3055 4955 3196 5003 121.
3228 4960 3284 5002 a.
3301 4936 3388 5002 1b.
3409 4936 3672 5002 Heindf.
3702 4939 3804 5004 De
3825 4953 4021 5005 morte

2354 5038 2438 5103 cf.
2466 5062 2612 5126 quae
2652 5037 3117 5125 indigitavimus
3159 5038 3240 5104 ad
3280 5063 3343 5127 p.
3373 5059 3482 5126 54.
3512 5040 3600 5104 D.
3644 5055 3706 5107 et
3736 5064 3876 5129 pag.
3906 5041 4021 5106 hac

2354 5141 2490 5229 ipsa
2514 5158 2622 5228 55.
2653 5141 2731 5204 A.
2803 5139 2985 5207 Adde
3013 5141 3219 5230 Epist.
3251 5140 3435 5207 Pauli
3464 5141 3544 5207 ad
3576 5144 3826 5208 Romm.
3857 5144 4019 5208 VII.

2360 5262 2457 5324 24.
2508 5258 2573 5309 et
2623 5242 2871 5309 Philon.
2922 5245 2968 5308 J
2976 5242 3082 5308 ud
3130 5245 3287 5332 Leg.
3340 5243 3624 5333 Allegor.
3670 5246 3729 5310 1.
3778 5268 3840 5332 p.
3878 5245 4018 5310 180.

2358 5345 2562 5411 Pseiff.
2594 5348 2627 5409 6
2662 5348 2775 5426 μὲν
2802 5347 2908 5411 οὖν
2936 5347 3242 5429 ἀνθρώπου
3281 5346 3531 5416 θάνατος
3563 5348 3858 5432 χωρισμός
3893 5349 4023 5413 ἔστι

2355 5453 2553 5534 ψυχῆς
2592 5448 2707 5513 ἀπὸ
2743 5450 3030 5529 σώματος.
3074 5451 3108 5513 6
3155 5451 3221 5514 δὲ
3268 5454 3467 5534 ψυχῆς
3509 5449 3776 5526 θάνατος,
3818 5450 4023 5531 ἀρετῆς

2353 5553 2466 5633 μὲν
2521 5551 2718 5634 φθορά
2773 5553 2903 5617 ἐστι
2959 5553 3158 5621 κακίας
3212 5554 3277 5617 δὲ
3334 5552 3648 5634 ἀνάληψις.
3722 5548 3806 5615 cf.
3858 5549 4020 5616 Plat.

2449 5659 2508 5711 H
2546 5647 2598 5720 2
