<?xml version="1.0" encoding="UTF-8"?>
<!DOCTYPE html PUBLIC "-//W3C//DTD XHTML 1.0 Transitional//EN"
    "http://www.w3.org/TR/xhtml1/DTD/xhtml1-transitional.dtd">
<html xmlns="http://www.w3.org/1999/xhtml" xml:lang="en" lang="en">
 <head>
  <title>
</title>
<meta http-equiv="Content-Type" content="text/html;charset=utf-8" />
  <meta name='ocr-system' content='tesseract 3.04.00' />
  <meta name='ocr-capabilities' content='ocr_page ocr_carea ocr_par ocr_line ocrx_word'/>
</head>
<body>
  <div class='ocr_page' id='page_1' title='image "./plotinioperaomn00chumgoog_0111.png"; bbox 0 0 5118 6613; ppageno 0'>
   <div class='ocr_carea' id='block_1_1' title="bbox 1337 579 3290 669">
    <p class='ocr_par' dir='ltr' id='par_1_1' title="bbox 1337 579 3290 669">
     <span class='ocr_line' id='line_1_1' title="bbox 1337 579 3290 669; baseline 0.001 -23"><span class='ocrx_word' id='word_1_1' title='bbox 1337 582 1557 648; x_wconf 87' lang='lat' dir='ltr'><strong>LIB.·</strong></span> <span class='ocrx_word' id='word_1_2' title='bbox 1588 582 1706 647; x_wconf 92' lang='lat' dir='ltr'><strong>IV.</strong></span> <span class='ocrx_word' id='word_1_3' title='bbox 1753 582 2202 647; x_wconf 88' lang='lat' dir='ltr'><strong>ENNEAD.</strong></span> <span class='ocrx_word' id='word_1_4' title='bbox 2254 580 2783 646; x_wconf 83' lang='lat' dir='ltr'><strong>SECUNDAE.</strong></span> <span class='ocrx_word' id='word_1_5' title='bbox 2830 605 2893 669; x_wconf 93' lang='lat' dir='ltr'><strong>p.</strong></span> <span class='ocrx_word' id='word_1_6' title='bbox 2933 579 3290 650; x_wconf 87' lang='lat'><strong>266—282.</strong></span> 
     </span>
    </p>
   </div>
   <div class='ocr_carea' id='block_1_2' title="bbox 578 753 2279 5751">
    <p class='ocr_par' dir='ltr' id='par_1_2' title="bbox 578 753 2279 5751">
     <span class='ocr_line' id='line_1_2' title="bbox 578 753 2274 841; baseline -0.002 -19"><span class='ocrx_word' id='word_1_7' title='bbox 578 760 770 824; x_wconf 67' lang='grc' dir='ltr'>τόπον</span> <span class='ocrx_word' id='word_1_8' title='bbox 799 758 896 822; x_wconf 81' lang='grc' dir='ltr'><strong>καὶ</strong></span> <span class='ocrx_word' id='word_1_9' title='bbox 922 757 1142 840; x_wconf 74' lang='grc' dir='ltr'><strong>χώραν.</strong></span> <span class='ocrx_word' id='word_1_10' title='bbox 1236 755 1317 818; x_wconf 90' lang='lat' dir='ltr'><strong>In</strong></span> <span class='ocrx_word' id='word_1_11' title='bbox 1347 754 1578 841; x_wconf 90' lang='lat' dir='ltr'><strong>quibus</strong></span> <span class='ocrx_word' id='word_1_12' title='bbox 1605 753 1811 819; x_wconf 85' lang='lat' dir='ltr'><strong>verbis</strong></span> <span class='ocrx_word' id='word_1_13' title='bbox 1840 755 2072 819; x_wconf 92' lang='lat' dir='ltr'><strong>semina</strong></span> <span class='ocrx_word' id='word_1_14' title='bbox 2111 755 2274 819; x_wconf 90' lang='lat' dir='ltr'><strong>mul-</strong></span> 
     </span>
     <span class='ocr_line' id='line_1_3' title="bbox 586 857 2276 946; baseline -0.001 -21"><span class='ocrx_word' id='word_1_15' title='bbox 586 876 791 926; x_wconf 81' lang='lat' dir='ltr'><strong>tarum</strong></span> <span class='ocrx_word' id='word_1_16' title='bbox 819 857 1313 946; x_wconf 80' lang='lat' dir='ltr'><strong>disputationum</strong></span> <span class='ocrx_word' id='word_1_17' title='bbox 1343 857 1577 935; x_wconf 89' lang='lat' dir='ltr'><strong>insunt,</strong></span> <span class='ocrx_word' id='word_1_18' title='bbox 1595 879 1740 944; x_wconf 83' lang='lat' dir='ltr'><strong>quae</strong></span> <span class='ocrx_word' id='word_1_19' title='bbox 1768 871 1985 945; x_wconf 90' lang='lat' dir='ltr'><strong>postea</strong></span> <span class='ocrx_word' id='word_1_20' title='bbox 2011 858 2276 944; x_wconf 89' lang='lat' dir='ltr'><strong>philoso-</strong></span> 
     </span>
     <span class='ocr_line' id='line_1_4' title="bbox 586 960 2275 1051; baseline -0.001 -23"><span class='ocrx_word' id='word_1_21' title='bbox 586 963 857 1051; x_wconf 87' lang='lat' dir='ltr'><strong>phorum</strong></span> <span class='ocrx_word' id='word_1_22' title='bbox 885 960 1149 1026; x_wconf 81' lang='lat' dir='ltr'><strong>familias</strong></span> <span class='ocrx_word' id='word_1_23' title='bbox 1177 975 1608 1025; x_wconf 83' lang='lat' dir='ltr'><strong>exercuerunt.</strong></span> <span class='ocrx_word' id='word_1_24' title='bbox 1697 962 1862 1025; x_wconf 90' lang='lat' dir='ltr'><strong>Nam</strong></span> <span class='ocrx_word' id='word_1_25' title='bbox 1884 960 2275 1026; x_wconf 84' lang='lat' dir='ltr'><strong>vexatissima</strong></span> 
     </span>
     <span class='ocr_line' id='line_1_5' title="bbox 586 1061 2275 1154; baseline -0.001 -24"><span class='ocrx_word' id='word_1_26' title='bbox 586 1066 720 1131; x_wconf 80' lang='lat' dir='ltr'><strong>haec</strong></span> <span class='ocrx_word' id='word_1_27' title='bbox 769 1081 903 1154; x_wconf 84' lang='lat' dir='ltr'><strong>erat</strong></span> <span class='ocrx_word' id='word_1_28' title='bbox 935 1064 1097 1128; x_wconf 90' lang='lat' dir='ltr'><strong>inter</strong></span> <span class='ocrx_word' id='word_1_29' title='bbox 1137 1063 1302 1149; x_wconf 90' lang='lat' dir='ltr'><strong>ipsos</strong></span> <span class='ocrx_word' id='word_1_30' title='bbox 1346 1061 1697 1128; x_wconf 80' lang='lat' dir='ltr'><strong>Platonicos</strong></span> <span class='ocrx_word' id='word_1_31' title='bbox 1739 1065 2022 1151; x_wconf 80' lang='lat' dir='ltr'><strong>quaestiO,</strong></span> <span class='ocrx_word' id='word_1_32' title='bbox 2059 1079 2275 1129; x_wconf 87' lang='lat' dir='ltr'><strong>utrum</strong></span> 
     </span>
     <span class='ocr_line' id='line_1_6' title="bbox 582 1166 2276 1254; baseline -0.001 -20"><span class='ocrx_word' id='word_1_33' title='bbox 582 1167 908 1251; x_wconf 78' lang='grc' dir='ltr'>ἆγέυνητος</span> <span class='ocrx_word' id='word_1_34' title='bbox 928 1166 1008 1231; x_wconf 92' lang='lat' dir='ltr'><strong>sit</strong></span> <span class='ocrx_word' id='word_1_35' title='bbox 1030 1166 1322 1245; x_wconf 86' lang='lat' dir='ltr'><strong>Materia,</strong></span> <span class='ocrx_word' id='word_1_36' title='bbox 1344 1189 1554 1231; x_wconf 91' lang='lat' dir='ltr'><strong>necne.</strong></span> <span class='ocrx_word' id='word_1_37' title='bbox 1623 1166 1767 1231; x_wconf 90' lang='lat' dir='ltr'><strong>Vid.</strong></span> <span class='ocrx_word' id='word_1_38' title='bbox 1792 1190 1982 1254; x_wconf 90' lang='lat' dir='ltr'><strong>supra</strong></span> <span class='ocrx_word' id='word_1_39' title='bbox 2004 1169 2276 1233; x_wconf 86' lang='lat' dir='ltr'><strong>AEneam</strong></span> 
     </span>
     <span class='ocr_line' id='line_1_7' title="bbox 585 1268 2272 1358; baseline -0.001 -22"><span class='ocrx_word' id='word_1_40' title='bbox 585 1270 668 1336; x_wconf 92' lang='lat' dir='ltr'><strong>de</strong></span> <span class='ocrx_word' id='word_1_41' title='bbox 700 1269 1034 1358; x_wconf 88' lang='lat' dir='ltr'><strong>Porphyrii</strong></span> <span class='ocrx_word' id='word_1_42' title='bbox 1067 1269 1385 1334; x_wconf 90' lang='lat' dir='ltr'><strong>sententia.</strong></span> <span class='ocrx_word' id='word_1_43' title='bbox 1449 1268 1642 1334; x_wconf 88' lang='lat' dir='ltr'><strong>Adde</strong></span> <span class='ocrx_word' id='word_1_44' title='bbox 1678 1268 1946 1334; x_wconf 89' lang='lat' dir='ltr'><strong>Galeum</strong></span> <span class='ocrx_word' id='word_1_45' title='bbox 1988 1270 2071 1334; x_wconf 90' lang='lat' dir='ltr'><strong>ad</strong></span> <span class='ocrx_word' id='word_1_46' title='bbox 2105 1271 2272 1335; x_wconf 90' lang='lat' dir='ltr'><strong>Iam-</strong></span> 
     </span>
     <span class='ocr_line' id='line_1_8' title="bbox 584 1371 2272 1460; baseline 0.001 -22"><span class='ocrx_word' id='word_1_47' title='bbox 584 1372 769 1438; x_wconf 88' lang='lat' dir='ltr'><strong>blich.</strong></span> <span class='ocrx_word' id='word_1_48' title='bbox 801 1372 882 1438; x_wconf 90' lang='lat' dir='ltr'><strong>de</strong></span> <span class='ocrx_word' id='word_1_49' title='bbox 912 1374 1181 1460; x_wconf 88' lang='lat' dir='ltr'><strong>Myster.</strong></span> <span class='ocrx_word' id='word_1_50' title='bbox 1209 1396 1270 1458; x_wconf 90' lang='lat' dir='ltr'><strong>p.</strong></span> <span class='ocrx_word' id='word_1_51' title='bbox 1310 1389 1481 1455; x_wconf 88' lang='lat'><strong>277.:</strong></span> <span class='ocrx_word' id='word_1_52' title='bbox 1533 1380 1576 1412; x_wconf 90' lang='lat'>“</span> <span class='ocrx_word' id='word_1_53' title='bbox 1598 1371 1665 1437; x_wconf 92' lang='lat' dir='ltr'><strong>Si</strong></span> <span class='ocrx_word' id='word_1_54' title='bbox 1694 1373 1950 1437; x_wconf 86' lang='lat' dir='ltr'><strong>materia</strong></span> <span class='ocrx_word' id='word_1_55' title='bbox 1986 1374 2065 1439; x_wconf 89' lang='lat' dir='ltr'><strong>sit</strong></span> <span class='ocrx_word' id='word_1_56' title='bbox 2095 1374 2272 1456; x_wconf 81' lang='grc' dir='ltr'>ἀγέν-</span> 
     </span>
     <span class='ocr_line' id='line_1_9' title="bbox 586 1473 2273 1564; baseline -0.001 -21"><span class='ocrx_word' id='word_1_57' title='bbox 586 1502 777 1557; x_wconf 62' lang='lat' dir='ltr'><strong>varos,</strong></span> <span class='ocrx_word' id='word_1_58' title='bbox 798 1489 984 1540; x_wconf 89' lang='lat' dir='ltr'><strong>erunt</strong></span> <span class='ocrx_word' id='word_1_59' title='bbox 999 1473 1130 1539; x_wconf 90' lang='lat' dir='ltr'><strong>duo</strong></span> <span class='ocrx_word' id='word_1_60' title='bbox 1153 1475 1352 1563; x_wconf 89' lang='lat' dir='ltr'><strong>prima</strong></span> <span class='ocrx_word' id='word_1_61' title='bbox 1373 1474 1702 1563; x_wconf 84' lang='lat' dir='ltr'><strong>principia:</strong></span> <span class='ocrx_word' id='word_1_62' title='bbox 1736 1475 1786 1540; x_wconf 90' lang='lat' dir='ltr'><strong>si</strong></span> <span class='ocrx_word' id='word_1_63' title='bbox 1813 1475 2026 1564; x_wconf 86' lang='lat' dir='ltr'><strong>genita</strong></span> <span class='ocrx_word' id='word_1_64' title='bbox 2053 1500 2091 1541; x_wconf 93' lang='lat' dir='ltr'><strong>a</strong></span> <span class='ocrx_word' id='word_1_65' title='bbox 2109 1478 2273 1555; x_wconf 92' lang='lat' dir='ltr'><strong>Deo,</strong></span> 
     </span>
     <span class='ocr_line' id='line_1_10' title="bbox 585 1577 2277 1666; baseline 0.001 -22"><span class='ocrx_word' id='word_1_66' title='bbox 585 1578 755 1644; x_wconf 89' lang='lat' dir='ltr'><strong>unde</strong></span> <span class='ocrx_word' id='word_1_67' title='bbox 799 1577 1001 1666; x_wconf 87' lang='lat' dir='ltr'><strong>turpis</strong></span> <span class='ocrx_word' id='word_1_68' title='bbox 1041 1594 1106 1644; x_wconf 92' lang='lat' dir='ltr'><strong>et</strong></span> <span class='ocrx_word' id='word_1_69' title='bbox 1148 1577 1311 1643; x_wconf 88' lang='lat' dir='ltr'><strong>mala</strong></span> <span class='ocrx_word' id='word_1_70' title='bbox 1327 1579 1392 1642; x_wconf 82' lang='lat'><strong>?”</strong></span> <span class='ocrx_word' id='word_1_71' title='bbox 1438 1577 1716 1648; x_wconf 85' lang='lat' dir='ltr'><strong>Platonis</strong></span> <span class='ocrx_word' id='word_1_72' title='bbox 1756 1594 1967 1644; x_wconf 89' lang='lat' dir='ltr'><strong>autem</strong></span> <span class='ocrx_word' id='word_1_73' title='bbox 2005 1580 2086 1644; x_wconf 92' lang='lat' dir='ltr'><strong>de</strong></span> <span class='ocrx_word' id='word_1_74' title='bbox 2130 1583 2277 1645; x_wconf 93' lang='lat' dir='ltr'><strong>Ma-</strong></span> 
     </span>
     <span class='ocr_line' id='line_1_11' title="bbox 584 1680 2271 1771; baseline -0.001 -22"><span class='ocrx_word' id='word_1_75' title='bbox 584 1681 739 1750; x_wconf 81' lang='lat' dir='ltr'><strong>teria</strong></span> <span class='ocrx_word' id='word_1_76' title='bbox 763 1680 1039 1770; x_wconf 89' lang='lat' dir='ltr'><strong>primarii</strong></span> <span class='ocrx_word' id='word_1_77' title='bbox 1064 1680 1181 1746; x_wconf 87' lang='lat' dir='ltr'><strong>loci</strong></span> <span class='ocrx_word' id='word_1_78' title='bbox 1212 1695 1358 1746; x_wconf 87' lang='lat' dir='ltr'><strong>sunt</strong></span> <span class='ocrx_word' id='word_1_79' title='bbox 1383 1680 1448 1745; x_wconf 90' lang='lat' dir='ltr'><strong>in</strong></span> <span class='ocrx_word' id='word_1_80' title='bbox 1475 1680 1716 1746; x_wconf 85' lang='lat' dir='ltr'><strong>Timaeo</strong></span> <span class='ocrx_word' id='word_1_81' title='bbox 1742 1705 1805 1769; x_wconf 91' lang='lat' dir='ltr'><strong>p.</strong></span> <span class='ocrx_word' id='word_1_82' title='bbox 1822 1697 1926 1766; x_wconf 93' lang='lat'><strong>50.</strong></span> <span class='ocrx_word' id='word_1_83' title='bbox 1960 1706 2052 1770; x_wconf 88' lang='lat' dir='ltr'><strong>sq.</strong></span> <span class='ocrx_word' id='word_1_84' title='bbox 2081 1707 2146 1771; x_wconf 90' lang='lat' dir='ltr'><strong>p.</strong></span> <span class='ocrx_word' id='word_1_85' title='bbox 2170 1684 2271 1747; x_wconf 90' lang='lat'><strong>60.</strong></span> 
     </span>
     <span class='ocr_line' id='line_1_12' title="bbox 584 1783 2271 1873; baseline 0.001 -24"><span class='ocrx_word' id='word_1_86' title='bbox 584 1808 724 1872; x_wconf 85' lang='lat' dir='ltr'><strong>sqq.</strong></span> <span class='ocrx_word' id='word_1_87' title='bbox 758 1783 956 1850; x_wconf 87' lang='lat' dir='ltr'><strong>Bekk.</strong></span> <span class='ocrx_word' id='word_1_88' title='bbox 1006 1784 1281 1871; x_wconf 85' lang='lat' dir='ltr'><strong>itemque</strong></span> <span class='ocrx_word' id='word_1_89' title='bbox 1322 1783 1387 1848; x_wconf 91' lang='lat' dir='ltr'><strong>in</strong></span> <span class='ocrx_word' id='word_1_90' title='bbox 1433 1783 1697 1848; x_wconf 90' lang='lat' dir='ltr'><strong>Philebo</strong></span> <span class='ocrx_word' id='word_1_91' title='bbox 1737 1808 1802 1872; x_wconf 90' lang='lat' dir='ltr'><strong>p.</strong></span> <span class='ocrx_word' id='word_1_92' title='bbox 1836 1804 1936 1866; x_wconf 89' lang='lat'><strong>24.</strong></span> <span class='ocrx_word' id='word_1_93' title='bbox 1978 1801 2040 1850; x_wconf 92' lang='lat' dir='ltr'><strong>et</strong></span> <span class='ocrx_word' id='word_1_94' title='bbox 2069 1809 2136 1872; x_wconf 95' lang='lat' dir='ltr'><strong>p.</strong></span> <span class='ocrx_word' id='word_1_95' title='bbox 2170 1805 2271 1873; x_wconf 91' lang='lat'><strong>25.</strong></span> 
     </span>
     <span class='ocr_line' id='line_1_13' title="bbox 584 1886 2276 1975; baseline 0.002 -25"><span class='ocrx_word' id='word_1_96' title='bbox 584 1911 651 1975; x_wconf 90' lang='lat' dir='ltr'><strong>p.</strong></span> <span class='ocrx_word' id='word_1_97' title='bbox 671 1889 776 1953; x_wconf 91' lang='lat'><strong>61.</strong></span> <span class='ocrx_word' id='word_1_98' title='bbox 805 1911 939 1975; x_wconf 87' lang='lat' dir='ltr'><strong>sqq.</strong></span> <span class='ocrx_word' id='word_1_99' title='bbox 970 1887 1070 1953; x_wconf 89' lang='lat' dir='ltr'><strong>ed.</strong></span> <span class='ocrx_word' id='word_1_100' title='bbox 1109 1886 1323 1952; x_wconf 90' lang='lat' dir='ltr'><strong>Stallb.</strong></span> <span class='ocrx_word' id='word_1_101' title='bbox 1355 1887 1435 1951; x_wconf 91' lang='lat' dir='ltr'><strong>de</strong></span> <span class='ocrx_word' id='word_1_102' title='bbox 1464 1886 1696 1974; x_wconf 89' lang='lat' dir='ltr'><strong>quibus</strong></span> <span class='ocrx_word' id='word_1_103' title='bbox 1716 1886 1885 1966; x_wconf 78' lang='lat' dir='ltr'><strong>lociS,</strong></span> <span class='ocrx_word' id='word_1_104' title='bbox 1911 1888 2003 1952; x_wconf 91' lang='lat' dir='ltr'><strong>uti</strong></span> <span class='ocrx_word' id='word_1_105' title='bbox 2032 1888 2113 1952; x_wconf 92' lang='lat' dir='ltr'><strong>de</strong></span> <span class='ocrx_word' id='word_1_106' title='bbox 2142 1911 2276 1953; x_wconf 90' lang='lat' dir='ltr'><strong>sen-</strong></span> 
     </span>
     <span class='ocr_line' id='line_1_14' title="bbox 584 1989 2275 2078; baseline 0.001 -23"><span class='ocrx_word' id='word_1_107' title='bbox 584 1990 779 2056; x_wconf 86' lang='lat' dir='ltr'><strong>tentia</strong></span> <span class='ocrx_word' id='word_1_108' title='bbox 805 1990 870 2055; x_wconf 91' lang='lat' dir='ltr'><strong>in</strong></span> <span class='ocrx_word' id='word_1_109' title='bbox 903 1989 1194 2077; x_wconf 88' lang='lat' dir='ltr'><strong>Sophista</strong></span> <span class='ocrx_word' id='word_1_110' title='bbox 1220 1990 1500 2078; x_wconf 88' lang='lat' dir='ltr'><strong>exposita</strong></span> <span class='ocrx_word' id='word_1_111' title='bbox 1528 1989 1653 2054; x_wconf 88' lang='lat' dir='ltr'><strong>vid.</strong></span> <span class='ocrx_word' id='word_1_112' title='bbox 1688 1991 1977 2055; x_wconf 90' lang='lat' dir='ltr'><strong>Brandisi</strong></span> <span class='ocrx_word' id='word_1_113' title='bbox 2000 1989 2275 2056; x_wconf 90' lang='lat' dir='ltr'><strong>libellum</strong></span> 
     </span>
     <span class='ocr_line' id='line_1_15' title="bbox 582 2092 2279 2181; baseline 0.001 -23"><span class='ocrx_word' id='word_1_114' title='bbox 582 2092 665 2158; x_wconf 89' lang='lat' dir='ltr'><strong>de</strong></span> <span class='ocrx_word' id='word_1_115' title='bbox 694 2093 950 2181; x_wconf 89' lang='lat' dir='ltr'><strong>perditis</strong></span> <span class='ocrx_word' id='word_1_116' title='bbox 979 2092 1334 2159; x_wconf 87' lang='lat' dir='ltr'><strong>Aristotelis</strong></span> <span class='ocrx_word' id='word_1_117' title='bbox 1374 2092 1550 2158; x_wconf 90' lang='lat' dir='ltr'><strong>libris</strong></span> <span class='ocrx_word' id='word_1_118' title='bbox 1584 2094 1660 2157; x_wconf 81' lang='lat' dir='ltr'><strong>de</strong></span> <span class='ocrx_word' id='word_1_119' title='bbox 1687 2093 1862 2158; x_wconf 71' lang='lat' dir='ltr'><strong>Idci-5</strong></span> <span class='ocrx_word' id='word_1_120' title='bbox 1896 2103 1956 2158; x_wconf 78' lang='lat' dir='ltr'><strong>et</strong></span> <span class='ocrx_word' id='word_1_121' title='bbox 1995 2093 2070 2157; x_wconf 82' lang='lat' dir='ltr'><strong>de</strong></span> <span class='ocrx_word' id='word_1_122' title='bbox 2097 2096 2279 2159; x_wconf 79' lang='lat' dir='ltr'><strong>Bono</strong></span> 
     </span>
     <span class='ocr_line' id='line_1_16' title="bbox 584 2195 2279 2286; baseline 0.001 -26"><span class='ocrx_word' id='word_1_123' title='bbox 584 2220 648 2284; x_wconf 91' lang='lat' dir='ltr'><strong>p.</strong></span> <span class='ocrx_word' id='word_1_124' title='bbox 679 2197 782 2283; x_wconf 83' lang='lat'><strong>38.</strong></span> <span class='ocrx_word' id='word_1_125' title='bbox 815 2220 951 2284; x_wconf 87' lang='lat' dir='ltr'><strong>sqq.</strong></span> <span class='ocrx_word' id='word_1_126' title='bbox 982 2212 1045 2261; x_wconf 92' lang='lat' dir='ltr'><strong>et</strong></span> <span class='ocrx_word' id='word_1_127' title='bbox 1074 2220 1138 2284; x_wconf 92' lang='lat' dir='ltr'><strong>p.</strong></span> <span class='ocrx_word' id='word_1_128' title='bbox 1173 2198 1274 2284; x_wconf 84' lang='lat'><strong>63.</strong></span> <span class='ocrx_word' id='word_1_129' title='bbox 1332 2195 1609 2286; x_wconf 83' lang='lat' dir='ltr'><strong>Platonis</strong></span> <span class='ocrx_word' id='word_1_130' title='bbox 1649 2210 1858 2261; x_wconf 89' lang='lat' dir='ltr'><strong>autem</strong></span> <span class='ocrx_word' id='word_1_131' title='bbox 1902 2218 2031 2260; x_wconf 92' lang='lat' dir='ltr'><strong>non</strong></span> <span class='ocrx_word' id='word_1_132' title='bbox 2072 2197 2279 2261; x_wconf 89' lang='lat' dir='ltr'><strong>minus</strong></span> 
     </span>
     <span class='ocr_line' id='line_1_17' title="bbox 583 2298 2279 2386; baseline 0.001 -23"><span class='ocrx_word' id='word_1_133' title='bbox 583 2321 774 2386; x_wconf 89' lang='lat' dir='ltr'><strong>quam</strong></span> <span class='ocrx_word' id='word_1_134' title='bbox 818 2298 1045 2364; x_wconf 84' lang='lat' dir='ltr'><strong>Timaei</strong></span> <span class='ocrx_word' id='word_1_135' title='bbox 1083 2299 1271 2364; x_wconf 90' lang='lat' dir='ltr'><strong>Locri</strong></span> <span class='ocrx_word' id='word_1_136' title='bbox 1314 2299 1755 2364; x_wconf 82' lang='lat' dir='ltr'><strong>obscuritatem</strong></span> <span class='ocrx_word' id='word_1_137' title='bbox 1798 2299 1913 2363; x_wconf 90' lang='lat' dir='ltr'><strong>hac</strong></span> <span class='ocrx_word' id='word_1_138' title='bbox 1954 2299 2018 2363; x_wconf 92' lang='lat' dir='ltr'><strong>in</strong></span> <span class='ocrx_word' id='word_1_139' title='bbox 2071 2322 2139 2363; x_wconf 89' lang='lat' dir='ltr'><strong>re</strong></span> <span class='ocrx_word' id='word_1_140' title='bbox 2181 2323 2279 2365; x_wconf 90' lang='lat' dir='ltr'><strong>ac-</strong></span> 
     </span>
     <span class='ocr_line' id='line_1_18' title="bbox 583 2401 2272 2489; baseline 0 -22"><span class='ocrx_word' id='word_1_141' title='bbox 583 2416 762 2467; x_wconf 85' lang='lat' dir='ltr'><strong>cusat</strong></span> <span class='ocrx_word' id='word_1_142' title='bbox 789 2401 1159 2467; x_wconf 90' lang='lat' dir='ltr'><strong>Aristoteles</strong></span> <span class='ocrx_word' id='word_1_143' title='bbox 1200 2401 1281 2467; x_wconf 92' lang='lat' dir='ltr'><strong>de</strong></span> <span class='ocrx_word' id='word_1_144' title='bbox 1326 2403 1620 2466; x_wconf 86' lang='lat' dir='ltr'><strong>Generat.</strong></span> <span class='ocrx_word' id='word_1_145' title='bbox 1659 2417 1724 2466; x_wconf 92' lang='lat' dir='ltr'><strong>et</strong></span> <span class='ocrx_word' id='word_1_146' title='bbox 1759 2403 2056 2489; x_wconf 91' lang='lat' dir='ltr'><strong>Corrupt.</strong></span> <span class='ocrx_word' id='word_1_147' title='bbox 2092 2404 2148 2465; x_wconf 93' lang='grc' dir='ltr'><strong>Ι.</strong></span> <span class='ocrx_word' id='word_1_148' title='bbox 2182 2423 2272 2467; x_wconf 85' lang='lat'><strong>1.:</strong></span> 
     </span>
     <span class='ocr_line' id='line_1_19' title="bbox 586 2504 2275 2591; baseline -0.001 -20"><span class='ocrx_word' id='word_1_149' title='bbox 586 2506 666 2572; x_wconf 74' lang='grc' dir='ltr'><strong>ὥς</strong></span> <span class='ocrx_word' id='word_1_150' title='bbox 691 2507 757 2570; x_wconf 71' lang='grc' dir='ltr'><strong>δὲ</strong></span> <span class='ocrx_word' id='word_1_151' title='bbox 791 2508 860 2569; x_wconf 77' lang='grc' dir='ltr'><strong>ἐν</strong></span> <span class='ocrx_word' id='word_1_152' title='bbox 886 2506 1115 2591; x_wconf 79' lang='grc' dir='ltr'>Τιμαίῳ</span> <span class='ocrx_word' id='word_1_153' title='bbox 1157 2504 1487 2588; x_wconf 80' lang='grc' dir='ltr'>γέγραπται</span> <span class='ocrx_word' id='word_1_154' title='bbox 1528 2505 1741 2569; x_wconf 78' lang='grc' dir='ltr'>οὐδένα</span> <span class='ocrx_word' id='word_1_155' title='bbox 1783 2505 1911 2588; x_wconf 83' lang='grc' dir='ltr'>ἔχει</span> <span class='ocrx_word' id='word_1_156' title='bbox 1953 2507 2275 2587; x_wconf 79' lang='grc' dir='ltr'>διορισμόν.</span> 
     </span>
     <span class='ocr_line' id='line_1_20' title="bbox 588 2606 2277 2693; baseline -0.001 -21"><span class='ocrx_word' id='word_1_157' title='bbox 588 2613 632 2647; x_wconf 84' lang='grc'><strong>“</strong></span> <span class='ocrx_word' id='word_1_158' title='bbox 657 2607 845 2687; x_wconf 84' lang='lat' dir='ltr'><strong>Quod</strong></span> <span class='ocrx_word' id='word_1_159' title='bbox 874 2607 938 2672; x_wconf 92' lang='lat' dir='ltr'><strong>in</strong></span> <span class='ocrx_word' id='word_1_160' title='bbox 969 2606 1218 2672; x_wconf 82' lang='lat' dir='ltr'><strong>Timoeo</strong></span> <span class='ocrx_word' id='word_1_161' title='bbox 1249 2607 1358 2689; x_wconf 90' lang='lat' dir='ltr'><strong>(de</strong></span> <span class='ocrx_word' id='word_1_162' title='bbox 1389 2606 1688 2691; x_wconf 88' lang='lat' dir='ltr'><strong>Materia)</strong></span> <span class='ocrx_word' id='word_1_163' title='bbox 1721 2606 2020 2693; x_wconf 89' lang='lat' dir='ltr'><strong>scriptum</strong></span> <span class='ocrx_word' id='word_1_164' title='bbox 2063 2621 2179 2687; x_wconf 90' lang='lat' dir='ltr'><strong>est,</strong></span> <span class='ocrx_word' id='word_1_165' title='bbox 2210 2607 2277 2671; x_wconf 91' lang='lat' dir='ltr'><strong>id</strong></span> 
     </span>
     <span class='ocr_line' id='line_1_21' title="bbox 582 2708 2279 2797; baseline 0 -22"><span class='ocrx_word' id='word_1_166' title='bbox 582 2709 739 2775; x_wconf 84' lang='lat' dir='ltr'><strong>nihil</strong></span> <span class='ocrx_word' id='word_1_167' title='bbox 768 2710 919 2775; x_wconf 87' lang='lat' dir='ltr'><strong>certi</strong></span> <span class='ocrx_word' id='word_1_168' title='bbox 948 2710 1137 2775; x_wconf 89' lang='lat' dir='ltr'><strong>babet</strong></span> <span class='ocrx_word' id='word_1_169' title='bbox 1163 2733 1237 2775; x_wconf 84' lang='lat' dir='ltr'><strong>ac</strong></span> <span class='ocrx_word' id='word_1_170' title='bbox 1263 2708 1561 2774; x_wconf 80' lang='lat' dir='ltr'><strong>definiti.”</strong></span> <span class='ocrx_word' id='word_1_171' title='bbox 1649 2710 1831 2774; x_wconf 87' lang='lat' dir='ltr'><strong>Idem</strong></span> <span class='ocrx_word' id='word_1_172' title='bbox 1875 2710 2279 2797; x_wconf 85' lang='lat' dir='ltr'><strong>conqueritur</strong></span> 
     </span>
     <span class='ocr_line' id='line_1_22' title="bbox 584 2812 2278 2901; baseline 0 -23"><span class='ocrx_word' id='word_1_173' title='bbox 584 2812 825 2879; x_wconf 87' lang='lat' dir='ltr'><strong>Galeus</strong></span> <span class='ocrx_word' id='word_1_174' title='bbox 844 2812 890 2876; x_wconf 94' lang='lat' dir='ltr'><strong>l.</strong></span> <span class='ocrx_word' id='word_1_175' title='bbox 915 2812 960 2877; x_wconf 95' lang='lat' dir='ltr'><strong>l.</strong></span> <span class='ocrx_word' id='word_1_176' title='bbox 987 2819 1032 2852; x_wconf 90' lang='lat'><strong>“</strong></span> <span class='ocrx_word' id='word_1_177' title='bbox 1056 2814 1215 2891; x_wconf 80' lang='lat' dir='ltr'><strong>Quae</strong></span> <span class='ocrx_word' id='word_1_178' title='bbox 1240 2835 1429 2901; x_wconf 88' lang='lat' dir='ltr'><strong>porro</strong></span> <span class='ocrx_word' id='word_1_179' title='bbox 1456 2812 1647 2877; x_wconf 87' lang='lat' dir='ltr'><strong>fuerit</strong></span> <span class='ocrx_word' id='word_1_180' title='bbox 1670 2812 1949 2878; x_wconf 88' lang='lat' dir='ltr'><strong>Platonis</strong></span> <span class='ocrx_word' id='word_1_181' title='bbox 1976 2812 2278 2879; x_wconf 88' lang='lat' dir='ltr'><strong>sententia</strong></span> 
     </span>
     <span class='ocr_line' id='line_1_23' title="bbox 580 2914 2277 3003; baseline 0.001 -23"><span class='ocrx_word' id='word_1_182' title='bbox 580 2914 665 2980; x_wconf 90' lang='lat' dir='ltr'><strong>de</strong></span> <span class='ocrx_word' id='word_1_183' title='bbox 693 2914 970 2994; x_wconf 86' lang='lat' dir='ltr'><strong>materia,</strong></span> <span class='ocrx_word' id='word_1_184' title='bbox 1000 2915 1236 2980; x_wconf 88' lang='lat' dir='ltr'><strong>sanein</strong></span> <span class='ocrx_word' id='word_1_185' title='bbox 1268 2914 1516 2981; x_wconf 68' lang='lat' dir='ltr'><strong>Timaeo</strong></span> <span class='ocrx_word' id='word_1_186' title='bbox 1555 2938 1681 2980; x_wconf 89' lang='lat' dir='ltr'><strong>non</strong></span> <span class='ocrx_word' id='word_1_187' title='bbox 1721 2915 1868 2980; x_wconf 85' lang='lat' dir='ltr'><strong>satis</strong></span> <span class='ocrx_word' id='word_1_188' title='bbox 1902 2915 2139 3003; x_wconf 88' lang='lat' dir='ltr'><strong>liquet;</strong></span> <span class='ocrx_word' id='word_1_189' title='bbox 2186 2917 2277 2981; x_wconf 85' lang='lat' dir='ltr'><strong>vi-</strong></span> 
     </span>
     <span class='ocr_line' id='line_1_24' title="bbox 583 3017 2276 3107; baseline 0.001 -24"><span class='ocrx_word' id='word_1_190' title='bbox 583 3017 770 3083; x_wconf 89' lang='lat' dir='ltr'><strong>detur</strong></span> <span class='ocrx_word' id='word_1_191' title='bbox 810 3018 1049 3107; x_wconf 89' lang='lat' dir='ltr'><strong>quippe</strong></span> <span class='ocrx_word' id='word_1_192' title='bbox 1081 3018 1401 3083; x_wconf 84' lang='lat' dir='ltr'><strong>materiam</strong></span> <span class='ocrx_word' id='word_1_193' title='bbox 1441 3019 1793 3106; x_wconf 86' lang='lat' dir='ltr'><strong>Demiurgo</strong></span> <span class='ocrx_word' id='word_1_194' title='bbox 1830 3042 2165 3106; x_wconf 89' lang='lat' dir='ltr'><strong>opponere,</strong></span> <span class='ocrx_word' id='word_1_195' title='bbox 2212 3034 2276 3085; x_wconf 92' lang='lat' dir='ltr'><strong>et</strong></span> 
     </span>
     <span class='ocr_line' id='line_1_25' title="bbox 584 3121 2270 3207; baseline 0.001 -21"><span class='ocrx_word' id='word_1_196' title='bbox 584 3137 798 3186; x_wconf 87' lang='lat' dir='ltr'><strong>contra</strong></span> <span class='ocrx_word' id='word_1_197' title='bbox 826 3121 1208 3207; x_wconf 85' lang='lat' dir='ltr'><strong>distinguere</strong></span> <span class='ocrx_word' id='word_1_198' title='bbox 1235 3122 1316 3187; x_wconf 90' lang='lat' dir='ltr'><strong>ab</strong></span> <span class='ocrx_word' id='word_1_199' title='bbox 1345 3145 1455 3186; x_wconf 86' lang='lat' dir='ltr'><strong>eo:</strong></span> <span class='ocrx_word' id='word_1_200' title='bbox 1502 3121 1568 3185; x_wconf 93' lang='lat' dir='ltr'><strong>in</strong></span> <span class='ocrx_word' id='word_1_201' title='bbox 1602 3121 1866 3187; x_wconf 89' lang='lat' dir='ltr'><strong>Philebo</strong></span> <span class='ocrx_word' id='word_1_202' title='bbox 1893 3145 2041 3186; x_wconf 81' lang='lat' dir='ltr'><strong>vero</strong></span> <span class='ocrx_word' id='word_1_203' title='bbox 2077 3121 2270 3187; x_wconf 88' lang='lat' dir='ltr'><strong>diser-</strong></span> 
     </span>
     <span class='ocr_line' id='line_1_26' title="bbox 586 3222 2272 3309; baseline 0.001 -21"><span class='ocrx_word' id='word_1_204' title='bbox 586 3222 695 3288; x_wconf 89' lang='lat' dir='ltr'><strong>tim</strong></span> <span class='ocrx_word' id='word_1_205' title='bbox 725 3224 877 3288; x_wconf 88' lang='lat' dir='ltr'><strong>dicit</strong></span> <span class='ocrx_word' id='word_1_206' title='bbox 905 3225 1119 3288; x_wconf 90' lang='lat' dir='ltr'><strong>Deum</strong></span> <span class='ocrx_word' id='word_1_207' title='bbox 1147 3223 1215 3288; x_wconf 80' lang='grc' dir='ltr'><strong>τὸ</strong></span> <span class='ocrx_word' id='word_1_208' title='bbox 1242 3227 1355 3304; x_wconf 77' lang='grc' dir='ltr'><strong>μὲν</strong></span> <span class='ocrx_word' id='word_1_209' title='bbox 1381 3224 1564 3309; x_wconf 80' lang='grc' dir='ltr'>πέρας</span> <span class='ocrx_word' id='word_1_210' title='bbox 1597 3231 1781 3305; x_wconf 71' lang='grc' dir='ltr'>δεῖξαι</span> <span class='ocrx_word' id='word_1_211' title='bbox 1817 3231 1934 3289; x_wconf 75' lang='grc' dir='ltr'><strong>τῶν</strong></span> <span class='ocrx_word' id='word_1_212' title='bbox 1964 3227 2171 3300; x_wconf 78' lang='grc' dir='ltr'><strong><em>ὄντων,</em></strong></span> <span class='ocrx_word' id='word_1_213' title='bbox 2202 3225 2272 3289; x_wconf 81' lang='grc' dir='ltr'><strong>τὸ</strong></span> 
     </span>
     <span class='ocr_line' id='line_1_27' title="bbox 583 3325 2275 3414; baseline 0.002 -25"><span class='ocrx_word' id='word_1_214' title='bbox 583 3326 649 3389; x_wconf 74' lang='grc' dir='ltr'><strong>δὲ</strong></span> <span class='ocrx_word' id='word_1_215' title='bbox 690 3325 955 3407; x_wconf 76' lang='grc' dir='ltr'><strong>ἄπειρον.</strong></span> <span class='ocrx_word' id='word_1_216' title='bbox 1049 3325 1310 3390; x_wconf 89' lang='lat' dir='ltr'><strong>Constat</strong></span> <span class='ocrx_word' id='word_1_217' title='bbox 1353 3348 1466 3412; x_wconf 89' lang='lat' dir='ltr'><strong>per</strong></span> <span class='ocrx_word' id='word_1_218' title='bbox 1507 3327 1750 3408; x_wconf 79' lang='grc' dir='ltr'>ἄπειρον</span> <span class='ocrx_word' id='word_1_219' title='bbox 1784 3325 2043 3414; x_wconf 87' lang='lat' dir='ltr'><strong>intelligi</strong></span> <span class='ocrx_word' id='word_1_220' title='bbox 2082 3343 2275 3392; x_wconf 89' lang='lat' dir='ltr'><strong>mate-</strong></span> 
     </span>
     <span class='ocr_line' id='line_1_28' title="bbox 583 3425 2269 3517; baseline 0.002 -25"><span class='ocrx_word' id='word_1_221' title='bbox 583 3425 760 3492; x_wconf 88' lang='lat' dir='ltr'><strong>riam.</strong></span> <span class='ocrx_word' id='word_1_222' title='bbox 851 3426 977 3492; x_wconf 87' lang='lat' dir='ltr'><strong>Sed</strong></span> <span class='ocrx_word' id='word_1_223' title='bbox 1006 3426 1059 3491; x_wconf 90' lang='lat' dir='ltr'><strong>is</strong></span> <span class='ocrx_word' id='word_1_224' title='bbox 1081 3428 1260 3492; x_wconf 90' lang='lat' dir='ltr'><strong>Deus</strong></span> <span class='ocrx_word' id='word_1_225' title='bbox 1296 3426 1544 3492; x_wconf 90' lang='lat' dir='ltr'><strong>Platoni</strong></span> <span class='ocrx_word' id='word_1_226' title='bbox 1579 3450 1704 3492; x_wconf 90' lang='lat' dir='ltr'><strong>non</strong></span> <span class='ocrx_word' id='word_1_227' title='bbox 1743 3444 1837 3493; x_wconf 91' lang='lat' dir='ltr'><strong>est</strong></span> <span class='ocrx_word' id='word_1_228' title='bbox 1863 3431 2269 3517; x_wconf 85' lang='lat' dir='ltr'><strong>Demiurgus,</strong></span> 
     </span>
     <span class='ocr_line' id='line_1_29' title="bbox 584 3529 2272 3619; baseline 0.002 -25"><span class='ocrx_word' id='word_1_229' title='bbox 584 3529 693 3594; x_wconf 84' lang='lat' dir='ltr'><strong>sed</strong></span> <span class='ocrx_word' id='word_1_230' title='bbox 744 3529 1078 3619; x_wconf 87' lang='lat' dir='ltr'><strong>superioris</strong></span> <span class='ocrx_word' id='word_1_231' title='bbox 1119 3529 1411 3595; x_wconf 78' lang='lat' dir='ltr'><strong>ordiniS.”</strong></span> <span class='ocrx_word' id='word_1_232' title='bbox 1498 3531 1889 3597; x_wconf 90' lang='lat' dir='ltr'><strong>Moshemius</strong></span> <span class='ocrx_word' id='word_1_233' title='bbox 1946 3550 2162 3598; x_wconf 90' lang='lat' dir='ltr'><strong>contra</strong></span> <span class='ocrx_word' id='word_1_234' title='bbox 2207 3533 2272 3597; x_wconf 89' lang='lat' dir='ltr'><strong>in</strong></span> 
     </span>
     <span class='ocr_line' id='line_1_30' title="bbox 586 3632 2272 3702; baseline 0.002 -4"><span class='ocrx_word' id='word_1_235' title='bbox 586 3632 844 3698; x_wconf 76' lang='lat' dir='ltr'><strong>Dissert-</strong></span> <span class='ocrx_word' id='word_1_236' title='bbox 875 3633 956 3698; x_wconf 90' lang='lat' dir='ltr'><strong>de</strong></span> <span class='ocrx_word' id='word_1_237' title='bbox 980 3633 1309 3699; x_wconf 90' lang='lat' dir='ltr'><strong>Creatione</strong></span> <span class='ocrx_word' id='word_1_238' title='bbox 1328 3633 1565 3698; x_wconf 91' lang='lat' dir='ltr'><strong>Mundi</strong></span> <span class='ocrx_word' id='word_1_239' title='bbox 1592 3658 1671 3699; x_wconf 85' lang='lat' dir='ltr'><strong>ex</strong></span> <span class='ocrx_word' id='word_1_240' title='bbox 1694 3635 1912 3701; x_wconf 89' lang='lat' dir='ltr'><strong>Nihilo</strong></span> <span class='ocrx_word' id='word_1_241' title='bbox 1932 3637 2012 3701; x_wconf 97' lang='lat' dir='ltr'><strong>ad</strong></span> <span class='ocrx_word' id='word_1_242' title='bbox 2043 3636 2272 3702; x_wconf 85' lang='lat' dir='ltr'><strong>calcem</strong></span> 
     </span>
     <span class='ocr_line' id='line_1_31' title="bbox 588 3735 2272 3825; baseline 0.002 -24"><span class='ocrx_word' id='word_1_243' title='bbox 588 3736 951 3802; x_wconf 77' lang='lat' dir='ltr'><strong>Cudworth.</strong></span> <span class='ocrx_word' id='word_1_244' title='bbox 1002 3739 1172 3825; x_wconf 85' lang='lat' dir='ltr'><strong>Syst.</strong></span> <span class='ocrx_word' id='word_1_245' title='bbox 1229 3735 1434 3801; x_wconf 87' lang='lat' dir='ltr'><strong>Intell.</strong></span> <span class='ocrx_word' id='word_1_246' title='bbox 1489 3761 1551 3825; x_wconf 95' lang='lat' dir='ltr'><strong>p.</strong></span> <span class='ocrx_word' id='word_1_247' title='bbox 1599 3756 1750 3823; x_wconf 89' lang='lat'><strong>947.</strong></span> <span class='ocrx_word' id='word_1_248' title='bbox 1814 3738 2140 3804; x_wconf 88' lang='lat' dir='ltr'><strong>Platonem</strong></span> <span class='ocrx_word' id='word_1_249' title='bbox 2191 3741 2272 3806; x_wconf 86' lang='lat' dir='ltr'><strong>ab</strong></span> 
     </span>
     <span class='ocr_line' id='line_1_32' title="bbox 585 3838 2275 3920; baseline 0.002 -15"><span class='ocrx_word' id='word_1_250' title='bbox 585 3838 933 3905; x_wconf 86' lang='lat' dir='ltr'><strong>Aristotelis</strong></span> <span class='ocrx_word' id='word_1_251' title='bbox 958 3856 1108 3904; x_wconf 89' lang='lat' dir='ltr'><strong>nota</strong></span> <span class='ocrx_word' id='word_1_252' title='bbox 1136 3839 1470 3904; x_wconf 88' lang='lat' dir='ltr'><strong>defendere</strong></span> <span class='ocrx_word' id='word_1_253' title='bbox 1497 3840 1728 3920; x_wconf 87' lang='lat' dir='ltr'><strong>studet,</strong></span> <span class='ocrx_word' id='word_1_254' title='bbox 1758 3841 2028 3907; x_wconf 83' lang='lat' dir='ltr'><strong>addens:</strong></span> <span class='ocrx_word' id='word_1_255' title='bbox 2091 3851 2135 3883; x_wconf 89' lang='lat'><strong>“</strong></span> <span class='ocrx_word' id='word_1_256' title='bbox 2168 3845 2275 3908; x_wconf 85' lang='lat' dir='ltr'><strong>Se-</strong></span> 
     </span>
     <span class='ocr_line' id='line_1_33' title="bbox 586 3941 2270 4030; baseline 0.002 -22"><span class='ocrx_word' id='word_1_257' title='bbox 586 3941 766 4008; x_wconf 84' lang='lat' dir='ltr'><strong>cessit</strong></span> <span class='ocrx_word' id='word_1_258' title='bbox 792 3943 925 4030; x_wconf 84' lang='lat' dir='ltr'><strong>ipse</strong></span> <span class='ocrx_word' id='word_1_259' title='bbox 960 3942 1251 4008; x_wconf 90' lang='lat' dir='ltr'><strong>nimirum</strong></span> <span class='ocrx_word' id='word_1_260' title='bbox 1283 3942 1644 4009; x_wconf 88' lang='lat' dir='ltr'><strong>Aristoteles</strong></span> <span class='ocrx_word' id='word_1_261' title='bbox 1685 3943 1748 4008; x_wconf 93' lang='lat' dir='ltr'><strong>in</strong></span> <span class='ocrx_word' id='word_1_262' title='bbox 1792 3968 2007 4010; x_wconf 89' lang='lat' dir='ltr'><strong>eorum</strong></span> <span class='ocrx_word' id='word_1_263' title='bbox 2051 3959 2270 4024; x_wconf 89' lang='lat' dir='ltr'><strong>castra,</strong></span> 
     </span>
     <span class='ocr_line' id='line_1_34' title="bbox 584 4044 2274 4134; baseline 0.002 -25"><span class='ocrx_word' id='word_1_264' title='bbox 584 4044 694 4132; x_wconf 90' lang='lat' dir='ltr'><strong>qui</strong></span> <span class='ocrx_word' id='word_1_265' title='bbox 722 4046 1040 4111; x_wconf 86' lang='lat' dir='ltr'><strong>materiam</strong></span> <span class='ocrx_word' id='word_1_266' title='bbox 1072 4058 1413 4112; x_wconf 87' lang='lat' dir='ltr'><strong>statuerent</strong></span> <span class='ocrx_word' id='word_1_267' title='bbox 1440 4070 1571 4110; x_wconf 89' lang='lat' dir='ltr'><strong>esse</strong></span> <span class='ocrx_word' id='word_1_268' title='bbox 1591 4048 1926 4126; x_wconf 72' lang='grc' dir='ltr'>ἀσώματον,</span> <span class='ocrx_word' id='word_1_269' title='bbox 1947 4047 2119 4134; x_wconf 92' lang='lat' dir='ltr'><strong>quod</strong></span> <span class='ocrx_word' id='word_1_270' title='bbox 2140 4048 2274 4114; x_wconf 86' lang='lat' dir='ltr'><strong>haec</strong></span> 
     </span>
     <span class='ocr_line' id='line_1_35' title="bbox 585 4147 2270 4237; baseline 0.002 -24"><span class='ocrx_word' id='word_1_271' title='bbox 585 4147 732 4213; x_wconf 80' lang='lat' dir='ltr'><strong>satis</strong></span> <span class='ocrx_word' id='word_1_272' title='bbox 773 4148 827 4236; x_wconf 90' lang='lat' dir='ltr'><strong>ej</strong></span> <span class='ocrx_word' id='word_1_273' title='bbox 836 4172 911 4214; x_wconf 92' lang='lat' dir='ltr'><strong>us</strong></span> <span class='ocrx_word' id='word_1_274' title='bbox 952 4148 1233 4214; x_wconf 83' lang='lat' dir='ltr'><strong>definitio</strong></span> <span class='ocrx_word' id='word_1_275' title='bbox 1272 4149 1500 4237; x_wconf 89' lang='lat' dir='ltr'><strong>probat</strong></span> <span class='ocrx_word' id='word_1_276' title='bbox 1537 4149 1850 4229; x_wconf 84' lang='lat' dir='ltr'><strong>Materiae,</strong></span> <span class='ocrx_word' id='word_1_277' title='bbox 1886 4173 2028 4237; x_wconf 84' lang='lat' dir='ltr'><strong>quae</strong></span> <span class='ocrx_word' id='word_1_278' title='bbox 2059 4153 2270 4216; x_wconf 92' lang='lat' dir='ltr'><strong>Meta-</strong></span> 
     </span>
     <span class='ocr_line' id='line_1_36' title="bbox 584 4252 2273 4342; baseline 0.002 -26"><span class='ocrx_word' id='word_1_279' title='bbox 584 4252 770 4342; x_wconf 83' lang='lat' dir='ltr'><strong>phys.</strong></span> <span class='ocrx_word' id='word_1_280' title='bbox 801 4254 964 4320; x_wconf 87' lang='lat' dir='ltr'><strong>VII.</strong></span> <span class='ocrx_word' id='word_1_281' title='bbox 1010 4274 1076 4341; x_wconf 82' lang='lat'><strong>3.</strong></span> <span class='ocrx_word' id='word_1_282' title='bbox 1120 4277 1187 4342; x_wconf 90' lang='lat' dir='ltr'><strong>p.</strong></span> <span class='ocrx_word' id='word_1_283' title='bbox 1232 4274 1384 4341; x_wconf 83' lang='lat'><strong>353.</strong></span> <span class='ocrx_word' id='word_1_284' title='bbox 1431 4268 1634 4319; x_wconf 86' lang='lat' dir='ltr'><strong>exstat</strong></span> <span class='ocrx_word' id='word_1_285' title='bbox 1651 4280 1677 4319; x_wconf 84' lang='lat'><strong>:—</strong></span> <span class='ocrx_word' id='word_1_286' title='bbox 1720 4254 1881 4338; x_wconf 80' lang='grc' dir='ltr'>λέγω</span> <span class='ocrx_word' id='word_1_287' title='bbox 1933 4258 1998 4319; x_wconf 74' lang='grc' dir='ltr'><strong>δὲ</strong></span> <span class='ocrx_word' id='word_1_288' title='bbox 2040 4257 2193 4335; x_wconf 80' lang='grc' dir='ltr'>ὕλην</span> <span class='ocrx_word' id='word_1_289' title='bbox 2234 4254 2273 4335; x_wconf 80' lang='grc' dir='ltr'>ἦ</span> 
     </span>
     <span class='ocr_line' id='line_1_37' title="bbox 587 4351 2275 4435; baseline -0.001 -17"><span class='ocrx_word' id='word_1_290' title='bbox 587 4351 711 4418; x_wconf 78' lang='grc' dir='ltr'>καθ’</span> <span class='ocrx_word' id='word_1_291' title='bbox 742 4353 944 4433; x_wconf 68' lang='grc' dir='ltr'>αὐτὴν,</span> <span class='ocrx_word' id='word_1_292' title='bbox 974 4353 1121 4434; x_wconf 70' lang='grc' dir='ltr'>μήτε</span> <span class='ocrx_word' id='word_1_293' title='bbox 1162 4379 1237 4429; x_wconf 81' lang='grc' dir='ltr'><strong>τι,</strong></span> <span class='ocrx_word' id='word_1_294' title='bbox 1280 4354 1427 4434; x_wconf 80' lang='grc' dir='ltr'>μήτε</span> <span class='ocrx_word' id='word_1_295' title='bbox 1466 4355 1680 4429; x_wconf 83' lang='grc' dir='ltr'><strong><em>πόσον,</em></strong></span> <span class='ocrx_word' id='word_1_296' title='bbox 1716 4353 1862 4434; x_wconf 83' lang='grc' dir='ltr'>μήτε</span> <span class='ocrx_word' id='word_1_297' title='bbox 1903 4355 2059 4418; x_wconf 78' lang='grc' dir='ltr'>ἄλλο</span> <span class='ocrx_word' id='word_1_298' title='bbox 2090 4356 2275 4435; x_wconf 78' lang='grc' dir='ltr'>μηδὲν</span> 
     </span>
     <span class='ocr_line' id='line_1_38' title="bbox 583 4453 2272 4543; baseline 0 -23"><span class='ocrx_word' id='word_1_299' title='bbox 583 4453 845 4538; x_wconf 70' lang='grc' dir='ltr'><strong>λέγεται,</strong></span> <span class='ocrx_word' id='word_1_300' title='bbox 878 4457 967 4524; x_wconf 77' lang='grc' dir='ltr'><strong>οἷς</strong></span> <span class='ocrx_word' id='word_1_301' title='bbox 1003 4456 1246 4538; x_wconf 83' lang='grc' dir='ltr'>ὥρισται</span> <span class='ocrx_word' id='word_1_302' title='bbox 1287 4456 1355 4520; x_wconf 76' lang='grc' dir='ltr'><strong>τὸ</strong></span> <span class='ocrx_word' id='word_1_303' title='bbox 1393 4456 1520 4521; x_wconf 83' lang='grc' dir='ltr'><strong>ὅν.”</strong></span> <span class='ocrx_word' id='word_1_304' title='bbox 1611 4459 1757 4521; x_wconf 91' lang='lat' dir='ltr'><strong>Hoc</strong></span> <span class='ocrx_word' id='word_1_305' title='bbox 1808 4455 2013 4543; x_wconf 87' lang='lat' dir='ltr'><strong>ipsum</strong></span> <span class='ocrx_word' id='word_1_306' title='bbox 2062 4472 2272 4521; x_wconf 89' lang='lat' dir='ltr'><strong>autem</strong></span> 
     </span>
     <span class='ocr_line' id='line_1_39' title="bbox 583 4556 2274 4646; baseline 0 -24"><span class='ocrx_word' id='word_1_307' title='bbox 583 4556 905 4623; x_wconf 88' lang='lat' dir='ltr'><strong>decretum</strong></span> <span class='ocrx_word' id='word_1_308' title='bbox 955 4559 1273 4639; x_wconf 77' lang='grc' dir='ltr'>ἆσῶματον</span> <span class='ocrx_word' id='word_1_309' title='bbox 1317 4580 1449 4622; x_wconf 89' lang='lat' dir='ltr'><strong>esse</strong></span> <span class='ocrx_word' id='word_1_310' title='bbox 1497 4558 1604 4637; x_wconf 78' lang='grc' dir='ltr'><strong>τὴν</strong></span> <span class='ocrx_word' id='word_1_311' title='bbox 1651 4560 1822 4638; x_wconf 79' lang='grc' dir='ltr'>ὕλην,</span> <span class='ocrx_word' id='word_1_312' title='bbox 1869 4580 2083 4623; x_wconf 90' lang='lat' dir='ltr'><strong>omnes</strong></span> <span class='ocrx_word' id='word_1_313' title='bbox 2132 4572 2274 4646; x_wconf 89' lang='lat' dir='ltr'><strong>post</strong></span> 
     </span>
     <span class='ocr_line' id='line_1_40' title="bbox 584 4659 2269 4748; baseline -0.001 -23"><span class='ocrx_word' id='word_1_314' title='bbox 584 4659 914 4726; x_wconf 87' lang='lat' dir='ltr'><strong>Platonem</strong></span> <span class='ocrx_word' id='word_1_315' title='bbox 956 4659 1359 4748; x_wconf 86' lang='lat' dir='ltr'><strong>philosophos</strong></span> <span class='ocrx_word' id='word_1_316' title='bbox 1403 4659 1623 4725; x_wconf 90' lang='lat' dir='ltr'><strong>Cicero</strong></span> <span class='ocrx_word' id='word_1_317' title='bbox 1664 4659 1949 4747; x_wconf 88' lang='lat' dir='ltr'><strong>perhibet</strong></span> <span class='ocrx_word' id='word_1_318' title='bbox 1986 4660 2269 4725; x_wconf 89' lang='lat' dir='ltr'><strong>tenuisse.</strong></span> 
     </span>
     <span class='ocr_line' id='line_1_41' title="bbox 588 4760 2274 4850; baseline 0.001 -23"><span class='ocrx_word' id='word_1_319' title='bbox 588 4762 691 4828; x_wconf 91' lang='lat' dir='ltr'><strong>Ita</strong></span> <span class='ocrx_word' id='word_1_320' title='bbox 714 4761 881 4828; x_wconf 87' lang='lat' dir='ltr'><strong>enim</strong></span> <span class='ocrx_word' id='word_1_321' title='bbox 912 4760 1160 4827; x_wconf 89' lang='lat' dir='ltr'><strong>Acadd.</strong></span> <span class='ocrx_word' id='word_1_322' title='bbox 1195 4762 1255 4825; x_wconf 90' lang='lat'><strong>1.</strong></span> <span class='ocrx_word' id='word_1_323' title='bbox 1278 4781 1340 4848; x_wconf 92' lang='lat'><strong>7.</strong></span> <span class='ocrx_word' id='word_1_324' title='bbox 1361 4780 1459 4847; x_wconf 87' lang='lat'><strong>27.</strong></span> <span class='ocrx_word' id='word_1_325' title='bbox 1484 4785 1549 4850; x_wconf 90' lang='lat' dir='ltr'><strong>p.</strong></span> <span class='ocrx_word' id='word_1_326' title='bbox 1572 4778 1674 4847; x_wconf 90' lang='lat'><strong>45.</strong></span> <span class='ocrx_word' id='word_1_327' title='bbox 1702 4764 2045 4828; x_wconf 87' lang='lat' dir='ltr'><strong>Goerenz.:</strong></span> <span class='ocrx_word' id='word_1_328' title='bbox 2080 4772 2125 4803; x_wconf 80' lang='lat'><strong>‘⁶</strong></span> <span class='ocrx_word' id='word_1_329' title='bbox 2147 4762 2274 4828; x_wconf 92' lang='lat' dir='ltr'><strong>Sed</strong></span> 
     </span>
     <span class='ocr_line' id='line_1_42' title="bbox 584 4863 2273 4955; baseline -0.002 -22"><span class='ocrx_word' id='word_1_330' title='bbox 584 4867 927 4955; x_wconf 85' lang='lat' dir='ltr'><strong>subjectam</strong></span> <span class='ocrx_word' id='word_1_331' title='bbox 956 4880 1182 4952; x_wconf 84' lang='lat' dir='ltr'><strong>putant</strong></span> <span class='ocrx_word' id='word_1_332' title='bbox 1211 4863 1621 4953; x_wconf 88' lang='lat' dir='ltr'><strong>(philosophi)</strong></span> <span class='ocrx_word' id='word_1_333' title='bbox 1652 4864 1941 4930; x_wconf 90' lang='lat' dir='ltr'><strong>omnibus</strong></span> <span class='ocrx_word' id='word_1_334' title='bbox 1976 4864 2105 4929; x_wconf 89' lang='lat' dir='ltr'><strong>sine</strong></span> <span class='ocrx_word' id='word_1_335' title='bbox 2144 4863 2273 4930; x_wconf 88' lang='lat' dir='ltr'><strong>ullo</strong></span> 
     </span>
     <span class='ocr_line' id='line_1_43' title="bbox 584 4966 2271 5059; baseline -0.002 -24"><span class='ocrx_word' id='word_1_336' title='bbox 584 4969 809 5059; x_wconf 85' lang='lat' dir='ltr'><strong>specie,</strong></span> <span class='ocrx_word' id='word_1_337' title='bbox 834 4984 1028 5057; x_wconf 89' lang='lat' dir='ltr'><strong>atque</strong></span> <span class='ocrx_word' id='word_1_338' title='bbox 1063 4982 1373 5034; x_wconf 87' lang='lat' dir='ltr'><strong>carentem</strong></span> <span class='ocrx_word' id='word_1_339' title='bbox 1414 4967 1584 5033; x_wconf 89' lang='lat' dir='ltr'><strong>omni</strong></span> <span class='ocrx_word' id='word_1_340' title='bbox 1617 4967 1917 5056; x_wconf 87' lang='lat' dir='ltr'><strong>qualitate</strong></span> <span class='ocrx_word' id='word_1_341' title='bbox 1954 4966 2271 5032; x_wconf 86' lang='lat' dir='ltr'><strong>materiam</strong></span> 
     </span>
     <span class='ocr_line' id='line_1_44' title="bbox 583 5068 2276 5161; baseline -0.004 -21"><span class='ocrx_word' id='word_1_342' title='bbox 583 5073 924 5161; x_wconf 88' lang='lat' dir='ltr'><strong>quandam,</strong></span> <span class='ocrx_word' id='word_1_343' title='bbox 966 5096 1046 5137; x_wconf 86' lang='lat' dir='ltr'><strong>ex</strong></span> <span class='ocrx_word' id='word_1_344' title='bbox 1090 5094 1219 5160; x_wconf 90' lang='lat' dir='ltr'><strong>qua</strong></span> <span class='ocrx_word' id='word_1_345' title='bbox 1259 5070 1469 5136; x_wconf 90' lang='lat' dir='ltr'><strong>omnia</strong></span> <span class='ocrx_word' id='word_1_346' title='bbox 1508 5093 1799 5157; x_wconf 87' lang='lat' dir='ltr'><strong>expressa</strong></span> <span class='ocrx_word' id='word_1_347' title='bbox 1839 5085 2030 5156; x_wconf 89' lang='lat' dir='ltr'><strong>atque</strong></span> <span class='ocrx_word' id='word_1_348' title='bbox 2074 5068 2276 5134; x_wconf 86' lang='lat' dir='ltr'><strong>efficta</strong></span> 
     </span>
     <span class='ocr_line' id='line_1_45' title="bbox 584 5171 2275 5263; baseline -0.002 -22"><span class='ocrx_word' id='word_1_349' title='bbox 584 5175 739 5242; x_wconf 81' lang='lat' dir='ltr'><strong>sint:</strong></span> <span class='ocrx_word' id='word_1_350' title='bbox 773 5198 918 5263; x_wconf 85' lang='lat' dir='ltr'><strong>quae</strong></span> <span class='ocrx_word' id='word_1_351' title='bbox 939 5189 1071 5240; x_wconf 91' lang='lat' dir='ltr'><strong>tota</strong></span> <span class='ocrx_word' id='word_1_352' title='bbox 1098 5173 1307 5239; x_wconf 92' lang='lat' dir='ltr'><strong>omnia</strong></span> <span class='ocrx_word' id='word_1_353' title='bbox 1333 5172 1608 5260; x_wconf 82' lang='lat' dir='ltr'><strong>accipere</strong></span> <span class='ocrx_word' id='word_1_354' title='bbox 1630 5171 1844 5260; x_wconf 87' lang='lat' dir='ltr'><strong>possit,</strong></span> <span class='ocrx_word' id='word_1_355' title='bbox 1860 5171 2275 5259; x_wconf 89' lang='lat' dir='ltr'><strong>omnibusque</strong></span> 
     </span>
     <span class='ocr_line' id='line_1_46' title="bbox 584 5274 2272 5364; baseline -0.004 -19"><span class='ocrx_word' id='word_1_356' title='bbox 584 5277 785 5344; x_wconf 84' lang='lat' dir='ltr'><strong>modis</strong></span> <span class='ocrx_word' id='word_1_357' title='bbox 813 5277 1067 5356; x_wconf 89' lang='lat' dir='ltr'><strong>mutari,</strong></span> <span class='ocrx_word' id='word_1_358' title='bbox 1097 5291 1288 5364; x_wconf 89' lang='lat' dir='ltr'><strong>atque</strong></span> <span class='ocrx_word' id='word_1_359' title='bbox 1314 5298 1394 5340; x_wconf 84' lang='lat' dir='ltr'><strong>ex</strong></span> <span class='ocrx_word' id='word_1_360' title='bbox 1419 5275 1586 5341; x_wconf 91' lang='lat' dir='ltr'><strong>omni</strong></span> <span class='ocrx_word' id='word_1_361' title='bbox 1616 5289 1830 5364; x_wconf 73' lang='lat' dir='ltr'><strong>partez</strong></span> <span class='ocrx_word' id='word_1_362' title='bbox 1861 5298 2060 5362; x_wconf 89' lang='lat' dir='ltr'><strong>eoque</strong></span> <span class='ocrx_word' id='word_1_363' title='bbox 2087 5274 2272 5340; x_wconf 90' lang='lat' dir='ltr'><strong>etiam</strong></span> 
     </span>
     <span class='ocr_line' id='line_1_47' title="bbox 583 5378 2273 5466; baseline -0.003 -19"><span class='ocrx_word' id='word_1_364' title='bbox 583 5380 856 5456; x_wconf 84' lang='lat' dir='ltr'><strong>interire,</strong></span> <span class='ocrx_word' id='word_1_365' title='bbox 887 5402 1012 5445; x_wconf 91' lang='lat' dir='ltr'><strong>non</strong></span> <span class='ocrx_word' id='word_1_366' title='bbox 1040 5379 1103 5444; x_wconf 93' lang='lat' dir='ltr'><strong>in</strong></span> <span class='ocrx_word' id='word_1_367' title='bbox 1135 5378 1421 5456; x_wconf 90' lang='lat' dir='ltr'><strong>nihilum,</strong></span> <span class='ocrx_word' id='word_1_368' title='bbox 1452 5378 1561 5443; x_wconf 92' lang='lat' dir='ltr'><strong>sed</strong></span> <span class='ocrx_word' id='word_1_369' title='bbox 1588 5378 1653 5442; x_wconf 89' lang='lat' dir='ltr'><strong>in</strong></span> <span class='ocrx_word' id='word_1_370' title='bbox 1694 5400 1835 5443; x_wconf 88' lang='lat' dir='ltr'><strong>suas</strong></span> <span class='ocrx_word' id='word_1_371' title='bbox 1873 5394 2101 5466; x_wconf 86' lang='lat' dir='ltr'><strong>partes,</strong></span> <span class='ocrx_word' id='word_1_372' title='bbox 2129 5402 2273 5465; x_wconf 85' lang='lat' dir='ltr'><strong>quae</strong></span> 
     </span>
     <span class='ocr_line' id='line_1_48' title="bbox 587 5480 2274 5569; baseline -0.002 -20"><span class='ocrx_word' id='word_1_373' title='bbox 587 5482 823 5549; x_wconf 83' lang='lat' dir='ltr'><strong>infinite</strong></span> <span class='ocrx_word' id='word_1_374' title='bbox 865 5482 1056 5548; x_wconf 81' lang='lat' dir='ltr'><strong>secari</strong></span> <span class='ocrx_word' id='word_1_375' title='bbox 1096 5504 1170 5548; x_wconf 89' lang='lat' dir='ltr'><strong>ac</strong></span> <span class='ocrx_word' id='word_1_376' title='bbox 1210 5481 1407 5547; x_wconf 87' lang='lat' dir='ltr'><strong>dividi</strong></span> <span class='ocrx_word' id='word_1_377' title='bbox 1448 5481 1708 5569; x_wconf 83' lang='lat' dir='ltr'><strong>possint,</strong></span> <span class='ocrx_word' id='word_1_378' title='bbox 1750 5504 1948 5569; x_wconf 90' lang='lat' dir='ltr'><strong>quum</strong></span> <span class='ocrx_word' id='word_1_379' title='bbox 2001 5481 2079 5546; x_wconf 89' lang='lat' dir='ltr'><strong>sit</strong></span> <span class='ocrx_word' id='word_1_380' title='bbox 2121 5480 2274 5546; x_wconf 90' lang='lat' dir='ltr'><strong>nihil</strong></span> 
     </span>
     <span class='ocr_line' id='line_1_49' title="bbox 586 5583 2275 5673; baseline -0.002 -21"><span class='ocrx_word' id='word_1_381' title='bbox 586 5586 839 5652; x_wconf 76' lang='lat' dir='ltr'><strong>omnino</strong></span> <span class='ocrx_word' id='word_1_382' title='bbox 874 5584 943 5650; x_wconf 87' lang='lat' dir='ltr'><strong>in</strong></span> <span class='ocrx_word' id='word_1_383' title='bbox 986 5607 1197 5651; x_wconf 87' lang='lat' dir='ltr'><strong>rerum</strong></span> <span class='ocrx_word' id='word_1_384' title='bbox 1234 5598 1460 5651; x_wconf 87' lang='lat' dir='ltr'><strong>natura</strong></span> <span class='ocrx_word' id='word_1_385' title='bbox 1496 5583 1844 5663; x_wconf 89' lang='lat' dir='ltr'><strong>minimum,</strong></span> <span class='ocrx_word' id='word_1_386' title='bbox 1873 5585 2045 5673; x_wconf 92' lang='lat' dir='ltr'><strong>quod</strong></span> <span class='ocrx_word' id='word_1_387' title='bbox 2075 5583 2275 5650; x_wconf 80' lang='lat' dir='ltr'><strong>dividi</strong></span> 
     </span>
     <span class='ocr_line' id='line_1_50' title="bbox 683 5694 1041 5751; baseline 0 -5"><span class='ocrx_word' id='word_1_388' title='bbox 683 5694 874 5751; x_wconf 68' lang='lat' dir='ltr'>VOL,</span> <span class='ocrx_word' id='word_1_389' title='bbox 914 5694 1041 5748; x_wconf 90' lang='lat' dir='ltr'><strong>III.</strong></span> 
     </span>
    </p>
   </div>
   <div class='ocr_carea' id='block_1_3' title="bbox 3930 605 4048 671">
    <p class='ocr_par' dir='ltr' id='par_1_3' title="bbox 3930 605 4048 671">
     <span class='ocr_line' id='line_1_51' title="bbox 3930 605 4048 671; baseline 0.017 -22"><span class='ocrx_word' id='word_1_390' title='bbox 3930 605 4048 671; x_wconf 85' lang='lat'><strong>105</strong></span> 
     </span>
    </p>
   </div>
   <div class='ocr_carea' id='block_1_4' title="bbox 2354 753 4056 5572">
    <p class='ocr_par' dir='ltr' id='par_1_4' title="bbox 2354 753 4056 5261">
     <span class='ocr_line' id='line_1_52' title="bbox 2358 753 4048 842; baseline 0.004 -25"><span class='ocrx_word' id='word_1_391' title='bbox 2358 767 2629 840; x_wconf 90' lang='lat' dir='ltr'><strong>nequeat</strong></span> <span class='ocrx_word' id='word_1_392' title='bbox 2657 754 2813 818; x_wconf 81' lang='lat' dir='ltr'><strong>cet.”</strong></span> <span class='ocrx_word' id='word_1_393' title='bbox 2858 754 2957 818; x_wconf 88' lang='lat' dir='ltr'><strong>Cf.</strong></span> <span class='ocrx_word' id='word_1_394' title='bbox 2992 754 3308 820; x_wconf 90' lang='lat' dir='ltr'><strong>Moshem.</strong></span> <span class='ocrx_word' id='word_1_395' title='bbox 3340 753 3382 820; x_wconf 93' lang='lat' dir='ltr'><strong>l.</strong></span> <span class='ocrx_word' id='word_1_396' title='bbox 3414 753 3454 818; x_wconf 94' lang='lat' dir='ltr'><strong>l.</strong></span> <span class='ocrx_word' id='word_1_397' title='bbox 3487 755 3596 842; x_wconf 90' lang='lat' dir='ltr'><strong>qui</strong></span> <span class='ocrx_word' id='word_1_398' title='bbox 3625 755 3788 820; x_wconf 88' lang='lat' dir='ltr'><strong>idem</strong></span> <span class='ocrx_word' id='word_1_399' title='bbox 3819 756 4048 822; x_wconf 89' lang='lat' dir='ltr'><strong>ibidem</strong></span> 
     </span>
     <span class='ocr_line' id='line_1_53' title="bbox 2358 854 4052 944; baseline 0.002 -24"><span class='ocrx_word' id='word_1_400' title='bbox 2358 855 2439 920; x_wconf 90' lang='lat' dir='ltr'><strong>de</strong></span> <span class='ocrx_word' id='word_1_401' title='bbox 2492 854 2724 920; x_wconf 91' lang='lat' dir='ltr'><strong>Plotini</strong></span> <span class='ocrx_word' id='word_1_402' title='bbox 2781 854 3044 920; x_wconf 88' lang='lat' dir='ltr'><strong>decretis</strong></span> <span class='ocrx_word' id='word_1_403' title='bbox 3099 878 3287 944; x_wconf 89' lang='lat' dir='ltr'><strong>super</strong></span> <span class='ocrx_word' id='word_1_404' title='bbox 3335 857 3608 921; x_wconf 87' lang='lat' dir='ltr'><strong>Materia</strong></span> <span class='ocrx_word' id='word_1_405' title='bbox 3657 857 3777 921; x_wconf 89' lang='lat' dir='ltr'><strong>ita:</strong></span> <span class='ocrx_word' id='word_1_406' title='bbox 3829 866 3870 898; x_wconf 90' lang='lat'><strong>“</strong></span> <span class='ocrx_word' id='word_1_407' title='bbox 3899 861 4052 924; x_wconf 91' lang='lat' dir='ltr'><strong>Post</strong></span> 
     </span>
     <span class='ocr_line' id='line_1_54' title="bbox 2363 959 4051 1051; baseline 0.002 -27"><span class='ocrx_word' id='word_1_408' title='bbox 2363 959 2688 1024; x_wconf 92' lang='lat' dir='ltr'><strong>Platonem</strong></span> <span class='ocrx_word' id='word_1_409' title='bbox 2726 975 2791 1025; x_wconf 94' lang='lat' dir='ltr'><strong>et</strong></span> <span class='ocrx_word' id='word_1_410' title='bbox 2819 960 3222 1025; x_wconf 87' lang='lat' dir='ltr'><strong>Aristotelem</strong></span> <span class='ocrx_word' id='word_1_411' title='bbox 3261 960 3738 1027; x_wconf 89' lang='lat' dir='ltr'><strong>innumerabiles</strong></span> <span class='ocrx_word' id='word_1_412' title='bbox 3779 962 4051 1051; x_wconf 90' lang='lat' dir='ltr'><strong>philoso-</strong></span> 
     </span>
     <span class='ocr_line' id='line_1_55' title="bbox 2359 1062 4052 1153; baseline 0.002 -27"><span class='ocrx_word' id='word_1_413' title='bbox 2359 1062 2471 1149; x_wconf 92' lang='lat' dir='ltr'><strong>phi</strong></span> <span class='ocrx_word' id='word_1_414' title='bbox 2500 1063 2618 1128; x_wconf 89' lang='lat' dir='ltr'><strong>hoc</strong></span> <span class='ocrx_word' id='word_1_415' title='bbox 2646 1062 2877 1150; x_wconf 88' lang='lat' dir='ltr'><strong>dogma</strong></span> <span class='ocrx_word' id='word_1_416' title='bbox 2905 1062 3211 1151; x_wconf 87' lang='lat' dir='ltr'><strong>complexi</strong></span> <span class='ocrx_word' id='word_1_417' title='bbox 3240 1077 3408 1128; x_wconf 90' lang='lat' dir='ltr'><strong>sunt.</strong></span> <span class='ocrx_word' id='word_1_418' title='bbox 3499 1065 3600 1127; x_wconf 92' lang='lat' dir='ltr'><strong>De</strong></span> <span class='ocrx_word' id='word_1_419' title='bbox 3633 1063 3856 1129; x_wconf 88' lang='lat' dir='ltr'><strong>Stoicis</strong></span> <span class='ocrx_word' id='word_1_420' title='bbox 3883 1066 4052 1153; x_wconf 89' lang='lat' dir='ltr'><strong>sigil-</strong></span> 
     </span>
     <span class='ocr_line' id='line_1_56' title="bbox 2360 1165 4050 1254; baseline 0.003 -26"><span class='ocrx_word' id='word_1_421' title='bbox 2360 1165 2533 1230; x_wconf 88' lang='lat' dir='ltr'><strong>latim</strong></span> <span class='ocrx_word' id='word_1_422' title='bbox 2563 1166 2706 1231; x_wconf 78' lang='lat' dir='ltr'><strong>vide</strong></span> <span class='ocrx_word' id='word_1_423' title='bbox 2743 1166 3093 1253; x_wconf 87' lang='lat' dir='ltr'><strong>Diogenem</strong></span> <span class='ocrx_word' id='word_1_424' title='bbox 3123 1166 3450 1231; x_wconf 74' lang='lat' dir='ltr'><strong>Laertium</strong></span> <span class='ocrx_word' id='word_1_425' title='bbox 3487 1167 3597 1232; x_wconf 91' lang='lat' dir='ltr'><strong>lib.</strong></span> <span class='ocrx_word' id='word_1_426' title='bbox 3631 1168 3788 1233; x_wconf 86' lang='lat' dir='ltr'><strong>VII.</strong></span> <span class='ocrx_word' id='word_1_427' title='bbox 3823 1191 3870 1232; x_wconf 79' lang='lat' dir='ltr'><strong>s,</strong></span> <span class='ocrx_word' id='word_1_428' title='bbox 3912 1188 4050 1254; x_wconf 84' lang='lat'><strong>134.</strong></span> 
     </span>
     <span class='ocr_line' id='line_1_57' title="bbox 2360 1269 4053 1357; baseline 0.002 -25"><span class='ocrx_word' id='word_1_429' title='bbox 2360 1291 2421 1356; x_wconf 94' lang='lat' dir='ltr'><strong>p.</strong></span> <span class='ocrx_word' id='word_1_430' title='bbox 2477 1289 2625 1354; x_wconf 78' lang='lat'><strong>449.</strong></span> <span class='ocrx_word' id='word_1_431' title='bbox 2700 1270 2779 1333; x_wconf 92' lang='lat' dir='ltr'><strong>In</strong></span> <span class='ocrx_word' id='word_1_432' title='bbox 2837 1269 3053 1357; x_wconf 90' lang='lat' dir='ltr'><strong>primis</strong></span> <span class='ocrx_word' id='word_1_433' title='bbox 3102 1292 3251 1334; x_wconf 86' lang='lat' dir='ltr'><strong>vero</strong></span> <span class='ocrx_word' id='word_1_434' title='bbox 3307 1269 3676 1335; x_wconf 88' lang='lat' dir='ltr'><strong>recentiores</strong></span> <span class='ocrx_word' id='word_1_435' title='bbox 3725 1270 4053 1353; x_wconf 87' lang='lat' dir='ltr'><strong>Platonici,</strong></span> 
     </span>
     <span class='ocr_line' id='line_1_58' title="bbox 2358 1371 4052 1459; baseline 0.002 -24"><span class='ocrx_word' id='word_1_436' title='bbox 2358 1394 2517 1459; x_wconf 92' lang='lat' dir='ltr'><strong>quos</strong></span> <span class='ocrx_word' id='word_1_437' title='bbox 2561 1371 2948 1437; x_wconf 85' lang='lat' dir='ltr'><strong>sublimiores</strong></span> <span class='ocrx_word' id='word_1_438' title='bbox 2983 1372 3380 1436; x_wconf 85' lang='lat' dir='ltr'><strong>vehementer</strong></span> <span class='ocrx_word' id='word_1_439' title='bbox 3416 1372 3807 1439; x_wconf 90' lang='lat' dir='ltr'><strong>delectabant</strong></span> <span class='ocrx_word' id='word_1_440' title='bbox 3842 1397 4052 1438; x_wconf 89' lang='lat' dir='ltr'><strong>rerum</strong></span> 
     </span>
     <span class='ocr_line' id='line_1_59' title="bbox 2359 1475 4051 1566; baseline 0.002 -27"><span class='ocrx_word' id='word_1_441' title='bbox 2359 1498 2398 1539; x_wconf 89' lang='lat' dir='ltr'><strong>a</strong></span> <span class='ocrx_word' id='word_1_442' title='bbox 2423 1498 2682 1562; x_wconf 89' lang='lat' dir='ltr'><strong>corpore</strong></span> <span class='ocrx_word' id='word_1_443' title='bbox 2712 1490 3085 1540; x_wconf 90' lang='lat' dir='ltr'><strong>secretarum</strong></span> <span class='ocrx_word' id='word_1_444' title='bbox 3114 1475 3686 1563; x_wconf 75' lang='lat' dir='ltr'><strong>contemplationeS,</strong></span> <span class='ocrx_word' id='word_1_445' title='bbox 3717 1476 3780 1541; x_wconf 88' lang='lat' dir='ltr'><strong>in</strong></span> <span class='ocrx_word' id='word_1_446' title='bbox 3809 1500 3885 1541; x_wconf 92' lang='lat' dir='ltr'><strong>eo</strong></span> <span class='ocrx_word' id='word_1_447' title='bbox 3909 1502 4051 1566; x_wconf 89' lang='lat' dir='ltr'><strong>per-</strong></span> 
     </span>
     <span class='ocr_line' id='line_1_60' title="bbox 2360 1577 4050 1664; baseline 0.004 -24"><span class='ocrx_word' id='word_1_448' title='bbox 2360 1577 2651 1664; x_wconf 87' lang='lat' dir='ltr'><strong>poliendo</strong></span> <span class='ocrx_word' id='word_1_449' title='bbox 2678 1592 2742 1644; x_wconf 94' lang='lat' dir='ltr'><strong>et</strong></span> <span class='ocrx_word' id='word_1_450' title='bbox 2763 1578 3123 1643; x_wconf 85' lang='lat' dir='ltr'><strong>exornando</strong></span> <span class='ocrx_word' id='word_1_451' title='bbox 3151 1578 3347 1642; x_wconf 90' lang='lat' dir='ltr'><strong>seduli</strong></span> <span class='ocrx_word' id='word_1_452' title='bbox 3378 1595 3441 1644; x_wconf 93' lang='lat' dir='ltr'><strong>et</strong></span> <span class='ocrx_word' id='word_1_453' title='bbox 3465 1578 3747 1643; x_wconf 86' lang='lat' dir='ltr'><strong>laboriosi</strong></span> <span class='ocrx_word' id='word_1_454' title='bbox 3776 1580 4050 1648; x_wconf 84' lang='lat' dir='ltr'><strong>fuerunt.</strong></span> 
     </span>
     <span class='ocr_line' id='line_1_61' title="bbox 2360 1680 4056 1769; baseline 0.002 -24"><span class='ocrx_word' id='word_1_455' title='bbox 2360 1680 2660 1745; x_wconf 89' lang='lat' dir='ltr'><strong>Omnium</strong></span> <span class='ocrx_word' id='word_1_456' title='bbox 2700 1681 2892 1746; x_wconf 89' lang='lat' dir='ltr'><strong>instar</strong></span> <span class='ocrx_word' id='word_1_457' title='bbox 2915 1682 3210 1747; x_wconf 75' lang='lat' dir='ltr'><strong>Plotinus</strong></span> <span class='ocrx_word' id='word_1_458' title='bbox 3253 1681 3374 1769; x_wconf 85' lang='lat' dir='ltr'><strong>legi</strong></span> <span class='ocrx_word' id='word_1_459' title='bbox 3416 1682 3604 1748; x_wconf 92' lang='lat' dir='ltr'><strong>debet</strong></span> <span class='ocrx_word' id='word_1_460' title='bbox 3641 1682 3802 1746; x_wconf 89' lang='lat' dir='ltr'><strong>binis</strong></span> <span class='ocrx_word' id='word_1_461' title='bbox 3834 1681 4056 1750; x_wconf 86' lang='lat' dir='ltr'><strong>libellis</strong></span> 
     </span>
     <span class='ocr_line' id='line_1_62' title="bbox 2359 1782 4056 1873; baseline 0.004 -27"><span class='ocrx_word' id='word_1_462' title='bbox 2359 1782 2542 1847; x_wconf 81' lang='lat' dir='ltr'><strong>valde</strong></span> <span class='ocrx_word' id='word_1_463' title='bbox 2565 1783 2920 1862; x_wconf 88' lang='lat' dir='ltr'><strong>subtilibus,</strong></span> <span class='ocrx_word' id='word_1_464' title='bbox 2941 1786 3043 1849; x_wconf 88' lang='lat' dir='ltr'><strong>De</strong></span> <span class='ocrx_word' id='word_1_465' title='bbox 3070 1787 3338 1850; x_wconf 76' lang='lat' dir='ltr'><strong>materia</strong></span> <span class='ocrx_word' id='word_1_466' title='bbox 3367 1798 3431 1849; x_wconf 91' lang='lat' dir='ltr'><strong>et</strong></span> <span class='ocrx_word' id='word_1_467' title='bbox 3456 1785 3534 1849; x_wconf 83' lang='lat' dir='ltr'><strong>de</strong></span> <span class='ocrx_word' id='word_1_468' title='bbox 3552 1787 4056 1873; x_wconf 67' lang='lat' dir='ltr'><strong>impassibilitate</strong></span> 
     </span>
     <span class='ocr_line' id='line_1_63' title="bbox 2358 1887 4055 1976; baseline 0.004 -27"><span class='ocrx_word' id='word_1_469' title='bbox 2358 1907 2574 1950; x_wconf 82' lang='lat' dir='ltr'><strong>eorum</strong></span> <span class='ocrx_word' id='word_1_470' title='bbox 2601 1910 2740 1975; x_wconf 82' lang='lat' dir='ltr'><strong>quae</strong></span> <span class='ocrx_word' id='word_1_471' title='bbox 2766 1896 2917 1952; x_wconf 76' lang='lat' dir='ltr'><strong>sunt</strong></span> <span class='ocrx_word' id='word_1_472' title='bbox 2944 1890 3330 1975; x_wconf 70' lang='lat' dir='ltr'><strong>incorporea,</strong></span> <span class='ocrx_word' id='word_1_473' title='bbox 3359 1910 3630 1974; x_wconf 89' lang='lat' dir='ltr'><strong>quorum</strong></span> <span class='ocrx_word' id='word_1_474' title='bbox 3657 1887 3761 1952; x_wconf 92' lang='lat' dir='ltr'><strong>ille</strong></span> <span class='ocrx_word' id='word_1_475' title='bbox 3788 1900 4055 1976; x_wconf 70' lang='lat' dir='ltr'><strong>quartus</strong></span> 
     </span>
     <span class='ocr_line' id='line_1_64' title="bbox 2360 1989 4055 2066; baseline 0.002 -13"><span class='ocrx_word' id='word_1_476' title='bbox 2360 1998 2456 2053; x_wconf 72' lang='lat' dir='ltr'><strong>est</strong></span> <span class='ocrx_word' id='word_1_477' title='bbox 2480 1991 2553 2052; x_wconf 75' lang='lat' dir='ltr'><strong>in</strong></span> <span class='ocrx_word' id='word_1_478' title='bbox 2582 1991 2889 2054; x_wconf 79' lang='lat' dir='ltr'><strong>Enneade</strong></span> <span class='ocrx_word' id='word_1_479' title='bbox 2915 1990 3207 2066; x_wconf 74' lang='lat' dir='ltr'><strong>secunda,</strong></span> <span class='ocrx_word' id='word_1_480' title='bbox 3237 1989 3338 2055; x_wconf 90' lang='lat' dir='ltr'><strong>hic</strong></span> <span class='ocrx_word' id='word_1_481' title='bbox 3380 2000 3595 2055; x_wconf 66' lang='lat' dir='ltr'><strong>semu-5</strong></span> <span class='ocrx_word' id='word_1_482' title='bbox 3636 1993 3709 2054; x_wconf 75' lang='lat' dir='ltr'><strong>in</strong></span> <span class='ocrx_word' id='word_1_483' title='bbox 3748 1993 4055 2057; x_wconf 83' lang='lat' dir='ltr'><strong>Enneade</strong></span> 
     </span>
     <span class='ocr_line' id='line_1_65' title="bbox 2363 2092 4055 2182; baseline 0.002 -26"><span class='ocrx_word' id='word_1_484' title='bbox 2363 2094 2568 2156; x_wconf 72' lang='lat' dir='ltr'><strong>tertia.</strong></span> <span class='ocrx_word' id='word_1_485' title='bbox 2662 2093 2891 2158; x_wconf 86' lang='lat' dir='ltr'><strong>Probat</strong></span> <span class='ocrx_word' id='word_1_486' title='bbox 2931 2093 3204 2180; x_wconf 90' lang='lat' dir='ltr'><strong>primum</strong></span> <span class='ocrx_word' id='word_1_487' title='bbox 3242 2092 3531 2157; x_wconf 90' lang='lat' dir='ltr'><strong>Plotinus</strong></span> <span class='ocrx_word' id='word_1_488' title='bbox 3573 2116 3706 2181; x_wconf 90' lang='lat' dir='ltr'><strong>cap.</strong></span> <span class='ocrx_word' id='word_1_489' title='bbox 3741 2097 3800 2160; x_wconf 91' lang='lat'><strong>6.</strong></span> <span class='ocrx_word' id='word_1_490' title='bbox 3833 2094 4055 2182; x_wconf 89' lang='lat' dir='ltr'><strong>prioris</strong></span> 
     </span>
     <span class='ocr_line' id='line_1_66' title="bbox 2362 2192 4056 2283; baseline 0.002 -25"><span class='ocrx_word' id='word_1_491' title='bbox 2362 2192 2504 2259; x_wconf 87' lang='lat' dir='ltr'><strong>libri</strong></span> <span class='ocrx_word' id='word_1_492' title='bbox 2533 2219 2597 2283; x_wconf 94' lang='lat' dir='ltr'><strong>p.</strong></span> <span class='ocrx_word' id='word_1_493' title='bbox 2631 2198 2806 2261; x_wconf 88' lang='lat'><strong>162.:</strong></span> <span class='ocrx_word' id='word_1_494' title='bbox 2853 2219 2984 2260; x_wconf 89' lang='lat' dir='ltr'><strong>esse</strong></span> <span class='ocrx_word' id='word_1_495' title='bbox 3025 2195 3289 2283; x_wconf 91' lang='lat' dir='ltr'><strong>primam</strong></span> <span class='ocrx_word' id='word_1_496' title='bbox 3337 2194 3607 2283; x_wconf 91' lang='lat' dir='ltr'><strong>aliquam</strong></span> <span class='ocrx_word' id='word_1_497' title='bbox 3655 2195 3719 2259; x_wconf 86' lang='lat' dir='ltr'><strong>in</strong></span> <span class='ocrx_word' id='word_1_498' title='bbox 3767 2197 4056 2262; x_wconf 90' lang='lat' dir='ltr'><strong>omnibus</strong></span> 
     </span>
     <span class='ocr_line' id='line_1_67' title="bbox 2363 2297 4054 2385; baseline 0.002 -25"><span class='ocrx_word' id='word_1_499' title='bbox 2363 2298 2728 2384; x_wconf 86' lang='lat' dir='ltr'><strong>corporibus</strong></span> <span class='ocrx_word' id='word_1_500' title='bbox 2776 2297 3130 2363; x_wconf 87' lang='lat' dir='ltr'><strong>materiam:</strong></span> <span class='ocrx_word' id='word_1_501' title='bbox 3180 2312 3314 2361; x_wconf 90' lang='lat' dir='ltr'><strong>tum</strong></span> <span class='ocrx_word' id='word_1_502' title='bbox 3367 2321 3501 2385; x_wconf 89' lang='lat' dir='ltr'><strong>cap.</strong></span> <span class='ocrx_word' id='word_1_503' title='bbox 3552 2315 3610 2381; x_wconf 90' lang='lat'><strong>7.</strong></span> <span class='ocrx_word' id='word_1_504' title='bbox 3661 2297 3921 2364; x_wconf 88' lang='lat' dir='ltr'><strong>aliorum</strong></span> <span class='ocrx_word' id='word_1_505' title='bbox 3973 2300 4054 2364; x_wconf 94' lang='lat' dir='ltr'><strong>de</strong></span> 
     </span>
     <span class='ocr_line' id='line_1_68' title="bbox 2363 2398 4056 2489; baseline 0.002 -26"><span class='ocrx_word' id='word_1_506' title='bbox 2363 2401 2619 2464; x_wconf 86' lang='lat' dir='ltr'><strong>materia</strong></span> <span class='ocrx_word' id='word_1_507' title='bbox 2661 2400 2979 2489; x_wconf 91' lang='lat' dir='ltr'><strong>opiniones</strong></span> <span class='ocrx_word' id='word_1_508' title='bbox 3022 2398 3278 2465; x_wconf 84' lang='lat' dir='ltr'><strong>refellit:</strong></span> <span class='ocrx_word' id='word_1_509' title='bbox 3328 2400 3472 2464; x_wconf 91' lang='lat' dir='ltr'><strong>hinc</strong></span> <span class='ocrx_word' id='word_1_510' title='bbox 3501 2423 3638 2487; x_wconf 90' lang='lat' dir='ltr'><strong>cap.</strong></span> <span class='ocrx_word' id='word_1_511' title='bbox 3673 2401 3731 2465; x_wconf 91' lang='lat'><strong>8.</strong></span> <span class='ocrx_word' id='word_1_512' title='bbox 3764 2400 3844 2465; x_wconf 92' lang='lat' dir='ltr'><strong>ad</strong></span> <span class='ocrx_word' id='word_1_513' title='bbox 3875 2401 4056 2467; x_wconf 86' lang='lat' dir='ltr'><strong>affec-</strong></span> 
     </span>
     <span class='ocr_line' id='line_1_69' title="bbox 2364 2501 4051 2591; baseline 0.002 -25"><span class='ocrx_word' id='word_1_514' title='bbox 2364 2503 2559 2567; x_wconf 88' lang='lat' dir='ltr'><strong>tiones</strong></span> <span class='ocrx_word' id='word_1_515' title='bbox 2618 2503 2908 2568; x_wconf 84' lang='lat' dir='ltr'><strong>Materiae</strong></span> <span class='ocrx_word' id='word_1_516' title='bbox 2965 2502 3317 2590; x_wconf 87' lang='lat' dir='ltr'><strong>digreditur</strong></span> <span class='ocrx_word' id='word_1_517' title='bbox 3373 2501 3803 2590; x_wconf 87' lang='lat' dir='ltr'><strong>explicandus,</strong></span> <span class='ocrx_word' id='word_1_518' title='bbox 3861 2527 4051 2591; x_wconf 90' lang='lat' dir='ltr'><strong>quam</strong></span> 
     </span>
     <span class='ocr_line' id='line_1_70' title="bbox 2362 2605 4053 2692; baseline 0.001 -22"><span class='ocrx_word' id='word_1_519' title='bbox 2362 2629 2495 2692; x_wconf 89' lang='lat' dir='ltr'><strong>cap.</strong></span> <span class='ocrx_word' id='word_1_520' title='bbox 2526 2625 2626 2684; x_wconf 92' lang='lat'><strong>10,</strong></span> <span class='ocrx_word' id='word_1_521' title='bbox 2662 2626 2757 2685; x_wconf 83' lang='lat'><strong>11,</strong></span> <span class='ocrx_word' id='word_1_522' title='bbox 2784 2624 2884 2671; x_wconf 87' lang='lat'><strong>12.</strong></span> <span class='ocrx_word' id='word_1_523' title='bbox 2915 2606 3084 2671; x_wconf 87' lang='lat' dir='ltr'><strong>omni</strong></span> <span class='ocrx_word' id='word_1_524' title='bbox 3128 2605 3495 2692; x_wconf 88' lang='lat' dir='ltr'><strong>quantitate,</strong></span> <span class='ocrx_word' id='word_1_525' title='bbox 3526 2628 3583 2670; x_wconf 93' lang='lat' dir='ltr'><strong>c.</strong></span> <span class='ocrx_word' id='word_1_526' title='bbox 3615 2626 3715 2691; x_wconf 84' lang='lat'><strong>13,</strong></span> <span class='ocrx_word' id='word_1_527' title='bbox 3741 2626 3839 2687; x_wconf 89' lang='lat'><strong>14.</strong></span> <span class='ocrx_word' id='word_1_528' title='bbox 3883 2607 4053 2671; x_wconf 90' lang='lat' dir='ltr'><strong>omni</strong></span> 
     </span>
     <span class='ocr_line' id='line_1_71' title="bbox 2360 2707 4054 2798; baseline 0.001 -26"><span class='ocrx_word' id='word_1_529' title='bbox 2360 2708 2663 2795; x_wconf 90' lang='lat' dir='ltr'><strong>qualitate</strong></span> <span class='ocrx_word' id='word_1_530' title='bbox 2709 2732 2937 2787; x_wconf 87' lang='lat' dir='ltr'><strong>carere,</strong></span> <span class='ocrx_word' id='word_1_531' title='bbox 2984 2707 3052 2772; x_wconf 92' lang='lat' dir='ltr'><strong>id</strong></span> <span class='ocrx_word' id='word_1_532' title='bbox 3101 2723 3215 2788; x_wconf 88' lang='lat' dir='ltr'><strong>est,</strong></span> <span class='ocrx_word' id='word_1_533' title='bbox 3267 2711 3697 2796; x_wconf 68' lang='lat' dir='ltr'><strong>incorpoream</strong></span> <span class='ocrx_word' id='word_1_534' title='bbox 3747 2732 3899 2786; x_wconf 88' lang='lat' dir='ltr'><strong>esse,</strong></span> <span class='ocrx_word' id='word_1_535' title='bbox 3942 2731 4054 2798; x_wconf 89' lang='lat' dir='ltr'><strong>po-</strong></span> 
     </span>
     <span class='ocr_line' id='line_1_72' title="bbox 2361 2811 4053 2899; baseline 0.001 -25"><span class='ocrx_word' id='word_1_536' title='bbox 2361 2827 2591 2876; x_wconf 90' lang='lat' dir='ltr'><strong>stremo</strong></span> <span class='ocrx_word' id='word_1_537' title='bbox 2618 2835 2676 2876; x_wconf 91' lang='lat' dir='ltr'><strong>c.</strong></span> <span class='ocrx_word' id='word_1_538' title='bbox 2701 2831 2798 2897; x_wconf 88' lang='lat'><strong>15.</strong></span> <span class='ocrx_word' id='word_1_539' title='bbox 2830 2812 3379 2876; x_wconf 70' lang='lat' dir='ltr'><strong>indeterminatam</strong></span> <span class='ocrx_word' id='word_1_540' title='bbox 3407 2834 3538 2875; x_wconf 88' lang='lat' dir='ltr'><strong>esse</strong></span> <span class='ocrx_word' id='word_1_541' title='bbox 3564 2811 3850 2899; x_wconf 83' lang='lat' dir='ltr'><strong>probat.”</strong></span> <span class='ocrx_word' id='word_1_542' title='bbox 3903 2814 4053 2878; x_wconf 90' lang='lat' dir='ltr'><strong>Om-</strong></span> 
     </span>
     <span class='ocr_line' id='line_1_73' title="bbox 2360 2912 4052 3002; baseline 0.002 -25"><span class='ocrx_word' id='word_1_543' title='bbox 2360 2912 2510 2978; x_wconf 90' lang='lat' dir='ltr'><strong>nino</strong></span> <span class='ocrx_word' id='word_1_544' title='bbox 2550 2937 2695 2979; x_wconf 90' lang='lat' dir='ltr'><strong>cum</strong></span> <span class='ocrx_word' id='word_1_545' title='bbox 2735 2914 2853 2979; x_wconf 89' lang='lat' dir='ltr'><strong>hoc</strong></span> <span class='ocrx_word' id='word_1_546' title='bbox 2890 2913 3051 2979; x_wconf 89' lang='lat' dir='ltr'><strong>libro</strong></span> <span class='ocrx_word' id='word_1_547' title='bbox 3084 2913 3500 3000; x_wconf 88' lang='lat' dir='ltr'><strong>comparanda</strong></span> <span class='ocrx_word' id='word_1_548' title='bbox 3529 2928 3697 2993; x_wconf 90' lang='lat' dir='ltr'><strong>sunt,</strong></span> <span class='ocrx_word' id='word_1_549' title='bbox 3724 2937 3868 3002; x_wconf 85' lang='lat' dir='ltr'><strong>quae</strong></span> <span class='ocrx_word' id='word_1_550' title='bbox 3900 2914 4052 2980; x_wconf 90' lang='lat' dir='ltr'><strong>Plo-</strong></span> 
     </span>
     <span class='ocr_line' id='line_1_74' title="bbox 2360 3016 4055 3106; baseline 0.003 -27"><span class='ocrx_word' id='word_1_551' title='bbox 2360 3016 2529 3081; x_wconf 89' lang='lat' dir='ltr'><strong>tinus</strong></span> <span class='ocrx_word' id='word_1_552' title='bbox 2568 3016 2731 3081; x_wconf 89' lang='lat' dir='ltr'><strong>infra</strong></span> <span class='ocrx_word' id='word_1_553' title='bbox 2779 3017 3058 3104; x_wconf 89' lang='lat' dir='ltr'><strong>disputat</strong></span> <span class='ocrx_word' id='word_1_554' title='bbox 3103 3017 3244 3081; x_wconf 95' lang='lat'><strong>111.</strong></span> <span class='ocrx_word' id='word_1_555' title='bbox 3290 3040 3343 3081; x_wconf 92' lang='lat' dir='ltr'><strong>c.</strong></span> <span class='ocrx_word' id='word_1_556' title='bbox 3380 3033 3442 3100; x_wconf 91' lang='lat'><strong>7.</strong></span> <span class='ocrx_word' id='word_1_557' title='bbox 3489 3040 3626 3104; x_wconf 87' lang='lat' dir='ltr'><strong>sqq.</strong></span> <span class='ocrx_word' id='word_1_558' title='bbox 3674 3031 3737 3082; x_wconf 92' lang='lat' dir='ltr'><strong>et</strong></span> <span class='ocrx_word' id='word_1_559' title='bbox 3782 3042 3926 3106; x_wconf 84' lang='lat' dir='ltr'><strong>quae</strong></span> <span class='ocrx_word' id='word_1_560' title='bbox 3967 3019 4055 3085; x_wconf 92' lang='lat' dir='ltr'><strong>ibi</strong></span> 
     </span>
     <span class='ocr_line' id='line_1_75' title="bbox 2359 3119 4056 3209; baseline 0.003 -27"><span class='ocrx_word' id='word_1_561' title='bbox 2359 3119 2817 3184; x_wconf 87' lang='lat' dir='ltr'><strong>annotabimus.</strong></span> <span class='ocrx_word' id='word_1_562' title='bbox 2906 3119 3017 3184; x_wconf 91' lang='lat' dir='ltr'><strong>Ad</strong></span> <span class='ocrx_word' id='word_1_563' title='bbox 3048 3134 3488 3207; x_wconf 88' lang='lat' dir='ltr'><strong>argumentum</strong></span> <span class='ocrx_word' id='word_1_564' title='bbox 3519 3119 3710 3209; x_wconf 88' lang='lat' dir='ltr'><strong>hujus</strong></span> <span class='ocrx_word' id='word_1_565' title='bbox 3737 3119 3878 3186; x_wconf 90' lang='lat' dir='ltr'><strong>libri</strong></span> <span class='ocrx_word' id='word_1_566' title='bbox 3910 3121 4056 3188; x_wconf 91' lang='lat' dir='ltr'><strong>Plo-</strong></span> 
     </span>
     <span class='ocr_line' id='line_1_76' title="bbox 2360 3221 4054 3313; baseline 0.003 -28"><span class='ocrx_word' id='word_1_567' title='bbox 2360 3221 2578 3286; x_wconf 89' lang='lat' dir='ltr'><strong>tiniani</strong></span> <span class='ocrx_word' id='word_1_568' title='bbox 2626 3221 2866 3287; x_wconf 87' lang='lat' dir='ltr'><strong>faciunt</strong></span> <span class='ocrx_word' id='word_1_569' title='bbox 2912 3222 3120 3301; x_wconf 89' lang='lat' dir='ltr'><strong>etiam,</strong></span> <span class='ocrx_word' id='word_1_570' title='bbox 3172 3247 3318 3312; x_wconf 86' lang='lat' dir='ltr'><strong>quae</strong></span> <span class='ocrx_word' id='word_1_571' title='bbox 3358 3222 3715 3288; x_wconf 87' lang='lat' dir='ltr'><strong>Bruckerus</strong></span> <span class='ocrx_word' id='word_1_572' title='bbox 3772 3224 4054 3313; x_wconf 90' lang='lat' dir='ltr'><strong>disputat</strong></span> 
     </span>
     <span class='ocr_line' id='line_1_77' title="bbox 2358 3324 4054 3416; baseline 0.003 -27"><span class='ocrx_word' id='word_1_573' title='bbox 2358 3324 2421 3389; x_wconf 92' lang='lat' dir='ltr'><strong>in</strong></span> <span class='ocrx_word' id='word_1_574' title='bbox 2454 3325 2737 3391; x_wconf 87' lang='lat' dir='ltr'><strong>Historia</strong></span> <span class='ocrx_word' id='word_1_575' title='bbox 2783 3326 3017 3391; x_wconf 90' lang='lat' dir='ltr'><strong>Critica</strong></span> <span class='ocrx_word' id='word_1_576' title='bbox 3049 3327 3468 3415; x_wconf 82' lang='lat' dir='ltr'><strong>Philosophiae</strong></span> <span class='ocrx_word' id='word_1_577' title='bbox 3495 3328 3574 3392; x_wconf 81' lang='lat' dir='ltr'><strong>T.</strong></span> <span class='ocrx_word' id='word_1_578' title='bbox 3608 3330 3710 3391; x_wconf 92' lang='lat'><strong>11.</strong></span> <span class='ocrx_word' id='word_1_579' title='bbox 3740 3352 3804 3416; x_wconf 92' lang='lat' dir='ltr'><strong>p.</strong></span> <span class='ocrx_word' id='word_1_580' title='bbox 3837 3332 4054 3411; x_wconf 90' lang='lat'><strong>426—</strong></span> 
     </span>
     <span class='ocr_line' id='line_1_78' title="bbox 2356 3428 4052 3517; baseline 0.004 -25"><span class='ocrx_word' id='word_1_581' title='bbox 2356 3447 2505 3514; x_wconf 84' lang='lat'><strong>431.</strong></span> <span class='ocrx_word' id='word_1_582' title='bbox 2572 3428 2696 3494; x_wconf 90' lang='lat' dir='ltr'><strong>Cui</strong></span> <span class='ocrx_word' id='word_1_583' title='bbox 2730 3428 2932 3517; x_wconf 89' lang='lat' dir='ltr'><strong>junge</strong></span> <span class='ocrx_word' id='word_1_584' title='bbox 2977 3428 3478 3494; x_wconf 90' lang='lat' dir='ltr'><strong>Tiedemannum</strong></span> <span class='ocrx_word' id='word_1_585' title='bbox 3521 3430 3585 3493; x_wconf 92' lang='lat' dir='ltr'><strong>in</strong></span> <span class='ocrx_word' id='word_1_586' title='bbox 3631 3429 3824 3494; x_wconf 89' lang='lat' dir='ltr'><strong>libro:</strong></span> <span class='ocrx_word' id='word_1_587' title='bbox 3878 3432 4052 3497; x_wconf 70' lang='lat' dir='ltr'><strong>Geist</strong></span> 
     </span>
     <span class='ocr_line' id='line_1_79' title="bbox 2356 3531 4047 3620; baseline 0.002 -26"><span class='ocrx_word' id='word_1_588' title='bbox 2356 3531 2471 3594; x_wconf 83' lang='lat' dir='ltr'><strong>der</strong></span> <span class='ocrx_word' id='word_1_589' title='bbox 2513 3532 2936 3619; x_wconf 72' lang='lat' dir='ltr'><strong>speculativen</strong></span> <span class='ocrx_word' id='word_1_590' title='bbox 2983 3531 3379 3618; x_wconf 74' lang='lat' dir='ltr'><strong>Philosopkie</strong></span> <span class='ocrx_word' id='word_1_591' title='bbox 3430 3532 3566 3595; x_wconf 96' lang='lat' dir='ltr'><strong>III.</strong></span> <span class='ocrx_word' id='word_1_592' title='bbox 3614 3554 3673 3620; x_wconf 89' lang='lat' dir='ltr'><strong>p.</strong></span> <span class='ocrx_word' id='word_1_593' title='bbox 3708 3550 3878 3617; x_wconf 69' lang='lat'><strong>294„</strong></span> <span class='ocrx_word' id='word_1_594' title='bbox 3916 3534 4047 3620; x_wconf 88' lang='lat' dir='ltr'><strong>qui,</strong></span> 
     </span>
     <span class='ocr_line' id='line_1_80' title="bbox 2356 3632 4049 3721; baseline 0.002 -25"><span class='ocrx_word' id='word_1_595' title='bbox 2356 3655 2721 3721; x_wconf 87' lang='lat' dir='ltr'><strong>comparans</strong></span> <span class='ocrx_word' id='word_1_596' title='bbox 2749 3633 3037 3698; x_wconf 87' lang='lat' dir='ltr'><strong>Ennead.</strong></span> <span class='ocrx_word' id='word_1_597' title='bbox 3068 3634 3147 3698; x_wconf 89' lang='lat' dir='ltr'><strong>V.</strong></span> <span class='ocrx_word' id='word_1_598' title='bbox 3175 3632 3216 3697; x_wconf 93' lang='lat' dir='ltr'><strong>l.</strong></span> <span class='ocrx_word' id='word_1_599' title='bbox 3247 3656 3304 3699; x_wconf 92' lang='lat'><strong>1.</strong></span> <span class='ocrx_word' id='word_1_600' title='bbox 3327 3657 3379 3698; x_wconf 91' lang='lat' dir='ltr'><strong>c.</strong></span> <span class='ocrx_word' id='word_1_601' title='bbox 3414 3653 3472 3702; x_wconf 86' lang='lat'><strong>2.</strong></span> <span class='ocrx_word' id='word_1_602' title='bbox 3507 3633 3826 3698; x_wconf 90' lang='lat' dir='ltr'><strong>Plotinum</strong></span> <span class='ocrx_word' id='word_1_603' title='bbox 3857 3635 3921 3699; x_wconf 92' lang='lat' dir='ltr'><strong>in</strong></span> <span class='ocrx_word' id='word_1_604' title='bbox 3952 3636 4049 3700; x_wconf 90' lang='lat' dir='ltr'><strong>his</strong></span> 
     </span>
     <span class='ocr_line' id='line_1_81' title="bbox 2357 3735 4049 3824; baseline 0.002 -25"><span class='ocrx_word' id='word_1_605' title='bbox 2357 3736 2674 3800; x_wconf 85' lang='lat' dir='ltr'><strong>sententiis</strong></span> <span class='ocrx_word' id='word_1_606' title='bbox 2701 3736 2781 3800; x_wconf 93' lang='lat' dir='ltr'><strong>de</strong></span> <span class='ocrx_word' id='word_1_607' title='bbox 2812 3735 3084 3800; x_wconf 90' lang='lat' dir='ltr'><strong>Materia</strong></span> <span class='ocrx_word' id='word_1_608' title='bbox 3108 3735 3547 3824; x_wconf 87' lang='lat' dir='ltr'><strong>amplectendis</strong></span> <span class='ocrx_word' id='word_1_609' title='bbox 3576 3759 3615 3800; x_wconf 93' lang='lat' dir='ltr'><strong>a</strong></span> <span class='ocrx_word' id='word_1_610' title='bbox 3645 3736 3906 3802; x_wconf 89' lang='lat' dir='ltr'><strong>Platone</strong></span> <span class='ocrx_word' id='word_1_611' title='bbox 3935 3761 4049 3803; x_wconf 90' lang='lat' dir='ltr'><strong>suo</strong></span> 
     </span>
     <span class='ocr_line' id='line_1_82' title="bbox 2357 3835 4042 3928; baseline 0.003 -27"><span class='ocrx_word' id='word_1_612' title='bbox 2357 3835 2692 3903; x_wconf 86' lang='lat' dir='ltr'><strong>desciscere</strong></span> <span class='ocrx_word' id='word_1_613' title='bbox 2739 3852 2803 3904; x_wconf 94' lang='lat' dir='ltr'><strong>et</strong></span> <span class='ocrx_word' id='word_1_614' title='bbox 2850 3838 3165 3903; x_wconf 89' lang='lat' dir='ltr'><strong>Aristoteli</strong></span> <span class='ocrx_word' id='word_1_615' title='bbox 3215 3862 3279 3903; x_wconf 89' lang='lat' dir='ltr'><strong>se</strong></span> <span class='ocrx_word' id='word_1_616' title='bbox 3336 3839 3680 3927; x_wconf 87' lang='lat' dir='ltr'><strong>adjungere</strong></span> <span class='ocrx_word' id='word_1_617' title='bbox 3732 3840 4042 3928; x_wconf 89' lang='lat' dir='ltr'><strong>opinatur.</strong></span> 
     </span>
     <span class='ocr_line' id='line_1_83' title="bbox 2362 3940 4046 4009; baseline 0.002 -4"><span class='ocrx_word' id='word_1_618' title='bbox 2362 3942 2850 4006; x_wconf 88' lang='lat' dir='ltr'><strong>Tennemannus</strong></span> <span class='ocrx_word' id='word_1_619' title='bbox 2900 3956 3113 4005; x_wconf 91' lang='lat' dir='ltr'><strong>autem</strong></span> <span class='ocrx_word' id='word_1_620' title='bbox 3163 3940 3225 4005; x_wconf 92' lang='lat' dir='ltr'><strong>in</strong></span> <span class='ocrx_word' id='word_1_621' title='bbox 3276 3942 3629 4006; x_wconf 62' lang='lat' dir='ltr'><strong>Gen-hichie</strong></span> <span class='ocrx_word' id='word_1_622' title='bbox 3676 3943 3789 4007; x_wconf 81' lang='lat' dir='ltr'><strong>der</strong></span> <span class='ocrx_word' id='word_1_623' title='bbox 3832 3943 4046 4009; x_wconf 73' lang='lat' dir='ltr'><strong>Philo-</strong></span> 
     </span>
     <span class='ocr_line' id='line_1_84' title="bbox 2354 4043 4050 4133; baseline 0.002 -25"><span class='ocrx_word' id='word_1_624' title='bbox 2354 4043 2570 4130; x_wconf 71' lang='lat' dir='ltr'><strong>sophie</strong></span> <span class='ocrx_word' id='word_1_625' title='bbox 2610 4058 2902 4131; x_wconf 87' lang='lat' dir='ltr'><strong>excerpta</strong></span> <span class='ocrx_word' id='word_1_626' title='bbox 2942 4066 3018 4108; x_wconf 86' lang='lat' dir='ltr'><strong>ex</strong></span> <span class='ocrx_word' id='word_1_627' title='bbox 3059 4043 3317 4133; x_wconf 87' lang='lat' dir='ltr'><strong>singulis</strong></span> <span class='ocrx_word' id='word_1_628' title='bbox 3345 4044 3754 4109; x_wconf 88' lang='lat' dir='ltr'><strong>Enneadibus</strong></span> <span class='ocrx_word' id='word_1_629' title='bbox 3793 4046 3874 4110; x_wconf 89' lang='lat' dir='ltr'><strong>de</strong></span> <span class='ocrx_word' id='word_1_630' title='bbox 3906 4048 4050 4112; x_wconf 89' lang='lat' dir='ltr'><strong>Ma-</strong></span> 
     </span>
     <span class='ocr_line' id='line_1_85' title="bbox 2358 4145 4045 4235; baseline 0.002 -25"><span class='ocrx_word' id='word_1_631' title='bbox 2358 4146 2512 4210; x_wconf 82' lang='lat' dir='ltr'><strong>teria</strong></span> <span class='ocrx_word' id='word_1_632' title='bbox 2539 4145 2788 4211; x_wconf 84' lang='lat' dir='ltr'><strong>decreta</strong></span> <span class='ocrx_word' id='word_1_633' title='bbox 2814 4146 2878 4210; x_wconf 90' lang='lat' dir='ltr'><strong>in</strong></span> <span class='ocrx_word' id='word_1_634' title='bbox 2907 4161 3145 4211; x_wconf 84' lang='lat' dir='ltr'><strong>certum</strong></span> <span class='ocrx_word' id='word_1_635' title='bbox 3167 4146 3446 4212; x_wconf 90' lang='lat' dir='ltr'><strong>ordinem</strong></span> <span class='ocrx_word' id='word_1_636' title='bbox 3476 4147 3756 4235; x_wconf 88' lang='lat' dir='ltr'><strong>redigere</strong></span> <span class='ocrx_word' id='word_1_637' title='bbox 3784 4150 4045 4215; x_wconf 89' lang='lat' dir='ltr'><strong>studuit.</strong></span> 
     </span>
     <span class='ocr_line' id='line_1_86' title="bbox 2359 4248 4045 4339; baseline 0.004 -27"><span class='ocrx_word' id='word_1_638' title='bbox 2359 4248 2494 4313; x_wconf 91' lang='lat' dir='ltr'><strong>Vol.</strong></span> <span class='ocrx_word' id='word_1_639' title='bbox 2528 4249 2644 4313; x_wconf 91' lang='lat' dir='ltr'><strong>VI.</strong></span> <span class='ocrx_word' id='word_1_640' title='bbox 2677 4273 2741 4335; x_wconf 91' lang='lat' dir='ltr'><strong>p.</strong></span> <span class='ocrx_word' id='word_1_641' title='bbox 2770 4270 2913 4334; x_wconf 90' lang='lat'><strong>119.</strong></span> <span class='ocrx_word' id='word_1_642' title='bbox 2943 4273 3079 4337; x_wconf 90' lang='lat' dir='ltr'><strong>sqq.</strong></span> <span class='ocrx_word' id='word_1_643' title='bbox 3125 4249 3362 4338; x_wconf 89' lang='lat' dir='ltr'><strong>Attigit</strong></span> <span class='ocrx_word' id='word_1_644' title='bbox 3389 4250 3578 4320; x_wconf 77' lang='lat' dir='ltr'><strong>etiam</strong></span> <span class='ocrx_word' id='word_1_645' title='bbox 3620 4251 3737 4316; x_wconf 92' lang='lat' dir='ltr'><strong>hoc</strong></span> <span class='ocrx_word' id='word_1_646' title='bbox 3773 4251 4045 4339; x_wconf 86' lang='lat' dir='ltr'><strong>philoso-</strong></span> 
     </span>
     <span class='ocr_line' id='line_1_87' title="bbox 2356 4350 4046 4441; baseline 0.003 -26"><span class='ocrx_word' id='word_1_647' title='bbox 2356 4350 2624 4440; x_wconf 91' lang='lat' dir='ltr'><strong>phorum</strong></span> <span class='ocrx_word' id='word_1_648' title='bbox 2657 4352 3058 4440; x_wconf 88' lang='lat' dir='ltr'><strong>antiquorum</strong></span> <span class='ocrx_word' id='word_1_649' title='bbox 3088 4352 3386 4441; x_wconf 85' lang='lat' dir='ltr'><strong>placitum</strong></span> <span class='ocrx_word' id='word_1_650' title='bbox 3425 4352 3506 4417; x_wconf 92' lang='lat' dir='ltr'><strong>de</strong></span> <span class='ocrx_word' id='word_1_651' title='bbox 3537 4355 3808 4418; x_wconf 85' lang='lat' dir='ltr'><strong>Materia</strong></span> <span class='ocrx_word' id='word_1_652' title='bbox 3838 4355 4046 4420; x_wconf 89' lang='lat' dir='ltr'><strong>Andr.</strong></span> 
     </span>
     <span class='ocr_line' id='line_1_88' title="bbox 2359 4453 4052 4543; baseline 0.002 -25"><span class='ocrx_word' id='word_1_653' title='bbox 2359 4453 2754 4519; x_wconf 89' lang='lat' dir='ltr'><strong>Rudelbach.</strong></span> <span class='ocrx_word' id='word_1_654' title='bbox 2795 4454 2860 4519; x_wconf 91' lang='lat' dir='ltr'><strong>in</strong></span> <span class='ocrx_word' id='word_1_655' title='bbox 2905 4455 3355 4543; x_wconf 88' lang='lat' dir='ltr'><strong>Disquisitione</strong></span> <span class='ocrx_word' id='word_1_656' title='bbox 3396 4455 3477 4520; x_wconf 92' lang='lat' dir='ltr'><strong>de</strong></span> <span class='ocrx_word' id='word_1_657' title='bbox 3519 4456 3776 4521; x_wconf 87' lang='lat' dir='ltr'><strong>Etbices</strong></span> <span class='ocrx_word' id='word_1_658' title='bbox 3814 4457 4052 4522; x_wconf 84' lang='lat' dir='ltr'><strong>Princi-</strong></span> 
     </span>
     <span class='ocr_line' id='line_1_89' title="bbox 2357 4554 4052 4646; baseline 0.004 -27"><span class='ocrx_word' id='word_1_659' title='bbox 2357 4554 2496 4644; x_wconf 90' lang='lat' dir='ltr'><strong>piis.</strong></span> <span class='ocrx_word' id='word_1_660' title='bbox 2586 4556 2878 4636; x_wconf 85' lang='lat' dir='ltr'><strong>Havniae,</strong></span> <span class='ocrx_word' id='word_1_661' title='bbox 2917 4559 3102 4626; x_wconf 84' lang='lat'><strong>1822.</strong></span> <span class='ocrx_word' id='word_1_662' title='bbox 3135 4581 3201 4645; x_wconf 95' lang='lat' dir='ltr'><strong>p.</strong></span> <span class='ocrx_word' id='word_1_663' title='bbox 3233 4578 3376 4641; x_wconf 92' lang='lat'><strong>107.</strong></span> <span class='ocrx_word' id='word_1_664' title='bbox 3400 4581 3537 4646; x_wconf 90' lang='lat' dir='ltr'><strong>sqq.</strong></span> <span class='ocrx_word' id='word_1_665' title='bbox 3568 4581 3681 4623; x_wconf 87' lang='lat' dir='ltr'><strong>nec</strong></span> <span class='ocrx_word' id='word_1_666' title='bbox 3711 4560 3915 4625; x_wconf 89' lang='lat' dir='ltr'><strong>minus</strong></span> <span class='ocrx_word' id='word_1_667' title='bbox 3944 4561 4052 4626; x_wconf 85' lang='lat' dir='ltr'><strong>de·</strong></span> 
     </span>
     <span class='ocr_line' id='line_1_90' title="bbox 2357 4658 4051 4750; baseline 0.003 -27"><span class='ocrx_word' id='word_1_668' title='bbox 2357 4658 2549 4746; x_wconf 92' lang='lat' dir='ltr'><strong>nique</strong></span> <span class='ocrx_word' id='word_1_669' title='bbox 2595 4658 2875 4725; x_wconf 88' lang='lat' dir='ltr'><strong>Thomas</strong></span> <span class='ocrx_word' id='word_1_670' title='bbox 2914 4661 3156 4748; x_wconf 87' lang='lat' dir='ltr'><strong>Taylor</strong></span> <span class='ocrx_word' id='word_1_671' title='bbox 3182 4683 3249 4749; x_wconf 90' lang='lat' dir='ltr'><strong>p.</strong></span> <span class='ocrx_word' id='word_1_672' title='bbox 3278 4681 3381 4743; x_wconf 90' lang='lat'><strong>41.</strong></span> <span class='ocrx_word' id='word_1_673' title='bbox 3427 4661 3723 4726; x_wconf 85' lang='lat' dir='ltr'><strong>versionis</strong></span> <span class='ocrx_word' id='word_1_674' title='bbox 3758 4661 4051 4750; x_wconf 85' lang='lat' dir='ltr'><strong>Anglicae</strong></span> 
     </span>
     <span class='ocr_line' id='line_1_91' title="bbox 2357 4759 4050 4852; baseline 0.004 -27"><span class='ocrx_word' id='word_1_675' title='bbox 2357 4759 2549 4846; x_wconf 91' lang='lat' dir='ltr'><strong>hujus</strong></span> <span class='ocrx_word' id='word_1_676' title='bbox 2597 4760 2737 4826; x_wconf 91' lang='lat' dir='ltr'><strong>libri</strong></span> <span class='ocrx_word' id='word_1_677' title='bbox 2783 4762 3120 4828; x_wconf 91' lang='lat' dir='ltr'><strong>Plotiniani</strong></span> <span class='ocrx_word' id='word_1_678' title='bbox 3171 4764 3238 4827; x_wconf 91' lang='lat' dir='ltr'><strong>in</strong></span> <span class='ocrx_word' id='word_1_679' title='bbox 3281 4765 3482 4830; x_wconf 70' lang='lat' dir='ltr'><strong>Sekct</strong></span> <span class='ocrx_word' id='word_1_680' title='bbox 3533 4766 3756 4830; x_wconf 75' lang='lat' dir='ltr'><strong>Works</strong></span> <span class='ocrx_word' id='word_1_681' title='bbox 3792 4768 3880 4852; x_wconf 71' lang='lat' dir='ltr'><strong>of</strong></span> <span class='ocrx_word' id='word_1_682' title='bbox 3899 4767 4050 4831; x_wconf 88' lang='lat' dir='ltr'><strong>Plo-</strong></span> 
     </span>
     <span class='ocr_line' id='line_1_92' title="bbox 2358 4864 4047 4950; baseline 0.003 -21"><span class='ocrx_word' id='word_1_683' title='bbox 2358 4866 2554 4943; x_wconf 71' lang='lat' dir='ltr'><strong>tinus,</strong></span> <span class='ocrx_word' id='word_1_684' title='bbox 2589 4864 2798 4930; x_wconf 92' lang='lat' dir='ltr'><strong>Lond.</strong></span> <span class='ocrx_word' id='word_1_685' title='bbox 2832 4866 3022 4950; x_wconf 91' lang='lat'><strong>1817.</strong></span> <span class='ocrx_word' id='word_1_686' title='bbox 3069 4867 3385 4931; x_wconf 79' lang='lat' dir='ltr'><strong>Coeterum</strong></span> <span class='ocrx_word' id='word_1_687' title='bbox 3415 4865 3479 4931; x_wconf 90' lang='lat' dir='ltr'><strong>in</strong></span> <span class='ocrx_word' id='word_1_688' title='bbox 3507 4867 3769 4932; x_wconf 88' lang='lat' dir='ltr'><strong>decretis</strong></span> <span class='ocrx_word' id='word_1_689' title='bbox 3795 4868 3875 4932; x_wconf 95' lang='lat' dir='ltr'><strong>de</strong></span> <span class='ocrx_word' id='word_1_690' title='bbox 3906 4870 4047 4934; x_wconf 90' lang='lat' dir='ltr'><strong>Ma·</strong></span> 
     </span>
     <span class='ocr_line' id='line_1_93' title="bbox 2357 4967 4050 5058; baseline 0.002 -27"><span class='ocrx_word' id='word_1_691' title='bbox 2357 4967 2513 5033; x_wconf 89' lang='lat' dir='ltr'><strong>teria</strong></span> <span class='ocrx_word' id='word_1_692' title='bbox 2540 4969 2849 5034; x_wconf 89' lang='lat' dir='ltr'><strong>neminem</strong></span> <span class='ocrx_word' id='word_1_693' title='bbox 2877 4969 3206 5057; x_wconf 89' lang='lat' dir='ltr'><strong>poenitebit</strong></span> <span class='ocrx_word' id='word_1_694' title='bbox 3234 4991 3379 5034; x_wconf 89' lang='lat' dir='ltr'><strong>cum</strong></span> <span class='ocrx_word' id='word_1_695' title='bbox 3411 4969 3662 5035; x_wconf 88' lang='lat' dir='ltr'><strong>Plotino</strong></span> <span class='ocrx_word' id='word_1_696' title='bbox 3695 4992 4050 5058; x_wconf 88' lang='lat' dir='ltr'><strong>comparare</strong></span> 
     </span>
     <span class='ocr_line' id='line_1_94' title="bbox 2362 5074 4045 5162; baseline 0 -24"><span class='ocrx_word' id='word_1_697' title='bbox 2362 5074 2681 5138; x_wconf 72' lang='lat' dir='ltr'><strong>Goerresii</strong></span> <span class='ocrx_word' id='word_1_698' title='bbox 2723 5075 3180 5162; x_wconf 69' lang='lat' dir='ltr'><strong>Eapositionen</strong></span> <span class='ocrx_word' id='word_1_699' title='bbox 3222 5074 3336 5138; x_wconf 84' lang='lat' dir='ltr'><strong>der</strong></span> <span class='ocrx_word' id='word_1_700' title='bbox 3366 5074 3790 5162; x_wconf 61' lang='lat' dir='ltr'><strong>Physiologie.</strong></span> <span class='ocrx_word' id='word_1_701' title='bbox 3832 5076 4045 5138; x_wconf 69' lang='lat' dir='ltr'><strong>Lemel-</strong></span> 
     </span>
     <span class='ocr_line' id='line_1_95' title="bbox 2357 5175 2743 5261; baseline 0 -21"><span class='ocrx_word' id='word_1_702' title='bbox 2357 5175 2521 5240; x_wconf 73' lang='lat' dir='ltr'><strong>shut.</strong></span> <span class='ocrx_word' id='word_1_703' title='bbox 2553 5176 2743 5261; x_wconf 91' lang='lat'><strong>1805.</strong></span> 
     </span>
    </p>

    <p class='ocr_par' dir='ltr' id='par_1_5' title="bbox 2359 5277 4054 5572">
     <span class='ocr_line' id='line_1_96' title="bbox 2443 5277 4042 5366; baseline 0.001 -24"><span class='ocrx_word' id='word_1_704' title='bbox 2443 5301 2510 5366; x_wconf 88' lang='lat' dir='ltr'><strong>p.</strong></span> <span class='ocrx_word' id='word_1_705' title='bbox 2538 5279 2685 5356; x_wconf 86' lang='lat'><strong>282,</strong></span> <span class='ocrx_word' id='word_1_706' title='bbox 2712 5298 2814 5343; x_wconf 93' lang='lat'><strong>11.</strong></span> <span class='ocrx_word' id='word_1_707' title='bbox 2847 5280 2942 5344; x_wconf 85' lang='grc' dir='ltr'><strong>καὶ</strong></span> <span class='ocrx_word' id='word_1_708' title='bbox 2969 5278 3144 5363; x_wconf 76' lang='grc' dir='ltr'>μέχρι</span> <span class='ocrx_word' id='word_1_709' title='bbox 3170 5279 3379 5344; x_wconf 78' lang='grc' dir='ltr'>τούτου</span> <span class='ocrx_word' id='word_1_710' title='bbox 3406 5279 3513 5358; x_wconf 81' lang='grc' dir='ltr'><strong>τὴν</strong></span> <span class='ocrx_word' id='word_1_711' title='bbox 3535 5279 3716 5358; x_wconf 81' lang='grc' dir='ltr'>αὐτὴν</span> <span class='ocrx_word' id='word_1_712' title='bbox 3736 5277 4042 5365; x_wconf 81' lang='grc' dir='ltr'>φέρονται]</span> 
     </span>
     <span class='ocr_line' id='line_1_97' title="bbox 2362 5379 4054 5468; baseline -0.001 -23"><span class='ocrx_word' id='word_1_713' title='bbox 2362 5380 2760 5445; x_wconf 89' lang='lat' dir='ltr'><strong>Contrarium</strong></span> <span class='ocrx_word' id='word_1_714' title='bbox 2806 5396 2900 5445; x_wconf 86' lang='lat' dir='ltr'><strong>est</strong></span> <span class='ocrx_word' id='word_1_715' title='bbox 2937 5381 3001 5445; x_wconf 89' lang='lat' dir='ltr'><strong>in</strong></span> <span class='ocrx_word' id='word_1_716' title='bbox 3035 5380 3316 5468; x_wconf 87' lang='lat' dir='ltr'><strong>sequenti</strong></span> <span class='ocrx_word' id='word_1_717' title='bbox 3361 5381 3697 5460; x_wconf 80' lang='grc' dir='ltr'>διέστησαν,</span> <span class='ocrx_word' id='word_1_718' title='bbox 3730 5379 3900 5444; x_wconf 89' lang='lat' dir='ltr'><strong>unde</strong></span> <span class='ocrx_word' id='word_1_719' title='bbox 3927 5381 4054 5445; x_wconf 87' lang='lat' dir='ltr'><strong>for-</strong></span> 
     </span>
     <span class='ocr_line' id='line_1_98' title="bbox 2359 5480 4050 5572; baseline 0.002 -26"><span class='ocrx_word' id='word_1_720' title='bbox 2359 5482 2548 5547; x_wconf 70' lang='lat' dir='ltr'><strong>mulae</strong></span> <span class='ocrx_word' id='word_1_721' title='bbox 2578 5480 2880 5546; x_wconf 91' lang='lat' dir='ltr'><strong>sententia</strong></span> <span class='ocrx_word' id='word_1_722' title='bbox 2900 5497 3175 5571; x_wconf 91' lang='lat' dir='ltr'><strong>apparet.</strong></span> <span class='ocrx_word' id='word_1_723' title='bbox 3266 5481 3629 5547; x_wconf 88' lang='lat' dir='ltr'><strong>Formulam</strong></span> <span class='ocrx_word' id='word_1_724' title='bbox 3651 5482 3847 5568; x_wconf 87' lang='lat' dir='ltr'><strong>ipsam</strong></span> <span class='ocrx_word' id='word_1_725' title='bbox 3877 5485 4050 5572; x_wconf 89' lang='lat' dir='ltr'><strong>quod</strong></span> 
     </span>
    </p>
   </div>
   <div class='ocr_carea' id='block_1_5' title="bbox 2358 5582 4051 5744">
    <p class='ocr_par' dir='ltr' id='par_1_6' title="bbox 2358 5582 4051 5744">
     <span class='ocr_line' id='line_1_99' title="bbox 2358 5582 4051 5660; baseline 0.002 -10"><span class='ocrx_word' id='word_1_726' title='bbox 2358 5584 2604 5660; x_wconf 85' lang='lat' dir='ltr'><strong>attinet,</strong></span> <span class='ocrx_word' id='word_1_727' title='bbox 2635 5582 2914 5650; x_wconf 91' lang='lat' dir='ltr'><strong>similiter</strong></span> <span class='ocrx_word' id='word_1_728' title='bbox 2938 5583 3186 5650; x_wconf 89' lang='lat' dir='ltr'><strong>locutus</strong></span> <span class='ocrx_word' id='word_1_729' title='bbox 3221 5599 3317 5650; x_wconf 90' lang='lat' dir='ltr'><strong>est</strong></span> <span class='ocrx_word' id='word_1_730' title='bbox 3345 5582 3711 5650; x_wconf 89' lang='lat' dir='ltr'><strong>Cleomedes</strong></span> <span class='ocrx_word' id='word_1_731' title='bbox 3742 5584 3808 5649; x_wconf 92' lang='lat' dir='ltr'><strong>in</strong></span> <span class='ocrx_word' id='word_1_732' title='bbox 3838 5588 4051 5653; x_wconf 92' lang='lat' dir='ltr'><strong>Mete-</strong></span> 
     </span>
     <span class='ocr_line' id='line_1_100' title="bbox 2468 5693 2511 5744; baseline 0 0"><span class='ocrx_word' id='word_1_733' title='bbox 2468 5693 2511 5744; x_wconf 87' lang='lat' dir='ltr'><strong>P</strong></span> 
     </span>
    </p>
   </div>
  </div>
 </body>
</html>
