5118 6613
1061 501 1193 587 346

1067 686 1162 737 est
1204 684 1509 757 tanquam
1555 669 1931 759 principium
1985 685 2177 760 atque
2218 671 2421 739 finis.”
2509 672 2769 737 Ficinus

1067 773 1407 864 expressit:
1460 774 1553 838 καὶ
1585 775 1654 838 ἐν
1686 774 1865 860 αὐτῷ.

1153 900 1220 964 p.
1251 897 1437 957 1114,
1473 878 1575 940 16.
1616 882 1740 944 πῶς
1781 878 2012 958 ἀγαθοῦ
2050 876 2320 967 μετέχει]
2371 878 2472 944 Sic
2512 877 2660 943 dedi
2688 901 2766 942 ex

1069 981 1272 1047 tribus
1299 978 1472 1043 libris
1499 1002 1616 1067 pro
1644 978 1918 1062 μετέχοις
1967 979 2082 1044 nisi
2112 980 2274 1045 sorte
2302 981 2607 1068 conjicere
2636 1003 2763 1045 ma-

1068 1083 1291 1149 lueris:
1338 1088 1461 1150 πῶς
1488 1082 1565 1147 ἂν
1594 1084 1826 1165 ἀγαθοῦ
1865 1081 2128 1167 μετέχοι.
2217 1082 2467 1148 Deinde
2498 1084 2579 1147 B.
2625 1081 2666 1149 l.
2701 1084 2763 1149 6.

1068 1184 1281 1275 scripsi
1309 1183 1589 1273 plenius:
1643 1186 1739 1249 καὶ
1774 1191 1897 1252 πῶς
1937 1185 2023 1250 ἔτι
2065 1186 2168 1259 ἔνς
2213 1182 2345 1265 ἢτὸ
2376 1185 2541 1269 γένει
2572 1186 2659 1260 ἓν,
2692 1187 2769 1254 ὡς

1072 1291 1140 1355 ἐν
1166 1293 1421 1355 πολλοῖς
1463 1289 1615 1352 ὅλον
1656 1309 1799 1352 cum
1842 1288 2045 1351 Marc.
2082 1289 2166 1352 A.
2214 1286 2496 1376 aliisque,
2529 1288 2640 1376 qui
2672 1303 2767 1353 ta-

1068 1414 1214 1457 men
1243 1396 1324 1478 τῷ
1355 1389 1539 1472 γένει.
1635 1389 1745 1455 Ab
1774 1389 1901 1454 Ed.
1934 1390 2071 1455 haec
2099 1390 2348 1455 absunt.
2437 1390 2766 1480 Expressit

1072 1511 1277 1560 tamen
1309 1493 1493 1558 etiam
1528 1491 1666 1556 Fic.
1914 1514 1929 1527 ·

1157 1622 1219 1686 p.
1250 1586 1322 1663 11
1340 1615 1440 1684 15,
1474 1618 1573 1662 10.
1621 1599 1716 1661 καὶ
1744 1597 1813 1661 τὸ
1843 1600 2089 1680 ὕστερος
2130 1600 2290 1680 παρὰ
2317 1603 2423 1663 τοῦ
2448 1599 2766 1688 προτέρου]

1074 1703 1179 1767 Ita
1227 1701 1412 1790 posui
1458 1723 1603 1766 cum
1654 1699 1828 1767 libris
1876 1699 2192 1788 plurimis:
2243 1709 2286 1741 ‘⁶
2318 1717 2380 1766 et
2425 1701 2490 1766 id
2536 1702 2766 1789 ipsum,

1070 1804 1242 1893 quod
1266 1805 1582 1892 posterior
1608 1805 1763 1868 est.”
1847 1804 1978 1868 Fic.
2008 1818 2212 1868 tamen
2243 1804 2544 1892 expressit
2576 1807 2672 1870 καὶ
2698 1804 2766 1869 τὸ

1068 1911 1340 1989 ὕστερον,
1370 1906 1542 1994 quod
1575 1906 1700 1971 Ed.
1732 1906 1942 1984 habet,
1966 1920 2027 1971 et
2058 1905 2163 1970 lin.
2188 1925 2243 1971 2.
2267 1907 2341 1971 B.
2372 1931 2520 1972 cum
2548 1907 2766 1972 iisdem

1069 2011 1200 2075 fere
1250 2011 1345 2075 καὶ
1398 2010 1716 2094 ἐνυπάρχει
1762 2012 1836 2074 τὸ
1885 2012 2107 2092 ὕστερα
2158 2011 2226 2074 ἐν
2270 2015 2392 2078 τοῖς
2441 2011 2765 2093 προτέροις,

1056 2113 1416 2201 primibus.
1464 2114 1600 2178 Fic.
1629 2129 1835 2178 tamen
1865 2112 2165 2200 expressit
2191 2137 2205 2177 :
2256 2115 2324 2179 ἐν
2352 2120 2474 2182 τοῖς
2499 2116 2765 2196 πρώτοις,

1068 2216 1240 2304 quod
1270 2215 1333 2281 in
1368 2215 1494 2281 Ed.
1527 2229 1641 2281 est.

1156 2342 1223 2408 p.
1252 2321 1439 2397 1116,
1472 2319 1533 2382 8.
1579 2318 1779 2384 Ἀλλὰ
1818 2320 1954 2401 περὶ
1979 2318 2273 2402 γενέσεως
2305 2346 2353 2384 κ.
2375 2344 2426 2383 τ.
2448 2320 2546 2407 λ.]
2599 2321 2770 2384 Tur-

1067 2423 1288 2488 batum
1349 2421 1598 2487 videtur
1643 2421 1707 2485 in
1761 2420 1880 2486 hoc
1923 2420 2077 2486 loce.
2170 2424 2477 2487 Extrema
2522 2423 2655 2487 Fic.
2705 2422 2767 2486 in

1068 2526 1350 2591 versione
1376 2524 1464 2590 ita
1493 2524 1841 2590 ordinavit:
1887 2529 2125 2604 μᾶλλον
2156 2528 2221 2589 δὲ
2249 2524 2636 2592 ὑποστάσεως
2675 2525 2769 2590 καὶ

1071 2632 1333 2698 ἐπινοίας
1360 2633 1613 2712 ὕστερον
1641 2628 1989 2711 θεωρητέον.
2050 2628 2236 2707 Quod
2267 2629 2331 2693 in
2362 2628 2642 2693 ordinem
2677 2652 2770 2694 re-

1069 2732 1389 2819 cepissem,
1421 2732 1472 2796 si
1502 2730 1599 2796 vel
1634 2755 1797 2795 unus
1829 2731 1989 2796 Cod.
2022 2731 2414 2797 consentiret.

1156 2857 1216 2922 p.
1254 2855 1278 2898 1
1298 2854 1322 2896 1
1342 2853 1440 2918 17,
1464 2856 1523 2920 3.
1561 2835 1655 2898 καὶ
1685 2833 1987 2898 συνθέτων
2015 2839 2110 2899 δεῖ
2133 2834 2459 2919 ποιεῖσθαι]
2497 2834 2633 2899 Fic.
2665 2857 2770 2900 ne-

1069 2938 1382 3027 gationem
1428 2937 1673 3002 addidit
1708 2938 1770 3001 in
1814 2938 2112 3016 versione,
2144 2937 2315 3024 quod
2357 2938 2769 3004 necessarium

1072 3039 1343 3105 videtur.
1420 3040 1617 3104 Liber
1646 3054 1851 3104 tamen
1884 3039 2094 3104 nullus
2121 3039 2419 3127 agnoscit.

1158 3178 1244 3191 —
1280 3161 1375 3227 13.
1426 3141 1562 3207 ἀλλ’
1613 3142 1780 3207 ἔστιν
1827 3143 2005 3207 οὐσία
2049 3144 2303 3227 ἄνωθεν]
2360 3145 2439 3208 In
2482 3143 2764 3208 Latinis:

1073 3252 1118 3286 ‘⁶
1149 3244 1253 3312 sed
1287 3260 1381 3311 est
1408 3247 1679 3311 essentia
1706 3245 2035 3334 desuper.''
2124 3246 2228 3310 Ita
2268 3268 2346 3311 ex
2393 3245 2539 3312 edit.
2573 3246 2770 3335 princ.

1070 3349 1452 3415 correximus
1481 3349 1770 3414 vitiosum
1800 3352 2103 3414 essentiae.

1156 3476 1223 3541 p.
1256 3453 1442 3530 1118,
1470 3473 1539 3539 3.
1573 3455 1843 3538 ἐνεργείᾳ
1872 3453 2105 3538 ὄντως·]
2157 3452 2303 3518 Bini
2335 3452 2542 3519 Codd.
2573 3455 2765 3520 ὄντος.

1075 3555 1210 3621 Fic.
1242 3555 1306 3620 in
1337 3554 1615 3621 versione
1644 3555 1948 3643 expressit
1976 3557 2159 3624 ὄντως
2188 3558 2376 3632 ὄντος,
2401 3556 2573 3644 quod
2605 3580 2770 3621 com-

1069 3659 1329 3724 modum
1366 3657 1653 3733 videtur:
1701 3673 1766 3723 et
1809 3657 2037 3745 soepius
2068 3657 2416 3747 jungenda:
2460 3675 2610 3725 sunt
2650 3658 2770 3724 lec-

1071 3762 1290 3841 tioneS,
1320 3777 1465 3849 quae
1493 3762 1559 3826 in
1588 3761 1761 3826 libris
1790 3760 2120 3849 disjunctae
2149 3761 2568 3848 reperiuntur.

1157 3902 1246 3916 —
1272 3885 1370 3951 13.
1417 3865 1506 3928 Τὸ
1550 3867 1616 3928 δὲ
1660 3866 1807 3946 πρός
1850 3890 1907 3928 τι
1947 3864 2288 3948 παραφυάδι
2332 3864 2543 3950 ἐοικὸς]
2597 3865 2769 3944 Quid

1071 3967 1322 4056 proprie
1361 3966 1441 4030 sit
1475 3970 1809 4049 παραφυᾶς,
1843 3980 1905 4030 et
1934 3967 2251 4054 quomodo
2280 3966 2706 4055 distinguatur
2731 3991 2770 4033 a

1072 4072 1408 4152 παραυ-πὸς,
1439 4067 1622 4133 docet
1654 4068 2068 4134 Schneiderus
2097 4069 2159 4134 in
2187 4084 2424 4135 annott.
2455 4071 2519 4136 in
2557 4071 2770 4136 Theo-

1074 4170 1312 4259 phrasti
1345 4170 1589 4235 Histor.
1624 4170 1860 4236 Plantt.
1895 4172 1992 4236 II.
2028 4191 2084 4239 2.
2116 4193 2178 4254 4.
2211 4196 2272 4260 p.
2304 4193 2445 4238 100.
2505 4176 2771 4262 Legitur

1074 4274 1259 4339 etiam
1289 4273 1353 4339 in
1385 4273 1683 4339 Nicandri
1716 4274 2040 4361 Georgicis
2068 4274 2239 4362 apud
2271 4275 2508 4341 Athen.
2537 4278 2640 4341 11.
2662 4293 2764 4358 71.

1074 4377 1140 4442 d.
1171 4402 1231 4465 p.
1256 4395 1401 4464 275.
1453 4378 1801 4466 Schweigh.
1832 4377 1912 4442 de
1941 4377 2184 4465 palmis.
2229 4377 2526 4442 Julianus
2554 4378 2763 4466 Epist.

1075 4481 1158 4545 ad
1188 4480 1432 4545 Oribas.
1465 4482 1701 4545 XVII.
1733 4505 1798 4568 p.
1826 4481 1976 4567 384.
2034 4480 2371 4568 spanhem.
2420 4503 2484 4567 p.
2519 4500 2623 4566 23.
2667 4480 2767 4545 ed.

1079 4582 1375 4672 Heyler.:
1424 4586 1553 4648 οἵου
1583 4584 1844 4667 δένδρου·
1895 4585 2158 4651 κίνδυνός
2188 4587 2318 4648 ἐστι
2344 4587 2489 4666 μηδὲ
2518 4585 2627 4663 τὴν
2653 4610 2763 4649 πα·

1076 4685 1353 4769 ραφυάδα
1373 4691 1655 4768 σωθῆναι.
1702 4686 1991 4751 Plotinus
2017 4700 2225 4751 autem
2252 4686 2558 4769 tropicum
2585 4709 2769 4751 usum

1078 4804 1407 4855 mutuatus
1432 4805 1526 4855 est
1552 4790 1635 4855 ab
1665 4790 2007 4855 Aristotele
2029 4790 2346 4855 Ethicorr.
2368 4790 2679 4855 Nicomm.
2707 4792 2766 4854 I.

1080 4896 1144 4959 6.
1180 4911 1253 4958 2:
1301 4891 1369 4958 τὸ
1407 4896 1473 4958 δὲ
1512 4893 1742 4975 ἀγαθὸν
1769 4892 2016 4975 λέγεται
2056 4894 2150 4956 καὶ
2189 4895 2256 4957 ἐν
2285 4897 2365 4979 τῷ
2406 4895 2467 4957 τί
2491 4896 2641 4967 ἐστι,
2676 4894 2772 4957 καὶ

1081 5000 1149 5062 ἐν
1176 5001 1257 5082 τῷ
1299 5000 1468 5083 ποιῷ,
1503 4997 1598 5060 καὶ
1629 4998 1697 5059 έν
1724 4998 1804 5080 τῷ
1834 4996 1979 5076 πρός
2006 5017 2080 5060 τι·
2128 4993 2195 5059 τὸ
2237 4998 2302 5060 δὲ
2346 4994 2472 5060 καθ’
2504 4993 2648 5060 αὐτὸ
2677 4996 2772 5061 καὶ

1075 5103 1114 5182 ἡ
1142 5100 1321 5165 οὐσία
1346 5101 1636 5182 πρότερον
1662 5102 1733 5179 τῇ
1774 5099 1956 5181 φύσει
1997 5102 2103 5162 τοῦ
2139 5100 2285 5180 πρός
2310 5123 2387 5162 τι.
2431 5097 2771 5180 παραφυάδι

1080 5207 1195 5286 γὰρ
1239 5201 1390 5268 τοῦτ’
1434 5202 1613 5280 ἔοικε,
1660 5202 1754 5265 καὶ
1798 5202 2205 5282 συμβεβηκότι
2246 5204 2351 5264 τοῦ
2392 5202 2583 5268 ὄντος·
2629 5199 2766 5264 ὥστ’

1081 5305 1186 5370 οὐκ
1217 5305 1293 5370 ἂν
1324 5307 1412 5386 εἴη
1443 5303 1606 5385 κοινή
1644 5329 1732 5371 τις
1769 5302 1865 5367 ἐπὶ
1902 5304 2126 5367 τούτων
2156 5301 2302 5375 ἰδέα,
2332 5300 2413 5366 ad
2443 5324 2632 5388 quem
2679 5300 2770 5367 lo-

1080 5430 1225 5472 cum
1254 5407 1468 5472 confer
1496 5405 1885 5493 Giphanium
1926 5420 1990 5470 et
2030 5403 2296 5469 Zellium
2343 5428 2408 5493 p.
2441 5407 2564 5470 26:
2613 5428 2772 5492 quos

1083 5526 1286 5575 tamen
1320 5508 1553 5604 Plotini
1580 5509 1753 5575 locus
1780 5507 1968 5596 fugit.
2059 5508 2239 5573 Idem
2270 5506 2679 5596 philosophus
2706 5508 2771 5573 in

2047 498 2882 565 ANNoTA'rmNEs
2947 498 3061 563 IN
3123 462 3576 562 PL'o'r1N1

2853 670 3120 737 Rhetor.
3142 671 3204 735 1.
3242 689 3301 736 2.
3337 687 3399 755 7.
3432 693 3494 758 p.
3516 689 3624 755 31.
3657 667 4006 734 Gaisford.:
4041 669 4197 735 ὥστε
4229 673 4547 751 συμβαίνει

2852 775 2959 854 τὴν
2986 772 3324 855 Ῥητορικὴν
3353 775 3482 838 οἷον
3510 770 3820 854 παραφυές
3847 798 3902 836 τι
3929 776 4030 852 τῆς
4058 779 4444 855 Διαλεκτικῆς
4468 776 4548 841 εῖ-

2854 903 2972 942 ναι.
3063 877 3239 940 Inest
3279 875 3475 962 igitur
3515 874 3609 938 vis
3659 873 3946 961 quaedam
3992 874 4056 939 in
4108 873 4244 940 loco
4288 876 4543 943 Plotini.

2855 978 3067 1068 Ipsius
3108 977 3271 1043 enim
3303 976 3662 1043 Aristotelis
3694 977 3899 1042 verbis
3927 977 4330 1045 Aristotelem
4374 981 4546 1046 refu-

2854 1097 2985 1148 tare
3014 1081 3246 1148 studet.

2939 1210 3004 1275 p.
3042 1205 3229 1271 1119,
3255 1204 3320 1270 3.
3367 1184 3461 1249 καὶ
3488 1182 3556 1248 τὸ
3583 1190 3778 1250 ποιεῖν
3815 1187 3880 1249 δὲ
3918 1185 4051 1272 δύο]
4101 1182 4360 1248 Ficinus
4401 1198 4546 1250 ante

2855 1293 2919 1355 δὲ
2950 1292 3053 1356 δύο
3081 1288 3330 1378 repetiit
3376 1286 3443 1352 τὸ
3486 1294 3698 1363 ποιεῖν,
3731 1287 3902 1375 quod
3946 1312 3987 1352 a
4023 1287 4204 1352 nobis
4247 1287 4543 1376 recipien-

2854 1392 3006 1456 dum
3039 1406 3195 1470 erat,
3227 1391 3276 1456 si
3308 1389 3475 1455 ullus
3513 1390 3669 1456 liber
3695 1391 4056 1456 addixisset.
4144 1393 4266 1456 Est
4290 1391 4547 1479 quidem

2854 1493 2916 1558 in
2950 1494 3113 1560 cod.
3145 1493 3326 1559 Med.
3353 1493 3417 1557 in
3449 1515 3647 1580 umrg.
3689 1494 3783 1558 καὶ
3819 1491 3887 1561 τὸ
3923 1499 4137 1572 ποιεῖν,
4164 1492 4232 1558 τὸ
4261 1500 4456 1559 ποιεῖν
4483 1497 4549 1560 δὲ

2854 1599 2977 1663 δύο.
3072 1597 3198 1663 Sed
3246 1597 3382 1661 haec
3428 1596 3679 1661 videtur
3720 1596 4016 1662 correctio
4062 1596 4279 1661 Ficini.
4372 1597 4544 1662 Tur-

2854 1701 3070 1766 batum
3118 1715 3330 1766 autem
3373 1699 3436 1764 in
3481 1700 3545 1765 h.
3578 1699 3619 1764 l.
3665 1724 3798 1766 esse
3841 1700 4050 1789 arguit
4092 1700 4276 1767 lectio
4320 1702 4547 1767 codicis

2856 1806 3057 1869 Marc.
3092 1804 3170 1869 B.

2936 1944 3022 1956 —
3052 1926 3152 1987 14.
3178 1904 3378 1971 Ἀλλὰ
3406 1907 3501 1972 καὶ
3529 1909 3605 1973 τᾶ
3637 1908 3824 1992 ἄλλα]
3865 1906 3998 1972 Fic.
4031 1907 4337 1994 expressit
4363 1910 4546 1986 ἄλλα,

2853 2031 2996 2073 cum
3028 2022 3232 2073 tamen
3276 2007 3417 2073 libri
3461 2008 3714 2097 plurimi
3744 2013 3819 2074 τὰ
3847 2012 4011 2076 ἄλλα
4051 2010 4336 2090 offerant,
4365 2011 4542 2076 addi-

2853 2110 3063 2175 dimus
3089 2112 3335 2199 reliqua
3362 2110 3425 2174 in
3459 2111 3742 2177 Latinis:
3791 2112 3963 2199 quod
4008 2112 4196 2177 semel
4240 2114 4542 2179 monitum

2854 2213 3165 2279 volumus·
3252 2215 3417 2278 Nam
3447 2215 3770 2280 Marsilius
3797 2215 4002 2280 ubivis
4029 2216 4117 2281 ita
4144 2215 4312 2280 facit.

2935 2341 3003 2405 p.
3035 2339 3061 2382 1
3082 2338 3220 2397 120,
3254 2337 3314 2384 2.
3359 2317 3427 2382 τὸ
3461 2321 3715 2401 ὕστερον
3740 2323 3903 2401 παρὰ
3935 2323 4040 2383 τοῦ
4076 2318 4392 2402 προτέρου]
4441 2321 4543 2384 Ita

2854 2418 2999 2484 dedi
3029 2442 3170 2485 cum
3203 2419 3377 2485 libris
3418 2434 3483 2486 et
3512 2421 3731 2486 Ficino
3759 2444 3878 2510 pro
3904 2421 4188 2505 ὑστέρους
4236 2422 4344 2487 sed
4373 2423 4544 2511 quod

2857 2524 2987 2588 Fic.
3010 2523 3216 2589 addit:
3250 2546 3630 2613 rursumque
3654 2526 3802 2589 inde
3819 2527 4141 2613 posterius
4168 2547 4384 2589 eorum
4415 2548 4548 2590 ver-

2855 2625 3077 2691 borum
3109 2626 3370 2715 vestigia
3396 2627 3625 2693 desunt
3651 2628 3715 2692 in
3747 2627 3971 2693 nostris
3998 2626 4193 2693 libris.

2939 2767 3026 2780 —
3057 2751 3080 2794 1
3098 2750 3155 2793 1.
3184 2734 3357 2795 τοῦτο
3391 2729 3542 2795 εἶναι
3568 2729 3636 2795 τὸ
3664 2732 3894 2814 ἀγαθὸν
3921 2732 4123 2817 αὐτοῦ]
4179 2731 4283 2796 Ita
4310 2731 4543 2821 scripsi,

2854 2854 2972 2918 pro
2998 2830 3291 2921 vulgato:
3337 2831 3406 2897 τὸ
3451 2832 3680 2916 ἀγαθὸν
3722 2838 3828 2898 τοῦ
3870 2833 4020 2898 εἶναι
4062 2832 4129 2898 τὸ
4172 2835 4372 2910 αὐτοῦ,
4401 2858 4545 2900 cum

2855 2934 2988 2999 Fic.
3016 2950 3081 3000 et
3108 2936 3386 3024 probatis
3416 2935 3624 3001 Codd.

2939 3075 3028 3089 —
3055 3056 3153 3126 15.
3181 3040 3219 3120 ἦ
3247 3040 3446 3121 πρῶτη
3476 3038 3772 3128 καλλονὴ]
3807 3040 3954 3104 Hoc
3984 3039 4357 3105 vocabulum
4386 3039 4548 3105 AE'li-

2853 3164 2974 3206 ano
3002 3144 3076 3206 V.
3100 3144 3193 3207 H.
3225 3142 3447 3206 XIII.
3483 3161 3533 3206 1.
3567 3141 3958 3206 reddendum
3986 3157 4194 3207 censet
4221 3142 4549 3209 Jacobsius

2855 3243 2920 3309 in
2964 3243 3417 3332 Ephemeridd.
3470 3242 3865 3310 Scholasticc.
3916 3244 4196 3311 Darmst.
4243 3246 4427 3333 1829.
4472 3269 4542 3335 p.

2860 3350 3008 3432 827,
3041 3348 3150 3414 ubi
3179 3372 3214 3412 e
3245 3347 3596 3413 Themistio
3639 3362 3703 3413 et
3748 3350 4042 3414 Manasse
4084 3348 4370 3437 exempla
4410 3350 4548 3437 ejus

2852 3450 3168 3539 apposuit.
3259 3452 3516 3516 Poterat
3560 3450 3760 3516 multo
3802 3451 3987 3539 plura
4027 3476 4063 3516 e
4105 3451 4548 3517 recentioribus

2855 3553 3207 3619 Platonicis.
3255 3555 3443 3619 Nunc
3474 3552 3698 3618 sufficit
3726 3553 3982 3620 laudare
4003 3556 4308 3620 Nostrum
4329 3556 4384 3620 I.
4403 3557 4465 3620 6.
4484 3559 4544 3620 6.

2854 3672 2918 3722 et
2946 3658 3066 3723 VI.
3102 3675 3163 3742 7.
3191 3676 3299 3743 32.

2941 3783 3003 3848 p.
3036 3777 3222 3840 1121,
3253 3780 3353 3825 10.
3388 3760 3751 3840 Δικαιοσύνη
3781 3762 3847 3824 δὲ
3878 3760 3972 3824 καὶ
4002 3762 4546 3844 σωφροσύνη-έν-

2857 3862 3090 3945 έργειαί
3110 3889 3266 3932 τινες
3294 3867 3401 3928 νοῦ
3426 3866 3660 3948 πᾶσαι]
3714 3861 3860 3926 Vid.
3896 3863 3954 3926 I.
3988 3881 4048 3930 2.
4078 3866 4155 3927 6:
4204 3864 4270 3930 τὸ
4302 3876 4541 3950 σωφρο-

2857 3973 2984 4030 νεῖν
3013 3967 3236 4046 ἑστινὴ
3260 3969 3401 4031 εἵσω
3428 3963 3578 4047 πρὸς
3602 3962 3708 4029 τὸν
3733 3968 3875 4029 νοῦν
3901 3967 4151 4048 στροφή.
4194 3968 4299 4034 Cf.
4320 3970 4375 4033 I.
4398 3971 4459 4033 6.
4480 3973 4543 4035 6.

2851 4068 3004 4156 ibiq.
3033 4081 3276 4134 annott.
3305 4082 3368 4132 et
3397 4090 3692 4154 compara
3720 4066 3994 4132 Platonis
4017 4069 4273 4136 Phaedr.
4305 4094 4369 4159 p.
4397 4089 4539 4158 237.

2852 4187 3012 4235 extr.
3042 4194 3104 4259 p.
3135 4189 3237 4256 23.
3267 4168 3472 4235 Bekk.
3505 4183 3568 4234 et
3598 4169 3764 4234 Astii
3798 4171 4150 4236 Comment.
4181 4172 4245 4237 in
4275 4196 4420 4238 eum
4453 4175 4543 4241 lo-

2853 4296 2998 4337 cum
3042 4296 3110 4360 p.
3144 4290 3289 4358 257.
3359 4272 3544 4337 Plato
3584 4270 3649 4335 in
3681 4271 3988 4337 Phaedon.
4031 4297 4094 4360 p.
4130 4276 4234 4361 69.
4269 4299 4335 4341 c:
4383 4277 4450 4343 τὸ
4494 4279 4544 4344 δ’

2855 4378 3090 4457 ἀληθὲς,
3113 4378 3193 4461 τῷ
3220 4376 3348 4440 ὄντι
3367 4373 3408 4455 ᾖ
3437 4375 3719 4457 κάθαρσίς
3744 4401 3830 4444 τις
3858 4381 3976 4440 τὸν
3998 4380 4279 4443 τοιούτων
4305 4381 4546 4448 πάντων

2857 4478 2951 4541 καὶ
2994 4479 3031 4558 ἡ
3071 4480 3451 4560 σωφροσύνη,
3485 4478 3579 4542 καὶ
3616 4478 3655 4558 ἦ
3693 4479 4031 4560 δικαιοσύνη
4076 4481 4171 4544 καὶ
4207 4483 4245 4562 ἡ
4284 4484 4543 4566 ἀνδρεία.

2856 4581 3019 4649 Quae
3063 4579 3298 4667 recepit
3340 4578 3749 4667 philosophus
3794 4595 4004 4645 noster
4040 4604 4109 4669 p.
4137 4602 4245 4667 54.
4284 4587 4394 4664 A.,
4436 4587 4546 4652 ubi

2855 4682 3106 4747 consule
3150 4686 3421 4748 Annott.
3511 4682 3705 4748 Adde
3749 4684 3909 4747 Ben.
3953 4684 4318 4751 Bendtsenii
4363 4692 4546 4755 Mar-

2855 4809 3029 4851 mora
3074 4786 3370 4875 Mystica.
3403 4785 3676 4851 Havnioe
3709 4786 3891 4872 1819.
3968 4787 4238 4874 Specim.
4273 4791 4330 4855 I.
4376 4815 4444 4880 p.
4476 4817 4540 4879 9.

2941 5029 3030 5043 —
3057 5010 3155 5056 11.
3201 4992 3297 5056 καὶ
3332 4993 3554 5073 ὕστερα
3588 4991 3765 5075 γένος
3800 4993 3897 5057 καὶ
3926 4995 4101 5083 εἴδη]
4150 4994 4406 5062 Ficinus
4434 5022 4546 5065 ex·-

2859 5094 3080 5180 pressit
3105 5094 3334 5178 γένους,
3357 5094 3528 5181 quod
3558 5118 3776 5160 verum
3807 5094 4078 5177 videtur,
4106 5119 4311 5186 neque
4340 5116 4548 5167 tamen

2855 5195 2918 5260 in
2950 5196 3122 5261 libris
3146 5211 3480 5284 comparet.

2943 5321 3141 5386 —19.
3177 5300 3691 5390 συνδυαζομένων]
3723 5300 3861 5366 Fic.
3894 5302 4198 5390 expressit
4223 5302 4551 5373 lectionem

2861 5401 3110 5468 Codicis
3141 5401 3321 5469 Med.
3356 5406 3444 5468 A.
3475 5403 4053 5485 συνδιασωζομένων.
4118 5406 4341 5473 Tertia
4365 5408 4551 5478 lectio

2858 5507 3329 5588 συνδιαζομένων
3356 5505 3530 5571 nihili
3559 5520 3672 5572 est.
3764 5508 3899 5573 Nos
3935 5507 4000 5572 in
4030 5508 4285 5597 vulgata
4326 5515 4548 5601 acqui·
