5118 6613
1686 537 2168 606 ADDENDA
2209 538 2342 603 ET
2389 539 3042 606 coRRIGENDA.
3976 555 4115 624 .501

706 705 841 782 Cap.
872 721 927 783 5.
964 710 1047 785 (p.
1081 727 1212 766 101.
1241 708 1281 767 l.
1315 728 1403 785 13.
1433 710 1586 789 sqq.)
1629 709 1691 768 ἦν
1716 713 1774 770 τὸ
1797 713 1913 786 μὲν,
1938 715 2044 791 περὶ
2070 721 2157 772 τοῦ
2182 713 2407 772 ἐπέκεινα
2433 721 2517 772 τοῢ
2542 712 2671 782 ὄντος
2691 717 2762 789 μὴ
2790 722 2927 783 νοεῖν,
2954 718 3041 774 καὶ
3066 719 3126 773 τί
3146 717 3201 774 τὸ
3226 719 3418 794 πράτοις
3443 723 3567 774 νοοῦν
3590 716 3678 773 καὶ
3704 717 3763 773 τί
3781 716 3839 773 τὸ
3866 717 4103 792 δευτέρως.

622 804 957 864 Versionem
984 805 1164 865 Ficini
1195 827 1320 885 quae
1345 806 1536 867 fallere
1563 819 1786 887 poterat
1813 809 2002 869 minus
2028 810 2411 890 intelligentes
2438 811 2676 871 lectores
2703 825 2766 870 ut
2793 813 2939 872 hanc
2966 814 3392 893 inscriptionem
3431 835 3535 895 pro
3561 815 3802 873 duorum
3829 814 4102 873 librorum

622 900 793 961 titulo
820 903 1112 973 haberent,
1143 905 1493 984 Leopardius
1535 905 1617 965 ita
1653 907 1917 994 refingit:
1965 917 2005 941 “
2025 928 2202 967 unum
2246 908 2514 987 quidem:
2559 910 2715 988 quod
2755 922 2843 970 est
2883 913 3137 990 superius
3176 924 3328 981 ente,
3362 932 3478 972 non
3518 911 3852 993 intelligere,
3879 924 3940 970 et
3966 912 4101 992 quid

619 1002 806 1079 primo
834 1001 1133 1083 intelligat,
1163 1002 1362 1082 quidve
1388 1004 1659 1065 secundo.
1741 1005 1997 1065 Alterum
2028 1025 2161 1065 vero
2188 1012 2337 1066 etc.”

708 1100 843 1176 Cap.
869 1115 924 1176 7.
958 1106 1040 1178 (p.
1070 1120 1203 1176 104.
1232 1101 1271 1159 l.
1299 1121 1320 1159 1
1341 1102 1417 1172 1.)
1450 1101 1500 1159 οὗ
1533 1103 1815 1178 (Ἀμολίου)
1841 1105 1899 1161 τὸ
1923 1101 2073 1178 ’ὄνομα
2097 1099 2154 1175 ἦν
2180 1107 2482 1173 remman&
2506 1106 2565 1162 τὸ
2590 1108 2757 1182 κύριον.
2834 1104 3192 1184 Leopardius
3219 1119 3382 1167 notat
3406 1127 3649 1168 errorem
3680 1106 3875 1187 Cyrilli
3902 1120 4103 1167 contra

617 1196 909 1256 Julianum
939 1198 1107 1257 vul.
1134 1197 1229 1277 qui
1257 1217 1326 1258 ex
1353 1198 1463 1257 hoc
1493 1199 1781 1278 Porphyrii
1826 1199 1953 1260 loco
1996 1201 2139 1260 duos
2179 1201 2441 1261 homines
2482 1201 2778 1270 effinxerit,
2807 1202 3049 1263 alterum
3087 1203 3390 1274 Amelium,
3420 1205 3659 1266 alterum
3687 1205 4097 1266 Gentilianum.

617 1294 882 1357 Proxime
906 1296 979 1354 de
1007 1297 1141 1354 urbe
1168 1295 1397 1355 Ameria
1422 1298 1652 1356 consule
1679 1298 1847 1358 etiam
1882 1300 1951 1358 C.
1971 1301 2045 1359 Ο.
2068 1300 2298 1359 Mulleri
2326 1299 2613 1359 Etrusker.
2638 1300 2683 1357 1.
2715 1320 2771 1377 p.
2803 1318 2935 1375 103.
2960 1321 3046 1380 sq.

703 1395 837 1471 Cap.
867 1413 926 1473 9.
961 1392 1024 1469 (l.
1046 1395 1102 1452 6.
1126 1414 1247 1472 sqq.
1277 1414 1312 1453 a
1337 1395 1466 1470 fin.)
1494 1399 1826 1473 Ἀμφικλεῖαν
1854 1422 1913 1456 τε
1939 1402 2031 1468 τὴν
2054 1406 2337 1476 ’Apum-iim<
2362 1405 2446 1455 τοῦ
2470 1399 2773 1470 Ἰαμβλίχου
2799 1403 2897 1456 υἱοῦ
2921 1408 3176 1474 γεγονυῖαν
3200 1410 3431 1477 γυναῖκα.
3493 1404 3676 1463 Recte
3703 1403 3773 1461 ad
3799 1405 3855 1461 h.
3877 1403 3916 1461 l.
3946 1403 4097 1461 Leo·

619 1492 847 1574 pardius
875 1503 1039 1550 notat
1064 1491 1307 1551 Fabricii
1335 1492 1791 1563 inconstantiam,
1821 1495 1915 1574 qui
1944 1495 2055 1554 alio
2083 1496 2210 1555 loco
2242 1495 2379 1571 (vid.
2407 1496 2480 1553 Β.
2504 1495 2606 1552 Gr.
2631 1494 2739 1551 111.
2769 1514 2828 1572 p.
2859 1513 2992 1571 194.
3023 1498 3298 1575 Harlesii)
3330 1500 3650 1580 scripserit:
3699 1508 3735 1534 “
3756 1498 4095 1578 Amphiclia,

623 1590 902 1651 Aristonis
931 1590 1065 1657 filia,
1097 1589 1195 1647 filii
1221 1589 1520 1650 Iamblichi
1549 1589 1741 1659 uxor,'’
1771 1613 1957 1672 neque
1983 1613 2110 1653 eam
2140 1614 2258 1653 rem
2288 1595 2532 1653 correxit
2558 1592 2870 1651 Harlesius.
2931 1594 3110 1654 Addit
3140 1597 3529 1676 Leopardius:
3576 1607 3617 1631 “
3639 1610 3700 1657 et
3725 1598 3870 1657 libro
3897 1610 4099 1676 quarto

625 1687 963 1765 (Fabricius)
998 1687 1176 1746 varios
1203 1688 1546 1747 lamblichus
1575 1709 1872 1749 recensens
1900 1691 2052 1750 illius
2093 1712 2207 1751 non
2246 1690 2528 1759 meminit,
2559 1710 2729 1769 quem
2760 1687 2850 1749 hic
2878 1692 3224 1771 Porphyrius
3268 1694 3548 1762 nominat,
3579 1698 3787 1774 quique
3826 1715 3930 1754 sua
3969 1714 4098 1753 sen-

620 1786 801 1848 tentia
828 1787 1011 1845 differt
1037 1807 1073 1844 a
1098 1785 1302 1845 celebri
1331 1785 1561 1861 hujusce
1589 1787 1835 1846 nominis
1865 1788 2207 1870 philosopho
2235 1788 2528 1870 Porphyrii
2555 1785 2883 1867 discipulo.”
2973 1790 3133 1866 [Vid.
3163 1791 3384 1851 Fabric.
3412 1794 3488 1851 Β.
3520 1794 3623 1853 Gr.
3655 1793 3853 1852 vol.V.
3887 1814 3942 1871 p.
3962 1807 4098 1868 773.

622 1887 714 1946 ed.
736 1885 963 1944 Harles.
993 1884 1066 1943 cf.
1087 1885 1314 1944 Ernesti
1345 1885 1434 1942 Cl.
1457 1885 1716 1944 Ciceron.
1747 1886 1806 1943 in
1837 1886 2183 1946 lamblichus
2210 1902 2271 1947 et
2300 1889 2442 1947 adde
2472 1888 2626 1946 Frid.
2646 1885 2904 1945 Munteri
2930 1889 3301 1968 Programma
3341 1889 3413 1948 de
3453 1891 3620 1948 rebus
3652 1891 3983 1947 Ituraeorum
4028 1890 4099 1947 ad

620 1985 839 2064 Evang.
858 1983 1004 2042 Luc.
1027 1983 1141 2041 111.
1172 2002 1225 2041 1.
1269 1983 1457 2041 Havn.
1496 1984 1666 2057 1824.
1711 2003 1766 2060 p.
1796 2003 1857 2061 9.
1888 1997 1947 2042 et
1974 2003 2072 2061 43.
2102 1985 2199 2044 ubi
2228 2006 2301 2045 ex
2328 1985 2517 2065 lapide
2542 1984 2891 2065 Moguntino
2920 1999 3265 2047 memoratur
3291 1987 3454 2046 miles
3482 1989 3733 2047 cohortis
3759 1989 4099 2046 Ituraeorum

618 2072 853 2134 nomine
880 2075 1161 2140 Iamlicus,
1191 2074 1228 2131 i.
1247 2091 1297 2130 e.
1325 2072 1466 2152 Τῆοζ,
1495 2076 1809 2146 Ἰάμβλιχος.
1857 2075 1977 2149 Cn]

691 2174 825 2249 Cap.
852 2192 941 2229 11.
975 2176 1056 2251 (p.
1087 2190 1110 2229 1
1128 2190 1217 2247 13.
1244 2171 1282 2229 l.
1311 2173 1427 2246 14.)
1461 2171 1646 2246 Πρόβον
1679 2179 1716 2202 “
1736 2171 1987 2229 Probum
2017 2169 2176 2230 illum
2206 2192 2373 2251 quem
2405 2174 2747 2253 Porphyrius
2775 2175 2866 2236 hic
2894 2178 3170 2245 nominat,
3195 2178 3609 2236 Constantinus
3635 2175 3811 2236 etiam
3839 2175 4099 2234 Lascaris

620 2281 901 2330 memorat
941 2269 1002 2328 in
1046 2268 1275 2328 libello:
1338 2269 1435 2326 De
1472 2267 1836 2346 scriptoribus
1875 2270 2091 2327 Graecis
2137 2269 2319 2347 patria
2364 2269 2583 2341 Siculis,
2631 2272 2903 2351 inscripto
2942 2267 3302 2349 Ferdinando
3344 2276 3545 2335 Acuna
3583 2272 3787 2333 Siciliae
3826 2270 4094 2350 Pron-egi:

622 2377 638 2402 ‘
664 2369 880 2428 Probus
920 2367 1002 2427 vir
1042 2365 1402 2425 doctissimus
1447 2386 1519 2425 ex
1548 2366 1821 2446 Lilybaeo,
1860 2367 1930 2424 ad
1972 2386 2142 2445 quem
2184 2366 2485 2427 videndum
2526 2381 2587 2426 et
2625 2369 2969 2429 audiendum
3013 2384 3241 2430 venerat
3281 2372 3625 2451 Porphyrius
3666 2371 3800 2432 ille:
3882 2368 4099 2428 Nescio

619 2480 833 2534 tamen,
862 2486 965 2525 cur
991 2462 1354 2544 scriptoribus
1381 2462 1560 2542 iisque
1587 2465 1788 2524 Siculis
1815 2485 1946 2524 eum
1977 2480 2350 2526 connumeret
2368 2466 2647 2537 Lascaris,
2669 2487 2799 2527 cum
2823 2467 3166 2548 Porphyrius
3188 2488 3371 2549 neque
3397 2471 3684 2550 scripsisse
3710 2472 3897 2547 ipsum
3925 2467 4096 2535 dicat,

622 2583 805 2642 neque
832 2562 1082 2622 Siculum
1112 2552 1304 2630 vocet,
1324 2564 1421 2620 sed
1452 2574 1673 2621 tantum
1706 2563 1883 2622 virum
1926 2565 2170 2643 adpellet
2196 2567 2451 2642 ἐλλόγιμον
2482 2564 2765 2623 ‘doctum'
2796 2579 2855 2624 et
2884 2568 2941 2624 in
2972 2566 3224 2645 Lilybaeo
3251 2581 3529 2628 versatum
3572 2567 3746 2627 fuisse
3786 2565 3989 2625 referat
4027 2585 4096 2623 eo

619 2676 876 2743 tempore
902 2682 1016 2740 quo
1041 2661 1160 2741 ipse
1188 2661 1246 2719 in
1277 2659 1527 2719 Siciliam
1557 2661 1839 2739 profectus
1865 2666 2007 2720 est.''
2052 2663 2327 2737 Leopard.

703 2764 837 2838 Cap.
868 2780 958 2836 14.
995 2763 1081 2839 (p.
1114 2779 1136 2818 1
1154 2761 1243 2819 16.
1272 2759 1308 2816 l.
1337 2759 1461 2832 20.)
1506 2761 1592 2816 καὶ
1618 2768 1701 2817 τοῦ
1728 2762 2046 2836 Φιλαρχαίου.
2089 2757 2277 2817 Etiam
2300 2760 2673 2842 Leopardius,
2698 2774 2999 2842 postquam
3022 2762 3194 2822 varias
3224 2764 3295 2822 de
3323 2764 3380 2820 h.
3403 2761 3442 2819 l.
3471 2761 3784 2821 sententias
3811 2758 4089 2840 exposuit,

618 2880 678 2919 se
719 2861 792 2920 ad
817 2857 1175 2937 Toupianam
1217 2857 1485 2935 adplicat,
1516 2870 1576 2915 et
1616 2857 1883 2935 exemplis
1923 2855 2194 2915 similium
2226 2857 2522 2917 titulorum
2565 2861 2687 2919 haec
2723 2859 2946 2936 adjicit:
2996 2870 3035 2894 “
3059 2860 3140 2920 lis
3168 2861 3301 2920 addi
3326 2872 3570 2940 possunt
3597 2859 3748 2919 Celsi
3774 2860 4091 2938 φιλαλήθηςῑ

619 2956 952 3036 Damophili
978 2954 1655 3034 &suffimen—Hieroclis
1695 2956 1975 3032 φιλίστορες
2014 2956 2183 3030 λύγοις
2226 2955 2470 3036 Telephi
2494 2956 2687 3029 ποικίλη
2712 2963 2999 3036 φιλομαθία
3024 2972 3085 3019 et
3111 2958 3365 3039 Longini
3389 2958 3566 3038 ipsius
3591 2959 3861 3036 φιλολόγοι.
3941 2956 4098 3015 Nolo

618 3057 846 3115 taudem
890 3054 1339 3135 praetermittere,
1370 3053 1732 3122 sententiam,
1764 3053 1836 3111 de
1876 3072 1987 3130 qua
2028 3055 2231 3132 agitur,
2261 3052 2535 3132 placuisse
2576 3053 2889 3114 clarissimo
2915 3056 3231 3115 Tillemont
3261 3056 3446 3132 (Hist.
3476 3057 3576 3116 des
3599 3058 3944 3137 Empereurs
3972 3055 4098 3112 Ro-

618 3156 801 3217 mains
832 3155 892 3214 in
918 3157 1087 3232 Emp.
1115 3151 1405 3211 Aurelian.
1434 3151 1628 3210 article
1666 3152 1780 3226 16.)
1810 3163 1869 3209 et
1894 3150 2109 3209 Joanni
2136 3149 2304 3209 Lami
2337 3154 2432 3227 (ad
2460 3153 2698 3212 Meursii
2727 3153 2885 3214 Bibl.
2913 3157 3089 3216 Attic.
3120 3155 3215 3216 lib.
3236 3157 3409 3235 VI.)''

705 3256 841 3330 Cap.
868 3270 961 3328 17.
998 3255 1083 3329 (p.
1108 3270 1132 3308 1
1150 3269 1239 3327 19.
1270 3262 1411 3311 extr.
1441 3263 1501 3309 et
1526 3270 1585 3329 p.
1615 3269 1743 3310 120.
1773 3249 1930 3326 init.)
1976 3254 2218 3322 βασιλεὺς
2250 3251 2298 3310 δὲ
2340 3251 2396 3308 τὸ
2431 3248 2583 3326 ’ὄνομα
2617 3259 2689 3327 τῷ
2716 3256 2965 3332 Πορφυρίφ
3003 3256 3109 3328 ἐμοὶ
3141 3258 3316 3331 προσῆν
3343 3257 3483 3312 κατὰ
3507 3252 3600 3328 μὲν
3623 3256 3822 3329 πάτριον
3848 3254 4101 3309 διάλεκτον

616 3357 820 3426 Μάλχῳ
845 3351 1136 3424 κεκλημένῳ.
1221 3348 1512 3427 Exemplis
1553 3348 1820 3408 similium
1864 3350 2182 3417 nominum,
2211 3350 2273 3406 in
2301 3348 2672 3408 annotatione
2700 3350 2757 3407 in
2788 3351 2844 3408 h.
2867 3350 2904 3409 l.
2935 3351 3218 3431 congestis
3259 3351 3404 3409 adde
3446 3349 3585 3408 illud
3626 3353 3862 3423 Μαλίχου
3902 3351 3960 3406 in
4006 3348 4097 3404 in-

618 3450 945 3530 scriptione,
976 3449 1228 3508 Idumaea
1255 3445 1488 3506 nomina
1513 3449 1832 3516 exhibente,
1863 3467 1953 3526 ap.
1972 3449 2164 3508 Pacho
2190 3449 2251 3504 in
2280 3446 2454 3504 libro:
2500 3447 2731 3525 Voyage
2758 3447 2829 3505 de
2855 3447 3239 3525 Marmarique
3268 3462 3329 3506 et
3358 3446 3714 3526 Cyrenaique
3739 3467 3796 3525 p.
3821 3446 3962 3523 396.
3995 3443 4094 3502 ubi

617 3548 968 3609 Letronnius
998 3545 1154 3614 dicit,
1184 3546 1295 3604 hoc
1322 3564 1444 3604 esse
1472 3545 1761 3624 Syriacum
1796 3544 2198 3603 Mataza—Ad
2239 3545 2495 3621 proxima
2525 3543 2591 3617 (l.
2622 3562 2710 3600 10.
2740 3546 2853 3621 sq.)
2886 3543 3007 3603 haec
3036 3544 3191 3602 addit
3221 3546 3601 3620 Leopardius:
3646 3551 3686 3577 ‘⁴
3716 3544 4095 3602 Observatum

617 3647 943 3706 doctissimo
969 3643 1238 3703 Eduardo
1265 3642 1559 3701 Bernardo
1593 3644 1688 3717 (ad
1716 3642 1955 3720 Josephi
1975 3642 2210 3720 Antiqq.
2239 3643 2278 3699 J
2283 3641 2496 3698 udaicc.
2528 3639 2626 3698 lib.
2647 3642 2719 3699 V.
2747 3660 2872 3718 cap.
2902 3659 2994 3718 15.
3030 3640 3246 3719 [potius
3291 3642 3386 3700 lib.
3412 3643 3460 3701 1.
3491 3662 3616 3721 cap.
3647 3659 3738 3718 15.
3769 3641 3879 3700 vid.
3908 3660 3967 3718 p.
3990 3657 4093 3712 44.

618 3746 712 3804 ed.
744 3745 1120 3819 Havercamp.
1168 3740 1319 3813 Cr.])
1369 3741 1516 3797 idem
1548 3742 1748 3797 Graece
1789 3737 2103 3817 significare
2139 3743 2411 3809 Κλεόδημος
2450 3737 2602 3814 quod
2645 3738 2870 3816 Syrisce
2900 3740 3115 3798 Malea.
3196 3740 3363 3819 Apud
3402 3740 3721 3820 Josephum
3756 3740 3825 3814 (l.
3857 3740 3922 3813 l.)
3956 3738 4096 3798 citat

613 3840 931 3903 Alexander
956 3836 1278 3915 Polyhistor
1304 3836 1673 3895 Cleodemunn
1704 3838 1985 3914 quendam
2015 3838 2230 3896 dictum
2256 3836 2426 3895 etiam
2456 3835 2750 3894 Malchum
2775 3860 2787 3894 :
2836 3838 3106 3911 Κλεόδημος
3145 3838 3197 3896 δὲ
3236 3841 3390 3915 φησὶν
3415 3843 3438 3895 ὅ
3464 3839 3726 3917 προφήτης,
3755 3842 3778 3895 ὅ
3812 3839 3899 3894 καὶ
3936 3840 4093 3894 Μάλ-

610 3945 749 4015 χος.”
794 3936 1133 3995 Cleodemus
1161 3934 1436 4011 propheta
1461 3932 1557 4010 qui
1582 3946 1641 3992 et
1661 3933 1927 3992 Malchus
1957 3947 2206 4002 vocatur,
2232 3932 2433 4011 inquit.
2478 3941 2518 3965 “
2537 3934 2707 4013 Apud
2738 3934 3046 3994 Eusebium
3081 3937 3287 4013 (Praep.
3318 3936 3535 4015 Evang.
3565 3934 3661 3993 lib.
3680 3934 3790 3993 IX.
3821 3953 3944 4013 cap.
3966 3936 4089 4006 20.)

611 4038 801 4097 locum
830 4037 981 4093 hunc
1008 4032 1385 4111 proferentem
1415 4030 1624 4110 legitur
1648 4036 1672 4089 ὅ
1699 4033 1785 4090 καὶ
1815 4039 2058 4105 Μαλχᾶς.
2102 4031 2472 4089 Cleodamum
2505 4030 2664 4089 illum
2693 4031 2833 4091 citat
2858 4033 3034 4092 etiam
3061 4034 3450 4113 Hieronymus
3483 4035 3736 4108 (Quaest.
3755 4031 4085 4106 Hebraic.):

615 4138 805 4216 Hujus
833 4132 911 4192 rei
938 4130 1101 4191 testis
1127 4141 1215 4188 est
1240 4129 1553 4188 Alexander
1580 4128 1679 4207 qui
1707 4128 2143 4208 cognominatur
2166 4128 2505 4208 Polyhistor,
2536 4145 2597 4190 et
2626 4133 2970 4192 Cleodemus
2996 4145 3381 4213 cognomento
3407 4132 3692 4191 Malchus.
3752 4130 3923 4210 Apud
3953 4131 4093 4188 Por-

566 4282 572 4287 .
614 4233 871 4313 phyriurn
897 4250 1028 4289 vero
1058 4230 1166 4287 hoc
1191 4229 1316 4307 ipso
1343 4226 1547 4307 capite,
1581 4227 1674 4286 ubi
1702 4227 1906 4307 legitur
1932 4250 1945 4284 ε
1993 4227 2248 4302 medaeam
2275 4253 2335 4286 το
2359 4233 2446 4286 καὶ
2473 4234 2687 4304 Μάλχε,
2717 4229 3026 4290 Cleodame
3053 4244 3114 4290 et
3140 4230 3390 4299 Malche,
3421 4230 3541 4288 haec
3583 4231 3817 4288 nomina
3842 4228 4090 4288 diversos

612 4333 757 4390 viros
785 4327 1144 4409 designant.'’

698 4432 832 4505 Cap.
861 4447 881 4486 1
898 4430 951 4486 8.
985 4430 1069 4504 (p.
1097 4444 1118 4482 1
1135 4443 1227 4499 23.
1254 4424 1433 4497 med.)
1480 4423 1566 4482 Ad
1594 4426 1763 4483 verba
1789 4423 1954 4502 hujus
1982 4421 2182 4501 capitis
2210 4422 2410 4482 ultima
2435 4425 2556 4483 haec
2585 4426 2883 4506 adscripsit
2910 4427 3185 4503 Leopard.
3249 4434 3287 4459 ‘⁸
3312 4427 3556 4503 Πρόθυμον
3582 4430 3821 4499 ἐποίησεν.
3876 4422 4089 4484 Melius

611 4529 758 4587 forte
785 4526 1038 4585 Dobler:
1079 4524 1308 4599 πρόθυμον
1330 4520 1567 4593 ἐποίησα”
1598 4541 1940 4601 propensum
1968 4522 2148 4580 effeci.

694 4629 829 4702 Cap.
864 4644 959 4683 20.
991 4625 1072 4702 (p.
1103 4622 1236 4681 126.
1267 4632 1405 4679 extr.
1435 4632 1495 4679 et
1532 4637 1660 4694 127.
1689 4618 1834 4694 init.)
1885 4625 2309 4699 “'Eoea‘ypdqxvac
2346 4620 2396 4677 δὲ
2437 4622 2493 4677 τὸ
2528 4624 2723 4692 βίβλων
2749 4626 2981 4699 Λογγῖνον
3013 4624 3122 4698 πρὸς
3159 4629 3405 4680 Πλωτῒνου
3430 4625 3516 4680 καὶ
3541 4624 3843 4681 remam&
3866 4621 4092 4693 Ἀμέλιον

608 4726 712 4800 περὶ
754 4725 920 4788 τέλους
958 4719 1125 4779 vertit
1163 4719 1429 4778 Ficinus=
1477 4727 1493 4751 ‘
1517 4717 1847 4776 Inscribitur
1886 4737 2022 4776 sane
2064 4717 2207 4776 liber
2242 4717 2312 4776 de
2356 4718 2469 4778 fine
2513 4720 2584 4777 ad
2624 4719 2910 4779 Plotinum
2950 4720 3461 4797 Gentilianumque
3502 4732 3887 4798 cognomento
3914 4720 4087 4774 Ame-

610 4818 766 4878 lium’
811 4819 1017 4877 rectius
1067 4836 1197 4874 vero
1241 4815 1571 4873 Meursius:
1633 4824 1648 4847 ‘
1680 4814 2012 4874 Inscribitur
2053 4828 2241 4873 autem
2285 4816 2448 4885 liber,
2499 4817 2750 4897 Longini
2797 4832 2995 4876 contra
3036 4817 3328 4876 Plotinum
3371 4826 3430 4875 et
3473 4816 3865 4877 Gentilianum
3908 4818 4088 4877 Ame-

607 4918 765 4983 lium,
797 4915 868 4973 de
895 4913 1041 4972 fine.'
1130 4922 1145 4945 ‘
1169 4912 1285 4971 Ubi
1317 4932 1422 4970 vox
1446 4914 1556 4986 πρὸς
1582 4932 1751 4991 quam
1783 4911 1950 4971 vertit
1974 4913 2021 4970 F
2023 4912 2205 4972 icinus
2233 4915 2325 4982 ad,
2357 4912 2614 4972 redditur
2640 4923 2850 4973 contra.
2935 4916 3161 4993 Reapse
3190 4914 3248 4972 in
3278 4917 3554 4994 prooemio
3582 4913 3769 4993 operis
3793 4915 3898 4990 περὶ
3924 4913 4090 4979 τέλους

608 5019 676 5073 de
700 5015 840 5092 fine,
871 5032 905 5070 a
934 5011 1245 5088 Porphyrio
1282 5010 1374 5068 hic
1414 5009 1589 5069 relato
1628 5031 1744 5069 non
1776 5009 2062 5069 Plotinum
2101 5022 2163 5069 et
2203 5012 2510 5081 Amelium,
2542 5014 2637 5072 sed
2665 5013 3006 5073 Marcellum
3035 5013 3336 5093 Longinus
3377 5012 3714 5091 alloquitnr3
3760 5010 3832 5068 de
3859 5007 4087 5067 Plotino

611 5132 739 5171 vero
776 5123 835 5168 et
859 5107 1086 5166 Amelio
1123 5126 1441 5166 sermonem
1487 5109 1662 5167 habet
1696 5108 2010 5166 nullimodo
2046 5108 2115 5167 ad
2153 5111 2304 5187 ipsos
2348 5111 2522 5168 verba
2557 5110 2809 5170 faciens.'
2854 5112 3124 5187 Leopard.
3210 5112 3302 5169 Ita
3335 5110 3552 5189 accepit
3588 5109 3763 5167 etiam
3794 5108 3962 5182 Toup.
4007 5108 4078 5165 ad

607 5206 854 5288 Longini
883 5206 1082 5284 fragm.
1100 5206 1171 5263 V.
1199 5223 1248 5263 1.
1294 5214 1310 5236 ‘
1337 5205 1679 5263 Prooemium
1710 5219 1798 5263 est
1836 5204 1962 5263 libri
2000 5207 2104 5282 περὶ
2129 5206 2317 5272 τέλους,
2347 5226 2516 5284 quem
2545 5209 2882 5288 conscripsit
2909 5210 3207 5289 Longinus
3249 5218 3440 5266 contra
3468 5206 3762 5266 Plotinum
3792 5218 3851 5264 et
3879 5205 4085 5264 Genti-

607 5309 820 5367 lianum
851 5302 1174 5363 Amelium.'
1256 5304 1383 5383 Ego
1419 5304 1490 5361 de
1533 5302 1859 5381 hujusmodi
1893 5302 2356 5382 inscriptionibus
2399 5302 2561 5381 plura
2603 5304 2783 5364 dicam
2820 5306 2891 5364 ad
2928 5305 3157 5365 titulum
3203 5303 3329 5364 libri
3370 5305 3509 5362 noni
3542 5302 3799 5362 Ennead.
3829 5302 4089 5361 secundae

606 5410 715 5484 πρὸς
737 5411 845 5472 τοὺς
870 5405 1177 5468 Γνωστικούς.
1221 5421 1279 5480 p.
1303 5402 1441 5477 358.
1467 5402 1560 5460 ed.
1580 5403 1770 5458 Oxon.
1804 5402 1895 5458 Cr.
1977 5402 2049 5458 In
2079 5400 2339 5478 prooemii
2369 5399 2567 5460 initio:
2615 5410 2819 5460 Πολλῶν
2843 5430 2893 5461 κ.
2911 5428 2962 5462 τ.
2981 5415 3032 5463 λ.
3061 5405 3235 5463 etiam
3262 5400 3584 5480 Leopardio
3613 5401 3802 5480 placet
3827 5400 4091 5460 Tolliana

609 5503 769 5561 ratio.
823 5498 1011 5560 Vertit
1034 5497 1216 5557 enim:
1259 5498 1623 5567 ‘Multorum,
1646 5518 1681 5556 ο
1708 5498 2003 5570 Marcelle,
2033 5498 2524 5578 philosophorum,
2555 5498 2651 5577 qui
2679 5498 2885 5559 nostris
2912 5500 3069 5560 fuere
3095 5499 3444 5579 temporibus
3461 5544 3476 5558 .
3495 5545 3510 5559 .
3532 5543 3547 5558 .
3567 5543 3581 5558 .
3599 5498 3692 5558 alii
3720 5501 3952 5578 quidem
3982 5500 4089 5562 sibi

612 5600 819 5678 placita
846 5609 1189 5679 pertractare
1216 5595 1462 5678 aggressi
1491 5611 1627 5657 sunt
1647 5639 1811 5657 .....
1835 5595 1930 5656 alii
1957 5616 2085 5657 vero
2112 5599 2370 5659 sufficere
2396 5596 2503 5658 sibi
2534 5610 2808 5677 putarunt
2833 5618 2933 5660 sua
2957 5600 3225 5680 dogmata
3252 5596 3552 5657 familiares
3582 5596 3852 5661 edocere.'
3878 5598 3909 5618 ”
