5118 6613
1011 567 1047 611 2
1968 550 2806 616 ANNOTATIONES
2870 551 2986 615 IN
3052 550 3507 615 PLOTINI

1006 741 1158 783 num
1185 734 1392 785 autem
1421 722 1484 785 αἱ
1511 719 1819 809 scripsisse
1847 721 2222 809 cogitantem
2245 721 2471 802 ἡδοναὶ,
2493 726 2695 787 λῦπαι.

1003 821 1091 886 Α1
1133 834 1285 887 111110
1324 823 1591 888 debebat
1619 827 1695 889 τὰ
1718 826 1991 905 „zv—ara
2019 827 2106 904 δὲ,
2136 824 2427 912 quoniam
2472 824 2695 912 adjici-

1003 939 1200 1013 untur
1226 927 1415 1008 φόβοι
1445 939 1510 990 01
1539 925 1738 1009 θάῤῥη.
1825 926 2072 992 Deinde
2101 926 2267 992 idem
2295 927 2536 993 mavult
2564 949 2698 991 cor-

1003 1026 1162 1114 rigi:
1204 1026 1456 1110 ποτέρας
1485 1030 1590 1094 οὓν
1618 1033 1693 1094 τὰ
1721 1028 1897 1110 πάθη.
1984 1030 2299 1097 Neutrum
2327 1028 2553 1118 placet,
2582 1052 2696 1097 nec

1004 1129 1424 1217 suffragantur
1453 1130 1737 1196 Codices·
1787 1130 2317 1219 Simplicissimum
2349 1146 2464 1211 est,
2494 1135 2558 1198 αἱ
2581 1135 2695 1214 μὲν

1001 1236 1152 1298 -αἱ
1180 1236 1245 1297 δὲ
1274 1257 1384 1321 per
1412 1233 1753 1322 enallagen.
1817 1234 2082 1303 Numeri
2109 1234 2338 1301 referre
2366 1234 2448 1299 ad
2475 1234 2687 1322 proxi·

1001 1358 1176 1400 mum
1217 1337 1445 1401 διάνοια
1487 1338 1581 1401 καὶ
1621 1340 1781 1417 δόξα,
1815 1337 1933 1401 1100
1971 1360 2186 1402 sensu:
2232 1337 2691 1425 anquirendum

1002 1453 1114 1518 est,
1131 1453 1345 1504 utrum
1367 1439 1767 1527 cogitationes
1794 1439 2240 1527 opinionesque
2267 1440 2543 1506 indidem
2573 1441 2693 1505 ori-

1000 1556 1212 1622 antur,
1244 1542 1411 1607 unde
1439 1542 1622 1607 etiam
1653 1543 1966 1629 passiones
2009 1543 2096 1626 (v.
2121 1567 2173 1607 c.
2205 1567 2284 1608 ex
2312 1542 2518 1608 anima
2544 1566 2689 1608 cum

1002 1668 1260 1733 corpore
1309 1645 1667 1732 conjuncta)
1714 1644 1850 1710 aliae
1887 1668 2036 1710 vero
2079 1644 2332 1711 aliunde
2384 1647 2478 1730 (v.
2507 1669 2568 1713 c.
2610 1669 2690 1711 ex

1001 1748 1130 1814 sola
1156 1747 1416 1833 anima).

1082 1875 1149 1939 p.
1179 1871 1244 1936 3,
1280 1870 1339 1919 2.
1386 1849 1526 1915 αὐτὸ
1579 1852 1644 1919 δὲ
1692 1850 1827 1934 παρ’
1877 1852 2069 1916 ἄλλον
2113 1852 2329 1934 μηδὲν]
2396 1851 2689 1940 Intellige

1001 1954 1146 2038 ἔχον
1174 1977 1249 2018 ex
1281 1951 1702 2041 sequentibus,
1774 1953 1890 2021 Ad
1918 1955 2284 2021 sententiam
2312 1953 2467 2028 nihil
2494 1955 2687 2045 quid-

999 2079 1187 2143 quam
1231 2054 1624 2135 desiderabit,
1654 2056 1766 2145 qui
1796 2056 2359 2146 Wyttenbachium
2402 2058 2691 2123 consulu-

998 2158 1116 2225 erit
1136 2159 1200 2224 in
1229 2160 1624 2225 annotatione
1652 2158 1717 2224 in
1743 2159 2022 2229 Platonis
2042 2160 2423 2225 Phaedonem
2451 2184 2517 2250 p.
2541 2161 2686 2229 281.

997 2285 1135 2351 sqq.
1194 2262 1299 2327 Cf.
1327 2261 1513 2326 etiam
1545 2262 1959 2331 Tiedemanni
1987 2262 2243 2341 librum,
2274 2263 2385 2350 qui
2412 2263 2689 2329 inscribi-

930 2452 937 2457 ·
995 2379 1138 2430 tur:
1189 2366 1366 2430 Geist
1406 2367 1521 2431 der
1545 2367 1968 2452 speculativm
1997 2366 2396 2454 Philosqahie
2428 2366 2576 2452 (i.e.
2605 2368 2685 2433 de

997 2467 1197 2535 causis
1232 2467 1640 2559 philosophiae
1670 2468 2219 2559 contemplativae),
2254 2470 2399 2537 ΙΙΙ.
2444 2492 2511 2558 p.
2537 2491 2685 2560 343.

1097 2710 1185 2722 —
1249 2674 1312 2738 6.
1372 2678 1446 2739 τὰ
1509 2677 1749 2757 φοβερὰ
1813 2674 1892 2753 μὴ
1956 2676 2163 2759 παρῇ.]
2254 2674 2503 2741 Adhibe
2565 2675 2684 2755 his,

996 2797 1140 2862 quae
1170 2774 1528 2840 Aristoteles
1566 2776 1646 2839 de
1685 2777 1923 2861 ἀνδρεία
1961 2791 2023 2840 01
2062 2776 2142 2841 110
2186 2779 2377 2863 δειλία
2412 2778 2688 2866 itemque

996 2878 1075 2942 de
1119 2878 1466 2961 θαῤῥαλέοις
1507 2877 1786 2966 disputat
1829 2878 1893 2941 in
1935 2879 2145 2943 Ethic.
2178 2880 2420 2945 Nicom.
2453 2881 2597 2948 ΙΙΙ.
2625 2896 2685 2963 7.

997 3004 1059 3068 p.
1089 2995 1196 3063 47.
1229 3004 1317 3068 sq.
1398 2980 1575 3069 Sylb.
1622 3005 1686 3069 p.
1728 2995 1865 3065 137.
1898 3005 1991 3068 sq.
2046 2980 2206 3046 Zell.
2249 2982 2332 3046 cf.
2362 2982 2518 3049 Eth.
2548 2985 2687 3048 Eu-

993 3082 1159 3149 dem.
1189 3105 1251 3171 p.
1279 3086 1417 3148 116.
1454 3084 1626 3171 Sylb.
1686 3083 1870 3150 Adde
1900 3083 2326 3153 Andronicum
2356 3085 2685 3153 Rhodium

991 3187 1126 3268 περὶ
1169 3192 1374 3251 παθῶν
1417 3210 1480 3273 p.
1514 3203 1661 3273 753.
1719 3185 1822 3250 ed.
1878 3186 2214 3255 Hoeschel.
2266 3188 2483 3275 Lugd.
2533 3190 2680 3255 Bat.

998 3290 1185 3374 1617.
1233 3292 1652 3373 Θαῤῥαλεότης
1692 3291 1858 3358 ἐστὶν
1903 3289 2210 3373 ἐπιστήμη,
2258 3289 2382 3356 καθ’
2413 3290 2488 3371 ἣν
2527 3295 2684 3358 οἴδα-

990 3419 1124 3473 μεν,
1155 3394 1246 3457 ὅτι
1274 3393 1343 3457 οὗ
1371 3392 1823 3477 περιεπέσομεν.

1078 3533 1165 3545 -
1197 3517 1257 3582 9.
1305 3503 1428 3565 πῶς
1477 3499 1543 3561 δὲ
1586 3498 1824 3586 μίξεως]
1882 3498 1978 3561 Sc.
2038 3499 2327 3577 ἐπιθυμοῖ,
2381 3520 2459 3563 ex
2507 3510 2683 3562 ante-

991 3598 1246 3665 cedente
1277 3602 1588 3680 ἑπιθ-υμίαι.
1666 3602 1832 3667 Haec
1862 3598 2065 3664 Ficini
2093 3600 2251 3668 ratio
2279 3600 2686 3681 commodior,

992 3724 1183 3789 quam
1232 3726 1377 3794 quae
1423 3702 1859 3790 Engelhardto
1902 3701 2128 3790 placet,
2171 3703 2285 3791 qui
2325 3727 2403 3769 ex
2446 3718 2685 3770 remoto

991 3807 1236 3872 ἄδεκτον
1265 3805 1540 3894 suppleri
1568 3807 1739 3872 vult:
1787 3806 2050 3874 δεκτικὸν
2080 3806 2155 3872 ἂν
2186 3809 2293 3887 εἴη.

1075 3931 1139 3995 p.
1172 3929 1238 3991 4,
1279 3927 1335 3972 1.
1382 3915 1530 3986 ζῶον
1558 3909 1625 3973 τὸ
1665 3911 1937 3997 σύμπαν]
1978 3911 2081 3974 1)0
2124 3909 2373 3977 notione
2416 3913 2566 3986 ζῶον
2602 3933 2681 3974 ex

989 4024 1199 4078 mente
1229 4009 1508 4076 Platonis
1536 4011 1661 4075 vid.
1695 4011 2038 4076 Phaedrum
2070 4013 2129 4095 ξ.
2164 4029 2306 4098 251.
2351 4011 2507 4101 ibiq.
2534 4014 2680 4079 Ast.

989 4135 1056 4199 p.
1077 4131 1222 4198 294.
1251 4112 1336 4177 cf.
1368 4113 1554 4179 etiam
1584 4113 1912 4180 Hermiam
1938 4114 2007 4179 in
2033 4138 2180 4180 011111
2209 4115 2413 4182 10011111
2442 4138 2509 4203 p.
2535 4136 2679 4202 131.

992 4216 1147 4282 Huc
1173 4214 1358 4280 etiam
1388 4217 1701 4304 pertinent
1730 4217 2052 4297 nonnulla,
2081 4242 2225 4307 quae
2253 4220 2546 4298 Hermes„
2569 4219 2680 4308 qui

988 4317 1210 4397 fertur,
1237 4317 1687 4406 Trismegistus
1712 4318 1901 4385 habet
1928 4319 1995 4386 in
2014 4321 2408 4386 Poemandra
2426 4345 2559 4410 cap.
2583 4323 2677 4388 X.

989 4435 1054 4488 et
1081 4423 1218 4487 XI.
1246 4445 1310 4510 p.
1337 4424 1438 4492 26.
1470 4446 1606 4510 sqq.
1650 4423 1751 4488 ed.
1782 4421 2411 4490 Flussat-Candaflae.
2458 4423 2678 4491 Colon.

995 4526 1181 4612 1630.
1213 4525 1291 4590 cf.
1317 4525 1501 4590 etiam
1528 4524 1893 4594 Sallustium
1921 4526 2000 4591 de
2017 4526 2159 4591 Diis
2185 4542 2248 4591 et
2265 4526 2518 4594 Mundo
2543 4551 2677 4616 cap.

990 4630 1197 4694 VIII.
1242 4642 1307 4694 et
1347 4628 1430 4692 ad
1473 4651 1617 4693 eum
1649 4628 1940 4694 Holsten.
1986 4643 2050 4694 et
2092 4631 2202 4694 Jo.
2235 4631 2426 4696 Conr.
2459 4630 2676 4696 Orelli.

985 4754 1063 4819 p.,
1080 4750 1226 4799 122.
1255 4754 1351 4819 sq.

1071 4872 1160 4883 —
1200 4853 1265 4920 5.
1321 4838 1396 4899 τὰ
1440 4835 1658 4914 ἔξωθεν
1699 4834 2043 4925 παθήματα]
2097 4834 2284 4900 Conf.
2331 4833 2493 4899 infra
2530 4835 2676 4900 III.

987 4939 1160 5003 Enn.
1185 4938 1302 5002 VI.
1328 4957 1392 5024 3,
1411 4957 1478 5018 4.
1506 4960 1573 5025 p.
1595 4957 1746 5024 305.
1777 4961 1910 5025 sqq.
1941 4938 2049 5002 ubi
2078 4961 2143 5026 p.
2162 4955 2312 5023 307.
2334 4935 2566 5011 ‘Procli
2598 4937 2678 5002 de

987 5043 1152 5106 Fato
1192 5038 1398 5105 locum
1441 5040 1727 5128 apposui,
1759 5063 1889 5128 quo
1922 5039 2058 5108 haec
2097 5039 2331 5105 Plotini
2374 5040 2677 5106 sententia

983 5142 1329 5231 respicitur.
1401 5141 1683 5230 Respicit
1709 5142 1845 5208 haec
1874 5142 2060 5208 etiam
2092 5142 2294 5208 Mich.
2324 5142 2571 5209 Psellus
2597 5144 2678 5209 de

987 5245 1227 5312 Omnif.
1252 5245 1557 5309 Doctrina
1585 5248 1643 5330 ξ.
1671 5246 1776 5314 28.
1807 5269 1872 5334 p.
1900 5266 2004 5331 90.
2038 5269 2176 5333 sqq.
2221 5246 2516 5328 Fabricii,
2542 5247 2675 5327 ubi,

984 5363 1391 5437 posteaquam
1416 5346 1680 5428 dixerat,
1709 5373 1749 5413 a
1776 5348 2036 5416 Platone
2063 5363 2126 5413 et
2153 5349 2493 5415 Aristotele
2535 5351 2673 5415 ani-

983 5475 1150 5518 mam
1191 5451 1341 5540 poni
1387 5474 1646 5538 corpore
1689 5466 1985 5539 tanquam
2032 5451 2444 5526 instrumento
2491 5467 2675 5519 uten-

982 5569 1131 5634 tem,
1161 5578 1200 5619 a
1230 5554 1661 5643 Peripateticis
1696 5569 1907 5630 autem
1946 5555 2207 5621 eandem
2245 5579 2389 5621 cum
2418 5579 2677 5645 corpore

982 5657 1243 5737 misceri,
1273 5659 1408 5724 haec
1439 5658 1574 5747 ipsa
1605 5658 1837 5726 Plotini
1868 5658 2059 5724 verba
2093 5659 2159 5724 in
2204 5658 2475 5728 medium
2520 5682 2670 5747 pro-

2779 722 2925 787 fert.
2990 722 3535 811 Comparationem
3566 736 3775 787 autem
3795 723 3928 809 jam
3961 734 4293 809 usurparat
4318 720 4468 785 Ari-

2779 823 3049 906 stoteles,
3077 825 3189 913 qui
3215 825 3281 889 in
3310 825 3466 890 Eth.
3495 825 3766 890 Eudem.
3789 825 3946 889 VII.
3968 825 4027 888 8.
4060 848 4126 912 p.
4150 843 4297 888 201.
4327 823 4466 912 Syl-

2779 927 2968 1015 burg.
2999 927 3125 994 ita:
3177 930 3308 993 ἐπεὶ
3354 926 3401 991 δ’
3447 930 3659 1009 ὁμοίως
3705 929 3832 1012 ἔχει
3879 927 4045 1011 ψυχὴ
4086 927 4230 1009 πρὸς
4274 933 4463 1007 σῶμα,

2782 1031 2876 1097 καὶ
2903 1033 3173 1114 τεχνίτης
3198 1031 3344 1113 πρὸς
3371 1033 3630 1114 ὄργανον
3659 1059 3709 1095 κ.
3733 1056 3785 1094 τ.
3810 1038 3871 1095 λ.

2864 1171 2953 1183 -
2997 1134 3057 1197 8.
3117 1134 3271 1198 ὥστε
3333 1134 3427 1198 καὶ
3486 1134 3809 1221 ἐπιθυμίαι]
3885 1134 4049 1198 Hoec
4110 1130 4468 1197 obscuriora

2781 1250 2930 1301 sunt
2969 1236 3037 1300 in
3081 1237 3358 1301 versione
3403 1235 3626 1301 Ficini.
3716 1235 4033 1300 Sententia
4075 1252 4282 1300 autem
4330 1234 4465 1298 haec

2774 1352 2894 1403 est:
2926 1339 3142 1404 Etiam
3170 1338 3541 1427 cupiditates
3570 1352 3716 1403 sunt
3744 1339 3966 1403 animae
3989 1339 4067 1422 (s.
4099 1360 4222 1401 non
4251 1336 4482 1401 alienae·

2779 1455 2928 1509 sunt
2969 1442 3050 1506 ab
3092 1442 3352 1527 anima),
3395 1440 3650 1529 quando
3689 1442 3940 1529 quidem
3972 1466 4061 1506 eae
4091 1440 4464 1517 famulatum

2779 1544 2858 1627 (s,
2905 1543 3342 1629 ministerium)
3384 1544 3779 1609 instrumenti
3822 1545 3976 1631 (sui)
4021 1542 4300 1630 requirit,
4330 1541 4374 1606 i.
4405 1566 4461 1607 e.

2774 1646 3069 1734 corporis·
3158 1649 3324 1712 Nam
3368 1649 3628 1731 ὄργανον
3666 1671 3893 1735 corpus
3934 1671 4064 1712 esse
4106 1671 4183 1710 ex
4228 1668 4461 1734 praece·

2775 1749 3068 1815 dentibus
3096 1749 3485 1838 intelligitur.
3575 1752 3722 1815 Hoc
3765 1750 3970 1839 ipsum
4012 1750 4208 1837 igitur
4246 1749 4461 1836 requi-

2774 1877 2909 1918 rere
2950 1852 3245 1941 corporiS,
3275 1864 3573 1940 tanquam
3617 1853 4009 1918 instrumenti
4054 1853 4173 1930 sui,
4217 1850 4463 1917 famuli-

2775 1955 2955 2035 tium,
2985 1970 3080 2022 est
3121 1954 3445 2044 cupiditas.
3541 1956 3705 2035 Sive,
3735 1957 3940 2022 anima
3982 1955 4178 2045 cupit,
4208 1954 4466 2042 quando

2774 2083 3029 2147 corpore
3057 2072 3358 2147 tanquam
3386 2083 3501 2123 suo
3529 2058 3938 2124 instrumento
3969 2060 4060 2123 uti
4090 2058 4250 2123 vult.

2867 2200 2957 2211 —
2990 2177 3090 2247 15.
3136 2159 3173 2242 ἢ
3222 2163 3601 2245 κρᾶσις-ὦς
3651 2164 4067 2247 διαπλακεῖσα]
4122 2161 4166 2224 1.
4200 2184 4256 2225 0.
4308 2183 4462 2247 quo-

2772 2264 2961 2330 modo
2997 2264 3183 2330 hodie
3224 2262 3593 2352 loquuntur,
3622 2263 3722 2330 vel
3763 2263 4033 2331 chemice
4072 2262 4169 2328 vel
4212 2262 4460 2328 mecha-

2772 2367 2926 2435 nice.
3016 2366 3348 2437 Proxima:
3413 2365 3451 2448 ἢ
3498 2368 3565 2433 τὸ
3611 2369 3724 2448 μὲν
3770 2369 3950 2433 οὕτως
3995 2368 4174 2435 αὐτοῦ
4224 2395 4273 2431 κ.
4308 2392 4361 2430 τ.
4395 2373 4456 2429 λ.
4577 2440 4589 2453 .

2771 2471 3089 2539 continent
3141 2493 3366 2537 novam
3424 2470 3850 2558 quaestionem,
3904 2470 4064 2539 hanc
4122 2468 4458 2533 nimirum:

2771 2575 3012 2641 Utrum
3061 2573 3268 2641 anima
3317 2574 3545 2661 partim
3596 2572 3674 2637 sit
3725 2588 4026 2662 separata,
4077 2572 4144 2637 h.
4174 2596 4232 2638 e.
4279 2586 4462 2637 utens

2770 2700 3048 2764 corpore,
3091 2678 3318 2764 partim
3367 2700 3511 2742 vero
3554 2700 3930 2765 quocunque
3973 2675 4228 2741 demum
4273 2675 4461 2743 modo

2770 2801 2915 2842 cum
2943 2778 3079 2867 ipso
3107 2780 3462 2857 commixta,
3492 2803 3563 2843 ac
3593 2779 3854 2867 proinde
3892 2779 4062 2844 vices
4099 2781 4238 2867 ejus
4280 2779 4460 2845 susti-

2771 2904 2948 2961 nenS,
2988 2905 3120 2969 quo
3159 2896 3375 2947 utatur
3407 2881 3480 2966 (i.
3510 2906 3563 2946 e.
3608 2882 3882 2968 corporis
3911 2881 4103 2963 vices)
4140 2882 4306 2946 unde
4341 2883 4459 2946 hoc

2769 2984 3087 3071 negotium
3109 2984 3362 3049 exsistat
3385 2982 3818 3071 philosophiae‚
3839 3001 3910 3049 ut
3938 2985 4004 3049 id
4034 2984 4265 3070 ipsum,
4284 2984 4458 3070 quod

2768 3087 3041 3174 corporis
3068 3087 3229 3152 vices
3254 3100 3453 3175 gerat,
3485 3099 3805 3150 convertat
3847 3086 3929 3150 ad
3972 3084 4133 3150 illud
4164 3102 4344 3150 utens
4376 3089 4458 3169 (s.

2770 3195 3178 3278 separatum),
3195 3205 3258 3255 et
3286 3190 3402 3255 hoc
3431 3188 3660 3277 ipsum,
3690 3188 3901 3275 quoad
3919 3189 4053 3276 ejus
4080 3187 4214 3253 fieri
4241 3188 4455 3276 possit,

2776 3294 2843 3379 (i.
2865 3318 2921 3359 e.
2950 3309 3260 3382 quatenus
3285 3293 3493 3358 anima
3518 3315 3776 3380 corpore
3804 3315 4010 3357 carere
4034 3290 4251 3380 possit)
4286 3315 4459 3367 aver,-

2769 3409 2862 3462 tat
2889 3396 3166 3464 indidem
3200 3401 3263 3480 (a
3291 3398 3603 3483 corpore).
3652 3395 3752 3461 Cf.
3781 3395 3981 3460 Ficini
4008 3397 4360 3460 Comment.
4391 3396 4454 3459 in

2768 3500 2886 3565 1100
2926 3515 3139 3586 caput.
3230 3501 3312 3564 In
3356 3498 3647 3563 extremis
3687 3499 3946 3566 fortasse
3987 3497 4210 3563 lacuna
4252 3513 4365 3578 est,
4394 3514 4458 3563 et

2767 3601 2910 3672 libri
2954 3603 3146 3671 nostri
3184 3602 3396 3691 plures
3435 3601 3742 3690 virgulam
3787 3601 4019 3668 habent
4062 3617 4202 3689 post
4242 3602 4352 3675 ἀεὶ,
4384 3617 4456 3666 ut

2770 3706 2854 3771 sic
2897 3707 3145 3795 expleas
3185 3717 3249 3770 et
3292 3706 3602 3792 corrigas:
3650 3706 3806 3771 ὥστε
3847 3705 3926 3785 μὴ
3970 3705 4063 3770 ἀεὶ
4104 3706 4456 3789 χωρίζεσθαι

2766 3811 2910 3890 μηδὲ
2952 3814 3230 3893 χρῆσθαι,
3260 3808 3348 3874 ita
3376 3823 3447 3873 ut
3476 3807 3682 3875 anima
3709 3832 3748 3873 a
3776 3831 4031 3894 corpore
4061 3830 4264 3894 neque
4292 3828 4452 3871 sem-

2765 3935 2880 3999 per
2922 3927 3294 3990 secernatur,
3338 3934 3543 3999 neque
3585 3934 3827 3998 semper
3868 3909 4085 3974 eodem
4130 3923 4454 4000 utatur.-÷

2767 4015 3066 4080 Proxima
3091 4013 3128 4095 ἢ
3158 4017 3234 4084 ὣς
3264 4014 3416 4083 εἶδος
3446 4016 3780 4098 ἀχώριστον
3806 4013 4118 4101 pertinent
4159 4012 4242 4077 ad
4269 4012 4456 4076 Alex-

2764 4118 2958 4182 andri
2973 4118 3485 4205 Aphrodisiemis
3508 4115 3896 4195 sententiam,
3913 4116 4021 4203 qui
4045 4128 4451 4203 posteaquam

2764 4221 3185 4299 contenderat,
3215 4220 3483 4288 animam
3517 4243 3648 4285 esse
3692 4217 3951 4306 speciem
3993 4242 4032 4283 a
4059 4241 4315 4304 corpore
4351 4216 4449 4281 in-

2765 4323 3189 4413 separabilem,
3234 4322 3404 4392 illam
3449 4321 3706 4387 alteram
3754 4321 4140 4399 sententiam,
4170 4344 4314 4408 quae
4361 4338 4454 4385 est

2766 4427 2846 4492 de
2887 4426 3092 4516 specie
3125 4449 3352 4514 corpus
3389 4425 3755 4513 attingente,
3788 4424 4089 4512 explodit,
4120 4438 4182 4488 et
4209 4423 4327 4488 hoc
4354 4423 4467 4511 ip:

2767 4554 2908 4598 sum
2960 4529 3391 4618 gubernatoris
3459 4543 3522 4593 et
3591 4526 3822 4615 navigii
3879 4525 4233 4615 exemplum
4278 4526 4450 4594 nihili

2767 4658 2898 4700 esse
2940 4633 3113 4698 dicit.
3174 4632 3320 4697 Vid.
3351 4631 3690 4697 Alexandri
3722 4630 4056 4718 Aphrodis.
4088 4629 4449 4698 Enarratio-

2765 4760 2908 4804 nem
2950 4735 3031 4802 de
3074 4735 3330 4815 Anima,
3361 4759 3440 4800 ex
3482 4734 3866 4821 interpretat.
3898 4733 4159 4801 Hieron.
4188 4732 4447 4798 Donati.

2765 4839 2963 4906 Paris.
2994 4839 3177 4924 1528.
3206 4838 3313 4903 fol.
3345 4855 3701 4926 133-135·

2861 4964 2924 5029 p.
2955 4957 3020 5028 5,
3050 4943 3112 5006 6.
3156 4968 3219 5006 π.
3253 4942 3309 5007 ἃ.
3350 4940 3690 5024 προσθήκην
3715 4941 3903 5022 λάβοι
3929 4940 3996 5004 τὸ
4026 4936 4438 5020 αἰσθάνεσθαι]

2764 5046 2946 5112 Confi
2970 5068 3037 5133 p.
3059 5048 3206 5131 609.
3226 5048 3314 5109 A.
3346 5067 3518 5132 supr.
3543 5046 3748 5113 οὐσίας
3773 5041 4096 5127 προσθήκη.
4143 5040 4206 5103 T
4210 5038 4449 5110 enenda

2760 5162 2971 5212 autem
3011 5147 3104 5212 vis
3143 5146 3432 5212 vocabuli
3470 5147 3792 5230 προσθήκη,
3824 5166 4012 5233 quam
4055 5140 4300 5230 egregie
4342 5140 4449 5205 de-

2763 5250 3018 5316 claravit
3049 5250 3386 5339 Wyttenb.
3427 5250 3510 5315 ad
3556 5247 3880 5318 Plutarchi
3909 5244 4164 5310 Morall.
4205 5269 4267 5333 p.
4301 5245 4456 5311 218..

2765 5377 2854 5441 sq.
2902 5368 2978 5418 ut
3024 5352 3139 5419 sit:
3204 5352 3720 5430 additamentum,
3768 5347 4080 5437 quidquid
4121 5371 4200 5413 ex
4250 5347 4444 5414 abun-

2759 5455 2935 5526 danti
2976 5456 3231 5522 additur
3273 5457 3555 5545 partibus
3588 5453 3797 5543 justiS,
3829 5451 4062 5540 quibus
4101 5450 4294 5520 veluti
4331 5473 4446 5516 nu-

2759 5558 2944 5625 meris
2970 5558 3097 5624 suis
3126 5583 3222 5625 res
3240 5561 3371 5648 jam
3403 5558 3690 5625 absoluta
3713 5567 3829 5622 est.

2852 5700 2940 5712 —
2991 5682 3087 5744 14.
3158 5660 3702 5748 διαπεφοιτηκυῖαν]
3772 5663 4108 5745 Διαφοιτᾷν
4151 5657 4442 5725 omissum
