5118 6613
1066 518 1190 588 174

1063 675 1121 739 οὶ
1163 674 1230 738 δὲ
1273 672 1351 741 ὣς
1392 671 1531 754 περὶ
1577 671 1849 750 σόματος
1885 668 2067 734 αὐτοῦ
2092 673 2449 734 διενοοῦντο.
2541 672 2766 756 Atque

1063 791 1141 841 ut
1170 775 1252 840 de
1289 774 1574 840 fontibus
1601 772 1925 838 videamus
1965 771 2135 836 unde
2167 772 2363 859 hujus
2390 770 2530 836 libri
2564 771 2761 837 Ploti-

1062 877 1280 942 tiniani
1312 876 1589 942 Materia
1616 875 1879 963 repetita
1905 890 2021 954 est,
2053 889 2200 940 sunt
2228 875 2294 939 hi
2323 875 2596 964 primum
2630 875 2766 941 Pla-

1061 981 1227 1048 tonis
1267 980 1465 1069 ipsius
1507 979 1663 1044 loci:
1711 978 1775 1043 in
1820 978 2098 1044 Phaedro
2138 1001 2202 1066 p.
2237 995 2384 1064 245.
2432 980 2653 1066 Steph.
2697 1002 2762 1067 p.

1065 1085 1170 1172 38.
1200 1108 1297 1172 sq.
1345 1081 1546 1148 Bekk.
1587 1087 1651 1164 (a
1691 1080 1990 1146 Cicerone
2031 1082 2098 1146 in
2139 1081 2424 1148 Tuscull.
2462 1084 2518 1146 Ι.
2555 1100 2659 1168 23.
2700 1097 2765 1146 et

1066 1186 1148 1252 de
1193 1187 1353 1274 Rep.
1390 1186 1507 1250 VI.
1542 1203 1643 1269 25.
1691 1184 1822 1248 sive
1862 1183 1927 1247 in
1976 1185 2193 1248 Somn.
2229 1183 2394 1272 Scip.
2430 1184 2630 1249 v111.
2682 1183 2765 1249 ab

1067 1290 1340 1378 Origene
1367 1290 1504 1372 περὶ
1532 1292 1734 1373 ἀρχῶν
1766 1288 1908 1353 111.
1949 1308 2002 1351 1.
2033 1310 2096 1374 p.
2135 1289 2279 1353 108.
2313 1311 2403 1375 sq.
2436 1287 2628 1353 Ruaei
2664 1311 2759 1353 re-

1062 1393 1333 1482 petita):
1379 1392 1444 1457 in
1500 1391 1814 1457 Phoedone
1849 1414 1917 1478 p.
1965 1391 2068 1474 78.
2118 1414 2181 1479 p.
2211 1392 2319 1472 46.
2364 1415 2501 1478 sqq.
2554 1389 2762 1456 Bekk.

1069 1497 1177 1581 (ad
1198 1520 1388 1586 quem
1404 1496 1610 1562 locum
1635 1495 1863 1561 adhibe
1884 1495 2361 1583 Wyttenbachii
2383 1511 2662 1560 annotat.
2693 1517 2758 1583 p.

1069 1600 1405 1686 195--198
1433 1603 1477 1680 τ)
1526 1598 1592 1661 in
1634 1596 1881 1663 Timaeo
1908 1621 1973 1685 p.
2006 1617 2110 1683 43.
2142 1619 2210 1685 p.
2237 1599 2342 1678 46.
2378 1621 2516 1684 sqq.
2556 1595 2760 1661 Bekk.

1064 1703 1177 1786 (cf.
1209 1701 1528 1769 Plutarchi
1560 1703 1799 1779 Quaest.
1835 1701 2116 1767 Platonn.
2152 1703 2295 1767 ΙΙΙ.
2332 1702 2452 1765 IV.
2488 1724 2549 1788 p.
2577 1720 2758 1765 1001.

1063 1829 1161 1894 sq.
1192 1828 1254 1893 p.
1281 1821 1382 1890 75.
1416 1829 1554 1892 sqq.
1574 1806 1785 1893 Wytt.
1811 1820 1875 1869 et
1902 1804 2212 1869 Alcinous
2240 1804 2322 1869 de
2351 1805 2571 1869 Doctr.
2602 1802 2758 1869 Plat.

1062 1931 1118 1971 c.
1151 1907 1411 1988 XXV.)
1443 1933 1458 1971 ε
1505 1906 1587 1972 de
1628 1907 1905 1994 Republ.
1942 1909 2035 1972 X.
2071 1931 2132 1994 p.
2164 1910 2314 1991 609.
2346 1929 2411 1994 p.
2440 1923 2589 1990 492.
2622 1929 2759 1994 sqq.

1064 2008 1309 2074 Bekk.:
1357 2009 1437 2074 de
1485 2009 1688 2096 Legg.
1725 2010 1819 2073 X.
1861 2032 1925 2097 p.
1963 2008 2110 2095 894.
2161 2032 2300 2097 sqq.
2341 2031 2405 2096 p.
2447 2028 2586 2093 193.
2619 2031 2755 2095 sqq.

1065 2111 1338 2194 Bekk.):
1389 2110 1745 2177 Aristotelis
1778 2110 1845 2176 in
1887 2112 2251 2200 MetaphyS.
2289 2113 2389 2177 11.
2423 2132 2490 2193 4.
2541 2112 2661 2175 IV.
2696 2130 2755 2179 2.

1064 2216 1223 2282 VII.
1263 2237 1318 2281 1.
1351 2239 1487 2304 sqq.
1519 2239 1584 2304 p.
1622 2234 1761 2301 133.
1796 2238 1931 2302 sqq.
1968 2215 2186 2304 Sylb.:
2236 2216 2316 2281 de
2344 2215 2586 2280 Anima
2610 2216 2669 2280 1.
2698 2234 2753 2279 2.

1065 2320 1207 2404 (ubi
1233 2319 1636 2407 antiquorum
1676 2318 1905 2406 placita
1938 2319 2454 2408 philooephorum
2487 2334 2763 2384 recenset

1064 2423 1417 2511 Stagirites)
1449 2424 1550 2488 11.
1590 2442 1616 2486 1
1646 2447 1665 2496 ;
1714 2422 1795 2487 de
1824 2423 2124 2488 Generat.
2155 2437 2219 2488 et
2263 2426 2568 2511 Corrupt.
2609 2423 2668 2486 I.
2701 2442 2758 2489 2.

1064 2527 1122 2590 Ι.
1153 2549 1219 2612 5.
1253 2527 1309 2591 Ι.
1342 2528 1403 2590 6.
1441 2544 1497 2608 7.
1529 2527 1591 2591 8.
1681 2525 2153 2613 Componendae
2194 2541 2407 2592 autem
2450 2524 2760 2614 primariae

1060 2629 1254 2718 hujus
1299 2628 1441 2695 libri
1490 2628 1820 2696 Plotiniani
1868 2627 2189 2695 sententiae
2235 2643 2382 2693 sunt
2434 2651 2579 2692 cum
2624 2627 2761 2692 aliis

1061 2732 1255 2811 libris,
1283 2732 1629 2821 praesertim
1659 2732 1757 2798 his
1797 2731 1948 2797 locis
1975 2756 2038 2818 p.
2071 2734 2222 2817 645.
2254 2733 2400 2817 656.
2436 2733 2583 2812 667.
2611 2732 2758 2814 764.

1063 2849 1126 2900 et
1155 2858 1299 2902 cum
1330 2835 1621 2900 universo
1657 2835 1819 2900 libro
1846 2837 1983 2918 περὶ
2007 2838 2170 2916 ὕλης.
2260 2834 2617 2899 Plotiniana
2648 2833 2759 2897 de-

1062 2952 1232 3003 creta
1258 2937 1587 3025 diligenter
1621 2938 1688 3002 in
1727 2937 2169 3025 compendium
2200 2936 2442 3023 redegit
2473 2935 2754 3022 Porphy-

1062 3039 1194 3104 rius
1227 3039 1294 3103 in
1341 3038 1673 3104 Sententiis
1704 3039 1862 3126 Cap.
1898 3040 2111 3104 XIX.
2159 3037 2361 3126 (quod
2388 3038 2478 3101 ita
2504 3036 2754 3125 incipit:

1053 3141 1256 3208 Ἀλλο
1283 3142 1352 3207 τὸ
1380 3142 1642 3227 πάσχειν
1680 3147 1797 3210 τῶν
1840 3142 2147 3224 σωμάτων,
2180 3143 2338 3206 ἄλλο
2369 3147 2487 3205 τῶν
2517 3139 2755 3220 ἀσωμά-

1064 3270 1182 3313 των
1227 3272 1348 3311 nur.
1373 3246 1469 3328 λ.)
1523 3268 1723 3333 usque
1761 3244 1845 3311 ad
1893 3247 2053 3332 Cap.
2091 3244 2379 3310 XXIX.
2424 3257 2489 3309 et
2528 3242 2757 3309 iterum

1062 3349 1379 3415 XXXVI.
1420 3350 1610 3438 (quos
1645 3349 1814 3417 locos
1848 3348 2254 3437 disputationi
2297 3371 2428 3413 suae
2470 3347 2761 3413 adhibuit

1067 3455 1484 3522 Cudworthus
1505 3453 1569 3518 in
1604 3456 1871 3544 System.
1900 3452 2194 3518 intellect.
2229 3454 2303 3517 V.
2329 3472 2394 3537 3.
2421 3472 2519 3516 11.
2556 3470 2659 3518 12.
2690 3475 2757 3539 p.

1070 3559 1255 3624 1018.
1287 3582 1425 3647 sqq.
1443 3558 1546 3624 ed.
1569 3558 1819 3643 Mosh.)
1894 3556 2088 3621 Adde
2109 3555 2402 3620 Proclum
2420 3555 2484 3621 in
2512 3555 2757 3620 Platon.

1062 3659 1368 3750 Theolog.
1405 3663 1504 3727 11.
1535 3680 1632 3728 12.
1667 3686 1730 3749 p.
1756 3662 2037 3748 33-36,
2071 3675 2135 3725 et
2163 3659 2229 3723 in
2258 3659 2412 3725 Inst.
2450 3659 2754 3724 Theol.c.

1065 3764 1218 3829 XV.
1248 3788 1313 3852 p.
1344 3766 1447 3833 26.
1479 3788 1619 3852 sqq.
1644 3763 1744 3829 ed.
1777 3778 1967 3829 nostr.
2001 3787 2053 3828 c.
2083 3763 2359 3827 LXXX.
2393 3785 2460 3850 p.
2492 3782 2636 3830 122.
2665 3785 2756 3850 sq.

1061 3872 1182 3930 πᾶν
1211 3873 1382 3947 σῶμα
1408 3864 1670 3951 πάσχειν
1700 3867 1825 3931 καθ’
1872 3867 2014 3931 αὑτὸ
2053 3865 2302 3949 πέφυκε.
2348 3870 2471 3930 πᾶν
2501 3867 2567 3929 δὲ
2597 3866 2755 3930 ἀσώ-

1062 3994 1250 4049 ματον
1279 3976 1472 4035 ποιεῖν
1502 3998 1557 4035 κ.
1583 3996 1635 4035 τ.
1660 3978 1720 4034 λ.
1752 3993 1804 4034 c.
1836 3969 2196 4033 LXXXII.
2226 3992 2295 4057 p.
2325 3970 2468 4035 126.
2563 3968 2761 4033 Deni-

1065 4094 1190 4158 que
1221 4071 1366 4136 vide
1414 4070 1758 4137 Alexandr.
1802 4072 2269 4159 Aphrodisiens.
2318 4072 2384 4137 in
2430 4072 2758 4139 Aristotel.

1069 4174 1430 4263 Metaphys.
1465 4175 1527 4239 Ι.
1557 4190 1886 4240 comment.
1923 4194 2027 4240 20.
2076 4174 2461 4263 Simplicium
2492 4176 2557 4240 in
2591 4176 2759 4263 Phy-

1066 4276 1270 4341 sicorr.
1304 4278 1411 4343 lib.
1444 4280 1560 4342 IV.
1590 4292 1651 4343 et
1681 4277 1747 4342 in
1777 4277 1968 4343 libros
1997 4277 2078 4342 de
2106 4277 2332 4342 Anima
2357 4278 2470 4342 fol.
2498 4295 2531 4363 7
2557 4302 2573 4342 ε
2633 4280 2761 4344 An-

1065 4378 1222 4464 glice
1245 4380 1431 4445 vertit
1460 4380 1630 4445 hunc
1656 4379 1888 4445 librum
1920 4380 2196 4445 Thomas
2234 4382 2479 4469 Taylor
2495 4407 2516 4445 .-
2564 4382 2765 4446 Select

1079 4484 1300 4547 Works
1328 4484 1739 4569 qf'Plotinus.
1786 4484 1988 4550 Lond.
2022 4488 2209 4567 1817.
2238 4508 2302 4573 p.
2340 4503 2483 4551 122.
2516 4508 2655 4572 sqq.

1152 4609 1215 4673 p.
1238 4602 1393 4671 552,
1423 4605 1521 4652 12.
1556 4588 1650 4652 καὶ
1672 4592 1857 4667 δοξῶν
1884 4592 2126 4671 ψευδῶν
2156 4589 2251 4652 καὶ
2271 4590 2495 4655 ἀνοίας·
2543 4589 2766 4653 οἰκειό-

1068 4690 1222 4778 σεις]
1273 4689 1376 4755 Sic
1423 4689 1556 4755 Ed.
1632 4690 1760 4755 Sed
1818 4690 1949 4755 Fic.
2003 4690 2305 4778 expressit
2356 4692 2452 4755 καὶ
2494 4693 2759 4773 ἀγνοίας·

1070 4794 1412 4860 Οῖκειῶσεις
1437 4822 1488 4858 κ.
1515 4818 1566 4857 r.
1585 4802 1683 4858 λ.;
1730 4807 1794 4858 et
1822 4796 2232 4881 ignorantiae.
2309 4793 2761 4879 Gignunturin

1070 4917 1143 4959 ea
1193 4895 1448 4977 (anima)
1493 4895 1676 4960 etiam
1721 4896 2183 4961 conformitates
2227 4911 2291 4961 et
2335 4895 2765 4961 difformitates

1071 5013 1188 5062 etc.
1217 4997 1305 5062 ita
1338 5013 1412 5063 ut
1448 5021 1665 5063 rursus
1708 4998 1941 5086 cogites
1986 5000 2366 5082 ἐγγίγνονται
2409 5022 2487 5062 ex
2530 5022 2765 5085 praece-

1073 5101 1386 5167 dentibus.
1478 5101 1695 5167 Placet
1729 5102 1863 5168 haec
1893 5101 2077 5166 lectio
2120 5117 2184 5166 et
2226 5100 2564 5180 distinctiO,
2593 5123 2760 5165 eam-

1073 5228 1199 5292 que
1225 5204 1552 5292 amplexus
1579 5220 1674 5270 est
1714 5205 1900 5270 etiam
1948 5204 2229 5292 Taylor:
2281 5212 2393 5269 flos
2420 5204 2585 5269 idern
2618 5204 2764 5268 faci-

1075 5308 1304 5374 endum
1335 5308 1705 5373 censuimus.

1156 5448 1245 5461 —
1292 5431 1394 5497 15.
1440 5410 1614 5476 ’AM’
1648 5414 1701 5475 εΖ
1740 5412 1858 5491 μὲν
1896 5409 2069 5490 σῶμά
2108 5412 2275 5474 ἐστιν
2302 5411 2339 5490 ἡ
2368 5409 2570 5498 ψυχὴ]
2620 5411 2766 5475 Hoc

1073 5513 1412 5579 docuerant
1456 5516 1895 5602 Anaxagoras,
1929 5512 2312 5592 Heraclitus,
2344 5512 2768 5593 Democritus,

1990 495 2843 563 ANNOTA'PIONES
2907 496 3020 560 IN
3082 495 3517 561 PLOTINI

2852 669 3193 758 Epicurus,
3230 668 3442 748 Stoici,
3465 668 3557 734 uti
3578 667 3837 757 quidem
3866 668 4078 758 prodit
4105 682 4325 735 auctor
4351 667 4541 735 libelli

2849 774 2931 839 de
2959 773 3205 861 placitis
3230 773 3770 863 philomphorum,
3801 773 3866 838 in
3905 773 4299 838 Plutarcheis
4330 774 4451 839 IV.
4477 794 4539 861 3.

2850 900 2913 965 p.
2961 878 3102 964 898.
3152 876 3335 943 C.D.
3382 899 3449 964 p.
3493 879 3643 943 622.
3688 900 3781 964 sq.
3836 878 4052 963 Wytt.
4142 878 4388 941 Totum
4430 900 4537 942 au-

2851 995 2978 1045 tem
3008 979 3127 1045 hoc
3149 978 3384 1044 Plotini
3405 992 3597 1067 caput
3620 996 3766 1044 ante
3794 979 4007 1045 oculos
4037 980 4227 1044 habet
4257 981 4542 1069 Porphy-

2850 1083 2981 1148 rius
3017 1082 3082 1147 in
3126 1085 3437 1148 Sententt.
3467 1106 3523 1147 c.
3554 1083 3740 1150 xlx.
3771 1106 3835 1169 p.
3869 1099 4016 1168 225.
4046 1106 4138 1170 sq.
4176 1084 4539 1171 Cantabrig.

2852 1190 3169 1253 Caeterum
3192 1186 3274 1251 cf.
3297 1185 3461 1250 infra
3488 1185 3733 1250 initium
3766 1184 3908 1250 libri
3930 1186 4010 1250 de
4039 1186 4302 1251 essentia
4319 1188 4539 1252 animae

2855 1290 2969 1354 IV.
3006 1308 3066 1355 2.
3102 1310 3154 1354 1.
3185 1312 3252 1377 p.
3281 1290 3433 1374 361.
3464 1292 3555 1353 A.
3598 1288 3708 1354 ubi
3746 1287 4160 1378 philosophus
4205 1306 4414 1357 noster
4440 1291 4536 1355 iti-

2850 1393 2995 1458 dem
3023 1415 3251 1479 corpus
3279 1415 3412 1456 esse
3441 1391 3708 1456 animam
3741 1408 3952 1480 negat.

2935 1533 3024 1546 —
3058 1515 3159 1579 19.
3203 1496 3347 1575 αὗτῇ
3375 1495 3533 1576 πάθη
3565 1497 4061 1577 διδόναι-αὐτὴν
4090 1498 4361 1580 φθαρτὴν
4392 1498 4541 1564 εἶναι

2852 1598 3139 1686 διδόντες]
3188 1596 3468 1662 Affectus
3498 1597 3651 1662 tales
3681 1598 3735 1662 ei
3761 1599 4256 1664 tribuere—eam
4286 1624 4543 1689 corrup-

2848 1700 3083 1766 tibilem
3114 1724 3244 1764 esse
3271 1701 3617 1766 concedere.
3694 1703 3842 1766 Non
3875 1701 4234 1789 infrequens
4260 1703 4536 1790 ejusdem

2848 1802 3159 1882 vocabuli,
3193 1803 3406 1882 Verbi,
3435 1804 3723 1891 repetitio
3750 1804 3997 1870 diversa
4015 1806 4079 1870 vi
4101 1807 4408 1894 usurpati,
4432 1831 4540 1873 nec

2847 1906 3053 1972 latinis
3082 1905 3487 1994 scriptoribus
3520 1906 3753 1994 ignota.
3848 1909 4196 1973 Commode
4231 1912 4540 1977 succurrit

2846 2008 3125 2097 ejusdem
3156 2007 3333 2072 verbi
3380 2008 3758 2096 exemplum.
3834 2009 3971 2075 Cic.
4010 2010 4090 2075 de
4120 2010 4298 2076 Offic.
4343 2013 4401 2078 1.
4440 2032 4538 2079 21.

2851 2131 2924 2196 71
2958 2137 2973 2177 :
3022 2118 3066 2151 ‘⁶
3097 2112 3503 2200 Quapropter
3551 2129 3613 2178 et
3665 2113 3737 2176 iis
3781 2113 4040 2179 forsitan
4092 2115 4539 2181 concedendum

2845 2217 2931 2280 sit
2969 2236 3101 2280 rem
3138 2213 3455 2302 publicam
3503 2238 3626 2282 non
3671 2217 4156 2304 capessentibuS,
4187 2218 4300 2305 qui
4344 2222 4538 2285 excel-

2845 2317 2996 2383 lenti
3022 2317 3275 2405 ingenio
3301 2318 3602 2383 doctrinae
3632 2343 3762 2383 sese
3787 2319 4187 2400 dediderunt,
4218 2335 4283 2386 et
4310 2323 4406 2400 iis,
4430 2324 4538 2411 qui

2847 2433 2959 2486 aut
2982 2421 3355 2487 valetudinis
3393 2421 3817 2488 imbecillitate
3853 2439 3966 2488 aut
4010 2423 4223 2511 aliqua
4255 2426 4538 2512 graviore

2845 2548 3063 2590 caussa
3112 2524 3416 2612 impediti,
3446 2549 3488 2590 a
3533 2548 3601 2589 re
3644 2526 3895 2613 publica
3946 2544 4352 2607 recesserunt,
4394 2552 4534 2594 cum

2845 2629 2981 2715 ejus
3029 2628 3538 2693 administrandae
3582 2644 3950 2716 potestatem
3992 2630 4127 2695 aliis
4164 2630 4538 2720 laudemque

2843 2732 3318 2797 concederent:”
3362 2730 3473 2796 ubi
3524 2731 3648 2797 vid.
3712 2733 4096 2820 Heusinger.
4155 2758 4214 2821 p.
4268 2752 4408 2819 172.
4455 2737 4535 2801 cf.

2845 2836 3032 2900 etiam
3064 2834 3268 2901 Beier.
3299 2834 3381 2899 ad
3410 2834 3593 2900 offic.
3627 2837 3689 2899 1.
3717 2855 3821 2921 39.
3859 2858 3925 2923 p.
3953 2837 4099 2918 284.
4191 2837 4343 2903 Alia
4384 2840 4540 2904 ratio

2846 2951 2939 3002 est
2971 2938 3277 3025 ejusmodi
3319 2938 3621 3016 locorum,
3653 2938 3766 3003 ubi
3804 2939 3970 3003 idem
4016 2939 4390 3006 vocabulum
4432 2942 4538 3007 sed

2847 3039 3109 3105 diversae
3136 3039 3392 3127 originis
3432 3040 3760 3127 repetitur,
3789 3055 3864 3105 ut
3890 3040 3954 3104 in
3985 3040 4081 3105 his
4115 3041 4391 3108 Philonis
4419 3046 4466 3108 J
4472 3067 4539 3108 u·

2845 3143 2988 3224 daei,
3011 3144 3090 3208 de
3122 3144 3359 3209 Mundi
3389 3144 3563 3232 Opif.
3600 3167 3663 3229 p.
3693 3164 3718 3207 1
3740 3144 3836 3207 18.
3862 3143 3959 3208 ed.
3992 3145 4189 3209 Pseiff.
4215 3171 4229 3209 :
4280 3149 4398 3212 εἰσὶ
4425 3151 4539 3231 γὰρ

2846 3249 2906 3313 οἱ
2939 3250 3181 3315 πλείους
3223 3247 3800 3331 παραλαμβάνοντες
3846 3249 4103 3329 κόσμους
4153 3249 4328 3328 εἶναι,
4375 3253 4435 3315 οἱ
4477 3253 4540 3315 δὲ

2847 3352 2943 3415 καὶ
2972 3353 3262 3433 ἀπείρους,
3297 3354 3526 3434 ἄπειροι
3563 3351 3658 3415 καὶ
3698 3352 4165 3433 ἀνεπιστήμονες
4192 3354 4361 3419 αὐτοὶ
4398 3354 4542 3436 πρὸς

2846 3453 3132 3533 ἀλήθειαν
3160 3456 3346 3528 ὄντες,
3378 3458 3461 3519 ὧν
3499 3455 3685 3519 καλὸν
3726 3454 4052 3535 ἐπισπῆμην
4098 3457 4285 3539 ἔχειν.
4376 3458 4542 3522 Con-

2844 3555 3106 3621 cedendi
3132 3570 3340 3621 autem
3374 3556 3723 3644 significatu
3753 3557 4013 3622 verbum
4038 3560 4263 3624 διδόναι
4292 3559 4386 3623 bis
4416 3583 4541 3625 uno

2844 3657 2981 3723 loco
3008 3659 3197 3725 habet
3228 3659 3426 3739 Plato,
3457 3675 3864 3748 posteaquam
3895 3661 4107 3748 paullo
4143 3661 4320 3748 prius
4356 3687 4535 3728 usur-

2844 3778 3102 3850 paverat
3130 3770 3483 3848 συγχωρεῖν,
3516 3763 3579 3828 in
3620 3763 3942 3829 Charmid.
3979 3767 4038 3848 §-
4069 3785 4180 3846 44.
4211 3788 4273 3853 p.
4316 3785 4451 3848 172.
4482 3791 4535 3831 c.

2844 3866 3294 3933 Accusativum
3327 3890 3471 3932 cum
3508 3866 3830 3931 Infinitivo
3858 3866 4089 3954 pariter
4116 3882 4308 3955 atque
4354 3869 4536 3934 Ploti-

2845 3991 2965 4033 nus
3008 3968 3222 4056 adjicit
3266 3969 3543 4035 Phalaris
3589 3970 3795 4058 Epist.
3847 3971 3923 4032 V.
3971 3994 4027 4056 p.
4067 3974 4169 4035 26.
4218 3973 4535 4060 Lennep.:

2849 4074 2965 4154 ἐγὼ
2988 4076 3053 4137 δὲ
3083 4075 3243 4139 οὔπω
3270 4076 3493 4155 δίδωμι,
3526 4075 3634 4153 τὴν
3656 4074 3939 4155 τιμωρίαν
3957 4073 4297 4158 πεπράχθαι
4318 4078 4538 4141 ἄδικον.

2847 4177 2951 4240 De
2978 4175 3099 4240 alia
3129 4176 3189 4240 vi
3220 4175 3409 4264 hujus
3440 4176 3613 4241 verbi
3645 4199 3837 4263 supra
3858 4176 4130 4240 vidimus
4150 4176 4234 4241 ad
4264 4178 4321 4243 I.
4364 4200 4416 4242 1.
4446 4198 4536 4245 12.

2934 4404 2999 4467 p.
3029 4401 3181 4466 553,
3212 4402 3265 4446 1.
3313 4386 3430 4446 εἴτε
3453 4382 3817 4463 ἀριθμὸς-ἡ
3841 4381 4018 4446 οὐσία
4048 4383 4246 4468 αὐτῆς]
4302 4384 4539 4468 Pytha-

2852 4507 3024 4571 gorae
3042 4500 3105 4548 et
3133 4484 3502 4550 Xenocratis
3518 4486 3641 4550 fuit
3669 4486 3804 4550 haec
3823 4485 4146 4550 sententia.
4225 4485 4540 4551 Plutarch.

2854 4586 2936 4653 de
2995 4587 3198 4652 Placc.
3247 4586 3498 4674 phssoss,
3567 4587 3683 4652 IV.
3737 4608 3797 4654 2.
3850 4611 3913 4674 p.
3947 4588 4095 4671 898.
4151 4590 4230 4652 C.
4280 4612 4342 4675 p.
4393 4593 4540 4655 621.

2857 4691 3065 4777 Wytt.
3112 4691 3470 4772 Πυθαγόρας
3520 4690 3920 4773 (ἀπεφήνατο)
3969 4692 4079 4770 τὴν
4122 4691 4331 4775 ψυχὴν
4375 4693 4539 4774 ἀριθ-

2848 4793 2965 4874 μὸν
3002 4794 3214 4858 ἑαυτὸν
3260 4797 3553 4857 κινοῦντα.
3598 4793 3706 4856 τὸν
3748 4795 3815 4858 δὲ
3852 4793 4101 4876 ἀριθμὸν
4141 4795 4273 4858 ἀντὶ
4300 4799 4407 4859 τοῦ
4441 4800 4546 4860 νοῦ

2850 4896 3330 4978 παραλαμβάνει.
3424 4893 3605 4959 Idem
3647 4917 3979 4960 numerum
4017 4895 4296 4959 omnium
4334 4919 4541 4963 rerum

2851 4998 3359 5086 sapientissimam
3420 4997 3596 5063 dixit.
3670 4998 3996 5063 Iamblich.
4055 4998 4133 5062 de
4177 4999 4303 5064 Vit.
4356 4999 4542 5086 Pyth.

2852 5104 2912 5185 ς.
2950 5106 3093 5182 146.
3121 5125 3186 5190 p.
3225 5120 3365 5168 122.
3399 5102 3586 5166 Kust.
3619 5116 3682 5165 et
3724 5104 3787 5185 §-
3834 5103 3972 5165 162.
4016 5124 4082 5188 p.
4122 5102 4267 5186 138.
4358 5102 4544 5181 Quod

2848 5205 3074 5291 repetit
3125 5204 3379 5269 Proclus
3427 5205 3489 5269 in
3523 5204 3668 5269 Alc.
3713 5228 3814 5291 pr.
3861 5228 3927 5291 p.
3962 5208 4110 5289 269.
4185 5207 4287 5269 De
4329 5208 4541 5272 Xeno-

2850 5321 3017 5372 crate
3066 5306 3155 5373 ita
3191 5307 3440 5373 Tullius
3487 5307 3777 5372 Tuscull.
3829 5309 3882 5370 Ι.
3922 5326 4035 5371 10:
4088 5313 4132 5346 “
4164 5307 4546 5375 Xenocrates

2851 5410 3040 5475 animi
3076 5411 3345 5497 figuram
3383 5428 3446 5476 et
3486 5411 3664 5497 quasi
3701 5432 3928 5497 corpus
3967 5411 4217 5496 negavit
4247 5435 4399 5490 esse,
4432 5437 4541 5477 ve·

2853 5537 2995 5579 rum
3025 5536 3355 5579 numerum
3387 5513 3547 5578 dixit
3587 5537 3738 5593 esse,
3768 5515 3951 5601 cujus
3978 5513 4092 5593 vis,
4122 5529 4193 5579 ut
4229 5515 4362 5602 jam
4400 5534 4545 5583 ante
