5118 6613
1060 539 1187 624 308

1063 735 1125 797 p.
1172 710 1323 791 480.
1384 710 1506 773 πός
1559 703 1836 787 λέγωμεν
1892 700 2001 767 ubi
2058 700 2161 766 alii
2219 701 2497 785 λέγομεν.
2603 699 2746 765 Vid.

1064 811 1328 879 Heindf.
1357 808 1439 874 ad
1468 826 1612 873 eum
1643 805 1962 894 dialogum
1992 828 2059 893 p.
2079 807 2184 892 63.
2212 820 2276 870 et
2304 827 2369 892 p.
2396 824 2532 888 109.
2564 818 2627 868 et
2667 802 2749 868 ad

1066 917 1314 982 Theaet.
1346 936 1412 1002 p.
1435 932 1585 994 441.
1617 909 1725 975 sed
1756 909 1839 974 cf.
1876 906 2170 974 Matthiae
2200 908 2315 972 Gr.
2348 908 2464 972 Gr.
2501 908 2564 990 ξ.
2593 908 2747 992 516.

1062 1034 1190 1085 not.
1225 1037 1284 1083 2.
1373 1013 1565 1081 Adde
1601 1012 1682 1077 de
1720 1036 1838 1077 usu
1871 1011 2101 1078 Futuri
2142 1010 2204 1075 in
2249 1009 2611 1100 hujusmodi
2653 1009 2746 1074 in-

1063 1117 1582 1209 terrogationibus
1612 1119 1779 1181 Acta
1809 1112 2052 1179 Philoll.
2085 1115 2375 1179 Monacc.
2409 1115 2464 1178 I.
2500 1137 2568 1200 p.
2604 1130 2749 1198 232.

1060 1246 1216 1417 ηιξ).
1244 1344 1428 1401 1012,
1452 1341 1548 1411 15.
1580 1327 1651 1403 τῇ
1684 1324 1752 1388 ἐν
1779 1326 1859 1409 τῷ
1899 1324 2027 1387 ὄντι
2072 1321 2220 1404 πρὸς
2260 1323 2416 1386 ἄλλο
2455 1320 2746 1407 γειτονία]

1066 1435 1211 1497 Hoc
1239 1453 1316 1496 ex
1347 1428 1518 1494 libris
1544 1425 1828 1515 plurimis
1854 1424 2080 1514 recepi.
2169 1422 2354 1503 Quod
2391 1445 2609 1506 margo
2637 1444 2744 1486 ex·

1063 1536 1255 1611 hibet,
1299 1532 1611 1617 γειτονεία,
1657 1527 1831 1593 nihili
1876 1544 1992 1593 est.
2085 1527 2261 1610 (Vid.
2295 1526 2516 1614 Stepb.
2549 1524 2747 1590 Thes.

1063 1662 1130 1727 p.
1166 1638 1351 1702 2886.
1396 1634 1495 1699 ed.
1531 1632 1804 1698 Londin.
1913 1632 2073 1695 Mox
2120 1629 2198 1695 ad
2250 1626 2750 1708 διακονησαμένης

1064 1741 1290 1808 adhibe
1335 1739 1570 1804 Thom.
1601 1735 1861 1823 Magist.
1910 1756 1973 1822 p.
2009 1736 2153 1798 216.
2229 1730 2642 1817 Oudendorp.
2687 1744 2750 1793 et

1066 1842 1368 1911 Bernard.
1414 1841 1762 1905 Aristaenet.
1810 1837 2018 1924 Epist.
2051 1837 2152 1901 ΙΙ.
2185 1852 2245 1917 7.
2293 1858 2354 1922 p.
2392 1854 2531 1916 149.
2569 1831 2746 1896 Bois-

1063 1970 1192 2013 son.
1217 1973 1231 2013 z
1280 1942 1697 2024 διακονουμένη
1742 1944 1857 2024 γὰρ
1899 1942 2124 2023 ἀμφοῖν
2149 1942 2224 2003 τὰ
2251 1941 2533 2003 δοκοῦντα
2576 1952 2639 2001 et
2682 1958 2746 2021 p.

1071 2072 1226 2138 150:
1275 2052 1329 2115 εί
1354 2046 1760 2129 βούλει-ἐμὲ
1803 2041 2198 2125 συμπράττειν
2226 2042 2321 2105 καὶ
2350 2038 2756 2105 διακονεῖσθαί

1063 2182 1162 2220 σοι
1189 2153 1373 2219 πάλιν
1399 2152 1725 2233 προθύμως.
1774 2145 1875 2212 Cf.
1907 2145 2090 2210 etiam
2122 2142 2388 2208 Dorvill.
2421 2142 2504 2207 ad
2533 2139 2751 2206 Chari-

1064 2273 1191 2322 ton.
1206 2256 1411 2320 VIII.
1430 2254 1488 2316 8.
1518 2276 1581 2340 p.
1603 2252 1747 2331 641.
1778 2249 1875 2315 ed.
1897 2249 2077 2337 Lips.
2105 2244 2195 2335 [p.
2220 2264 2364 2328 720.
2388 2245 2486 2311 ed.
2510 2245 2745 2332 Amst.]

1065 2363 1355 2426 Fortasse
1381 2370 1521 2446 post
1551 2352 1788 2419 verba
1756 2381 1794 2434 η
1814 2358 2014 2438 ψυχῆς
2041 2379 2200 2421 τινος
2229 2349 2464 2438 aliquid
2495 2349 2743 2415 excidit.

1065 2466 1143 2530 In
1175 2461 1575 2550 sequentibus
1600 2457 1922 2523 lectionem
1958 2454 2253 2543 marginis
2281 2453 2485 2519 ubivis
2513 2452 2744 2540 recepi-

1063 2589 1226 2645 mus,
1271 2575 1490 2652 utpote
1535 2559 1709 2626 libris
1755 2556 2281 2646 adstipulantibus
2330 2573 2394 2621 et
2446 2555 2749 2621 sententia

1063 2670 1196 2758 ipsa
1222 2691 1355 2733 eam
1387 2661 1879 2731 commendante.

1149 2793 1211 2857 p.
1254 2787 1436 2848 1014,
1470 2785 1529 2830 2.
1575 2769 2022 2846 μετεωροπορεῖ,
2054 2763 2222 2845 φησὶ,
2271 2762 2366 2826 καὶ
2406 2761 2601 2826 πάντα
2642 2761 2751 2826 τὸν

1065 2872 1288 2952 κόσμον
1315 2868 1550 2956 διοικεῖ]
1584 2866 1768 2931 Plato
1795 2865 2085 2929 nimirum
2116 2865 2177 2929 in
2209 2863 2480 2929 Phoedro
2510 2887 2574 2952 p.
2599 2866 2745 2946 246.

1064 2975 1126 3037 b.
1148 2997 1205 3037 c.
1298 2972 1541 3035 Locum
1582 2968 1751 3031 hunc
1788 2989 1977 3053 supra
2006 2964 2263 3031 tractavi
2290 2965 2370 3029 ad
2401 2988 2465 3053 p.
2484 2969 2634 3051 376.
2658 2967 2743 3030 G.

1063 3092 1126 3141 et
1155 3098 1220 3163 p.
1246 3091 1397 3156 470.
1423 3074 1517 3147 (ἒς
1565 3069 1674 3134 ubi
1702 3068 1952 3135 consule
1980 3083 2215 3133 annott.

1148 3215 1234 3227 —
1260 3196 1325 3262 5.
1376 3176 1414 3254 ἡ
1462 3172 2008 3257 γῆ-στρογγύλη]
2065 3168 2427 3235 Rotundam
2481 3170 2745 3258 figuram

1065 3297 1267 3360 terrae,
1308 3300 1499 3366 quam
1542 3273 2005 3365 quodammodo
2046 3272 2343 3340 deriserat
2383 3273 2750 3340 Herodotus

1066 3385 1218 3466 (IV.
1234 3383 1373 3469 36.)
1399 3396 1463 3445 et
1487 3378 1854 3446 Aristoteles
1878 3375 2317 3463 (Meteorolog.
2346 3378 2446 3442 11.
2463 3394 2524 3462 5.
2554 3400 2619 3464 p.
2636 3396 2744 3464 55.

1065 3486 1392 3577 Sylburg.)
1453 3481 1742 3549 Socratici
1802 3480 2053 3569 plurimi
2113 3480 2398 3546 statuisse
2452 3479 2750 3545 dicuntur

1067 3587 1416 3672 (Cleomed.
1458 3589 1730 3652 Meteor.
1761 3586 1964 3650 VIII.
2010 3608 2076 3673 p.
2105 3603 2212 3666 40.
2258 3609 2324 3673 p.
2355 3605 2462 3670 51.
2511 3583 2747 3669 Bakii).

1060 3692 1349 3759 Eandem
1393 3689 1757 3757 sententiam
1802 3701 2017 3754 tuetur
2045 3686 2350 3754 Claudius
2391 3687 2494 3752 ille
2536 3688 2747 3754 Ptole-

1060 3819 1257 3862 maeus
1298 3816 1442 3860 cum
1471 3794 1534 3857 in
1569 3799 1808 3877 Μεγαλ.
1840 3799 2090 3873 Συνταξ.
2133 3792 2262 3857 sive
2301 3791 2653 3878 Almagest.
2688 3794 2744 3858 I.

1058 3916 1197 3964 tum
1256 3899 1318 3962 in
1379 3896 1739 3984 Geograph.
1777 3896 1831 3959 I.
1864 3914 1926 3977 7.
1991 3896 2244 3980 V11.5.
2302 3893 2384 3959 cf.
2428 3894 2748 3960 Mannerti

1064 4005 1301 4089 Geogr.
1325 4000 1560 4064 Graecc.
1592 4015 1656 4063 et
1685 3999 1931 4063 Romm.
1959 3999 2017 4063 I.
2048 4021 2108 4086 p.
2139 4018 2277 4079 144.
2301 4021 2436 4084 sqq.
2484 3996 2744 4063 Uckert.

1063 4107 1299 4193 Geogr.
1336 4104 1576 4168 Graecc.
1612 4117 1676 4166 et
1705 4101 1950 4166 Romm.
1988 4102 2046 4165 Ι.
2091 4124 2154 4188 p.
2191 4120 2335 4185 299.
2380 4115 2445 4164 et
2490 4099 2749 4165 Sickleri

1066 4204 1473 4273 Enchiridion
1508 4204 1868 4291 Geograph.
1903 4206 2063 4268 Ant.
2092 4226 2159 4290 p.
2186 4204 2478 4283 XLIV.)
2545 4204 2750 4292 Cujus

1064 4310 1180 4374 viri
1211 4308 1544 4374 auctoritas
1576 4307 1715 4373 licet
1737 4308 1869 4396 jam
1902 4306 2085 4371 tertio
2113 4305 2359 4384 saecuIO,
2389 4330 2518 4393 quo
2552 4306 2745 4371 Ploti-

1066 4437 1183 4478 nus
1213 4412 1443 4489 floruit,
1474 4434 1815 4499 permagna
1842 4425 2019 4488 esset,
2055 4410 2222 4474 hunc
2250 4427 2452 4474 tamen
2482 4409 2751 4497 philoso-

1063 4517 1258 4604 phum
1295 4514 1757 4580 Platonicorum
1790 4529 2068 4578 veterum
2101 4512 2327 4600 placita
2355 4513 2470 4577 hac
2499 4535 2751 4601 quoque

1062 4619 1125 4682 in
1172 4642 1238 4682 re
1281 4631 1559 4682 secutum
1599 4615 2189 4682 crediderim.—Ad
2221 4615 2537 4702 proxima:
2591 4617 2686 4680 καὶ
2714 4619 2748 4680 ὁ

1062 4721 1237 4801 λοξὸς
1272 4720 1351 4785 cf.
1398 4719 1601 4783 locum
1648 4718 1963 4806 geminum
2001 4719 2100 4782 ΙΙ.
2134 4740 2196 4802 9.
2236 4738 2329 4782 12.
2385 4742 2447 4806 p.
2488 4737 2632 4784 211.
2666 4719 2744 4784 B.

1062 4823 1212 4910 ibiq.
1246 4838 1457 4887 annot.
1487 4821 1564 4885 ad
1601 4822 1788 4886 verba
1815 4819 2066 4901 λόξωσις
2093 4827 2210 4886 τῶν
2235 4822 2475 4898 (ωδίων.

1146 4963 1232 4975 -
1256 4942 1314 5006 7.
1363 4928 1467 4989 τοῦ
1508 4924 2089 5007 συλλογισμοῦ-τὸ
2135 4925 2749 5007 συμπέρασμα-τῶν

1060 5025 1454 5112 προτάσεων]
1515 5026 1614 5090 Cf.
1650 5025 1902 5091 Ocellus
1932 5026 2176 5090 Lucan.
2210 5027 2267 5090 I.
2297 5047 2358 5111 3.
2422 5028 2745 5092 Aristotel.

1063 5129 1322 5196 Elench.
1373 5127 1643 5215 Sophist.
1682 5129 1739 5193 I.
1779 5149 1877 5210 14.
1921 5151 1987 5215 p.
2020 5150 2172 5209 444.
2214 5128 2386 5214 Sylb.
2481 5130 2744 5208 Quintil.

1066 5235 1223 5298 Inst.
1256 5233 1434 5296 Orat.
1470 5232 1543 5295 V.
1586 5251 1651 5311 4.
1730 5231 1980 5295 Ernesti
2028 5232 2190 5296 Lex.
2224 5231 2529 5297 Technol.
2563 5234 2745 5298 Grae-

1061 5360 1214 5401 corr.
1249 5334 1507 5399 Rhetor.
1552 5355 1617 5420 p.
1646 5351 1791 5418 325.
1882 5332 2075 5397 Adde
2120 5333 2410 5398 Proclum
2441 5334 2502 5398 in
2537 5335 2745 5399 Alcib.

1061 5461 1158 5525 pr.
1203 5460 1268 5525 p.
1299 5457 1445 5525 303.
1476 5450 1539 5501 et
1568 5434 2001 5525 Olympiodor.
2033 5436 2095 5500 in
2127 5437 2312 5502 eund.
2346 5461 2405 5525 p.
2432 5459 2534 5524 99.
2570 5455 2631 5502 et
2661 5439 2744 5504 cf.

1058 5541 1271 5629 ipsum
1301 5556 1578 5605 nostrum
1609 5538 1770 5603 infra
1799 5539 1920 5603 VI.
1951 5558 2011 5624 7.
2051 5560 2103 5604 1.
2139 5562 2201 5626 p.
2226 5543 2372 5627 693.
2403 5545 2486 5606 A.

2036 527 2858 595 ANNOTATIONES

2927 528 3041 592 IN
3107 524 3560 591 PLOTINI

2905 724 2969 787 p.
2997 716 3261 786 1015,4.
3297 699 3411 764 Διὸ
3442 699 3537 763 καὶ
3568 697 3829 764 Πλάτων
3856 726 3910 765 κ.
3930 724 3985 763 τ.
4014 705 4230 765 λ.-εῑ
4258 698 4401 763 infr.
4423 701 4477 766 C
4502 726 4517 764 ε

2836 804 2966 870 εἶπε
2993 807 3109 887 γὰρ
3136 801 3371 886 ἠγάσθη
3391 802 3973 890 τε-άφομοιῶσαι.]
4001 801 4178 867 Plato
4199 801 4263 866 in
4284 803 4527 869 Timaeo

2835 931 2896 994 p.
2921 924 3026 993 37.
3061 929 3127 994 p.
3152 907 3256 991 36.
3293 904 3531 969 Bekk.:
3581 906 3658 973 ὥς
3700 907 3765 969 δὲ
3810 907 4046 985 κινηθὲν
4089 908 4231 973 αὐτὸ
4277 909 4372 973 καὶ
4413 916 4529 987 (ὢν

2838 1012 3119 1091 ἐνενόησε
3147 1014 3265 1074 τῶν
3288 1011 3491 1074 ἀϊδίων
3519 1014 3672 1074 θεῶν
3698 1008 3950 1092 γεγονὸς
3979 1010 4222 1091 ἄγαλμα
4250 1014 4285 1076 ὅ
4315 1014 4525 1095 γευμή-

2838 1140 2951 1182 σας
2975 1113 3185 1195 πατὴρ,
3215 1112 3452 1195 ἠγάσθη
3480 1137 3548 1176 τε
3576 1112 3671 1176 καὶ
3700 1113 4049 1195 εὖφρανθεὶς
4076 1113 4163 1178 ἔτι
4192 1116 4263 1195 δὴ
4287 1120 4526 1195 μᾶλλον

2836 1218 3042 1298 ὅμοιον
3084 1216 3230 1298 πρὸς
3272 1215 3341 1280 τὸ
3389 1214 3761 1298 παράδειγμα
3806 1215 4138 1296 ἐπενόησεν
4180 1218 4521 1301 ἆπεργάσα·

2838 1324 2997 1385 σθαι.
3090 1319 3282 1384 Unde
3329 1318 3698 1406 intelligitur
3742 1318 4062 1383 Plotinum
4114 1342 4239 1385 non
4297 1345 4521 1410 usque-

2836 1445 3091 1509 quaque
3118 1422 3198 1487 ad
3227 1422 3484 1487 verbum
3518 1421 3746 1486 referre
3773 1420 3976 1486 locum
4011 1422 4311 1490 Platonis.
4381 1428 4521 1491 Me·

2834 1525 3088 1590 moriter
3147 1525 3290 1589 item
3367 1523 3585 1589 laudat
3658 1523 4013 1612 Simplicius
4073 1524 4136 1590 in
4197 1527 4519 1595 Aristotel.

2837 1629 3058 1716 Physs.
3096 1629 3208 1693 IV.
3248 1629 3388 1693 166.
3422 1643 3484 1692 et
3518 1628 3663 1713 265.
3713 1627 3990 1693 Exhibet
4019 1629 4203 1694 etiam
4236 1631 4525 1697 Stobaeus

2835 1731 2896 1796 in
2932 1731 3196 1819 Eclogg.
3231 1730 3453 1819 Physs.
3488 1731 3544 1794 I.
3584 1729 3725 1795 268.
3788 1730 3893 1795 Cf.
3925 1731 4220 1797 Lindavii
4252 1736 4519 1801 Annott.

2834 1834 2896 1898 in
2934 1833 3088 1899 Plat.
3118 1833 3161 1897 l.
3184 1833 3223 1897 l.
3255 1834 3366 1920 qui
3400 1831 3717 1897 Plotinum
3748 1848 4028 1898 nostrum
4061 1857 4183 1899 non
4228 1837 4519 1925 neglexit.

2838 1937 2995 2002 Mox
3048 1960 3165 2025 pro
3216 1935 3653 2019 ἑνεργεστέρων
3704 1935 3959 2001 Ficinus
4007 1937 4259 2003 videtur
4307 1939 4525 2029 legisse

2834 2040 3298 2124 ἐναργεστέρων.
3381 2038 3562 2104 Libri
3592 2062 3716 2104 non
3749 2039 4008 2105 variant.

2930 2181 3016 2194 —
3053 2161 3154 2227 17.
3203 2145 3346 2208 ὅθεν
3388 2144 3493 2208 οὐκ
3542 2144 3728 2225 ὀρθῶς
3774 2146 3833 2208 ot
3879 2148 4253 2227 μεμφόμενοι
4303 2149 4518 2236 τούτῳ]

2837 2247 3168 2312 Gnostioos
3197 2245 3585 2311 Manichaeos
3621 2245 3844 2333 tangit,
3871 2262 3934 2311 et
3963 2248 4074 2335 qui
4103 2250 4323 2336 reliqui
4357 2252 4524 2317 bunc

2837 2350 3158 2415 Mundum
3187 2348 3474 2437 pulcrum
3506 2348 3871 2437 bonumque
3901 2351 4248 2438 negabant3
4282 2352 4362 2417 de
4389 2354 4530 2440 qui-

2832 2455 2956 2521 bus
2997 2477 3185 2541 supra
3213 2452 3483 2516 vidimus
3525 2451 3586 2515 in
3628 2452 4161 2518 Annotationibus
4201 2454 4282 2519 ad
4335 2455 4525 2544 hujus

2834 2555 3184 2645 argumenti
3213 2554 3423 2621 libros.

2923 2685 2990 2750 p.
3024 2664 3207 2738 1016,
3240 2662 3297 2725 6.
3334 2659 3539 2724 Ἔστω
3580 2660 3687 2724 οὖν
3717 2661 3785 2724 ἐν
3812 2663 3882 2740 τῇ
3924 2663 4096 2743 ψυχῇ
4139 2662 4399 2743 φωτεινή
4440 2688 4526 2730 τις

2837 2764 3144 2847 φαντασία
3175 2791 3226 2828 κ.
3248 2788 3302 2826 τ.
3326 2763 3423 2850 λ.]
3461 2763 3704 2826 Rursus
3731 2761 4098 2827 obversatur
4122 2763 4185 2828 h.
4207 2764 4250 2828 l.
4275 2764 4527 2844 Plotino

2836 2865 2991 2932 illud
3025 2866 3303 2932 Platonis
3330 2866 3391 2929 in
3425 2864 3746 2930 Phoedone
3787 2887 3850 2953 p.
3889 2886 4048 2952 113:
4098 2868 4290 2947 θέαμα
4332 2868 4521 2933 εὔδαι-

2833 2972 3032 3051 μόνων
3061 2976 3304 3036 θεατῶν.
3396 2968 3536 3032 Vid.
3583 2990 3752 3054 supr.
3797 2990 3859 3055 p.
3890 2972 4043 3055 546.
4077 2970 4154 3034 B.
4192 2970 4521 3035 Iamblich.

2837 3075 3105 3161 Myster.
3137 3073 3403 3160 AEgypt.
3442 3074 3499 3137 Ι.
3542 3091 3640 3137 12.
3672 3094 3738 3159 p.
3765 3090 3882 3156 23:
3934 3076 4141 3151 Δῆλον
4175 3075 4240 3136 δὲ
4284 3076 4379 3139 καὶ
4423 3073 4520 3138 ἀπ’

2833 3177 3027 3241 αὐτῶν
3055 3182 3172 3241 τῶν
3202 3178 3391 3259 ἔργων
3421 3175 3453 3239 ὃ
3485 3176 3618 3240 νυνί
3642 3182 3844 3258 φαμεν
3870 3174 4022 3239 εἶναι
4047 3179 4148 3255 τῆς
4174 3180 4375 3259 ψυχῆς
4403 3203 4519 3241 σω-

2834 3278 3051 3361 τήρων.
3104 3281 3172 3343 ἐν
3209 3282 3324 3362 γὰρ
3366 3282 3445 3366 τῷ
3489 3282 3732 3360 θεωρεῖν
3769 3280 3844 3343 τὰ
3884 3277 4140 3361 μακάρια
4183 3278 4445 3361 θεάματα
4485 3282 4523 3361 ἡ

2833 3382 3005 3467 ψυχὴ
3032 3384 3228 3462 ἄλλην
3253 3383 3406 3462 ζωὴν
3434 3381 3790 3447 ἀλλάττεται
3820 3409 3872 3446 κ.
3893 3407 3946 3444 τ.
3968 3390 4030 3444 λ.
4075 3380 4154 3445 ad
4196 3405 4384 3469 quem
4430 3383 4521 3448 lo-

2833 3508 2975 3550 cum
3010 3485 3248 3551 Galeus
3275 3509 3339 3573 p.
3367 3489 3525 3567 196:
3575 3493 3619 3525 ‘⁴
3653 3487 3841 3549 Hanc
3870 3484 4135 3549 animam
4182 3485 4344 3550 infra
4388 3492 4518 3552 θεο-

2833 3589 3042 3669 πτικῆν
3071 3604 3251 3653 vocat
3282 3587 3788 3671 (lamblichus).”
3870 3587 4118 3651 Deinde
4161 3603 4225 3651 et
4266 3588 4418 3652 alios
4459 3605 4523 3654 et

2834 3691 3002 3756 hunc
3050 3691 3255 3779 ipsum
3311 3691 3543 3756 Plotini
3594 3691 3796 3755 locum
3850 3690 4134 3755 advocat.
4235 3691 4524 3757 Clemens

2837 3795 3016 3860 Alex.
3049 3799 3278 3861 Strom.
3303 3797 3377 3860 V.
3410 3818 3475 3882 p.
3501 3814 3646 3881 732.
3679 3795 3951 3858 Potteri:
3985 3797 4086 3859 ὅτε
4116 3796 4229 3860 σὺν
4254 3798 4517 3883 μακαρίῳ

2833 3904 2993 3986 χορῷ
3023 3903 3170 3964 κατὰ
3195 3899 3302 3963 τὸν
3322 3898 3643 3972 Πλάτωνα,
3672 3899 3967 3979 μακαρίαν
3985 3900 4135 3981 ὄψιν
4155 3924 4220 3962 τε
4249 3900 4344 3963 καὶ
4374 3901 4520 3965 θέαν

2837 4005 3297 4082 ἑποπτεύσομεν,
3331 4004 3607 4081 ἑπόμενοι
3635 4003 3785 4081 μετὰ
3808 4002 3922 4080 μὲν
3953 4001 4096 4068 Διὸς
4127 4001 4309 4081 ἡμεῖς,
4343 4003 4521 4067 ἄλλοι

2835 4108 2900 4170 δὲ
2942 4105 3065 4186 μετ’
3095 4108 3301 4171 ἄλλων
3330 4110 3500 4178 θεῶν,
3531 4104 3798 4182 τελετὴν,
3828 4101 3865 4184 ᾖ
3895 4103 4058 4183 θέμις
4097 4105 4303 4186 λέγειν
4330 4130 4515 4184 μακα-

2832 4208 3121 4291 ριωτάτην
3147 4211 3507 4288 τελούμενοι.
3555 4207 3657 4272 Cf.
3686 4206 3898 4270 Nostri
3927 4230 4061 4295 cap.
4095 4229 4360 4293 sequens
4386 4206 4517 4271 init.

2831 4335 2897 4399 p.
2930 4330 3080 4397 551.
3111 4313 3202 4375 A.

2904 4436 3105 4500 —13.
3136 4418 3285 4494 μετὰ
3309 4414 3549 4479 πάντων
3577 4420 3696 4479 τῶν
3725 4416 3793 4478 ἐν
3820 4413 3974 4500 αὐτῷ
4004 4418 4174 4488 θεῶν,
4203 4416 4286 4482 εἷς
4312 4415 4396 4479 ὢν
4426 4416 4522 4479 καὶ

2833 4517 3369 4597 πάντες-μᾶλλον
3396 4518 3461 4580 δὲ
3486 4518 3520 4580 ὁ
3552 4518 3633 4584 εἶς
3659 4517 3876 4585 πάντες
3901 4531 3964 4580 et
3994 4516 4154 4581 infra
4187 4519 4246 4581 Ε
4262 4517 4523 4600 ε-μέγα

2832 4622 2945 4702 μὲν
2988 4621 3095 4685 οὖν
3135 4620 3229 4684 καὶ
3272 4621 3373 4684 ὅδε
3412 4622 3445 4683 ὁ
3481 4619 3745 4702 οὐρανὸς,
3785 4621 3881 4684 καὶ
3924 4622 3986 4684 αἱ
4032 4622 4099 4684 ἐν
4137 4621 4289 4707 αὐτῷ
4332 4626 4522 4685 πᾶσαι

2835 4722 3105 4802 δυνάμεις
3145 4722 3338 4806 ὁμοΰ.]
3394 4720 3583 4786 Color
3626 4720 3838 4785 similis
3878 4720 4123 4786 illorum
4170 4722 4231 4785 in
4278 4722 4516 4809 Epino-

2835 4824 3001 4889 mide
3028 4824 3188 4890 inter
3212 4824 3554 4888 Platonicos
3580 4823 3859 4911 dialogos
3880 4847 3945 4912 p.
3967 4843 4112 4908 977.
4132 4847 4189 4888 a.
4206 4825 4269 4889 b.
4290 4847 4350 4911 p.
4369 4828 4517 4910 346.

2834 4927 3034 4992 Bekk.
3057 4929 3298 4991 ε-τίνα
3326 4927 3395 5006 δὴ
3426 4928 3525 4992 καὶ
3553 4930 3861 5009 σεμνύνων
3889 4930 4034 4992 ποτὲ
4081 4927 4242 5009 λέγω
4284 4929 4440 5003 θεὸν,
4473 4927 4520 4993 ὦ

2835 5031 3113 5113 Μέγιλλε
3156 5056 3222 5094 τε
3269 5031 3362 5094 καὶ
3404 5031 3690 5105 Κλεινίας
3742 5030 3967 5113 σχεδὸν
4009 5031 4266 5112 οὐρανὸν
4309 5030 4380 5095 ὃν
4427 5033 4523 5095 καὶ

2835 5136 3218 5211 δικαιότατον,
3248 5135 3325 5200 ὡς
3357 5135 3684 5212 ξύμπαντες
3724 5134 3904 5197 ἄλλοι
3947 5134 4219 5212 δαίμονες
4261 5134 4381 5213 ἅμα
4425 5135 4521 5198 καὶ

2834 5238 2978 5310 θεοὶ,
3003 5241 3178 5320 τιμᾷν
3201 5261 3267 5300 τε
3298 5237 3393 5299 καὶ
3418 5238 3699 5319 εὔχεσθαι
3728 5237 4123 5318 διαφερόντως
4150 5236 4523 5322 αὐτᾷ-ἐὰν

2832 5342 2948 5422 γὰρ
2976 5342 3033 5418 ἴῃ
3062 5364 3149 5406 τις
3178 5340 3275 5403 ἐπὶ
3305 5339 3542 5419 θεορίαν
3570 5338 3751 5419 ὀρθὴν
3777 5336 3887 5415 τὴν
3914 5340 4103 5411 τοῦδε,
4136 5339 4257 5401 εἴτε
4295 5336 4522 5417 κόσμον

2833 5445 2951 5507 εἴτε
2969 5440 3289 5520 ’Όλυμπον
3318 5444 3433 5504 εἴτε
3463 5439 3716 5522 οὐρανὸν
3746 5440 3814 5503 ἐν
3839 5440 4020 5519 ἡδονῇ
4049 5443 4128 5525 τῷ
4155 5439 4382 5522 λέγειν,
4414 5448 4516 5505 λε·

2832 5542 2984 5623 γε’τω
3012 5545 3142 5621 μὲν,
3176 5544 3567 5607 ἀκολουθείτω
3608 5543 3673 5606 δὲ
3711 5543 3825 5622 ὅπη
3860 5543 4185 5607 ποικίλλων
4213 5544 4395 5610 αὑτὸν
4427 5548 4523 5609 καὶ
