5118 6613
1654 575 1972 641 INDEX
2017 576 2365 641 RERUM
2411 577 2540 641 ET
2586 578 3138 644 VERBORUM.

650 752 846 812 formoe
873 763 1143 832 separatoe
1170 770 1272 809 cur
1298 769 1412 808 non
1440 748 1749 809 dissolvan-

730 846 825 893 tur
1406 832 1522 890 Fic.
1554 852 1610 910 p.
1643 850 1745 907 131

649 915 847 974 sormoe
909 932 1096 972 rerum
1150 912 1209 971 in
1269 912 1452 992 prima
1509 913 1754 972 essentia

669 1013 675 1019 ·
729 995 1020 1074 quomodo
1048 1007 1349 1054 teneantur
1632 997 1754 1068 614

649 1077 847 1137 formae
887 1076 946 1135 in
989 1075 1353 1135 intellectuali
1398 1075 1611 1134 mundo
1643 1076 1750 1134 dif-

727 1158 971 1217 ferentes
1403 1156 1524 1215 Fic.
1551 1177 1608 1234 p.
1637 1158 1753 1232 269

646 1240 842 1299 formae
876 1258 1062 1297 rerum
1091 1238 1350 1297 omnium
1378 1238 1664 1316 quomodo
1693 1237 1750 1296 in

729 1320 872 1380 caelo
1630 1320 1750 1378 680

649 1401 846 1461 formae
892 1419 1082 1459 rerum
1120 1400 1180 1488 in
1221 1400 1414 1460 oculos
1455 1401 1752 1460 incurrunt

1380 1481 1522 1541 Fic.
1555 1502 1609 1560 p.
1628 1481 1744 1557 683

648 1563 842 1622 formae
871 1562 1124 1642 duplices
1437 1562 1560 1622 Fic.
1589 1584 1646 1643 p.
1668 1579 1744 1640 52

644 1645 842 1703 formae
904 1643 1306 1712 substantialis,
1363 1644 1743 1714 accidentalis,

727 1725 1084 1804 quantitatis,
1133 1739 1322 1783 motus
1369 1737 1429 1784 et
1476 1724 1749 1804 temporis

724 1807 954 1866 collatio
1633 1822 1746 1881 207

643 1887 839 1946 fo'rmae
866 1889 1032 1966 hujus
1051 1900 1111 1948 et
1128 1887 1522 1947 intellectualis
1551 1887 1747 1947 mundi

726 1984 789 2027 ut
815 1968 1077 2028 differant
1395 1969 1518 2028 Fic.
1548 1990 1604 2048 p.
1631 1987 1746 2044 270

645 2050 838 2109 sormae
875 2051 961 2110 hae
999 2053 1071 2109 ab
1099 2048 1547 2129 intelligibilibus
1584 2051 1745 2108 diffe-

727 2144 861 2190 runt
1633 2133 1745 2190 160

644 2212 841 2271 formae
880 2211 1170 2272 sensibiles
1211 2232 1312 2271 cur
1340 2232 1456 2270 non
1488 2212 1748 2271 dicantur

725 2292 881 2353 entia
1396 2295 1512 2352 Fic.
1543 2314 1600 2371 p.
1627 2311 1741 2371 547

644 2374 840 2433 formae
888 2387 1160 2453 separatas
1200 2376 1488 2452 quomodo
1528 2375 1645 2433 sint
1684 2374 1742 2433 in

726 2456 1020 2515 intellectu
1624 2458 1742 2515 602

645 2536 840 2596 formae
869 2557 1054 2597 rerum
1078 2537 1365 2614 quomodo
1387 2538 1597 2596 distent
1623 2539 1743 2611 408

646 2617 839 2677 formae
883 2639 1009 2697 quae
1051 2618 1240 2676 anima
1283 2619 1477 2677 mundi
1520 2632 1672 2685 sunt,
1711 2638 1746 2676 a

724 2699 928 2777 quibus
956 2699 1150 2759 formis
1179 2700 1464 2777 pendeant
1628 2700 1744 2776 556

641 2780 835 2839 formae
863 2802 986 2858 quae
1015 2780 1074 2839 in
1102 2782 1338 2838 materia
1377 2794 1529 2851 sunt,
1558 2801 1592 2839 a
1618 2781 1744 2859 qui-

723 2862 826 2919 bus
855 2860 1048 2920 formis
1078 2863 1362 2939 pendeant
1658 2864 1740 2921 ib.

639 2943 835 3002 formae
857 2943 1045 3001 animo
1063 2943 1345 3021 impressoe
1369 2963 1482 3001 non
1511 2957 1744 3002 manent

638 3106 821 3165 forma
860 3104 1241 3165 substantialis
1281 3105 1569 3184 quomodo
1610 3042 1744 3185 :g314t

1395 3187 1511 3245 Fic.
1543 3208 1597 3265 p.
1621 3188 1741 3245 626

640 3268 835 3327 formae
863 3266 1100 3348 proprioe
1125 3287 1194 3328 ex
1217 3267 1400 3348 primo
1421 3269 1741 3329 ordinatore

719 3351 1034 3429 procedunt
1395 3352 1509 3410 Fic.
1543 3372 1599 3429 p.
1618 3368 1734 3426 447

638 3432 836 3492 formae
896 3452 1080 3491 rerum
1140 3452 1239 3491 cur
1302 3432 1741 3510 multiplicentur

636 3514 869 3653 forffigd
877 3533 1196 3653 ggeeriales
1222 3614 1256 3653 a
1283 3515 1740 3735 seps-:ictispdi'flqeg

719 3690 852 3735 runt
1661 3693 1693 3752 7

637 3757 943 3817 formarum
973 3776 1165 3836 pugna
1192 3755 1344 3814 unde
1395 3755 1511 3814 Fic.
1543 3777 1597 3850 p.
1623 3775 1729 3832 13¹

635 3839 944 3898 formarum
966 3839 1215 3897 defectus
1246 3837 1396 3895 unde
1423 3837 1735 3917 contingat,

715 3935 776 3979 et
803 3940 902 3998 per
927 3919 1060 3997 quid
1089 3932 1463 4013 cognoscatur
1615 3921 1732 3996 562

632 4000 975 4062 formarum
962 4000 1255 4079 impressio
1274 4020 1308 4059 a
1328 3999 1518 4058 divina
1542 4012 1735 4060 mente

712 4084 1085 4165 proficiscitur
1612 4099 1728 4157 407

631 4165 938 4225 formarum
965 4182 1172 4257 genera
1198 4163 1518 4256 quatuorF.
1535 4182 1593 4241 p.
1611 4180 1723 4239 451

631 4248 936 4306 formarum
963 4243 1261 4304 visibilium
1290 4243 1505 4302 vanitas
1610 4262 1730 4319 310

615 4329 936 4387 -formarum
1016 4324 1354 4384 naturalium
1423 4323 1730 4384 efficientes

712 4427 895 4468 causae
915 4406 1366 4465 etinstrumenta
1394 4407 1510 4464 Fic.
1528 4426 1587 4485 p.
1612 4423 1724 4481 207

628 4492 932 4550 formarum
963 4500 1224 4565 parentes
1249 4486 1345 4564 qui
1427 4488 1544 4546 Fic.
1574 4507 1628 4580 p.
1648 4506 1723 4563 93

627 4572 932 4631 formarum
973 4567 1411 4662 intelligibilium
1453 4582 1512 4627 et
1547 4568 1725 4627 visua-

707 4652 842 4712 lium
870 4649 1171 4708 discrimen
1373 4648 1494 4708 Fic.
1526 4669 1582 4726 p.
1611 4668 1717 4725 231

627 4734 936 4793 formarum
980 4730 1371 4790 distinctiones
1416 4732 1565 4790 unde

1369 4811 1495 4871 Fic.
1525 4834 1581 4890 p.
1605 4830 1717 4887 331

621 4897 926 4955 formarum
956 4892 1262 4954 caelestium
1301 4905 1360 4951 et
1398 4892 1724 4952 inferiorum

708 4974 999 5035 distinctio
1373 4974 1492 5033 Fic.
1525 4996 1580 5054 p.
1616 4993 1717 5049 131

621 5060 831 5119 formas
878 5076 1063 5115 rerum
1106 5055 1166 5115 in
1207 5055 1497 5115 intellectu
1538 5054 1724 5134 primo

700 5138 980 5199 contineri
1064 5136 1341 5197 Platonici
1424 5139 1722 5205 affirmant,

703 5218 1010 5279 Christiani
1042 5231 1254 5299 negant
1603 5218 1721 5294 560

618 5300 940 5362 formositas
968 5300 1102 5378 quid
1410 5299 1534 5358 Fic.
1564 5319 1622 5377 p.
1642 5317 1718 5376 93

618 5385 869 5443 formosa
892 5394 951 5441 et
976 5381 1249 5441 deformia
1267 5382 1420 5440 unde
1446 5381 1717 5459 originem

1366 5461 1487 5521 Fic.
1517 5482 1574 5541 p.
1603 5463 1719 5536 238

1363 5541 1487 5602 Fic.
1516 5565 1573 5622 p.
1599 5561 1632 5618 3
1641 5543 1718 5618 56

1641 5642 1716 5700 52

1522 5721 1610 5781 ¹5·
1642 5720 1716 5782 55

700 5465 910 5523 ducant

617 5544 985 5605 formositatis
1009 5541 1170 5622 origo

617 5628 929 5687 formosum
952 5644 1159 5703 corpus

613 5707 892 5769 fortitudo
919 5705 1053 5785 quid

1833 750 2108 809 fortitudo
2138 771 2251 809 non
2283 750 2546 811 convenit
2567 752 2697 811 Deo
2867 772 2888 811 1
2907 772 2929 809 1

1835 831 2186 891 fortitudinis
2214 835 2527 926 subjeetum
2863 832 2936 891 ib.

1834 913 2040 971 fortem
2069 933 2193 972 esse
2220 913 2359 991 quid
2865 933 2933 989 13

1833 994 2061 1053 fortuna
2101 994 2255 1054 illinc
2299 994 2655 1062 alienissima,
2700 997 2794 1053 ubi
2839 1015 2932 1053 ex-

1913 1074 2117 1134 istendi
2166 1077 2307 1135 ratio
2346 1096 2626 1155 causaque
2672 1076 2934 1136 intrinse-

1914 1176 2012 1216 cus
2039 1170 2362 1215 continetur

1831 1236 2059 1296 fortuna
2086 1238 2389 1296 multorum
2418 1239 2653 1298 domina
2818 1257 2929 1315 753

1832 1318 2059 1377 fortuna
2086 1339 2210 1399 quae
2238 1321 2377 1379 fiant
2580 1319 2701 1379 Fic.
2730 1339 2790 1396 p.
2813 1337 2931 1396 407

1830 1399 2057 1459 fortuna
2097 1400 2232 1478 quid
2275 1400 2504 1461 Plotino
2547 1400 2833 1480 significet·

2821 1174 2934 1233 752

2580 1482 2703 1541 Fic.
2735 1503 2790 1559 p.
2814 1501 2927 1555 40¹

1829 1562 2056 1621 fortuna
2094 1561 2153 1621 in
2196 1562 2488 1641 principiis
2529 1564 2681 1622 haud
2732 1581 2930 1621 nume-

1914 1644 2089 1703 randa
2574 1644 2698 1704 Fic.
2731 1664 2786 1722 p.
2813 1662 2931 1721 399

1830 1725 2055 1785 fortuna
2080 1724 2368 1784 servitutis
2392 1725 2544 1785 socia
2572 1726 2754 1784 ordini
2777 1739 2837 1785 et
2863 1726 2929 1784 li-

1910 1806 2109 1866 bertati
2141 1805 2449 1885 opponitur
2814 1825 2931 1883 740

1830 1888 2069 1945 fortunae
2078 1886 2330 1946 definitio
2339 1907 2405 1946 ex
2416 1888 2654 1947 Proculo
2666 1889 2729 1946 F.
2744 1909 2798 1966 p.
2811 1906 2926 1964 447

1828 1968 2071 2027 fortunae
2097 1968 2339 2027 ludibria
2817 1971 2930 2029 266

1826 2048 2069 2108 fortunae
2093 2050 2190 2129 qui
2217 2049 2414 2108 omnia
2452 2049 2801 2119 adscribunt,
2840 2050 2929 2108 in-

1908 2130 2067 2210 digni
2095 2144 2247 2202 suut,
2276 2145 2475 2190 contra
2502 2152 2649 2209 quos
2682 2132 2932 2212 disputa-

1908 2213 1991 2271 tio
2021 2211 2346 2271 instituatur
2811 2214 2926 2288 762

1825 2292 2070 2352 fortunis
2097 2293 2339 2353 adversis
2361 2292 2533 2372 pressi
2556 2295 2845 2372 quomodo
2867 2314 2929 2353 se

1904 2394 2096 2453 gerere
2122 2377 2369 2434 debeant
2812 2392 2882 2452 73
2894 2395 2925 2434 2

1824 2455 2053 2514 fortuita
2073 2458 2238 2515 nobis
2257 2457 2387 2514 Deo
2406 2454 2626 2534 provisa
2649 2457 2714 2515 F.
2736 2476 2792 2535 p.
2805 2473 2923 2532 447

1822 2537 2001 2615 frigus
2029 2536 2163 2616 quid
2808 2556 2923 2613 312

1821 2618 1995 2697 frigus
2022 2630 2081 2676 et
2106 2618 2329 2677 siccitas
2357 2637 2394 2675 a.
2412 2629 2558 2676 terra
2581 2617 2704 2676 Fic.
2727 2638 2786 2695 p.
2811 2637 2840 2675 2
2855 2638 2926 2694 14

1822 2699 1997 2777 frigus
2015 2713 2074 2758 et
2093 2699 2311 2760 siccitas
2331 2699 2621 2777 quomodo
2639 2699 2769 2758 vitae
2788 2719 2925 2759 con-

1904 2780 2087 2838 ferant
2845 2780 2924 2840 ib.

1823 2859 2022 2940 frigida
2052 2874 2251 2919 natura
2279 2860 2505 2939 stupida
2848 2865 2924 2938 78

1819 2941 2081 3022 frigidum
2103 2956 2163 3001 et
2183 2942 2395 3001 siccum
2423 2942 2763 3022 privationes
2790 2956 2927 3002 sunt

2571 3023 2695 3082 Fic.
2727 3045 2779 3102 p.
2810 3044 2927 3099 214

1819 3104 2148 3185 frigidorum
2175 3103 2392 3164 collisio
2433 3125 2535 3164 cur
2565 3107 2754 3184 ignem
2793 3125 2923 3184 pro-

1901 3198 2054 3245 creet
2574 3186 2698 3246 Fic.
2727 3208 2783 3266 p.
2814 3188 2923 3246 168

1820 3266 2010 3327 fruitio
2052 3267 2219 3347 primi
2262 3266 2396 3327 boni
2424 3280 2640 3347 quanta
2677 3289 2812 3329 cura
2851 3268 2927 3328 sit

1898 3350 2293 3429 amplectanda
2806 3352 2919 3427 767

1818 3431 1924 3490 frui
1954 3433 2085 3491 Deo
2112 3432 2248 3511 quid
2274 3431 2364 3500 sit,
2387 3444 2447 3490 et
2467 3433 2756 3510 quomodo
2782 3452 2922 3491 con·

1899 3513 2102 3593 tingat,
2129 3533 2349 3591 quaque
2379 3513 2595 3572 ratione
2805 3530 2915 3589 771

1817 3594 1953 3673 fuga
1977 3594 2222 3652 hominis
2247 3594 2381 3672 quid
2845 3595 2921 3670 76

1815 3675 1950 3753 fuga
1969 3680 2261 3753 cujusnam
2284 3674 2379 3742 sit,
2399 3673 2651 3733 animine
2671 3686 2915 3746 tantum,

1897 3776 1968 3814 an
1995 3755 2245 3834 corporis
2271 3756 2462 3824 etiam,
2492 3775 2565 3813 an
2596 3755 2757 3814 mixti
2887 3774 2909 3813 1

1816 3837 2005 3916 fugere
2033 3837 2163 3895 hinc
2190 3837 2324 3914 quid
2352 3837 2428 3895 sit
2598 3834 2726 3894 Fic.
2755 3856 2813 3916 p.
2846 3837 2915 3895 18

1816 3918 2004 3976 futura
2030 3938 2063 3976 a
2089 3917 2441 3997 pbilosophis
2460 3918 2749 3995 quomodo
2776 3938 2914 3996 prae-

1893 3999 2188 4057 videantur
2563 3997 2685 4055 Fic.
2716 4019 2772 4076 p.
2795 4017 2917 4074 444

1814 4079 2127 4138 futurorum
2157 4077 2405 4159 cognitio
2433 4077 2593 4138 utilis
2620 4079 2688 4138 F.
2719 4099 2776 4157 p.
2799 4082 2915 4140 226

2325 4242 2401 4301 G.

1808 4321 2170 4382 Geometrica
2193 4320 2465 4381 resolutio
2791 4324 2903 4399 481

1803 4403 2147 4484 geometrica
2175 4403 2538 4483 proportione
2579 4405 2770 4465 omnia
2807 4427 2911 4485 gu-

1891 4487 2203 4545 bernantur
2557 4486 2680 4546 Fic.
2711 4509 2766 4565 p.
2791 4506 2909 4563 450

1805 4566 2150 4647 geometrica
2171 4586 2284 4625 non
2307 4566 2660 4625 arithmetica
2678 4588 2910 4647 propor-

1889 4647 2044 4708 tione
2071 4647 2426 4726 providentia
2449 4649 2664 4727 gaudet
2831 4648 2906 4709 ib.

1804 4728 2272 4810 geonietricarum
2294 4727 2745 4808 propositionum
2767 4731 2909 4790 ordo

2555 4810 2680 4870 Fic.
2710 4832 2764 4888 p.
2788 4812 2903 4888 652

1804 4890 2095 4971 generatio
2122 4910 2235 4970 quo
2263 4891 2460 4949 tendat
2551 4891 2677 4951 Fic.
2709 4911 2764 4969 p.
2788 4895 2859 4968 65
2877 4913 2898 4951 1

1803 4974 2093 5052 generatio
2134 4971 2393 5031 animalis
2433 4975 2720 5051 quomodo
2762 4975 2861 5032 fiat

2558 5053 2683 5113 Fic.
2712 5075 2766 5132 p.
2794 5055 2908 5131 176

1802 5132 2092 5216 generatio
2118 5132 2447 5192 animalium
2478 5134 2628 5192 unde
2656 5136 2730 5194 sit
2787 5138 2905 5210 348

1799 5217 2089 5297 generatio
2135 5235 2319 5275 rerum
2368 5216 2440 5273 ab
2481 5216 2641 5274 omni
2683 5217 2904 5276 temeri-

1883 5309 2000 5355 tate
2026 5309 2246 5355 remota
2786 5313 2897 5374 541

1799 5376 2178 5457 generationis
2206 5389 2396 5436 motus
2422 5378 2493 5437 ad
2521 5391 2780 5437 naturam
2807 5399 2902 5459 ge·-

1883 5458 2112 5517 nitalem
2140 5460 2427 5536 quomodo
2453 5480 2514 5518 se
2544 5460 2749 5519 babeat
2784 5462 2900 5519 612

1798 5539 2178 5632 generationis
2205 5539 2528 5600 vicissitudo
2558 5541 2771 5599 mundo
2801 5562 2899 5599 ne-

1881 5619 2118 5680 cessaria
2544 5622 2670 5683 Fic.
2700 5643 2759 5702 p.
2781 5642 2891 5698 431

1799 5700 2181 5784 generationis
2204 5703 2488 5782 appetitus
2787 5722 2899 5782 292

4003 601 4133 668 429

3016 771 3292 832 generans
3330 752 3509 813 virtus
3545 755 3644 814 ubi
3684 753 4005 815 inveniatur
4124 821 4127 826 ,

3766 836 3889 896 Fic.
3920 859 3976 917 p.
4004 856 4118 914 239

3012 934 3217 993 genere
3258 917 3473 975 diversa
3513 914 3572 974 in
3615 937 3675 977 se
3715 916 3955 977 invicem
3997 938 4115 977 non

3098 1009 3273 1074 agunt
3999 1017 4115 1075 312

3016 1096 3222 1155 genera
3248 1098 3431 1137 rerum
3455 1078 3513 1138 in
3540 1080 3650 1138 hoc
3675 1078 3927 1139 sensibili
3952 1100 4118 1140 mun-

3096 1158 3171 1216 do
3207 1179 3332 1236 quae
3372 1160 3505 1231 sint,
3536 1173 3594 1219 et
3634 1182 3770 1220 num
3814 1160 4006 1221 omnia
4046 1161 4117 1220 ad

3097 1258 3163 1296 ea
3192 1240 3379 1298 referri
3410 1254 3649 1319 possunt
3994 1243 4115 1302 618

3014 1340 3220 1399 genera
3250 1342 3433 1380 rerum
3456 1324 3513 1380 in
3547 1323 3654 1382 hoc
3680 1323 3926 1382 sensibili
3948 1344 4116 1382 mun-

3094 1402 3170 1460 do
3198 1402 3464 1481 quinque,
3495 1424 3565 1461 an
3607 1406 3714 1463 sub
3755 1425 3868 1464 uno
3908 1425 4114 1485 genere

3094 1486 3490 1561 componenda
3995 1487 4116 1545 616

3011 1583 3221 1642 genera
3251 1585 3432 1623 rerum
3465 1586 3534 1624 an
3566 1567 3759 1626 decem
3789 1565 3904 1626 sint
3996 1567 4116 1643 566

3008 1665 3217 1724 genera
3245 1649 3426 1724 prima
3451 1650 3753 1707 essentiam
3779 1668 4001 1727 semper
4019 1667 4116 1707 co-

3091 1726 3277 1784 mitari
3996 1729 4114 1789 608

3007 1826 3279 1887 generum
3321 1808 3615 1887 quodlibet
3653 1809 3903 1888 quinque
3945 1809 4003 1867 in
4052 1829 4113 1869 se

3090 1908 3214 1947 esse
3241 1910 3437 1958 unum,
3467 1907 3527 1949 et
3554 1891 3612 1950 in
3643 1889 4113 1971 participantibus

3091 1971 3241 2028 haud
3268 1971 3612 2051 discerptum
3991 1973 4108 2050 607

3011 2049 3071 2107 in
3113 2053 3414 2126 generibus
3456 2073 3644 2112 rerum
3670 2052 3809 2130 quid
3851 2073 4108 2132 respexe-

3090 2132 3203 2189 rint
3250 2132 3526 2211 praecipue
3578 2133 3925 2213 philosophi,
3974 2154 4106 2193 cum

3090 2212 3285 2271 decem
3313 2226 3627 2272 statuerent
3989 2216 4106 2292 567

3005 2293 3268 2373 genitalis
3299 2307 3512 2354 naturae
3538 2295 3718 2354 motio
3762 2295 3882 2354 Fic.
3911 2317 3968 2374 p.
3995 2314 4102 2372 193

3004 2375 3266 2453 genitalis
3294 2376 3529 2435 facultas
3557 2396 3682 2453 quae
3761 2377 3880 2435 Fic.
3910 2397 3965 2456 p.
3985 2394 4104 2453 432

3003 2455 3264 2534 geminus
3291 2456 3530 2534 quilibet
3559 2458 3731 2515 homo
3993 2476 4102 2532 142

3003 2536 3212 2615 gemini
3242 2538 3391 2595 unde
3420 2537 3553 2596 dicti
3745 2537 3866 2597 Fic.
3899 2560 3952 2617 p.
3988 2557 4103 2597 210

3000 2617 3356 2696 geminorum
3399 2620 3662 2678 differens
3703 2620 3845 2679 ratio
3888 2621 4039 2679 unde

4024 2720 4105 2776 40

2999 2781 3352 2859 geminorum
3383 2780 3672 2841 diversitas
3752 2781 3871 2840 Fic.
3902 2803 3958 2862 p.
3986 2718 4103 2841 {22

2999 2860 3191 2938 glorias
3219 2881 3401 2920 causoe
3994 2884 4104 2940 144

3002 2941 3262 3001 Gnostici
3291 2943 3540 3002 haeretici
3756 2943 3875 3003 Fic.
3904 2965 3959 3023 p.
3991 2963 4095 3022 171

3002 3023 3263 3083 Gnostici
3295 3023 3541 3085 baeretici
3568 3024 3664 3104 qui
3749 3025 3873 3084 Fic.
3903 3046 3958 3105 p.
3982 3044 4097 3104 347

3004 3105 3267 3164 Gnostici
3311 3105 3645 3166 medicinam
3688 3105 3796 3165 sibi
3831 3107 3973 3167 falso
4015 3128 4102 3168 ar-

3002 3187 3780 3346 Gggsgtigmpseudoplatonici
3987 3209 4101 3332 {ci}

3001 3349 3264 3409 Gnostici
3286 3349 3549 3408 omnibus
3570 3349 3868 3410 virtutibus
3891 3352 4103 3412 bellum

3079 3430 3403 3488 indixerunt
3984 3452 4099 3512 213

2996 3509 3236 3589 gnostici
3266 3510 3513 3569 baeretici
3549 3511 3610 3568 in
3649 3530 3764 3589 quo
3792 3513 4098 3574 beatitudi-

3078 3611 3207 3649 nem
3236 3589 3570 3650 collocarint
3738 3593 3861 3652 Fic.
3891 3614 3952 3673 p.
3975 3613 4093 3672 352

2993 3670 3237 3751 gnostici
3267 3672 3568 3731 deteriores
3595 3671 3887 3767 Epicureis
3983 3694 4095 3753 213

2991 3752 3374 3833 gnosticorum
3405 3754 3723 3831 arrogantia
3750 3753 3871 3813 Fic.
3901 3776 3956 3833 p.
3976 3776 4097 3834 354

2989 3835 3377 3913 gnosticorum
3405 3834 3729 3912 superstitio
3752 3834 3877 3895 Fic.
3900 3857 3955 3915 p.
3975 3841 4098 3916 356

2990 3917 3375 3994 gnosticorum
3405 3914 3650 3974 ridiculas
3681 3916 3876 3975 noeniae
4014 3919 4093 3979 ib.

2993 3995 3393 4056 Gnosticorum
3416 4010 3476 4055 et
3494 3998 3945 4057 Manichaeorum
3976 4001 4092 4059 hae-

3071 4098 3220 4137 reses
3247 4081 3439 4138 affines
3741 4079 3866 4138 Fic.
3896 4102 3950 4159 p.
3974 4100 4093 4160 355

2989 4160 3376 4239 gnosticorum
3455 4162 3754 4229 sententia,
3822 4161 3962 4221 nihil
4030 4162 4091 4222 in

3072 4241 3286 4299 mundo
3314 4241 3447 4300 boni
3733 4241 3856 4302 Fic.
3888 4264 3946 4323 p.
3972 4247 4091 4321 356

2987 4321 3371 4402 gnosticorum
3431 4321 3817 4382 absurdissimi
3877 4345 4093 4386 errores

3069 4416 3330 4461 taxantur
3973 4426 4090 4484 209

2985 4484 3372 4563 gnosticorum
3399 4504 3688 4544 sermones
3715 4486 3908 4564 quales
3973 4506 4090 4563 214

2985 4567 3371 4645 gnosticorum
3421 4579 3479 4624 et
3526 4566 3741 4625 Plotini
3788 4571 4086 4629 sententiae

3065 4646 3432 4706 conseruntur
3458 4647 3828 4708 similitudine
3971 4670 4001 4709 2
4017 4670 4079 4726 17

2984 4727 3370 4805 gnosticorum
3402 4749 3545 4789 nova
3571 4741 3720 4788 terra
3971 4750 4080 4809 203

2982 4812 3370 4888 gnosticorum
3399 4808 3618 4888 impura
3644 4810 3755 4869 vita
3782 4811 3854 4869 F.
3882 4832 3939 4891 p.
3965 4831 3997 4889 3
4004 4814 4085 4889 56

2980 4893 3367 4969 gnosticorum
3395 4892 3693 4951 cantilenae
3729 4892 4081 4971 superstitio·-

3063 4993 3141 5031 sae
3968 4993 4078 5035 212

2982 5052 3369 5132 gnosticorum
3413 5052 3695 5133 praecipua
3735 5064 3916 5112 errata

3730 5135 3854 5193 Fic.
3881 5156 3939 5228 p.
3956 5152 4081 5228 347

2981 5218 3367 5295 gnosticorum
3417 5234 3629 5275 errores
3679 5236 3714 5274 a
3761 5218 4084 5276 Chnstiana

3064 5295 3335 5376 religione
3381 5309 3441 5355 et
3486 5296 3776 5356 Platonica
3832 5296 4080 5376 philoso-

3063 5377 3194 5455 phia
3221 5378 3524 5435 abhorrent
3725 5376 3849 5436 Fic.
3883 5399 3937 5457 p.
3961 5398 4081 5457 354

2979 5458 3185 5537 gradus
3212 5471 3367 5517 tres:
3415 5478 3611 5526 unum,
3639 5477 3741 5517 ens
3782 5470 3843 5517 et
3884 5462 4083 5520 mundi

3060 5539 3293 5598 materia
3727 5539 3851 5599 Fic.
3884 5562 3939 5619 p.
3968 5542 4083 5601 280

2977 5620 3181 5701 gradus
3236 5639 3418 5677 rerum
3467 5619 3665 5698 aequali
3713 5622 4085 5700 proportione

3059 5700 3364 5761 deteriores
3394 5712 3454 5760 et
3481 5701 3743 5762 meliores
3769 5722 3893 5765 esse
3961 5707 4081 5783 627
