5118 6613
1256 459 1261 464 ’
1327 503 1526 569 LIB.
1573 501 1707 568 1x.
1753 502 2217 570 ENNEAD.
2265 504 2799 571 SECUNDAE.
2843 528 2911 593 p.
2939 505 3301 593 370-376·

671 665 738 763 p.
765 690 843 761 37
849 689 915 761 5,
945 694 1041 757 14.
1087 673 1246 739 πολὺ
1291 677 1357 739 δὲ
1403 680 1643 756 μᾶλλον
1692 675 2097 743 θεοὺς-τοῦτ’
2149 678 2280 742 ἔστι

587 779 834 858 δύναμιν
855 783 1000 842 θεοῦ
1018 779 1258 842 εἰδότων
1287 805 1339 842 κ.
1366 803 1418 841 τ.
1445 779 1539 863 λ.]
1591 778 1869 867 Cyrillus
1895 790 2113 844 contra
2149 782 2197 844 J
2203 803 2276 844 u-

584 879 733 959 lian,
767 903 828 968 p.
854 900 956 966 23.
990 881 1077 944 A.
1114 879 1486 967 Spanhem.:
1536 882 1632 945 καὶ
1671 881 1763 946 ὅτι
1800 888 1922 950 πῶς
1949 884 2062 967 οὐχ
2090 881 2280 948 ἅπασι

587 986 852 1068 ἐναργὲς,
885 987 977 1048 ὅτι
1016 984 1110 1048 καὶ
1154 989 1276 1051 τοῖς
1309 987 1386 1048 τὰ
1408 981 1726 1065 Ἑλλήνων
1754 991 2122 1068 φιλοσοφεῖν
2152 987 2280 1049 εἰω-

588 1090 763 1153 θόσιν
791 1087 900 1152 ἕνα
940 1089 1053 1167 μὲν
1086 1088 1276 1150 ἐδόκει
1315 1086 1456 1151 θεὸν
1492 1086 1644 1152 εἶναι
1687 1094 2141 1170 συνομολογεῖν,
2171 1088 2280 1153 τὸν

586 1196 706 1255 τῶν
749 1190 910 1253 ὅλων
956 1188 1326 1271 δημιουργὸν,
1383 1192 1479 1254 καὶ
1522 1189 1762 1255 πάντων
1813 1191 2086 1257 ἐπέκεινα
2130 1195 2279 1256 κατὰ

586 1294 793 1375 φύσιν,
823 1296 1182 1372 πεποιῆσθαι
1220 1295 1285 1356 δὲ
1315 1291 1450 1374 παρ’
1483 1294 1662 1358 αὐτοῦ
1691 1294 1785 1358 καὶ
1810 1298 2109 1378 παρῆχθαι
2134 1294 2281 1377 πρὸς

584 1394 830 1479 γένεσιν
859 1394 1093 1478 ἑτέρους
1119 1397 1281 1462 τινας
1308 1395 1496 1470 θεοὺς,
1530 1395 1681 1461 καθά
1709 1406 1900 1479 φασιν
1928 1399 2113 1473 αὐτοὶ,
2145 1424 2279 1479 νοη-

586 1499 721 1564 τούς
747 1522 813 1561 τε
843 1498 937 1562 καὶ
967 1497 1294 1577 αἱσθητούς.
1366 1497 1532 1561 Tum
1578 1498 1727 1563 citat
1769 1497 1935 1564 locos
1980 1500 2276 1565 Platonis.

590 1601 734 1665 Hoc
763 1599 900 1664 loco
929 1614 991 1663 et
1030 1597 1333 1664 similibus
1378 1623 1529 1664 usus
1574 1601 1997 1667 Cudworthus
2023 1604 2087 1667 in
2121 1606 2274 1692 Sys-

588 1716 737 1768 tem.
772 1700 1081 1767 Intellect.
1114 1726 1169 1768 c.
1195 1703 1310 1767 IV.
1346 1704 1406 1786 §.
1436 1704 1539 1768 26.
1573 1726 1635 1791 p.
1659 1721 1807 1790 529.
1839 1704 1929 1769 ita
1957 1705 2271 1794 disputat:

589 1810 633 1845 “
660 1807 706 1869 J
711 1828 813 1869 am
856 1805 967 1893 qui
1014 1820 1160 1893 post
1207 1805 1623 1871 introductam
1671 1806 1735 1870 in
1779 1808 1992 1873 orbem
2035 1808 2280 1896 religio-

585 1929 725 1973 nem
761 1907 1176 1972 Christianam
1219 1907 1719 1997 philosophando
1760 1909 2018 1998 gloriam
2065 1934 2276 1976 conse·

585 2010 712 2077 cuti
743 2025 912 2089 sunt,
944 2010 1071 2075 sive
1101 2011 1350 2077 Platoni
1381 2035 1509 2076 sese
1537 2012 1961 2100 adjunxerint,
1992 2013 2121 2078 sive
2143 2014 2282 2080 Ari-

586 2112 815 2191 stoteli,
840 2113 984 2178 licet
1010 2112 1294 2201 plerique
1325 2115 1630 2179 mundum
1661 2130 1964 2180 aeternum
1995 2140 2125 2181 esse
2155 2132 2276 2181 sta-

585 2230 857 2296 tuerent,
887 2239 1015 2282 uno
1043 2232 1251 2281 tamen
1275 2240 1490 2282 omnes
1523 2241 1630 2282 ore
1673 2240 1984 2283 summum
2023 2220 2282 2307 professi

585 2333 733 2385 sunt
776 2321 1010 2398 Deum,
1043 2334 1176 2384 tum
1222 2319 1442 2384 mundi
1483 2320 1695 2399 totius,
1728 2335 1862 2386 tum
1898 2320 2278 2410 reliquorum

585 2423 863 2489 omnium
911 2425 1195 2489 Deorum
1239 2435 1558 2511 parentem
1602 2438 1667 2487 et
1707 2446 1978 2489 causam.
2069 2427 2281 2489 Taceo

586 2526 996 2603 Numenium,
1043 2525 1387 2606 Plotinum,
1433 2525 1777 2606 Amelium,
1834 2526 2281 2615 Porphyrium,

586 2628 906 2709 Proclum,
931 2629 1336 2695 Damascium
1357 2643 1421 2694 et
1448 2628 1620 2706 alios,
1643 2629 1706 2692 in
1732 2643 1856 2694 tres
1885 2629 2069 2694 etiam
2101 2643 2284 2695 natu-

585 2757 687 2798 tas
743 2732 1130 2799 divinitatem
1181 2732 1477 2809 divisisse,
1525 2732 1718 2819 idque
1769 2754 1966 2796 unum
2016 2755 2283 2798 comme-

586 2860 783 2914 moro,
813 2852 939 2901 tam
979 2836 1129 2902 scite
1174 2837 1234 2901 in
1282 2837 1378 2900 his
1419 2835 1803 2924 philosophis
1845 2835 2176 2901 nonnullos
2202 2838 2283 2903 de

585 2941 730 3006 Deo
769 2939 1150 3019 disseruisse,
1182 2955 1275 3018 ut,
1305 2938 1477 3026 quod
1507 2939 1570 3002 in
1616 2961 1830 3002 eorum
1871 2939 2284 3027 reprehendat

587 3043 996 3121 sermonibuS,
1044 3065 1229 3108 nemo
1286 3065 1451 3107 unus
1495 3040 1675 3106 facile
1724 3041 2011 3129 reperiat.
2103 3043 2283 3109 Nulli

585 3145 895 3234 sigillatim
929 3146 1222 3211 Plotium
1251 3145 1690 3210 sententiarum
1730 3144 2006 3232 pondere
2033 3160 2093 3210 et
2136 3170 2279 3234 gra-

588 3248 777 3315 vitate
817 3248 1005 3315 cedit.
1090 3249 1185 3316 Et
1229 3248 1329 3315 hic
1383 3249 1516 3337 ipse
1560 3263 1789 3327 tamen,
1835 3272 2032 3337 quum
2093 3265 2284 3316 mate-

586 3353 741 3418 riam
782 3352 1004 3441 ipsam,
1031 3376 1255 3441 resque
1297 3352 1481 3417 simul
1523 3375 1737 3419 omnes
1778 3376 1856 3417 ex
1887 3375 2016 3418 uno
2043 3354 2283 3441 genitas

587 3482 717 3524 esse
757 3457 1068 3547 principio
1111 3458 1468 3536 contendat,
1500 3458 1566 3522 in
1609 3457 1947 3523 multorum
1996 3460 2281 3524 Deorum

588 3560 762 3626 cultu
792 3559 1287 3626 commendando
1315 3559 1570 3625 mirifice
1597 3559 1884 3647 copiosus
1912 3562 2060 3625 est.''
2105 3563 2280 3626 Tum

586 3664 841 3752 subjicit
870 3663 1037 3728 hunc
1065 3662 1271 3751 ipsum
1301 3663 1531 3728 locum.
1624 3662 1749 3742 Qui
1777 3662 2012 3729 discere
2045 3663 2278 3751 cupiat,

588 3791 731 3855 quae
761 3765 1095 3854 speciosius
1122 3789 1312 3854 quam
1346 3765 1552 3830 verius
1580 3765 1677 3830 his
1704 3766 2066 3854 opposuerit
2110 3768 2279 3855 Bay-

586 3869 728 3950 lius,
747 3869 930 3934 adeat
960 3868 1299 3933 Moshemii
1320 3884 1560 3934 annott.
1589 3892 1653 3957 p.
1671 3886 1819 3956 530.
1845 3892 1938 3956 sq.
1986 3868 2281 3934 Proclum

586 3974 759 4061 quod
796 3972 1040 4050 attinet,
1081 3970 1332 4037 consule
1374 3972 1511 4059 ejus
1556 3971 1761 4036 Instit.
1806 3971 2111 4059 Theolog.
2140 3995 2278 4061 cap.

592 4095 731 4158 114„
762 4098 825 4163 p.
856 4077 999 4140 166.
1032 4098 1168 4162 sqq.
1204 4098 1344 4162 cap.
1379 4080 1516 4157 164.
1549 4098 1684 4162 sqq.
1716 4096 1778 4163 p.
1808 4093 1931 4156 242
1962 4098 2101 4162 sqq.

670 4202 735 4267 p.
768 4180 919 4265 376,
951 4196 1049 4242 12.
1080 4180 1282 4261 ὥσπερ
1311 4181 1580 4261 ὀνείρασι
1605 4178 1922 4267 πέτεσθαι]
1951 4177 2277 4243 Proverbii

586 4282 848 4371 speciem
894 4281 1105 4360 habet,
1142 4304 1348 4368 neque
1392 4296 1598 4346 tamen
1642 4304 1681 4345 a
1712 4280 2278 4368 Paroemiographis

584 4398 949 4450 annotatum
981 4398 1093 4449 est.
1180 4382 1371 4449 Color
1399 4398 1610 4449 autem
1640 4383 1908 4448 universi
1936 4383 2130 4471 hujus
2158 4383 2273 4449 loci

584 4511 708 4554 non
737 4487 1050 4553 dissimilis
1092 4486 1209 4552 loci
1240 4486 1547 4552 Platonici
1591 4486 1654 4550 in
1686 4484 1962 4574 Republ.
1998 4487 2156 4551 VII.
2205 4510 2269 4573 p.

583 4591 1123 4678 518—521.——In
1152 4589 1450 4678 proximis
1476 4589 1814 4654 advertunt
1850 4611 1964 4653 nos
1991 4588 2135 4653 illa:
2184 4590 2279 4654 καὶ

584 4697 734 4759 ὅσον
764 4694 895 4758 ἐστὶ
923 4692 1176 4759 δυνατὸν
1202 4697 1373 4776 ψυχῇ
1419 4692 1728 4774 ἀνθρώπου
1756 4694 1872 4776 θεῷ
1907 4690 2280 4774 γενέσθαι-

584 4798 651 4862 τὸ
694 4799 763 4862 δὲ
807 4798 956 4879 ὑπὲρ
1001 4795 1297 4860 νοῦν-τὸ
1341 4793 1850 4860 mcciv—Deum
1897 4815 2077 4880 poffie
2119 4793 2276 4873 fieri,

588 4901 695 4989 qui
724 4899 916 4965 homo
944 4917 1130 4963 natus
1163 4913 1261 4976 ιιι,
1292 4912 1357 4962 et
1383 4896 1641 4985 quidem
1682 4896 1933 4961 assidua
1977 4896 2276 4962 exercita-

588 5003 752 5069 tione
781 5000 1148 5091 segregandi
1177 5000 1367 5066 animi
1394 5024 1433 5065 a
1461 5000 1742 5065 sensibus
1771 4999 1993 5065 mentis
2028 5022 2283 5065 conver-

588 5105 753 5173 sione
781 5105 1004 5171 intima
1023 5127 1243 5192 eaque,
1262 5128 1407 5191 quae
1436 5103 1756 5191 paullatim
1780 5103 1977 5191 ipsam
2008 5115 2279 5167 mentem

591 5207 1081 5298 transgrediatur
1100 5222 1162 5272 et
1191 5206 1506 5294 cogitandi
1534 5206 1834 5272 actionem
1860 5205 2088 5271 deleat:
2118 5204 2280 5270 illud

587 5311 779 5400 igitur
831 5313 1087 5393 (vocant
1127 5323 1339 5375 autem
1381 5309 1544 5374 hanc
1562 5311 1965 5398 junctionem
1999 5333 2047 5373 s.
2069 5311 2276 5397 yogu)

588 5414 893 5480 docebant
925 5412 1230 5478 Indorum
1259 5411 1638 5501 philosophi.
1682 5411 2005 5498 Loquitur
2030 5433 2280 5476 carmen

592 5517 1157 5607 Bkaguvad-Gita
1207 5516 1324 5581 VI.
1382 5537 1482 5601 19.
1533 5535 1637 5602 27.
1689 5538 1877 5603 quem
1929 5514 2162 5593 locum,
2207 5530 2281 5580 ut

3937 522 4057 592 127

2362 677 2573 743 omnia
2600 678 2737 766 ejus
2763 677 3088 766 poematis,
3117 677 3366 766 egregie
3413 678 3745 766 explicavit
3778 680 3950 745 Guil.
3981 681 4062 745 de

2363 781 2734 846 Humboldt.
2782 781 2846 845 in
2895 779 3139 846 dissert.
3171 780 3503 847 vernacula
3543 804 3731 869 super
3773 780 3881 846 illo
3926 806 4058 847 car-
4145 844 4148 847 ⁴

2363 883 2528 948 mine
2585 883 2650 949 in
2704 882 3062 950 Dissertatt.
3111 883 3308 950 Acad.
3365 884 3622 949 Scientt.
3672 884 4056 950 Berolinens.

2370 987 2554 1052 1826.
2586 1010 2651 1075 p.
2672 1005 2780 1072 33.
2804 1009 2944 1074 sqq.

2447 1125 2537 1137 -—
2564 1109 2588 1152 1
2603 1107 2665 1172 7.
2709 1089 2910 1169 πολλὴ
2947 1092 3063 1173 γὰρ
3093 1092 3162 1155 ἐν
3189 1091 3519 1173 ἀνθρώποις
3544 1091 3581 1171 ἦ
3611 1091 4057 1156 αὖθάδεια-σὺ

2365 1189 2424 1255 εἴ
2468 1195 2609 1254 θεοῦ
2650 1192 2953 1258 παῖς-σὺ
3000 1193 3065 1256 δὲ
3117 1194 3395 1275 κρείττων
3445 1195 3539 1259 καὶ
3590 1200 3696 1259 τοῦ
3745 1196 4052 1285 οὐρανοῦ]

2367 1292 2607 1357 Paulus
2637 1294 2866 1380 Apost.
2895 1295 2976 1359 ad
3006 1295 3292 1360 Corinth.
3329 1297 3383 1361 1.
3419 1298 3480 1361 8.
3517 1318 3568 1361 1.
3612 1299 3650 1378 ἡ
3679 1305 3899 1381 γνῶσις
3942 1308 4057 1382 φυ-

2365 1402 2511 1460 σιοῖ.
2559 1394 2639 1459 ad
2691 1418 2879 1482 quem
2923 1395 3130 1461 locum
3184 1397 3660 1464 Valckenaerius
3705 1400 3768 1464 in
3821 1400 4061 1468 Scholis

2363 1521 2427 1585 p.
2450 1514 2625 1581 227.:
2661 1506 2703 1537 “
2723 1500 2921 1563 Notat
2944 1498 3045 1564 hic
3069 1495 3309 1565 Paulus
3337 1502 3467 1566 sine
3487 1501 3684 1567 dubio
3709 1505 4057 1585 Gnosticos,

2364 1599 2492 1665 sive
2518 1599 2679 1679 illos,
2703 1600 2815 1687 qui
2846 1601 3336 1680 semichristiani,
3365 1612 3728 1687 γνωστικῶν,
3760 1606 3889 1671 sive
3916 1629 4061 1672 mt-

2360 1704 2638 1768 ditomm
2678 1704 2927 1768 nomine
2972 1706 3435 1794 superbiebant,
3466 1707 3703 1796 quique
3742 1709 3862 1774 sub
3901 1732 4061 1796 prae-

2362 1820 2539 1871 textu
2569 1805 2941 1872 Christianae
2966 1806 3269 1873 libertatis
3297 1808 3494 1874 multa
3525 1811 3856 1896 patrabant
3878 1812 4064 1878 Chri-

2364 1908 2442 1973 sti
2488 1908 2731 1996 legibus
2776 1909 3092 1975 adversa?
3161 1914 3324 1977 Haec
3369 1912 3464 1976 vir
3502 1935 3802 1979 summus,
3897 1916 4061 1981 Inde

2365 2025 2575 2075 autem
2626 2010 2914 2075 Clemens
2960 2011 3137 2076 Alex.
3187 2013 3253 2076 in
3301 2013 3560 2102 Paedag.
3607 2015 3665 2080 Ι.
3698 2021 3758 2080 6.
3811 2039 3874 2104 p.
3913 2036 4057 2084 112.

2370 2115 2608 2178 Potter.
2635 2115 2854 2178 sumsit
2885 2118 2944 2179 οὶ
2966 2119 3048 2183 εἰς
3067 2122 3295 2199 γνῶσιν
3309 2119 3772 2200 πεφυσιωμένοι,
3795 2122 4060 2185 scientia

2365 2218 2600 2303 inflati.
2691 2216 2872 2281 Idem
2903 2217 3134 2282 ibidem
3179 2242 3244 2305 p.
3282 2220 3423 2285 128.
3458 2243 3594 2307 sq.:
3636 2220 3813 2302 Ἐμοὶ
3857 2226 3922 2287 δὲ
3965 2225 4060 2288 καὶ

2368 2318 2682 2400 θαυμάζειν
2711 2320 2962 2395 ἔπεισιν,
3007 2323 3164 2389 ὅπως
3209 2327 3371 2405 σφᾶς
3413 2324 3678 2392 τελείους
3720 2327 3875 2393 τινὲς
3918 2334 4057 2390 τολ-

2365 2428 2521 2502 μῶσι
2567 2429 2773 2488 καλεῖν
2804 2424 2899 2487 καὶ
2935 2424 3318 2499 Γνωστικοὺς,
3348 2426 3498 2507 ὑπὲρ
3523 2431 3641 2490 τῶν
3666 2425 4062 2492 Ἀποστόλων

2369 2530 2730 2608 φρονοῦντες
2775 2529 3171 2609 φυσιούμενοί
3208 2552 3276 2591 τε
3320 2527 3416 2592 καὶ
3454 2530 3901 2610 φρυαττόμενοι.
3952 2529 4056 2594 Cf.

2369 2629 2654 2693 Irenaeus
2684 2630 2823 2693 III.
2858 2648 2960 2695 21.
2993 2645 3058 2694 et
3091 2647 3190 2715 15.
3241 2630 3680 2695 Theodoretus
3721 2630 3801 2694 de
3841 2630 4058 2696 iisdem
4125 2677 4133 2682 -

2364 2730 2429 2794 in
2467 2752 2492 2794 1
2520 2732 2805 2797 Timoth.
2839 2733 2959 2797 VI.
2990 2755 3054 2821 p.
3076 2754 3227 2819 490.
3249 2732 3337 2798 ita
3363 2732 3485 2797 2⁶A
3505 2734 3813 2816 σεσίγηκέ,
3846 2742 4057 2817 φασιν,

2365 2836 2556 2916 ἡθεία
2573 2836 2797 2918 γραφὴ,
2829 2841 3012 2900 ταῦτα
3039 2838 3073 2900 ὁ
3096 2837 3258 2903 Θεὸς
3284 2838 3424 2917 ἡμῖν
3446 2835 3820 2920 ἇπεκάλυψε.
3858 2837 4061 2901 Iidem

2371 2937 2654 3004 Gnostici
2687 2962 2754 3002 se
2784 2937 2945 3003 solos
2972 2938 3090 3026 ipsi
3117 2939 3541 3019 πνευματικοὺς
3568 2938 3959 3018 dictitabant,
3989 2952 4064 3004 ut

2367 3040 2489 3106 alia
2529 3041 2836 3120 omittam,
2881 3065 3027 3129 quae
3070 3042 3297 3129 passim
3342 3041 3423 3106 de
3471 3041 3547 3105 iis
3590 3056 4063 3128 conqueruntur

2367 3144 2639 3209 ecclesiae
2684 3147 2927 3222 Patres,
2972 3144 3230 3233 quando
3272 3143 3528 3230 quidem
3573 3142 3708 3208 haec
3758 3143 4064 3210 sufficient

2367 3247 2448 3312 ad
2492 3246 2992 3336 intelligendum,
3023 3271 3213 3335 quam
3243 3247 3403 3312 bene
3431 3247 3495 3311 in
3527 3247 3644 3312 hoc
3671 3247 3836 3313 fastu
3869 3263 3933 3313 et
3962 3272 4065 3314 su-

2367 3351 2625 3439 percilio
2654 3351 3059 3416 describendo
3086 3352 3247 3415 inter
3278 3350 3596 3416 Plotinum
3642 3365 3834 3438 atque
3877 3354 4058 3439 Apo-

2368 3453 2598 3517 stolum
2630 3472 2693 3517 et
2721 3452 3020 3518 Ecclesiae
3051 3453 3424 3518 Christianae
3464 3451 3790 3539 primarios
3830 3454 4063 3518 Docto—

2366 3580 2466 3621 res
2507 3557 2854 3622 conveniat.
2944 3559 3170 3643 Neque
3197 3556 3392 3643 igitur
3420 3555 3808 3632 crediderim,
3855 3555 3918 3619 in
3963 3556 4060 3622 his

2370 3659 2737 3724 Plotinianis
2766 3659 3110 3747 quidquam
3144 3660 3361 3734 inesse,
3392 3658 3562 3746 quod
3591 3658 3654 3721 in
3683 3658 3851 3745 ipsos
3872 3659 4060 3724 Chri-

2365 3765 2606 3828 stianos
2626 3763 2866 3850 jactum
2898 3761 3096 3826 videri
3125 3760 3340 3849 possit.
3426 3762 3637 3847 Negat
3679 3760 3862 3824 etiam
3898 3760 4059 3826 Fici·

2366 3887 2486 3929 nus
2514 3888 2704 3951 supra
2733 3888 2797 3953 p.
2827 3867 2969 3951 196.
3000 3865 3119 3929 sub
3147 3865 3253 3929 fin.
3279 3889 3295 3930 ε
3341 3864 3405 3928 in
3438 3886 3737 3951 suspenso
3765 3863 4061 3951 relinquit

2366 3967 2673 4031 Neander
2700 3969 2771 4032 in
2819 3968 3086 4056 Allgem.
3121 3967 3475 4032 Geschichte
3517 3967 3631 4030 der
3662 3967 3896 4031 Christ.
3928 3967 4055 4031 Re-

2363 4072 2480 4159 lig.
2514 4072 2652 4135 und
2676 4071 2912 4135 Kirclae
2943 4071 3003 4135 I.
3037 4090 3095 4136 2.
3131 4071 3306 4134 Lect.
3342 4071 3463 4135 Iv.
3494 4092 3554 4156 p.
3577 4070 3724 4134 668.
3760 4092 3853 4156 sq.
3930 4071 4058 4133 Ne-

2362 4197 2488 4260 que
2517 4189 2722 4239 tamen
2752 4173 2980 4238 infitias
3008 4172 3249 4251 iverim,
3279 4170 3582 4238 nonnulla
3623 4172 3688 4237 in
3731 4171 3851 4236 hoc
3895 4170 4058 4236 libro

2364 4276 2671 4365 disputari
2700 4300 2738 4341 a
2767 4276 3038 4354 Plotino,
3077 4300 3222 4363 quae
3268 4275 3450 4340 etiam
3497 4274 3732 4340 Christi
3774 4291 3838 4339 et
3879 4278 4059 4363 Apo-

2365 4380 2663 4445 stolorum
2712 4379 2974 4445 decretis
3017 4379 3458 4444 adversantur:
3506 4400 3566 4443 v.
3594 4402 3648 4443 c.
3679 4400 3825 4465 quae
3867 4400 4059 4465 supra

2363 4507 2431 4572 p.
2460 4503 2608 4567 207.
2640 4484 2719 4548 F.
2740 4484 2825 4548 G.
2855 4485 3285 4562 πολυθεότητος
3325 4480 3649 4546 firmandae
3689 4504 3908 4546 caussa
3947 4503 4059 4569 po-

2364 4586 2512 4665 suit,
2542 4601 2606 4650 et
2633 4610 2780 4674 quae
2805 4584 2872 4650 id
2899 4608 3100 4672 genus
3137 4583 3258 4648 alia
3296 4599 3442 4649 sunt
3477 4582 3648 4649 alibi.
3741 4586 4055 4649 Caeterum

2361 4704 2644 4755 extrema
2683 4689 2746 4753 in
2796 4688 2931 4753 loco
2960 4687 3192 4753 Plotini
3221 4686 3393 4774 quod
3424 4686 3668 4766 attinet,
3703 4688 3951 4775 Taylor
3990 4687 4058 4753 in

2362 4809 2576 4858 annot.
2609 4792 2690 4891 ad
2721 4791 3063 4856 versionem
3109 4813 3310 4868 suam,
3350 4813 3479 4877 quo
3508 4789 3777 4854 Bentleii
3823 4790 4054 4856 fastum

2366 4896 2821 4984 comprobaret,
2850 4917 2928 4958 ex
2974 4894 3112 4981 ejus
3151 4909 3373 4958 octavo
3401 4894 3670 4959 Ser-mon
3712 4903 3784 4959 at
3810 4895 4060 4982 Boyle's

2371 5000 2667 5065 Lectum
2701 4997 2868 5062 illius
2910 4997 3024 5060 viri
3067 4997 3260 5062 verba
3303 4995 3619 5084 apposuit,
3648 5019 3917 5083 quorum
3948 5020 4060 5060 ex·

2367 5118 2564 5167 trema
2591 5102 2727 5167 haec
2756 5117 2933 5165 sunt:
2967 5108 3011 5139 “
3041 5100 3215 5166 ΤῘιαι
3242 5100 3340 5163 the
3367 5099 3509 5163 soal
3533 5100 3622 5186 of
3626 5121 3741 5164 one
3768 5101 4058 5164 virtuoue

2364 5206 2497 5270 and
2531 5206 2841 5294 religioe&
2883 5226 3034 5267 man
3075 5205 3134 5267 is
3176 5203 3264 5289 of
3278 5212 3547 5290 greater
3574 5202 3770 5267 worth
3794 5201 3927 5264 and
3952 5222 4060 5265 εω-

2363 5309 2628 5396 cellenoy
2670 5308 2824 5373 than
2867 5307 2968 5370 the
3010 5328 3137 5370 sun
3181 5306 3315 5369 and
3348 5305 3449 5369 his
3483 5305 3758 5393 planeta,
3797 5304 3930 5367 and
3970 5305 4062 5369 all

2366 5412 2466 5477 the
2492 5421 2665 5476 stare
2692 5413 2765 5473 in
2793 5410 2893 5475 the
2921 5409 3175 5474 world.”
3235 5410 3395 5487 Quae
3424 5419 3630 5471 tamen
3669 5430 3708 5470 a
3750 5406 4060 5494 superbiae

2366 5513 2626 5579 crimine
2674 5511 2924 5578 liberari
2969 5511 3259 5590 debeant,
3312 5510 3361 5574 si
3403 5508 3658 5596 cogites,
3702 5507 4059 5576 Bentleium
