5118 6613
1384 543 1584 609 ΜΒ.
1631 543 1712 607 v,
1760 539 2227 608 ENNEAD.
2276 540 2733 620 QUINTAE.
2778 563 2847 628 p.
2878 555 3239 629 972-979·

655 744 723 809 p.
749 719 899 805 976,
934 735 991 783 2.
1023 715 1159 782 ἀλλ’
1194 717 1262 781 ἐν
1290 717 1495 804 ἐκείνῳ
1525 716 1610 783 ὢν
1640 716 1737 780 καὶ
1764 715 1835 781 οὐ
1863 715 2022 803 δύα]
2056 715 2266 803 Marg.

567 822 695 889 Ed.
731 847 746 888 :
815 819 953 886 ἀλλ’
1005 820 1073 885 ἓν
1123 821 1315 884 ἐκεῖνο
1368 822 1460 885 ὄν.

563 925 878 1015 suspicor:
928 920 1066 988 ἀλλ’
1099 923 1166 987 ἓν
1196 925 1401 1010 ἐκείνῳ
1431 924 1534 989 ὥν.

648 1052 711 1118 p.
744 1047 894 1114 977,
936 1047 991 1091 1.
1039 1026 1269 1110 ἔχουσα
1296 1025 1367 1105 δὴ
1398 1027 1493 1091 καὶ
1522 1025 1668 1105 αὐτὴ
1697 1026 1803 1090 οὐκ
1833 1024 2117 1109 ἐχομένη]
2152 1026 2261 1090 Ex

562 1129 965 1220 sequentibus
988 1154 1004 1193 :
1053 1131 1130 1214 τῷ
1157 1130 1272 1208 μὲν
1297 1128 1377 1209 μὴ
1405 1128 1791 1212 περιέχεσθαι
1819 1142 2100 1216 apparet,
2132 1153 2261 1216 quo

559 1258 742 1303 sensu
772 1235 892 1298 hoc
923 1232 1059 1297 loco
1089 1229 1373 1296 Plotinus
1404 1232 1568 1316 ἔχειν
1597 1246 1662 1297 et
1692 1232 1941 1316 ἔχεσθαι
1974 1231 2259 1321 accipiat,

559 1337 852 1406 nimirum
898 1358 998 1415 eo,
1034 1356 1223 1421 quem
1267 1333 1642 1399 Aristoteles
1684 1335 1747 1399 in
1795 1335 2165 1423 Categoriis,
2198 1350 2262 1402 et

557 1441 815 1531 quidem
843 1439 911 1505 in
939 1462 1014 1504 ea
1044 1437 1398 1526 Categoria‚
1445 1462 1591 1526 quae
1634 1454 1728 1505 est
1769 1441 1906 1522 περὶ
1948 1444 2053 1504 τοῦ
2096 1441 2260 1524 ἔχειν

557 1570 612 1611 c.
646 1565 749 1612 12.
779 1567 846 1632 p.
868 1558 974 1628 57.
1010 1542 1188 1629 Sylb.
1219 1564 1285 1629 p.
1314 1561 1456 1627 109.
1492 1540 1771 1607 Lewald.
1821 1541 1910 1607 ita
1951 1541 2255 1629 explicat:

556 1647 595 1728 ἢ
633 1649 711 1715 ὣς
755 1649 822 1711 ἐν
851 1646 1093 1731 ἀγγείῳ·
1142 1646 1272 1709 οῖον
1302 1648 1335 1708 6
1364 1644 1641 1725 μέδιμνος
1683 1646 1817 1714 τοὺς
1857 1647 2094 1728 πνροὺς,
2123 1645 2161 1727 ἢ
2187 1646 2257 1710 τὸ

559 1750 836 1833 κεράμιον
863 1749 970 1812 τὸν
1000 1748 1185 1813 οἶνον·
1232 1747 1400 1812 οἶνον
1427 1752 1542 1831 γὰρ
1578 1749 1743 1832 ἔχειν
1770 1748 2016 1832 λέγεται
2052 1749 2119 1813 τὸ
2165 1775 2259 1813 κε·

555 1854 768 1936 ράμιον
798 1854 895 1917 καὶ
932 1854 965 1915 6
1004 1851 1281 1931 μέδιμνος
1321 1853 1556 1933 πυρούς.
1604 1850 1761 1916 ταῦτ’
1795 1853 1901 1915 οὖν
1928 1851 2143 1927 πάντα,
2178 1853 2255 1920 ὡς

558 1960 626 2021 ἐν
675 1958 897 2041 ἀγγείῳ
952 1954 1116 2038 ἔχειν
1163 1953 1430 2037 λέγεται.
1522 1955 1602 2018 In
1657 1976 1846 2041 quem
1901 1955 2252 2043 Categoriae

554 2058 748 2146 hujus
774 2057 1005 2134 locum,
1037 2055 1147 2144 qui
1177 2054 1413 2121 discere
1443 2055 1616 2133 velit,
1647 2080 1792 2143 quae
1834 2057 2253 2144 congesserint

556 2160 919 2227 Aristotelei
951 2160 1340 2248 interpretes,
1371 2160 1423 2225 is
1451 2159 1735 2226 consulat
1754 2162 1800 2224 J
1804 2184 1863 2225 o.
1887 2161 2074 2249 Bapt.
2099 2162 2251 2226 Ber-

554 2264 732 2330 nardi
785 2263 1199 2329 Seminarium
1248 2262 1673 2351 Philosophiae
1723 2263 2141 2330 Aristotelicae
2183 2289 2249 2353 p.

552 2370 703 2455 589.
735 2393 827 2456 sq.
892 2368 1463 2434 Grammaticorum
1506 2368 1587 2433 de
1630 2369 1822 2456 hujus
1864 2368 2039 2432 verbi
2082 2370 2254 2435 varia

551 2472 997 2559 significatione
1023 2472 1607 2559 constructioneque
1636 2470 1969 2537 sententias
1991 2471 2124 2559 ipse
2145 2497 2251 2538 ex-

553 2576 730 2640 hibui
761 2590 824 2641 et
853 2574 1110 2639 tractavi
1137 2574 1203 2639 in
1238 2574 1749 2640 Meletematibus
1785 2574 1939 2639 meis
1976 2576 2153 2640 Part.
2188 2576 2245 2642 Ῑ.

552 2700 619 2765 p.
653 2679 715 2741 6.
751 2700 883 2764 sqq.
975 2676 1126 2743 Alia
1167 2676 1482 2765 eleganter
1519 2676 1924 2763 disputarunt
1953 2678 2251 2743 Muretus

552 2781 614 2845 in
650 2780 851 2846 Variis
878 2782 1085 2846 Lectt.
1106 2781 1229 2845 VI.
1263 2801 1325 2861 7.
1356 2795 1421 2845 et
1452 2782 1542 2845 Is.
1568 2780 1980 2844 Casaubonus
2007 2794 2071 2846 et
2102 2782 2248 2847 Me·

550 2884 799 2971 nagiuS,
829 2883 912 2949 ad
940 2883 1049 2949 illa
1076 2883 1389 2971 Aristippi
1418 2906 1522 2969 ap.
1541 2883 1733 2970 Diog.
1761 2883 1976 2948 Laert.
2003 2885 2099 2948 11.
2130 2902 2243 2970 75:

553 2988 672 3070 ἔχω
700 2986 916 3067 Λαίδα,
947 2985 1083 3050 ἀλλ’
1116 2987 1221 3053 οὐκ
1252 2986 1743 3070 {xenon—Mox
1786 2998 1929 3074 post
1967 3009 2179 3052 vocem
2211 2990 2245 3051 6

551 3088 684 3156 θεὸς
712 3088 1022 3177 suspicere
1050 3089 1402 3153 membrum
1430 3087 1754 3165 excidisse,
1778 3087 1952 3176 quod
1982 3088 2245 3154 exhibu-

548 3189 665 3257 isse
695 3190 983 3257 videatur
1013 3191 1297 3256 Ficinns:
1344 3192 1438 3256 καὶ
1468 3192 1640 3255 οὐδὲν
1671 3192 1758 3256 ἔτι
1790 3194 1859 3256 ἐν
1888 3193 2065 3280 αὐτῷ.
2117 3194 2245 3258 Sed

548 3295 885 3361 sexcenties
915 3294 1239 3361 Marsilius
1285 3294 1516 3361 Plotini
1562 3294 1752 3360 verba
1794 3294 2054 3362 dilatare
2094 3320 2242 3363 con-

552 3398 767 3462 suevit.

631 3540 718 3552 —-
742 3524 846 3584 14.
887 3504 978 3567 ὅτι
1008 3503 1137 3568 ἐπεὶ
1166 3506 1219 3567 εἰ
1246 3503 1444 3583 μηδεὶς
1475 3505 1715 3589 κόσμος]
1767 3503 2125 3568 Delendum
2155 3505 2243 3568 vi-

547 3605 734 3670 detur
785 3609 859 3686 εἰ,
912 3621 1025 3672 aut
1075 3605 1477 3671 statuendum
1532 3604 1895 3670 Pleonasmo
1945 3607 2241 3695 singulari

548 3731 729 3773 usum
753 3731 883 3774 esse
906 3709 1227 3775 Plotinum
1259 3709 1341 3774 ad
1365 3708 1744 3796 Analogiam
1766 3709 2056 3775 formulae
2087 3715 2243 3780 εἴτις

545 3834 663 3900 pro
690 3838 798 3890 τις,
829 3811 909 3877 de
939 3836 1070 3899 quo
1099 3811 1422 3877 Weiskius
1466 3811 1546 3876 de
1589 3811 1971 3877 Pleonasmis
1999 3837 2064 3901 p.
2098 3816 2238 3879 180.

626 4040 693 4105 p.
723 4018 875 4103 978,
910 4037 975 4090 2.
1021 4023 1193 4098 σῶμα
1222 4021 1288 4083 δὲ
1317 4021 1385 4083 ἐν
1418 4018 1750 4101 ψυχῇ-ἵν’
1791 4019 2021 4084 ἂν-ἐν
2051 4021 2235 4110 αὐτῷ]

542 4121 708 4186 Haec
734 4144 881 4208 quae
910 4120 1094 4186 etiam
1128 4119 1369 4209 Taylor
1396 4120 1687 4187 lacunosa
1712 4121 2127 4208 judicaverat,
2156 4147 2235 4189 ex

541 4224 720 4289 bonis
775 4223 949 4289 libris
1006 4223 1286 4312 pleniora
1344 4224 1769 4304 exhibuimus,
1826 4225 1995 4290 unde
2049 4226 2235 4293 etiam

539 4343 887 4415 sumpserat
933 4326 1211 4392 FicinuS.
1303 4328 1600 4392 Ceterum
1646 4326 1817 4392 haud
1867 4328 1993 4392 scio
2038 4350 2118 4393 an
2169 4330 2232 4396 in

539 4429 635 4495 his
683 4429 835 4518 ipsis
880 4428 1220 4517 legendum
1270 4428 1394 4494 sit:
1460 4435 1633 4495 τοῦτο
1685 4433 1750 4495 δὲ
1797 4432 1991 4496 οὐκέτι
2042 4434 2233 4499 ἄλλου

542 4534 688 4622 (pro
716 4536 925 4598 τούτου
965 4532 1032 4597 δέ
1069 4533 1174 4598 οὐκ
1204 4532 1290 4598 ἔτι
1319 4535 1514 4597 ἀλλοε
1564 4534 1711 4598 Hoc
1739 4556 1888 4598 vero
1930 4557 2055 4600 non
2097 4558 2228 4602 am-

535 4634 701 4724 plius
726 4650 821 4700 est
848 4635 1018 4700 alius
1047 4635 1086 4699 i.
1105 4659 1161 4699 e.
1194 4637 1343 4700 Hoc
1370 4659 1518 4701 vero
1551 4639 1663 4719 (sc.
1698 4640 1921 4702 Unum
1951 4640 2079 4705 sive
2110 4642 2233 4706 Bo-

538 4759 712 4816 num,
747 4738 815 4801 in
842 4761 972 4825 quo
1002 4760 1175 4806 mens
1216 4741 1339 4824 est)
1370 4761 1496 4803 non
1540 4739 1810 4827 amplius
1849 4741 1932 4807 ab
1974 4741 2096 4807 alio
2137 4761 2232 4809 est

538 4864 929 4930 suspensum.
1017 4843 1207 4906 Hanc
1245 4844 1610 4908 sententiam
1652 4860 2002 4932 auguratus
2043 4846 2228 4912 etiam

535 4945 785 5011 videtur
814 4946 1153 5014 Marsilius.
1230 4949 1530 5013 Ceterum
1556 4949 1717 5016 hanc
1744 4950 2226 5038 disputationem

535 5048 613 5113 de
641 5050 846 5130 Bono,
876 5063 1174 5136 tanquam
1218 5050 1497 5116 omnium
1541 5052 1777 5120 entium
1823 5054 2130 5143 principio
2165 5072 2230 5122 et

534 5150 727 5231 fonte,
754 5152 1153 5239 conjunctam
1181 5175 1312 5218 esse
1338 5175 1483 5219 cum
1522 5171 1894 5244 argumento
1922 5157 2229 5223 Platonici

536 5252 797 5333 Philebi,
825 5253 1214 5320 Parmenidis
1243 5279 1314 5322 ac
1335 5256 1750 5345 Reipublicae,
1774 5282 1897 5324 non
1928 5278 2020 5326 est
2050 5262 2225 5348 quod

532 5378 787 5444 operose
827 5371 1320 5423 commonstrem.
1412 5359 1515 5425 Cf.
1548 5360 1734 5425 etiam
1782 5363 1981 5428 Procli
2014 5364 2221 5430 Instit.

535 5459 845 5547 Theolog.
879 5460 1101 5524 XIII.
1132 5460 1242 5526 ubi
1274 5460 1461 5549 plura
1502 5462 1755 5529 laudavi
1795 5464 1861 5529 in
1903 5481 2117 5531 annot.
2155 5491 2223 5555 p.

536 5582 634 5644 24.
682 5565 846 5629 Cum
880 5563 1173 5630 extremis
1202 5564 1404 5632 verbis
1432 5567 1626 5654 hujus
1653 5567 1873 5656 capitis
1895 5568 2224 5636 Plotiniani

3929 565 4052 633 293

2356 713 2640 802 apprime
2686 728 3065 802 congruunt,
3115 737 3261 802 quoe
3308 714 3474 783 idem
3525 716 3788 783 Proclus
3837 719 3902 782 in
3946 743 4049 785 eo-

1559 818 1876 907 Equidem
1932 818 2269 906 legendum
2356 817 2501 882 dem
2546 814 2778 897 libello,
2823 816 2931 882 sed
2976 816 3098 882 alio
3140 817 3297 899 loco,
3328 817 3556 907 posuit,
3587 820 3883 885 nimirum
3912 845 4049 910 cap.

2359 920 2676 986 CXXII.
2707 943 2773 1008 p.
2804 920 3161 1004 178-180.

2435 1060 2524 1074 —
2550 1043 2651 1105 14.
2694 1023 2895 1089 Ἀλλὰ
2938 1031 3310 1106 προσβαλεῖς
3351 1029 3463 1105 μὲν
3508 1029 3734 1110 ἀθρόως
3778 1029 3813 1092 ὁ
3859 1053 4046 1110 προσ-

2346 1125 2633 1214 βάλλων]
2682 1127 2745 1191 Ν
2747 1149 2829 1191 on
2874 1125 3161 1193 dubitavi
3197 1150 3277 1191 ex
3304 1126 3477 1193 libris
3517 1128 3741 1195 nostris
3782 1130 4050 1218 adjicere

2349 1233 2721 1300 Articulum.
2812 1233 3128 1299 Nimirum
3152 1250 3364 1321 repete
3393 1234 3470 1300 σὺ
3496 1258 3576 1300 ex
3602 1234 3783 1302 initio
3806 1238 4042 1326 capitis,

2350 1339 2671 1403 Caeterum
2722 1337 2860 1402 haec
2909 1337 3102 1402 verba
3150 1336 3488 1403 admonent
3539 1338 3930 1426 superiorum
3977 1364 4045 1429 p.

2345 1443 2497 1526 526.
2530 1442 2645 1506 B.:
2695 1442 2882 1527 ἀθρόᾳ
2925 1440 3046 1506 εἶδε
3088 1445 3424 1523 προσβολῇ.
3517 1443 3678 1519 Quae
3708 1442 3801 1508 vis
3828 1445 4048 1509 verbo-

2345 1566 2489 1609 rum
2517 1547 2759 1610 intueri
2801 1558 2866 1610 et
2906 1546 3204 1622 &atui-tus,
3235 1544 3350 1610 etsi
3392 1545 3691 1632 frequens
3732 1546 3797 1610 in
3839 1546 4046 1634 philo-

2347 1648 2687 1735 sophorum
2745 1647 2942 1726 libris,
2998 1669 3126 1712 non
3183 1661 3389 1713 tamen
3456 1647 3782 1715 advertere
3837 1652 4047 1738 potuit

2348 1750 2821 1830 Schneiderum,
2853 1766 2928 1815 ut.
2954 1750 3020 1814 in
3048 1749 3286 1817 Lexico
3315 1774 3430 1816 suo
3458 1751 3828 1841 designaret.
3920 1756 4045 1819 Sed

2340 1853 2462 1918 dici
2492 1876 2618 1919 non
2648 1868 2873 1940 potest,
2903 1867 3213 1941 quantum
3257 1853 3336 1918 ad
3382 1854 3772 1944 philosophae
3814 1858 4045 1922 oratio-

2338 1956 2434 2022 nis
2476 1958 2859 2023 notationem
2902 1957 3289 2023 desideretur
3317 1956 3631 2045 hodieque
3666 1959 3731 2023 in
3769 1961 4030 2026 Lexicis.

2341 2063 2633 2127 Ceterum
2677 2061 2910 2127 Plotini
2953 2061 3161 2127 animo
3201 2061 3568 2128 obversatus
3609 2063 3861 2130 videtur
3905 2087 4035 2129 esse

2338 2164 2754 2231 nobilissimus
2795 2164 2969 2230 locus
2997 2164 3061 2230 in
3092 2165 3391 2231 Diotimae
3418 2165 3697 2231 oratione
3726 2165 3789 2231 in
3820 2167 4031 2232 Plato-

2337 2268 2478 2333 nico
2510 2268 2840 2357 Symposio
2866 2292 2937 2357 p.
2971 2287 3331 2335 210—212.
3379 2292 3444 2357 p.
3477 2289 3625 2355 413.
3662 2293 3798 2358 sqq.
3832 2270 4035 2335 Bekk.

2338 2371 2681 2437 multorum
2710 2370 2813 2436 ille
2841 2371 3096 2459 quidem
3130 2371 3583 2438 imitationibus
3607 2372 3975 2440 celebratus.

2420 2498 2483 2563 p.
2515 2490 2663 2561 979,
2699 2496 2759 2541 2.
2817 2477 2909 2539 ὅτι
2958 2477 3182 2551 οὐσίας,
3228 2478 3325 2541 καὶ
3375 2481 3479 2541 τοῦ
3521 2479 3715 2563 ὄντος]
3794 2477 4034 2564 Taylor

2338 2594 2479 2663 post
2522 2580 2695 2646 ὄντος
2734 2577 3021 2644 additum
3050 2578 3188 2643 vult
3217 2582 3420 2648 αἴτιος.
3509 2579 3692 2644 Libri
3733 2603 3858 2645 non
3904 2582 4032 2645 suf-

2335 2681 2665 2769 fragantur
2692 2695 2755 2746 et
2782 2681 3130 2747 Plotiniana
3153 2681 3425 2747 brevitas
3454 2681 3699 2760 suadet,
3727 2698 3797 2747 ut
3826 2701 4031 2748 mente

2335 2786 2543 2874 potius
2570 2802 2925 2873 repetamus
2952 2809 3028 2850 ex
3058 2786 3587 2851 antecedentibus.
3649 2787 3838 2865 Quod
3862 2788 4032 2852 idem

2336 2889 2431 2953 vir
2452 2891 2674 2955 doctus
2701 2912 2848 2953 mox
2877 2888 3115 2977 expleri
3147 2888 3424 2954 volebat:
3474 2891 3566 2953 ὅτι
3594 2890 3769 2958 αὐτὸς
3794 2893 3908 2970 μὲν
3936 2894 4033 2955 οὐ-

2335 2991 2503 3059 δενὸς
2532 2994 2756 3056 ἑδεῖτοε
2804 3014 2919 3057 nos
2945 2990 3082 3057 looo
3109 2992 3535 3058 consuluimus
3561 3016 3681 3081 ope
3702 2992 4026 3073 librorum,

2331 3094 2443 3183 qui
2468 3095 2549 3176 μὴ
2577 3094 2852 3161 offerunt
2878 3118 2998 3183 pro
3026 3095 3157 3176 μέν.

2417 3236 2502 3250 -
2530 3218 2633 3279 14.
2678 3199 2760 3279 μὴ
2799 3201 3000 3265 τοίνυν
3041 3199 3195 3279 ζήτει
3229 3203 3462 3279 θνητοῖς
3503 3201 3728 3279 ὄμμασι
3770 3204 4030 3264 τοῦτο-

2331 3304 2365 3366 6
2393 3299 2578 3386 λόγος
2607 3331 2661 3367 κ.
2682 3329 2738 3366 τ.
2758 3302 2852 3391 λ.]
2900 3302 3136 3368 Totum
3178 3301 3347 3368 hunc
3385 3301 3592 3368 locum
3623 3326 3701 3368 ex
3729 3300 3902 3368 libris
3930 3304 4026 3368 in-

2329 3406 2592 3493 tegravi,
2623 3430 2829 3494 neque
2858 3406 3165 3487 dubitavi,
3198 3429 3329 3493 quo
3356 3405 3649 3471 orationis
3692 3420 3870 3470 tenor
3898 3430 4025 3472 ser-

2327 3524 2533 3590 vetur,
2567 3533 2713 3575 cum
2745 3510 2966 3575 Ficino
2993 3510 3224 3575 addere
3254 3509 3319 3578 ὃς
3345 3526 3490 3574 ante
3518 3508 3712 3573 πάντα
3748 3512 4021 3588 αἰσθητὰ,

2326 3612 2559 3700 quibus
2585 3613 2791 3678 verbis
2833 3613 3070 3701 aliquot
3107 3612 3248 3678 libri
3276 3612 3429 3677 εἶναι
3456 3633 3709 3699 quoque
3751 3610 4020 3687 addunt,

2324 3718 2586 3781 fortasse
2638 3732 2823 3794 recte,
2876 3739 3082 3804 neque
3133 3730 3339 3780 tamen
3386 3714 3743 3779 necessario.
3846 3713 4021 3778 Illud

2326 3825 2556 3901 θνητοῖς
2585 3821 2809 3900 ὄμμασι
2828 3826 3020 3900 ζητεῖν
3040 3818 3205 3883 idem
3235 3832 3328 3882 est
3356 3832 3546 3906 atque
3568 3821 3639 3898 τῇ
3669 3819 3843 3898 σαρκὶ
3875 3820 4019 3882 ἰδεῖν

2324 3923 2386 3987 in
2417 3923 2838 4009 sequentibus.
2886 3922 3071 3987 Plato
3091 3924 3380 4010 SympoS.
3403 3945 3470 4010 p.
3494 3940 3644 3990 212.
3664 3924 3754 3985 A.
3782 3944 3849 4008 p.
3867 3924 4015 4002 446.

2324 4025 2702 4091 contrarium
2746 4025 3042 4114 exprimit
3089 4028 3299 4107 ὁρῶντι
3344 4022 3390 4111 ᾧ
3434 4024 3643 4106 ὅρκτὸν
3690 4024 3758 4087 τὸ
3806 4025 4014 4100 καλὸν,

2323 4127 2615 4193 nimirum
2646 4129 2836 4193 animi
2866 4129 3124 4209 lumine,
3156 4142 3231 4194 ut
3256 4144 3351 4195 est
3377 4126 3538 4194 illud
3564 4127 3871 4215 Archytae
3909 4152 4012 4215 ap.

2327 4233 2458 4299 Cic.
2507 4233 2589 4297 de
2633 4235 2871 4298 Senect.
2917 4257 2969 4298 c.
3004 4233 3184 4314 XII,
3229 4233 3356 4298 sive
3401 4236 3625 4313 ὄμμασι
3667 4236 3886 4315 ψυχῆς,
3936 4232 4016 4295 de

2320 4360 2449 4423 qua
2521 4335 2831 4400 locutione
2887 4352 2950 4401 et
3009 4335 3312 4401 similibus
3370 4335 3554 4423 plura
3611 4335 3877 4422 reperies
3949 4336 4012 4399 in

2322 4437 2750 4504 Valckenaerii
2802 4438 3039 4503 Scholis
3077 4439 3145 4502 in
3193 4440 3279 4503 N.
3324 4440 3407 4504 T.
3465 4438 3523 4502 Ῑ.
3570 4460 3635 4524 p.
3687 4456 3831 4522 203.
3904 4438 4013 4503 Ja-

2317 4541 2489 4607 cobs.
2519 4541 2586 4605 in
2619 4541 2969 4629 Antholog.
3001 4542 3119 4607 Gr.
3155 4542 3331 4606 XII.
3380 4565 3442 4629 p.
3484 4561 3625 4626 191.
3671 4558 3734 4605 et
3775 4564 3876 4605 me
3918 4542 4011 4627 ip-

2318 4668 2454 4708 sum
2486 4645 2570 4709 ad
2601 4644 2825 4710 Plotin.
2854 4667 2920 4732 p.
2941 4646 3147 4732 57.B.
3183 4643 3535 4732 (peculiaris
3562 4643 3709 4709 edit.
3741 4666 3808 4731 p.
3829 4647 4005 4730 361.)

2317 4749 2464 4812 Hoc
2512 4746 2651 4812 loco
2700 4747 3018 4812 admoneo·
3049 4746 3511 4813 Platonicorum
3557 4746 3892 4810 verborum
3943 4746 4007 4810 in

2319 4849 2612 4938 Sophista
2642 4873 2706 4938 p.
2734 4869 2882 4935 254.
2902 4853 2987 4914 A.
3028 4873 3097 4938 p.
3120 4867 3261 4933 207.
3299 4873 3391 4936 sq.
3423 4847 3663 4914 Bekk.:
3711 4847 3788 4913 ‘O
3830 4849 3896 4912 δέ
3934 4873 4008 4930 γε

2315 4949 2657 5035 φιλόσοφος
2697 4958 2766 5034 τῇ
2804 4958 2909 5018 τοῦ
2946 4955 3116 5022 ὄντος
3149 4955 3244 5018 ἀεὶ
3270 4957 3365 5018 &a
3392 4957 3701 5034 λογισμῶν
3727 4955 4003 5032 προσκεί-

2310 5081 2488 5136 μενος
2533 5055 2678 5142 ῖδέα,
2709 5060 2805 5121 διὰ
2845 5057 2914 5120 τὸ
2956 5057 3232 5138 λαμπρὸν
3262 5057 3336 5121 αὐ
3364 5060 3464 5135 τῆς
3505 5056 3700 5139 χώρας
3742 5055 4003 5132 οὐδαμῶς

2314 5160 2556 5239 εὐπετὴς
2600 5163 2877 5242 ὀφθῆναι·
2928 5164 3003 5225 τὰ
3043 5164 3158 5243 γὰρ
3208 5165 3309 5238 τῆς
3354 5165 3472 5223 τῶν
3514 5164 3760 5223 πολλῶν
3802 5159 4003 5239 ψυχῆς

2312 5264 2546 5343 ὄμματα
2574 5269 2875 5345 καρτερεῖν
2902 5263 3049 5346 πρὸς
3075 5263 3142 5327 τὸ
3174 5268 3337 5329 θεῖον
3367 5264 3682 5345 ἀφορῶντα
3717 5261 3997 5325 ἀδύνατα.

2311 5366 2471 5442 Quae
2521 5364 2860 5431 admonent
2912 5365 3208 5453 Archytae
3257 5365 3588 5430 verborum
3640 5364 3703 5427 in
3766 5360 3998 5426 Stobaei

2312 5467 2611 5556 Florileg.
2647 5470 2702 5534 I.
2732 5492 2796 5556 p.
2827 5488 2924 5553 17.
2969 5492 3032 5557 p.
3063 5489 3171 5551 47.
3202 5468 3518 5534 Gaisford.
3546 5494 3560 5531 :
3610 5467 3678 5530 τὸ
3721 5464 3997 5545 λαμπρὸν

2311 5571 2466 5648 φάος
2491 5575 2826 5654 μαρανγίαν
2852 5576 3184 5654 περιτίθησι
3211 5580 3333 5640 τοῖς
3363 5576 3709 5655 ὀφθαλμοῖς.
3787 5569 3997 5635 Plato-
