5118 6613
1295 550 1497 615 LIB.
1544 550 1707 616 VII.
1754 554 2214 618 ENNEAD.
2266 554 2925 646 SECUNDAEQ.
2956 570 3317 642 327-334.

559 719 781 786 Stoicis
808 720 978 809 apud
1015 721 1333 787 Stobaeum
1366 721 1407 787 l.
1436 721 1478 787 l.
1523 725 1625 789 Ac
1655 724 2246 791 medicamentorum

555 826 745 891 modo
786 827 953 892 facta
995 827 1229 892 mentio
1274 826 1502 892 Galeni
1545 828 1729 893 etiam
1771 852 1870 894 me
1913 831 2242 907 admonet:

552 929 663 1016 qui
690 928 946 1016 quidem
977 952 1121 994 cum
1152 930 1216 993 in
1247 930 1422 994 libris
1454 931 1590 1013 περὶ
1626 929 1914 1014 κράσεων,
1947 949 2082 997 tum
2112 936 2248 1018 περὶ

551 1035 913 1115 δυσκρασίας
939 1032 1215 1120 itemque
1243 1033 1307 1097 in
1333 1032 1562 1120 scripto
1591 1032 1672 1098 de
1697 1034 1978 1100 Platonis
1998 1051 2060 1101 et
2084 1036 2250 1125 Hip-

550 1135 821 1223 pocratis
842 1136 1099 1201 Placitis
1127 1134 1297 1201 haud
1330 1158 1531 1223 pauca
1560 1136 1773 1215 habet,
1798 1162 1944 1225 quae
1971 1139 2051 1204 ad
2083 1139 2245 1205 hanc

551 1238 885 1304 Mixtionis
921 1239 1550 1327 Temperationisque
1593 1239 1937 1306 doctrinam
1982 1244 2243 1330 ejusque

547 1340 866 1406 historiam
900 1341 1232 1428 pertinent.
1309 1340 1707 1429 Chrysippus
1733 1343 1820 1407 ita
1849 1343 2135 1424 docebat,
2169 1361 2241 1410 ut

544 1444 732 1509 latius
760 1459 1000 1533 pateret
1026 1447 1198 1526 μίξις,
1221 1466 1410 1531 quam
1445 1450 1682 1527 κρᾶσιςτ
1714 1470 1902 1533 quam
1936 1449 2233 1513 rationem

544 1548 829 1636 sequitur
869 1548 1056 1613 etiam
1105 1550 1334 1614 Sextus
1362 1548 1746 1635 EmpiricuS.
1835 1551 2090 1615 Etenim
2132 1552 2233 1617 hic

542 1650 629 1716 ita
669 1651 735 1715 in
780 1650 1094 1739 Pyrrhon.
1143 1650 1478 1738 Hypotyp.
1521 1650 1662 1715 ΙΙΙ.
1699 1654 1761 1715 6.
1795 1655 1854 1737 ξ.
1884 1656 1992 1738 56.
2028 1654 2227 1741 (quod

540 1769 732 1842 caput
786 1755 922 1837 περὶ
980 1754 1242 1837 κράσεως
1297 1753 1713 1839 inscribitur):
1782 1762 1904 1823 πῶς
1961 1758 2077 1839 ἆρα
2134 1760 2231 1822 καὶ

541 1859 823 1940 γίνεσθαί
850 1866 1006 1941 φασι
1035 1860 1110 1922 τᾶ
1139 1859 1507 1940 συγκρίματα
1536 1859 1602 1921 ἐκ
1645 1864 1763 1922 τῶν
1788 1861 2034 1941 πρώτων
2063 1886 2223 1925 στοι-

538 1962 741 2044 χείων,
770 1959 918 2041 μήτε
947 1961 1150 2039 θίξεως
1179 1961 1275 2022 καὶ
1304 1962 1459 2041 ἇφῆς
1485 1962 1885 2044 ὑπαρχούσης,
1910 1961 2057 2042 μήτε
2088 1962 2224 2045 κρά-

539 2090 691 2132 σεως
717 2061 754 2145 ἢ
782 2066 993 2145 μίξεως
1032 2064 1206 2131 ὅλως.
1257 2062 1361 2126 Cf.
1392 2061 1542 2127 ibid.
1577 2066 1636 2148 ξ.
1671 2068 1773 2130 62.
1806 2079 1869 2129 et
1897 2064 1977 2130 de
2018 2066 2227 2154 Chry-

536 2166 697 2255 sippi
727 2167 1036 2232 sententia
1066 2165 1191 2230 vid.
1213 2164 1650 2230 Alexandrum
1682 2167 2229 2256 Aphrodisiensem

533 2274 669 2353 περὶ
708 2273 920 2351 μίξεως
947 2293 1009 2358 p.
1047 2289 1181 2350 141.
1248 2270 1413 2333 Nam
1461 2269 1561 2335 hic
1606 2270 1739 2358 ipse
1789 2271 2220 2360 philosophuS,

533 2395 721 2460 quem
760 2388 1041 2437 extremo
1079 2370 1216 2436 loco
1257 2369 1590 2459 appellavi,
1621 2396 1744 2437 non
1778 2374 1963 2438 modo
1992 2375 2219 2439 librum

532 2478 667 2559 περὶ
693 2479 904 2557 μίξεως
929 2474 1300 2564 composuit,
1332 2498 1550 2539 verum
1579 2475 1841 2540 alterum
1875 2476 2057 2542 etiam
2088 2480 2224 2561 περὶ

532 2580 796 2662 κράσεως
840 2582 936 2645 καὶ
978 2579 1292 2660 αὐξήσεως.
1385 2578 1543 2644 Vide
1584 2580 1853 2645 Fabricii
1897 2596 2110 2645 annot.
2139 2581 2218 2646 ad

534 2682 707 2746 Sexti
735 2681 778 2747 l.
805 2682 849 2746 l.
879 2705 943 2770 p.
980 2702 1118 2768 143·
1184 2680 1628 2746 Recentiorum
1674 2682 1966 2770 denique,
1996 2684 2144 2749 inde
2181 2709 2221 2750 a

531 2784 736 2850 medio
764 2810 902 2850 oevo
930 2807 1131 2872 usque
1157 2784 1237 2849 ad
1263 2785 1596 2873 superioris
1617 2786 1828 2851 saeculi
1848 2786 2118 2868 initium,
2139 2788 2220 2853 de

530 2887 919 2953 mistionibus
945 2886 1174 2976 placita
1201 2887 1311 2974 qui
1342 2887 1577 2953 discere
1604 2889 1839 2976 cupiat,
1862 2889 1915 2955 is
1935 2889 2217 2956 consulat

531 2992 831 3056 Morhofii
878 2990 1277 3081 Polyhistora
1311 2990 1421 3056 lib.
1454 2992 1556 3056 II.
1603 3004 1766 3080 part.
1794 2994 1897 3081 11.
1945 3016 2079 3081 cap.
2119 3014 2141 3056 ι
2152 3014 2218 3080 3.

530 3096 590 3180 ξ.
621 3096 856 3159 6—10.

627 3235 718 3247 —
770 3218 871 3264 12.
925 3199 1007 3262 Ol
1048 3197 1161 3277 μὲν
1211 3199 1329 3278 γὰρ
1372 3200 1443 3278 τῇ
1497 3198 1827 3280 παραθέσει
1870 3200 2208 3267 διδόντες-

523 3301 747 3387 ἑατέοι]
797 3301 900 3365 De
946 3298 1337 3387 appositione
1382 3301 1768 3388 (παραθέσει)
1814 3300 2084 3367 vivimus
2128 3301 2209 3367 ad

525 3405 821 3493 Inscript.
867 3404 1060 3491 hujus
1101 3402 1336 3491 capitis.
1428 3404 1670 3492 Tangit
1706 3419 1916 3470 autem
1955 3409 2213 3471 Anaxa-

518 3530 734 3595 goram
766 3520 829 3571 et
860 3503 1313 3572 Democritum.
1368 3503 1692 3571 Plutarch.
1726 3506 1807 3571 de
1837 3507 2041 3572 Placc.
2068 3508 2212 3573 Phi-

520 3606 658 3675 loss.
697 3609 757 3673 I.
790 3626 889 3692 17,
919 3630 986 3695 p.
1014 3624 1166 3693 554.
1196 3606 1562 3694 Wyttenb.:
1611 3611 1670 3672 οὶ
1697 3610 1761 3673 δὲ
1789 3608 1926 3690 περὶ
1952 3607 2207 3688 Ἀναξα-

517 3715 706 3796 γόραν
738 3713 833 3776 καὶ
862 3713 1254 3792 Δημόκριτον,
1287 3712 1435 3774 κατὰ
1461 3709 1816 3792 παράθεσιν.
1865 3710 2040 3775 Stob.
2072 3712 2206 3775 Ec·

515 3813 683 3903 logg.
723 3815 780 3878 I.
810 3814 908 3878 18.
943 3836 1008 3901 p.
1041 3812 1191 3899 368.
1224 3812 1453 3876 Heer.:
1499 3811 1907 3895 Ἀναξαγόρας
1934 3816 2038 3881 τᾶς
2067 3813 2203 3896 κρά-

516 3942 642 3985 σεις
699 3919 851 3981 κατᾶ
912 3914 1244 3998 παράθεσιν
1300 3914 1619 3996 γίγνεσθαι
1689 3920 1807 3978 τῶν
1865 3917 2201 3999 στοιχείων.

516 4018 760 4107 Tangit
792 4017 978 4082 etiam
1026 4018 1255 4082 Sextus
1286 4015 1430 4080 111.
1462 4018 1568 4081 62.
1607 4038 1670 4103 p.
1699 4021 2019 4103 145.;-εἰ
2057 4017 2202 4098 μήτε

516 4126 662 4188 κατὰ
712 4124 867 4202 θίξιν
914 4122 1351 4206 παρατιθέμενα
1397 4120 1687 4202 ἀλλήλοις
1735 4125 1811 4187 τᾶ
1868 4124 2203 4203 καλούμενα

513 4229 1140 4311 στοιχεῖα-ποιητικὸ
1168 4232 1286 4290 τῶν
1316 4224 1744 4308 συγκραμάτων
1774 4224 1926 4290 εἶναι
1960 4228 2202 4291 δύναται

514 4358 565 4394 κ.
585 4356 635 4394 τ.
660 4340 722 4395 λ.
786 4329 1029 4395 Eadem
1060 4329 1250 4394 habet
1279 4328 1582 4409 Galenus,
1610 4328 1723 4415 qui
1751 4328 1945 4416 vulgo
1971 4329 2196 4409 fertur,

508 4433 571 4498 in
605 4433 850 4499 Histor.
883 4431 1111 4498 Philos.
1143 4456 1195 4497 c.
1230 4453 1329 4497 10.
1394 4434 1684 4497 Fortasse
1709 4432 1981 4519 respexit
2010 4431 2195 4497 etiam

511 4535 913 4602 Aristotelem
969 4534 1276 4600 Plotinus‚
1372 4535 1538 4599 Nam
1591 4535 1878 4600 Stoboeus
1922 4559 1990 4624 p.
2043 4537 2195 4622 368.

509 4662 600 4727 sq.
634 4638 1056 4722 Ἀριστοτέλης
1095 4640 1192 4703 καὶ
1229 4641 1288 4703 οὶ
1325 4636 1423 4703 ἀπ’
1465 4639 1645 4702 αὐτοῦ
1680 4641 1756 4703 τᾶ
1796 4641 1910 4719 μὲν
1948 4637 2194 4719 σώματά

507 4751 658 4824 φασι
686 4742 1081 4824 θρυπτόμενα,
1114 4741 1209 4805 καὶ
1234 4743 1310 4805 τὰ
1343 4743 1521 4822 μικρᾶ
1560 4742 1738 4822 μόρια
1764 4741 2194 4823 παρατίθεσθαι

582 4989 671 5001 —
700 4971 800 5036 15.
833 4953 916 5015 Ol
939 4951 1053 5030 μὲν
1077 4951 1186 5016 οὐν
1212 4953 1316 5018 τὰς
1342 4951 1654 5030 ποιότητας
1677 4951 1865 5029 μόνας
1894 4947 2193 5030 κιρνάντες

501 5055 683 5118 -καὶ
734 5051 826 5118 ἐπ’
879 5052 1097 5138 αὐτῶν]
1157 5051 1266 5117 Ad
1316 5051 1451 5116 haec
1495 5051 1701 5139 cogita
1746 5056 1864 5114 τῶν
1904 5052 2066 5114 ὐλῶν
2107 5072 2187 5113 ex

500 5154 875 5243 praecedenti
905 5154 1013 5234 τὴν
1040 5157 1192 5234 ὕλην
1222 5154 1500 5237 ἑκατέρου
1528 5158 1634 5218 τοῦ
1661 5154 1952 5233 σώματος.
1996 5153 2186 5215 Hanc

499 5259 887 5337 sententiam,
919 5258 1078 5323 sicut
1105 5257 1256 5323 alias
1282 5257 1540 5345 aliquot,
1572 5257 1774 5344 tangit
1799 5255 1987 5321 ctiam
2026 5257 2184 5321 Sex·

496 5376 598 5428 tus
650 5363 794 5426 III.
852 5363 913 5426 6.
959 5376 1065 5446 57.
1121 5383 1188 5448 p.
1228 5379 1365 5446 143.
1414 5382 1551 5447 sqq.
1662 5356 2017 5446 Insigniora
2072 5380 2183 5446 ap-

492 5486 718 5553 ponam
745 5489 762 5528 :
809 5465 886 5527 τᾶ
942 5461 1260 5544 κιρνάμενα
1318 5464 1382 5540 ἐξ
1440 5461 1647 5528 οὐσίας
1705 5462 1802 5525 καὶ
1856 5458 2183 5540 ποιοτήτων

491 5568 849 5653 συγκεῖσθαί
886 5575 1094 5648 φασιν.
1139 5565 1269 5647 ἤτοι
1311 5565 1418 5629 οὐν
1462 5567 1567 5632 τᾶς
1604 5564 1720 5643 μὲν
1746 5564 1955 5632 οὐσίας
1990 5563 2182 5629 αὐτῶν

3915 575 4035 641 115

2331 728 2655 809 μίγνυσθαι
2687 727 2872 811 φήσει
2901 754 3008 803 τις,
3040 731 3146 796 τὰς
3189 730 3255 792 δὲ
3299 729 3612 808 ποιότητας
3652 731 3944 807 μηδαμῶς·
3989 725 4027 807 ἢ

2333 830 2437 896 τας
2462 831 2577 909 μὲν
2605 832 2919 911 ποιότητας
2946 831 3408 913 ἀναμίγνυσθαι,
3435 828 3640 909 μηκέτι
3677 831 3741 892 δὲ
3780 832 3885 896 τὰς
3923 829 4022 893 οὐ·

2333 933 2487 998 σίας.
2529 930 2568 1012 ἢ
2595 921 2727 1013 μήθ’
2761 935 2965 1016 ἕτερον
2994 934 3431 1016 ἀναμίγνυσθαι
3475 930 3724 1017 θατέρῳ,
3753 929 3791 1011 ἢ
3826 933 4022 1015 ἀμφό·

2335 1059 2478 1117 τερα
2537 1039 2818 1101 ἑνοΰσθαι
2883 1036 3190 1116 ἀλλήλοις.
3285 1033 3555 1114 Deinde,
3616 1047 4021 1121 posteaquam

2331 1156 2545 1203 omn‘es
2589 1138 2702 1202 has
2745 1139 3077 1203 sententias
3114 1137 3391 1203 refellere
3431 1136 3696 1217 studuit,
3727 1136 3814 1201 ita
3843 1159 4018 1202 suam

2327 1243 2626 1308 rationem
2673 1243 3024 1310 concludit:
3075 1249 3128 1311 εί
3166 1247 3232 1310 δὲ
3261 1247 3398 1311 οὕτε
3427 1252 3546 1309 τῶν
3575 1246 3793 1309 οὐσιῶν
3817 1246 4020 1324 μόνων

2322 1347 2697 1428 μιγνυμένων
2746 1347 3059 1428 ἀλλήλαις,
3104 1350 3239 1413 οὔτε
3281 1353 3399 1412 τῶν
3435 1346 3762 1427 ποιοτήτων
3793 1349 4014 1428 μόνων,

2322 1450 2458 1513 οὔτε
2497 1450 2873 1533 ἀμφοτέρων,
2904 1453 3040 1515 οὔτε
3084 1450 3420 1534 οὐθετέρου,
3453 1452 3698 1515 δύναται
3736 1453 4014 1533 γίνεσθαι

2321 1556 2542 1633 κρᾶσις·
2576 1556 2737 1635 παρὰ
2767 1556 2831 1617 δὲ
2860 1559 3045 1618 ταῦτα
3073 1555 3247 1619 οὐδὲν
3273 1555 3403 1619 οἶόν
3431 1554 3500 1618 τέ
3528 1556 3694 1618 ἐστιν
3724 1556 4005 1618 ἐπινοεῖν·

2317 1656 2701 1736 ἀνεπινόητος
2743 1660 2776 1721 ὁ
2820 1659 3035 1740 τρόπος
3075 1662 3177 1737 τῆς
3213 1684 3281 1722 τε
3312 1656 3574 1740 κράσεως
3604 1657 3700 1721 καὶ
3726 1657 3882 1724 ὅλως
3909 1660 4011 1736 τῆς

2312 1758 2523 1837 μίξεως
2551 1761 2700 1824 ἐστι.
2780 1761 3107 1825 Postremo
3136 1759 3350 1824 addit:
3398 1761 3783 1841 ἀνεπινόητός
3813 1761 3944 1823 ἐστι
3972 1761 4010 1839 ἡ

2315 1862 2464 1924 κατὰ
2513 1861 2649 1928 τοὺς
2698 1862 3040 1942 δοματικοὺς
3091 1864 3476 1946 φυσιολογία.
3568 1860 3769 1925 Haud
3812 1859 4010 1925 dubie

2312 1960 2425 2025 has
2486 1963 2912 2052 Scepticorum
2973 1965 3332 2052 negationes
3388 1978 3648 2028 noverat
3699 1962 4008 2043 Plotinus‚

2312 2086 2455 2128 cum
2488 2063 2699 2129 denuo
2726 2066 2807 2130 ad
2836 2065 3006 2131 hunc
3033 2065 3303 2154 lapidem
3343 2065 3726 2130 movendum
3772 2089 3837 2129 se
3864 2089 4008 2130 con-

2313 2183 2599 2232 verteret.

2400 2291 2461 2356 p.
2492 2289 2645 2355 334,
2675 2289 2774 2334 12.
2809 2271 2889 2334 01
2918 2267 2966 2333 δ’
3001 2270 3074 2333 αὖ
3103 2271 3162 2333 οἱ
3201 2268 3310 2348 τὴν
3338 2268 3408 2334 δι’
3440 2270 3602 2333 ὅλων
3632 2274 3842 2352 κρᾶσιν
3872 2273 4001 2335 εἰσ·

2310 2372 2585 2459 άγοντες]
2623 2374 2703 2438 In
2733 2372 2830 2437 his
2863 2374 3040 2437 Zeno
3068 2372 3192 2436 fuit
3216 2372 3477 2437 Stoicus.
3529 2372 3705 2437 Stob.
3730 2371 3998 2460 Eclogg.

2312 2477 2367 2540 I.
2393 2501 2452 2563 p.
2472 2493 2839 2563 370—-372.
2871 2477 3079 2556 Ζήνων
3110 2479 3174 2540 δὲ
3202 2479 3382 2543 οὕτως
3412 2478 3809 2558 ἀποφαίνεται
3838 2479 3998 2559 διαῤ-

2306 2578 2706 2662 ῥήδην.-τὴν
2736 2582 2800 2643 δὲ
2843 2581 3002 2659 μίξιν
3042 2584 3251 2661 κρᾶσιν
3284 2579 3602 2661 γίγνεσθαι
3644 2582 3715 2659 τῇ
3761 2582 3844 2646 εἷς
3885 2580 3995 2643 άλ-

2305 2691 2467 2763 ληλα
2514 2689 2634 2747 τῶν
2684 2683 3000 2766 στοιχείων
3040 2685 3373 2763 μεταβολῇ,
3416 2683 3688 2762 σώματος
3730 2683 3877 2746 ὅλου
3923 2680 3996 2748 δι’

2304 2786 2453 2851 ὅλου
2483 2786 2687 2868 ἑτέρου
2715 2785 2873 2854 τινὸς
2903 2785 3307 2869 διερχομένου.

2385 2925 2475 2937 -—
2502 2908 2601 2969 14.
2635 2889 2770 2955 τοὺς
2797 2890 3037 2970 ἱδρῶτας
3066 2888 3136 2951 οὐ
3164 2892 3270 2951 τοῦ
3297 2888 3569 2966 σώματος
3596 2888 3777 2966 τομὰς
3804 2892 3998 2951 ποιεῖν

2306 2990 2426 3055 οὐδ’
2480 2993 2554 3056 αὖ
2606 2996 3066 3074 κατατετρῆσθαι
3111 3018 3161 3054 κ.
3194 3016 3246 3054 τ.
3280 2990 3380 3079 λ.]
3436 2991 3589 3054 Huc
3638 2988 3787 3054 facit
3822 2988 3997 3054 locus

2306 3093 2628 3159 Plutarchi
2674 3094 3093 3182 Symposiacc.
3125 3095 3245 3158 VI.
3276 3113 3341 3180 3.
3376 3112 3431 3159 2.
3465 3117 3531 3179 p.
3566 3092 3709 3176 689.
3741 3116 3805 3180 p.
3841 3093 3992 3179 830.

2300 3221 2392 3284 sq.
2427 3199 2673 3285 Wytt.:
2725 3199 2821 3263 καὶ
2862 3201 2979 3282 γὰρ
3024 3201 3079 3263 εί
3119 3203 3242 3266 τοῖς
3284 3199 3488 3280 πόροις
3528 3197 3775 3275 τούτοις,
3814 3196 3990 3280 ἔφην,

2297 3303 2380 3366 ὧν
2411 3302 2558 3368 ἔνιοι
2600 3302 2977 3388 περιέχονται
3021 3302 3117 3367 καὶ
3159 3303 3456 3385 ἀγαπῶσι,
3490 3299 3875 3384 κατατρήσειέ
3907 3327 3992 3370 τις

2296 3405 2405 3485 τὴν
2434 3406 2648 3489 σάρκα,
2679 3410 2994 3489 πλαδαρὰν
3024 3406 3121 3470 καὶ
3163 3407 3430 3488 τρομώδη
3469 3405 3566 3469 καὶ
3600 3407 3834 3487 σαθρὰν
3862 3430 3994 3469 ποι·

2295 3503 2466 3584 ήσας,
2498 3506 2643 3587 τόγε
2668 3505 2747 3585 μὴ
2775 3511 2958 3570 ταῦτα
2990 3504 3143 3592 (leg.
3173 3503 3386 3588 ταύτά)
3417 3508 3525 3568 τοῦ
3566 3505 3837 3583 σώματος
3876 3506 3984 3585 μό-

2294 3631 2394 3688 ρια
2409 3604 2477 3668 τὸ
2498 3605 2688 3670 ποτὸν
2707 3605 3151 3690 προσδέχεσθαι
3174 3605 3268 3669 καὶ
3294 3604 3363 3668 τὸ
3389 3604 3602 3678 σίτιον,
3625 3602 3763 3667 ἀλλ’
3783 3597 3986 3688 ὅσπερ

2293 3710 2498 3790 ἠθμοῖς
2528 3711 2943 3790 καταῤῥεῖσθαι
2972 3708 3067 3772 καὶ
3097 3707 3537 3788 ἀποκρίνεσθαι,
3561 3705 3763 3786 κομιδὴ
3789 3714 3986 3770 πλασ-

2291 3816 2553 3892 ματῶδες
2599 3811 2692 3875 καὶ
2737 3812 3087 3875 ἀλλόκοτον·
3137 3811 3279 3891 αὕτη
3309 3811 3426 3892 γὰρ
3453 3810 3490 3889 ἡ
3518 3808 3665 3891 πρὸς
3692 3808 3760 3873 τὸ
3796 3809 3983 3892 ὑγρὸν

2292 3913 2557 3995 ἀνάμιξις
2592 3916 2932 3996 θρύπτουσα
2967 3915 3043 3976 τὰ
3081 3914 3262 3987 σιτία,
3296 3912 3393 3977 καὶ
3435 3915 3699 3995 συνεργὰ
3739 3911 3982 3993 λαμβά-

2292 4044 2481 4082 νουσα
2523 4017 2592 4081 τὸ
2637 4017 2855 4099 θερμὸν
2883 4016 2952 4081 τὸ
2993 4016 3178 4091 ἐντὸς,
3212 4016 3308 4080 καὶ
3349 4015 3418 4079 τὸ
3460 4020 3712 4096 πνεῦμα,
3742 4014 3982 4081 πάντων

2287 4119 2561 4203 ὀργάνων
2590 4117 2994 4202 ἀκριβέστατα
3027 4117 3248 4186 πάσαις
3288 4123 3493 4199 τομαῖς
3527 4118 3624 4181 καὶ
3652 4117 3979 4200 διαιρέσεσι

2285 4224 2568 4287 λεπτύνει
2624 4221 2732 4301 τὴν
2789 4218 3037 4303 τροφήν.
3131 4218 3430 4284 Proxima
3487 4216 3745 4298 Plotini,
3803 4219 3855 4284 si
3911 4219 3974 4283 in

2286 4343 2464 4393 textu
2495 4340 2708 4390 nostro
2735 4339 3064 4412 persanata
3091 4339 3259 4403 sunt,
3287 4323 3375 4388 ita
3410 4323 3768 4410 accipienda
3801 4339 3972 4404 sunt,

2284 4445 2358 4494 ut
2407 4427 2645 4515 accepit
2698 4425 2976 4505 Ficinus‚
3023 4443 3086 4491 et
3128 4427 3322 4491 verba
3371 4426 3440 4491 τὸ
3491 4425 3678 4508 ὑγρὸν
3722 4428 3972 4491 δεύοντα

2283 4534 2434 4599 αὐτὰ
2459 4528 2863 4619 explicanda:
2895 4527 3219 4593 humorem
3252 4528 3315 4592 in
3346 4552 3410 4593 se
3437 4528 3766 4616 recipiunt.
3816 4530 3973 4594 For-

2277 4651 2439 4701 tasse
2496 4649 2702 4698 tamen
2757 4630 3046 4695 Plotinus
3104 4630 3460 4719 scripserat:
3529 4633 3598 4696 τὸ
3656 4632 3841 4715 ὑγρὸν
3898 4632 3969 4698 δι’

2276 4740 2424 4803 ὅλου
2454 4741 2627 4801 δεῦον
2654 4736 2802 4800 αὐτὰ
2846 4735 2941 4799 καὶ
2981 4737 3240 4818 διαῤῥεῖν
3270 4736 3368 4800 ἐπὶ
3394 4735 3633 4818 θάτερα,
3665 4734 3870 4801 deleto
3898 4737 3967 4801 τὸ

2276 4840 2462 4923 ὑγρὸν
2489 4836 2765 4903 secundo
2792 4836 2945 4902 lom.
3036 4836 3220 4916 Quod
3252 4837 3333 4902 ad
3363 4837 3532 4902 hunc
3560 4836 3767 4903 locum
3798 4838 3965 4904 Fici·

2278 4965 2397 5006 nus
2440 4937 2797 5026 exemplum
2842 4937 3207 5003 laminarum
3255 4939 3669 5005 eburnearum
3719 4963 3968 5005 cornea-

2277 5067 2545 5132 rumque
2571 5042 2847 5130 itemque
2876 5041 3399 5121 membranarum,
3430 5066 3544 5130 per
3571 5067 3731 5131 quas
3757 5043 3962 5109 oleum

2274 5158 2581 5235 penetret,
2612 5145 2846 5234 posuit,
2877 5167 3003 5209 non
3048 5144 3332 5233 ineptum
3376 5160 3506 5220 est:
3555 5145 3662 5211 sed
3706 5146 3965 5210 fortasse

2271 5249 2570 5338 cogitavit
2610 5246 2921 5327 Plotinus‚
2965 5270 3109 5313 cum
3157 5248 3254 5313 ἐπὶ
3302 5254 3604 5334 τεχνητῶν
3648 5248 3961 5330 scriberet,

2265 5352 2404 5417 illos
2434 5350 2771 5434 ἑλεφάντου
2796 5354 3193 5432 μαλακτῆρας,
3224 5350 3337 5437 qui
3381 5350 3574 5440 zytho
3619 5349 3963 5416 hordeaceo

2267 5469 2331 5520 et
2359 5452 2777 5541 mandragora
2804 5453 2963 5517 ebur
2988 5449 3372 5517 molliebant.
3467 5449 3839 5519 Plutarchus
3880 5452 3961 5518 de

2268 5555 2620 5623 vitiositate
2648 5554 2730 5621 ad
2763 5554 3059 5621 Infelicit.
3091 5553 3433 5620 sufficiente
3458 5576 3522 5642 p.
3544 5575 3693 5643 499.
3718 5578 3772 5621 e.
3806 5580 3872 5645 p.
3895 5577 3959 5644 9.

2325 5685 2383 5745 Q
2417 5670 2464 5735 2
3698 5691 3710 5702 ·
