5118 6613
1057 614 1136 675 14

1048 763 1388 853 adjuvaret.
1479 763 1643 827 Nam
1675 760 1917 827 Graecis
1957 760 2232 848 quidem,
2271 783 2343 825 ac
2383 759 2723 847 praesertim

1049 867 1386 933 Platonieoe
1413 864 1818 953 philosophiae
1845 863 2052 952 gnaris
2079 862 2228 927 nihil
2251 863 2586 951 quicquam
2617 862 2728 928 ob-

1049 993 1299 1036 scurum
1328 969 1522 1033 inerat
1549 966 1613 1031 in
1643 965 1976 1032 illaoaltera
2016 966 2408 1053 inscriptione
2449 969 2524 1031 de
2552 968 2721 1032 Dia-

1049 1072 1280 1135 lectica.
1371 1071 1684 1135 Caeterum
1712 1091 1854 1134 cum
1898 1067 1979 1132 ad
2014 1067 2181 1132 hunc
2223 1066 2447 1132 librum
2482 1083 2616 1132 tum
2645 1066 2726 1131 ad

1049 1171 1317 1259 reliquos
1348 1170 1726 1237 Plotinianos
1767 1170 2005 1235 faciunt
2045 1170 2226 1235 bonae
2257 1170 2458 1258 frugis
2499 1169 2726 1258 plenis-

1051 1274 1221 1339 simae
1269 1276 1648 1350 Quoestiones
1689 1274 1764 1337 de
1806 1272 2152 1337 Dialectica
2196 1273 2435 1337 Phtini
2484 1274 2728 1338 ratione

1050 1388 1300 1442 auctore
1320 1379 1407 1442 D.
1425 1378 1500 1442 C.
1523 1377 1608 1441 K.
1632 1377 1710 1440 A.
1742 1375 2091 1441 Steinhart.
2139 1375 2200 1438 N
2207 1374 2515 1463 umburgi.
2542 1377 2726 1461 1829.

1052 1494 1184 1560 4to.

1136 1604 1198 1668 p.
1228 1600 1335 1665 39,
1372 1599 1469 1643 11.
1517 1581 1664 1643 ὅπου
1705 1577 1843 1661 μὲν]
1896 1575 2148 1641 Ficinus
2175 1599 2444 1663 eumque
2473 1591 2727 1642 secutus

1051 1682 1284 1770 Taylor
1299 1695 1667 1769 acceperunt
1687 1681 1819 1745 haec
1842 1703 1958 1768 pro
1977 1702 2117 1744 cum
2138 1702 2186 1742 s.
2211 1679 2724 1766 quandoquidem,

1054 1785 1165 1872 qui
1186 1807 1337 1849 usus
1365 1783 1511 1848 alibi
1535 1806 1659 1848 non
1687 1783 2043 1869 infrequens
2067 1780 2222 1863 (vid.
2246 1783 2440 1845 Tens.
2463 1796 2526 1846 et
2548 1781 2724 1846 Reiz.

1054 1885 1137 1952 ad
1167 1887 1521 1952 Lucianum
1551 1886 1806 1952 Aetion.
1835 1907 1899 1972 p.
1928 1886 2071 1970 832.
2123 1883 2428 1972 Leopold.
2461 1883 2541 1947 ad
2576 1883 2725 1949 Plu-

1055 1990 1249 2056 tarch.
1284 1989 1539 2054 Romul.
1576 2007 1679 2070 24.
1698 2008 1761 2074 3.
1790 2011 1856 2075 p.
1888 2007 2028 2072 150.
2058 1985 2193 2051 coll.
2214 2009 2275 2073 p.
2294 2004 2434 2071 154.
2465 1985 2575 2050 sed
2602 2009 2730 2074 quo

1056 2092 1261 2157 minus
1312 2091 1400 2155 ita
1442 2090 1832 2178 accipiamus,
1877 2089 2164 2178 prohibet
2209 2111 2471 2176 sequens
2513 2090 2591 2157 ὣς
2636 2090 2732 2153 ἐπὶ

1057 2196 1190 2277 τάγ.
1271 2192 1375 2258 Illi
1406 2195 1553 2257 ὅπου
1581 2195 1692 2272 μὲν
1720 2192 1784 2257 h.
1807 2191 1850 2255 l.
1892 2190 2220 2279 respondet
2261 2205 2473 2279 postea
2505 2193 2639 2256 τίνα
2667 2193 2733 2255 δὲ

1058 2302 1153 2363 δεῖ
1176 2296 1326 2362 εἶναι
1354 2323 1406 2361 τ.
1442 2298 1498 2360 ἀ.
1548 2316 1751 2382 neque
1792 2294 1951 2359 enim
2003 2293 2338 2358 necessario
2374 2293 2438 2357 in
2478 2292 2733 2381 apodosi

1058 2399 1337 2487 sequitur
1365 2401 1512 2463 ὅπου
1541 2401 1604 2463 δὲ
1637 2397 1923 2480 (docente
1951 2396 2262 2462 Schaefero
2303 2395 2383 2460 ad
2414 2395 2623 2482 Viger.
2654 2395 2734 2460 de

1061 2501 1251 2567 Idiot.
1270 2501 1431 2566 VII.
1467 2519 1565 2565 10.
1593 2522 1661 2581 4.
1691 2522 1754 2587 p.
1777 2505 1976 2586 432.).
2018 2499 2366 2565 Universus
2393 2497 2565 2563 locus
2592 2521 2735 2586 pro-

1057 2603 1202 2668 inde
1229 2604 1318 2667 ita
1345 2601 1677 2667 vertendus
1706 2617 1863 2667 erat:
1900 2604 2043 2680 Quo
2070 2601 2231 2666 enim
2255 2602 2331 2683 (s.
2351 2624 2537 2688 quem
2569 2601 2732 2666 enim

1061 2706 1124 2770 in
1169 2704 1403 2788 locum)
1450 2702 1724 2768 eundum
1769 2718 1883 2780 est,
1930 2718 2224 2791 tanquam
2269 2702 2350 2767 ad
2381 2705 2628 2768 Bonum
2671 2719 2735 2768 et

1062 2806 1448 2894 Principium
1486 2805 1757 2893 primum
1788 2805 1860 2887 (i.
1881 2830 1937 2870 e.
1968 2829 2097 2892 quo
2125 2828 2485 2892 persuasum
2514 2806 2592 2869 sit
2622 2829 2732 2870 no-

1058 2908 1176 2986 bis,
1202 2923 1494 2972 venturos
1523 2930 1634 2971 nos
1660 2905 1741 2970 ad
1773 2908 2017 2972 Bonum
2051 2909 2221 2993 δια),
2242 2907 2306 2971 in
2334 2906 2632 2971 concessis
2658 2908 2736 2973 sit

1062 3010 1620 3100 positum—Quem
1650 3031 1794 3073 vero
1819 3023 2063 3096 oportet
2091 3032 2220 3073 esse
2244 3009 2705 3075 reducendum?

1145 3149 1232 3162 -
1258 3132 1358 3197 15.
1385 3115 1668 3192 μουσικοῦ
1694 3111 1875 3196 τινος]
1926 3109 2027 3176 Cf.
2063 3110 2338 3176 Platonis
2367 3112 2621 3177 Phaedr.
2665 3136 2733 3201 p.

1068 3213 1209 3296 248.
1241 3237 1300 3300 p.
1319 3232 1427 3294 44.
1458 3210 1660 3276 Bekk.
1710 3211 1858 3299 ibiq.
1908 3212 2200 3277 Hermias
2236 3212 2313 3277 ad
2358 3236 2495 3301 cap.
2531 3215 2630 3279 28.
2676 3228 2738 3280 et

1066 3320 1199 3384 Ast.
1245 3342 1307 3406 p.
1339 3336 1489 3403 307.
1520 3331 1584 3381 et
1619 3317 1948 3403 Praeparat.
1994 3316 2073 3381 ad
2114 3315 2338 3382 Plotin.
2368 3318 2448 3383 de
2478 3317 2734 3384 Pulcrit.

1064 3422 1341 3511 p.CIII.
1363 3443 1458 3507 sq.
1488 3442 1676 3508 porro
1698 3417 1942 3483 Platon.
1966 3419 2307 3507 Rempubl.
2335 3420 2476 3483 ΙΙΙ.
2504 3444 2573 3508 p.
2589 3439 2737 3502 402.

1064 3544 1215 3610 403.
1263 3521 1478 3610 Steph.
1508 3545 1575 3609 p.
1601 3521 1740 3608 138.
1770 3540 1913 3607 139.
1960 3520 2249 3586 Bekkeri.
2339 3520 2632 3587 Proclum
2674 3522 2738 3588 in

1066 3626 1267 3692 Alcib.
1296 3649 1394 3714 pr.
1423 3649 1486 3714 p.
1513 3645 1658 3710 194.
1691 3647 1824 3711 sqq.
1855 3646 1921 3709 p.
1947 3640 2085 3709 197.
2122 3643 2265 3709 205.
2293 3625 2433 3691 206.
2462 3625 2610 3689 208.
2639 3624 2737 3689 ed.

1065 3744 1257 3795 nostr.
1288 3740 1352 3793 et
1378 3726 1459 3791 ad
1492 3726 1756 3792 universi
1784 3725 1974 3814 hujus
2012 3726 2152 3792 libri
2190 3742 2630 3815 argumentum
2657 3728 2736 3792 cf.

1067 3831 1344 3897 Platonis
1392 3829 1471 3894 de
1517 3828 1794 3917 Republ.
1841 3827 2066 3894 librum
2114 3832 2445 3917 septimum
2487 3848 2551 3894 et
2599 3829 2739 3915 libri

1065 3936 1217 3999 noni
1257 3933 1467 4011 finem,
1498 3932 1607 3995 ubi
1649 3931 1833 3996 etiam
1874 3934 1906 3995 ὁ
1934 3933 2213 4013 μουσικὸς
2254 3947 2630 3997 memoratur
2672 3955 2735 4020 p.

1066 4056 1217 4121 591.
1245 4058 1310 4122 p.
1330 4036 1480 4118 463.
1511 4031 1800 4098 Bekkeri.

1155 4160 1222 4222 p.
1260 4155 1367 4217 40,
1414 4135 1475 4199 8.
1528 4133 1616 4199 ἐπ’
1665 4136 1983 4221 ἄκρῳ-τῷ
2034 4136 2248 4222 νοητῷ]
2316 4137 2420 4202 Cf.
2462 4135 2741 4202 Platonis

1072 4238 1317 4306 Phaedr.
1340 4262 1396 4304 c.
1418 4241 1518 4304 26.
1550 4250 1611 4301 et
1637 4235 1703 4300 in
1731 4258 1876 4301 eum
1899 4236 2190 4301 Hermias
2218 4253 2281 4302 et
2297 4242 2443 4304 Ast.
2468 4239 2531 4304 in
2554 4242 2742 4306 Com-

1069 4357 1260 4407 ment.
1310 4364 1377 4429 p.
1403 4358 1554 4427 301.
1640 4337 1878 4426 Attigit
1922 4338 2190 4404 eundem
2241 4341 2492 4406 Phaedri
2537 4341 2742 4407 locum

1073 4443 1335 4510 Proclus
1358 4443 1424 4507 in
1456 4440 1887 4507 Parmenidem
1917 4441 1977 4507 Ι.
2003 4464 2070 4528 p.
2091 4462 2152 4524 4.
2186 4460 2248 4526 7.
2276 4442 2375 4507 ed.
2402 4444 2654 4510 Cousin.

1155 4546 1241 4611 ib.
1289 4546 1440 4627 Περὶ
1467 4548 1531 4609 δὲ
1559 4548 1660 4624 τῆς
1685 4545 2021 4633 ἀναγωγῆς]
2070 4544 2253 4609 Plato
2282 4546 2553 4633 Republ.
2580 4547 2741 4612 VII.

1072 4673 1139 4737 p.
1159 4666 1311 4735 517.
1340 4672 1406 4736 p.
1427 4666 1578 4733 331.
1608 4645 1836 4712 Bekk.:
1886 4647 1980 4711 καὶ
2008 4647 2114 4711 τὸν
2143 4650 2545 4732 ἐπιχειροῦντα
2574 4651 2743 4715 λύειν

1076 4751 1169 4815 καὶ
1198 4749 1459 4832 ἀνάγειν.

1157 4887 1245 4901 -
1296 4870 1395 4932 14.
1452 4850 1780 4937 φθόγγους]
1857 4850 2058 4915 Sonos
2112 4850 2501 4916 harmonicae
2557 4851 2743 4917 vertit

1076 4949 1414 5028 Marsilius,
1436 4972 1566 5036 quo
1585 4948 1877 5013 nimirum
1902 4948 2201 5037 insignius
2229 4949 2636 5037 distingueret
2661 4952 2743 5018 ab

1070 5050 1572 5120 antecedentibus
1611 5053 1856 5135 ψόφοις.
1911 5052 2135 5115 Vocem
2182 5053 2463 5135 φθόγγος,
2493 5052 2742 5140 proprie

1071 5156 1153 5221 de
1178 5178 1329 5221 voce
1355 5154 1646 5233 humana,
1677 5153 1900 5219 deinde
1926 5178 2175 5243 quoque
2218 5155 2470 5221 citharae
2508 5169 2625 5223 cet.
2668 5157 2744 5221 il-

1071 5258 1338 5325 lustrant
1357 5257 1679 5345 scriptores
1696 5257 1761 5321 in
1782 5257 2079 5346 Stephani
2100 5260 2426 5325 Thesauro
2445 5284 2508 5348 p.
2526 5262 2743 5344 10084.

1072 5361 1174 5427 ed.
1206 5359 1473 5426 Londin.
1503 5359 1763 5440 laudati,
1792 5360 2021 5447 quibus
2047 5361 2191 5428 add.
2228 5361 2548 5430 Schleusn.
2579 5365 2741 5430 Lex.

1074 5466 1164 5529 N.
1185 5464 1267 5528 T.
1293 5464 1355 5528 in
1387 5487 1523 5528 voc.
1553 5477 1616 5528 et
1644 5461 2062 5529 Valckenaerii
2094 5464 2301 5530 Schol.
2342 5465 2407 5530 in
2452 5467 2534 5531 N.
2568 5469 2650 5532 T.
2685 5469 2739 5532 I.

1073 5587 1140 5660 p.
1168 5583 1318 5652 344.
1405 5567 1719 5632 Caeterum
1745 5564 2019 5631 animum
2047 5565 2298 5632 adverte
2326 5566 2408 5633 ad
2433 5568 2743 5658 repetitio-

2011 588 2830 656 ANNOTATIONES
2894 588 3006 652 IN
3070 589 3515 654 PLOTINI

2807 783 2946 825 nem
2987 759 3155 825 vocis
3199 761 3431 841 ἕτοιμον
3472 758 3713 823 diverso
3754 756 4098 846 significatu
4140 771 4475 845 usurpatas.

2812 862 2996 927 Talia
3022 862 3310 927 nimirum
3353 861 3467 926 sibi
3508 859 3829 947 indulgere
3867 859 4018 925 solet
4058 860 4244 925 rebus
4285 859 4481 947 magis

2809 965 3083 1031 intentus
3130 987 3317 1052 quam
3363 963 3564 1027 verbis
3608 963 4004 1051 Lycopolites
4054 962 4476 1051 philosophus.

2813 1067 3104 1133 Proxime
3145 1067 3464 1132 lectionem
3494 1065 3652 1131 cod.
3676 1064 3954 1130 Vaticani
3996 1067 4208 1149 εὔηχον
4237 1065 4480 1153 profec-

2812 1185 2938 1235 tam
2971 1170 3236 1235 arbitror
3261 1192 3301 1234 a
3327 1167 3597 1247 librario,
3627 1168 3737 1256 qui
3765 1167 4019 1232 referret
4060 1168 4142 1232 ad
4180 1174 4301 1236 τοῖς
4344 1167 4478 1252 ᾀδο-

2810 1273 3007 1353 μένοις
3034 1295 3233 1360 neque
3261 1271 3585 1359 respiceret
3607 1271 3900 1355 σχήματα,
3921 1294 4065 1357 quae
4089 1294 4233 1335 mox
4255 1291 4482 1334 memo-

2811 1392 3047 1441 rantur.
3137 1376 3419 1460 Σχήματα
3461 1389 3664 1438 autem
3695 1392 3758 1437 et
3802 1373 4116 1438 rhetorum
4148 1387 4211 1438 et
4238 1370 4483 1436 saltato-

2813 1501 2951 1543 rum
2982 1502 3111 1542 esse
3139 1492 3396 1542 constat.
3470 1478 3629 1556 Quae
3662 1476 4013 1563 Stephanus
4039 1489 4101 1540 et
4129 1475 4390 1540 editores
4416 1473 4481 1537 in

2812 1581 3007 1647 Thes.
3036 1604 3099 1669 p.
3120 1600 3309 1666 3944.
3342 1579 3550 1645 Lond.
3579 1577 3898 1665 collegere,
3927 1577 4001 1642 iis
4040 1575 4203 1642 adde
4231 1574 4483 1641 Ernesti

2811 1684 3126 1772 disputata
3160 1682 3222 1746 in
3253 1683 3408 1746 Lex.
3444 1682 3646 1747 Graec.
3680 1682 3870 1745 Rhet.
3919 1679 4182 1745 technol.
4230 1702 4294 1767 p.
4328 1678 4480 1765 338.

2812 1809 2945 1874 sqq.
3034 1785 3145 1851 Ad
3175 1784 3412 1872 reliqua
3436 1784 3663 1849 adhibe
3693 1782 3938 1848 Platon.
3971 1783 4170 1870 Legg.
4202 1784 4301 1847 ΙΙ.
4334 1783 4477 1861 664.

2814 1913 2906 1976 sq.
2935 1911 3000 1976 p.
3025 1890 3169 1974 256.
3203 1887 3493 1952 Bekkeri.
3540 1885 3861 1952 Aristotel.
3885 1886 4148 1950 Rhetor.
4175 1886 4319 1949 III.
4345 1904 4481 1965 1.4.

2813 2014 2953 2056 cum
2982 1990 3234 2078 interpr.
3265 1989 3536 2077 Longini
3566 1990 3884 2076 Fragmm.
3922 1989 4062 2053 ΙΙΙ.
4092 2008 4156 2073 5.
4208 1984 4486 2052 Theonis

2818 2091 3122 2180 Smyrnaei
3170 2091 3417 2156 Musica
3460 2114 3597 2179 cap.
3636 2112 3687 2155 1.
3744 2091 3892 2179 ibiq.
3942 2090 4234 2156 Bulliald.
4283 2105 4347 2155 et
4395 2088 4480 2154 cf.

2818 2195 3135 2261 Plotinum
3166 2194 3369 2282 ipsum
3402 2196 3503 2258 II.
3528 2214 3592 2279 3.
3625 2215 3720 2281 13.
3771 2196 3847 2258 V.
3870 2214 3930 2278 9.
3962 2213 4059 2257 11.

2903 2323 2964 2386 p.
2984 2317 3091 2380 41,
3113 2318 3175 2379 4.
3207 2299 3457 2378 ὕστερον
3484 2296 3759 2385 λεκτέον]
3811 2296 3918 2360 Ad
3958 2293 4317 2359 sententiam
4362 2292 4482 2357 hu-

2808 2402 2917 2490 jus
2957 2399 3141 2489 primi
3187 2399 3406 2487 capitis
3453 2397 3847 2464 adhibendus
3892 2394 4197 2461 Aristides
4243 2395 4488 2475 Quinti-

2817 2504 3017 2568 lianus
3044 2502 3124 2568 de
3154 2502 3402 2567 Musica
3436 2505 3490 2566 Ι.
3517 2520 3576 2567 2.
3602 2525 3616 2565 2
3667 2500 4019 2579 Διαλεκτικὴ
4056 2502 4120 2563 δὲ
4163 2501 4257 2563 καὶ
4283 2500 4321 2579 ἡ
4348 2500 4482 2563 ταύ-

2816 2633 2916 2688 της
2943 2607 3086 2692 (sic)
3119 2608 3507 2688 ἀντίστροφος
3531 2605 3735 2689 ψυχὴν
3761 2607 3872 2684 μὲν
3899 2604 4128 2684 ὤνησεν
4153 2603 4299 2685 πρὸς
4338 2605 4483 2685 φρό·

2820 2733 3009 2788 νησιν,
3043 2711 3096 2772 εἰ
3120 2712 3366 2788 μουσικῇ
3396 2707 3741 2789 παραλάβοι
3769 2706 4219 2789 κεκαθαρμένην.
4297 2707 4399 2769 De
4426 2705 4487 2768 vi

2819 2809 3079 2874 musices
3103 2809 3184 2874 ad
3211 2807 3567 2874 formandos
3598 2809 3901 2895 juvenum
3942 2807 4177 2872 animos
4212 2807 4489 2895 disputat

2822 2909 3081 2976 Proclus
3125 2911 3189 2974 in
3244 2910 3451 2974 Alcib.
3501 2933 3596 2998 pr.
3648 2932 3712 2997 p.
3751 2931 3890 2995 194.
3941 2933 4077 2997 sqq.
4151 2911 4488 2997 Apponam

2818 3012 3009 3077 verba
3055 3014 3165 3077 Jo.
3196 3011 3642 3100 chrysostomi,
3690 3035 3835 3099 quae
3884 3012 4069 3078 etiam
4115 3011 4196 3076 ad
4244 3011 4489 3077 initium

2821 3115 3131 3202 sequentis
3163 3115 3380 3203 capitis
3407 3114 3714 3202 pertinent
3742 3115 3806 3179 in
3837 3114 4043 3179 Psalm
4074 3113 4179 3179 xli.
4222 3137 4283 3202 p.
4309 3118 4484 3195 146.:

2821 3219 2993 3283 οὐδὲν
3022 3221 3202 3286 οὕτως
3229 3219 3503 3298 ἀνίστησι
3530 3218 3757 3301 ψυχὴν,
3791 3219 3886 3282 καὶ
3911 3224 4118 3300 πτεροῖ
4141 3219 4236 3282 καὶ
4261 3221 4361 3297 τῆς
4387 3220 4493 3299 γῆς

2822 3320 3208 3400 ἀπαλλάττει,
3241 3322 3336 3385 καὶ
3373 3327 3488 3386 τῶν
3514 3325 3618 3385 τοῦ
3644 3323 3911 3401 σώματος
3954 3322 4201 3386 ἀπολύει
4237 3325 4488 3401 δεσμῶν,

2824 3425 2918 3489 καὶ
2960 3430 3325 3508 φιλοσοφεῖν
3366 3430 3542 3501 ποιεῖ,
3588 3424 3681 3488 καὶ
3725 3423 3960 3489 πάντων
4004 3427 4335 3505 καταγελᾶν
4376 3428 4492 3487 τῶν

2821 3533 3129 3607 βιωτικῶν,
3157 3529 3233 3594 ὥς
3257 3526 3439 3606 μέλος
3465 3527 3809 3609 συμφωνίας
3838 3527 3931 3590 καὶ
3960 3528 4153 3611 ῥυθμῷ
4184 3528 4488 3608 συγκείμε-

2825 3655 2930 3694 νον
2955 3634 3117 3695 θεῖον
3148 3627 3326 3713 ᾆσμα.
3369 3628 3581 3713 [Conf.
3608 3630 3680 3692 C.
3714 3628 3892 3692 Anne
3919 3628 4043 3693 den
4072 3629 4215 3691 Tex
4238 3627 4490 3715 Disput.

2824 3730 2903 3795 de
2932 3730 3009 3794 Vi
3041 3730 3317 3795 Musices
3359 3730 3435 3794 ad
3484 3728 3887 3794 excolendum
3932 3729 4263 3796 hominem.
4317 3730 4491 3818 Traj.

2825 3833 2905 3898 ad
2935 3833 3066 3898 Rh.
3099 3833 3283 3898 1816.
3311 3851 3446 3917 170.
3471 3855 3578 3919 pp.
3603 3834 3762 3916 Mn]

2906 3937 3068 3999 —6.
3096 3933 3134 4015 ἢ
3162 3934 3471 4019 παρέλθοι]
3522 3936 3561 3999 i.
3584 3959 3639 3999 e.
3671 3933 3766 3998 vel
3797 3932 3982 3998 altius
4016 3932 4348 3999 adscendat
4383 3956 4491 3997 su·

2824 4060 2936 4125 per
2962 4060 3104 4102 eum
3132 4037 3358 4115 locum,
3389 4059 3518 4125 quo
3547 4040 3580 4100 ὁ
3609 4036 3882 4116 μουσικὸς
3907 4049 4020 4100 est.
4065 4034 4347 4122 Respicit
4366 4034 4431 4099 h.
4450 4035 4491 4099 l.

2825 4139 3111 4205 Plotinus
3161 4139 3501 4204 doctrinam
3549 4138 3629 4203 de
3676 4137 3975 4226 gradibus
4024 4136 4104 4201 ad
4154 4136 4493 4223 superiora,

2824 4265 2970 4329 quae
2996 4265 3035 4307 a
3065 4241 3323 4306 Platone
3350 4240 3628 4329 principe
3659 4239 3885 4305 tradita
3912 4263 3951 4303 a
3968 4239 4320 4325 junioribus
4348 4241 4492 4307 Pla-

2826 4343 3041 4409 tonicis
3084 4342 3351 4432 amplius
3395 4341 3700 4430 explicata
3744 4355 3857 4406 est.
3946 4341 4080 4406 Nos
4123 4341 4188 4406 h.
4219 4343 4261 4407 l.
4309 4343 4497 4409 solius

2830 4445 3136 4536 Symposii
3187 4445 3611 4524 admonemus,
3663 4467 3740 4508 ex
3790 4444 3970 4532 cujus
4016 4444 4308 4533 primaria
4357 4470 4493 4512 ora-

2829 4549 3014 4627 tione,
3049 4547 3356 4613 Socratica
3401 4546 3711 4626 nimirum,
3753 4545 3870 4611 hoc
3914 4547 4266 4615 universum
4307 4562 4497 4637 caput

2827 4652 2907 4717 de
2935 4650 3257 4717 educando
3281 4650 3579 4715 amatorio
3607 4649 4005 4738 desumptum
4047 4668 4160 4718 est.
4247 4652 4387 4718 Vid.
4432 4675 4493 4740 p.

2831 4773 2971 4820 210.
3003 4778 3096 4841 sq.
3144 4753 3358 4841 Steph.
3389 4776 3454 4841 p.
3476 4771 3630 4834 442.
3662 4775 3800 4839 sqq.
3830 4752 4029 4818 Bekk.
4064 4755 4173 4820 ubi
4200 4769 4264 4820 et
4288 4754 4408 4819 alia
4433 4769 4496 4819 et

2825 4856 2993 4922 haec:
3041 4860 3208 4921 τοῦτο
3237 4860 3351 4939 γὰρ
3389 4854 3460 4936 δή
3498 4857 3625 4919 ἐστι
3664 4856 3731 4919 τὸ
3776 4857 3958 4939 ὀρθῶς
4002 4858 4096 4922 ἐπὶ
4137 4860 4211 4921 ra
4255 4860 4496 4938 ἐρωτικὰ

2828 4959 2978 5024 ἰέναι
3017 4957 3054 5040 ἢ
3094 4958 3187 5023 ὑπ’
3234 4960 3423 5023 ἄλλου
3465 4959 3738 5040 ἄγεσθαι,
3784 4961 4115 5044 ἀρχόμενον
4155 4958 4269 5021 ἀπὸ
4312 4963 4495 5022 τῶνδε

2824 5067 2940 5125 τῶν
2966 5066 3162 5126 καλῶν
3189 5062 3412 5126 ἐκείνου
3446 5060 3619 5124 ἕνεκα
3659 5067 3763 5126 τοῦ
3806 5065 3989 5125 καλοῦ
4029 5059 4121 5123 ἀεὶ
4165 5059 4489 5138 ἐπανιέναι,

2828 5164 3027 5246 ὥσπερ
3056 5166 3493 5244 ἑπαναβαθμοῖς
3531 5166 3856 5247 χρώμενον,
3898 5161 4013 5227 ἀπὸ
4058 5160 4188 5228 ἑνὸς
4230 5161 4327 5225 ἐπὶ
4369 5163 4490 5237 δύο,

2832 5266 2925 5329 καὶ
2953 5265 3067 5330 ἀπὸ
3096 5270 3252 5330 δυεῖν
3282 5266 3378 5331 ἐπὶ
3417 5265 3611 5330 πάντα
3651 5269 3725 5330 ra
3768 5266 3920 5328 καλᾶ
3961 5264 4223 5342 σώματα,
4256 5263 4350 5327 καὶ
4378 5265 4492 5328 ἀπὸ

2829 5373 2946 5431 τῶν
3004 5374 3199 5432 καλῶν
3255 5368 3541 5449 σωμάτων
3592 5369 3688 5432 ἐπὶ
3741 5369 3815 5430 τὰ
3870 5367 4024 5429 καλὰ
4079 5366 4497 5447 ἐπιτηδεύματα

2829 5496 2879 5533 κ.
2907 5494 2958 5533 τ.
2984 5477 3043 5534 λ.
3123 5469 3412 5536 Indidem
3441 5469 3701 5558 profecit
3728 5467 3956 5532 Noster
3986 5465 4047 5530 Ι.
4075 5468 4133 5529 6.
4179 5490 4244 5555 p.
4271 5468 4373 5549 48.
4405 5467 4491 5533 G.

2826 5571 2934 5641 ἕως
2961 5572 3036 5637 ἄν
3062 5598 3147 5641 τις
3171 5575 3482 5655 παρελθὸν
3511 5574 3577 5636 ἑν
3604 5575 3673 5652 τῇ
3700 5568 3995 5657 ἀναβάσει
4025 5596 4075 5635 κ.
4098 5595 4150 5634 τ.
4172 5578 4232 5636 λ.
4320 5570 4494 5638 Sicut
