5118 6613
1472 548 1675 612 LIB.
1722 549 1867 614 111.
1914 551 2376 617 ENNEAD.
2421 553 2813 620 PRIMAE.
2850 578 2912 643 p.
2941 574 3213 639 40—42.
3983 580 4055 646 15

623 718 708 784 ibi
736 741 813 784 ex
846 718 1052 785 Codd.
1082 716 1366 783 dedimus
1393 741 1509 806 pro
1536 721 1831 786 ἀπελθόν.
1923 722 2287 787 Proximum

619 822 797 906 χωρὶς
838 824 903 887 δὲ
944 829 1056 899 ζῶν
1098 821 1364 909 pertinet
1394 821 1474 886 ad
1517 822 1651 887 haec
1693 823 2001 902 inferiora,
2040 824 2104 889 in
2148 848 2291 912 quae

620 924 871 1013 delapsa
897 940 990 990 est
1015 925 1219 990 anima
1249 924 1580 1005 Amatorii‚
1602 924 1883 1013 adeoque
1910 927 1992 991 ad
2022 929 2289 1015 CorpuS,

620 1027 685 1091 in
713 1050 843 1114 quo
867 1025 1103 1092 inclusa
1130 1041 1244 1091 est.

707 1165 792 1179 —
821 1151 881 1215 9.
924 1131 1187 1194 πεσόντα
1218 1130 1565 1218 ἐπτοῆσθαι]
1614 1131 1799 1210 Quod
1828 1130 2123 1196 librorum
2151 1155 2295 1197 auc-

621 1231 867 1297 toritate
892 1230 1334 1320 rescripsimus,
1365 1246 1426 1295 et
1452 1230 1655 1320 ipsum
1688 1232 1965 1298 Platonis
1992 1249 2100 1299 est.
2148 1233 2293 1300 vid.

626 1337 906 1424 Sympos.
936 1338 1078 1400 206.
1109 1334 1247 1398 infr.
1280 1357 1344 1422 p.
1361 1338 1510 1420 436.
1542 1334 1741 1399 Bekk.
1791 1335 2027 1425 Cratyl.
2060 1359 2124 1424 p.
2146 1340 2296 1420 464.

623 1442 707 1504 A.
797 1437 1102 1503 Phaedon.
1132 1460 1196 1525 p.
1221 1438 1321 1503 82.
1351 1459 1509 1524 quos
1551 1436 1714 1502 locos
1755 1437 1901 1504 alibi
1931 1439 2112 1503 etiam
2146 1439 2294 1504 Plo·

624 1540 790 1606 tinus
835 1554 978 1606 ante
1023 1538 1232 1605 oculos
1274 1539 1516 1621 habuit,
1544 1563 1606 1605 v.
1636 1564 1693 1605 c.
1739 1563 1800 1627 p.
1836 1559 1940 1626 73.
1983 1542 2059 1605 B.
2092 1543 2178 1607 D.
2230 1565 2294 1630 p.

624 1661 765 1728 714„
789 1667 843 1709 c.
871 1661 970 1711 22.
993 1644 1080 1707 A.
1125 1645 1231 1707 Ex
1254 1641 1470 1707 iisdem
1500 1642 1646 1707 locis
1674 1656 1844 1730 patet
1868 1645 2003 1726 περὶ
2029 1642 2296 1730 pendere

620 1745 700 1812 ab
733 1749 1068 1826 ἐπτοῆσθαι.
1161 1744 1433 1810 Proinde
1473 1746 1736 1811 πεσόντα
1762 1769 1876 1833 per
1903 1770 1967 1810 se
1995 1745 2293 1834 accipien-

622 1848 798 1928 dum,
827 1865 900 1912 ut
941 1847 1019 1912 sit
1056 1847 1225 1935 quod
1268 1850 1719 1931 προστετηκότα,
1752 1848 1920 1936 quod
1966 1849 2167 1936 ipsum
2211 1848 2292 1913 ad

622 1951 881 2016 verbum
923 1956 1231 2015 πτοεῖσθαι
1272 1948 1526 2015 adhibet
1554 1950 1891 2038 Gregorius
1919 1952 2078 2017 Naz.
2111 1953 2289 2017 Orat.

626 2053 823 2120 Stelit.
855 2054 916 2117 in
950 2051 1206 2117 Tullan.
1231 2053 1289 2116 1.
1318 2076 1383 2140 p.
1406 2069 1467 2135 7.

705 2194 792 2206 —
819 2175 918 2221 12.
961 2158 1027 2220 ἐν
1065 2154 1581 2235 ἀσωμάτοις-τοῦ
1624 2158 1903 2239 ἐρασμίου
1944 2158 2076 2242 ἤδη]
2126 2157 2290 2221 Nam

623 2259 686 2323 in
706 2259 891 2323 rebus
913 2256 1283 2345 incorporeis
1303 2271 1393 2321 est
1412 2258 1546 2345 jam
1576 2257 1926 2323 adsuetudo
1942 2260 2097 2347 ejus,
2118 2258 2292 2346 quod

623 2360 882 2426 amabile
909 2373 1025 2441 est,
1054 2359 1095 2425 i.
1117 2383 1172 2425 e.
1202 2360 1565 2425 Amatorius
1584 2361 1717 2449 jam
1746 2361 1810 2424 in
1839 2384 1890 2425 r.
1923 2361 2155 2449 incorp.
2186 2360 2295 2425 ad-

624 2464 845 2529 suescit
885 2463 966 2528 ad
1009 2461 1290 2527 amabile.
1370 2461 1696 2545 Ἐράσμιον
1736 2478 1942 2528 autem
1986 2478 2049 2529 et
2090 2463 2293 2552 ipsum

626 2590 666 2632 a
711 2566 968 2632 Platone
1011 2589 1123 2630 suo
1166 2565 1354 2630 habet
1402 2579 1609 2630 noster
1654 2565 2078 2654 philosophus.
2153 2566 2290 2631 vid.

628 2669 879 2735 Pbaedr.
926 2691 990 2756 p.
1027 2686 1173 2755 250.
1218 2667 1281 2733 d.
1358 2666 1694 2756 Rempubl.
1738 2669 1874 2732 111.
1921 2692 1986 2757 p.
2021 2672 2165 2735 620.
2215 2670 2292 2733 B.

626 2772 866 2838 Definit
890 2786 1098 2837 autem
1126 2770 1471 2835 accuratius
1498 2770 1659 2835 infra
1688 2794 1755 2858 p.
1784 2788 1924 2855 724.
1949 2795 2038 2859 sq.

706 2913 793 2925 —
817 2894 917 2956 14.
962 2873 1090 2938 εἶτα
1132 2873 1198 2939 ἐν
1235 2873 1533 2958 ποιητέον]
1587 2875 1686 2938 Ne
1715 2874 1855 2961 quis
1892 2874 2052 2938 forte
2080 2873 2196 2938 hoc
2226 2874 2294 2939 ἐν

621 3001 764 3043 cum
808 2978 942 3060 περὶ
988 2976 1055 3041 ἐν
1096 2982 1264 3058 σῶμα
1309 2976 1669 3057 confundat,
1715 2976 1907 3041 verbo
1948 2975 2294 3042 monendus

624 3095 739 3161 est,
767 3079 1048 3145 hocloco
1077 3079 1143 3143 τὸ
1184 3079 1250 3144 ἐν
1279 3101 1407 3143 esse
1449 3078 1613 3144 idem
1656 3094 1845 3165 atque
1888 3102 2075 3166 supra
2117 3079 2184 3143 τὸ
2225 3079 2292 3144 ἐν

622 3189 768 3249 πᾶσι
810 3183 1024 3247 ταύτὸν
1049 3182 1115 3246 h.
1134 3205 1190 3246 e.
1220 3180 1764 3246 demonstrandum
1795 3195 1907 3260 est,
1938 3181 2122 3246 etiam
2150 3204 2292 3269 quae

619 3286 681 3351 in
711 3286 897 3352 rebus
925 3283 1295 3373 incorporeis
1336 3283 1553 3373 pulcra
1593 3283 1824 3366 insunt,
1853 3308 2065 3373 reapse
2094 3306 2291 3350 unum

621 3389 937 3477 quoddam
966 3388 1252 3476 pulcrum
1283 3411 1429 3451 esse.

714 3516 782 3581 p.
809 3511 916 3574 42,
943 3512 1007 3578 3.
1051 3495 1125 3556 τᾶ
1164 3490 1475 3572 μαθήματα
1521 3489 1755 3580 δοτέον]
1799 3489 1861 3554 b.
1892 3489 1937 3555 l.
1984 3489 2294 3570 μαθήματα

622 3619 744 3661 non
784 3607 952 3673 sunt,
984 3607 1056 3659 ut
1091 3592 1236 3657 alibi
1274 3591 1443 3680 apud
1473 3592 1794 3658 Platonem
1826 3591 2289 3679 Plotinumque,

620 3697 958 3786 disciplinae
999 3695 1314 3761 literarum
1344 3694 1646 3775 universe,
1677 3694 1786 3759 sed
1822 3694 2288 3772 mathematicas,

621 3800 1024 3878 arithmetica,
1071 3797 1429 3885 geometria,
1480 3797 1775 3885 reliquae3
1842 3796 2015 3884 quod
2064 3796 2162 3862 vel
2212 3820 2290 3861 ex

623 3903 757 3968 loco
787 3901 1063 3967 Platonis
1090 3900 1473 3988 intelligitur,
1505 3922 1690 3987 quem
1722 3898 2007 3965 Plotinus
2034 3898 2135 3964 hic
2163 3922 2288 3964 sec-

622 4021 789 4072 tatus
830 4020 945 4083 est,
977 4003 1259 4069 videlicet
1301 4002 1381 4068 de
1414 4002 1688 4090 Republ.
1722 4003 1876 4067 v11.
1909 4017 2055 4088 523.
2088 4025 2181 4089 sq.
2224 4025 2288 4090 p.

620 4128 766 4196 341·
796 4132 931 4196 sqq.
967 4105 1169 4171 Bekk.
1215 4107 1435 4171 διδόναι
1476 4127 1592 4192 pro
1623 4106 1868 4170 tradere
1908 4105 2056 4170 item
2084 4103 2292 4169 Plato-

623 4211 850 4277 nicum.
905 4208 1045 4274 Vid.
1075 4208 1156 4273 de
1185 4209 1344 4297 Rep.
1368 4208 1463 4271 11.
1494 4211 1639 4295 364.
1671 4222 1733 4273 et
1758 4207 1838 4273 cf.
1870 4213 2010 4273 Ast.
2044 4210 2288 4273 Comm.

621 4338 683 4402 p.
713 4314 864 4396 406.
909 4326 973 4377 et
1006 4312 1300 4400 junctum
1343 4333 1483 4375 cum
1533 4311 1827 4375 διδάσκειν
1869 4333 1931 4398 p.
1969 4311 2110 4396 196.
2151 4328 2288 4395 197.

621 4440 687 4505 p.
709 4419 855 4498 416.
888 4413 1088 4480 Bekk.
1134 4413 1325 4478 Unde
1352 4412 1628 4478 fortassis
1655 4412 1836 4478 etiam
1867 4411 2077 4501 paullo
2104 4435 2293 4501 supra

620 4519 761 4607 quis
803 4517 1106 4606 conjiciat,
1149 4515 1408 4604 vestigia
1450 4515 1716 4581 maxime
1761 4515 1945 4580 codd.
1989 4530 2287 4604 spectans,

621 4621 879 4687 δεικτέον
907 4621 1012 4685 οὖν
1041 4620 1134 4684 καὶ
1162 4617 1461 4684 διδακτέον
1489 4641 1603 4706 pro
1630 4618 1862 4683 λυτέον.

705 4761 792 4773 —
817 4742 883 4804 4.
925 4722 1071 4805 πρὸς
1104 4720 1639 4801 συνεθισμδν-καὶ
1666 4722 1919 4789 πίστεως
1946 4719 2286 4809 ἀσωμάτου]

623 4826 833 4891 Locus
875 4825 958 4890 ad
1005 4823 1335 4888 Plotiniani
1383 4837 1590 4888 textus
1631 4821 1945 4887 historiam
1994 4844 2290 4887 memora-

620 4928 780 4994 bilis.
868 4928 1031 4993 Nam
1070 4925 1183 4992 etsi
1210 4923 1420 4990 nullus
1459 4924 1742 4990 codicum
1785 4937 2132 4989 nostrorum
2176 4945 2288 4989 nec

622 5030 876 5096 Ficinus
901 5029 1077 5095 aliter
1096 5028 1307 5108 habet,
1328 5050 1579 5116 prorsus
1605 5027 1849 5093 diverso
1877 5027 2062 5093 modo
2084 5039 2287 5091 tamen

618 5157 658 5199 a
683 5132 969 5221 pluribus
996 5130 1394 5220 scriptoribus
1419 5130 1664 5196 citatur.
1754 5132 1913 5195 Haec
1951 5129 2113 5195 enim
2151 5152 2286 5194 sen-

620 5236 815 5302 tentia
863 5234 1093 5301 Plotini
1143 5232 1361 5311 nostri,
1411 5247 1485 5299 ut
1536 5232 1745 5320 plures
1798 5232 1934 5298 aliae
1987 5231 2287 5321 ejusdem,

620 5338 848 5428 adepta
876 5352 970 5403 est
996 5335 1455 5424 quodammodo
1481 5335 1605 5400 vim
1637 5334 1965 5424 proverbii.
2031 5339 2134 5401 Ac
2162 5335 2286 5424 pri-

618 5465 791 5507 mum
824 5438 1189 5506 Scholiastes
1210 5437 1486 5504 Platonis
1512 5437 1577 5504 in
1603 5436 1744 5504 libr.
1765 5438 1885 5503 VI.
1913 5437 1994 5503 de
2015 5438 2289 5527 Republ.

619 5568 684 5633 p.
719 5561 861 5630 172.
891 5541 1155 5610 Ruhnk.
1201 5545 1294 5608 καὶ
1320 5544 1353 5608 ὅ
1383 5547 1689 5611 Πλωτῖνος
1730 5546 1955 5607 τοιοῦτο
1995 5542 2185 5624 λέγει,
2223 5542 2290 5607 τὸ

2373 725 2737 807 παραδοτέον
2765 732 2886 795 τοῖς
2914 728 3068 795 νέοις
3093 731 3168 793 τὰ
3192 728 3500 810 μαθήματα
3525 730 3669 812 πρὸς
3697 732 4055 813 συνεθισμδν

2374 832 2474 908 τῆς
2524 828 2837 909 ἀσωμάτου
2882 831 3134 913 φύσεως.
3225 830 3360 894 Nec
3410 830 3586 896 aliter
3632 831 3799 898 hunc
3848 833 4053 899 locum

2374 929 2523 995 citat
2550 932 2657 996 Jo.
2688 930 3072 1020 Philoponus
3100 932 3162 996 in
3197 932 3459 1019 Aristot.
3492 932 3570 997 de
3600 934 3833 1000 Anima
3860 936 3965 1002 fol.
3996 958 4052 1002 1.

2375 1034 2466 1097 A.
2507 1056 2573 1121 p.
2599 1054 2657 1100 2.
2704 1033 2897 1100 Plane
2941 1034 3024 1099 sic
3067 1035 3249 1100 etiam
3282 1035 3477 1101 Gerh.
3507 1037 3759 1101 Vossius
3794 1037 3873 1103 de
3914 1041 4057 1104 Ma,

2376 1134 2533 1200 thesi
2551 1137 2691 1200 111.
2711 1156 2770 1202 2.
2793 1155 2852 1221 7.
2875 1138 3050 1225 p.61.
3070 1138 3279 1225 posuit
3299 1138 3433 1203 haec
3454 1139 3640 1204 verba
3661 1139 3863 1204 nescio
3885 1141 4053 1206 unde

2377 1251 2648 1325 accepta.
2699 1239 2986 1324 Itemque
3007 1238 3236 1303 David.
3259 1240 3517 1304 Armen.
3550 1239 3960 1333 philosophus
3988 1243 4052 1308 in

2382 1341 2731 1404 Comment.
2769 1339 2832 1404 in
2872 1341 3150 1428 quinque
3179 1343 3374 1406 Voces
3418 1342 3744 1430 Porphyrii
3786 1344 3852 1408 in
3893 1344 4050 1410 Cod.

2382 1442 2576 1506 PariS.
2618 1465 2712 1507 nr.
2749 1463 2930 1529 1939.
3007 1446 3103 1508 At
3147 1467 3293 1509 vero
3338 1443 3718 1511 Iamblichus
3754 1448 3888 1529 περὶ
3933 1474 4050 1513 κοι-

2380 1548 2482 1624 νῆς
2520 1549 2913 1626 μαθηματικῆς
2956 1546 3271 1627 ἐπιστήμης
3311 1546 3372 1611 in
3405 1546 3721 1612 Villoisoni
3758 1549 4049 1615 Anecdd.

2382 1647 2624 1712 Graecc.
2658 1648 2753 1711 11.
2784 1671 2849 1736 p.
2875 1665 3016 1731 207.
3047 1647 3136 1712 ita
3170 1647 3251 1712 de
3292 1649 3724 1715 mathematica
3761 1650 4046 1717 scientia:

2378 1755 2532 1831 -τῇ
2563 1775 2628 1814 τε
2655 1752 2769 1832 γὰρ
2798 1753 3078 1837 θεολογίᾳ
3113 1753 3488 1833 παρασκευὴν
3514 1755 3911 1837 προυτρεπίζει
3956 1757 4050 1819 καὶ

2381 1853 2828 1933 ἐπιτηδειότητα,
2881 1850 3190 1935 ὁμοιότητά
3237 1879 3303 1918 τε
3351 1854 3494 1936 πρὸς
3550 1856 3730 1934 αὐτὴν
3778 1857 4046 1940 παρέχει,

2379 1956 2473 2019 καὶ
2516 1955 2850 2038 ἀναγωγὴν,
2883 1956 2977 2020 καὶ
3015 1956 3417 2038 ἀποκάθαρσιν
3462 1960 3536 2022 τὸ
3577 1959 3689 2038 μὲν
3733 1962 3909 2041 νοερᾶ
3952 1962 4051 2042 ὅρ-

2377 2083 2532 2139 γανα
2561 2059 2941 2123 ἀπολύουσαν
2968 2064 3084 2122 τῶν
3117 2063 3348 2139 δεσμῶν
3379 2060 3474 2123 καὶ
3513 2061 4047 2143 ἀποκαθαίρουσαν,

2376 2159 2804 2224 συνάπτουσάν“
2824 2186 2890 2225 τε
2933 2161 3077 2243 πρὸς
3113 2161 3180 2224 τὸ
3219 2158 3312 2240 ἂν,
3363 2166 3441 2248 τῷ
3485 2187 3552 2227 τε
3594 2162 3803 2227 κάλλει
3842 2164 3937 2227 καὶ
3971 2167 4042 2243 τῇ

2377 2262 2609 2347 εὐταξίᾳ
2635 2268 2751 2326 τῶν
2780 2262 3193 2344 θεωρουμένων
3221 2264 3288 2327 ἐν
3315 2269 3435 2330 τοῖς
3458 2262 3761 2344 μαθήμασι
3787 2265 4041 2345 πλησιά-

2377 2363 2593 2439 ζουσάν
2619 2389 2741 2432 πως
2768 2370 2888 2432 τοῖς
2915 2369 3164 2445 νοητοῖς,
3195 2368 3290 2429 διὰ
3324 2367 3388 2429 δὲ
3426 2370 3526 2445 τῆς
3563 2371 3679 2430 τῶν
3707 2368 4041 2446 ἀμεταπτώ-

2378 2492 2495 2529 των
2524 2467 2618 2530 καὶ
2661 2466 2944 2548 ἀκινήτων
2983 2468 3225 2549 θεωρίας
3262 2466 3407 2549 πρὸς
3449 2470 3524 2531 τᾶ
3568 2470 3792 2531 ἑστῶτα
3839 2468 3933 2532 καὶ
3974 2472 4047 2532 τᾶ

2378 2569 2525 2633 αὐτὸ
2554 2569 2651 2632 καὶ
2678 2569 2951 2637 ὡσαύτως
2976 2572 3155 2650 νοητὰ
3193 2569 3288 2633 καὶ
3326 2568 3621 2651 ὡρισμένα
3649 2570 4042 2652 ἀφομοιουμέ-

2379 2696 2505 2751 νην,
2538 2673 2844 2747 ἐθίζουσαν
2873 2672 2968 2735 καὶ
2994 2671 3101 2749 τὴν
3127 2670 3408 2746 διάνοιαν,
3438 2670 3625 2752 ἠρέμα
3659 2671 3804 2753 πρὸς
3830 2672 3896 2736 τὸ
3927 2681 4043 2754 φα-

2380 2773 2486 2837 νὸν
2511 2777 2616 2837 τοῦ
2643 2776 2812 2841 ὄντος
2841 2772 3210 2853 ἐπιβάλλειν,
3243 2779 3360 2837 τῶν
3388 2799 3453 2837 τε
3481 2773 3764 2854 σωμάτων
3794 2773 4049 2856 ἀπάγου-

2377 2900 2517 2955 σαν,
2547 2877 2645 2939 καὶ
2668 2877 2870 2940 πίστιν
2896 2876 3031 2956 περὶ
3066 2879 3167 2955 τῆς
3207 2881 3323 2941 τῶν
3352 2875 3676 2957 ἀσωμάτων
3703 2877 3908 2944 οὐσίας
3951 2880 4044 2941 ἐν-

2376 2982 2660 3053 τιθεῖσαν,
2710 2975 3072 3059 βεβαιότητά
3120 3003 3187 3043 τε
3236 2979 3685 3058 ἐπιστημονικῆν
3737 2979 3831 3043 καὶ
3887 2981 4044 3061 ἀκρι-

2374 3081 2552 3160 βείαν
2581 3080 2983 3163 παρέχουσαν.
3074 3080 3268 3144 Plura
3305 3080 3597 3168 adscripsi
3636 3104 3712 3146 ex
3754 3081 3889 3145 loco
3925 3081 4051 3169 pri-

2375 3181 2570 3247 mario
2597 3197 2661 3246 et
2686 3182 2797 3269 qui
2830 3181 3216 3270 potissimum
3260 3181 3340 3246 ad
3381 3198 3660 3248 nostrum
3706 3183 3910 3249 locum
3953 3184 4045 3248 fa-

2375 3283 2517 3350 ciat.
2614 3283 2972 3350 Lectionem
3029 3284 3201 3372 quod
3257 3284 3514 3364 adtinet,
3571 3284 3727 3351 illud
3784 3303 4046 3369 constat,

2377 3387 2792 3454 Iamblichum
2825 3411 2939 3453 suo
2966 3387 3030 3452 in
3058 3387 3341 3476 exemplo
3365 3388 3675 3477 vulgatam
3702 3389 4043 3455 offendisse.

2377 3490 2565 3556 Unde
2609 3489 2780 3556 haud
2824 3489 3163 3555 absurdum
3211 3490 3290 3556 sit
3332 3491 3646 3579 suspicari,
3691 3491 4047 3581 discrepan-

2377 3594 2522 3659 tiam
2552 3617 2632 3657 ex
2658 3592 2893 3682 duplici
2922 3593 3268 3658 recensione
3295 3592 3567 3658 fluxisse.
3657 3595 3799 3659 Hoc
3842 3594 4047 3659 minus

2375 3695 2630 3784 vulgata
2657 3695 2953 3761 tentanda
2992 3710 3124 3759 erat
3159 3695 3336 3759 nobis
3383 3711 3446 3760 et
3482 3695 3948 3760 commendatur
3974 3720 4047 3761 ea

2377 3798 2697 3864 Platonico
2747 3821 2885 3876 usu,
2936 3797 3046 3885 qui
3103 3797 3376 3862 similiter
3423 3799 3624 3862 πίστιν
3681 3797 4040 3886 usurpavit;

2374 3925 2436 3965 v.
2465 3925 2522 3967 c.
2572 3901 2636 3965 in
2689 3899 2988 3965 Phaedon.
3034 3922 3094 3987 p.
3129 3918 3228 3982 70.
3274 3900 3336 3964 b.
3388 3914 3450 3964 et
3502 3902 3868 3981 κατανόησις,
3918 3900 4045 3966 sive

2373 4004 2664 4092 cogitatio
2706 4024 2912 4067 rerum
2954 4000 3428 4090 intelligibilium
3472 4015 3859 4091 praeparatur
3897 4002 4045 4084 fide,

2375 4106 2502 4172 sive
2544 4104 2792 4184 fiducia,
2822 4128 2952 4170 esse
2993 4128 3091 4170 res
3132 4104 3541 4194 incorporeas,
3572 4128 3727 4192 quas
3768 4105 3880 4193 qui
3921 4128 4045 4172 non

2374 4209 2585 4275 credat
2623 4232 2773 4288 esse,
2805 4222 3045 4296 torpeat
3086 4230 3329 4273 necesse
3372 4221 3464 4273 est
3503 4205 3586 4272 ad
3626 4231 3839 4273 earum
3877 4208 4044 4297 cogi-

2374 4312 2665 4378 tationem
2693 4309 3193 4400 aggrediendam.
3260 4313 3363 4376 De
3391 4310 3449 4374 vi
3480 4310 3937 4377 mathematices
3963 4309 4046 4376 ad

2374 4413 2850 4503 intelligibilium
2893 4436 3100 4479 rerum
3145 4412 3455 4478 scientiam
3498 4412 3681 4501 plura
3715 4437 3792 4478 ex
3822 4414 4039 4479 veteri-

2371 4517 2492 4582 bus
2536 4516 2811 4583 laudavit
2840 4515 3093 4581 Vossius
3129 4514 3223 4579 l.l.
3259 4516 3532 4602 itemque
3573 4514 4042 4582 Bullialdus'ad

2374 4620 2622 4686 Theon.
2674 4622 2922 4710 Smyrn.
2967 4618 3046 4683 de
3090 4618 3394 4682 Mathem.
3443 4617 3526 4682 ad
3573 4618 3815 4684 Platon.
3862 4620 4042 4685 Lect.

2372 4746 2519 4811 pag.
2556 4743 2698 4810 194.
2727 4722 2836 4810 qui
2867 4720 3098 4787 Plotini
3125 4719 3305 4785 etiam
3337 4720 3526 4785 verba
3565 4719 3872 4786 adhibuit.
3900 4722 4041 4809 qui-

2371 4826 2493 4892 bus
2518 4825 2679 4891 adde
2697 4823 2987 4890 Proclum
3018 4821 3097 4888 de
3118 4821 3479 4888 Provident.
3508 4836 3572 4887 et
3602 4825 3762 4889 Fato
3788 4847 3922 4912 cap.
3942 4843 4041 4891 12.

2373 4927 2639 4993 eundem
2672 4927 2737 4992 in
2767 4925 3043 4992 Platonis
3073 4924 3397 5013 Cratylum
3442 4948 3509 5013 p.
3547 4946 3602 4991 1.
3653 4926 3935 4993 Boisson.
3978 4927 4043 4992 in

2373 5030 2586 5096 Alcib.
2632 5053 2696 5118 p.
2733 5050 2875 5116 194.
2906 5052 2998 5116 sq.
3041 5044 3232 5094 nostr.
3260 5028 3326 5092 in
3357 5027 3711 5094 Parmenid.
3743 5029 3798 5093 1.
3844 5053 3907 5117 p.
3936 5050 4040 5114 49.

2375 5157 2469 5221 sq.
2514 5132 3055 5198 ceasia—Mox:
3105 5132 3199 5196 καὶ
3243 5133 3424 5214 φύσει
3469 5130 3747 5214 ἐνάρετον
3789 5132 3855 5196 τὸ
3902 5134 4045 5215 πρὸς

2373 5238 2684 5301 τελείωσιν
2714 5237 2935 5317 ἀρετῶν
2963 5232 3172 5298 ἀκτέον
3211 5232 3308 5298 vel
3345 5232 3798 5322 transponenda
3840 5236 3933 5298 καὶ
3974 5234 4041 5298 τὸ

2374 5340 2555 5421 φύσει
2585 5341 2745 5420 ἐναρ.
2778 5335 2876 5402 vel
2904 5334 3235 5401 delendum
3264 5337 3330 5401 τὸ
3359 5351 3500 5424 post
3529 5339 3687 5419 ἐναρ.
3762 5336 3900 5400 Vox
3927 5359 4039 5401 au—

2375 5455 2498 5505 tem
2544 5440 2815 5522 ἐνάρετος
2854 5440 3154 5504 recentior
3193 5455 3257 5504 et
3296 5461 3336 5504 a
3380 5438 3597 5504 Stoicis
3638 5438 3881 5503 invecta
3923 5438 4044 5504 fre-

2376 5556 2816 5631 quentataque,
2856 5541 2958 5607 alii
3003 5565 3117 5631 pro
3154 5565 3229 5608 ea
3271 5539 3557 5629 usurpari
3593 5539 3811 5606 volunt
3857 5568 4041 5609 σπου-
