5118 6613
1138 568 1258 637 152

1130 748 1306 806 ρατος
1335 725 1471 789 νοῦς
1495 725 1670 801 δηλοῖ
1691 719 1799 799 τὴν
1829 720 1896 782 ἑν
1925 722 2047 785 τοῖς
2076 724 2305 801 νοεροῖς
2333 719 2518 801 ἄκραν
2545 717 2831 801 ὑπερανέ-

1132 851 1369 913 χουσαν
1397 831 1516 889 τῶν
1544 826 1707 888 ὅλων
1738 828 1960 905 νοερῶν
2003 825 2155 886 θεῶν
2193 823 2538 904 ἡγεμονίαν,
2571 825 2604 886 ὁ
2636 825 2701 886 δὲ
2730 828 2828 902 δη-

1133 927 1412 1011 μιουργὸς
1441 929 1641 993 ἁπλῶς
1670 927 1800 989 ἐστι
1830 929 1980 991 νοῦς.
2058 924 2193 990 Ubi
2227 948 2303 990 ne
2333 926 2495 991 forte
2524 925 2832 1012 corrigere

1132 1032 1424 1097 instituas
1454 1030 1549 1094 καὶ
1580 1032 1830 1110 ἄκρατος
1859 1032 2013 1102 νοῦς,
2046 1027 2300 1092 consule
2333 1027 2654 1092 Plotinum
2686 1051 2829 1092 nos-

1132 1150 1301 1201 trum
1332 1136 1412 1198 V.
1448 1135 1508 1198 I.
1540 1156 1601 1214 4.
1648 1132 1756 1197 ubi
1800 1131 2016 1195 itidem
2059 1130 2345 1213 ἀκήρατος
2376 1136 2530 1200 νοῦς.
2621 1132 2830 1197 Procli

1129 1253 1336 1302 autem
1369 1234 1544 1301 locus
1564 1233 1859 1299 laudatus
1886 1232 2127 1320 integer
2155 1233 2252 1297 his
2280 1256 2422 1297 cuin
2456 1233 2605 1298 locis
2635 1232 2828 1299 Ploti-

1129 1340 1327 1404 nianis
1355 1337 1643 1425 componi
1666 1336 1871 1402 debet.
1963 1337 2273 1401 Caeterum
2321 1336 2580 1401 eandem
2612 1361 2827 1403 vocem

1127 1444 1531 1531 compositam
1593 1442 1874 1509 αὖτόνοος
1941 1464 2020 1505 ex
2079 1441 2464 1528 Epiphanio,
2526 1442 2824 1529 Origene,

1128 1546 1354 1613 Proclo
1397 1546 1548 1612 citat
1594 1544 1763 1609 Kall.
1811 1543 1890 1609 ad
1941 1544 2242 1631 Stephani
2290 1544 2488 1609 Thes.
2535 1567 2597 1632 p.
2629 1546 2821 1630 6399.

1125 1649 1228 1714 ed.
1261 1649 1444 1737 Valp.
1524 1647 1765 1734 Attigit
1795 1647 1978 1712 etiam
2014 1645 2408 1712 VVernsdorf.
2443 1646 2523 1710 ad
2562 1647 2825 1711 Himerii

1128 1754 1392 1842 Eclogg.
1429 1753 1760 1817 XXXII.
1790 1769 1889 1815 12.
1921 1775 1988 1838 p.
2013 1754 2157 1836 306.
2192 1752 2645 1833 αὖτοφρόνησις.
2690 1752 2826 1815 Nos

1126 1880 1318 1945 supra
1347 1857 1406 1921 Ι.
1447 1878 1506 1921 2.
1540 1856 1598 1917 6.
1632 1871 1798 1919 certe
1827 1853 1889 1917 in
1920 1852 2132 1939 aliquo
2160 1852 2321 1917 libro
2349 1852 2581 1941 scripto
2622 1869 2826 1918 osten-

1124 1960 1335 2025 dimus
1380 1982 1593 2025 vocem
1639 1960 2166 2039 αὗτοσωφροσύνη.
2257 1957 2508 2021 Etenim
2557 1956 2826 2022 Alexan-

1123 2063 1288 2128 drini
1316 2062 1690 2151 philosophi,
1708 2084 1839 2149 quo
1867 2059 2121 2124 rationis
2141 2083 2270 2123 suae
2294 2059 2550 2147 propria
2578 2059 2825 2125 decreta

1123 2167 1553 2257 explanarent,
1625 2163 1929 2253 ejusmodi
2003 2162 2358 2249 compositis
2424 2163 2826 2250 supersedere

1120 2271 1487 2360 nequibant.
1578 2268 1764 2348 Quod
1822 2267 1930 2355 qui
1986 2267 2339 2354 vituperare
2382 2265 2553 2343 velit,
2599 2266 2651 2330 is
2706 2267 2824 2332 hoc

1119 2376 1256 2464 ipso
1285 2399 1349 2440 se
1377 2372 1789 2462 philosophiae
1818 2392 2040 2458 parum
2086 2367 2528 2456 intelligentem
2573 2383 2820 2456 arguat.

1119 2481 1440 2544 Caeterum
1470 2477 1605 2541 haec
1634 2475 1714 2539 de
1743 2473 1977 2561 duplici
2012 2487 2217 2537 mente
2247 2471 2531 2537 doctrina
2561 2497 2637 2537 ex
2677 2473 2820 2561 phi-

1117 2580 1415 2669 losophiae
1444 2577 1758 2644 orientalis
1787 2575 2049 2640 decretis
2079 2576 2325 2653 hausta,
2357 2590 2419 2639 et
2465 2598 2580 2662 per
2611 2575 2823 2641 Plato-

1118 2697 1351 2761 tonem‚
1375 2681 1700 2747 Philonem
1733 2678 1815 2744 ad
1838 2679 2206 2743 recentiores
2237 2701 2435 2765 usque
2468 2678 2822 2744 Platonicos

1120 2786 1350 2851 tradita
1378 2801 1488 2850 est.
1580 2782 1725 2847 vid.
1761 2806 1819 2846 v.
1854 2805 1908 2846 c.
1941 2781 2191 2845 Philon.
2222 2782 2268 2844 J
2275 2780 2383 2846 ud.
2416 2781 2613 2869 Legis
2639 2780 2819 2847 Alle-

1118 2912 1288 2976 gorr.
1323 2889 1465 2952 III.
1492 2909 1559 2974 p.
1593 2888 1740 2953 260.
1774 2882 1983 2948 Pseiff.
2036 2888 2224 2947 Δυοΐν
2252 2886 2369 2965 γὰρ
2398 2885 2600 2949 ὄντοιν
2627 2889 2731 2949 τοῦ
2755 2910 2822 2950 τε

1118 2998 1236 3057 τῶν
1279 2994 1442 3055 ὅλων
1483 2995 1607 3064 νοῦ,
1639 2991 1706 3057 ὅς
1741 2991 1870 3052 ἐστι
1915 2988 2068 3061 θεὸς,
2118 2990 2213 3051 καὶ
2259 2993 2365 3052 τοῦ
2409 2990 2556 3054 ἰδίου
2609 3014 2727 3053 nor.
2752 2996 2813 3054 λ.

1120 3095 1221 3160 Cf.
1255 3093 1604 3180 Augustin.
1653 3090 1965 3155 Steuchus
1999 3090 2080 3154 de
2123 3089 2383 3177 perenni
2429 3089 2822 3179 philosophia

1119 3197 1227 3263 lib.
1266 3199 1321 3262 I.
1351 3219 1488 3282 cap.
1528 3215 1625 3259 10.
1656 3207 1719 3258 et
1747 3194 1857 3258 lib.
1893 3193 2018 3257 IX.
2048 3215 2187 3279 cap.
2226 3212 2323 3257 10.

1203 3325 1269 3390 p.
1297 3300 1449 3382 482,
1481 3299 1582 3364 18.
1629 3300 1759 3363 οἷον
1787 3294 2529 3382 διήγησιν-ποιούμενον]
2583 3298 2663 3362 In
2684 3311 2818 3364 arte

1120 3405 1360 3471 scenica
1388 3404 1654 3487 διήγησις
1681 3419 1774 3467 est
1802 3403 2109 3490 expositio
2129 3426 2149 3463 :
2196 3399 2258 3464 in
2289 3401 2558 3465 oratoria
2586 3424 2819 3466 narra-

1118 3513 1206 3575 tio
1248 3508 1636 3596 argumenti.
1716 3504 1856 3569 Vid.
1904 3501 2231 3569 Aristotel.
2277 3504 2458 3567 Poet.
2502 3505 2715 3570 XIX.
2753 3525 2815 3589 7.

1116 3612 1425 3702 Ejusdem
1457 3611 1641 3676 Rhet.
1681 3610 1822 3674 III.
1863 3610 1959 3674 16.
2011 3606 2242 3673 Pollux
2278 3608 2394 3672 1v.
2426 3627 2532 3695 33.
2566 3632 2633 3696 p.
2664 3611 2810 3695 365.

1115 3731 1180 3783 et
1229 3717 1312 3782 cf.
1361 3713 1658 3780 Valcken.
1708 3712 1914 3778 Diatr.
1961 3711 2192 3799 Eurip.
2228 3734 2279 3776 c.
2315 3711 2440 3776 XI.
2474 3735 2535 3799 p.
2576 3731 2720 3798 119.
2752 3726 2814 3777 et

1118 3819 1453 3885 Heindorf.
1499 3817 1579 3881 ad
1643 3814 1893 3880 Platon.
1957 3814 2212 3879 Phoedr.
2262 3815 2322 3898 ξ.
2379 3833 2520 3880 112.
2571 3837 2630 3902 p.
2662 3836 2809 3902 315.

1117 3924 1408 3988 Fortasse
1436 3920 1625 3984 latius
1658 3918 1981 4005 aliquanto
2013 3917 2113 3982 hic
2144 3940 2357 3983 vocem
2385 3918 2625 4006 accepit
2667 3917 2813 3983 Plo-

1120 4026 1287 4091 tinus
1315 4024 1396 4088 de
1432 4022 1721 4086 universa
1764 4020 2240 4107 pertractatione
2285 4042 2525 4098 eorum,
2556 4043 2703 4108 quae
2745 4021 2810 4085 in

1118 4129 1397 4194 dramate
1425 4125 1589 4189 fiunt
1616 4137 1679 4187 et
1708 4123 1887 4211 quasi
1921 4121 2291 4187 evolutione.

1201 4253 1264 4317 p.
1293 4228 1447 4313 483,
1473 4247 1536 4307 4.
1602 4228 1678 4289 Εἰ
1734 4226 1840 4288 οῦν
1893 4223 1987 4288 καὶ
2041 4225 2294 4289 ἐνταῦθα
2353 4225 2456 4304 ὀξὺ
2504 4226 2600 4290 καὶ
2656 4227 2815 4310 βαρὺ

1116 4333 1525 4400 ποιοῦσι-εἷς
1553 4329 1735 4409 αὐτὴν
1763 4330 1872 4409 τὴν
1900 4328 2216 4412 ἁρμονίαν]
2268 4330 2431 4394 Haec
2472 4330 2814 4396 Herae-litei

1116 4435 1347 4500 decreti
1385 4433 1723 4497 admonent
1768 4454 1868 4519 ap.
1904 4429 2149 4495 Platon.
2179 4428 2244 4493 in
2277 4430 2541 4495 Conviv.
2573 4454 2636 4520 p.
2667 4432 2808 4515 187.

1118 4541 1207 4603 A.
1242 4560 1306 4622 p.
1336 4554 1484 4621 397.
1516 4531 1717 4598 Bekk.
1745 4559 1760 4598 ε
1809 4533 1875 4596 τὸ
1907 4532 1975 4597 ἓν
2002 4530 2119 4614 γάρ
2166 4540 2318 4614 φησι
2358 4531 2809 4619 (Ηράκλειτος)

1117 4638 1550 4721 διαφερόμενον
1580 4635 1722 4699 αὐτὸ
1751 4637 1904 4720 αὐτῷ
1935 4631 2360 4716 ξυμφέρεσθαι,
2394 4637 2599 4718 ὥσπερ
2628 4639 2808 4718 ἅρμο-

1117 4742 1253 4807 νίαν
1279 4740 1452 4817 τόξου
1480 4762 1547 4801 τε
1578 4737 1672 4801 καὶ
1700 4739 1902 4819 λύρας.
1952 4736 2082 4800 ἔστι
2120 4738 2185 4800 δὲ
2223 4738 2424 4817 πολλὴ
2455 4739 2677 4821 ἀλογία
2706 4740 2808 4821 ἆρ-

1114 4845 1330 4927 μονίαν
1377 4841 1566 4924 φάναι
1611 4840 2002 4923 διαφέρεσθαι
2035 4837 2073 4920 ἢ
2119 4841 2184 4904 ἐκ
2230 4840 2677 4924 διαφερομένων
2725 4844 2812 4906 ἔτι

1119 4946 1293 5012 εἶναι.
1339 4941 1474 5007 ἀλλ’
1505 4946 1650 5009 ἴσως
1686 4942 1823 5006 τόδε
1867 4943 2158 5021 ἐβούλετο
2202 4941 2428 5025 λέγειν,
2462 4945 2554 5007 ὅτι
2592 4945 2657 5007 ἐκ
2686 4948 2808 5007 δια-

1119 5046 1468 5137 φερομένων
1502 5048 1810 5130 πρότερον,
1851 5050 1957 5110 τοῦ
1992 5044 2165 5124 ὀξέος
2204 5046 2299 5109 καὶ
2332 5046 2576 5129 βαρέος,
2608 5047 2814 5112 ἔπειτα

1118 5159 1372 5235 ὕστερον
1417 5148 1921 5231 ὁμολογησάντων
1964 5146 2222 5231 γέγονεν
2248 5148 2366 5213 ὑπὸ
2406 5153 2507 5229 τῆς
2532 5154 2815 5229 μουσικῆς

1120 5256 1335 5340 τέχνης
1360 5252 1433 5316 οὗ
1469 5253 1585 5333 γὰρ
1624 5250 1809 5330 δήπου
1846 5252 1912 5314 ἐκ
1949 5248 2394 5333 διαφερομένων
2437 5275 2512 5334 γε
2556 5250 2662 5325 ἔτι,
2709 5257 2815 5316 τοῦ

1121 5358 1288 5438 ὀξέος
1333 5356 1429 5419 καὶ
1461 5352 1683 5436 βαρέος
1732 5354 1983 5434 ἁρμονία
2025 5349 2102 5416 ἃν
2146 5355 2258 5433 εἴη.
2293 5380 2342 5416 κ.
2366 5379 2420 5418 τ.
2440 5360 2501 5417 λ.
2593 5357 2813 5443 Atque

1120 5463 1238 5526 hac
1279 5459 1360 5524 de
1396 5456 1719 5522 harmonia
1758 5471 1820 5520 et
1860 5455 2157 5544 rhythmo
2196 5456 2541 5523 doctrinam
2587 5459 2814 5547 saepius

1122 5575 1347 5631 tractat
1394 5559 1600 5642 Plato,
1631 5573 1705 5625 ut
1749 5559 1813 5624 in
1859 5558 2126 5624 Philebo
2165 5581 2234 5647 p.
2271 5577 2372 5645 17.
2434 5562 2710 5651 Sophist.
2745 5587 2811 5652 p.

2115 544 2942 611 ANNOTATIONES
3007 545 3121 611 IN
3185 545 3637 611 PLOTINI

2919 735 3063 805 255.
3115 719 3320 807 Hipp.
3349 719 3509 807 Maj.
3540 741 3604 806 p.
3636 739 3753 805 133
3784 744 3800 784 z
3848 719 4128 809 Republ.
4152 722 4230 785 V.
4258 744 4323 809 p.
4353 742 4500 807 450.
4527 726 4607 788 A.

2917 825 3124 910 Legg.
3157 824 3258 888 II.
3290 825 3439 908 665.
3469 845 3526 888 a.
3559 824 3721 888 vn.
3752 847 3813 911 p.
3848 825 3992 888 812.
4024 824 4088 888 d.
4120 849 4173 889 e.
4218 825 4326 889 ubi
4358 825 4494 891 baec
4519 825 4605 891 le·

2916 925 3125 1012 gimus
3148 928 3355 990 ε--καὶ
3382 925 3453 1005 δὴ
3484 926 3579 990 καὶ
3620 927 3955 1006 πυκνότητα
3989 929 4274 1008 μανότητι
4303 929 4401 992 καὶ
4436 928 4610 1012 τάχος

2916 1032 3236 1112 βραδύτητι
3266 1031 3361 1094 καὶ
3389 1032 3640 1110 ὀξύτητα
3665 1032 3953 1112 βαρύτητι
3977 1033 4295 1112 ξύμφωνον
4326 1032 4422 1095 καὶ
4451 1033 4604 1096 ἀντί·

2917 1142 3123 1216 φωνον
3150 1135 3576 1217 παρεχόμενος,
3610 1134 3706 1197 καὶ
3733 1139 3850 1197 τῶν
3877 1135 4113 1216 ῥυθμῶν
4155 1134 4435 1200 ὡσαύτως
4461 1159 4606 1199 παν-

2914 1238 3145 1300 τοδαπὰ
3170 1237 3529 1316 ποικίλματα
3556 1237 4112 1317 προσαρμόττοντας
4139 1241 4299 1299 τοῖσι
4326 1237 4613 1317 φθόγγοις

2913 1342 3015 1418 τῆς
3058 1339 3243 1420 λύρας
3292 1365 3344 1401 κ.
3368 1363 3421 1401 τ.
3447 1347 3508 1401 λ.
3603 1337 3840 1402 Similia
3883 1337 4069 1402 habet
4116 1337 4496 1403 Plutarchus
4538 1337 4614 1402 de

2917 1442 3284 1507 Amicorum
3323 1441 3552 1506 multit.
3599 1464 3666 1529 p.
3707 1443 3810 1526 96.
3861 1444 3941 1506 E.
3985 1465 4047 1529 p.
4078 1445 4228 1527 367.
4274 1441 4376 1506 ed.
4410 1444 4610 1530 Wytt.

2917 1544 3018 1609 Cf.
3072 1544 3256 1609 etiam
3319 1544 3589 1609 Brandis
3639 1544 3704 1608 in
3764 1545 4143 1609 Commentt.
4202 1542 4501 1609 Eleaticis
4550 1567 4612 1632 p.

2923 1667 3062 1733 105.
3098 1672 3187 1736 sq.

2996 1776 3058 1840 p.
3089 1753 3242 1833 484,
3274 1774 3327 1817 1.
3343 1752 3473 1817 ⁴¹ss12
3502 1754 3572 1833 δὴ
3592 1756 3871 1827 τοιοῦτος,
3894 1754 4023 1817 οἷον
4050 1752 4146 1817 καὶ
4166 1752 4402 1821 πάντως
4417 1754 4605 1841 ποιεῖ]

2914 1857 3174 1922 Uncinis
3201 1857 3422 1923 inclusi
3469 1856 3626 1922 illud
3674 1856 3875 1921 Ficini
3907 1859 3976 1920 ἐπ
4015 1878 4103 1934 se,
4135 1858 4317 1943 cujus
4345 1857 4409 1921 in
4439 1856 4613 1921 libris

2913 1959 3139 2024 nostris
3168 1960 3411 2025 nullum
3443 1959 3794 2047 vestigium.
3830 1958 4075 2047 Taylor
4100 1959 4237 2024 haec
4264 1960 4353 2024 ita
4381 1960 4565 2025 vertit
4590 1986 4605 2024 τ

2913 2069 2960 2102 “
2991 2064 3183 2128 Since
3221 2084 3445 2127 reason
3489 2063 3795 2148 therefore
3838 2064 3897 2127 is
3940 2064 4288 2150 primarily
4316 2062 4482 2129 what
4525 2066 4612 2128 its

2909 2169 3084 2255 effect
3111 2168 3169 2231 ie
3198 2168 3614 2254 &condar-ily,
3644 2169 3728 2232 its
3747 2167 4161 2254 productione
4189 2167 4318 2230 will
4344 2167 4414 2231 be
4441 2188 4610 2231 more

2909 2294 2984 2335 or
3026 2271 3146 2335 less
3185 2281 3484 2357 contrary
3513 2280 3574 2335 ιο
3616 2272 3763 2336 each
3800 2272 3977 2336 other
4019 2273 4091 2334 in
4129 2273 4508 2358 proportion
4545 2282 4605 2337 ιο

2910 2373 3076 2438 their
3103 2374 3382 2438 distance
3384 2374 3578 2460 from
3606 2374 3770 2438 their
3796 2372 4074 2438 source.’'
4125 2373 4318 2437 Vides
4347 2374 4409 2438 h.
4433 2374 4477 2437 l.
4498 2398 4607 2463 po-

2909 2474 3034 2540 tius
3076 2475 3622 2562 circumscripsisse
3671 2498 3862 2564 quam
3892 2475 4162 2541 vertisse.
4255 2476 4609 2542 Plotiniana

2907 2577 3082 2643 illum
3106 2578 3529 2666 interpretem.

2988 2720 3073 2730 —
3109 2702 3209 2746 10.
3252 2679 3289 2761 ἢ
3325 2683 3392 2746 τὸ
3433 2684 3548 2762 μὲν
3593 2681 3802 2749 κακοὺς
3838 2681 3989 2745 εἶναι
4034 2682 4141 2745 οὐκ
4188 2684 4602 2765 ἀναιρεῖται-

2905 2786 3207 2870 τοιοῦτοι.]
3260 2785 3540 2851 Primum
3572 2808 3689 2873 pro
3719 2783 3857 2849 ἀλλ’
3890 2788 3945 2850 εἰ
3970 2784 4184 2873 scripsi
4221 2786 4359 2851 ἀλλ’
4388 2785 4426 2868 ἢ
4454 2810 4599 2852 auc-

2909 2888 3157 2955 toritate
3201 2887 3498 2954 librorum
3550 2888 3852 2953 omnium.
3944 2888 4173 2954 Similis
4214 2892 4498 2956 confusio
4540 2892 4604 2955 in

2908 2991 3137 3078 Eurip.
3172 2991 3437 3080 Hippol.
3474 3010 3621 3077 932.
3671 2990 3780 3055 ubi
3812 2990 3942 3055 vid.
3975 2991 4273 3057 Valcken.
4316 2993 4395 3059 cf.
4431 2996 4601 3060 Her-

2906 3116 3112 3158 mann.
3146 3095 3227 3159 ad
3270 3095 3478 3181 Viget.
3509 3117 3569 3182 p.
3602 3094 3752 3178 778.
3816 3092 4001 3159 Plato
4042 3096 4309 3160 Conviv.
4355 3119 4420 3183 p.
4459 3099 4602 3182 189.

2903 3197 3012 3262 fin.
3051 3198 3265 3284 Steph.
3297 3220 3360 3284 p.
3392 3215 3540 3279 402.
3574 3196 3806 3262 Bekk.:
3859 3201 3965 3262 νῦν
3995 3197 4042 3261 δ’
4075 3199 4181 3263 οὐκ
4210 3199 4378 3264 ἔστιν
4407 3199 4601 3283 ἀλλ’ἢ

2907 3303 2975 3368 έν
3030 3302 3247 3368 ὀνείδει
3297 3304 3487 3383 ὄνομα
3533 3302 3823 3382 κείμενον.
3938 3300 4186 3366 Deinde
4225 3303 4600 3390 jubentibus

2902 3404 3154 3492 optimis
3190 3404 3395 3469 Codd.
3427 3404 3571 3470 dedi
3602 3407 3694 3469 ὅτι
3734 3404 3814 3486 μὴ
3843 3404 3978 3486 παρ’
4012 3409 4204 3471 αὐτῶν
4232 3433 4288 3471 τ.
4322 3408 4436 3473 hac
4467 3431 4601 3474 sen-

2904 3507 3131 3572 tentia:
3185 3514 3226 3547 “
3258 3510 3391 3573 Aut
3429 3508 3540 3573 hoc
3582 3530 3710 3573 non
3758 3508 4002 3573 tollitur
4037 3510 4235 3574 malos
4277 3533 4428 3590 esse,
4467 3514 4598 3577 m‘si

2901 3610 3102 3673 solum
3130 3611 3294 3674 illud
3318 3612 3646 3695 (tollitur),
3677 3619 3752 3674 ut
3778 3631 3857 3674 ne
3878 3632 3958 3674 eoe
3985 3632 4050 3676 se
4078 3613 4239 3699 ipsis
4261 3615 4394 3678 sint
4422 3615 4597 3679 mali.

2906 3710 2985 3774 ln
3006 3711 3311 3799 ejusmodi
3334 3711 3470 3776 loco
3501 3711 3701 3777 Ficini
3727 3710 4065 3776 versionem
4090 3713 4383 3779 intactam
4402 3714 4599 3781 sinere

2899 3813 3127 3879 malim.
3221 3817 3516 3880 Ceterum
3565 3813 3800 3902 Taylor
3849 3814 3984 3880 haec
4029 3830 4093 3880 et
4145 3819 4466 3904 sequentia
4510 3819 4596 3884 ita

2900 3919 3123 3983 vertit:
3193 3925 3236 3957 “
3273 3920 3490 3983 Hence
3547 3919 3689 3983 δοιΙι
3736 3918 3910 4006 good
3963 3920 4096 3983 and
4148 3921 4276 3985 evil
4328 3943 4442 3987 are
4498 3923 4598 3987 led

2897 4023 3176 4111 through
3213 4024 3562 4088 contraries
3598 4025 3671 4086 in
3708 4044 3751 4086 a
3779 4024 4101 4109 beautiful
4137 4024 4351 4104 order,
4389 4027 4473 4114 by
4511 4051 4599 4092 an

2896 4135 3025 4203 art,
3054 4149 3129 4192 as
3157 4129 3211 4190 it
3248 4147 3426 4205 were,
3455 4127 3707 4190 similar
3734 4135 3795 4190 ιο
3825 4126 3960 4191 ιΙιαι
3996 4128 4208 4213 osone
4234 4129 4502 4219 leaping
4524 4133 4594 4194 in

2895 4251 2938 4293 a
2967 4230 3185 4309 damee,
3230 4231 3318 4316 of
3338 4230 3534 4294 which
3563 4252 3651 4294 we
3692 4231 3902 4316 qffirm
3946 4230 4046 4294 the
4084 4253 4200 4295 one
4231 4242 4393 4319 part
4421 4243 4483 4300 ιο
4525 4237 4594 4301 be

2888 4333 3062 4420 good
3089 4333 3222 4396 and
3250 4333 3350 4397 the
3375 4332 3551 4398 other
3571 4342 3631 4397 ιο
3660 4333 3730 4397 be
3757 4333 3901 4410 evil,
3931 4333 4065 4397 and
4089 4355 4159 4398 eo
4188 4334 4288 4398 ιΙιε
4316 4336 4504 4402 whole
4531 4349 4593 4404 ιο

2898 4436 2968 4498 be
2996 4436 3374 4523 beautfidby
3401 4436 3709 4524 dispoeed.
3776 4439 3911 4500 But
3940 4437 4084 4524 they
4106 4439 4237 4502 will
4261 4462 4343 4504 no
4369 4441 4596 4531 long-er

2897 4558 3140 4623 appear
3168 4547 3229 4601 ιο
3268 4559 3399 4624 any
3427 4560 3541 4603 one
3575 4548 3635 4603 ιο
3673 4540 3743 4602 be
3783 4540 3950 4612 evil3
3994 4540 4127 4603 and
4159 4541 4439 4630 perhaps
4481 4566 4592 4609 no-

2898 4639 3088 4727 thing
3112 4639 3391 4716 kinderer,
3422 4662 3503 4704 on
3534 4640 3660 4704 this
3685 4640 4062 4728 hypothesis,
4090 4641 4227 4707 that
4251 4665 4417 4709 some
4432 4668 4595 4733 par-

2898 4744 3163 4808 ticulare
3194 4764 3342 4830 may
3371 4744 3441 4808 be
3469 4744 3634 4816 evil,-
3688 4745 3926 4832 though
3955 4747 4008 4810 it
4038 4747 4592 4836 willfolhwfiom

2895 4847 3102 4926 hence,
3130 4848 3266 4912 ιΙιαι
3294 4847 3436 4934 they
3463 4868 3576 4911 are
3603 4857 3712 4912 ποι
3738 4848 3865 4912 evil
3861 4847 4057 4932 from
4085 4849 4460 4917 themselves.

2981 4987 3071 5003 -
3119 4969 3218 5035 15.
3250 4951 3452 5030 ὥσπερ
3498 4951 3566 5014 ἐν
3604 4949 4006 5031 δράματι-οὗ
4056 4955 4173 5035 γᾶρ
4223 4953 4399 5023 αὐτὸς
4438 4982 4594 5038 πρω-

2897 5052 3271 5135 ταγωνιστὴν
3297 5055 3608 5138 -ποιεῖ.]
3690 5053 3990 5141 Sequitur
4061 5054 4236 5120 locus
4313 5057 4593 5125 luculen-

2898 5154 3173 5219 tissimus
3212 5155 3436 5219 iterum
3477 5155 3997 5242 comparationem
4043 5179 4242 5223 scenae
4284 5182 4427 5225 cum
4463 5162 4592 5229 vita

2899 5256 3174 5321 humana
3214 5273 3278 5321 et
3310 5256 3430 5321 hoc
3481 5279 3686 5320 rerum
3731 5257 3949 5322 ordine
3993 5258 4249 5338 habenS,
4281 5285 4411 5348 quo
4454 5262 4593 5331 loco

2899 5358 3103 5423 nescio
3130 5381 3211 5424 an
3242 5358 3409 5423 ullus
3452 5358 3841 5446 praestantior
3879 5360 4052 5446 apud
4084 5361 4284 5426 ullum
4314 5363 4592 5451 philoso-

2898 5461 3097 5549 phum
3129 5461 3495 5549 reperiatur.
3572 5463 3701 5526 Pro
3728 5464 4003 5545 δεύτερον
4024 5479 4088 5528 et
4116 5467 4315 5548 τρίτον
4341 5470 4596 5556 proprie

2899 5564 3170 5630 debebat
3203 5566 3743 5648 δευτεραγωνιοτὴν
3775 5579 3840 5629 et
3884 5569 4370 5650 τριταγωνιστήν.
4450 5572 4593 5638 Vid.
