5118 6613
1018 496 1146 563 300

1022 651 1245 714 attinet
1274 652 1333 713 οἱ
1361 650 1426 713 δὲ
1457 648 1525 712 ἐν
1554 648 1713 726 ἄλλῃ
1756 647 1922 732 χώρᾳ
1947 652 2070 714 πῶς
2097 646 2407 729 διάφοροι;
2455 646 2535 711 cf.
2567 644 2719 710 Ari-

1025 770 1170 819 stot.
1222 752 1302 816 de
1349 752 1513 816 Gen.
1559 747 1863 814 Animall.
1910 751 2027 814 IV.
2081 768 2141 814 2.
2193 773 2255 837 p.
2297 768 2442 834 277.
2493 748 2718 836 Sylb.:

1027 859 1242 937 ὁμοίως
1282 855 1422 936 περί
1459 878 1525 918 τε
1567 852 1814 935 γένεσιν
1842 854 1939 917 καὶ
1976 853 2227 934 ἀγονίαν
2264 852 2360 915 καὶ
2402 851 2720 932 ἆῤῥενογο-

1030 960 1168 1023 νίαν
1199 960 1293 1021 καὶ
1323 957 1703 1039 θηλυγονίαν·
1755 954 2024 1037 διαφέρει
2054 958 2168 1038 γὰρ
2195 957 2363 1039 χῶρα
2390 956 2588 1037 χῶρας
2630 954 2729 1017 ἐπὶ

1029 1067 1212 1127 ταῦτα
1260 1062 1355 1125 καὶ
1402 1062 1554 1141 ὕδωρ
1603 1061 1831 1132 ὕδατος,
1881 1061 1978 1123 διὸ
2024 1061 2129 1125 τὰς
2183 1058 2390 1124 αἰτίας.
2491 1057 2595 1120 De
2641 1054 2726 1134 vi,

1029 1187 1217 1252 quam
1251 1163 1575 1250 regionum
1612 1161 1768 1226 situs
1798 1175 2148 1247 naturaque
2176 1159 2242 1223 in
2267 1158 2727 1247 generationem

1027 1268 1240 1345 habet,
1270 1267 1552 1353 disputat
1580 1265 1879 1329 adversus
1907 1262 2358 1350 astrologorum
2383 1276 2734 1326 commenta

1031 1374 1261 1436 Sextus
1306 1368 1667 1457 Empiricus
1720 1367 1862 1432 adv.
1914 1366 2287 1432 Mathemm.
2337 1367 2413 1429 V.
2468 1385 2611 1430 102.
2665 1390 2734 1454 p.

1118 1599 1181 1663 p.
1216 1577 1362 1661 998,
1392 1593 1450 1639 2.
1499 1577 1662 1655 εἴπερ
1701 1573 1790 1636 ἑνὶ
1816 1578 1933 1635 τῶν
1963 1571 2155 1636 αὐτῶν
2185 1570 2731 1653 διδομένων-φαί-

1037 1679 1291 1764 νεσθαι·]
1347 1675 1604 1741 Ficinus
1648 1674 1818 1739 haud
1850 1674 2040 1739 dubie
2071 1673 2221 1760 legit
2251 1676 2416 1755 εἴπερ
2447 1674 2554 1747 ἔνι,
2584 1700 2637 1737 τ.
2672 1700 2728 1738 α.

1036 1789 1248 1864 δ.-φ.
1279 1782 1422 1845 licet
1433 1782 1599 1866 fieri
1618 1786 1852 1866 potest,
1880 1793 1944 1842 et
1970 1778 2089 1841 hoc
2121 1799 2333 1841 verum
2368 1775 2636 1840 videtur.

1122 1922 1209 1933 —
1239 1901 1299 1967 7.
1349 1889 1489 1951 Πῶς
1531 1883 1638 1947 οὖν
1682 1882 1780 1946 ἐπὶ
1821 1887 2070 1945 πολλῶν
2113 1880 2585 1961 διδύμων-τοὺς
2626 1881 2730 1943 λό-

1038 2015 1179 2071 γους
1199 1988 1250 2075 ;]
1299 1987 1378 2050 In
1426 2008 1643 2050 causas
1690 1985 2002 2049 naturales
2049 1988 2150 2063 τῆς
2192 1984 2592 2063 διδυμοτοκίας
2632 1981 2730 2045 in-

1037 2090 1231 2179 quirit
1276 2087 1639 2153 Aristoteles
1683 2086 1763 2151 de
1811 2088 2109 2152 Generat.
2156 2084 2445 2150 Animall.
2498 2085 2616 2148 IV.
2669 2105 2734 2166 4.

1038 2219 1103 2281 p.
1136 2193 1281 2278 289.
1316 2190 1492 2280 Sylb.
1538 2190 1602 2254 in
1646 2188 2066 2277 astrologicae,
2108 2212 2266 2276 quas
2307 2187 2562 2275 quidem
2608 2210 2739 2251 esse

1037 2297 1392 2362 statuebant
1434 2292 1712 2382 plurimi,
1762 2293 2141 2357 Ptolemaeus
2182 2291 2244 2355 in
2278 2289 2652 2356 Tetrabiblo
2693 2289 2737 2354 l.

1044 2401 1162 2465 IV.
1190 2426 1253 2492 p.
1291 2420 1429 2484 190.
1472 2397 1571 2462 ed.
1606 2395 1794 2461 Basil.
1837 2396 1918 2461 ad
1963 2419 2109 2483 quae
2151 2395 2455 2482 interpres
2498 2417 2736 2481 anony-

1038 2525 1182 2567 mus
1223 2526 1287 2589 p.
1328 2522 1477 2586 159:
1527 2501 1635 2580 τὴν
1679 2502 1741 2563 δὲ
1786 2502 2090 2580 ποσότητα
2125 2505 2267 2579 (τῶν
2294 2497 2542 2578 τέκνων)
2578 2524 2730 2581 γνω-

1041 2610 1270 2687 σόμεθα
1301 2608 1367 2669 ἐκ
1394 2609 1495 2685 τῆς
1522 2610 1639 2667 τῶν
1667 2604 1885 2679 ζωδίων
1915 2604 2169 2685 φύσεως.
2221 2604 2288 2666 ἐν
2318 2603 2594 2680 δισῶμοις
2620 2605 2736 2683 γᾶρ

1039 2710 1075 2790 ἢ
1104 2707 1545 2789 πολυσπέρμοις
1572 2708 1740 2772 ὄντες
1766 2704 1802 2785 ἢ
1832 2708 1936 2771 δύο
1968 2704 2007 2784 ἢ
2038 2705 2133 2769 καὶ
2162 2707 2416 2769 πλείονα
2445 2706 2732 2768 διδόασιν.

1044 2815 1111 2876 ἐν
1138 2816 1423 2893 μοναχοῖς
1460 2812 1525 2873 δὲ
1568 2809 1636 2873 ἓν
1664 2808 1875 2872 τέκνον
1903 2808 2040 2888 περὶ
2071 2807 2426 2887 ποιήσουσιν
2455 2811 2600 2889 (scr.
2629 2831 2735 2870 πε-

1038 2912 1463 2995 ριποιήσουσι).
1553 2909 1870 2975 Nimirum
1916 2908 1965 2974 si
2016 2908 2304 2997 planetae,
2343 2909 2452 2996 qui
2501 2908 2737 2996 prolem

1042 3013 1413 3103 pollicentur
1444 3014 1549 3095 (ut
1573 3015 1841 3095 Venus),
1874 3026 2020 3077 sunt
2048 3011 2111 3075 in
2142 3011 2332 3100 signis
2362 3010 2619 3076 Zodiaci
2649 3012 2740 3076 bi-

1041 3116 1349 3206 corporeis
1379 3119 1481 3198 (ut
1509 3116 1573 3179 in
1603 3114 1909 3205 piscibus)
1940 3130 2053 3179 aut
2079 3114 2391 3187 fecundis;
2423 3114 2740 3202 geminam

1043 3221 1396 3310 largiuntur
1423 3219 1660 3308 prolem
1692 3234 1755 3283 et
1793 3217 2486 3282 numerosiorem—Ut
2527 3232 2737 3281 autem

1045 3327 1111 3390 h.
1157 3325 1198 3389 l.
1252 3325 1488 3389 siderea
1532 3322 1833 3388 nonnulla
1874 3320 2163 3387 animalia
2206 3320 2504 3386 dicuntur
2549 3324 2735 3385 πολύ-

1047 3456 1301 3512 σπερμα,
1323 3428 1413 3493 ita
1430 3426 1792 3493 Aristoteles
1824 3427 1934 3510 (de
1958 3428 2191 3491 Gener.
2222 3424 2521 3490 Animall.
2546 3427 2607 3491 I.
2639 3426 2738 3489 18.

1045 3559 1104 3623 p.
1136 3535 1272 3620 183.
1302 3535 1410 3597 fin.
1445 3549 1508 3597 et
1537 3530 1788 3618 saepius)
1824 3529 2070 3594 minora
2112 3528 2401 3594 animalia
2430 3527 2742 3593 terrestria

1043 3641 1354 3720 πολύγονα
1395 3635 1710 3723 appellat:
1761 3634 2015 3722 majora,
2048 3634 2385 3716 ὀλιγοτόκα.
2478 3633 2610 3696 Pro
2635 3630 2743 3695 illo

1046 3742 1195 3806 alias
1221 3745 1322 3821 (ut
1351 3764 1416 3826 p.
1450 3760 1582 3822 ¹09·
1608 3738 1768 3819 init.)
1806 3752 2069 3823 usurpat
2097 3739 2417 3811 πολυτόκα,
2448 3760 2579 3823 quo
2607 3737 2744 3823 ipso

1048 3844 1250 3907 utitur
1281 3840 1589 3917 Plotinus,
1621 3839 1736 3903 nisi
1778 3838 1953 3925 quod
1997 3838 2058 3902 in
2105 3837 2374 3902 editione
2420 3860 2743 3924 perperam

1048 3946 1344 4032 scriptum
1377 3959 1509 4007 erat
1537 3945 1859 4007 πολύτοκα.

1137 4071 1199 4135 p.
1233 4066 1380 4131 999,
1419 4066 1470 4109 1.
1520 4047 1637 4108 Καὶ
1668 4048 1721 4109 εί
1747 4048 1860 4125 μὲν
1886 4046 1924 4123 ἡ
1954 4045 2189 4123 ποίησις
2235 4043 2362 4126 ἔχει
2391 4044 2458 4105 τὸ
2490 4045 2616 4122 εἰκῇ
2645 4047 2750 4107 τοῦ

1052 4150 1385 4237 ὁποσαοῦν]
1436 4147 1540 4212 Ita
1567 4170 1711 4211 cum
1743 4146 1922 4210 bonis
1966 4145 2139 4211 libris
2183 4145 2391 4232 scripsi
2435 4168 2551 4231 pro
2592 4149 2746 4212 ὁπω-

1055 4258 1221 4324 σοῦν,
1253 4266 1601 4317 commotus
1644 4250 1739 4329 iis,
1779 4273 1925 4337 quae
1969 4248 2263 4313 continuo
2306 4247 2554 4334 subjicit
2600 4247 2746 4312 Plo·

1056 4356 1243 4420 tinuS.

1142 4495 1225 4506 —
1243 4479 1306 4542 3.
1354 4459 1600 4536 ἐξελίξει
1649 4458 1743 4521 καὶ
1790 4456 2160 4540 ἀναπλῶσει]
2216 4455 2314 4518 De
2361 4455 2551 4518 verbo
2604 4456 2748 4518 ἀνα·

1058 4564 1249 4625 πλοῦν
1278 4559 1515 4623 dictum
1558 4572 1651 4623 est
1692 4581 1730 4622 a
1773 4558 1951 4624 nobis
1994 4558 2073 4622 ad
2123 4556 2417 4622 Proclum
2446 4557 2510 4621 in
2542 4556 2751 4621 Alcib.

1061 4687 1154 4750 pr.
1203 4686 1263 4750 p.
1303 4681 1466 4747 230:
1522 4662 1623 4726 hic
1673 4684 1820 4726 vero
1866 4660 2038 4726 locus
2085 4659 2341 4738 Plotini,
2385 4660 2495 4746 qui
2543 4658 2757 4723 similis

1060 4766 1444 4853 significatus
1489 4763 1874 4828 substantiva
1894 4765 2117 4851 juncta
2144 4763 2355 4841 habet,
2387 4762 2753 4850 consignan-

1063 4869 1183 4933 dus
1212 4885 1305 4932 est
1332 4867 1395 4930 in
1431 4866 1697 4930 Lexicis.

1147 5009 1231 5020 —
1250 4974 1314 5034 6.
1347 4971 1443 5034 ἐπὶ
1470 4977 1588 5033 τῶν
1617 4971 1822 5033 ἄλλων
1850 4971 2012 5045 ζώων
2044 4966 2137 5049 ἐφ’
2171 4970 2252 5032 ὧν
2281 4973 2506 5047 πλῆθος
2533 4971 2600 5032 ἐκ
2626 4973 2760 5047 μιᾶς

1063 5073 1382 5157 γενέσεως]
1436 5071 1760 5137 Aristotel.
1800 5071 1880 5136 de
1920 5072 2217 5135 Generat.
2256 5072 2312 5135 I.
2349 5075 2461 5135 18:
2511 5072 2599 5135 ἔτι
2643 5071 2759 5136 ἀπὸ

1063 5184 1196 5258 μιᾶς
1225 5178 1546 5243 συνουσίας
1573 5182 1690 5239 τῶν
1717 5176 1878 5251 ζώων
1909 5175 2038 5238 ἔνια
2067 5179 2251 5257 γεννᾷ
2280 5173 2506 5238 πολλά.
2579 5173 2760 5237 Idem

1065 5280 1163 5345 vel
1192 5278 1475 5367 quisquis
1518 5278 1655 5365 ejus
1697 5277 1841 5342 libri
1869 5276 2091 5341 decimi
2134 5291 2352 5341 auctor
2382 5275 2482 5354 sit,
2516 5277 2761 5341 Histor.

1072 5381 1369 5447 Animall.
1399 5382 1488 5444 X.
1521 5401 1581 5466 3.
1614 5403 1676 5467 p.
1703 5399 1853 5466 503.
1886 5378 2175 5444 Schneid.
2202 5381 2428 5443 τ-ὅσα
2454 5385 2573 5444 τῶν
2601 5382 2763 5455 ζώων

1073 5486 1188 5550 ἀπὸ
1231 5490 1364 5564 μιᾶς
1406 5484 1610 5567 ὀχείας
1650 5484 1855 5547 πολλὰ
1896 5481 2094 5555 τίκτει,
2140 5483 2235 5545 καὶ
2276 5482 2313 5561 ἦ
2357 5487 2474 5546 τῶν
2512 5483 2763 5561 διδύμων

1982 472 2821 540 ANNOTATIONES
2887 473 3003 538 IN
3073 470 3527 537 PLOTINI

2810 645 3047 728 γένεσις
3076 646 3222 709 ὅταν
3250 644 3367 709 ἀπὸ
3395 648 3530 725 μιᾶς
3556 643 3822 726 γένηται.
3870 641 4049 707 Idem
4081 639 4295 729 paullo
4321 658 4501 729 post:

2813 749 2899 813 ἔτι
2950 751 3003 813 εἰ
3048 751 3252 813 πολλὰ
3302 747 3418 812 ἀπὸ
3474 752 3607 828 μιᾶς
3659 747 3863 829 ὀχείας
3914 748 4143 827 γίνεται
4193 748 4338 827 ὅπερ
4395 745 4512 827 (lta

2816 851 3173 916 Schneider.
3246 874 3390 915 cum
3452 849 3703 914 Leonic.
3767 865 3830 913 et
3892 851 4139 913 Camot.
4210 849 4516 935 probante

2815 952 2993 1042 Sylb.
3022 976 3137 1040 pro
3166 955 3397 1040 ὥσπερ)
3431 955 3709 1030 φαίνεται
3754 954 3850 1016 ἐπὶ
3892 959 4009 1016 τῶν
4051 955 4172 1016 ὑῶν
4215 953 4309 1017 καὶ
4352 953 4513 1017 διδύ-

2813 1082 2940 1138 μων
2984 1059 3174 1122 ἐνίοτε
3217 1058 3577 1139 γιγνόμενον
3624 1055 3739 1139 (ita
3791 1054 4077 1119 Schneid.
4131 1078 4210 1118 ex
4255 1056 4512 1142 conject.

2818 1159 3139 1249 Sylburgii
3169 1182 3286 1247 pro
3315 1161 3694 1244 γιγνόμενα).
3773 1158 4061 1223 Plotinus
4089 1174 4297 1222 noster
4326 1179 4517 1246 supra

2817 1288 2884 1352 p.
2913 1267 3064 1346 460.
3094 1264 3179 1327 E.
3213 1264 3336 1326 F.:
3385 1263 3532 1326 ὅταν
3576 1263 3777 1326 τοίνυν
3825 1264 3891 1325 ἐκ
3942 1264 4195 1326 συνόδου
4240 1266 4376 1343 μιᾶς
4421 1263 4518 1325 καὶ

2822 1367 2955 1434 ἑνὸς
2999 1366 3336 1448 σπέρματος
3384 1366 3593 1445 δίδυμα
3636 1364 3881 1447 γένηται
3931 1363 4290 1447 γεννήματα,
4336 1361 4374 1443 ἢ
4423 1366 4520 1428 καὶ

2820 1472 3022 1551 ὥσπερ
3052 1471 3119 1533 ἐν
3147 1475 3269 1537 τοῖς
3311 1470 3523 1535 ἄλλοις
3565 1469 3729 1544 ζώοις
3771 1474 4050 1531 πλεῖστα.
4143 1466 4317 1531 Hinc
4361 1466 4520 1531 ratio

2819 1572 3044 1638 harum
3094 1594 3315 1636 vocum
3365 1569 3771 1657 intelligitur:
3820 1572 3995 1653 ὀχεία
4034 1592 4081 1633 S.
4130 1572 4422 1635 συνουσία
4465 1593 4514 1634 S.

2818 1677 3067 1742 σύνοδος
3090 1672 3476 1756 (παιδοποιία,
3501 1673 3800 1756 γέννησις,
3820 1682 4166 1761 parentum
4196 1675 4517 1760 negotium

2808 1780 3191 1866 procreatio,
3224 1791 3286 1842 et
3332 1799 3784 1863 nonnunquam
3831 1775 4014 1840 etiam
4062 1775 4317 1858 γένεσις.
4411 1777 4517 1840 Cf.

2819 1882 3002 1947 etiam
3039 1882 3378 1969 Wyttenb.
3417 1880 3496 1945 ad
3534 1880 3858 1945 Plutarch.
3906 1879 3987 1943 de
4028 1902 4311 1968 puerorr.
4357 1879 4516 1944 edu-

2821 1998 2941 2048 cat.
2970 2006 3035 2071 p.
3066 1985 3200 2064 68.)
3236 1982 3461 2047 deinde
3506 1983 3760 2065 γένεσις,
3792 1991 3971 2046 ortw
4012 1984 4349 2061 nascentis,
4381 1999 4518 2046 tum

2822 2091 2897 2152 τὰ
2947 2086 3303 2170 γεννήματα,
3345 2086 3601 2174 prole8,·
3661 2084 3934 2150 Proinde
3980 2085 4044 2149 h.
4076 2084 4116 2149 l.
4167 2084 4250 2150 ad
4294 2089 4521 2166 πλῆθος

2822 2190 3029 2278 cogita
3055 2189 3456 2273 γεννημάτων.

3443 2362 3501 2426 L
3515 2361 3549 2424 I
3567 2361 3644 2425 B.
3695 2362 3786 2424 VI
3798 2361 3870 2424 11
3882 2412 3894 2424 .

2886 2500 2964 2562 P.
2982 2517 3172 2576 1000,
3197 2516 3256 2581 7.
3280 2503 3473 2563 ΠΕΡΙ
3503 2504 3672 2563 ΤΟΤ
3698 2504 4049 2564 NOHTO‘r
4078 2500 4514 2583 ΚΑΛΛΟΥΣ]

2823 2603 2946 2665 Est
2987 2601 3088 2665 hic
3129 2600 3287 2666 liber
3332 2601 3684 2689 trigesimus
3713 2601 3954 2688 primus
3984 2600 4326 2666 secundum
4359 2616 4516 2666 tem-

2825 2704 2991 2793 poris
3017 2704 3375 2782 decursum,
3398 2728 3528 2792 quo
3558 2703 3786 2792 singuli
3815 2705 4105 2793 deinceps
4134 2704 4344 2791 scripti
4375 2718 4521 2769 sunt

2828 2807 3175 2896 (Porphyr.
3210 2807 3290 2872 de
3322 2808 3467 2872 Vita
3497 2808 3730 2873 Plotini
3773 2832 3825 2872 c.
3849 2810 3923 2873 V.
3971 2823 4034 2871 et
4079 2808 4348 2893 XXV.)
4396 2810 4521 2873 Ar-

2823 2927 3195 2999 gumentum
3245 2910 3437 2997 hujus
3481 2910 3624 2975 libri
3676 2910 4001 2975 Plotiniani
4048 2925 4383 2998 cognatum
4431 2927 4524 2975 est

2823 3012 2995 3077 baud
3040 3012 3255 3100 paucis
3296 3012 3445 3076 locis
3487 3011 3875 3099 dialogorum
3909 3011 4212 3091 Platonis,
4244 3012 4523 3091 Phaedri,

2828 3115 3141 3202 Symposii
3168 3115 3258 3198 (in
3284 3115 3623 3203 primisque
3641 3115 3941 3180 Diotimae
3964 3114 4375 3203 disputationi
4402 3116 4521 3181 sub

2825 3219 3011 3283 finem
3042 3242 3103 3305 p.
3134 3237 3279 3283 210.
3313 3242 3446 3306 sqq.
3480 3242 3545 3306 p.
3569 3239 3717 3301 442.
3751 3242 3884 3308 sqq.
3920 3217 4152 3303 Bekk.)
4189 3218 4417 3283 Timaei
4459 3242 4523 3306 p.

2833 3325 2935 3387 28.
2964 3347 3059 3410 sq.
3092 3347 3157 3411 p.
3185 3343 3282 3409 23.
3313 3322 3514 3388 Bekk.
3578 3322 3847 3401 Philebi,
3878 3323 4160 3387 aliorum.
4224 3324 4521 3388 Ceterum

2827 3424 2907 3490 de
2952 3426 3233 3491 fontibus
3273 3426 3466 3514 hujus
3514 3427 3816 3492 doctrinae
3861 3427 4368 3514 auctoribusque,
4414 3426 4524 3512 qui

2827 3551 2962 3593 eam
3007 3528 3422 3609 illustrarunt,
3453 3530 3551 3618 egi
3594 3531 3658 3594 in
3708 3532 4051 3617 Praeparat.
4097 3529 4176 3593 ad
4225 3527 4374 3593 Lib.
4403 3529 4522 3592 VI.

2829 3633 3001 3697 Enn.
3034 3631 3093 3695 1.
3135 3632 3246 3719 qui
3291 3649 3384 3697 est
3425 3633 3506 3698 de
3553 3633 4000 3698 Pulcritudine.
4098 3634 4176 3697 In
4221 3632 4318 3696 his
4362 3631 4529 3706 Dius

2836 3735 3269 3823 Pythagoreus
3300 3737 3510 3824 (cujus
3548 3736 3678 3801 duo
3715 3737 4069 3823 fragmenta
4097 3757 4175 3798 ex
4205 3733 4366 3799 libro
4393 3736 4530 3815 περὶ

2833 3843 3152 3907 Καλλονᾶς
3180 3839 3359 3903 nobis
3387 3839 3773 3903 conservavit
3821 3839 4109 3903 Stoboeus
4136 3838 4201 3900 in
4233 3835 4525 3923 Florileg.

2838 3940 2972 4005 Tit.
3008 3943 3227 4006 LXV.
3265 3945 3360 4006 16.
3393 3959 3456 4006 et
3497 3960 3594 4025 17.
3654 3940 3793 4004 Vol.
3827 3941 3906 4004 11.
3940 3964 4002 4028 p.
4025 3957 4392 4025 497—499.
4424 3937 4524 4003 ed.

2838 4044 3188 4130 Gaisford.)
3235 4045 3297 4108 in
3342 4043 3580 4132 aliquot
3624 4042 3940 4109 sententiis
3982 4066 4123 4107 cum
4164 4041 4532 4108 Plotinianis

2837 4149 3183 4221 consentit;
3234 4170 3436 4234 neque
3466 4162 3673 4212 tamen
3700 4146 3809 4224 ita,
3841 4161 3913 4211 ut
3944 4144 4232 4210 Plotinus
4273 4167 4417 4210 eum
4462 4144 4534 4208 li-

2838 4251 3022 4316 brum
3054 4251 3272 4339 legisse
3301 4249 3638 4316 necessario
3664 4248 3987 4337 putandus
4016 4248 4111 4312 sit.
4206 4248 4329 4312 Sed
4358 4260 4423 4312 et
4451 4247 4531 4312 de

2840 4354 3326 4431 Platonicorum,
3358 4376 3518 4441 quos
3558 4352 3973 4431 laudavimus,
4005 4350 4391 4438 dialogorum
4432 4374 4534 4415 ar-

2836 4458 3150 4545 gumentis
3179 4456 3362 4542 plura
3398 4455 3673 4520 diximus
3699 4455 3763 4519 in
3796 4455 4259 4543 Praeparatione
4302 4454 4409 4519 illa
4449 4454 4534 4519 ad

2839 4560 3068 4625 librum
3109 4560 3342 4624 Plotini
3380 4559 3460 4624 de
3503 4559 3934 4624 Pulcritudine
3977 4559 4040 4623 in
4086 4557 4188 4622 ed.
4238 4557 4536 4644 peculiari

2844 4663 3380 4751 Heidelbergensi‚
3412 4662 3602 4742 unde,
3632 4686 3777 4749 quae
3820 4686 3885 4750 p.
3918 4663 4195 4727 CXIII.
4239 4661 4320 4726 ad
4367 4660 4536 4725 hunc

2841 4766 3066 4832 librum
3121 4766 3456 4853 pertinent,
3511 4788 3726 4829 eorum
3781 4765 4082 4829 lectorum
4136 4763 4198 4828 in
4244 4762 4535 4851 gratiam,

2845 4869 3077 4957 quibus
3118 4868 3225 4933 illa
3260 4868 3450 4933 editio
3491 4867 3572 4931 ad
3618 4890 3841 4932 manus
3884 4889 4007 4932 non
4036 4880 4151 4943 est,
4182 4865 4308 4931 huc
4335 4882 4537 4932 trans-

2844 4974 3006 5037 ferre
3034 4972 3253 5037 liceat:
3304 4980 3347 5010 ‘⁶
3373 4974 3541 5035 Eum
3573 4970 3804 5035 librum
3846 4971 3915 5052 (i.
3937 4994 3990 5034 e.
4023 4970 4190 5034 hunc
4217 4969 4422 5057 ipsum
4457 4969 4538 5034 de

2845 5073 3214 5161 intelligibili
3261 5072 3708 5160 pulcritudine)
3756 5095 3794 5134 a
3840 5071 4196 5159 Porphyrio
4242 5071 4352 5154 (de
4396 5072 4543 5136 Vita

2848 5176 3085 5242 Plotini
3104 5201 3157 5241 c.
3183 5182 3315 5262 25.)
3348 5175 3426 5241 ad
3458 5197 3592 5240 eam
3615 5174 3982 5239 Enneadem
4011 5173 4277 5239 relatum
4312 5173 4544 5251 videas,

2846 5305 2990 5368 quae
3045 5294 3327 5345 versatur
3375 5279 3535 5343 circa
3589 5286 3848 5342 mentem
3907 5277 4130 5360 (νοῦν).
4237 5276 4544 5343 Videlicet

2849 5404 3160 5448 summum
3206 5381 3386 5460 illud,
3417 5380 3590 5468 quod
3625 5382 3874 5445 Bonum
3920 5401 4247 5466 unumque
4290 5379 4543 5458 dicitur,

2850 5487 2976 5551 sive
3006 5488 3206 5565 Deus,
3237 5484 3317 5549 de
3360 5508 3490 5571 quo
3533 5498 3847 5548 extremus
3889 5498 4184 5548 extremae
4223 5483 4552 5549 Enneadis
