5118 6613
1321 559 1521 623 LIB.
1572 559 1686 623 vl.
1734 557 2196 624 ENNEAD.
2247 558 2720 644 QUARTAE.
2758 580 2831 646 p.
2871 557 3234 643 831—837.

545 728 827 791 VI—X.
857 726 1135 815 itemque
1185 728 1493 793 Boethius
1531 729 1612 794 de
1663 728 1983 795 Consolat.
2029 728 2243 794 Philo-

543 830 723 917 soph.
752 829 916 894 libro
944 832 1025 894 V.

587 953 650 1018 p.
674 933 823 1018 836,
844 953 907 1016 9.
928 938 1090 997 ΤΑΣ
1110 932 1419 1013 αἰσθήσεις
1433 934 1504 998 οὗ
1520 935 1810 1001 τυπώσεις
1827 935 1951 998 οὐδ’
1972 936 2237 1017 ἐνσφρα-

536 1035 730 1117 γίσεις
766 1034 1054 1118 λέγοντες
1082 1063 1135 1099 κ.
1160 1060 1214 1099 τ.
1237 1035 1331 1123 λ.]
1381 1035 1490 1100 Ad
1532 1036 1724 1101 verba
1761 1052 1825 1101 et
1871 1037 2238 1101 sententiam

537 1136 775 1217 confer,
805 1160 951 1224 quae
981 1160 1174 1224 supra
1199 1136 1480 1225 disputat
1497 1154 1706 1204 noster
1734 1138 2145 1226 philosophus
2173 1163 2238 1227 p.

538 1259 687 1324 305.
737 1240 818 1303 B.
842 1259 990 1325 391.
1022 1241 1105 1305 G.
1152 1255 1217 1304 et
1250 1264 1397 1326 quae
1439 1240 1603 1304 infra
1646 1264 1710 1328 p.
1739 1244 1895 1323 461.
1944 1243 2020 1306 F.
2118 1244 2239 1306 Re-

537 1339 872 1428 prehendit
900 1356 1109 1405 autem
1142 1341 1204 1404 in
1245 1341 1343 1404 his
1382 1354 1445 1405 et
1492 1343 1899 1429 sequentibus
1942 1344 2240 1409 Aristote-

540 1441 683 1507 lem.
751 1443 878 1519 Qui
898 1444 990 1508 ita
1011 1443 1075 1507 in
1099 1443 1309 1508 libello
1329 1446 1467 1527 περὶ
1486 1444 1713 1526 μνήμης
1734 1449 1831 1510 καὶ
1858 1447 2243 1527 ἀναμνήσεως

540 1568 594 1610 c.
634 1566 687 1609 1.
719 1568 783 1632 p.
820 1562 921 1631 29.
956 1546 1131 1633 Sylb.
1161 1570 1175 1610 ε
1227 1551 1438 1626 Δῆλον
1465 1546 1601 1629 γάρ,
1635 1550 1727 1612 ὅτι
1757 1553 1851 1613 δεῖ
1876 1553 2090 1628 νοῆσαι
2116 1574 2236 1612 τοι-

540 1651 718 1712 οῦτον
744 1647 813 1710 τὸ
855 1649 1176 1730 γινόμενον
1204 1651 1302 1712 διὰ
1342 1652 1445 1727 τῆς
1483 1648 1816 1729 αἰσθήσεως
1855 1653 1923 1714 ἐν
1962 1654 2034 1729 τῇ
2071 1644 2241 1733 ψυχῇ

543 1775 641 1813 και
681 1753 763 1835 τῷ
810 1751 995 1835 μορίῳ
1039 1754 1146 1814 τοῦ
1191 1752 1464 1830 σώματος
1505 1754 1586 1836 τῷ
1633 1750 1836 1834 ἔχοντι
1867 1752 2067 1833 αὐτήν·
2113 1753 2244 1816 οἶον

541 1851 904 1934 ζωγράφημά
941 1877 998 1916 τι
1040 1852 1108 1916 τὸ
1152 1851 1359 1926 πάθος,
1392 1854 1463 1916 οὗ
1513 1861 1715 1934 φαμεν
1757 1854 1866 1931 τὴν
1922 1854 2046 1932 ἕξιν
2090 1853 2245 1918 εἶναι

537 1951 787 2032 μνήμην·
832 1954 870 2032 ἡ
903 1956 1019 2034 γὰρ
1058 1952 1343 2034 γινομένη
1374 1955 1600 2035 κίνησις
1642 1956 2081 2036 ἐνσημαίνεται,
2114 1955 2244 2019 οἷον

542 2056 727 2120 τύπον
769 2058 905 2119 τινὰ
942 2058 1048 2118 τοῦ
1090 2054 1470 2135 αἰσθήματος,
1506 2056 1770 2138 καθάπερ
1813 2059 1872 2120 οἱ
1914 2058 2239 2138 σφραγιζό-

540 2183 710 2238 μενοι
750 2163 875 2224 τοῖς
921 2159 1271 2224 δακτυλίοις.
1317 2158 1407 2222 διὸ
1451 2160 1548 2223 καὶ
1589 2165 1713 2226 τοῖς
1751 2161 1865 2239 μὲν
1910 2160 1978 2223 ἐν
2019 2159 2248 2239 κινήσει

542 2263 740 2338 πολλῇ
769 2261 868 2322 διὰ
895 2259 964 2322 τὸ
1001 2258 1190 2326 πάθος
1231 2258 1268 2339 ἦ
1310 2259 1380 2326 δι’
1410 2263 1648 2341 ἡλικίαν
1684 2262 1857 2325 οὖσιν
1895 2262 1967 2325 οὔ
2014 2264 2244 2343 γίνεται

542 2360 756 2442 μνήμη,
790 2360 1054 2443 καθάπερ
1096 2360 1174 2425 ἃν
1205 2365 1287 2430 εἷς
1327 2365 1479 2445 ὕδωρ
1519 2364 1662 2446 ῥέον
1707 2366 2108 2445 ἐμπιπτούσης
2143 2369 2245 2443 τῆς

545 2467 826 2547 κινήσεως
855 2468 952 2531 καὶ
978 2470 1079 2546 τῆς
1121 2469 1472 2548 σφραγίδος·
1520 2474 1644 2535 τοῖς
1682 2470 1767 2542 δὲ,
1801 2472 1898 2533 διά
1936 2467 2004 2530 τὸ
2042 2470 2239 2550 ψύχε-

543 2574 685 2633 σθαι
715 2568 1071 2650 (φθίνεσθαι
1098 2590 1295 2654 marg.
1336 2568 1436 2633 ed.
1473 2570 1697 2653 Basil.)
1732 2568 1995 2651 καθάπερ
2023 2572 2098 2633 τᾶ
2126 2595 2239 2633 πα-

542 2673 686 2735 λαιὰ
730 2676 849 2734 τῶν
889 2669 1388 2750 οἰκοδομημάτων,
1432 2673 1531 2736 καὶ
1577 2675 1674 2736 διᾶ
1723 2674 2095 2754 σκληρότητα
2140 2676 2245 2735 τοῦ

542 2772 868 2857 δεχομένου
884 2772 953 2836 τὸ
981 2771 1188 2846 πάθος,
1213 2773 1319 2836 οὐκ
1352 2774 1655 2855 ἐγγίνεται
1681 2773 1750 2836 τὸ
1780 2773 1986 2841 πάθος.
2055 2773 2243 2838 Unde

541 2874 724 2940 etiam
783 2873 1093 2961 quispiam
1154 2873 1567 2961 patrocinium
1628 2888 1869 2962 repetat
1924 2876 2242 2941 Vaticana:

541 2975 784 3042 lectioni
843 2976 907 3040 in
966 2975 1254 3041 Plotino:
1311 2980 1568 3061 κατοχᾶς
1622 2977 2004 3058 παθημάτων.
2094 2980 2242 3065 Ego

538 3101 680 3143 cum
714 3079 937 3143 Ficino
956 3078 1286 3165 vulgatum
1314 3079 1572 3144 retineo.
1648 3081 2044 3168 Porphyrius
2064 3082 2237 3169 apud

543 3181 866 3247 Stobaeum
909 3179 1177 3268 Eclogg.
1212 3182 1265 3245 Ι.
1299 3200 1407 3265 52.
1452 3205 1517 3269 p.
1553 3184 1698 3268 830.
1736 3185 1931 3247 Heer.
1971 3183 2034 3247 in
2081 3183 2240 3248 refe-

539 3283 733 3349 renda
773 3297 838 3350 et
869 3283 1217 3371 judicanda
1252 3284 1569 3350 Aristonis
1612 3285 1916 3351 sententia
1957 3285 2045 3351 ita
2095 3288 2239 3353 scri-

538 3386 669 3451 bit:
718 3388 995 3465 αἵσθησις
1038 3390 1156 3468 γὰρ
1204 3386 1413 3453 οὐσίας
1462 3387 1568 3451 οὐκ
1618 3390 2022 3468 ἀντιληπτικὴ,
2075 3391 2240 3454 ἀλλά

535 3492 768 3570 μορφῆς
795 3488 890 3552 καὶ
919 3486 1217 3560 πλάσεως,
1249 3489 1341 3551 ὅτι
1370 3489 1437 3552 δὲ
1471 3489 1780 3570 ἄνθρωπος
1813 3486 1852 3569 ἢ
1892 3492 2089 3564 ἵππος,
2125 3492 2235 3554 ἀλ-

535 3598 648 3655 λου
674 3591 713 3668 ἡ
742 3591 1079 3672 ἀντίληψις.
1131 3588 1248 3671 (ita
1277 3590 1447 3653 hunc
1474 3588 1679 3654 locum
1711 3615 1747 3656 e
1769 3591 1942 3656 libris
1963 3592 2239 3679 explevit

539 3693 814 3756 Heeren.
906 3690 1101 3755 Plura
1131 3713 1279 3755 vero
1323 3715 1401 3755 ex
1442 3693 1802 3779 conjectura
1840 3694 2073 3759 addere
2112 3717 2235 3759 non

537 3798 834 3878 necesse.)
883 3792 1196 3875 Διάφορον
1224 3794 1331 3857 οὖν
1358 3799 1460 3872 τῆς
1498 3795 1877 3878 ἀντιλήψεως
1905 3796 1973 3860 τὸ
2006 3799 2235 3877 κίνημα·

539 3896 713 3975 ἡμὲν
751 3899 869 3978 γὰρ
907 3895 1238 3975 τυπτομένῃ
1279 3896 1492 3970 ἔοικεν,
1523 3898 1561 3976 ἡ
1605 3902 1707 3977 τῆς
1745 3898 2098 3977 αἰσθήσεως,
2144 3900 2239 3964 καὶ

541 3998 648 4077 ἔξω
693 3996 985 4078 ἑλκομένη
1015 3999 1114 4062 ἐπὶ
1149 4000 1409 4079 μορφὴν,
1442 4001 1478 4079 ἡ
1522 4003 1587 4064 δὲ
1627 4000 2004 4083 ἀφισταμένη
2046 4004 2236 4066 τυπῶ-

539 4126 706 4169 σεως.
775 4103 920 4166 Hac
951 4102 1097 4165 data
1123 4101 1442 4165 occasione
1470 4103 1774 4167 maculam
1801 4103 1947 4167 cluo
1968 4127 2044 4167 ex
2071 4105 2237 4168 Her-

538 4201 714 4267 metis
763 4202 1117 4289 fragmento
1158 4202 1332 4289 apud
1384 4204 1653 4268 eundem
1704 4204 1877 4268 Stob.
1926 4228 1989 4291 p.
2030 4206 2230 4270 1086:

539 4304 693 4370 ὅπως
718 4306 756 4384 ἦ
784 4306 966 4386 φύσις
992 4308 1136 4387 τηρῇ
1179 4306 1276 4368 καὶ
1318 4309 1906 4389 περικρατῇ-τύπου
1950 4310 2014 4386 ἐξ
2053 4309 2237 4392 ἀρχῆς

540 4405 1089 4487 καταβεβλημένου.
1181 4409 1516 4494 Perperam
1574 4407 1871 4495 scriptum
1920 4423 2075 4482 erat,
2124 4432 2235 4496 pa-

538 4507 681 4574 riter
710 4523 903 4594 atque
934 4508 996 4572 in
1043 4507 1257 4572 multis
1301 4507 1449 4573 locis
1491 4509 1747 4587 Plotini,
1778 4512 1984 4576 τόπου.
2077 4513 2231 4576 Sen-

538 4609 727 4675 tiendi
771 4625 979 4675 autem
1026 4609 1326 4674 rationem
1373 4610 1653 4675 similiter
1680 4611 1811 4675 fere
1854 4627 2046 4698 atque
2089 4614 2238 4678 Ari-

537 4712 784 4779 stoteles
810 4711 1121 4799 explicare
1166 4712 1507 4777 studebant
1553 4713 1761 4778 Stoici.
1854 4713 2235 4779 Plutarchus

533 4813 609 4878 de
655 4813 909 4879 Placitt.
959 4812 1226 4877 Philoss.
1259 4815 1378 4879 IV.
1425 4834 1527 4877 11.
1576 4838 1638 4901 p.
1676 4819 1823 4901 630.
1869 4817 2126 4903 Wytt.:
2176 4820 2234 4882 οὶ

533 4917 786 4980 Στωϊκοί
808 4924 1020 4997 φασιν·
1057 4913 1257 4980 Ὅταν
1285 4920 1544 4998 γεννηθῆ
1572 4919 1605 4980 6
1645 4918 1970 4999 ἄνθρωπος,
2006 4918 2134 5001 ἔχει
2161 4919 2230 4983 τὸ

529 5016 883 5099 ἡγεμονικὸν
909 5015 1087 5099 μέρος
1114 5021 1215 5097 τῆς
1242 5022 1443 5101 ψυχῆς
1471 5020 1673 5101 ὥσπερ
1711 5019 1933 5103 χάρτης
1971 5023 2233 5105 ἐνεργῶν

532 5121 611 5186 εἷς
667 5119 1031 5201 ἀπογραφὴν
1083 5118 1346 5206 (optime
1406 5121 1589 5185 C.D.
1649 5120 1922 5187 Beckius
1973 5148 2009 5188 e
2067 5124 2225 5189 Cod.

3911 573 4036 638 245

2332 736 2580 814 Πρῶτος
2608 733 2674 795 δὲ
2702 733 2735 794 6
2765 733 2867 809 τῆς
2905 730 3260 811 ἀπογραφῆς
3297 729 3533 811 τρόπος,
3566 729 3600 790 6
3637 731 3738 792 διὸ
3775 733 3893 791 τῶν
3936 730 4026 790 αἰ-

2330 832 2627 912 σθήσεων.
2677 832 3100 910 αἰσθανόμενοι
3121 828 3239 912 γάρ
3258 854 3415 897 τινες
3436 829 3566 892 οἷον
3585 833 3821 901 λευκοῦ,
3846 830 4033 892 ἀπελ-

2329 935 2539 1001 θόντος
2581 935 2761 998 αὐτοῦ
2800 932 3033 1012 μνήμην
3090 933 3353 1016 ἔχουσιν.
3445 933 3633 996 Hanc
3680 930 4029 995 Stoicorum

2327 1037 2691 1102 sententiam
2715 1036 2918 1122 tangit
2944 1034 3133 1098 etiam
3163 1032 3469 1099 Boethius
3489 1033 3571 1098 de
3600 1032 3856 1098 Consol.
3881 1030 4032 1095 Phi-

2328 1138 2439 1202 los.
2471 1139 2580 1202 lib.
2614 1140 2690 1203 V.
2723 1138 2786 1202 in
2822 1136 3127 1215 Metricis‚
3156 1158 3223 1223 p.
3254 1156 3401 1222 304.
3432 1159 3567 1223 sq.:
3617 1145 3662 1175 “
3694 1134 4029 1213 Quondam

2328 1242 2625 1305 Porticus
2681 1240 2894 1304 attulit
2949 1239 3267 1303 Obscuros
3323 1238 3582 1302 nimium
3634 1262 3824 1303 seneS.
3900 1238 4024 1317 Qui

2327 1365 2542 1406 sensus
2571 1356 2634 1406 et
2662 1342 2962 1429 imagines
2992 1344 3053 1405 E
3085 1340 3454 1428 corporibus
3473 1340 3719 1405 extimis
3749 1340 4029 1406 Credant

2327 1444 2643 1508 mentibus
2667 1443 2962 1531 imprimi,
3003 1445 3090 1508 Ut
3116 1444 3430 1531 quondam
3458 1444 3642 1507 celeri
3680 1445 3843 1532 stylo
3878 1446 4031 1509 Mos

2325 1556 2420 1611 est
2464 1569 2708 1634 aequore
2740 1549 3041 1635 pag-ime,
3095 1548 3254 1620 Quae
3295 1545 3510 1610 nullas
3550 1546 3775 1611 habeat
3821 1556 4028 1626 notas,

2327 1649 2600 1712 Pressas
2641 1651 2845 1736 figere
2893 1650 3159 1713 litteras.
3252 1648 3376 1713 Sed
3436 1670 3613 1713 mens
3659 1648 3711 1713 si
3761 1649 4031 1737 propriis

2327 1749 2547 1837 vigens
2592 1749 2764 1815 Nihil
2818 1751 3092 1816 motibus
3125 1750 3418 1837 explicat,
3461 1751 3587 1816 Sed
3630 1766 3876 1816 tantum
3918 1775 4028 1840 pa-

2330 1852 2488 1916 tiens
2521 1854 2712 1941 jacet,
2742 1854 2928 1917 Notis
2973 1853 3227 1918 subdita
3260 1876 3633 1940 corporum:
3684 1857 4032 1941 Cassasque

2329 1953 2392 2019 in
2438 1955 2673 2041 speculi
2705 1956 2900 2020 vicem
2947 1957 3191 2020 Rerum
3232 1955 3441 2020 reddit
3479 1955 3802 2044 imagineS,
3835 1958 4030 2023 Unde

2333 2056 2467 2121 haec
2486 2057 2573 2121 sic
2590 2057 2832 2121 animus
2853 2057 3023 2144 viget
3042 2058 3323 2122 Cernens
3341 2057 3551 2122 omnia
3568 2058 3739 2123 notio
3755 2061 3822 2122 ?”
3874 2061 4030 2123 Pro-

2331 2159 2554 2224 clusin
2591 2159 2793 2224 Alcib.
2821 2182 2916 2246 pr.
2951 2183 3016 2246 p.
3053 2160 3198 2223 281.
3228 2159 3444 2223 eadem
3475 2159 3878 2225 similitudine
3914 2162 4031 2228 uti-

2333 2275 2476 2326 tur:
2527 2263 2626 2325 καὶ
2653 2264 2747 2341 (αἱ
2773 2263 3000 2345 ψυχαὶ)
3033 2263 3139 2325 οὔκ
3174 2264 3329 2326 εἰσιν
3367 2263 3615 2344 ἄγραφα
3656 2270 4027 2345 γραμματεῖα

2332 2365 2630 2446 δεχόμενα
2657 2363 2792 2431 τοὺς
2820 2365 3036 2430 τύπους
3073 2363 3311 2441 ἔξωθεν,
3344 2365 3508 2427 ἀλλὰ
3549 2363 3880 2445 γέγραπται
3914 2367 4029 2445 μὲν

2328 2466 2441 2540 ἀεὶ,
2490 2466 2587 2528 καὶ
2629 2467 2663 2528 6
2701 2464 2953 2548 γράφων
2992 2467 3060 2528 ἐν
3103 2467 3290 2550 ἑαυτῷ
3334 2467 3485 2539 ἐστι,
3517 2467 3837 2547 γινώσκειν
3863 2469 3929 2531 δὲ
3959 2470 4030 2532 οὐ

2327 2572 2517 2631 πᾶσαι
2561 2569 2637 2630 τὰ
2677 2565 3063 2649 γεγραμμένα
3104 2569 3402 2631 δύνανται.
3474 2566 3659 2632 Plato
3699 2567 3764 2632 in
3812 2570 4032 2633 Prota·

2327 2691 2483 2756 gora
2509 2691 2579 2755 p.
2607 2670 2756 2753 326.
2792 2669 2895 2732 D:
2944 2667 3083 2732 ἀλλ’
3117 2670 3381 2751 ἀτεχνῶς
3418 2670 3623 2752 ὥσπερ
3665 2672 3724 2733 οἱ
3757 2696 4027 2752 γραμμα·

2328 2772 2526 2835 τισταὶ
2552 2777 2677 2838 τοῖς
2701 2770 2873 2850 μήπω
2916 2775 3132 2838 δεινοῖς
3169 2770 3429 2853 γράφειν
3458 2777 3577 2835 τῶν
3613 2774 3842 2836 παίδων
3878 2775 4030 2838 ὑπο-

2329 2872 2676 2955 γράψαντες
2710 2874 2982 2954 γραμμὰς
3024 2876 3094 2952 rfr
3145 2878 3392 2956 γραφῑδῑ
3442 2874 3593 2938 ⁰⁴51·oe
3641 2874 3711 2938 *ὅ
3760 2901 4030 2958 γραψα-

2326 2980 2489 3039 τεῖον
2538 2975 2771 3038 διδόασι
2829 2974 2925 3039 καὶ
2969 2973 3370 3057 ἀναγκάζουσι
3417 2975 3680 3058 γράφειν
3728 2981 3879 3042 κατὰ
3927 2979 4035 3057 τὴν

2323 3076 2630 3159 ὑφήγησιν
2683 3082 2803 3140 τῶν
2855 3082 3158 3159 γραμμῶν.
3254 3076 3382 3141 Ubi
3437 3077 3854 3143 Heindorfius
3902 3102 4028 3145 non

2325 3178 2525 3265 magis
2559 3177 2824 3243 retinere
2869 3178 3141 3242 debebat
3185 3179 3557 3261 γραμμάτων
3606 3183 4035 3262 (γραμματεῖον

2323 3295 2419 3346 est
2445 3279 2630 3346 etiam
2676 3279 2739 3345 in
2785 3279 2947 3346 Cod.
2990 3279 3336 3346 Bodleiano
3378 3295 3439 3347 et
3485 3282 3816 3349 reductum
3861 3299 3956 3350 est
3999 3309 4038 3349 a

2327 3382 2687 3466 Bekkero:)
2735 3406 2926 3470 quam
2987 3383 3067 3448 de
3124 3384 3573 3470 significatione
3625 3391 3912 3468 γραμμῆς,
3964 3404 4036 3453 ut

2322 3486 2546 3565 merce,
2580 3485 2893 3551 dubitare.
2987 3487 3316 3551 Maximus
3365 3487 3608 3574 Tyrius
3637 3489 3839 3553 VIII.
3877 3510 3936 3555 2.
3965 3511 4027 3576 p.

2333 3607 2477 3673 132.
2510 3587 2727 3652 Reisk.
2811 3587 3085 3652 Platonis
3126 3587 3330 3652 locum
3373 3588 3460 3652 ita
3501 3591 3843 3675 expressit:
3901 3592 4031 3655 οῖον

2327 3690 2423 3754 καὶ
2457 3697 2581 3759 τοῖς
2615 3692 2825 3755 παισὶν
2863 3693 2922 3753 οἳ
2960 3691 3400 3773 γραμματισταὶ
3442 3697 3846 3774 μηχανῶνται,
3877 3694 4025 3756 ὑπο·

2323 3792 2720 3876 χαράττοντες
2768 3792 2967 3858 αὐτοῖς
3008 3799 3227 3872 σημεῖα
3272 3794 3518 3874 ἀμυδρά,
3568 3793 3657 3859 οἷς
3706 3792 4033 3876 ἐπάγοντες

2322 3895 2430 3974 τὴν
2445 3896 2847 3978 χειρουργίαν,
2868 3895 3158 3970 ἐθίζονται
3178 3899 3249 3974 τῇ
3270 3894 3467 3975 μνήμῃ
3486 3893 3635 3976 πρὸς
3653 3896 3763 3975 τὴν
3784 3896 4024 3979 τέχνην.

2324 3998 2530 4073 Quam
2592 3995 2996 4060 imitationem
3054 3995 3425 4083 ignorarunt
3491 3996 3764 4061 Maximi
3841 3997 4029 4063 inter-

2323 4112 2547 4184 preteS.

2410 4223 2473 4286 p.
2507 4201 2656 4285 837,
2676 4220 2740 4284 3.
2786 4203 2863 4264 Et
2892 4200 2939 4266 δ’
2974 4202 3072 4266 ἐπὶ
3100 4205 3202 4281 τῆς
3232 4200 3669 4283 ἐναργεστάτης
3698 4202 4031 4282 αἰσθήσεως

2323 4303 2677 4389 θεωροῖμεν]
2725 4301 3100 4367 Aristoteles
3145 4301 3226 4366 de
3268 4302 3498 4366 Anima
3533 4304 3672 4366 111.
3710 4322 3771 4388 3.
3821 4326 3886 4390 p.
3919 4307 4025 4390 56.

2326 4403 2501 4491 Sylb.
2537 4406 2669 4469 ἐπεὶ
2696 4407 2761 4468 δὲ
2789 4406 2825 4484 ἦ
2867 4406 3011 4487 ὄψις
3048 4404 3314 4483 μάλιστα
3343 4405 3619 4484 αἴσθησίς
3650 4407 3800 4478 ἐστι,
3834 4407 3930 4468 καὶ
3957 4406 4026 4469 τὸ

2322 4509 2513 4586 ὄνομα
2542 4506 2660 4571 ἀπὸ
2695 4511 2802 4570 τοῦ
2839 4505 3029 4587 φάους
3065 4509 3335 4587 εἴληφεν,
3368 4507 3460 4569 ὅτι
3496 4506 3640 4570 ἄνευ
3680 4506 3879 4587 φωτὸς
3922 4508 4029 4571 οὐκ

2324 4609 2492 4672 ἔστιν
2520 4611 2689 4672 ἰδεῖν.

2364 4754 2451 4766 -
2464 4738 2523 4800 9.
2546 4718 2684 4781 οὐδὲ
2701 4721 2781 4802 τῷ
2800 4717 3105 4798 σφραγίδα
3125 4719 4018 4807 λαμβανούσης-βλεπούσης]

2322 4818 2670 4905 Singularis
2683 4816 3002 4903 Participii
3023 4839 3172 4899 usus
3188 4838 3307 4903 pro
3327 4818 3649 4882 Infinitivo
3661 4824 3770 4906 (τῷ
3788 4823 4025 4901 λαμβά·

2318 4926 2474 5006 νειν)
2495 4919 2888 4985 solummodo
2916 4920 3254 4983 secundum
3279 4919 3556 4984 ordinem
3590 4922 4019 4987 Constructio-

2318 5022 2413 5087 nis
2441 5047 2516 5086 ex
2552 5021 2938 5087 Attractione
2967 5018 3394 5107 explicandus.
3448 5022 3549 5086 Cf.
3580 5023 3875 5087 Matthiae
3899 5027 4019 5090 Gr.

2319 5127 2438 5190 Gr.
2474 5130 2533 5211 ξ.
2565 5142 2648 5211 55
2652 5144 2712 5210 5.
2747 5147 2914 5211 sqq„
2948 5122 3055 5187 ubi
3088 5136 3318 5201 tamen,
3346 5124 3409 5188 in
3442 5123 3657 5189 multis
3695 5127 4020 5191 commode

533 5219 817 5284 Moscov.
868 5221 1071 5303 ὥσπερ
1110 5225 1360 5305 χαρτίον
1403 5223 1653 5306 ἔνεργον
1705 5227 1788 5291 εἰς
1831 5226 2046 5309 ἀπογρ.
2083 5238 2122 5260 “
2156 5242 2229 5292 ut
2313 5227 2616 5315 appositis
2645 5228 2969 5317 exempliS,
2998 5229 3344 5316 geminum,
3364 5229 3535 5316 quod
3570 5231 3780 5306 sciam,
3809 5230 4015 5297 locum

531 5320 896 5399 chartulam,
929 5322 994 5386 in
1032 5346 1162 5410 qua
1203 5324 1439 5411 optime
1481 5338 1545 5389 et
1587 5324 2001 5392 efficacissime
2044 5328 2226 5394 scribi

2316 5352 2440 5395 non
2471 5331 2760 5418 reperias.
2855 5330 2965 5395 Ad
3011 5332 3375 5396 sententiam
3424 5332 3702 5398 similiter
3733 5332 4021 5399 Plotinus

533 5423 719 5506 possit
738 5421 794 5487 :”
843 5422 990 5488 Vid.
1022 5426 1161 5512 ejus
1201 5439 1332 5491 not.
1375 5427 1440 5491 in
1472 5429 1655 5492 Varr.
1699 5430 1899 5493 Lectt.
1947 5453 2011 5517 p.
2050 5434 2222 5515 237.)
2313 5432 2479 5497 infra
2507 5456 2569 5520 p.
2600 5436 2750 5515 461.
2785 5435 2878 5497 F:
2925 5432 2964 5513 ἣ
2986 5436 3116 5499 οῖον
3147 5438 3215 5499 ἐν
3237 5440 3389 5521 κηρῷ
3409 5439 3872 5515 ἑνσημανθεῖσαι
3900 5439 4017 5502 ἀπὸ

531 5526 610 5592 εἰς
634 5529 810 5595 τοῦτο
835 5528 980 5606 μίαν
1010 5527 1267 5609 ἑκάστην
1296 5535 1414 5594 τῶν
1445 5532 1692 5595 ἐννοιῶν
1720 5532 2225 5615 ἐναπογράφεται.
2313 5538 2642 5601 δακτυλίων
2661 5538 3258 5619 σφραγῖδες-Μοκ
3282 5560 3425 5601 cum
3453 5539 3666 5625 Marg.
3695 5538 3875 5603 Med.
3900 5547 4014 5621 A„
