5118 6613
1447 557 1646 622 LIB.
1693 557 1852 623 vn.
1902 557 2351 623 ENNEAD.
2401 559 2862 625 TERTIAE.
2905 583 2970 649 p.
3000 574 3154 647 595·

534 728 596 793 in
641 724 1034 793 orientalium
1076 727 1458 817 populorum
1496 728 1840 818 religiones,
1888 744 1952 796 et
1993 731 2217 796 barba-

533 831 695 909 ricae‚
725 853 872 918 quae
904 830 1095 918 vulgo
1120 830 1494 920 appellatur,
1525 832 1934 920 philosopbiae
1960 833 2223 922 primor-

532 934 638 999 dia
662 933 1050 999 redeundum
1092 933 1190 1000 sit.
1281 934 1659 1022 Antiquitus
1691 935 1853 1000 enim
1887 936 2022 1003 baec
2050 961 2224 1024 quae-

531 1037 649 1101 stio
676 1037 758 1102 de
776 1039 1123 1102 ceter-nitate
1150 1050 1215 1103 et
1242 1047 1512 1127 tempore
1536 1038 1868 1127 conjuncta
1888 1054 2019 1105 erat
2047 1040 2222 1128 apud

532 1140 750 1223 Indos,
780 1139 1134 1219 Chaldaeos‚
1177 1144 1415 1219 Persas,
1463 1140 1792 1206 Phoenices
1832 1164 1975 1207 cum
2020 1144 2224 1208 numi-

534 1267 684 1312 num
704 1244 903 1326 cultu,
931 1267 1076 1331 quae
1104 1245 1348 1310 Graecis
1370 1248 1592 1312 Αῑῶνος
1620 1259 1684 1309 et
1714 1247 1946 1327 Κρόνου
1974 1245 2224 1310 1101111110

532 1362 851 1413 vocantur.
944 1350 1103 1427 Quae
1130 1347 1458 1436 religiones
1489 1348 1679 1435 juxta
1707 1347 2218 1436 philosophorum

530 1448 795 1515 familias
820 1450 1322 1538 perduraverunt
1349 1451 1534 1516 variis
1551 1451 2079 1518 vicissitudinibus
2109 1477 2217 1518 us·

534 1576 657 1640 que
684 1551 770 1617 ad
795 1567 1075 1618 extrema
1102 1553 1345 1641 imperii
1377 1554 1649 1620 Romani
1680 1570 1980 1644 tempora,
2012 1557 2099 1622 ita
2129 1572 2220 1621 ta-

535 1678 699 1735 men,
730 1670 804 1721 ut
831 1655 1098 1721 subinde
1142 1681 1178 1721 e
1215 1656 1728 1745 philosophorum
1766 1658 2026 1724 decretis
2052 1659 2225 1725 haud

536 1782 735 1846 pauca
748 1759 825 1823 iis
843 1759 1353 1825 admiscerentur.
1421 1762 1523 1826 De
1543 1761 1644 1825 his
1668 1761 2030 1827 consulendi
2047 1764 2228 1851 Hey-

535 1865 684 1928 πίω
728 1861 798 1927 111
844 1861 1169 1950 Opuscull.
1212 1862 1460 1930 Acadd.
1496 1865 1614 1929 VI.
1654 1884 1800 1949 227.
1836 1888 1975 1952 sqq.
2009 1868 2227 1956 Zoega

535 1965 941 2030 Bassin’lievi
985 1966 1225 2030 antichi
1267 1966 1335 2029 di
1387 1968 1593 2031 Roma
1640 1967 1723 2031 ad
1767 1967 1896 2033 tab.
1925 1989 2034 2055 59.
2078 1992 2225 2056 quae

537 2069 779 2132 AEonis
822 2064 1153 2156 imaginem
1203 2068 1392 2133 habet
1442 2070 1629 2134 Tom.
1698 2072 1794 2135 II.
1835 2093 1897 2158 p.
1927 2090 2033 2159 32.
2085 2095 2219 2159 sqq.

535 2172 865 2259 Boettiger
905 2170 970 2234 in
1014 2171 1208 2235 Idem
1249 2194 1372 2236 zur
1412 2172 2004 2261 Kunstmythologie
2049 2175 2106 2239 I.
2159 2197 2219 2262 p.

534 2294 638 2353 40.
668 2287 734 2337 et
765 2290 908 2358 219.
953 2288 1018 2339 et
1065 2298 1212 2361 quae
1254 2273 1388 2363 ipse
1429 2274 1646 2364 collegi
1692 2292 1755 2342 et
1797 2277 2114 2366 disputavi
2157 2279 2220 2342 in

538 2374 949 2441 Meletematt.
983 2401 1019 2441 e
1047 2377 1284 2463 discipl.
1315 2377 1704 2465 antiquitatis
1736 2381 1796 2443 Ι.
1826 2403 1888 2467 p.
1918 2401 2028 2463 44.
2057 2395 2119 2446 01
2155 2380 2220 2445 111

532 2501 790 2544 censura
826 2479 1274 2567 Boettigerani
1321 2479 1460 2546 libri
1508 2480 1745 2547 laudati
1773 2481 1836 2546 in
1868 2482 2226 2550 Annalibus

537 2580 798 2646 literarr.
835 2580 1288 2669 Heidelbergg.
1339 2606 1482 2648 ann.
1522 2585 1703 2667 1827.
1740 2607 1836 2649 nr.
1868 2605 1974 2671 34.
2007 2608 2073 2673 p.
2095 2585 2221 2672 538

535 2708 680 2772 —p.
711 2701 859 2770 543.
893 2687 1123 2768 Κρόνου
1153 2701 1362 2750 autem
1393 2702 1454 2751 et
1484 2688 1719 2769 Χρόνου
1743 2687 2044 2753 vocabula
2064 2687 2225 2752 inter

536 2810 749 2876 reapse
780 2787 930 2852 nihil
960 2786 1327 2853 differentiae
1355 2812 1508 2868 esse,
1539 2790 1829 2877 putidum
1862 2790 1942 2854 sit
1969 2813 2226 2877 operose

536 2891 844 2979 explicare
871 2890 1047 2956 velle.
1142 2891 1305 2956 Inde
1334 2915 1483 2956 vero
1521 2892 1745 2980 partim
1788 2891 2046 2957 dicteria
2085 2915 2228 2980 pro-

537 2993 872 3082 verbiaque
893 2993 954 3058 in
975 3017 1368 3059 communem
1387 3018 1729 3060 sermonem
1756 2995 2045 3061 traducta
2065 2995 2224 3078 (vid.

537 3096 817 3162 Platonis
864 3097 1195 3186 Cratylum
1236 3120 1302 3185 p.
1345 3100 1498 3183 396.
1531 3098 1591 3163 b.
1625 3122 1687 3184 p.
1719 3115 1823 3182 45.
1873 3097 2135 3163 Heindf.
2167 3112 2231 3163 et

536 3200 924 3287 Euthydem.
946 3223 1009 3287 p.
1037 3201 1178 3283 287.
1196 3200 1258 3265 b.
1285 3224 1350 3288 p.
1363 3220 1511 3286 351.
1540 3200 1802 3266 Heindf.
1825 3200 2082 3288 hujusq.
2102 3204 2228 3267 An-

535 3308 699 3389 uot.)
733 3303 958 3392 partim
978 3302 1459 3392 philosophandi
1482 3306 1739 3369 materia
1760 3321 1941 3371 enata
1970 3304 2126 3388 (Cic.
2152 3306 2233 3373 de

540 3408 725 3472 N.D.
750 3408 852 3472 11.
880 3424 989 3493 25:
1047 3415 1089 3446 “
1111 3409 1338 3490 Κρόνος
1359 3406 1524 3471 0111111
1553 3407 1783 3472 dicitur
1815 3410 2227 3497 (Saturnus);

538 3510 646 3597 qui
689 3523 784 3575 est
826 3508 989 3573 idem
1020 3511 1255 3593 χρόνος,
1292 3509 1361 3574 id
1406 3524 1499 3576 est
1545 3510 1816 3598 spatium
1862 3512 2158 3600 temporis
2175 3514 2232 3577 :⁹⁹

535 3616 684 3698 cet.)
774 3614 1000 3698 Atque
1026 3612 1360 3677 Damascio
1388 3624 1544 3678 teste
1581 3615 1741 3696 (περὶ
1770 3616 1970 3698 ἀρχῶν
1998 3638 2051 3679 c.
2083 3633 2225 3698 124.

537 3740 598 3803 p.
628 3715 780 3803 384.
814 3713 914 3779 ed.
948 3716 1160 3803 Kopp.
1205 3715 1287 3780 cf.
1328 3716 1708 3805 Pherecydis
1753 3719 1990 3805 Fragg.
2019 3739 2082 3803 p.
2117 3738 2224 3799 42.

537 3819 639 3883 cd.
658 3820 916 3903 Sturz.)
941 3817 1336 3906 Pherecydes
1367 3818 1585 3907 Syrius
1606 3818 2072 3907 antiquissimus
2092 3820 2231 3908 phi-

541 3920 840 4010 losophus
865 3923 1089 4005 χρόνον
1114 3921 1179 3985 111
1207 3945 1415 3986 rerum
1445 3922 1763 4010 principiis
1802 3922 2228 3989 collocaverat.

546 4027 698 4090 Post
737 4046 882 4089 eum
942 4046 1125 4088 nemo
1183 4023 1693 4112 philosophorum
1750 4049 1790 4090 a
1832 4049 1946 4092 sua
1992 4025 2231 4092 ratione

541 4128 700 4193 hanc
742 4126 826 4192 de
872 4142 1152 4215 tempore
1197 4144 1259 4192 et
1302 4127 1645 4193 aeternitate
1687 4128 2095 4216 quaestionem
2133 4152 2229 4194 se-

534 4232 820 4317 junctam
849 4254 979 4295 esse
1009 4229 1225 4296 voluit.
1316 4234 1616 4319 Arguunt
1654 4247 1963 4320 excerptoe
2005 4232 2152 4299 inde
2193 4255 2233 4297 a

546 4334 814 4400 Thalete
842 4350 906 4400 et
935 4333 1298 4422 Pythagora
1338 4334 1656 4400 sententiae
1694 4334 2228 4423 philosophorum,

543 4461 698 4525 quas
724 4460 802 4502 ex
831 4453 1012 4525 parte
1037 4438 1288 4525 attingit
1318 4438 1610 4503 Plotinus
1637 4462 1703 4526 p.
1727 4458 1875 4524 331.
1910 4461 2043 4526 sqq.
2077 4453 2140 4504 et
2168 4439 2230 4503 in

540 4538 973 4627 compendium
1015 4539 1387 4627 redegerunt
1433 4539 1830 4619 PlutarchuS,
1861 4540 1972 4628 qui
2006 4542 2230 4621 fertur,

543 4643 621 4706 de
667 4640 921 4708 Placitis
957 4640 1470 4730 philoeophorum
1514 4644 1573 4708 I.
1606 4661 1708 4707 21.
1739 4656 1803 4707 et
1833 4662 1935 4710 22.
1979 4667 2047 4730 p.
2082 4644 2229 4726 884.

544 4770 608 4833 p.
638 4746 790 4831 556.
820 4768 912 4832 sq.
946 4747 1153 4832 Wytt.
1184 4759 1247 4810 et
1285 4747 1631 4811 accuratius
1664 4746 1951 4811 Stobaeus
1988 4746 2054 4809 in
2096 4748 2225 4811 Ec-

545 4849 709 4935 logg.
757 4847 984 4935 Physs.
1034 4849 1096 4912 I.
1126 4867 1401 4934 40—45.
1441 4871 1508 4936 p.
1545 4849 1908 4931 248—268.
1956 4850 2227 4913 Heeren.

544 4950 736 5016 Adde
778 4950 885 5017 Jo.
928 4951 1235 5015 Laurent.
1281 4949 1454 5037 Lydi
1501 4948 1780 5014 libellum
1824 4949 1904 5014 de
1950 4949 2224 5016 Mensib.

544 5057 798 5120 Romm.
841 5076 911 5140 p.
962 5073 1022 5117 2.
1065 5077 1131 5141 p.
1169 5073 1309 5118 110.
1354 5066 1418 5118 et
1460 5077 1527 5141 p.
1569 5054 1715 5118 208.
1762 5051 1864 5117 ed.
1909 5052 2228 5133 Roetheri,

548 5157 710 5222 unde
740 5154 1010 5221 Philolai
1040 5155 1422 5244 Pythagorei
1443 5156 1864 5244 fragmentum
1892 5154 2227 5221 lucramur.

543 5257 883 5349 Chrysippi
927 5258 1316 5347 aliorumque
1363 5258 1711 5324 Stoicorum
1755 5258 2085 5323 sententias
2121 5281 2228 5324 ex-

541 5376 865 5428 cusserunt
919 5364 1150 5428 me
1190 5362 1456 5450 Lipsius
1506 5362 1569 5426 in
1618 5360 1978 5450 Physiolog.
2039 5360 2224 5426 Stoic.

540 5465 642 5531 lib.
679 5467 778 5532 ΙΙ.
807 5464 975 5530 Diss.
1012 5484 1111 5547 24.
1146 5467 1343 5553 (Opp.
1373 5465 1449 5529 T.
1485 5467 1603 5530 IV.
1635 5488 1695 5553 p.
1729 5468 1909 5553 603.)
1942 5481 2006 5529 et
2033 5465 2114 5529 F.
2139 5465 2226 5528 N.

542 5571 625 5634 G.
679 5570 938 5656 Baguet
995 5568 1075 5633 de
1134 5567 1491 5657 Chrysippo
1544 5591 1608 5656 p.
1662 5584 2022 5653 170—172.
2125 5569 2228 5632 De

3883 563 4011 648 187'

2311 732 2630 797 Posidonii
2673 732 2902 819 placito
2949 731 3202 799 consule
3260 730 3581 798 Posidonii
3632 732 3868 798 Rhodii
3906 758 3999 800 re-

2306 834 2456 923 liqq.
2503 836 2804 901 doctrinae
2853 860 2921 924 p.
2967 855 3071 921 51.
3120 835 3222 900 ed.
3269 837 3337 900 J.
3369 837 3587 900 Bakii.
3664 835 3998 903 Plotiniani

2308 954 2517 1004 autem
2565 939 2755 1026 hujus
2808 938 2949 1004 libri
2977 938 3182 1004 fontes
3225 937 3553 1026 primarios
3588 937 3638 1004 si
3680 940 3993 1027 requiras:

2309 1058 2454 1105 sunt
2482 1041 2525 1105 ii
2553 1041 2944 1129 potissimum
2990 1039 3054 1105 in
3087 1040 3367 1107 Platonis
3397 1039 3645 1106 Timaeo
3671 1063 3734 1129 p.
3765 1058 3873 1128 37.
3906 1065 3997 1131 sq.

2306 1166 2369 1231 p.
2405 1148 2512 1230 36.
2555 1168 2693 1231 sqq.
2740 1142 2943 1209 Bekk.
2991 1143 3265 1231 itemque
3319 1142 3385 1208 in
3429 1143 3784 1208 Aristotelis
3826 1144 4001 1210 libris

2310 1248 2596 1335 Physicc.
2630 1246 2953 1313 Auscultt.
2977 1248 3098 1312 IV.
3129 1265 3401 1327 10—14.
3432 1268 3496 1333 p.
3526 1245 3627 1310 80.
3659 1269 3793 1334 sqq.
3822 1246 3998 1336 Sylb.

2309 1350 2487 1415 Idem
2542 1349 2839 1438 temporis
2889 1349 3203 1415 notionem
3251 1348 3504 1437 attingit
3556 1349 3622 1413 in
3674 1351 4001 1439 Categorr,

2310 1454 2428 1518 lv.
2455 1476 2522 1541 p.
2553 1474 2661 1540 31.
2691 1465 2753 1516 et
2783 1452 2848 1517 in
2876 1453 3093 1540 Topp.
3130 1453 3267 1517 III.
3301 1473 3365 1540 p.
3397 1451 3549 1537 318.
3611 1450 3885 1519 Platonis
3912 1453 4003 1519 lo-

2307 1578 2447 1620 cum
2496 1555 2558 1620 in
2607 1554 3044 1643 compendium
3089 1554 3331 1642 redegit
3369 1556 3559 1642 Diog.
3607 1556 3822 1621 Laert.
3862 1558 3998 1623 111.

2311 1676 2412 1745 73.
2461 1658 2558 1723 his
2608 1658 3161 1742 verbisz—xpdvov
3206 1683 3272 1723 τε
3318 1657 3605 1741 γενέσθαι
3655 1660 3856 1724 εἰκόνα
3899 1665 4006 1726 τοῦ

2312 1762 2523 1837 ἀϊδίου,
2554 1762 2664 1841 τῆν
2693 1765 2757 1826 δὲ
2788 1766 2893 1827 τοῦ
2929 1763 3183 1852 οὐρανοῦ
3210 1764 3407 1845 φορὰν
3433 1762 3656 1845 χρόνον
3686 1762 3860 1827 εἶναι·
3910 1765 4005 1829 καὶ

2310 1867 2425 1947 γὰρ
2448 1865 2629 1929 νύκτα
2653 1866 2749 1929 καὶ
2773 1863 3015 1946 ἡμέραν,
3039 1865 3143 1928 καὶ
3152 1868 3310 1945 μῆνα
3331 1865 3426 1928 καὶ
3453 1867 3528 1929 τὰ
3549 1870 3789 1930 τοιαῦτα
3808 1865 4004 1932 πάντα

2307 1968 2529 2050 χρόνου
2543 1966 2692 2049 μέρη
2711 1967 2881 2031 εἶναι·
2907 1968 3107 2048 διόπερ
3125 1968 3268 2031 ἄνευ
3288 1969 3390 2046 τῆς
3404 1970 3510 2030 τοῦ
3527 1968 3748 2046 κόσμου
3765 1969 4321 2053 φύσεως-κω

2309 2071 2415 2134 οὐκ
2438 2069 2588 2134 εἶναι
2611 2071 2852 2153 χρόνον·
2885 2070 3007 2150 ἅμα
3023 2072 3138 2152 γὰρ
3158 2068 3449 2152 ὑπάρχειν
3470 2069 3648 2134 αὐτὸν
3671 2070 3767 2133 καὶ
3781 2073 4247 2154 χρόνονμμ.

2311 2170 2482 2234 εἶναι.
2528 2170 2630 2234 Ad
2649 2192 2836 2257 quem
2858 2169 3062 2234 locum
3096 2170 3433 2259 Menagius
3462 2169 3789 2235 Plotiniani
3818 2172 4002 2237 etiam

2307 2272 2447 2351 libri
2465 2273 2838 2337 mentionem
2854 2273 3005 2338 facit
3020 2298 3039 2348 3
3073 2296 3263 2360 quem
3280 2272 3547 2338 eundem
3576 2272 3793 2338 laudat
3810 2276 3996 2362 Casp.

2309 2375 2538 2439 Barth.
2569 2375 2631 2439 in
2655 2376 3018 2441 Adversarr.
3051 2376 3239 2441 L111.
3276 2396 3375 2444 12.
3404 2399 3468 2464 p.
3495 2392 3682 2462 2504.
3730 2376 4003 2443 Platonis

2309 2477 2512 2542 locum
2555 2478 2856 2567 expressit
2886 2478 3063 2544 Philo
3089 2480 3137 2543 J
3142 2479 3246 2544 ud.
3293 2479 3480 2568 Legis
3517 2479 3730 2567 Alleg.
3764 2481 3818 2545 Ι.
3861 2495 4003 2568 post

2306 2579 2440 2647 init.
2504 2604 2571 2669 p.
2631 2600 2988 2664 122—124.
3048 2581 3252 2647 Pfeiff.
3328 2583 3441 2648 Ab
3502 2597 3772 2670 utroque
3826 2607 4000 2664 vero,

2309 2697 2371 2747 et
2410 2682 2666 2747 Platone
2702 2698 2763 2748 et
2808 2683 3170 2764 Aristotele,
3198 2684 3587 2773 copiosarum
3631 2684 4002 2772 disputatio-

2312 2808 2465 2850 num
2526 2804 2968 2874 argumentum
3014 2787 3283 2853 mutuati
3337 2799 3484 2852 sunt
3543 2787 3840 2853 Platonici
3895 2788 4004 2854 de-

2312 2889 2525 2977 inceps
2570 2888 2925 2977 philosophi
2981 2890 3131 2954 item
3186 2889 3596 2979 Peripatetici,
3649 2891 3761 2978 qui
3810 2892 4005 2980 probe

2317 2992 2752 3080 perspicerent,
2776 3015 2964 3079 quam
2988 2992 3114 3057 vim
3134 2992 3273 3058 haec
3297 2994 3560 3080 quaestio
3577 2993 3833 3059 haberet
3861 3017 4007 3060 cum

2314 3094 2397 3159 ad
2426 3094 2578 3160 alios
2606 3095 2772 3159 locos
2800 3095 3231 3183 philosophiae,
3265 3110 3400 3161 tum
3443 3096 3760 3186 praecipue
3797 3097 3878 3163 ad
3917 3097 4008 3163 lo-

2315 3220 2457 3262 cum
2489 3198 2571 3262 de
2602 3197 2856 3263 Mundo
2882 3197 3160 3286 itemque
3187 3198 3268 3263 de
3296 3199 3554 3264 Anima.
3622 3200 3793 3279 Quin
3820 3201 4005 3267 etiam

2319 3300 2727 3367 Grammatici
2762 3301 3160 3388 profecerunt
3207 3325 3286 3366 ex
3343 3301 3696 3392 principum
3739 3304 4009 3393 philoso-

2317 3404 2589 3492 phorum
2620 3403 2863 3469 scholis.
2956 3405 3078 3481 Sic,
3111 3417 3181 3469 ut
3220 3404 3339 3470 hoc
3370 3416 3533 3486 utar,
3561 3406 3643 3471 ad
3670 3406 3824 3472 illud
3859 3409 4007 3473 Ari-

2317 3507 2642 3573 stoteleum
2675 3507 2754 3572 de
2797 3506 2979 3572 Coelo
3024 3508 3071 3572 1.
3105 3529 3163 3593 9.
3200 3530 3265 3595 p.
3301 3527 3403 3593 25.
3451 3507 3626 3596 Sylb.
3657 3513 3802 3574 αἰών
3841 3514 4007 3575 ἐστιν

2317 3610 2434 3676 ἀπὸ
2463 3616 2571 3676 τοῦ
2599 3612 2692 3676 ἀεὶ
2722 3613 2876 3676 εἶναι
2905 3612 3165 3694 εἰληφὸς
3191 3611 3299 3691 τὴν
3328 3613 3682 3692 ἐπωνυμίαν,
3715 3611 4006 3681 ἀθάνατος

2317 3715 2411 3778 καὶ
2440 3719 2615 3789 θεῖος,
2646 3712 2899 3800 plurimi
2935 3736 3000 3778 se
3037 3713 3495 3801 applicuerunt.
3543 3713 3686 3781 vid.
3722 3714 4000 3802 Etymol.

2316 3818 2415 3882 M.
2447 3839 2509 3903 p.
2540 3832 2688 3902 540.
2723 3814 2900 3902 Sylb.
2951 3815 3094 3898 (ubi
3134 3815 3318 3880 etiam
3359 3814 3753 3905 Chrysippus
3786 3815 4006 3882 lauda·

2315 3923 2491 4003 turz)
2563 3917 2847 4007 Etymol.
2881 3917 3060 3983 Gud.
3090 3942 3151 4006 p.
3186 3938 3288 4001 24.
3333 3921 3562 3984 Zonar.
3609 3920 3773 3985 Lex.
3805 3943 3867 4008 p.
3900 3923 4001 4008 63.

2315 4046 2407 4109 sq.
2438 4020 2592 4109 ibiq.
2639 4020 2981 4086 Tittmann.
3044 4022 3315 4086 Maximi
3359 4020 3606 4087 Scholia
3630 4021 3696 4087 111
3739 4022 4003 4112 Dionys,

2314 4128 2554 4212 Areop.
2575 4124 2657 4189 de
2684 4123 2923 4190 divinn.
2954 4147 3188 4191 nomm.
3224 4126 3300 4190 V.
3317 4147 3377 4208 4.
3409 4148 3475 4214 p.
3506 4141 3654 4212 705.
3701 4141 3765 4191 01
3805 4126 4003 4192 Procli

2318 4230 2475 4293 Inst.
2507 4227 2730 4292 Theol.
2778 4250 2912 4314 cap.
2947 4229 3113 4293 LII.
3144 4251 3214 4316 p.
3247 4230 3346 4296 82.
3377 4229 3476 4295 ed.
3503 4243 3697 4294 nostr.
3786 4232 4006 4320 Hujus

2315 4332 2510 4420 ipsius
2542 4329 2739 4395 Procli
2767 4330 2984 4396 multae
3010 4330 3310 4419 leguntur
3336 4330 3789 4420 disputationes
3817 4357 4005 4422 super

2318 4434 2593 4500 hocloco
2619 4433 2702 4498 de
2730 4433 3111 4499 AEternitate
3132 4448 3196 4499 et
3221 4434 3558 4523 Tempore,
3574 4448 3646 4500 ut
3674 4434 3754 4500 ad
3783 4436 4008 4503 Timaei

2319 4539 2362 4604 l.
2385 4538 2429 4602 l.
2461 4536 2542 4601 ad
2579 4534 2928 4602 Parmenid.
2958 4536 3191 4624 passim
3222 4551 3286 4601 et
3314 4561 3374 4624 p.
3408 4537 3512 4625 98.
3545 4561 3683 4626 sqq.
3712 4538 3854 4604 Vol.
3886 4542 4006 4605 vl.

2318 4641 2417 4706 ed.
2454 4639 2712 4705 Cousin.
2749 4639 2858 4721 (cf.
2888 4638 3073 4705 etiam
3111 4640 3515 4705 Damascium
3558 4640 3641 4735 de
3683 4642 4006 4732 Principiis

2318 4767 2374 4808 c.
2407 4764 2513 4829 91.
2564 4766 2700 4829 sqq.
2746 4765 2810 4830 p.
2846 4758 2988 4825 277.
3038 4766 3177 4830 sqq.
3228 4743 3499 4831 Koppii)
3550 4743 3611 4807 in
3658 4744 3857 4811 Alcib.
3901 4770 4001 4835 pr.
4029 4731 4055 4757 ¹

2318 4864 2422 4932 73.
2451 4870 2515 4934 p.
2549 4848 2696 4931 236.
2728 4869 2822 4932 sq.
2853 4845 2956 4909 ed.
2989 4861 3181 4910 nostr.
3214 4861 3278 4911 et
3317 4847 3659 4934 praesertim
3690 4848 3753 4911 in
3790 4850 3999 4916 Instit.

2319 4947 2545 5014 Theol.
2585 4971 2637 5012 c.
2672 4948 2992 5012 XLVIII.
3036 4971 3168 5035 sqq.
3221 4950 3356 5031 περὶ
3400 4950 3587 5015 ἀϊδίου
3628 4972 3694 5036 p.
3728 4952 3832 5035 78.
3864 4975 3998 5039 sqq.

2317 5051 2417 5115 ed.
2438 5066 2632 5117 nostr.
2653 5076 2792 5140 cap.
2815 5072 2918 5139 53.
2948 5054 3086 5135 περὶ
3113 5057 3219 5117 τοῦ
3247 5056 3459 5120 αἰῶνος
3489 5053 3583 5117 καὶ
3611 5059 3729 5118 τῶν
3751 5056 4000 5120 αἰωνίων

2314 5177 2381 5242 p.
2414 5157 2522 5220 82.
2562 5178 2696 5241 sqq.
2729 5169 2792 5219 et
2833 5179 2884 5219 c.
2919 5155 3311 5219 CXCVIII.
3358 5178 3421 5242 p.
3456 5174 3599 5239 294.
3650 5179 3785 5243 sqq.
3828 5156 3997 5221 deni-

2315 5282 2441 5346 que
2482 5259 2547 5323 in
2596 5258 2867 5324 Platonis
2912 5258 3323 5346 Theologiam
3369 5260 3428 5324 1.
3465 5277 3559 5344 13.
3607 5281 3671 5345 p.
3704 5276 3808 5343 37.
3860 5259 3996 5328 111.

2318 5363 2418 5426 16.
2451 5385 2590 5449 sqq.
2621 5385 2687 5450 p.
2726 5362 2866 5442 146.
2908 5384 3043 5448 sqq.
3081 5361 3156 5424 V.
3184 5380 3288 5446 30.
3333 5383 3392 5447 p.
3423 5380 3571 5446 311.
3606 5359 3713 5424 ubi
3750 5374 3815 5424 et
3858 5361 3999 5427 Plo-

2314 5462 2426 5528 tini
2453 5479 2517 5529 et
2553 5463 2877 5529 Theodori
2917 5463 3165 5528 decreta
3205 5463 3623 5547 attinguntur,
3653 5477 3716 5525 et
3746 5484 3813 5549 p.
3844 5485 3991 5551 330.

2312 5567 2614 5633 Ecclesiae
2659 5565 3029 5634 Christiana.⁸
3058 5567 3320 5631 Patrum
3366 5564 3532 5629 locos
3560 5563 3814 5630 exhibet
3850 5568 3992 5633 Sui-

2426 5673 2640 5746 11112
