5118 6613
1212 549 1330 637 138

1203 720 1581 787 mentatione
1610 719 1690 784 de
1708 721 1872 784 Fato
1894 733 1957 784 et
1976 718 2380 783 Providentia
2397 719 2529 807 jam
2558 718 2898 782 monstravi

1202 849 1264 911 p.
1303 844 1404 910 23.
1442 824 1551 907 (cf.
1587 822 1941 910 Dionysum
1986 844 2050 909 p.
2087 825 2227 906 77.)
2261 827 2444 886 κινεῖν
2473 836 2537 886 et
2567 823 2790 902 κίνησις
2831 821 2895 886 in

1202 927 1346 991 Fati
1406 925 1849 1014 significatione
1904 924 2131 1012 saepius
2188 924 2500 1011 usurpari.
2563 924 2649 990 cf.
2709 924 2892 990 etiam

2185 545 3007 611 ANNOTATIONES
3070 545 3184 611 IN
3247 546 3699 611 PLOTINI

2982 718 3181 784 sidere
3208 718 3589 785 conditorem
3630 731 3693 783 et
3732 718 4030 785 factorem
4075 719 4291 785 talium
4337 720 4674 810 colligatio-

2981 844 3130 885 num
3163 821 3225 886 in
3258 821 3546 887 universo
3567 822 3765 887 solum
3797 824 4136 903 aestimasti,
4155 840 4218 890 et
4249 825 4417 892 hunc
4439 828 4670 892 Fatum

2981 925 3234 1003 vocasti,
3264 929 3475 1014 magis
3501 936 3710 990 autem
3741 927 3965 1009 εἱρμὸν,
3994 927 4060 992 id
4089 942 4204 1006 est,
4232 932 4671 994 connexionem

1202 1029 1410 1094 Procli
1441 1029 1651 1094 Instit.
1683 1027 1911 1093 Theol.
1945 1050 2079 1115 cap.
2114 1028 2454 1092 LXXVI.
2507 1050 2569 1114 p.
2608 1029 2749 1092 118.
2785 1027 2894 1092 ubi
2950 1030 3237 1114 finium
3294 1028 3501 1115 ipsum
3558 1043 3621 1093 et
3678 1041 4156 1116 consequentem
4211 1033 4670 1119 generationem

1198 1131 1333 1197 haec
1376 1131 1820 1219 adposuimus:
1872 1131 2159 1196 Stoboeus
2186 1130 2248 1194 in
2281 1129 2547 1218 Eclogg.
2583 1131 2639 1194 Ι.
2679 1150 2777 1212 14.
2826 1154 2891 1219 p.

1197 1236 1345 1320 338.
1383 1238 1575 1300 Heer.
1599 1260 1614 1299 ε
1664 1236 1723 1299 οὶ
1752 1234 2000 1299 Στωϊκοὶ
2026 1233 2095 1298 τὸ
2134 1239 2367 1316 πρῶτον
2396 1235 2587 1298 αἴτιον
2617 1235 2893 1313 ἀκίνητον

1198 1338 1603 1421 ἀπεφήναντο.
1665 1337 1771 1401 Cf.
1807 1335 2116 1400 Plutarch.
2148 1335 2229 1400 de
2258 1335 2509 1401 Placitt.
2541 1334 2799 1423 philoss.
2833 1337 2889 1401 Ι.

1198 1459 1302 1524 27.
1350 1464 1415 1528 p.
1447 1442 1595 1526 560.
1666 1439 1999 1527 Wyttenb.
2034 1439 2222 1526 Diog.
2257 1439 2472 1504 Laert.
2523 1438 2588 1503 in
2635 1440 2892 1503 Zenone

1197 1545 1357 1608 VII.
1397 1564 1540 1624 104.
1590 1542 1721 1607 Cic.
1751 1542 1832 1606 de
1863 1541 2074 1606 Finib.
2112 1541 2213 1606 ΙΙ.
2244 1561 2343 1606 10.

1243 1668 1356 1735 p.4
1365 1666 1464 1728 14,
1477 1665 1500 1709 1
1516 1665 1572 1710 2.
1585 1647 1763 1710 ἄλλοι
1772 1646 2042 1709 δέ-τῶν
2050 1645 2890 1728 ἄστρων-σχηματισμοῖς·-

1191 1750 1567 1833 προῤῥήσεως
1585 1748 1795 1837 κ.τ.λ.]
1820 1747 1962 1812 Vid.
1993 1771 2140 1834 quae
2168 1769 2359 1835 supra
2390 1746 2714 1834 posuimus
2743 1769 2887 1811 cum

1191 1852 1274 1916 ad
1305 1852 1560 1917 titulum
1589 1849 1731 1915 libri
1759 1852 1991 1916 Utrum
2017 1851 2211 1915 stellae
2236 1858 2462 1939 agant,
2495 1865 2631 1913 tum
2663 1848 2741 1914 ad
2771 1849 2890 1913 hu-

1182 1955 1293 2043 jus
1336 1955 1530 2043 ipsius
1576 1953 1718 2019 libri
1760 1952 2247 2042 inscriptionem,
2279 1952 2386 2017 ubi
2420 1953 2659 2017 Fatum
2686 1961 2888 2017 astro-

1190 2058 1489 2146 logicam,
1530 2056 1704 2145 quod
1747 2056 2001 2135 dicitur,
2048 2054 2249 2143 attigi.
2339 2057 2654 2119 Caeterum
2689 2057 2880 2121 Conr.

1192 2160 1463 2225 Orellius
1511 2161 1781 2248 primum
1828 2183 1908 2224 ex
1938 2158 2216 2223 versione
2246 2157 2452 2223 Grotii
2495 2158 2557 2221 in
2602 2157 2882 2222 ordinem

1188 2264 1420 2351 recepit
1463 2267 1559 2328 διὰ
1601 2264 1709 2342 τὴν
1739 2266 1805 2328 ἐκ
1842 2263 2066 2328 τούτων
2091 2264 2435 2345 πρόῤῥησιν,
2467 2260 2692 2326 deinde
2722 2262 2777 2325 F
2780 2260 2885 2325 ici-

1188 2388 1338 2431 num
1390 2365 1610 2454 legisse
1659 2379 1844 2454 putat
1891 2367 1987 2430 καὶ
2035 2369 2105 2446 τῇ
2157 2367 2224 2429 ἐκ
2271 2367 2495 2429 τούτων
2539 2364 2879 2448 προῤῥήσει.

1187 2471 1501 2535 Neutrum
1525 2486 1714 2547 recte,
1733 2469 1915 2534 etiam
1940 2467 2223 2533 neutrius
2250 2466 2529 2532 lectionis
2549 2466 2879 2554 vestigium

1188 2571 1386 2637 ullum
1416 2573 1478 2635 in
1502 2571 1840 2651 codicibuS,
1865 2588 1928 2637 et
1956 2595 1995 2635 a
2022 2571 2154 2636 cive
2184 2593 2320 2650 su0,
2345 2570 2622 2646 Suicern,
2647 2569 2882 2634 discere

1184 2690 1430 2764 poterat
1461 2675 1731 2740 Orellius
1772 2680 2127 2740 πιστοῦσθαι
2169 2697 2311 2738 cum
2346 2675 2462 2738 ἀπὸ
2493 2688 2558 2738 et
2587 2672 2882 2738 Genitivo

1185 2778 1487 2857 construi,
1512 2792 1583 2842 ut
1612 2778 1675 2842 in
1705 2778 1802 2843 his
1829 2781 1937 2843 Jo.
1961 2777 2413 2867 Chrysostomi:
2447 2776 2565 2841 ἀπὸ
2595 2782 2713 2840 τῶν
2739 2802 2881 2858 προ-

1185 2889 1387 2965 φητῶν
1408 2887 1764 2945 πιστοῦσθαι
1787 2881 1890 2945 τὸν
1915 2882 2125 2964 λόγον,
2153 2879 2260 2944 ubi
2284 2878 2482 2944 active
2505 2893 2873 2965 usurpatur:

1185 3000 1398 3048 nostro
1427 2983 1561 3047 loco
1588 2983 1848 3070 passive.
1903 2983 2045 3048 vid.
2080 2982 2392 3047 Thesaur.
2422 2980 2780 3046 Ecclesiast.
2812 2979 2876 3045 in

1182 3085 1881 3151 vtordm.—Philostrat.
1915 3086 2046 3151 Vit.
2077 3083 2399 3173 Apollonii
2429 3085 2489 3149 Ι.
2528 3086 2627 3147 16.
2676 3107 2738 3169 p.
2777 3104 2878 3170 19.

1184 3189 1579 3254 oleat—xa)
1624 3194 1932 3254 πιστοῦται
1977 3189 2085 3269 τὴν
2127 3187 2473 3269 μεταβολὴν
2516 3188 2554 3268 ἡ
2602 3188 2727 3269 ὥρα
2774 3191 2881 3251 τοῦ

1183 3298 1372 3377 φυτοῦ
1375 3292 1579 3380 fidem
1583 3293 1787 3379 fac-it.
1817 3292 1897 3358 cf.
1935 3292 2020 3357 G.
2054 3293 2100 3357 J
2104 3315 2193 3357 oe.
2218 3287 2488 3356 Bekkeri
2522 3291 2701 3378 Spec.
2726 3287 2877 3354 Phi-

1180 3395 1418 3461 lostrat.
1452 3419 1516 3483 p.
1538 3397 1645 3479 56.

1267 3537 1355 3548 -
1390 3516 1486 3582 17.
1538 3498 1633 3564 καὶ
1662 3499 1769 3563 τὸν
1796 3501 2027 3563 ἄνωθεν
2059 3496 2284 3583 εἱρμὸν]
2324 3496 2458 3562 Cic,
2492 3496 2574 3561 de
2595 3495 2873 3560 Divinat.

1178 3602 1239 3668 Ι.
1272 3619 1312 3688 5
1315 3620 1413 3688 5.:
1464 3610 1507 3642 “
1540 3603 1771 3666 Fatum
1818 3615 2028 3666 autem
2057 3600 2122 3665 id
2153 3599 2422 3688 appello,
2453 3598 2628 3688 quod
2660 3599 2873 3665 Graeci

1178 3706 1550 3789 εἱμαρμένην,
1573 3705 1640 3769 id
1662 3720 1778 3785 est,
1804 3704 2085 3769 ordinem
2116 3703 2460 3790 seriemque
2486 3723 2866 3781 caussarum,

1174 3833 1319 3874 cum
1340 3833 1556 3874 caussa
1585 3833 1817 3874 caussae
1846 3831 2012 3873 neoea
2041 3830 2168 3872 rem
2201 3829 2278 3871 ex
2310 3830 2374 3870 se
2401 3805 2666 3893 gignit.”
2696 3804 2869 3870 Hinc

1170 3911 1337 3976 idem
1382 3934 1580 3975 nexus
1622 3912 1803 3976 etiam
1850 3913 2144 3999 contagio
2173 3923 2431 3974 vocatur
2462 3909 2747 3974 Ciceroni
2792 3910 2870 3973 de

1171 4015 1335 4078 Fato
1377 4037 1514 4100 cap.
1552 4014 1695 4092 IV.,
1723 4029 1786 4077 et
1813 4015 2176 4099 contagium
2208 4012 2506 4076 Lucretio
2540 4013 2677 4076 111.
2712 4012 2864 4097 346.

1176 4115 1278 4180 Cf.
1312 4131 1524 4180 annot.
1569 4130 1758 4179 nostr.
1804 4115 1871 4179 in
1917 4115 2047 4179 Cic.
2096 4114 2175 4179 de
2222 4116 2372 4180 Nat.
2407 4116 2631 4179 Deor1·.
2666 4115 2724 4178 I.
2763 4132 2863 4179 20.

1173 4241 1236 4306 p.
1272 4236 1376 4302 92.
1423 4216 1586 4282 adde
1632 4217 1957 4282 Plutarch.
2007 4216 2087 4281 de
2139 4218 2303 4281 Fato
2333 4218 2455 4281 IV.
2505 4240 2569 4304 p.
2603 4233 2751 4302 570.
2786 4218 2863 4280 B.

1172 4344 1237 4409 p.
1273 4337 1414 4406 297.
1445 4320 1777 4408 Wyttenb.
1822 4319 2137 4401 εἱμαρμένη
2181 4345 2247 4384 τε
2290 4320 2385 4384 καὶ
2427 4322 2867 4402 προσαγορεύε-

1173 4450 1287 4498 ται,
1323 4425 1399 4491 ὡς
1427 4424 1502 4488 ἂν
1533 4423 1802 4505 εἰρομένη
1842 4449 1945 4489 τις.
1995 4424 2215 4502 θεσμός
2243 4447 2311 4486 τε
2339 4422 2434 4486 καὶ
2463 4425 2641 4501 νόμος
2683 4421 2866 4504 ὑπάρ-

1171 4552 1287 4610 χει,
1319 4530 1398 4613 τῷ
1428 4529 1501 4590 τᾶ
1529 4527 1828 4590 ἀκόλουθα
1856 4532 1978 4591 τοῖς
2004 4523 2340 4607 γινομένοις
2366 4530 2680 4592 πολιτικῶς
2721 4527 2864 4589 ὑπο-

1171 4628 1471 4712 τετάχθαι.
1563 4627 1755 4694 Unde
1783 4627 2016 4692 rivulos
2047 4650 2190 4692 suos
2219 4626 2485 4691 deduxit
2522 4629 2570 4690 J
2572 4651 2631 4692 0.
2668 4629 2861 4691 Laur.

1174 4729 1401 4816 Lydus
1429 4730 1509 4794 de
1540 4731 1867 4794 Mensibus
1896 4732 2271 4794 Romanorr.
2307 4731 2426 4794 IV.
2461 4750 2520 4811 7.
2571 4753 2636 4818 p.
2677 4732 2818 4814 156.
2845 4755 2860 4793 :

1172 4833 1535 4915 Εἱμαρμένη,
1564 4835 1768 4912 οἱονεὶ,
1802 4833 2093 4914 εἰρομένη,
2127 4836 2222 4896 διὰ
2249 4832 2317 4896 τὸ
2347 4837 2452 4896 τοῦ
2478 4835 2701 4915 χρόνου
2743 4836 2858 4896 δεῖ·

1170 4940 1312 4999 σθαι
1342 4937 1435 5000 καὶ
1464 4935 1850 5014 διαστάσεως,
1883 4938 1982 4999 ἵνα
2010 4934 2043 4997 ὃ
2074 4935 2273 5016 εἱρμὸς
2314 4941 2432 4999 τῶν
2460 4934 2862 5015 ὑποκειμένων

1078 5063 1100 5075 ·
1169 5039 1446 5117 σώζηταιε
1482 5037 1594 5102 ubi
1621 5038 1702 5101 cf.
1736 5036 2035 5102 Roetheri
2065 5051 2276 5100 annot.
2308 5035 2573 5101 Proclus
2602 5037 2678 5100 de
2699 5038 2859 5101 Pro-

1168 5142 1451 5205 videntia
1495 5149 1555 5203 et
1584 5142 1748 5204 Fato
1797 5149 1856 5203 et
1896 5161 1988 5217 ee,
2032 5139 2197 5227 quod
2239 5142 2311 5202 in
2357 5140 2534 5203 nobis
2577 5162 2654 5202 ex
2699 5162 2855 5203 vers.

1167 5244 1342 5309 Guil.
1376 5244 1456 5307 de
1486 5242 1799 5306 Morbeka
1823 5241 2060 5325 (Procli
2082 5245 2252 5329 Opp.
2286 5242 2388 5307 ed.
2411 5242 2571 5306 Vict.
2599 5241 2859 5306 Cousin.

1168 5348 1225 5411 Ι.
1283 5371 1342 5433 p.
1386 5350 1515 5428 10.)
1543 5370 1557 5409 :
1627 5353 1669 5383 ‘⁶
1702 5344 1975 5409 Patienti
2030 5344 2293 5432 dignum
2343 5344 2755 5431 indulgentia,
2808 5345 2858 5410 si

1163 5449 1507 5536 adspiciens
1563 5448 1646 5512 ad
1699 5470 1905 5511 rerum
1978 5446 2395 5511 humanarum
2467 5447 2856 5513 omnimodas

2978 1131 3349 1197 conductam
3381 1133 3612 1196 Fatum
3644 1154 3882 1220 ponens
3927 1133 4008 1198 ab
4054 1134 4267 1221 aliqua
4307 1135 4528 1222 utique
4571 1158 4673 1201 ne-

2977 1234 3257 1299 cessitate
3303 1234 3642 1299 inevitabili
3687 1234 3870 1300 talem
3917 1235 4430 1324 dramaturgiam,
4472 1238 4537 1302 id
4580 1256 4670 1304 est

2977 1337 3395 1426 operationem
3433 1338 3618 1424 dirigi
3664 1338 3831 1402 solus
3874 1339 4131 1425 putasti,
4163 1356 4226 1404 et
4256 1339 4424 1406 hunc
4454 1342 4670 1406 Provi-

2977 1440 3248 1506 dentiam
3294 1440 3689 1529 hymnizasti,
3718 1457 3782 1506 et
3828 1441 4222 1507 solummodo
4268 1444 4665 1523 αὐτεξούσιον,

2975 1544 3041 1609 id
3087 1559 3202 1622 est,
3250 1543 3425 1609 liberi
3468 1544 3706 1609 arbitrii
3748 1543 4011 1608 existere
4056 1561 4120 1610 et
4165 1545 4480 1610 dominam
4526 1570 4663 1612 om·

2976 1649 3212 1713 nium.”

3044 1774 3107 1838 p.
3130 1766 3283 1837 415,
3299 1770 3365 1835 3.
3399 1747 3647 1818 Διττοὺς
3675 1752 3739 1814 δὲ
3769 1751 3844 1814 ἄν
3872 1775 3961 1817 τις
3988 1750 4234 1830 θέμενος
4261 1752 4477 1841 κ.τ.λ.]
4505 1754 4666 1818 Lau-

2972 1853 3082 1918 dat
3126 1853 3261 1917 hoec
3303 1868 3367 1917 et
3408 1851 3821 1940 praecedentia
3849 1851 3929 1916 de
3957 1851 4156 1939 iisque
4182 1852 4464 1940 disputat
4493 1856 4664 1921 Cud-

2973 1956 3195 2021 worth.
3244 1955 3308 2020 in
3362 1957 3529 2043 Syst.
3579 1954 3886 2019 Intellect.
3936 1978 4004 2043 p.
4033 1975 4095 2041 3.
4145 1954 4247 2020 ed.
4284 1958 4522 2030 Mosh..
4556 1958 4663 2023 ubi

2973 2057 3365 2124 Moshemius
3407 2057 3470 2121 in
3503 2074 3670 2136 nota,
3701 2056 3797 2123 uti
3831 2057 4074 2134 assolet,
4106 2073 4386 2123 nostrum
4432 2061 4661 2148 pariter

2969 2178 3160 2249 atque
3187 2162 3323 2248 ejus
3352 2175 3689 2225 amatorem
3722 2160 4184 2226 Cudworthum
4212 2163 4631 2249 reprehendit.

3052 2288 3119 2352 p.
3147 2266 3299 2346 416,
3337 2284 3432 2345 14.
3477 2264 3744 2328 ὠθοῦντα
3790 2265 3958 2344 ἡμᾶς,
4010 2263 4211 2347 ὥσπερ
4255 2267 4470 2349 ἄψυχα
4512 2268 4656 2357 ζῶα]

2971 2367 3152 2432 Infra
3179 2390 3316 2454 cap.
3351 2383 3411 2450 7.
3445 2390 3514 2454 p.
3550 2386 3693 2452 233.
3728 2367 3852 2430 D.:
3900 2372 4140 2431 τοιαῦτα
4168 2369 4236 2431 δὲ
4263 2370 4409 2432 ὄντα
4439 2371 4516 2438 ὦς
4545 2370 4662 2435 ἀπὸ

2965 2476 3100 2552 μιᾶς
3128 2472 3310 2554 ἀρχῆς
3339 2468 3651 2551 ὡρμημένα
3678 2471 3816 2550 ἡμῖν
3845 2471 4017 2533 οὐδὲν
4047 2472 4399 2554 καταλείψει
4425 2470 4464 2552 ἦ
4487 2473 4663 2556 φέρε-

2968 2579 3108 2639 σθαι
3136 2576 3252 2654 ὅπη
3283 2573 3358 2638 ἂν
3389 2575 3586 2637 ἐκεῖνα
3615 2573 3771 2653 ὦθῇι
3821 2572 3929 2637 ubi
3958 2572 4086 2637 vid.
4118 2590 4328 2638 annot.

3049 2700 3113 2765 p.
3142 2696 3296 2761 417,
3334 2697 3387 2739 1.
3432 2674 3606 2739 Ἀλλ’
3651 2677 3766 2757 ἆρα
3808 2677 3915 2755 μία
3959 2702 4044 2743 τις
4087 2676 4258 2761 ψυχὴ
4299 2680 4396 2742 διὰ
4439 2678 4662 2746 παντὸς

2965 2780 3485 2860 διήκουσα-εἴναι
3512 2778 3750 2867 λέγοις]
3786 2779 3888 2845 Cf.
3923 2801 4116 2866 supra
4142 2802 4278 2867 cap.
4315 2798 4375 2845 2.
4406 2795 4471 2845 et
4498 2780 4663 2846 infra

2964 2905 3097 2969 cap.
3135 2899 3192 2965 7.
3266 2881 3618 2968 Utrobique
3651 2880 4040 2945 Heraclitum
4073 2881 4277 2969 tangit
4302 2897 4368 2947 et
4396 2883 4658 2962 Stoicos,

2963 2984 3074 3071 qui
3122 2984 3201 3049 de
3249 2987 3410 3050 Fato
3455 2984 3683 3072 placita
3732 3007 3844 3049 sua
3894 2984 3976 3049 ab
4019 3008 4095 3049 eo
4144 2984 4416 3051 mutuati
4461 3002 4657 3052 erant.

2966 3086 3287 3152 Plutarch.
3348 3087 3429 3151 de
3487 3086 3735 3152 Placitt.
3789 3086 4057 3151 Philoss.
4117 3088 4176 3153 I.
4226 3105 4327 3171 27.
4385 3110 4456 3176 p.
4502 3092 4655 3175 560.

2962 3189 3169 3277 Wytt.
3199 3188 3589 3273 Ἡράκλειτος
3631 3190 3825 3255 πάντα
3872 3190 3997 3255 καθ’
4032 3193 4406 3274 εἱμαρμένην,
4435 3193 4546 3271 τὴν
4588 3195 4653 3257 δὲ

2963 3294 3144 3374 αὐτὴν
3169 3293 3457 3378 ὑπάρχειν
3488 3295 3583 3359 καὶ
3612 3292 3876 3376 ἀνάγκην
3903 3306 3966 3358 et
3993 3317 4130 3382 cap.
4158 3294 4258 3360 28.
4290 3317 4354 3382 p.
4382 3296 4530 3379 560.
4557 3319 4647 3384 sq.

2959 3394 3349 3480 Ἡράκλειτος
3392 3399 3606 3462 οὐσίαν
3634 3396 4000 3479 εἱμαρμένης,
4038 3399 4228 3479 λόγον
4265 3397 4372 3461 τὸν
4410 3402 4508 3463 διὸ
4551 3402 4653 3478 τῆς

2959 3500 3166 3568 οὐσίας
3192 3504 3298 3564 τοῦ
3325 3499 3544 3567 παντὸς
3572 3499 3863 3579 διήκοντα·
3910 3502 4054 3580 αὕτη
4101 3499 4169 3564 δέ
4208 3501 4337 3564 ἐστι
4373 3500 4442 3565 τὸ
4486 3501 4648 3566 αἰθέ-

2956 3627 3088 3685 ριον
3115 3609 3305 3683 σῶμα,
3338 3601 3574 3684 σπέρμα
3614 3607 3716 3681 τῆς
3755 3606 3859 3666 τοῦ
3902 3602 4126 3669 παντὸς
4163 3601 4478 3685 γενέσεως.
4549 3605 4652 3669 De

2958 3705 3174 3771 eodem
3211 3704 3509 3769 Heracliti
3554 3703 3783 3792 placito
3822 3718 4082 3792 usurpat
4122 3704 4358 3789 σπέρμα
4404 3711 4643 3771 διακοσ-

2953 3809 3185 3889 μήσεως
3215 3807 3503 3873 Clemens
3532 3806 3720 3871 Alex.
3758 3810 4052 3872 Stromat.
4085 3809 4164 3872 V.
4211 3830 4276 3895 p.
4312 3827 4457 3891 712.
4503 3809 4646 3874 Pot-

2958 3910 3089 3976 teri.
3161 3910 3380 3976 Cicero
3423 3909 3503 3974 de
3554 3909 3829 3974 Divinat.
3864 3911 3922 3974 I.
3953 3929 4058 3995 55.
4107 3932 4171 3997 p.
4208 3929 4353 3996 273.
4402 3934 4496 3998 sq.
4543 3911 4642 3976 ed.

2958 4016 3229 4079 Moser.:
3280 4022 3323 4054 ‘⁶
3344 4016 3574 4078 Fatum
3605 4026 3815 4076 autem
3844 4012 3908 4076 id
3939 4011 4206 4100 appello,
4236 4014 4411 4100 quod
4434 4014 4643 4079 Graeci

2954 4117 3326 4199 εἱμαρμένην,
3356 4116 3423 4180 id
3453 4133 3544 4180 est
3574 4115 3852 4179 ordinem
3901 4116 4244 4203 seriemque
4286 4140 4636 4196 causarum,

2950 4243 3090 4284 cum
3116 4242 3310 4283 causa
3336 4239 3544 4282 causae
3570 4239 3738 4281 nexa
3764 4240 3897 4282 rem
3934 4241 4014 4282 ex
4057 4240 4123 4282 se
4158 4220 4450 4308 gignit?
4540 4221 4641 4284 De

2955 4323 3303 4387 Stoicorum
3370 4320 3597 4408 placito
3653 4320 3837 4407 plura
3892 4320 4145 4385 exhibet
4204 4321 4502 4387 Gataker.
4560 4322 4641 4387 ad

2954 4426 3157 4488 Marc.
3193 4423 3486 4487 Antonin.
3522 4424 3639 4487 IV.
3679 4442 3779 4487 21.

3035 4548 3104 4612 p.
3147 4525 3299 4606 418,
3352 4544 3451 4588 10.
3524 4522 3677 4589 Ἀπὸ
3733 4527 3957 4588 τούτων
4012 4528 4161 4607 γοῦν
4216 4528 4640 4607 μαντευόμενοι

2952 4628 3202 4715 κ.τ.λ.]
3254 4627 3357 4691 Cf.
3404 4649 3593 4713 supra
3640 4626 3720 4691 ad
3770 4627 3872 4691 II.
3905 4647 3965 4712 3.
4005 4647 4101 4708 14.
4151 4651 4217 4715 p.
4254 4647 4393 4709 144.
4441 4650 4636 4693 anno·

2951 4744 3101 4809 tata,
3141 4745 3205 4794 et
3247 4729 3327 4793 ad
3369 4729 3656 4816 proxima
3693 4732 4355 4812 ζῶα-φυτᾶ-τόπους
4399 4758 4454 4794 κ.
4488 4757 4544 4796 τ.
4574 4739 4638 4796 λ.

2948 4834 3162 4898 confer
3192 4832 3534 4911 Hermetis‚
3564 4831 3672 4919 qui
3723 4832 3923 4896 fertur
3952 4831 4225 4897 libellum
4272 4836 4408 4916 περὶ
4449 4841 4634 4915 βοτα-

2947 4943 3066 5001 νῶν
3104 4937 3440 5020 χυλώσεως,
3488 4958 3675 5020 quem
3722 4957 3924 5021 nuper
3971 4936 4071 4999 Io.
4105 4936 4431 5000 Laurentii
4464 4937 4638 5025 Lydi

2947 5038 3339 5124 Fragmentis
3380 5037 3460 5101 de
3506 5038 3834 5101 Mensibus
3862 5038 4159 5102 Veterum
4203 5040 4635 5105 Romanorum

2946 5140 3047 5205 ed.
3083 5140 3382 5205 Roetheri
3410 5140 3765 5228 adjecimus.
3857 5140 3999 5204 Alia
4032 5141 4355 5227 posuimus
4384 5141 4448 5206 in
4479 5145 4632 5231 My-

2949 5243 3243 5331 thologia,
3274 5244 3542 5308 maxime
3585 5244 3646 5308 in
3692 5243 3827 5307 loco
3870 5243 3950 5307 de
3989 5244 4440 5330 AEgyptiorum
4473 5262 4639 5311 vete-

2944 5369 3084 5410 rum
3114 5346 3531 5434 religionibus.
3600 5346 3793 5411 Adde
3824 5346 4254 5433 Olympiodor.
4286 5347 4350 5411 in
4381 5347 4632 5414 Platon.

2943 5449 3142 5514 Alcib.
3176 5472 3269 5537 pr.
3304 5451 3445 5515 111.
3492 5473 3555 5537 p.
3584 5452 3682 5515 18.
3715 5453 3773 5514 ol
3799 5451 3864 5513 δὲ
3893 5449 4037 5531 πρὸς
4064 5449 4172 5528 τὴν
4196 5455 4314 5514 τῶν
4342 5451 4634 5533 οὐρανίων

1164 5553 1427 5640 tragicas
1454 5567 1517 5618 et
1545 5550 1807 5617 comicas
1834 5550 2062 5615 aliasve
2085 5550 2499 5617 connexiones
2531 5574 2730 5616 unum
2759 5575 2854 5617 re·
2939 5555 3168 5636 ἄλογον
3217 5553 3392 5635 (fort.
3450 5552 3679 5617 excidit
3742 5555 3958 5636 φύσιν)
4011 5551 4412 5621 συνάπτοντες
4457 5556 4630 5636 ἡμᾶς,
